4052 6214
594 361 697 416 199

1899 364 1956 419 S.
1997 363 2243 420 BASILII
2281 364 2496 420 MAGNI

3750 380 3852 436 200

592 483 938 553 gniﬁcantem
961 484 1341 555 apprehendit,
1374 450 1626 541 sermone
1646 485 1791 541 velut
1812 488 2005 558 cymba
2028 502 2157 556 qua-

2266 487 2623 558 ἐποχουμένη,
2682 488 2996 558 διαπερῶσα
3045 491 3136 543 τὸν
3171 491 3334 562 ἀέρα,
3380 494 3445 546 ἐκ
3482 496 3577 550 τοῦ
3614 497 3850 569 φθεγγο-

589 574 718 629 dam
765 575 1004 641 vehitur,
1059 583 1112 631 et
1154 591 1335 631 aerem
1391 577 1771 641 transvolans,
1826 593 1858 631 a
1907 578 2163 648 loquente

591 668 791 722 transit
859 668 928 723 ad
979 669 1309 723 audientem.
1350 668 1557 734 Quodsi
1601 676 1758 723 nacta
1796 669 1958 724 fuerit
1999 670 2163 723 altam

593 759 1045 828 tranquillitatem
1071 773 1135 812 ac
1163 759 1423 828 quietem,
1456 765 1572 812 tum
1611 774 1792 814 sermo
1829 760 1993 813 veluti
2034 774 2163 829 por-

593 860 706 905 tum
742 850 1028 920 quemdam
1062 850 1334 920 placidum
1359 851 1829 921 tie-tranquillum,
1861 850 2163 920 discipulo-

590 956 713 994 rum
741 956 901 995 aures
932 940 1115 1006 subit;
1144 940 1229 994 sin
1262 946 1443 994 autem
1482 941 1751 994 excitatus
1784 939 1853 992 ab
1883 940 2165 994 auditori-

590 1033 693 1087 bus
720 1033 1004 1097 tumultus,
1038 1031 1198 1101 quasi
1229 1028 1423 1101 a'spera
1447 1031 1691 1101 quaedam
1710 1038 2008 1100 tempestas
2031 1045 2165 1085 con-

589 1132 673 1177 tra
705 1123 980 1193 aspirarit,
1013 1122 1193 1177 medio
1225 1122 1282 1176 in
1310 1138 1436 1178 aere
1469 1123 1776 1178 dissolutus
1812 1123 2161 1192 naufragium

591 1215 738 1268 facit.
770 1215 902 1269 Date
946 1216 1114 1285 igitur
1158 1217 1399 1287 quietem
1436 1214 1675 1270 sermoni
1720 1229 1815 1283 per
1860 1213 2159 1268 silentium.

590 1308 647 1361 ln
679 1323 745 1363 eo
767 1310 910 1362 enim
943 1309 1175 1364 fortasse
1203 1309 1476 1363 videbitur
1518 1307 1725 1377 aliquid
1756 1307 1911 1371 utile,
1948 1321 2048 1360 nec
2074 1307 2163 1360 in-

588 1396 813 1465 dignum
863 1398 1006 1465 quod
1058 1397 1187 1451 hinc
1229 1397 1511 1453 vobiscum
1554 1397 1874 1466 exportetis.
1919 1395 2161 1451 Diﬂicilis

589 1493 751 1555 captu
779 1493 861 1540 est
902 1488 1152 1543 veritatis
1183 1503 1385 1554 sermo,
1427 1503 1491 1541 ac
1527 1486 1685 1541 facile
1709 1495 1888 1557 potest
1926 1487 2163 1557 effugere

592 1593 702 1632 non
734 1586 993 1633 attentos.
1031 1581 1112 1633 Ita
1141 1580 1286 1635 enim
1314 1580 1488 1634 voluit
1515 1579 1753 1650 Spiritus
1785 1588 2012 1635 sanctus
2042 1595 2160 1635 ser-

590 1662 806 1723 monem
841 1686 1000 1724 suum
1030 1679 1375 1726 contractum
1406 1686 1530 1725 esse
1559 1686 1623 1725 ac
1657 1671 1900 1733 brevem,
1944 1679 2003 1724 ut
2028 1686 2161 1739 pau-

588 1759 670 1813 cis
697 1761 866 1813 multa
893 1760 1182 1829 significet,
1208 1760 1468 1830 nulloque
1502 1760 1720 1831 negotio
1745 1760 1815 1815 ob
1839 1759 2160 1815 brevitatem

588 1850 763 1904 valeat
809 1850 967 1904 facile
1019 1851 1280 1906 memoria
1339 1850 1584 1905 retineri.
1631 1848 1769 1903 Nam
1812 1857 1869 1904 et
1912 1852 2160 1905 naturale

588 1940 858 1995 sermonis
883 1956 1083 1996 munus
1111 1951 1215 2003 est,
1240 1957 1417 2011 neque
1444 1942 1779 1996 obscuritate
1812 1942 1912 2012 17
1946 1957 2010 1997 ea
2040 1958 2161 2012 qua:

589 2033 970 2103 signiﬁcantur
997 2032 1296 2099 occultare,
1326 2019 1504 2102 neque
1543 2047 2008 2102 supervacaneum
2037 2049 2160 2088 esse

587 2128 643 2175 et
695 2137 917 2186 vanum,
968 2136 1032 2175 ac
1079 2132 1283 2177 temere
1331 2114 1498 2178 rebus
1544 2121 1950 2177 circumﬂuum.
2000 2122 2161 2177 Certe

587 2208 859 2277 ejusmodi
881 2216 1010 2263 sunt
1037 2224 1101 2264 ea
1122 2210 1310 2275 verba,
1331 2224 1453 2280 qua:
1484 2209 1647 2265 modo
1674 2211 1835 2265 nobis
1860 2226 1926 2265 ex
1960 2209 2160 2281 Moysis

591 2299 745 2354 libris
785 2300 1014 2354 recitata
1047 2307 1196 2365 sunt,
1227 2315 1463 2371 quorum
1505 2302 1730 2356 omnino
1770 2301 2156 2367 recordamini,

587 2406 685 2446 vos
714 2390 805 2460 qui
836 2391 1068 2447 studiosi
1117 2393 1271 2456 estis,
1307 2393 1411 2447 nisi
1440 2391 1579 2448 forte
1623 2393 1693 2448 ob
1734 2408 1888 2448 suam
1922 2393 2159 2448 brevita-

587 2491 697 2538 tem
722 2492 937 2539 vestras
958 2484 1414 2554 praeterﬂuxerint
1443 2501 1624 2541 aures.
1659 2484 1738 2539 lta
1763 2493 1944 2542 autem
1973 2502 2033 2541 se
2059 2488 2158 2540 lia-

591 2574 678 2628 bet
706 2576 977 2628 sententia
1004 2594 1018 2631 :
1042 2576 1264 2629 Attende
1300 2578 1395 2630 tibi
1440 2578 1562 2646 ipsi,
1589 2594 1651 2631 ne
1674 2577 1882 2647 quando
1911 2579 2007 2646 ﬁat
2047 2596 2159 2633 ver-

588 2663 712 2717 bum
733 2666 996 2720 occultum
1028 2668 1084 2720 in
1103 2667 1260 2721 corde
1286 2677 1374 2721 tuo
1399 2668 1674 2738 iniquitas.
1706 2667 1908 2725 Sumus
1930 2686 2031 2726 nos
2061 2672 2159 2726 bo-

589 2755 764 2810 mines
793 2756 861 2811 ad
896 2764 1119 2827 peccata
1148 2758 1541 2828 cogitationum
1580 2760 1870 2828 proclives.
1905 2759 2158 2831 Quapro-

588 2850 709 2913 pter
751 2848 846 2915 qui
903 2848 1068 2901 corda
1125 2857 1313 2902 nostra
1340 2848 1653 2919 singillatim
1701 2849 1855 2905 finxit
1890 2851 1956 2916 ⁷⁸,
2012 2853 2157 2907 haud

588 2936 807 2990 nescius
857 2936 911 2990 in
951 2938 1249 2993 voluntatis
1294 2924 1626 3010 appetitione
1675 2944 1936 3013 compleri
1984 2944 2159 2999 maxi-

587 3038 729 3078 mam
764 3034 1112 3095 peccatorum
1159 3037 1392 3098 partem,
1443 3032 1737 3100 puritatem
1767 3033 1822 3087 in
1865 3034 2158 3105 principali

2268 577 2427 642 μένου
2458 579 2769 648 μεταδαίνει
2812 581 2948 653 πρὸς
2977 584 3071 637 τὸν
3104 585 3401 639 ἀκούοντα⁸
3439 586 3542 640 κᾶν
3573 588 3682 658 μὲν
3718 591 3848 666 εὕρῃ

2264 668 2502 739 γαλήνην
2533 669 2750 739 βαθεῖαν
2779 673 2873 725 καὶ
2912 675 3161 745 ἡσυχίαν,
3192 677 3379 749 ὥσπερ
3411 678 3630 749 λιμέσιν
3660 683 3851 749 εὐδίοις

2265 760 2358 811 καὶ
2388 762 2738 831 ἀχειμάστοις
2757 767 2876 827 ταῖς
2894 765 3081 829 ἀκοαῖς
3107 768 3214 820 τῶν
3240 768 3625 839 μανθανόντων
3649 774 3678 824 6
3700 773 3852 843 λόγος

2264 850 2721 923 ἐγκαθορμίζεται
2740 873 2753 884 ·
2782 855 2877 908 ἐὰν
2902 856 2956 910 δὲ
2980 853 3092 911 οἷον
3125 858 3257 931 ζάλη
3291 878 3375 924 τις
3401 866 3633 933 τραχεῖα
3654 868 3684 919 6
3706 868 3850 938 παρά

2264 942 2371 994 τῶν
2391 943 2694 997 ἀκουόντων
2715 944 2942 1017 θόρυϐος
2973 948 3328 1021 ἀντιπνεύσῃ,
3356 954 3414 1004 ἐν
3436 954 3587 1025 μέσῳ
3624 956 3706 1026 τῷ
3732 957 3848 1028 ἀέρι

2263 1032 2530 1097 διαλυθεὶς
2565 1035 2892 1106 ἐναυάγησε.
2939 1038 3206 1109 Ποιήσατε
3260 1041 3440 1095 τοίνυν
3478 1044 3728 1116 γαλήνην
3774 1047 3847 1118 τῷ

2264 1121 2405 1192 λόγῳ
2433 1123 2519 1175 διὰ
2560 1125 2659 1194 τῆς
2707 1126 2935 1196 σιωπῆς.
2976 1129 3133 1191 Ἴσως
3165 1128 3271 1202 γὰρ
3309 1132 3374 1186 ἄν
3403 1150 3455 1186 τι
3494 1135 3693 1207 φανείη
3715 1139 3846 1209 χρή-

2267 1230 2422 1282 σιμον
2453 1213 2588 1282 ἔχων
2617 1213 2726 1268 τῶν
2769 1217 3088 1288 ἀγωγίμων.
3125 1221 3470 1293 Δυσθήρατός
3507 1227 3659 1279 ἐστιν
3693 1229 3723 1279 6
3754 1229 3846 1299 τῆς

2264 1305 2519 1375 ἀληθείας
2544 1307 2722 1375 λόγος,
2752 1308 2948 1379 ῥαδίως
2972 1310 3267 1380 δυνάμενος
3297 1314 3586 1383 ἐκφεύγειν
3617 1317 3694 1389 (8)
3726 1320 3847 1383 τοὺς

2267 1396 2341 1468 μὴ
2373 1399 2753 1470 προσέχοντας,
2790 1399 2932 1454 οὕτω
2968 1401 3062 1455 τοῦ
3094 1405 3407 1474 Πνεύματος
3453 1409 3844 1482 οἰκονομήσαν-

2262 1507 2352 1554 τος
2376 1492 2974 1563 συνεσταλμένονσαύτὸν
3001 1491 3246 1549 εἶναικαὶ
3265 1497 3488 1569 βραχὺν,
3509 1499 3653 1554 ὥστε
3683 1503 3845 1559 πολλὰ

2262 1580 2320 1631 ἐν
2347 1580 2548 1649 ὀλίγοις
2597 1580 2811 1651 δηλοῦν,
2860 1583 2956 1635 καὶ
3010 1583 3100 1636 διὰ
3131 1587 3423 1656 συντομίαν
3450 1587 3675 1643 εὔκολον
3712 1589 3843 1647 εἶναι

2260 1675 2325 1743 τῇ
2345 1674 2532 1744 μνήμῃ
2562 1675 3081 1746 παρακατασχέσθαι
3109 1679 3204 1749 (9).
3224 1681 3333 1733 Καὶ
3353 1681 3460 1753 γὰρ
3487 1683 3652 1752 φύσει
3680 1686 3841 1758 ἀρετὴ

2262 1764 2421 1833 λόγου
2453 1769 2587 1847 μήτε
2613 1769 2853 1840 ἀσαφείᾳ
2880 1770 3144 1841 κρύπτειν
3178 1773 3244 1826 τὰ
3286 1777 3687 1848 σημαινόμενα,
3714 1782 3843 1851 μήτε

2262 1858 2514 1927 περιττὸν
2530 1854 2668 1912 εἶναι
2694 1860 2786 1912 καὶ
2802 1861 3026 1929 μάταιον
3046 1864 3169 1933 εἰκῆ
3198 1868 3309 1928 τοῖς
3332 1866 3621 1938 πράγμασι
3654 1874 3838 1943 περιρ-

2265 1947 2472 2016 ρέοντα.
2514 1948 2724 2013 Ὀποῖος
2751 1945 2843 2003 οὖν
2863 1950 2924 2020 δή
2954 1951 3071 2004 ἐστι
3094 1954 3187 2005 καὶ
3208 1954 3236 2005 6
3262 1955 3464 2025 ἀρτίως
3487 1959 3619 2027 ἡμῖν
3652 1960 3717 2012 ἐκ
3741 1960 3842 2012 τῶν

2261 2037 2539 2101 Μωῦσέως
2578 2038 2774 2109 βίϐλων
2812 2043 3218 2114 ἀνεγνωσμένος
3260 2046 3436 2115 λόγος,
3471 2043 3530 2102 οὗ
3567 2051 3841 2122 μέμνησθε

2262 2126 2477 2191 πάντως
2508 2129 2565 2181 οἵ
2586 2147 2648 2197 γε
2675 2132 2969 2199 φιλόπονοι,
3020 2134 3157 2205 πλὴν
3197 2140 3245 2189 εί
3279 2139 3352 2209 μή
3388 2156 3489 2192 που
3514 2141 3605 2194 διὰ
3647 2142 3840 2213 βραχύ-

2260 2236 2396 2289 τητα
2438 2221 2788 2293 παρέδραμεν
2823 2225 2975 2295 ὑμῶν
3019 2226 3118 2290 τὰς
3148 2228 3335 2294 ἀκοάς.
3368 2233 3519 2302 Ἔχει
3546 2234 3604 2288 δὲ
3633 2239 3666 2307 ή
3708 2237 3840 2303 λέξις

2260 2310 2461 2376 οὕτως·
2491 2314 2760 2383 Πρόσεχε
2792 2316 3047 2383 σεαυτῷ,
3101 2318 3185 2387 μή
3233 2335 3378 2374 ποτε
3413 2322 3658 2393 γένηται
3685 2326 3842 2398 ῥῆμα

2262 2404 2531 2473 κρυπτὸν
2571 2406 2643 2459 ἐν
2706 2406 2780 2476 τῇ
2826 2410 3043 2478 καρδίᾳ
3108 2427 3223 2466 σου
3275 2413 3567 2485 animum.
3623 2417 3840 2473 Εὒκολοί

2260 2496 2427 2567 ἐσμεν
2455 2497 2590 2568 πρὸς
2614 2496 2713 2561 τὰς
2742 2499 2885 2553 κατά
2910 2501 3148 2555 διάνοιαν
3170 2504 3444 2575 ἁμαρτίας
3465 2509 3513 2560 oi
3545 2508 3835 2581 ἄνθρωποι.

2260 2588 2458 2660 Διόπερ
2507 2592 2535 2642 ὁ
2586 2590 2796 2655 πλάσας
2852 2594 3165 2664 καταμόνας
3233 2590 3333 2661 τάξ
3390 2601 3620 2671 καρδίας
3668 2602 3836 2674 ἡμῶν,

2260 2678 2432 2743 εἰδὼς,
2499 2681 2580 2733 ὅτι
2627 2682 2686 2735 τὸ
2744 2683 2991 2737 πλεῖστον
3038 2686 3137 2756 τῆς
3183 2688 3456 2760 ἁμαρτίας
3495 2695 3552 2744 ἐν
3593 2696 3660 2764 τῇ
3701 2695 3833 2765 ὁρμῇ

2261 2769 2561 2842 πληροῦται
2603 2777 2668 2844 τῇ
2710 2775 2848 2828 κατὰ
2887 2775 3166 2847 πρόθεσιν,
3206 2780 3304 2850 τὴν
3347 2782 3404 2834 ἐν
3430 2781 3507 2851 τῷ
3537 2784 3836 2854 ἡγεμονικῷ

2260 2861 2606 2932 καθαρότητα
2640 2864 2862 2936 πρώτην
2893 2869 3024 2937 ήμῖν
3056 2868 3352 2936 διετάξατο.
3381 2866 3452 2943 τῼ
3472 2874 3580 2945 γὰρ
3612 2874 3835 2946 μάλιστα

2261 2953 2567 3024 προχείρως
2603 2955 3073 3031 ἐξαμαρτάνομεν,
3114 2962 3273 3016 τοῦτο
3320 2963 3567 3029 πλείονος
3597 2966 3835 3036 φυλακῆς

2260 3041 2376 3093 καῖ’
2405 3042 2721 3112 ἐπιμελείας
2759 3044 3009 3115 ἠξίωσεν.
3044 3049 3255 3121 ’Ὠσπερ
3286 3050 3393 3122 γὰρ
3423 3051 3531 3104 τῶν
3577 3053 3833 3124 σωμάτων

586 3119 784 3172 animae
816 3127 970 3188 parte
1021 3120 1205 3186 sitam,
1251 3137 1350 3177 ceu
1398 3123 1700 3193 principem
1733 3138 1798 3179 ac
1838 3126 2154 3196 primariam

2260 3132 2325 3185 τὰ
2358 3134 2722 3205 ἀσθενέστερα
2777 3139 2825 3190 οἱ
2871 3119 3308 3212 προμηθέστεροι
3345 3119 3453 3196 τῶν
3493 3119 3697 3217 ἰατρῶν
3724 3148 3833 3205 ταῖς

588 3208 746 3262 nobis
774 3210 1079 3264 constituit.
1113 3210 1247 3264 Nam
1279 3212 1515 3268 maxime
1544 3228 1649 3284 qua
1675 3222 1829 3284 parte
1857 3215 2014 3273 facile
2041 3233 2157 3287 pro-

2260 3224 2723 3294 προφυλακτικαίς
2757 3208 3061 3301 ὑποθήκαις
3102 3208 3384 3305 πόρρωθεν
3420 3208 3827 3306 ἀσφαλίζονται·

587 3298 823 3352 labimur
863 3300 919 3353 in
944 3309 1188 3369 peccata,
1222 3303 1365 3358 hanc
1406 3306 1657 3359 custodia
1700 3321 1764 3361 ac
1791 3322 1922 3362 cura
1951 3310 2160 3380 majore

585 3386 843 3455 dignatus
877 3397 983 3444 est.
1029 3390 1502 3456 Quemadmodum
1552 3395 1696 3449 enim
1742 3396 1939 3452 medici
1972 3401 2159 3469 provi-

585 3478 864 3535 dentiores
909 3480 1265 3537 imbecilliora
1309 3498 1541 3554 corpora
1580 3487 1803 3542 monitis
1829 3490 2156 3559 quibusdam

587 3569 654 3624 ad
693 3572 1006 3626 cautionem
1051 3573 1310 3629 adhibitis
1354 3576 1527 3630 multo
1572 3585 1699 3632 ante
1737 3583 2155 3639 communiunt:

583 3663 834 3718 eumdem
880 3664 949 3719 ad
994 3667 1216 3721 modum
1261 3669 1567 3725 communis
1598 3682 1842 3740 curator,
1894 3684 1951 3730 et
1995 3692 2159 3732 verus

586 3753 896 3809 animarum
946 3757 1218 3821 medicus,
1264 3774 1429 3830 quam
1485 3770 1698 3832 partem
1757 3764 1824 3819 ad
1875 3774 2158 3835 peccatum

586 3853 813 3905 pronam
856 3841 910 3894 in
956 3843 1113 3898 nobis
1145 3849 1382 3901 maxime
1422 3850 1593 3916 novit,
1636 3866 1754 3905 eam
1804 3854 2159 3912 validioribus

584 3930 856 3997 praesidiis
904 3936 1269 4002 praemunivit.
1329 3936 1539 3993 Etenim
1587 3957 1875 4012 corporea:
1913 3947 2160 4003 actiones

586 4026 832 4086 tempore
872 4019 1138 4092 indigent,
1182 4028 1611 4095 Opportunitate,
1648 4032 1850 4099 labore,
1894 4035 2160 4106 adjutori-

583 4106 710 4172 bus,
745 4110 983 4179 denique
1023 4116 1235 4185 reliquo
1267 4128 1596 4174 commeatu.
1642 4121 1685 4175 Ε
1713 4123 1951 4194 diverso,
1990 4130 2157 4184 animi

585 4208 766 4254 motus
805 4202 940 4255 citra
970 4207 1231 4275 temporis
1266 4224 1472 4264 moram
1506 4211 1662 4280 ﬁunt,
1694 4217 2050 4285 perficiuntur
2080 4222 2158 4276 ci-

586 4297 671 4342 tra
696 4289 1101 4359 lassitudinem,
1138 4295 1274 4351 citra
1310 4301 1590 4370 negotium
1624 4304 1795 4360 ullum
1824 4307 2155 4376 Consistunt,

584 4380 842 4435 idoneum
878 4383 1013 4453 ipsis
1042 4392 1123 4440 cst
1164 4396 1377 4458 tempus
1419 4406 1601 4448 omne.
1636 4394 1705 4449 Et
1739 4411 1869 4452 sane
1903 4414 2158 4455 nonnun-

2257 3313 2430 3378 οὕτως
2480 3319 2508 3369 ό
2552 3319 2728 3382 κοινὸς
2767 3321 3039 3392 κηδεμὼν,
3090 3326 3183 3378 καὶ
3221 3327 3474 3397 ἀληθινὸς
3500 3329 3611 3384 τῶν
3655 3330 3830 3401 ψυχῶν

2262 3407 2462 3478 ἰατρὸς,
2517 3409 2544 3461 ὃ
2597 3411 2830 3481 μάλιστα
2884 3414 3041 3485 ήμῶν
3096 3415 3202 3470 οἶδε
3243 3420 3352 3492 (10)
3389 3422 3524 3492 πρὸς
3566 3421 3830 3493 ἁμαρτίαν

2258 3497 2670 3572 ὀλισθηρότερον
2694 3543 2708 3565 ,
2766 3502 2921 3556 τοῦτο
2985 3507 3360 3581 ἱσχυροτέραις
3402 3511 3829 3582 προκατελῶετο

2259 3588 2544 3656 φυλακαῖς.
2571 3594 2634 3644 Αἱ
2672 3593 2768 3661 μὲν
2797 3593 2905 3665 γὰρ
2942 3594 3029 3649 διὰ
3064 3598 3156 3650 τοῦ
3189 3598 3441 3669 σώματος
3473 3602 3700 3676 πράξεις
3741 3600 3827 3656 καὶ

2258 3680 2448 3751 χρόνου
2498 3680 2728 3744 δέονται,
2783 3684 2876 3735 καὶ
2931 3685 3236 3757 εὐκαιρίας,
3282 3689 3375 3742 καὶ
3414 3691 3699 3760 καμάτων,
3741 3690 3828 3744 καὶ

2261 3769 2556 3840 συνεργῶν,
2593 3772 2686 3823 καὶ
2712 3773 2810 3840 τῆς
2860 3772 3052 3843 λοιπῆς
3084 3774 3343 3846 χορηγίας
3363 3795 3377 3808 ·
3411 3781 3467 3830 αί
3495 3778 3552 3832 δὲ
3580 3781 3680 3851 τῆς
3723 3778 3826 3833 δια-

2258 3861 2404 3925 νοίας
2427 3863 2668 3932 κινήσεις
2696 3862 2937 3933 ἀχρόνως
2981 3866 3327 3936 ἐνεργοῦνται
3351 3909 3367 3931 ,
3410 3870 3631 3936 ἁκόπως
3657 3873 3824 3925 ἐπιτε-

2260 3949 2477 4006 λοῦνται
2496 3992 2512 4016 ,
2544 3954 3020 4025 ἀπραγματεύτως
3049 3957 3413 4023 συνίστανται,
3452 3961 3631 4015 πάντα
3651 3961 3825 4033 καιρὸν

2261 4044 2565 4114 ἐπιτήδειον
2615 4044 2822 4116 ἔχουσι.
2870 4047 2979 4099 Καί
3024 4049 3126 4102 πού
3172 4067 3256 4114 τις
3292 4053 3398 4105 τῶν
3438 4054 3684 4125 σοϐαρῶν
3740 4055 3824 4107 καὶ

2257 4137 2744 4206 κατωφρυωμένων
2767 4137 2857 4189 ἐπὶ
2888 4138 3196 4210 σεμνότητι,
3221 4141 3445 4215 πλάσμα
3486 4146 3822 4218 σωφροσύνης

2258 4224 2454 4289 ἔξωθεν
2482 4229 2877 4299 περικείμενος,
2908 4230 2965 4284 ἐν
2985 4231 3170 4301 μέσοις
3190 4232 3549 4305 καθεζόμενος
3579 4239 3821 4298 πολλάκις

2256 4320 2369 4381 τοῖς
2404 4319 2490 4369 ἐπ’
2535 4319 2701 4390 ἀρετῇ
2748 4321 2909 4374 αὐτὸν
2967 4323 3385 4394 μακαρίζουσιν,
3440 4328 3722 4400 ἀπέδραμε
3762 4330 3819 4396 τῇ

2256 4408 2464 4479 διανοίᾳ
2495 4410 2630 4480 πρὸς
2652 4410 2740 4463 τὸν
2783 4414 2883 4482 τῆς
2939 4413 3211 4485 ἁμαρτίας
3253 4416 3415 4470 τόπον
3448 4419 3507 4470 ἐν
3533 4419 3611 4490 τῷ
3641 4419 3823 4490 ἀφανεῖ

584 4476 747 4541 (luam
785 4474 1060 4531 invenitur
1090 4479 1184 4548 qui
1229 4496 1492 4552 arrogans
1524 4484 1613 4550 sit,
1666 4489 2059 4560 superbiatque
2088 4492 2154 4547 de

2260 4498 2357 4567 τῆς
2388 4474 2612 4569 καρδίας
2641 4474 2919 4571 κινήματι.
2951 4474 3072 4556 έῖδε
3112 4508 3177 4576 τῇ
3193 4474 3475 4579 -φαντασίᾳ
3505 4474 3821 4564 τὰισπόυδα-

584 4565 853 4634 gravitate
893 4574 947 4623 et
989 4573 1262 4638 castitate,
1312 4575 1513 4644 quique
1559 4578 1903 4636 extrinsecus
1943 4598 2055 4650 prae
2096 4599 2155 4638 se

585 4655 766 4713 ferens
796 4663 1170 4729 temperantia:
1198 4664 1424 4730 larvam,
1459 4683 1520 4722 ac
1542 4670 1861 4742 plerumque
1894 4674 2036 4730 inter
2055 4692 2151 4733 eos

582 4749 674 4818 qui
708 4749 883 4819 ipsum
908 4750 976 4805 ob
1010 4753 1264 4808 virtutem
1293 4756 1849 4831 beatumpraedicant,
1893 4765 2149 4823 desidens

582 4840 819 4906 medius,
847 4858 973 4898 mox
1005 4852 1186 4900 tamen
1218 4848 1549 4918 cogitatione
1593 4869 1689 4923 per
1718 4857 1992 4911 occultum
2025 4875 2150 4914 cor-

583 4930 670 4986 dis
701 4943 906 4988 motum
938 4934 1004 4990 ad
1034 4939 1243 5007 peccati
1270 4940 1447 4994 locum
1472 4953 1746 5000 accurrat.
1779 4946 1940 5004 Videt
1971 4952 2152 5007 animo

582 5025 893 5093 concupita,
941 5028 1378 5084 comminiscitur
1420 5048 1778 5103 congressum
1839 5042 2151 5110 quempiam

583 5109 920 5182 indecorum,
960 5131 1025 5171 ac
1073 5117 1310 5190 denique
1352 5121 1408 5175 in
1459 5125 1644 5178 abdita
1680 5128 1864 5184 cordis
1911 5109 2148 5199 ofﬁcina,

581 5201 786 5256 claram
831 5205 888 5258 in
938 5208 1120 5277 seipso
1166 5212 1466 5283 voluptatis
1516 5218 1752 5286 speciem
1810 5220 2146 5293 depingens,

582 5289 748 5346 nullis
781 5293 1012 5349 testibus
1046 5298 1187 5353 intra
1217 5295 1276 5355 se
1316 5310 1599 5370 peccatum
1636 5289 1933 5378 perpetrat,
1968 5289 2150 5367 omni-

655 5446 702 5478 "
738 5446 882 5504 Psal.
918 5466 1102 5521 xxxiv,
1135 5454 1223 5510 11.

762 5600 820 5690 ln
859 5604 1143 5690 aliquibus
1171 5609 1453 5690 codicibus
1486 5611 1904 5690 Combelisianis
1952 5618 2148 5690 legitur

580 5667 873 5757 δυνάμενος
918 5667 1191 5757 ἐκιρυγεῖν.
1219 5678 1331 5738 Nec
1370 5667 1445 5739 ita
1476 5667 2144 5757 multo

582 5737 727 5793 ὥστε
748 5742 970 5799 πλεῖστα
996 5737 1075 5803 ἐνξ

2262 4589 2480 4659 ζόμενα,
2540 4590 2923 4645 ἀνετυπώσατό
2962 4611 3086 4648 τινα
3134 4597 3348 4667 ὁμιλίαν
3403 4600 3504 4654 οὐκ
3561 4601 3818 4675 εὐπρεπῆ,

2260 4680 2352 4733 καὶ
2374 4680 2508 4744 ὅλως
2549 4682 2606 4734 ἐν
2656 4682 2734 4752 τῷ
2774 4684 3023 4755 κρυφαίῳ
3060 4686 3161 4756 τῆς
3200 4689 3425 4760 καρδίας
3464 4693 3817 4766 ἐργαστηρίῳ,

2261 4770 2463 4841 ἐναργῆ
2491 4772 2548 4823 ἐν
2581 4771 2753 4841 ἐαυτῷ
2802 4772 2900 4843 τὴν
2931 4774 3122 4845 ἡδονὴν
3156 4776 3537 4852 ζωγραφήσας,
3590 4787 3821 4855 ἀμάρτυ-

2261 4877 2353 4930 ρον
2381 4860 2489 4915 ἕσω
2531 4862 2627 4935 τὴν
2678 4865 2950 4936 ἁμαρτίαν
3001 4870 3311 4938 εἰργάσατο,
3337 4873 3610 4941 ἄγνωστον
3646 4879 3816 4941 πᾶσιν,

2256 4953 2359 5016 ἕως
2383 4953 2448 5007 ἂν
2469 4954 2594 5026 ἔλθῃ
2631 4957 2659 5008 ό
2687 4957 3084 5013 ἀποκαλύπτων
3110 4960 3180 5013 τὰ
3217 4965 3435 5035 κρυπτά
3464 4967 3557 5020 τοῦ
3586 4972 3815 5033 σκότους,

2256 5044 2349 5096 καὶ
2367 5045 2614 5117 φανερῶν
2641 5047 2740 5110 τὰς
2773 5047 2967 5118 βουλὰς
2990 5050 3098 5103 τῶν
3127 5055 3381 5124 καρδιῶν;
3416 5059 3815 5124 Φύλαξαιοῦν,

2247 5135 2332 5203 μή
2366 5152 2508 5190 ποτε
2539 5139 2775 5208 γένηται
2793 5139 2960 5208 ῥῆμα
2992 5145 3260 5210 κρυπτὸν
3283 5148 3353 5201 ἐν
3375 5148 3451 5218 τῇ
3479 5151 3689 5219 καρδίᾳ
3712 5168 3815 5205 σου

2257 5227 2551 5297 ἀνόμημα.
2601 5231 2662 5282 '0
2697 5232 2806 5299 γὰρ
2834 5233 3139 5302 ἐμϐλέψας
3167 5240 3403 5306 γυναικὶ
3435 5242 3585 5310 πρὸς
3613 5244 3681 5297 τὸ
3711 5243 3817 5296 ἐπι-

2255 5318 2537 5388 θυμῆσαι,
2581 5320 2697 5390 ἤδη
2737 5322 3092 5393 ἐμοίχευσεν
3136 5329 3206 5381 ἐν
3245 5331 3320 5399 τῇ
3358 5334 3572 5402 καρδίᾳ
3618 5332 3811 5390 αὐτοῦ.

2330 5623 2667 5717 ιθὶ.(ἱειίὲἓςεε
2714 5630 3099 5717 σοπιορηειειιιι
3137 5644 3672 5717 παρακατασχέσθαι.
3711 5642 3813 5704 Νο-

2257 5696 2437 5781 ειιλςξ
2459 5696 2591 5781 edi
2624 5705 3113 5781 προσκατέχεσθαι.

2329 5763 2438 5835 (ιο)
2464 5763 2683 5841 Antiqui
2707 5770 2814 5828 duo
2843 5763 2965 5831 libri
2986 5779 3140 5848 ήμῶν
3166 5776 3292 5836 εἶδε.
