4052 6214
278 289 362 343 2M
1102 284 1388 340 HOMILIA
1429 285 1495 336 IN
1537 279 1767 347 ILLUD,
1806 280 2165 336 ATTENDE
2201 282 2362 336 TIBI
2405 282 2581 337 [PS].

3445 289 3552 343 202

272 408 405 460 Λυότι
428 406 492 458 αι
510 405 624 475 μὲν
660 403 758 456 τοῦ
813 403 1065 474 σώματος
1112 404 1342 476 πράξεις
1369 403 1472 456 ὑπὸ
1511 400 1722 455 πολλῶν
1752 401 1856 453 δια-

1969 399 2072 453 bus
2094 398 2360 470 ignotum,
2391 399 2567 464 donec
2600 401 2782 454 veniat
2813 402 2906 471 qui
2941 402 3206 456 revelabit
3227 403 3445 459 occulta
3470 416 3554 460 te-

273 498 578 561 κόπτονται,
614 497 646 547 ὁ
677 495 736 547 δὲ
765 495 909 547 κατὰ
956 494 1216 566 πρόθεσιν
1235 493 1588 566 ἁμαρτάνων,
1606 491 1684 562 τῷ
1706 492 1862 562 τάχει

272 590 374 642 τῶν
397 587 690 657 νοημάτων
720 587 1271 659 συναπαρτιζομένην
1295 585 1408 657 ἔχει
1428 586 1529 656 τὴν
1561 585 1858 656 ἁμαρτίαν.

279 679 442 730 Ὅπου
496 671 590 731 οὖν
629 674 727 740 ὀξὺ
765 676 829 729 τὸ
873 678 1256 748 παράπτωμα,
1283 677 1475 747 ταχεῖα
1499 674 1707 728 δέδοται
1733 675 1864 744 ἡμῖν

275 772 307 839 ἡ
359 770 588 840 φυλακή.
648 771 1104 841 Διαμαρτύρεται
1149 768 1281 839 γάρ,
1335 766 1584 834 Μήποτε
1621 763 1865 834 γένηται

272 862 426 931 ῥῆμα
447 863 722 931 κρυπτὸν
751 864 821 916 ἐν
843 861 922 931 τῇ
945 863 1160 931 καρδίᾳ
1187 877 1303 914 σου
1332 860 1630 927 ἁνόμημα.
1650 857 1866 910 Μᾶλλον

274 947 326 1000 δὲ
357 952 442 1002 ἐπ’
473 951 650 1021 αὐτὴν
679 949 776 1003 τοῦ
797 951 955 1019 λόγου
981 949 1080 1022 τὴν
1110 950 1284 1020 ἀρχὴν
1310 947 1733 1018 ἀναδράμωμεν.

1967 492 2303 557 nebrarum,
2366 501 2420 547 et
2473 493 2850 548 manifestabit
2915 494 3146 548 consilia
3206 497 3458 551 cordium
3480 496 3552 551 ".

1968 579 2106 634 Cave
2128 582 2294 650 igitur
2317 599 2381 636 ne
2404 583 2616 652 quando
2650 583 2860 636 verbum
2898 586 3161 638 occultum
3194 587 3248 638 in
3277 587 3434 641 corde
3465 598 3552 641 tuo

1968 671 2065 739 ﬁat
2088 671 2364 725 delictum.
2421 673 2675 744 Quisquis
2729 675 2866 727 enim
2905 677 3111 744 aspexit
3156 675 3433 729 mulierem
3485 677 3554 730 ad

1968 763 2440 830 concupiscendum
2481 779 2619 826 eam,
2659 763 2778 832 jam
2823 764 3146 818 adulterium
3194 767 3458 819 commisit
3499 768 3555 818 in

1967 855 2124 907 corde
2144 872 2238 909 suo
2261 856 2328 908 ’⁷.
2354 854 2489 909 Nam
2525 856 2774 926 corporis
2807 858 3054 913 actiones
3086 873 3116 912 a
3155 860 3342 913 multis
3383 859 3554 914 inter-

1967 946 2253 1016 cipiuntur
2279 967 2290 1000 :
2316 949 2411 1018 qui
2443 965 2574 1004 vero
2608 957 2800 1018 peccat
2837 950 3137 1015 voluntate,
3172 953 3355 1006 statim
3385 951 3553 1007 celeri

277 1043 664 1110 cogitationum
716 1052 869 1098 motu
913 1050 1203 1113 peccatum
1260 1041 1517 1110 explevit.
1553 1038 1660 1094 Ubi
1698 1038 1868 1108 igitur
1904 1039 2094 1108 lapsus
2155 1049 2239 1095 est
2279 1043 2622 1108 repentinus,
2672 1043 2743 1096 ibi
2776 1044 3061 1111 repentina
3102 1045 3327 1098 cavendi
3379 1043 3552 1097 facul-

275 1147 351 1192 tas
381 1138 480 1191 fuit
513 1139 682 1192 nobis
709 1138 931 1192 tradita.
971 1136 1290 1193 Obtestatur
1323 1138 1493 1198 enim,
1529 1134 1611 1190 Ne
1640 1133 1852 1204 quando
1895 1134 2103 1188 verbum
2138 1135 2400 1189 occultum
2424 1139 2477 1190 in
2508 1139 2663 1192 corde
2687 1147 2775 1192 tuo
2806 1139 2900 1207 ﬁat
2929 1139 3201 1193 delictum.
3270 1138 3390 1193 Jam
3457 1155 3553 1208 po-

278 1234 377 1285 tius
411 1229 477 1284 ad
512 1230 698 1298 ipsum
732 1231 1010 1285 sermonis
1050 1244 1402 1285 recurremus
1440 1228 1752 1282 exordium.

340 1321 392 1374 2.
411 1323 708 1390 Πρόσεχε,
728 1323 881 1390 φησὶ,
900 1320 1284 1386 σεαυτῷ.Τῶν
1300 1319 1452 1384 ζώων
1466 1320 1694 1372 ἕκαστον
1709 1317 1862 1389 παρὰ

278 1411 362 1464 τοῦ
393 1412 460 1464 τά
507 1413 691 1465 πάντα
737 1413 1151 1484 συστησαμένου
1192 1411 1323 1465 Θεοῦ
1369 1411 1580 1464 οἴκοθεν
1615 1411 1725 1480 ἔχει
1761 1411 1861 1473 τὰς

279 1505 528 1574 ἀφορμάς
561 1506 704 1575 πρὸς
730 1506 830 1574 τὴν
870 1504 1118 1575 φυλακὴν
1166 1505 1263 1574 τῆς
1290 1504 1496 1566 οἰκείας
1523 1502 1856 1566 συστάσεως.

279 1595 380 1646 Καὶ
409 1593 594 1663 εὕροις
625 1595 714 1654 ἂν.
743 1597 792 1648 εί
821 1595 1161 1664 καταμάθοις
1187 1593 1481 1665 ἐπιμελῶς,
1506 1593 1614 1646 τῶν
1647 1593 1860 1661 ἀλόγων

277 1687 340 1738 τὰ
380 1687 610 1740 πλεῖστα
671 1681 956 1741 ἀδίδακτον
990 1687 1181 1758 ἔχοντα
1223 1687 1320 1757 τὴν
1351 1686 1486 1758 πρὸς
1528 1686 1588 1738 τὸ
1622 1685 1858 1754 βλάπτον

278 1779 518 1850 διαεολήν
538 1797 552 1809 ·
589 1781 686 1832 καὶ
719 1784 918 1851 φυσικῇ
960 1798 1066 1833 τινι
1102 1781 1259 1834 πάλιν
1285 1779 1416 1850 ὁλκῇ
1459 1779 1593 1851 πρὸς
1621 1779 1720 1851 τὴν
1749 1777 1857 1833 τῶν

269 1870 623 1938 ὠφελούντων
666 1873 967 1926 ἀπόλαυσιν
1014 1873 1361 1943 ἐπειγόμενα.
1409 1872 1500 1924 Διὸ
1547 1870 1640 1924 καὶ
1669 1873 1798 1940 ἡμῖν
1833 1871 1860 1922 ὁ

278 1963 539 2017 παιδεύων
567 1965 721 2034 ἡμᾶς
752 1964 883 2027 Θεὸς
910 1965 972 2017 τὸ
1010 1965 1153 2034 μέγα
1191 1963 1348 2016 τοῦτο
1375 1961 1742 2032 παράγγελμα
1776 1960 1859 2012 δέ·

271 2056 457 2116 δωκεν,
485 2058 596 2118 ἵνα,
636 2057 777 2126 ὅπερ
832 2057 1063 2117 ἐκείνοις
1101 2059 1165 2108 ἐκ
1194 2055 1427 2123 φύσεως,
1453 2053 1611 2106 τοῦτο
1637 2054 1768 2122 ἡμῖν
1795 2054 1858 2104 ἐκ

274 2147 372 2214 τῆς
411 2146 504 2199 τοῦ
557 2147 722 2215 λόγου
783 2146 1034 2216 βοηθείας
1104 2146 1508 2217 προσγένηται·
1567 2144 1659 2197 καὶ
1722 2143 1858 2212 ὅπερ

275 2235 630 2307 κατορθοῦται
673 2239 789 2299 τοῖς
846 2236 1062 2304 ἀλόγοις
1111 2235 1504 2297 ἀνεπιστάτως,
1536 2232 1693 2285 τοῦτο
1728 2232 1856 2302 παρ’

277 2325 424 2395 ἡμῶν
443 2325 770 2395 ἐπιτελῆται
801 2325 891 2379 διὰ
916 2326 1014 2395 τῆς
1045 2325 1316 2396 προσοχῆς
1349 2323 1440 2377 καὶ
1472 2325 1573 2394 τῆς
1604 2320 1858 2391 συνεχοῦς

277 2415 379 2469 τῶν
427 2417 706 2489 λογισμῶν
742 2417 854 2489 (Η)
893 2418 1259 2482 ἐπιστάσεως·
1298 2418 1393 2472 καὶ
1417 2417 1659 2485 φύλακες
1709 2410 1858 2484 ὦμεν

278 2507 516 2576 ἀκριϐεῖς
547 2509 659 2562 τῶν
693 2508 845 2580 παρὰ
887 2507 1023 2561 Θεοῦ
1063 2507 1356 2578 δεδομένων
1396 2509 1528 2579 ἡμῖν
1562 2506 1820 2578 ἀφορμῶν
1840 2523 1852 2535 ·

279 2599 564 2667 φεύγοντες
603 2601 704 2670 μὲν
718 2601 818 2671 τὴν
833 2602 1130 2672 ἁμαρτίαν,
1163 2601 1346 2672 ὥσπερ
1373 2600 1445 2653 τὰ
1465 2601 1636 2669 ἄλογα
1666 2581 1858 2668 φεῦγει

278 2689 379 2740 τῶν
410 2689 721 2760 βρωμάτων
755 2691 822 2744 τὰ
867 2691 1167 2763 δηλητήρια
1189 2710 1202 2721 ·
1248 2691 1534 2754 διώκοντες
1576 2691 1632 2744 δὲ
1660 2690 1757 2761 τὴν
1786 2689 1858 2742 δι-

275 2781 582 2852 καιοσύνην,
613 2781 807 2854 ὥσπερ
841 2784 1066 2837 κάκεῖνα
1103 2784 1418 2855 μεταδιώκει
1449 2783 1560 2853 (1‘2)
1592 2784 1688 2855 τῆς
1719 2784 1857 2848 πόας

276 2874 336 2924 τὸ
384 2874 669 2944 τρόφιμον.
706 2878 978 2943 Πρόσεχε
1015 2871 1107 2928 οῦν
1149 2874 1399 2939 σεαυτῷ,
1431 2875 1520 2927 ἵνα
1540 2874 1761 2937 δυνατὸς
1790 2870 1856 2947 ᾗς

271 2964 557 3036 διακρίνειν
583 2966 648 3020 τὸ
675 2966 912 3036 βλάπτον
940 2967 1047 3019 ἀπὸ
1095 2967 1188 3019 τοῦ
1231 2966 1510 3030 σώζοντος.
1557 2966 1774 3035 Ἐπειδὴ
1799 2966 1856 3018 δὲ

2037 1314 2092 1367 2.
2135 1314 2383 1377 Attende,
2421 1314 2620 1385 inquit,
2669 1315 2765 1368 tibi
2797 1316 2919 1382 ipsi.
2955 1316 3173 1370 Animal
3201 1318 3437 1387 quodvis
3481 1323 3550 1376 ad

1965 1421 2022 1460 se
2048 1406 2313 1460 tuendum
2351 1407 2416 1460 ab
2452 1408 2697 1460 omnium
2744 1407 3027 1462 conditore
3063 1407 3173 1462 Deo
3210 1409 3373 1465 habet
3402 1412 3550 1469 intus

1968 1499 2228 1566 impetum
2266 1498 2578 1567 quemdam.
2614 1497 2867 1554 Invenias
2898 1500 3109 1563 itidem,
3156 1502 3202 1556 si
3234 1483 3396 1556 modo
3430 1507 3550 1559 ani-

1962 1603 2110 1640 mum
2135 1587 2428 1658 diligenter
2452 1589 2775 1650 attenderis,
2806 1589 3100 1642 maximam
3127 1589 3416 1646 brutorum
3440 1596 3551 1648 ani-

1961 1681 2186 1733 malium
2211 1690 2444 1750 partem,
2479 1681 2631 1735 nullo
2659 1682 2943 1751 magistro,
2979 1683 3144 1736 noxia
3173 1686 3348 1738 vitare
3389 1701 3546 1741 aver-

1962 1772 2182 1840 sarique
2209 1791 2222 1824 :
2248 1784 2440 1827 contra
2471 1789 2622 1838 vero,
2647 1773 2888 1826 naturali
2909 1774 3144 1842 quadam
3174 1778 3547 1846 propensione

1962 1862 2029 1914 ad
2067 1877 2164 1916 sua
2199 1864 2484 1918 commoda
2517 1865 2784 1934 capienda
2824 1865 3067 1918 incitari.
3107 1867 3454 1939 Quapropter
3491 1879 3546 1924 et

1960 1954 2054 2022 qui
2094 1969 2197 2036 nos
2233 1957 2415 2010 erudit
2464 1955 2644 2020 Deus,
2689 1971 2944 2026 [uagitum
2990 1957 3093 2011 hoc
3136 1961 3296 2015 nobis
3343 1977 3545 2030 praece-

1960 2054 2109 2115 ptum
2134 2045 2300 2111 dedit,
2330 2055 2388 2102 ut
2419 2049 2562 2116 quod
2586 2049 2677 2101 illa
2711 2063 2746 2106 ιι,
2769 2056 2964 2101 natura
2996 2064 3276 2120 accepere,
3303 2054 3543 2122 idipsum

1962 2137 2183 2192 accedat
2215 2139 2373 2195 nobis
2395 2139 2626 2194 rationis
2665 2155 2800 2209 ope;
2833 2147 2888 2193 et
2917 2140 3064 2210 quod
3101 2140 3159 2196 iit
3185 2158 3215 2196 a
3247 2142 3427 2198 brutis
3458 2144 3544 2199 in-

1960 2230 2324 2294 considerate,
2369 2231 2472 2286 boc
2504 2245 2534 2284 a
2584 2231 2742 2286 nobis
2781 2232 3098 2302 perﬁciatur
3136 2249 3201 2288 ex
3249 2236 3417 2290 animi
3459 2247 3546 2290 at~

1961 2327 2203 2381 tentione
2251 2334 2306 2380 ct
2361 2325 2585 2381 assidua
2629 2326 2828 2381 mentis
2869 2328 3316 2383 consideratione
3344 2349 3358 2382 :
3386 2332 3538 2394 item,

1963 2426 2021 2472 ut
2047 2419 2206 2473 datos
2241 2418 2401 2472 nobis
2451 2433 2480 2470 a
2511 2416 2620 2471 Deo
2657 2419 2894 2487 impetus
2923 2419 3220 2489 diligenter
3263 2422 3543 2475 custodia-

1959 2525 2104 2572 mus,
2138 2509 2404 2580 fugientes
2447 2515 2732 2579 peccatqu
2775 2509 3002 2578 perinde
3045 2519 3208 2579 atque
3239 2511 3394 2564 bruta
3429 2513 3543 2565 ani-

1960 2602 2121 2656 malia
2149 2611 2477 2656 venenatum
2511 2599 2770 2669 pabulum
2806 2600 3056 2670 fugiunt;
3096 2610 3368 2657 sectantes
3409 2619 3540 2658 vero

1956 2693 2246 2762 justitiam,
2302 2693 2448 2750 velut
2499 2693 2589 2746 illa
2631 2691 2830 2747 herbas
2884 2692 3074 2747 edulcs
3123 2701 3539 2752 consectantur.

1962 2785 2182 2840 Attende
2222 2785 2386 2856 igitur
2417 2785 2511 2838 tibi
2534 2785 2659 2853 ipsi,
2696 2793 2754 2837 ut
2790 2786 2970 2854 possis
3002 2785 3107 2854 ιε
3135 2786 3358 2840 noxium
3391 2801 3420 2840 a
3450 2803 3540 2842 sa-

1960 2877 2102 2931 lubri
2127 2876 2460 2932 discernere.
2483 2875 2750 2941 Quoniam
2795 2883 2975 2930 autem
3011 2876 3210 2946 duplex
3252 2886 3337 2932 est
3368 2885 3541 2933 atten-

1961 2970 2038 3024 tio
2076 2987 2091 3025 :
2127 2970 2324 3032 altera,
2375 2983 2502 3022 cum
2550 2968 2979 3022 considerantur
3027 2969 3205 3050 oculis
3257 2971 3540 3040 corporeis

271 3055 484 3110 διπλοῦν
503 3060 567 3111 τὸ
593 3057 887 3129 προσέχειν
911 3075 926 3090 ·
949 3059 1008 3110 τὸ
1051 3059 1170 3127 μὲν,
1208 3060 1538 3128 σωματικοῖς
1556 3057 1854 3128 ὀφθαλμοῖς

1961 3061 2232 3126 visibilia;
2263 3061 2456 3121 altera,
2484 3074 2608 3112 cum
2638 3059 2992 3129 speculamur
3030 3060 3353 3129 incorporea
3375 3062 3542 3120 intel-

271 3151 593 3214 ἐνατενίζειν
627 3154 743 3214 τοῖς
777 3153 1012 3222 ὁρατοῖς·
1046 3151 1106 3203 τὸ
1137 3150 1213 3213 δὲ,
1256 3153 1320 3220 τῇ
1358 3151 1521 3220 νοερᾷ
1549 3149 1650 3219 τῆς
1680 3149 1857 3221 ψυχῆς

269 3244 489 3312 δυνάμει
532 3241 851 3297 ἐπιϐάλλειν
889 3245 954 3314 τῇ
989 3243 1191 3314 θεωρία
1227 3242 1334 3294 τῶν
1374 3242 1712 3312 ἀσωμάτων·
1761 3241 1857 3294 ἐὰν

276 3336 370 3403 μὲν
397 3337 486 3388 ἐπὶ
511 3336 617 3406 τῆς
641 3335 753 3388 τῶν
797 3334 1089 3405 ὀφθαλμῶν
1134 3333 1410 3405 ἐνεργείας
1448 3334 1661 3388 κεῖσθαι
1693 3333 1859 3388 εἴπω-

276 3443 370 3493 μεν
399 3426 459 3478 τὸ
487 3425 885 3497 παράγγελμα,
924 3425 1086 3486 εὐθὺς
1132 3424 1295 3478 αὐτοῦ
1354 3425 1416 3477 τὸ
1445 3423 1704 3477 ἀδύνατον
1746 3425 1856 3475 ἀπ·

272 3518 577 3588 ελέγξομεν.
601 3519 730 3582 Πῶς
768 3519 878 3590 γάρ
904 3517 969 3570 ἄν
1007 3535 1090 3580 τις
1115 3517 1234 3570 ὅλον
1267 3517 1456 3572 ἐαυτὸν
1490 3515 1568 3586 τῷ
1595 3516 1857 3586 ὀφθαλμῷ

271 3612 598 3675 καταλάϐοι;
653 3610 791 3664 Οὐδὲ
850 3611 959 3680 γὰρ
991 3609 1152 3672 αὐτὸς
1198 3610 1282 3677 ἐφ’
1312 3607 1503 3662 ἑαυτὸν
1523 3609 1551 3662 ὁ
1578 3607 1856 3677 ὀφθαλμὸς

271 3705 529 3776 κέχρηται
581 3703 663 3774 τῷ
699 3705 833 3775 ὀρᾷν
876 3704 1020 3772 (13)·
1063 3702 1124 3754 οὐ
1165 3702 1408 3772 κορυφῆς
1439 3703 1760 3770 ἐφικνεῖται,
1793 3701 1854 3752 οὐ

269 3797 334 3849 τὰ
349 3798 488 3851 νῶτα
511 3792 679 3861 οἶδεν,
709 3798 772 3849 οὐ
814 3796 1103 3867 πρόσωπα,
1147 3795 1208 3848 οὐ
1239 3794 1337 3865 τὴν
1368 3795 1426 3846 ἐν
1458 3794 1536 3863 τῷ
1567 3793 1719 3863 βάθει
1749 3792 1855 3845 τῶν

271 3890 592 3960 σπλάγχνων
636 3889 898 3942 διάθεσιν.
935 3882 1160 3949 ’Ἃσεδὲς
1188 3882 1278 3939 οὖν
1307 3886 1368 3938 τὸ
1400 3885 1577 3954 λέγειν
1618 3883 1856 3938 ἀδύνατα

269 3976 399 4034 εἶναι
432 3983 499 4035 τά
521 3982 618 4034 τοῦ
640 3981 784 4034 Ducti
794 3997 962 4050 ματος
991 3979 1428 4051 παραγγέλματα
1449 3977 1854 4049 (Μ).Λείπεται

267 4075 436 4126 τοίνυν
470 4076 566 4126 ἐπὶ
591 4075 694 4142 τῆς
726 4071 868 4125 κατὰ
913 4071 1036 4124 νοῦν
1066 4071 1343 4142 ἐνεργείας
1373 4068 1466 4123 τοῦ
1499 4069 1853 4140 προστάγμα“

267 4183 350 4230 10;
371 4166 676 4233 ἐξακούειν.
717 4167 987 4233 Πρόσεχε
1017 4159 1108 4216 οῦν
1131 4161 1363 4227 σεαυτῷ
1389 4179 1402 4192 ·
1422 4162 1689 4226 τουτέστι,
1720 4162 1856 4213 Παν-

265 4261 484 4330 ταχόθεν
531 4257 763 4312 σεαυτὸν
814 4257 1160 4328 περισκόπει.
1209 4254 1530 4325 ’Δκοίμητον
1581 4254 1671 4324 ἔχε
1716 4252 1852 4322 πρὸς

265 4353 354 4422 τὴν
380 4351 614 4405 σεαυτοῦ
655 4350 905 4418 φυλακὴν
939 4348 998 4400 τὸ
1021 4348 1117 4418 τῆς
1148 4349 1327 4418 ψυχῆς
1349 4348 1523 4416 ὄμμα.
1563 4347 1664 4399 Ἐν
1681 4346 1851 4414 μέσῳ

1961 3153 2163 3223 ligente
2201 3152 2367 3206 animi
2405 3151 2705 3217 facultate;
2741 3153 2786 3206 si
2817 3149 3124 3206 dixerimus
3166 3151 3374 3221 quidem
3436 3153 3542 3208 hoc

1960 3251 2286 3311 prmeeptum
2324 3244 2376 3296 in
2407 3242 2692 3295 oculorum
2731 3241 2946 3296 actione
2975 3257 3098 3296 esse
3133 3242 3322 3304 situm,
3349 3245 3540 3297 Statim

1960 3331 2013 3386 id
2044 3332 2157 3386 ﬁeri
2191 3347 2298 3386 non
2342 3346 2503 3401 posse
2548 3316 3046 3401 deprehendemus.
3095 3330 3199 3397 Qui
3245 3333 3390 3387 enim
3423 3333 3540 3388 ﬁeri

1958 3432 2157 3494 potest,
2190 3431 2247 3478 ut
2274 3425 2398 3494 quis
2429 3425 2672 3494 seipsum
2707 3432 2882 3478 totum
2906 3424 3072 3478 oculo
3097 3424 3542 3494 complectatur?

1957 3517 2144 3586 Neque
2201 3517 2347 3571 enim
2403 3517 2598 3571 oculus
2652 3515 2768 3586 ipse
2811 3515 2880 3569 ad
2940 3517 3185 3586 seipsum
3239 3515 3540 3570 videndum

1959 3609 2179 3663 adhibet
2213 3623 2344 3663 suos
2396 3607 2654 3674 obtutus;
2683 3622 2793 3662 non
2837 3609 3102 3677 pertingit
3145 3606 3212 3661 ad
3253 3608 3536 3669 verticem,

1957 3710 2111 3773 terga
2144 3719 2253 3756 non
2293 3703 2464 3766 novit,
2507 3719 2616 3756 non
2652 3704 2861 3768 vultus,
2901 3719 3012 3757 non
3059 3703 3330 3757 internam
3366 3703 3539 3758 visce~

1957 3811 2080 3849 rum
2121 3795 2562 3864 dispositionem.
2593 3794 2841 3864 Denique
2893 3795 3120 3865 impium
3157 3795 3326 3849 fuerit
3355 3795 3539 3849 dicere

1956 3895 2226 3955 prmcepta
2256 3884 2498 3954 Spiritus
2548 3887 2725 3941 sancti
2753 3886 2940 3956 perﬁci
2979 3901 3086 3938 non
3119 3900 3298 3956 posse.
3335 3884 3539 3956 Super-

1957 3985 2040 4031 est
2067 3977 2236 4046 igitur
2260 3985 2317 4030 ut
2351 3977 2482 4031 illud
2510 3983 2845 4047 praeceptum
2877 3981 2946 4031 de
2973 3977 3173 4033 ruentis
3203 3977 3421 4031 actione
3453 3992 3540 4031 ac-

1959 4072 2255 4141 cipiamus.
2280 4070 2502 4124 Attende
2527 4071 2690 4141 igitur
2715 4069 2810 4124 tibi
2845 4073 2982 4140 ipsi:
3005 4072 3109 4126 hoc
3146 4079 3252 4135 est,
3278 4069 3537 4142 Teipsum

1955 4162 2103 4216 omni
2145 4177 2211 4215 ex
2253 4171 2408 4230 parte
2437 4162 2716 4232 conspice.
2749 4160 2960 4216 Habeto
2983 4162 3202 4216 oculum
3231 4161 3426 4216 anima:
3455 4164 3539 4218 in-

1956 4271 2202 4312 somnem
2233 4255 2299 4309 ad
2331 4256 2410 4309 tui
2437 4255 2612 4326 ipsius
2641 4255 2975 4311 custodiam.
3015 4253 3079 4308 In
3120 4255 3291 4309 medio
3325 4255 3537 4325 laqueo-

1955 4363 2070 4399 rum
2096 4348 2293 4400 transis
2315 4347 2381 4400 ⁷⁸.
2405 4344 2600 4400 Latent
2623 4345 2800 4416 laquei
2834 4345 3021 4399 multis
3053 4346 3106 4398 in
3131 4347 3268 4400 locis
3290 4346 3358 4400 ab
3380 4346 3537 4401 hoste

264 4449 523 4518 παῖείδων
549 4445 904 4510 ﬁatﬁat-recc.
937 4441 1322 4514 Κεκρυμμὲνοι
1349 4439 1533 4510 βρόχοι
1564 4439 1716 4510 παρὰ
1757 4437 1850 4490 τοῦ

1959 4439 2140 4493 deﬁxi.
2168 4437 2548 4506 Circumspice
2575 4436 2742 4507 igitur
2770 4443 2825 4490 et
2869 4436 3045 4490 lustra
3080 4437 3285 4500 omnia,
3316 4435 3382 4490 Ut
3420 4454 3531 4490 ser-

262 4542 451 4613 ἐχθροῦ
484 4539 824 4610 πολλαχόθεν
852 4538 1295 4606 καταπεπήγασι.
1317 4535 1503 4586 Πάντα
1536 4527 1627 4585 οῦν
1687 4548 1847 4600 περι-

262 4636 468 4698 σκόπει,
496 4635 626 4688 Ἵνα
653 4631 814 4698 σώζῃ
859 4630 1061 4696 ὥσπερ
1097 4627 1312 4696 δορκὰς
1352 4629 1422 4679 ἐκ
1459 4626 1721 4691 βρόχων,
1749 4621 1845 4674 καὶ

260 4727 452 4797 ὥσπερ
484 4723 792 4795 ὅρνεσνὲκ
817 4721 1088 4790 παγίδος.
1126 4720 1188 4772 Ἡ
1223 4719 1322 4789 μὲν
1366 4718 1474 4787 γὰρ
1511 4715 1709 4786 δορκὰς
1753 4715 1846 4766 άν-

261 4822 456 4883 άλωτός
505 4821 627 4872 ἐστι
680 4818 792 4878 τοῖς
833 4814 1043 4885 βρόχοις
1070 4813 1138 4864 δι’
1163 4811 1398 4881 ὀξύτητα
1426 4810 1526 4879 τῆς
1569 4809 1843 4880 ὁράσεως·

262 4913 488 4966 δθενκαὶ
519 4908 816 4979 ἐπώνυμός
860 4909 975 4960 ἐστι
1010 4905 1110 4974 τῆς
1158 4904 1362 4965 οἰκείας
1396 4901 1742 4969 ὀξυδορκίας·
1783 4898 1846 4949 τὸ

264 5004 313 5057 δὲ
334 5006 514 5076 ξρνεον
542 5000 737 5068 κούφῳ
759 4997 838 5066 τῷ
855 4995 1044 5066 πτερῷ
1068 4993 1394 5065 ὑψηλότερον
1427 4991 1528 5061 τῆς
1556 4988 1847 5058 ἐπιϐουλῆς

328 5161 369 5190 τε
408 5158 427 5211 ι
459 5159 588 5213 ρον,
623 5173 701 5218 ιν,
741 5154 795 5209 5,
868 5152 916 5182 ⁷⁷
956 5149 1145 5203 Matth.
1183 5165 1238 5213 ν,
1272 5148 1362 5203 ἓ8.
1437 5147 1482 5176 ⁷⁸
1520 5143 1692 5199 Eccli.
1730 5159 1783 5196 Ix
1807 5186 1819 5208 ,
1857 5142 1947 5196 ιο.

333 5319 436 5391 (υ)
475 5315 629 5391 ﬁdit:
659 5311 892 5391 ειηιξίτε·
934 5309 1130 5391 tertius
1303 5300 1839 5391 Mter-Abimus:

271 5369 375 5441 τῶὶί
391 5369 693 5469 λογισμῶν.
719 5369 927 5438 Ιὶιίόὲιη
949 5382 1007 5433 in
1024 5377 1156 5446 Reg.
1177 5376 1354 5446 primo
1378 5369 1477 5446 pro
1503 5369 1842 5432 ἐπιστάσεως

275 5459 451 5530 legitur
477 5459 807 5516 ἐπιτάσεως.
1304 5516 1314 5527 ι

281 5599 290 5600 ί
334 5529 440 5600 (l2)
479 5528 622 5583 Editi
657 5524 868 5578 διώκει.
908 5520 980 5574 At
1018 5531 1153 5574 mss.
1182 5515 1428 5586 plerique
1457 5527 1646 5568 omnes
1677 5526 1841 5581 μετα-

481 5670 638 5725 C—nus
680 5681 854 5740 codex
891 5663 1030 5740 μεθ.
1059 5665 1114 5712 et
1151 5656 1298 5740 editi.
1318 5655 1380 5708 τδ
1408 5654 1564 5740 (ξρᾷνἒ
1594 5651 1699 5740 A'lii
1731 5664 1840 5740 non

281 5721 719 5812 τᾷδρᾷκᾰ.
769 5721 1150 5790 Statim'unus
1199 5727 1372 5781 codex
1413 5721 1661 5783 (ἰότητι)οῇ
1698 5721 1842 5776 νῶτα

576 5833 850 5892 Pyrum"
899 5825 1024 5886 Gn.
1074 5817 1302 5880 XXXI.

1956 4533 2088 4585 reris
2124 4540 2376 4598 tanquam
2417 4529 2688 4582 damulae
2721 4529 2944 4599 laqueis,
2986 4537 3035 4581 et
3066 4539 3317 4599 tanquam
3359 4531 3470 4583 avis
3511 4548 3538 4584 e

1955 4622 2054 4675 reti
2075 4621 2140 4672 ’⁸.
2188 4621 2397 4690 Caprea
2443 4619 2587 4675 enim
2636 4635 2748 4689 pra
2791 4620 2945 4675 visus
3000 4620 3249 4673 claritate
3295 4605 3416 4688 capi
3463 4621 3538 4672 la-

1955 4712 2111 4781 queis
2141 4725 2250 4764 non
2286 4718 2502 4779 potest;
2551 4709 2678 4763 inde
2724 4715 2810 4764 est
2838 4708 3003 4764 etiam
3036 4707 3183 4776 quod
3219 4705 3273 4760 id
3297 4705 3536 4760 nominis

1954 4803 2225 4872 acceperit
2273 4817 2302 4854 a
2341 4800 2564 4870 proprio
2610 4799 2764 4854 visus
2808 4797 3096 4862 acumine;
3146 4796 3262 4850 avis
3296 4810 3444 4861 vero,
3487 4797 3533 4850 si

1954 4894 2116 4948 modo
2140 4893 2242 4948 sibi
2269 4893 2534 4952 attendat,
2571 4890 2674 4944 levi
2709 4905 2888 4960 penna
2919 4903 3140 4944 sursum
3175 4895 3378 4950 erecta,
3411 4888 3535 4941 red-

1952 4987 2100 5040 ditur
2142 4985 2305 5038 altior
2333 4999 2497 5054 quam
2532 4991 2592 5035 ut
2628 4980 2832 5036 incidat
2876 4982 2928 5034 in
2979 4993 3248 5047 aucupum
3282 4977 3529 5032 insidias.

2024 5141 2066 5171 ⁷³
2107 5139 2265 5194 Prov.
2302 5155 2388 5203 vr,
2427 5138 2476 5192 5.

1952 5290 2060 5348 εἶδε
2091 5316 2102 5350 :
2138 5308 2260 5362 qua:
2293 5291 2571 5363 scriptura
2611 5292 2727 5363 viro
2759 5289 3091 5346 doctissimo
3115 5289 3290 5363 magis
3321 5291 3527 5359 placet;

1952 5381 2055 5420 nec
2110 5361 2380 5418 diﬂitebor
2412 5361 2548 5416 eam
2606 5361 2743 5415 mihi
2793 5375 3012 5431 quoque
3057 5362 3231 5430 magis
3287 5363 3526 5430 placere.

1952 5434 2222 5500 Quoniam
2259 5442 2441 5487 tamen
2473 5432 2562 5484 alii
2597 5446 2731 5487 mss.
2762 5432 3037 5501 vulgatam
3065 5431 3358 5487 lectionem
3387 5445 3532 5501 prae-

1952 5506 2158 5567 ferunt,
2190 5504 2328 5558 nihil
2363 5501 2687 5556 mutandum
2716 5502 3060 5556 censuimus.

2025 5574 2137 5642 (14)
2177 5575 2308 5640 Reg.
2326 5574 2546 5644 primus
2571 5572 2652 5644 τά
2668 5571 2762 5644 τοῦ
2789 5570 3046 5644 Σωτῆρος
3069 5571 3526 5644 παραγγέλματα,

1947 5639 2205 5714 prtecepta
2236 5639 2556 5714 Saluatoris.
2583 5641 2783 5714 Ibidem
2811 5639 3210 5698 εάίιίλείπεται
3239 5639 3528 5699 ὦνίλίυΙιὶ

1946 5713 2074 5773 libri
2104 5724 2315 5777 veteres
2347 5713 2590 5767 λείπεται
2626 5713 2828 5767 τοίνυν.

3259 5808 3295 5868 7
