4052 6214
526 270 644 329 ’9.υῦ

1809 261 1883 317 ‘S.
1924 260 2170 316 BASlLIl
2210 254 2419 317 MAGNI

3683 254 3778 311 201

536 388 681 444 Cave
714 386 898 455 igitur,
923 400 991 437 ne
1017 383 1194 438 brutis
1221 379 1596 435 animantibus
1630 378 1872 434 deterior
1891 378 2111 434 videare

2225 377 2321 430 τῶν
2349 376 2710 446 ἀγρευόντων,
2771 372 2897 454 ὅταν
2953 369 3214 443 προσέχῃ,
3250 370 3473 438 γίνεται.
3530 370 3667 442 Ὅρα
3695 366 3782 431 οὖν

538 481 606 537 ad
635 480 869 550 teipsum
900 473 1344 537 custodiendum,
1390 469 1686 541 nequando
1719 470 1935 540 laqueis
1972 469 2114 525 irre-

535 575 693 638 titus,
723 571 903 642 praeda
948 567 1201 624 el'liciaris
1234 562 1461 630 diaboli,
1490 562 1561 617 ab
1599 576 1666 619 eo
1699 572 1896 633 captus
1946 568 2002 616 et
2044 561 2113 617 ad

534 666 685 722 illius
721 664 1054 719 voluntatem
1079 658 1350 713 adductus
1370 657 1433 712 ⁸ο.

607 845 661 898 5.
702 839 925 896 Attende
968 838 1151 906 itaque
1186 834 1281 888 tibi
1311 834 1458 902 ipsi:
1506 833 1612 888 hoc
1660 837 1767 894 est,
1801 828 1924 884 Non
1975 844 2110 891 suis,

534 950 716 1004 neque
757 933 844 986 his
876 944 996 999 quae
1025 928 1234 982 circum
1277 936 1329 979 te
1378 932 1528 989 sunt,
1569 921 1666 978 sed
1693 920 1795 977 tibi
1846 918 1954 992 ipsi
2009 918 2112 976 soli

536 1025 779 1082 attende.
810 1022 974 1078 Aliud
1003 1023 1151 1078 enim
1183 1033 1374 1077 sumus
1412 1033 1515 1073 nos
1543 1016 1671 1089 ipsi,
1718 1014 1865 1070 aliud
1898 1024 2109 1080 nostra,

538 1120 686 1175 aliud
716 1134 836 1191 quae
868 1118 1077 1173 circum
1100 1131 1202 1170 nos
1233 1121 1380 1171 sunt.
1418 1111 1529 1167 Nos
1558 1110 1779 1182 quidem
1808 1109 1992 1163 anima
2021 1123 2115 1164 su-

537 1230 662 1269 mus
689 1221 743 1268 et
765 1227 942 1273 mens,
973 1217 1243 1280 quatenus
1266 1206 1332 1261 ad
1356 1204 1651 1275 imaginem
1674 1200 1989 1257 Conditoris
2018 1215 2115 1256 su-

540 1321 666 1361 mus
709 1304 875 1369 facti;
911 1309 1163 1357 nostrum
1194 1313 1324 1353 vero
1380 1311 1582 1366 corpus
1622 1301 1727 1361 est,
1772 1301 1825 1349 et
1876 1291 1972 1363 qui
2017 1306 2115 1362 per

541 1398 722 1467 ipsum
766 1402 896 1450 sunt
926 1408 1156 1456 sensus;
1215 1391 1426 1445 circum
1476 1403 1578 1443 nos
1612 1395 1792 1441 autem
1844 1385 2111 1455 pecunias,

536 1497 689 1543 artes
742 1495 797 1541 et
847 1484 1058 1555 reliqua
1091 1483 1217 1537 vitae
1263 1479 1565 1551 suppellex.
1626 1476 1769 1544 Quid
1818 1476 1988 1547 igitur
2037 1475 2115 1528 ait

536 1574 867 1647 Scriptura?
894 1574 974 1631 Ne
1015 1574 1169 1629 carni
1201 1572 1447 1637 attende,
1474 1585 1576 1625 nec
1596 1569 1711 1623 ullo
1739 1568 1899 1622 modo
1925 1580 2115 1637 prose-

541 1687 715 1744 quare
745 1669 894 1724 illius
939 1666 1106 1731 bona,
1135 1664 1446 1728 sanitatem,
1482 1660 1968 1732 pulchritudinem,
2017 1672 2115 1713 vo-

2220 468 2293 540 μὴ
2327 467 2524 540 χείρων
2550 468 2726 537 φανῇς
2756 451 3103 532 τῶνάλόγων
3146 462 3283 533 πρὸς
3306 465 3406 532 τὴν
3431 462 3653 515 σεαυτοῦ
3687 481 3779 533 φυ-

2215 559 2386 630 λακήν
2408 577 2422 590 ·
2463 560 2693 630 μήποτε,
2745 559 2868 620 ταῖς
2913 554 3139 624 παγίσιν
3192 553 3374 616 ἁλοὺς,
3412 553 3637 624 θήραμα
3660 556 3781 628 γένῃ

2214 651 2308 705 τοῦ
2335 650 2603 715 διαὸόλου,
2638 645 3022 719 ὲζωγρημένος
3061 646 3153 700 ὑπ’
3193 643 3357 698 αὐτοῦ
3398 647 3478 708 είς
3501 645 3564 699 τὸ
3586 646 3778 701 ἐκείνου

2217 743 2445 814 θέλημα.

2281 839 2335 893 '5.
2367 838 2639 907 Πρόσεχε
2670 832 2765 890 οὖν
2790 831 3053 897 σεαυτῷο
3085 831 3515 902 τουτέστι,Μήτε
3545 833 3653 894 τοῖς
3680 834 3779 895 σοῖς

2218 933 2356 1003 μήτε
2380 934 2492 995 τοῖς
2518 930 2646 1001 περὶ
2677 928 2759 993 σὲ,
2795 925 2932 982 ἀλλά
2961 923 3172 995 σεαυτῷ
3190 924 3337 996 μόνῳ
3357 925 3611 996 πρόσεχε.
3634 924 3780 978 Ἀλλο

2215 1023 2324 1094 γάρ
2366 1024 2532 1093 ὲσμεν
2564 1023 2726 1092 ἡμεῖς
2776 1019 2949 1083 αὐτοὶ,
2990 1018 3085 1071 καὶ
3120 1015 3246 1071 ἄλλο
3287 1015 3357 1068 τά
3400 1016 3665 1086 ἡμέτερα,
3696 1017 3781 1069 καὶ

2215 1114 2341 1171 ἄλλο
2371 1113 2441 1168 τὰ
2466 1113 2593 1186 περὶ
2622 1113 2791 1183 ἡμᾶς.
2828 1111 3020 1180 Ἡμεῖς
3047 1107 3145 1179 μὲν
3168 1103 3261 1162 οὖν
3287 1109 3453 1178 ὲσμεν
3478 1110 3512 1177 ἡ
3541 1106 3682 1176 ψυχὴ
3696 1109 3780 1159 καὶ

2214 1210 2244 1261 ό
2273 1208 2415 1272 νοῦς,
2446 1206 2582 1261 καθὸ
2614 1206 2732 1260 κατ’
2757 1203 2938 1257 εἰκόνα
2964 1200 3056 1254 τοῦ
3094 1201 3376 1262 κτίσαντος
3417 1196 3747 1268 γεγενήμεθα
3765 1214 3777 1227 ο

2214 1301 2481 1373 ἡμέτερον
2514 1300 2571 1353 δὲ
2602 1298 2662 1351 τὸ
2692 1295 2851 1367 σῶμα
2873 1295 2966 1347 καὶ
2989 1295 3044 1346 αἱ
3072 1293 3136 1346 δι’
3169 1290 3333 1346 αὐτοῦ
3364 1290 3477 1361 (15)
3496 1289 3776 1358 αἰσθήσεις

2217 1392 2344 1465 περὶ
2381 1392 2527 1462 ἡμᾶς
2579 1390 2656 1453 δὲ,
2712 1388 2992 1458 χρήματα,
3054 1383 3238 1454 τέχναι
3293 1382 3386 1435 καὶ
3424 1383 3457 1451 ή
3503 1378 3664 1450 λοιπὴ
3691 1381 3776 1433 τοῦ

2219 1482 2334 1554 βίου
2380 1480 2709 1549 κατασκευὴ.
2747 1478 2811 1529 Τί
2836 1471 2928 1529 οὖν
2961 1490 3123 1545 φησιν
3155 1475 3183 1526 ό
3204 1472 3394 1541 λόγος;
3430 1471 3523 1542 Μὴ
3545 1474 3610 1542 τῇ
3635 1473 3781 1542 σαρκὶ

2216 1575 2471 1646 πρόσεχε,
2513 1571 2647 1641 μηδὲ
2686 1570 2746 1622 τὸ
2778 1567 2980 1637 ταύτης
3018 1563 3219 1634 ἀγαθὸν
3262 1567 3326 1618 ἐκ
3371 1564 3573 1627 παντὸς
3598 1564 3781 1633 τρόπον

2217 1666 2376 1719 δίωκε
2397 1682 2410 1694 ·
2447 1663 2633 1733 ὑγείαν
2687 1661 2780 1715 καὶ
2819 1659 3014 1721 κάλλος
3051 1658 3145 1711 καὶ
3186 1655 3386 1726 ἡδονῶν
3416 1653 3529 1724 (16)
3561 1653 3781 1707 dissolui—

545 1767 815 1835 luptatum
858 1773 1041 1823 usum,
1087 1757 1305 1827 longam
1347 1754 1553 1819 vitam;
1598 1766 1701 1806 nec
1727 1748 1990 1821 pecunias
2023 1754 2119 1802 aut

2225 1775 2356 1825 σεις,
2390 1730 2885 1826 καὶνμακροὸίωσιν
2904 1768 2917 1781 ’
2942 1750 3075 1821 μηδὲ
3096 1749 3200 1820 χρή
3210 1764 3357 1817 ματα
3383 1747 3480 1800 καὶ
3504 1745 3677 1811 δόξαν,
3700 1747 3783 1798 καὶ

538 1854 799 1926 gloriam,
827 1858 921 1905 aut
952 1847 1250 1919 potentiam
1282 1844 1577 1909 admirare;
1604 1857 1707 1898 nec
1723 1842 1831 1896 alia
1854 1854 2116 1912 quaecun-

546 1962 649 2017 que
679 1941 994 2013 temporalis
1024 1947 1130 1993 tua:
1148 1939 1273 1993 vitae
1302 1949 1530 1992 munera
1551 1933 1791 2004 explent,
1813 1944 2006 2004 magna
2025 1937 2118 2009 aut

546 2035 746 2092 eximia
773 2034 912 2088 tanti
935 2030 1180 2094 duxeris,
1213 2039 1273 2084 ut
1322 2029 1519 2083 horum
1570 2024 1752 2081 studio
1799 2004 2117 2095 primariam

510 2152 517 2155 η·
543 2140 692 2184 tuam
706 2126 873 2181 vitam
891 2124 1154 2195 negligas,
1168 2122 1260 2178 sed
1272 2118 1481 2174 attende
1497 2116 1590 2171 tibi
1608 2116 1738 2187 ipsi;
1755 2116 1860 2170 hoc
1876 2121 1980 2179 est,
1997 2115 2110 2168 ani-

546 2236 647 2276 mae
676 2228 802 2274 tuas.
835 2216 1053 2272 Exorna
1087 2217 1258 2280 illam,
1285 2221 1340 2270 et
1367 2213 1488 2283 ejus
1510 2224 1698 2265 curam
1730 2223 1875 2280 gere,
1905 2214 1966 2263 ut
1996 2222 2116 2263 sor-

545 2314 643 2368 des
672 2325 864 2367 omnes
890 2325 957 2377 ex
991 2306 1233 2377 nequitia
1256 2304 1359 2375 ipsi
1382 2302 1726 2368 accedentes,
1757 2298 2121 2356 submovean-

545 2415 637 2462 tur
691 2419 790 2475 per
844 2400 1013 2456 animi
1066 2396 1445 2459 attentionem,
1509 2394 1797 2462 omnisque
1858 2390 2118 2444 vitiorum

514 2497 828 2570 turpitudo
869 2500 1219 2564 expurgetur,
1261 2504 1325 2544 ac
1377 2497 1571 2544 contra
1618 2486 2009 2543 condecoretur
2057 2484 2122 2537 il-

545 2591 920 2656 lustreturque
965 2582 1115 2637 omni
1154 2579 1378 2635 virtutis
1425 2584 1646 2633 ornatu.
1693 2575 2044 2631 Perscrutare
2071 2581 2123 2628 te

544 2682 687 2751 ipse,
735 2675 863 2747 quis
905 2674 1019 2740 sis;
1056 2671 1144 2726 fac
1191 2683 1388 2725 noscas
1433 2676 1584 2723 tuam
1618 2667 1794 2737 ipsius
1843 2674 2117 2729 naturam,

545 2769 809 2824 nimirum
867 2779 1069 2834 corpus
1120 2760 1339 2832 quidem
1404 2756 1636 2813 mortale
1684 2770 1828 2818 esse,
1880 2756 2121 2808 animam

544 2876 679 2919 vero
709 2855 1072 2913 immortalem
1101 2872 1115 2907 :
1149 2852 1300 2917 item,
1331 2848 1605 2919 duplicem
1651 2860 1775 2902 esse
1807 2846 1975 2900 vitam
2022 2859 2122 2896 no-

548 2964 743 3019 stram,
771 2950 996 3006 alteram
1019 2944 1203 3001 carnis
1235 2943 1538 3013 propriam,
1569 2940 1680 2994 cito
1701 2942 2081 2992 transeuntem
2105 2951 2120 3001 ;

549 3018 778 3104 alteram
800 3045 996 3098 animae
1020 3044 1331 3109 cognatam,
1375 3034 1579 3089 limites
1604 3031 1785 3087 nullos
1830 3018 2123 3084 admitten-
2151 3067 2196 3129 ο

551 3148 681 3192 tem.
715 3130 938 3188 Attende
964 3143 1096 3199 ergo
1127 3127 1220 3179 tibi
1247 3125 1371 3194 ipsi,
1402 3137 1583 3193 neque
1624 3120 1692 3177 iis
1731 3134 1853 3190 quae
1876 3119 2122 3189 peritura

544 3234 702 3293 sunt,
735 3239 798 3278 ac
824 3224 870 3279 si
893 3232 1098 3277 aeterna
1124 3224 1333 3279 essent,
1368 3213 1686 3276 adhaeseris,
1715 3225 1893 3282 neque
1919 3217 2124 3264 "eterna

532 3317 711 3389 quasi
740 3313 886 3368 ﬂuxa
923 3309 1257 3381 asperneris.
1299 3304 1536 3361 Carnem
1582 3302 1872 3373 despicito,
1924 3301 2125 3370 quippe

546 3426 674 3482 qua:
705 3412 984 3471 transeat;
1018 3414 1206 3457 curam
1231 3398 1434 3453 habeas
1456 3395 1651 3450 animae
1675 3394 1751 3449 rei
1778 3391 1884 3463 19
1909 3391 2127 3444 immor-

550 3480 697 3559 talis.
756 3498 917 3555 Omni
966 3495 1244 3564 diligentia
1296 3490 1396 3545 tibi
1460 3489 1566 3559 ipsi
1612 3485 1853 3551 intende,
1894 3480 2125 3552 utquod

553 3586 1163 3664 utrique'profuturum
1214 3585 1305 3651 sit,
1350 3581 1571 3637 noveris
1625 3576 1924 3649 dispertiri,
1973 3574 2127 3629 carni

551 3686 775 3758 quidem
848 3679 1163 3736 alimoniam
1220 3682 1300 3747 et.
1328 3679 1681 3743 tegumenta:
1745 3668 1943 3723 anima:
1995 3680 2128 3720 vero

547 3777 773 3850 pietatis
825 3772 1102 3843 dogmata,
1141 3764 1544 3822 institutionem
1575 3762 1862 3825 urbanam,
1911 3758 2127 3813 virtutis

553 3866 1025 3937 exercitationem,
1097 3860 1365 3917 vitiorum,
1413 3853 1872 3911 emendationem.
1944 3850 2129 3921 Neque

552 3977 685 4016 vero
744 3959 868 4029 plus
911 3970 1067 4025 aequo
1108 3950 1485 4025 pinguel'acias
1538 3961 1759 4016 corpus,
1808 3958 1989 4014 neque
2052 3944 2129 4000 sis

556 4052 829 4109 sollicitus
863 4050 930 4104 de
965 4046 1125 4116 copia
1177 4042 1446 4099 carnium.
1483 4038 1754 4104 Quoniam
1809 4035 1955 4092 enim
1985 4033 2128 4090 Caro

552 4144 877 4213 concupiscit
916 4141 1165 4196 adversus
1215 4137 1480 4204 spiritum,
1527 4132 1745 4202 spiritus
1801 4138 1975 4183 autem
2018 4128 2131 4181 ad-

554 4253 733 4293 versus
759 4250 1008 4295 carnem,
1057 4240 1107 4285 et
1139 4230 1249 4283 quc
1288 4226 1389 4282 sibi
1418 4226 1636 4280 invicem
1671 4221 2021 4276 adversantur
2054 4221 2125 4287 ει,

554 4345 688 4387 cave
732 4326 1023 4397 nequando
1067 4323 1319 4378 addictus
1371 4317 1547 4380 carni,
1584 4315 1786 4369 multas
1834 4313 1977 4369 vires
2027 4311 2128 4366 tri-

2218 1845 2533 1901 δυναστείαν
2578 1842 2822 1914 θαύμαζε
2845 1859 2860 1872 θ
2919 1840 3054 1912 μηδὲ
3083 1841 3183 1892 ὅσα
3213 1855 3295 1892 σοι
3342 1837 3455 1908 (17)
3485 1838 3585 1906 τῆς
3626 1852 3782 1908 προσ-

2220 1938 2411 2009 καίρου
2465 1935 2608 2007 ζωῆς
2652 1935 2750 2005 τὴν
2801 1932 3103 2004 ὑπηρεσίαν
3128 1929 3345 2001 πληροῖ,
3385 1927 3562 1982 ταῦτα
3593 1927 3785 1998 μεγάλα

2221 2028 2465 2100 νομίσας,
2498 2028 2563 2098 τῇ
2611 2026 2740 2097 περὶ
2786 2024 2958 2077 ταῦτα
3005 2021 3209 2092 σπουδῇ
3252 2020 3355 2090 τῆς
3388 2018 3785 2090 προηγουμένης

2223 2119 2446 2174 σεαυτοῦ
2502 2119 2647 2188 ζωῆς
2691 2113 3023 2186 καταμέλεν
3051 2111 3188 2166 ἀλλά
3229 2111 3493 2179 πρόσεχε
3533 2106 3783 2172 σεαυτῷ.

2220 2212 2483 2277 τουτέστι,
2512 2213 2578 2282 τῇ
2604 2210 2750 2280 ψυχῇ
2780 2224 2893 2261 σου.
2927 2204 3143 2276 Ταύτην
3170 2203 3529 2272 κατακόσμει,
3559 2199 3649 2254 καὶ
3669 2197 3787 2252 ταύ-

2221 2324 2320 2378 της
2360 2304 2641 2377 ἐπιμελοῦ,
2677 2302 2818 2356 ῶστε
2859 2299 3039 2354 πάντα
3068 2297 3164 2369 μὲν
3192 2297 3283 2350 τὸν
3310 2297 3375 2349 ἐκ
3405 2295 3507 2364 τῆς
3545 2291 3787 2363 πονηρίας

2223 2396 2598 2467 ὲπιγινόμενον
2648 2395 2784 2465 αὐτῇ
2826 2391 2997 2464 ῥύπον
3046 2384 3527 2467 ἀποικονομείσθαι
3576 2384 3660 2437 διὰ
3702 2383 3789 2453 τῆς

2222 2486 2517 2557 προσοχῆς,
2549 2485 2658 2537 πᾶν
2686 2482 2742 2536 δὲ
2773 2481 2833 2535 τὸ
2862 2479 2971 2533 ἀπὸ
2996 2479 3195 2541 κακίας
3227 2472 3414 2547 αἶσχος
3436 2473 3789 2542 ἀποκαθαίρε-

2226 2577 2371 2642 σθαι,
2401 2576 2561 2630 παντὶ
2605 2574 2664 2626 δὲ
2715 2571 2794 2644 τῷ
2849 2571 2907 2638 ἐξ
2951 2569 3156 2643 ἀρετῆς
3201 2567 3388 2622 κάλλει
3434 2563 3788 2633 κατακοσμεῖν

2224 2670 2391 2742 αὐτὴν
2441 2671 2535 2722 καὶ
2590 2666 2920 2738 φαιδρύνειν.
2973 2662 3255 2728 Ἐξέτασον
3321 2657 3545 2712 σεαυτὸν
3591 2656 3673 2719 τίς
3721 2649 3785 2717 εῐ,

2224 2761 2393 2832 γνῶθι
2419 2758 2617 2816 σαυτοῦ
2638 2759 2739 2832 τὴν
2760 2757 2940 2829 φύσιν·
2961 2757 3043 2809 ὅτι
3075 2753 3267 2823 θνητὸν
3299 2752 3397 2822 μέν
3426 2768 3525 2803 σου
3540 2749 3602 2803 τὸ
3621 2746 3786 2817 σῶμα,

2225 2856 2488 2918 ἀθάνατος
2523 2853 2580 2907 δὲ
2610 2854 2644 2923 ὴ
2678 2850 2852 2921 ψυχή’
2888 2848 2983 2902 καὶ
3026 2848 3109 2900 ὅτι
3141 2844 3301 2915 διπλῆ
3334 2843 3419 2906 τίς
3454 2844 3604 2895 ἐστιν
3645 2837 3791 2911 ἡμῶν

2224 2948 2258 3017 ή
2291 2943 2431 3014 ζωή·
2459 2945 2492 3014 ἡ
2534 2943 2631 3013 μὲν
2652 2939 2827 2994 οἰκεία
2847 2941 2914 3011 τῇ
2944 2937 3128 3009 σαρκὶ,
3157 2937 3295 3005 ταχὺ
3312 2932 3694 3004 παρερχομένη
3717 2946 3729 2959 ·
3759 2929 3789 2997 ἡ

2225 3035 2283 3089 δὲ
2334 3033 2603 3105 συγγενὴς
2648 3033 2716 3103 τῇ
2768 3029 2947 3100 ψυχῇ,
3004 3028 3079 3098 μὴ
3136 3025 3402 3096 δεχομένη
3435 3021 3791 3094 περιγραφήν-

2224 3128 2494 3197 Πρόσεχε
2543 3119 2636 3179 οὖν
2664 3120 2920 3186 σεαυτῷ,
2959 3121 3094 3191 μήτε
3132 3120 3246 3181 τοῖς
3275 3115 3487 3187 θνητοῖς
3523 3114 3599 3177 ὡς
3621 3112 3796 3173 ἀϊδίοις

2225 3218 2611 3289 ἐναπομείνῃς,
2670 3213 2809 3286 μήτε
2870 3209 2979 3264 τῶν
3033 3208 3219 3261 ἀϊδίων
3252 3205 3336 3270 ὡς
3379 3202 3794 3275 παρερχομένων

2227 3309 2665 3380 καταφρονήσῃς.
2707 3302 2982 3375 Ὑπερόρα
3016 3299 3217 3371 σαρκὸς
3237 3338 3251 3361 ,
3285 3296 3623 3368 παρέρχεται
3662 3294 3789 3380 γάρ·

2227 3376 2487 3470 ἐπιμελοῦ
2527 3376 2741 3465 γψῦχῆς,
2804 3390 3129 3462 πράγματος
3174 3383 3463 3439 ἀθανάτου.
3528 3376 3795 3448 Ἐπίστηθι

2231 3490 2368 3564 μετὰ
2405 3490 2584 3559 πάσης
2640 3484 2922 3558 ἀκριϐείας
2950 3477 3181 3549 σεαυτῷ,
3228 3479 3319 3531 ἵνα
3352 3474 3497 3545 εἰδῇς
3537 3470 3795 3541 διανέμειν

2228 3560 2477 3654 ἐκατέρῳ
2531 3580 2594 3633 τὸ
2640 3579 2971 3650 πρόσφορον,
3028 3571 3193 3643 σαρκὶ
3243 3569 3339 3640 μὲν
3378 3564 3672 3637 διατροφὰς
3715 3560 3798 3614 καὶ

2231 3675 2612 3744 σκεπάσματα,
2650 3668 2796 3739 ψυχῇ
2842 3666 2898 3720 δὲ
2932 3665 3177 3736 δόγματα
3232 3659 3537 3720 εὐσεϐείας,
3585 3654 3796 3723 ἀγωγὴν

2228 3766 2468 3830 ἀστείαν,
2498 3763 2698 3834 ἀρετῆς
2730 3761 2982 3831 ἄσκησιν,
3026 3756 3214 3811 παθῶν
3238 3751 3639 3823 ἐπανόρθωσιν·
3674 3748 3797 3817 μήτε

2229 3857 2606 3930 ὑπερπιαίνειν
2665 3855 2724 3907 τὸ
2783 3851 2975 3922 σῶμα,
3016 3852 3154 3921 μήτε
3203 3847 3332 3920 περὶ
3381 3846 3471 3899 τὸν
3509 3842 3666 3913 ὄχλον
3697 3838 3798 3891 τῶν

2231 3928 2451 4024 σαρκῶν
2518 3944 2930 4002 ἐσπουδακέναι.
2996 3940 3213 4012 Ἐπειδὴ
3264 3938 3374 4024 γάρ
3437 3928 3795 4024 Ἐπιθυμεῖι)

2229 4015 2387 4105 σὰρξ
2425 4032 2577 4088 κατὰ
2620 4031 2728 4086 τοῦ
2779 4031 3137 4098 πνεύματος,
3185 4024 3252 4078 τὸ
3293 4023 3361 4076 δὲ
3396 4019 3634 4089 πνεῦμα
3660 4015 3799 4071 κατὰ

2230 4126 2339 4195 τῆς
2386 4125 2632 4195 σαρκὸς,
2660 4123 2848 4177 ταῦτα
2872 4120 2941 4174 δὲ
2974 4118 3268 4184 ἀλλήλοις
3316 4115 3643 4168 ἀντίκειται
3671 4106 3796 4176 (18).

2229 4220 2331 4291 ὅρα
2356 4220 2428 4290 μή
2451 4233 2603 4279 ποτε,
2623 4214 2987 4288 προσθέμενος
3009 4214 3075 4281 τῇ
3111 4207 3295 4279 σαρκὶ,
3329 4204 3529 4275 πολλὴν
3555 4200 3797 4274 παράσχῃ

2229 4313 2326 4383 τὴν
2345 4310 2656 4365 δυναστείαν
2677 4308 2752 4379 τῷ
2774 4307 2999 4378 χείρονι.
3026 4304 3235 4373 Ὥσπερ
3256 4299 3365 4370 γάρ
3386 4301 3442 4352 ὲν
3469 4298 3592 4360 ταῖς
3619 4293 3800 4365 ῥοπαῖς

552 4425 692 4480 buas
720 4419 1000 4478 deteriori.
1039 4417 1173 4471 Nam
1199 4410 1658 4487 quemadmodum
1701 4410 1756 4463 in
1801 4415 2123 4464 staterarum

2233 4404 2341 4457 τῶν
2373 4400 2572 4471 ζυγῶν,
2620 4399 2714 4453 ἐὰν
2754 4397 2880 4468 μίαν
2922 4392 3304 4466 καταϐαρύνῃς
3328 4389 3657 4456 πλάστιγγα,
3687 4399 3801 4437 κου-

551 4514 848 4570 momentis
877 4526 1042 4566 unam
1084 4512 1295 4564 lancem
1331 4506 1377 4560 si
1407 4502 1752 4573 degravabis,
1795 4515 2021 4557 necesse
2045 4506 2129 4554 est

551 4607 779 4662 omnino
810 4614 869 4659 ut
915 4601 1227 4674 oppositam
1266 4599 1463 4655 reddas
1504 4597 1804 4653 leviorem:
1856 4593 1931 4646 ita
1964 4591 2129 4645 etiam

551 4700 609 4754 in
643 4712 877 4769 corpore
899 4705 953 4752 ει
971 4696 1173 4757 animo,
1205 4693 1335 4748 dum
1368 4705 1540 4745 unum
1570 4686 1862 4749 redundat,
1895 4684 2126 4739 alterum

552 4792 871 4848 necessario
899 4788 1264 4843 imminuitur.
1299 4782 1536 4838 Fruente
1563 4780 1709 4835 enim
1752 4791 1981 4847 corpore
2030 4776 2132 4829 ha-

556 4884 803 4938 bitudine
831 4882 996 4944 bona,
1038 4887 1203 4949 atque
1247 4875 1516 4931 obesitate
1567 4878 1885 4942 aggravato,
1934 4881 2130 4922 conse-

554 4991 732 5045 quens
758 4983 843 5031 est
869 4982 929 5029 ut
958 4988 1115 5027 mens
1143 4970 1211 5025 ad
1233 4968 1540 5041 peculiares
1567 4965 1671 5021 sibi
1706 4962 1947 5017 actiones
1977 4958 2131 5014 inﬁr-

555 5080 644 5122 ma
692 5067 765 5121 sit
814 5080 879 5120 ac
908 5062 1106 5119 debilis
1131 5079 1147 5128 ;
1178 5066 1392 5122 contra,
1425 5055 1608 5111 animo
1643 5069 1703 5109 se
1728 5053 1867 5108 bene
1892 5050 2129 5105 habente

625 5225 676 5254 ⁸⁸³
719 5223 761 5276 ll
800 5220 938 5274 Tim.
980 5236 1051 5283 ll,
1090 5218 1182 5272 26.
1250 5217 1300 5252 ’⁸³⁸
1341 5212 1519 5269 Galat.
1553 5228 1607 5275 ν,
1652 5210 1735 5263 17.

634 5401 745 5475 (15)
784 5399 918 5475 ᾕεε.
951 5396 1249 5475 βι-Ῑι-ιιιιε-αἱ
1274 5394 1363 5475 διὰ
1384 5389 1596 5475 codici).

656 5459 744 5538 16)
784 5459 1133 5538 Unus—codex
1167 5464 1369 5538 ἡδονῶν
1398 5459 1717 5538 ἀπόλαυσιν..

656 5477 721 5528 16
729 5486 744 5538 )
787 5477 939 5523 Unus
964 5477 1133 5522 couex
1167 5477 1369 5534 ηοονων
1398 5477 1717 5514 αποΛαυσιν.

629 5477 745 5617 in)
788 5539 1011 5617 Antiqin
1040 5536 1147 5590 άυο
1167 5536 1299 5617 libri
1331 5535 1431 5617 5i“
1462 5520 2125 5617 St?:.“.'.“.£“§i:.°.i.f‘.‘.‘.“

562 5593 801 5673 aciein.
833 5593 952 5664 Nec'
965 5609 1040 5661 ita
1070 5606 1241 5659 multo
1264 5611 1389 5674 post
1414 5600 1631 5674 editi_et_
1650 5595 1784 5674 lleg.
1818 5593 2126 5674 tertiuns'vo-

564 5661 998 5761 ῖὶίὲαξζςςάιῖέῇ.
1036 5675 1143 5733 Sed
1174 5661 1429 5734 voéulam
1470 5668 1562 5724 καί
1600 5661 1922 5731 delevimus,
1964 5661 2123 5719 ﬁdem

2238 4496 2468 4566 φοτέραν
2515 4493 2734 4552 πάντως
2789 4489 2888 4560 τὴν
2930 4485 3310 4555 ἀντικειμένην
3358 4481 3638 4551 ποιήσεις·
3668 4473 3803 4527 οὕτω

2237 4559 2331 4640 καὶ
2365 4559 2457 4638 ἐπὶ
2494 4581 2744 4652 σώματος
2789 4559 2881 4632 καὶ
2928 4577 3127 4647 ψυχῆς,
3157 4576 3185 4627 ό
3214 4571 3306 4626 τοῦ
3348 4559 3539 4640 ἑτέρου
3590 4564 3805 4619 πλεονα-

2239 4676 2373 4747 σμὸς
2401 4673 2699 4743 ἀναγκαίαν
2726 4672 2870 4724 ποιεῖ
2900 4670 2999 4741 τὴν
3023 4666 3133 4737 (19)
3152 4664 3442 4719 ἐλάττωσιν
3474 4656 3565 4712 τοῦ
3599 4654 3800 4724 ἐτέρου.

2237 4744 2495 4838 libitum;
2532 4766 2628 4837 μὲν
2661 4764 2769 4835 γὰρ
2796 4758 3158 4821 εὑπαθοῦντος
3214 4755 3309 4810 καὶ
3335 4748 3676 4822 πολυσαρκίᾳ
3707 4744 3800 4815 βα·

2239 4834 2554 4934 ρυνομένου,
2594 4834 2807 4925 ἀνάγκη
2841 4852 3043 4924 ἀδρανῆ
3073 4851 3166 4904 καὶ
3187 4848 3372 4902 ἄτονον
3396 4838 3535 4896 εἶναι
3561 4838 3695 4910 πρὸς
3712 4834 3804 4894 τὰς

2235 4925 2441 5016 οἰκείας
2473 4950 2752 5023 ἐνεργείας
2778 4949 2870 5001 τὸν
2901 4944 3043 4999 νοῦψ
3067 4942 3246 5013 ψυχῆς
3275 4940 3331 4993 δὲ
3368 4932 3694 5002 εὐεκτούσης
3716 4925 3803 4981 καὶ

2235 5047 2322 5101 διά
2346 5047 2444 5116 τῆς
2472 5019 2579 5097 τῶν
2598 5040 2815 5111 ἀγαθῶν
2851 5038 3076 5110 μελέτης
3101 5033 3237 5105 πρὸς
3269 5030 3330 5083 τὸ
3358 5029 3558 5081 οἰκεῖον
3585 5019 3804 5094 μέγεθος

2236 5378 2400 5432 trium
2432 5375 2696 5429 librorum
2726 5377 2972 5424 veterum
3008 5364 3202 5421 secuti.

2735 5418 3034 5509 iéiii'o'iiré
3046 5418 3061 5421 V
3071 5435 3371 5517 ἀντίκειται
3416 5429 3618 5517 legitur
3629 5418 3804 5517 ’ἀντί’

2235 5490 2892 5583 κεῖἔᾶιίΪθοῖἶιίιαῖυοιῖ
2933 5490 3073 5563 ἶιιεε.
3116 5503 3400 5577 παράσχῃ.
3439 5490 3588 5557 Εἶιὶιί
3625 5490 3803 5565 παρά-

2236 5604 2420 5730 σχῖὶῗθ)
2460 5652 2683 5727 Antiqui
2715 5660 2828 5709 tres
2858 5648 2986 5708 libri
3010 5648 3240 5702 ποιεῖται
3274 5644 3398 5715 τήν.
