4052 6214
259 349 355 401 2θῦ
1077 342 1362 398 HOMIIJA
1406 341 1469 394 i-N
1507 340 1746 407 lLLUD,
1791 341 2142 398 ATI'ENDE
2186 339 2340 395 TIBI
2378 335 2557 392 IPSI.
3411 332 3516 386 206

261 466 576 536 ὺξδουμένης,
615 464 886 533 ἑπόμενόν
943 466 1066 518 ἐστι
1121 467 1221 535 τὴν
1269 464 1361 516 τοῦ
1424 464 1672 534 σώματος
1733 463 1844 528 ἕξιν

1961 473 2002 519 et
2037 466 2306 520 bonorum
2358 457 2711 514 meditatione
2758 453 2820 506 ad
2854 453 3132 523 prOpriam
3189 453 3521 524 magnitudi-

259 556 626 628 καταμαραίνε
637 555 783 609 σθαι.

329 731 380 786 ἐι.
401 730 472 782 Τὸ
487 729 620 781 αὐτὸ
635 728 694 780 δὲ
731 727 896 780 τοῦτο
910 726 1276 797 παράγγελμα
1302 725 1689 779 καὶάσθενοῦσι
1721 726 1852 796 χρή-

268 840 432 892 σιμον,
459 824 549 872 καὶ
574 820 926 891 ἐρρωμένοις
947 817 1367 890 ἁρμοδιώτατον.
1407 816 1494 872 Ἐν
1525 818 1623 888 μέν
1644 834 1707 885 γε
1731 821 1852 878 ταῖς

266 913 552 974 ἀσθενείαις
565 914 618 963 οἱ
641 912 827 981 ἰατροὶ
857 913 974 972 τοῖς
1007 909 1274 979 κάμνουσι
1301 908 1654 980 παρεγγυῶσι
1679 924 1850 978 προσ-

265 1007 398 1073 ἐχειν
432 1003 635 1064 αὐτοὺς
672 1005 917 1065 ἑαυτοῖς,
955 1002 1048 1054 καὶ
1075 1000 1299 1070 μηδενὸς
1328 1000 1436 1053 τῶν
1459 1003 1539 1063 είς
1559 999 1854 1070 θεραπείαν

261 1097 490 1166 ἡκόντων
533 1094 902 1164 καταμελεῖν.
968 1092 1196 1162 Ὁμοίως
1248 1091 1306 1144 δὲ
1348 1092 1442 1144 καὶ
1467 1092 1496 1142 6
1528 1089 1710 1163 ἰατρὸς
1745 1088 1852 1141 τῶν

261 1190 432 1257 ψυχῶν
472 1187 638 1257 ἡμῶν
681 1187 847 1254 λόγος
880 1185 994 1254 (20)
1033 1181 1132 1253 τὴν
1166 1182 1270 1235 ὑπὸ
1302 1182 1400 1250 τῆς
1453 1182 1724 1252 ἁμαρτίας
1764 1198 1854 1233 κε-

265 1279 580 1350 κακωμένην
602 1278 792 1348 ψυχὴν
821 1277 909 1328 διά
936 1275 1031 1328 τοῦ
1063 1273 1260 1345 μικροῦ
1292 1273 1481 1326 τούτου
1513 1273 1853 1343 βοηθήματος

263 1373 480 1436 siti-rat.
514 1373 805 1439 Πρέσεχε
839 1364 932 1421 οὖν
982 1364 1237 1430 σεαυτῷ,
1266 1367 1352 1418 ἵνα
1393 1365 1532 1418 κατὰ
1565 1365 1853 1433 ἀναλογίαν

263 1465 346 1518 τοῦ
381 1463 868 1533 πλημμελήματος
915 1461 1010 1512 καὶ
1046 1461 1143 1529 τὴν
1183 1460 1248 1510 ὲκ
1270 1458 1368 1528 τῆς
1407 1457 1702 1529 θεραπείας
1729 1457 1852 1527 βοή-

267 1557 401 1610 θειαν
423 1552 708 1627 καταδέξῃ
727 1555 862 1625 (21).
879 1553 1038 1620 Μέγα
1071 1551 1164 1604 καὶ
1187 1551 1417 1620 χαλεπὸν
1438 1551 1498 1603 τὸ
1517 1551 1816 1622 ἁμάρτημα
1837 1567 1850 1578 '

269 1649 453 1717 πολλῆς
499 1664 583 1699 σοι
633 1647 800 1717 χρεία.
832 1644 934 1713 τῆς
975 1643 1432 1714 ἐξομολογήσεως,
1465 1643 1719 1712 δακρύων
1761 1659 1851 1693 πι-

266 1741 424 1812 κρῶν,
465 1739 734 1792 συντόνου
776 1738 876 1807 τῆς
898 1734 1226 1807 ἀγρυπνίας,
1255 1734 1600 1787 ἀδιαλείπτου
1629 1733 1726 1802 τῆς
1756 1751 1852 1801 νη-

1951 571 2074 611 nem
2103 562 2310 618 evecto,
2342 550 2593 620 sequitur
2631 547 2828 602 bonam
2867 544 3114 614 corporis
3145 544 3518 602 habitudinem

1949 645 2341 702 contabescere
2375 648 2431 696 et
2464 639 2778 708 elanguere.

2018 737 2073 790 4.
2115 735 2286 789 Porro
2328 733 2433 787 hoc
2487 731 2629 785 idem
2695 734 3026 798 praeceptum
3106 741 3230 781 cum
3284 726 3520 781 inﬁrmis

1951 826 2230 890 conducit,
2277 835 2391 879 tum
2436 821 2672 875 maxime
2708 819 2962 889 congruit
2994 818 3132 872 bene
3180 819 3516 873 valentibus.

1951 919 2018 972 Et
2055 921 2111 974 in
2156 917 2365 972 morbis
2397 915 2616 985 quidem
2647 911 2841 966 medici
2874 911 3236 965 adhortantur
3265 917 3519 980 aegrotos,

1955 1021 2014 1065 ut
2047 1011 2150 1067 sibi
2183 1011 2288 1080 ipsi
2313 1007 2614 1070 attendant,
2647 1004 2894 1073 nihilque
2916 1020 3108 1058 eorum
3142 1019 3263 1074 qua:
3298 1003 3364 1058 ad
3406 1018 3524 1057 me-

1953 1105 2130 1159 delam
2180 1103 2456 1172 pertinent
2506 1099 2807 1170 negligant.
2862 1095 3126 1150 Eumdem
3182 1095 3248 1150 ad
3300 1094 3521 1149 modum

1955 1211 2138 1252 sermo
2167 1195 2353 1254 etiam,
2400 1193 2706 1246 animarum
2749 1198 3060 1244 nostrarum
3091 1187 3356 1246 medicus,
3405 1186 3525 1239 ani-

1953 1303 2098 1342 mam
2132 1302 2162 1340 a
2202 1293 2425 1356 peccato
2461 1284 2602 1337 male
2633 1281 2880 1336 aﬁ‘ectam
2919 1281 3116 1350 exiguo
3150 1280 3253 1333 hoc
3285 1279 3524 1334 remedio

1954 1385 2232 1450 persanat.
2271 1374 2492 1429 Attende
2521 1375 2688 1444 igitur
2719 1373 2812 1426 tibi
2850 1373 2975 1442 ipsi,
3019 1381 3076 1425 ut
3106 1386 3204 1442 pro
3230 1371 3410 1426 delicti
3435 1386 3526 1424 ra-

1954 1472 2101 1525 tione
2122 1468 2355 1536 recipias
2386 1467 2549 1520 etiam
2575 1463 2880 1519 subsidium
2917 1463 3238 1517 curationis.
3269 1460 3523 1532 Magnum

1955 1566 2040 1614 est
2068 1565 2352 1628 peccatum
2390 1565 2444 1610 et
2479 1570 2665 1626 grave,
2696 1554 2868 1606 multa
2894 1553 2996 1606 tibi
3030 1567 3168 1622 opus
3193 1562 3277 1607 est
3312 1551 3527 1607 confes-

1957 1650 2130 1710 sione,
2169 1645 2426 1716 lacrymis
2460 1645 2684 1704 amaris,
2715 1643 2943 1698 intentis
2974 1642 3198 1712 vigiliis,
3224 1641 3340 1712 jugi
3382 1640 3526 1711 jeju-

1956 1743 2069 1794 nio.
2103 1739 2244 1795 Leve
2273 1736 2739 1792 cstettolerahilc
2791 1735 3089 1788 delictum:
3131 1733 3260 1788 huic
3308 1748 3526 1803 quoque

271 1834 456 1894 στείας.
499 1830 730 1898 Κοῦφον
775 1832 872 1883 καὶ.
905 1831 1139 1902 φορητὸν
1165 1830 1224 1882 τὸ
1254 1826 1635 1898 παράπτωμαο
1673 1825 1855 1889 ὲξισα-

1961 1839 2271 1902 exaequetur
2308 1827 2654 1899 poenitentia.
2709 1825 3106 1880 Tantummodo
3152 1827 3369 1880 attende
3425 1825 3526 1880 tibi

270 1924 429 1986 ζέσθω
472 1923 572 1975 καὶ
626 1925 660 1992 ἡ
706 1922 988 1991 μετάνοια.
1029 1922 1203 1974 Μόνον
1245 1919 1476 1990 πρόσεχε
1511 1915 1740 1985 σεαυτῷ,
1762 1916 1850 1968 ἵνα

269 2015 526 2086 γνωρίζῃς
551 2014 740 2085 ψυχῆς
760 2013 1058 2085 εὐρωστίαν
1087 2013 1180 2066 καὶ
1206 2012 1376 2064 νόσον.
1398 2009 1589 2061 Πολλοὶ
1611 2009 1720 2078 γὰρ
1747 2007 1854 2060 ἀπὸ

268 2110 360 2178 τῆς
397 2108 506 2180 (22)
549 2109 698 2176 ἄγαν
759 2107 1088 2178 ἀπροσεξίας
1145 2103 1352 2175 μεγάλα
1409 2103 1504 2154 καὶ
1551 2102 1743 2153 ἀνίατα
1770 2118 1854 2152 νο-

274 2200 497 2264 σοῦντες,
531 2200 660 2252 οὐδὲ
713 2199 849 2252 αὐτὸ
885 2197 1042 2250 τοῦτο
1073 2198 1267 2258 ἴσασιν,
1297 2196 1379 2247 ὅτι
1414 2192 1649 2246 νοσοῦσι.
1691 2190 1852 2258 Μέγα

355 2291 411 2341 τι
445 2291 510 2341 ἐκ
548 2288 651 2340 τοῦ
688 2286 1149 2358 παραγγέλματος
1192 2282 1382 2353 ὄφελος
1416 2282 1511 2334 καὶ
1537 2283 1648 2343 τοῖς
1680 2282 1853 2350 im"

279 2382 445 2448 μένοις
478 2381 614 2450 περὶ
653 2379 758 2442 τὰς
789 2377 1047 2448 πράξεις·
1085 2375 1225 2428 ὥστε
1257 2375 1318 2426 τὸ
1353 2373 1484 2425 αὐτὸ
1517 2372 1626 2443 (25)
1655 2373 1746 2424 καὶ
1772 2389 1855 2423 νο-

273 2472 488 2533 σοῦντας
517 2473 693 2533 ἰᾶται,
730 2469 826 2522 καὶ
849 2469 1184 2535 ὑγιαίνοντας
1218 2465 1432 2518 τελειοῖ.
1461 2465 1724 2526 Ἕκαστος
1746 2463 1855 2531 γὰρ

443 2561 556 2613 τῶν
600 2558 1063 2631 μαθητευομένων
1095 2556 1171 2626 τῷ
1197 2556 1337 2625 λόγῳ
1374 2557 1502 2624 μιᾶς
1530 2571 1672 2616 τινος
1714 2553 1855 2623 πρά-

273 2653 395 2718 ξεώς
445 2655 599 2705 ἐστιν
648 2651 954 2721 ὑπηρέτης,
984 2649 1093 2700 τῶν
1129 2647 1267 2701 κατά
1295 2649 1356 2699 τὸ
1381 2646 1710 2714 Εὑαγγέλιον
1741 2645 1857 2698 δια-

270 2744 614 2814 τεταγμένων
645 2744 801 2812 ἠμίν.
851 2742 936 2793 Ἑν
970 2740 1080 2810 γὰρ
1106 2743 1168 2810 τῇ
1206 2740 1416 2810 μεγάλῃ
1440 2741 1587 2808 οίκία
1621 2741 1684 2808 τῇ
1729 2738 1852 2790 Ἐκ-

275 2835 459 2906 κλησίᾳ
478 2833 662 2905 ταύτῃ
688 2833 752 2884 οὐ
787 2832 946 2902 μόνον
975 2831 1143 2899 σκεύη
1173 2829 1288 2882 ἐστὶ
1314 2829 1653 2891 παντοδαπὰ,
1678 2829 1856 2898 χρυσᾶ

272 2929 358 2979 καὶ
386 2927 634 2996 ἀργυρᾶ,
667 2925 766 2976 καὶ
796 2922 979 2986 ξύλινα
1003 2922 1114 2992 (24)
1142 2923 1233 2973 καὶ
1256 2923 1575 2992 ὀστράκινα,
1604 2922 1737 2974 ἀλλὰ
1761 2923 1856 2975 καὶ

268 3017 440 3087 τέχναι
487 3018 774 3069 παν-τάαι.
816 3015 970 3084 Ἔχει
1015 3015 1124 3084 γὰρ
1157 3015 1184 3065 ὁ
1233 3011 1377 3076 οἶκος
1425 3015 1518 3066 τοῦ
1548 3013 1704 3077 Θεοῦ,
1735 3015 1856 3084 ἥτις

269 3113 406 3164 ἐστὶν
444 3108 759 3176 ’Ἐκκλησία
786 3107 920 3160 Θεοῦ
952 3107 1172 3171 ζῶντος,
1203 3106 1491 3177 θηρευτὰς,
1523 3106 1851 3176 ὁδοιπόγους,

266 3198 1028 3272 ἀρχιτέκτονας,οἰκοδὸμους,
1062 3199 1358 3270 γεωργοὺς,
1392 3196 1671 3266 ποιμένας,
1693 3197 1856 3268 ἀθλη-
1883 3184 1924 3238 C

267 3295 378 3356 τὰς,
411 3290 783 3363 στρατιώτας·
823 3291 962 3342 nam
992 3291 1199 3353 τούτοις
1227 3290 1525 3359 ἐφαρμόσει
1572 3289 1630 3340 τδ
1678 3289 1851 3358 βρακῦ

271 3384 417 3436 τοῦτο
441 3387 621 3453 ῥῆμα,
641 3383 862 3450 ἑκάστῳ
887 3381 998 3450 (25)
1023 3383 1115 3433 καὶ
1143 3380 1423 3450 ἀκρίϐειαν
1454 3378 1548 3432 τοῦ
1576 3379 1736 3450 ἔργου
1764 3386 1855 3432 καὶ

273 3475 497 3544 σπουδὴν
520 3475 630 3542 τῆς
659 3473 1038 3543 προαιρέσεως
1060 3470 1345 3541 ἐμποιοῦν.
1371 3471 1649 3543 Θηρευτὴς
1675 3466 1724 3522 εἷ
1753 3471 1856 3522 ἀπ-

267 3564 591 3634 εσταλμένος
636 3563 746 3616 ὑπὸ
772 3563 866 3615 τοῦ
906 3563 1110 3632 Κυρίου
1141 3561 1231 3614 τοῦ
1270 3562 1534 3623 εἰπόντος·
1564 3559 1718 3612 Ἰδοὺ
1745 3558 1859 3628 ἐγὼ

269 3656 629 3708 ἀποστέλλω
677 3652 950 3718 πολλοὺς
989 3653 1296 3720 θηρευτὰς,
1329 3652 1425 3706 καὶ
1459 3652 1862 3718 θηρεύσουσιν

269 3749 483 3811 αὐτοὺς
511 3745 723 3799 ἐπάγω
761 3745 988 3809 παντὸς
1020 3745 1214 3811 ὄρους.
1251 3744 1490 3814 Πρόσεχε
1538 3739 1630 3795 οὖν
1668 3745 1861 3811 ἐπιμε-

272 3836 391 3898 λῶς,
433 3842 508 3906 μή
545 3835 653 3888 τιού
706 3851 768 3887 σε
803 3835 1042 3907 διαφύγῃ
1092 3835 1153 3885 τὸ
1199 3833 1438 3905 θήραμα,
1467 3834 1573 3897 ἵνα,
1605 3832 1862 3886 συλλαϐό-

277 3944 428 3995 μενος
477 3927 561 3997 τῷ
598 3927 745 3995 λόγῳ
796 3927 900 3996 τῆς
945 3925 1366 3994 ἀληθείας,τοὺς
1401 3923 1505 3976 ὑπὸ
1532 3923 1631 3993 τῆς
1664 3922 1864 3983 κακίας

277 4019 649 4089 ἀγριωθέντας
694 4017 1051 4088 προσαγάγῃς
1080 4015 1155 4087 τῷ
1181 4015 1423 4080 σώζοντι.
1471 4014 1776 4086 Ὀδοιπόρος
1814 4008 1866 4066 εἷ

273 4112 470 4180 ὁμοίως
498 4110 579 4180 τῷ
603 4109 714 4180 (26)
748 4110 1043 4178 εὐχομένῳ’
1082 4108 1157 4162 Τὰ
1177 4107 1505 4176 διαδήματὰ
1519 4125 1639 4176 μου
1657 4107 1865 4159 κατεύ-

279 4207 480 4255 {im-nr.
495 4203 746 4272 [1963315
764 4201 993 4270 σεαυτῷ,
1013 4201 1086 4272 μὴ
1105 4202 1468 4271 παρατραπῇς
1497 4201 1595 4270 τῆς
1615 4197 1758 4262 ὁδοῦ,
1790 4200 1862 4269 μὴ

279 4296 527 4363 ἐκκλίνῃς
545 4292 698 4362 δεξιᾷ
729 4292 761 4362 ἢ
793 4294 1086 4363 ἀριστερᾷ·
1111 4291 1214 4361 ὁδῷ
1243 4290 1488 4360 βασιλικῇ
1523 4289 1776 4360 πορεύου.
1806 4291 1866 4341 '0

277 4385 618 4454 ἁρχιτέκτων
637 4383 896 4448 ἀσφαλῶς
926 4383 1016 4436 τὺν
1041 4382 1288 4453 θεμέλιον
1309 4381 1731 4435 καταδαλλὲσθω
1753 4380 1866 4450 (27)

277 4473 374 4540 τῆς
400 4475 660 4534 πίστεως,
689 4472 747 4534 ὃς
775 4474 923 4525 ἐστιν
976 4471 1182 4542 Ἰησοῦς
1216 4476 1244 4526 ό
1273 4473 1527 4545 Χριστός.
1571 4472 1629 4524 '0
1658 4472 1862 4526 οἰκοδό-

281 4581 375 4630 tu);
405 4563 655 4631 βλεπέτω
684 4563 802 4626 πῶς
829 4563 1206 4634 ἐποικοδομεῖ·
1241 4565 1314 4636 μὴ
1347 4563 1498 4629 ξύλα,
1543 4564 1618 4635 μὴ
1645 4565 1857 4636 χόρτον,

283 4656 356 4725 μὴ
401 4655 680 4725 καλάμην,
740 4655 876 4708 ἀλλὰ
924 4656 1170 4726 χρυσίον,
1213 4655 1506 4726 ἀργύριον,
1554 4654 1733 4717 λίθους
1778 4671 1860 4706 τι-

288 4746 457 4814 pinu;
477 4745 1028 4816 ὐποιμὴν,πρόιτεχε
1056 4748 1129 4816 μή
1152 4763 1204 4799 τι
1231 4745 1476 4818 παρέλθῃ
1496 4745 1606 4799 τῶν
1634 4744 1856 4798 ἐπιϐαλ-

383 4900 428 4928 ⁸²
469 4897 511 4950 11
547 4897 692 4952 Tim.
733 4913 806 4962 ιι,
841 4897 929 4950 20.

287 4967 505 5029 Η,12.

1046 4899 1094 4928 ⁸³
1134 4898 1154 4950 1
1187 4897 1328 4952 Tim.
1366 4913 1458 4964 ιιι,
1510 4899 1595 4951 15.

355 5121 465 5193 (20)
502 5121 740 5193 Codices
771 5123 1023 5193 permulti
1053 5125 1085 5193 ἡ
1097 5122 1211 5192 μῶν
1235 5121 1410 5193 λόγος.
1444 5120 1587 5193 Editi
1618 5123 1651 5193 _6
1674 5120 1845 5193 λόγος.

357 5192 465 5258 (21)
503 5192 638 5262 Reg.
662 5190 872 5260 primus
899 5190 1150 5261 βοήθειαν
1174 5192 1464 5262 καταδέχῃ.
1493 5190 1687 5244 Statim
1711 5192 1850 5244 idem

294 5263 452 5333 codex
481 5261 720 5333 χαλεπὸν
743 5263 805 5315 τὸ
831 5263 1202 5333 παράπτωμα.
1247 5261 1356 5316 Nec
1404 5261 1477 5314 ita
1524 5262 1700 5315 multo
1732 5268 1852 5330 post

293 5330 426 5403 idem
453 5329 567 5403 iliis.
590 5333 828 5403 φορητὸν
857 5329 924 5403 το
941 5329 1266 5403 ἁμάρτημα.

360 5349 426 5384 em
461 5349 567 5387 ms.
590 5349 828 5403 φορητον
857 5349 917 5384 το
941 5349 1060 5401 αμα
1099 5349 1127 5383 τ
1173 5349 1266 5402 μα.

360 5402 468 5473 (22)
504 5404 732 5473 Antiqui
765 5405 874 5473 duo
906 5402 1033 5473 libri
1064 5349 1399 5473 ξιοῗλλοὶγάρ
1431 5401 1538 5473 υπὸ
1570 5401 1690 5470 τῆς.

363 5471 470 5538 (25)
512 5473 602 5526 Sic
625 5471 758 5527 mss.
789 5472 858 5525 Αι
893 5471 1024 5526 editi
1055 5471 1196 5524 ὥστε
1217 5472 1351 5524 αὐτὸ
1375 5471 1554 5524 τοῦτο.

363 5539 653 5614 (24)-Ει1ἱιί
694 5553 749 5597 et
795 5542 930 5614 Reg.
963 5542 1164 5614 tertius
1193 5543 1430 5614 ἀργυρᾶ,
1639 5539 1731 5592 καὶ

301 5606 558 5684 ξιφιςΑιιί
580 5621 690 5668 tres
713 5628 848 5684 mss.
875 5606 1106 5684 ἀργυρᾷ
1126 5606 1242 5684 καί
1259 5606 1687 5684 ξύλιναηιιιίἀοιιι
1719 5610 1851 5684 editi

303 5678 596 5751 émpﬁztva,
626 5683 760 5737 ἀλλά
782 5683 896 5738 καί.
915 5678 1041 5735 hic.
1076 5679 1182 5738 Sed
1221 5697 1322 5744 vox
1349 5681 1485 5736 ἀλλά
1519 5682 1620 5736 hoc
1651 5681 1770 5735 loco
1797 5682 1850 5734 in

308 5744 425 5821 Reg.
465 5744 619 5810 tertio
650 5754 819 5810 deest.

1697 4897 1742 4929 “
1780 4897 1979 4952 Jerem.
2029 4913 2153 4960 xw,
2194 4898 2277 4950 16.

1957 1921 2081 1990 ipsi,
2138 1929 2197 1973 ut
2245 1920 2534 1974 sanitatem
2587 1917 2754 1970 animi
2817 1931 2881 1971 ac
2933 1917 3183 1971 morbum
3234 1932 3522 1986 agnoscas.

1957 2014 2095 2068 Sunt
2123 2015 2266 2068 enim
2311 2003 2576 2083 ple'rique,
2612 2013 2706 2081 qui
2749 2026 2858 2080 pra}
2885 2011 3055 2064 nimia
3086 2012 3256 2064 animi
3287 2012 3528 2066 inconsi-

1955 2106 2199 2161 derantia
2233 2115 2494 2176 aegrotare
2517 2120 2575 2160 se
2605 2119 2671 2156 ne
2711 2111 2914 2156 norunt
2940 2103 3180 2171 quidem,
3210 2117 3525 2172 quanquam

1955 2197 2213 2267 gravibus
2237 2196 2445 2251 morbis
2472 2204 2526 2250 et
2572 2195 2969 2248 insanabilibus
3018 2194 3287 2248 laborant.
3343 2193 3450 2249 Sed
3476 2204 3530 2249 et

1956 2290 2093 2344 bene
2130 2289 2436 2343 valentibus
2460 2289 2513 2342 in
2535 2286 2745 2356 agendo
2776 2301 2884 2340 non
2923 2301 3113 2356 parum
3144 2286 3366 2356 prodest
3393 2287 3527 2341 illud

1960 2381 2316 2436 mandatum:
2365 2395 2537 2450 quare
2593 2379 2696 2433 hoc
2749 2378 2890 2432 idem
2947 2386 3001 2432 et
3040 2393 3215 2447 :egros
3249 2385 3426 2444 sanat,
3475 2387 3530 2430 et

1958 2473 2108 2526 sanis
2135 2473 2391 2528 conciliat
2442 2472 2730 2526 sanitatem
2767 2469 3170 2540 perfectiorem.
3212 2467 3346 2521 Nam
3377 2467 3529 2538 quis-

1957 2580 2063 2636 que
2090 2573 2340 2620 nostrum
2371 2565 2466 2634 qui
2500 2564 2641 2617 inter
2663 2561 2810 2616 verbi
2838 2561 3138 2630 discipulos
3157 2575 3528 2622 recensemnr,

1960 2671 2151 2712 sumus
2182 2654 2488 2708 administri
2519 2655 2684 2708 unius
2717 2651 2954 2721 alicujus
2984 2667 3172 2706 eorum
3213 2665 3527 2714 munerum,

1959 2761 2079 2815 qua:
2096 2745 2274 2808 nobis,
2291 2744 2446 2812 juxta
2469 2742 2837 2808 Evangelium,
2864 2741 3177 2811 prmscripta
3196 2738 3532 2795 sunt.Enim-

1958 2853 2088 2892 vero
2121 2839 2175 2891 in
2205 2851 2400 2906 magna
2432 2836 2596 2889 domo
2627 2833 2871 2888 Ecclesia
2909 2833 3009 2886 hac
3053 2847 3162 2884 non
3210 2831 3372 2885 modo
3400 2847 3529 2886 vasa

1961 2937 2088 2984 sunt
2117 2929 2496 2998 cujuscunque
2532 2927 2769 2998 generis,
2793 2939 2957 2980 aurea
2981 2931 3035 2977 et
3057 2931 3332 2994 argentea,
3353 2924 3530 2992 lignea

1960 3028 2012 3074 et
2041 3027 2280 3074 testacea
2308 3019 2372 3082 δ’,
2395 3017 2489 3074 sed
2511 3027 2639 3073 sunt
2657 3019 2820 3072 etiam
2845 3023 2992 3070 artes
3011 3015 3333 3085 omnigenag.
3360 3015 3533 3070 Habet

1961 3113 2103 3165 enim
2133 3110 2330 3165 domus
2361 3109 2476 3174 Dei,
2492 3126 2612 3180 qua:
2625 3118 2710 3163 est
2725 3108 2966 3179 Ecclesia
2988 3107 3082 3161 Dei
3101 3089 3334 3164 viventis
3358 3109 3423 3173 ⁸³,
3448 3125 3535 3162 ve-

1960 3212 2198 3264 natores,
2231 3201 2488 3264 viatores,
2525 3201 2875 3264 architectos,
2912 3199 3290 3266 aediﬁcatores,
3333 3201 3538 3270 agrico-

1960 3289 2060 3352 las,
2083 3297 2352 3359 pastores,
2378 3289 2630 3353 athletas,
2654 3289 2876 3343 milites.
2900 3290 3195 3344 Conveniet
3215 3291 3398 3344 brevis
3415 3291 3529 3347 he.-

1959 3380 2127 3435 dietio
2153 3381 2240 3435 his
2265 3381 2542 3444 omnibus,
2582 3380 2903 3450 impertiens
2935 3381 3166 3451 singulis
3206 3390 3319 3435 tum
3351 3384 3536 3452 operis

1961 3469 2352 3540 integritatem,
2409 3477 2522 3522 tum
2566 3469 2866 3525 voluntatis
2917 3471 3178 3525 studium.
3210 3469 3450 3527 Venator
3475 3489 3536 3527 es

1964 3559 2167 3611 missus
2207 3573 2234 3610 a
2269 3558 2499 3612 Domino
2525 3558 2740 3613 dicente
2772 3578 2784 3613 :
2826 3557 2960 3613 Ecce
2996 3577 3088 3630 ego
3141 3562 3293 3615 mitto
3340 3563 3534 3616 multos

1962 3660 2252 3712 venatores,
2291 3661 2337 3704 et
2362 3649 2686 3704 venabuntur
2707 3667 2794 3704 eos
2817 3667 2971 3719 super
2993 3668 3195 3705 onmem
3218 3662 3442 3708 montani
3466 3655 3528 3709 ⁸³.

1964 3743 2193 3797 Attende
2225 3742 2391 3811 igitur
2428 3743 2738 3812 diligenter,
2772 3758 2840 3798 ne
2872 3743 3010 3798 forte
3044 3744 3264 3815 eﬁ‘ugiat
3293 3753 3344 3801 te
3393 3762 3532 3816 prm-

1965 3832 2052 3894 da,
2092 3840 2150 3886 ut
2184 3847 2278 3887 eos
2327 3834 2419 3902 qui
2454 3834 2606 3888 vitiis
2643 3832 2854 3888 eﬁ'erati
2904 3845 3052 3899 sunt,
3107 3851 3362 3893 sermone
3394 3841 3534 3893 veri-

1965 3925 2094 3978 tatis
2122 3933 2313 3993 captos
2335 3924 2578 3980 adducas
2603 3925 2903 3981 Servatori.
2936 3925 3128 3982 Viator
3154 3944 3213 3984 es
3239 3946 3345 3983 non
3373 3946 3532 3986 secus

1966 4031 2030 4069 ac
2062 4016 2152 4068 ille
2178 4014 2286 4083 20
2311 4015 2403 4084 qui
2448 4015 2529 4069 sic
2569 4017 2898 4086 precabatur
2944 4037 2956 4071 :
2999 4015 3220 4072 Cressus
3261 4035 3398 4074 meos
3447 4021 3526 4072 di-

1967 4109 2075 4177 rige
2091 4108 2158 4166 ⁸⁵,
2177 4107 2397 4161 attende
2425 4107 2523 4162 tibi
2547 4107 2649 4177 ipsi
2669 4125 2738 4164 ne
2760 4109 3017 4165 deﬁectas
3034 4125 3065 4164 a
3082 4111 3188 4176 via,
3209 4128 3274 4168 ne
3289 4112 3535 4167 declines

1967 4199 2035 4250 ad
2070 4197 2316 4250 dextram
2348 4205 2443 4250 aut
2477 4198 2783 4264 sinistram,
2817 4202 2902 4254 via
2931 4203 3078 4271 regia
3120 4203 3327 4257 incede.
3356 4202 3533 4258 Jaciat

1968 4289 2300 4343 architectus
2343 4288 2558 4342 lirmum
2607 4290 2728 4344 ﬁdei
2770 4290 3202 4354 fundamentum,
3261 4297 3404 4363 quod
3448 4306 3534 4349 est

1966 4378 2127 4435 Jesus
2167 4377 2441 4433 Christus.
2479 4377 2671 4434 Videat
2707 4380 3031 4448 aadiﬁcator,
3067 4399 3176 4452 quo
3212 4394 3370 4454 pacto
3401 4387 3534 4440 redi-

1971 4470 2093 4523 ﬁcet
2121 4489 2132 4522 :
2182 4484 2290 4522 non
2323 4469 2552 4538 lignum,
2579 4485 2687 4524 non
2722 4470 2930 4536 fenum,
2965 4488 3072 4527 non
3105 4474 3392 4543 stipulam,
3435 4477 3532 4531 sed

1969 4573 2186 4622 aurum,
2225 4567 2533 4630 argentum,
2569 4558 2774 4628 lapides
2826 4563 3097 4629 pretiosos
3120 4564 3188 4619 ⁸⁸.
3218 4563 3412 4620 Pastor
3438 4568 3540 4621 es?

1968 4649 2187 4704 attende
2246 4666 2314 4705 ne
2373 4660 2424 4704 te
2473 4651 2768 4720 quidquam
2814 4668 3002 4707 eorum
3049 4671 3170 4724 qua:
3219 4657 3285 4710 ad
3335 4673 3537 4712 munus

1967 4743 2238 4812 pastorale
2264 4743 2517 4807 attinent,
2548 4754 2852 4813 prtetereat.
2902 4745 3026 4801 Haec
3059 4757 3236 4802 autem
3269 4749 3401 4818 quid
3432 4752 3537 4805 sibi

2387 4899 2430 4929 ³⁵
2479 4897 2621 4953 l’sal.
2669 4917 2868 4964 cxvm,
2924 4904 3042 4957 155.
3119 4906 3165 4936 ⁸⁸
3220 4906 3397 4960 ICor.
3447 4924 3538 4968 ιιι,

2050 5119 2179 5206 (25)
2209 5118 2431 5206 Veteres
2466 5123 2674 5204 aliquot
2721 5124 2848 5206 libri.
2880 5125 3132 5206 ἑκάστου.
3169 5127 3370 5206 Ibidem
3403 5129 3534 5206 Ileg.

2283 5189 2465 5284 Eolb.)
2486 5189 2692 5260 primus
2723 5195 2870 5284 κατά³
2905 5196 3208 5284 ἁκρίέειαν,
3238 5200 3396 5253 male.
3432 5189 3538 5253 Μίιτ

1980 5261 2541 5354 ita/gnultglpostlduo
2572 5278 2707 5354 Imss.
2733 5263 2883 5354 παρὰ
2905 5261 2998 5354 τοῦ
3031 5268 3254 5348 Κυρίου.
3306 5340 3316 5349 ⁸
3528 5342 3542 5354 .

2051 5328 2164 5412 (26)
2205 5328 2442 5412 Editi-et
2475 5332 2641 5412 μου).
2678 5328 2870 5412 tertius
2908 5336 3091 5412 ὅμοιος
3120 5328 3237 5412 σιξ),
3269 5339 3461 5412 similis
3491 5342 3541 5395 ei

1978 5400 2086 5485 qui,
2117 5406 2223 5485 etc.
2254 5400 2336 5479 At.
2361 5400 2508 5481 Regii
2536 5401 2748 5485 primus
2771 5411 2824 5456 et
2842 5400 3266 5485 tertiusottoi'to;
3291 5409 3389 5478 τῷ,
3423 5426 3540 5476 per-

1980 5467 2100 5548 ipde
2129 5478 2281 5548 atque
2319 5470 2365 5522 is
2411 5467 2695 5538 qni—etc”
2726 5476 2971 5548 _rec1ius.
3008 5467 3123 5531 Hoc
3176 5467 3294 5548 ipso
3333 5467 3386 5532 in
3422 5467 3542 5534 loco

1980 5537 2370 5613 Coib;_pt:i_ntus
2398 5537 2835 5613 προσευχομένῳ.

2052 5607 2164 5678 (27)
2206 5607 2427 5663 Veteres
2445 5607 2566 5663 ’ἀιιο
2601 5607 2722 5665 ἱὶιιινί
2751 5607 3125 5672 καταῦαλέτω.
3160 5618 3343 5675 Codex
3383 5619 3548 5674 Com-

1983 5677 2089 5733 bel'.
2125 5677 2422 5733 καταϐαλλέ
2432 5697 2522 5732 τω.
