4052 6214
407 365 411 368 ν
484 293 597 351 ’20:

1772 293 1833 351 S.
1872 290 2118 347 BASILII
2156 289 2349 344 MAGN
2358 290 2377 343 ι

3652 300 3760 355 208

495 410 718 466 volunt?
763 408 871 463 Fac
921 409 1154 464 reducas
1207 408 1578 464 errabundum
1634 425 1826 480 pecus,
1880 411 2061 481 obliga

2166 410 2364 462 λόντων
2401 411 2467 480 τῇ
2507 412 2860 481 ποιμαντικῇ.
2890 409 3075 463 Ταῦτα
3119 410 3177 465 δέ
3207 414 3314 465 είσι
3338 412 3450 485 (28)
3495 418 3658 482 nota;
3683 416 3765 474 Τὸ

495 504 815 567 contritum,
868 517 1071 573 aegrum
1117 515 1273 556 sana.
1314 500 1569 572 Agricola
1597 503 1644 557 si
1682 500 1873 571 fueris,
1908 504 2070 562 ﬁcum

496 596 893 650 infructuosam
924 593 1330 659 circumfodito,
1355 599 1411 650 et
1442 608 1507 649 ea
1528 609 1650 665 qua:
1679 593 2071 654 fecunditatem

490 689 682 757 juvant
732 700 942 755 appone
985 686 1051 740 ⁸’.
1104 684 1187 739 Tu
1239 685 1334 756 qui
1383 684 1543 742 miles
1586 685 1633 719 ⁸⁸
1662 700 1745 753 es,
1798 688 2072 745 collabora

493 779 779 850 Evangelia
812 778 857 813 ”
892 797 905 832 :
936 777 1109 833 milita
1137 776 1340 835 bonam
1372 778 1625 834 militiam
1652 779 1700 812 ”
1731 789 1926 836 contra
1954 783 2072 853 spi-

493 872 638 927 ritus
673 871 932 941 nequitias
960 871 1029 936 ",
1088 870 1355 928 adversus
1400 870 1660 929 libidines
1709 873 1918 939 carnis,
1975 891 2070 932 as~

493 979 650 1018 sume
708 979 929 1020 onmem
991 973 1325 1020 armaturam
1379 962 1473 1022 Dei
1514 964 1562 997 "
1593 982 1607 1019 :
1644 979 1716 1021 ne
1768 965 2068 1036 impliceris

492 1056 618 1111 vitae
663 1055 900 1127 negotiis
928 1055 997 1122 ”,
1042 1064 1105 1111 ut
1156 1057 1205 1111 ei
1236 1057 1332 1126 qui
1374 1064 1427 1113 te
1470 1057 1527 1112 in
1560 1057 1815 1114 militiam
1843 1060 2065 1132 delegit,

492 1148 733 1218 placeas.
765 1147 984 1203 Athleta
1025 1148 1122 1204 es?
1172 1148 1393 1204 attende
1441 1148 1541 1205 tibi
1593 1148 1723 1219 ipsi,
1775 1165 1846 1207 ne
1901 1166 2069 1223 quam

492 1238 662 1307 legem
692 1237 1009 1293 athleticam
1057 1237 1507 1309 transgrediaris.
1562 1237 1876 1296 Coronatur
1917 1241 2068 1298 enim

492 1343 674 1390 nemo,
709 1328 818 1384 nisi
842 1328 1084 1400 legitime
1114 1330 1409 1385 certaverit
1442 1329 1510 1385 “.
1563 1330 1786 1387 Imitare
1832 1330 2066 1389 Paulum

490 1428 545 1473 et
568 1429 902 1489 currentem,
930 1428 983 1476 et
1008 1422 1328 1487 luctantem,
1345 1430 1399 1479 et
1426 1423 1625 1494 pugnis
1650 1432 1953 1482 certantem
1978 1428 2023 1460 ’⁵
2048 1443 2064 1481 :

490 1520 548 1565 tu
578 1512 790 1579 itidem,
822 1514 971 1570 velut
1011 1515 1189 1571 bonus
1218 1516 1393 1587 pugil,
1426 1516 1598 1571 animi
1641 1518 1863 1574 oculum
1887 1520 2068 1575 omni-

489 1621 563 1660 no
588 1604 859 1661 intentum
888 1606 1050 1662 habe.
1100 1605 1295 1662 Partes
1325 1607 1637 1679 praecipuas
1684 1609 1926 1682 obtegito
1969 1612 2068 1667 oh-

457 1693 635 1763 .jectu
689 1710 990 1761 manuum;
1050 1696 1281 1753 intentis
1350 1698 1406 1752 in
1457 1698 1839 1754 adversarium
1888 1701 2066 1757 oculis

489 1792 633 1839 esto.
683 1783 927 1842 Extende
960 1793 1015 1840 te
1062 1785 1116 1840 in
1162 1786 1419 1843 cursibus
1457 1787 1527 1842 ad
1554 1788 1830 1845 anteriora
1863 1791 1930 1844 9‘.
1973 1790 2066 1849 Sic
2096 1769 2138 1825 Β

491 1891 677 1944 curre,
715 1886 775 1932 ut
808 1877 1246 1947 comprehendas
1293 1878 1364 1939 ’⁷.
1398 1877 1625 1951 Oppone
1658 1889 1711 1936 te
1763 1881 2062 1939 invisibili-

491 1967 598 2024 bus
637 1967 971 2025 adversariis
1004 1969 1060 2024 in
1101 1970 1425 2027 luctatione.
1472 1970 1609 2028 Esse
1636 1964 1716 2028 ‘te
1766 1973 2062 2044 ejusmodi,

489 2059 678 2129 quoad
733 2060 903 2127 vives,
935 2061 1051 2117 haec
1100 2063 1372 2118 sententia
1417 2064 1554 2129 vult,
1608 2080 1722 2121 non
1765 2066 2066 2123 conciden-

489 2160 600 2207 tem
629 2152 838 2218 animo,
867 2168 1046 2225 neque
1087 2154 1471 2223 dormientem,
1508 2157 1604 2215 sed
1630 2158 1813 2215 sobrie
1842 2166 1897 2215 et
1926 2160 2065 2233 vigi-

490 2245 671 2299 lanter
703 2245 803 2300 tibi
839 2245 942 2316 ipsi
975 2246 1382 2317 praesidentem.

557 2423 613 2481 5.
655 2422 879 2478 Deﬁciet
915 2439 1003 2480 me
1032 2424 1171 2491 dies,
1209 2425 1256 2482 si
1283 2442 1512 2484 narrare
1535 2443 1757 2501 pergam
1790 2438 1905 2486 tum
1946 2441 2066 2489 stu-

487 2518 577 2572 dia
612 2533 802 2574 eorum
824 2519 919 2589 qui
944 2518 1239 2591 Evangelio
1268 2520 1474 2577 Christi
1504 2537 1729 2594 operam
1760 2524 1914 2593 dant,
1947 2531 2063 2581 tum

487 2611 598 2665 vim
628 2611 908 2681 praecepti,
948 2611 1200 2667 videlicet
1244 2628 1411 2683 quam
1449 2616 1738 2671 conveniat
1776 2617 2057 2675 omnibus.

486 2702 722 2757 Attende
762 2701 859 2757 tibi
920 2703 1063 2773 ipsi;
1117 2704 1339 2760 sobrius
1389 2712 1531 2771 esto,
1582 2714 1735 2763 utere
1795 2708 2063 2776 consiliis,

488 2792 846 2861 praesentium
868 2800 1081 2860 custos,
1100 2792 1275 2849 futuri
1296 2796 1571 2867 provisor.
1600 2795 1756 2864 Quod
1779 2798 1893 2869 jam
1921 2815 2064 2871 pra:-

489 2898 620 2939 sens
646 2891 751 2948 est,
783 2898 895 2955 prae
915 2884 1148 2955 segnitie
1170 2901 1239 2941 ne
1266 2886 1477 2952 amitte,
1503 2903 1681 2959 neque
1705 2904 1916 2958 eorum,
1944 2906 2065 2963 quae

489 2988 600 3028 non
628 2983 779 3039 sunt,
810 2990 914 3031 nec
942 2974 1086 3032 forte
1107 2975 1295 3032 futura
1325 2985 1478 3044 sunt,
1504 2980 1664 3052 quasi
1688 2981 1805 3051 jam
1849 2982 1909 3038 in
1943 2999 2065 3039 ma-

469 3066 652 3123 vnibus
697 3066 831 3132 sint,
864 3066 963 3123 tibi
984 3070 1243 3138 promitte
1285 3071 1715 3142 possessionem.
1751 3072 1944 3132 Nonne
1973 3076 2063 3132 hic

488 3156 715 3212 morbus
740 3164 940 3217 natura
989 3157 1193 3215 insitus
1242 3164 1329 3215 est
1360 3159 1826 3228 adolescentibus,
1879 3171 1940 3219 ut
1991 3166 2064 3221 ob

488 3250 689 3305 mentis
732 3249 1009 3307 levitatem
1067 3250 1269 3306 habere
1314 3267 1376 3307 se
1414 3251 1525 3322 jam
1574 3261 1766 3324 putent
1810 3258 2064 3327 sperata?

477 3335 623 3392 'Nam
674 3339 721 3394 si
752 3339 973 3409 quando
1005 3340 1178 3395 otium
1231 3340 1380 3395 nacti
1425 3340 1648 3409 fuerint,
1683 3351 1779 3398 aut
1824 3345 2066 3415 quietem

487 3437 837 3496 nocturnam,
869 3431 1137 3502 imagines
1178 3432 1446 3503 quasdam
1483 3449 1667 3489 rerum
1718 3450 1828 3490 non
1881 3437 2064 3493 subsi-

487 3522 750 3579 stentium
783 3522 891 3579 sibi
922 3524 1026 3594 ipsi
1047 3524 1237 3581 animo
1269 3526 1504 3597 lingunt,
1535 3533 1589 3582 et
1628 3543 1739 3598 pra:
1761 3529 1963 3585 mentis
1986 3530 2067 3584 in-

487 3614 785 3671 stabiiitate
820 3614 1076 3672 feruntur
1102 3616 1157 3670 in
1182 3617 1390 3683 omnia,
1416 3618 1739 3689 pollicentes
1763 3620 1867 3676 sibi
1890 3621 2067 3691 splen-

487 3706 673 3762 dorem
699 3707 843 3773 vitae,
880 3709 1100 3779 nuptias
1133 3708 1398 3774 illustres,
1436 3726 1789 3767 numerosam
1830 3726 1895 3767 ac
1940 3711 2063 3767 fau-

480 3807 628 3854 stam
672 3800 938 3867 sobolem,
995 3802 1295 3873 longaevam
1342 3812 1702 3868 senectutem.
1737 3804 2065 3862 deferendos

486 3890 557 3945 ab
584 3892 838 3950 omnibus
866 3894 1122 3950 honores.
1154 3895 1364 3952 Deinde
1386 3912 1510 3951 cum
1534 3898 1685 3953 nulla
1739 3898 1794 3953 in
1832 3912 1893 3954 re
1938 3915 2065 3969 pos-

486 3985 601 4039 sint
630 3998 758 4054 spes
811 4001 941 4041 suas
985 3985 1201 4054 sistere,
1232 3987 1299 4041 ad
1327 4002 1393 4042 ea
1440 4004 1564 4059 quae
1621 3988 1765 4046 inter
1811 3990 2064 4046 homines

488 4075 723 4130 maxima
739 4086 885 4141 sunt,
914 4076 1088 4132 nimio
1109 4077 1278 4132 animi
1304 4086 1517 4135 tumore
1532 4079 1841 4151 rapiuntur.
1861 4078 2063 4137 Domos

2173 501 2588 572 πεπλανημένον
2620 500 2936 572 ἐπίστρεφε,
2976 500 3038 555 τὸ
3076 504 3532 576 συντετριμμένον
3564 507 3759 578 ἐπίδη-

2173 608 2285 658 σον,
2319 592 2382 645 τὸ
2419 590 2606 647 νοσοῦν
2653 592 2823 646 ίασαι.
2869 593 2925 646 '0
2963 594 3225 664 γεωργὸς,
3269 598 3614 669 περίσκαπτε
3657 600 3762 673 τὴν

2170 683 2418 755 ἄκαρπον
2452 686 2643 757 συκῆν,
2675 685 2772 739 καὶ⁵
2801 685 3057 739 ἐπίϐαλλε
3093 686 3164 741 τὰ
3189 687 3327 760 πρὸς
3366 689 3622 762 βοήθειαν
3654 695 3760 764 τῆς

2173 775 2556 846 καρπογονίας.
2587 776 2646 829 '0
2696 775 3056 849 στρατιώτης,
3087 780 3651 849 συνκακοπάθησον
3674 780 3760 848 τῷ

2169 869 2515 938 Εὑαηιελίῳ
2551 868 2685 940 (29),
2722 870 3026 943 στρατεύου·
3073 871 3174 943 τὴν
3235 871 3406 944 καλὴν
3462 874 3757 946 στρατείαν

2169 960 2310 1014 κατά
2330 960 2439 1015 τῶν
2476 961 2801 1032 πνευμάτων
2828 962 2926 1033 τῆς
2959 963 3243 1033 πονηρίας,
3260 964 3401 1017 κατά
3420 964 3532 1019 τῶν
3560 964 3760 1021 παθῶν

2167 1052 2267 1122 τῆς
2300 1052 2519 1123 σαρκὸς,
2551 1052 2785 1107 ἀνάλαϐε
2812 1055 2991 1108 πᾶσαν
3020 1052 3119 1125 τὴν
3149 1055 3448 1109 πανοπλίαν
3470 1055 3565 1110 τοῦ
3587 1056 3752 1111 Θεοῦ·

2171 1143 2245 1215 μὴ
2296 1143 2569 1214 ἐμπλέκου
2617 1145 2739 1207 ταῖς
2794 1142 2888 1197 τοῦ
2927 1142 3042 1213 βίου
3084 1144 3509 1215 πραγματείαις,
3555 1145 3642 1199 ἵνα
3670 1145 3755 1217 τῷ

2169 1236 2658 1308 στρατολογήσαντι
2684 1235 2909 1308 ἀρέσῃς.
2953 1235 3011 1288 '0
3030 1234 3291 1307 ἀθλητὴς,
3321 1236 3557 1308 πρόσεχε
3588 1253 3756 1290 σεαυ⁴

2165 1328 2264 1399 τῷ,
2310 1328 2384 1399 μή
2421 1326 2525 1383 πού
2558 1345 2679 1382 τινα
2722 1327 2977 1399 παραϐῇς
3026 1327 3134 1380 τῶν
3189 1326 3498 1399 ἀθλητικῶν
3542 1328 3748 1398 νόμων.

2167 1421 2357 1483 Οὐδεὶς
2403 1419 2514 1490 γὰρ
2550 1419 2934 1489 στεφανοῦται,
2975 1419 3072 1473 ἐὰν
3108 1419 3182 1492 μὴ
3216 1419 3462 1490 νομίμως
3510 1419 3747 1491 ἀθλήσῃ.

2166 1509 2351 1583 Μιμοῦ
2376 1511 2468 1565 τὸν
2491 1509 2724 1577 Παῦλον,
2748 1511 2843 1565 καὶ¹
2865 1511 3144 1584 τρέχοντα,
3174 1513 3267 1566 καὶ
3297 1510 3614 1576 παλαίοντα,
3649 1509 3752 1565 καὶ

2166 1602 2539 1658 πυκτεύοντα·
2576 1603 2670 1657 καὶ
2700 1602 2882 1669 αὐτὸς,
2912 1602 3220 1672 ώςοάγαθὸς
3246 1602 3477 1674 πύκτης,
3500 1602 3752 1673 ἀμετεώ-

2169 1705 2353 1760 ριστον
2403 1688 2494 1760 ἔχε
2541 1690 2603 1745 τὸ
2643 1691 2743 1762 τῆς
2792 1689 2971 1761 ψυχῆς
3010 1690 3229 1762 βλέμμα
3270 1691 3404 1763 (50).
3455 1691 3632 1745 Σκέπε
3673 1693 3750 1747 τά

2165 1782 2357 1853 καίρια
2380 1783 2446 1853 τῇ
2474 1780 2710 1854 προϐολῇ
2739 1780 2848 1836 τῶν
2870 1781 3097 1852 χειρῶν·
3132 1783 3317 1847 ἀτενὲς
3342 1782 3403 1837 τὸ
3429 1782 3582 1854 ὄμμα
3604 1783 3749 1854 πρὸς

2165 1872 2257 1925 τὸν
2305 1871 2596 1928 ἀντίπαλον
2655 1871 2814 1927 ἔστω.
2857 1872 2948 1927 Ἐν
2972 1874 3085 1937 τοῖς
3112 1873 3333 1945 δρόμοις
3380 1877 3494 1938 τοῖς
3535 1872 3749 1945 ἐμπρο-

2168 1963 2290 2017 σθεν
2318 1963 2827 2019 ἐπεκτείνου.0’ύτω
2861 1964 3044 2036 τρέχε,
3069 1965 3156 2019 ἵνα
3184 1964 3516 2039 καταλάϐῃς.
3555 1966 3642 2019 Ἐν
3674 1968 3747 2038 τῇ

2166 2056 2312 2130 πάλῃ
2327 2059 2439 2120 τοῖς
2462 2055 2713 2128 ἀοράτοις
2734 2057 3119 2123 ἀνταγωνίζου.
3145 2056 3396 2111 Τοιοῦτόν
3414 2075 3473 2111 σε
3494 2052 3632 2113 εἶναι
3654 2057 3751 2112 διὰ

2166 2148 2327 2219 βίουό
2352 2148 2509 2217 λόγος
2542 2147 2809 2219 βούλεται,
2842 2147 2918 2221 μὴ
2951 2149 3401 2214 ἀναπεπτωκότα,
3442 2150 3576 2222 μηδὲ
3606 2150 3749 2205 καθ-

2164 2239 2403 2305 εύδοντα,
2466 2239 2602 2292 ἀλλά
2685 2238 2962 2309 νηφόντως
3028 2239 3123 2292 καὶ
3181 2241 3563 2312 ἐγρηγορότως
3614 2241 3749 2295 ἐαυ-

2163 2330 2257 2386 τοῦ
2288 2332 2400 2401 (51)
2433 2332 2770 2403 προεστῶτα.
3606 2344 3619 2354 ·

2235 2422 2289 2477 5.
2324 2421 2621 2491 Ἐπιλείψει
2640 2438 2707 2493 με
2735 2423 2767 2493 ἡ
2794 2422 2977 2493 ἡμέρα
2999 2421 3349 2494 διηγούμενον
3363 2422 3431 2476 τά
3458 2439 3518 2475 τε
3546 2422 3748 2493 ἐπιτη-

2163 2512 2404 2584 δεύματα
2446 2515 2554 2567 τῶν
2601 2514 3005 2586 συνεργούντων
3056 2516 3135 2578 είς
3169 2515 3229 2568 τὸ
3266 2514 3593 2584 Εὐαγγέλιον
3643 2513 3745 2567 τοῦ

2161 2604 2421 2676 Χριστοῦ,
2462 2607 2556 2661 καὶ
2582 2606 2681 2678 τὴν
2725 2607 2953 2678 δύναμιν
2988 2606 3081 2660 τοῦ
3128 2607 3566 2678 προστάγματος,
3592 2607 3748 2671 ὅπως

2165 2697 2518 2768 εὐαρμόστως
2535 2698 2648 2770 ἔχει
2664 2699 2777 2771 (52)
2792 2699 2929 2771 πρὸς
2949 2700 3213 2762 ἅπαντας.
3236 2698 3479 2771 Πρόσεχε
3506 2697 3745 2769 σεαυτῷ·

2163 2787 2425 2860 νηφάλιος
2480 2789 2595 2855 ἐσο,
2659 2790 3024 2861 βουλευτικὸς,
3064 2790 3175 2844 τῶν
3218 2790 3500 2862 παρόντων
3543 2789 3743 2860 φύλαξ,

2165 2881 2523 2953 προνοητικὸς
2549 2881 2643 2935 τοῦ
2672 2881 2976 2954 μέλλοντος.
2993 2883 3084 2954 Μὴ
3114 2883 3175 2937 τὸ
3207 2882 3305 2953 μὲν
3330 2883 3429 2954 ήδη
3461 2883 3633 2955 παρὸν
3653 2882 3752 2939 διὰ

2168 2972 2438 3045 ῥᾳθυμίας
2480 2974 2724 3046 προῖεσο,
2781 2974 2890 3028 τῶν
2920 2975 2979 3029 δὲ
3026 2976 3162 3047 μήτε
3213 2976 3383 3029 ὄντων
3438 2977 3577 3047 μήτε
3620 2977 3751 3029 ὲσο-

2169 3066 2346 3136 μένων
2401 3066 2583 3137 τυχὸν,
2619 3066 2696 3130 ὡς
2751 3067 2809 3120 ἐν
2865 3068 3053 3138 χερσὶν
3096 3068 3286 3132 ὅντων,
3319 3069 3420 3140 τὴν
3443 3069 3748 3126 ἀπόλαυσιν

2166 3159 2474 3212 ὐποτίθεσο.
2507 3160 2579 3212 Ἢ
2611 3160 2732 3229 οὐχὶ
2787 3158 2948 3229 φύσει
3000 3159 3233 3232 ὑπάρχει
3284 3160 3348 3215 τὸ
3397 3160 3750 3233 ἀρρώστημα.

2164 3250 2322 3305 τοῦτο
2353 3254 2468 3315 τοῖς
2500 3251 2661 3315 νέοις,
2690 3252 2990 3324 κουφότητι
3021 3252 3247 3324 γνώμης
3278 3252 3421 3324 ἔχειν
3449 3254 3550 3324 ἤδη
3581 3254 3750 3324 νομί-

2165 3340 2279 3405 ζειν
2325 3340 2396 3395 τὰ
2433 3341 2791 3407 ἐλπισθέντα;
2825 3342 2993 3396 ’Ὀταν
3039 3342 3149 3413 γάρ
3201 3359 3332 3396 ποτε
3363 3343 3601 3415 ἠρεμίας
3652 3342 3750 3397 λά-

2164 3430 2390 3496 ϐωνται,
2418 3431 2452 3503 ἢ
2486 3430 2720 3503 ἡσυχίας
2756 3432 3098 3504 νυκτερινῆς,
3130 3432 3560 3487 ἀναπλάττουσιν
3606 3434 3746 3487 ἐαυ-

2162 3525 2276 3586 τοῖς
2313 3523 2612 3592 φαντασίας
2650 3524 3075 3590 ἀνυποστάτους,
3120 3527 3187 3596 τῇ
3232 3524 3452 3596 εὐκολίᾳ
3480 3525 3580 3596 τῆς
3617 3525 3747 3579 δια-

2164 3615 2313 3679 νοίας
2354 3616 2449 3669 ἐπὶ
2499 3615 2680 3671 πάντα
2720 3618 3043 3689 φερόμενοι·
3086 3618 3465 3688 ὑποτιθέμενοι
3505 3635 3749 3689 περιφα-

2164 3707 2312 3771 νείας
2344 3706 2483 3777 βίου,
2503 3708 2714 3780 γάμους
2730 3708 3033 3781 λαμπροὺς,
3053 3710 3358 3774 εὐπαιδίαν,
3381 3711 3555 3782 γῆρας
3577 3710 3747 3781 βαθὺ,

2163 3797 2262 3862 τὰς
2302 3797 2453 3871 παρά
2480 3800 2696 3854 πάντων
2732 3801 2916 3870 τιμάς.
2943 3797 3078 3855 Εἶτα
3111 3800 3377 3875 μηδαμοῦι
3411 3802 3599 3872 στῆναι
3628 3802 3746 3855 τῶν

2165 3888 2395 3943 ἐλπίδων
2426 3890 2734 3962 δυνάμενοι,
2775 3892 2911 3963 πρὸς
2952 3893 3019 3948 τὰ
3052 3893 3284 3964 μέγιστα
3310 3894 3420 3947 τῶν
3450 3894 3507 3947 ἐν
3530 3892 3750 3965 ἀνθρά-

2164 4000 2287 4047 ποις
2326 3983 2765 4055 ὑπερφυσῶνται.
2807 3984 3002 4049 Οῐκους
3031 3986 3266 4040 κτῶνται
3291 3987 3490 4050 καλοὺς
3518 3989 3610 4041 καὶ
3641 4006 3751 4058 με·-

2164 4074 2389 4144 γάλους·
2444 4074 2831 4147 πληρώσαντες
2877 4077 3099 4142 τούτους
3145 4078 3499 4133 παντοδαπῶν
3539 4096 3746 4151 κειμη-

486 4167 749 4236 pulchras
794 4176 1114 4238 comparant
1153 4178 1206 4225 et
1265 4170 1496 4241 amplas,
1536 4186 1676 4242 quas
1718 4172 1958 4243 pretiosa
1998 4188 2064 4226 ac

2166 4166 2291 4222 λίων
2311 4208 2325 4233 ,
2353 4168 2459 4239 γῆν
2492 4169 2944 4241 περιϐάλλονται,
2973 4172 3106 4243 ὅσην
3137 4171 3202 4225 ἂν
3235 4173 3417 4235 αὐτοῖς
3444 4175 3477 4243 ἡ
3509 4175 3743 4243 ματαιό-

488 4258 778 4328 omnigena
836 4260 1177 4330 supellectile
1222 4261 1468 4332 replent;
1529 4267 1743 4316 tantum
1797 4261 2065 4331 adjiciunt

2166 4277 2264 4331 της
2307 4259 2414 4315 τῶν
2466 4261 2743 4331 λογισμῶν
2789 4262 2890 4333 τῆς
2939 4262 3067 4333 ὅλης
3102 4263 3332 4328 κτίσεως
3370 4264 3744 4335 ἀποτέμηται.

487 4357 647 4405 terra
676 4350 731 4404 in
756 4349 1011 4416 circuitu,
1049 4358 1315 4423 quantum
1340 4366 1481 4407 vana
1511 4367 1703 4408 eorum
1727 4352 2062 4424 cogitatione

2166 4351 2333 4405 Πάλιν
2377 4353 2475 4416 τὰς
2522 4351 2772 4406 ἐντεῦθεν
2802 4354 3064 4425 εὐπορίας
3097 4358 3220 4419 ταῖς
3244 4356 3345 4427 τῆς
3381 4356 3747 4426 ματαιότητος

488 4460 519 4499 a
545 4451 660 4499 toto
699 4451 972 4498 terrarum
1015 4444 1149 4499 orbe
1191 4444 1490 4500 rescissum
1527 4454 1631 4501 est.
1673 4443 1888 4499 Rursus
1933 4459 2061 4515 pro-

2166 4442 2467 4515 άποθηκαις
2486 4445 2914 4500 ὲναποκλείουσι.
2931 4444 3290 4517 Προστιθέασι
3309 4446 3518 4509 τούτοις
3543 4444 3749 4516 βοσκή-

489 4535 770 4589 venientes
797 4534 948 4588 illinc
981 4534 1193 4589 reditus
1221 4534 1278 4589 in
1316 4534 1576 4589 vanitatis
1627 4534 1842 4591 horreis
1883 4534 2061 4590 inclu-

2170 4550 2335 4604 ματα,
2381 4535 2605 4588 οἰκετῶν
2639 4535 2841 4606 πλῆθος
2885 4535 3117 4608 ἀριθμὸν
3174 4538 3533 4609 ὐπερϐαῖνον,
3565 4537 3749 4608 ἀρχὰς

484 4627 643 4681 dunt.
701 4624 798 4681 His
850 4624 1058 4680 addunt
1103 4640 1322 4696 pecora,
1368 4625 1709 4681 innumeram
1772 4640 2057 4681 servorum

2166 4624 2466 4689 πολιτικὰς,
2501 4627 2796 4697 ἡγεμονίας
2827 4628 3020 4691 ἐθνῶν,
3058 4629 3409 4699 στρατηγίας,
3445 4628 3749 4698 πολέμους,

487 4729 747 4782 turmam,
790 4718 1145 4787 magistratus
1173 4718 1383 4784 civiles,
1418 4718 1759 4789 principatus
1787 4717 2054 4788 gentium,

2166 4715 2420 4787 τρόπαια,
2450 4716 2726 4787 βασιλείαν
2752 4719 2945 4790 αὐτήν.
2988 4719 3172 4773 Πάντα
3209 4720 3380 4774 ταῦτα
3407 4721 3519 4783 τοῖς
3558 4719 3755 4775 διακέ-

485 4810 715 4879 imperia
755 4810 1036 4873 militaria,
1066 4810 1227 4875 bella,
1256 4808 1496 4879 trophsea
1553 4808 1793 4879 denique
1824 4824 2053 4879 regnum

2166 4824 2271 4870 νοις
2311 4808 2410 4878 τῆς
2458 4809 2698 4874 διανοίας
2746 4810 3124 4883 ἀναπλασμοῖς
3155 4811 3491 4879 ἐπελθόντες,
3514 4812 3619 4866 ὐπὸ
3640 4812 3752 4884 τῆς

556 5013 600 5043 ³⁷
638 5012 771 5064 Luc.
805 5025 939 5073 xm,
975 5008 1027 5063 8.
1104 5007 1149 5079 ξδ
1189 5004 1232 5059 ll
1261 5002 1526 5079 _Tim_._tl_.
1560 5005 1611 5059 3.
1646 5005 1747 5079 __"_
1774 5002 1823 5079 ΙΙ
1857 5003 2002 5058 Tim.
2043 5020 2057 5058 ι

2169 5044 2184 5060 .
2253 5004 2392 5079 λξθ]
2424 5005 2572 5079 Tim.
2624 5025 2678 5071 ι,
2715 5008 2802 5063 18.
2894 5010 2937 5041 ’ί
2981 5009 3177 5079 Epiros.
3220 5025 3305 5075 γι,
3352 5010 3439 5067 12.
3515 5014 3561 5045 ’⁸
3601 5012 3747 5071 ibid.

488 5083 577 5136 i5.
650 5082 696 5114 ⁹³
739 5080 779 5133 ll
818 5072 960 5134 Tim.
998 5095 1069 5144 ιι,
1103 5077 1156 5132 4.
1231 5077 1279 5110 ⁸⁸
1318 5074 1452 5132 ibid.
1494 5075 1546 5130 5.
1642 5076 1689 5106 ”
1729 5073 1749 5127 Ι
1782 5072 1913 5129 Cor.
1952 5088 2006 5129 Ix
2031 5114 2046 5141 ,

2166 5117 2172 5130 .
2251 5077 2298 5108 "
2333 5075 2573 5148 Philipp.
2618 5093 2718 5142 ιιι,
2756 5080 2843 5133 15.
2920 5079 2963 5111 ’⁷
3003 5072 3041 5134 Ι’
3058 5078 3184 5135 Cor.
3224 5072 3317 5146 ιι,
3352 5081 3444 5136 24.

558 5216 679 5337 ('28?)
707 5213 1056 5293 Unus-codex
1084 5212 1239 5268 Colb.
1267 5211 1453 5265 Ταῦτα
1481 5211 1539 5264 δέ
1572 5212 1709 5264 ἐστι.
1745 5210 1868 5266 Mox
1901 5211 2046 5266 idem

558 5304 591 5344 ι.
621 5304 651 5337 τ
681 5300 1011 5354 νᾼνοσουντα.
1039 5284 1211 5354 male.
1231 5352 1242 5354 4
1450 5350 1473 5354 _
1515 5350 1576 5354 ψ
1731 5349 1742 5354 Α
1771 5350 1781 5354 _
1872 5351 1883 5354 _

2175 5211 2357 5266 addita
2381 5213 2473 5268 sit.
2511 5212 2635 5269 Mox
2662 5229 2693 5269 e
2740 5215 2963 5285 regione
2990 5215 3144 5270 vocis
3177 5216 3371 5286 καίρια
3399 5231 3505 5270 vox
3533 5216 3754 5354 ἂχικά

2175 5282 2228 5335 in
2270 5281 2427 5354 Colb.
2461 5284 2638 5352 primo
2675 5285 2897 5353 legitur.
2942 5285 3135 5340 Utrum
3168 5292 3350 5341 autem
3383 5303 3487 5341 vox
3612 5290 3753 5354 χιγσά

486 5281 591 5344 ms,
621 5281 1011 5356 τὸν-νοσοῦντα.
1039 5284 1245 5356 male._
1449 5350 1474 5356 _
1515 5350 1577 5356 ,υ
1731 5349 1744 5356 ,
1770 5350 1782 5356 ,
1871 5351 1884 5356 -

2175 5282 2228 5335 in
2270 5281 2427 5356 Colb.
2461 5284 2638 5356 primo
2675 5281 2897 5353 legitur.
2942 5285 3135 5340 Utrum
3168 5281 3350 5341 autem
3383 5303 3487 5341 vox
3533 5281 3753 5356 ψυχιγςά

558 5356 668 5429 (29)
710 5352 866 5429 Ill-nd,
900 5350 1486 5429 συγκακοπάθησοντῷ
1513 5349 1847 5429 Εὐᾳγγελίῳ,
1871 5351 2040 5404 inter-

2173 5352 2319 5429 varia
2354 5349 2514 5407 lectio
2537 5354 2630 5414 sit.
2657 5349 3055 5411 an'declaratio
3088 5357 3245 5410 vocis
3280 5356 3472 5428 καίρια
3502 5349 3754 5413 viderint

487 5421 710 5498 pretans
757 5421 1051 5498 Erasmus,
1099 5421 1311 5498 videtur
1351 5421 1465 5477 vim
1500 5422 2029 5498 v_erbi_au~{xaxom-
2169 5422 2283 5498 alii.

487 5490 599 5552 δεῖν
635 5511 739 5549 non
780 5493 1323 5566 maleexprcssisse,
1355 5490 1598 5566 cum_ita
1654 5490 2043 5566 interpretatus

2240 5490 2353 5566 (ξι)
2387 5490 2546 5566 _B_egii
2569 5494 2678 5566 duo
2706 5494 2927 5566 codices
2961 5494 3096 5550 ἀλλὰ
3123 5496 3456 5566 νήφοντι...
3488 5494 3753 5566 σεαυτοῦ.

487 5574 781 5639 εδινιμιιξιο
811 5559 1077 5639 particeps
1100 5562 1436 5639 aﬂlictiqnum
1468 5559 1758 5639 Epangeiii.
1800 5559 1811 5560 ί
1877 5630 1890 5639 ⁸
1974 5629 1999 5639 _

2202 5559 2351 5639 η(δῇ
2372 5559 2548 5627 τυιιὶιε.
2574 5564 2747 5639 codex
2774 5563 2932 5623 Colb.
2965 5559 3321 5639 εὐαρμόστως
3349 5565 3469 5637 ἔχη.
3504 5565 3650 5621 Editi
3694 5576 3753 5623 et

561 5636 674 5705 (50)
713 5635 771 5689 In
812 5629 949 5703 Reg.
995 5629 1173 5703 primo
1205 5632 1479 5705 scripturn
1511 5629 1823 5705 invenimus
1862 5629 2041 5705 ψυχῆς
2166 5629 2260 5687 alii
2291 5631 2401 5689 duo
2426 5648 2559 5689 mss.
2597 5633 2726 5705 ἔχει.

489 5700 667 5779 ὄμμα,
703 5705 796 5763 sed
844 5700 921 5758 ita
952 5700 1155 5770 tamen,
1185 5710 1247 5758 ut
1288 5700 1390 5757 vo:
1434 5700 1650 5772 βλέμμα
1692 5701 1746 5756 in
1786 5716 1884 5756 ora
1917 5701 2043 5756 libri
