4052 6214
277 382 369 438 209

1147 389 1426 446 HOMILIA
1469 392 1536 447 IN
1575 393 1800 460 ILLUD,
1843 396 2196 452 ATTENDE
2245 400 2403 454 TIBI
2448 401 2631 459 IPSI.

3439 402 3556 460 210·

279 500 405 565 ἄγαν
447 498 630 562 ἀνοίας
669 500 979 556 ἀπολαύειν
1011 504 1228 560 δοκοῦσι
1259 508 1369 561 τῶν
1398 509 1764 565 ἐλπισθέντων
1796 515 1861 578 ὡς

1974 517 2176 585 ipsum.
2209 515 2335 572 Hmc
2363 520 2546 572 omnia
2586 519 2681 574 ubi
2721 516 2976 572 inanibus
3011 517 3178 572 animi
3222 522 3550 576 commentis

280 588 372 658 ἢδη
418 588 704 658 παρόντων
756 591 858 644 καὶ
904 594 966 646 ὲν
987 596 1118 648 ποσὶ
1151 598 1420 666 κειμένων
1453 600 1659 664 αὐτοῖς.
1709 602 1868 658 ’Ἰδιον

283 681 606 767 ἀρρώστημα
663 685 828 738 τοῦτο
869 689 1056 759 ἀργῆς
1108 693 1203 745 καὶ
1244 692 1490 764 ῥᾳθύμου
1533 691 1738 767 ψυχῆς,
1785 699 1871 752 ὲν-

286 775 435 828 ύπνια
451 765 666 844 βλέπειν
692 778 1069 851 ἐγρηγορότος
1085 783 1177 835 τοῦ
1193 784 1681 859 σώματος.Ταύτην
1691 791 1869 844 τοίνυν

283 867 373 934 τὴν
393 867 698 936 χαυνότητα
730 869 833 938 τῆς
864 870 1125 936 διανοίας,
1157 874 1250 927 καὶ
1274 875 1373 947 τὴν
1423 877 1728 951 φλεγμονὴν
1759 881 1869 934 τῶν

283 958 541 1027 λογισμῶν
575 961 936 1025 καταπιέζων
965 965 993 1017 ὁ
1031 954 1207 1034 λόγος,
1238 969 1331 1022 καὶ
1373 965 1483 1023 οἷον
1530 973 1730 1044 χαλινῷ
1760 993 1867 1029 τινι

283 1050 585 1120 ἀνακφύων
643 1052 750 1122 τῆς
785 1053 1030 1119 διανοίας
1084 1059 1146 1110 τὸ
1200 1058 1454 1124 ἄστατον,
1498 1066 1866 1135 παραγγέλλει

281 1140 334 1192 τδ
383 1142 529 1210 μέγα
582 1142 749 1196 τοῦτο
803 1147 898 1199 καὶ
947 1149 1110 1216 σοφὸν
1153 1152 1548 1224 παράγγελμα·
1592 1159 1864 1228 Σεαυτῷ,

281 1234 436 1302 φησι,
486 1237 792 1306 πρόσεχε·
843 1241 916 1310 μὴ
964 1242 1350 1314 ὑποτιθέμενος
1388 1249 1456 1302 τὰ
1505 1251 1863 1324 ἀνύπαρκτα,

278 1325 406 1414 ἀλλὰ
451 1326 521 1378 τὰ
566 1330 820 1400 παρόντα
875 1332 1014 1404 πρὸς
1059 1335 1120 1387 τὸ
1167 1338 1442 1410 συμφέρον
1475 1340 1860 1414 διατιθέμενος.

278 1412 440 1486 Οἶμαι
477 1419 568 1484 δὲ,
628 1422 857 1476 κάκεῖνο
906 1425 969 1477 τὸ
1017 1426 1188 1491 πάθος
1235 1429 1554 1500 ἐξαιροῦντα
1591 1434 1688 1504 τῆς
1736 1451 1862 1491 συν-

275 1509 490 1578 ηθείας,
520 1511 704 1585 ταύτῃ
738 1515 1046 1585 χρήσασθαι
1073 1521 1139 1589 τῇ
1174 1521 1489 1591 παραινέσει
1519 1523 1610 1576 τὸν
1644 1526 1867 1596 νομοθέ-

273 1617 387 1669 την.
417 1601 647 1674 Ἐπειδὴ
675 1604 858 1674 ῥᾴδιον
886 1607 1102 1678 ἑκάστῳ
1126 1609 1280 1679 ἡμῶν
1307 1611 1780 1684 πολυπραγμονεῖν
1795 1617 1864 1672 τὰ

271 1690 544 1762 ἀλλότρια,
583 1693 618 1764 ῆ
661 1698 733 1747 τὰ
758 1697 934 1750 οίκεῖα
967 1699 1160 1751 ἑαυτοῦ
1184 1701 1632 1758 διασκέπτεσθαι·
1665 1707 1752 1761 ἵνα
1787 1707 1862 1780 μὴ

269 1783 424 1836 τοῦτο
456 1787 787 1858 πάσχωμεν,
821 1789 1058 1857 Παῦσαι,
1091 1794 1245 1864 φησὶ,
1271 1794 1342 1848 τε
1373 1795 1469 1848 τοῦ
1501 1797 1672 1862 δεῖνος
1714 1799 1862 1854 κακὰ

269 1878 775 1948 περιεργαζόμενος
800 1898 814 1910 ·
848 1882 922 1953 μὴ
946 1884 1091 1937 δίδου
1127 1885 1320 1957 σχολὴν
1349 1889 1461 1951 τοῖς
1491 1888 1773 1960 λογισμοῖς
1801 1892 1862 1946 τὸ

269 1967 548 2039 ἀλλότριον
591 1969 869 2035 ἐξετάζειν
900 1975 1154 2047 ἀρῤὡστη
1165 1994 1238 2045 μα
1260 1994 1274 2007 ·
1304 1976 1438 2032 ἀλλὰ
1472 1979 1653 2051 σαυτῷ
1693 1983 1863 2054 πρόσ-

267 2076 390 2130 εχε·
434 2061 744 2127 τουτέστιν,
794 2065 888 2117 ἐπὶ
920 2065 1019 2136 τὴν
1049 2067 1253 2121 οἰκείαν
1286 2068 1510 2139 ἔρευναν
1535 2073 1734 2143 στρέφε
1766 2091 1860 2128 σου

265 2153 328 2204 τὸ
353 2152 510 2223 ὄμμα
539 2156 647 2225 τῆς
673 2155 872 2226 ψυχῆς.
910 2157 1102 2211 Πολλοὶ
1128 2161 1254 2230 γὰρ,
1289 2162 1430 2215 κατὰ
1451 2163 1542 2217 τὸν
1573 2162 1727 2234 λόγον
1765 2165 1859 2220 τοῦ

266 2244 496 2314 Κυρίου,
537 2246 604 2298 τὸ
639 2247 742 2316 μὲν
762 2247 974 2319 κάρφος
1012 2249 1073 2302 τὸ
1105 2252 1161 2304 ἐν
1187 2251 1264 2322 τῷ
1293 2253 1554 2324 ὀφθαλμῷ
1578 2257 1674 2309 τοῦ
1716 2257 1864 2311 ἀδελ-

269 2335 366 2403 φοῦ
397 2338 761 2405 κατανοοῦσι,
793 2339 891 2410 τὴν
921 2339 979 2392 δὲ
1005 2342 1065 2392 ὲν
1098 2341 1172 2412 τῷ
1205 2345 1388 2416 οἰκείῳ
1415 2345 1676 2418 ὀφθαλμῷ
1705 2348 1862 2403 δοκὸν

266 2425 362 2475 οὐκ
414 2425 781 2494 ἐμϐλέπουσι.
840 2431 933 2500 Μὴ
979 2430 1166 2504 παύσῃ
1217 2433 1395 2488 τοίνυν
1439 2435 1862 2509 διερευνώμενος

269 2521 517 2584 σεαυτὸν,
552 2520 613 2573 ετ
643 2539 729 2574 σοι
762 2525 884 2576 κατ’
913 2525 1134 2596 ἐντολὴν
1173 2527 1204 2578 ὁ
1242 2526 1356 2596 βίος
1391 2529 1636 2600 πρόεισιν
1659 2548 1674 2562 ·
1724 2531 1862 2586 ἀλλὰ

269 2612 343 2681 μὴ
381 2614 450 2665 τὰ
481 2613 593 2676 ἔξω
639 2616 990 2686 περισκόπει,
1038 2618 1092 2670 εῐ
1129 2619 1231 2672 πού
1274 2638 1420 2686 τινος
1467 2623 1660 2695 μῶμον
1707 2625 1860 2691 ἐξευ-

270 2706 383 2774 ρεῖν
422 2704 722 2777 δυνηθείης
763 2710 901 2779 (55),
934 2710 1078 2766 κατὰ
1121 2713 1210 2767 τὸν
1236 2715 1525 2786 Φαρισαῖον
1562 2718 1655 2771 τὸν
1689 2718 1862 2791 βαρὺν

270 2797 472 2849 ἐκεῖνον
514 2797 616 2850 καὶ
659 2799 930 2866 ἀλαζόνα,
976 2802 1036 2866 ὃς
1074 2805 1317 2876 εἱστήκει
1368 2808 1560 2862 ἑαυτὸν
1601 2810 1860 2880 δικαιῶν,

270 2889 482 2942 καὶτὸν
522 2890 772 2962 τελώνην
824 2894 1253 2960 κατευτελίζωνο
1288 2897 1426 2952 ἀλλὰ
1463 2900 1688 2955 σεαυτὸν
1727 2904 1862 2957 ἁνα-

270 2981 465 3052 κρίνων
491 2983 570 3055 μὴ
600 2984 862 3059 διαλίπῃς
876 2987 1011 3058 (54),
1046 2991 1119 3061 μή
1151 3008 1201 3044 τι
1241 2993 1382 3046 κατᾶ
1411 2993 1509 3058 τὰς
1535 2993 1863 3066 ἐνθυμήσεις

270 3075 534 3144 ἥμαρτες,
571 3077 649 3147 μή
681 3094 738 3129 τι
782 3080 815 3149 ἡ
859 3078 1080 3146 γλῶσσα
1131 3081 1443 3153 παρώλισθε
1487 3084 1586 3156 τῆς
1623 3084 1863 3149 διανοίας

271 3167 755 3237 πφεκδραμκοῦσα,
788 3169 864 3239 μὴ
909 3171 968 3224 ὲν
1001 3175 1113 3234 τοῖς
1153 3171 1332 3242 ἔργοις
1373 3174 1481 3227 τῶν
1518 3177 1719 3248 χειρῶν
1760 3178 1861 3232 πέ-

273 3259 509 3326 πρακταί
556 3277 612 3312 τι
652 3260 765 3312 τῶν
812 3261 1144 3334 ἀϐουλήτων.
1188 3264 1307 3318 Κᾶν
1339 3264 1506 3338 εὕρῃς
1541 3269 1597 3320 ἐν
1636 3268 1716 3338 τῷ

277 3350 492 3403 σεαυτοῦ
519 3351 697 3404 πολλὰ
734 3351 801 3404 τὰ
854 3355 1225 3425 ἁμαρτήματα
1258 3357 1533 3429 (εὑρήσεις
1565 3360 1622 3412 δὲ
1645 3359 1864 3424 πάντως

273 3437 553 3508 angam;
597 3440 722 3507 ὧν),
756 3441 882 3510 λέγε
932 3444 1002 3496 τὰ
1024 3443 1118 3497 τοῦ
1146 3445 1372 3500 τελώνου
1394 3465 1407 3477 ·
1450 3449 1500 3499 Ὁ
1542 3449 1703 3514 Θεὸς,
1731 3449 1863 3503 ἱλά-

273 3535 445 3598 σθητί
473 3552 580 3601 μοι
617 3533 702 3599 τῷ
735 3535 1084 3604 ἁμαρτωλῷ.
1133 3539 1399 3608 Πρόσεχε
1459 3535 1555 3593 οὖν
1605 3540 1860 3606 σεαυτῷ.

273 3623 436 3676 Τοῦτό
465 3643 547 3678 σοι
580 3626 642 3678 τὸ
675 3627 831 3696 ῥῆμα
869 3627 965 3680 καὶ
1004 3628 1271 3700 λαμπρῶς
1317 3632 1673 3702 εὐημεροῦντι
1709 3649 1860 3700 ποτε,

274 3713 360 3764 καὶ
383 3715 588 3778 παντὸς
621 3715 720 3768 τοῦ
748 3715 865 3785 βίου
901 3716 1043 3770 κατὰ
1060 3717 1184 3787 ῥοῦν
1223 3720 1547 3789 φερομένου,
1579 3721 1864 3792 χρησίμως

276 3807 714 3875 παραστήσεται,
744 3806 936 3879 ὥσπερ
965 3825 1048 3869 τις
1070 3809 1271 3874 ἀγαθὸς
1295 3811 1358 3862 σύ
1367 3811 1596 3882 μεουλος
1621 3814 1864 3884 ὑπόμνη-

276 3912 352 3948 σιν
393 3897 580 3968 φέρων
607 3897 721 3949 τῶν
745 3897 1122 3969 ἀνθρωπίνων.
1155 3902 1263 3954 Καὶ
1290 3903 1472 3972 μέντοι
1508 3906 1599 3957 καὶ
1622 3904 1728 3957 ὑπὸ
1761 3922 1860 3958 πε-

278 3990 571 4056 ριστάσεων
591 3989 709 4057 (55)
731 3988 1038 4059 πιεζομένῳ
1059 3993 1116 4045 ἐν
1135 3992 1309 4062 καιρῷ
1327 3993 1392 4046 ἂν
1415 3994 1625 4062 γένοιτο
1649 3999 1714 4067 τῇ
1732 4013 1864 4069 καρ-

276 4079 356 4149 δία
394 4081 866 4151 κατεπᾳῶμενον,
903 4082 978 4145 ὡς
1022 4084 1157 4153 μήτε
1192 4083 1344 4154 τύφῳ
1378 4086 1514 4156 πρὸς
1545 4087 1861 4151 ἀλαζονείαν

279 4170 579 4249 ὑπέρογκον
617 4171 959 4241 ἐπαρθῆναι,
993 4173 1130 4241 μήτε
1165 4172 1470 4240 ἀπογνώσει
1521 4175 1657 4245 πρὸς
1691 4177 1860 4248 ἀγενῆ

277 4262 575 4334 δυσθυμίαν
605 4265 965 4316 καταπεσεῖν.
997 4263 1220 4333 Πλούτῳ
1248 4267 1426 4336 κομᾷς
1445 4307 1459 4331 ,
1485 4266 1578 4320 καὶ
1613 4269 1704 4320 ἐπὶ
1729 4287 1861 4340 προ-

275 4356 446 4422 γόνοις
504 4355 658 4426 μέγα
716 4359 968 4428 φρονεῖς;
1023 4360 1117 4411 καὶ
1170 4358 1453 4431 ἐπαγάλλῃ
1495 4361 1716 4431 πατρίδι
1766 4363 1860 4414 καὶ

500 4447 760 4518 σώματος
780 4488 794 4512 ,
853 4449 946 4502 καὶ
987 4451 1109 4511 ταῖς
1161 4449 1311 4521 παρὰ
1369 4449 1587 4502 πάντων
1639 4453 1856 4520 τιμαῖς;

1972 621 2324 674 recensuere,
2371 609 2479 664 sibi
2521 626 2632 680 pra:
2682 611 2849 664 nimia
2886 611 3182 666 stoliditate
3212 611 3315 678 21
3357 611 3549 666 viden-

1971 704 2058 750 tur
2100 701 2334 769 speratis
2389 701 2534 756 velut
2563 701 2677 771 jam
2730 703 3092 772 praesentibus
3149 711 3202 756 et
3261 703 3366 757 sibi
3419 712 3548 757 ante

1970 791 2135 862 pedes
2168 793 2367 863 positis
2421 794 2552 848 frui.
2601 795 2827 867 Propria
2870 797 2991 852 ιιωο
3027 805 3109 850 cst
3158 797 3321 852 otiosi
3357 811 3421 851 ac
3451 813 3545 854 so-

1969 883 2154 938 cordis
2185 883 2353 938 animi
2399 887 2688 954 aegritudo,
2731 888 2788 941 in
2833 887 2982 958 vigili
3017 903 3246 958 corpore
3275 887 3544 946 insomnia

1968 989 2218 1032 cernere.
2256 976 2408 1032 lianc
2440 978 2628 1049 itaque
2672 977 2873 1034 mentis
2913 979 3195 1034 laxitatem
3254 988 3309 1035 et
3339 981 3546 1050 cogita-

1967 1070 2178 1124 tionum
2215 1077 2486 1124 tumorem
2531 1069 2903 1140 comprimens
2951 1068 3262 1140 Scriptura,
3307 1080 3361 1125 et
3397 1071 3546 1146 velut

1967 1159 2125 1214 freno
2207 1159 2445 1229 quodam
2533 1161 2732 1215 mentis
2819 1159 3247 1214 inconstantiam
3326 1174 3542 1220 arcens,

1965 1267 2223 1323 magnum
2263 1251 2370 1306 hoc
2420 1267 2484 1308 ac
2541 1253 2759 1323 sapiens
2816 1259 3144 1322 praeceptum
3207 1251 3541 1305 annuntiat:

1969 1340 2088 1394 Tibi
2128 1341 2252 1410 ipsi,
2298 1341 2495 1412 inquit,
2541 1340 2773 1406 attende,
2828 1355 3174 1412 nequaquam
3221 1341 3544 1410 promittens

1965 1432 2062 1487 tibi
2099 1448 2222 1503 qua:
2273 1448 2386 1488 non
2423 1432 2729 1497 exsistunt,
2785 1432 2881 1488 sed
2926 1433 3214 1502 praesentia
3243 1432 3307 1484 ad
3342 1430 3546 1484 utilita-

1965 1531 2073 1576 tem
2127 1530 2280 1577 tuam
2335 1523 2599 1594 dirigens.
2656 1521 2924 1577 Existimo
2975 1531 3155 1576 autem
3202 1522 3324 1575 ideo
3384 1537 3542 1575 usum

1965 1613 2138 1669 fuisse
2160 1614 2265 1668 hac
2291 1614 2665 1669 admonitione
2697 1615 3088 1684 legislatorem,
3122 1620 3181 1666 ut
3205 1613 3338 1666 illud
3375 1612 3540 1666 etiam

1963 1701 2154 1754 vitium
2190 1701 2262 1755 ab
2283 1701 2564 1756 hominum
2605 1703 3003 1757 consuetudine
3029 1702 3367 1756 amandaret.
3404 1701 3544 1767 Quia

1965 1793 2260 1864 unicuique
2290 1801 2539 1848 nostrum
2571 1792 2786 1849 facilius
2816 1803 2898 1848 est
2932 1793 3108 1848 aliena
3139 1793 3359 1848 curiose
3387 1793 3544 1847 inda-

1961 1900 2110 1958 gare,
2138 1900 2303 1957 quam
2333 1902 2432 1943 sua
2472 1887 2647 1957 ipsius
2667 1902 2731 1941 ac
2776 1887 2997 1958 propria
3020 1886 3348 1956 expendere,
3385 1893 3443 1939 ut
3475 1901 3545 1940 ne

1962 1977 2124 2033 nobis
2175 1979 2232 2033 id
2279 1978 2532 2034 accidat:
2585 1977 2805 2042 Desine,
2850 1979 3048 2049 inquit,
3089 1979 3316 2034 alterius
3353 1977 3542 2047 cujus-

1963 2069 2110 2138 piam
2143 2069 2287 2122 mala
2343 2070 2658 2140 explorare;
2714 2085 2848 2124 cave
2895 2069 3324 2140 cogitationibus
3369 2069 3544 2122 otium

1962 2153 2180 2215 dederis
2207 2160 2447 2215 alienum
2475 2161 2728 2216 morbum
2763 2161 3076 2230 inquirendi
3111 2179 3123 2214 :
3165 2161 3260 2215 sed
3298 2159 3394 2213 tibi
3436 2159 3544 2228 ipsi

1962 2251 2224 2308 attende:
2257 2253 2362 2307 hoc
2411 2260 2516 2319 est,
2567 2253 2633 2306 ad
2665 2253 2898 2324 teipsum
2924 2252 3383 2323 perscrutandum
3411 2266 3546 2305 con-

1961 2351 2114 2399 verte
2138 2344 2328 2399 oculos
2367 2344 2536 2398 animi
2567 2345 2668 2398 tui.
2701 2341 2842 2398 Sunt
2881 2344 3027 2399 enim
3067 2358 3170 2397 nec
3212 2344 3396 2414 pauci,
3449 2343 3544 2412 qui

1957 2436 2116 2506 juxta
2146 2435 2359 2490 Domini
2387 2435 2553 2491 verba
2597 2436 2666 2502 ⁹⁶,
2709 2434 2974 2492 festucam
3027 2436 3248 2507 quidem
3296 2436 3544 2492 animad-

1963 2537 2182 2585 vertunt
2206 2529 2262 2584 in
2291 2529 2453 2586 oculo
2478 2528 2682 2594 fratris,
2718 2530 2928 2584 trabem
2981 2543 3112 2584 vero
3154 2529 3211 2584 in
3263 2545 3367 2585 suo
3398 2531 3545 2601 ipso—

1961 2635 2084 2674 rum
2114 2620 2275 2675 oculo
2308 2636 2416 2675 non
2447 2620 2650 2676 vident.
2687 2619 2831 2676 Cave
2864 2619 3032 2691 igitur
3073 2636 3258 2677 cesses
3300 2637 3547 2692 perscru-

1963 2713 2066 2768 tari
2103 2713 2362 2784 teipsum,
2403 2729 2471 2768 an
2500 2721 2777 2784 praecepto
2815 2721 3185 2782 congruenter
3209 2714 3544 2770 convenien-

1963 2813 2152 2874 terque
2185 2803 2292 2857 vita
2331 2803 2431 2859 tibi
2470 2803 2770 2872 procedat:
2820 2818 2886 2859 ea
2925 2811 3107 2858 autem
3162 2819 3284 2874 quae
3331 2805 3543 2859 extrin-

1962 2908 2126 2948 secus
2181 2899 2424 2947 suntne
2465 2892 2852 2962 circumspice,
2909 2893 3172 2949 numcubi
3233 2893 3540 2964 cujuspiam

1961 2982 2394 3054 reprehendendi
2419 2983 2598 3037 locum
2628 2984 2811 3053 possis
2845 2983 3112 3048 invenire,
3142 2999 3361 3056 gravem
3387 2985 3543 3039 illum

1963 3083 2419 3145 arrogantemque
2481 3074 2822 3130 Pharisaeom
2898 3075 3162 3140 imitatus,
3217 3077 3307 3146 qui
3388 3083 3543 3132 stans

1887 3197 1929 3257 α
1964 3166 2204 3236 seipsum
2225 3165 2586 3234 justiiicabat,
2613 3179 2678 3219 ac
2707 3165 3062 3236 publicanum
3101 3164 3336 3220 habebat
3360 3165 3543 3235 chpi-

1965 3258 2115 3312 catui
2154 3259 2223 3310 ⁸³.
2256 3255 2371 3312 lmo
2400 3271 2531 3312 vero
2559 3271 2629 3312 ne
2656 3255 2984 3311 intermittas
3031 3257 3266 3327 teipsum
3310 3273 3542 3327 percon-

1961 3348 2088 3413 tari,
2117 3349 2364 3418 nunquid
2381 3347 2681 3418 deliqueris
2709 3347 3063 3417 cogitatione,
3078 3347 3324 3417 nunquid
3355 3348 3542 3419 lingua

1961 3439 2162 3496 labarit
2191 3447 2431 3495 mentem
2477 3454 2844 3510 praecurrens,
2895 3439 3145 3509 nunquid
3186 3442 3242 3492 in
3278 3453 3539 3493 manuum

1963 3525 2222 3596 operibus
2256 3524 2464 3581 factum
2527 3526 2600 3581 sit
2631 3525 2932 3598 quidquam
2979 3528 3350 3582 temerarium.
3383 3528 3541 3594 Quod

1963 3619 2008 3675 si
2042 3618 2098 3672 in
2132 3618 2243 3674 vita
2272 3626 2364 3672 tua
2396 3625 2450 3674 te
2481 3619 2655 3674 multa
2685 3617 2984 3687 deliquisse
3027 3618 3302 3673 inveneris
3331 3619 3349 3690 (
3386 3635 3543 3688 pror-

1963 3725 2060 3766 sus
2097 3716 2280 3764 autem
2311 3695 2583 3777 invenies,
2612 3711 2779 3765 homo
2808 3725 2935 3764 cum
2966 3711 3087 3780 sis),
3139 3712 3303 3766 verba
3357 3712 3542 3782 profer

1963 3801 2289 3872 publicani:
2324 3801 2490 3867 Deus,
2547 3802 2806 3871 propitius
2865 3810 2976 3856 esto
3028 3803 3155 3856 milii
3203 3805 3470 3870 peccatori
3498 3806 3540 3862 ί.

1961 3892 2385 3965 Attende.igitur
2413 3893 2506 3946 tibi
2539 3895 2663 3964 ipsi.
2696 3893 2810 3948 Hoc
2845 3893 3072 3948 verbum
3118 3895 3239 3958 tibi,
3275 3902 3329 3948 et
3356 3895 3540 3963 splen-

1963 3984 2094 4039 dido
2121 3999 2186 4038 ac
2211 3983 2358 4039 felici
2397 4000 2578 4040 rerum
2605 4000 2866 4040 successu
2900 3987 3096 4050 utenti,
3137 3994 3191 4042 et
3222 3987 3389 4041 vitam
3423 4003 3542 4043 om-

1961 4094 2086 4132 nem
2119 4078 2364 4134 secundo
2398 4076 2624 4133 ﬂumine
2652 4078 2984 4144 traducenti,
3023 4079 3287 4135 assidebit
3312 4080 3536 4145 utiliter,

1962 4170 2108 4226 sicut
2159 4169 2321 4240 quasi
2387 4170 2569 4226 bonus
2618 4171 2893 4242 quispiam
2941 4171 3297 4227 consiliarius
3356 4189 3539 4228 rerum

1960 4262 2324 4316 humanarum
2355 4269 2612 4333 suggerat
2638 4263 2981 4318 memoriam.
3017 4263 3083 4316 Et
3117 4279 3433 4335 quanquam
3458 4265 3540 4317 af-

1961 4353 2188 4409 ﬂicteris
2225 4353 2474 4409 adversis
2525 4353 2772 4418 casibus,
2808 4363 3116 4425 opportune
3163 4366 3342 4427 potest
3385 4359 3536 4411 cordi

1960 4453 2056 4502 tuo
2077 4447 2274 4513 accini,
2297 4454 2360 4500 ut
2393 4462 2570 4518 neque
2596 4446 2740 4502 fastu
2773 4447 3016 4503 tumidus
3048 4449 3299 4504 eveharis
3344 4449 3410 4502 ad
3454 4449 3540 4518 ia.-

276 4537 510 4607 Πρόσεχε
559 4537 797 4606 σεαυτῷ,
825 4537 904 4588 ὅτι
946 4539 1137 4607 θνητὸς
1179 4533 1248 4601 εἴ,
1278 4540 1398 4592 Ὅτι
1423 4539 1499 4608 γῆ
1525 4536 1597 4602 εἶ,
1634 4539 1731 4593 καὶ
1768 4544 1855 4606 εἰς

1962 4539 2178 4593 ctantiae
2209 4538 2435 4605 vitium;
2482 4555 2662 4608 neque
2695 4539 3077 4610 desperatione
3106 4539 3175 4593 ad
3212 4541 3535 4610 degenerem

273 4627 384 4696 γῆν
424 4629 767 4696 ἀπελεύσῃ.
801 4627 1130 4700 Περίϐλεψαι
1181 4632 1307 4693 τοὺς
1347 4631 1453 4702 πρὸ
1507 4632 1601 4685 σοῦ
1644 4635 1702 4687 ὲν
1741 4637 1857 4697 ταῖς

271 4720 478 4790 ὁμοίαις
512 4719 902 4790 περιφανείαις
934 4718 1340 4784 ὲξετασθέντας.
1367 4722 1476 4775 Ποῦ
1500 4724 1548 4775 οἱ
1589 4724 1685 4787 τὰς
1708 4724 1858 4778 πολι-

273 4810 421 4874 τικὰς
469 4811 802 4872 δυναστείας
832 4811 1311 4882 περιϐεϐλημένοι;
1344 4813 1445 4866 ποῦ
1480 4816 1526 4866 oi
1566 4814 1856 4886 δυσμαχώ-

274 4919 412 4957 τατοι
443 4905 721 4976 ρήτορες;
758 4902 861 4955 ποῦ
895 4906 943 4956 οἱ
980 4902 1079 4967 τὰς
1118 4905 1452 4976 πανηγύρεις
1500 4906 1855 4974 διατιθέντες;

273 4999 318 5048 oi
338 4996 586 5068 λαμπροὶ
628 4996 976 5065 ίπποτῴφοι,
1004 4997 1053 5048 οἱ
1095 4997 1416 5067 στρατηγοὶ,
1455 4998 1505 5048 οί
1545 4998 1856 5068 σατράπαι,

279 5089 319 5139 si
343 5087 635 5158 τύραννος
670 5088 744 5140 οὐ
785 5089 960 5140 πάντα
986 5087 1134 5149 κόνις
1160 5104 1173 5151 ;
1207 5088 1266 5139 οὐ
1304 5089 1480 5140 πάντα
1509 5087 1714 5157 μῦθος;
1745 5089 1858 5141 Ούκ

280 5181 326 5234 ἰν
365 5180 565 5250 ὀλίγοις
600 5179 812 5243 ὀστέοις
846 5179 914 5232 τὰ
948 5179 1266 5250 μνημόσυνα
1301 5180 1412 5250 (56)
1443 5181 1542 5250 τῆς
1590 5181 1732 5250 ζωῆς
1765 5180 1860 5232 αὐ-

1555 5337 1569 5366 ¹
1613 5335 1743 5390 ibid.
1782 5335 1867 5388 15.

341 5340 383 5370 ’⁸
420 5338 614 5393 Matth.
649 5353 757 5402 vn,
792 5338 847 5390 5.
927 5337 973 5369 ⁹⁹
1011 5333 1144 5388 Luc.
1180 5350 1311 5388 xvm
1337 5378 1349 5401 ,
1389 5335 1477 5389 Η.

342 5493 447 5560 (35)
486 5493 633 5548 Editi
676 5489 1200 5563 6owﬂﬁ;._hntiqui
1232 5489 1486 5563 sex_|ibri
1535 5489 1842 5560 δυνηθείης.

283 5563 388 5617 Mox
418 5559 527 5617 duo
555 5559 1137 5631 Coiberti—niwzsltbvnv
1155 5560 1521 5624 ἐξευτελίζων.

346 5633 448 5697 (⁵4)
487 5635 615 5706 Reg.
650 5631 987 5706 primuspfr,
1019 5630 1319 5706 διαλείπῃς.
1357 5631 1503 5706 llaud
1539 5633 1695 5700 longe
1731 5641 1840 5685 tres

284 5719 402 5774 mss.
427 5699 1095 5774 γλῶσῖτππαρωλίσθὴσε.
1132 5699 1274 5754 Editi
1303 5710 1356 5755 et
1383 5702 1493 5755 duo
1525 5699 1657 5756 mss.
1697 5718 1860 5772 παρ»,

284 5771 479 5828 ὤλισθε.

348 5844 448 5916 (55)
487 5844 539 5902 in
565 5847 721 5904 Colb.
761 5843 934 5900 tertio
971 5857 1069 5912 pro
1107 5843 1472 5915 περιστάσεων
1507 5841 1700 5914 legitur
1733 5857 1829 5894 πε-

1965 4629 2281 4685 mmstitiam
2313 4628 2608 4685 delabaris.
2643 4629 2837 4685 Efferis
2885 4631 2954 4685 ob
2998 4630 3257 4685 divitias?
3280 4630 3456 4699 jactas
3486 4638 3539 4682 te

1963 4721 2034 4774 ob
2068 4720 2340 4789 majorum
2374 4721 2758 4776 nobilitatem?
2794 4721 2861 4776 de
2906 4721 3081 4791 patria
3127 4737 3191 4777 ac
3232 4721 3539 4791 pulchritu-

1964 4811 2092 4866 dine
2120 4813 2390 4883 corporis,
2419 4813 2595 4884 deque
2624 4813 2823 4870 delatis
2845 4816 2912 4869 ab
2938 4816 3193 4870 omnibus
3236 4815 3552 4870 honoribus.

1961 4903 2255 4973 gloriaris?-
2308 4905 2543 4962 Attende
2605 4906 2705 4962 tibi
2764 4893 3095 4977 ipsi,'quod
3145 4907 3392 4961 mortalis
3452 4923 3534 4971 es,

1963 4997 2117 5064 Quod
2161 5006 2303 5053 terra
2359 5015 2436 5061 es,
2466 5007 2516 5053 et
2560 4999 2616 5053 in
2668 5007 2866 5053 terram
2914 5001 3184 5052 reverteris
3211 5000 3253 5050 '.
3285 4997 3535 5052 Circum-

1963 5088 2114 5155 spice
2140 5103 2236 5144 eos
2266 5089 2359 5159 qui
2392 5097 2520 5144 ante
2546 5097 2599 5143 te
2637 5089 2906 5159 degerunt
2959 5088 3014 5141 in
3050 5086 3324 5144 similibus
3353 5089 3537 5157 splen--

1962 5178 2214 5236 doribus.
2246 5179 2348 5236 Ubi
2388 5188 2517 5234 sunt
2553 5181 2646 5250 qui
2676 5179 3030 5250 magistratus
3063 5178 3251 5234 civiles
3284 5180 3539 5250 gessere?

1944 5337 1963 5365 ³
2003 5335 2201 5389 Genes.
2241 5352 2342 5397 ιιι,
2380 5335 2465 5387 19.

1977 5493 2296 5563 ριστάσεως.
2326 5491 2633 5560 Aliquando
2667 5498 2795 5563 post
2821 5491 2950 5545 editi
2983 5491 3136 5561 τύφῳ
3175 5509 3247 5543 τι.
3283 5490 3386 5563 sed
3434 5505 3532 5563 vo-

1970 5559 2146 5616 culam
2170 5582 2219 5616 τι
2243 5559 2634 5632 ειιριιιικίιιιιιε,
2653 5559 2754 5614 lide
2777 5571 3018 5614 veterum
3045 5559 3306 5632 librorum
3338 5559 3528 5613 innixi.

2038 5634 2148 5704 (56)
2177 5631 2548 5704 Ιῖίιςξρζίιιιιις
2569 5632 2628 5684 τδ
2656 5634 3018 5704 μνημόσυνον.
3043 5631 3157 5704 Mox
3178 5631 3531 5704 editi_"E~{xo-

1963 5701 2061 5772 ψον
2112 5701 2168 5757 ἐν
2208 5701 2353 5765 τοῖςξ
2380 5702 2582 5757 Vocula
2619 5701 2674 5754 ἐν
2705 5701 2779 5757 et
2810 5703 2863 5756 in
2924 5719 3055 5756 mss.
3097 5701 3344 5756 Combcf.
3389 5710 3440 5753 et
3477 5716 3532 5752 tn

1963 5777 2165 5830 nostris
2196 5775 2365 5829 deest.
