4052 6214
467 273 567 345 ιιι

1767 280 1825 336 S.
1866 281 2113 338 BASILII
2151 281 2364 338 MAGNI

3622 278 3737 333 2:2

470 397 564 450 ubi
615 393 863 450 rhetores
896 395 974 450 illi
1021 394 1511 467 inexpugnabiles?
1557 397 1648 452 ubi
1706 398 1799 468 qui
1836 400 2045 455 consti-

2166 401 2286 465 τῶν;
2322 398 2599 469 Ἐγκυψον
2623 399 2737 461 τοῖς
2772 395 2983 466 τάφοις,
3027 398 3076 449 εἰ
3113 395 3316 467 δυνήσῃ
3343 395 3612 467 διακρῖναι
3646 399 3737 460 τίς

474 495 696 543 tuerunt
725 496 1028 544 conventus
1050 489 1341 559 publicos?
1367 491 1456 544 ubi
1504 491 1747 548 illustres
1782 509 2047 563 equorum

470 580 695 644 altores,
723 583 1063 636 exercituum
1113 580 1305 646 duces,
1351 591 1607 653 satrapae,
1645 585 1909 654 tyranni?
1937 584 2050 638 An-

472 687 582 726 non
616 673 798 727 omnia
849 673 1067 743 pulvis?
1108 688 1293 728 annon
1345 673 1527 728 omnia
1582 673 1807 728 fabula?
1851 673 2048 729 Annon

470 765 596 819 vitae
634 765 880 835 ipsorum
911 767 1174 821 memoria
1204 774 1566 823 conservatur
1596 767 1651 822 in
1681 769 1872 837 paucis
1905 769 2050 824 ossi—

469 857 609 911 bus?
666 856 985 927 Conspicito
1042 859 1318 927 sepulcra,
1354 876 1485 914 num
1516 861 1698 931 possis
1727 878 1949 917 servum
1979 863 2049 918 ab

470 948 623 1011 hero,
686 957 741 1003 et
791 964 1085 1020 pauperem
1126 964 1156 1003 a
1188 950 1354 1007 divite
1384 952 1723 1009 discernere.
1764 953 2045 1021 Discerne,

2154 497 2183 547 ὁ
2216 493 2454 564 οἰκέτης,
2492 493 2585 547 καὶ
2614 491 2698 555 τίς
2720 492 2749 544 ὁ
2779 489 3045 559 δεσπότης
3065 505 3079 519 ο
3102 488 3187 551 τίς
3222 489 3251 541 ό
3275 488 3506 558 πτωχὸς,
3529 489 3625 542 καὶ
3648 488 3740 551 τίς

2154 589 2184 640 ὁ
2231 585 2506 649 πλούσιος.
2540 586 2848 656 Διάκρινον,
2881 581 2935 635 εἴ
2974 580 3056 645 τίς
3104 597 3186 634 σοι
3229 579 3477 650 δύναμις,
3517 579 3608 633 τὸν
3649 579 3743 635 δέ-

2157 695 2316 750 σμιον
2358 676 2469 731 ἀπὸ
2496 675 2589 729 τοῦ
2619 674 2901 746 βασιλέως*
2927 673 3019 727 τὸν
3044 670 3261 742 ἰσχυρὸν
3302 671 3417 732 ἀπα
3453 669 3546 723 τοῦ
3580 669 3742 722 ἀσθε-

2155 770 2301 833 νοῦς,
2339 769 2431 822 τὸν
2454 769 2705 839 εὐπρεπῆ
2739 767 2848 820 ἀπὸ
2883 764 2978 819 τοῦ
3019 760 3313 825 δυσειδοῦς.
3369 762 3742 833 Μεμνημένος

2154 857 2248 916 οῦν
2262 860 2362 931 τῆς
2383 861 2618 929 φύσεως,
2638 859 2749 912 ὀὐκ
2765 857 3052 930 ὲπαρθήσῃ
3072 854 3203 910 ποτέ
3222 870 3237 887 ·
3269 855 3525 927 μεμνήσῃ
3541 856 3597 908 δὲ
3614 872 3746 908 σαυο

2154 953 2248 1007 τοῦ
2272 952 2405 1022 (57),
2436 952 2533 1006 ἐὰν
2565 950 2839 1022 προσέχῃς
2858 946 3093 1019 σεαυτῷ.
3764 968 3769 975 ·

469 1042 516 1094 si
566 1057 678 1112 quo
727 1042 891 1098 modo
929 1051 1109 1114 potes,
1154 1044 1403 1099 vinctum
1441 1061 1472 1100 a
1512 1062 1659 1117 rege,
1692 1046 1890 1102 fortem
1938 1063 1970 1102 a
2000 1046 2192 1111 debili,
2232 1045 2535 1101 formosum
2586 1060 2617 1097 a
2665 1043 2916 1099 deformi.
2944 1041 3132 1113 Itaque
3154 1050 3362 1099 natura:
3426 1042 3473 1097 si
3536 1041 3745 1097 memi-

470 1133 641 1198 neris,
667 1149 946 1203 nunquam
989 1143 1043 1190 te
1093 1137 1368 1205 extolles;
1405 1154 1619 1195 memor
1657 1151 1841 1196 autem
1880 1141 2053 1199 fueris
2091 1142 2172 1197 tui
2202 1141 2401 1212 ipsius,
2427 1141 2476 1195 si
2506 1138 2807 1195 attenderis
2841 1138 2940 1193 tibi
2967 1138 3097 1209 ipsi.

541 1226 596 1283 6.
636 1224 855 1284 Rursus
900 1231 1159 1301 ignobilis
1186 1233 1351 1289 homo
1379 1250 1441 1291 es
1480 1242 1535 1290 et
1570 1235 1861 1306 inglorius,
1908 1252 2050 1307 pau-

2228 1235 2282 1290 6.
2302 1234 2473 1290 Πάλιν
2500 1234 2763 1304 δυσγενής
2774 1251 2858 1297 τις
2869 1229 2919 1286 εἶ
2938 1232 3032 1287 καὶ
3047 1232 3252 1297 ἄδοξος,
3274 1232 3488 1302 πτωχὸς
3510 1232 3574 1284 ὲκ
3592 1247 3744 1282 πτωι-

468 1332 567 1387 per
623 1334 691 1375 ex
749 1323 1084 1392 pauperibus
1125 1325 1417 1391 oriundus,
1454 1327 1575 1384 sine
1605 1329 1740 1399 lare,
1787 1329 1906 1385 sine
1943 1330 2050 1399 22

2166 1327 2288 1398 χῶν,
2323 1327 2590 1391 ἀνέστιος,
2617 1318 2834 1389 ἄπολις,
2858 1324 3109 1396 ἀσθενὴς,
3136 1327 3247 1378 τῶν
3287 1325 3371 1392 ἐφ’
3398 1322 3618 1394 ἡμέραν
3648 1324 3746 1375 ἐν·

471 1410 715 1476 civitate,
741 1412 1013 1480 inﬁrmus,
1037 1416 1346 1485 quotidiani
1371 1419 1553 1475 victus
1580 1398 1822 1491 indigus,
1849 1398 2050 1478 timens

2166 1418 2302 1491 Βεὴς.
2323 1417 2543 1490 τρέμων
2561 1417 2688 1480 τοὺς
2704 1418 2763 1469 ὲν
2784 1415 3071 1485 δυναστείᾳ
3086 1413 3220 1485 (38),
3235 1413 3440 1476 πάντας
3455 1413 3733 1483 ὑποπτήσ-

474 1508 743 1570 potentes,
775 1519 967 1562 omnes
1007 1506 1373 1565 reformidans
1403 1511 1472 1566 ob
1496 1511 1621 1567 vita:
1642 1512 2050 1568 humilitatem?

2166 1527 2267 1564 σων
2292 1509 2382 1564 διά
2411 1507 2775 1575 ταπεινότητα
2797 1506 2949 1577 βίου;
2979 1505 3224 1575 Πτωχὸς
3242 1506 3373 1574 γὰρ,
3405 1505 3591 1574 φησὶν,
3624 1508 3749 1572 οὐχ

475 1592 686 1665 Pauper
704 1598 863 1663 enim,
906 1600 1103 1670 inquit,
1134 1618 1236 1655 non
1267 1604 1491 1658 sustinet
1520 1605 1978 1660 comminationem
2003 1606 2043 1673 ³,

2153 1603 2477 1671 ὑφίσταται
2489 1597 2765 1667 ἀπειλήν.
2784 1597 2877 1669 Μὴ
2888 1597 3065 1651 τοίνυν
3076 1594 3328 1667 ἁπογνῷς
3351 1595 3575 1650 σεαυτοῦ
3585 1635 3599 1659 ,
3618 1594 3745 1665 μηδ’

470 1686 550 1741 Ne
579 1688 768 1759 itaque
791 1690 1136 1761 despondeas
1166 1692 1432 1757 animum,
1451 1710 1551 1750 nec
1583 1702 1872 1765 propterea
1899 1695 2045 1765 quod

2166 1695 2235 1748 ὅτι
2259 1694 2412 1747 οὐδὲν
2443 1691 2684 1764 ζηλωτὸν
2706 1693 2766 1746 ὲν
2792 1690 2870 1762 τῷ
2892 1691 3117 1762 παρόντι
3146 1707 3228 1743 σοι
3250 1687 3530 1759 πρόσεστι,
3562 1688 3751 1777 πᾶσαν

476 1779 611 1833 nihil
644 1780 883 1850 suppetit
914 1783 1013 1837 tibi
1047 1798 1238 1838 eorum
1273 1800 1395 1854 quae
1440 1787 1623 1856 expeti
1679 1787 1884 1851 solent,
1933 1801 2052 1841 om-

474 1886 596 1925 nem
628 1870 829 1926 bonam
866 1888 1018 1942 spem
1058 1874 1326 1943 ahjicias:
1362 1876 1497 1946 quin
1533 1877 1719 1947 potius
1747 1877 1917 1933 evehe
1942 1879 2053 1931 ani-

473 1978 622 2018 mum
650 1972 828 2028 tuum,
866 1973 980 2021 tum
1012 1966 1080 2020 ad
1127 1982 1192 2022 ea
1223 1968 1365 2022 bona
1414 1983 1536 2039 qua:
1564 1968 1676 2038 jam
1714 1968 1815 2023 tibi
1850 1968 2054 2023 tradita

473 2064 603 2111 sunt
633 2073 663 2112 a
691 2056 820 2124 Deo,
871 2067 985 2113 tum
1025 2059 1090 2114 ad
1120 2074 1184 2114 ea
1213 2075 1335 2130 quae
1364 2060 1485 2130 ipso
1516 2061 1828 2131 pollicente,
1861 2060 1958 2131 tibi
1994 2060 2051 2114 in

476 2149 719 2204 futurum
746 2151 989 2220 reposita
1021 2161 1169 2207 sunt.
1209 2150 1453 2206 Primum
1484 2152 1730 2223 quidem,
1779 2153 1941 2209 homo
1968 2167 2050 2218 es,

474 2243 627 2299 solus
655 2258 722 2298 ex
770 2242 1028 2299 omnibus
1074 2242 1449 2299 animantibus
1482 2258 1513 2298 a
1557 2243 1668 2299 Deo
1706 2244 1975 2300 formatus
2007 2246 2049 2299 ⁸.

472 2332 669 2389 Annon
707 2333 841 2389 illud
896 2334 1017 2400 tibi,
1048 2333 1095 2392 si
1142 2334 1307 2390 modo
1348 2336 1519 2406 probe
1563 2334 1925 2406 judicaveris,
1980 2338 2051 2393 ad

473 2441 746 2482 summam
771 2427 1172 2496 iucunditatem
1207 2427 1509 2495 suffecerit,
1528 2426 1679 2498 quod
1702 2428 1772 2482 ab
1802 2428 1939 2499 ipsis
1957 2426 2053 2484 Dei

476 2520 752 2587 manibus,
781 2522 877 2592 qui
918 2520 1101 2576 omnia
1130 2521 1397 2588 condidit,
1444 2520 1715 2577 formatus
1744 2522 1859 2577 sis?
1900 2522 2056 2578 dein-

475 2609 542 2665 de
565 2611 752 2673 etiam,
786 2610 931 2680 quod
959 2610 1024 2665 ad
1078 2610 1371 2681 imaginem
1402 2608 1584 2667 factus
1609 2609 1924 2666 Conditoris
1954 2611 2052 2676 tui,

476 2703 660 2772 possis
693 2718 790 2773 per
841 2703 1010 2757 vitam
1057 2703 1196 2759 bene
1241 2701 1553 2758 institutam
1594 2702 1662 2756 ad
1702 2717 1890 2773 parem
1927 2717 2054 2756 cum

478 2796 687 2866 angelis
735 2794 1060 2867 dignitatem
1113 2793 1415 2866 accedere?
1446 2794 1703 2849 Animum
1745 2801 1944 2850 nactus
1995 2810 2056 2850 es

477 2887 817 2958 intelligendi
860 2887 1126 2943 facultate
1155 2885 1467 2957 praeditum,
1502 2901 1613 2957 quo
1642 2886 1814 2941 Deum
1853 2901 2058 2957 cogno-

481 2978 613 3042 scis,
648 2977 905 3048 exploras
935 2992 1118 3032 rerum
1143 2987 1394 3032 naturam
1425 2991 1524 3048 per
1550 2976 2059 3039 ratiocinationem,

2153 1785 2362 1857 ἀγαθὴν
2404 1782 2719 1857 enasset/nc
2781 1783 3006 1837 ἐλπίδα·
3057 1781 3172 1835 ἀλλ’
3219 1782 3462 1848 ἀνάγαγε
3513 1776 3751 1832 σεαυτοῦ

2153 1877 2251 1950 τὴν
2274 1876 2453 1949 ψυχὴν
2486 1876 2624 1949 πρός
2645 1893 2707 1929 τε
2736 1875 2806 1929 τὰ
2854 1875 2956 1946 ήδη
2989 1872 3316 1945 ὑπηργμένα
3346 1888 3429 1924 σοι
3462 1870 3617 1942 παρὰ
3648 1869 3748 1922 τοῦ

2153 1971 2287 2025 Θεοῦ
2312 1970 2512 2040 ἀγαθὰ,
2531 1970 2626 2023 καὶ
2661 1968 2800 2041 πρὸς
2827 1968 2897 2022 τά
2920 1968 2987 2022 δι’
3014 1966 3343 2036 ἐπαγγελίας
3368 1964 3594 2037 ὕστερον
3632 1963 3753 2033 (39)

2154 2062 2516 2134 ἀποκείμενα.
2574 2060 2800 2131 Πρῶτον
2843 2059 2942 2130 μὲν
2977 2054 3070 2113 οῦν
3116 2058 3405 2130 ἄνθρωπος
3444 2051 3523 2121 εῐ,
3582 2055 3750 2126 μόνον

2153 2154 2262 2209 τῶν
2296 2154 2450 2220 ζώων
2473 2153 2854 2207 θεόπλαστον·
2897 2147 2987 2221 ἆρ’
3014 2152 3115 2204 οὐκ
3159 2150 3380 2221 ἐξαρκεῖ
3417 2149 3609 2211 τοῦτο,
3649 2163 3755 2199 σω-

2156 2246 2369 2320 φρόνως
2395 2244 2750 2317 λογιζομένῳ,
2780 2243 2916 2314 πρὸς
2945 2240 3210 2312 εὐθυμίαν
3244 2240 3341 2311 τὴν
3371 2238 3655 2300 ἀνωτάτω,
3686 2236 3752 2290 τὸ

2158 2339 2248 2392 ὑπ’
2271 2337 2451 2391 αὐτῶν
2472 2336 2582 2392 τῶν
2611 2335 2812 2407 χειρῶν
2841 2333 2936 2387 τοῦ
2962 2333 3096 2387 Θεοῦ
3114 2331 3206 2386 τοῦ
3238 2331 3309 2385 τὰ
3340 2332 3518 2384 πάντα
3549 2345 3753 2398 συστη-

2159 2431 2396 2502 σαμένου
2427 2427 2852 2497 διαπλασθῆναι;
2882 2423 3053 2478 ἔπειθ’
3093 2424 3175 2477 ὅτι
3230 2423 3358 2487 καὶ,
3409 2421 3528 2475 κατ’
3560 2419 3754 2472 εἰκόνα

2156 2522 2444 2593 γενόμενος
2477 2519 2589 2592 (40)
2634 2519 2729 2573 τοῦ
2766 2518 3051 2582 κτίσαντός
3104 2534 3186 2581 σε,
3227 2515 3455 2570 δύνασαι
3484 2512 3621 2584 πρὸς
3649 2510 3753 2581 τὴν

2156 2615 2264 2670 τῶν
2300 2614 2548 2683 ἀγγέλων
2592 2612 2885 2684 ὁμοτιμίαν
2926 2611 2994 2664 δι’
3041 2609 3252 2681 ἀγαθῆς
3298 2607 3572 2669 πολιτείας
3616 2606 3754 2658 ἁνα-

2156 2705 2424 2777 δραμεῖν;
2455 2704 2651 2774 Ψυχὴν
2701 2701 2894 2766 ἔλαϐες
2939 2701 3154 2773 νοεράν,
3202 2701 3269 2754 δι’
3312 2696 3380 2771 ἦς
3406 2698 3543 2751 ’Θεὸν
3586 2713 3753 2769 περι-

2159 2800 2320 2865 νοεῖς,
2346 2797 2454 2851 τῶν
2479 2796 2648 2851 ὄντων
2675 2798 2774 2868 τὴν
2804 2795 2964 2866 φύσιν
2987 2793 3233 2865 λογισμῷ
3260 2792 3517 2863 καθορᾷς,
3555 2790 3755 2859 σοφίας

2157 2890 2332 2962 δρέπῃ
2366 2889 2577 2962 καρπὸν
2622 2889 2860 2959 ἥδιστον.
2907 2888 3097 2944 Πάντα
3145 2887 3242 2958 μέν
3288 2903 3371 2937 σοι
3412 2883 3482 2937 τά
3519 2883 3756 2954 χερσαῖα

2160 2981 2295 3048 ζῶα,
2323 2980 2512 3056 ἤμερά
2540 2998 2601 3034 τε
2629 2980 2724 3034 καὶ
2748 2979 2939 3052 ἄγρια,
2961 2980 3139 3035 πάντα
3165 2978 3223 3031 δὲ
3243 2975 3314 3030 τά
3342 2977 3401 3028 ὲν
3423 2973 3581 3028 ὕδασι
3605 2972 3752 3027 διαι-

481 3070 767 3140 sapientia:
794 3069 1033 3124 fructum
1076 3069 1470 3143 suavissimum
1520 3068 1788 3138 decerpis.
1833 3067 2058 3125 Terres-

2166 3072 2400 3144 τώμενα,
2448 3074 2544 3127 καὶ
2580 3073 2681 3126 ὅσα
2700 3073 2793 3126 τὸν
2824 3073 2965 3142 ἀέρα
2987 3070 3310 3125 διαπέταται
3340 3065 3551 3128 τοῦτον,
3584 3064 3756 3118 δοῦλά

480 3161 589 3214 tria
619 3161 803 3215 omnia
835 3160 1091 3216 animalia
1131 3160 1317 3216 cicura
1352 3160 1579 3230 perinde
1614 3169 1776 3231 atque
1805 3162 2060 3231 agrestia,

483 3252 666 3306 omnia
696 3252 823 3308 item
852 3253 906 3307 in
942 3252 1101 3323 aquis
1138 3253 1414 3323 degentia,
1445 3260 1500 3309 et
1531 3268 1653 3323 quae
1697 3266 1877 3323 aerem
1916 3253 2063 3307 hunc

484 3341 788 3409 pervolant,
819 3341 1068 3398 serviunt
1103 3343 1223 3406 tibi,
1250 3351 1455 3413 tuoque
1486 3341 1720 3413 imperio
1752 3342 2060 3413 subjacent.

482 3431 676 3489 Nonne
726 3440 873 3490 artes
930 3433 1191 3491 invenisti
1240 3443 1321 3498 tu,
1387 3448 1452 3490 ac
1512 3434 1812 3490 condidisti
1864 3436 2065 3491 urbes?

485 3541 669 3583 nonne
691 3535 746 3583 et
768 3542 890 3598 quae
919 3525 992 3582 ad
1018 3528 1187 3583 vitam
1227 3526 1543 3583 necessaria
1572 3535 1723 3591 sunt,
1767 3534 1823 3581 et
1852 3543 1972 3598 qum
1996 3527 2064 3582 ad

485 3618 818 3689 voluptatem
874 3619 1177 3689 luxumque
1220 3619 1498 3688 pertinent
1544 3620 1915 3690 excogitasti?
1946 3621 2063 3674 An-

486 3725 597 3765 non
648 3711 860 3768 ratione
893 3711 1034 3767 duce
1086 3712 1258 3766 maria
1304 3712 1405 3767 tibi
1470 3711 1614 3766 facta
1663 3719 1793 3767 sunt
1842 3713 2066 3783 pervia?

485 3803 679 3860 Nonne
715 3819 809 3860 aer
839 3805 1149 3876 caelumque
1178 3815 1233 3859 et
1265 3805 1549 3860 stellarum
1588 3804 1743 3860 chori
1774 3821 1937 3864 suum
1963 3806 2063 3860 tibi

487 3896 804 3967 expandunt
830 3896 1121 3953 ordinem?
1171 3895 1314 3963 Quid
1343 3896 1510 3967 igitur
1538 3896 1825 3967 pusillo'es
1858 3898 2062 3960 animo,

488 3986 633 4057 quod
662 4002 863 4057 equum
893 4003 1002 4042 non
1029 3988 1231 4044 habeas
1256 3998 1513 4060 argenteo
1542 3987 1696 4044 freno
1717 3989 2068 4044 adornatum?

490 4078 559 4134 At
586 4076 755 4134 habes
786 4077 977 4142 solem,
1010 4078 1105 4149 qui
1153 4078 1533 4148 pernicissimo
1579 4092 1747 4133 cursu
1775 4093 1871 4147 per
1892 4084 2066 4133 totum

489 4170 634 4227 diem
663 4169 846 4226 lumen
874 4184 1033 4227 suum
1068 4170 1234 4226 veluti
1280 4157 1480 4225 facem.
1503 4168 1601 4224 tibi
1630 4167 1869 4239 praefert.
1899 4168 2067 4224 Cares

492 4261 700 4333 argenti
749 4248 805 4316 et
834 4263 954 4317 auri
998 4261 1247 4333 fulgore:
1281 4262 1376 4318 sed
1411 4264 1596 4316 lunam
1644 4260 1815 4316 habes
1861 4260 2066 4331 ingenti

493 4370 593 4411 suo
632 4354 922 4427 splendore
966 4363 1020 4411 te
1071 4356 1503 4412 collustrantem.
1560 4352 1680 4409 Non
1739 4352 2066 4410 conscendis

491 4461 691 4501 currus
721 4446 1033 4501 inauratos:
1068 4454 1124 4500 at
1166 4447 1330 4517 pedes
1374 4447 1544 4501 babes
1592 4446 1874 4517 prOprium
1922 4445 2069 4501 vehi-

490 4540 699 4603 culum,
732 4545 788 4594 et
809 4537 907 4592 tibi
939 4538 1208 4594 innatum.
1241 4537 1384 4605 Quid
1412 4536 1578 4609 igitur
1597 4545 1682 4594 est
1710 4536 1853 4607 quod
1877 4537 2068 4592 beatos

497 4632 756 4701 praedices
793 4644 889 4686 eos
911 4630 1007 4701 qui
1038 4635 1378 4701 marsupium
1411 4632 1632 4700 plenum
1668 4629 1973 4700 possident,
2015 4637 2070 4683 et

564 4794 583 4825 ³
624 4790 786 4847 Prov.
824 4806 955 4854 xm,
994 4792 1047 4845 8.
1127 4788 1148 4819 ⁸
1186 4787 1385 4848 Cenes.
1422 4802 1484 4852 ιι,
1524 4787 1573 4844 7.

563 4946 692 5021 (57)
708 4947 1107 5021 Libriveteres,
1135 4944 1473 5021 tumnostri,
1494 4951 1611 4997 tum
1645 4938 2062 5021 Gombeﬁsiani,

495 5010 714 5072 σαυτοῦ.
783 5016 924 5071 Editi
971 5010 1185 5070 ἑαυτοῦ.
1238 5015 1434 5069 Statim
1489 5028 1623 5066 mss.
1679 5010 2065 5066 Combeflsiani

497 5088 774 5211 ἶτρορὲχτές
819 5087 988 5157 αὐτῷ.
1037 5085 1241 5146 Ibidem
1271 5088 1327 5145 in
1375 5083 1529 5140 Colb.
1566 5082 1730 5137 tertio
1771 5095 1871 5150 pro
1904 5078 2069 5137 πάλιν

519 5175 599 5211 CIII
633 5175 696 5210 ιιι·
746 5174 831 5210 αν.

497 5158 696 5213 legitur
716 5158 831 5211 ἐάν.

550 5200 685 5298 Ἐξ)
716 5200 875 5298 '(‘To'l'ln
909 5226 1107 5281 tertius
1135 5217 1354 5298 τρέμων
1379 5223 1480 5287 τὰς
1516 5218 1856 5298 δυναστείας.

572 5291 684 5368 (59)
724 5296 888 5368 Ciolb.
912 5299 1124 5368 tertius
1171 5291 1258 5368 ξείς
1303 5293 1549 5365 ὕστερον.
1602 5291 1898 5360 Aliquanto
1947 5294 2075 5359 post

499 5365 773 5450 idem}:on
782 5382 847 5419 ex
877 5365 1097 5450 ἐξαρκεῖ
1123 5365 1201 5418 τό.

598 5438 687 5502 40)
728 5428 942 5492 Rursus
977 5428 1120 5491 idem
1148 5432 1315 5489 codex
1346 5431 1529 5486 εἰκόνα
1554 5428 1938 5502 γεγενημένος.

602 5501 689 5578 lii)
734 5508 866 5576 Reg.
890 5506 1101 5578 primus
1134 5503 1204 5578 τά
1232 5504 1460 5578 πελάγει
1482 5501 1589 5556 διά.

578 5566 692 5650 (42)
731 5566 1127 5650 (Ξοῖῒιξρι-ἱιηιιε
1155 5576 1254 5645 οὐχ
1283 5566 1497 5650 ἕπεται,
1531 5588 1640 5650 non
1671 5571 1937 5650 sequitur.
1961 5566 2070 5622 Alii

509 5639 643 5705 mss.
673 5639 728 5706 et
759 5648 891 5705 editi
918 5639 1025 5700 οὐκ
1066 5639 1253 5699 ἔστινῖ
1283 5643 1483 5698 Ibidem
1527 5642 1821 5696 Colbertini
1857 5639 2069 5711 primus

508 5729 564 5777 et
592 5721 788 5778 tertius
829 5714 1313 5793 άργυροχάλινοςῆ
1355 5712 1758 5786 χρυσοχάλινος.
1793 5711 1948 5768 Colb.
1983 5724 2072 5766 se-

2163 3166 2280 3219 ἐστι
2311 3166 2406 3219 καὶ
2437 3165 2745 3236 ὑποχείρια.
2796 3165 2869 3218 Οὐ
2913 3164 2976 3217 σὺ
3026 3162 3208 3234 μέντοι
3260 3160 3455 3231 τέχνας
3504 3157 3753 3227 ἐξεῦρες.

2162 3257 2258 3310 καὶ
2288 3257 2473 3320 πόλεις
2522 3258 2857 3326 συνεστήσω,
2904 3255 2999 3310 καὶ
3028 3255 3128 3308 ὃσα
3162 3254 3455 3322 ἀναγκαῖα,
3508 3251 3601 3303 καὶ
3649 3251 3757 3301 ὅσα

2163 3349 2299 3419 πρὸς
2322 3348 2532 3420 τρυφὴν
2561 3348 2895 3420 ὲπενόησας;
2942 3348 3017 3401 Οὐ
3061 3345 3270 3418 βάσιμά
3307 3361 3388 3398 σοι
3436 3343 3507 3397 τὰ
3536 3340 3754 3411 πελάγη

2160 3438 2248 3492 διὰ
2283 3439 2393 3509 (Η)
2427 3440 2519 3494 τὸν
2542 3439 2735 3508 λόγον;
2789 3439 2864 3492 Οὐ
2892 3438 2962 3509 γῆ
2990 3440 3085 3492 καὶ
3118 3437 3355 3492 θάλαττα
3382 3436 3648 3505 ὑπηρετεῖ
3674 3432 3755 3503 τῷ

2164 3529 2264 3602 βίῳ
2295 3530 2374 3602 τῷ
2395 3530 2507 3601 σῷ;
2542 3529 2656 3585 Οὐκ
2684 3531 2791 3601 ἀὴρ
2832 3531 2927 3584 καὶ
2951 3530 3203 3602 οὐρανὸς,
3245 3528 3341 3582 κα)⁹
3379 3525 3626 3597 ἀστέρων
3665 3542 3757 3596 χο-

2162 3625 2307 3694 ρεῖαι
2346 3623 2430 3676 σοὶ
2470 3623 2568 3694 τὴν
2601 3625 2812 3676 ἑαυτῶν
2863 3622 3265 3676 ἐπιδείκνυνται
3310 3618 3499 3683 τάξιν;
3543 3618 3609 3670 Τί
3660 3612 3757 3670 οὖν

2166 3714 2543 3786 μικροψυχεῖς,
2570 3716 2652 3769 ὅτι
2680 3715 2845 3778 ἵππος
2870 3732 2952 3768 σοι
2973 3715 3075 3767 οὐκ
3116 3712 3262 3766 ἔστιν
3294 3710 3407 3782 (42)
3439 3708 3755 3781 ἀργυροχά-

2162 3804 2338 3871 λινος;
2385 3805 2526 3858 Ἀλλ’
2556 3806 2705 3877 ἥλιον
2755 3805 2899 3876 ἔχεις
2946 3804 3188 3874 ὀξυτάτῳ
3213 3803 3397 3875 δρόμῳ
3435 3801 3524 3854 διὰ
3568 3798 3758 3871 πάσης

2164 3897 2377 3969 ἡμέρας
2410 3896 2776 3969 δᾳδουχοῦντά
2797 3914 2879 3951 σοι
2907 3897 3007 3968 τὴν
3030 3895 3308 3967 λαμπάδα.
3342 3894 3457 3948 Οὐκ
3478 3892 3622 3962 ἔχεις
3652 3892 3757 3963 ἀρ-

2165 3988 2337 4058 γύρου
2381 3989 2477 4042 καὶ
2522 3988 2725 4061 χρυσοῦ
2760 3988 3130 4060 λαμπηδόνας,
3170 3985 3306 4040 ἀλλὰ
3343 3985 3572 4054 σελήνην
3604 3982 3759 4054 ἔχεις

2169 4082 2347 4154 μυρίῳ
2391 4099 2448 4135 σε
2486 4081 2564 4153 τῷ
2601 4084 2730 4153 παρ’
2749 4081 2919 4152 αὐτῆς
2958 4080 3097 4151 φωτὶ
3129 4077 3241 4150 (45)
3278 4075 3754 4149 περιλάμπουσαν.

2165 4173 2282 4227 Οὐκ
2314 4173 2652 4244 ἐπιϐέϐηκας
2683 4173 2945 4244 ἁρμάτων
2969 4168 3435 4245 χρυσοκολλήτων,
3473 4167 3609 4221 ἀλλὰ
3650 4167 3756 4221 πό-

2164 4262 2259 4325 δας
2292 4261 2435 4333 ἔχεις
2455 4265 2654 4316 οἰκεῖον
2680 4263 2862 4333 ὄχημα
2889 4260 2983 4315 καὶ
3007 4261 3251 4332 συμφυὲς
3292 4258 3522 4330 σεαυτῷ.
3548 4259 3613 4310 Τί
3660 4252 3758 4311 οὖν

2173 4353 2500 4427 μακαρίζεις
2518 4356 2645 4418 τοὺς
2668 4354 2729 4407 τὸ
2756 4354 2917 4425 ἁδρὸν
2942 4353 3225 4425 βαλάντιον
3249 4352 3635 4423 κεκτημένους,
3660 4352 3758 4403 καὶ

2172 4446 2471 4517 ἀλλοτρίων
2518 4446 2697 4499 ποδῶν
2733 4447 2813 4509 εἰς
2846 4445 2944 4517 τὴν
2998 4445 3295 4517 μετάϐασιν
3331 4444 3644 4515 δεομένους;
3678 4443 3755 4495 Οὐ

2172 4536 2458 4602 καθεύδεις
2481 4538 2575 4591 ἐπὶ
2607 4536 2797 4607 κλίνης
2819 4536 3190 4609 ὲλεφαντίνης,
3208 4536 3320 4591 ἀλλ’
3348 4536 3492 4608 ἔχεις
3525 4536 3623 4602 τὴν
3650 4536 3760 4605 γῆν

2174 4628 2386 4683 πολλῶν
2413 4628 2725 4698 ἐλεφάντων
2754 4628 2863 4700 (44)
2884 4629 3239 4700 τιμιωτέραν,
3266 4627 3361 4681 κα)⁸
3380 4627 3639 4697 γλυκεῖαν
3668 4624 3759 4678 ἐπ’

2191 4935 2404 5016 gundtts
2425 4935 2643 5016 inverso
2657 4933 2848 4989 ordine
2861 4933 3242 5016 χρυσοχάλινος
3259 4933 3292 5004 ἦ
3309 4933 3758 5016 ἀριγυροχάλινοςτ

2195 5005 2302 5061 Sed
2336 5006 2393 5060 in
2417 5003 2745 5075 repetitione
2770 5003 2938 5075 vocis
2966 5003 3182 5075 χαλινός
3206 5003 3554 5075 deprehendo
3575 5008 3761 5073 asperi

2194 5076 2402 5145 aliquid
2453 5073 2508 5130 et
2563 5074 2919 5140 inconcinni;
2959 5073 3318 5145 suspicorque
3349 5073 3457 5145 ita,
3491 5076 3762 5142 scriptum

2195 5142 2368 5217 fuisse
2394 5146 2463 5199 ab
2493 5145 2703 5217 aliquo,
2730 5145 2825 5214 qui
2861 5145 2914 5197 in
2961 5142 3243 5217 aliquibus
3264 5142 3550 5217 codicibus
3582 5145 3760 5217 ἀργυ-

2200 5215 2498 5288 ροχάλινος,
2524 5213 2595 5268 in
2613 5213 3154 5284 aliis’xpuaoxdlwoc
3179 5214 3418 5288 legisset.
3444 5213 3647 5288 Quare,
3666 5229 3759 5277 ne,

2197 5282 2451 5341 si'unam
2501 5291 2714 5338 tantum
2760 5282 3250 5353 vocem'poneret,
3290 5282 3573 5339 falleretur
3619 5284 3758 5354 ipse,

2198 5356 2447 5410 aliosque
2484 5354 2717 5410 falleret.
2751 5363 3042 5410 utramque
3081 5368 3284 5410 ponere
3313 5354 3528 5410 maluit.

2198 5368 2335 5417 auos
2377 5368 2447 5409 ue
2484 5368 2717 5417 laueret,
2751 5368 3042 5423 utramque
3081 5368 3284 5424 ponere
3313 5368 3528 5410 maluit.

2268 5371 3052 5513 (43:1Unus’code2xCombef.
3096 5423 3274 5497 μυρίῳ
3320 5439 3380 5477 σε
3408 5423 3567 5494 φωτί.
3604 5422 3762 5479 Alius

2197 5494 2304 5550 ωε.
2331 5494 2410 5565 τῷ
2433 5494 2563 5565 παρ’
2588 5494 2807 5564 ἑαυτῆς.
3101 5494 3107 5495 ⁷
3174 5494 3184 5497 ⁷
3250 5494 3253 5495 ⁷

2239 5564 2384 5646 ,(44)
2418 5561 2659 5646 Antiqui.
2685 5562 2794 5645 duo
2839 5563 2969 5646 libri
3004 5569 3059 5619 et
3100 5563 3231 5646 editi
3277 5562 3500 5646 arandi!
3530 5564 3759 5646 ξλεεραν-

2197 5632 2379 5706 τίνωνξ
2400 5632 2474 5706 At
2508 5632 2660 5706 Regii
2689 5634 2899 5706 primus
2923 5634 3276 5706 etsecundus
3301 5649 3427 5692 cum
3460 5634 3618 5693 Colb.
3636 5632 3761 5692 ter-

2199 5706 2276 5763 tio
2299 5703 2507 5765 πολλῶν
2541 5703 2864 5777 ἐλεφάντων,
2892 5704 3105 5764 melius.
