4052 6214
245 354 344 410 915

1155 310 1438 408 nomen
1478 355 1544 409 IN
1583 354 1807 420 ILLUD,
1847 354 2202 411 ATTENDE
2233 352 2391 410 TIBI
2424 351 2599 409 IPSI;

3416 357 3530 412 αις

247 466 408 534 αὐτῆς
427 463 527 534 τὴν
551 465 891 530 ἀνάπαυσιν,
919 467 1093 537 ταχὺν
1118 469 1210 523 τὸν
1247 471 1411 526 ὕπνον
1450 474 1544 527 καὶ
1579 474 1848 545 μερίμνης

1963 473 2146 529 alienis
2189 472 2420 543 pedibus
2459 470 2704 540 indigent
2751 469 2816 525 ad
2869 468 3176 526 faciendum
3212 471 3350 528 iter?
3404 473 3524 527 Non

251 556 690 626 ἀπηλλαγμένον.
724 557 800 609 Οὐ
831 559 1164 611 κατάκεισαι
1203 561 1309 614 ὑπὸ
1341 563 1576 632 χρυσοῦν
1615 563 1838 634 ὄροφον·

256 649 363 702 ἀλλ’
395 647 623 718 οὒρανὸν
669 647 820 718 ἔχεις
858 653 975 714 τοῖς
1013 651 1269 723 ἀρρήτοις
1295 654 1403 706 τῶν
1434 655 1679 725 ἀστέρων
1715 656 1844 709 κάλ-

257 739 369 790 λεσι
387 735 490 807 (43)
507 737 961 807 περιστίλὸοντα.
994 741 1179 795 Ταῦτα
1207 745 1305 813 μὲν
1323 744 1386 814 δὴ
1405 744 1475 798 τά
1489 745 1809 816 ἀνθρώπινα
1827 765 1838 777 ·

258 829 326 882 τά
353 829 396 881 δ’
438 827 515 881 ἔτι
563 829 767 898 μείζω.
805 829 906 883 Διὰ
951 831 1010 884 σὲ
1055 832 1185 896 Θεὸς
1216 836 1274 887 ἐν
1303 836 1632 907 ἀνθρώποις,
1669 837 1842 890 Πνεύ-

265 936 421 988 ματος
475 918 638 986 άγὶου
694 920 953 992 διανομὴ,
985 921 1214 977 Θανάτου
1267 925 1580 991 κατάλυσις,
1613 927 1846 980 ἀναστά-

265 1029 390 1073 σεως
427 1010 606 1076 ἐλπὶς,
656 1012 783 1066 θεῖα
836 1014 1235 1086 προστάγματα
1273 1017 1582 1072 τελειοῦντά
1616 1035 1708 1071 σου
1746 1019 1845 1090 τὴν

262 1100 415 1170 ζωὴν,
453 1102 660 1172 πορεία
710 1103 850 1174 πρὸς
895 1104 1026 1158 Θεὸν
1056 1106 1144 1159 διὰ
1183 1107 1291 1160 τῶν
1313 1108 1563 1174 ἐντολῶν,
1602 1110 1846 1179 βασιλεία

263 1192 362 1243 τῷν
415 1192 667 1264 οὐρανῶν
703 1195 974 1268 εὐτρεπὴς
1018 1198 1152 1268 (46),
1200 1200 1450 1270 στέφανοι
1502 1202 1846 1272 δικαιοσύνης

263 1285 459 1354 ἕτοιμοι
507 1287 640 1350 τοὺς
707 1288 853 1360 ὑπὲρ
915 1290 1013 1360 τῆς
1065 1291 1266 1362 ἀρετῆς
1323 1293 1518 1358 πόνους
1580 1295 1654 1366 μὴ
1718 1297 1852 1349 ἀπο-

263 1376 465 1431 δοάντι.

1951 563 2158 618 dormis
2192 563 2249 617 in
2278 563 2422 618 lecto
2463 562 2706 617 eburneo
2740 579 2752 614 :
2805 571 2861 614 at
2902 569 3102 616 terram
3149 562 3316 619 habes
3351 565 3526 618 multo

1951 655 2117 708 ebore
2140 651 2545 723 pretiosiorem,
2575 659 2739 721 atque
2759 650 2974 706 dulcem
3001 652 3058 704 in
3087 665 3150 705 ea
3175 652 3416 720 requiem
3445 668 3530 706 ca-

1953 744 2150 814 pessis,
2203 758 2266 798 ac
2304 742 2479 798 veloci
2519 757 2712 797 somno
2752 743 3011 813 curisque
3054 742 3225 797 libero
3257 743 3525 813 indulges.

1950 834 2068 889 Non
2098 835 2382 890 decumbis
2411 834 2514 890 sub
2548 833 2758 888 fornice
2794 849 2859 889 ac
2898 842 3042 889 tecto
3084 849 3284 898 aureo,
3314 842 3369 888 at
3412 850 3528 889 cor.-

1952 929 2062 981 lum
2097 927 2270 982 habes
2297 926 2652 980 inenarrabili
2677 927 2954 982 stellarum
2996 925 3404 995 pulchritudine
3429 927 3532 978 cir-

1952 1017 2320 1088 cumfulgens.
2354 1020 2530 1089 Atque
2569 1020 2685 1074 haec
2717 1019 2937 1089 quidem
2960 1019 3201 1072 humana
3232 1025 3395 1083 sunt;
3431 1017 3528 1071 sed

1953 1127 2074 1182 quae
2095 1119 2405 1182 sequuntur
2439 1111 2645 1180 majora
2687 1119 2816 1166 sunt
2847 1120 2900 1164 et
2937 1112 3340 1180 praestantiora.
3388 1109 3530 1164 Deus

1957 1212 2181 1274 propter
2215 1212 2268 1259 te
2311 1204 2452 1258 inter
2497 1203 2750 1260 homines
2780 1215 3034 1259 versatus
3085 1213 3166 1258 est
3203 1205 3246 1268 ',
3292 1201 3530 1269 Spiritus

1957 1297 2131 1351 sancti
2166 1295 2479 1351 distributio
2509 1297 2551 1360 ',
2583 1298 2776 1351 mortis
2806 1297 3107 1351 destructio
3133 1296 3174 1359 ",
3202 1310 3328 1366 spes
3355 1309 3535 1349 resur-

1959 1389 2221 1444 rectionis
2252 1390 2296 1452 ⁸,
2337 1389 2524 1444 divina
2564 1396 2835 1459 praecepta
2866 1389 3032 1442 vitam
3065 1395 3214 1441 tuam
3244 1385 3534 1458 perlicien-

265 1469 356 1528 tia,
408 1466 686 1536 profectio
736 1468 805 1524 ad
858 1467 1030 1524 Deum
1086 1485 1184 1541 per
1228 1473 1490 1528 mandata
1539 1474 1582 1538 ’,
1626 1483 1878 1544 paratum
1923 1493 2148 1550 regnum
2196 1480 2462 1534 caelorum
2497 1479 2562 1543 ¹⁰,
2597 1479 2825 1547 justitize
2863 1492 3080 1532 corona:
3114 1478 3152 1507 ”
3223 1476 3295 1540 ei,
3325 1474 3416 1545 qui
3457 1476 3536 1527 la-

266 1561 422 1615 bores
464 1578 568 1632 pro
595 1563 806 1620 virtute
834 1581 945 1621 non
975 1565 1132 1636 fugit,
1165 1578 1385 1637 paratae.

337 1651 384 1706 7.
425 1651 555 1706 Ἐάν
583 1655 865 1725 προσέχῃς
897 1656 1130 1727 σεαυτῷ,
1147 1656 1317 1711 ταῦτα
1343 1657 1532 1712 καὶιὲτι
1549 1660 1718 1713 πλείω
1744 1659 1855 1731 (47)

267 1743 519 1812 εὑρήσεις
547 1747 681 1814 περὶ
714 1748 936 1800 σεαυτόν
956 1765 969 1778 °
987 1749 1081 1803 καὶ
1099 1749 1425 1813 ἀπολαύσεις
1454 1752 1550 1822 μὲν
1572 1751 1681 1805 τῶν
1715 1769 1859 1823 παρ-

2059 1661 2109 1715 7.
2151 1660 2307 1726 Quod
2335 1661 2382 1714 si
2419 1659 2516 1713 tibi
2548 1655 3014 1728 ipsi'attenderis,
3071 1654 3186 1708 hmc
3235 1661 3398 1725 atque
3448 1656 3535 1708 his

1964 1752 2118 1820 plura
2145 1751 2324 1805 adhuc
2355 1751 2502 1804 circa
2547 1751 2782 1819 teipsum
2813 1747 3215 1816 deprehendes;
3245 1755 3299 1800 et
3335 1746 3534 1802 frueris

265 1835 454 1897 ὄντων,
510 1837 574 1888 οὐ
622 1839 1054 1911 μικροψυχήσεις
1089 1841 1148 1894 δὲ
1195 1838 1435 1913 πρὸς’τὸ
1478 1843 1676 1898 ἐνδέον.
1713 1844 1858 1897 Παν-

1963 1843 2176 1913 quidem
2195 1841 2575 1912 praesentibus,
2594 1854 2696 1894 nec
2713 1840 2783 1894 ob
2797 1854 2862 1895 ea
2875 1854 2996 1909 quae
3007 1837 3258 1905 deerunt,
3274 1839 3378 1910 23
3395 1838 3537 1893 futu-

262 1927 426 1996 ταχοῦ
482 1946 566 1982 σοι
624 1933 1030 2003 παριστάμενον
1086 1933 1146 1986 τὸ
1193 1935 1558 2007 παράγγελμα
1616 1937 1859 2008 μεγάλην

267 2020 562 2089 παρέξεται
594 2022 697 2093 τὴν
735 2023 1008 2095 βοήθειαν.
1053 2020 1201 2089 Οἷον,
1226 2027 1361 2098 ὀργή
1416 2044 1512 2080 σου
1557 2028 1666 2082 τῶν
1713 2029 1860 2098 λογι-

265 2113 417 2182 σμῶν
445 2117 832 2187 κατεκράτησε
861 2116 996 2186 (48),
1023 2117 1119 2170 καὶ
1141 2117 1345 2190 ἐκφέρῃ
1379 2119 1484 2172 ὑπὸ
1521 2119 1695 2188 Θυμοῦ
1725 2120 1859 2191 πρός

264 2219 326 2254 τε
354 2204 584 2274 ῥήματα
624 2206 852 2277 ἀπρεπῆ
882 2207 980 2260 καὶ
1012 2205 1238 2278 πράξεις
1271 2208 1512 2278 χαλεπὰς
1534 2211 1628 2263 καὶ
1666 2209 1862 2281 θηριώ-

263 2294 406 2358 δεις;
462 2297 593 2349 Ἐὰν
644 2297 918 2369 προσέχῃς
963 2299 1196 2370 σεαυτῷ,
1247 2301 1598 2366 καταστελεῖς
1643 2303 1740 2374 μὲν
1771 2302 1860 2355 τὸν

267 2386 437 2457 θυμὸν
491 2389 689 2460 ὥσπερ
723 2391 847 2442 τινὰ
879 2391 1060 2445 πῶλον
1105 2392 1305 2462 ἀπειθῆ
1351 2395 1444 2446 καὶ
1476 2393 1744 2464 δυσήνιον,
1791 2398 1858 2466 τῇ

269 2479 448 2551 πληγῇ
475 2482 572 2534 τοῦ
601 2483 762 2551 λόγου
787 2483 954 2536 οἱονεὶ¹
988 2485 1210 2554 μάστιγι
1240 2484 1671 2556 καθαπτόμενος.
1705 2488 1860 2556 Κρα-

267 2572 449 2640 τήπις
481 2568 540 2625 δὲ
581 2575 679 2633 καὶ
719 2574 997 2646 γλώσσης,
1047 2577 1145 2640 τὰς
1181 2577 1238 2630 δὲ
1273 2581 1462 2649 χεῖρας
1492 2579 1592 2632 οὐκ
1615 2577 1724 2649 (49)
1761 2579 1860 2630 ἐπ-

269 2668 500 2737 αφήσεις
548 2668 632 2739 τῷ
676 2669 1062 2741 παροξύναντι.
1105 2671 1271 2724 Πάλιν
1296 2671 1582 2742 ἐπιθυμίαι
1628 2674 1862 2744 πονηραὶ

271 2757 630 2830 ἐξοιστρῶσαί
667 2777 761 2813 σου
796 2760 895 2831 τὴν
929 2761 1127 2831 ψυχὴν,
1163 2762 1242 2824 εἰς
1265 2761 1442 2831 ὁρμὰς
1471 2763 1728 2834 ἀκρατεῖς
1771 2764 1864 2816 καὶ

273 2848 606 2913 ἀκολάστους
627 2849 1011 2921 ἐμϐάλλουσιν.
1049 2851 1174 2904 Ἐάν
1199 2848 1291 2905 οὖν
1321 2853 1593 2924 προσέχῃς
1627 2854 1860 2925 σεαυτῷ,

272 2939 362 2992 καὶ
391 2940 665 3011 μνησθῇς,
703 2942 784 2995 ὅτι
812 2942 971 2995 τοῦτο
996 2943 1094 3013 μέν
1121 2960 1202 2995 σοι
1233 2941 1293 2995 τὸ
1320 2943 1493 3013 παρὸν
1524 2943 1621 3013 ἡδὺ
1657 2946 1738 3006 είς
1774 2961 1864 2997 πι-

270 3031 396 3099 κρὸν
447 3034 788 3103 καταντήσει
823 3033 1032 3104 πέρας,
1074 3034 1167 3087 καὶ
1206 3035 1234 3086 ὁ
1281 3035 1376 3087 νῦν
1416 3036 1481 3088 ὲκ
1527 3034 1630 3104 τῆς
1673 3035 1864 3105 ἡδονῆς

271 3121 624 3190 ἑγγινόμενος
671 3121 751 3191 τῷ
793 3120 1005 3191 σώματι
1053 3123 1210 3192 ἡμῶν
1264 3122 1660 3192 γαργαλισμὸς,
1710 3117 1900 3192 οὗτοςλ

269 3213 520 3282 γεννήσει
566 3213 664 3265 τὸν
713 3212 915 3264 ἰοϐόλον
962 3211 1218 3282 σκώληκα
1246 3214 1489 3266 ἀθάνατα
1534 3214 1642 3284 (50)
1699 3213 1858 3266 κολά-

271 3301 428 3364 ζοντα
451 3305 608 3373 ἡμᾶς
638 3307 699 3357 ἐν
728 3306 793 3374 τῇ
829 3304 1042 3374 γεέννῃ,
1078 3306 1171 3356 καὶ
1198 3307 1230 3374 ἡ
1255 3305 1496 3376 πύρωσις
1535 3306 1631 3376 τῆς
1658 3308 1858 3378 σαρκὸς

275 3393 454 3464 μήτηρ
476 3396 779 3464 γενήσεται
814 3393 910 3446 τοῦ
945 3393 1164 3446 αἰωνίου
1195 3395 1395 3466 πυρός·
1427 3396 1588 3458 εὐθὺς
1619 3399 1861 3466 οίκήσ⁰ν’

270 3498 355 3536 ται
380 3485 812 3553 φυγαδεολθεῖσαι
842 3487 897 3538 αἱ
929 3485 1136 3556 ἡδοναὶ,
1167 3486 1261 3537 καὶ
1288 3485 1578 3557 θαυμαστή
1599 3505 1683 3551 τις
1712 3488 1858 3540 ἔνδον

271 3576 474 3646 γαλήνη
512 3577 647 3644 περὶ
698 3576 796 3647 τὴν
839 3577 1017 3648 ψυχὴν
1048 3578 1141 3630 καὶ
1177 3579 1376 3648 ἡσυχία
1403 3581 1713 3650 γενήσεται.
1751 3578 1862 3633 οἷον

272 3666 676 3737 θεραπαινίδων
734 3669 1052 3722 ἀκολάστων
1089 3668 1313 3739 θορύϐου
1367 3670 1860 3738 κατασιγασθέντος

271 3759 554 3830 ἐξεποίνης
578 3761 730 3824 τινὸς
764 3759 1041 3830 σώφρονος
1071 3761 1358 3832 παρουσίᾳ.
1391 3763 1659 3831 Πρόσεχε
1683 3762 1862 3814 τοίνυν

272 3852 522 3918 σεαυτῷ,
580 3854 680 3905 καὶ
715 3853 910 3922 γνῶθι,
959 3855 1042 3906 ὅτι
1099 3853 1160 3906 τὸ
1193 3853 1291 3924 μὲν
1347 3854 1563 3922 λογικόν
1614 3857 1729 3908 ἐστι
1768 3855 1862 3909 καὶ

275 3946 450 4016 νοερὸν
483 3946 586 4016 τῆς
636 3946 850 4016 ψυχῆς.
891 3947 952 3998 τὸ
983 3946 1039 3999 δὲ
1083 3945 1380 4017 παθητικόν
1426 3963 1485 3998 τε
1511 3946 1604 4000 καὶ
1649 3947 1860 4014 ἄλογον.

275 4037 378 4088 Καὶ
423 4035 502 4106 τῷ
530 4037 633 4106 μὲν
681 4036 844 4105 φύσει
888 4037 948 4088 τὸ
995 4040 1220 4108 κρατεῖν
1263 4037 1513 4108 ὑπάρχει,
1558 4041 1669 4100 τοῖς
1709 4037 1765 4089 δὲ
1802 4037 1863 4090 τὸ

279 4126 567 4180 ὑπακούειν
593 4126 676 4196 τῷ
711 4127 856 4196 λόγῳ
891 4127 985 4178 καὶ
1019 4127 1463 4180 καταπείθεσθαι.
1497 4128 1723 4199 Μήποτε
1768 4123 1863 4180 οὖν

279 4217 436 4288 ἐάσῃς
478 4216 1044 4286 ἐξανδραποδισθέντα
1088 4217 1178 4268 τον
1219 4216 1343 4270 νοῦν
1383 4217 1566 4270 δοῦλον
1612 4217 1864 4285 γενέσθαι

277 4307 378 4359 τῶν
411 4309 599 4361 παθῶν
637 4308 752 4378 (51)
774 4324 790 4337 ³
820 4308 942 4378 μηδ’
970 4303 1036 4360 αὗ
1065 4307 1224 4360 πάλιν
1251 4310 1547 4382 ὲπιτρέψῃς
1583 4313 1694 4372 τοῖς
1761 4311 1866 4364 πά-

280 4400 389 4453 θεσι
429 4399 910 4469 κατεξαναστῆναι
958 4399 1051 4452 τοῦ
1086 4399 1266 4469 λόγου,
1315 4402 1408 4454 καὶ
1459 4403 1538 4464 εἰς
1596 4401 1764 4454 ἑαυτὰ
1807 4403 1866 4454 τὸ

278 4495 468 4565 κράτος
496 4496 596 4564 τῆς
621 4493 808 4564 ψυχῆς
845 4494 1189 4563 περιστῆσαι.
1232 4495 1409 4558 ὐλως
1433 4495 1490 4547 δέ
1534 4512 1612 4547 σοι
1647 4496 1680 4565 ἡ
1709 4495 1864 4566 ἁκρι-
1895 4523 1940 4577 D

279 4586 369 4655 6ης
396 4585 628 4638 σεαυτοῦ
668 4585 1000 4655 κατανόησις
1033 4585 1282 4656 αὐτάρκη
1320 4587 1541 4657 παρέξει
1591 4604 1857 4658 χειραγω-

278 4677 390 4742 γίαν
422 4680 515 4731 καὶ
545 4677 690 4748 πρὸς
709 4677 811 4745 τὴν
844 4675 1052 4728 ἔννοιαν
1086 4676 1178 4728 τοῦ
1207 4677 1362 4730 Θεοῦ.
1410 4678 1534 4730 Ἐὰν
1563 4677 1672 4749 γὰρ
1696 4694 1861 4749 προσ-

283 4769 408 4840 έχῃῖ
459 4767 705 4837 σεαυτῷ,
741 4767 895 4820 οὐδὲν
923 4768 1089 4838 δεήσῃ
1129 4769 1193 4820 ἐκ
1232 4768 1334 4838 τῆς
1358 4769 1466 4820 τῶν
1508 4769 1643 4821 ὅλων
1690 4787 1859 4821 κατα-

285 4859 466 4928 σκευῆς
512 4858 610 4910 τὸν
639 4858 987 4928 Δημιουργὸν
1023 4857 1336 4926 ἐξιχνεύειν,
1374 4859 1486 4911 ἀλλ’
1521 4861 1578 4912 ἐν
1628 4859 1858 4927 σεαυτῷ,

346 5058 365 5088 ³
397 5057 560 5111 Joan.
597 5071 657 5120 ι,
695 5056 787 5109 14.
891 5055 912 5086 ⁸
950 5056 1116 5109 Hebr.
1159 5072 1236 5121 ιι,
1275 5057 1326 5110 4.

290 5131 326 5160 ⁸⁸
361 5129 548 5181 Matth.
585 5143 722 5190 xxv,
762 5125 853 5180 54.
932 5127 974 5157 ¹¹
1017 5125 1059 5179 ll
1093 5125 1232 5180 Tim.
1272 5145 1342 5191 tv,
1379 5128 1432 5182 8.

350 5238 556 5312 (@546)
596 5237 788 5312 code;
817 5238 1042 5312 quidam
1077 5237 1330 5312 (lotttbel'1
1355 5241 1600 5312 ἀστέρων
1636 5243 1844 5306 τάξεσι,

292 5309 549 5382 δίεμαι-απτ
572 5307 872 5382 ordinibus.
909 5307 1029 5382 Mox
1061 5311 1268 5382 editiet
1305 5311 1432 5380 Reg.
1473 5307 1668 5365 tertius
1693 5330 1846 5382 περι-

295 5377 557 5430 στῦιϐοντά
580 5395 663 5431 σε.
693 5377 801 5432 Sed
833 5379 888 5431 in
913 5379 1092 5432 tribus
1122 5379 1244 5431 aliis
1270 5377 1405 5434 mss:
1426 5384 1616 5434 vocula
1648 5399 1706 5434 σε
1738 5377 1844 5436 non

296 5447 490 5532 legitur.
520 5446 632 5503 Nec
661 5449 735 5502 ita
765 5449 938 5502 multo
969 5447 1114 5502 infra
1138 5449 1294 5503 Colh.
1314 5451 1521 5519 primus
1544 5451 1848 5505 τελειοῦντα

299 5532 364 5566 σοι
383 5533 498 5582 την.

358 5586 463 5648 (47)
501 5585 728 5641 Veteres
764 5588 873 5641 duo
906 5588 1034 5642 libri
1065 5587 1147 5641 ἔτι
1183 5588 1422 5642 πλείονα.

501 5657 639 5710 Editi
671 5665 726 5711 et
753 5656 884 5732 “eg.
914 5659 1114 5712 tertius
1147 5659 1280 5726 ὀργή
1329 5677 1417 5712 που
1446 5662 1840 5732 κατεκράτητε,

305 5726 392 5779 Alii
418 5736 528 5783 tres
563 5743 693 5783 mss.
728 5735 785 5780 ut
812 5726 868 5783 in
893 5738 1177 5784 contextu.

1456 5059 1476 5088 "
1519 5058 1536 5110 1
1586 5056 1714 5113 Cor.
1769 5075 1857 5124 xv,
1905 5058 2009 5124 26,
2059 5060 2148 5114 55.

1512 5131 1554 5159 ¹²
1594 5128 1698 5182 lsa.
1737 5144 1890 5193 wa,
1921 5131 2028 5196 24,
2077 5130 2245 5184 Marc.
2284 5146 2371 5195 ix,
2408 5132 2518 5196 43,
2565 5131 2655 5193 45,
2714 5132 2802 5186 47.

1961 1951 2056 1991 rus
2075 1951 2135 1991 es
2157 1935 2340 1989 animo
2361 1934 2577 2005 pusillo.
2603 1932 2939 2004 Praeceptum
2964 1933 3097 1987 illud
3121 1933 3216 1987 tibi
3246 1935 3316 1988 ob
3345 1934 3534 1988 oculos

1961 2024 2006 2078 si
2034 2023 2236 2094 ubique
2257 2023 2602 2088 observetur,
2630 2023 2773 2078 haud
2798 2022 3058 2078 mediocri
3089 2021 3402 2091 adjumento
3432 2025 3538 2078 erit

1961 2116 2078 2170 tibi.
2116 2114 2360 2185 Exempli
2387 2130 2556 2170 causa
2585 2134 2598 2168 :
2635 2115 2706 2169 ab
2735 2115 2818 2167 ira
2858 2115 3100 2168 vincitur
3132 2114 3294 2177 ratio,
3335 2122 3390 2168 et
3424 2130 3538 2185 prie

1962 2207 2243 2261 iracundia
2280 2213 2395 2260 tum
2424 2205 2493 2259 ad
2524 2206 2693 2259 verba
2734 2203 3016 2267 indecora,
3043 2213 3158 2258 tum
3192 2203 3258 2257 ad
3291 2205 3536 2258 actiones

1963 2299 2230 2354 immanes
2253 2311 2317 2351 ac
2347 2296 2551 2353 ferinas
2573 2296 2884 2365 abriperis?
2917 2294 2974 2349 Si
3007 2295 3108 2349 tibi
3137 2295 3242 2365 ipsi
3264 2295 3534 2357 attendes,

1962 2391 2097 2444 iram
2129 2389 2276 2444 velut
2311 2389 2521 2459 pullum
2561 2387 2852 2458 quemdam
2885 2387 3300 2457 immorigerum
3327 2401 3390 2441 ac
3425 2387 3538 2441 fre-

1963 2497 2158 2535 norum
2189 2481 2583 2551 impatientem,
2609 2479 2910 2542 coercebis,
2945 2479 3102 2548 plaga
3132 2478 3365 2534 rationis
3389 2480 3539 2533 velut

1963 2575 2133 2646 ﬂagro
2191 2574 2425 2645 quodam
2479 2575 2652 2645 ipsam
2697 2588 3070 2643 compescens.
3130 2572 3450 2628 Continebis
3483 2580 3558 2626 et.-

1963 2668 2228 2737 linguam,
2261 2681 2438 2736 neque
2472 2666 2529 2720 in
2560 2681 2684 2720 eum
2717 2667 2810 2734 qui
2861 2673 2915 2718 te
2971 2663 3285 2730 irritaverit,
3340 2678 3540 2718 manus

1965 2758 2200 2828 injicies.
2233 2755 2448 2812 Rursus
2479 2757 2624 2810 mala
2674 2754 2947 2811 desideria
2991 2770 3055 2809 ac
3099 2755 3356 2809 libidines
3390 2754 3538 2808 velut

1965 2858 2134 2905 uestro
2163 2847 2401 2919 quodam
2430 2848 2670 2902 animam
2725 2856 2872 2900 tuam
2927 2845 3288 2915 exagitantes,
3329 2845 3384 2898 in
3414 2844 3561 2898 libi--

1964 2943 2192 2998 dinosos
2243 2956 2306 2996 ac
2337 2941 2573 2995 lascivos
2604 2940 2841 3009 impetus
2872 2946 2924 2992 te
2952 2936 3275 3006 conjiciunt.
3316 2934 3458 2990 Sane
3491 2935 3561 2988 si.

1965 3035 2067 3089 tibi
2088 3035 2191 3105 ipsi
2231 3031 2549 3096 attenderis,
2591 3030 3017 3098 meminerisque
3044 3036 3369 3098 prasentem
3396 3026 3538 3080 hanc

1966 3127 2302 3196 voluptatem
2351 3125 2406 3178 in
2454 3123 2616 3178 ﬁnem
2670 3123 3073 3177 amarulentum
3119 3121 3442 3182 desituram,
3485 3127 3560 3172 et.

1965 3216 2081 3270 fore
2110 3224 2168 3270 ut
2219 3214 2479 3278 titillatio,
2515 3229 2639 3284 quae
2696 3228 2844 3267 nunc
2881 3229 2947 3266 ex
2997 3213 3276 3281 voluptate
3319 3211 3564 3279 cor-pari.

1962 3316 2152 3362 nostro
2192 3305 2521 3368 innascitur,
2579 3320 2817 3359 vermem
2851 3306 2894 3335 ¹²
2932 3311 3258 3359 venenatum
3301 3302 3396 3372 qui
3436 3316 3538 3355 nos

1962 3405 2226 3464 perpetuo
2257 3394 2315 3448 in
2346 3395 2593 3464 gehenna
2628 3393 2923 3462 puniturus
2971 3393 3064 3456 sit,
3101 3392 3308 3463 gignat,
3341 3391 3540 3461 ﬁatque

1963 3485 2151 3540 carnis
2183 3484 2374 3551 ardor,
2403 3484 2546 3556 ignis
2574 3485 2762 3539 aeterni
2792 3484 2835 3514 ³³
2863 3499 3084 3554 parens,
3110 3485 3293 3538 statim
3343 3482 3538 3553 fugata:

1964 3575 2220 3632 libidines
2265 3583 2616 3641 evanescent,
2661 3589 2723 3630 ac
2767 3576 3036 3630 mirabilis
3081 3574 3329 3644 quaadam
3380 3583 3536 3627 tran-

1964 3667 2207 3737 quillitas
2244 3675 2299 3722 et
2341 3669 2497 3737 quies
2532 3667 2679 3720 intus
2730 3667 2784 3720 in
2841 3667 3023 3720 animo
3076 3665 3375 3730 oborietur,
3428 3681 3538 3719 non

1966 3774 2125 3814 secus
2167 3773 2230 3812 ac
2285 3757 2331 3814 si
2373 3759 2518 3813 herae
2551 3757 2839 3827 cujusdam
2869 3757 3083 3828 pudicae
3111 3757 3345 3813 adventu
3380 3759 3539 3812 seda-

1966 3857 2118 3904 retur
2151 3849 2476 3903 ancillarum
2523 3849 2926 3904 lascivientium
2976 3849 3264 3904 tumultus.
3316 3848 3570 3903 Attende-

1967 3941 2130 4010 igitur
2153 3941 2246 3994 tibi
2269 3942 2390 4009 ipsi,
2425 3951 2480 3996 et
2531 3943 2670 3996 scito
2721 3941 2946 3994 alteram
2978 3943 3173 3998 anima!
3206 3950 3415 4012 portent
3451 3957 3540 3995 ra-

1966 4032 2268 4086 tiocinandi
2302 4033 2753 4104 intelligendique
2784 4035 3042 4090 facultate
3073 4050 3195 4090 esse
3229 4035 3536 4104 praeditam,

1968 4126 2196 4179 alteram
2229 4140 2359 4179 vero
2415 4126 2799 4182 affectionibus
2845 4128 3140 4183 obnoxiam
3173 4137 3226 4181 et
3253 4128 3568 4182 irrationa-.

1967 4217 2093 4271 lem.
2115 4217 2180 4271 Et
2207 4218 2354 4274 illius
2377 4219 2598 4289 quidem
2623 4222 2873 4277 naturale
2896 4237 3096 4275 munus
3119 4229 3204 4275 est
3225 4221 3496 4275 dominari
3524 4242 3534 4274 :

1969 4307 2133 4376 hujus
2191 4324 2340 4373 vero,
2393 4309 2619 4365 obedire
2667 4326 2732 4366 ac
2782 4312 3160 4382 obtemperare
3206 4312 3428 4367 rationi.
3462 4310 3541 4366 Ne

1970 4401 2137 4471 igitur
2178 4415 2419 4470 unquam
2450 4402 2602 4458 sinas
2642 4410 2878 4458 mentem
2914 4406 2968 4457 in
3017 4404 3334 4459 servitutem
3384 4402 3541 4458 reda-

1969 4502 2132 4557 ctam,
2169 4493 2516 4548 allectionum
2547 4495 2872 4553 vitiosarum
2908 4513 3120 4553 servam
3152 4497 3265 4553 ﬁeri
3293 4516 3306 4551 :
3363 4512 3542 4567 neque
3571 4533 3574 4538 ι

1969 4600 2162 4638 rursus
2195 4585 2483 4656 permittas
2515 4587 2860 4642 turbulentos
2885 4589 3114 4646 affectus
3145 4591 3429 4660 insurgere
3451 4589 3544 4643 ad-

1967 4689 2157 4729 versus
2181 4675 2471 4740 rationem,
2509 4677 2812 4748 animaeque
2845 4681 3135 4750 imperium
3171 4681 3225 4735 in
3265 4697 3326 4735 se
3357 4689 3570 4735 trans»

1969 4765 2133 4820 ferre.
2190 4764 2432 4837 Denique
2494 4767 2726 4839 diligens
2783 4773 2860 4824 tui
2913 4774 3087 4842 ipsius
3155 4773 3543 4841 contemplatio

1970 4858 2106 4911 satis
2137 4867 2186 4910 te
2215 4855 2447 4913 deducet
2487 4858 2543 4913 in
2573 4858 3093 4931 Deicognitionem.
3124 4861 3258 4915 Nam
3284 4862 3330 4916 si
3362 4869 3543 4928 atten_

2281 5061 2303 5092 ⁸
2343 5059 2474 5115 ibid.
2530 5060 2632 5124 12,
2680 5061 2771 5116 22.
2875 5065 2894 5092 ⁹
2937 5062 3124 5115 Matth.
3165 5064 3402 5128 x1x,l7,
3448 5065 3540 5121 21‘.

2912 5133 2953 5161 ¹³
2994 5132 3181 5186 Matth.
3220 5150 3344 5194 xxv,
3376 5135 3467 5189 41.

2051 5246 2163 5316 (49)
2203 5246 2357 5317 Colb.
2390 5249 2585 5317 tertius
2629 5249 2817 5317 χεῖράς
2859 5266 2972 5302 σου.
3011 5248 3205 5304 Statim
3238 5266 3370 5305 mss.
3403 5268 3532 5307 non-

1979 5319 2111 5402 nulli
2145 5315 2520 5388 παροξύνοντι.
2543 5315 2789 5374 Subinde
2821 5318 2951 5388 llcg.
2978 5320 3187 5387 primus
3217 5323 3544 5392 καταντήσω

2203 5455 2346 5510 Editi
2387 5456 2670 5511 ἀθάνατον.
2705 5455 2928 5514 Veteres
2958 5467 3194 5528 quatuor
3242 5462 3367 5518 libri
3405 5462 3542 5516 ἀθά-

1975 5544 2130 5580 νατα.

2048 5597 2161 5706 (ξι)
2185 5595 2247 5682 in
2278 5597 2454 5652 tribus
2483 5612 2614 5652 mss.
2642 5613 2738 5667 pro
2767 5598 2951 5652 παθῶν
2979 5601 3240 5670 scriptum
3266 5602 3553 5657 invenitur-

2067 5677 2116 5718 )r
2131 5685 2230 5718 αατ
2241 5686 2335 5718 ων.

1977 5685 2118 5736 παυη
2130 5685 2335 5737 ματων.
