4052 6214
453 280 560 338 215

1723 279 1780 336 S.
1822 280 2068 335 BASILII
2108 280 2325 337 MAch

3618 278 3731 336 216

452 396 605 454 deris
651 394 748 450 tibi
807 392 935 465 ipsi,
998 391 1134 448 nihil
1181 408 1322 465 opus
1379 394 1486 450 erit
1538 408 1608 449 ex
1655 395 2038 452 universorum

2151 397 2304 451 οἱονεὶ
2349 395 2530 468 μικρῷ
2568 413 2673 449 τινι
2705 394 2985 466 διακόσμῳ
3025 395 3136 467 (52)
3306 396 3550 469 μεγάλην
3590 415 3729 453 κατ..

454 495 736 544 structura
758 487 936 559 ipsum
967 485 1229 557 Opiﬁcem
1258 487 1613 559 investigare,
1655 488 1749 544 sed
1782 490 1837 544 in
1865 489 2041 560 teipse

453 583 605 638 velut
679 580 736 634 in
800 579 1075 634 concinne
1147 577 1389 649 quodam
1457 595 1647 636 rerum
1717 583 2038 649 summario,

454 687 708 744 magnam
743 670 1044 727 conditoris
1079 670 1158 725 tui
1196 671 1519 741 sapientiam
1565 673 1918 729 contuebere.
1964 674 2039 728 Ex

454 765 639 820 anima
666 765 989 833 incorporea
1015 779 1139 833 quae
1160 764 1215 820 in
1246 772 1303 820 te
1333 765 1562 830 residet,
1595 766 1841 837 intellige
1867 765 2040 821 Deum

452 871 577 913 esse
605 858 1014 927 incorporeum,
1039 871 1279 928 eumque
1301 858 1455 913 nullo
1486 857 1609 912 loco
1634 858 2037 923 circumscribi,

453 964 579 1004 cum
617 964 685 1005 ne
715 958 807 1004 tua
839 948 1060 1019 quidem
1113 965 1269 1007 mens
1314 965 1344 1004 a
1380 965 1441 1007 se
1464 949 1642 1019 primo
1671 960 2042 1005 commoretur

452 1040 681 1103 inloco,
712 1040 810 1096 sed
833 1041 907 1095 ob
955 1056 1110 1097 suam
1142 1056 1269 1096 cum
1323 1056 1556 1113 corpore
1599 1043 2040 1113 conjunctionem

454 1133 512 1186 in
542 1134 665 1188 loco
709 1140 1048 1203 permaneat.
1097 1132 1434 1192 lnvisibilem
1477 1136 1649 1192 Deum
1688 1152 1814 1192 esse
1855 1135 2037 1200 crede.

454 1234 564 1282 tua:
617 1227 792 1297 ipsius
841 1226 1037 1282 anima:
1077 1228 1542 1293 consideratione,
1587 1244 1712 1284 cum
1767 1244 1871 1284 nec
1921 1229 2039 1299 ipsa

455 1325 633 1395 possit
664 1324 840 1380 oculis
882 1326 1167 1395 corporeis
1213 1325 1359 1395 capi.
1391 1323 1578 1395 Neque
1610 1324 1757 1379 enim
1795 1325 2040 1379 colorata

454 1425 562 1481 est,
614 1431 794 1487 neque
840 1416 1031 1488 ﬁguris
1069 1417 1349 1489 insignita,
1401 1433 1581 1489 neque
1622 1419 1895 1488 corporali
1929 1419 2041 1473 ullo

454 1511 775 1565 charactere
819 1504 1236 1581 Comprehensa,
1294 1510 1389 1565 sed
1434 1526 1500 1565 ex
1541 1510 1851 1567 actionibus
1906 1512 2039 1567 solis

454 1605 873 1659 internoscitur.
909 1602 1090 1670 Quare
1118 1618 1240 1657 eam
1273 1603 1645 1674 cognitionem
1692 1617 1815 1674 quae
1848 1603 2038 1657 oculo-

451 1694 577 1752 rum
609 1712 714 1768 ope
750 1697 1077 1768 acquiritur,
1112 1698 1167 1752 in
1203 1695 1316 1752 Deo
1359 1712 1429 1753 ne
1457 1697 1783 1767 quaesieris:
1817 1697 1911 1753 sed
1942 1697 2040 1752 ad-

2141 489 2262 558 όψει
2306 487 2401 542 τοῦ
2432 486 2733 552 Κτίσαντός
2767 504 2824 540 σε
2877 487 3087 558 σοφίαν.
3132 487 3448 559 Ἀσώματον
3491 489 3603 542 νόει
3632 490 3731 545 τὸν

2141 581 2274 636 Θεὸν
2305 582 2369 635 ἐκ
2399 582 2503 651 τῆς
2540 580 2956 652 ἐνυπαρχούσης
2986 597 3068 633 σοι
3094 579 3272 652 ψυχῆς
3304 582 3617 654 ἀσωμάτου,
3650 584 3731 656 μὴ

2143 674 2623 746 περιγραφόμενον
2663 674 2813 744 τόπῳ
2832 690 2844 703 ·
2896 672 3082 745 ἐπειδὴ
3107 674 3227 727 οὐδὲ
3257 677 3286 727 ό
3311 674 3402 739 σὸς
3435 674 3558 739 νοῦς
3588 694 3732 748 προ-

2139 768 2454 838 ηγουμένην
2486 766 2596 837 ἔχει
2620 767 2718 839 τὴν
2755 768 2814 819 ἐν
2849 766 2999 837 τόπῳ
3023 767 3324 839 διατριϐὴν,
3350 767 3485 821 ἀλλὰ
3512 767 3601 822 διὰ
3628 772 3735 839 τῆς

2143 860 2280 931 πρὸς
2303 861 2366 912 τὸ
2397 858 2555 930 σῶμα
2582 859 2878 930 συναφείας
2898 861 2956 912 ἐν
2980 860 3130 931 τόπῳ
3151 861 3358 929 γίνεται
3385 861 3516 933 (55).
3536 863 3737 934 ’Δόρα-

2139 968 2232 1006 τον
2271 948 2409 1005 εἶναι
2452 952 2546 1006 τὸν
2579 953 2710 1007 Θεὸν
2745 953 2989 1017 πίστευε,
3020 953 3120 1024 τὴν
3162 954 3388 1008 σεαυτοῦ
3420 954 3597 1027 ψυχὴν
3644 958 3738 1009 ἐν-

2142 1046 2361 1116 νοήσας,
2395 1045 2581 1116 ὲπειδὴ
2608 1048 2701 1099 καὶ
2732 1044 2868 1116 αὐτὴ
2902 1048 3233 1117 σωματικοῖς
3266 1046 3560 1119 ὀφθαλμοῖς
3599 1049 3739 1121 ἀλη-

2141 1136 2274 1199 πτός
2297 1137 2463 1188 ἐστιν,
2494 1135 2632 1190 Οὔτε
2661 1136 2770 1208 γὰρ
2799 1138 3130 1209 κέχρωσται,
3162 1137 3284 1191 οὔτε
3306 1140 3737 1210 ἐσχημάτισται,

2141 1228 2265 1281 οὔτε
2308 1229 2417 1281 τινὶ
2466 1229 2765 1300 σωματικῷ
2799 1231 3108 1302 χαρακτῆρι
3156 1232 3561 1302 περιείληπται,
3614 1234 3738 1287 ἀλλ’

2141 1322 2206 1374 ἐκ
2238 1320 2344 1375 τῶν
2378 1321 2669 1393 ἐνεργειῶν
2697 1321 3021 1393 γνωρίζεται
3052 1322 3209 1393 μόνον
3234 1322 3364 1392 (54).
3398 1324 3560 1378 Ὥστε
3593 1326 3739 1397 μήτε

2141 1413 2235 1468 ἐπὶ
2260 1412 2396 1466 Θεοῦ
2423 1413 2669 1487 ζητήσῃς
2693 1414 2792 1484 τὴν
2813 1413 2878 1467 δι’
2900 1414 3195 1486 ὀφθαλμῶν
3223 1415 3565 1487 κατανόησιν,
3596 1416 3742 1471 ἀλλὰ

2139 1507 2205 1575 τῇ
2250 1504 2461 1575 διανοίᾳ
2509 1503 2811 1575 ἐπιτρέψας
2860 1503 2959 1577 τὴν
3004 1504 3209 1567 πίστιν,
3262 1506 3459 1577 νοητὴν
3502 1506 3593 1577 ἔχε
3633 1507 3740 1580 τὴν

2142 1596 2271 1667 περὶ
2309 1594 2476 1649 αὐτοῦ
2515 1594 2838 1665 κατάληψιν.
2868 1594 3128 1666 θαύμαζε
3163 1597 3256 1649 τὸν
3300 1596 3569 1668 τεχνίτην,
3616 1598 3741 1663 πῶς

2139 1692 2240 1762 τῆς
2261 1690 2442 1761 ψυχῆς
2482 1705 2575 1741 σου
2598 1687 2696 1758 τὴν
2719 1686 2950 1758 δύναμιν
2971 1687 3110 1758 πρὸς
3141 1687 3203 1740 τὸ
3233 1687 3391 1759 σῶμα
3421 1690 3739 1761 συνέδησεν,

453 1786 651 1842 bibens
680 1789 851 1842 menti
883 1787 1070 1852 tidem,
1114 1787 1296 1856 ipsum
1338 1787 1614 1858 spirituali
1655 1787 1820 1843 modo
1848 1802 2040 1857 appre-

2151 1783 2218 1846 ὡς
2271 1781 2433 1855 μέχρι
2475 1780 2586 1834 τῶν
2642 1779 2898 1851 περάτων
2957 1779 3123 1832 αὐτοῦ
3181 1779 3599 1854 διικνουμένην,
3666 1783 3743 1834 τά

453 1878 652 1934 hende.
697 1879 985 1934 Admirare
1030 1878 1317 1946 artiﬁcem,
1363 1879 1643 1949 quomodo
1687 1879 1882 1934 animae
1939 1889 2045 1935 tuae

452 1970 565 2023 vim
592 1970 658 2025 ad
689 1985 890 2041 corpus
911 1971 1208 2041 coiiigarit,
1240 1979 1302 2025 ut
1337 1986 1514 2043 usque
1555 1972 1622 2027 ad
1653 1982 1927 2028 extremas
1964 1973 2047 2044 ip-

456 2066 574 2120 sius
606 2075 790 2135 partes
838 2065 1162 2135 pervadens,
1213 2065 1460 2120 membra
1510 2066 1656 2121 inter
1709 2080 1768 2121 se
1811 2066 2044 2121 multum

456 2158 653 2213 dissita
709 2157 778 2211 ad
835 2147 999 2212 unam
1055 2156 1414 2227 eamdemque
1462 2157 1931 2228 conspirationem
1982 2172 2047 2212 ac

455 2250 772 2305 societatem
803 2248 1059 2303 adducat.
1088 2247 1371 2320 Perpende
1402 2264 1525 2319 qua:
1553 2248 1663 2321 24
1688 2250 1770 2305 vis
1812 2249 1883 2305 ab
1929 2250 2048 2304 ani-

455 2356 546 2395 ma
573 2340 789 2409 corpori
821 2341 1196 2411 impertiatnr,
1229 2348 1284 2396 et
1316 2356 1441 2412 quae
1474 2357 1504 2396 a
1543 2356 1777 2413 corpore
1817 2342 1885 2397 ad
1925 2344 2041 2397 ani-

454 2448 600 2487 mam
644 2433 834 2488 redeat
886 2433 1241 2490 necessitudo
1290 2434 1585 2491 affectuum
1640 2450 2044 2506 sensuumque;

455 2525 737 2596 quomodo
768 2540 973 2596 corpus
1005 2526 1227 2596 quidem
1256 2527 1425 2581 vitam
1457 2528 1529 2583 ab
1555 2527 1740 2582 anima
1781 2528 2040 2598 recipiat,

456 2617 642 2671 anima
670 2631 804 2672 vero
836 2618 1056 2674 dolores
1086 2633 1117 2673 a
1140 2630 1373 2688 corpore
1401 2637 1416 2686 ;
1442 2620 1636 2690 quales
1658 2619 1858 2675 habeat
1886 2619 2048 2675 disci-

457 2707 733 2778 plinarum
767 2707 966 2772 cellas;
1005 2722 1106 2761 cur
1154 2707 1322 2763 rebus
1370 2708 1525 2777 prius
1574 2708 1810 2780 cognitis
1856 2721 2049 2763 succe-

459 2799 706 2855 dentium
732 2799 979 2855 accessio
1000 2800 1135 2854 nibii
1162 2799 1409 2855 oﬂundat
1431 2801 1709 2871 caliginis,
1742 2800 1838 2857 sed
1863 2801 2047 2871 potius

456 2880 738 2947 memoriae
772 2900 1062 2947 serventur
1088 2892 1349 2949 distincte
1388 2894 1529 2948 citra
1561 2894 1729 2948 ullam
1762 2892 2048 2949 confusio-

456 3000 607 3049 nem,
644 2984 929 3056 principali
971 2986 1169 3041 animae
1225 2986 1368 3056 parti
1422 2986 1575 3041 velut
1616 3000 1773 3041 aereae
1828 2985 2047 3040 cuidam

459 3076 728 3133 columnae
759 3076 1055 3148 inscriptae.
1086 3070 1307 3133 intuere
1344 3078 1622 3148 quomodo
1664 3076 1879 3132 vitiosis
1924 3092 2047 3132 car-

2148 1872 2398 1926 πλετστον
2440 1870 2702 1926 διεστῶτα
2747 1871 2880 1943 μέλη
2925 1871 3060 1943 πρὸς
3109 1873 3237 1942 μίαν
3285 1873 3590 1945 σύμπνοιαν
3639 1875 3745 1930 καὶ

2147 1967 2433 2022 κοινωνίαν
2461 1966 2636 2035 ἄγειν.
2679 1966 2881 2019 Σκόπει
2913 1966 2997 2029 τίς
3021 1969 3053 2037 ἡ
3080 1967 3189 2020 ἀπὸ
3218 1966 3395 2039 ψυχῆς
3424 1968 3743 2042 ἐνδιδομένη

2145 2063 2213 2132 τῇ
2259 2059 2424 2131 σαρκὶ
2464 2058 2728 2130 δύναμιςο
2773 2059 2857 2122 τίς
2909 2061 2943 2130 ἡ
2989 2060 3097 2112 ἀπὸ
3134 2062 3332 2132 σαρκὸς
3370 2062 3507 2133 πρὸς
3557 2062 3745 2134 ψυχὴν

2148 2151 2447 2206 ἐπανιοῦσα
2477 2150 2816 2223 συμπάθειαθ
2862 2151 2979 2215 πῶς
3008 2152 3222 2222 δέχεται
3252 2153 3352 2223 μὲν
3376 2154 3475 2225 τὴν
3505 2154 3651 2226 ζωὴν
3673 2157 3748 2209 ἐκ

2147 2244 2245 2316 τῆς
2270 2244 2451 2315 ψυχῆς
2479 2244 2540 2298 τὸ
2578 2243 2770 2315 σῶμα,
2813 2245 3025 2315 δέχεται
3060 2245 3117 2298 δὲ
3159 2246 3457 2317 ἀλγηδόνας
3488 2249 3595 2301 ἀπὸ
3641 2247 3747 2301 τοῦ

2151 2336 2463 2408 σώματοςὴ
2519 2336 2664 2409 ψυχή
2687 2355 2699 2367 ·
2748 2338 2909 2402 ποίας
2932 2338 3217 2410 ἀποθήκας
3258 2339 3366 2392 τῶν
3396 2339 3749 2411 μαθημάτων

2147 2428 2289 2500 ἔχει·
2322 2429 2410 2483 διὰ
2430 2430 2484 2483 τί
2505 2430 2605 2484 οὐκ
2644 2431 2926 2484 ἐπισκοτεῖ
2960 2433 3025 2502 τῇ
3056 2429 3257 2500 γνώσει
3288 2430 3397 2485 τῶν
3434 2431 3745 2503 προλαϐόν-

2145 2525 2313 2595 τωνή
2345 2523 2453 2577 τῶν
2491 2524 2891 2595 ἐπιγινομένων
2924 2523 3235 2596 προσθήκη,
3287 2524 3401 2577 ἀλλ’
3441 2524 3746 2595 ἀσύγχυτοι

2149 2616 2244 2668 καὶ
2289 2615 2561 2687 εὐκρινείς
2594 2617 2650 2668 αἱ
2697 2616 2928 2687 μνῆμαι,
2963 2612 3074 2670 οἷον
3118 2617 3293 2688 χαλκῇ
3322 2634 3426 2670 τινι
3460 2617 3631 2690 στήλῃ
3661 2617 3747 2689 τῷ

2147 2706 2463 2780 ἡγεμονικῷ
2487 2709 2586 2779 τῆς
2612 2708 2790 2781 ψυχῆς
2820 2710 3324 2783 ἐγκεχαραγμέναι,
3358 2710 3749 2780 διαφυλάττον-

2148 2818 2276 2855 ταιο
2329 2802 2448 2867 πῶς
2483 2804 2601 2873 μὲν,
2628 2804 2766 2874 πρὸς
2798 2803 2866 2857 τὰ
2910 2805 3009 2875 τῆς
3047 2804 3245 2876 σαρκὸς
3285 2805 3750 2861 ὑπολισθαίνουσα

2150 2889 2321 2963 πάθη,
2363 2891 2424 2944 τὸ
2448 2893 2648 2944 οἰκεῖον
2686 2892 2949 2946 ἀπόλλυσι
2975 2893 3198 2958 κάλλος·
3237 2894 3355 2959 πῶς
3378 2895 3435 2948 δέ
3462 2897 3642 2961 πάλιν,
3679 2899 3747 2952 τὸ

2148 2982 2258 3036 ἀπὸ
2286 2983 2486 3048 κακίας
2525 2979 2714 3055 αἶσχος
2741 2985 3233 3059 ἀποκαθηραμένη,
3257 2987 3324 3041 δι’
3370 2989 3571 3060 ἀρετῆς
3606 2992 3749 3062 πρὸς

2124 3064 2247 3148 ’τὴν
2270 3077 2530 3147 ὁμοίωσιν
2558 3078 2848 3149 ἀνατρέχει
2875 3079 2969 3132 τοῦ
2994 3081 3314 3145 κτίσαντος.

457 3170 548 3226 nis
598 3169 886 3225 ail'.:ctibus
944 3171 1334 3234 succumbens,
1381 3184 1539 3225 suam
1592 3171 1769 3240 ipsius
1830 3170 2046 3224 amittat
2084 3168 2580 3239 pulchritudinem;
2616 3178 2670 3226 et
2699 3186 2893 3228 rursus
2915 3187 3154 3242 quonam
3216 3182 3379 3243 pacto
3441 3183 3749 3245 expurgata

457 3265 578 3319 vitii
602 3266 960 3336 turpitudine,
994 3280 1090 3336 per
1115 3267 1375 3321 virtutem
1399 3274 1704 3321 revertatur
1736 3265 1805 3320 ad
1843 3265 2160 3321 Conditoris
2193 3265 2630 3321 similitudinem.

532 3362 587 3418 8.
630 3360 929 3432 Postquam
1011 3362 1250 3417 animam
1306 3361 1625 3432 speculatus
1673 3376 1769 3426 es,
1824 3361 2048 3416 attende

2225 3359 2277 3415 8.
2308 3361 2575 3432 Πρόσεχε,
2609 3362 2659 3414 εί
2678 3361 2825 3415 δοκεῖ
2853 3378 2957 3427 σοι,
2991 3361 3129 3433 μετά
3151 3362 3251 3433 τὴν
3281 3361 3381 3432 τῆς
3398 3360 3577 3432 ψυχῆς
3605 3360 3750 3414 θεω-

464 3454 631 3508 etiam
660 3495 675 3516 ,
704 3455 749 3507 si
782 3454 881 3507 tibi
920 3454 1219 3521 videbitur,
1250 3453 1318 3508 ad
1349 3454 1596 3525 corporis
1624 3461 1981 3519 structuram,
2005 3464 2058 3510 et

465 3544 741 3599 admirare
772 3545 1050 3614 quomodo
1078 3546 1269 3614 ipsum
1305 3544 1562 3600 idoneum
1608 3559 1672 3599 ac
1715 3545 1917 3600 decens
1959 3545 2059 3600 do-

470 3638 737 3693 miciiium
785 3639 983 3693 animae
1022 3636 1284 3692 rationali
1324 3636 1636 3693 condiderit
1678 3636 1875 3692 artifex
1915 3635 2059 3708 opti-

467 3746 612 3786 mus.
644 3730 831 3785 Finxit
861 3729 1135 3786 hominem
1168 3730 1345 3785 solum
1376 3745 1443 3785 ex
1495 3730 1757 3785 omnibus
1811 3729 2060 3783 animan-

466 3824 616 3879 tibus
661 3831 845 3878 erecta
892 3822 1066 3886 facie,
1102 3830 1166 3877 ut
1192 3838 1259 3876 ex
1319 3822 1442 3892 ipsa
1487 3819 1661 3891 ﬁgura
1708 3821 1859 3877 scias
1889 3820 2056 3875 vitam

466 3927 619 3970 tuam
653 3930 684 3971 e
718 3931 961 3985 superno
1010 3930 1211 3986 genere
1253 3914 1413 3970 oriri.
1460 3912 1599 3968 Nam
1637 3913 2055 3984 quadrupedum

466 4001 642 4077 genus
689 4020 852 4061 omne
882 4006 1112 4075 respicit
1156 4013 1364 4061 terram
1386 4047 1401 4072 ,
1431 4014 1486 4059 et
1514 4004 1573 4058 in
1600 4011 1848 4059 ventrem
1899 4004 2058 4059 incli-

465 4108 635 4151 natur
661 4116 674 4151 :
709 4097 915 4151 homini
946 4112 1076 4152 vero
1094 4103 1240 4168 patet
1266 4097 1334 4153 ad
1360 4097 1563 4153 coelum
1594 4106 1871 4168 aspectus,
1904 4107 1963 4154 ut
1989 4115 2059 4155 ne

466 4189 751 4260 indulgeat
768 4188 979 4255 ventri.
1013 4204 1193 4259 neque
1216 4189 1467 4245 venereis
1486 4230 1500 4251 ,
1531 4189 1629 4246 sed
1659 4189 1922 4261 impetum
1946 4204 2059 4244 om-

470 4295 593 4337 nem
629 4279 696 4334 ad
727 4295 1027 4349 supernum
1059 4281 1166 4337 iter
1195 4280 1417 4352 dirigat.
1448 4282 1531 4336 Ad
1554 4283 1669 4338 hmo
1692 4283 1873 4352 posito
1895 4281 1949 4335 in
1978 4282 2058 4335 al-

471 4374 689 4430 tissimo
718 4374 841 4428 loco
874 4374 1084 4445 capite,
1115 4375 1427 4447 praecipuos
1456 4377 1511 4431 in
1544 4391 1609 4432 eo
1652 4368 1849 4433 sensus
1891 4376 2059 4432 collo—

471 4463 637 4518 cavit.
670 4461 771 4518 ilic
797 4462 985 4527 visus,
1024 4463 1269 4531 auditus,
1301 4474 1519 4537 gustus,
1549 4466 1835 4535 odoratus,
1867 4480 2058 4522 omnes

470 4554 617 4609 haud
646 4554 893 4625 procula
917 4568 977 4609 se
1002 4553 1239 4609 invicem
1266 4557 1453 4612 sedem
1480 4557 1811 4613 obtinentes.
1842 4555 1907 4611 Et
1932 4557 2058 4612 licet

2163 3454 2306 3525 ρίαν,
2333 3454 2427 3508 καὶ
2459 3456 2524 3525 τῇ
2555 3453 2649 3506 τοῦ
2680 3452 2935 3524 σώματος
2964 3458 3302 3526 κατασκευῇ,
3338 3455 3432 3507 καὶ
3464 3453 3753 3524 θαύμασον

2159 3547 2307 3611 ὅπως
2325 3546 2536 3618 πρέπον
2567 3545 2698 3599 αὐτὸ
2717 3546 3060 3616 καταγώγιον
3086 3548 3152 3618 τῇ
3183 3546 3374 3617 λογικῇ
3406 3545 3551 3617 ψυχῇ
3574 3548 3600 3598 ὁ
3622 3546 3753 3617 ἀρι-

2161 3637 2453 3708 στοτέχνης
2476 3637 2589 3707 (53)
2611 3636 3065 3708 ἐδημιούργησεν.
3101 3637 3321 3706 Ὄρθιον
3350 3637 3551 3691 ἔπλασε
3582 3637 3750 3706 μόνον

2158 3727 2269 3781 τῶν
2296 3727 2452 3792 ζώων
2485 3727 2576 3781 τὸν
2613 3726 2920 3798 ἄνθρωπον,
2949 3729 3014 3781 ἵν’
3045 3727 3106 3792 ἐξ
3142 3728 3308 3783 αὐτοῦ
3339 3727 3433 3781 τοῦ
3466 3730 3751 3799 σχήματος

2159 3822 2326 3892 εἰδῇς,
2353 3821 2436 3874 ὅτι
2462 3822 2527 3874 ἐκ
2545 3821 2646 3892 τῆς
2675 3820 2880 3875 ἄνωθεν
2909 3822 3231 3891 συγγενείας
3258 3822 3404 3874 ἐστὶν
3428 3821 3461 3891 ἡ
3484 3819 3596 3891 ζωή
3624 3837 3748 3874 σου.

2159 3915 2241 3968 Τὰ
2276 3915 2376 3986 μὲν
2421 3914 2532 3986 γὰρ
2577 3914 2886 3986 τετράποδα
2932 3916 3109 3969 πάντα
3161 3913 3297 3986 πρὸς
3340 3913 3439 3983 τὴν
3481 3912 3586 3983 γῆν
3619 3911 3748 3981 βλέ-

2161 4026 2285 4074 πει,
2334 4009 2429 4062 κα“ι
2460 4007 2598 4080 πρὸς
2635 4007 2733 4080 τὴν
2765 4008 3011 4080 γαστέρα
3055 4007 3307 4060 νένευκεν
3327 4023 3341 4036 ο
3383 4003 3656 4078 ἀνθρώπῳ
3685 4004 3747 4057 δὲ

2160 4100 2355 4171 ἑτοίμη
2377 4100 2514 4171 πρὸς
2536 4097 2657 4170 (56)
2680 4096 2911 4169 οὐρανὸν
2942 4099 2976 4168 ἡ
3009 4095 3323 4166 ἀνάϐλεψις,
3342 4094 3482 4148 ὥστε
3510 4093 3584 4165 μὴ
3616 4110 3747 4163 σχο-

2158 4190 2343 4256 λάζειν
2370 4192 2592 4263 γαστρὶ,
2626 4189 2762 4260 μηδὲ
2791 4191 2904 4252 τοῖς
2937 4189 3043 4242 ὑπὸ
3072 4187 3317 4258 γαστέρα
3348 4185 3596 4247 πάθεσιν,
3626 4184 3747 4239 ἀλλ’

2158 4283 2286 4354 ὅλην
2314 4282 2457 4353 ἔχειν
2486 4282 2583 4353 τὴν
2613 4280 2788 4353 ὁρμὴν
2820 4281 2955 4353 πρὸς
2983 4280 3079 4352 τὴν
3105 4280 3216 4334 ἄνω
3244 4278 3489 4351 πορείαν.
3513 4279 3751 4332 Ἔπειτα

2158 4376 2259 4448 τὴν
2288 4374 2534 4446 κεφαλὴν
2569 4375 2662 4427 ἐπὶ
2702 4374 2812 4427 τῶν
2843 4373 3195 4444 ὑψηλοτάτων
3220 4372 3353 4437 θεὶς,
3387 4374 3444 4425 ἐν
3476 4372 3613 4442 αὐτῇ
3642 4370 3750 4436 τὰς

2160 4465 2415 4519 πλείστου
2467 4463 2625 4531 ἀξίας
2669 4462 2779 4516 τῶν
2826 4462 3139 4533 αἰσθήσεων
3173 4458 3554 4532 καθιδρύσατο.
3598 4459 3751 4511 Ἐκεῖ

2159 4558 2280 4629 ὄψις
2310 4558 2405 4613 καὶ
2429 4557 2589 4628 ἀκοὴ,
2609 4556 2703 4611 καὶ
2717 4555 2927 4625 γεῦσις,
2952 4556 3046 4609 καλ⁹
3067 4554 3355 4627 ὄσφρησις,
3381 4553 3555 4605 πᾶσαι
3580 4552 3751 4619 ἐγγὺς

474 4648 585 4701 sint
615 4646 672 4701 in
702 4647 883 4701 locum
919 4646 1057 4702 adeo
1073 4648 1331 4719 exiguum
1361 4650 1648 4717 coarctati,
1678 4652 1863 4705 nullus
1890 4650 2048 4706 vicini

2160 4648 2405 4722 ἀλλήλων
2443 4648 2874 4720 κατῳκισμέναι.
2906 4647 3019 4702 Καὶ
3059 4645 3232 4709 οὕτως
3267 4645 3397 4717 περὶ
3431 4644 3603 4716 βραχὺ
3639 4661 3754 4714 χω-

473 4739 747 4794 actionem
780 4738 1030 4809 impedit.
1062 4714 1218 4794 Oculi
1246 4740 1465 4809 quidem
1497 4714 1839 4811 occuparunt
1865 4755 2048 4812 specu-

2167 4714 2294 4813 ρίον’
2327 4714 2852 4811 στενοχωρούμεναι,
2907 4739 3061 4793 οὐδὲν
3104 4737 3306 4809 ἑκάστη
3342 4714 3755 4810 *παρεμποδίζει

475 4831 585 4885 Iam
618 4832 942 4887 altissimam
966 4872 980 4896 ,
1014 4838 1076 4887 ut
1111 4832 1260 4887 nulla
1294 4834 1546 4903 corporis
1574 4848 1704 4904 pars
1738 4832 1875 4904 ipsis
1909 4841 2057 4889 tene-

477 4925 604 4981 bras
625 4925 895 4991 obducat,
919 4926 1014 4982 sed
1037 4925 1142 4980 sub
1160 4925 1357 4997 exigua
1379 4924 1613 4996 quadam
1637 4926 2056 4996 superciliorum

475 5017 792 5087 proiectura
819 5017 1137 5074 desidentes
1162 5060 1175 5082 ,
1208 5034 1238 5073 e
1280 5018 1553 5090 superiori
1597 5032 1661 5072 ac
1707 5017 2059 5073 eminentiori

548 5173 661 5243 (52)
695 5173 898 5231 Omnes
920 5175 1041 5231 libri
1066 5183 1299 5238 veteres,
1332 5182 1446 5229 tum
1472 5175 1668 5237 nostri,
1692 5182 1804 5227 tum
1823 5172 2054 5227 Combe-

478 5244 681 5307 ﬁsiani,
704 5245 885 5316 μικρῷ
900 5263 1005 5299 τινι
1030 5246 1328 5316 διακόσμῳ.
1353 5244 1493 5299 Editi
1521 5243 1703 5316 μικρῷ
1715 5262 1819 5316 τινι
1843 5243 2052 5313 κόσμῳ,

480 5313 739 5385 tanquam
779 5313 1041 5385 inparve
1080 5313 1309 5385 quodam
1358 5313 1572 5369 mundo.
1613 5313 1735 5369 MOx
1768 5313 2051 5385 duoimss.

479 5384 650 5438 ἐννόει
681 5383 794 5456 τόν.
825 5382 1233 5456 subiungam
1261 5390 1318 5440 ἐν
1343 5386 1514 5456 τόπῳ.
1565 5386 1647 5456 At
1670 5382 2054 5456 voculaﬁvAin

480 5470 615 5538 mss.
652 5455 841 5511 multis
867 5454 1038 5512 deest.
1065 5454 1165 5512 Hic
1194 5456 1414 5513 additur
1443 5450 1500 5513 in
1530 5454 1720 5512 codice
1747 5450 1993 5510 Combef.
2018 5453 2053 5525 ἥ

476 5542 674 5672 1398?).
693 5595 827 5672 Reg.
860 5596 1068 5672 primus
1096 5599 1153 5672 ἐν
1176 5597 1378 5672 τόπῳῆ
1407 5599 1578 5670 χρόνῳ
1602 5596 1826 5667 γίνεται.
1855 5592 2048 5652 Statim

481 5665 589 5722 duo
622 5665 752 5726 mss.
780 5665 909 5723 ἐπεὶ
935 5669 1025 5722 καὶ
1059 5669 1216 5741 αὐτή.

2164 4833 2231 4902 τῇ
2274 4831 2526 4903 ἐνεργείᾳ
2558 4831 2659 4902 τῆς
2710 4832 2973 4900 γείτονος.
3021 4827 3321 4899 Ὀφθαλμοὶ
3383 4829 3482 4899 μέν
3532 4844 3598 4896 γε
3650 4828 3753 4898 τὴν

2167 4925 2514 4997 ὑψηλοτάτην
2545 4924 2780 4979 σκοπιάν
2828 4923 3246 4994 κατειλήφασιν,
3284 4921 3427 4976 ὥστε
3456 4920 3628 4993 μηθὲν
3661 4923 3756 4975 arb-

2165 5020 2277 5082 τοῖς
2324 5017 2433 5071 τῶν
2480 5016 2576 5072 τοῦ
2627 5015 2881 5088 σώματος
2928 5015 3133 5088 μορίων
3181 5013 3533 5086 ἐπιπροσθεῖν
3557 5053 3572 5078 ,
3615 5013 3755 5067 ἀλλά

2251 5171 2363 5249 (ﬁt)
2393 5172 2551 5249 C_ol_b.
2586 5172 2780 5249 tertius
2809 5169 3134 5249 γνωρίζεται
3164 5172 3363 5249 μόνων.

2254 5240 2368 5314 (55)
2406 5243 2563 5314 Colb.
2598 5240 2862 5314 primuso
2898 5240 3118 5314 ἀριστος
3148 5240 3417 5313 τεχνίτης.
3457 5240 3581 5296 Mox
3618 5240 3756 5314 editi

2254 5258 2368 5311 qua)
2406 5258 2563 5298 hom.
2579 5258 2810 5368 (primus
2834 5258 2862 5296 ο
2898 5258 3118 5314 αριστος
3148 5258 3417 5313 τεχνιτης.
3459 5258 3581 5296 mox
3618 5258 3756 5296 eam

2183 5313 2363 5386 ὄρθιόν
2397 5330 2483 5386 σε,
2507 5312 2578 5386 S_e
2643 5313 2893 5386 vocuiam
2930 5329 2989 5365 σε
3024 5312 3148 5386 inde
3178 5314 3526 5386 sustulimus,
3553 5311 3758 5382 quippe

2184 5384 2305 5455 quae
2330 5384 2393 5455 in
2422 5384 2586 5455 libris
2615 5384 2893 5439 veteribus
2922 5397 3034 5455 non
3064 5385 3391 5455 inveniatur.

2253 5454 2367 5524 (56)
2406 5453 2563 5510 Colb.
2594 5455 2821 5526 primus
2865 5451 3139 5526 ἀνθρώπῳ
3181 5455 3240 5509 δὲ
3276 5451 3589 5526 ἄνωίπρός.
3642 5452 3757 5526 Ali-

2180 5521 2388 5597 quanto
2417 5531 2542 5595 post
2589 5521 2647 5580 in
2692 5525 2871 5583 tribus
2922 5521 3054 5582 niss.
3094 5521 3352 5597 corrupte
3410 5521 3608 5596 legitur
3656 5521 3758 5588 τὰς

2182 5595 2464 5660 πλείστους
2488 5593 2663 5663 ἀξίας.

2182 5612 2464 5660 πλειστους
2488 5612 2663 5660 αςιας.
