4052 6214
313 345 413 402 217

1313 344 1598 401 ιιοιιιιιιι
1638 344 1730 399 DE
1762 343 2176 400 CRATIARUM
2215 342 2538 399 ACTIONE.

3472 339 3579 397 218

318 459 489 530 μικρᾲ
518 474 629 510 τινι
645 456 889 529 προϐολῇ
921 458 1038 529 (57)
1076 458 1187 512 τῶν
1224 460 1443 531 ὀφρύων
1474 460 1891 532 ὑποκαθήμενοι,

2008 462 2134 516 loco
2180 463 2355 516 aciem
2407 467 2557 516 recta
2609 457 2921 515 intendant.
2972 456 3016 511 Ε
3055 456 3310 520 diverso.
3359 455 3582 512 auditus

317 554 379 604 ix
407 551 505 620 τῆς
545 548 756 603 ἄνωθεν
789 549 986 620 ὲξοχῆς
1022 550 1161 621 πρὸς
1193 550 1255 603 τὸ
1296 550 1452 615 εὑθὲς
1501 552 1898 606 ἀποτείνονται.

317 644 483 697 Πάλιν
504 645 537 711 ἡ
574 641 718 711 ἀκοὴ
740 642 845 696 οὐκ
878 645 967 696 ἐπ’
995 643 1212 707 εὐθείας
1240 645 1506 716 ἦνοικται,
1531 645 1643 698 ἀλλ’
1671 646 1900 699 ἑλικοει-

318 735 399 787 δεῖ
422 732 496 804 τῷ
527 732 683 803 πόρῳ
707 732 820 786 τῶν
855 735 913 786 ἐν
935 733 1013 805 τῷ
1045 734 1169 805 ἀέρι
1202 734 1389 803 ψόφων
1422 734 1898 806 ἀντιλαμϐάνεται.

318 825 514 891 Σοτὶας
542 824 642 876 καὶ
665 822 830 876 τοῦτο
852 825 953 895 τῆς
983 824 1265 886 ἀνωτάτω,
1296 824 1437 879 ὥστε
1464 828 1565 897 τὴν
1592 827 1692 899 μὲν
1719 827 1902 899 φωνὴν

314 914 603 978 ἀκωλύτως
641 916 841 971 διιέναι
872 916 1007 989 (58),
1051 918 1085 987 ἢ
1119 918 1216 971 καὶ
1242 918 1442 987 μᾶλλον
1479 920 1716 989 ἐνηχεῖν,
1749 936 1904 990 περι-

316 1006 599 1076 κλωμὲνην
643 1009 769 1068 ταῖς
823 1007 1135 1077 σκολιότησι
1157 1047 1172 1071 ,
1220 1008 1385 1078 μηδὲν
1431 1008 1490 1060 δὲ
1536 1007 1646 1061 τῶν
1701 1007 1903 1075 ἔξωθεν

312 1099 821 1169 παρεμπιπτόντων
846 1098 1074 1169 κώλυμα
1095 1096 1232 1154 εἶναι
1253 1099 1512 1153 δύνασθαι
1531 1103 1597 1172 τῇ
1621 1101 1895 1172 αἰσθήσει.

313 1191 615 1261 Κατάμαθε
645 1191 752 1261 τῆς
784 1189 1032 1262 γλώττης
1059 1192 1159 1263 τὴν
1192 1191 1356 1261 φύσιν
1375 1233 1392 1258 ,
1435 1194 1586 1257 ὅπως
1629 1193 1813 1264 ἀπαλή
1839 1193 1902 1247 τέ

314 1286 422 1335 ἐστι
451 1283 547 1336 καὶ
581 1281 909 1355 εὖστροφος,
941 1285 1039 1338 καὶ
1070 1283 1204 1355 πρὸς
1229 1287 1409 1337 πᾶσαν
1431 1283 1623 1355 χρείαν
1645 1284 1804 1353 λόγου
1826 1285 1903 1355 τῷ

311 1374 537 1444 ποικίλῳ
565 1373 671 1443 τῆς
706 1379 978 1446 κινήσεως
1002 1374 1330 1448 ὲξαρκοὶσα.
1369 1376 1609 1441 Ὀδόντες
1635 1376 1769 1447 ὁμοῦ
1806 1376 1903 1447 μὲν

311 1464 489 1535 φωνῆς
530 1465 771 1537 ὄργανα,
809 1467 1036 1538 ἰσχυρὰν
1078 1472 1143 1538 τῇ
1181 1468 1398 1543 γλώττῃ
1437 1468 1537 1540 τὴν
1589 1469 1898 1540 ἀντέρεισιν

310 1555 699 1626 παρεχόμενοι,
732 1556 868 1627 apo-3
907 1556 966 1610 δὲ
993 1556 1087 1610 καὶ
1120 1558 1328 1628 τροφῆς
1366 1558 1676 1630 ὑπηρέται·
1719 1560 1766 1611 oi
1805 1560 1903 1628 μὲν

315 1646 604 1715 τέμνοντες
634 1647 808 1719 αὐτὴν
827 1687 845 1712 ,
870 1648 923 1699 oi
949 1644 1009 1700 δὲ
1047 1648 1370 1712 λεαίνοντες.
1398 1649 1510 1703 Καὶ
1552 1647 1698 1702 οὕτω
1726 1649 1904 1702 πάντα

307 1737 551 1809 λογισμῷ
590 1739 1060 1811 ἐπιπορευόμενος
1092 1740 1171 1810 τῷ
1205 1739 1570 1811 προσήκοντι,
1604 1741 1699 1794 καὶ
1727 1757 1898 1794 κατα-

2001 553 2425 621 haudquaquam
2472 558 2623 606 recta
2675 558 2899 620 apertus
2947 557 3068 611 est,
3122 548 3220 603 sed
3267 554 3475 603 retorto
3516 562 3581 602 ac

2002 651 2256 698 tortuoso
2272 649 2452 697 meatu
2471 655 2642 697 sonos
2670 641 2728 694 in
2758 653 2883 693 aere
2915 635 3276 707 apprehendit
3302 654 3316 690 :
3350 634 3404 688 id
3433 633 3581 704 quod

2005 734 2063 787 fit
2096 747 2317 803 quoque
2347 748 2415 786 ex
2445 745 2662 787 summa
2690 730 2962 799 sapientia
2983 766 2998 791 ,
3033 735 3091 781 ut
3120 742 3229 782 vox
3263 725 3485 796 quidem
3514 726 3582 780 li-

2003 824 2241 878 berrime
2274 821 2568 892 pervadat,
2605 830 2702 874 aut
2747 820 2930 889 potius
2962 820 3212 882 insonet,
3258 833 3355 888 per
3399 816 3581 872 anfra-

2002 926 2127 973 ctus
2156 926 2209 972 et
2233 924 2517 972 tortuosos
2544 915 2699 970 sinus
2725 913 3007 970 confracta
3028 952 3045 977 ,
3072 911 3211 965 nihil
3236 925 3367 965 vero
3391 925 3580 965 eorum

2001 1025 2125 1079 quae
2159 1009 2468 1065 forinsecus
2502 1006 2756 1061 interlabi
2789 1005 3000 1071 solent,
3035 1004 3226 1059 sensui
3254 1002 3429 1072 possit
3457 1016 3584 1059 esse

2004 1098 2414 1169 impedimento.
2452 1096 2613 1151 Disce
2646 1095 2850 1165 linguae
2879 1102 3165 1158 naturam,
3199 1107 3364 1162 quam
3394 1099 3581 1147 tenera

2004 1191 2110 1256 sit,
2144 1190 2557 1259 versatilisqne,
2589 1195 2646 1244 et
2679 1187 2745 1241 ad
2774 1200 2991 1241 omnem
3023 1185 3293 1240 sermonis
3324 1197 3482 1239 usum
3511 1182 3584 1238 ob

2002 1288 2254 1335 motuum
2298 1280 2619 1333 varietatem
2664 1275 2963 1332 subiciens.
3012 1274 3315 1330 Considera
3359 1274 3580 1337 dentes.

2002 1371 2121 1443 qui,
2152 1378 2213 1425 ut
2246 1370 2397 1424 vocis
2428 1383 2634 1438 organa
2662 1374 2827 1432 sunt,
2880 1366 3098 1422 fortiter
3144 1365 3432 1421 fulcientes
3478 1366 3584 1419 lin-

2002 1480 2164 1539 guam
2186 1503 2203 1529 ,
2227 1465 2303 1518 ita
2334 1471 2463 1519 sunt
2487 1463 2733 1518 alimenti
2759 1460 3032 1524 ministri,
3061 1474 3297 1530 quorum
3325 1459 3418 1513 alii
3446 1458 3582 1510 illud

2003 1564 2227 1619 secant,
2251 1563 2546 1610 conterunt
2573 1555 2687 1609 alii.
2712 1552 2869 1607 Hunc
2892 1553 2958 1607 ad
2982 1552 3211 1606 modum
3233 1550 3581 1605 convenienti

2002 1646 2427 1701 ratiocinatione
2450 1659 2781 1717 percurrens
2803 1643 2987 1698 omnia
3007 1683 3023 1709 ,
3045 1652 3101 1698 et
3123 1642 3413 1697 addiscens
3436 1644 3582 1697 aeris

2004 1738 2389 1792 attractionem
2421 1751 2518 1807 per
2548 1736 2866 1806 pulmonem
2885 1774 2901 1799 ,
2933 1735 3139 1789 caloris
3169 1734 3223 1787 in
3257 1732 3421 1787 corde
3450 1746 3584 1787 con-

309 1806 601 1898 μανθάνων
634 1806 807 1900 ὁλκὴ-ν
843 1806 1008 1901 ἀέρος
1044 1806 1264 1883 διὰ-τοῐι
1306 1806 1610 1900 πνεύμονος
1636 1830 1772 1901 (59),
1803 1830 1891 1884 τοῦ

2004 1828 2369 1884 servationem
2390 1868 2405 1892 ,
2424 1806 2810 1883 iconcoctionis
2833 1828 3220 1889 instrumenta,
3246 1826 3430 1880 alveos
3453 1841 3582 1879 san-

304 1917 506 1991 θερμοῦ
538 1918 798 1991 φυλακὴν
843 1920 940 1973 ἐπὶ
977 1921 1078 1990 τῆς
1106 1920 1334 1992 καρδίας
1357 1960 1373 1985 ,
1411 1920 1618 1992 ὄργανα
1656 1921 1894 1990 πέψεως,

302 2010 521 2081 ὀχετοὺς
551 2012 827 2082 αἵματοςο
863 2014 929 2066 ἐκ
964 2012 1185 2067 πάντων
1207 2012 1415 2066 τούτων
1443 2014 1545 2085 τὴν
1583 2013 1894 2084 ἀνεξιχνία-

306 2118 426 2155 στον
459 2101 663 2172 σοφίαν
710 2103 807 2157 τοῦ
841 2103 1170 2174 ποιήσαντος
1213 2120 1273 2157 σε
1306 2102 1552 2172 κατόψει,
1584 2103 1661 2167 ὡς
1700 2102 1767 2157 ἂν
1800 2104 1896 2157 καὶ

302 2193 462 2247 αὐτόν
487 2210 551 2247 σε
582 2197 766 2247 εἰπεῖν
802 2193 918 2266 (60)
957 2194 1105 2264 μετὰ.
1124 2193 1220 2248 τοῦ
1247 2196 1538 2267 Προφήτου
1558 2212 1571 2225 ·
1606 2196 1891 2264 Ἐθαυμα-

304 2284 493 2354 στώθη
516 2287 557 2355 ἡ
571 2284 771 2355 τνῶσὶ
773 2306 805 2351 ς
819 2301 937 2339 σου
957 2284 1028 2349 ἐξ
1049 2284 1216 2350 ἐμοῦ.
1239 2287 1511 2355 Πρόσεχε
1524 2279 1618 2338 οὖν
1632 2283 1888 2351 σεαυτῷ,

306 2380 389 2430 ἶνα
422 2378 710 2451 προσέχῃς
731 2377 883 2448 θεῷ·
998 2380 1034 2449 ἡ
1061 2376 1189 2442 δόξα
1216 2378 1315 2431 καὶ
1343 2377 1405 2431 τὸ
1432 2376 1634 2449 κράτος
1658 2377 1740 2441 είς
1764 2378 1892 2439 τοὺς

306 2470 499 2536 αἰῶνας
528 2471 642 2526 τῶν
667 2470 906 2525 αἰώνων.
947 2472 1143 2543 Ἀμήν.

751 2728 917 2781 ΠΕΡΙ
955 2728 1418 2782 ΕΥΧΑΡΙΣΤΙΔΣ
1433 2768 1449 2793 ,

996 2841 1211 2911 Λόγος.

368 2944 420 2997 i.
463 2944 771 2999 Ἠκούσατε
809 2946 917 2998 τῶν
944 2946 1203 3017 ῥημάτων
1233 2949 1327 3002 τοῦ
1360 2949 1705 3016 Ἀποστόλου,
1727 2940 1889 3002 δι’ὧν

305 3034 758 3089 Θεσσαλωικεῦσι
793 3036 1126 3105 διαλέγεται,
1158 3041 1320 3094 παντὶ
1363 3039 1779 3111 νομοθετοῦντος
1806 3039 1885 3110 τῷ

2001 1920 2185 1990 guinis
2207 1960 2223 1986 ,
2258 1920 2333 1973 ita
2365 1917 2587 1974 demum
2616 1932 2685 1976 ex
2714 1919 2975 1974 omnibus
3000 1918 3088 1972 his
3116 1916 3583 1988 impervestigabi-

2000 2011 2107 2066 lem
2127 2009 2447 2066 Conditoris
2475 2010 2555 2065 tui
2583 2009 2910 2080 sapientiam
2942 2016 3288 2080 perspectam
3321 2008 3579 2070 habebis,

2000 2108 2064 2155 ut
2087 2108 2150 2155 tu
2177 2116 2397 2173 quoque
2425 2116 2552 2156 cum
2585 2099 2855 2171 Propheta
2887 2099 3075 2155 dicere
3101 2098 3283 2170 possis
3311 2117 3325 2153 :
3357 2096 3584 2151 Mirabi-

1993 2193 2063 2248 lis
2093 2194 2241 2263 facta
2271 2203 2351 2248 est
2394 2194 2616 2248 scientia
2659 2201 2752 2247 tua
2791 2207 2858 2249 ea:
2901 2208 2981 2246 me
3013 2192 3078 2245 “.
3131 2191 3355 2246 Attende
3414 2192 3582 2262 igitur

1997 2288 2094 2342 tibi
2123 2288 2247 2357 ipsi.
2270 2294 2330 2342 ut
2350 2290 2600 2342 attendas
2616 2285 2766 2341 Deo:
2800 2287 2891 2341 cni
2920 2285 3094 2356 gloria
3124 2294 3179 2340 et
3196 2285 3484 2356 imperium
3525 2283 3581 2339 in

1997 2380 2198 2436 secula
2228 2379 2577 2436 seculorum.
2609 2380 2804 2434 Amen.

2327 2725 2418 2779 DE
2468 2725 2881 2782 GRATIARUM
2922 2725 3243 2791 ACTIONE,

2651 2839 2918 2895 Homilia.

2062 2951 2115 3006 Ι.
2154 2950 2402 3009 Audistis
2424 2953 2589 3008 verba
2636 2952 2923 3023 Apostoli,
2975 2952 3178 3024 quibus
3228 2948 3581 3009 Thessaloni-

1988 3057 2185 3100 censes
2213 3043 2518 3115 alloquens,
2537 3045 2688 3100 omni
2717 3044 3000 3100 hominum
3025 3047 3211 3117 generi
3238 3046 3409 3116 legem
3441 3061 3582 3116 pra:-

306 3127 421 3198 βίῳ.
475 3128 538 3181 'H
577 3130 679 3199 μὲν
727 3128 838 3200 γὰρ
883 3129 1202 3186 διδασκαλία
1255 3132 1392 3205 πρὸς
1446 3133 1572 3197 τοὺς
1626 3133 1883 3187 ἑκάστοτε

1998 3135 2206 3191 scribit.
2240 3135 2376 3190 Nam
2408 3136 2664 3192 doctrina
2697 3136 2920 3208 quidem
2951 3138 3020 3193 iis
3051 3138 3142 3209 qui
3176 3137 3242 3193 ad
3271 3140 3449 3209 ipsum
3478 3154 3580 3192 unv

304 3218 446 3289 αὐτῷ
490 3220 1028 3290 παρατυγχάνοντας
1053 3216 1157 3290 ἦν’
1199 3221 1263 3275 τὸ
1311 3222 1369 3275 δὲ
1399 3222 1494 3275 ἀπ’
1537 3223 1709 3294 αὐτῆς
1738 3222 1885 3292 ὠφέ-

302 3309 454 3380 λιμον
484 3312 584 3364 ἐπὶ
612 3312 804 3364 πᾶσαν
836 3311 1107 3365 διαϐαίνει
1134 3313 1232 3384 τὴν
1253 3313 1361 3366 τῶν
1386 3314 1688 3385 ἀνθρώπιον
1716 3314 1881 3388 ζωήν.

302 3402 561 3458 Πάντοτε
591 3403 852 3474 χαίρετε,
890 3404 1086 3474 φησίν·
1125 3406 1519 3473 ἀδιαλείπτως
1554 3409 1885 3477 προσεύχε-

300 3501 427 3557 σθε,
458 3498 531 3550 ἐν
553 3496 738 3549 παντὶ
770 3496 1195 3562 εὐχαριστεῖτε.
1237 3498 1302 3549 Τί
1336 3498 1436 3568 μὲν
1472 3495 1564 3553 οὖν
1589 3500 1650 3553 τὸ
1678 3500 1885 3573 χαίρειν

298 3587 448 3648 αὐτὸ,
484 3588 585 3641 καὶ
613 3588 669 3640 τί
698 3587 759 3640 τὸ
786 3587 845 3653 ἐξ
879 3586 1045 3641 αὑτοῦ
1077 3588 1371 3660 ὠφέλιμον,
1399 3591 1493 3643 καί
1520 3590 1637 3655 πῶς
1664 3591 1886 3645 δυνατὸν

300 3681 393 3750 τίεν
423 3680 774 3734 ἀδιάλειπτον
804 3682 1113 3753 προσευχὴν
1144 3681 1255 3750 (61)
1299 3682 1623 3754 κατορθοῦν,
1656 3684 1750 3737 καὶ
1788 3685 1888 3755 τὴν

299 3774 384 3828 ἐπὶ
417 3775 587 3828 πᾶσιν
617 3773 978 3845 εὐχαριστίαν
1011 3773 1321 3828 ἀποδιδόναι
1352 3774 1430 3846 τῷ
1460 3775 1600 3846 Θεῷ,
1632 3777 1705 3839 ὡς
1730 3777 1889 3830 δυνα-

298 3867 387 3919 τὸν
424 3867 626 3937 μικρὸν
673 3865 903 3937 ὕστερον
947 3864 1342 3937 διηγησόμεθα.
1382 3866 1453 3918 ’Ἀ
1495 3884 1558 3935 γε
1592 3867 1695 3938 μὴν
1739 3869 1889 3941 παρὰ

299 3959 402 4011 τῶν
461 3960 736 4012 ἐναντίων
778 3962 911 4029 ἡμῖν
944 3961 1157 4030 ἀπαντᾷ
1182 3999 1196 4021 ,
1239 3960 1634 4016 διαϐαλλόντων
1678 3964 1738 4017 τὸ
1787 3964 1888 4035 τῆς

301 4052 624 4123 νομοθεσίας
688 4052 991 4113 ἀδύνατον,
1050 4051 1224 4106 ταῦτα
1288 4053 1662 4123 προδιαλαϐεἴν
1719 4055 1888 4122 ἀναγ-

301 4147 450 4198 καῖον
482 4145 621 4215 (62].
659 4145 759 4207 Τίς
798 4144 908 4215 γάρ
949 4146 1096 4197 ἐστιν
1135 4145 1336 4217 ἀρετὴ,
1368 4147 1532 4215 φησι,
1573 4147 1765 4211 νυκτὸς
1796 4147 1891 4201 καὶ

304 4236 515 4308 ἡμέρας
546 4240 605 4289 ἐν
633 4236 880 4306 διαχύσει
908 4236 1088 4307 ψυχῆς
1120 4236 1343 4307 φαιδρὸν
1369 4239 1464 4290 καὶ
1512 4240 1890 4310 γεγανωμένον

300 4327 540 4397 διεὶγειν;
572 4328 705 4390 Πῶς
740 4327 797 4380 δὲ
846 4328 939 4381 καὶ
983 4328 1207 4381 δυνατὸν
1251 4329 1666 4402 κατορθωθῆναι
1710 4330 1888 4394 τοῦτο,

306 4422 512 4493 μορίων
548 4421 993 4492 περιισταμένων
1019 4422 1167 4492 ἡμᾶς
1196 4419 1307 4491 (65)
1348 4422 1660 4493 ἀϐουλήτων
1681 4422 1888 4484 κακῶν,

1920 4473 1967 4527 D

1994 3229 2160 3300 dique
2182 3229 2553 3293 accedebant,
2579 3230 2904 3286 tradebatur
2928 3248 2943 3297 ;
2968 3232 3178 3286 utilitas
3200 3245 3352 3295 vero,
3367 3247 3489 3301 quae
3512 3249 3579 3286 cx

1991 3336 2055 3375 ea
2079 3322 2315 3391 capitur,
2345 3321 2412 3375 ad
2439 3323 2658 3376 omnem
2680 3322 2968 3377 hominum
2992 3322 3098 3394 25
3118 3331 3333 3379 :etatem
3360 3325 3576 3380 transit.

1987 3412 2202 3483 Semper
2233 3412 2459 3484 gaudete
2484 3454 2500 3478 ,
2536 3415 2746 3485 inquit;
2782 3416 2895 3469 sine
2930 3416 3319 3474 intermissione
3389 3427 3537 3471 orate
3560 3459 3577 3484 ,

1988 3508 2040 3560 in
2078 3508 2319 3563 omnibus
2357 3508 2560 3578 gratias
2593 3507 2733 3577 agite
2783 3506 2847 3561 ".
2891 3507 3034 3573 Quid
3081 3517 3262 3561 autem
3304 3508 3408 3563 sibi
3448 3510 3579 3562 velit

1990 3598 2122 3652 illud
2156 3598 2413 3668 gaudium
2435 3641 2449 3664 ,
2485 3596 2764 3668 quodnam
2796 3613 2862 3652 ex
2894 3612 2960 3652 eo
2989 3599 3420 3652 emolumentum
3457 3614 3581 3668 per—

1990 3691 2246 3759 cipiatur,
2277 3704 2497 3759 quaque
2530 3688 2748 3743 ratione
2778 3689 2960 3742 valeat
2990 3689 3119 3758 quis
3153 3690 3409 3759 precibus
3438 3690 3581 3745 assi-

1988 3780 2115 3835 duis
2159 3795 2388 3843 vacare,
2426 3789 2591 3849 atque
2621 3779 2673 3834 in
2706 3779 2965 3834 omnibus
3000 3795 3163 3849 agere
3193 3780 3397 3850 gratias
3430 3779 3575 3841 Deo,

1991 3887 2092 3926 nos
2119 3870 2280 3941 paulo
2304 3879 2426 3939 post
2454 3884 2554 3940 pro
2579 3869 2789 3925 viribus
2815 3871 3231 3940 explicabimus.
3260 3869 3433 3925 Porro
3458 3888 3579 3942 quae

1991 3964 2149 4019 nobis
2164 3965 2230 4017 ab
2245 3964 2578 4019 adversariis
2591 3963 2949 4033 objiciuntur,
2970 3963 3100 4017 dum
3128 3965 3297 4036 legem
3324 3965 3575 4019 traditam

1992 4057 2205 4127 impleri
2244 4071 2353 4111 non
2400 4072 2564 4126 posse
2603 4056 3035 4120 calumniantur.
3085 4071 3148 4111 ea
3190 4073 3576 4129 praeoccupare

1990 4164 2217 4205 necesse
2243 4157 2348 4206 est.
2380 4148 2641 4216 Quaenam
2674 4149 2821 4204 enim
2855 4157 2973 4213 est,
3007 4150 3293 4220 inquiunt,
3330 4151 3432 4207 ista
3469 4152 3579 4205 vir-

1991 4255 2080 4300 tus
2101 4283 2116 4307 ,
2151 4244 2246 4298 diu
2282 4250 2562 4313 noctuque
2595 4242 2648 4296 in
2680 4242 2853 4296 animi
2884 4242 3155 4299 effusione
3186 4244 3366 4299 laetum
3398 4259 3462 4298 ac
3491 4244 3576 4298 bi-

1992 4336 2162 4389 larem
2203 4333 2448 4404 degerc’
2489 4332 2594 4400 Qui
2642 4334 2808 4388 etiam
2855 4334 2960 4389 hoc
3006 4335 3147 4391 idem
3194 4336 3311 4390 fieri
3358 4344 3572 4406 potest,

1993 4425 2380 4481 obsidentibus
2409 4441 2510 4481 nos
2539 4424 2847 4479 innumeris
2873 4432 2929 4480 et
2958 4425 3349 4496 inexspectatis
3391 4428 3572 4487 malis,

302 4514 610 4568 ἀναγκαίαν
636 4516 705 4585 τῇ
740 4513 885 4584 ψυχῇ
931 4514 1031 4585 τὴν
1079 4515 1381 4585 κατήφειαν
1410 4516 1801 4586 ἐμποιούντων,
1832 4515 1891 4581 ἐξ

1998 4519 2341 4587 animamque
2364 4516 2663 4571 inevitabili
2694 4531 2932 4571 mmrore
2959 4515 3340 4577 afficientibus.
3368 4517 3421 4571 in
3453 4518 3542 4587 qui
3563 4549 3576 4558 -

302 4602 372 4661 ὧν
400 4608 621 4678 χαίρειν
652 4606 749 4660 καὶ
784 4603 1190 4675 διευθυμεῖσθαι
1216 4604 1377 4657 πλέον
1407 4605 1692 4667 ἀδύνατον,
1726 4605 1759 4676 ἢ
1800 4605 1890 4658 τὸν

1998 4610 2093 4665 bus
2133 4608 2371 4681 gaudere
2418 4624 2483 4663 ac
2528 4609 2714 4662 laetare
2761 4608 2924 4678 longe
2945 4607 3223 4663 difﬁcilius
3268 4609 3417 4663 factu
3464 4619 3577 4673 est,

305 4696 838 4770 ἀποτηγανιζόμενον
859 4697 932 4768 μὴ
950 4696 1156 4766 ἀλγεῖν,
1176 4696 1375 4751 καὶτὸν
1394 4698 1724 4751 κατακεντού
1733 4716 1891 4768 μενον

1998 4715 2156 4771 quam
2188 4700 2233 4755 si
2266 4700 2392 4770 quis
2426 4700 2479 4754 in
2515 4700 2794 4771 sartagine
2825 4709 3023 4763 tostus,
3046 4716 3155 4756 non
3192 4701 3396 4756 doleret
3417 4742 3430 4764 .
3478 4711 3572 4755 aut

309 4790 378 4861 μὴ
418 4788 759 4853 dativis-Gai;
800 4788 876 4841 Ἦ
926 4788 1029 4841 πού
1074 4805 1159 4851 τις
1204 4789 1300 4840 καὶ
1345 4786 1454 4840 τῶν
1505 4787 1889 4859 περιεστώτων

1998 4789 2238 4859 punctim
2261 4805 2436 4845 caesus
2457 4788 2647 4845 dolore
2674 4805 2782 4844 non
2806 4790 3185 4845 cruciaretur?
3207 4790 3313 4844 Aut
3336 4789 3571 4844 fortasse

307 4884 447 4953 ἡμᾶς
480 4879 722 4935 ἐνταῦθα
741 4920 757 4944 ,
786 4878 888 4951 τὴν
929 4879 1213 4933 ἀσθένειαν
1239 4878 1443 4950 ταύτην
1476 4878 1586 4932 τῶν
1614 4879 1891 4951 λογισμῶν

1998 4880 2083 4934 hic
2106 4880 2271 4935 etiam
2296 4880 2452 4935 adest
2474 4882 2676 4952 aliquis
2705 4897 2773 4937 ex
2801 4880 3291 4937 circumstantibus
3320 4895 3445 4948 nos,
3475 4882 3577 4952 qui

371 5043 417 5075 “
449 5042 606 5099 Psal.
644 5055 910 5105 exuuii,
944 5040 999 5094 6.
1076 5040 1119 5071 "
1158 5037 1181 5090 ι
1214 5039 1412 5094 Thess.
1455 5055 1509 5100 v,
1542 5037 1732 5094 16-18.

372 5154 488 5227 (5‘1)
520 5154 677 5227 Regii
704 5160 817 5227 tres
849 5152 1073 5227 codices
1116 5152 1410 5225 προσσολῇ.
1456 5150 1600 5206 Editi
1631 5159 1686 5207 et
1719 5152 1878 5207 Colb.
1995 5150 2205 5227 dicere:
2230 5151 2495 5227 Qognosce
2517 5151 2764 5227 ιείριιρπ.

313 5218 501 5283 tertius
529 5218 797 5297 προϐολῇ,
828 5223 1136 5297 emendate.
1162 5218 1174 5225 ⁷
1293 5218 1388 5297 __"
1485 5290 1517 5297 _
1558 5290 1592 5297 __
1740 5291 1752 5297 _

2068 5222 2181 5297 (6_l)
2232 5218 2385 5277 Unius
2431 5218 2601 5277 codex
2666 5220 2799 5292 Reg.
2855 5219 2954 5291 τὴν
3009 5218 3348 5274 ἀδιάπτωτον
3396 5238 3575 5290 προσ-η.

372 5297 484 5365 (58)
515 5290 672 5350 Colb.
716 5290 913 5349 tertius
965 5290 1239 5358 διεξιέναι.
1293 5290 1415 5346 Mox
1477 5290 1633 5347 Colb.
1671 5291 1883 5361 primus
1998 5290 2184 5365 ευχῄν.

2069 5357 2183 5432 (62)
2204 5357 2430 5432 Πηιιε-ιθ
2458 5360 2786 5417 Colbertinis
2810 5358 3105 5432 προλαϐεῖν
3124 5359 3438 5432 ἀναγκαζον.
3456 5358 3567 5432 Nec

1998 5427 2276 5485 ita'multo
2305 5430 2446 5484 infra
2468 5432 2597 5499 Heg.
2629 5427 2920 5497 primus'et
2945 5432 3054 5484 duo
3068 5428 3367 5484 Colhertini
3402 5427 3565 5499 μέσον

1995 5499 2224 5569 διάγειν,
2255 5504 2324 5553 At
2357 5516 2458 5556 nec
2484 5501 2540 5555 in
2570 5500 2692 5556 aliis
2722 5516 2880 5569 mss.,
2914 5515 3012 5555 nec
3050 5501 3103 5555 in
3132 5500 3295 5555 editis
3326 5513 3431 5553 vox
3467 5501 3565 5569 μέ·-

1997 5587 2088 5643 σον
2104 5571 2334 5643 legitur.

2066 5638 2195 5711 (65)
2214 5639 2439 5714 Antiqui
2483 5639 2591 5714 duo
2631 5640 2758 5697 libri
2810 5640 3244 5714 περιισταμένων
3272 5638 3422 5710 ἡμῖν.
3456 5638 3565 5700 Alii

1994 5710 2125 5768 mss.
2158 5719 2207 5767 ct
2231 5710 2358 5767 editi
2394 5711 2558 5780 ἡμᾶς.

310 5371 421 5429 ταῖς
445 5365 744 5435 κοιλότησι.

375 5436 487 5503 (59)
515 5429 675 5490 Colh'.
710 5432 922 5504 primus
958 5430 1051 5504 διὰ
1076 5429 1168 5504 τοῦ
1198 5431 1527 5504 πνεύματος.

378 5495 486 5573 (69)
527 5505 686 5575 Colb.
711 5495 935 5575 'primus
1088 5501 1154 5575 ἀν
1198 5504 1294 5575 καὶ
1327 5495 1489 5575 αὐτὸς
1529 5498 1725 5575 εἴποις..
1763 5495 1878 5553 Nec

314 5569 510 5645 pigebit
521 5569 822 5645 ascribere,
841 5571 991 5645 quod
1021 5573 1082 5625 in
1100 5572 1205 5626 fine
1220 5570 1580 5645 ejus_codic_is
1601 5569 1874 5645 scriptum

317 5638 637 5711 inienimus.
658 5646 734 5699 lhi
752 5638 923 5711 igitur
946 5643 1199 5711 leguntur
1220 5641 1331 5703 illa,
1350 5640 1460 5703 Τὰς
1480 5639 1579 5711 σὰς
1598 5638 1871 5711 ἐπιγνοὺς,

314 5709 357 5787 ᾧ
374 5708 948 5787 πάτερ,παραινέσεις,
966 5708 1047 5774 τὸ,
1064 5711 1243 5787 Γνῶθι.
1259 5711 1480 5765 σεαυτὸν
1490 5708 1873 5787 ἐκδιδάσκομαι

316 5778 751 5853 λέγειν.Ἠοιιίια
793 5794 907 5852 tua,
935 5800 967 5839 ο
1001 5790 1174 5852 pater,
1208 5781 1334 5837 dum
1364 5795 1610 5853 agnosco,
1656 5778 1873 5833 edoccor
