4052 6214
502 302 609 360 919

1804 301 1863 356 S.
1906 301 1989 354 BA
1999 298 2153 356 SlLll
2191 294 2407 353 MAGNI

3661 294 3776 351 220

501 418 610 475 hac
641 417 812 473 animi
840 416 1162 490 aegritudine
1205 416 1464 471 laborans
1485 455 1498 479 ,
1534 417 1923 471 excusationes
1952 431 2076 470 cau-

2187 408 2489 484 ἀρρωστῶν
2514 449 2529 476 ,
2575 407 2969 479 προφασίζεται
2999 406 3111 479 (64)
3145 408 3445 480 προφάσεις
3489 410 3550 462 ὲν
3589 410 3776 483 ἁμαρ-

501 519 657 568 setur
684 510 741 564 in
773 511 1013 581 peccatis
1046 511 1089 541 ¹⁶
1109 551 1124 573 ,
1157 523 1222 563 ac
1252 516 1477 578 propter
1505 524 1661 562 suam
1696 509 1752 562 iu
1782 508 2083 564 observan-
2144 558 2149 563 .

498 603 589 659 dis
635 603 929 673 prreceptis
979 602 1405 673 negligentiam,
1450 599 1823 669 legislatorem
1868 601 2082 670 ipsum,

499 703 763 763 tanquam
788 696 879 765 qui
906 709 1027 763 qua:
1052 694 1169 748 ﬁeri
1200 709 1311 747 non
1341 702 1579 762 possunt
1612 694 1824 746 sanciat
1846 732 1860 752 ,
1895 706 2085 760 repre-

498 785 752 839 hensioni
787 786 1088 840 obnoxium
1120 786 1354 841 reddere
1386 792 1640 840 conetur.
1686 782 1874 853 quue
1906 783 2081 837 dicit:

499 876 603 941 Qui
645 877 759 930 lieri
799 885 1017 946 potest,
1055 885 1115 931 ut
1151 892 1372 947 semper
1402 876 1668 946 gaudeam
1692 915 1707 939 ,
1745 890 1869 929 cum
1905 876 1959 929 in
1998 891 2086 930 me

496 967 682 1034 gaudii
707 982 889 1021 causa:
918 983 1028 1021 non
1056 967 1167 1023 sint
1193 966 1354 1021 siue?
1388 965 1657 1019 Nimirum
1692 980 1814 1035 quae
1845 966 2083 1019 laetitiam

497 1066 723 1122 creant,
776 1061 844 1114 ab
896 1062 1140 1114 externis
1190 1065 1476 1130 petuntur,
1522 1073 1625 1113 nec
1663 1066 1793 1113 sunt
1836 1059 1894 1112 in
1928 1058 2086 1114 nobis

499 1152 681 1219 posita
712 1170 724 1204 :
763 1153 925 1205 amici
962 1152 1263 1217 adventus,
1300 1150 1564 1205 diuturna
1598 1165 1724 1205 cum
1762 1151 2084 1219 parentibus

495 1244 850 1311 congressio.
880 1260 1011 1314 opes
1042 1246 1306 1304 invenue.
1341 1244 1507 1297 delati
1545 1244 1613 1297 ab
1643 1243 1959 1297 hominibus
1987 1241 2086 1296 ho—

496 1346 685 1393 nores,
713 1333 922 1387 reditus
947 1350 1013 1387 ex
1046 1334 1275 1389 molesta
1305 1334 1631 1404 aegritudine
1661 1334 1729 1388 ad
1758 1334 2044 1389 sanitatem
2064 1374 2080 1399 ,

498 1420 712 1489 reliqua
738 1422 861 1475 vitae.
893 1421 1164 1489 lelicntas;
1195 1422 1393 1477 domus
1422 1425 1665 1477 omnium
1696 1423 1962 1477 bonorum
1989 1437 2085 1477 co-

496 1509 585 1577 pia
620 1510 907 1565 abundans
930 1552 944 1573 ,
967 1512 1279 1567 exuberans
1310 1528 1500 1568 mensa
1521 1553 1536 1578 ,
1560 1513 1742 1567 idonei
1776 1513 1975 1567 laetitiae
2001 1529 2088 1569 so-

497 1598 601 1661 cii,
635 1613 722 1655 res
753 1601 944 1656 auditu
977 1610 1031 1656 et
1061 1603 1181 1657 visu
1210 1604 1489 1673 jucundae,
1521 1620 1714 1659 eorum
1730 1605 1822 1674 qui
1844 1605 2083 1660 maxima

497 1687 785 1742 nobiscum
816 1692 1227 1746 necessitudine
1258 1694 1438 1761 juncti
1472 1701 1603 1747 sunt
1637 1694 1888 1759 sanitas,
1921 1703 2082 1750 caete-

2192 505 2354 566 τίαις,
2389 502 2448 565 ὃς
2506 500 2597 554 διά
2647 500 2709 553 τὸ
2759 500 2889 571 περὶ
2940 499 3040 571 τὴν
3089 500 3321 571 τήρησιν
3375 500 3484 554 τῶν
3539 502 3775 555 ἐντολῶν

2190 595 2427 664 ὀκνηρὸν
2457 592 2537 664 τῷ
2564 591 2829 663 νομοθέτῃ
2864 591 3216 665 περιτρέπειν
3248 592 3347 656 τὰς
3383 592 3622 664 μέμψεις
3646 596 3773 646 ἐπι-

2190 690 2385 757 χειρεῖ,
2416 686 2493 750 ὼς
2518 685 2756 739 ἀδύνατα
2785 684 3092 754 διορίζοντι.
3127 682 3231 737 Καί
3256 701 3388 755 φησι
3408 704 3421 716 ι
3452 684 3577 748 Πῶς
3613 687 3778 740 δυνα-

2187 780 2279 831 τόν
2314 795 2403 849 μοι
2437 779 2669 832 πάντοτε
2711 776 2942 847 χαίρειν,
2970 775 3078 828 τῶν
3108 776 3297 829 αἰτιῶν
3330 778 3429 846 τῆς
3469 780 3643 847 χαρᾶς
3669 781 3777 831 οἰκ

2189 872 2275 923 ἐπ’
2309 870 2435 940 ἐμοὶ
2461 870 2763 940 κειμένωνς
2794 868 3031 933 Ἔξωθεν
3073 867 3182 938 γάρ
3211 869 3324 919 ἐστι
3370 868 3437 920 τά
3472 869 3580 937 (65)
3612 886 3777 937 ποιη-

2185 962 2315 1016 τικὰ
2344 961 2436 1016 τοῦ
2469 962 2703 1033 χαίρειν,
2726 960 2821 1014 καὶ
2847 960 2947 1013 οὑκ
2977 961 3035 1012 ὲν
3064 960 3196 1030 ήμῖν
3218 958 3555 1028 ἀποκείμενα
3574 975 3587 987 ·
3613 959 3776 1026 φίλου

2188 1052 2483 1125 παρουσία,
2507 1032 2716 1121 ’γονέων
2749 1051 2943 1124 χρονία
2979 1050 3259 1120 συντυχία,
3285 1051 3586 1122 χρημάτων
3615 1051 3789 1120 εὑρέ-

2188 1146 2507 1215 σεις,τιμα)⁵
2558 1142 2712 1214 παρὰ
2760 1143 2866 1196 τῶν
2906 1140 3230 1211 ἀνθρώπων,
3284 1141 3421 1212 πρὸς
3467 1140 3655 1209 ὑγείαν
3706 1142 3778 1192 ὲκ

2186 1236 2431 1306 χαλεπῆς
2456 1236 2771 1308 ἀρρωστίας
2794 1234 3257 1297 ἀποκατάστασις,
3281 1235 3315 1304 ἡ
3337 1233 3496 1304 λοιπὴ
3529 1229 3623 1287 τιῦ
3647 1230 3773 1304 βίου

2184 1328 2496 1398 εὑημερία·
2551 1323 2699 1390 οἶκος
2759 1324 3003 1394 εύθηνῶν
3051 1326 3143 1380 διὰ
3199 1326 3459 1386 πάντων,
3518 1325 3778 1396 τράπεζα

2186 1420 2504 1491 πλήθουσα,
2537 1419 2787 1473 κοινωνοὶ
2828 1422 2929 1490 τῆς
2974 1418 3311 1491 εὐφροσύνης
3352 1419 3402 1470 οί
3447 1418 3772 1487 ἐπιτήδειοι,

2185 1512 2506 1583 ἀκούσματα
2533 1512 2627 1565 καὶ
2659 1511 2911 1581 θεάματα
2947 1510 3143 1582 ἡδονὴν
3167 1510 3418 1581 φέροντα,
3471 1510 3629 1578 ὑγεία
3656 1509 3775 1562 τῶν

2184 1603 2569 1669 οἰκειοτάτων,
2603 1604 2699 1658 κα)⁵
2730 1607 2764 1674 ἠ
2808 1602 2971 1674 λοιπὴ
3021 1603 3205 1666 αὐτοῖς
3244 1600 3337 1655 τοῦ
3386 1600 3502 1672 βίου
3555 1599 3770 1672 εὔροια.

2184 1694 2422 1764 Λυπηρά
2467 1693 2577 1766 γάρ
2619 1695 2680 1748 οὑ
2714 1694 2782 1748 τά
2830 1696 2960 1765 ἡμῖν
3005 1692 3416 1765 προσπίπτοντα
3452 1691 3612 1762 μόνον
3656 1691 3777 1743 τῶν

496 1790 669 1846 raque
690 1816 704 1840 ,
736 1793 856 1848 qua:
886 1779 1121 1835 faustam
1149 1796 1213 1837 ac
1242 1783 1457 1837 beatam
1490 1784 1626 1853 ipsis
1653 1785 1821 1838 vitam
1856 1784 2076 1841 reddere

2184 1786 2471 1855 ἀλγεινῶν,
2509 1765 2645 1841 ἀλλά
2674 1788 2769 1841 καὶ¹
2802 1788 2869 1842 τά
2904 1787 3091 1857 φίλους
3120 1786 3215 1839 καὶ
3248 1788 3529 1854 συγγενεῖς
3563 1783 3773 1837 ἀνιῶν-

495 1876 749 1937 possunt.
787 1868 974 1940 Neque
1001 1871 1148 1927 enim
1180 1874 1425 1930 molesta:
1456 1884 1587 1931 sunt
1614 1876 1794 1931 solum
1826 1892 1948 1947 quae
1981 1893 2084 1932 no-

495 1959 577 2011 bis
607 1959 869 2014 accidunt
892 1976 1154 2018 aerumnae
1174 2004 1188 2028 ,
1218 1964 1312 2019 sed
1339 1981 1415 2021 em
1442 1968 1609 2021 etiam
1639 1983 1760 2038 quae
1785 1969 1992 2024 amicos
2018 1983 2083 2023 ac

495 2051 834 2122 propinquos
868 2055 1091 2111 tristitia
1124 2056 1391 2114 alliciunt.
1431 2060 1615 2126 Quare
1650 2061 1819 2116 fuerit
1851 2077 2082 2118 necesse

494 2141 755 2210 gaudium
786 2152 841 2199 et
864 2146 1062 2200 anima:
1091 2146 1425 2205 hilaritatem
1452 2167 1520 2206 ex
1547 2151 1634 2207 his
1659 2152 1917 2207 omnibus
1945 2166 2080 2206 eon-

491 2231 636 2286 ﬂari.
674 2232 1058 2307 Praetereaque
1101 2238 1148 2293 si
1183 2240 1405 2309 quando
1439 2244 1724 2313 contingat
1754 2242 1943 2299 videre
1976 2244 2082 2298 ini-

492 2323 762 2379 micorum
814 2329 1062 2388 ruinam.
1115 2330 1307 2400 plagas
1353 2332 1777 2398 insidiatorum,
1815 2350 2080 2404 repensas

490 2412 754 2471 beneﬁcis
784 2419 937 2474 vices
960 2462 974 2487 ,
1008 2420 1145 2475 etin
1178 2438 1427 2491 summa,
1460 2425 1506 2479 si
1537 2426 1685 2479 nulla
1721 2427 1947 2480 omnino
1978 2426 2077 2481 ad-

491 2505 566 2561 sit
592 2514 688 2561 aut
709 2520 1061 2587 exspectetur
1083 2514 1334 2569 molestia
1356 2557 1371 2580 ,
1393 2532 1516 2586 qua:
1532 2528 1773 2572 nostram
1798 2518 2079 2587 perturbet

490 2596 696 2663 vitam,
726 2599 801 2653 ita
832 2590 1050 2656 demum
1082 2604 1265 2657 anima
1296 2605 1534 2675 gaudere
1564 2622 1627 2661 ac
1653 2608 1824 2662 laetari
1854 2610 2075 2678 poterit.

491 2688 779 2757 Quomodo
815 2708 947 2764 ergo
988 2695 1175 2749 datum
1216 2697 1377 2751 nobis
1413 2707 1499 2753 est
1543 2708 1902 2769 praeceptum,
1925 2700 2077 2770 quod

490 2781 775 2837 voluntate
806 2798 918 2838 non
954 2787 1254 2855 peragitur,
1302 2788 1399 2843 sed
1440 2804 1508 2843 ex
1553 2789 1676 2845 aliis
1704 2790 1889 2846 causis
1923 2791 2077 2860 prius

490 2877 811 2932 memoratis
835 2877 1151 2947 dependet?
1176 2878 1416 2946 Rursus,
1436 2896 1675 2951 quanam
1695 2885 1912 2937 ratione
1938 2883 2078 2938 assi-

491 2965 600 3021 due
632 2970 918 3037 precabor,
949 2971 1380 3028 necessitatibus
1411 2975 1664 3044 corporis
1712 2975 2074 3031 attentionem

491 3057 659 3111 animi
694 3058 761 3111 ad
793 3074 852 3113 se
881 3061 1195 3116 necessario
1228 3062 1619 3127 avocantibus,
1656 3077 1781 3117 cum
1813 3062 1929 3119 ﬁeri
1962 3079 2073 3120 non
2099 3098 2145 3156 ο

489 3150 667 3220 possit
703 3158 761 3204 ut
794 3167 948 3208 mens
981 3153 1036 3207 in
1069 3153 1207 3209 duas
1241 3154 1406 3209 simul
1441 3170 1606 3211 curas
1637 3156 2024 3212 distrahatur?

561 3240 615 3296 2.
656 3243 821 3312 Atqui
862 3243 918 3298 in
948 3246 1206 3301 omnibus
1242 3247 1573 3317 imperatum
1612 3248 1749 3302 mihi
1788 3260 1874 3304 est
1912 3265 2071 3321 agere

488 3333 715 3400 gratias.
755 3335 1001 3405 Agamne
1040 3338 1247 3406 gratias
1286 3339 1580 3394 tormentis
1618 3341 1912 3408 admotus,
1945 3360 2071 3414 per-

488 3439 718 3487 cussus,
754 3425 807 3478 in
839 3433 957 3479 rota
988 3424 1296 3494 distentus,
1326 3428 1504 3483 oculis
1529 3427 1745 3485 ell'ossis
1766 3430 1789 3483 ?
1811 3432 1895 3485 An
1927 3433 2068 3503 turpi

487 3514 649 3585 plaga
687 3517 755 3570 ab
780 3532 845 3571 eo
868 3517 961 3587 qui
1002 3518 1216 3586 oderit,
1259 3528 1525 3590 accepta,
1580 3531 1764 3591 grates
1817 3524 2071 3579 habebo?

485 3620 561 3660 an
590 3605 795 3676 frigore
839 3610 1102 3664 astrictus
1124 3651 1138 3673 ,
1200 3610 1342 3666 fame
1370 3612 1703 3681 praefocatus
1724 3655 1737 3677 ,
1766 3615 1985 3672 vinctus
2014 3616 2071 3670 in

484 3698 752 3768 equuleo,
808 3700 997 3757 liberis
1049 3703 1234 3758 subito
1283 3704 1546 3771 orbatus,
1601 3713 1694 3759 aut
1740 3707 1902 3761 etiam
1950 3708 2070 3779 ipsa

485 3806 657 3846 uxore
691 3792 1005 3862 spoliatus?
1033 3810 1101 3849 an
1134 3796 1400 3850 bonorum
1433 3797 1595 3867 ecpia
1623 3814 1849 3855 eversus
1876 3801 1947 3854 ob
1982 3816 2071 3856 re-

485 3883 770 3950 pentinum
790 3884 1178 3955 naufragium?
1198 3887 1307 3958 26
1332 3889 1583 3959 nunquid
1606 3890 1652 3945 si
1680 3892 1817 3944 mari
1844 3892 1897 3945 in
1919 3894 2068 3962 pira-

484 3978 571 4025 tas
591 4011 605 4035 ,
635 3972 721 4027 vel
752 3973 798 4028 si
828 3980 976 4027 terra
1006 3975 1296 4029 inciderint
1329 3976 1385 4030 in
1414 3978 1698 4033 latrones?
1720 3996 1849 4034 num
1879 3983 2071 4037 vulne-

483 4071 669 4132 ratus,
698 4067 973 4136 appetitus
996 4068 1290 4123 calumniis
1310 4107 1325 4132 ,
1349 4071 1709 4139 vagabundus
1726 4112 1740 4134 ,
1768 4072 1821 4126 in
1850 4088 2070 4130 carcere

484 4157 772 4211 inclusus?
803 4155 928 4212 Haec
957 4164 1012 4211 et
1045 4157 1225 4211 adhuc
1255 4158 1340 4215 his
1367 4159 1524 4230 plura
1544 4202 1558 4226 ,
1588 4160 1953 4231 legislatorem
1988 4165 2070 4218 in-

484 4248 838 4312 simulantes,
869 4249 1173 4319 colligunt,
1210 4264 1274 4304 ac
1305 4265 1405 4305 sua
1439 4251 1684 4322 ipsorum
1717 4266 1938 4325 peccata
1971 4272 2069 4310 ert-

483 4354 681 4394 cusare
718 4347 951 4409 putant,
985 4341 1114 4395 dum
1148 4340 1274 4396 data
1309 4343 1470 4399 nobis
1503 4354 1804 4416 praecepta,
1840 4349 2066 4418 perinde

2180 1895 2273 1933 τα.
2304 1880 2470 1932 Ὥστε
2497 1880 2565 1933 ὲκ
2597 1879 2817 1933 πάντων
2834 1879 3041 1934 τούτων
3072 1879 3284 1950 ἀνάγκη
3319 1876 3672 1950 ἀθροίζεσθαι
3703 1876 3775 1929 τὸ

2182 1970 2482 2042 περιχαρὲς
2521 1972 2618 2026 καὶ
2658 1971 2896 2043 εὔθυμον
2930 1973 3031 2044 τῆς
3057 1972 3268 2043 ψυχῆς.
3309 1971 3418 2024 Καὶ
3465 1969 3603 2042 πρὸς
3634 1969 3774 2023 τού-

2181 2077 2314 2126 τοις,
2356 2062 2486 2116 ὃταν
2518 2064 2650 2134 ὁρᾷν
2684 2064 2907 2137 ὑπάρχῃ
2949 2063 3160 2135 ἐχθρῶν
3207 2062 3608 2127 καταπτώσεις,
3645 2066 3776 2117 ὲπι-

2182 2151 2389 2207 δούλων
2410 2153 2645 2224 πληγὰς,
2671 2154 2977 2225 εὐεργετῶν
3007 2153 3266 2225 ἀμοιϐὰς,
3298 2154 3392 2208 καὶ
3425 2152 3775 2219 ἁπαξαπλῶς

2183 2243 2280 2297 ἐάν
2316 2246 2455 2317 μήτε
2487 2246 2661 2315 παρόν
2705 2262 2759 2299 τι
2790 2244 2899 2299 τῶν
2935 2246 3233 2309 δυσκόλων,
3278 2246 3415 2316 μήτε
3449 2244 3771 2317 προσδοκώ-

2185 2352 2345 2405 μενον
2376 2336 2513 2400 ὅλως
2561 2336 2660 2407 τὴν
2707 2335 2850 2408 ζωὴν
2884 2335 3041 2408 ἡμῶν
3089 2337 3465 2407 ὲπιταράσσῃ·
3509 2335 3632 2388 τότε
3666 2334 3769 2386 δυ-

2180 2427 2338 2481 νατὸν
2372 2428 2683 2496 ἐγγίνεσθαι
2711 2430 2776 2499 τῇ
2807 2427 2951 2500 ψυχῇ
2976 2428 3075 2499 τὴν
3107 2428 3302 2498 χαράν.
3322 2428 3446 2491 Πῶς
3465 2422 3560 2479 οὖν
3590 2426 3771 2496 πρόσ-

2178 2535 2365 2590 ταγμα
2385 2521 2516 2590 ἡμῖν
2540 2518 2751 2572 δέδοται
2776 2519 2838 2572 τὸ
2870 2519 2945 2591 μὴ
2969 2521 3033 2574 ὲκ
3057 2521 3430 2591 προαιρέσεως
3460 2516 3770 2588 κατορθού-

2183 2627 2378 2680 μενον,
2430 2611 2546 2664 άλλ’
2590 2611 3018 2683 ἐπακολούθημα
3068 2612 3271 2685 ἑτέρων
3328 2611 3781 2682 προηγουμένων

2181 2702 2457 2773 ὑπάρχον;
2492 2701 2618 2765 Πῶς
2643 2702 2701 2757 δὲ
2728 2703 2824 2757 καὶ
2856 2703 3215 2767 ἀδιαλείπτως
3246 2703 3769 2775 προσεύξομαι,τῶν

2177 2792 2272 2845 τοῦ
2328 2792 2575 2863 σώματος
2622 2792 2821 2866 χρειῶν
2880 2793 3197 2862 ἀναγκαίως
3248 2794 3348 2865 τὴν
3395 2793 3603 2849 ἔννοιαν
3658 2794 3770 2864 τῆς

2177 2881 2356 2952 ψυχῆς
2386 2881 2867 2954 περιστρεφουσῶν
2895 2882 3033 2955 πρὸς
3063 2882 3282 2946 ἑαυτάς,
3316 2882 3583 2937 ἀδυνάτου
3605 2883 3769 2947 δντος

2178 2971 2319 3024 κατά
2350 2971 2547 3027 ταυτὸν
2574 2962 2711 3045 πρὸς
2739 2973 2833 3028 δύο
2877 2973 3153 3047 μερίμνας
3188 2973 3286 3046 τὴν
3318 2974 3556 3029 διάνοιαν
3583 2992 3765 3029 κατα-

2177 3060 2471 3132 τέμνεσθαι
2494 3079 2508 3129 ;

2246 3242 2301 3295 2.
2342 3242 2501 3296 Ἀλλὰ
2533 3244 2627 3297 καὶ
2649 3245 2707 3297 ὲν
2741 3244 2903 3298 παντί
2924 3262 3013 3316 μοι
3033 3245 3375 3316 εὐχαριστεῖν
3387 3243 3771 3298 διατέτακταιμ

2175 3336 2571 3407 Εὑχαριστήσω
2602 3336 2859 3408 στρεϐλού
2868 3354 3045 3408 μενος,
3064 3337 3429 3408 αἰκιζόμενος,
3444 3337 3537 3389 ἐπὶ
3557 3334 3765 3407 τροχοῦ

2174 3428 2642 3500 κατατεινόμενος,
2671 3430 2798 3492 τοὺς
2833 3428 3147 3500 ὀφθαλμοὺς
3176 3428 3613 3500 ὲκκοπτόμενοςς
3649 3428 3767 3481 Εὑ-

2173 3523 2489 3592 χαριστήσω
2520 3520 2856 3591 τυπτόμενος
2875 3520 2986 3592 (66)
3011 3521 3110 3593 τὴν
3134 3521 3330 3593 ἄτιμον
3355 3521 3569 3592 πληγὴν
3600 3521 3764 3591 παρὰ

2172 3613 2265 3667 τοῦ
2302 3612 2622 3685 μισοῦντος;
2660 3613 3005 3683 πηγνύμενος
3055 3614 3161 3667 ὑπὸ
3213 3611 3306 3667 τοῦ
3358 3612 3578 3685 κρύους,
3605 3612 3765 3683 λιμῷ

2173 3705 2600 3776 καταγχόμενος,
2632 3704 2726 3757 ἐπὶ
2753 3703 2850 3757 τοῦ
2882 3703 3038 3769 ξύλου
3086 3704 3389 3775 δεδεμένος,
3420 3704 3763 3767 άτεκνωθεὶς

2171 3797 2404 3869 ἀθρόως,
2436 3798 2469 3867 ἢ
2506 3798 2601 3851 καὶ
2640 3798 2740 3869 τῆς
2770 3798 3027 3866 γυναικὸς
3059 3796 3230 3867 αὑτῆς
3256 3796 3656 3868 ὲστερημένοςς
3687 3798 3765 3848 ὲκ

2171 3889 2446 3958 ναυαγίων
2498 3889 2759 3960 ἐξαίφνης
2809 3888 3057 3944 ἐκπεσὼν
3114 3888 3409 3959 εὑπορίας;
3465 3889 3760 3957 πειραταῖς

2171 3977 2311 4031 κατὰ
2361 3977 2663 4041 θάλασσαν,
2700 3977 2733 4049 ἢ
2783 3978 3010 4051 λῃσταῖς
3069 3978 3192 4033 κατ’
3251 3979 3480 4050 ἤπειρον
3524 3994 3757 4048 περιτυ-

2170 4067 2281 4138 χών
2304 4067 2455 4140 (67);
2488 4069 2780 4141 τραύματα
2811 4070 2981 4142 ἔχων,
3018 4070 3558 4141 συκοφαντούμενος,
3611 4071 3759 4143 άλη-

2169 4160 2365 4225 τεύων,
2393 4161 2455 4214 τὸ
2492 4161 2869 4234 δεσμωτήριον
2903 4162 3099 4227 οίκῶν;
3132 4163 3317 4217 Ταῦτα
3348 4164 3442 4218 καὶ
3470 4163 3552 4217 ἔτι
3578 4162 3755 4216 πλείω

2170 4254 2410 4317 τούτων,
2441 4254 2874 4326 κατηγοροῦντες
2917 4254 3012 4309 τοῦ
3041 4254 3353 4326 νομοθέτου,
3386 4255 3751 4327 συνείρουσιν,

2169 4343 2469 4413 ἀπολογίαν
2510 4346 2618 4399 τῶν
2681 4348 3098 4418 ἁμαρτημάτων
3154 4348 3369 4412 ἑαυτοῖς
3403 4345 3754 4419 εὐτρεπίζειν

482 4444 547 4483 ac
579 4430 627 4485 si
660 4430 876 4500 impleri
913 4439 1225 4501 nequeant,
1262 4434 1691 4491 calumniantur.
1727 4437 1870 4504 Quid
1902 4441 2068 4510 igitur

2178 4438 2463 4509 ἡγούμενοι
2510 4438 2609 4509 τὴν
2665 4439 2757 4492 ἐπὶ
2811 4442 2922 4503 τοῖς
2970 4438 3411 4510 διατεταγμένοις
3456 4442 3623 4512 ἡμῖν,
3670 4439 3752 4504 ὼς

480 4519 769 4577 dicemus?
796 4520 1066 4578 Nimirum
1089 4565 1104 4588 ,
1134 4524 1279 4594 quod
1308 4525 1436 4581 licet
1467 4528 1577 4583 alio
1602 4538 1811 4599 spectet
1835 4531 2073 4601 Aposto-

481 4614 597 4680 lus,
629 4625 971 4686 coneturque
1000 4633 1031 4673 e
1061 4625 1211 4673 terra
1245 4620 1299 4674 in
1331 4620 1566 4677 sublime
1594 4624 1825 4679 evehere
1857 4625 2069 4681 animas

482 4714 735 4773 nostras,
773 4718 936 4779 atque
968 4710 1037 4765 ad
1074 4713 1356 4769 caelestem
1390 4714 1683 4786 quamdam
1720 4716 1939 4771 vivendi
1975 4734 2065 4772 ra-

481 4797 684 4854 tionem
715 4814 818 4855 nos
850 4801 1188 4858 transferre:
1216 4814 1396 4859 tamen
1422 4807 1512 4861 isti
1541 4808 1706 4861 altum
1736 4806 2061 4878 Iegislatoris

479 4903 700 4944 sensum
734 4906 844 4945 non
875 4895 1144 4958 assecuti,
1181 4896 1276 4950 sed
1312 4900 1460 4952 circa
1490 4907 1694 4953 terram
1723 4907 1774 4953 et
1803 4914 2021 4953 carnem
2044 4940 2058 4964 ,

478 4987 541 5035 ut
572 4997 789 5039 vermes
822 4985 879 5039 in
913 5001 1107 5051 coeno,
1156 4988 1230 5040 ita
1277 4988 1331 5042 in
1376 4990 1627 5060 corporis
1669 4990 2060 5060 cupiditatibus

478 5072 739 5138 volutati,
784 5076 1069 5144 possintne
1113 5079 1419 5148 apostolica
1455 5080 1712 5135 mandata
1745 5082 1939 5137 conﬁci
1976 5083 2059 5137 in-

550 5231 596 5262 ¹⁶
633 5229 774 5286 Psal.
807 5244 943 5297 cn,
977 5231 1031 5289 4.

551 5383 663 5447 (64)
696 5382 922 5460 Veteres
966 5385 1208 5457 quinque
1253 5388 1377 5443 libri
1426 5389 1843 5460 προφασίζεται.
1899 5390 2042 5447 Editi

476 5455 903 5525 προφασίζηται.

553 5524 665 5601 (65)
702 5526 831 5593 lieg.
866 5525 1073 5601 primus
1112 5524 1361 5601 Ἔξωοεν
1377 5530 1486 5601 γάρ
1531 5532 1637 5601 είσι
1685 5530 1773 5585 τά.
1813 5530 1922 5584 Nec
1972 5530 2048 5585 ita

481 5598 654 5670 multo
687 5602 810 5670 post
861 5596 970 5649 duo
990 5612 1136 5670 piss.
1176 5596 1481 5670 χρημάτων
1527 5600 1761 5670 εὕρεσις.
1809 5601 2050 5656 Subinde

484 5666 615 5736 Reg.
655 5666 859 5737 primus
889 5674 941 5721 et
981 5665 1132 5721 Colb.
1174 5665 1356 5724 ili—dem
1394 5665 1642 5742 τράπεζα
1677 5672 2045 5743 πληθύνουσα.

2167 4530 2472 4596 ἀδυνάτοις,
2495 4530 2768 4603 διαϐολήν.
2797 4531 2862 4583 Τί
2895 4525 2988 4585 οὖν
3017 4548 3194 4603 φαμεν
3212 4548 3228 4598 ;
3248 4532 3389 4597 Ὅτι,
3426 4532 3561 4604 πρὸς
3581 4532 3757 4605 ἔτερα

2169 4619 2461 4690 βλέποντος
2514 4621 2610 4675 τοῦ
2670 4622 2997 4676 Ἀποστόλου
3018 4663 3032 4688 ,
3079 4623 3172 4676 καὶ
3220 4622 3317 4687 τὰς
3364 4622 3543 4694 ψυχὰς
3583 4624 3757 4695 ήμῶν

2165 4714 2507 4787 πειρωμένου
2557 4714 2795 4786 χαμόθεν
2867 4715 3004 4788 πρὸς
3038 4715 3171 4785 ὕψος
3213 4715 3599 4788 μετεωρίζειν,
3649 4717 3753 4770 καὶ

2163 4811 2257 4863 ἐπὶ
2314 4808 2375 4861 τὸ
2436 4809 2691 4880 οὐράνιον
2763 4809 3112 4880 μετατιθέναι
3187 4809 3529 4881 πολίτευμα,
3565 4812 3614 4863 οί
3667 4811 3750 4883 μὴ

2162 4902 2546 4975 ἐφικνούμενοι
2581 4906 2683 4977 τῆς
2736 4907 3087 4977 μεγαλονοίας
3113 4904 3208 4959 τοῦ
3252 4905 3547 4977 νομοθέτου
3571 4945 3585 4969 ,
3611 4906 3749 4977 περὶ

2162 4995 2266 5066 γῆν
2288 4997 2383 5050 καὶ
2414 4996 2645 5068 σάρκας,
2684 4998 2761 5062 ὡς
2794 4998 2924 5071 περὶ
2947 4997 3122 5068 τέλμα
3161 4996 3467 5067 σκώληκες,
3504 4996 3750 5050 ἰλυσπώ-

2166 5104 2317 5157 μενοι
2356 5088 2415 5142 ὲν
2448 5092 2562 5152 τοῖς
2591 5090 2686 5143 τοῦ
2720 5089 2971 5161 σώματος
3012 5088 3245 5152 πάθεσι,
3276 5088 3337 5141 τὸ
3380 5088 3604 5142 δυνατὸν
3629 5088 3744 5141 τῶν

2238 5391 2350 5463 (66)
2386 5390 2551 5456 Illud,
2589 5392 2971 5463 εὑχαριστήσω
3013 5392 3382 5463 τυπτόμενος,
3424 5391 3742 5463 addidimus

2166 5477 2234 5517 ex
2249 5460 2532 5517 veteribus
2565 5460 2771 5531 septem
2804 5460 2980 5516 libris.
3020 5462 3142 5516 Mox
3174 5460 3288 5518 tres
3332 5478 3465 5519 mss.
3500 5462 3604 5515 ὑπὸ
3636 5460 3736 5517 τοῦ

2167 5531 2623 5603 κρύουνςηᾼὺθηι
2660 5534 2924 5587 articulus
2948 5549 2978 5585 a
3010 5534 3264 5601 vulgatis.

2242 5601 2355 5667 (67)
2395 5601 2619 5674 Veteres
2661 5603 2904 5674 quinque
2955 5604 3075 5657 libri
3124 5604 3351 5673 ἤπειρον
3400 5602 3735 5674 περιτυχὼν.

2172 5673 2313 5729 Editi
2350 5671 2689 5745 περιπεσών,
2718 5673 2856 5728 haud
2894 5671 3156 5729 dissimili
3177 5671 3362 5729 sensu.
