4052 6214
309 283 416 339 221

1312 284 1592 340 llOMlLlA
1630 285 1716 339 DE
1748 284 2160 342 GRATIARUM
2203 284 2521 341 ACTIONE.

3484 282 3590 337 22$

310 403 686 458 ἀποστολικῶν
739 402 1046 471 διατάξεων
1096 406 1438 459 ἀπαιτοῦσιν.
1482 409 1541 459 Ὀ
1591 407 1647 459 δὲ
1700 425 1898 478 προκα-

2010 408 2258 478 quirunt.
2286 406 2583 476 Apostolus
2606 411 2784 459 autem
2810 417 2917 457 non
2941 401 3054 471 jam
3085 402 3321 471 amplius
3344 402 3398 455 in
3424 415 3592 457 carne

314 496 488 549 λεῖται
511 493 623 564 (68)
660 497 742 558 εἰς
768 496 833 548 τὸ
868 496 1106 549 πάντοτε
1143 498 1351 569 χαίρειν
1382 498 1501 568 οὐχὶ
1533 500 1625 551 τὸν
1652 500 1901 569 τυχόντα,

315 586 455 640 ἀλλά
485 586 575 638 τὸν
600 582 715 649 οἷος
745 587 915 649 αὐτὸς
952 583 1047 656 ἦν,
1082 589 1267 641 οὐκέτι
1312 589 1420 653 ζῶν
1453 593 1511 643 ὲν
1549 592 1733 662 σαρκὶ,
1771 592 1908 644 ἀλλὰ

318 677 498 743 ζῶντα
520 676 660 746 ἔχων
700 678 763 730 ἐν
798 678 986 747 ἐαυτῷ
1016 679 1113 732 τὸν
1147 680 1402 751 Χριστὸν,
1429 681 1504 735 ὡς
1546 686 1647 751 τῆς
1682 682 1816 753 πρὸς
1845 683 1907 735 τὸ

320 770 617 840 ἀκρότατον
645 769 759 820 τῶν
790 768 1017 836 ἀγαθῶν
1052 772 1346 839 συναφείας
1375 772 1639 842 μηδαμῶς
1665 773 1765 842 τὴν
1799 774 1907 826 ἀπὸ

317 859 426 911 τῶν
481 856 734 927 ὀχληρῶν
792 857 896 927 τῆς
958 859 1162 927 σαρκὸς
1207 859 1549 929 συμπάθειαν
1588 860 1903 932 δεχομένης.

330 946 489 1000 Ἀλλά
534 945 641 1000 κᾶν
688 947 1060 1019 διακόπτηται
1108 949 1142 1017 ή
1192 949 1347 1020 σὰρξ,
1403 952 1435 1021 ἡ
1486 951 1585 1021 τῆς
1630 951 1908 1021 συνεχείας

315 1038 556 1100 διάλυσις
619 1036 959 1106 ἐναπομένει
1013 1036 1094 1107 τῷ
1146 1038 1436 1092 πεπονθότι
1498 1039 1594 1093 τοῦ
1656 1039 1907 1111 σώματος

320 1127 508 1199 μέρει,
558 1126 665 1197 τῆς
720 1127 1012 1190 διαδόσεως
1072 1126 1169 1181 τοῦ
1218 1128 1512 1192 λυποῦντος
1567 1130 1627 1182 οὐ
1675 1129 1908 1199 δυναμέ-

314 1237 411 1291 νης
455 1218 793 1271 διικνεῖσθαι
827 1218 965 1289 πρὸς
1000 1218 1065 1272 τὸ
1104 1221 1286 1290 νοερὸν
1325 1220 1422 1290 τῆς
1446 1220 1644 1290 ψυχῆς.
1692 1219 1755 1272 Εἰ
1800 1220 1907 1291 γάρ

311 1309 705 1381 ἑνεκρώσαμεν
739 1310 810 1363 τὰ
858 1310 997 1381 μέλη
1036 1310 1106 1364 τά
1159 1311 1251 1362 ἐπὶ
1282 1311 1378 1381 τῆς
1427 1312 1564 1381 γῆς,
1616 1310 1758 1365 κατά
1812 1311 1909 1374 τὰς

314 1400 596 1470 ὑποθήκας
655 1400 757 1453 τοῦ
797 1400 1124 1454 Ἀποστόλου
1147 1440 1163 1464 ,
1218 1404 1312 1456 καὶ
1360 1403 1455 1473 τὴν
1499 1403 1766 1475 νέκρωσιν
1812 1403 1907 1456 τοῦ

327 1490 501 1558 Ἰησοῦ
535 1492 597 1544 ἐν
642 1492 724 1562 τῷ
761 1492 977 1564 σώματι
1010 1495 1406 1566 περιεφέρομεν
1432 1494 1563 1565 (69),
1598 1494 1910 1563 ἀναγκαίως

312 1585 348 1652 ἡ
379 1584 489 1635 ἀπὸ
531 1582 629 1637 τοῦ
671 1586 1087 1655 νενεκρωμένου
1138 1585 1387 1656 σώματος
1425 1587 1604 1659 πληγὴ
1643 1589 1780 1657 πρὸς
1812 1587 1909 1656 τὴν

314 1674 737 1746 ἀπολελυμένην
770 1675 872 1745 τῆς
900 1679 1201 1745 συναφείας
1228 1678 1394 1731 αὐτοῦ
1428 1677 1607 1749 ψυχὴν
1633 1680 1694 1732 οῦ
1726 1680 1904 1751 χωρή-

2012 499 2199 553 vivens
2221 538 2234 560 ,
2265 496 2360 551 sed
2388 497 2661 550 viventem
2690 494 2902 547 habens
2926 492 2978 545 in
3007 492 3190 560 seipse
3213 490 3493 546 Christum
3523 491 3589 559 ⁸⁷,

2009 606 2119 643 ηοιι
2147 589 2482 659 quemlibet,
2516 586 2609 640 sed
2640 586 2724 639 sui
2757 584 2989 638 similem
3019 582 3087 635 ad
3113 584 3430 636 continuum
3457 597 3591 653 gau-

2007 682 2157 735 dium
2191 682 2387 734 invitat
2413 699 2425 733 :
2459 679 2658 747 quippe
2688 677 2813 746 quia
2849 690 3045 744 graves
3077 690 3141 729 ac
3170 674 3431 729 molestas
3461 689 3589 727 car-

2008 775 2094 827 nis
2146 772 2464 826 affectiones
2514 785 2627 823 non
2675 768 2915 822 admittit
2961 766 3151 821 isthmc
3201 780 3327 818 cum
3374 780 3590 819 summo

2008 866 2154 920 bono
2184 865 2524 932 conjunctio.
2560 862 2670 916 [mo
2702 876 2828 915 vero
2859 860 3072 914 etiamsi
3108 859 3392 913 seindatur
3422 872 3587 921 caro,

2009 954 2063 1007 in
2106 969 2170 1008 ea
2213 954 2462 1022 corporis
2510 960 2663 1021 parte
2704 966 2827 1020 qua:
2869 951 3009 1003 male
3047 949 3298 1012 aflicitur,
3348 956 3592 1001 remanet

2009 1043 2390 1097 continuitatis
2423 1041 2747 1105 dissolutio,
2777 1054 2876 1094 nec
2910 1056 3151 1107 unquam
3183 1040 3250 1093 ad
3280 1039 3592 1108 intelligen-

2010 1144 2117 1190 tem
2141 1135 2305 1188 animi
2329 1144 2532 1204 partem
2561 1135 2872 1203 pertingere
2900 1140 3078 1201 potest
3107 1130 3313 1185 doloris
3342 1146 3592 1184 commu-

2009 1225 2235 1279 nicatio.
2274 1224 2488 1277 Etenim
2520 1225 2567 1278 si
2602 1225 2758 1293 juxta
2785 1224 3031 1293 Apostoli
3063 1231 3395 1292 praeceptum
3420 1236 3592 1276 mem-

2011 1316 2107 1371 bra
2132 1331 2250 1385 qua:
2276 1325 2405 1370 sunt
2432 1332 2596 1386 super
2624 1325 2825 1369 terram
2856 1314 3313 1368 mortificaremus
3338 1316 3401 1376 ’⁸,
3424 1321 3590 1382 atque

2010 1409 2067 1463 in
2093 1423 2322 1478 corpore
2350 1406 2833 1463 circumferremus
2860 1407 3335 1461 mortificationem
3362 1405 3492 1460 Jesu
3521 1406 3587 1468 "’,

2010 1516 2241 1556 necesse
2273 1507 2419 1555 esset
2454 1507 2513 1553 ut
2548 1498 2860 1554 mortificati
2896 1500 3148 1568 corporis
3176 1498 3333 1567 plaga
3370 1498 3437 1551 ad
3470 1496 3591 1550 aui-

2013 1607 2158 1645 mam
2192 1592 2261 1646 ab
2289 1592 2410 1661 ejus
2438 1592 2827 1659 conjunctione
2854 1592 3088 1646 solutam
3113 1604 3223 1646 non
3255 1589 3586 1657 perveniret.

2012 1681 2144 1735 Nam
2179 1682 2522 1751 ignominiae,
2553 1682 2860 1750 damnaque
2891 1691 2944 1736 et
2972 1695 3405 1752 propinquorum
3438 1693 3589 1735 mors

318 1781 419 1819 σει,
467 1764 720 1834 Ἀτιμίαι
765 1765 823 1818 δὲ
878 1767 970 1819 καὶ
1013 1765 1244 1838 ζημίαι,
1292 1769 1383 1822 καὶ
1434 1769 1649 1822 οἰκείων
1692 1770 1898 1822 θάνατοι

2013 1777 2437 1846 haudquaquam
2468 1777 2769 1830 ascenderit
2800 1777 2868 1829 ad
2899 1784 3134 1830 mentem
3162 1794 3176 1841 ;
3208 1790 3385 1844 neque
3418 1773 3588 1833 animi

317 1858 414 1909 οὒκ
443 1856 822 1928 ἀναϐήσονται
846 1860 984 1930 πρὸς
1014 1860 1107 1913 τὸν
1140 1861 1294 1924 νοῦν,
1316 1861 1437 1914 οὐδὲ
1467 1862 1905 1933 καταστρέφουσι

313 1949 377 2003 τὸ
400 1950 609 2019 ὑψηλὸν
642 1951 743 2021 τῆς
779 1950 959 2022 ψυχῆς
1003 1953 1143 2023 πρὸς
1175 1953 1271 2024 τὴν
1309 1947 1410 2008 ὧδε
1449 1954 1812 2024 συμπάθειαν.
1842 1955 1905 2006 Et

316 2038 415 2108 ph
444 2040 558 2111 γὰρ
608 2042 678 2094 τὰ.
742 2041 886 2095 αὐτὰ
946 2043 1204 2114 φρονοῦσι
1250 2044 1328 2115 τῷ
1374 2045 1645 2115 σπουδαίῳ
1689 2047 1739 2099 οἱ
1785 2049 1906 2109 ταῖς

311 2131 625 2195 δυσκολίαις
655 2134 1073 2204 περιπεσόντες,
1097 2137 1160 2189 οὐ
1188 2136 1484 2208 παρέξουσι
1503 2136 1680 2201 λύπας
1709 2139 1901 2210 ἑτέρῳ,

312 2222 366 2273 εἰ
396 2240 460 2290 γε
520 2224 652 2293 μηδ’
684 2225 841 2277 αὐτοὶ
887 2226 1151 2298 λυπηρῶς
1189 2227 1533 2299 διαφέροντες
1581 2228 1651 2282 τὰ
1698 2231 1901 2298 συμπί-

316 2329 543 2366 πτονταο
583 2314 636 2365 εἰ
672 2314 736 2367 δὲ
764 2314 908 2368 κατά
948 2316 1130 2387 σάρκα
1167 2317 1354 2382 ζῶσιν,
1390 2318 1498 2371 οὐδ’
1540 2319 1685 2373 οῦτω
1728 2319 1902 2391 λυπή-

314 2421 497 2458 σουσιν
521 2405 664 2475 (70),
701 2406 819 2459 ἀλλ’
850 2407 1081 2461 ἐλεεινοί
1112 2408 1489 2480 κριθήσονται,
1509 2411 1571 2463 οὺ
1601 2410 1709 2463 τῶν
1746 2428 1903 2482 περι-

313 2495 558 2547 στάσεων
611 2496 851 2565 μᾶλλον,
900 2497 935 2568 ἢ
983 2498 1079 2551 τοῦ
1134 2499 1208 2569 μὴ
1258 2500 1638 2570 προαιρεῖσθαι
1675 2499 1785 2570 (71)
1836 2500 1904 2554 τὰ

313 2587 521 2641 δέοντα.
546 2588 735 2652 Ὀλως
762 2589 821 2641 δὲ
848 2588 1019 2661 ψυχὴ,
1043 2592 1076 2660 ἡ
1098 2589 1245 2656 arma
1275 2590 1630 2662 προσδεθείσα
1655 2591 1733 2662 τῷ
1754 2592 1904 2663 πόθῳ

311 2678 404 2733 τοῦ
430 2681 765 2745 κτίσαντος,
814 2681 912 2734 καὶ
953 2685 1066 2745 τοῖς
1095 2685 1213 2735 ἐκεῖ
1258 2683 1510 2737 κάλλεσιν
1562 2684 1900 2756 ἐνειθισμένη

314 2772 730 2843 φαιδρύνεσθαι,
765 2774 828 2827 τὸ
870 2775 1173 2847 περιχαρὲς
1210 2776 1381 2847 αὐτῆς
1412 2777 1505 2829 καὶ
1532 2775 1767 2848 εὔθυμον
1798 2778 1903 2831 ὑπὸ

310 2864 408 2935 τῆς
436 2866 699 2936 ποικίλης
735 2866 1143 2936 μεταπτώσεως
1178 2867 1286 2922 τῶν
1322 2869 1603 2939 σαρκικῶν
1644 2870 1904 2941 παθημά-

312 2972 415 3010 των
436 2960 498 3010 οῦ
534 2958 847 3027 μεταϐαλεῖ
862 2973 878 2984 ·
904 2958 1043 3012 ἀλλά
1062 2958 1132 3011 τὰ
1157 2962 1268 3022 τοῖς
1290 2959 1469 3022 ἄλλοις
1489 2960 1707 3031 λυπηρά
1736 2969 1904 3030 προσ-

311 3048 483 3121 θήκην
510 3051 865 3122 εὐφροσύνης
892 3051 1202 3121 ποιήσεται.
1238 3047 1363 3115 Οἷος
1397 3049 1464 3124 ἦν
1493 3056 1521 3107 ό
1555 3054 1896 3118 Ἀπόστολος,

309 3140 543 3192 εῦδοκῶν
578 3142 638 3193 ἐν
665 3139 1006 3203 ἀσθενείαις,
1042 3141 1099 3191 ἐν
1139 3139 1399 3209 θλίψεσιν,
1434 3144 1491 3195 ἐν
1531 3143 1814 3213 διωγμοῖς,
1841 3146 1898 3196 ἐν
1926 3117 1967 3172 C

307 3231 599 3297 ἀνάγκαις,
618 3233 807 3302 καυχή
816 3249 963 3302 ματα
981 3231 1175 3285 ἐαυτοῦ
1200 3231 1299 3296 τὰς
1319 3234 1524 3297 ἐνδείας
1549 3234 1896 3301 ποιούμενος·

309 3324 364 3374 ἐν
390 3323 536 3393 λιμῷ
564 3325 664 3376 καὶ
697 3323 866 3392 δίψει,
902 3326 960 3376 ἐν
989 3323 1151 3394 ψύχει
1195 3325 1287 3377 καὶ
1330 3326 1652 3396 γυμνότητι,
1686 3329 1745 3380 ἐν
1776 3327 1901 3381 διω-

305 3417 465 3484 quo};
506 3416 607 3468 καὶ
636 3415 1029 3485 στενοχωρίαις
1058 3416 1193 3487 (Ἱῖ),
1230 3418 1314 3485 ἐφ’
1358 3413 1439 3482 οἷς
1483 3418 1632 3471 ἄλλοι
1665 3420 1897 3473 δυσανα-

310 3505 557 3575 σχετοῦσι
589 3508 688 3561 καὶ
725 3508 864 3576 πρὸς
890 3508 983 3559 τὸν
1020 3507 1133 3577 βίον
1169 3511 1627 3580 ἀπαγορεύουσιν,
1661 3512 1752 3563 ἐπὶ
1779 3512 1900 3565 τοῦ-

305 3613 413 3658 τοις
428 3597 593 3659 αὐτὸς
610 3595 1119 3666 ἀγαλλιώμενος.οί
1136 3599 1311 3652 τοίνυν
1328 3600 1664 3665 ἀπαιδεύτως
1686 3602 1899 3672 ἔχοντες

305 3688 400 3757 τῆς
424 3688 803 3757 ἀποστολικῆς
834 3688 1094 3752 διανοίας,
1118 3691 1211 3743 καὶ
1239 3692 1312 3761 μὴ
1340 3694 1626 3758 συνιέντες,
1650 3694 1730 3747 ὅτι
1763 3694 1898 3765 πρὸς

305 3780 400 3852 τὴν
428 3781 803 3851 εῦαγγελικὴν
843 3783 994 3851 ἡμᾶς
1021 3783 1411 3852 προσκαλεῖται
1453 3783 1596 3854 ζωὴν
1615 3829 1628 3849 ,
1657 3787 1896 3855 τολμῶσι

309 3877 638 3945 κατηγορεῖν
658 3875 756 3927 τοῦ
776 3875 1017 3941 Παύλου,
1034 3875 1110 3938 ὡς
1137 3875 1374 3930 ἀδύνατα
1394 3880 1523 3947 ἡμῖν
1551 3878 1890 3951 διορίζοντος.

335 3965 477 4017 Αλλά
533 3966 646 4035 μὴν
706 3964 1150 4019 διδασκέσθωσαν
1203 3967 1325 4019 ὅσαι
1380 3968 1473 4020 τοῦ
1524 3969 1634 4039 (75)
1685 3970 1896 4041 χαίρειν

310 4057 540 4125 εὐλόγως
570 4058 631 4109 αἱ
666 4056 920 4126 ἀφορμαὶ
945 4057 1033 4111 διὰ
1063 4057 1164 4126 τῆς
1191 4057 1282 4110 τοῦ
1312 4057 1448 4112 Θεοῦ
1485 4059 1895 4130 μεγαλοδωρεᾶς

311 4151 435 4220 ἡμῖν
466 4150 818 4222 πρόκεινται.
843 4148 1216 4220 Παρήχθημεν
1241 4149 1320 4211 εἰς
1341 4149 1403 4202 τὸ
1427 4145 1585 4209 εἶναι,
1612 4149 1686 4219 μὴ
1716 4150 1891 4214 ὄντες·

312 4240 424 4292 κατ’
465 4240 664 4293 εἰκόνα
708 4237 806 4292 τοῦ
863 4240 1149 4301 κτίσαντος
1196 4239 1570 4311 ἐγενήθημεν·
1635 4240 1760 4293 νοῦν
1804 4242 1897 4293 καὶ

311 4330 458 4397 λόγον
491 4329 933 4400 συμπληροῦντα
964 4328 1121 4399 ἡμῶν
1154 4329 1250 4400 τὴν
1294 4332 1455 4399 φύσιν
1489 4330 1703 4401 ἔχομεν,
1746 4333 1810 4385 δι’
1834 4326 1894 4384 οὗ

2007 1867 2383 1922 celsitudinem
2401 1868 2471 1921 ita
2489 1868 2795 1932 demittent,
2813 1875 2870 1920 ut
2886 1883 3066 1921 rerum
3089 1866 3438 1936 prazsentium
3458 1880 3589 1920 sen-

2006 1972 2069 2012 su
2103 1964 2525 2013 commoveatur.
2564 1957 2856 2011 Enimvero
2904 1963 3174 2027 quotquot
3208 1956 3263 2008 in
3306 1969 3586 2009 aerumnas

2005 2047 2356 2110 delabuntur,
2385 2050 2430 2105 si
2460 2049 2598 2104 idem
2616 2048 2761 2119 quod
2789 2050 2871 2102 vir
2896 2049 3103 2118 probus
3129 2048 3394 2110 sentiunt,
3418 2062 3586 2117 nego-

2008 2140 2141 2193 tium
2180 2140 2453 2196 facessent
2487 2140 2693 2194 nemini
2719 2158 2734 2207 ;
2766 2140 2969 2209 quippe
2998 2139 3091 2209 qui
3122 2155 3192 2193 ne
3226 2138 3331 2208 ipsi
3361 2138 3585 2208 quidem

2007 2230 2310 2285 accidentia
2336 2230 2440 2285 sibi
2465 2230 2606 2284 mala
2626 2245 2767 2299 aegre
2796 2229 2993 2283 ferant.
3043 2229 3248 2295 Quodsi
3280 2230 3584 2285 secundum

2007 2337 2227 2376 carnem
2262 2322 2448 2375 vivunt
2470 2324 2539 2387 ὀ,
2568 2336 2745 2389 neque
2771 2320 2852 2375 sic
2873 2320 3214 2375 exhibebunt
3237 2322 3541 2376 molestiam
3565 2339 3582 2387 ;

2006 2412 2103 2468 sed
2134 2412 2483 2467 habebuntur
2514 2412 2893 2474 miserabiles,
2928 2427 3035 2465 non
3070 2412 3192 2466 ideo
3223 2414 3405 2482 potius
3434 2412 3583 2481 quod

2007 2503 2061 2557 in
2085 2503 2185 2557 has
2207 2504 2546 2559 calamitates
2572 2503 2897 2568 inciderint,
2922 2519 3082 2572 quam
3111 2506 3255 2572 quod
3281 2518 3400 2572 qua:
3421 2503 3582 2558 ofﬁcii

2007 2603 2157 2656 sunt,
2188 2595 2292 2649 sibi
2319 2593 2567 2648 facienda
2586 2608 2694 2647 non
2722 2594 3122 2662 proposuerint.
3156 2591 3221 2643 Et
3252 2594 3303 2646 in
3333 2608 3578 2657 summa,

2003 2701 2126 2757 quae
2149 2686 2331 2739 anima
2360 2687 2523 2740 semel
2544 2685 2852 2741 Conditoris
2878 2684 3153 2739 desiderio
3176 2692 3411 2746 tenetur,
3431 2685 3583 2753 ejus-

2005 2792 2112 2847 que
2144 2776 2555 2846 pulchritudine
2581 2774 2868 2829 consuevit
2895 2776 3189 2841 delectari,
3220 2775 3412 2845 ingens
3444 2776 3581 2829 illud

2004 2868 2266 2938 gaudium
2294 2877 2348 2922 et
2381 2868 2607 2922 delicias
2639 2869 2739 2922 hac
2771 2868 3091 2922 multiformi
3119 2868 3420 2921 carnalium
3450 2866 3582 2924 affe-

2004 2972 2190 3017 ctuum
2222 2962 2484 3014 varietate
2518 2960 2741 3014 minime
2788 2962 3148 3014 commutabit
3177 2981 3190 3014 :
3237 2968 3429 3014 contra
3450 3002 3465 3025 ,
3510 2977 3577 3016 ex

2005 3053 2207 3121 quibus
2233 3051 2542 3106 molestiam
2576 3053 2801 3120 capiunt
2821 3052 3026 3117 cmteri,
3059 3067 3122 3106 ea
3152 3052 3302 3106 illius
3331 3052 3583 3122 volupta-

2004 3153 2109 3198 tem
2133 3144 2430 3213 augebunt.
2467 3141 2747 3211 Ejusmodi
2776 3152 2893 3197 erat
2917 3142 3247 3211 Apostolus,
3280 3144 3372 3214 qui
3406 3145 3460 3198 in
3492 3145 3579 3199 in-

2003 3234 2385 3298 firmitatibus,
2418 3234 2470 3287 in
2499 3234 2765 3289 aerumnis
2785 3274 2802 3298 ,
2828 3235 2882 3289 in
2908 3236 3379 3303 persecutionibus
3414 3244 3580 3307 atque

2001 3326 2425 3382 necessitatibus
2459 3327 2809 3396 complacens
2839 3327 2944 3382 sibi
2976 3327 3161 3396 gloria:
3190 3327 3420 3382 ducebat
3448 3343 3579 3398 ege-

2001 3424 2197 3473 statem
2231 3417 2298 3471 “.
2341 3416 2397 3469 In
2430 3415 2572 3469 fame
2608 3423 2661 3469 et
2708 3415 2835 3477 siti,
2866 3414 2919 3467 in
2971 3415 3172 3483 frigore
3202 3421 3258 3467 et
3291 3414 3538 3468 nuditate
3561 3454 3578 3476 ,

2000 3510 2055 3562 in
2100 3507 2576 3578 persecutionibus
2616 3512 2670 3559 et
2713 3504 2981 3575 angustiis
3029 3506 3098 3567 ",
3141 3505 3196 3558 in
3238 3505 3439 3573 quibus
3481 3504 3577 3557 alii

1998 3615 2140 3668 aegre
2169 3597 2350 3652 ferunt
2373 3597 2586 3665 seipsos
2605 3635 2618 3657 ,
2637 3603 2693 3649 et
2715 3610 2745 3647 a
2769 3595 2879 3648 vita
2904 3594 3199 3648 abhorrent
3221 3594 3318 3658 ,‘in
3343 3593 3411 3648 iis
3436 3592 3578 3662 Apo-

2000 3691 2176 3747 stolus
2200 3690 2455 3743 exsultat.
2489 3686 2592 3753 Qui
2618 3686 2784 3755 igitur
2806 3695 2932 3740 sunt
2962 3685 3247 3739 sententia:
3265 3684 3578 3755 apostolica:

1999 3782 2208 3852 ignari,
2242 3795 2342 3834 nec
2380 3777 2599 3832 invitari
2637 3792 2737 3831 nos
2769 3776 2836 3831 ad
2869 3776 3238 3846 evangelicam
3277 3776 3442 3829 vitam
3487 3777 3574 3828 in-

1998 3875 2245 3943 telligunt
2266 3912 2282 3937 ,
2314 3871 2542 3926 Paulum
2574 3885 2839 3926 accusare
2869 3884 2976 3925 non
3010 3875 3287 3929 verentur,
3318 3868 3424 3938 27
3452 3876 3575 3922 tan-

1995 3980 2160 4035 quam
2191 3964 2284 4033 qui
2307 3976 2429 4033 quaa
2457 3962 2571 4018 fieri
2604 3978 2712 4017 non
2742 3967 2997 4032 possunt,
3036 3959 3375 4030 praescribat.
3408 3959 3575 4029 Atqui

1997 4059 2211 4113 discant
2247 4063 2380 4127 quot
2413 4057 2597 4125 justas
2637 4054 2824 4126 gaudii
2868 4052 3194 4110 occasiones
3242 4051 3403 4107 nobis
3431 4066 3573 4122 prae-

1998 4149 2123 4205 beat
2145 4148 2242 4204 Dei
2273 4148 2673 4203 munificentia.
2695 4146 2853 4213 Quod
2878 4162 3071 4204 sumus
3093 4162 3124 4200 a
3151 4145 3263 4201 Deo
3284 4144 3571 4207 habemus,

1997 4258 2122 4297 cum
2153 4249 2311 4296 antea
2347 4257 2456 4296 non
2488 4256 2778 4307 essemus;
2809 4255 3002 4297 sumus
3029 4239 3099 4294 ad
3128 4238 3408 4295 Creatoris
3438 4238 3574 4293 ima-

1997 4334 2178 4403 ginem
2210 4332 2339 4387 facti
2369 4333 2454 4397 n;
2488 4340 2729 4387 mentem
2772 4340 2935 4402 atque
2981 4332 3250 4386 rationem
3292 4330 3436 4385 nacti
3481 4346 3574 4385 su-

316 4421 437 4477 Θεὸν
468 4423 881 4493 ἐγνωρίσαμεν.
917 4423 1025 4475 Καὶ
1063 4420 1134 4474 τὰ
1186 4421 1354 4493 κάλλη
1398 4422 1499 4491 τῆς
1542 4424 1770 4487 κτίσεως
1810 4426 1894 4476 ἐν·

2003 4442 2155 4488 mus,
2187 4426 2346 4494 queis
2395 4432 2590 4479 natura
2643 4433 2831 4480 nostra
2874 4424 3200 4493 completur,
3251 4421 3502 4492 Deosque
3541 4438 3572 4477 a

316 4513 509 4584 τέχνως
544 4511 1080 4584 καταμανθάνοντες,
1103 4512 1170 4565 δι’
1193 4513 1393 4575 αὐτῶν,
1411 4514 1574 4566 οἱονεὶ
1604 4513 1690 4567 διὰ
1712 4532 1817 4587 γρα
1825 4534 1891 4587 μ-

320 4607 491 4673 μάτων
525 4608 730 4673 τινῶν,
780 4604 878 4676 τὴν
924 4604 1167 4675 μεγάλην
1198 4604 1293 4658 τοῦ
1343 4604 1479 4657 Θεοῦ
1535 4607 1663 4676 περὶ
1713 4606 1892 4660 πάντα

375 4718 416 4750 ¹⁷
454 4719 639 4773 Galat.
711 4733 786 4780 tt,
820 4718 911 4773 20.
1016 4718 1058 4750 ⁸⁸
1094 4716 1309 4773 Coloss.
1347 4731 1442 4781 ιιι,
1477 4721 1531 4776 5.

319 4790 358 4821 ’²
390 4790 431 4844 Il
462 4791 597 4845 Cor.
638 4805 691 4842 xu
714 4829 731 4854 ,
767 4789 857 4841 27.
933 4788 981 4818 ”
1018 4787 1220 4843 Cenes.
1259 4805 1312 4853 ι,
1342 4786 1435 4842 26.

379 4908 494 4978 (68)
530 4908 678 4963 Εὐίιί
708 4908 1118 4978 προσκαλεῖται.
1152 4908 1223 4962 At
1249 4908 1492 4978 quinque
1521 4922 1654 4962 mss.
1677 4923 1885 4977 προκα-

321 4982 498 5035 λεῖται.

380 5050 488 5119 (69)
523 5048 749 5118 Antiqui
785 5055 897 5103 tres
941 5048 1068 5102 libri
1099 5047 1514 5118 περιεφέρομεν.
1556 5045 1697 5101 Editi
1727 5063 1882 5114 περι-

718 5188 742 5205 .
870 5190 891 5205 .

435 5185 491 5249 0i
512 5187 654 5244 Οὐδ’
671 5188 825 5242 οὕτω
851 5187 1271 5253 λυπήσουσιν.
1298 5185 1349 5239 Ν
1352 5202 1379 5240 e
1400 5185 1609 5255 quidem
1632 5187 1709 5240 sic
1730 5186 1878 5239 exiti-

325 5256 499 5314 bebunt
528 5258 851 5314 molestiam.
891 5256 1113 5327 Supple,
1155 5257 1354 5310 homini
1388 5257 1637 5324 perfecto,
1668 5258 1789 5327 qui,
1817 5263 1877 5309 ut

327 5331 589 5400 aliquanto
648 5336 775 5382 ante
814 5325 1055 5383 Basilius
1093 5327 1232 5400 dixit
1256 5368 1270 5387 ,
1307 5328 1599 5400 mortificat
1630 5325 1873 5400 membra

354 5396 431 5455 uae
458 5411 583 5455 sunt
626 5413 793 5468 super
826 5406 1057 5468 terram,
1087 5398 1290 5468 quique
1322 5398 1375 5468 in
1422 5411 1653 5468 corpore
1684 5396 1873 5448 morti-

418 5470 615 5525 tionem
640 5465 769 5525 Je'su
790 5467 1137 5523 circumfert.
1162 5465 1317 5521 Hunc
1341 5467 1519 5521 locum
1543 5467 1616 5519 ita
1638 5475 1875 5520 verterat

327 5539 618 5609 interpres:
652 5537 805 5606 Quod
822 5539 877 5609 si
899 5536 1187 5592 secundum
1222 5552 1433 5609 comem
1468 5536 1708 5609 κνίσεν-ἕπε
1735 5575 1750 5599 ,
1810 5546 1873 5588 ne

327 5611 394 5663 sic
413 5606 501 5662 uiti
538 5612 766 5678 cuipiam
801 5608 1006 5677 fuerint
1054 5607 1298 5668 molesti;
1324 5622 1431 5675 qua
1461 5608 1518 5660 in
1549 5606 1873 5678 interpreta-

330 5682 459 5736 tione
486 5674 659 5751 inepte
690 5674 939 5735 additum
975 5678 1175 5743 fuerat,
1202 5678 1291 5732 uni
1312 5674 1562 5747 cuipiam,
1592 5674 1718 5731 cum
1751 5674 1870 5745 ejus

1633 4723 1675 4754 ¹⁹
1714 4722 1757 4777 ll
1791 4722 1917 4777 Cor.
1958 4738 2030 4789 Iv,
2067 4724 2153 4776 10.

1997 4518 2156 4572 nobis
2183 4520 2556 4588 cognoscitur.
2587 4518 2719 4572 Item
2750 4533 2932 4572 rerum
2966 4516 3196 4571 solerter
3223 4515 3569 4569 conditarum

2000 4609 2461 4680 pulchritudinem
2508 4610 2909 4679 percipientes,
2944 4623 3040 4677 per
3086 4607 3267 4668 illam,
3311 4614 3568 4675 tanquam

2251 4724 2298 4756 ὀ
2341 4721 2497 4777 Rom.
2534 4738 2665 4785 vni,
2718 4723 2805 4776 15.
2907 4722 2950 4752 ἰ
2994 4716 3032 4771 ll
3074 4718 3201 4772 Cor.
3239 4732 3344 4780 xu,
3381 4716 3435 4780 9,
3476 4716 3565 4774 10.

2001 4906 2107 4959 1οοὶ
2136 4906 2426 4963 sententia,
2455 4920 2626 4972 eaque
2656 4905 3037 4971 pulcherrima,
3062 4903 3165 4958 hoc
3190 4902 3566 4961 additamenta

2000 4992 2107 5029 non
2137 4991 2324 5043 paru-u
2359 4976 2703 5029 obscuretur.

2074 5042 2185 5113 (7i)
2227 5045 2353 5108 lteg.
2388 5048 2595 5113 primus
2618 5043 2714 5097 τοῦ
2740 5045 2815 5114 μὴ
2837 5042 3264 5117 αἱρεῖσθαι.Μοι
3291 5042 3400 5098 duo
3421 5058 3556 5103 mss.

2002 5116 2295 5185 περιχαρὲς
2321 5117 2536 5185 ἑαυτῆς.

2070 5181 2183 5253 (ἹΞ)
2212 5181 2440 5239 Veteres
2477 5181 2877 5255 quatuorAlibri
2917 5182 3177 5253 διωγμοῖς
3207 5184 3265 5236 ἐν
3299 5200 3561 5255 στενοχω-

2002 5255 2160 5324 ρίαις.
2201 5255 2310 5310 Nec
2346 5257 2418 5308 ita
2455 5252 2622 5324 multo
2654 5252 2795 5307 infra
2832 5252 3068 5324 quatuor
3096 5270 3228 5308 mss.
3261 5254 3421 5317 αὐτὸς
3452 5252 3561 5324 ἀγή-

1996 5322 2344 5395 γαλλόμενος.
2382 5322 2623 5395 Subinde
2660 5338 2796 5395 mss.
2836 5322 3040 5395 καὶμὴ
3081 5324 3373 5395 συνιέντες.
3411 5322 3557 5395 Edtti

1997 5392 2265 5458 συνέντες.
2303 5392 2667 5465 lbidemReg.
2696 5392 2916 5465 primus
2938 5392 3190 5465 ὅτιπρὸς
3213 5394 3310 5465 τὴν
3337 5394 3557 5465 ἀγγελι-

1995 5467 2117 5536 κήν.
2146 5467 2355 5536 lttn'sus
2385 5466 2485 5517 hoc
2510 5464 2627 5531 ipso
2655 5461 2710 5514 in
2741 5463 2861 5517 loco
2886 5462 2995 5536 duo
3021 5461 3530 5536 ωδε-προκαλεῖται

2062 5535 2177 5604 (75)
2209 5534 2348 5604 ΕεΙίιὶ
2382 5542 2433 5587 et
2461 5540 2696 5604 quatuor
2728 5547 2861 5604 mss.
2901 5532 3357 5598 διδασκέσθωσαν,
3386 5534 3463 5604 ᾡς
3492 5533 3554 5588 at

1991 5604 2107 5659 τοῦ.
2146 5601 2213 5658 Ᾱι
2244 5601 2375 5672 Reg.
2418 5602 2614 5656 tertius
2656 5609 2711 5656 et
2745 5601 2900 5658 Colb.
2931 5614 3161 5672 quartus
3191 5602 3553 5660 διδασκέσθω-

1994 5692 2091 5729 σαν
2119 5676 2219 5728 ὅσα
2252 5673 2411 5728 τοῦ...
2439 5674 2492 5726 ai
2519 5672 2781 5743 ἀφορμαί,
2814 5675 3036 5730 rectius.
