  <div class='ocr_page' id='page_1' title='image "/cluster/home/n/w/nwhite01/storage/ocr_20150623/31/mdp.39015012934363/121.png"; bbox 0 0 4052 6214; ppageno 0'>
   <div class='ocr_carea' id='block_1_1' title="bbox 444 290 555 348">
    <p class='ocr_par' dir='ltr' id='par_1_1' title="bbox 444 290 555 348">
     <span class='ocr_line' id='line_1_1' title="bbox 444 290 555 348; baseline 0.009 -1"><span class='ocrx_word' id='word_1_1' title='bbox 444 290 555 348; x_wconf 70' lang='lat'><strong>9.13</strong></span> 
     </span>
    </p>
   </div>
   <div class='ocr_carea' id='block_1_2' title="bbox 1725 272 2323 335">
    <p class='ocr_par' dir='ltr' id='par_1_2' title="bbox 1725 272 2323 335">
     <span class='ocr_line' id='line_1_2' title="bbox 1725 272 2323 335; baseline -0.013 0"><span class='ocrx_word' id='word_1_2' title='bbox 1725 282 1782 335; x_wconf 77' lang='lat'><strong>5.</strong></span> <span class='ocrx_word' id='word_1_3' title='bbox 1825 272 2075 331; x_wconf 75' lang='lat' dir='ltr'><strong>BASILII</strong></span> <span class='ocrx_word' id='word_1_4' title='bbox 2111 273 2323 329; x_wconf 76' lang='lat' dir='ltr'><strong>MAGNI</strong></span> 
     </span>
    </p>
   </div>
   <div class='ocr_carea' id='block_1_3' title="bbox 3605 286 3714 341">
    <p class='ocr_par' dir='ltr' id='par_1_3' title="bbox 3605 286 3714 341">
     <span class='ocr_line' id='line_1_3' title="bbox 3605 286 3714 341; baseline 0 -1"><span class='ocrx_word' id='word_1_5' title='bbox 3605 286 3714 341; x_wconf 67' lang='grc'><strong>224</strong></span> 
     </span>
    </p>
   </div>
   <div class='ocr_carea' id='block_1_4' title="bbox 450 398 2047 483">
    <p class='ocr_par' dir='ltr' id='par_1_4' title="bbox 450 405 2035 483">
     <span class='ocr_line' id='line_1_4' title="bbox 450 405 2035 483; baseline -0.006 -17"><span class='ocrx_word' id='word_1_6' title='bbox 450 426 549 483; x_wconf 85' lang='lat' dir='ltr'><strong>per</strong></span> <span class='ocrx_word' id='word_1_7' title='bbox 572 410 783 465; x_wconf 73' lang='lat' dir='ltr'><strong>litteras</strong></span> <span class='ocrx_word' id='word_1_8' title='bbox 808 408 1073 480; x_wconf 86' lang='lat' dir='ltr'><strong>quasdam</strong></span> <span class='ocrx_word' id='word_1_9' title='bbox 1104 422 1376 464; x_wconf 81' lang='lat' dir='ltr'><strong>summam</strong></span> <span class='ocrx_word' id='word_1_10' title='bbox 1405 406 1499 462; x_wconf 85' lang='lat' dir='ltr'><strong>Dei</strong></span> <span class='ocrx_word' id='word_1_11' title='bbox 1528 406 1677 461; x_wconf 87' lang='lat' dir='ltr'><strong>circa</strong></span> <span class='ocrx_word' id='word_1_12' title='bbox 1702 405 1885 459; x_wconf 84' lang='lat' dir='ltr'><strong>omnia</strong></span> <span class='ocrx_word' id='word_1_13' title='bbox 1909 418 2035 473; x_wconf 78' lang='lat' dir='ltr'><strong>pro-</strong></span> 
     </span>
    </p>
   </div>
   <div class='ocr_carea' id='block_1_5' title="bbox 2148 398 3713 483">
    <p class='ocr_par' dir='ltr' id='par_1_5' title="bbox 2148 398 3713 477">
     <span class='ocr_line' id='line_1_5' title="bbox 2148 398 3713 477; baseline 0.008 -26"><span class='ocrx_word' id='word_1_14' title='bbox 2148 398 2397 470; x_wconf 84' lang='grc' dir='ltr'>πρόνοιαν</span> <span class='ocrx_word' id='word_1_15' title='bbox 2449 399 2544 451; x_wconf 78' lang='grc' dir='ltr'><strong>καὶ</strong></span> <span class='ocrx_word' id='word_1_16' title='bbox 2603 400 2793 468; x_wconf 76' lang='grc' dir='ltr'>σοφίαν</span> <span class='ocrx_word' id='word_1_17' title='bbox 2865 400 3332 473; x_wconf 83' lang='grc' dir='ltr'>ἀναγινώσκομεν.</span> <span class='ocrx_word' id='word_1_18' title='bbox 3377 406 3713 477; x_wconf 86' lang='grc' dir='ltr'>Διακριτικοί</span> 
     </span>
    </p>
   </div>
   <div class='ocr_carea' id='block_1_6' title="bbox 448 496 2032 572">
    <p class='ocr_par' dir='ltr' id='par_1_6' title="bbox 448 496 2032 572">
     <span class='ocr_line' id='line_1_6' title="bbox 448 496 2032 572; baseline -0.006 -16"><span class='ocrx_word' id='word_1_19' title='bbox 448 502 753 558; x_wconf 85' lang='lat' dir='ltr'><strong>videntiam</strong></span> <span class='ocrx_word' id='word_1_20' title='bbox 788 500 1225 572; x_wconf 77' lang='lat' dir='ltr'><strong>sapientiamque</strong></span> <span class='ocrx_word' id='word_1_21' title='bbox 1260 499 1513 568; x_wconf 79' lang='lat' dir='ltr'><strong>legimus.</strong></span> <span class='ocrx_word' id='word_1_22' title='bbox 1551 497 1891 552; x_wconf 86' lang='lat' dir='ltr'><strong>Faenltatem</strong></span> <span class='ocrx_word' id='word_1_23' title='bbox 1933 496 2032 549; x_wconf 86' lang='lat' dir='ltr'><strong>ha-</strong></span> 
     </span>
    </p>
   </div>
   <div class='ocr_carea' id='block_1_7' title="bbox 450 589 2029 660">
    <p class='ocr_par' dir='ltr' id='par_1_7' title="bbox 450 589 2029 660">
     <span class='ocr_line' id='line_1_7' title="bbox 450 589 2029 660; baseline -0.006 -9"><span class='ocrx_word' id='word_1_24' title='bbox 450 595 647 651; x_wconf 83' lang='lat' dir='ltr'><strong>bemus</strong></span> <span class='ocrx_word' id='word_1_25' title='bbox 680 593 1001 650; x_wconf 81' lang='lat' dir='ltr'><strong>secernendi</strong></span> <span class='ocrx_word' id='word_1_26' title='bbox 1032 592 1239 647; x_wconf 85' lang='lat' dir='ltr'><strong>bonmu</strong></span> <span class='ocrx_word' id='word_1_27' title='bbox 1282 607 1313 644; x_wconf 89' lang='lat' dir='ltr'><strong>a</strong></span> <span class='ocrx_word' id='word_1_28' title='bbox 1356 592 1501 645; x_wconf 88' lang='lat' dir='ltr'><strong>malo</strong></span> <span class='ocrx_word' id='word_1_29' title='bbox 1528 610 1541 645; x_wconf 90' lang='lat'><strong>:</strong></span> <span class='ocrx_word' id='word_1_30' title='bbox 1575 591 1775 660; x_wconf 77' lang='lat' dir='ltr'><strong>eligere</strong></span> <span class='ocrx_word' id='word_1_31' title='bbox 1802 603 1892 643; x_wconf 87' lang='lat' dir='ltr'><strong>res</strong></span> <span class='ocrx_word' id='word_1_32' title='bbox 1921 589 2029 641; x_wconf 89' lang='lat' dir='ltr'><strong>uti-</strong></span> 
     </span>
    </p>
   </div>
   <div class='ocr_carea' id='block_1_8' title="bbox 449 680 2025 755">
    <p class='ocr_par' dir='ltr' id='par_1_8' title="bbox 449 680 2025 755">
     <span class='ocr_line' id='line_1_8' title="bbox 449 680 2025 755; baseline -0.006 -15"><span class='ocrx_word' id='word_1_33' title='bbox 449 685 532 740; x_wconf 88' lang='lat' dir='ltr'><strong>les</strong></span> <span class='ocrx_word' id='word_1_34' title='bbox 551 724 566 748; x_wconf 87' lang='lat'><strong>,</strong></span> <span class='ocrx_word' id='word_1_35' title='bbox 594 693 649 740; x_wconf 91' lang='lat' dir='ltr'><strong>et</strong></span> <span class='ocrx_word' id='word_1_36' title='bbox 679 685 868 739; x_wconf 80' lang='lat' dir='ltr'><strong>noxias</strong></span> <span class='ocrx_word' id='word_1_37' title='bbox 891 682 1111 755; x_wconf 85' lang='lat' dir='ltr'><strong>fugere,</strong></span> <span class='ocrx_word' id='word_1_38' title='bbox 1140 683 1210 736; x_wconf 87' lang='lat' dir='ltr'><strong>ab</strong></span> <span class='ocrx_word' id='word_1_39' title='bbox 1235 682 1466 751; x_wconf 88' lang='lat' dir='ltr'><strong>ipsamet</strong></span> <span class='ocrx_word' id='word_1_40' title='bbox 1487 690 1685 735; x_wconf 86' lang='lat' dir='ltr'><strong>natura</strong></span> <span class='ocrx_word' id='word_1_41' title='bbox 1713 680 2025 735; x_wconf 88' lang='lat' dir='ltr'><strong>didicimus.</strong></span> 
     </span>
    </p>
   </div>
   <div class='ocr_carea' id='block_1_9' title="bbox 450 771 2033 845">
    <p class='ocr_par' dir='ltr' id='par_1_9' title="bbox 450 771 2033 845">
     <span class='ocr_line' id='line_1_9' title="bbox 450 771 2033 845; baseline -0.004 -14"><span class='ocrx_word' id='word_1_42' title='bbox 450 778 761 834; x_wconf 74' lang='lat' dir='ltr'><strong>Abalienati</strong></span> <span class='ocrx_word' id='word_1_43' title='bbox 810 791 842 830; x_wconf 88' lang='lat' dir='ltr'><strong>a</strong></span> <span class='ocrx_word' id='word_1_44' title='bbox 882 776 992 831; x_wconf 87' lang='lat' dir='ltr'><strong>Deo</strong></span> <span class='ocrx_word' id='word_1_45' title='bbox 1039 791 1139 845; x_wconf 90' lang='lat' dir='ltr'><strong>per</strong></span> <span class='ocrx_word' id='word_1_46' title='bbox 1176 784 1496 845; x_wconf 88' lang='lat' dir='ltr'><strong>peccatum,</strong></span> <span class='ocrx_word' id='word_1_47' title='bbox 1548 789 1742 828; x_wconf 85' lang='lat' dir='ltr'><strong>rursus</strong></span> <span class='ocrx_word' id='word_1_48' title='bbox 1791 771 2033 827; x_wconf 78' lang='lat' dir='ltr'><strong>revocati</strong></span> 
     </span>
    </p>
   </div>
   <div class='ocr_carea' id='block_1_10' title="bbox 452 866 2032 939">
    <p class='ocr_par' dir='ltr' id='par_1_10' title="bbox 452 866 2032 939">
     <span class='ocr_line' id='line_1_10' title="bbox 452 866 2032 939; baseline -0.004 -16"><span class='ocrx_word' id='word_1_49' title='bbox 452 870 658 925; x_wconf 77' lang='lat' dir='ltr'><strong>fuimus</strong></span> <span class='ocrx_word' id='word_1_50' title='bbox 698 870 755 923; x_wconf 88' lang='lat' dir='ltr'><strong>in</strong></span> <span class='ocrx_word' id='word_1_51' title='bbox 796 869 918 939; x_wconf 84' lang='lat' dir='ltr'><strong>ejus</strong></span> <span class='ocrx_word' id='word_1_52' title='bbox 960 867 1385 921; x_wconf 80' lang='lat' dir='ltr'><strong>familiaritatem</strong></span> <span class='ocrx_word' id='word_1_53' title='bbox 1435 882 1498 920; x_wconf 85' lang='lat' dir='ltr'><strong>ac</strong></span> <span class='ocrx_word' id='word_1_54' title='bbox 1529 866 2032 930; x_wconf 87' lang='lat' dir='ltr'><strong>necessitudinem,</strong></span> 
     </span>
    </p>
   </div>
   <div class='ocr_carea' id='block_1_11' title="bbox 452 958 2036 1032">
    <p class='ocr_par' dir='ltr' id='par_1_11' title="bbox 452 958 2036 1032">
     <span class='ocr_line' id='line_1_11' title="bbox 452 958 2036 1032; baseline -0.004 -14"><span class='ocrx_word' id='word_1_55' title='bbox 452 978 552 1032; x_wconf 87' lang='lat' dir='ltr'><strong>per</strong></span> <span class='ocrx_word' id='word_1_56' title='bbox 582 960 862 1032; x_wconf 89' lang='lat' dir='ltr'><strong>Unigeniti</strong></span> <span class='ocrx_word' id='word_1_57' title='bbox 898 960 1220 1030; x_wconf 82' lang='lat' dir='ltr'><strong>sanguinem</strong></span> <span class='ocrx_word' id='word_1_58' title='bbox 1252 974 1320 1013; x_wconf 78' lang='lat' dir='ltr'><strong>ex</strong></span> <span class='ocrx_word' id='word_1_59' title='bbox 1364 958 1731 1028; x_wconf 78' lang='lat' dir='ltr'><strong>ignominiosa</strong></span> <span class='ocrx_word' id='word_1_60' title='bbox 1773 958 2036 1012; x_wconf 84' lang='lat' dir='ltr'><strong>servitute</strong></span> 
     </span>
    </p>
   </div>
   <div class='ocr_carea' id='block_1_12' title="bbox 452 1049 2037 1123">
    <p class='ocr_par' dir='ltr' id='par_1_12' title="bbox 452 1049 2037 1123">
     <span class='ocr_line' id='line_1_12' title="bbox 452 1049 2037 1123; baseline -0.001 -16"><span class='ocrx_word' id='word_1_61' title='bbox 452 1054 711 1123; x_wconf 80' lang='lat' dir='ltr'><strong>exempti.</strong></span> <span class='ocrx_word' id='word_1_62' title='bbox 757 1052 1204 1107; x_wconf 88' lang='lat' dir='ltr'><strong>Resurrectionis</strong></span> <span class='ocrx_word' id='word_1_63' title='bbox 1246 1066 1407 1120; x_wconf 86' lang='lat' dir='ltr'><strong>spes,</strong></span> <span class='ocrx_word' id='word_1_64' title='bbox 1455 1050 1828 1119; x_wconf 84' lang='lat' dir='ltr'><strong>angelicorum</strong></span> <span class='ocrx_word' id='word_1_65' title='bbox 1862 1049 2037 1105; x_wconf 89' lang='lat' dir='ltr'><strong>bono-</strong></span> 
     </span>
    </p>
   </div>
   <div class='ocr_carea' id='block_1_13' title="bbox 453 1141 2032 1215">
    <p class='ocr_par' dir='ltr' id='par_1_13' title="bbox 453 1141 2032 1215">
     <span class='ocr_line' id='line_1_13' title="bbox 453 1141 2032 1215; baseline -0.003 -16"><span class='ocrx_word' id='word_1_66' title='bbox 453 1161 574 1199; x_wconf 85' lang='lat' dir='ltr'><strong>rum</strong></span> <span class='ocrx_word' id='word_1_67' title='bbox 608 1144 910 1215; x_wconf 87' lang='lat' dir='ltr'><strong>possessio,</strong></span> <span class='ocrx_word' id='word_1_68' title='bbox 949 1158 1177 1211; x_wconf 83' lang='lat' dir='ltr'><strong>regnum</strong></span> <span class='ocrx_word' id='word_1_69' title='bbox 1208 1142 1454 1207; x_wconf 89' lang='lat' dir='ltr'><strong>coeleste,</strong></span> <span class='ocrx_word' id='word_1_70' title='bbox 1490 1142 1823 1210; x_wconf 88' lang='lat' dir='ltr'><strong>repromissa</strong></span> <span class='ocrx_word' id='word_1_71' title='bbox 1856 1141 1997 1196; x_wconf 89' lang='lat' dir='ltr'><strong>bona</strong></span> <span class='ocrx_word' id='word_1_72' title='bbox 2017 1182 2032 1206; x_wconf 93' lang='lat'><strong>,</strong></span> 
     </span>
    </p>
   </div>
   <div class='ocr_carea' id='block_1_14' title="bbox 452 1229 1580 1299">
    <p class='ocr_par' dir='ltr' id='par_1_14' title="bbox 452 1229 1580 1299">
     <span class='ocr_line' id='line_1_14' title="bbox 452 1229 1580 1299; baseline -0.005 -10"><span class='ocrx_word' id='word_1_73' title='bbox 452 1236 564 1289; x_wconf 92' lang='lat' dir='ltr'><strong>vim</strong></span> <span class='ocrx_word' id='word_1_74' title='bbox 593 1241 648 1289; x_wconf 91' lang='lat' dir='ltr'><strong>et</strong></span> <span class='ocrx_word' id='word_1_75' title='bbox 675 1233 880 1289; x_wconf 89' lang='lat' dir='ltr'><strong>mentis</strong></span> <span class='ocrx_word' id='word_1_76' title='bbox 907 1242 960 1288; x_wconf 92' lang='lat' dir='ltr'><strong>et</strong></span> <span class='ocrx_word' id='word_1_77' title='bbox 986 1231 1217 1287; x_wconf 80' lang='lat' dir='ltr'><strong>rationis</strong></span> <span class='ocrx_word' id='word_1_78' title='bbox 1245 1229 1580 1299; x_wconf 84' lang='lat' dir='ltr'><strong>superantia.</strong></span> 
     </span>
    </p>
   </div>
   <div class='ocr_carea' id='block_1_15' title="bbox 523 1317 2037 1390">
    <p class='ocr_par' dir='ltr' id='par_1_15' title="bbox 523 1317 2037 1390">
     <span class='ocr_line' id='line_1_15' title="bbox 523 1317 2037 1390; baseline -0.005 -12"><span class='ocrx_word' id='word_1_79' title='bbox 523 1325 577 1378; x_wconf 77' lang='lat'><strong>3.</strong></span> <span class='ocrx_word' id='word_1_80' title='bbox 605 1321 891 1388; x_wconf 84' lang='lat' dir='ltr'><strong>Quomodo</strong></span> <span class='ocrx_word' id='word_1_81' title='bbox 918 1322 1140 1376; x_wconf 86' lang='lat' dir='ltr'><strong>credere</strong></span> <span class='ocrx_word' id='word_1_82' title='bbox 1169 1335 1269 1390; x_wconf 88' lang='lat' dir='ltr'><strong>par</strong></span> <span class='ocrx_word' id='word_1_83' title='bbox 1298 1328 1404 1383; x_wconf 89' lang='lat' dir='ltr'><strong>est,</strong></span> <span class='ocrx_word' id='word_1_84' title='bbox 1437 1318 1697 1389; x_wconf 79' lang='lat' dir='ltr'><strong>gaudium</strong></span> <span class='ocrx_word' id='word_1_85' title='bbox 1723 1333 1921 1388; x_wconf 89' lang='lat' dir='ltr'><strong>perpes</strong></span> <span class='ocrx_word' id='word_1_86' title='bbox 1945 1317 2037 1387; x_wconf 85' lang='lat' dir='ltr'><strong>ju-</strong></span> 
     </span>
    </p>
   </div>
   <div class='ocr_carea' id='block_1_16' title="bbox 453 1410 2040 1487">
    <p class='ocr_par' dir='ltr' id='par_1_16' title="bbox 453 1410 2040 1487">
     <span class='ocr_line' id='line_1_16' title="bbox 453 1410 2040 1487; baseline -0.004 -16"><span class='ocrx_word' id='word_1_87' title='bbox 453 1430 689 1487; x_wconf 86' lang='lat' dir='ltr'><strong>gemque</strong></span> <span class='ocrx_word' id='word_1_88' title='bbox 721 1413 967 1469; x_wconf 85' lang='lat' dir='ltr'><strong>laetitiam</strong></span> <span class='ocrx_word' id='word_1_89' title='bbox 1011 1428 1079 1468; x_wconf 76' lang='lat' dir='ltr'><strong>ex</strong></span> <span class='ocrx_word' id='word_1_90' title='bbox 1104 1413 1190 1467; x_wconf 92' lang='lat' dir='ltr'><strong>his</strong></span> <span class='ocrx_word' id='word_1_91' title='bbox 1218 1410 1396 1466; x_wconf 87' lang='lat' dir='ltr'><strong>creari</strong></span> <span class='ocrx_word' id='word_1_92' title='bbox 1420 1426 1530 1465; x_wconf 93' lang='lat' dir='ltr'><strong>non</strong></span> <span class='ocrx_word' id='word_1_93' title='bbox 1562 1425 1747 1481; x_wconf 90' lang='lat' dir='ltr'><strong>posse,</strong></span> <span class='ocrx_word' id='word_1_94' title='bbox 1794 1410 1889 1465; x_wconf 91' lang='lat' dir='ltr'><strong>sed</strong></span> <span class='ocrx_word' id='word_1_95' title='bbox 1921 1411 2040 1480; x_wconf 83' lang='lat' dir='ltr'><strong>Opi-</strong></span> 
     </span>
    </p>
   </div>
   <div class='ocr_carea' id='block_1_17' title="bbox 454 1500 2040 1576">
    <p class='ocr_par' dir='ltr' id='par_1_17' title="bbox 454 1500 2040 1576">
     <span class='ocr_line' id='line_1_17' title="bbox 454 1500 2040 1576; baseline -0.003 -16"><span class='ocrx_word' id='word_1_96' title='bbox 454 1508 577 1562; x_wconf 76' lang='lat' dir='ltr'><strong>rari</strong></span> <span class='ocrx_word' id='word_1_97' title='bbox 600 1522 726 1561; x_wconf 92' lang='lat' dir='ltr'><strong>eum</strong></span> <span class='ocrx_word' id='word_1_98' title='bbox 757 1506 849 1576; x_wconf 90' lang='lat' dir='ltr'><strong>qui</strong></span> <span class='ocrx_word' id='word_1_99' title='bbox 893 1505 1071 1560; x_wconf 83' lang='lat' dir='ltr'><strong>ventri</strong></span> <span class='ocrx_word' id='word_1_100' title='bbox 1112 1503 1363 1567; x_wconf 86' lang='lat' dir='ltr'><strong>inservit,</strong></span> <span class='ocrx_word' id='word_1_101' title='bbox 1399 1503 1769 1572; x_wconf 88' lang='lat' dir='ltr'><strong>tibiarumque</strong></span> <span class='ocrx_word' id='word_1_102' title='bbox 1801 1500 2040 1556; x_wconf 89' lang='lat' dir='ltr'><strong>modulis</strong></span> 
     </span>
    </p>
   </div>
   <div class='ocr_carea' id='block_1_18' title="bbox 456 1594 2039 1667">
    <p class='ocr_par' dir='ltr' id='par_1_18' title="bbox 456 1594 2039 1667">
     <span class='ocr_line' id='line_1_18' title="bbox 456 1594 2039 1667; baseline -0.003 -15"><span class='ocrx_word' id='word_1_103' title='bbox 456 1599 790 1661; x_wconf 86' lang='lat' dir='ltr'><strong>oblectatur,</strong></span> <span class='ocrx_word' id='word_1_104' title='bbox 823 1597 1027 1667; x_wconf 88' lang='lat' dir='ltr'><strong>quique</strong></span> <span class='ocrx_word' id='word_1_105' title='bbox 1055 1596 1334 1650; x_wconf 86' lang='lat' dir='ltr'><strong>volutatur</strong></span> <span class='ocrx_word' id='word_1_106' title='bbox 1370 1595 1426 1648; x_wconf 90' lang='lat' dir='ltr'><strong>in</strong></span> <span class='ocrx_word' id='word_1_107' title='bbox 1443 1594 1593 1649; x_wconf 90' lang='lat' dir='ltr'><strong>molli</strong></span> <span class='ocrx_word' id='word_1_108' title='bbox 1621 1595 1784 1658; x_wconf 88' lang='lat' dir='ltr'><strong>lecto,</strong></span> <span class='ocrx_word' id='word_1_109' title='bbox 1809 1608 1874 1648; x_wconf 88' lang='lat' dir='ltr'><strong>ac</strong></span> <span class='ocrx_word' id='word_1_110' title='bbox 1895 1600 2039 1649; x_wconf 89' lang='lat' dir='ltr'><strong>ster-</strong></span> 
     </span>
    </p>
   </div>
   <div class='ocr_carea' id='block_1_19' title="bbox 2136 490 3712 570">
    <p class='ocr_par' dir='ltr' id='par_1_19' title="bbox 2136 490 3712 570">
     <span class='ocr_line' id='line_1_19' title="bbox 2136 490 3712 570; baseline 0.008 -27"><span class='ocrx_word' id='word_1_111' title='bbox 2136 494 2302 561; x_wconf 83' lang='grc' dir='ltr'>ὲσμεν</span> <span class='ocrx_word' id='word_1_112' title='bbox 2335 490 2541 559; x_wconf 79' lang='grc' dir='ltr'><strong>ἀγαθοῦ</strong></span> <span class='ocrx_word' id='word_1_113' title='bbox 2596 492 2692 546; x_wconf 75' lang='grc' dir='ltr'><strong>καὶ</strong></span> <span class='ocrx_word' id='word_1_114' title='bbox 2728 492 2824 546; x_wconf 88' lang='grc' dir='ltr'>τοῦ</span> <span class='ocrx_word' id='word_1_115' title='bbox 2878 494 3117 566; x_wconf 88' lang='grc' dir='ltr'>χείρονος</span> <span class='ocrx_word' id='word_1_116' title='bbox 3154 496 3302 567; x_wconf 73' lang='grc'><strong>(74)⁶</strong></span> <span class='ocrx_word' id='word_1_117' title='bbox 3343 496 3574 570; x_wconf 77' lang='grc' dir='ltr'>ἐκλογὴν</span> <span class='ocrx_word' id='word_1_118' title='bbox 3617 500 3712 555; x_wconf 87' lang='grc' dir='ltr'>τοῦ</span> 
     </span>
    </p>
   </div>
   <div class='ocr_carea' id='block_1_20' title="bbox 2136 583 3712 666">
    <p class='ocr_par' dir='ltr' id='par_1_20' title="bbox 2136 583 3712 666">
     <span class='ocr_line' id='line_1_20' title="bbox 2136 583 3712 666; baseline 0.008 -32"><span class='ocrx_word' id='word_1_119' title='bbox 2136 583 2509 655; x_wconf 81' lang='grc' dir='ltr'><strong>συμφέροντος</strong></span> <span class='ocrx_word' id='word_1_120' title='bbox 2534 585 2630 638; x_wconf 71' lang='grc' dir='ltr'><strong>καὶ</strong></span> <span class='ocrx_word' id='word_1_121' title='bbox 2658 587 3010 657; x_wconf 78' lang='grc' dir='ltr'>ἀποστροφὴν</span> <span class='ocrx_word' id='word_1_122' title='bbox 3035 587 3129 640; x_wconf 88' lang='grc' dir='ltr'>τοῦ</span> <span class='ocrx_word' id='word_1_123' title='bbox 3161 587 3425 661; x_wconf 78' lang='grc' dir='ltr'>βλαϐεροῦ</span> <span class='ocrx_word' id='word_1_124' title='bbox 3458 589 3518 656; x_wconf 78' lang='grc' dir='ltr'>ἐξ</span> <span class='ocrx_word' id='word_1_125' title='bbox 3543 593 3712 666; x_wconf 77' lang='grc' dir='ltr'>αὐτῆς</span> 
     </span>
    </p>
   </div>
   <div class='ocr_carea' id='block_1_21' title="bbox 2133 675 3714 751">
    <p class='ocr_par' dir='ltr' id='par_1_21' title="bbox 2133 675 3714 751">
     <span class='ocr_line' id='line_1_21' title="bbox 2133 675 3714 751; baseline 0.008 -24"><span class='ocrx_word' id='word_1_126' title='bbox 2133 675 2234 744; x_wconf 82' lang='grc' dir='ltr'><strong>τῆς</strong></span> <span class='ocrx_word' id='word_1_127' title='bbox 2261 675 2477 744; x_wconf 75' lang='grc' dir='ltr'>φύσεως</span> <span class='ocrx_word' id='word_1_128' title='bbox 2508 676 2886 748; x_wconf 87' lang='grc' dir='ltr'>δεδιδάγμεθα.</span> <span class='ocrx_word' id='word_1_129' title='bbox 2935 678 3413 751; x_wconf 87' lang='grc' dir='ltr'>Ἀλλοτριωθέντες</span> <span class='ocrx_word' id='word_1_130' title='bbox 3455 684 3590 738; x_wconf 85' lang='grc' dir='ltr'>Θεοῦ</span> <span class='ocrx_word' id='word_1_131' title='bbox 3625 686 3714 740; x_wconf 74' lang='grc' dir='ltr'><strong>διὰ</strong></span> 
     </span>
    </p>
   </div>
   <div class='ocr_carea' id='block_1_22' title="bbox 2132 770 3711 849">
    <p class='ocr_par' dir='ltr' id='par_1_22' title="bbox 2132 770 3711 849">
     <span class='ocr_line' id='line_1_22' title="bbox 2132 770 3711 849; baseline 0.007 -28"><span class='ocrx_word' id='word_1_132' title='bbox 2132 770 2231 840; x_wconf 84' lang='grc' dir='ltr'>τῆς</span> <span class='ocrx_word' id='word_1_133' title='bbox 2255 770 2552 841; x_wconf 85' lang='grc' dir='ltr'>ἁμαρτίας,</span> <span class='ocrx_word' id='word_1_134' title='bbox 2572 771 2733 825; x_wconf 87' lang='grc' dir='ltr'>πάλιν</span> <span class='ocrx_word' id='word_1_135' title='bbox 2756 773 2835 837; x_wconf 86' lang='grc' dir='ltr'><strong>είς</strong></span> <span class='ocrx_word' id='word_1_136' title='bbox 2855 771 2952 843; x_wconf 74' lang='grc' dir='ltr'><strong>τὴν</strong></span> <span class='ocrx_word' id='word_1_137' title='bbox 2976 774 3282 848; x_wconf 84' lang='grc' dir='ltr'>οἰκειότητα</span> <span class='ocrx_word' id='word_1_138' title='bbox 3308 777 3711 849; x_wconf 84' lang='grc' dir='ltr'>ἀνεκλήοημεν,</span> 
     </span>
    </p>
   </div>
   <div class='ocr_carea' id='block_1_23' title="bbox 2132 861 3713 941">
    <p class='ocr_par' dir='ltr' id='par_1_23' title="bbox 2132 861 3713 941">
     <span class='ocr_line' id='line_1_23' title="bbox 2132 861 3713 941; baseline 0.008 -27"><span class='ocrx_word' id='word_1_139' title='bbox 2132 861 2211 932; x_wconf 83' lang='grc' dir='ltr'>τῷ</span> <span class='ocrx_word' id='word_1_140' title='bbox 2240 864 2433 934; x_wconf 72' lang='grc' dir='ltr'>αἵματι</span> <span class='ocrx_word' id='word_1_141' title='bbox 2466 863 2560 917; x_wconf 83' lang='grc' dir='ltr'>τοῦ</span> <span class='ocrx_word' id='word_1_142' title='bbox 2594 865 2935 934; x_wconf 86' lang='grc' dir='ltr'>Μονογενοῦς</span> <span class='ocrx_word' id='word_1_143' title='bbox 2980 868 3045 919; x_wconf 82' lang='grc' dir='ltr'>ὲκ</span> <span class='ocrx_word' id='word_1_144' title='bbox 3091 868 3189 938; x_wconf 76' lang='grc' dir='ltr'>τῆς</span> <span class='ocrx_word' id='word_1_145' title='bbox 3234 870 3429 941; x_wconf 81' lang='grc' dir='ltr'><strong>ἀτίμου</strong></span> <span class='ocrx_word' id='word_1_146' title='bbox 3470 871 3713 933; x_wconf 77' lang='grc' dir='ltr'><strong>δουλείας</strong></span> 
     </span>
    </p>
   </div>
   <div class='ocr_carea' id='block_1_24' title="bbox 2133 951 3714 1029">
    <p class='ocr_par' dir='ltr' id='par_1_24' title="bbox 2133 951 3714 1029">
     <span class='ocr_line' id='line_1_24' title="bbox 2133 951 3714 1029; baseline 0.006 -24"><span class='ocrx_word' id='word_1_147' title='bbox 2133 951 2527 1024; x_wconf 76' lang='grc' dir='ltr'>ἐξαιρεθέντες.</span> <span class='ocrx_word' id='word_1_148' title='bbox 2562 955 2937 1019; x_wconf 85' lang='grc' dir='ltr'>Ἀναστάσεως</span> <span class='ocrx_word' id='word_1_149' title='bbox 2964 955 3175 1020; x_wconf 76' lang='grc' dir='ltr'><strong>ἐλπίδες</strong></span> <span class='ocrx_word' id='word_1_150' title='bbox 3195 997 3208 1020; x_wconf 91' lang='grc'><strong>,</strong></span> <span class='ocrx_word' id='word_1_151' title='bbox 3240 959 3546 1027; x_wconf 85' lang='grc' dir='ltr'>ἀγγελικῶν</span> <span class='ocrx_word' id='word_1_152' title='bbox 3577 960 3714 1029; x_wconf 85' lang='grc' dir='ltr'>ἀγα-</span> 
     </span>
    </p>
   </div>
   <div class='ocr_carea' id='block_1_25' title="bbox 2135 1043 3713 1121">
    <p class='ocr_par' dir='ltr' id='par_1_25' title="bbox 2135 1043 3713 1121">
     <span class='ocr_line' id='line_1_25' title="bbox 2135 1043 3713 1121; baseline 0.005 -24"><span class='ocrx_word' id='word_1_153' title='bbox 2135 1043 2245 1099; x_wconf 82' lang='grc' dir='ltr'><strong>θῶν</strong></span> <span class='ocrx_word' id='word_1_154' title='bbox 2271 1046 2672 1118; x_wconf 84' lang='grc' dir='ltr'>ἀπολαύσεις,ή</span> <span class='ocrx_word' id='word_1_155' title='bbox 2702 1049 2760 1100; x_wconf 82' lang='grc' dir='ltr'>ὲν</span> <span class='ocrx_word' id='word_1_156' title='bbox 2793 1048 3044 1119; x_wconf 80' lang='grc' dir='ltr'>οὐρανοῖς</span> <span class='ocrx_word' id='word_1_157' title='bbox 3073 1046 3338 1117; x_wconf 84' lang='grc' dir='ltr'>βασιλεία,</span> <span class='ocrx_word' id='word_1_158' title='bbox 3367 1049 3435 1102; x_wconf 86' lang='grc' dir='ltr'>τὰ</span> <span class='ocrx_word' id='word_1_159' title='bbox 3457 1052 3513 1103; x_wconf 76' lang='grc' dir='ltr'><strong>ἐν</strong></span> <span class='ocrx_word' id='word_1_160' title='bbox 3539 1051 3713 1121; x_wconf 80' lang='grc' dir='ltr'>ἐπαγ-</span> 
     </span>
    </p>
   </div>
   <div class='ocr_carea' id='block_1_26' title="bbox 2135 1136 3714 1215">
    <p class='ocr_par' dir='ltr' id='par_1_26' title="bbox 2135 1136 3714 1215">
     <span class='ocr_line' id='line_1_26' title="bbox 2135 1136 3714 1215; baseline 0.005 -27"><span class='ocrx_word' id='word_1_161' title='bbox 2135 1136 2344 1204; x_wconf 86' lang='grc' dir='ltr'>γελίαις</span> <span class='ocrx_word' id='word_1_162' title='bbox 2374 1136 2574 1205; x_wconf 83' lang='grc' dir='ltr'>ἀγαθὰ,</span> <span class='ocrx_word' id='word_1_163' title='bbox 2607 1139 2702 1191; x_wconf 75' lang='grc' dir='ltr'>καὶ</span> <span class='ocrx_word' id='word_1_164' title='bbox 2724 1138 2961 1202; x_wconf 77' lang='grc' dir='ltr'>διανοίας</span> <span class='ocrx_word' id='word_1_165' title='bbox 2993 1140 3084 1193; x_wconf 77' lang='grc' dir='ltr'>καὶ</span> <span class='ocrx_word' id='word_1_166' title='bbox 3106 1139 3264 1209; x_wconf 83' lang='grc' dir='ltr'>λόγου</span> <span class='ocrx_word' id='word_1_167' title='bbox 3295 1140 3522 1212; x_wconf 87' lang='grc' dir='ltr'>δύναμιν</span> <span class='ocrx_word' id='word_1_168' title='bbox 3544 1142 3714 1215; x_wconf 84' lang='grc' dir='ltr'>ὑπερ-</span> 
     </span>
    </p>
   </div>
   <div class='ocr_carea' id='block_1_27' title="bbox 2139 1228 2416 1283">
    <p class='ocr_par' dir='ltr' id='par_1_27' title="bbox 2139 1228 2416 1283">
     <span class='ocr_line' id='line_1_27' title="bbox 2139 1228 2416 1283; baseline 0.004 -3"><span class='ocrx_word' id='word_1_169' title='bbox 2139 1228 2416 1283; x_wconf 79' lang='grc' dir='ltr'>ϐαίνοντα.</span> 
     </span>
    </p>
   </div>
   <div class='ocr_carea' id='block_1_28' title="bbox 2214 1320 3714 1397">
    <p class='ocr_par' dir='ltr' id='par_1_28' title="bbox 2214 1320 3714 1397">
     <span class='ocr_line' id='line_1_28' title="bbox 2214 1320 3714 1397; baseline 0.003 -23"><span class='ocrx_word' id='word_1_170' title='bbox 2214 1321 2270 1375; x_wconf 82' lang='lat'><strong>5.</strong></span> <span class='ocrx_word' id='word_1_171' title='bbox 2312 1320 2438 1384; x_wconf 86' lang='grc' dir='ltr'><strong>Πῶς</strong></span> <span class='ocrx_word' id='word_1_172' title='bbox 2491 1321 2611 1392; x_wconf 69' lang='grc' dir='ltr'><strong>οὐχὶ</strong></span> <span class='ocrx_word' id='word_1_173' title='bbox 2664 1322 2838 1376; x_wconf 87' lang='grc' dir='ltr'>ταῦτα</span> <span class='ocrx_word' id='word_1_174' title='bbox 2860 1323 3126 1393; x_wconf 83' lang='grc' dir='ltr'>προσήκει</span> <span class='ocrx_word' id='word_1_175' title='bbox 3150 1326 3324 1395; x_wconf 84' lang='grc' dir='ltr'>χαρᾶς</span> <span class='ocrx_word' id='word_1_176' title='bbox 3346 1325 3580 1397; x_wconf 83' lang='grc' dir='ltr'>ἀλήκτου</span> <span class='ocrx_word' id='word_1_177' title='bbox 3620 1329 3714 1381; x_wconf 76' lang='grc' dir='ltr'><strong>καὶ</strong></span> 
     </span>
    </p>
   </div>
   <div class='ocr_carea' id='block_1_29' title="bbox 2138 1410 3713 1485">
    <p class='ocr_par' dir='ltr' id='par_1_29' title="bbox 2138 1410 3713 1485">
     <span class='ocr_line' id='line_1_29' title="bbox 2138 1410 3713 1485; baseline 0.003 -23"><span class='ocrx_word' id='word_1_178' title='bbox 2138 1410 2475 1484; x_wconf 79' lang='grc' dir='ltr'>εὐφροσύνης</span> <span class='ocrx_word' id='word_1_179' title='bbox 2502 1412 2785 1483; x_wconf 77' lang='grc' dir='ltr'>διηνεκοῦς</span> <span class='ocrx_word' id='word_1_180' title='bbox 2834 1412 3081 1483; x_wconf 76' lang='grc' dir='ltr'>ἐξαρκεῖν</span> <span class='ocrx_word' id='word_1_181' title='bbox 3121 1412 3362 1485; x_wconf 80' lang='grc' dir='ltr'>νομίζειν</span> <span class='ocrx_word' id='word_1_182' title='bbox 3405 1416 3713 1480; x_wconf 77' lang='grc' dir='ltr'>αῖτια,ἀλλ’</span> 
     </span>
    </p>
   </div>
   <div class='ocr_carea' id='block_1_30' title="bbox 2138 1501 3716 1577">
    <p class='ocr_par' dir='ltr' id='par_1_30' title="bbox 2138 1501 3716 1577">
     <span class='ocr_line' id='line_1_30' title="bbox 2138 1501 3716 1577; baseline 0.005 -23"><span class='ocrx_word' id='word_1_183' title='bbox 2138 1501 2344 1555; x_wconf 71' lang='grc' dir='ltr'>οἴεσθαι</span> <span class='ocrx_word' id='word_1_184' title='bbox 2366 1502 2456 1555; x_wconf 84' lang='grc' dir='ltr'>τὸν</span> <span class='ocrx_word' id='word_1_185' title='bbox 2502 1501 2947 1575; x_wconf 80' lang='grc' dir='ltr'>γαστριζόμενον,</span> <span class='ocrx_word' id='word_1_186' title='bbox 2978 1503 3074 1557; x_wconf 81' lang='grc' dir='ltr'><strong>καὶ</strong></span> <span class='ocrx_word' id='word_1_187' title='bbox 3117 1504 3569 1577; x_wconf 81' lang='grc' dir='ltr'>καταυλούμενον,</span> <span class='ocrx_word' id='word_1_188' title='bbox 3620 1511 3716 1562; x_wconf 70' lang='grc' dir='ltr'><strong>καὶ</strong></span> 
     </span>
    </p>
   </div>
   <div class='ocr_carea' id='block_1_31' title="bbox 2140 1582 3713 1670">
    <p class='ocr_par' dir='ltr' id='par_1_31' title="bbox 2140 1582 3713 1670">
     <span class='ocr_line' id='line_1_31' title="bbox 2140 1582 3713 1670; baseline 0.003 -24"><span class='ocrx_word' id='word_1_189' title='bbox 2140 1594 2233 1647; x_wconf 75' lang='grc' dir='ltr'><strong>ἐπὶ</strong></span> <span class='ocrx_word' id='word_1_190' title='bbox 2248 1593 2496 1665; x_wconf 77' lang='grc' dir='ltr'>μαλακῆς</span> <span class='ocrx_word' id='word_1_191' title='bbox 2508 1594 2693 1665; x_wconf 83' lang='grc' dir='ltr'>κοίτης</span> <span class='ocrx_word' id='word_1_192' title='bbox 2712 1594 2762 1664; x_wconf 89' lang='lat'><strong>(7</strong></span> <span class='ocrx_word' id='word_1_193' title='bbox 2770 1594 2821 1663; x_wconf 88' lang='lat'><strong>5)</strong></span> <span class='ocrx_word' id='word_1_194' title='bbox 2836 1582 3312 1666; x_wconf 82' lang='grc' dir='ltr'>ἀνατετραμμένον</span> <span class='ocrx_word' id='word_1_195' title='bbox 3325 1598 3417 1649; x_wconf 71' lang='grc' dir='ltr'><strong>καὶ</strong></span> <span class='ocrx_word' id='word_1_196' title='bbox 3431 1597 3689 1670; x_wconf 79' lang='grc' dir='ltr'>ρέγχοντα</span> <span class='ocrx_word' id='word_1_197' title='bbox 3699 1641 3713 1662; x_wconf 87' lang='grc'><strong>,</strong></span> 
     </span>
    </p>
   </div>
   <div class='ocr_carea' id='block_1_32' title="bbox 457 1684 2047 1762">
    <p class='ocr_par' dir='ltr' id='par_1_32' title="bbox 457 1685 2037 1762">
     <span class='ocr_line' id='line_1_32' title="bbox 457 1685 2037 1762; baseline -0.003 -18"><span class='ocrx_word' id='word_1_198' title='bbox 457 1692 544 1755; x_wconf 85' lang='lat' dir='ltr'><strong>tit,</strong></span> <span class='ocrx_word' id='word_1_199' title='bbox 580 1690 800 1762; x_wconf 86' lang='lat' dir='ltr'><strong>dig‘nam</strong></span> <span class='ocrx_word' id='word_1_200' title='bbox 826 1690 1028 1761; x_wconf 84' lang='lat' dir='ltr'><strong>gaudio</strong></span> <span class='ocrx_word' id='word_1_201' title='bbox 1058 1689 1225 1743; x_wconf 89' lang='lat' dir='ltr'><strong>vitam</strong></span> <span class='ocrx_word' id='word_1_202' title='bbox 1244 1687 1484 1759; x_wconf 81' lang='lat' dir='ltr'><strong>degere?</strong></span> <span class='ocrx_word' id='word_1_203' title='bbox 1510 1685 1622 1757; x_wconf 87' lang='lat' dir='ltr'><strong>Ego</strong></span> <span class='ocrx_word' id='word_1_204' title='bbox 1653 1701 1785 1742; x_wconf 88' lang='lat' dir='ltr'><strong>vero</strong></span> <span class='ocrx_word' id='word_1_205' title='bbox 1807 1686 2037 1741; x_wconf 89' lang='lat' dir='ltr'><strong>dixerim</strong></span> 
     </span>
    </p>
   </div>
   <div class='ocr_carea' id='block_1_33' title="bbox 2148 1684 3719 1762">
    <p class='ocr_par' dir='ltr' id='par_1_33' title="bbox 2148 1684 3719 1759">
     <span class='ocr_line' id='line_1_33' title="bbox 2148 1684 3719 1759; baseline 0.003 -20"><span class='ocrx_word' id='word_1_206' title='bbox 2148 1684 2332 1739; x_wconf 83' lang='grc' dir='ltr'>τοῦτον</span> <span class='ocrx_word' id='word_1_207' title='bbox 2381 1684 2548 1751; x_wconf 82' lang='grc' dir='ltr'>ἀξίως</span> <span class='ocrx_word' id='word_1_208' title='bbox 2584 1687 2759 1757; x_wconf 79' lang='grc' dir='ltr'>χαρᾶς</span> <span class='ocrx_word' id='word_1_209' title='bbox 2777 1685 2998 1757; x_wconf 80' lang='grc' dir='ltr'>διαζῇν;</span> <span class='ocrx_word' id='word_1_210' title='bbox 3045 1687 3185 1756; x_wconf 84' lang='grc' dir='ltr'><strong>Ἐγὼ</strong></span> <span class='ocrx_word' id='word_1_211' title='bbox 3212 1686 3267 1740; x_wconf 84' lang='grc' dir='ltr'>δὲ</span> <span class='ocrx_word' id='word_1_212' title='bbox 3296 1687 3507 1753; x_wconf 80' lang='grc' dir='ltr'>τούτοις</span> <span class='ocrx_word' id='word_1_213' title='bbox 3534 1689 3633 1759; x_wconf 86' lang='grc' dir='ltr'>μὲν</span> <span class='ocrx_word' id='word_1_214' title='bbox 3656 1690 3719 1742; x_wconf 81' lang='grc' dir='ltr'><strong>τὸ</strong></span> 
     </span>
    </p>
   </div>
   <div class='ocr_carea' id='block_1_34' title="bbox 458 1751 2047 1852">
    <p class='ocr_par' dir='ltr' id='par_1_34' title="bbox 458 1751 2035 1851">
     <span class='ocr_line' id='line_1_34' title="bbox 458 1751 2035 1851; baseline -0.001 -17"><span class='ocrx_word' id='word_1_215' title='bbox 458 1751 560 1838; x_wconf 84' lang='lat' dir='ltr'><strong>hos</strong></span> <span class='ocrx_word' id='word_1_216' title='bbox 592 1751 809 1851; x_wconf 74' lang='lat' dir='ltr'><strong>quidem</strong></span> <span class='ocrx_word' id='word_1_217' title='bbox 827 1751 1029 1851; x_wconf 65' lang='lat' dir='ltr'><strong>dignos</strong></span> <span class='ocrx_word' id='word_1_218' title='bbox 1083 1796 1207 1836; x_wconf 86' lang='lat' dir='ltr'><strong>esse</strong></span> <span class='ocrx_word' id='word_1_219' title='bbox 1252 1751 1343 1850; x_wconf 72' lang='lat' dir='ltr'><strong>qui</strong></span> <span class='ocrx_word' id='word_1_220' title='bbox 1380 1751 1682 1834; x_wconf 76' lang='lat' dir='ltr'><strong>deﬂeantur</strong></span> <span class='ocrx_word' id='word_1_221' title='bbox 1719 1779 1786 1833; x_wconf 91' lang='lat' dir='ltr'><strong>ab</strong></span> <span class='ocrx_word' id='word_1_222' title='bbox 1827 1778 1896 1832; x_wconf 87' lang='lat' dir='ltr'><strong>iis</strong></span> <span class='ocrx_word' id='word_1_223' title='bbox 1945 1778 2035 1847; x_wconf 92' lang='lat' dir='ltr'><strong>qui</strong></span> 
     </span>
    </p>
   </div>
   <div class='ocr_carea' id='block_1_35' title="bbox 2148 1751 3714 1852">
    <p class='ocr_par' dir='ltr' id='par_1_35' title="bbox 2148 1751 3714 1852">
     <span class='ocr_line' id='line_1_35' title="bbox 2148 1751 3714 1852; baseline 0.003 -23"><span class='ocrx_word' id='word_1_224' title='bbox 2148 1775 2455 1849; x_wconf 76' lang='grc' dir='ltr'><strong>θρηνεῖσθαι</strong></span> <span class='ocrx_word' id='word_1_225' title='bbox 2484 1751 2646 1848; x_wconf 73' lang='grc' dir='ltr'>φαίην</span> <span class='ocrx_word' id='word_1_226' title='bbox 2662 1751 2734 1831; x_wconf 39' lang='grc' dir='ltr'>’ἂν</span> <span class='ocrx_word' id='word_1_227' title='bbox 2765 1751 2993 1848; x_wconf 65' lang='grc' dir='ltr'>πρέπειν</span> <span class='ocrx_word' id='word_1_228' title='bbox 3017 1751 3165 1850; x_wconf 74' lang='grc' dir='ltr'>παρὰ</span> <span class='ocrx_word' id='word_1_229' title='bbox 3188 1778 3296 1833; x_wconf 86' lang='grc' dir='ltr'>τῶν</span> <span class='ocrx_word' id='word_1_230' title='bbox 3318 1779 3441 1834; x_wconf 85' lang='grc' dir='ltr'>νοῦν</span> <span class='ocrx_word' id='word_1_231' title='bbox 3464 1751 3714 1852; x_wconf 44' lang='grc' dir='ltr'>ὲάόντων·</span> 
     </span>
    </p>
   </div>
   <div class='ocr_carea' id='block_1_36' title="bbox 458 1869 2039 1943">
    <p class='ocr_par' dir='ltr' id='par_1_36' title="bbox 458 1869 2039 1943">
     <span class='ocr_line' id='line_1_36' title="bbox 458 1869 2039 1943; baseline -0.002 -17"><span class='ocrx_word' id='word_1_232' title='bbox 458 1879 641 1927; x_wconf 87' lang='lat' dir='ltr'><strong>mente</strong></span> <span class='ocrx_word' id='word_1_233' title='bbox 678 1874 892 1943; x_wconf 81' lang='lat' dir='ltr'><strong>praediti</strong></span> <span class='ocrx_word' id='word_1_234' title='bbox 927 1880 1090 1929; x_wconf 90' lang='lat' dir='ltr'><strong>sunt:</strong></span> <span class='ocrx_word' id='word_1_235' title='bbox 1122 1880 1341 1935; x_wconf 86' lang='lat' dir='ltr'><strong>contra,</strong></span> <span class='ocrx_word' id='word_1_236' title='bbox 1364 1871 1554 1927; x_wconf 87' lang='lat' dir='ltr'><strong>beatos</strong></span> <span class='ocrx_word' id='word_1_237' title='bbox 1574 1870 1701 1940; x_wconf 89' lang='lat' dir='ltr'><strong>jure</strong></span> <span class='ocrx_word' id='word_1_238' title='bbox 1724 1870 1930 1940; x_wconf 87' lang='lat' dir='ltr'><strong>optimo</strong></span> <span class='ocrx_word' id='word_1_239' title='bbox 1952 1869 2039 1924; x_wconf 91' lang='lat' dir='ltr'><strong>di-</strong></span> 
     </span>
    </p>
   </div>
   <div class='ocr_carea' id='block_1_37' title="bbox 459 1962 2038 2035">
    <p class='ocr_par' dir='ltr' id='par_1_37' title="bbox 459 1962 2038 2035">
     <span class='ocr_line' id='line_1_37' title="bbox 459 1962 2038 2035; baseline -0.001 -17"><span class='ocrx_word' id='word_1_240' title='bbox 459 1963 666 2020; x_wconf 89' lang='lat' dir='ltr'><strong>cendos</strong></span> <span class='ocrx_word' id='word_1_241' title='bbox 692 1980 815 2021; x_wconf 88' lang='lat' dir='ltr'><strong>esse</strong></span> <span class='ocrx_word' id='word_1_242' title='bbox 853 1980 949 2020; x_wconf 92' lang='lat' dir='ltr'><strong>eos</strong></span> <span class='ocrx_word' id='word_1_243' title='bbox 971 1966 1089 2034; x_wconf 92' lang='lat' dir='ltr'><strong>qui,</strong></span> <span class='ocrx_word' id='word_1_244' title='bbox 1135 1973 1362 2035; x_wconf 89' lang='lat' dir='ltr'><strong>propter</strong></span> <span class='ocrx_word' id='word_1_245' title='bbox 1413 1979 1566 2034; x_wconf 91' lang='lat' dir='ltr'><strong>spem</strong></span> <span class='ocrx_word' id='word_1_246' title='bbox 1610 1962 1781 2018; x_wconf 78' lang='lat' dir='ltr'><strong>futuri</strong></span> <span class='ocrx_word' id='word_1_247' title='bbox 1829 1964 2038 2026; x_wconf 81' lang='lat' dir='ltr'><strong>saeculi,</strong></span> 
     </span>
    </p>
   </div>
   <div class='ocr_carea' id='block_1_38' title="bbox 460 2056 2042 2127">
    <p class='ocr_par' dir='ltr' id='par_1_38' title="bbox 460 2056 2042 2127">
     <span class='ocr_line' id='line_1_38' title="bbox 460 2056 2042 2127; baseline 0.003 -19"><span class='ocrx_word' id='word_1_248' title='bbox 460 2065 788 2127; x_wconf 80' lang='lat' dir='ltr'><strong>praesentem</strong></span> <span class='ocrx_word' id='word_1_249' title='bbox 818 2059 987 2111; x_wconf 85' lang='lat' dir='ltr'><strong>vitam</strong></span> <span class='ocrx_word' id='word_1_250' title='bbox 1029 2057 1329 2120; x_wconf 86' lang='lat' dir='ltr'><strong>sustinent,</strong></span> <span class='ocrx_word' id='word_1_251' title='bbox 1376 2072 1439 2111; x_wconf 88' lang='lat' dir='ltr'><strong>ac</strong></span> <span class='ocrx_word' id='word_1_252' title='bbox 1478 2056 1771 2126; x_wconf 63' lang='lat' dir='ltr'><strong>praesentia</strong></span> <span class='ocrx_word' id='word_1_253' title='bbox 1818 2056 2042 2112; x_wconf 72' lang='lat' dir='ltr'><strong>aeternis</strong></span> 
     </span>
    </p>
   </div>
   <div class='ocr_carea' id='block_1_39' title="bbox 461 2147 2044 2219">
    <p class='ocr_par' dir='ltr' id='par_1_39' title="bbox 461 2147 2044 2219">
     <span class='ocr_line' id='line_1_39' title="bbox 461 2147 2044 2219; baseline -0.001 -17"><span class='ocrx_word' id='word_1_254' title='bbox 461 2155 820 2203; x_wconf 87' lang='lat' dir='ltr'><strong>commutant.</strong></span> <span class='ocrx_word' id='word_1_255' title='bbox 851 2147 977 2202; x_wconf 85' lang='lat' dir='ltr'><strong>Sive</strong></span> <span class='ocrx_word' id='word_1_256' title='bbox 1013 2156 1198 2202; x_wconf 89' lang='lat' dir='ltr'><strong>autem</strong></span> <span class='ocrx_word' id='word_1_257' title='bbox 1241 2149 1297 2201; x_wconf 90' lang='lat' dir='ltr'><strong>in</strong></span> <span class='ocrx_word' id='word_1_258' title='bbox 1345 2147 1564 2201; x_wconf 75' lang='lat' dir='ltr'><strong>flamma</strong></span> <span class='ocrx_word' id='word_1_259' title='bbox 1623 2147 1823 2219; x_wconf 77' lang='lat' dir='ltr'><strong>degant</strong></span> <span class='ocrx_word' id='word_1_260' title='bbox 1872 2149 1909 2202; x_wconf 92' lang='lat' dir='ltr'><strong>ii</strong></span> <span class='ocrx_word' id='word_1_261' title='bbox 1949 2148 2044 2217; x_wconf 89' lang='lat' dir='ltr'><strong>qui</strong></span> 
     </span>
    </p>
   </div>
   <div class='ocr_carea' id='block_1_40' title="bbox 462 2239 2040 2312">
    <p class='ocr_par' dir='ltr' id='par_1_40' title="bbox 462 2239 2040 2312">
     <span class='ocr_line' id='line_1_40' title="bbox 462 2239 2040 2312; baseline 0.002 -20"><span class='ocrx_word' id='word_1_262' title='bbox 462 2239 575 2295; x_wconf 88' lang='lat' dir='ltr'><strong>Deo</strong></span> <span class='ocrx_word' id='word_1_263' title='bbox 606 2240 1042 2309; x_wconf 86' lang='lat' dir='ltr'><strong>conjunguntur,</strong></span> <span class='ocrx_word' id='word_1_264' title='bbox 1085 2240 1165 2294; x_wconf 88' lang='lat' dir='ltr'><strong>uti</strong></span> <span class='ocrx_word' id='word_1_265' title='bbox 1212 2248 1325 2295; x_wconf 91' lang='lat' dir='ltr'><strong>tres</strong></span> <span class='ocrx_word' id='word_1_266' title='bbox 1365 2239 1520 2309; x_wconf 91' lang='lat' dir='ltr'><strong>pueri</strong></span> <span class='ocrx_word' id='word_1_267' title='bbox 1566 2239 1623 2294; x_wconf 91' lang='lat' dir='ltr'><strong>in</strong></span> <span class='ocrx_word' id='word_1_268' title='bbox 1671 2239 2040 2312; x_wconf 73' lang='lat' dir='ltr'><strong>Babylone“:</strong></span> 
     </span>
    </p>
   </div>
   <div class='ocr_carea' id='block_1_41' title="bbox 462 2331 2048 2397">
    <p class='ocr_par' dir='ltr' id='par_1_41' title="bbox 462 2331 2048 2397">
     <span class='ocr_line' id='line_1_41' title="bbox 462 2331 2048 2397; baseline 0.001 -12"><span class='ocrx_word' id='word_1_269' title='bbox 462 2331 579 2386; x_wconf 86' lang='lat' dir='ltr'><strong>sive</strong></span> <span class='ocrx_word' id='word_1_270' title='bbox 600 2331 956 2385; x_wconf 88' lang='lat' dir='ltr'><strong>includantur</strong></span> <span class='ocrx_word' id='word_1_271' title='bbox 987 2347 1110 2386; x_wconf 91' lang='lat' dir='ltr'><strong>cum</strong></span> <span class='ocrx_word' id='word_1_272' title='bbox 1131 2331 1472 2397; x_wconf 76' lang='lat' dir='ltr'><strong>leonibus”,</strong></span> <span class='ocrx_word' id='word_1_273' title='bbox 1505 2332 1623 2387; x_wconf 90' lang='lat' dir='ltr'><strong>sive</strong></span> <span class='ocrx_word' id='word_1_274' title='bbox 1652 2347 1682 2386; x_wconf 88' lang='lat' dir='ltr'><strong>a</strong></span> <span class='ocrx_word' id='word_1_275' title='bbox 1703 2344 1825 2387; x_wconf 88' lang='lat' dir='ltr'><strong>ceto</strong></span> <span class='ocrx_word' id='word_1_276' title='bbox 1853 2333 2048 2389; x_wconf 85' lang='lat' dir='ltr'><strong>absor-</strong></span> 
     </span>
    </p>
   </div>
   <div class='ocr_carea' id='block_1_42' title="bbox 461 2421 2044 2492">
    <p class='ocr_par' dir='ltr' id='par_1_42' title="bbox 461 2421 2044 2492">
     <span class='ocr_line' id='line_1_42' title="bbox 461 2421 2044 2492; baseline 0.001 -17"><span class='ocrx_word' id='word_1_277' title='bbox 461 2421 776 2488; x_wconf 82' lang='lat' dir='ltr'><strong>beantur“,</strong></span> <span class='ocrx_word' id='word_1_278' title='bbox 802 2421 907 2492; x_wconf 89' lang='lat' dir='ltr'><strong>ipsi</strong></span> <span class='ocrx_word' id='word_1_279' title='bbox 937 2421 1480 2492; x_wconf 62' lang='lat' dir='ltr'><strong>tamen-praedicandi</strong></span> <span class='ocrx_word' id='word_1_280' title='bbox 1497 2431 1626 2478; x_wconf 89' lang='lat' dir='ltr'><strong>sunt</strong></span> <span class='ocrx_word' id='word_1_281' title='bbox 1643 2438 1672 2475; x_wconf 93' lang='lat' dir='ltr'><strong>a</strong></span> <span class='ocrx_word' id='word_1_282' title='bbox 1696 2424 1856 2479; x_wconf 89' lang='lat' dir='ltr'><strong>nobis</strong></span> <span class='ocrx_word' id='word_1_283' title='bbox 1878 2424 2044 2489; x_wconf 86' lang='lat' dir='ltr'><strong>beati,</strong></span> 
     </span>
    </p>
   </div>
   <div class='ocr_carea' id='block_1_43' title="bbox 463 2513 2047 2586">
    <p class='ocr_par' dir='ltr' id='par_1_43' title="bbox 463 2513 2047 2586">
     <span class='ocr_line' id='line_1_43' title="bbox 463 2513 2047 2586; baseline 0.002 -19"><span class='ocrx_word' id='word_1_284' title='bbox 463 2528 529 2567; x_wconf 89' lang='lat' dir='ltr'><strong>ac</strong></span> <span class='ocrx_word' id='word_1_285' title='bbox 553 2528 649 2569; x_wconf 90' lang='lat' dir='ltr'><strong>eos</strong></span> <span class='ocrx_word' id='word_1_286' title='bbox 675 2513 733 2568; x_wconf 86' lang='lat' dir='ltr'><strong>in</strong></span> <span class='ocrx_word' id='word_1_287' title='bbox 765 2513 965 2584; x_wconf 88' lang='lat' dir='ltr'><strong>gaudio</strong></span> <span class='ocrx_word' id='word_1_288' title='bbox 993 2514 1164 2567; x_wconf 86' lang='lat' dir='ltr'><strong>vitam</strong></span> <span class='ocrx_word' id='word_1_289' title='bbox 1196 2514 1505 2584; x_wconf 80' lang='lat' dir='ltr'><strong>transigere</strong></span> <span class='ocrx_word' id='word_1_290' title='bbox 1547 2522 1788 2584; x_wconf 88' lang='lat' dir='ltr'><strong>oportet,</strong></span> <span class='ocrx_word' id='word_1_291' title='bbox 1836 2530 2047 2586; x_wconf 90' lang='lat' dir='ltr'><strong>nequa-</strong></span> 
     </span>
    </p>
   </div>
   <div class='ocr_carea' id='block_1_44' title="bbox 463 2604 2048 2676">
    <p class='ocr_par' dir='ltr' id='par_1_44' title="bbox 463 2604 2048 2676">
     <span class='ocr_line' id='line_1_44' title="bbox 463 2604 2048 2676; baseline 0.002 -18"><span class='ocrx_word' id='word_1_292' title='bbox 463 2619 629 2674; x_wconf 87' lang='lat' dir='ltr'><strong>quam</strong></span> <span class='ocrx_word' id='word_1_293' title='bbox 658 2605 907 2661; x_wconf 87' lang='lat' dir='ltr'><strong>dolentes</strong></span> <span class='ocrx_word' id='word_1_294' title='bbox 933 2605 1001 2660; x_wconf 90' lang='lat' dir='ltr'><strong>de</strong></span> <span class='ocrx_word' id='word_1_295' title='bbox 1025 2605 1411 2676; x_wconf 83' lang='lat' dir='ltr'><strong>praesentibus,</strong></span> <span class='ocrx_word' id='word_1_296' title='bbox 1449 2604 1545 2660; x_wconf 90' lang='lat' dir='ltr'><strong>sed</strong></span> <span class='ocrx_word' id='word_1_297' title='bbox 1580 2606 1650 2660; x_wconf 92' lang='lat' dir='ltr'><strong>ob</strong></span> <span class='ocrx_word' id='word_1_298' title='bbox 1673 2621 1822 2676; x_wconf 90' lang='lat' dir='ltr'><strong>spem</strong></span> <span class='ocrx_word' id='word_1_299' title='bbox 1856 2620 2048 2662; x_wconf 88' lang='lat' dir='ltr'><strong>eorum</strong></span> 
     </span>
    </p>
   </div>
   <div class='ocr_carea' id='block_1_45' title="bbox 462 2697 2049 2769">
    <p class='ocr_par' dir='ltr' id='par_1_45' title="bbox 462 2697 2049 2769">
     <span class='ocr_line' id='line_1_45' title="bbox 462 2697 2049 2769; baseline 0 -17"><span class='ocrx_word' id='word_1_300' title='bbox 462 2713 588 2769; x_wconf 78' lang='lat' dir='ltr'><strong>qua:</strong></span> <span class='ocrx_word' id='word_1_301' title='bbox 614 2697 775 2754; x_wconf 91' lang='lat' dir='ltr'><strong>nobis</strong></span> <span class='ocrx_word' id='word_1_302' title='bbox 815 2698 871 2752; x_wconf 91' lang='lat' dir='ltr'><strong>in</strong></span> <span class='ocrx_word' id='word_1_303' title='bbox 906 2708 1187 2768; x_wconf 90' lang='lat' dir='ltr'><strong>posterum</strong></span> <span class='ocrx_word' id='word_1_304' title='bbox 1224 2699 1465 2766; x_wconf 88' lang='lat' dir='ltr'><strong>reposita</strong></span> <span class='ocrx_word' id='word_1_305' title='bbox 1498 2707 1627 2753; x_wconf 86' lang='lat' dir='ltr'><strong>sunt</strong></span> <span class='ocrx_word' id='word_1_306' title='bbox 1655 2699 1922 2754; x_wconf 80' lang='lat' dir='ltr'><strong>laetantes.</strong></span> <span class='ocrx_word' id='word_1_307' title='bbox 1943 2700 2049 2753; x_wconf 86' lang='lat' dir='ltr'><strong>Ar-</strong></span> 
     </span>
    </p>
   </div>
   <div class='ocr_carea' id='block_1_46' title="bbox 464 2787 2052 2858">
    <p class='ocr_par' dir='ltr' id='par_1_46' title="bbox 464 2787 2052 2858">
     <span class='ocr_line' id='line_1_46' title="bbox 464 2787 2052 2858; baseline 0.001 -17"><span class='ocrx_word' id='word_1_308' title='bbox 464 2787 643 2841; x_wconf 90' lang='lat' dir='ltr'><strong>bitror</strong></span> <span class='ocrx_word' id='word_1_309' title='bbox 678 2801 916 2856; x_wconf 86' lang='lat' dir='ltr'><strong>namque</strong></span> <span class='ocrx_word' id='word_1_310' title='bbox 944 2794 1229 2842; x_wconf 87' lang='lat' dir='ltr'><strong>strenuum</strong></span> <span class='ocrx_word' id='word_1_311' title='bbox 1271 2788 1530 2842; x_wconf 85' lang='lat' dir='ltr'><strong>athletam</strong></span> <span class='ocrx_word' id='word_1_312' title='bbox 1563 2788 1629 2842; x_wconf 89' lang='lat' dir='ltr'><strong>ad</strong></span> <span class='ocrx_word' id='word_1_313' title='bbox 1671 2788 1889 2858; x_wconf 84' lang='lat' dir='ltr'><strong>pietatis</strong></span> <span class='ocrx_word' id='word_1_314' title='bbox 1940 2797 2052 2844; x_wconf 89' lang='lat' dir='ltr'><strong>sta-</strong></span> 
     </span>
    </p>
   </div>
   <div class='ocr_carea' id='block_1_47' title="bbox 465 2875 2052 2947">
    <p class='ocr_par' dir='ltr' id='par_1_47' title="bbox 465 2875 2052 2947">
     <span class='ocr_line' id='line_1_47' title="bbox 465 2875 2052 2947; baseline 0.001 -17"><span class='ocrx_word' id='word_1_315' title='bbox 465 2876 617 2930; x_wconf 89' lang='lat' dir='ltr'><strong>dium</strong></span> <span class='ocrx_word' id='word_1_316' title='bbox 647 2875 816 2931; x_wconf 88' lang='lat' dir='ltr'><strong>semel</strong></span> <span class='ocrx_word' id='word_1_317' title='bbox 847 2882 1097 2940; x_wconf 80' lang='lat' dir='ltr'><strong>exutum,</strong></span> <span class='ocrx_word' id='word_1_318' title='bbox 1159 2876 1350 2947; x_wconf 87' lang='lat' dir='ltr'><strong>plagas</strong></span> <span class='ocrx_word' id='word_1_319' title='bbox 1380 2876 1819 2933; x_wconf 88' lang='lat' dir='ltr'><strong>adversariorum</strong></span> <span class='ocrx_word' id='word_1_320' title='bbox 1838 2877 2052 2933; x_wconf 79' lang='lat' dir='ltr'><strong>fortiter</strong></span> 
     </span>
    </p>
   </div>
   <div class='ocr_carea' id='block_1_48' title="bbox 466 2968 2053 3039">
    <p class='ocr_par' dir='ltr' id='par_1_48' title="bbox 466 2968 2053 3039">
     <span class='ocr_line' id='line_1_48' title="bbox 466 2968 2053 3039; baseline 0.001 -16"><span class='ocrx_word' id='word_1_321' title='bbox 466 2968 613 3024; x_wconf 83' lang='lat' dir='ltr'><strong>ferre</strong></span> <span class='ocrx_word' id='word_1_322' title='bbox 636 2968 857 3032; x_wconf 87' lang='lat' dir='ltr'><strong>debere,</strong></span> <span class='ocrx_word' id='word_1_323' title='bbox 891 2969 1196 3039; x_wconf 82' lang='lat' dir='ltr'><strong>spe-gloriae</strong></span> <span class='ocrx_word' id='word_1_324' title='bbox 1210 2984 1277 3024; x_wconf 80' lang='lat' dir='ltr'><strong>ex</strong></span> <span class='ocrx_word' id='word_1_325' title='bbox 1288 2969 1509 3023; x_wconf 89' lang='lat' dir='ltr'><strong>coronis</strong></span> <span class='ocrx_word' id='word_1_326' title='bbox 1525 2969 1940 3039; x_wconf 86' lang='lat' dir='ltr'><strong>consequendae.</strong></span> <span class='ocrx_word' id='word_1_327' title='bbox 1959 2969 2053 3025; x_wconf 87' lang='lat' dir='ltr'><strong>Et-</strong></span> 
     </span>
    </p>
   </div>
   <div class='ocr_carea' id='block_1_49' title="bbox 2145 1868 3720 1943">
    <p class='ocr_par' dir='ltr' id='par_1_49' title="bbox 2145 1868 3720 1943">
     <span class='ocr_line' id='line_1_49' title="bbox 2145 1868 3720 1943; baseline 0.001 -19"><span class='ocrx_word' id='word_1_328' title='bbox 2145 1868 2468 1943; x_wconf 80' lang='grc' dir='ltr'>μακαρίζειν</span> <span class='ocrx_word' id='word_1_329' title='bbox 2504 1869 2559 1923; x_wconf 84' lang='grc' dir='ltr'>δὲ</span> <span class='ocrx_word' id='word_1_330' title='bbox 2586 1871 2712 1933; x_wconf 82' lang='grc' dir='ltr'>τοὺς</span> <span class='ocrx_word' id='word_1_331' title='bbox 2755 1871 2841 1931; x_wconf 76' lang='grc' dir='ltr'><strong>ἐπ’</strong></span> <span class='ocrx_word' id='word_1_332' title='bbox 2878 1871 3050 1924; x_wconf 83' lang='grc' dir='ltr'>ἐλπίδι</span> <span class='ocrx_word' id='word_1_333' title='bbox 3081 1870 3176 1924; x_wconf 89' lang='grc' dir='ltr'>τοῦ</span> <span class='ocrx_word' id='word_1_334' title='bbox 3212 1870 3496 1942; x_wconf 85' lang='grc' dir='ltr'>μέλλοντος</span> <span class='ocrx_word' id='word_1_335' title='bbox 3526 1872 3720 1937; x_wconf 78' lang='grc' dir='ltr'>αἰῶνος</span> 
     </span>
    </p>
   </div>
   <div class='ocr_carea' id='block_1_50' title="bbox 2140 1959 3721 2039">
    <p class='ocr_par' dir='ltr' id='par_1_50' title="bbox 2140 1959 3721 2039">
     <span class='ocr_line' id='line_1_50' title="bbox 2140 1959 3721 2039; baseline 0.001 -24"><span class='ocrx_word' id='word_1_336' title='bbox 2140 1963 2252 2039; x_wconf 42' lang='grc' dir='ltr'>τὴν.</span> <span class='ocrx_word' id='word_1_337' title='bbox 2292 1959 2575 2032; x_wconf 85' lang='grc' dir='ltr'>παροῦσαν</span> <span class='ocrx_word' id='word_1_338' title='bbox 2624 1961 2769 2034; x_wconf 82' lang='grc' dir='ltr'>ζωὴν</span> <span class='ocrx_word' id='word_1_339' title='bbox 2812 1962 3187 2035; x_wconf 77' lang='grc' dir='ltr'>διαφέροντας,</span> <span class='ocrx_word' id='word_1_340' title='bbox 3236 1965 3330 2018; x_wconf 75' lang='grc' dir='ltr'><strong>καὶ</strong></span> <span class='ocrx_word' id='word_1_341' title='bbox 3356 1965 3422 2018; x_wconf 84' lang='grc' dir='ltr'>τὰ</span> <span class='ocrx_word' id='word_1_342' title='bbox 3479 1964 3721 2035; x_wconf 86' lang='grc' dir='ltr'>παρόντα</span> 
     </span>
    </p>
   </div>
   <div class='ocr_carea' id='block_1_51' title="bbox 2142 2054 3719 2127">
    <p class='ocr_par' dir='ltr' id='par_1_51' title="bbox 2142 2054 3719 2127">
     <span class='ocr_line' id='line_1_51' title="bbox 2142 2054 3719 2127; baseline 0.001 -20"><span class='ocrx_word' id='word_1_343' title='bbox 2142 2054 2250 2107; x_wconf 83' lang='grc' dir='ltr'><strong>τῶν</strong></span> <span class='ocrx_word' id='word_1_344' title='bbox 2287 2054 2520 2107; x_wconf 75' lang='grc' dir='ltr'>αἰωνίων</span> <span class='ocrx_word' id='word_1_345' title='bbox 2564 2054 2991 2125; x_wconf 74' lang='grc' dir='ltr'>ἀμειϐομένους,</span> <span class='ocrx_word' id='word_1_346' title='bbox 3036 2055 3140 2110; x_wconf 84' lang='grc' dir='ltr'>κᾶν</span> <span class='ocrx_word' id='word_1_347' title='bbox 3168 2058 3226 2110; x_wconf 83' lang='grc' dir='ltr'><strong>ὲν</strong></span> <span class='ocrx_word' id='word_1_348' title='bbox 3271 2055 3429 2127; x_wconf 75' lang='grc' dir='ltr'>φλογὶ</span> <span class='ocrx_word' id='word_1_349' title='bbox 3462 2057 3719 2125; x_wconf 83' lang='grc' dir='ltr'>διάγωσιν</span> 
     </span>
    </p>
   </div>
   <div class='ocr_carea' id='block_1_52' title="bbox 2143 2145 3722 2219">
    <p class='ocr_par' dir='ltr' id='par_1_52' title="bbox 2143 2145 3722 2219">
     <span class='ocr_line' id='line_1_52' title="bbox 2143 2145 3722 2219; baseline 0.001 -19"><span class='ocrx_word' id='word_1_350' title='bbox 2143 2148 2192 2200; x_wconf 82' lang='grc' dir='ltr'><strong>οἱ</strong></span> <span class='ocrx_word' id='word_1_351' title='bbox 2223 2146 2342 2216; x_wconf 82' lang='grc' dir='ltr'><strong>Θεῷ</strong></span> <span class='ocrx_word' id='word_1_352' title='bbox 2365 2145 2720 2217; x_wconf 82' lang='grc' dir='ltr'>συνημμένοι,</span> <span class='ocrx_word' id='word_1_353' title='bbox 2740 2146 2817 2209; x_wconf 85' lang='grc' dir='ltr'>ὡς</span> <span class='ocrx_word' id='word_1_354' title='bbox 2849 2149 2897 2199; x_wconf 85' lang='grc' dir='ltr'>οἱ</span> <span class='ocrx_word' id='word_1_355' title='bbox 2926 2148 3074 2218; x_wconf 85' lang='grc' dir='ltr'>τρεῖς</span> <span class='ocrx_word' id='word_1_356' title='bbox 3099 2147 3286 2211; x_wconf 86' lang='grc' dir='ltr'>παῖδες</span> <span class='ocrx_word' id='word_1_357' title='bbox 3319 2148 3411 2201; x_wconf 78' lang='grc' dir='ltr'>ἐπὶ</span> <span class='ocrx_word' id='word_1_358' title='bbox 3438 2150 3537 2219; x_wconf 78' lang='grc' dir='ltr'><strong>τῆς</strong></span> <span class='ocrx_word' id='word_1_359' title='bbox 3554 2147 3722 2201; x_wconf 76' lang='grc' dir='ltr'>Βαϐυο</span> 
     </span>
    </p>
   </div>
   <div class='ocr_carea' id='block_1_53' title="bbox 2144 2233 3721 2310">
    <p class='ocr_par' dir='ltr' id='par_1_53' title="bbox 2144 2233 3721 2310">
     <span class='ocr_line' id='line_1_53' title="bbox 2144 2233 3721 2310; baseline 0.002 -21"><span class='ocrx_word' id='word_1_360' title='bbox 2144 2236 2341 2300; x_wconf 84' lang='grc' dir='ltr'>λωνίας</span> <span class='ocrx_word' id='word_1_361' title='bbox 2372 2236 2505 2307; x_wconf 87' lang='grc'><strong>(76),</strong></span> <span class='ocrx_word' id='word_1_362' title='bbox 2538 2236 2642 2291; x_wconf 77' lang='grc' dir='ltr'><strong>κᾶν</strong></span> <span class='ocrx_word' id='word_1_363' title='bbox 2678 2237 2886 2291; x_wconf 80' lang='grc' dir='ltr'>λέουσιν</span> <span class='ocrx_word' id='word_1_364' title='bbox 2923 2233 3024 2292; x_wconf 79' lang='grc' dir='ltr'>ὦσι</span> <span class='ocrx_word' id='word_1_365' title='bbox 3060 2238 3569 2310; x_wconf 87' lang='grc' dir='ltr'>συγκαθειργμένοι,</span> <span class='ocrx_word' id='word_1_366' title='bbox 3618 2238 3721 2292; x_wconf 82' lang='grc' dir='ltr'><strong>κᾶν</strong></span> 
     </span>
    </p>
   </div>
   <div class='ocr_carea' id='block_1_54' title="bbox 2147 2328 3725 2401">
    <p class='ocr_par' dir='ltr' id='par_1_54' title="bbox 2147 2328 3725 2401">
     <span class='ocr_line' id='line_1_54' title="bbox 2147 2328 3725 2401; baseline 0.001 -21"><span class='ocrx_word' id='word_1_367' title='bbox 2147 2328 2251 2381; x_wconf 80' lang='grc' dir='ltr'><strong>ὑπὸ</strong></span> <span class='ocrx_word' id='word_1_368' title='bbox 2281 2329 2479 2399; x_wconf 84' lang='grc' dir='ltr'>κήτους</span> <span class='ocrx_word' id='word_1_369' title='bbox 2506 2329 2924 2393; x_wconf 79' lang='grc' dir='ltr'>καταποθέντες,</span> <span class='ocrx_word' id='word_1_370' title='bbox 2950 2329 3038 2398; x_wconf 80' lang='grc' dir='ltr'>ὑφ’</span> <span class='ocrx_word' id='word_1_371' title='bbox 3063 2328 3220 2400; x_wconf 81' lang='grc' dir='ltr'>ἡμῶν</span> <span class='ocrx_word' id='word_1_372' title='bbox 3244 2346 3302 2381; x_wconf 89' lang='grc' dir='ltr'><strong>τε</strong></span> <span class='ocrx_word' id='word_1_373' title='bbox 3326 2328 3521 2401; x_wconf 81' lang='grc' dir='ltr'>χρῆναι</span> <span class='ocrx_word' id='word_1_374' title='bbox 3546 2346 3725 2399; x_wconf 87' lang='grc' dir='ltr'>μακα-</span> 
     </span>
    </p>
   </div>
   <div class='ocr_carea' id='block_1_55' title="bbox 2152 2419 3725 2493">
    <p class='ocr_par' dir='ltr' id='par_1_55' title="bbox 2152 2419 3725 2493">
     <span class='ocr_line' id='line_1_55' title="bbox 2152 2419 3725 2493; baseline -0.001 -19"><span class='ocrx_word' id='word_1_375' title='bbox 2152 2419 2417 2493; x_wconf 77' lang='grc' dir='ltr'>ρίζεσθαι,</span> <span class='ocrx_word' id='word_1_376' title='bbox 2468 2422 2563 2474; x_wconf 75' lang='grc' dir='ltr'><strong>καὶ</strong></span> <span class='ocrx_word' id='word_1_377' title='bbox 2616 2422 2814 2485; x_wconf 80' lang='grc' dir='ltr'>αὐτοὺς</span> <span class='ocrx_word' id='word_1_378' title='bbox 2859 2424 2917 2476; x_wconf 82' lang='grc' dir='ltr'>ὲν</span> <span class='ocrx_word' id='word_1_379' title='bbox 2960 2423 3104 2493; x_wconf 81' lang='grc' dir='ltr'>χαρᾷ</span> <span class='ocrx_word' id='word_1_380' title='bbox 3163 2422 3391 2490; x_wconf 83' lang='grc' dir='ltr'>διάγειν,</span> <span class='ocrx_word' id='word_1_381' title='bbox 3448 2421 3570 2491; x_wconf 75' lang='grc' dir='ltr'><strong>οὐχὶ</strong></span> <span class='ocrx_word' id='word_1_382' title='bbox 3614 2423 3725 2485; x_wconf 86' lang='grc' dir='ltr'>τοῖς</span> 
     </span>
    </p>
   </div>
   <div class='ocr_carea' id='block_1_56' title="bbox 2150 2510 3730 2585">
    <p class='ocr_par' dir='ltr' id='par_1_56' title="bbox 2150 2510 3730 2585">
     <span class='ocr_line' id='line_1_56' title="bbox 2150 2510 3730 2585; baseline -0.002 -18"><span class='ocrx_word' id='word_1_383' title='bbox 2150 2514 2416 2584; x_wconf 84' lang='grc' dir='ltr'>παροῦσιν</span> <span class='ocrx_word' id='word_1_384' title='bbox 2443 2513 2862 2585; x_wconf 83' lang='grc' dir='ltr'>ἀλγυνομένους,</span> <span class='ocrx_word' id='word_1_385' title='bbox 2891 2513 3025 2568; x_wconf 82' lang='grc' dir='ltr'><strong>ἀλλά</strong></span> <span class='ocrx_word' id='word_1_386' title='bbox 3043 2516 3110 2585; x_wconf 83' lang='grc' dir='ltr'>τῇ</span> <span class='ocrx_word' id='word_1_387' title='bbox 3130 2512 3307 2566; x_wconf 73' lang='grc' dir='ltr'>ἐλπίδι</span> <span class='ocrx_word' id='word_1_388' title='bbox 3330 2512 3440 2567; x_wconf 83' lang='grc' dir='ltr'><strong>τῶν</strong></span> <span class='ocrx_word' id='word_1_389' title='bbox 3463 2515 3543 2577; x_wconf 75' lang='grc' dir='ltr'><strong>εἰς</strong></span> <span class='ocrx_word' id='word_1_390' title='bbox 3572 2510 3730 2565; x_wconf 80' lang='grc' dir='ltr'>ὓστε-</span> 
     </span>
    </p>
   </div>
   <div class='ocr_carea' id='block_1_57' title="bbox 2152 2599 3727 2680">
    <p class='ocr_par' dir='ltr' id='par_1_57' title="bbox 2152 2599 3727 2680">
     <span class='ocr_line' id='line_1_57' title="bbox 2152 2599 3727 2680; baseline -0.003 -19"><span class='ocrx_word' id='word_1_391' title='bbox 2152 2624 2244 2680; x_wconf 88' lang='grc' dir='ltr'><strong>ρον</strong></span> <span class='ocrx_word' id='word_1_392' title='bbox 2273 2608 2402 2678; x_wconf 81' lang='grc' dir='ltr'>ήμῖν</span> <span class='ocrx_word' id='word_1_393' title='bbox 2448 2607 2827 2678; x_wconf 83' lang='grc' dir='ltr'>ἀποκειμένων</span> <span class='ocrx_word' id='word_1_394' title='bbox 2870 2604 3350 2678; x_wconf 79' lang='grc' dir='ltr'>εὐφραινομένους.</span> <span class='ocrx_word' id='word_1_395' title='bbox 3402 2599 3570 2676; x_wconf 81' lang='grc' dir='ltr'>Οἳμαι</span> <span class='ocrx_word' id='word_1_396' title='bbox 3619 2602 3727 2675; x_wconf 84' lang='grc' dir='ltr'><strong>γὰρ</strong></span> 
     </span>
    </p>
   </div>
   <div class='ocr_carea' id='block_1_58' title="bbox 2149 2696 3731 2771">
    <p class='ocr_par' dir='ltr' id='par_1_58' title="bbox 2149 2696 3731 2771">
     <span class='ocr_line' id='line_1_58' title="bbox 2149 2696 3731 2771; baseline -0.003 -19"><span class='ocrx_word' id='word_1_397' title='bbox 2149 2699 2242 2752; x_wconf 76' lang='grc' dir='ltr'><strong>τὸν</strong></span> <span class='ocrx_word' id='word_1_398' title='bbox 2270 2699 2575 2768; x_wconf 84' lang='grc' dir='ltr'>ἀγωνιστὴν</span> <span class='ocrx_word' id='word_1_399' title='bbox 2604 2699 2699 2751; x_wconf 83' lang='grc' dir='ltr'><strong>τὸν</strong></span> <span class='ocrx_word' id='word_1_400' title='bbox 2729 2698 2893 2752; x_wconf 80' lang='grc' dir='ltr'>καλὸν</span> <span class='ocrx_word' id='word_1_401' title='bbox 2920 2698 3055 2771; x_wconf 85' lang='grc'><strong>(77),</strong></span> <span class='ocrx_word' id='word_1_402' title='bbox 3079 2697 3224 2762; x_wconf 76' lang='grc' dir='ltr'>ἅπαξ</span> <span class='ocrx_word' id='word_1_403' title='bbox 3258 2697 3352 2751; x_wconf 78' lang='grc' dir='ltr'><strong>ἐπὶ</strong></span> <span class='ocrx_word' id='word_1_404' title='bbox 3374 2696 3436 2751; x_wconf 85' lang='grc' dir='ltr'>τὸ</span> <span class='ocrx_word' id='word_1_405' title='bbox 3456 2696 3556 2766; x_wconf 78' lang='grc' dir='ltr'><strong>τῆς</strong></span> <span class='ocrx_word' id='word_1_406' title='bbox 3577 2696 3731 2749; x_wconf 82' lang='grc' dir='ltr'>εὐσε-</span> 
     </span>
    </p>
   </div>
   <div class='ocr_carea' id='block_1_59' title="bbox 2150 2786 3729 2863">
    <p class='ocr_par' dir='ltr' id='par_1_59' title="bbox 2150 2786 3729 2863">
     <span class='ocr_line' id='line_1_59' title="bbox 2150 2786 3729 2863; baseline -0.004 -19"><span class='ocrx_word' id='word_1_407' title='bbox 2150 2790 2303 2854; x_wconf 74' lang='grc' dir='ltr'>ϐείας</span> <span class='ocrx_word' id='word_1_408' title='bbox 2334 2791 2545 2845; x_wconf 87' lang='grc' dir='ltr'>στάδιον</span> <span class='ocrx_word' id='word_1_409' title='bbox 2578 2789 2867 2854; x_wconf 75' lang='grc' dir='ltr'>ἀποδύντα,</span> <span class='ocrx_word' id='word_1_410' title='bbox 2893 2789 3078 2863; x_wconf 79' lang='grc' dir='ltr'>φέρειν</span> <span class='ocrx_word' id='word_1_411' title='bbox 3111 2789 3307 2861; x_wconf 80' lang='grc' dir='ltr'>χρῆναι</span> <span class='ocrx_word' id='word_1_412' title='bbox 3343 2787 3606 2858; x_wconf 85' lang='grc' dir='ltr'>γενναίως</span> <span class='ocrx_word' id='word_1_413' title='bbox 3631 2786 3729 2850; x_wconf 82' lang='grc' dir='ltr'>τὰς</span> 
     </span>
    </p>
   </div>
   <div class='ocr_carea' id='block_1_60' title="bbox 2151 2875 3730 2955">
    <p class='ocr_par' dir='ltr' id='par_1_60' title="bbox 2151 2875 3730 2955">
     <span class='ocr_line' id='line_1_60' title="bbox 2151 2875 3730 2955; baseline -0.003 -18"><span class='ocrx_word' id='word_1_414' title='bbox 2151 2881 2366 2955; x_wconf 79' lang='grc' dir='ltr'>πληγάς</span> <span class='ocrx_word' id='word_1_415' title='bbox 2386 2882 2493 2937; x_wconf 84' lang='grc' dir='ltr'>τῶν</span> <span class='ocrx_word' id='word_1_416' title='bbox 2521 2882 2830 2936; x_wconf 84' lang='grc' dir='ltr'>ἀντιπάλων</span> <span class='ocrx_word' id='word_1_417' title='bbox 2854 2881 3028 2935; x_wconf 74' lang='grc' dir='ltr'>ἐλπίδι</span> <span class='ocrx_word' id='word_1_418' title='bbox 3060 2882 3159 2953; x_wconf 84' lang='grc' dir='ltr'>τῆς</span> <span class='ocrx_word' id='word_1_419' title='bbox 3179 2879 3337 2951; x_wconf 80' lang='grc' dir='ltr'>δόξης</span> <span class='ocrx_word' id='word_1_420' title='bbox 3365 2878 3465 2951; x_wconf 82' lang='grc' dir='ltr'>τῆς</span> <span class='ocrx_word' id='word_1_421' title='bbox 3489 2878 3596 2933; x_wconf 85' lang='grc' dir='ltr'><strong>ἀπὸ</strong></span> <span class='ocrx_word' id='word_1_422' title='bbox 3623 2875 3730 2932; x_wconf 84' lang='grc' dir='ltr'><strong>τῶν</strong></span> 
     </span>
    </p>
   </div>
   <div class='ocr_carea' id='block_1_61' title="bbox 2154 2967 3733 3046">
    <p class='ocr_par' dir='ltr' id='par_1_61' title="bbox 2154 2967 3733 3046">
     <span class='ocr_line' id='line_1_61' title="bbox 2154 2967 3733 3046; baseline -0.004 -16"><span class='ocrx_word' id='word_1_423' title='bbox 2154 2976 2451 3046; x_wconf 83' lang='grc' dir='ltr'>στεφάνων.</span> <span class='ocrx_word' id='word_1_424' title='bbox 2472 2975 2585 3029; x_wconf 75' lang='grc' dir='ltr'>Καὶ</span> <span class='ocrx_word' id='word_1_425' title='bbox 2607 2974 2716 3046; x_wconf 78' lang='grc' dir='ltr'><strong>γὰρ</strong></span> <span class='ocrx_word' id='word_1_426' title='bbox 2747 2976 2803 3027; x_wconf 81' lang='grc' dir='ltr'>ὲν</span> <span class='ocrx_word' id='word_1_427' title='bbox 2824 2975 2936 3037; x_wconf 86' lang='grc' dir='ltr'>τοῖς</span> <span class='ocrx_word' id='word_1_428' title='bbox 2959 2973 3244 3044; x_wconf 77' lang='grc' dir='ltr'>γυμνικοῖς</span> <span class='ocrx_word' id='word_1_429' title='bbox 3275 2969 3483 3040; x_wconf 84' lang='grc' dir='ltr'>ἀγῶσιν</span> <span class='ocrx_word' id='word_1_430' title='bbox 3512 2970 3563 3023; x_wconf 80' lang='lat' dir='ltr'><strong>ot</strong></span> <span class='ocrx_word' id='word_1_431' title='bbox 3591 2967 3733 3023; x_wconf 79' lang='grc' dir='ltr'>κατὰ</span> 
     </span>
    </p>
   </div>
   <div class='ocr_carea' id='block_1_62' title="bbox 468 3059 2047 3140">
    <p class='ocr_par' dir='ltr' id='par_1_62' title="bbox 468 3059 2047 3132">
     <span class='ocr_line' id='line_1_62' title="bbox 468 3059 2047 3132; baseline 0 -17"><span class='ocrx_word' id='word_1_432' title='bbox 468 3060 614 3115; x_wconf 90' lang='lat' dir='ltr'><strong>enim</strong></span> <span class='ocrx_word' id='word_1_433' title='bbox 636 3067 908 3132; x_wconf 88' lang='lat' dir='ltr'><strong>quotquot</strong></span> <span class='ocrx_word' id='word_1_434' title='bbox 937 3061 994 3114; x_wconf 90' lang='lat' dir='ltr'><strong>in</strong></span> <span class='ocrx_word' id='word_1_435' title='bbox 1023 3059 1295 3131; x_wconf 83' lang='lat' dir='ltr'><strong>gymnicis</strong></span> <span class='ocrx_word' id='word_1_436' title='bbox 1325 3060 1716 3115; x_wconf 87' lang='lat' dir='ltr'><strong>certaminibus</strong></span> <span class='ocrx_word' id='word_1_437' title='bbox 1736 3069 1863 3116; x_wconf 90' lang='lat' dir='ltr'><strong>sunt</strong></span> <span class='ocrx_word' id='word_1_438' title='bbox 1887 3062 2047 3130; x_wconf 72' lang='lat' dir='ltr'><strong>palae-</strong></span> 
     </span>
    </p>
   </div>
   <div class='ocr_carea' id='block_1_63' title="bbox 2148 3059 3731 3140">
    <p class='ocr_par' dir='ltr' id='par_1_63' title="bbox 2149 3061 3731 3140">
     <span class='ocr_line' id='line_1_63' title="bbox 2149 3061 3731 3140; baseline -0.006 -18"><span class='ocrx_word' id='word_1_439' title='bbox 2149 3067 2247 3132; x_wconf 82' lang='grc' dir='ltr'><strong>τάς</strong></span> <span class='ocrx_word' id='word_1_440' title='bbox 2285 3068 2624 3140; x_wconf 85' lang='grc' dir='ltr'>παλαίστρας</span> <span class='ocrx_word' id='word_1_441' title='bbox 2659 3069 2772 3129; x_wconf 84' lang='grc' dir='ltr'>τοῖς</span> <span class='ocrx_word' id='word_1_442' title='bbox 2814 3065 2994 3129; x_wconf 81' lang='grc' dir='ltr'>πόνοις</span> <span class='ocrx_word' id='word_1_443' title='bbox 3026 3063 3473 3136; x_wconf 84' lang='grc' dir='ltr'>προσεθισθέντες</span> <span class='ocrx_word' id='word_1_444' title='bbox 3523 3061 3634 3134; x_wconf 86' lang='grc'><strong>(78·)</strong></span> <span class='ocrx_word' id='word_1_445' title='bbox 3670 3061 3731 3113; x_wconf 85' lang='grc' dir='ltr'>οὐ</span> 
     </span>
    </p>
   </div>
   <div class='ocr_carea' id='block_1_64' title="bbox 468 3150 2047 3233">
    <p class='ocr_par' dir='ltr' id='par_1_64' title="bbox 468 3150 2047 3213">
     <span class='ocr_line' id='line_1_64' title="bbox 468 3150 2047 3213; baseline -0.001 -6"><span class='ocrx_word' id='word_1_446' title='bbox 468 3152 657 3207; x_wconf 89' lang='lat' dir='ltr'><strong>stricis</strong></span> <span class='ocrx_word' id='word_1_447' title='bbox 704 3151 987 3206; x_wconf 81' lang='lat' dir='ltr'><strong>laboribus</strong></span> <span class='ocrx_word' id='word_1_448' title='bbox 1024 3152 1254 3213; x_wconf 89' lang='lat' dir='ltr'><strong>assueti,</strong></span> <span class='ocrx_word' id='word_1_449' title='bbox 1301 3151 1545 3204; x_wconf 88' lang='lat' dir='ltr'><strong>animum</strong></span> <span class='ocrx_word' id='word_1_450' title='bbox 1593 3165 1703 3205; x_wconf 91' lang='lat' dir='ltr'><strong>non</strong></span> <span class='ocrx_word' id='word_1_451' title='bbox 1753 3150 2047 3205; x_wconf 89' lang='lat' dir='ltr'><strong>demittunt</strong></span> 
     </span>
    </p>
   </div>
   <div class='ocr_carea' id='block_1_65' title="bbox 2148 3150 3732 3233">
    <p class='ocr_par' dir='ltr' id='par_1_65' title="bbox 2152 3154 3732 3233">
     <span class='ocr_line' id='line_1_65' title="bbox 2152 3154 3732 3233; baseline -0.005 -19"><span class='ocrx_word' id='word_1_452' title='bbox 2152 3161 2289 3233; x_wconf 80' lang='grc' dir='ltr'>πρὸς</span> <span class='ocrx_word' id='word_1_453' title='bbox 2332 3160 2394 3214; x_wconf 82' lang='grc' dir='ltr'>τὸ</span> <span class='ocrx_word' id='word_1_454' title='bbox 2447 3158 2691 3228; x_wconf 84' lang='grc' dir='ltr'>ἀλγεινὸν</span> <span class='ocrx_word' id='word_1_455' title='bbox 2752 3157 3129 3210; x_wconf 78' lang='grc' dir='ltr'>συστέλλονται</span> <span class='ocrx_word' id='word_1_456' title='bbox 3184 3156 3284 3226; x_wconf 84' lang='grc' dir='ltr'><strong>τῆς</strong></span> <span class='ocrx_word' id='word_1_457' title='bbox 3327 3155 3542 3226; x_wconf 82' lang='grc' dir='ltr'>πληγῆς</span> <span class='ocrx_word' id='word_1_458' title='bbox 3564 3195 3578 3219; x_wconf 94' lang='grc'><strong>,</strong></span> <span class='ocrx_word' id='word_1_459' title='bbox 3617 3154 3732 3207; x_wconf 76' lang='grc' dir='ltr'>ἀλλ’</span> 
     </span>
    </p>
   </div>
   <div class='ocr_carea' id='block_1_66' title="bbox 469 3243 2050 3317">
    <p class='ocr_par' dir='ltr' id='par_1_66' title="bbox 469 3243 2050 3317">
     <span class='ocr_line' id='line_1_66' title="bbox 469 3243 2050 3317; baseline -0.003 -15"><span class='ocrx_word' id='word_1_460' title='bbox 469 3248 544 3302; x_wconf 92' lang='lat' dir='ltr'><strong>ob</strong></span> <span class='ocrx_word' id='word_1_461' title='bbox 585 3246 757 3317; x_wconf 73' lang='lat' dir='ltr'><strong>plagae</strong></span> <span class='ocrx_word' id='word_1_462' title='bbox 802 3245 1080 3311; x_wconf 90' lang='lat' dir='ltr'><strong>dolorem;</strong></span> <span class='ocrx_word' id='word_1_463' title='bbox 1127 3244 1235 3297; x_wconf 87' lang='lat' dir='ltr'><strong>imo</strong></span> <span class='ocrx_word' id='word_1_464' title='bbox 1278 3259 1411 3298; x_wconf 92' lang='lat' dir='ltr'><strong>vero</strong></span> <span class='ocrx_word' id='word_1_465' title='bbox 1454 3243 1654 3313; x_wconf 88' lang='lat' dir='ltr'><strong>spretis</strong></span> <span class='ocrx_word' id='word_1_466' title='bbox 1687 3244 1758 3297; x_wconf 93' lang='lat' dir='ltr'><strong>ob</strong></span> <span class='ocrx_word' id='word_1_467' title='bbox 1792 3244 2050 3313; x_wconf 72' lang='lat' dir='ltr'><strong>praeconii</strong></span> 
     </span>
    </p>
   </div>
   <div class='ocr_carea' id='block_1_67' title="bbox 471 3333 2054 3405">
    <p class='ocr_par' dir='ltr' id='par_1_67' title="bbox 471 3333 2054 3405">
     <span class='ocr_line' id='line_1_67' title="bbox 471 3333 2054 3405; baseline -0.003 -13"><span class='ocrx_word' id='word_1_468' title='bbox 471 3336 812 3393; x_wconf 88' lang='lat' dir='ltr'><strong>desiderium</strong></span> <span class='ocrx_word' id='word_1_469' title='bbox 842 3335 1126 3391; x_wconf 86' lang='lat' dir='ltr'><strong>laboribus</strong></span> <span class='ocrx_word' id='word_1_470' title='bbox 1152 3333 1539 3405; x_wconf 81' lang='lat' dir='ltr'><strong>praesentibus,</strong></span> <span class='ocrx_word' id='word_1_471' title='bbox 1588 3334 1933 3391; x_wconf 79' lang='lat' dir='ltr'><strong>adversarios</strong></span> <span class='ocrx_word' id='word_1_472' title='bbox 1961 3353 2054 3388; x_wconf 85' lang='lat' dir='ltr'><strong>co-</strong></span> 
     </span>
    </p>
   </div>
   <div class='ocr_carea' id='block_1_68' title="bbox 472 3422 2055 3480">
    <p class='ocr_par' dir='ltr' id='par_1_68' title="bbox 472 3422 2055 3480">
     <span class='ocr_line' id='line_1_68' title="bbox 472 3422 2055 3480; baseline -0.001 0"><span class='ocrx_word' id='word_1_473' title='bbox 472 3426 658 3480; x_wconf 89' lang='lat' dir='ltr'><strong>minus</strong></span> <span class='ocrx_word' id='word_1_474' title='bbox 703 3423 1044 3479; x_wconf 88' lang='lat' dir='ltr'><strong>adoriuntur.</strong></span> <span class='ocrx_word' id='word_1_475' title='bbox 1100 3422 1258 3479; x_wconf 86' lang='lat' dir='ltr'><strong>Hunc</strong></span> <span class='ocrx_word' id='word_1_476' title='bbox 1301 3423 1369 3478; x_wconf 87' lang='lat' dir='ltr'><strong>ad</strong></span> <span class='ocrx_word' id='word_1_477' title='bbox 1410 3424 1634 3478; x_wconf 89' lang='lat' dir='ltr'><strong>modum</strong></span> <span class='ocrx_word' id='word_1_478' title='bbox 1675 3423 1893 3480; x_wconf 86' lang='lat' dir='ltr'><strong>etiamsi</strong></span> <span class='ocrx_word' id='word_1_479' title='bbox 1934 3426 2055 3480; x_wconf 88' lang='lat' dir='ltr'><strong>viro</strong></span> 
     </span>
    </p>
   </div>
   <div class='ocr_carea' id='block_1_69' title="bbox 472 3516 2057 3589">
    <p class='ocr_par' dir='ltr' id='par_1_69' title="bbox 472 3516 2057 3589">
     <span class='ocr_line' id='line_1_69' title="bbox 472 3516 2057 3589; baseline -0.001 -16"><span class='ocrx_word' id='word_1_480' title='bbox 472 3518 697 3575; x_wconf 89' lang='lat' dir='ltr'><strong>virtutis</strong></span> <span class='ocrx_word' id='word_1_481' title='bbox 718 3518 965 3574; x_wconf 89' lang='lat' dir='ltr'><strong>studioso</strong></span> <span class='ocrx_word' id='word_1_482' title='bbox 987 3516 1203 3572; x_wconf 88' lang='lat' dir='ltr'><strong>accidat</strong></span> <span class='ocrx_word' id='word_1_483' title='bbox 1227 3517 1358 3585; x_wconf 90' lang='lat' dir='ltr'><strong>quid</strong></span> <span class='ocrx_word' id='word_1_484' title='bbox 1391 3518 1594 3587; x_wconf 91' lang='lat' dir='ltr'><strong>asperi,</strong></span> <span class='ocrx_word' id='word_1_485' title='bbox 1638 3516 1894 3572; x_wconf 88' lang='lat' dir='ltr'><strong>tenebras</strong></span> <span class='ocrx_word' id='word_1_486' title='bbox 1922 3533 2057 3589; x_wconf 85' lang='lat' dir='ltr'><strong>gau-</strong></span> 
     </span>
    </p>
   </div>
   <div class='ocr_carea' id='block_1_70' title="bbox 474 3596 2057 3679">
    <p class='ocr_par' dir='ltr' id='par_1_70' title="bbox 474 3596 2057 3679">
     <span class='ocr_line' id='line_1_70' title="bbox 474 3596 2057 3679; baseline -0.001 -14"><span class='ocrx_word' id='word_1_487' title='bbox 474 3611 566 3666; x_wconf 84' lang='lat' dir='ltr'><strong>dio</strong></span> <span class='ocrx_word' id='word_1_488' title='bbox 590 3625 701 3665; x_wconf 89' lang='lat' dir='ltr'><strong>non</strong></span> <span class='ocrx_word' id='word_1_489' title='bbox 735 3596 996 3664; x_wconf 85' lang='lat' dir='ltr'><strong>obducet.</strong></span> <span class='ocrx_word' id='word_1_490' title='bbox 1030 3602 1168 3663; x_wconf 82' lang='lat' dir='ltr'><strong>Nam</strong></span> <span class='ocrx_word' id='word_1_491' title='bbox 1195 3608 1493 3663; x_wconf 80' lang='lat' dir='ltr'><strong>Tribulatio</strong></span> <span class='ocrx_word' id='word_1_492' title='bbox 1525 3609 1835 3678; x_wconf 77' lang='lat' dir='ltr'><strong>patientiam</strong></span> <span class='ocrx_word' id='word_1_493' title='bbox 1867 3626 2057 3679; x_wconf 89' lang='lat' dir='ltr'><strong>opera-</strong></span> 
     </span>
    </p>
   </div>
   <div class='ocr_carea' id='block_1_71' title="bbox 477 3700 2056 3771">
    <p class='ocr_par' dir='ltr' id='par_1_71' title="bbox 477 3700 2056 3771">
     <span class='ocr_line' id='line_1_71' title="bbox 477 3700 2056 3771; baseline -0.002 -15"><span class='ocrx_word' id='word_1_494' title='bbox 477 3711 584 3766; x_wconf 83' lang='lat' dir='ltr'><strong>tur,</strong></span> <span class='ocrx_word' id='word_1_495' title='bbox 608 3702 864 3771; x_wconf 79' lang='lat' dir='ltr'><strong>patientia</strong></span> <span class='ocrx_word' id='word_1_496' title='bbox 897 3710 1068 3755; x_wconf 77' lang='lat' dir='ltr'><strong>autem</strong></span> <span class='ocrx_word' id='word_1_497' title='bbox 1103 3700 1483 3769; x_wconf 78' lang='lat' dir='ltr'><strong>probationem,</strong></span> <span class='ocrx_word' id='word_1_498' title='bbox 1502 3701 1743 3770; x_wconf 83' lang='lat' dir='ltr'><strong>probatio</strong></span> <span class='ocrx_word' id='word_1_499' title='bbox 1759 3717 1876 3756; x_wconf 83' lang='lat' dir='ltr'><strong>vero</strong></span> <span class='ocrx_word' id='word_1_500' title='bbox 1893 3717 2056 3770; x_wconf 77' lang='lat' dir='ltr'><strong>spem,</strong></span> 
     </span>
    </p>
   </div>
   <div class='ocr_carea' id='block_1_72' title="bbox 476 3790 2058 3864">
    <p class='ocr_par' dir='ltr' id='par_1_72' title="bbox 476 3790 2058 3864">
     <span class='ocr_line' id='line_1_72' title="bbox 476 3790 2058 3864; baseline -0.001 -16"><span class='ocrx_word' id='word_1_501' title='bbox 476 3810 594 3863; x_wconf 77' lang='lat' dir='ltr'><strong>spes</strong></span> <span class='ocrx_word' id='word_1_502' title='bbox 631 3803 808 3849; x_wconf 85' lang='lat' dir='ltr'><strong>autem</strong></span> <span class='ocrx_word' id='word_1_503' title='bbox 841 3810 947 3847; x_wconf 86' lang='lat' dir='ltr'><strong>non</strong></span> <span class='ocrx_word' id='word_1_504' title='bbox 987 3791 1264 3862; x_wconf 83' lang='lat' dir='ltr'><strong>confundit</strong></span> <span class='ocrx_word' id='word_1_505' title='bbox 1285 3794 1352 3845; x_wconf 71' lang='lat'><strong>&#39;7.</strong></span> <span class='ocrx_word' id='word_1_506' title='bbox 1377 3790 1734 3864; x_wconf 64' lang='lat' dir='ltr'><strong>Quapropter&quot;</strong></span> <span class='ocrx_word' id='word_1_507' title='bbox 1762 3801 1817 3849; x_wconf 91' lang='lat' dir='ltr'><strong>et</strong></span> <span class='ocrx_word' id='word_1_508' title='bbox 1853 3794 1959 3847; x_wconf 90' lang='lat' dir='ltr'><strong>alio</strong></span> <span class='ocrx_word' id='word_1_509' title='bbox 2002 3796 2058 3848; x_wconf 90' lang='lat' dir='ltr'><strong>in</strong></span> 
     </span>
    </p>
   </div>
   <div class='ocr_carea' id='block_1_73' title="bbox 478 3885 2060 3956">
    <p class='ocr_par' dir='ltr' id='par_1_73' title="bbox 478 3885 2060 3956">
     <span class='ocr_line' id='line_1_73' title="bbox 478 3885 2060 3956; baseline -0.002 -16"><span class='ocrx_word' id='word_1_510' title='bbox 478 3887 601 3941; x_wconf 89' lang='lat' dir='ltr'><strong>loco</strong></span> <span class='ocrx_word' id='word_1_511' title='bbox 632 3886 701 3941; x_wconf 89' lang='lat' dir='ltr'><strong>ab</strong></span> <span class='ocrx_word' id='word_1_512' title='bbox 733 3886 922 3941; x_wconf 89' lang='lat' dir='ltr'><strong>eodem</strong></span> <span class='ocrx_word' id='word_1_513' title='bbox 955 3885 1214 3956; x_wconf 74' lang='lat' dir='ltr'><strong>iubemur</strong></span> <span class='ocrx_word' id='word_1_514' title='bbox 1247 3887 1520 3956; x_wconf 83' lang='lat' dir='ltr'><strong>patientes</strong></span> <span class='ocrx_word' id='word_1_515' title='bbox 1565 3901 1691 3942; x_wconf 89' lang='lat' dir='ltr'><strong>esse</strong></span> <span class='ocrx_word' id='word_1_516' title='bbox 1731 3885 1785 3939; x_wconf 92' lang='lat' dir='ltr'><strong>in</strong></span> <span class='ocrx_word' id='word_1_517' title='bbox 1830 3886 2060 3939; x_wconf 88' lang='lat' dir='ltr'><strong>tribula-</strong></span> 
     </span>
    </p>
   </div>
   <div class='ocr_carea' id='block_1_74' title="bbox 479 3973 2062 4046">
    <p class='ocr_par' dir='ltr' id='par_1_74' title="bbox 479 3973 2062 4046">
     <span class='ocr_line' id='line_1_74' title="bbox 479 3973 2062 4046; baseline -0.001 -15"><span class='ocrx_word' id='word_1_518' title='bbox 479 3977 652 4042; x_wconf 89' lang='lat' dir='ltr'><strong>tione,</strong></span> <span class='ocrx_word' id='word_1_519' title='bbox 679 3983 735 4031; x_wconf 93' lang='lat' dir='ltr'><strong>et</strong></span> <span class='ocrx_word' id='word_1_520' title='bbox 782 3990 879 4046; x_wconf 90' lang='lat' dir='ltr'><strong>spe</strong></span> <span class='ocrx_word' id='word_1_521' title='bbox 910 3975 1149 4045; x_wconf 80' lang='lat' dir='ltr'><strong>gaudere</strong></span> <span class='ocrx_word' id='word_1_522' title='bbox 1165 3975 1231 4030; x_wconf 78' lang='lat'><strong>&quot;.</strong></span> <span class='ocrx_word' id='word_1_523' title='bbox 1265 3973 1403 4045; x_wconf 88' lang='lat' dir='ltr'><strong>Spes</strong></span> <span class='ocrx_word' id='word_1_524' title='bbox 1434 3974 1620 4044; x_wconf 89' lang='lat' dir='ltr'><strong>itaque</strong></span> <span class='ocrx_word' id='word_1_525' title='bbox 1660 3986 1744 4029; x_wconf 89' lang='lat' dir='ltr'><strong>est</strong></span> <span class='ocrx_word' id='word_1_526' title='bbox 1779 3991 1901 4046; x_wconf 74' lang='lat' dir='ltr'><strong>quae</strong></span> <span class='ocrx_word' id='word_1_527' title='bbox 1948 3975 2062 4031; x_wconf 83' lang='lat' dir='ltr'><strong>elli-</strong></span> 
     </span>
    </p>
   </div>
   <div class='ocr_carea' id='block_1_75' title="bbox 479 4063 2058 4137">
    <p class='ocr_par' dir='ltr' id='par_1_75' title="bbox 479 4063 2058 4137">
     <span class='ocr_line' id='line_1_75' title="bbox 479 4063 2058 4137; baseline 0 -13"><span class='ocrx_word' id='word_1_528' title='bbox 479 4069 575 4133; x_wconf 87' lang='lat' dir='ltr'><strong>cit,</strong></span> <span class='ocrx_word' id='word_1_529' title='bbox 628 4077 688 4122; x_wconf 93' lang='lat' dir='ltr'><strong>ut</strong></span> <span class='ocrx_word' id='word_1_530' title='bbox 714 4066 973 4137; x_wconf 77' lang='lat' dir='ltr'><strong>gaudium</strong></span> <span class='ocrx_word' id='word_1_531' title='bbox 1005 4069 1188 4123; x_wconf 89' lang='lat' dir='ltr'><strong>animo</strong></span> <span class='ocrx_word' id='word_1_532' title='bbox 1217 4067 1320 4120; x_wconf 88' lang='lat' dir='ltr'><strong>viri</strong></span> <span class='ocrx_word' id='word_1_533' title='bbox 1360 4063 1515 4136; x_wconf 75' lang='lat' dir='ltr'><strong>probi</strong></span> <span class='ocrx_word' id='word_1_534' title='bbox 1547 4067 1618 4121; x_wconf 77' lang='lat' dir='ltr'><strong>sit</strong></span> <span class='ocrx_word' id='word_1_535' title='bbox 1648 4067 2058 4124; x_wconf 85' lang='lat' dir='ltr'><strong>contubernale.</strong></span> 
     </span>
    </p>
   </div>
   <div class='ocr_carea' id='block_1_76' title="bbox 2152 3246 3736 3325">
    <p class='ocr_par' dir='ltr' id='par_1_76' title="bbox 2152 3246 3736 3325">
     <span class='ocr_line' id='line_1_76' title="bbox 2152 3246 3736 3325; baseline -0.006 -17"><span class='ocrx_word' id='word_1_536' title='bbox 2152 3254 2316 3325; x_wconf 78' lang='grc' dir='ltr'>ὁμόσε</span> <span class='ocrx_word' id='word_1_537' title='bbox 2332 3251 2569 3324; x_wconf 88' lang='grc' dir='ltr'>χωροῦσι</span> <span class='ocrx_word' id='word_1_538' title='bbox 2591 3251 2705 3313; x_wconf 86' lang='grc' dir='ltr'>τοῖς</span> <span class='ocrx_word' id='word_1_539' title='bbox 2732 3248 3048 3312; x_wconf 83' lang='grc' dir='ltr'>ἀντιπάλοις</span> <span class='ocrx_word' id='word_1_540' title='bbox 3072 3246 3337 3318; x_wconf 77' lang='grc' dir='ltr'>ἐπιθυμίᾳ</span> <span class='ocrx_word' id='word_1_541' title='bbox 3360 3247 3467 3317; x_wconf 84' lang='grc' dir='ltr'>τῆς</span> <span class='ocrx_word' id='word_1_542' title='bbox 3495 3246 3736 3318; x_wconf 73' lang='grc' dir='ltr'>ἀναρρή-</span> 
     </span>
    </p>
   </div>
   <div class='ocr_carea' id='block_1_77' title="bbox 2156 3336 3737 3414">
    <p class='ocr_par' dir='ltr' id='par_1_77' title="bbox 2156 3336 3737 3414">
     <span class='ocr_line' id='line_1_77' title="bbox 2156 3336 3737 3414; baseline -0.006 -16"><span class='ocrx_word' id='word_1_543' title='bbox 2156 3363 2312 3409; x_wconf 82' lang='grc' dir='ltr'>σεως,</span> <span class='ocrx_word' id='word_1_544' title='bbox 2351 3344 2459 3398; x_wconf 86' lang='grc' dir='ltr'><strong>τῶν</strong></span> <span class='ocrx_word' id='word_1_545' title='bbox 2500 3341 2817 3414; x_wconf 85' lang='grc' dir='ltr'>παραυτίκα</span> <span class='ocrx_word' id='word_1_546' title='bbox 2858 3340 3036 3395; x_wconf 87' lang='grc' dir='ltr'>πόνων</span> <span class='ocrx_word' id='word_1_547' title='bbox 3062 3337 3455 3411; x_wconf 82' lang='grc' dir='ltr'>ὑπερορῶντες.</span> <span class='ocrx_word' id='word_1_548' title='bbox 3486 3336 3642 3390; x_wconf 74' lang='grc' dir='ltr'>Οὕτω</span> <span class='ocrx_word' id='word_1_549' title='bbox 3659 3336 3737 3407; x_wconf 85' lang='grc' dir='ltr'>τῷ</span> 
     </span>
    </p>
   </div>
   <div class='ocr_carea' id='block_1_78' title="bbox 2157 3431 3737 3506">
    <p class='ocr_par' dir='ltr' id='par_1_78' title="bbox 2157 3431 3737 3506">
     <span class='ocr_line' id='line_1_78' title="bbox 2157 3431 3737 3506; baseline -0.006 -16"><span class='ocrx_word' id='word_1_550' title='bbox 2157 3436 2426 3506; x_wconf 84' lang='grc' dir='ltr'>σπουδαίῳ</span> <span class='ocrx_word' id='word_1_551' title='bbox 2449 3434 2550 3488; x_wconf 76' lang='grc' dir='ltr'><strong>κᾶν</strong></span> <span class='ocrx_word' id='word_1_552' title='bbox 2577 3435 2724 3506; x_wconf 86' lang='grc' dir='ltr'>παρῇ</span> <span class='ocrx_word' id='word_1_553' title='bbox 2753 3451 2806 3485; x_wconf 89' lang='grc' dir='ltr'><strong>τι</strong></span> <span class='ocrx_word' id='word_1_554' title='bbox 2832 3431 2939 3486; x_wconf 85' lang='grc' dir='ltr'><strong>τῶν</strong></span> <span class='ocrx_word' id='word_1_555' title='bbox 2972 3431 3338 3503; x_wconf 84' lang='grc' dir='ltr'>τραχυτέρων,</span> <span class='ocrx_word' id='word_1_556' title='bbox 3369 3432 3470 3483; x_wconf 82' lang='grc' dir='ltr'><strong>οὐκ</strong></span> <span class='ocrx_word' id='word_1_557' title='bbox 3514 3431 3737 3482; x_wconf 77' lang='grc' dir='ltr'>ἐπισκο-</span> 
     </span>
    </p>
   </div>
   <div class='ocr_carea' id='block_1_79' title="bbox 2155 3519 3740 3599">
    <p class='ocr_par' dir='ltr' id='par_1_79' title="bbox 2155 3519 3740 3599">
     <span class='ocr_line' id='line_1_79' title="bbox 2155 3519 3740 3599; baseline -0.006 -17"><span class='ocrx_word' id='word_1_558' title='bbox 2155 3530 2308 3599; x_wconf 88' lang='grc' dir='ltr'>τήσει</span> <span class='ocrx_word' id='word_1_559' title='bbox 2345 3527 2456 3599; x_wconf 85' lang='grc'><strong>(79)</strong></span> <span class='ocrx_word' id='word_1_560' title='bbox 2506 3525 2583 3597; x_wconf 84' lang='grc' dir='ltr'>τῷ</span> <span class='ocrx_word' id='word_1_561' title='bbox 2639 3525 2867 3596; x_wconf 87' lang='grc' dir='ltr'>χαίρειν.</span> <span class='ocrx_word' id='word_1_562' title='bbox 2904 3522 3047 3576; x_wconf 83' lang='grc' dir='ltr'>Διότι</span> <span class='ocrx_word' id='word_1_563' title='bbox 3082 3524 3145 3578; x_wconf 85' lang='grc' dir='ltr'><strong><em>Ἡ</em></strong></span> <span class='ocrx_word' id='word_1_564' title='bbox 3180 3521 3386 3591; x_wconf 69' lang='grc' dir='ltr'>Ολῖψις</span> <span class='ocrx_word' id='word_1_565' title='bbox 3424 3519 3740 3590; x_wconf 78' lang='grc' dir='ltr'>ὑπομονὴν</span> 
     </span>
    </p>
   </div>
   <div class='ocr_carea' id='block_1_80' title="bbox 2158 3609 3743 3690">
    <p class='ocr_par' dir='ltr' id='par_1_80' title="bbox 2158 3609 3743 3690">
     <span class='ocr_line' id='line_1_80' title="bbox 2158 3609 3743 3690; baseline -0.008 -15"><span class='ocrx_word' id='word_1_566' title='bbox 2158 3619 2563 3690; x_wconf 53' lang='grc' dir='ltr'>κατεργάζεται</span> <span class='ocrx_word' id='word_1_567' title='bbox 2583 3638 2596 3650; x_wconf 75' lang='grc' dir='ltr'><strong>ο</strong></span> <span class='ocrx_word' id='word_1_568' title='bbox 2627 3619 2667 3687; x_wconf 74' lang='grc' dir='ltr'>ἡ</span> <span class='ocrx_word' id='word_1_569' title='bbox 2723 3616 2791 3671; x_wconf 82' lang='grc' dir='ltr'>δὲ</span> <span class='ocrx_word' id='word_1_570' title='bbox 2842 3613 3118 3685; x_wconf 77' lang='grc' dir='ltr'>ὑπομονὴ</span> <span class='ocrx_word' id='word_1_571' title='bbox 3153 3612 3408 3682; x_wconf 77' lang='grc' dir='ltr'>δοκιμήν</span> <span class='ocrx_word' id='word_1_572' title='bbox 3434 3629 3445 3641; x_wconf 92' lang='grc'>·</span> <span class='ocrx_word' id='word_1_573' title='bbox 3488 3612 3527 3679; x_wconf 77' lang='grc' dir='ltr'>ἡ</span> <span class='ocrx_word' id='word_1_574' title='bbox 3558 3609 3625 3663; x_wconf 84' lang='grc' dir='ltr'>δὲ</span> <span class='ocrx_word' id='word_1_575' title='bbox 3650 3609 3743 3663; x_wconf 84' lang='grc' dir='ltr'>δο-</span> 
     </span>
    </p>
   </div>
   <div class='ocr_carea' id='block_1_81' title="bbox 2159 3700 3741 3780">
    <p class='ocr_par' dir='ltr' id='par_1_81' title="bbox 2159 3700 3741 3780">
     <span class='ocr_line' id='line_1_81' title="bbox 2159 3700 3741 3780; baseline -0.008 -15"><span class='ocrx_word' id='word_1_576' title='bbox 2159 3710 2299 3780; x_wconf 76' lang='grc' dir='ltr'>κιμὴ</span> <span class='ocrx_word' id='word_1_577' title='bbox 2326 3710 2574 3764; x_wconf 76' lang='grc' dir='ltr'>ἐλπίδαο</span> <span class='ocrx_word' id='word_1_578' title='bbox 2610 3710 2649 3778; x_wconf 72' lang='grc' dir='ltr'>ἡ</span> <span class='ocrx_word' id='word_1_579' title='bbox 2677 3707 2745 3762; x_wconf 85' lang='grc' dir='ltr'>δὲ</span> <span class='ocrx_word' id='word_1_580' title='bbox 2775 3706 2953 3773; x_wconf 77' lang='grc' dir='ltr'>ἐλπὶς</span> <span class='ocrx_word' id='word_1_581' title='bbox 2980 3707 3051 3759; x_wconf 83' lang='grc' dir='ltr'><strong>οὐ</strong></span> <span class='ocrx_word' id='word_1_582' title='bbox 3087 3704 3495 3771; x_wconf 77' lang='grc' dir='ltr'>καταισχύνει.</span> <span class='ocrx_word' id='word_1_583' title='bbox 3536 3700 3625 3753; x_wconf 83' lang='grc' dir='ltr'><strong>Διὺ</strong></span> <span class='ocrx_word' id='word_1_584' title='bbox 3646 3701 3741 3753; x_wconf 72' lang='grc' dir='ltr'><strong>καὶ</strong></span> 
     </span>
    </p>
   </div>
   <div class='ocr_carea' id='block_1_82' title="bbox 2160 3792 3741 3875">
    <p class='ocr_par' dir='ltr' id='par_1_82' title="bbox 2160 3792 3741 3875">
     <span class='ocr_line' id='line_1_82' title="bbox 2160 3792 3741 3875; baseline -0.008 -18"><span class='ocrx_word' id='word_1_585' title='bbox 2160 3802 2385 3875; x_wconf 79' lang='grc' dir='ltr'>ἑτέρωθι</span> <span class='ocrx_word' id='word_1_586' title='bbox 2413 3805 2479 3874; x_wconf 86' lang='grc' dir='ltr'>τῇ</span> <span class='ocrx_word' id='word_1_587' title='bbox 2527 3801 2700 3871; x_wconf 80' lang='grc' dir='ltr'>θλίψει</span> <span class='ocrx_word' id='word_1_588' title='bbox 2746 3798 3056 3869; x_wconf 81' lang='grc' dir='ltr'>ὑπομένειν,</span> <span class='ocrx_word' id='word_1_589' title='bbox 3099 3796 3195 3849; x_wconf 72' lang='grc' dir='ltr'><strong>καὶ</strong></span> <span class='ocrx_word' id='word_1_590' title='bbox 3222 3799 3288 3867; x_wconf 82' lang='grc' dir='ltr'>τῇ</span> <span class='ocrx_word' id='word_1_591' title='bbox 3329 3794 3502 3847; x_wconf 79' lang='grc' dir='ltr'>ἐλπίδι</span> <span class='ocrx_word' id='word_1_592' title='bbox 3531 3792 3741 3863; x_wconf 87' lang='grc' dir='ltr'>χαίρειν</span> 
     </span>
    </p>
   </div>
   <div class='ocr_carea' id='block_1_83' title="bbox 2163 3880 3738 3967">
    <p class='ocr_par' dir='ltr' id='par_1_83' title="bbox 2163 3880 3738 3967">
     <span class='ocr_line' id='line_1_83' title="bbox 2163 3880 3738 3967; baseline -0.009 -19"><span class='ocrx_word' id='word_1_593' title='bbox 2163 3894 2313 3967; x_wconf 87' lang='grc' dir='ltr'><strong>παρά</strong></span> <span class='ocrx_word' id='word_1_594' title='bbox 2356 3891 2452 3946; x_wconf 84' lang='grc' dir='ltr'>τοῦ</span> <span class='ocrx_word' id='word_1_595' title='bbox 2506 3891 2672 3946; x_wconf 76' lang='grc' dir='ltr'>αὐτοῦ</span> <span class='ocrx_word' id='word_1_596' title='bbox 2700 3887 3172 3963; x_wconf 84' lang='grc' dir='ltr'>προσετάχθημεν.</span> <span class='ocrx_word' id='word_1_597' title='bbox 3209 3886 3394 3948; x_wconf 76' lang='grc' dir='ltr'>Ἐλπὶς</span> <span class='ocrx_word' id='word_1_598' title='bbox 3423 3880 3516 3937; x_wconf 80' lang='grc' dir='ltr'><strong>οὗν</strong></span> <span class='ocrx_word' id='word_1_599' title='bbox 3539 3887 3683 3937; x_wconf 79' lang='grc' dir='ltr'>ἐστιν</span> <span class='ocrx_word' id='word_1_600' title='bbox 3704 3884 3738 3953; x_wconf 81' lang='grc' dir='ltr'><strong>ἡ</strong></span> 
     </span>
    </p>
   </div>
   <div class='ocr_carea' id='block_1_84' title="bbox 2160 3972 3744 4056">
    <p class='ocr_par' dir='ltr' id='par_1_84' title="bbox 2160 3972 3744 4056">
     <span class='ocr_line' id='line_1_84' title="bbox 2160 3972 3744 4056; baseline -0.008 -18"><span class='ocrx_word' id='word_1_601' title='bbox 2160 3984 2258 4056; x_wconf 85' lang='grc' dir='ltr'>τὴν</span> <span class='ocrx_word' id='word_1_602' title='bbox 2280 3981 2455 4054; x_wconf 73' lang='grc' dir='ltr'>χαρὰν</span> <span class='ocrx_word' id='word_1_603' title='bbox 2473 3979 2717 4033; x_wconf 84' lang='grc' dir='ltr'>σύνοικον</span> <span class='ocrx_word' id='word_1_604' title='bbox 2728 3980 2794 4049; x_wconf 74' lang='grc' dir='ltr'>τῇ</span> <span class='ocrx_word' id='word_1_605' title='bbox 2810 3977 2954 4047; x_wconf 80' lang='grc' dir='ltr'>ψυχῇ</span> <span class='ocrx_word' id='word_1_606' title='bbox 2973 3975 3064 4028; x_wconf 84' lang='grc' dir='ltr'>τοῦ</span> <span class='ocrx_word' id='word_1_607' title='bbox 3086 3974 3373 4028; x_wconf 86' lang='grc' dir='ltr'>σπουδαίου</span> <span class='ocrx_word' id='word_1_608' title='bbox 3394 3990 3471 4026; x_wconf 85' lang='grc' dir='ltr'><strong>πα</strong></span> <span class='ocrx_word' id='word_1_609' title='bbox 3480 3972 3744 4043; x_wconf 77' lang='grc' dir='ltr'>ρασκευά-</span> 
     </span>
    </p>
   </div>
   <div class='ocr_carea' id='block_1_85' title="bbox 2163 4062 3741 4138">
    <p class='ocr_par' dir='ltr' id='par_1_85' title="bbox 2163 4062 3741 4138">
     <span class='ocr_line' id='line_1_85' title="bbox 2163 4062 3741 4138; baseline -0.008 -10"><span class='ocrx_word' id='word_1_610' title='bbox 2163 4074 2349 4138; x_wconf 81' lang='grc' dir='ltr'>ζουσα.</span> <span class='ocrx_word' id='word_1_611' title='bbox 2404 4071 2543 4124; x_wconf 76' lang='grc' dir='ltr'>Ἀλλ’</span> <span class='ocrx_word' id='word_1_612' title='bbox 2572 4073 2601 4123; x_wconf 85' lang='grc' dir='ltr'><strong>ὁ</strong></span> <span class='ocrx_word' id='word_1_613' title='bbox 2640 4069 2803 4131; x_wconf 80' lang='grc' dir='ltr'>αὐτὸς</span> <span class='ocrx_word' id='word_1_614' title='bbox 2840 4066 3160 4129; x_wconf 84' lang='grc' dir='ltr'>Ἀπόστολος</span> <span class='ocrx_word' id='word_1_615' title='bbox 3185 4065 3277 4119; x_wconf 73' lang='grc' dir='ltr'>καὶ</span> <span class='ocrx_word' id='word_1_616' title='bbox 3311 4064 3517 4118; x_wconf 87' lang='grc' dir='ltr'>κλαίειν</span> <span class='ocrx_word' id='word_1_617' title='bbox 3546 4062 3741 4135; x_wconf 79' lang='grc' dir='ltr'>χρῆναι</span> 
     </span>
    </p>
   </div>
   <div class='ocr_carea' id='block_1_86' title="bbox 480 4148 2047 4237">
    <p class='ocr_par' dir='ltr' id='par_1_86' title="bbox 480 4157 2047 4228">
     <span class='ocr_line' id='line_1_86' title="bbox 480 4157 2047 4228; baseline 0.001 -15"><span class='ocrx_word' id='word_1_618' title='bbox 480 4159 629 4226; x_wconf 83' lang='lat' dir='ltr'><strong>Quin</strong></span> <span class='ocrx_word' id='word_1_619' title='bbox 662 4166 717 4213; x_wconf 89' lang='lat' dir='ltr'><strong>et</strong></span> <span class='ocrx_word' id='word_1_620' title='bbox 740 4158 882 4213; x_wconf 86' lang='lat' dir='ltr'><strong>idem</strong></span> <span class='ocrx_word' id='word_1_621' title='bbox 920 4158 1220 4228; x_wconf 85' lang='lat' dir='ltr'><strong>Apostolus</strong></span> <span class='ocrx_word' id='word_1_622' title='bbox 1245 4158 1402 4227; x_wconf 86' lang='lat' dir='ltr'><strong>jubet</strong></span> <span class='ocrx_word' id='word_1_623' title='bbox 1430 4158 1592 4212; x_wconf 89' lang='lat' dir='ltr'><strong>etiam</strong></span> <span class='ocrx_word' id='word_1_624' title='bbox 1630 4157 1760 4213; x_wconf 84' lang='lat' dir='ltr'><strong>ﬂere</strong></span> <span class='ocrx_word' id='word_1_625' title='bbox 1807 4174 1910 4215; x_wconf 92' lang='lat' dir='ltr'><strong>nos</strong></span> <span class='ocrx_word' id='word_1_626' title='bbox 1937 4175 2047 4215; x_wconf 75' lang='lat' dir='ltr'><strong>cun</strong></span> 
     </span>
    </p>
   </div>
   <div class='ocr_carea' id='block_1_87' title="bbox 2148 4148 3744 4237">
    <p class='ocr_par' dir='ltr' id='par_1_87' title="bbox 2163 4148 3744 4237">
     <span class='ocr_line' id='line_1_87' title="bbox 2163 4148 3744 4237; baseline -0.011 -18"><span class='ocrx_word' id='word_1_627' title='bbox 2163 4166 2310 4237; x_wconf 77' lang='grc' dir='ltr'>ἡμᾶς</span> <span class='ocrx_word' id='word_1_628' title='bbox 2329 4161 2657 4234; x_wconf 85' lang='grc' dir='ltr'>προστάσσει</span> <span class='ocrx_word' id='word_1_629' title='bbox 2684 4155 2820 4228; x_wconf 87' lang='grc' dir='ltr'><strong>μετά</strong></span> <span class='ocrx_word' id='word_1_630' title='bbox 2843 4154 3137 4209; x_wconf 87' lang='grc' dir='ltr'>κλαιόντων</span> <span class='ocrx_word' id='word_1_631' title='bbox 3159 4169 3172 4182; x_wconf 90' lang='grc'><strong>·</strong></span> <span class='ocrx_word' id='word_1_632' title='bbox 3205 4153 3301 4206; x_wconf 73' lang='grc' dir='ltr'><strong>καὶ</strong></span> <span class='ocrx_word' id='word_1_633' title='bbox 3326 4150 3593 4213; x_wconf 83' lang='grc' dir='ltr'>Γαλάταις</span> <span class='ocrx_word' id='word_1_634' title='bbox 3609 4148 3744 4220; x_wconf 89' lang='grc' dir='ltr'>γρά-</span> 
     </span>
    </p>
   </div>
   <div class='ocr_carea' id='block_1_88' title="bbox 482 4240 2047 4327">
    <p class='ocr_par' dir='ltr' id='par_1_88' title="bbox 482 4248 2047 4323">
     <span class='ocr_line' id='line_1_88' title="bbox 482 4248 2047 4323; baseline -0.001 -14"><span class='ocrx_word' id='word_1_635' title='bbox 482 4252 744 4309; x_wconf 83' lang='lat' dir='ltr'><strong>ﬂentibus</strong></span> <span class='ocrx_word' id='word_1_636' title='bbox 760 4252 837 4317; x_wconf 82' lang='lat'><strong>”;</strong></span> <span class='ocrx_word' id='word_1_637' title='bbox 867 4267 1064 4306; x_wconf 89' lang='lat' dir='ltr'><strong>rursus</strong></span> <span class='ocrx_word' id='word_1_638' title='bbox 1093 4251 1161 4306; x_wconf 87' lang='lat' dir='ltr'><strong>ad</strong></span> <span class='ocrx_word' id='word_1_639' title='bbox 1207 4250 1432 4305; x_wconf 85' lang='lat' dir='ltr'><strong>Galatas</strong></span> <span class='ocrx_word' id='word_1_640' title='bbox 1470 4248 1895 4323; x_wconf 79' lang='lat' dir='ltr'><strong>[Philippenses]</strong></span> <span class='ocrx_word' id='word_1_641' title='bbox 1927 4253 2047 4307; x_wconf 89' lang='lat' dir='ltr'><strong>scri-</strong></span> 
     </span>
    </p>
   </div>
   <div class='ocr_carea' id='block_1_89' title="bbox 2148 4240 3746 4327">
    <p class='ocr_par' dir='ltr' id='par_1_89' title="bbox 2166 4240 3746 4327">
     <span class='ocr_line' id='line_1_89' title="bbox 2166 4240 3746 4327; baseline -0.013 -16"><span class='ocrx_word' id='word_1_642' title='bbox 2166 4275 2300 4327; x_wconf 76' lang='grc' dir='ltr'>φων,</span> <span class='ocrx_word' id='word_1_643' title='bbox 2328 4255 2510 4308; x_wconf 75' lang='grc' dir='ltr'>ἔκλαιε</span> <span class='ocrx_word' id='word_1_644' title='bbox 2555 4251 2682 4321; x_wconf 74' lang='grc' dir='ltr'>περὶ</span> <span class='ocrx_word' id='word_1_645' title='bbox 2722 4248 2831 4302; x_wconf 82' lang='grc' dir='ltr'><strong>τῶν</strong></span> <span class='ocrx_word' id='word_1_646' title='bbox 2860 4245 3066 4318; x_wconf 77' lang='grc' dir='ltr'>ἐχθρῶν</span> <span class='ocrx_word' id='word_1_647' title='bbox 3089 4244 3182 4298; x_wconf 84' lang='grc' dir='ltr'>τοῦ</span> <span class='ocrx_word' id='word_1_648' title='bbox 3210 4240 3443 4315; x_wconf 81' lang='grc' dir='ltr'>σταυροῦ</span> <span class='ocrx_word' id='word_1_649' title='bbox 3473 4240 3568 4294; x_wconf 80' lang='grc' dir='ltr'>τοῦ</span> <span class='ocrx_word' id='word_1_650' title='bbox 3613 4241 3746 4310; x_wconf 83' lang='grc' dir='ltr'>Χρι-</span> 
     </span>
    </p>
   </div>
   <div class='ocr_carea' id='block_1_90' title="bbox 482 4330 2047 4413">
    <p class='ocr_par' dir='ltr' id='par_1_90' title="bbox 482 4343 2047 4413">
     <span class='ocr_line' id='line_1_90' title="bbox 482 4343 2047 4413; baseline -0.002 -11"><span class='ocrx_word' id='word_1_651' title='bbox 482 4348 643 4413; x_wconf 81' lang='lat' dir='ltr'><strong>bens,</strong></span> <span class='ocrx_word' id='word_1_652' title='bbox 693 4343 928 4400; x_wconf 84' lang='lat' dir='ltr'><strong>deﬂebat</strong></span> <span class='ocrx_word' id='word_1_653' title='bbox 984 4344 1242 4399; x_wconf 82' lang='lat' dir='ltr'><strong>inimicos</strong></span> <span class='ocrx_word' id='word_1_654' title='bbox 1291 4344 1474 4399; x_wconf 89' lang='lat' dir='ltr'><strong>crucis</strong></span> <span class='ocrx_word' id='word_1_655' title='bbox 1524 4344 1799 4398; x_wconf 74' lang='lat' dir='ltr'><strong>Christi”.</strong></span> <span class='ocrx_word' id='word_1_656' title='bbox 1856 4344 2047 4413; x_wconf 75' lang='lat' dir='ltr'><strong>Ecquit</strong></span> 
     </span>
    </p>
   </div>
   <div class='ocr_carea' id='block_1_91' title="bbox 2148 4330 3744 4413">
    <p class='ocr_par' dir='ltr' id='par_1_91' title="bbox 2168 4330 3744 4409">
     <span class='ocr_line' id='line_1_91' title="bbox 2168 4330 3744 4409; baseline -0.013 -8"><span class='ocrx_word' id='word_1_657' title='bbox 2168 4347 2315 4401; x_wconf 87' lang='grc' dir='ltr'>στοῦ.</span> <span class='ocrx_word' id='word_1_658' title='bbox 2340 4344 2613 4399; x_wconf 71' lang='grc' dir='ltr'>Καὶτίδεῖ</span> <span class='ocrx_word' id='word_1_659' title='bbox 2656 4340 2834 4409; x_wconf 87' lang='grc' dir='ltr'>λέγειν</span> <span class='ocrx_word' id='word_1_660' title='bbox 2875 4335 3141 4408; x_wconf 84' lang='grc' dir='ltr'>Ἱερεμίαν</span> <span class='ocrx_word' id='word_1_661' title='bbox 3174 4332 3466 4399; x_wconf 87' lang='grc' dir='ltr'>κλαίοντα;</span> <span class='ocrx_word' id='word_1_662' title='bbox 3504 4331 3599 4384; x_wconf 62' lang='grc' dir='ltr'><strong>καὶ¹</strong></span> <span class='ocrx_word' id='word_1_663' title='bbox 3648 4330 3744 4381; x_wconf 85' lang='grc' dir='ltr'><strong>ἰε-</strong></span> 
     </span>
    </p>
   </div>
   <div class='ocr_carea' id='block_1_92' title="bbox 484 4418 2047 4509">
    <p class='ocr_par' dir='ltr' id='par_1_92' title="bbox 484 4432 2047 4505">
     <span class='ocr_line' id='line_1_92' title="bbox 484 4432 2047 4505; baseline -0.001 -15"><span class='ocrx_word' id='word_1_664' title='bbox 484 4452 625 4505; x_wconf 88' lang='lat' dir='ltr'><strong>opus</strong></span> <span class='ocrx_word' id='word_1_665' title='bbox 648 4442 733 4490; x_wconf 87' lang='lat' dir='ltr'><strong>est</strong></span> <span class='ocrx_word' id='word_1_666' title='bbox 767 4448 1204 4489; x_wconf 77' lang='lat' dir='ltr'><strong>commemorare</strong></span> <span class='ocrx_word' id='word_1_667' title='bbox 1250 4432 1542 4489; x_wconf 86' lang='lat' dir='ltr'><strong>Jeremiam</strong></span> <span class='ocrx_word' id='word_1_668' title='bbox 1585 4432 1877 4500; x_wconf 75' lang='lat' dir='ltr'><strong>ﬂentem“,</strong></span> <span class='ocrx_word' id='word_1_669' title='bbox 1928 4433 2047 4489; x_wconf 87' lang='lat' dir='ltr'><strong>Eze-</strong></span> 
     </span>
    </p>
   </div>
   <div class='ocr_carea' id='block_1_93' title="bbox 2148 4418 3745 4509">
    <p class='ocr_par' dir='ltr' id='par_1_93' title="bbox 2166 4418 3745 4509">
     <span class='ocr_line' id='line_1_93' title="bbox 2166 4418 3745 4509; baseline -0.014 -16"><span class='ocrx_word' id='word_1_670' title='bbox 2166 4437 2353 4509; x_wconf 78' lang='grc' dir='ltr'>ζεκιὴλ</span> <span class='ocrx_word' id='word_1_671' title='bbox 2400 4435 2630 4507; x_wconf 87' lang='grc' dir='ltr'>θρήνους</span> <span class='ocrx_word' id='word_1_672' title='bbox 2690 4428 2965 4500; x_wconf 77' lang='grc' dir='ltr'>ἀρχόντων</span> <span class='ocrx_word' id='word_1_673' title='bbox 3028 4429 3093 4487; x_wconf 81' lang='grc' dir='ltr'>ὲκ</span> <span class='ocrx_word' id='word_1_674' title='bbox 3141 4424 3558 4497; x_wconf 86' lang='grc' dir='ltr'>προστάγματος</span> <span class='ocrx_word' id='word_1_675' title='bbox 3610 4418 3745 4473; x_wconf 83' lang='grc' dir='ltr'>Θεοῦ</span> 
     </span>
    </p>
   </div>
   <div class='ocr_carea' id='block_1_94' title="bbox 486 4515 2047 4601">
    <p class='ocr_par' dir='ltr' id='par_1_94' title="bbox 486 4525 2047 4596">
     <span class='ocr_line' id='line_1_94' title="bbox 486 4525 2047 4596; baseline -0.001 -16"><span class='ocrx_word' id='word_1_676' title='bbox 486 4528 719 4581; x_wconf 87' lang='lat' dir='ltr'><strong>chielem</strong></span> <span class='ocrx_word' id='word_1_677' title='bbox 773 4525 866 4581; x_wconf 88' lang='lat' dir='ltr'><strong>Dei</strong></span> <span class='ocrx_word' id='word_1_678' title='bbox 909 4526 1069 4594; x_wconf 90' lang='lat' dir='ltr'><strong>jussu</strong></span> <span class='ocrx_word' id='word_1_679' title='bbox 1122 4525 1431 4596; x_wconf 90' lang='lat' dir='ltr'><strong>principum</strong></span> <span class='ocrx_word' id='word_1_680' title='bbox 1472 4526 1890 4581; x_wconf 87' lang='lat' dir='ltr'><strong>lamentationes</strong></span> <span class='ocrx_word' id='word_1_681' title='bbox 1925 4528 2047 4581; x_wconf 86' lang='lat' dir='ltr'><strong>scri-</strong></span> 
     </span>
    </p>
   </div>
   <div class='ocr_carea' id='block_1_95' title="bbox 2148 4515 3745 4601">
    <p class='ocr_par' dir='ltr' id='par_1_95' title="bbox 2167 4515 3745 4601">
     <span class='ocr_line' id='line_1_95' title="bbox 2167 4515 3745 4601; baseline -0.004 -26"><span class='ocrx_word' id='word_1_682' title='bbox 2167 4530 2467 4601; x_wconf 78' lang='grc' dir='ltr'>γράφοντα,</span> <span class='ocrx_word' id='word_1_683' title='bbox 2515 4524 2610 4578; x_wconf 77' lang='grc' dir='ltr'><strong>καὶ</strong></span> <span class='ocrx_word' id='word_1_684' title='bbox 2648 4521 2874 4584; x_wconf 83' lang='grc' dir='ltr'>πολλοὺς</span> <span class='ocrx_word' id='word_1_685' title='bbox 2915 4518 2973 4572; x_wconf 78' lang='grc' dir='ltr'>δὲ.</span> <span class='ocrx_word' id='word_1_686' title='bbox 3011 4518 3117 4571; x_wconf 83' lang='grc' dir='ltr'><strong>τῶν</strong></span> <span class='ocrx_word' id='word_1_687' title='bbox 3166 4517 3335 4583; x_wconf 83' lang='grc' dir='ltr'>ἁγίων</span> <span class='ocrx_word' id='word_1_688' title='bbox 3376 4515 3745 4587; x_wconf 57' lang='grc' dir='ltr'>οἰμώζοντας</span> 
     </span>
    </p>
   </div>
   <div class='ocr_carea' id='block_1_96' title="bbox 486 4606 2047 4690">
    <p class='ocr_par' dir='ltr' id='par_1_96' title="bbox 486 4619 2047 4688">
     <span class='ocr_line' id='line_1_96' title="bbox 486 4619 2047 4688; baseline -0.004 -10"><span class='ocrx_word' id='word_1_689' title='bbox 486 4623 710 4678; x_wconf 85' lang='lat' dir='ltr'><strong>bentem</strong></span> <span class='ocrx_word' id='word_1_690' title='bbox 733 4621 799 4685; x_wconf 79' lang='lat'><strong>&quot;,</strong></span> <span class='ocrx_word' id='word_1_691' title='bbox 848 4627 903 4673; x_wconf 90' lang='lat' dir='ltr'><strong>et</strong></span> <span class='ocrx_word' id='word_1_692' title='bbox 949 4621 1154 4673; x_wconf 89' lang='lat' dir='ltr'><strong>multos</strong></span> <span class='ocrx_word' id='word_1_693' title='bbox 1185 4620 1322 4673; x_wconf 91' lang='lat' dir='ltr'><strong>alios</strong></span> <span class='ocrx_word' id='word_1_694' title='bbox 1369 4627 1590 4674; x_wconf 78' lang='lat' dir='ltr'><strong>sanctos</strong></span> <span class='ocrx_word' id='word_1_695' title='bbox 1631 4619 1918 4688; x_wconf 81' lang='lat' dir='ltr'><strong>lugentes?</strong></span> <span class='ocrx_word' id='word_1_696' title='bbox 1961 4619 2047 4675; x_wconf 60' lang='lat' dir='ltr'><strong>Ile:</strong></span> 
     </span>
    </p>
   </div>
   <div class='ocr_carea' id='block_1_97' title="bbox 2148 4606 3745 4690">
    <p class='ocr_par' dir='ltr' id='par_1_97' title="bbox 2172 4606 3745 4690">
     <span class='ocr_line' id='line_1_97' title="bbox 2172 4606 3745 4690; baseline -0.01 -17"><span class='ocrx_word' id='word_1_697' title='bbox 2172 4620 2359 4690; x_wconf 74' lang='grc' dir='ltr'>Οἴμοι,</span> <span class='ocrx_word' id='word_1_698' title='bbox 2390 4615 2599 4686; x_wconf 80' lang='grc' dir='ltr'>μῆτερ,</span> <span class='ocrx_word' id='word_1_699' title='bbox 2632 4613 2711 4678; x_wconf 87' lang='grc' dir='ltr'>ὠς</span> <span class='ocrx_word' id='word_1_700' title='bbox 2733 4611 2869 4665; x_wconf 78' lang='grc' dir='ltr'>τίνα</span> <span class='ocrx_word' id='word_1_701' title='bbox 2895 4626 2972 4679; x_wconf 82' lang='grc' dir='ltr'><strong>με</strong></span> <span class='ocrx_word' id='word_1_702' title='bbox 3007 4608 3202 4673; x_wconf 79' lang='grc' dir='ltr'>ἔτεκες</span> <span class='ocrx_word' id='word_1_703' title='bbox 3239 4606 3386 4676; x_wconf 87' lang='grc'>(80);</span> <span class='ocrx_word' id='word_1_704' title='bbox 3416 4606 3531 4671; x_wconf 71' lang='grc' dir='ltr'>καὶ,</span> <span class='ocrx_word' id='word_1_705' title='bbox 3557 4606 3745 4675; x_wconf 76' lang='grc' dir='ltr'>Οἴμοι,</span> 
     </span>
    </p>
   </div>
   <div class='ocr_carea' id='block_1_98' title="bbox 489 4698 2047 4783">
    <p class='ocr_par' dir='ltr' id='par_1_98' title="bbox 489 4709 2047 4783">
     <span class='ocr_line' id='line_1_98' title="bbox 489 4709 2047 4783; baseline 0 -17"><span class='ocrx_word' id='word_1_706' title='bbox 489 4712 639 4775; x_wconf 82' lang='lat' dir='ltr'><strong>mihi,</strong></span> <span class='ocrx_word' id='word_1_707' title='bbox 670 4719 858 4774; x_wconf 88' lang='lat' dir='ltr'><strong>mater,</strong></span> <span class='ocrx_word' id='word_1_708' title='bbox 890 4726 1050 4781; x_wconf 86' lang='lat' dir='ltr'><strong>quare</strong></span> <span class='ocrx_word' id='word_1_709' title='bbox 1077 4727 1157 4763; x_wconf 88' lang='lat' dir='ltr'><strong>me</strong></span> <span class='ocrx_word' id='word_1_710' title='bbox 1186 4710 1504 4779; x_wconf 77' lang='lat' dir='ltr'><strong>genuisti”;</strong></span> <span class='ocrx_word' id='word_1_711' title='bbox 1525 4719 1607 4764; x_wconf 87' lang='lat' dir='ltr'><strong>et:</strong></span> <span class='ocrx_word' id='word_1_712' title='bbox 1637 4709 1737 4765; x_wconf 81' lang='lat' dir='ltr'><strong>Hei</strong></span> <span class='ocrx_word' id='word_1_713' title='bbox 1756 4711 1903 4777; x_wconf 83' lang='lat' dir='ltr'><strong>mihi,</strong></span> <span class='ocrx_word' id='word_1_714' title='bbox 1938 4714 2047 4783; x_wconf 70' lang='lat' dir='ltr'><strong>quit</strong></span> 
     </span>
    </p>
   </div>
   <div class='ocr_carea' id='block_1_99' title="bbox 2148 4698 3752 4783">
    <p class='ocr_par' dir='ltr' id='par_1_99' title="bbox 2170 4698 3752 4769">
     <span class='ocr_line' id='line_1_99' title="bbox 2170 4698 3752 4769; baseline -0.009 -4"><span class='ocrx_word' id='word_1_715' title='bbox 2170 4712 2258 4765; x_wconf 82' lang='grc' dir='ltr'>ὅτι</span> <span class='ocrx_word' id='word_1_716' title='bbox 2292 4710 2598 4764; x_wconf 68' lang='grc' dir='ltr'>ἀπόλωλεν</span> <span class='ocrx_word' id='word_1_717' title='bbox 2625 4702 2886 4769; x_wconf 74' lang='grc' dir='ltr'>εὐλαϐὴς</span> <span class='ocrx_word' id='word_1_718' title='bbox 2916 4701 3032 4755; x_wconf 79' lang='grc' dir='ltr'>ἀπὸ</span> <span class='ocrx_word' id='word_1_719' title='bbox 3059 4698 3167 4767; x_wconf 77' lang='grc' dir='ltr'>τῆς</span> <span class='ocrx_word' id='word_1_720' title='bbox 3191 4699 3325 4769; x_wconf 80' lang='grc' dir='ltr'>γῆς,</span> <span class='ocrx_word' id='word_1_721' title='bbox 3353 4698 3452 4753; x_wconf 76' lang='grc' dir='ltr'><strong>καί</strong></span> <span class='ocrx_word' id='word_1_722' title='bbox 3484 4700 3517 4752; x_wconf 86' lang='grc' dir='ltr'><strong>ό</strong></span> <span class='ocrx_word' id='word_1_723' title='bbox 3544 4714 3752 4765; x_wconf 80' lang='grc' dir='ltr'>κατορ-</span> 
     </span>
    </p>
   </div>
   <div class='ocr_carea' id='block_1_100' title="bbox 563 4879 2047 4959">
    <p class='ocr_par' dir='ltr' id='par_1_100' title="bbox 563 4891 2044 4959">
     <span class='ocr_line' id='line_1_100' title="bbox 563 4891 2044 4959; baseline 0.001 -13"><span class='ocrx_word' id='word_1_724' title='bbox 563 4896 610 4927; x_wconf 57' lang='grc'><strong>²⁵</strong></span> <span class='ocrx_word' id='word_1_725' title='bbox 649 4894 783 4948; x_wconf 88' lang='lat' dir='ltr'><strong>Dan.</strong></span> <span class='ocrx_word' id='word_1_726' title='bbox 820 4908 920 4959; x_wconf 88' lang='grc' dir='ltr'>ιιι,</span> <span class='ocrx_word' id='word_1_727' title='bbox 948 4892 1039 4947; x_wconf 74' lang='grc'><strong>21.</strong></span> <span class='ocrx_word' id='word_1_728' title='bbox 1145 4894 1191 4927; x_wconf 80' lang='grc'><strong><em>³⁵</em></strong></span> <span class='ocrx_word' id='word_1_729' title='bbox 1229 4891 1364 4945; x_wconf 89' lang='lat' dir='ltr'><strong>Dan.</strong></span> <span class='ocrx_word' id='word_1_730' title='bbox 1397 4908 1508 4957; x_wconf 79' lang='lat' dir='ltr'><strong>xw,</strong></span> <span class='ocrx_word' id='word_1_731' title='bbox 1545 4892 1632 4947; x_wconf 80' lang='grc'><strong>⁸50.</strong></span> <span class='ocrx_word' id='word_1_732' title='bbox 1724 4894 1772 4924; x_wconf 86' lang='grc'><strong><em>²⁶</em></strong></span> <span class='ocrx_word' id='word_1_733' title='bbox 1806 4892 1930 4949; x_wconf 81' lang='lat' dir='ltr'><strong>Jou.</strong></span> <span class='ocrx_word' id='word_1_734' title='bbox 1966 4910 2044 4959; x_wconf 89' lang='grc' dir='ltr'><strong>ιι,</strong></span> 
     </span>
    </p>
   </div>
   <div class='ocr_carea' id='block_1_101' title="bbox 2148 4879 3748 4959">
    <p class='ocr_par' dir='ltr' id='par_1_101' title="bbox 2248 4879 3748 4959">
     <span class='ocr_line' id='line_1_101' title="bbox 2248 4879 3748 4959; baseline -0.007 -13"><span class='ocrx_word' id='word_1_735' title='bbox 2248 4894 2292 4926; x_wconf 76' lang='grc'><strong>’⁷</strong></span> <span class='ocrx_word' id='word_1_736' title='bbox 2333 4892 2493 4959; x_wconf 72' lang='lat' dir='ltr'><strong>Rom.</strong></span> <span class='ocrx_word' id='word_1_737' title='bbox 2537 4905 2591 4951; x_wconf 87' lang='lat' dir='ltr'><strong>v,</strong></span> <span class='ocrx_word' id='word_1_738' title='bbox 2627 4889 2682 4943; x_wconf 78' lang='lat'><strong>5.</strong></span> <span class='ocrx_word' id='word_1_739' title='bbox 2776 4882 3019 4959; x_wconf 60' lang='lat' dir='ltr'><strong>&quot;Rom.</strong></span> <span class='ocrx_word' id='word_1_740' title='bbox 3072 4895 3184 4948; x_wconf 76' lang='lat' dir='ltr'><strong>xu,</strong></span> <span class='ocrx_word' id='word_1_741' title='bbox 3217 4879 3307 4935; x_wconf 77' lang='grc'><strong>12.</strong></span> <span class='ocrx_word' id='word_1_742' title='bbox 3407 4882 3454 4913; x_wconf 82' lang='grc'><strong>²⁹</strong></span> <span class='ocrx_word' id='word_1_743' title='bbox 3493 4879 3627 4937; x_wconf 90' lang='lat' dir='ltr'><strong>ibid.</strong></span> <span class='ocrx_word' id='word_1_744' title='bbox 3658 4880 3748 4936; x_wconf 79' lang='grc'><strong>15.</strong></span> 
     </span>
    </p>
   </div>
   <div class='ocr_carea' id='block_1_102' title="bbox 488 4955 2047 5035">
    <p class='ocr_par' dir='ltr' id='par_1_102' title="bbox 488 4955 2047 5035">
     <span class='ocr_line' id='line_1_102' title="bbox 488 4955 2047 5035; baseline 0 -16"><span class='ocrx_word' id='word_1_745' title='bbox 488 4964 539 5002; x_wconf 74' lang='grc' dir='ltr'><strong>³ο</strong></span> <span class='ocrx_word' id='word_1_746' title='bbox 577 4964 811 5035; x_wconf 88' lang='lat' dir='ltr'><strong>Philipp.</strong></span> <span class='ocrx_word' id='word_1_747' title='bbox 848 4955 946 5020; x_wconf 76' lang='grc' dir='ltr'>ιιι.</span> <span class='ocrx_word' id='word_1_748' title='bbox 985 4964 1072 5018; x_wconf 66' lang='grc'><strong>⁸9.</strong></span> <span class='ocrx_word' id='word_1_749' title='bbox 1150 4962 1192 4994; x_wconf 71' lang='grc'><strong>³⁸</strong></span> <span class='ocrx_word' id='word_1_750' title='bbox 1234 4961 1434 5016; x_wconf 86' lang='lat' dir='ltr'><strong>Thren.</strong></span> <span class='ocrx_word' id='word_1_751' title='bbox 1470 4955 1524 5030; x_wconf 58' lang='grc' dir='ltr'>ι’,</span> <span class='ocrx_word' id='word_1_752' title='bbox 1562 4963 1580 5015; x_wconf 84' lang='grc'><strong>1</strong></span> <span class='ocrx_word' id='word_1_753' title='bbox 1617 4978 1770 5034; x_wconf 87' lang='lat' dir='ltr'><strong>seqq.</strong></span> <span class='ocrx_word' id='word_1_754' title='bbox 1836 4965 1882 4996; x_wconf 81' lang='grc'><strong>³¹</strong></span> <span class='ocrx_word' id='word_1_755' title='bbox 1912 4955 2047 5019; x_wconf 81' lang='lat' dir='ltr'><strong>Ezec</strong></span> 
     </span>
    </p>
   </div>
   <div class='ocr_carea' id='block_1_103' title="bbox 2148 4955 2912 5035">
    <p class='ocr_par' dir='ltr' id='par_1_103' title="bbox 2148 4955 2912 5030">
     <span class='ocr_line' id='line_1_103' title="bbox 2148 4955 2912 5030; baseline -0.013 -10"><span class='ocrx_word' id='word_1_756' title='bbox 2148 4981 2218 5030; x_wconf 89' lang='grc' dir='ltr'><strong>ιι,</strong></span> <span class='ocrx_word' id='word_1_757' title='bbox 2254 4962 2310 5019; x_wconf 89' lang='lat'><strong>9.</strong></span> <span class='ocrx_word' id='word_1_758' title='bbox 2383 4962 2428 4994; x_wconf 79' lang='grc'>³³</span> <span class='ocrx_word' id='word_1_759' title='bbox 2465 4958 2666 5015; x_wconf 81' lang='lat' dir='ltr'><strong>Jerem.</strong></span> <span class='ocrx_word' id='word_1_760' title='bbox 2699 4972 2790 5021; x_wconf 85' lang='lat' dir='ltr'><strong>xv,</strong></span> <span class='ocrx_word' id='word_1_761' title='bbox 2824 4955 2912 5010; x_wconf 84' lang='grc'><strong>10.</strong></span> 
     </span>
    </p>
   </div>
   <div class='ocr_carea' id='block_1_104' title="bbox 570 5091 2047 5230">
    <p class='ocr_par' dir='ltr' id='par_1_104' title="bbox 570 5105 2047 5230">
     <span class='ocr_line' id='line_1_104' title="bbox 570 5105 2047 5230; baseline 0 -69"><span class='ocrx_word' id='word_1_762' title='bbox 570 5107 690 5230; x_wconf 57' lang='grc' dir='ltr'><strong>(ἶιὶ</strong></span> <span class='ocrx_word' id='word_1_763' title='bbox 717 5106 858 5187; x_wconf 65' lang='lat' dir='ltr'><strong>Editi</strong></span> <span class='ocrx_word' id='word_1_764' title='bbox 880 5105 1168 5187; x_wconf 60' lang='lat' dir='ltr'><strong>dya006_15</strong></span> <span class='ocrx_word' id='word_1_765' title='bbox 1192 5106 1285 5160; x_wconf 67' lang='grc' dir='ltr'><strong>καὶ</strong></span> <span class='ocrx_word' id='word_1_766' title='bbox 1304 5106 1563 5181; x_wconf 82' lang='grc' dir='ltr'>χείρονος.</span> <span class='ocrx_word' id='word_1_767' title='bbox 1592 5105 1817 5163; x_wconf 82' lang='lat' dir='ltr'><strong>Veteres</strong></span> <span class='ocrx_word' id='word_1_768' title='bbox 1841 5114 2047 5178; x_wconf 87' lang='lat' dir='ltr'><strong>quatuo</strong></span> 
     </span>
     <span class='ocr_line' id='line_1_105' title="bbox 570 5176 1395 5230; baseline 0.001 -1"><span class='ocrx_word' id='word_1_769' title='bbox 570 5194 624 5230; x_wconf 76' lang='grc' dir='ltr'>›ι·ι</span> <span class='ocrx_word' id='word_1_770' title='bbox 691 5177 862 5230; x_wconf 87' lang='grc' dir='ltr'>γαθου</span> <span class='ocrx_word' id='word_1_771' title='bbox 888 5179 983 5230; x_wconf 74' lang='grc' dir='ltr'><strong>καὶ</strong></span> <span class='ocrx_word' id='word_1_772' title='bbox 1012 5195 1108 5230; x_wconf 86' lang='grc' dir='ltr'>του</span> <span class='ocrx_word' id='word_1_773' title='bbox 1136 5176 1395 5230; x_wconf 79' lang='grc' dir='ltr'>νείοονος.</span> 
     </span>
    </p>
   </div>
   <div class='ocr_carea' id='block_1_105' title="bbox 2148 5091 3755 5230">
    <p class='ocr_par' dir='ltr' id='par_1_105' title="bbox 2183 5091 3755 5230">
     <span class='ocr_line' id='line_1_106' title="bbox 2183 5091 3755 5226; baseline -0.01 -65"><span class='ocrx_word' id='word_1_774' title='bbox 2183 5107 2421 5161; x_wconf 88' lang='lat' dir='ltr'><strong>ctionem</strong></span> <span class='ocrx_word' id='word_1_775' title='bbox 2451 5110 2742 5226; x_wconf 59' lang='lat' dir='ltr'><strong>utJ&#39;amque</strong></span> <span class='ocrx_word' id='word_1_776' title='bbox 2773 5098 2943 5167; x_wconf 72' lang='lat' dir='ltr'><strong>recipi</strong></span> <span class='ocrx_word' id='word_1_777' title='bbox 2974 5109 3159 5167; x_wconf 87' lang='lat' dir='ltr'><strong>posse,</strong></span> <span class='ocrx_word' id='word_1_778' title='bbox 3192 5107 3375 5158; x_wconf 90' lang='lat' dir='ltr'><strong>nemo,</strong></span> <span class='ocrx_word' id='word_1_779' title='bbox 3410 5092 3629 5164; x_wconf 91' lang='lat' dir='ltr'><strong>opinor,</strong></span> <span class='ocrx_word' id='word_1_780' title='bbox 3655 5091 3755 5146; x_wconf 81' lang='lat' dir='ltr'><strong>bo-</strong></span> 
     </span>
     <span class='ocr_line' id='line_1_107' title="bbox 2183 5172 2610 5230; baseline -0.014 1"><span class='ocrx_word' id='word_1_781' title='bbox 2183 5192 2273 5230; x_wconf 92' lang='lat' dir='ltr'><strong>mo</strong></span> <span class='ocrx_word' id='word_1_782' title='bbox 2300 5190 2409 5229; x_wconf 92' lang='lat' dir='ltr'><strong>non</strong></span> <span class='ocrx_word' id='word_1_783' title='bbox 2440 5172 2493 5228; x_wconf 89' lang='lat' dir='ltr'><strong>vi</strong></span> <span class='ocrx_word' id='word_1_784' title='bbox 2536 5178 2610 5227; x_wconf 84' lang='lat' dir='ltr'><strong>et.</strong></span> 
     </span>
    </p>
   </div>
   <div class='ocr_carea' id='block_1_106' title="bbox 496 5172 2047 5248">
    <p class='ocr_par' dir='ltr' id='par_1_106' title="bbox 496 5172 2047 5248">
     <span class='ocr_line' id='line_1_108' title="bbox 496 5172 2047 5248; baseline -0.001 -12"><span class='ocrx_word' id='word_1_785' title='bbox 496 5172 624 5237; x_wconf 68' lang='lat' dir='ltr'><strong>libri</strong></span> <span class='ocrx_word' id='word_1_786' title='bbox 654 5172 862 5248; x_wconf 53' lang='grc' dir='ltr'>άγ-αθοῦ</span> <span class='ocrx_word' id='word_1_787' title='bbox 888 5172 983 5231; x_wconf 74' lang='grc' dir='ltr'><strong>καὶ</strong></span> <span class='ocrx_word' id='word_1_788' title='bbox 1012 5174 1108 5231; x_wconf 81' lang='grc' dir='ltr'>τοῦ</span> <span class='ocrx_word' id='word_1_789' title='bbox 1136 5172 1405 5248; x_wconf 68' lang='grc' dir='ltr'>χείρονοςξ</span> <span class='ocrx_word' id='word_1_790' title='bbox 1496 5244 1509 5248; x_wconf 84' lang='lat'>_</span> <span class='ocrx_word' id='word_1_791' title='bbox 1606 5247 1627 5248; x_wconf 16' lang='lat' dir='ltr'>ﬂ</span> <span class='ocrx_word' id='word_1_792' title='bbox 1741 5246 1751 5248; x_wconf 15' lang='grc' dir='ltr'>μ</span> <span class='ocrx_word' id='word_1_793' title='bbox 1784 5246 1792 5248; x_wconf 95' lang='lat'>_</span> <span class='ocrx_word' id='word_1_794' title='bbox 1858 5172 1875 5178; x_wconf 70' lang='grc'><em>’</em></span> <span class='ocrx_word' id='word_1_795' title='bbox 2016 5247 2047 5248; x_wconf 32' lang='grc' dir='ltr'><strong>η</strong></span> 
     </span>
    </p>
   </div>
   <div class='ocr_carea' id='block_1_107' title="bbox 2148 5172 2610 5248">
    <p class='ocr_par' dir='ltr' id='par_1_107' title="bbox 2183 5172 2610 5248">
     <span class='ocr_line' id='line_1_109' title="bbox 2183 5172 2610 5248; baseline -0.012 -18"><span class='ocrx_word' id='word_1_796' title='bbox 2183 5190 2413 5248; x_wconf 62' lang='lat' dir='ltr'><strong>menon</strong></span> <span class='ocrx_word' id='word_1_797' title='bbox 2423 5172 2610 5248; x_wconf 84' lang='lat' dir='ltr'><strong>_videt.</strong></span> 
     </span>
    </p>
   </div>
   <div class='ocr_carea' id='block_1_108' title="bbox 576 5230 2047 5319">
    <p class='ocr_par' dir='ltr' id='par_1_108' title="bbox 576 5230 2047 5319">
     <span class='ocr_line' id='line_1_110' title="bbox 576 5230 2047 5319; baseline 0 -19"><span class='ocrx_word' id='word_1_798' title='bbox 576 5230 943 5319; x_wconf 53' lang='lat' dir='ltr'><strong>(75)&#39;Vetercs</strong></span> <span class='ocrx_word' id='word_1_799' title='bbox 976 5230 1378 5319; x_wconf 49' lang='lat' dir='ltr'><strong>quatu&#39;or&#39;libri</strong></span> <span class='ocrx_word' id='word_1_800' title='bbox 1420 5244 1669 5317; x_wconf 76' lang='grc' dir='ltr'>μαλακῆς</span> <span class='ocrx_word' id='word_1_801' title='bbox 1704 5246 1913 5316; x_wconf 86' lang='grc' dir='ltr'>κλίνης.</span> <span class='ocrx_word' id='word_1_802' title='bbox 1964 5247 2047 5300; x_wconf 87' lang='lat' dir='ltr'><strong>Ali</strong></span> 
     </span>
    </p>
   </div>
   <div class='ocr_carea' id='block_1_109' title="bbox 2148 5230 3752 5319">
    <p class='ocr_par' dir='ltr' id='par_1_109' title="bbox 2254 5230 3752 5319">
     <span class='ocr_line' id='line_1_111' title="bbox 2254 5230 3752 5319; baseline -0.009 -21"><span class='ocrx_word' id='word_1_803' title='bbox 2254 5243 2552 5319; x_wconf 58' lang='lat' dir='ltr'><strong>(78)_tlnus</strong></span> <span class='ocrx_word' id='word_1_804' title='bbox 2579 5240 2751 5295; x_wconf 84' lang='lat' dir='ltr'><strong>codex</strong></span> <span class='ocrx_word' id='word_1_805' title='bbox 2776 5237 2930 5295; x_wconf 88' lang='lat' dir='ltr'><strong>Colb.</strong></span> <span class='ocrx_word' id='word_1_806' title='bbox 2955 5243 3009 5291; x_wconf 89' lang='lat' dir='ltr'><strong>et</strong></span> <span class='ocrx_word' id='word_1_807' title='bbox 3024 5233 3373 5319; x_wconf 44' lang='grc' dir='ltr'>θςίῒὶλπόνοις</span> <span class='ocrx_word' id='word_1_808' title='bbox 3400 5230 3752 5303; x_wconf 83' lang='grc' dir='ltr'>προεθισθὲν-</span> 
     </span>
    </p>
   </div>
   <div class='ocr_carea' id='block_1_110' title="bbox 500 5317 1131 5388">
    <p class='ocr_par' dir='ltr' id='par_1_110' title="bbox 500 5317 1131 5388">
     <span class='ocr_line' id='line_1_112' title="bbox 500 5317 1131 5388; baseline -0.005 -14"><span class='ocrx_word' id='word_1_809' title='bbox 500 5317 638 5374; x_wconf 86' lang='lat' dir='ltr'><strong>mss.</strong></span> <span class='ocrx_word' id='word_1_810' title='bbox 668 5317 906 5388; x_wconf 76' lang='lat' dir='ltr'><strong>et_editi</strong></span> <span class='ocrx_word' id='word_1_811' title='bbox 924 5317 1131 5388; x_wconf 82' lang='grc' dir='ltr'>κοίτης.</span> 
     </span>
    </p>
   </div>
   <div class='ocr_carea' id='block_1_111' title="bbox 573 5384 2080 5459">
    <p class='ocr_par' dir='ltr' id='par_1_111' title="bbox 573 5384 2080 5459">
     <span class='ocr_line' id='line_1_113' title="bbox 573 5384 2080 5459; baseline -0.001 -19"><span class='ocrx_word' id='word_1_812' title='bbox 573 5386 699 5459; x_wconf 86' lang='lat'>(76)</span> <span class='ocrx_word' id='word_1_813' title='bbox 718 5384 1145 5459; x_wconf 13' lang='grc' dir='ltr'>Εόὶῐίίδιάγωσιν</span> <span class='ocrx_word' id='word_1_814' title='bbox 1165 5388 1239 5450; x_wconf 83' lang='grc' dir='ltr'><strong>ὡς</strong></span> <span class='ocrx_word' id='word_1_815' title='bbox 1259 5387 1309 5459; x_wconf 69' lang='lat' dir='ltr'><strong>oi</strong></span> <span class='ocrx_word' id='word_1_816' title='bbox 1332 5389 1479 5459; x_wconf 86' lang='grc' dir='ltr'>τρεῖς</span> <span class='ocrx_word' id='word_1_817' title='bbox 1507 5384 1696 5459; x_wconf 80' lang='grc' dir='ltr'>παῖδες</span> <span class='ocrx_word' id='word_1_818' title='bbox 1724 5385 1817 5437; x_wconf 66' lang='grc' dir='ltr'><strong>ἐπὶ</strong></span> <span class='ocrx_word' id='word_1_819' title='bbox 1838 5386 2080 5459; x_wconf 35' lang='grc' dir='ltr'>τῇς-Βας</span> 
     </span>
    </p>
   </div>
   <div class='ocr_carea' id='block_1_112' title="bbox 503 5455 2076 5527">
    <p class='ocr_par' dir='ltr' id='par_1_112' title="bbox 503 5455 2076 5527">
     <span class='ocr_line' id='line_1_114' title="bbox 503 5455 2076 5527; baseline -0.003 -15"><span class='ocrx_word' id='word_1_820' title='bbox 503 5455 792 5522; x_wconf 79' lang='grc' dir='ltr'>συλωνίας,</span> <span class='ocrx_word' id='word_1_821' title='bbox 832 5458 881 5509; x_wconf 85' lang='grc' dir='ltr'>οἱ</span> <span class='ocrx_word' id='word_1_822' title='bbox 913 5455 1031 5525; x_wconf 82' lang='grc' dir='ltr'>Θεῷ</span> <span class='ocrx_word' id='word_1_823' title='bbox 1059 5455 1411 5527; x_wconf 77' lang='grc' dir='ltr'>συνημμένοί.</span> <span class='ocrx_word' id='word_1_824' title='bbox 1450 5456 1671 5524; x_wconf 88' lang='lat' dir='ltr'><strong>Antiqui</strong></span> <span class='ocrx_word' id='word_1_825' title='bbox 1709 5471 1800 5527; x_wconf 86' lang='lat' dir='ltr'><strong>sex</strong></span> <span class='ocrx_word' id='word_1_826' title='bbox 1838 5455 2076 5527; x_wconf 5' lang='lat' dir='ltr'><strong>libriquti</strong></span> 
     </span>
    </p>
   </div>
   <div class='ocr_carea' id='block_1_113' title="bbox 504 5525 2077 5594">
    <p class='ocr_par' dir='ltr' id='par_1_113' title="bbox 504 5525 2077 5594">
     <span class='ocr_line' id='line_1_115' title="bbox 504 5525 2077 5594; baseline -0.003 -12"><span class='ocrx_word' id='word_1_827' title='bbox 504 5530 561 5583; x_wconf 89' lang='lat' dir='ltr'><strong>in</strong></span> <span class='ocrx_word' id='word_1_828' title='bbox 586 5534 867 5591; x_wconf 84' lang='lat' dir='ltr'><strong>contextu,</strong></span> <span class='ocrx_word' id='word_1_829' title='bbox 903 5527 1025 5594; x_wconf 75' lang='lat' dir='ltr'><strong>alio_</strong></span> <span class='ocrx_word' id='word_1_830' title='bbox 1040 5525 1253 5589; x_wconf 75' lang='lat' dir='ltr'><strong>ordine,</strong></span> <span class='ocrx_word' id='word_1_831' title='bbox 1280 5543 1454 5594; x_wconf 84' lang='lat' dir='ltr'><strong>eoque</strong></span> <span class='ocrx_word' id='word_1_832' title='bbox 1473 5526 1848 5582; x_wconf 83' lang='lat' dir='ltr'><strong>concinniore.</strong></span> <span class='ocrx_word' id='word_1_833' title='bbox 1872 5525 2077 5581; x_wconf 87' lang='lat' dir='ltr'><strong>Ibidem</strong></span> 
     </span>
    </p>
   </div>
   <div class='ocr_carea' id='block_1_114' title="bbox 506 5590 1528 5668">
    <p class='ocr_par' dir='ltr' id='par_1_114' title="bbox 506 5590 1528 5668">
     <span class='ocr_line' id='line_1_116' title="bbox 506 5590 1528 5668; baseline -0.003 -15"><span class='ocrx_word' id='word_1_834' title='bbox 506 5598 641 5668; x_wconf 87' lang='lat' dir='ltr'><strong>Reg.</strong></span> <span class='ocrx_word' id='word_1_835' title='bbox 681 5590 957 5668; x_wconf 84' lang='lat' dir='ltr'><strong>secundus</strong></span> <span class='ocrx_word' id='word_1_836' title='bbox 992 5590 1094 5650; x_wconf 76' lang='grc' dir='ltr'>ὦσι</span> <span class='ocrx_word' id='word_1_837' title='bbox 1123 5590 1528 5668; x_wconf 68' lang='grc' dir='ltr'>καθειργμένοι.</span> 
     </span>
    </p>
   </div>
   <div class='ocr_carea' id='block_1_115' title="bbox 579 5664 2074 5739">
    <p class='ocr_par' dir='ltr' id='par_1_115' title="bbox 579 5664 2074 5739">
     <span class='ocr_line' id='line_1_117' title="bbox 579 5664 2074 5739; baseline -0.005 -15"><span class='ocrx_word' id='word_1_838' title='bbox 579 5664 693 5739; x_wconf 74' lang='grc' dir='ltr'><strong>(ἾἹ)</strong></span> <span class='ocrx_word' id='word_1_839' title='bbox 731 5667 956 5739; x_wconf 68' lang='lat' dir='ltr'><strong>Antiqui</strong></span> <span class='ocrx_word' id='word_1_840' title='bbox 994 5673 1200 5737; x_wconf 79' lang='lat' dir='ltr'><strong>septem</strong></span> <span class='ocrx_word' id='word_1_841' title='bbox 1231 5664 1369 5720; x_wconf 66' lang='lat' dir='ltr'><strong>libri</strong></span> <span class='ocrx_word' id='word_1_842' title='bbox 1392 5666 1698 5739; x_wconf 68' lang='grc' dir='ltr'>ἀγωνιστὴν</span> <span class='ocrx_word' id='word_1_843' title='bbox 1729 5665 1846 5739; x_wconf 77' lang='grc' dir='ltr'><strong>τῶν</strong></span> <span class='ocrx_word' id='word_1_844' title='bbox 1873 5664 2074 5739; x_wconf 50' lang='grc' dir='ltr'>καλεῖν),</span> 
     </span>
    </p>
   </div>
   <div class='ocr_carea' id='block_1_116' title="bbox 510 5735 2076 5808">
    <p class='ocr_par' dir='ltr' id='par_1_116' title="bbox 510 5735 2076 5808">
     <span class='ocr_line' id='line_1_118' title="bbox 510 5735 2076 5808; baseline -0.004 -11"><span class='ocrx_word' id='word_1_845' title='bbox 510 5735 638 5797; x_wconf 69' lang='grc' dir='ltr'>ϊεόιί</span> <span class='ocrx_word' id='word_1_846' title='bbox 663 5735 723 5796; x_wconf 80' lang='lat' dir='ltr'><strong>ac</strong></span> <span class='ocrx_word' id='word_1_847' title='bbox 754 5735 957 5795; x_wconf 58' lang='lat' dir='ltr'><strong>honesti</strong></span> <span class='ocrx_word' id='word_1_848' title='bbox 985 5735 1445 5808; x_wconf 68' lang='lat' dir='ltr'><strong>prbpugnatorem.</strong></span> <span class='ocrx_word' id='word_1_849' title='bbox 1473 5735 1613 5792; x_wconf 81' lang='lat' dir='ltr'><strong>Editi</strong></span> <span class='ocrx_word' id='word_1_850' title='bbox 1639 5735 1726 5791; x_wconf 71' lang='grc' dir='ltr'>τὸν</span> <span class='ocrx_word' id='word_1_851' title='bbox 1760 5735 1945 5791; x_wconf 71' lang='grc' dir='ltr'>καλὸν.</span> <span class='ocrx_word' id='word_1_852' title='bbox 1972 5735 2076 5791; x_wconf 85' lang='lat' dir='ltr'><strong>Le-</strong></span> 
     </span>
    </p>
   </div>
   <div class='ocr_carea' id='block_1_117' title="bbox 2254 5233 3535 5316">
    <p class='ocr_par' dir='ltr' id='par_1_117' title="bbox 2254 5233 3535 5316">
     <span class='ocr_line' id='line_1_119' title="bbox 2254 5233 3535 5316; baseline -0.011 -18"><span class='ocrx_word' id='word_1_853' title='bbox 2254 5245 2366 5316; x_wconf 74' lang='lat'>(78)</span> <span class='ocrx_word' id='word_1_854' title='bbox 2393 5243 2552 5316; x_wconf 71' lang='lat' dir='ltr'><strong>tinus</strong></span> <span class='ocrx_word' id='word_1_855' title='bbox 2579 5240 2751 5295; x_wconf 82' lang='lat' dir='ltr'><strong>codex</strong></span> <span class='ocrx_word' id='word_1_856' title='bbox 2776 5237 2930 5295; x_wconf 88' lang='lat' dir='ltr'><strong>Colb.</strong></span> <span class='ocrx_word' id='word_1_857' title='bbox 2955 5243 3009 5291; x_wconf 91' lang='lat' dir='ltr'><strong>et</strong></span> <span class='ocrx_word' id='word_1_858' title='bbox 3024 5233 3373 5316; x_wconf 44' lang='grc' dir='ltr'><strong>θίξίιὶλπὸνοις</strong></span> <span class='ocrx_word' id='word_1_859' title='bbox 3400 5248 3535 5303; x_wconf 87' lang='grc' dir='ltr'>προε</span> 
     </span>
    </p>
   </div>
   <div class='ocr_carea' id='block_1_118' title="bbox 2184 5303 3750 5383">
    <p class='ocr_par' dir='ltr' id='par_1_118' title="bbox 2184 5303 3750 5383">
     <span class='ocr_line' id='line_1_120' title="bbox 2184 5303 3750 5383; baseline 0.01 -19"><span class='ocrx_word' id='word_1_860' title='bbox 2184 5303 2295 5379; x_wconf 73' lang='grc' dir='ltr'>τεξ.</span> <span class='ocrx_word' id='word_1_861' title='bbox 2324 5303 2700 5383; x_wconf 63' lang='lat' dir='ltr'><strong>Aliiquinque</strong></span> <span class='ocrx_word' id='word_1_862' title='bbox 2730 5325 2865 5364; x_wconf 91' lang='lat' dir='ltr'><strong>mss.</strong></span> <span class='ocrx_word' id='word_1_863' title='bbox 2891 5303 3361 5383; x_wconf 56' lang='grc' dir='ltr'>πρᾳσξθιςθένῗες·</span> <span class='ocrx_word' id='word_1_864' title='bbox 3481 5372 3492 5383; x_wconf 95' lang='grc'><strong>.</strong></span> <span class='ocrx_word' id='word_1_865' title='bbox 3658 5369 3673 5383; x_wconf 91' lang='grc'><strong>.</strong></span> 
     </span>
    </p>
   </div>
   <div class='ocr_carea' id='block_1_119' title="bbox 2258 5369 3754 5454">
    <p class='ocr_par' dir='ltr' id='par_1_119' title="bbox 2258 5369 3754 5454">
     <span class='ocr_line' id='line_1_121' title="bbox 2258 5369 3754 5454; baseline -0.011 -15"><span class='ocrx_word' id='word_1_866' title='bbox 2258 5369 2369 5454; x_wconf 67' lang='lat'>(79)</span> <span class='ocrx_word' id='word_1_867' title='bbox 2396 5369 2625 5454; x_wconf 49' lang='lat' dir='ltr'><strong>Vekres&#39;</strong></span> <span class='ocrx_word' id='word_1_868' title='bbox 2654 5388 2893 5454; x_wconf 85' lang='lat' dir='ltr'><strong>quatuor</strong></span> <span class='ocrx_word' id='word_1_869' title='bbox 2936 5369 3060 5454; x_wconf 74' lang='lat' dir='ltr'><strong>libri</strong></span> <span class='ocrx_word' id='word_1_870' title='bbox 3100 5375 3204 5454; x_wconf 73' lang='grc' dir='ltr'><strong>ρὺκ</strong></span> <span class='ocrx_word' id='word_1_871' title='bbox 3245 5372 3601 5454; x_wconf 37' lang='grc' dir='ltr'>ξπιισκοτίσει.</span> <span class='ocrx_word' id='word_1_872' title='bbox 3645 5369 3754 5423; x_wconf 81' lang='lat' dir='ltr'><strong>Alii</strong></span> 
     </span>
    </p>
   </div>
   <div class='ocr_carea' id='block_1_120' title="bbox 2182 5444 3752 5520">
    <p class='ocr_par' dir='ltr' id='par_1_120' title="bbox 2182 5444 3752 5520">
     <span class='ocr_line' id='line_1_122' title="bbox 2182 5444 3752 5520; baseline -0.011 -11"><span class='ocrx_word' id='word_1_873' title='bbox 2182 5444 2292 5511; x_wconf 82' lang='lat' dir='ltr'><strong>duo</strong></span> <span class='ocrx_word' id='word_1_874' title='bbox 2321 5444 2375 5507; x_wconf 75' lang='lat' dir='ltr'><strong>et</strong></span> <span class='ocrx_word' id='word_1_875' title='bbox 2400 5453 2532 5508; x_wconf 89' lang='lat' dir='ltr'><strong>editi</strong></span> <span class='ocrx_word' id='word_1_876' title='bbox 2557 5444 2927 5520; x_wconf 71' lang='grc' dir='ltr'>ἐπισκοτήσει.</span> <span class='ocrx_word' id='word_1_877' title='bbox 2958 5445 3072 5500; x_wconf 87' lang='lat' dir='ltr'><strong>Hoc</strong></span> <span class='ocrx_word' id='word_1_878' title='bbox 3100 5444 3304 5520; x_wconf 82' lang='lat' dir='ltr'><strong>ipso__in</strong></span> <span class='ocrx_word' id='word_1_879' title='bbox 3336 5445 3455 5520; x_wconf 86' lang='lat' dir='ltr'><strong>lo_co</strong></span> <span class='ocrx_word' id='word_1_880' title='bbox 3475 5449 3589 5520; x_wconf 75' lang='lat' dir='ltr'><strong>tres</strong></span> <span class='ocrx_word' id='word_1_881' title='bbox 3614 5456 3752 5495; x_wconf 80' lang='lat' dir='ltr'><strong>mss.</strong></span> 
     </span>
    </p>
   </div>
   <div class='ocr_carea' id='block_1_121' title="bbox 2182 5511 3678 5598">
    <p class='ocr_par' dir='ltr' id='par_1_121' title="bbox 2182 5511 3678 5598">
     <span class='ocr_line' id='line_1_123' title="bbox 2182 5511 3678 5598; baseline -0.011 -18"><span class='ocrx_word' id='word_1_882' title='bbox 2182 5528 2245 5581; x_wconf 84' lang='grc' dir='ltr'><strong>τὸ</strong></span> <span class='ocrx_word' id='word_1_883' title='bbox 2271 5525 2500 5598; x_wconf 69' lang='grc' dir='ltr'>χαίρειν.</span> <span class='ocrx_word' id='word_1_884' title='bbox 2531 5523 2634 5575; x_wconf 85' lang='lat' dir='ltr'><strong>Alii</strong></span> <span class='ocrx_word' id='word_1_885' title='bbox 2669 5511 2893 5598; x_wconf 66' lang='lat' dir='ltr'><strong>totidem</strong></span> <span class='ocrx_word' id='word_1_886' title='bbox 2924 5532 3059 5598; x_wconf 76' lang='lat' dir='ltr'><strong>mss.</strong></span> <span class='ocrx_word' id='word_1_887' title='bbox 3086 5511 3140 5571; x_wconf 78' lang='lat' dir='ltr'><strong>et</strong></span> <span class='ocrx_word' id='word_1_888' title='bbox 3173 5513 3303 5598; x_wconf 58' lang='lat' dir='ltr'><strong>editi</strong></span> <span class='ocrx_word' id='word_1_889' title='bbox 3338 5512 3418 5583; x_wconf 82' lang='grc' dir='ltr'><strong>τῷ</strong></span> <span class='ocrx_word' id='word_1_890' title='bbox 3449 5511 3678 5598; x_wconf 62' lang='grc' dir='ltr'>χαίρειν;</span> 
     </span>
    </p>
   </div>
   <div class='ocr_carea' id='block_1_122' title="bbox 2278 5579 3756 5663">
    <p class='ocr_par' dir='ltr' id='par_1_122' title="bbox 2278 5579 3756 5663">
     <span class='ocr_line' id='line_1_124' title="bbox 2278 5579 3756 5663; baseline -0.012 -11"><span class='ocrx_word' id='word_1_891' title='bbox 2278 5579 2378 5663; x_wconf 63' lang='grc' dir='ltr'>ἓυί</span> <span class='ocrx_word' id='word_1_892' title='bbox 2408 5593 2558 5648; x_wconf 87' lang='lat' dir='ltr'><strong>Unus</strong></span> <span class='ocrx_word' id='word_1_893' title='bbox 2583 5591 2751 5663; x_wconf 76' lang='lat' dir='ltr'><strong>codex</strong></span> <span class='ocrx_word' id='word_1_894' title='bbox 2794 5588 2929 5659; x_wconf 84' lang='lat' dir='ltr'><strong>Reg.</strong></span> <span class='ocrx_word' id='word_1_895' title='bbox 2963 5586 3209 5648; x_wconf 82' lang='grc' dir='ltr'>τέτοκας.</span> <span class='ocrx_word' id='word_1_896' title='bbox 3246 5584 3368 5641; x_wconf 73' lang='lat' dir='ltr'><strong>Mox</strong></span> <span class='ocrx_word' id='word_1_897' title='bbox 3390 5579 3756 5637; x_wconf 38' lang='lat' dir='ltr'><strong>’uiius&#39;codex</strong></span> 
     </span>
    </p>
   </div>
   <div class='ocr_carea' id='block_1_123' title="bbox 2184 5599 2796 5733">
    <p class='ocr_par' dir='ltr' id='par_1_123' title="bbox 2184 5599 2796 5733">
     <span class='ocr_line' id='line_1_125' title="bbox 2256 5599 2751 5721; baseline -0.016 -69"><span class='ocrx_word' id='word_1_898' title='bbox 2256 5599 2368 5721; x_wconf 78' lang='lat'>(80)</span> <span class='ocrx_word' id='word_1_899' title='bbox 2408 5599 2558 5648; x_wconf 88' lang='lat' dir='ltr'><strong>Unus</strong></span> <span class='ocrx_word' id='word_1_900' title='bbox 2583 5599 2751 5646; x_wconf 76' lang='lat' dir='ltr'><strong>codex</strong></span> 
     </span>
     <span class='ocr_line' id='line_1_126' title="bbox 2184 5660 2796 5733; baseline -0.016 -10"><span class='ocrx_word' id='word_1_901' title='bbox 2184 5666 2259 5723; x_wconf 82' lang='lat' dir='ltr'><strong>Co</strong></span> <span class='ocrx_word' id='word_1_902' title='bbox 2288 5668 2335 5721; x_wconf 71' lang='grc' dir='ltr'>ι).</span> <span class='ocrx_word' id='word_1_903' title='bbox 2371 5666 2453 5717; x_wconf 75' lang='grc' dir='ltr'><strong>ἐπ’</strong></span> <span class='ocrx_word' id='word_1_904' title='bbox 2476 5660 2796 5733; x_wconf 70' lang='grc' dir='ltr'>ἀνθρώποις.</span> 
     </span>
    </p>
   </div>
  </div>
