4052 6214
278 319 385 374 225

1294 309 1579 366 IIOMILIA
1621 308 1708 362 DE
1749 303 2163 363 CRATIARUM
2207 310 2526 392 ACTIONE.

3449 316 3556 368 226

282 439 399 493 θῶν
425 439 498 491 ἐν
530 435 863 504 ἀνθρώποις
894 436 1006 488 οὐκ
1051 433 1183 487 ἔστι
1203 450 1214 462 ·
1251 433 1366 497 καὶ,
1395 431 1583 501 Οἶμοι,
1618 428 1706 481 ὅτι
1735 428 1862 497 ἐγε-

1976 429 2117 488 periit
2144 433 2262 499 pius
2287 449 2315 485 e
2343 445 2508 497 terra,
2541 442 2591 486 et
2625 434 2715 502 qui
2762 443 2897 486 recte
2935 433 3123 502 faciat,
3163 436 3215 488 in
3255 437 3556 489 hominibus

281 533 476 599 νόμην
526 531 609 596 ὠς
663 527 950 596 συνάπτον
1019 523 1299 594 καλάμην
1358 525 1428 576 ἐν
1475 521 1696 592 άμὴτῳ.
1765 520 1873 571 Kal.

270 624 416 686 ,ὅλως
441 621 554 692 (81)
582 619 879 691 ἐρευνησον
903 620 1004 680 τὰς
1036 619 1219 686 φωνὰς
1239 616 1348 669 τῶν
1367 616 1609 678 δικαίων,
1645 613 1746 666 κάν
1770 610 1872 664 πού

281 735 401 770 τινα
417 715 587 787 εὕρῃς
615 713 1074 784 σκυθρωποτέραν
1103 710 1285 781 φωνὴν
1309 709 1558 778 ἀφιέντα,
1579 704 1871 778 πεισθήσῃ,

284 811 364 860 ὅτι
399 809 599 868 πάντες
619 805 712 858 τοῦ
740 805 949 874 κόσμου
981 803 1170 856 τούτου
1217 802 1310 854 καὶ
1337 801 1435 871 τῆς
1460 802 1517 853 ὲν
1546 799 1696 869 αὐτῷ
1729 798 1873 868 ζωῆς

283 905 378 972 τῆς
406 903 669 970 δυστήνου
701 899 912 968 ταύτης
948 894 1460 959 καταστενάζουσιν.
1503 893 1690 961 Οἵμοι,
1718 892 1805 943 ὅτι
1831 891 1870 958 ἡ

285 994 561 1060 παροικία
607 1009 728 1060 μου
789 990 1151 1059 ἐμακρύνθη.
1225 986 1548 1056 Ἐπιθυμίαν
1598 984 1706 1056 γὰρ
1762 983 1873 1052 ἔχει

185 1101 195 1108 ·
285 1085 543 1138 ἀναλῦσαι
580 1083 716 1154 (82),
740 1085 833 1135 καὶ
866 1083 960 1136 σὺν
1006 1081 1226 1153 Χριστῷ
1264 1076 1424 1135 εἶναι.
1464 1081 1552 1141 Ὠς
1579 1075 1672 1131 οὖν
1701 1075 1874 1146 ἐμπό-

283 1178 390 1232 διον
417 1179 516 1248 τῆς
553 1180 752 1247 χαρᾶς,
792 1177 891 1247 τῆς
931 1175 1222 1247 παροικίας
1256 1173 1460 1246 ταύτης
1500 1172 1597 1242 τὴν
1628 1170 1874 1240 παράτα-

286 1288 366 1322 σιν
399 1271 764 1338 δυσχεραίνει.
800 1268 964 1321 Δαϐὶδ
984 1267 1038 1320 δὲ
1061 1267 1156 1320 καὶ
1189 1268 1246 1318 ὲν
1281 1267 1647 1337 μέλεσινὴμῖν
1679 1262 1874 1334 θρῆνον

281 1362 372 1416 τοῦ
401 1362 558 1429 φίλου
593 1361 883 1414 κατέλιπεν
926 1361 1180 1414 Ἰωνάθαν
1201 1376 1212 1388 ·
1312 1357 1754 1428 συναπεθρήνησε
1780 1355 1875 1407 καὶ

282 1453 370 1506 τὸν
418 1452 620 1523 ἐχθρὸν
679 1451 875 1504 ἑαυτοῦ
937 1451 1074 1520 (85).
1124 1449 1302 1518 Ἀλγῶ
1333 1449 1433 1502 ἐπὶ
1477 1448 1596 1509 σοὶ,
1649 1444 1873 1513 ἀδελφέ

282 1555 414 1607 μου,
456 1538 767 1592 Ἰωνάθανο
805 1539 918 1602 καὶ,
947 1537 1274 1606 Θυγατέρες
1314 1537 1551 1605 Ἰσραὴλ
1570 1536 1704 1605 (84),
1736 1538 1873 1602 θρη-

283 1629 509 1694 micare
546 1629 648 1680 ἐπὶ
677 1631 896 1682 Σαούλ.
931 1629 1037 1681 εΓὸν
1074 1629 1171 1698 μὲν
1204 1627 1314 1698 γὰρ
1341 1628 1550 1697 θρηνεῖ,
1579 1627 1655 1690 ὡς
1680 1630 1875 1681 ὲναπο-

285 1721 512 1772 θανόντα
538 1723 607 1791 τῇ
633 1721 894 1792 ἁμαρτία,
923 1720 1011 1772 τὸν
1033 1720 1091 1772 δὲ
1138 1720 1413 1781 Ἰωνάθαν,
1441 1720 1516 1783 ὡς
1546 1721 1707 1791 μέχρι
1730 1738 1870 1774 παν-

283 1813 370 1876 τὸς
393 1812 546 1882 αὐτῷ
577 1815 981 1883 κοινωνήσαντα
1014 1811 1108 1865 τοῦ
1143 1813 1276 1884 βίου.
1300 1814 1409 1866 Καὶ
1439 1814 1493 1866 τί
1523 1813 1604 1866 δεῖ
1633 1813 1702 1867 τὰ
1736 1814 1870 1869 ἄλλα

283 1905 490 1972 λέγειν;
520 1905 662 1956 Ἀλλ’
688 1905 953 1976 ἐδάκρυσε
974 1907 1067 1959 καὶ
1090 1906 1118 1958 ὁ
1144 1905 1347 1976 Κύριος
1364 1907 1454 1958 ἐπὶ
1471 1906 1705 1976 Λαζάρῳ
1734 1907 1868 1976 (85),

283 1992 550 2067 ἐδάκρυσε
617 1999 712 2051 καὶ
761 1999 854 2049 ἐπὶ
909 1998 1282 2068 Ἰερουσαλήμ.
1329 1999 1441 2051 Καὶ
1483 1999 1776 2069 μακαρίζει
1812 1999 1870 2053 δὲ

283 2087 405 2149 τοὺς
440 2086 796 2152 πενθοῦντας,
827 2088 923 2140 καὶ
951 2087 1113 2140 πάλιν
1141 2089 1266 2150 τοὺς
1290 2087 1598 2151 κλαίοντας.

348 2269 404 2321 4.
436 2269 551 2322 Καὶ
587 2269 706 2332 πῶς
740 2270 1008 2339 σύμφωνα
1054 2269 1250 2333 ταῦτα,
1286 2270 1440 2340 φασὶ,
1475 2268 1572 2340 τῷ,
1604 2270 1870 2322 Πάντοτε

285 2361 515 2427 χαίρετε
531 2376 550 2422 ;
574 2359 711 2412 Οὐδὲ
749 2359 858 2430 γὰρ
899 2363 964 2412 ὲκ
987 2358 1095 2412 τῶν
1115 2359 1295 2414 αὐτῶν
1340 2359 1523 2429 ἀρχῶν
1550 2359 1782 2429 δάκρυόν
1810 2377 1869 2412 τε

283 2451 372 2501 καὶ
413 2451 564 2521 χαρὰ.
609 2450 708 2521 τὴν
755 2452 968 2518 γένεσιν
1018 2451 1221 2522 ἔχουσι.
1261 2452 1334 2504 Τὸ
1383 2452 1481 2523 μὲν
1509 2452 1639 2523 γὰρ,
1668 2448 1778 2506 οἷον
1805 2453 1870 2504 ἐκ

284 2544 495 2614 πληγῆς
515 2542 629 2610 (86)
657 2561 821 2607 τινος,
857 2543 957 2613 τῆς
1000 2543 1305 2615 προσϐολῆς
1334 2542 1428 2596 τοῦ
1455 2543 1754 2615 ἀϐουλήτου
1770 2544 1869 2614 τὴν

283 2635 458 2707 duxi-5v
502 2634 799 2700 τύπτοντος
840 2636 934 2689 καὶ
972 2636 1366 2700 συστέλλοντος,
1410 2636 1868 2706 καταθλιϐομένου

282 2727 370 2778 τοῦ
402 2727 763 2799 περικαρδίου
795 2728 1125 2798 πνεύματος,
1158 2727 1547 2782 ἀποτίκτεσθαι
1592 2729 1864 2797 πέφυκεν·

278 2819 310 2889 η
340 2817 395 2870 δὲ
424 2819 573 2888 χαρά
605 2813 717 2870 οἷον
745 2817 1022 2889 σκίρτημὰ
1069 2818 1120 2870 τί
1142 2821 1257 2871 ἐστι
1293 2820 1392 2888 τῆς
1431 2820 1608 2890 ψυχῆς
1632 2819 1872 2888 ἐπαγαλ-

280 2906 512 2976 λομένης
553 2910 670 2970 τοῖς
724 2907 866 2961 κατὰ
904 2907 1149 2980 γνώμην.
1187 2909 1348 2962 Ὅθεν
1395 2910 1490 2962 καὶ
1532 2911 1601 2962 τὰ
1644 2910 1770 2982 περὶ
1810 2909 1870 2963 τὸ

283 2999 440 3068 σῶμα.
465 2997 854 3068 συμπτώματα
878 2999 1171 3070 διενήνοχε.
1194 2999 1319 3064 Τοῖς
1350 3001 1448 3070 μὲν
1464 3001 1572 3073 γὰρ
1589 3001 1867 3073 λυπουμέ-

281 3108 386 3153 νοις
411 3090 673 3162 ὖπωχρος
703 3092 797 3143 καὶ
831 3091 1074 3155 πελιδνὸς
1101 3093 1189 3144 καὶ
1211 3091 1664 3164 κατεψυγμένοςὸ
1680 3093 1864 3161 ὄγκος⁹

278 3183 390 3242 τοῖς
417 3179 480 3232 δὲ
530 3180 981 3251 φαιδρυνομένοις
1030 3180 1328 3245 ὲξανθοῦσα
1372 3182 1467 3236 καὶ
1504 3183 1811 3255 ὑπέρυθρος
1838 3186 1872 3255 ἡ

279 3272 370 3326 τοῦ
415 3272 673 3343 σώματος
717 3272 849 3339 ἕξις,
907 3275 1186 3344 μονονουχὶ
1224 3274 1482 3346 πηδῶσης
1535 3277 1636 3347 τῆς
1671 3277 1870 3348 ψυκῆςν

282 3367 374 3417 καὶ
396 3364 827 3436 προωθουμένης
855 3365 944 3434 ὑφ’
983 3367 1174 3437 ἡδονῆς
1207 3370 1287 3432 είς
1333 3369 1393 3422 τὸ
1442 3369 1568 3436 ἔξω.
1600 3371 1744 3442 Πρὸς
1806 3371 1871 3440 δὴ

279 3456 454 3509 ταῦτα
481 3455 733 3527 ἐροῦμεν,
769 3457 851 3509 ὅτι
881 3458 976 3509 καὶ
1002 3458 1050 3510 oi
1081 3457 1265 3529 θρῆνοι
1299 3461 1393 3513 καὶ
1431 3459 1498 3513 τὰ
1536 3461 1743 3532 δάκρυα
1763 3463 1873 3516 τῶν

281 3549 454 3616 ἁγίων
479 3548 568 3601 διὰ
592 3549 690 3618 τὴν
712 3548 845 3619 πρὸς
864 3549 996 3602 Θεὸν
1024 3551 1242 3622 ἀγάπην
1276 3553 1554 3621 ἐγίγνοντο
1584 3555 1716 3624 (87).
1762 3556 1872 3609 Ἀεὶ

281 3636 370 3691 οὖν
403 3640 706 3712 ἐνορῶντες
737 3641 816 3711 τῷ
857 3643 1148 3714 ἀγαπητῷ,
1174 3645 1270 3698 καὶ
1296 3645 1395 3716 τὴν
1421 3647 1632 3700 ἐκεῖθεν
1658 3649 1870 3713 ἑαυτοῖς

280 3732 624 3803 εὐφροσύνην
662 3733 1037 3800 συναύξοντες,
1082 3736 1151 3788 τὰ
1195 3738 1324 3808 περὶ
1377 3740 1502 3801 τοὺς
1548 3739 1870 3808 ὁμοδούλους

280 3823 490 3877 ἑαυτῶν
522 3825 870 3896 ᾠκονόμουν·
903 3827 1227 3892 πενθοῦντες
1279 3831 1406 3892 τοὺς
1433 3832 1868 3902 ἁμαρτάνοντας,

279 3905 740 3985 ἐπανορθούμεεωὶ
771 3917 969 3981 αὐτοὺς
996 3918 1083 3972 διὰ
1117 3920 1225 3973 τῶν
1263 3921 1534 3990 δακρύων.
1579 3923 1788 3994 Ὥσπερ
1814 3923 1870 3976 δὲ

278 4009 328 4058 οἱ
357 4007 450 4059 επὶ
481 4007 594 4059 τῶν
615 4009 874 4075 αἰγιαλῶν
910 4009 1018 4080 (88)
1036 4012 1288 4077 ἑστῶτες,
1314 4016 1426 4075 τοῖς
1457 4015 1515 4066 ὲν
1542 4017 1608 4085 τῇ
1635 4014 1869 4088 θαλάττῃ

282 4097 701 4168 βαπτιζομένοις
729 4102 1162 4172 συμπάσχοντες,
1181 4105 1240 4158 οὐ
1261 4107 1538 4176 προΐενται
1555 4108 1652 4178 τὴν
1665 4109 1871 4161 οἰκείαν

279 4190 584 4258 ἀσφάλειαν
618 4194 674 4244 ὲν
720 4196 786 4264 τῇ
823 4196 952 4266 περὶ
983 4195 1092 4249 τῶν
1131 4197 1548 4252 κινδυνευόντων
1593 4200 1865 4270 φροντίδι·

279 4285 456 4347 οὕτως
494 4285 617 4338 οὐδὲ
645 4287 695 4339 οἱ
742 4288 851 4350 τοῖς
884 4288 1242 4360 ἁμαρτήμασι
1269 4290 1376 4360 (89)
1409 4291 1518 4343 τῶν
1546 4292 1717 4355 πέλας
1745 4294 1869 4346 ὲπι-

283 4379 678 4446 στυγνάζοντες
693 4381 788 4452 τὴν
816 4384 1024 4437 οἰκείαν
1050 4384 1400 4452 ἀφανίζουσιν
1415 4387 1776 4458 εὐφροσύνην.
1798 4389 1870 4441 Τὸ

1900 1770 1948 1829 Β

1975 537 2078 573 ηοη
2102 521 2270 586 est";
2305 531 2358 575 et
2393 543 2404 576 :
2440 523 2539 577 Hei
2572 524 2722 586 mihi,
2753 527 2879 594 quia
2916 525 3088 594 factus
3132 543 3251 581 sum
3295 528 3433 581 sicut
3469 531 3560 598 qui

1975 620 2253 680 congregat
2286 613 2539 682 stipulam
2584 616 2639 667 in
2673 632 2837 670 messe
2858 617 2925 672 ".
2956 615 3023 669 Et
3061 626 3120 672 ut
3149 617 3316 673 verbo
3355 618 3558 682 dicam.

1974 712 2325 770 perserutare
2349 722 2512 761 voces
2537 706 2838 774 justorum,
2869 716 2924 764 et
2972 710 3150 766 sicubi
3191 712 3435 780 reperias
3463 712 3560 782 qui

1974 794 2186 848 emittat
2214 811 2404 849 vocem
2438 799 2763 863 tristiorem,
2784 800 2971 856 nullus
2999 800 3278 858 dubitabis
3299 805 3432 873 quin
3451 803 3562 874 28

1976 899 2166 940 omnes
2203 888 2466 941 mundum
2499 889 2669 953 hunc,
2720 899 2774 944 et
2819 891 3077 945 miseram
3117 893 3287 946 vitam
3338 909 3460 963 quae
3502 896 3560 947 in

1974 990 2040 1028 eo
2066 978 2268 1046 agitur,
2307 980 2616 1049 deplorent.
2652 981 2766 1036 Heu
2787 983 2936 1048 mihi,
2958 986 3083 1053 quia
3125 985 3386 1038 incolatus
3417 1003 3561 1040 meus

1975 1071 2318 1138 prolongatus
2343 1081 2419 1123 est
2440 1071 2506 1123 ³⁵.
2554 1071 2825 1126 Nimirum
2881 1076 3031 1144 cupit
3056 1075 3302 1140 dissolvi,
3351 1083 3407 1129 et
3440 1091 3564 1131 esse

1975 1177 2099 1215 cum
2122 1163 2422 1216 Christo".
2452 1163 2640 1233 Itaque
2675 1163 2782 1219 fert
2804 1181 2948 1235 aegre
2981 1165 3147 1235 hujus
3180 1168 3452 1222 incolatus
3477 1168 3562 1222 di-

1976 1255 2256 1319 lationem,
2307 1264 2566 1326 tanquam
2617 1273 2738 1326 quae
2787 1259 3180 1326 impedimento
3227 1261 3299 1313 sit
3333 1260 3559 1330 gaudio.

1975 1346 2039 1400 Et
2071 1346 2242 1402 David
2279 1365 2501 1418 quoque
2543 1352 2766 1420 reliquit
2812 1351 3057 1404 nobisin
3103 1353 3338 1406 canticis
3377 1352 3562 1422 prola—

1974 1448 2084 1492 tam
2117 1439 2185 1495 de
2211 1442 2387 1494 amico
2424 1458 2526 1496 suo
2566 1442 2844 1498 Jonathan
2879 1443 3343 1509 lamentationem,
3374 1445 3428 1498 in
3453 1461 3561 1515 qua

1975 1533 2136 1588 simul
2174 1545 2227 1587 et
2261 1535 2540 1588 inimicum
2569 1551 2728 1589 suum
2756 1535 2912 1588 luxit.
2936 1535 3092 1590 Doleo
3117 1553 3274 1606 super
3303 1546 3370 1603 te,
3392 1537 3562 1606 frater

1975 1625 2066 1685 mi,
2098 1622 2456 1690 Jonathan”;
2493 1635 2546 1679 et
2574 1645 2586 1679 :
2610 1625 2763 1679 Filia:
2797 1624 2992 1691 Israel,
3019 1642 3172 1694 super
3197 1627 3330 1682 Saul
3356 1629 3476 1696 ﬂete
3492 1629 3558 1680 ’9.

1977 1713 2130 1766 Hunc
2145 1715 2364 1783 quidem
2387 1716 2553 1785 luget,
2571 1724 2628 1768 ut
2642 1725 2870 1786 peccato
2888 1719 3237 1772 immortuum
3258 1734 3268 1767 :
3289 1717 3559 1772 Jonathan

1981 1822 2129 1868 vero,
2161 1815 2222 1861 ut
2248 1807 2524 1862 hominem
2548 1809 2651 1862 sibi
2677 1825 2774 1878 per
2797 1818 2966 1863 totam
3003 1811 3170 1864 vitam
3218 1811 3564 1880 conjunctis-

1979 1897 2200 1953 simum.
2264 1897 2406 1963 Quid
2461 1907 2644 1955 autem
2699 1902 2895 1956 attinet
2952 1910 3149 1957 caatera
3204 1903 3565 1972 percensere?

1979 1987 2276 2042 Enimvero
2306 1988 2576 2044 Dominus
2629 1990 2748 2060 ipse
2781 1990 2930 2045 ﬂevit
2976 1992 3143 2046 etiam
3185 2007 3354 2062 super
3392 1991 3564 2046 Laza-

1978 2081 2150 2133 rum‘o
2183 2090 2238 2136 et
2294 2097 2464 2150 super
2505 2081 2899 2141 Jerusalem“.
2958 2085 3068 2139 Sed
3119 2093 3174 2140 et
3215 2085 3466 2156 lugentes
3498 2100 3564 2138 ac

1976 2170 2170 2227 ﬂentes
2205 2172 2390 2226 itidem
2426 2175 2683 2242 praedicat
2712 2175 2899 2230 beatos
2933 2174 3000 2231 δ’.

2048 2267 2103 2319 4.
2140 2263 2268 2328 Sed,
2299 2267 2578 2336 inquiunt,
2625 2267 2905 2338 quomodo
2953 2269 3068 2323 ﬁeri
3105 2277 3308 2339 potest,
3348 2277 3407 2324 ut
3447 2270 3564 2325 haec

1979 2359 2342 2412 concilientur
2373 2376 2499 2415 cum
2534 2361 2717 2416 verbis
2736 2361 2868 2424 illis,
2889 2360 3107 2430 Semper
3127 2363 3349 2432 gaudete
3366 2362 3431 2416 ".
3458 2360 3565 2416 Ne-

1979 2466 2085 2518 que
2108 2451 2254 2506 enim
2283 2453 2542 2522 lacrymae
2563 2460 2617 2508 et
2644 2452 2904 2523 gaudium
2943 2470 3008 2508 ex
3045 2453 3241 2508 iisdem
3275 2453 3564 2524 principiis

1977 2541 2186 2598 ducunt
2215 2543 2506 2614 originem.
2531 2543 2666 2599 Nam
2694 2559 3012 2614 compresso
3043 2546 3192 2601 circa
3217 2561 3314 2599 cor
3338 2545 3561 2616 spiritu,

1977 2643 2032 2689 et
2061 2642 2372 2704 angustato,
2425 2636 2682 2706 lacryma:
2728 2652 2793 2691 ex
2848 2637 3149 2706 improviso
3203 2652 3336 2691 casu
3368 2651 3566 2706 percu.

1979 2725 2147 2779 tiente
2179 2725 2442 2789 animam,
2472 2740 2704 2795 eamque
2737 2725 3117 2791 contrahente,
3134 2726 3284 2779 velut
3317 2741 3380 2780 ex
3405 2727 3565 2795 plaga

1977 2815 2212 2886 quadam
2255 2817 2390 2871 oriri
2423 2831 2795 2871 consuevere:
2835 2817 3094 2886 gaudium
3135 2831 3266 2871 vero
3310 2825 3396 2871 est
3445 2818 3565 2870 ani-

1978 2924 2079 2963 ma:
2097 2908 2169 2963 ob
2192 2924 2281 2964 res
2311 2925 2378 2964 ex
2407 2910 2678 2965 sententia
2711 2908 3077 2964 succedentes
3113 2909 3404 2979 gestientis
3445 2909 3566 2978 qui-

1977 2999 2102 3054 dam
2135 2998 2294 3069 quasi
2325 2999 2525 3054 saltus.
2561 2997 2702 3053 Ilinc
2733 2998 2996 3053 diﬂ‘erunt
3032 3000 3285 3067 corporis
3320 3009 3566 3069 sympto-

1977 3100 2146 3146 mata.
2179 3091 2392 3147 Tristes
2447 3091 2670 3162 quidem
2724 3091 3088 3162 subpallidam
3136 3092 3468 3163 Iividamque
3500 3108 3565 3148 ac

1977 3185 2246 3253 rigentem
2280 3184 2482 3239 habent
2507 3184 2758 3253 corporis
2793 3184 2992 3238 molem
3025 3202 3037 3236 :
3072 3183 3216 3238 inest
3249 3198 3380 3237 vero
3408 3183 3562 3240 eﬂloo

1976 3290 2200 3331 rescens
2257 3274 2506 3344 quaedam
2555 3283 2610 3329 et
2670 3275 2944 3330 subrubra
2998 3275 3254 3344 corporis
3299 3275 3565 3331 habitudo

1976 3367 2112 3424 laetis
2140 3376 2195 3422 et
2223 3366 2517 3430 hilaribus,
2567 3368 2749 3422 anima
2786 3374 2998 3421 tantum
3031 3381 3142 3420 non
3173 3367 3492 3436 prosiliente
3508 3375 3565 3420 et

1974 3468 2366 3528 prorumpente
2394 3459 2460 3512 ad
2493 3459 2771 3513 exteriora
2804 3474 2916 3528 prae
2932 3459 3230 3527 voluptate.
3265 3455 3464 3512 Verum
3493 3458 3563 3511 ad

1974 3552 2090 3605 haec
2142 3551 2409 3617 dicemus,
2457 3550 2603 3621 quod
2649 3549 3074 3605 lamentationes
3125 3556 3443 3606 sanctorum
3485 3549 3564 3602 la-

1973 3658 2283 3713 crymseque
2303 3659 2371 3699 ex
2389 3642 2482 3699 Dei
2495 3658 2679 3697 amore
2698 3642 3207 3714 proﬁciscebantur.
3227 3640 3415 3712 Itaque
3428 3657 3564 3696 ocu-

1973 3737 2042 3791 lis
2071 3739 2128 3791 in
2162 3737 2423 3792 dilectum
2463 3751 2682 3806 semper
2727 3736 2976 3799 intentis,
3015 3750 3079 3789 ac
3123 3734 3308 3788 laetitia
3353 3734 3562 3804 majore

1975 3829 2081 3886 sibi
2105 3828 2229 3884 inde
2251 3829 2548 3884 accedente
2581 3827 2852 3882 curabant
2888 3842 2977 3882 res
3006 3841 3396 3882 conservorum
3428 3843 3560 3882 suo-

1974 3938 2117 3984 rum,
2149 3921 2419 3976 deﬂebant
2449 3922 2599 3991 ipsos
2619 3927 2936 3990 peccantes,
2957 3935 3163 3990 eosque
3179 3935 3273 3988 per
3290 3920 3562 3990 lacrymas

1972 4018 2360 4078 emendabant.
2404 4014 2877 4082 Quemadmodum
2915 4021 3098 4068 autem
3144 4014 3236 4082 qui
3269 4013 3324 4066 in
3376 4011 3563 4067 littore

1973 4121 2140 4176 stant,
2184 4112 2313 4165 dum
2344 4124 2534 4164 eorum
2563 4109 2657 4178 qui
2690 4109 2745 4162 in
2781 4107 2921 4162 mari
2950 4106 3381 4176 submerguntur
3409 4120 3561 4158 com-

1972 4203 2363 4267 miserescunt,
2403 4200 2762 4254 securitatem
2797 4212 2955 4253 suam
3003 4211 3115 4250 non
3163 4195 3450 4258 amittunt,
3491 4195 3562 4248 ob

1975 4295 2116 4348 hanc
2165 4307 2321 4347 suam
2369 4291 2438 4345 de
2491 4289 2932 4360 periclitantibus
2981 4289 3410 4344 sollicitudinem
3446 4291 3562 4344 :ita

1973 4388 2066 4457 qui
2094 4386 2468 4456 proximorum
2501 4382 2700 4440 deﬂent
2728 4389 2974 4452 peccata,
3004 4397 3161 4436 suam
3188 4381 3432 4452 ipsorum
3471 4384 3562 4435 lae-

278 4469 527 4521 ὲναντίον
579 4471 679 4539 μὲν
701 4467 813 4535 οὖν,
838 4475 932 4526 καὶ
964 4474 1185 4543 μείζονα
1228 4477 1471 4531 ποιοῦσιν
1500 4480 1694 4551 αὐτὴν,
1728 4482 1868 4552 ὑπὲρ

1976 4481 2149 4534 titiam
2182 4477 2410 4530 minime
2435 4474 2782 4546 disperdunt.
2819 4471 2934 4528 Imo
2975 4473 3142 4528 etiam
3175 4473 3447 4545 adaugent
3481 4473 3564 4542 ip.

349 4625 396 4654 ³⁸
433 4625 595 4680 Mich.
630 4643 727 4688 vn,
760 4627 813 4681 2.
891 4629 1152 4684 35ibid.l.

1235 4631 1277 4661 3"
1303 4631 1448 4685 Psal.
1468 4635 1683 4696 cx1x,5.

281 4710 363 4758 ιι,
405 4696 496 4750 55.
577 4697 619 4726 ⁸⁸
661 4699 793 4754 Luc.
833 4715 944 4765 ius,
982 4701 1070 4755 41.

351 4850 465 4921 (81)
499 4850 658 4904 Colb.
690 4853 889 4906 tertius
918 4853 1010 4905 καὶ
1036 4853 1184 4917 ὅλας,
1224 4867 1464 4910 scrutare
1497 4858 1708 4912 tandem
1741 4877 1860 4912 om-

281 4939 368 5006 nes
398 4939 544 4976 voces
567 4923 862 4991 justorum.
898 4927 1094 4978 Statim
1120 4926 1250 4979 editi
1283 4926 1483 4999 εὕροις.
1505 4931 1574 4983 Αι
1600 4946 1697 4984 sex
1723 4947 1860 4985 mss.

281 5008 468 5064 ευρῃς.

499 5061 727 5137 Veteres
759 5065 968 5137 aliquot
997 5065 1122 5120 libri
1157 5073 1212 5120 et
1249 5065 1380 5120 editi
1422 5066 1536 5137 ἔχει
1575 5068 1858 5122 ἀναλῦσαι.

281 5133 383 5185 Alii
417 5131 524 5188 duo
560 5131 704 5204 εἶχεν
738 5131 1023 5188 ἀναλῦσαι.

353 5204 463 5272 (85)
489 5205 727 5276 Antiqui
751 5216 861 5260 tres
887 5206 1011 5258 libri
1035 5205 1227 5276 ἐχθρὸν
1249 5205 1438 5260 αὐτοῦ.
1467 5207 1672 5263 Ibidem
1700 5209 1861 5263 iidem

281 5288 412 5326 mss.
446 5275 598 5342 ἀλγῶ
625 5276 716 5328 ἐπὶ
739 5276 843 5329 σοί.
875 5276 979 5328 Alii
1009 5285 1061 5330 et
1083 5275 1214 5330 editi
1239 5277 1334 5328 ἐπὶ
1367 5277 1446 5332 σέ.

355 5344 463 5413 1.85)
499 5345 654 5401 Unus
689 5347 866 5400 codex
897 5346 1052 5400 Colb.
1084 5361 1209 5417 cum
1241 5345 1426 5414 Regiis
1457 5348 1636 5417 primo
1672 5355 1725 5399 et
1756 5355 1866 5400 ter-

287 5415 360 5487 tio
386 5425 436 5467 et
466 5433 590 5470 cum
628 5419 915 5484 impressis
951 5418 1103 5471 libris
1139 5416 1436 5485 θυγατέρες
1458 5415 1858 5487 Ἶερουσαλήμ,

288 5485 412 5555 ﬁlia:
450 5487 771 5540 Jerusalem.
816 5491 884 5541 At
913 5487 1068 5541 Colb.
1099 5489 1290 5541 tertius
1324 5498 1377 5541 et
1410 5485 1860 5555 Reg.rsecundus

287 5553 576 5629 θυγατέρες
639 5559 881 5629 Ἰσραήλ,
933 5559 1061 5629 ﬁliae
1109 5555 1346 5629 Israeli
1363 5565 1415 5629 et
1447 5553 1520 5610 ita
1555 5573 1773 5625 quoque
1807 5560 1859 5610 in

288 5620 514 5698 fulgata
552 5620 774 5698 legitur,
815 5620 885 5682 ἐει
921 5620 1062 5696 apud
1114 5626 1276 5682 LXX.
1317 5620 1860 5698 Quicunqueautem

291 5694 376 5769 ille
407 5694 514 5766 est,
556 5694 649 5769 qui
697 5700 913 5769 primus
957 5694 1187 5766 scripsit
1234 5694 1610 5769 Ἰερουσαλήμ.
1651 5697 1862 5769 idcirco

293 5767 473 5833 lapsus
521 5767 930 5835 credi—potest,
973 5769 1142 5841 quod.
1182 5767 1318 5823 cum‘
1345 5767 1633 5829 scriberet.
1670 5768 1862 5823 memi-
1903 5847 1914 5850 _

1764 4633 2266 4704 ³⁷Ρ1ιῑ1ἰρρ.ι,25.ί
2388 4629 2428 4682 II
2470 4627 2690 4704 Reg._t,
2727 4627 2816 4682 26.
2895 4629 2938 4660 ³⁹
2981 4627 3110 4683 ibid.
3149 4628 3241 4682 24.
3318 4627 3361 4658 ⁸⁸
3398 4626 3557 4680 Joan.

1149 4702 1193 4731 “
1266 4701 1458 4756 Matth.
1497 4705 1644 4771 \,5;
1686 4704 1816 4761 Luc.
1855 4723 1930 4769 Vl,
1961 4701 2051 4760 21.

2128 4705 2172 4733 ⁸³
2213 4702 2444 4770 Philipp.
2490 4716 2561 4763 tv,
2597 4701 2650 4753 4.

1972 4859 2114 4913 nerit
2153 4858 2442 4912 verborum
2487 4854 2704 4909 illorum
2731 4853 2866 4909 Luc.
2900 4870 3057 4914 χχιιι,
3096 4853 3167 4906 28
3206 4851 3557 4921 εΘυγατέρες

1986 4929 2361 4999 Ἰερουσαλὴμ.
2394 4925 2468 4995 μὴ
2495 4925 2716 4978 κλαίετε
2766 4928 2853 4978 ἐπ’
2880 4925 3004 4995 ἐμέ.
3034 4923 3192 4976 Filia:
3232 4921 3554 4987 Jerusalem,

1972 5000 2134 5052 nolite
2163 4999 2288 5066 ﬂere
2312 5012 2466 5063 super
2491 5013 2589 5050 me.

2047 5062 2172 5136 (85)
2189 5062 2411 5122 Veteres
2433 5077 2671 5136 quatuor
2701 5066 2822 5118 libri
2848 5064 2940 5116 ἐπὶ
2963 5063 3235 5134 Λαζάρου.
3267 5062 3437 5136 Infra,
3461 5063 3556 5136 ubi

1969 5134 2098 5192 editi
2139 5134 2342 5191 habent
2376 5134 2530 5206 φασί,
2573 5139 2626 5190 in
2669 5136 2949 5192 veteribus
2990 5138 3236 5205 quinque
3279 5135 3437 5188 libris
3475 5134 3556 5185 le-

1983 5211 2119 5261 zitur
2152 5209 2308 5261 φησί.

1969 5225 2630 5346 ξςι1181ίί)φ(ἶὶ(ξίίιειι·ιἰιιἰ(ιιιο
2672 5276 2890 5330 codices
2936 5275 3000 5328 ἐκ
3045 5276 3248 5346 πηγῆς,
3295 5276 3558 5346 φαίαεὶίεπ

1970 5351 2150 5416 aliquo
2183 5347 2346 5413 fonte.
2385 5347 2492 5400 Alii
2523 5349 2767 5416 quinque
2801 5361 2934 5399 mss.
2970 5355 3027 5399 et
3055 5347 3188 5400 editi
3218 5349 3284 5399 ἐκ
3318 5345 3558 5416 πληγῆς,

1965 5433 2031 5470 ea:
2063 5420 2222 5485 plaga
2254 5417 2509 5486 quadam.

2039 5483 2314 5559 (sryneg.
2341 5487 2618 5542 secundus
2639 5485 2728 5540 διὰ
2751 5484 2850 5556 τῆς
2874 5485 3010 5556 πρὸς
3033 5486 3166 5540 Θεὸν
3196 5485 3419 5555 ἀγάπης
3450 5483 3568 5553 ἐγί-

1966 5575 2138 5611 νοντο.

2040 5629 2152 5697 (88)
2188 5628 2374 5682 Codex
2408 5643 2552 5682 unus
2582 5627 2676 5678 ἐπὶ
2706 5627 2798 5680 τὸν
2832 5627 3098 5695 αἰγιαλόν.

2038 5699 2147 5768 (89)
2182 5699 2408 5766 Antiqui
2426 5706 2553 5769 tres
2586 5698 2711 5752 libri
2733 5700 2844 5762 τοῖς
2867 5700 3265 5769 ἁμαρτάνουσι.
3289 5697 3397 5752 Alii
3419 5712 3555 5752 mss.

1965 5775 2020 5824 et
2054 5769 2188 5824 editi
2223 5768 2604 5840 ἁμαρτήμασι.
