4052 6214
414 328 516 382 ΞΞἹ

1750 315 1808 369 S.
1850 310 2096 368 BASIIJI
2138 307 2354 364 MAGNI

3578 294 3689 348 228

417 461 553 512 sam,
578 445 775 517 gaudio
813 441 1028 499 Domini
1070 439 1281 512 dignati
1313 439 1383 494 oh
1427 436 1631 492 effusas
1678 450 1777 506 pro
1823 433 1994 489 fratre

2116 432 2202 483 ,ὧν
2218 433 2296 493 είς
2318 428 2407 482 τὸν
2429 425 2654 495 ἀδελφὺν
2672 423 2922 494 δακρύων
2939 421 3037 491 τῆς
3049 421 3224 491 χαρᾶς
3240 417 3333 470 τού
3352 414 3557 485 Κυρίου
3576 413 3689 517 (90?

415 536 709 605 iacrymas.
741 532 925 598 Quare
950 530 1095 585 beati
1131 536 1261 584 sunt
1290 527 1386 598 qui
1412 527 1565 591 flent,
1601 525 1749 579 beati
1784 539 2002 595 quoque

416 627 512 696 qui
545 627 752 695 lugent,
785 622 1045 693 quoniam
1067 621 1172 691 ipsi
1206 619 1663 682 consolabuntur,
1712 616 2003 685 etipsimet

414 717 696 773 ridebunt.
720 713 912 768 Risum
949 721 1129 767 autem
1168 711 1322 775 dicit,
1354 725 1465 764 non
1494 708 1786 778 strepitum
1813 722 2002 777 quem-

415 807 543 860 dam
589 820 687 875 per
716 818 885 875 genas
926 803 995 857 ab
1032 803 1419 857 eliervescente
1463 800 1729 869 sanguine
1773 799 2001 862 editum,

418 897 512 951 sed
532 898 863 951 hilaritatem
904 910 1119 965 puram,
1139 902 1191 949 et
1223 894 1403 948 omnis
1435 893 1673 947 tristitia:
1704 900 1999 945 exsortem.

420 987 686 1053 Quocirca
713 989 901 1058 lugere
936 1002 1059 1040 cum
1090 985 1399 1056 lugentibus
1422 983 1468 1015 “
1490 984 1619 1038 licet
1656 998 1753 1052 per
1773 983 2007 1052 Aposto-

420 1082 558 1148 ium,
602 1080 748 1150 quod
779 1080 861 1133 hae
894 1081 1149 1150 lacrymae
1175 1079 1320 1131 Velut
1361 1076 1544 1147 gaudii
1579 1076 1768 1130 aeterni
1820 1089 2003 1128 semen

424 1175 557 1227 fiant
582 1184 635 1227 et
666 1172 838 1227 fenus.
861 1170 1110 1225 Ascende
1138 1170 1268 1223 mihi
1305 1177 1508 1232 mente,
1548 1176 1603 1224 et
1632 1167 2004 1223 conditionem

426 1266 641 1320 intuere
673 1265 1019 1333 angelorum,
1066 1278 1133 1316 an
1165 1262 1457 1316 conveniat
1500 1261 1583 1315 eis
1627 1268 1827 1330 praeter
1870 1275 2007 1329 gau-

425 1357 574 1409 dium
603 1362 657 1409 et
678 1354 920 1409 laetitiam
952 1353 1100 1406 ullus
1134 1352 1276 1406 alius
1291 1357 1469 1406 status
1495 1370 1507 1404 :
1532 1349 1733 1420 quippe
1751 1348 1879 1418 quia
1912 1349 2007 1401 ha-

426 1447 525 1501 biti
566 1453 697 1500 sunt
723 1446 894 1514 digni,
917 1445 1009 1514 qui
1043 1451 1221 1498 astent
1258 1442 1389 1505 Deo,
1410 1457 1474 1495 ac
1504 1440 1856 1495 inenarrabili
1888 1441 2009 1509 pul—

427 1537 740 1591 chritudine
764 1537 951 1606 gloria:
967 1533 1278 1590 Conditoris
1303 1533 1478 1588 nostri
1501 1532 1875 1602 perfruantur.
1905 1530 2009 1585 Ita-

427 1644 535 1698 que
556 1628 622 1681 ad
651 1627 795 1681 hanc
822 1626 1042 1682 vivendi
1074 1626 1342 1680 rationem
1375 1625 1616 1681 invitans
1649 1639 1751 1679 nos
1779 1624 2011 1692 Aposto-

428 1720 536 1785 lus,
569 1733 786 1788 semper
815 1717 1054 1788 gaudere
1084 1731 1186 1770 nos
1213 1716 1402 1786 jussit.

497 1810 551 1865 5.
582 1808 786 1875 Quodsi
820 1808 1086 1863 Dominus
1128 1808 1400 1880 iacrymas
1422 1821 1588 1878 super
1611 1805 1877 1860 Lazarum
1908 1804 2017 1874 29
2051 1820 2090 1872 Β

429 1910 485 1955 et
514 1916 680 1970 super
705 1894 981 1955 civitatem
1019 1899 1284 1970 profudit,
1335 1900 1470 1954 illud
1499 1899 1683 1953 dicere
1725 1897 2010 1962 habemus,

430 1991 610 2060 ipsum
656 2001 710 2046 et
750 1990 1058 2046 comedisse
1082 1998 1155 2045 .et
1190 1991 1418 2056 bibisse,
1476 1990 1614 2044 nihil
1644 1988 1886 2058 alioquin
1917 1988 2016 2042 ho-

434 2098 552 2136 rum
586 2082 831 2151 indigum
860 2101 878 2137 :
909 2081 1004 2137 sed
1034 2082 1227 2137 modos
1254 2096 1319 2137 ac
1353 2082 1492 2137 fines
1527 2082 1728 2152 quibus
1768 2095 2016 2135 necessa-

432 2174 497 2227 rii
534 2174 728 2228 anima:
752 2172 978 2228 affectus
1008 2172 1421 2237 contineantur,
1455 2172 1553 2227 tibi
1585 2168 2015 2240 reliquisse.ita-

432 2278 538 2333 que
564 2265 643 2319 sic
677 2264 841 2318 etiam
876 2264 1214 2334 lacrymatus
1244 2270 1350 2331 est,
1383 2269 1446 2318 ut
1476 2261 1826 2317 immodicam
1864 2275 2013 2330 quaa-

434 2358 682 2410 rulorum
720 2369 784 2410 ac
833 2354 1018 2409 luctus
1051 2355 1357 2408 amantium
1397 2352 1467 2407 ad
1501 2351 1740 2409 ﬂendum
1781 2367 2016 2421 propen—

435 2450 668 2511 sionem,
685 2446 965 2516 animique
990 2460 1180 2501 eorum
1204 2444 1597 2501 demissionem
1622 2449 1859 2499 sanaret.
1880 2442 2014 2496 Nam

437 2541 482 2595 si
517 2537 650 2609 quid
674 2538 846 2602 aliud,
880 2536 1183 2608 praesertim
1206 2536 1466 2610 iacrymaa
1486 2550 1627 2607 opus
1656 2533 1860 2590 habent
1898 2548 2016 2589 mo-

435 2631 718 2685 deramine
793 2629 1022 2683 rationis
1055 2646 1071 2683 :
1104 2628 1439 2698 quibusnam
1510 2628 1897 2697 illacrymetur,
1961 2633 2016 2679 et

438 2727 729 2788 quantum,
764 2725 818 2772 et
852 2717 1094 2787 quando,
1125 2723 1180 2771 et
1204 2716 1482 2787 quomodo
1509 2731 1610 2786 par
1636 2715 1818 2770 fuerit.
1858 2713 2014 2779 Quod

437 2807 583 2862 enim
606 2806 744 2859 citra
778 2805 945 2858 ullam
968 2804 1138 2858 animi
1167 2803 1615 2868 commotionem,
1653 2802 1749 2858 sed
1784 2804 1853 2856 ad
1886 2817 2014 2856 eru-

439 2897 670 2953 diendos
703 2910 806 2951 nos
840 2896 1174 2966 lacrymatus
1211 2901 1297 2949 est
1339 2894 1626 2958 Dominus,
1670 2901 2015 2964 perspectum

441 2996 527 3043 est
566 3002 631 3042 ac
688 2985 1040 3040 manifestum
1094 3000 1157 3039 ex
1217 2985 1353 3039 illo:
1384 2980 1622 3037 Lazarus
1671 2983 1872 3036 amicus
1915 2999 2015 3036 no-

441 3088 550 3132 star
580 3076 795 3142 dormit,
819 3074 909 3130 sed
932 3074 1066 3130 vado
1096 3084 1152 3129 ut
1173 3090 1406 3128 asomno
1421 3076 1640 3128 excitem
1668 3090 1785 3128 eum
1796 3074 2014 3140 ".Quis

2104 521 2536 591 καταξιούμενοι.
2571 517 2668 571 Διά
2689 517 2847 569 τοῦτο
2893 515 3149 584 μακάριοι
3182 513 3231 563 οἱ
3266 509 3564 569 κλαίοντες,
3594 504 3690 558 καὶ

2106 614 2367 687 μακάριοι
2393 613 2443 665 οἱ
2474 611 2817 675 πενθοῦντες,
2842 609 2922 661 ὅτι
2955 606 3109 659 αὐτοὶ
3153 598 3686 673 παρακληθήσονται,

2104 707 2198 761 καὶ
2229 706 2385 759 αὐτοὶ
2403 703 2714 773 γελάσουσι.
2744 701 2962 754 Γέλωτα
2992 697 3050 751 δὲ
3076 697 3223 763 λέγει
3251 696 3313 748 οὐ
3339 693 3431 746 τὸν
3463 691 3551 745 διὰ
3580 691 3690 744 τῶν

2105 798 2346 869 παρειῶν
2366 797 2696 849 ἐκπίπτοντα
2720 793 2889 863 ψόφον
2912 793 2968 843 ἐν
2987 789 3064 861 τῷ
3082 789 3312 858 αἵματος
3331 781 3688 855 ἀναϐρασμῷ,

2104 889 2240 942 ἀλλὰ
2262 888 2360 959 τὴν
2384 887 2621 958 ἄκρατον
2645 886 2740 939 καὶ
2764 881 2940 953 ἀμιγῆ
2989 879 3189 941 παντὸς
3220 872 3545 946 σκυθρωποῦ
3581 873 3692 925 ἱλα-

2107 977 2325 1048 ρότητα.
2345 975 2561 1027 Κλαίειν
2584 970 2675 1027 οὖν
2701 971 2837 1043 μετὰ
2862 969 3157 1024 κλαιόντων
3186 964 3454 1035 συγχωρεῖ
3476 963 3504 1014 ὁ
3534 961 3692 1013 Ἀπό-

2109 1066 2310 1128 στολος,
2359 1065 2545 1136 ἐπειδὴ
2566 1065 2627 1117 τὸ
2663 1064 2894 1134 δάκρυον
2929 1059 3086 1113 τοῦτο
3132 1057 3295 1110 οἱονεὶ
3338 1055 3560 1124 σπέρμα
3598 1049 3690 1136 καλ⁵

2106 1157 2368 1227 δάνεισμα
2396 1132 2603 1225 γίνεται
2629 1156 2727 1225 τῆς
2747 1132 2965 1208 αἰωνίου
2996 1152 3188 1223 χαρᾶς.
3221 1147 3417 1200 Ἀνάϐα
3453 1161 3543 1214 μοι
3576 1132 3689 1214 (91)

2106 1253 2171 1320 τῇ
2201 1251 2430 1321 διανοίᾳ,
2479 1249 2572 1301 καὶ
2629 1248 2820 1301 θέασαι
2851 1246 2948 1315 τὴν
2999 1241 3297 1312 ἀγγελικὴν
3337 1237 3688 1298 κατάστασιν,

2108 1344 2156 1395 εί
2181 1342 2312 1412 ἄλλη
2339 1359 2420 1404 τις
2449 1341 2632 1403 αὐτοῖς
2677 1340 2874 1409 πρέπει
2916 1337 3268 1397 κατάστασις,
3297 1331 3434 1402 πλὴν
3452 1329 3542 1382 τοῦ
3566 1327 3691 1397 χαί-

2112 1449 2223 1502 ρειν
2251 1433 2345 1485 καὶ
2371 1429 2794 1501 διευθυμείσθαι·
2814 1429 2894 1481 ὅτι
2915 1426 3172 1497 ἠξίωνται
3195 1422 3529 1495 παρεστάναι
3550 1419 3688 1489 Θεῷ,

2110 1524 2204 1576 καὶ
2228 1523 2520 1576 ἀπολαύειν
2548 1521 2640 1573 τοῦ
2684 1519 2997 1591 ἀπορρήτου
3028 1517 3260 1579 κάλλους
3296 1517 3393 1586 τῆς
3412 1513 3567 1581 δόξης
3596 1511 3689 1563 τοῦ

2112 1617 2393 1677 κτίσαντος
2424 1614 2593 1684 ἡμᾶς.
2620 1613 2760 1684 Πρὸς
2783 1614 2985 1664 ἐκεῖνον
3013 1606 3104 1663 οὖν
3132 1609 3222 1661 τὸν
3254 1608 3365 1677 βίον
3393 1603 3690 1674 παρορμῶν

2116 1707 2262 1776 ἡμᾶς
2292 1709 2320 1758 ὁ
2350 1704 2688 1766 Ἀπόστολος,
2722 1706 2949 1757 πάντοτε
2978 1701 3188 1772 χαίρειν
3209 1701 3337 1770 ἡμῖν
3360 1696 3658 1762 διετάξατο.

2198 1799 2252 1851 5.
2297 1797 2459 1849 Ἀλλὰ
2482 1798 2587 1867 μὴν
2618 1795 2753 1866 πρός
2782 1810 2847 1862 γε
2870 1794 2932 1847 τὺ
2951 1792 3213 1863 δακρῦσαι
3235 1790 3326 1842 τὸν
3357 1787 3559 1856 Κύριον
3602 1786 3693 1838 ἐπὶ

2116 1889 2354 1961 Λαζάρῳ
2399 1890 2493 1941 καὶ
2540 1888 2631 1940 ἐπὶ
2665 1889 2731 1957 τῇ
2770 1886 2922 1938 πόλει
2964 1886 3139 1937 ἐκεῖνο
3169 1884 3341 1934 εἰπεῖν
3376 1879 3590 1949 ἔχομεν,
3613 1877 3692 1930 ὅτι

2115 1981 2206 2033 καὶ
2263 1980 2455 2048 ἔφαγε,
2511 1979 2606 2032 καὶ
2647 1977 2818 2042 ἔπιεν,
2853 1977 2954 2029 οὐκ
2993 1975 3150 2037 αὐτὸς
3186 1973 3388 2026 τούτων
3424 1970 3691 2040 δεόμενος,

2115 2069 2254 2122 ἀλλὰ
2287 2087 2369 2123 σοι
2404 2069 2576 2140 μέτρα
2599 2067 2693 2120 καὶ
2718 2069 2878 2137 ὅρους
2905 2065 3012 2118 τῶν
3036 2062 3345 2131 ἀναγκαίων
3386 2060 3483 2130 τῆς
3518 2057 3695 2127 ψυχῆς

2115 2160 2455 2231 παθημάτων
2494 2158 2940 2228 καταλιμπάνων.
2964 2155 3119 2209 Οὕτω
3135 2153 3262 2223 γοῦν
3288 2152 3380 2205 καὶ
3408 2150 3691 2221 ἐδάκρυσε,

2113 2251 2223 2304 τῶν
2274 2250 2573 2322 ὀδυρτικῶν
2620 2250 2714 2302 καὶ
2746 2247 3083 2319 φιλοθρήνων
3127 2246 3188 2298 τὸ
3218 2245 3355 2313 ἄγαν
3396 2240 3695 2313 περιπαθὲς

2115 2342 2211 2394 καὶ
2247 2339 2503 2394 ταπεινὸν
2559 2338 3051 2408 ἐπανορθούμενος.
3103 2337 3166 2388 Εἰ
3193 2338 3301 2406 γάρ
3327 2351 3380 2386 τι
3424 2332 3570 2393 ἄλλο,
3602 2329 3697 2383 καὶ

2114 2430 2176 2484 τὸ
2199 2430 2453 2496 δακρύειν
2485 2430 2582 2498 τῆς
2611 2431 2675 2482 ἐκ
2702 2429 2972 2497 τοῦλόγου
2998 2425 3336 2497 συμμετρίας
3360 2422 3691 2495 προσδεῖται·

2116 2524 2210 2577 ἐπὶ
2236 2524 2342 2578 τίσι
2383 2524 2492 2595 (92)
2516 2522 2784 2592 γίνεσθαι,
2819 2523 2915 2575 καὶ
2954 2521 3046 2574 ἐπὶ
3074 2520 3261 2583 πόσον,
3298 2518 3392 2571 xui.
3427 2517 3579 2581 πότε,
3604 2516 3697 2568 καὶ

2115 2618 2262 2681 ὅπως
2280 2615 2573 2688 προσῆκεν.
2612 2615 2731 2667 Ὅτι
2752 2613 2861 2685 γὰρ
2885 2614 2985 2665 ούκ
3014 2611 3257 2682 ἐμπαθὲς
3284 2606 3351 2681 ἦν
3374 2610 3435 2662 τὸ
3465 2610 3697 2679 δάκρυον

2114 2710 2210 2767 τοῦ
2245 2709 2473 2779 Κυρίου,
2518 2705 2655 2762 ἀλλὰ
2687 2704 3086 2767 διδασκαλικὸν,
3115 2702 3323 2756 ἐκεῖθεν
3352 2701 3510 2771 δῆλον
3530 2718 3543 2731 ’
3579 2701 3696 2755 Λά-

2117 2804 2288 2874 ζαρος
2313 2808 2345 2859 ό
2369 2805 2548 2873 φίλος
2566 2802 2735 2872 ἡμῶν
2765 2800 3127 2870 κεκοίμηται,
3171 2794 3331 2851 ἀλλὰ
3379 2797 3699 2865 πορεύομαι

2117 2898 2217 2951 ἵνα
2250 2896 2560 2961 ἐξυπνίσω
2604 2894 2810 2948 αὐτόν.
2862 2892 2957 2955 Τίς
3004 2889 3162 2962 ἡμῶν
3199 2891 3307 2960 (95)
3359 2890 3699 2960 κοιμώμενον

2116 2985 2367 3057 ὀδύρεται
2396 2984 2568 3054 φίλον,
2599 2984 2657 3039 ὃν
2697 2981 2890 3055 μικρὸν
2931 2982 3156 3051 ὕστερον
3190 2980 3464 3051 προσδοκᾷ
3489 2979 3698 3032 διυπνί-

2119 3080 2265 3145 ζειν”;
2292 3077 2535 3147 Λάζὶιρε,
2567 3076 2743 3144 δεῦρο
2762 3076 2898 3139 ἔξω.
2918 3076 3028 3127 Καὶ
3048 3077 3076 3127 ὁ
3108 3074 3299 3145 νεκρὸς
3322 3073 3665 3138 ἐζωοποιεϊτο
3683 3090 3696 3102 ·

442 3175 691 3223 nostrum
720 3166 879 3221 deflet
895 3166 1132 3221 amicum
1151 3165 1535 3228 dormientem,
1554 3179 1714 3234 quem
1736 3165 2016 3235 aliquanto

2121 3172 2216 3224 καὶ
2243 3170 2566 3241 ὁδεδεμένος
2596 3168 2936 3240 περιεπάτει.
2969 3165 3164 3236 Θαῦμα
3192 3168 3251 3219 ἐν
3285 3166 3522 3236 θαύματι
3549 3183 3560 3194 ·
3589 3182 3703 3218 κει-

443 3258 566 3329 post
595 3266 778 3329 sperat
809 3256 1250 3328 expergefactum
1283 3257 1348 3311 iri
1369 3254 1630 3320 ?La:.are,
1654 3258 1768 3310 veni
1791 3257 1935 3327 foras
1949 3259 2016 3315 “.

441 3350 559 3405 Jam
594 3358 846 3404 mortuus
874 3347 1237 3402 revocabatur
1279 3348 1348 3402 ad
1382 3349 1549 3402 vitam
1585 3349 1738 3418 :jam
1767 3350 2020 3420 alligatus

444 3440 780 3495 ambulabat.
810 3438 957 3495 Inest
988 3438 1317 3493 miraculum
1350 3438 1406 3492 in
1437 3439 1724 3493 miraculo.
1742 3438 1916 3497 Pedes
1952 3441 2021 3495 li-

443 3534 713 3604 gabantur
738 3530 965 3595 institis,
996 3545 1100 3585 nec
1142 3541 1328 3585 tamen
1351 3546 1384 3585 a
1411 3537 1560 3586 motu
1608 3531 2018 3601 prohibebatur.

444 3620 655 3675 Etenim
688 3620 882 3676 aderat
913 3622 996 3678 vis
1027 3624 1276 3693 quaedam
1308 3623 1464 3679 obice
1506 3624 1702 3694 major.
1736 3622 2022 3689 Quomodo

444 3714 613 3782 igitur
635 3711 921 3778 Dominus,
953 3716 1047 3784 qui
1071 3724 1194 3769 erat
1212 3714 1338 3769 talia
1356 3713 1629 3782 facturus,
1653 3729 1845 3769 casum
1867 3715 2022 3769 illum

444 3804 704 3874 lacrymis
734 3802 959 3875 dignum
981 3805 1330 3875 iudicasset?
1359 3806 1429 3859 At
1466 3821 1577 3859 non
1607 3804 1786 3875 palam
1816 3815 1902 3858 est
1935 3804 2020 3874 ip-

444 3908 567 3949 sum
607 3892 984 3949 infirmitatem
1026 3904 1273 3951 nostram
1315 3895 1560 3965 undique
1595 3894 2019 3957 suﬂulcientem,

442 3999 536 4038 eas
562 3983 879 4039 aﬂ'ectiones
913 4001 1034 4054 quae
1067 3985 1413 4041 inevitabiles
1436 3994 1567 4039 sunt
1593 3994 1648 4039 et
1673 3984 2020 4047 necessariae,

443 4076 589 4128 intra
635 4076 827 4130 modos
877 4078 1146 4146 quosdam
1201 4091 1269 4131 ac
1326 4078 1590 4133 terminos
1643 4076 2024 4131 continuisse?

442 4165 729 4233 Apathiam
782 4167 1005 4235 quidem
1058 4167 1249 4221 vitavit
1296 4175 1558 4238 tanquam
1598 4166 1857 4237 quiddam
1894 4166 2024 4221 feri-

442 4274 615 4310 num:
650 4257 826 4311 noluit
879 4267 1063 4314 tamen
1113 4262 1337 4315 mairori
1396 4275 1460 4315 ac
1518 4260 1754 4315 tristitiae
1805 4258 2023 4314 deditus

442 4360 587 4408 esse,
611 4360 677 4399 ac
706 4348 937 4400 multum
969 4349 1287 4419 lacrymari,
1311 4350 1456 4419 quod
1488 4350 1591 4404 hoc
1635 4350 1903 4404 illiberale
1936 4364 2025 4404 (ιε-ο

443 4445 529 4493 set
558 4446 614 4493 et
642 4439 923 4509 ignavum.
956 4440 1324 4506 Quamobrem
1345 4442 1522 4497 amico
1545 4440 1794 4497 deﬂendo
1834 4450 2022 4498 osten-

443 4528 523 4583 dit
553 4532 992 4588 communionem
1022 4534 1276 4588 humana:
1305 4542 1545 4602 naturae;
1602 4535 1875 4605 simulque
1917 4551 2021 4591 nos

443 4625 512 4678 ab
533 4638 761 4680 excessu
788 4625 847 4679 in
881 4635 1170 4696 utramque
1185 4637 1393 4696 partem
1421 4628 1696 4695 liberavit,
1727 4643 1905 4698 neque
1920 4643 2022 4684 nos

443 4715 662 4770 mollius
692 4715 870 4787 frangi
902 4716 1172 4779 adversis,
1196 4733 1375 4787 neque
1407 4718 1551 4772 inter
1578 4720 1859 4774 molestias
1896 4734 2023 4774 sen-

444 4820 541 4861 sus
567 4821 689 4863 esse
720 4819 976 4879 expertes
1008 4810 1354 4879 permittens.
1371 4810 1837 4876 Quemadmodum
1856 4811 2023 4881 igitur

447 4895 706 4955 Dominus
763 4900 955 4956 solidis
1013 4901 1152 4956 cibis
1201 4901 1429 4972 digestis
1490 4901 1691 4959 famem
1734 4903 2017 4966 sustinuit,

443 4989 704 5061 sitimque
733 4993 972 5059 admisit,
1022 4993 1252 5047 humore
1284 4994 1535 5064 corporis
1586 5003 1939 5066 consumpto,
1964 5003 2020 5051 et

510 5148 560 5174 “
595 5142 754 5199 Rom.
794 5162 904 5213 xu,
943 5148 1031 5201 15.
1108 5147 1153 5181 ⁸³
1203 5146 1361 5203 Joan.
1405 5164 1492 5212 xi,
1530 5148 1591 5201 Η
1695 5148 1741 5181 ⁸⁸
1782 5150 1912 5204 ibid.
1944 5151 2015 5204 45

512 5257 628 5339 (90)
659 5256 792 5339 Reg.
810 5260 1100 5339 'secundus
1130 5264 1310 5339 χαρᾶς
1334 5263 1443 5317 τῶν
1465 5262 1709 5339 δικαίων,
1742 5264 1918 5339 eﬂ'eoti
1939 5274 2025 5317 αι-

443 5327 536 5397 gni
575 5327 769 5403 gaudio
798 5329 1103 5403 iustorum.
1136 5327 1274 5403 Nec
1297 5333 1373 5386 ita
1417 5335 1592 5403 multo
1620 5344 1745 5402 post
1770 5327 2027 5403 quinque

442 5397 947 5475 mss._ye}dqovtot.
975 5398 1222 5475 Subinde
1246 5402 1356 5475 duo
1378 5418 1511 5475 mss.
1540 5397 1752 5475 κλαίειν
1780 5397 1837 5457 δὲ
1864 5397 2023 5475 μετά.

514 5466 628 5589 gl)
655 5466 879 5535 Antiqui
926 5484 1120 5524 novem
1167 5472 1291 5526 libri
1336 5472 1513 5526 ἁνάὁα
1560 5490 1672 5543 μοι.
1710 5466 2029 5529 Εάίιῖὰνά-

597 5554 705 5589 μοι.
738 5538 1191 5589 corrunte.Haud
1225 5544 1384 5589 longe
1415 5542 1547 5589 Rea.
1579 5545 1861 5589 secundum
1885 5561 2028 5589 atan-

444 5536 575 5616 1a6§
597 5536 721 5616 μοι,
738 5549 1016 5616 c9rrgp_te.
1035 5538 1192 5616 [laud
1225 5544 1384 5612 longe
1414 5536 1861 5616 R_eg.f'secundus
1885 5561 2028 5616 παρ-

446 5606 822 5684 ιστάναι-βεῷ.
857 5606 1101 5684 Subinde
1131 5610 1243 5684 duo
1273 5606 1591 5684 "135.1qu
1619 5613 1921 5680 διετάξατο.

511 5678 628 5749 (92)
662 5676 823 5751 Vulg.
866 5678 960 5733 ἐπὶ
986 5680 1118 5734 τισι.
1144 5676 1684 5741 Emendatio"obvia.
1724 5676 1880 5742 Eon.

2126 3262 2263 3333 ρίαις
2317 3260 2561 3314 δεδέσθαι
2622 3261 2748 3321 τοὺς
2779 3258 2966 3320 πόδας,
3006 3256 3100 3309 καὶ
3138 3256 3212 3326 μὴ
3240 3254 3543 3308 κωλύεσθαι
3568 3254 3701 3324 πρὸς

2121 3354 2218 3423 τὴν
2246 3352 2478 3422 κίνησιν.
2514 3349 2712 3412 Μεῖζον
2746 3348 2854 3419 γὰρ
2879 3344 2946 3419 ἦν
2974 3348 3034 3401 τὸ
3079 3346 3325 3417 ἐνισχύον
3352 3345 3463 3415 (94)
3488 3344 3580 3398 τοῦ
3611 3347 3705 3413 ἐμ-

2121 3443 2444 3507 ποδίζοντος.
2500 3441 2624 3504 Πῶς
2663 3437 2755 3493 οὖν
2783 3444 2811 3493 ὁ
2838 3439 3061 3494 τοιαῦτα
3089 3441 3332 3510 ἐνεργεῖν
3365 3438 3571 3509 μέλλων
3607 3437 3700 3489 δα·-

2122 3536 2304 3607 κρύων
2334 3535 2481 3600 ἄξιον
2513 3535 2571 3587 τὸ
2600 3532 2811 3604 συμϐὰν
2839 3533 3085 3604 ἐκρινεν;
3134 3535 3204 3586 Ἢ
3234 3532 3413 3604 δῆλον,
3439 3532 3539 3594 ὅτι,
3572 3549 3705 3583 παν-

2119 3629 2347 3701 ταχόθεν
2403 3628 2464 3682 τὸ
2526 3627 2747 3689 ἀσθενὲς
2786 3626 2944 3696 ήμῶν
2994 3624 3315 3696 ὑπερείδων,
3349 3623 3565 3694 μέτροις
3594 3624 3704 3674 τισὶ

2122 3722 2217 3775 καὶ
2261 3722 2408 3793 ὅροις
2449 3718 2520 3772 τὰ
2570 3720 2845 3786 ἀναγκαῖα
2895 3716 3188 3788 περιέλαϐε
3247 3714 3430 3785 πάθη;
3493 3713 3555 3767 τὸ
3603 3713 3704 3784 μὲν

2122 3813 2443 3885 ἀσυμπαθὲς
2477 3811 2553 3874 ὼς
2598 3809 2863 3881 θηριῶδες
2917 3810 3199 3873 ἐκκλίνων,
3231 3807 3294 3860 τὸ
3333 3806 3389 3858 δὲ
3416 3805 3705 3875 φιλόλυπον

2124 3905 2217 3956 καὶ
2247 3902 2578 3974 πολύθρηνον
2604 3901 2710 3973 (95)
2742 3901 2816 3966 ὡς
2855 3901 3047 3968 ἀγενές
3095 3899 3549 3968 παραιτούμενος.
3583 3897 3701 3949 Διό-

2125 4011 2249 4065 περ,
2303 3992 2671 4064 ἐπιδακρύσας
2713 3991 2790 4062 τῴ
2822 3991 2979 4060 φίλῳ,
3008 3991 3169 4052 αὐτὸς
3197 4007 3256 4041 τε
3295 3989 3393 4059 τὴν
3420 3988 3701 4041 κοινωνίαν

2123 4089 2221 4157 τῆς
2271 4087 2614 4158 ἀνθρωπείας
2668 4085 2883 4154 φύσεως
2943 4083 3269 4147 ἐπεδείξατο,
3293 4083 3386 4135 καὶ
3417 4082 3564 4152 ἡμᾶς
3595 4079 3702 4132 τῶν

2126 4181 2209 4248 ἐφ’
2259 4179 2494 4251 ἐκὰτερα
2526 4172 3220 4248 ὑπερϐολῶν’ἡλευθέρωσε
3242 4191 3255 4205 ·
3292 4178 3427 4246 μήτε
3454 4191 3704 4244 καταμα-

2124 4269 2438 4334 λακίζεσθαι
2493 4270 2628 4337 πρὸς
2676 4269 2745 4322 τὰ
2809 4269 2978 4339 πάθη,
3023 4270 3158 4340 μήτε
3190 4267 3529 4338 ἀναισθήτως
3557 4266 3744 4336 ἔχειν.

2125 4361 2233 4414 τῶν
2288 4361 2547 4432 λυπηρῶν
2590 4360 2921 4432 ἐπιτρέπων.
2977 4361 3062 4422 Ὠς
3103 4355 3197 4411 οὖν
3237 4357 3559 4421 κατεδέξατο
3602 4355 3701 4427 τὴν

2126 4455 2314 4505 πεῖναν
2347 4455 2375 4505 ὁ
2397 4452 2618 4522 Κύριος,
2653 4452 2750 4521 τῆς
2782 4452 3008 4521 στερεᾶς
3029 4449 3235 4519 τροφῆς
3259 4446 3703 4517 διαπνευσθείσης

2124 4543 2295 4613 αὐτῷ,
2323 4544 2416 4595 καὶ
2443 4544 2541 4613 τὴν
2573 4542 2733 4609 δίψαν
2766 4542 3096 4612 προσήκατο,
3126 4541 3223 4610 τῆς
3251 4539 3547 4609 ὑγρότητος
3577 4537 3702 4590 ἀνα-

2121 4632 2383 4704 λωθείσης
2399 4633 2495 4703 τῆς
2522 4635 2579 4686 ἐν
2604 4631 2679 4702 τῷ
2702 4631 2913 4703 σώματι
2935 4649 2948 4662 ·
2973 4634 3067 4686 καὶ
3106 4631 3387 4694 ἐκοπίασε,
3416 4628 3523 4682 τῶν
3551 4628 3702 4699 μυῶν

2123 4725 2217 4778 καὶ
2239 4724 2349 4778 τῶν
2370 4725 2573 4794 νεύρων
2601 4727 2665 4777 ἐκ
2690 4725 2788 4794 τῆς
2825 4724 3130 4796 ὁδοιπορίας
3162 4722 3575 4793 ὑπερταθέντων
3595 4736 3608 4749 ο
3638 4720 3700 4771 ού

2121 4815 2219 4886 τῆς
2250 4815 2498 4886 θεότητος
2524 4814 2602 4886 τῷ
2630 4817 2859 4887 καμάτῳ
2879 4814 3279 4887 δαμαζομένης,
3310 4812 3449 4868 ἀλλὰ
3476 4812 3571 4868 τοῦ
3601 4810 3704 4865 σώ-

2128 4923 2295 4978 ματος
2347 4908 2413 4959 τὰ
2451 4909 2514 4960 ἐκ
2557 4906 2768 4975 φύσεως
2822 4905 3288 4960 ἐπακολουθοῦντα
3322 4902 3702 4975 συμπτώματα

2123 4997 2413 5067 δεχομένου
2438 5015 2450 5026 ·
2487 4997 2627 5050 οὕτω
2680 4998 2772 5051 καὶ
2802 4998 2862 5051 τὸ
2890 4998 3119 5069 δάκρυον
3156 4997 3491 5068 προσήκατο,
3520 4992 3580 5049 τὸ
3601 5011 3703 5049 φυ-

2197 5267 2311 5340 (95)
2346 5264 2573 5340 Ῡοιειοε
2605 5268 2849 5338 quinque
2877 5269 3000 5323 libri
3025 5268 3110 5332 τίς
3136 5266 3318 5340 ἡμῶν.
3350 5265 3699 5340 Εᾶίῑί-ὕμειν.

2201 5337 2313 5407 (94)
2347 5337 2568 5408 Legitur
2599 5340 2655 5391 in
2676 5337 2913 5407 quatuor
2934 5354 3068 5393 mss.
3099 5337 3460 5408 τδένισχύον,
3506 5338 3561 5391 in
3584 5337 3700 5391 edi-

2124 5408 2350 5481 tis_vero
2376 5411 2517 5481 etin
2542 5409 2908 5481 aliis_duobus
2937 5424 3053 5463 mss
3103 5408 3456 5481 ’axdov.Mos
3484 5417 3699 5463 veteres

2123 5477 2521 5550 quinquelibri
2550 5478 2775 5550 τοιαῦτα
2805 5479 3067 5550 ἐνεργεῖν.

2199 5545 2309 5618 (95⁷)
2342 5546 2495 5602 Unus
2532 5550 2705 5604 codex
2740 5545 2979 5604 Colbf'rb
3001 5549 3280 5616 φιλόπονον
3308 5551 3401 5602 καὶ
3425 5545 3700 5618 πολύθρη-

2127 5634 2239 5691 νον»,
2260 5618 2657 5691 -ῐηειετξιειὶηι
2686 5630 2796 5673 tres
2816 5635 2949 5691 mss.
2978 5618 3438 5691 zﬁgdvepwwivqg
3462 5617 3694 5688 φύσεως.

2129 5687 2275 5744 Editi
2303 5696 2357 5745 et
2389 5689 2485 5744 alii
2514 5703 2649 5746 mss.
2684 5691 2785 5762 τῆς
2814 5687 3178 5761 ἀνθρωπείας.
