4052 6214
314 322 416 380 29.9
1304 324 1589 379 HOMILIA
1631 326 1714 379 DE
1753 325 2170 382 GRATIARL'M
2214 326 2534 381 ACTIONE.
3474 337 3582 391 250

313 437 458 490 σικὸν
493 439 560 507 τῇ
623 439 788 508 σαρκὶ
840 439 1179 508 ἐπιγίνεσθαι
1233 443 1545 516 σύμπτωμα
1578 465 1667 516 συγ
1679 449 1888 519 χωρῶν.

1996 448 2324 517 defatigatus
2347 457 2430 503 est
2457 465 2522 503 ex
2548 449 2834 515 itinere",
2869 451 3134 505 musculis
3153 466 3215 506 ac
3245 455 3426 510 nervis
3458 457 3581 526 plus

314 529 486 599 ὀπερ
526 527 840 598 συμϐαίνει,
872 531 1001 584 ὅταν
1018 530 1089 584 τά
1128 531 1239 604 (96)
1255 535 1410 590 κοῖλα
1429 539 1522 590 τοῦ
1554 539 1856 609 ἐγκεφάλου
1875 581 1889 604 ,

1995 555 2151 609 aequo
2172 540 2451 603 distentis.
2502 554 2611 593 non
2644 539 3039 596 succumbente
3068 542 3242 596 labori
3273 544 3577 613 divinitate,

312 620 416 673 τῶν
448 623 512 673 ἐκ
537 621 637 690 τῆς
686 621 869 691 λύπης
908 623 1321 694 ἀναθυμιάσεων
1363 629 1738 699 πληρωθέντα,
1783 629 1893 686 οἷον

1996 631 2092 686 sed
2123 647 2357 700 corpore
2409 647 2532 700 quae
2572 632 2748 702 ipsius
2795 643 3051 686 naturam
3099 634 3354 688 comitari
3405 637 3581 690 solent

310 713 377 766 δι’
422 713 623 783 ὀχετῶν
664 731 828 768 τινων
875 715 984 769 τῶν
1037 719 1176 771 κατὰ
1208 721 1333 783 τοὺς
1370 721 1681 792 ὀφθαλμοὺς
1712 726 1892 795 πόρων

1996 723 2330 792 suscipiente
2363 741 2373 775 :
2405 721 2551 775 hunc
2573 725 2638 776 ad
2662 723 2884 777 modum
2909 723 3129 778 admisit
3153 739 3370 795 quoque
3404 726 3581 796 laet-y-

310 805 400 858 τοῦ
425 804 593 876 ὑγροῦ
617 804 679 856 τὸ
708 805 877 876 βάρος
902 807 1359 879 ἀποσκευάζηται.
1395 811 1556 864 ’Ὅθεν
1573 808 1696 882 ἦχοί
1725 831 1890 878 τινες,

2001 828 2139 875 mas,
2195 812 2348 865 carni
2382 812 2569 866 sinens
2599 811 2848 866 accidere
2878 813 3021 882 quod
3059 813 3112 866 ei
3143 822 3263 866 erat
3306 815 3577 867 naturale.

312 900 403 950 καὶ
431 899 650 965 ἴλιγγοι,
677 898 774 950 καὶ
825 899 1119 964 σκοτώσεις
1165 904 1258 956 ἐπὶ
1299 907 1420 966 ταῖς
1459 905 1740 976 ἀδοκήτοις
1785 908 1892 959 τῶν

1996 904 2110 959 Hoc
2143 914 2323 959 autem
2367 904 2637 972 contingit
2677 913 2790 956 tum
2841 918 2963 958 cum
2999 904 3208 958 cerebri
3249 918 3402 970 cava,
3429 904 3579 957 exci-

311 988 567 1059 λυπηρῶν
589 991 783 1053 ἀκοαῖς
835 992 1158 1060 ἐγγίνονται,
1189 994 1639 1066 περιδονουμένης
1667 999 1765 1067 τῆς
1799 1016 1892 1050 κε-

1996 997 2125 1052 talis
2181 1011 2210 1049 a
2262 995 2487 1049 tristitia
2539 995 2837 1064 vaporibus
2878 996 3102 1058 referta,
3154 1011 3251 1064 per
3289 995 3577 1049 oculorum

313 1084 483 1152 φαλῆς
514 1083 620 1136 ὑπὸ
666 1084 773 1136 τῶν
817 1085 1007 1155 ἀτμῶν
1047 1087 1176 1155 (97),
1213 1087 1306 1150 οὒς
1339 1090 1372 1158 ἡ
1402 1089 1492 1141 ἐπὶ
1516 1090 1576 1141 τὸ
1616 1089 1775 1158 βάθος
1798 1090 1892 1142 τοῦ

1995 1101 2205 1142 meatus
2255 1089 2402 1142 velut
2436 1104 2531 1158 per
2577 1088 2842 1157 quosdam
2880 1088 3100 1141 canales
3148 1087 3394 1141 humoris
3437 1102 3577 1140 onus

317 1176 516 1247 θερμοῦ
552 1177 782 1246 συστολὴ
830 1178 1159 1248 ἀναπέμπει.
1214 1175 1366 1242 Εἶτα,
1397 1176 1571 1249 οἶμαι,
1620 1180 1806 1250 ὥσπερ
1835 1181 1894 1233 τὸ

1993 1189 2241 1250 egerunt.
2286 1181 2650 1246 Quamobrem
2685 1197 2806 1234 cum
2857 1196 2946 1234 res
2997 1195 3193 1250 graves
3227 1193 3287 1231 ac
3333 1178 3576 1233 molestae

311 1269 467 1336 νέφος
499 1270 581 1331 είς
611 1269 842 1337 ψεκάδα,
901 1269 1072 1333 οὕτως
1116 1269 1176 1321 τὸ
1209 1270 1382 1339 πάχος
1419 1272 1530 1341 (98)
1563 1272 1669 1324 τῶν
1702 1273 1892 1342 ἀτμῶν

1994 1283 2189 1341 praeter
2219 1275 2685 1342 exspectationem
2735 1272 3053 1334 audiuntur,
3100 1271 3158 1324 [it
3188 1271 3419 1324 tinnitus
3455 1273 3577 1339 qui—

305 1362 382 1424 είς
451 1361 689 1432 δάκρυον
737 1361 1032 1416 διαλύεται.
1092 1363 1284 1416 Ἔνθεν
1329 1365 1420 1416 καὶ
1464 1363 1624 1434 ἡδονή
1651 1365 1734 1428 τίς
1776 1367 1892 1418 ἐστι

1995 1366 2138 1426 dam,
2180 1367 2520 1434 vertigoque,
2553 1374 2606 1419 et
2637 1365 2922 1419 oculorum
2956 1364 3133 1430 caligo
3160 1383 3170 1415 :
3205 1363 3473 1431 siquidem
3506 1361 3577 1414 ob

302 1457 413 1516 τοῖς
433 1451 798 1523 λυπουμένοις
855 1456 984 1524 περὶ
1022 1454 1110 1508 τὸν
1155 1453 1369 1525 θρῆνον,
1410 1455 1778 1518 λανθανόντως
1806 1457 1893 1508 διὰ

1993 1474 2223 1526 vapores
2261 1475 2398 1527 quos
2427 1460 2577 1513 calor
2607 1459 2661 1512 in
2700 1459 2960 1511 interiora
3003 1465 3321 1511 contractus
3355 1469 3573 1510 sursum

300 1544 393 1597 τοῦ
421 1545 634 1597 κλαίειν
669 1546 993 1616 κενουμένου
1030 1547 1211 1610 αὐτοῖς
1249 1547 1342 1599 τοῦ
1373 1547 1716 1618 βαρύνοντος.
1754 1550 1888 1601 Συν-

1993 1548 2213 1610 emittit,
2246 1547 2468 1600 vacillat
2494 1557 2657 1616 caput
2682 1558 2734 1600 et
2764 1549 3176 1616 circumagitur.
3207 1545 3432 1608 Deinde,
3457 1558 3573 1596 mea

305 1636 482 1706 ίττησι
508 1637 564 1688 δὲ
585 1636 680 1689 τοῦ
710 1636 868 1705 λόγου
895 1638 954 1690 τὸ
972 1637 1166 1707 ἀληθὲς
1189 1641 1221 1708 ἡ
1247 1641 1412 1708 πεῖρα
1436 1639 1543 1691 τῶν
1571 1641 1888 1709 γινομένων.

1993 1641 2211 1707 quidem
2247 1642 2538 1703 Sententia,
2575 1640 3030 1710 quemadmodum
3073 1639 3246 1691 nubes
3282 1638 3334 1689 in
3366 1645 3569 1705 guttas,

296 1727 534 1791 Πολλοὺς
563 1728 673 1802 γὰρ
702 1729 947 1799 ἔγνωμεν
974 1732 1033 1782 ὲν
1067 1733 1370 1800 συμφοραῖς
1403 1732 1722 1802 ἀνηκέστοις
1756 1734 1889 1785 ἀπο-

1996 1734 2075 1785 sic
2101 1747 2300 1787 crassa:
2318 1748 2579 1802 vaporum
2617 1743 2798 1800 partes
2834 1731 3566 1798 resolvunturinlacrymas.

299 1819 491 1882 στάξαι
530 1821 592 1872 τὸ
642 1821 875 1891 δάκρυον
932 1821 1118 1890 βιαίως
1178 1825 1723 1894 ἐγκαρτερήςαντας·
1765 1821 1883 1878 εἶτα

1995 1821 2128 1875 Hinc
2165 1823 2330 1876 etiam
2362 1825 2613 1892 voluptas
2648 1821 2897 1892 quadam
2949 1822 3089 1874 inter
3139 1819 3428 1889 lugendum
3465 1818 3573 1887 30

295 1911 419 1973 τοὺς
451 1913 551 1980 μὲν
571 1914 653 1974 εἰς
680 1914 956 1982 ἀνήκεστα
988 1913 1324 1982 ἐμπεσόντας
1351 1914 1518 1984 πάθη.
1543 1915 1881 1986 ἀποπληξίας

1987 1913 2198 1967 accedit
2237 1916 2620 1977 mcerentibus,
2669 1915 2796 1982 quia
2831 1912 2976 1982 quod
3023 1913 3173 1980 ipsos
3216 1913 3568 1980 aggravabat.

295 2004 328 2070 ἦ
364 2004 725 2074 παραλύσεις,
767 2006 894 2067 τοὺς
921 2005 1001 2068 δὲ,
1050 2005 1142 2059 καὶ
1164 2007 1442 2070 παντελῶς
1475 2007 1878 2077 ἀποψύξαντας,

1985 2003 2040 2056 id
2073 2005 2305 2060 latenter
2336 2021 2432 2076 per
2481 2007 2752 2075 ploratum
2799 2007 3085 2074 ejectatur.
3143 2004 3347 2058 llorum
3389 2013 3569 2057 autem

295 2094 485 2167 ῶσπερ
503 2098 830 2167 ἐρείσματος
847 2096 1106 2160 ἀσθενοῦς
1123 2097 1253 2168 (99),
1275 2100 1375 2168 τῆς
1397 2099 1678 2170 δυνάμεως
1704 2103 1881 2154 αὐτῶν

1985 2095 2274 2149 verborum
2305 2099 2590 2152 veritatem
2628 2097 2836 2151 stabilit
2890 2098 3007 2166 ipsa
3044 2111 3230 2150 rerum
3281 2096 3570 2164 experien-

400 2186 559 2258 βάρει
592 2189 692 2258 τῆς
730 2187 907 2259 λύπης
934 2188 1384 2260 ὑποκλασθείσης.
1432 2191 1495 2242 "0
1522 2191 1627 2261 γὰρ
1659 2194 1750 2244 ἐπὶ
1783 2193 1881 2261 τῆς

1985 2186 2080 2238 tia.
2108 2185 2372 2242 Novimus
2398 2204 2634 2257 namque
2678 2189 2879 2241 multos
2912 2188 2965 2240 in
2995 2188 3342 2257 gravissimis
3380 2186 3569 2240 adver—

297 2279 495 2345 ςλογὸς
521 2281 656 2350 ὁρᾷν
679 2279 934 2350 ὑπάρχει,
973 2278 1078 2331 ὑπὸ
1115 2279 1206 2331 τοῦ
1247 2281 1449 2332 οἰκείου
1483 2282 1649 2352 αὐτὴν
1674 2282 1880 2335 καπνοῦ

1988 2279 2242 2336 sitatilius
2273 2282 2376 2336 sibi
2418 2298 2514 2350 per
2541 2283 2650 2334 vim
2687 2295 2717 2333 a
2749 2281 3008 2349 lacrymis
3038 2288 3398 2350 temperasse,
3431 2296 3569 2350 quo-

294 2368 748 2437 καταπνίγεαθαι,
769 2369 841 2440 μὴ
864 2368 1191 2434 ὑπεξιόντος,
1215 2369 1350 2423 ἀλλά
1371 2371 1497 2441 περὶ
1517 2371 1685 2442 αὐτὴν
1713 2371 1880 2423 εἱλου-

1985 2385 2106 2422 ruin
2140 2371 2232 2424 alii
2264 2372 2490 2440 posthac
2527 2371 2582 2423 in
2614 2369 3046 2423 immedicabiles
3085 2369 3308 2423 morbos
3360 2369 3568 2422 incide-

295 2463 480 2530 μένου,
519 2461 677 2513 τοῦτό
710 2478 843 2528 φασι
876 2461 970 2513 καὶ
1003 2461 1094 2513 ἐπὶ
1119 2461 1618 2532 τῆςοίκονομούσης
1651 2463 1712 2514 τὸ
1743 2462 1881 2526 ζῶον

1982 2467 2131 2524 runt,
2158 2461 2211 2514 in
2245 2461 2584 2530 apoplexiam
2614 2461 3048 2530 paralysilnque;
3074 2460 3166 2513 alii
3197 2475 3328 2514 vero
3344 2460 3568 2513 omnino

291 2553 575 2623 δυνάμεως
631 2553 909 2620 γίνεσθαι·
945 2552 1412 2623 ἀπομαραίνεσθαι
1464 2554 1574 2623 γὰρ
1624 2554 1728 2606 ὑπὸ
1770 2555 1878 2609 τῶν

1982 2568 2300 2621 supremum
2327 2554 2470 2608 diem
2501 2553 2777 2617 obierunt,
2814 2551 2960 2620 quod
2989 2565 3180 2605 eorum
3211 2551 3382 2613 vires,
3406 2550 3565 2618 quasi

296 2642 592 2713 ὀδυνηρῶν,
627 2644 718 2694 καὶ
765 2639 1246 2705 κατασϐέννυσθαι,
1290 2639 1558 2711 μηδεμιᾶς
1588 2640 1877 2712 γινομένης

1978 2644 2143 2698 debili
2191 2645 2426 2714 quodam
2474 2643 2652 2698 fulcro
2707 2643 3005 2705 destitutas,
3041 2642 3285 2712 pondere
3327 2641 3567 2696 tristitiae

291 2736 380 2786 ἐπὶ
411 2736 475 2785 τὸ
507 2733 616 2798 ἔξω
642 2733 918 2801 διαῃοῆς.

1978 2736 2380 2805 frangerentur.
2424 2735 2558 2790 Nam
2610 2736 2756 2805 quod
2815 2735 3000 2790 videre
3031 2735 3088 2789 in
3135 2733 3353 2788 ﬂamma
3412 2733 3562 2794 licet,

287 2839 449 2896 quam
486 2823 674 2880 fumus
699 2827 954 2896 proprius
984 2827 1029 2881 si
1059 2843 1165 2882 non
1188 2833 1364 2887 exeat,
1407 2823 1499 2879 sed
1538 2824 2020 2892 circumvolvatur,
2049 2827 2300 2893 suﬂ‘ocat,
2353 2829 2405 2882 id
2433 2829 2596 2883 etiam
2625 2830 2681 2882 in
2714 2827 2974 2882 facultate
3012 2841 3118 2896 qua
3171 2825 3373 2879 animal
3426 2838 3563 2875 con-

287 2919 556 2982 stituitur,
595 2919 707 2973 fieri
732 2920 940 2984 dicunt,
969 2921 1222 2975 nimirum
1245 2920 1594 2975 extabescere
1619 2921 1764 2974 illam
1789 2929 1844 2976 et
1881 2923 2151 2994 exstingui
2179 2939 2289 2993 pra:
2322 2923 2624 2989 doloribus,
2663 2924 2709 2978 si
2736 2923 2921 2978 nullus
2957 2923 3060 2978 sibi
3101 2923 3284 2977 exitus
3313 2919 3377 2973 ad
3419 2926 3567 2972 exte-

283 3017 428 3071 riora
463 3017 762 3084 aperiatur.

352 3110 405 3163 6.
431 3111 527 3180 Μὴ
562 3110 744 3160 τοίνυν
780 3110 861 3171 είς
893 3108 1219 3180 συνηγορίαν
1247 3109 1341 3162 τοῦ
1370 3110 1569 3162 οἰκείου
1601 3108 1803 3172 πάθους
1825 3109 1884 3161 τὸ
1912 3115 1952 3173 C

2057 3106 2108 3160 6.
2134 3106 2235 3172 Qui
2268 3107 2434 3176 igitur
2460 3105 2696 3159 tristitiae
2719 3104 2887 3161 dediti
2924 3113 3074 3168 sunt,
3121 3119 3191 3158 ne
3229 3104 3284 3158 in
3323 3119 3437 3160 sua:
3473 3107 3559 3160 in-

283 3200 375 3253 τοῦ
416 3201 631 3270 Κυρίου
676 3200 1160 3268 προϐαλλέσθωσαν
1195 3200 1272 3271 (I)
1308 3201 1539 3272 δάκρυον
1575 3202 1624 3252 οἱ
1656 3201 1868 3269 φιλόλυ-

1976 3199 2246 3251 lirmitatis
2277 3197 2641 3267 patrocinium
2677 3196 2890 3250 Domini
2939 3197 3210 3264 lacrymas
3262 3204 3557 3265 opponant.

282 3307 393 3343 ποι.
446 3291 536 3352 Ὡς
581 3291 690 3358 γὰρ
723 3292 756 3359 ἡ
788 3289 1008 3362 βρῶσις,
1044 3293 1108 3360 ἢν
1169 3293 1198 3344 ό
1255 3290 1459 3362 Κύριος
1504 3291 1724 3360 ἔφαγεν,
1773 3293 1870 3343 οὑκ

1975 3289 2043 3343 Ut
2071 3291 2215 3344 enim
2241 3290 2418 3351 cibus,
2452 3304 2561 3359 quo
2596 3287 2860 3344 Dominus
2889 3289 3230 3351 vescebatur,
3260 3290 3560 3358 voluptatis

283 3382 428 3433 ἔστιν
457 3381 793 3451 ἡδυπαθείας
823 3383 954 3451 ἡμῖν
987 3383 1227 3453 ἀφορμὴ,
1258 3383 1320 3435 τὸ
1353 3383 1596 3436 ἐναντίον
1628 3383 1727 3454 μὲν
1755 3380 1868 3446 οὖν,

1973 3382 2132 3435 nobis
2155 3382 2374 3435 occasio
2403 3396 2512 3434 non
2540 3389 2646 3443 est,
2680 3381 2790 3434 imo
2814 3395 2942 3434 vero
2988 3381 3362 3450 temperantia:
3395 3391 3560 3450 atque

282 3472 618 3542 ἐγκρατείας
669 3473 763 3524 καὶ
828 3473 1155 3541 αὐταρκείας
1181 3474 1304 3544 ὄρος
1336 3476 1364 3526 ὁ
1402 3475 1686 3527 ἀνωτάτω·
1729 3473 1872 3526 οὕτω

1974 3474 2298 3544 frugalitatis
2332 3488 2584 3542 suprema
2609 3473 2795 3542 regula
2819 3480 2903 3527 est
2917 3481 2970 3527 et
3000 3471 3174 3526 forma
3203 3491 3215 3526 :
3250 3473 3323 3525 ita
3339 3486 3560 3542 quoque

281 3565 460 3618 καὶτὸ
485 3566 721 3636 δάκρυον
744 3567 843 3619 οὑκ
897 3567 1013 3618 ἔστι
1049 3566 1334 3636 νομοθεσία
1366 3567 1503 3637 πρὸς
1543 3566 1602 3618 τὸ
1631 3565 1866 3637 θρηνεῖν,

1972 3565 2224 3635 lacryma:
2249 3580 2358 3618 non
2390 3572 2518 3619 sunt
2557 3563 2715 3618 nobis
2751 3564 2868 3616 vice
2910 3562 3065 3632 legis,
3110 3576 3216 3630 qua
3252 3561 3438 3631 lugere
3472 3570 3556 3615 tc-

280 3658 419 3711 ἀλ).ἀ
481 3659 679 3727 μέτρον
729 3659 1227 3728 εὑοχημονέστατον
1273 3659 1510 3720 ἐκτεθὲν,
1568 3659 1661 3711 καὶ
1693 3656 1869 3710 κανὼν

1972 3674 2200 3712 neamur
2241 3677 2253 3712 :
2300 3657 2394 3712 sed
2435 3656 2948 3711 convenientissima
2993 3655 3240 3725 quaedam
3299 3670 3553 3709 mensura

279 3748 542 3818 ἀκριϐὴς,
610 3747 734 3800 καθ’
781 3747 840 3800 ὃν
881 3750 1122 3819 προσῆκε
1159 3747 1370 3818 σεμνῶς
1403 3749 1496 3800 καὶ
1522 3748 1870 3818 εὐσχημόνως

1971 3764 2270 3818 normaque
2302 3755 2559 3801 accurata
2595 3747 2649 3800 in
2678 3746 2762 3801 his
2785 3747 2944 3801 nobis
2972 3747 3251 3816 proposita
3274 3753 3380 3806 est.
3395 3745 3551 3814 juxta

281 3843 394 3901 τοῖς
406 3840 508 3909 τῆς
524 3838 740 3908 φύσεως
755 3841 902 3910 ὅροις
920 3841 1251 3910 ἐμμένοντας
1267 3840 1537 3911 διαφέρειν
1548 3840 1615 3893 τά
1630 3840 1866 3910 λυπηρά.

1971 3857 2134 3912 quam
2169 3857 2270 3910 par
2301 3840 2466 3894 fuerit
2493 3842 2636 3893 intra
2676 3847 2885 3895 natura:
2925 3839 3190 3892 terminos
3227 3840 3464 3908 graviter
3498 3848 3553 3893 et

280 3932 419 3984 Οὖτε
451 3929 545 3984 οὖν
575 3932 842 3998 γυναιξὶν,
874 3931 997 3984 οὑτε
1016 3932 1267 4004 ἀνδράσιν
1291 3933 1682 4000 ἐπιτέτραπται
1709 3932 1784 4000 (2)
1811 3930 1870 3982 τὸ

1972 3932 2198 3986 honeste
2231 3946 2570 4000 permanere,
2602 3936 2655 3983 et
2674 3928 2855 3982 tristia
2875 3927 3135 3996 perferre.
3158 3926 3345 3996 Itaque
3375 3943 3553 3997 neque

284 4021 609 4091 φιλοπενθὲς
654 4022 748 4073 καὶ
784 4020 1112 4092 πολύδρακυ,
1144 4021 1258 4074 ἀλλ’
1305 4023 1428 4074 ὅσον
1479 4023 1868 4090 ἐπιστυγνάσαι

1971 4024 2298 4078 mulieribus
2329 4037 2502 4090 neque
2523 4021 2655 4075 viris
2687 4021 3052 4090 lacrymarum
3073 4019 3313 4073 studium
3342 4028 3436 4072 aut
3456 4034 3552 4072 co-

280 4122 392 4181 τοῖς
422 4118 705 4187 λυπηροῖς,
741 4117 831 4170 καὶ
857 4115 1050 4185 μικρόν
1077 4133 1130 4168 τι
1160 4116 1393 4184 δάκρυον
1428 4114 1750 4179 ἀποστάξαι,
1777 4115 1870 4168 καὶ

1971 4115 2058 4183 pia
2089 4113 2352 4182 permissa
2378 4120 2527 4176 sunt,
2560 4110 2655 4166 sed
2690 4119 2926 4172 tantum,
2951 4118 3215 4179 quantum
3247 4108 3330 4162 fas
3363 4109 3547 4162 estaf-

279 4211 443 4262 τοῦτο
469 4209 670 4278 ἡσυχῆ,
721 4209 794 4278 μὴ
845 4208 1300 4278 ἀναὸρυχώμενον
1346 4207 1478 4277 μηδέ
1528 4207 1865 4272 ὁλολύζοντα,

1970 4205 2164 4260 ﬂictari
2195 4205 2262 4259 de
2289 4204 2555 4268 adversis,
2592 4211 2646 4258 et
2675 4219 2866 4274 parum
2903 4203 3230 4272 lacrymari;
3271 4200 3432 4270 idque
3464 4208 3547 4253 ta-

286 4304 424 4374 μηδὲ
461 4302 917 4373 καταρῤηγνὺντα
949 4300 1171 4370 χιτῶνα,
1205 4300 1237 4369 ἢ
1274 4301 1419 4353 κόνιν
1452 4299 1865 4368 καταχεόμενον,

1970 4295 2075 4348 cite
2107 4295 2226 4349 sine
2259 4293 2586 4356 fremitibus,
2632 4293 2752 4346 sine
2800 4292 3120 4360 eiulatibus,
3164 4290 3300 4344 adeo
3348 4301 3404 4344 ut
3454 4307 3549 4345 ve-

288 4396 414 4465 μηδ’
438 4395 568 4448 ἄλλο
592 4411 644 4446 τι
666 4392 899 4445 τοιοῦτον
917 4391 1322 4462 ἀσχημονοῦντα
1343 4391 1448 4443 τῶν
1488 4390 1868 4460 ἐπιτηδευομέ-

1971 4396 2106 4441 stem
2137 4386 2347 4440 scindat
2372 4402 2552 4448 nemo,
2586 4399 2686 4437 nec
2704 4384 2941 4438 cinerem
2964 4384 3260 4453 inspergat;
3283 4399 3378 4436 nec
3397 4384 3541 4437 aliud

278 4506 388 4539 νων
407 4505 483 4538 πα
489 4486 560 4556 ρὰ
576 4486 683 4537 τῶν
695 4483 1031 4545 ἀπαιδεύτως
1046 4484 1276 4552 ἐχόντων
1293 4482 1426 4552 πρὸς
1443 4481 1508 4534 τά
1529 4483 1586 4534 οὑ
1595 4482 1693 4552 ράν
1701 4499 1752 4533 ια
1767 4481 1838 4550 (3)
1849 4520 1862 4532 .

1968 4479 2261 4548 quidquam
2295 4492 2485 4530 eorum
2531 4476 2786 4529 indecore
2820 4484 2964 4543 agat,
2999 4489 3120 4542 quae
3155 4474 3334 4528 facere
3367 4475 3542 4528 solent

277 4584 375 4633 Δεῖ
405 4582 514 4652 γὰρ
544 4579 637 4632 τὸν
673 4577 1078 4648 κεκαθαρμένον
1104 4577 1182 4646 τῷ
1209 4576 1337 4646 θείῳ
1376 4575 1722 4644 διδασκαλίῳ,
1752 4571 1863 4627 οἷον

1963 4584 2144 4622 rerum
2184 4568 2484 4621 caelestium
2523 4567 2781 4635 imperiti.
2816 4564 3042 4635 Oportet
3083 4566 3226 4619 enim
3280 4581 3402 4619 eum
3446 4566 3539 4634 qui

276 4672 462 4743 ὀχυρῷ
492 4689 601 4725 τινι
629 4671 814 4741 τειχίῳ
861 4669 938 4739 τῷ
973 4667 1118 4739 ὀρθῷ
1148 4667 1287 4735 λόγῳ
1312 4665 1637 4736 πεφράχθαι,
1657 4666 1750 4717 καὶ
1771 4665 1863 4717 ἀν-

1963 4661 2145 4714 divina
2181 4660 2429 4713 doctrina
2478 4667 2742 4729 purgatus
2773 4666 2877 4719 est,
2931 4666 3078 4712 recta
3114 4659 3349 4722 ratione,
3393 4659 3542 4711 velut

275 4763 472 4831 δρείως
499 4763 598 4814 καὶ
619 4758 901 4829 καρτερῶς
928 4757 1029 4819 τὰς
1064 4757 1169 4809 τῶν
1195 4755 1451 4808 τοιούτων
1481 4755 1666 4809 παθῶν
1695 4770 1863 4826 προσ-

1963 4753 2121 4806 ﬁrmo
2149 4753 2380 4820 quodam
2417 4766 2594 4812 muro,
2627 4751 2913 4818 obseptum
2950 4764 3094 4811 esse,
3131 4757 3185 4803 et
3232 4749 3418 4801 talium
3454 4748 3537 4800 af-

280 4856 443 4916 εοὶάς
475 4851 868 4922 ἀπαμύνασθαι
910 4849 987 4919 (4)
1008 4866 1019 4876 ·
1050 4849 1142 4901 καὶ
1169 4846 1244 4918 μὴ
1283 4846 1532 4918 καθάπερ
1559 4847 1636 4909 είς
1662 4863 1715 4897 τι
1754 4863 1861 4913 χω-

1961 4842 2257 4897 fectionuin
2313 4843 2554 4895 assultus
2586 4840 2815 4893 viriliter
2845 4856 2906 4893 ac
2941 4847 3162 4893 strenue
3198 4837 3537 4906 pronulsare.

349 5012 396 5041 ‘7
437 5009 598 5063 Joan.
634 5023 709 5070 iv,
744 5005 796 5060 6.

352 5101 466 5167 (96)
501 5098 579 5152 Ita
616 5100 825 5167 antiqui
846 5105 1081 5167 quatuor
1108 5094 1253 5167 libri.
1291 5092 1548 5167 Editi§1s
1574 5091 1661 5167 τά.
1771 5161 1782 5167 Α
1951 5115 1952 5121 η

1951 5104 2132 5140 πεται.
2169 5084 2323 5137 Colb.
2369 5081 2977 5167 ρτὶιηυεέπιτέτακται.
3019 5077 3363 5167 Statim‘tres
3397 5093 3530 5167 ipss.

491 5149 1070 5240 R_t:g:—seciiiid1us_dt11b_
1091 5164 1196 5216 τῶν
1217 5162 1432 5240 ἀτμῶν.
1453 5161 1564 5216 Nec
1584 5163 1654 5214 ita
1675 5161 1845 5214 multo

1955 5157 2028 5240 μῂ
2058 5149 2532 5240 ἀναϐρυχώμενον.
2572 5153 2712 5240 eum
2751 5159 2804 5240 et
2837 5166 2972 5230 mss.
3010 5149 3256 5203 nonnulli
3292 5149 3533 5240 ἀναξρυ-

283 5219 426 5294 infra
447 5219 603 5294 [unus
630 5240 800 5294 codex
828 5237 986 5291 Colb.
1019 5230 1190 5302 οἶμαι,
1215 5219 1315 5294 ὅτι,
1356 5233 1565 5301 ὥσπερ.

1953 5219 2211 5297 χόμενονξ
2241 5219 2654 5302 Νἰ-ίίὶιεηηῃιιιο
2689 5221 2921 5274 inl'erius
2946 5235 3041 5273 sex
3077 5235 3210 5302 n‘iss.
3247 5219 3529 5302 καταρρη-

354 5287 1030 5379 (έέῑλιῖιὶξιῖιῖνῦέδγΠΕ)ῐί
1069 5287 1246 5379 οὓτως.
1367 5287 1533 5379 παχῦί
1673 5370 1696 5379 _

1954 5287 2151 5378 γνὶξντα
2192 5296 2411 5364 χιτῶνα.
2459 5293 2602 5345 Editi
2643 5302 2698 5357 et
2742 5307 2885 5343 unus
2933 5305 3036 5344 nis.
3081 5287 3212 5358 Reg.
3247 5291 3531 5358 καταρῤηη

355 5367 465 5452 (99)
511 5367 664 5434 Unus
711 5379 886 5452 codex
926 5375 1068 5452 βεεν.
1113 5381 1167 5426 et
1209 5367 1622 5452 colonia—rimus
1663 5370 1850 5452 ῶσπερ
1953 5388 1955 5395 ⁴

1663 5370 1850 5452 ὥςπερ
1953 5367 2242 5452 Υνξδ-ξλῖῖγρν·
2315 5436 2518 5452 Ῠηηίῳ-
2573 5431 2701 5452 ῨΑι,
2744 5429 2806 5452 -λ,
2853 5431 3072 5452 μυληω
3154 5428 3245 5452 n1:

911 5428 1191 5499 Aliiumss.
1228 5451 1282 5497 et
1317 5428 1448 5498 editi
1477 5440 1666 5510 ὥσπερ
1709 5428 1849 5511 spei.-

2136 5438 2265 5521 Reg.
2313 5436 2522 5521 [‘H‘illllrls
2550 5431 2701 5516 Ιπρὸς
2740 5429 2820 5521 13:
2849 5431 3095 5521 οὐράνια.
3143 5428 3250 5482 Alii
3292 5443 3428 5521 mss.
3471 5433 3529 5482 et

289 5499 482 5589 σξιατὲς
512 5521 791 5582 ἀσθενοῦς.
835 5499 852 5511 ⁵
905 5587 914 5589 4
1025 5586 1050 5589 _,
1076 5587 1117 5589 μ
1283 5584 1309 5589 _
1457 5583 1478 5589 _
1519 5583 1563 5589 __
1594 5582 1604 5589 .
1638 5499 1669 5589 ι-
1739 5499 1750 5511 .

1952 5499 2093 5561 editi
2119 5499 2254 5589 πρξξς
2287 5499 2354 5556 τὰ
2393 5503 2489 5555 ἀνο
2501 5499 2742 5589 deﬁtvltf.'
2758 5500 2821 5552 ab
2833 5501 3106 5589 κὶνζιρενὶιξδ
3125 5514 3312 5589 ’νενιιηι
3341 5499 3533 5550 huma-

620 5570 932 5661 vpriinﬁusg1b
957 5586 1052 5661 τοῦ
1074 5584 1311 5657 Χριστοῦ
1337 5581 1845 5655 προϐαλλέσθωσαν.
1955 5599 1957 5630 :

1603 5581 1845 5634 ἓσθωσαν.
1955 5570 2313 5630 narium-Mox
2350 5584 2460 5626 tres
2497 5570 2790 5661 ιιιδε.¹θείῳ
2825 5570 3203 5661 διδασκαλείῳ.

285 5635 432 5715 coib’.
466 5635 1210 5731 ῐέἓῗίὶιὲ’ἑὲροσ6αλξσβωσᾶνο
1808 5719 1819 5731 .

2027 5647 2102 5731 (4)
2141 5646 2361 5728 Veteres
2396 5645 2601 5731 θλίψιιὲ
2649 5635 3216 5731 Ιίιῖςῖιέὶπαμύνεσθιξι.
3259 5638 3393 5731 Reg.
3431 5651 3521 5692 sea

355 5709 432 5802 (ii
455 5709 672 5804 Ᾱῖἰιῖεῖιῖί
698 5709 825 5788 EE;
839 5709 966 5784 libri
1007 5709 1421 5797 ἐπιτέτραπται,
1457 5723 1598 5777 eum
1633 5719 1851 5789 ἐπιτρέ-

1956 5709 2168 5773 t-undus
2204 5713 2504 5784 ἀμύνεσθαι
2558 5712 2676 5767 Mox
2701 5711 2853 5767 Colb.
2891 5709 3100 5784 primus
3132 5711 3209 5774 είς
3243 5727 3296 5763 τι
3319 5709 3519 5780 χόριον.
