4052 6214
464 293 563 349 251

1800 290 1857 345 S.
1898 290 2147 346 BASlLil
2186 293 2407 351 MAGNI

3639 294 3750 349 252

462 421 575 462 non
602 406 657 460 in
686 403 878 459 humili
911 418 977 458 ac
1002 404 1151 458 molli
1181 403 1363 458 anima
1392 403 1549 475 quasi
1583 404 1641 459 in
1692 405 1814 461 loco
1857 407 2053 463 declivi

2164 411 2275 483 ρίον
2319 411 2755 484 ὑποκαθήμενον,
2804 410 2884 483 τῷ
2912 408 3154 480 ταπεινῷ
3187 409 3281 463 καὶ
3327 407 3607 462 ὑπείκοντι
3645 409 3749 480 τῆς

462 497 770 552 aliluentem
803 496 968 551 ullam
997 495 1294 551 all‘ectuum
1327 497 1547 552 turbam
1599 497 1908 569 suscipere.
1960 498 2060 554 Et-

463 589 610 644 enim
643 587 809 642 animi
825 595 910 644 est
929 588 1130 658 ignavi,
1156 587 1481 659 nullumque
1502 604 1569 643 ex
1598 591 1837 659 reposita
1868 591 1924 645 in
1943 590 2054 648 Deo

463 702 560 757 spe
596 685 767 741 robur
802 684 1080 748 habentis,
1117 683 1297 754 frangi
1347 683 1664 749 admodum,
1707 692 1763 740 et
1807 684 2054 743 adversis

462 779 845 834 succumbere.
895 775 1366 842 Quemadmodum
1395 776 1543 832 enim
1593 777 1648 832 in
1704 779 1868 849 lignis
1907 787 2057 835 tene-

464 867 708 923 rioribus
740 868 1043 937 gignuntur
1074 881 1311 932 vermes,
1341 868 1423 922 sic
1452 867 1680 923 tristitia
1725 870 1781 923 in
1809 871 2058 927 molliore

466 959 747 1014 hominum
767 959 950 1013 indole
978 958 1307 1013 innascitur.
1325 957 1595 1012 Numnam
1630 966 1749 1015 erat
1769 958 1874 1016 Job
1890 961 2058 1017 corde

465 1048 860 1105 adamantino?
893 1065 1021 1104 num
1055 1057 1341 1120 compacta
1371 1050 1421 1104 ei
1446 1058 1605 1105 erant
1632 1068 1695 1105 ex
1732 1067 1866 1108 saxo
1894 1054 2061 1110 visce-

465 1140 554 1194 ra?
568 1140 903 1195 Ceciderunt
930 1141 980 1195 ei
1012 1141 1199 1196 decem
1221 1140 1381 1196 liberi
1413 1141 1468 1195 in
1493 1141 1641 1196 brevi
1662 1144 1925 1213 temporis
1944 1160 2061 1198 mo-

469 1244 676 1297 mento,
704 1248 811 1287 una
840 1233 997 1302 plaga
1031 1232 1241 1298 obtriti,
1279 1233 1335 1287 in
1376 1234 1541 1289 domo
1575 1234 1961 1304 iucunditatis,
2002 1238 2059 1291 in

466 1335 711 1397 tempore
750 1325 1091 1390 deliciarum,
1124 1325 1436 1382 decutiente
1467 1326 1520 1380 in
1551 1341 1645 1380 eos
1673 1326 1894 1382 domum
1940 1329 2059 1383 dia-

465 1418 611 1473 bolo.
644 1417 792 1473 Vidit
816 1433 1059 1474 mensam
1086 1417 1352 1487 sanguine
1391 1417 1714 1482 immistam,
1760 1419 2062 1477 vidit'libe-

468 1525 560 1566 ros
580 1510 805 1566 diverso
828 1510 1049 1579 quidem
1087 1519 1337 1581 tempore
1367 1518 1551 1573 natos,
1582 1511 1678 1566 sed
1704 1527 1876 1565 unum
1910 1527 2061 1566 com-

466 1616 800 1671 munemque
830 1601 1059 1657 sortitos
1084 1602 1210 1656 vitae
1243 1604 1472 1659 exitum.
1504 1601 1625 1657 Non
1655 1603 1899 1673 ejulavit,
1948 1619 2060 1658 non

466 1708 677 1749 comam
705 1692 909 1757 evellit,
940 1708 1051 1747 non
1072 1693 1258 1748 emisit
1278 1709 1467 1748 vocem
1507 1694 1674 1747 ullam
1712 1699 2057 1765 degenerem,

2159 504 2359 574 ψυχῆς,
2399 505 2494 557 τὸν
2546 503 2656 557 τῶν
2698 502 2889 557 παθῶν
2915 503 3070 573 δχλον
3094 501 3426 572 ἐπιρρέοντα
3472 499 3746 571 δέχεσθαι.

2173 594 2457 665 Ἀνάνδρου
2509 594 2617 665 γὰρ
2657 594 2856 666 ψυχῆς,
2891 594 2986 647 κα)⁸
3014 593 3206 646 οὐδένα
3232 592 3385 647 τόνον
3425 593 3490 646 ἐκ
3526 592 3627 661 τῆς
3658 593 3754 645 ἐπὶ

2161 685 2295 738 Θεὸν
2324 684 2536 748 ἐλπίδος
2581 684 2832 756 ἐχούσης,
2871 685 2932 737 τὸ
2987 682 3232 755 σφοδρῶς
3264 680 3751 753 καταρρήγνυσθαι

2160 779 2255 831 καὶ
2300 778 2625 831 ὑποπίπτειν
2668 780 2779 841 τοῖς
2820 777 3101 848 λυπηροῖς.
3146 775 3356 846 ’Ὠσπερ
3383 775 3491 843 γὰρ
3527 775 3575 825 oi
3605 771 3751 825 σκώ-

2159 865 2323 937 ληκες
2358 871 2471 931 τοῖς
2516 866 2888 937 ἁπαλωτέροις
2927 866 3035 919 τῶν
3074 864 3245 930 ξύλων
3276 864 3609 917 ἐντίκτονται
3646 864 3751 932 μά-

2158 958 2333 1021 λιστα,
2367 958 2539 1022 οὕτως
2571 959 2627 1010 αί
2663 956 2830 1010 λῦπαι
2863 960 2975 1020 τοῖς
3018 955 3428 1028 μαλακωτέροις
3461 954 3616 1023 ἦθεσι
3640 952 3751 1006 τῶν

2160 1050 2461 1121 ἀνθρώπων
2491 1050 2808 1122 ἐμφύονται.
2836 1049 2927 1119 Μὴ
2944 1050 3051 1120 γὰρ
3084 1047 3445 1117 ἀδαμάντινος
3473 1042 3540 1118 ἦν
3566 1048 3595 1099 δ
3629 1044 3750 1098 Ἰὼϐ

2157 1142 2259 1211 τὴν
2294 1140 2519 1212 καρδίαν
2564 1140 2677 1210 (5);
2712 1139 2787 1211 μὴ
2822 1139 2932 1209 γὰρ
2963 1140 3026 1191 ἐκ
3064 1136 3212 1189 λίθου
3246 1132 3314 1206 ἦν
3340 1137 3489 1207 αὐτῷ
3519 1152 3750 1206 πεποιη-

2162 1233 2297 1300 μένα
2352 1231 2422 1284 τὰ
2480 1230 2800 1301 σπλάγχνα;
2835 1231 3069 1282 Ἔπεσον
3124 1227 3273 1298 αὺτῷ
3297 1227 3428 1280 δέκα
3457 1227 3644 1290 παῖδες
3686 1228 3748 1279 ἐν

2161 1320 2388 1393 βραχείᾳ
2448 1321 2644 1394 καιροῦ
2701 1323 2866 1393 ῥοπῇ,
2914 1322 3013 1392 μιᾷ
3059 1320 3239 1391 πληγῇ
3282 1319 3662 1390 συντριϐέντες
3689 1322 3749 1372 ἐν

2157 1410 2235 1481 τῷ
2258 1411 2392 1480 οἴκῳ
2418 1411 2515 1480 τῆς
2549 1410 2835 1481 θυμηδίας,
2862 1413 2919 1463 ἐν
2939 1410 3017 1480 τῷ
3046 1410 3223 1482 καιρῷ
3254 1410 3353 1481 τῆς
3374 1408 3745 1476 ἀπολαύσεως,

2159 1502 2675 1566 ἐπικατασείσαντος
2697 1503 2876 1565 αὐτοῖς
2893 1501 2986 1556 τοῦ
3010 1502 3252 1556 διαϐόλου
3275 1501 3335 1554 τὸ
3366 1501 3592 1572 οἴκημα.
3625 1499 3747 1554 Eilis

2158 1595 2432 1665 τράπεζαν
2457 1596 2649 1666 αἵματι
2692 1594 3039 1666 μεμιγμένην
3068 1613 3082 1626 ’
3122 1591 3228 1648 εἶδε
3264 1595 3457 1658 παῖδας
3475 1593 3748 1666 διαφόρως

2164 1687 2261 1757 μὲν
2308 1687 2452 1740 κατὰ
2503 1688 2594 1740 τὸν
2642 1688 2830 1759 χρόνον
2883 1688 3279 1758 ἀποτεχθέντας
3327 1687 3424 1757 (6),
3486 1690 3639 1758 κοινῇ
3686 1687 3746 1739 δέ

467 1786 563 1843 sed
585 1787 851 1843 celebrem
886 1787 1032 1841 illam
1067 1794 1122 1842 et
1157 1787 1226 1841 ab
1252 1786 1506 1840 omnibus
1544 1786 1888 1841 decantatam
1935 1803 2053 1857 gra-

2162 1778 2491 1842 ὑπελθόντας
2511 1779 2605 1832 τοῦ
2641 1779 2757 1849 βίου
2783 1781 2844 1833 τὸ
2871 1779 3036 1844 τέλος.
3071 1782 3184 1834 Οὐκ
3219 1780 3467 1852 ᾤμωξεν,
3499 1780 3559 1833 ού
3581 1795 3744 1833 κατε-

466 1879 670 1931 tiarum
717 1877 990 1932 actionem
1036 1877 1266 1946 protulit
1302 1896 1315 1931 :
1356 1876 1612 1931 Dominus
1643 1877 1808 1940 dedit,
1872 1876 2059 1931 Domi-

466 1982 565 2020 nus
617 1965 875 2028 abstulit;
913 1965 1050 2019 sicut
1077 1964 1305 2020 Domino
1359 1964 1582 2035 placuit,
1616 1967 1694 2019 ita
1742 1975 1793 2020 et
1855 1968 2057 2036 factum

464 2064 566 2119 est;
598 2056 668 2108 sit
700 2070 890 2108 nomen
924 2054 1143 2109 Domini
1175 2054 1573 2109 benedictum“.
1606 2055 1746 2109 Num
1781 2056 1943 2110 homo
1967 2056 2058 2111 ille

464 2152 583 2200 erat
618 2160 814 2215 expers
830 2144 1179 2201 ali‘ectionum
1200 2146 1223 2200 ?
1246 2145 1316 2199 At
1343 2145 1621 2216 quomodo
1651 2147 1674 2200 ?
1699 2161 1825 2200 cum
1853 2147 1969 2216 ipse
1988 2148 2055 2203 de

468 2251 526 2290 se
557 2237 705 2290 dicat
727 2255 739 2290 :
760 2234 870 2307 Ego
895 2237 1015 2305 [levi
1040 2253 1198 2305 super
1218 2238 1362 2291 omni
1391 2238 1674 2309 omium".
1702 2238 1965 2294 Estnehis
1978 2238 2057 2293 di-

466 2330 654 2384 cendis
668 2329 928 2385 mentitus
944 2328 967 2382 ?
987 2327 1099 2384 imo
1115 2345 1244 2384 vero
1259 2337 1456 2400 praeter
1474 2339 1700 2385 caeteras
1713 2330 1944 2386 virtutes
1966 2346 2056 2386 ve-

465 2422 601 2477 ritas
617 2436 866 2477 veracem
896 2437 1024 2477 eum
1045 2437 1265 2492 quoque
1283 2421 1454 2483 fuisse
1472 2422 1713 2478 declarat
1732 2423 1817 2478 his
1847 2422 2050 2478 verbis:

469 2511 640 2566 Homo
668 2513 838 2577 enim,
871 2512 1608 2583 inquit.ineulpatus,justus,
1630 2517 1772 2584 pius,
1803 2526 1966 2569 verna:
1984 2515 2050 2568 ⁸ο.

460 2601 549 2658 Tu
571 2618 701 2658 vero
729 2604 1023 2659 cantilenis
1050 2604 1382 2675 quibusdam
1423 2606 1491 2659 ad
1536 2607 1851 2660 mmstitiam
1900 2620 2052 2660 com-

465 2695 664 2765 positis
688 2694 757 2751 ad
773 2693 1011 2751 ﬂendum
1034 2695 1301 2757 abuteris,
1324 2695 1626 2763 studesque
1643 2695 1880 2748 animam
1906 2704 2052 2748 tuam

462 2787 567 2859 31
597 2788 833 2844 modulis
879 2786 1207 2858 lugubribus
1248 2788 1579 2855 absumere;
1614 2796 1668 2842 et
1699 2785 2055 2857 quemadmo-

429 2879 592 2932 ~dum
643 2878 939 2949 peculiaria
994 2886 1126 2933 sunt
1168 2879 1431 2949 tragcedis
1464 2878 1612 2934 ﬁctio
1641 2888 1695 2933 et
1733 2887 2048 2951 apparatus,

463 2984 700 3039 quocum
733 2969 943 3024 theatra
985 2968 1400 3036 conscendunt;
1453 2969 1529 3024 ita
1569 2969 1852 3025 existimas
1895 2970 2057 3025 habia

462 3070 580 3114 tum
624 3060 791 3115 etiam
827 3060 1127 3115 convenire
1173 3058 1404 3131 lugenti,
1451 3067 1660 3115 vestem
1705 3065 1904 3125 atram,
1949 3074 2047 3115 co-

2158 1872 2337 1925 τίλατο
2374 1873 2571 1942 κόμην,
2615 1874 2714 1926 οὐκ
2733 1873 2913 1943 ἀφῆκέ
2938 1858 3060 1935 uia.
3071 1872 3250 1944 φωνὴν
3277 1873 3468 1943 ἀγενῆ,
3488 1873 3622 1926 ἀλλὰ
3646 1872 3746 1942 τὴν

2156 1963 2397 2034 ἀοίδιμον
2431 1963 2648 2035 ἐκείνην
2685 1965 2778 2017 καὶ
2802 1964 2953 2036 παρὰ
3003 1966 3169 2018 πᾶσιν
3217 1963 3627 2034 ἀνυμνουμένην
3657 1965 3745 2017 εύ-

2156 2059 2437 2127 χαριστίαν
2470 2055 2849 2126 ἀπεφθέγξατο
2882 2058 2992 2128 (7)°
3056 2058 3109 2112 '0
3155 2045 3368 2126 Κύριος
3419 2056 3664 2119 ἔδωκεν,
3710 2058 3744 2109 ό

2157 2150 2368 2215 Κύριος
2390 2150 2669 2219 ἀφείλετο
2689 2166 2703 2180 °
2733 2151 2815 2215 ὡς
2854 2149 2934 2215 τῷ
2961 2150 3156 2217 Κυρίῳ
3192 2149 3424 2216 ἔδοξεν,
3466 2150 3620 2202 οὕτω
3641 2147 3742 2201 καί

2155 2238 2392 2308 ἐγένετο
2414 2257 2426 2269 ο
2459 2240 2555 2309 εἴη
2590 2240 2653 2294 τὸ
2699 2241 2884 2309 ὄνομα
2920 2242 3140 2311 Κυρίου
3186 2243 3612 2312 εὐλοῃυιένον.
3653 2241 3744 2311 Μὴ

2154 2331 2483 2403 ἀσυμπαθὴς
2502 2334 2531 2386 ὁ
2556 2332 2877 2404 ἄνθρωποςς
2906 2334 3017 2387 Καὶ
3047 2334 3196 2399 πῶς;
3222 2336 3281 2397 ὃς
3296 2351 3359 2404 γε
3394 2336 3520 2405 περὶ
3550 2332 3744 2388 ἑαυτοῦ

2153 2422 2339 2490 λέγει·
2387 2422 2528 2492 Ἐγὼ
2584 2423 2860 2479 ἔκλαυσα
2905 2425 3006 2479 ἐπὶ
3064 2425 3245 2479 παντὶ
3287 2426 3613 2495 θλιϐομένῳ
3644 2424 3740 2493 (8).

2167 2516 2307 2568 Ἀλλ’
2334 2512 2444 2585 ἆρα
2467 2516 2541 2587 μὴ
2566 2516 2818 2586 ἐψεύδετο
2856 2517 3026 2571 ταῦτα
3067 2518 3240 2586 λέγων
3266 2535 3280 2583 ;
3312 2519 3421 2571 Καὶ
3466 2519 3571 2590 μὴν
3606 2535 3747 2587 μαρ-

2150 2609 2306 2677 τυρεῖ
2329 2607 2531 2678 αύτῴή
2565 2608 2812 2679 ἀλήθεια,
2835 2611 2917 2663 ὅτι
2959 2610 3098 2681 πρὸς
3124 2612 3244 2675 ταῖς
3278 2609 3487 2664 λοιπαίε
3518 2610 3745 2681 ἀρεταῖς

2154 2698 2246 2750 καὶ
2267 2694 2520 2768 ἀληθινὸς
2544 2691 2612 2768 ἦν
2640 2712 2655 2726 ο
2687 2699 3031 2767 ’Ἄνθρωπος
3046 2698 3176 2771 γὰρ,
3202 2702 3391 2771 φησὶν,
3421 2700 3741 2769 ἄμεμπτος,

2150 2789 2401 2855 δίκαιος,
2442 2790 2752 2859 θεοσεϐὴς,
2786 2792 3077 2859 ἀληθινός
3119 2792 3214 2859 (9).
3243 2793 3315 2846 Σὺ
3356 2791 3412 2844 δὲ
3441 2791 3603 2862 ᾠδαῖς
3635 2807 3743 2843 τισι

2152 2880 2355 2953 πρὸςτὺ
2371 2881 2610 2950 κατηφὲς
2624 2882 3019 2953 πεποιημέναις
3039 2883 3427 2955 παραθρηνείς,
3441 2883 3537 2936 καὶ
3555 2883 3739 2953 μέλεσι

2150 2973 2364 3042 γοεροῖς
2410 2971 2666 3040 ἐκτήκειν
2705 2971 2936 3025 σεαυτοῦ
2981 2973 3079 3044 τὴν
3127 2973 3305 3044 ψυχὴν
3355 2972 3695 3043 ἐπιτηδεύεις
3723 2992 3736 3003 ο

2151 3062 2243 3116 καὶ
2271 3061 2459 3135 ὥσπερ
2501 3062 2610 3117 τῶν
2647 3062 2942 3134 τραγῳδῶν
2986 3064 3115 3118 ῐδιόν
3155 3067 3270 3118 ἐστι
3316 3065 3377 3118 τὸ
3409 3063 3740 3135 ἁνάπλασμα

464 3167 609 3207 mam
642 3151 969 3223 squalidam,
1000 3152 1257 3207 tenebras
1298 3151 1356 3205 in
1384 3151 1571 3214 domo,
1608 3151 1821 3217 sordes,
1859 3152 2049 3222 pulve-

2152 3156 2244 3207 καὶ
2270 3157 2303 3224 ἡ
2337 3156 2503 3226 σκευὴ
2529 3155 2639 3225 (l0)
2666 3154 2784 3225 μεθ’
2806 3149 2873 3226 ἦς
2890 3154 2960 3208 τὰ
2977 3155 3177 3227 θέατρα
3193 3156 3701 3227 καταλαμϐάνουσιν
3721 3171 3734 3183 ·

464 3260 603 3309 rem.
639 3245 878 3315 denique
910 3243 1197 3314 lugubrem
1228 3250 1475 3307 cantum,
1532 3258 1641 3313 quo
1664 3244 1917 3298 maeroris
1946 3242 2058 3297 vul-

465 3352 572 3393 nus
603 3350 821 3406 semper
841 3350 1035 3390 recens
1087 3334 1143 3389 in
1192 3333 1383 3388 animo
1416 3342 1688 3389 servetur.
1740 3334 1902 3389 Sinas
1936 3334 2054 3388 haec

424 3426 433 3445 '
466 3429 670 3485 faciant
696 3428 795 3497 qui
823 3441 978 3497 spem
1004 3440 1113 3480 non
1143 3426 1347 3481 habent
1371 3426 1439 3479 ⁵³.
1472 3424 1553 3480 Tu
1586 3440 1716 3480 vero
1747 3424 1815 3481 de
1855 3426 1923 3482 iis
1959 3426 2053 3497 qui

465 3522 520 3575 in
553 3519 775 3576 Christo
815 3517 1228 3575 obdormierunt
1249 3518 1319 3582 ⁸³.
1343 3519 1571 3573 edoctus
1600 3533 1663 3574 es
1699 3536 1712 3572 :
1746 3516 2053 3574 Seminatur

462 3615 520 3666 in
543 3613 899 3681 corruptione,
943 3621 1118 3681 surget
1141 3612 1195 3663 in
1219 3610 1613 3676 incorruptione
1630 3626 1648 3663 :
1676 3610 1973 3665 seminatur
1996 3612 2053 3665 in

464 3703 796 3771 inﬁrmitate,
827 3711 1000 3771 surget
1029 3701 1088 3755 in
1127 3703 1316 3756 uirtute
1348 3716 1366 3754 :
1394 3702 1687 3755 seminatur
1712 3716 1899 3769 corpus
1933 3703 2053 3755 ani—

465 3796 624 3858 male.
642 3805 816 3866 surget
837 3809 1027 3863 corpus
1055 3794 1295 3863 spiritale
1313 3793 1381 3846 ”.
1409 3794 1550 3860 Quid
1583 3794 1748 3864 igitur
1776 3796 1929 3865 luges
1953 3796 2053 3849 bo-

463 3888 689 3952 minem,
727 3887 795 3942 ad
834 3886 1158 3943 mutandum
1195 3886 1442 3941 habitum
1491 3884 1827 3940 adeuntem?
1866 3885 2054 3956 Neque

465 3978 662 4049 teipse
689 3977 898 4048 lugeas,
931 3974 1092 4046 quasi
1115 3974 1195 4030 sis
1231 3973 1289 4028 in
1317 3973 1422 4028 hac
1454 3973 1566 4027 vita
1614 3980 1845 4044 patrono
1880 3974 2046 4029 orba-

533 4174 582 4210 “
605 4174 708 4232 Job
737 4190 776 4240 ι,
808 4174 898 4229 21.

465 4245 657 4302 4244.

998 4176 1046 4209 δ’
1074 4172 1181 4231 Job
1220 4188 1364 4241 ns,
1402 4172 1495 4228 25.
1592 4173 1643 4207 ³⁰
1674 4170 1786 4228 Job
1820 4188 1871 4237 ι,
1907 4173 1960 4228 1.

2157 3246 2328 3308 οὕτως
2359 3245 2461 3299 οἴει
2490 3248 2785 3316 προσήκειν
2820 3246 2915 3301 καὶ
2935 3245 3015 3317 τῷ
3048 3246 3331 3301 πενθοῦντι
3360 3247 3568 3319 πρέπον
3600 3244 3740 3299 εἶναι

2159 3337 2367 3407 σχῆμα,
2422 3336 2591 3407 μέλαν
2641 3337 2879 3407 ἱμάτιον,
2931 3337 3024 3391 καὶ
3069 3337 3359 3409 αὐχμηρὰν
3411 3338 3609 3408 κόμην,
3648 3338 3741 3390 καί

2159 3428 2347 3491 σκότος
2392 3431 2449 3482 ἐν
2509 3429 2676 3500 οἰκίᾳ,
2726 3429 2820 3484 καὶ
2885 3428 3077 3499 ῥύπον,
3107 3428 3199 3482 καὶ
3226 3429 3394 3492 κόνιν,
3448 3429 3542 3481 καὶ
3580 3428 3741 3499 μέλος

2158 3520 2402 3587 στυγνὸν,
2454 3521 2540 3574 ἀεὶ
2569 3520 2763 3590 νεαρὸν
2791 3520 2889 3590 τῆς
2931 3519 3107 3591 λύπης
3138 3520 3198 3572 τὺ
3237 3518 3458 3591 τραῦμα
3495 3523 3561 3591 τῇ
3593 3519 3738 3591 ψυχῇ

2155 3600 2417 3675 διασῶζον
2449 3611 2581 3683 (ll).
2610 3611 2895 3665 Κατάλιπε
2923 3610 3095 3663 ταῦτα
3129 3614 3299 3665 ποιεῖν
3339 3613 3449 3675 τοῖς
3478 3610 3553 3682 μὴ
3585 3610 3741 3682 ἔχου-

2159 3719 2242 3755 σιν
2303 3703 2512 3757 ἐλπίδα.
2569 3704 2641 3757 Σὺ
2682 3703 2739 3756 δὲ
2776 3703 3054 3774 ἐδιδάχθης
3100 3704 3228 3774 περὶ
3267 3703 3375 3758 τῶν
3415 3706 3472 3758 ἐν
3517 3702 3762 3775 Χριστῷε

2157 3794 2548 3865 κοιμηθέντων,
2576 3795 2657 3847 ὃτι
2695 3796 3002 3864 Σπείρεται
3025 3795 3095 3849 ὲν
3119 3794 3330 3864 φθορᾷ,
3362 3795 3646 3865 ἐγείρεται
3670 3795 3742 3853 ἐν

2157 3883 2494 3952 ἀφθαρσίᾳο
2529 3885 2836 3952 σπείρεται
2887 3885 2957 3938 ἐν
2996 3885 3300 3950 ἀσθενείᾳ,
3341 3885 3623 3955 ἐγείρεται
3670 3885 3739 3936 ἐν

2151 3974 2401 4045 δυνάμει
2424 3975 2555 4044 (12)·
2581 3976 2890 4043 σπείρεται
2928 3974 3100 4046 σῶμα
3133 3977 3421 4044 ψυχικὸν,
3455 3976 3739 4045 ἐγείρεται

2053 4174 2096 4205 ⁸¹
2140 4174 2387 4232 lTbess.
2438 4192 2512 4242 tv,
2569 4175 2658 4232 ιε.
2735 4178 2782 4209 ⁸³
2819 4177 2988 4248 Apoc.
3027 4193 3137 4241 xw,
3174 4179 3259 4233 l3.
3353 4179 3399 4209 ⁵³
3437 4180 3457 4233 l
3491 4157 3734 4241 (ἔοι-(ιγ,

470 4358 533 4412 Et
559 4375 628 4414 ne
658 4359 1039 4427 ignoraremus
1064 4355 1195 4428 quid
1208 4355 1489 4430 signiticet
1512 4355 1715 4430 χόριον,
1739 4353 1862 4423 ejus
1886 4356 2039 4430 vocis
2073 4357 2115 4411 ι)
2145 4353 2445 4430 invenitur.
2464 4350 2640 4430 _ilaud
2679 4353 2843 4424 longe
2880 4354 3103 4430 codices
3125 4354 3518 4430 Gombellsiani
3557 4375 3735 4430 παρα-

467 4430 769 4485 decl'aratio
808 4444 973 4483 manu
1014 4426 1320 4483 recentiore
1352 4428 1528 4497 posita
1568 4435 1654 4497 est
1681 4427 1735 4479 in
1776 4441 1871 4479 ora
1916 4426 2042 4497 libri

470 4501 574 4555 boc
605 4500 788 4560 modo,
834 4498 896 4550 τὸ
941 4498 1204 4568 κάλυμμα
1248 4497 1308 4550 τὸ
1352 4494 1795 4568 συγγενώμενον
1843 4497 1906 4547 ἐκ
1944 4494 2043 4564 τῆς

470 4569 677 4632 κοιλίας
696 4568 790 4622 τοῦ
816 4568 1069 4638 βρέφους,
1084 4565 1454 4638 tegumentum
1475 4565 1766 4635 profectth
1785 4579 1849 4617 ex
1872 4573 2045 4638 uentre

469 4641 716 4708 infantis.
764 4634 871 4693 Sed
918 4634 1063 4691 hanc
1111 4634 1296 4690 notam
1344 4637 1413 4690 ad
1460 4634 1573 4708 rem
1622 4652 1731 4708 non
1769 4634 2046 4703 pertinere

466 4706 719 4771 constat,
748 4723 871 4762 cum
895 4708 984 4762 llic
1015 4708 1088 4778 de
1108 4708 1458 4778 xwplcp._no_n
1486 4706 1553 4760 de
1577 4706 1743 4778 χορίῳ
1770 4713 1981 4778 agatur.

542 4757 1179 4851 bello
1193 4757 1467 4845 ’⁷
1494 4757 1833 4851 κῄαβτερίανξ
1852 4757 2047 4851 depra—

464 4844 615 4904 vate'.
646 4849 768 4903 Mox
804 4848 957 4917 Regii
979 4849 1190 4917 primus
1219 4856 1273 4900 et
1314 4844 1533 4908 tertius,
1572 4844 1626 4898 et
1662 4844 1759 4917 alii
1786 4845 1896 4898 duo
1918 4844 2045 4917 Col—

464 4919 697 4979 bertini,
726 4913 917 4971 ἐπεσον
946 4913 1113 4987 αύτῷ.
1145 4915 1292 4970 Editi
1320 4923 1375 4971 et
1405 4932 1550 4971 unus
1588 4931 1693 4970 ms.
1738 4915 1933 4967 ἔπεσον
1957 4913 2047 4967 αύ-

462 4987 581 5042 τοῦ.
625 4989 779 5042 Alius
811 4987 987 5042 codex
1022 4987 1246 5040 ἔπεσαν.

537 5058 616 5128 (6)
651 5058 836 5112 Codex
876 5073 1020 5128 unus
1067 5056 1258 5128 χρόνον
1299 5054 1608 5127 τεχθέντας.
1643 5053 1850 5110 ibidem
1883 5053 2041 5109 Colb.

455 5127 671 5196 deuius
693 5130 844 5196 κοινῇ
874 5127 930 5179 δὲ
958 5127 1369 5196 ὑπεξελθόντας.

540 5197 620 5268 (7)
643 5194 851 5268 Regius
878 5199 1071 5268 tertius
1095 5194 1414 5268 ἐφθέγξατο.
1442 5195 1638 5251 Statim
1661 5194 1818 5250 Colb.
1846 5195 2044 5268 tertius

469 5264 672 5338 Κύριος
697 5264 977 5338 ἀςφείλατο.
1006 5266 1119 5338 Nec
1139 5264 1218 5323 ita
1242 5264 1423 5322 multo
1448 5275 1573 5336 post
1598 5274 1725 5319 octo
1755 5279 1891 5319 mss.
1918 5264 2045 5334 περὶ

456 5335 683 5391 ἑαυτοῦ.
726 5335 870 5390 Editi
899 5337 1087 5389 αὐτοῦ.
1244 5338 1261 5355 ’

526 5408 612 5479 (8)
644 5404 870 5479 veteres
907 5414 1144 5479 quatuor
1180 5405 1307 5460 libri
1349 5405 1514 5479 παντὶ
1537 5402 1824 5479 -ᾁνθρὼπῳ
1863 5400 2041 5479 θλιᾷο-

470 5472 636 5547 μένω.
671 5475 816 5547 Editi
834 5482 898 5547 et
923 5472 1026 5547 'alii
1068 5476 1176 5530 duo
1216 5472 1713 5547 mssnsimpliciter
1742 5472 1906 5526 παντὶ
1934 5472 2046 5525 θλι-

464 5530 699 5619 ὲομένῳ.
737 5530 940 5619 Ibidem
974 5545 1253 5619 duomss.
1284 5530 1461 5619 ᾎλλὰ
1490 5530 1555 5619 γε
1595 5546 1691 5614 μή.

540 5614 615 5689 (9)
648 5614 874 5689 δηιίιιιιί
902 5624 1017 5689 tr_es
1050 5617 1173 5689 libri
1201 5614 1474 5689 ἀληθινὸς,
1513 5615 1679 5689 ὅσιος,
1707 5627 1890 5689 νει-μ,
1914 5628 2043 5666 san-

464 5682 608 5743 ctus:
658 5686 764 5744 Sed
796 5682 902 5743 vos
940 5687 1088 5751 ὅσιος
1120 5686 1176 5741 in
1209 5682 1335 5743 aliis
1375 5699 1536 5752 mss.,
1570 5693 1626 5741 et
1658 5685 1715 5740 in
1742 5682 1905 5741 editis
1929 5696 2043 5739 non

2147 4423 2388 4497 θρηνεῖν.
2418 4422 2522 4475 Alii
2550 4432 2663 4497 tres
2688 4422 2821 4497 mss.
2853 4424 3238 4497 καταθρηνείν.
3266 4427 3370 4484 Alii
3395 4426 3503 4482 duo
3527 4437 3580 4481 et
3604 4422 3736 4484 editi

2148 4491 2316 4546 uti'in
2350 4501 2608 4562 contextu
2643 4491 2747 4562 legi
2780 4502 2982 4562 potest.

2219 4564 2334 4635 (to)
2367 4560 2548 4635 Ubiin
2572 4560 2735 4635 editis
2769 4560 3020 4635 legituri;
3049 4565 3246 4635 σκηνή,
3273 4564 3345 4621 ibi
3372 4581 3439 4621 ex
3457 4568 3735 4623 veteribus

2147 4634 2403 4709 quinque
2427 4633 2585 4709 libris
2614 4633 2910 4709 __edendutn
2960 4633 3279 4709 curavimus
3322 4638 3355 4709 ῂ
3393 4640 3583 4709 σκευή.
3618 4639 3736 4693 Ali-

2147 4701 2355 4772 quanto
2392 4703 2532 4756 inl'ra
2564 4701 2695 4755 editi
2727 4703 2951 4770 στυγνὺν
2982 4705 3075 4757 καὶ
3104 4705 3211 4759 ἀεί.
3238 4701 3354 4771 Sed
3381 4722 3505 4761 cum
3539 4701 3733 4761 vocula

2147 4773 2241 4825 καὶ
2267 4775 2318 4826 in
2362 4788 2496 4827 mss.
2524 4788 2634 4826 non
2662 4775 2988 4840 reperiatur,
3021 4790 3142 4828 eam
3174 4775 3495 4831 delevimns.
3530 4777 3734 4832 Ibidem

2150 4853 2262 4896 tres
2305 4858 2440 4897 mss.
2485 4843 2584 4913 τῆς
2614 4842 2813 4912 ψυχῆς.
2858 4844 2963 4896 Alii
3010 4859 3146 4899 mss.
3189 4854 3245 4901 et
3287 4845 3425 4901 editi
3460 4850 3527 4918 τῇ
3561 4847 3730 4918 ψυχῇ,

2147 4922 2315 4967 recte.

2220 4982 2333 5056 (tl)_
2370 4980 2682 5040 Διασῶζον.
2735 4979 2904 5056 Multo
2950 4982 3174 5056 melius
3200 4984 3344 5056 apud
3383 4984 3731 5056 ‘Symeonem

2220 4999 2332 5052 (11)
2370 4999 2682 5040 Διασωςον.
2735 4999 2904 5036 Μαιιο
2950 4999 3147 5036 melius
3200 4999 3344 5106 agna
3398 4999 3731 5056 aymeonem

2146 5051 2525 5123 Logometam,
2573 5066 2740 5104 sertn.
2776 5052 2866 5116 12,
2917 5068 3041 5123 pag.
3077 5052 3203 5115 544,
3271 5053 3577 5119 ιασώςοντι,
3606 5072 3731 5110 nue-

2147 5126 2286 5176 roris
2318 5122 2503 5174 uulnus
2533 5136 2733 5188 semper
2760 5138 2935 5176 recens
2961 5123 3015 5176 in
3037 5124 3215 5176 animo
3237 5125 3485 5178 servanti.
3512 5126 3726 5180 Manu.

2221 5190 2511 5266 (12)--Edit_i
2537 5192 2593 5242 ἐν
2615 5191 2914 5266 ἀφθαρσίᾳο
2946 5192 3227 5266 σπείρεται
3258 5195 3314 5245 ἐν
3334 5195 3552 5266 ἀτιμίᾳ,
3582 5197 3725 5266 ἐγεί-

2221 5213 2332 5262 (ῙΖ)
2356 5213 2511 5243 ἘιυΙιΙ
2537 5213 2593 5242 εν
2615 5213 2914 5262 αφυαρσιᾳ·
2946 5213 3070 5244 σπει
3111 5213 3227 5244 εται
3258 5213 3314 5245 εν
3334 5213 3552 5266 ατιμιᾳ,
3582 5213 3609 5247 ε
3650 5214 3725 5248 ει-

2149 5279 2299 5342 ρεται
2331 5263 2387 5313 ἐν
2420 5258 2566 5342 δόξῃ·
2594 5260 2893 5342 σπείρεται,
2922 5270 3041 5342 etc.
3067 5213 3371 5342 geminatur
3397 5266 3453 5317 in
3473 5213 3731 5342 ignoZili-

2148 5330 2569 5407 tatetsurget‘in
2610 5330 2935 5407 gloriansed
2970 5339 3144 5407 totum
3167 5331 3323 5407 illud,
3359 5330 3643 5407 σπείρεται
3668 5337 3729 5389 ἐν

2145 5400 2360 5472 ἀτιμίᾳ,
2392 5399 2667 5472 ἐγείρεται
2711 5402 2787 5472 ἐν
2812 5401 2963 5471 δόξῃ,
2995 5399 3151 5472 deest
3177 5411 3230 5455 et
3263 5404 3317 5457 in
3363 5399 3571 5460 nostris
3600 5414 3728 5459 octo

2148 5470 2392 5532 mss.,’et
2417 5470 2471 5522 in
2503 5470 2743 5525 editione
2763 5470 3084 5525 Basileensi.
3110 5471 3313 5527 Basilio
3346 5474 3725 5536 concionanti,

2147 5554 2216 5593 an
2242 5539 2483 5595 librariis
2513 5542 2886 5595 scribentibus
2916 5541 3227 5595 exciderint
3254 5543 3368 5598 btec
3401 5544 3587 5601 verba.
3615 5545 3728 5601 dici

2146 5621 2307 5687 certo
2330 5626 2491 5687 posse
2522 5625 2629 5687 non
2662 5618 2804 5687 puto
2826 5630 2838 5663 :
2872 5613 3003 5687 mihi
3030 5619 3215 5687 tamen
3235 5615 3425 5672 nescio
3449 5617 3728 5687 quomodo

2145 5681 2501 5739 verisimilius
2545 5682 2624 5750 lit,
2670 5695 2732 5740 ea
2769 5679 2970 5741 Basilio
2999 5681 3187 5758 potius
3233 5702 3400 5758 quam
3440 5679 3523 5744 tot
3559 5688 3725 5744 simul
