4052 6214
469 331 580 385 2'55

1808 326 1867 383 S.
1908 326 2156 383 BASlLll
2196 326 2410 383 MAGNI

3633 337 3740 392 256

474 452 763 515 vicerant,
827 456 1034 504 mutata
1084 446 1325 503 secunda
1388 447 1644 519 fortuna,
1684 450 2050 518 spectaculum

2159 449 2311 513 τίων,
2344 449 2776 520 περιτραπείσης
2812 450 2997 512 αὐτοῖς
3025 451 3121 522 τῆς
3154 453 3473 525 εὐημερίας,
3511 454 3739 511 ἐλεεινὸν

474 543 791 598 miserabile
814 541 943 597 facti
977 550 1107 598 sunt
1136 554 1193 598 et
1235 541 1439 595 fabula.
1478 542 1559 595 Ad
1603 541 1718 596 haec
1744 550 1937 612 gentes
1970 541 2055 595 in-

473 644 641 707 tegra:
668 650 731 690 ac
758 636 974 701 insulae,
1012 636 1255 705 polentia
1285 651 1395 690 non
1423 634 1687 690 mediocri
1714 643 2052 706 comparata,

473 728 674 784 erectis
701 736 846 784 terra
883 728 1132 797 marique
1171 727 1359 782 multis
1403 728 1645 797 tropaeis,
1675 728 1955 798 congestis
1987 742 2052 781 ex

473 820 687 875 exuviis
736 819 935 888 Opibus
987 820 1197 881 multis,
1253 829 1347 872 aut
1399 827 1698 889 assumpta:
1747 827 1878 875 sunt
1910 827 2053 874 tem-

474 925 628 980 pore,
655 916 748 963 aut
772 910 828 965 in
854 909 1225 979 captivitatem
1256 912 1509 973 redactae,
1539 911 1800 965 servitute
1831 910 2054 966 liberta-

476 1010 583 1056 tem
631 1008 935 1056 mutarunt.
990 999 1057 1055 Et
1087 1003 1140 1056 in
1177 1017 1416 1065 summa,
1475 1001 1844 1072 quodcunque
1879 1004 2056 1057 maxi-

473 1107 690 1147 morum
739 1102 793 1147 et
838 1092 1264 1148 intolerabilium
1309 1094 1580 1149 malorum
1622 1096 1806 1163 possis
1846 1095 1902 1150 in
1937 1110 2055 1151 me-

473 1183 626 1237 dium
674 1183 951 1254 proferre,
1006 1185 1211 1241 nullius
1257 1199 1369 1240 non
1417 1187 1667 1257 exempla
1726 1187 1888 1243 habet
1933 1197 2054 1243 acta

470 1276 587 1344 jam
629 1286 783 1331 aetas.
825 1273 1298 1341 Quemadmodum
1343 1279 1509 1348 igitur
1556 1279 1711 1335 librae
1759 1280 2053 1339 momentis

475 1367 843 1423 discernimus
890 1367 1149 1438 pondera,
1202 1378 1256 1426 et
1292 1374 1408 1426 auri
1441 1372 1736 1428 discrimen
1790 1389 1859 1428 ex
1911 1374 2047 1428 coti-

477 1460 615 1515 culze
660 1459 878 1516 affrictu
930 1461 1282 1533 exploramus
1325 1484 1338 1519 :
1383 1467 1455 1519 ita
1500 1467 1546 1520 si
1590 1473 1828 1522 statutos
1890 1467 2053 1523 nobis

476 1569 508 1609 a
549 1552 779 1609 Domino
835 1553 972 1610 lines
1025 1569 1091 1608 ac
1151 1555 1343 1612 modos
1403 1569 1713 1627 repetamus
1762 1559 2050 1623 memoria,

478 1661 749 1716 nusquam
781 1644 1083 1716 prudentiae
1115 1661 1179 1700 ac
1212 1647 1605 1703 moderationis
1648 1648 1916 1704 terminos
1955 1665 2051 1703 cx-

477 1738 756 1795 cedemus.
803 1736 947 1808 Ergo
993 1737 1041 1794 si
1096 1739 1318 1808 quando
1368 1738 1466 1792 tibi
1522 1737 1727 1809 aliquid
1762 1739 2052 1808 contigerit

472 1829 713 1893 adversi,
750 1829 988 1883 maxime
1024 1842 1151 1882 cum
1187 1835 1424 1883 mentem
1462 1827 1573 1896 jam
1613 1827 1784 1897 probe
1827 1828 2049 1882 instru—

366 1976 369 1979 ,
472 1930 618 1976 ctam
672 1913 897 1982 habeas,
945 1934 1014 1974 ne
1054 1918 1293 1973 turberis
1327 1937 1339 1972 :
1374 1918 1570 1973 deinde
1619 1934 1768 1982 vero,
1807 1934 2047 1989 praesen-

475 2012 550 2066 tia
599 2011 768 2067 facias
799 2010 1001 2066 leviora
1034 2024 1131 2079 spe
1164 2008 1499 2066 futurorum.
1550 2008 1623 2064 Ut
1651 2010 1794 2064 enim
1825 2010 1884 2074 ii,
1928 2010 2052 2079 qui-

475 2106 580 2160 bus
612 2104 757 2158 oculi
784 2101 984 2157 infirmi
1019 2107 1171 2163 sunt,
1204 2101 1428 2155 obtutus
1456 2116 1590 2156 suos
1615 2115 1645 2154 a
1678 2100 1842 2155 rebus
1880 2101 2050 2157 nimis

479 2196 702 2269 fulgidis
749 2195 1086 2260 deﬂectunt,
1130 2209 1335 2264 eosque
1392 2193 1589 2249 florum
1636 2202 1691 2250 et
1757 2195 2049 2249 herbarum

476 2298 732 2345 recreant
782 2296 1127 2359 conspectu:
1180 2287 1253 2340 ita
1306 2302 1524 2357 quoque
1562 2301 1671 2341 non
1720 2284 1881 2341 debet
1931 2289 2054 2340 ani-

475 2397 563 2438 ma
599 2396 816 2452 semper
851 2380 956 2434 sibi
1004 2395 1091 2435 res
1126 2382 1310 2434 tristes
1360 2392 1565 2448 ponere
1594 2379 1665 2434 ob
1692 2379 1902 2445 oculos,
1948 2393 2050 2433 nec

470 2472 678 2543 iugiter
715 2473 772 2525 in
818 2458 1180 2541 praesentibus
1224 2470 1486 2524 aerumnis
1538 2468 1723 2540 deligi,
1780 2468 1875 2524 sed
1906 2468 2049 2522 bena

473 2580 602 2619 vera
634 2562 929 2633 speculari.
989 2560 1068 2615 ita
1107 2560 1351 2618 futurum
1388 2568 1493 2627 est,
1528 2570 1589 2616 ut
1623 2559 1882 2615 continuo
1911 2577 2049 2632 gau-

475 2656 566 2711 dio
597 2655 854 2719 alliciare,
916 2653 961 2709 si
998 2667 1217 2723 semper
1257 2653 1370 2707 vita
1408 2660 1501 2706 tua
1536 2652 1808 2708 referatur
1843 2653 1912 2708 ad
1942 2652 2048 2709 De-

477 2763 591 2815 um,
642 2747 687 2801 si
724 2761 851 2816 spes
884 2744 1349 2800 remunerationis
1388 2759 1668 2800 aerumnas
1722 2744 1847 2799 vitae
1880 2745 2050 2799 leniat

477 2853 542 2892 ac
583 2837 848 2893 sublevet.
906 2835 1179 2906 Accepisti
1220 2835 1653 2891 contumeliam?
1680 2836 1776 2892 sed
1813 2835 1880 2890 ad
1933 2836 2050 2907 glo-

476 2934 617 2988 riam
665 2948 787 3002 qua:
823 2931 921 2986 tibi
970 2947 1067 3001 per
1101 2930 1417 3002 patientiam
1457 2930 1512 2984 in
1564 2931 1719 2986 caelis
1772 2939 2046 2994 servatur,

476 3026 707 3096 respice.
760 3021 963 3079 Fecisti
997 3022 1295 3077 damnum?
1331 3024 1398 3076 At
1432 3021 1651 3077 divitias
1682 3022 1965 3085 cmlestes,
1997 3030 2051 3078 et

479 3118 798 3173 thesaurum
843 3130 1005 3186 quem
1044 3122 1163 3171 tute
1216 3115 1314 3169 tibi
1362 3130 1461 3186 per
1497 3115 1641 3170 bona
1684 3128 1852 3184 opera
1892 3129 2049 3184 repo—
2075 3126 2118 3185 ε

477 3212 671 3275 suisti,
720 3209 946 3266 intentis
995 3210 1171 3264 oculis
1214 3216 1492 3263 contuere.
1548 3205 1770 3277 Ejectus
1809 3222 1839 3260 a
1872 3207 2047 3276 patria

477 3303 574 3360 es?
602 3302 671 3355 At
708 3301 941 3375 patriam
981 3299 1149 3354 habes
1186 3301 1461 3354 caelestem
1501 3296 1825 3353 Jerusalem.
1871 3295 2047 3352 Orba-

476 3406 567 3450 tus
620 3409 681 3450 es
714 3393 868 3448 ﬁlio?
914 3393 983 3446 At
1030 3391 1199 3448 babes
1233 3391 1479 3461 angelos,
1529 3390 1861 3461 quibuscum
1902 3390 2048 3443 circa

476 3488 572 3544 Dei
614 3488 873 3541 thronum
903 3483 1250 3556 tripudiabis,
1291 3494 1454 3555 atque
1495 3482 1682 3538 laetitia
1717 3481 2049 3552 sempiterna

476 3578 658 3634 fruere
737 3577 925 3648 Itaque
967 3577 1013 3632 si
1058 3576 1163 3632 hoc
1191 3574 1352 3631 modo
1391 3575 1756 3645 praesentibus
1785 3575 2048 3630 aerumnis

476 3672 659 3728 futura
703 3671 845 3725 bona
893 3668 1253 3739 apposueris,
1303 3668 1444 3722 hanc
1493 3667 1659 3720 animi
1722 3665 2047 3722 hilaritatem

476 3763 1042 3834 tranquillitatemque
1093 3761 1161 3816 ad
1203 3774 1367 3831 quam
1419 3759 1665 3831 ApOStoli
1718 3767 2048 3829 praeceptum

475 3872 581 3914 nos
614 3858 885 3917 hortatur,
940 3853 1262 3909 conciliabis
1303 3850 1646 3921 tibimetipsi.
1702 3848 1890 3920 Neque
1919 3864 2050 3904 vero

476 3944 832 4002 immodicum
871 3941 1127 4013 gaudium
1173 3940 1366 3994 animae
1415 3946 1521 3992 tuae
1571 3935 1786 4007 pariant
1829 3934 1937 3988 laeti
1985 3948 2050 3988 ac

478 4036 644 4092 fausti
689 4050 871 4090 rerum
919 4033 1279 4087 humanarum
1320 4044 1610 4085 successus
1648 4044 1660 4079 :
1718 4042 1894 4097 neque
1927 4026 2049 4081 ullae

477 4143 567 4183 res
593 4127 782 4182 tristes
819 4132 875 4180 et
924 4125 1165 4178 adversae
1217 4137 1327 4192 prae
1366 4121 1586 4176 tristitia
1632 4127 1797 4190 atque
1838 4126 2051 4173 contra-

476 4219 659 4273 ctione
701 4232 821 4271 eam
865 4215 932 4269 de
976 4216 1096 4270 laato
1138 4228 1240 4270 suo
1285 4228 1351 4268 ac
1404 4211 1623 4268 sublimi
1665 4219 1810 4267 statu
1860 4213 2049 4267 detur-

476 4311 626 4366 bent.
683 4306 800 4363 Nisi
842 4306 988 4362 enim
1028 4319 1092 4361 ea
1147 4319 1268 4374 quae
1323 4301 1390 4357 ad
1425 4303 1591 4357 vitam
1635 4309 1904 4369 spectant,
1966 4301 2047 4355 sic

474 4403 628 4473 prius
673 4398 842 4456 fueris
874 4397 1122 4463 edoctus,
1173 4409 1448 4465 nunquam
1492 4402 1715 4447 acturus
1763 4408 1822 4447 es
1876 4392 2045 4461 placi-

2158 540 2334 609 θέαμα
2367 540 2463 593 καὶ
2508 540 2752 611 διήγημα
2776 541 3022 610 γέγονεν.
3053 544 3220 615 Ἔθνη
3252 545 3308 598 δὲ
3341 545 3436 599 ὅλα
3464 549 3559 601 κα)⁵
3583 548 3738 620 νῆσοι

2156 634 2249 686 ἐπὶ
2274 633 2416 704 μέγα
2439 634 2723 704 δυνάμεως
2754 636 3135 706 προελθοῦσαι,
3164 639 3262 691 ’καὶ
3289 639 3458 694 πολλά
3479 642 3577 713 μὲν
3597 643 3739 698 κατά

2155 725 2279 794 γῆν,
2331 725 2501 778 πολλὰ
2544 726 2600 779 δὲ
2649 726 2789 780 κατὰ
2832 726 3106 781 θάλασσαν
3147 730 3430 799 ἐγείρασαι
3476 734 3734 804 τρόπαια,

2157 814 2322 869 πολὺν
2351 815 2408 868 δὲ
2445 814 2671 869 πλοῦτον
2717 817 2782 869 ἐκ
2818 815 3076 888 λαφύρων
3119 817 3460 889 ἀθροίσασαι,
3493 820 3524 892 ἢ
3561 825 3736 895 χρόνῳ

2155 905 2613 978 καταναλώθησαν
2644 906 2777 978 (25),
2817 908 2849 978 ἢ
2886 908 3222 978 αἰχμάλωτοι
3260 910 3570 980 γενόμεναι,
3617 913 3738 968 δου-

2154 997 2304 1053 λείαν
2328 1000 2428 1069 τῆς
2471 1000 2784 1072 ἐλευθερίας
2822 1001 3141 1072 ἠλλάξαντο.
3169 1002 3279 1054 Καὶ
3315 1002 3472 1069 ὅλως,
3501 1005 3637 1095 ὅπερ
3669 1007 3736 1060 ἂν

2155 1090 2318 1163 εἴπῃς
2338 1091 2445 1145 τῶν
2475 1093 2747 1162 μεγίστων
2779 1092 2873 1145 καὶ
2907 1095 3195 1165 ἀφορήτων
3232 1095 3439 1176 κακῶν,
3471 1096 3572 1167 ἤδη
3601 1090 3737 1176 προ-

2153 1182 2333 1235 λαϐὼν
2376 1185 2405 1237 ὁ
2450 1183 2562 1254 βίος
2606 1183 2719 1255 ἔχει
2754 1184 2822 1237 τὰ
2852 1175 3485 1260 ὑποδείγματα.’Ὣσπερ
3528 1184 3620 1243 οὖν
3660 1175 3736 1246 τὰ

2156 1273 2296 1345 βάρη
2323 1277 2442 1337 ταῖς
2476 1275 2567 1328 ἐπὶ
2592 1276 2685 1328 τοῦ
2713 1274 2873 1345 ζυγοῦ
2903 1279 3095 1350 ῥοπαῖς
3125 1276 3492 1349 διακρίνομεν,
3521 1280 3613 1333 καὶ
3636 1279 3730 1334 τοῦ

2153 1363 2355 1436 χρυσοῦ
2387 1367 2487 1438 τὴν
2515 1366 2777 1439 διαφορὰν
2805 1371 2869 1439 τῇ
2898 1367 3033 1440 λίθῳ
3059 1369 3114 1439 (2
3128 1370 3168 1438 ι)
3200 1369 3614 1442 προστρίϐοντες
3648 1374 3733 1427 δο⁴

2154 1456 2486 1529 κιμάζομεψ
2520 1457 2661 1512 οὕτω
2695 1459 2833 1531 πρὸς
2859 1459 2930 1514 τὰ
2968 1460 3260 1515 ἐκτεθέντα
3283 1464 3416 1533 ἡμῖν
3455 1463 3607 1536 παρὰ
3633 1465 3728 1519 τοῦ

2154 1550 2357 1622 Κυρίου
2394 1551 2570 1622 μέτρα
2599 1552 2698 1622 τὴν
2735 1552 2954 1623 μνήμην
2997 1555 3448 1626 ὲπαναιρέροντες,
3490 1557 3727 1630 οὐδαμοῦ
3812 1616 3824 1622 _

2153 1639 2219 1692 ἂν
2251 1641 2357 1694 τῶν
2385 1642 2524 1713 ὅρων
2562 1641 2660 1714 τῆς
2694 1644 3046 1717 σωφροσύνης
3094 1649 3439 1719 ὲκπέσοιμεν.
3481 1651 3729 1705 Ἐπειδὰν

2152 1726 2245 1781 οὖν
2275 1731 2356 1782 σοί
2391 1748 2518 1785 ποτε
2563 1732 2845 1805 προσπέσῃ
2879 1734 2987 1787 τῶν
3032 1736 3341 1808 ἀϐουλήτων
3378 1756 3452 1803 τι,
3496 1740 3729 1810 μάλιστα

2156 1821 2252 1890 μὲν
2284 1821 2361 1891 τῷ
2399 1825 2918 1896 προευτρεπισμένῳ
2951 1825 3062 1897 (25)
3095 1828 3194 1899 τῆς
3231 1828 3469 1894 διανοίας
3502 1832 3602 1903 τὴν
3626 1850 3725 1885 τα-

2155 1908 2327 1985 ροίχὴν
2358 1913 2430 1983 μὴ
2458 1914 2668 1980 παθεῖν,
2695 1915 2883 1970 ἔπειτα
2909 1918 2963 1970 δὲ
2989 1921 3052 1990 τῇ
3087 1919 3260 1974 ἐλπίδι
3287 1920 3396 1973 τῶν
3426 1922 3727 1993 μελλόντων

2152 1998 2459 2075 κουφότερα
2507 2009 2679 2059 ποιεῖν
2714 2008 2783 2061 τά
2815 2010 3078 2080 παρόντα.
3111 2011 3320 2084 Ὥσπερ
3358 2013 3467 2085 γὰρ
3492 2017 3541 2069 οἱ
3564 2016 3724 2071 ἀσθε-

2151 2094 2260 2156 νεῖς
2298 2094 2365 2147 τὰ
2396 2095 2639 2167 ὄμματα,
2668 2098 2774 2152 τῶν
2817 2101 2957 2168 ἄγαν
2989 2100 3256 2173 λαμπρῶν
3282 2102 3381 2167 τὰς
3424 2105 3577 2175 ὄψεις
3619 2107 3723 2162 ἀπ-

2151 2183 2394 2251 άγοντες,
2428 2188 2484 2239 ὲν
2503 2187 2686 2242 ἄνθεσι
2715 2191 2806 2243 κα).
2834 2193 2991 2255 πόαις
3015 2197 3552 2266 προσαναπαύουσινσ
3584 2199 3728 2256 οὕτω

2152 2276 2256 2347 Χρὴ
2296 2279 2389 2330 καὶ
2421 2280 2520 2350 τὴν
2551 2280 2727 2352 ψυχὴν
2764 2282 2836 2355 μὴ
2880 2286 3116 2355 συνεχῶς
3145 2288 3509 2349 καταϐλέπειν
3537 2291 3598 2345 τὸ
3634 2292 3727 2345 λυ-

2152 2366 2348 2437 πηρὸν,
2393 2370 2527 2439 μηδὲ
2577 2374 2689 2434 τοῖς
2738 2373 3005 2445 παροῦσιν
3057 2377 3299 2444 ἀνιαροῖς
3348 2381 3725 2450 προσκεῖσθαι,

2153 2456 2289 2511 ἀλλά
2316 2461 2451 2530 πρὸς
2483 2462 2579 2533 τὴν
2608 2462 2839 2536 θεωρίαν
2860 2465 2968 2519 τῶν
3000 2466 3166 2527 ὅντως
3193 2470 3410 2537 ἀγαθῶν
3446 2473 3726 2544 περιάγειν

2150 2549 2320 2619 αὐτῆς
2362 2550 2423 2604 τὸ
2451 2551 2624 2624 ὄμμα.
2661 2554 2815 2608 Οὕτω
2857 2559 3332 2631 κατορθωθήσεται
3365 2579 3445 2615 σοι
3479 2564 3539 2617 τὸ
3589 2565 3726 2619 πάν-

2152 2658 2271 2694 τοτε
2299 2645 2509 2714 χαίρειν
2533 2663 2545 2676 ·
2580 2646 2673 2699 ἐὰν
2703 2650 2732 2701 ό
2767 2649 2865 2718 μὲν
2903 2650 3016 2720 βίος
3058 2669 3137 2705 σοι
3171 2654 3256 2706 ἀεὶ
3287 2655 3396 2725 (26)
3426 2658 3562 2728 πρὸς
3592 2657 3725 2713 Θεὸν

2150 2733 2455 2807 ἀποϐλέπῃ,
2483 2738 2516 2807 η
2547 2737 2603 2789 δὲ
2647 2736 2801 2803 ἐλπὶς
2847 2739 2948 2810 τῆς
3001 2742 3316 2808 ἀντιδόσεως
3352 2747 3583 2820 κουφίζῃ
3627 2748 3722 2803 τοῦ

2154 2822 2268 2892 βίου
2301 2825 2370 2878 τά
2394 2826 2630 2898 λυπηρά.
2679 2828 3012 2901 Ἦτιμάσθης
3034 2849 3049 2896 ;
3094 2832 3252 2886 Ἀλλά
3273 2834 3410 2906 πρὸς
3427 2836 3524 2909 τὴν
3544 2837 3722 2906 δόξαν,

2150 2916 2250 2986 τὴν
2274 2915 2363 2969 διὰ
2392 2918 2490 2990 τῆς
2528 2920 2806 2992 ὑπομονῆς
2830 2924 2886 2976 ὲν
2924 2927 3034 2987 τοῖς
3062 2926 3307 2996 οὐρανοῖς
3336 2929 3720 3001 ἀποκειμένᾜ,

2151 3006 2473 3079 ἀπόϐλεψον.
2514 3011 2637 3083 Ἐξη
2648 3012 2853 3084 μιὼθης
2875 3031 2890 3081 ;
2932 3015 3071 3069 Ἀλλ’
3094 3012 3393 3073 ὲνατένισον
3414 3020 3492 3091 τῷ
3513 3022 3727 3096 πλούτῳ

2149 3098 2227 3170 τῷ
2264 3101 2570 3174 ἐπουρανίῳ
2598 3104 2690 3157 καὶ
2710 3105 2780 3176 τῷ
2807 3105 3085 3179 θησαυρῷ,
3112 3109 3170 3163 ὃν
3203 3111 3401 3166 ἀπέθου
3428 3112 3539 3184 (27)
3569 3131 3725 3168 σεαυ-

2151 3190 2228 3261 τῷ
2259 3193 2346 3246 διὰ
2369 3193 2477 3247 τῶν
2505 3195 2722 3264 ἀγαθῶν
2753 3197 2948 3269 ἔργων.
2994 3200 3273 3266 Ἑξέπεσες
3303 3204 3401 3274 τῆς
3433 3206 3721 3278 πατρίδος;

2164 3282 2301 3336 Ἀλλ’
2342 3282 2485 3355 ἔχεις
2546 3287 2778 3357 πατρίδα
2821 3288 2920 3361 τὴν
2969 3290 3290 3364 ἐπουράνιον
3344 3295 3719 3369 Ἰερουσαλήμ.

2151 3374 2351 3428 Τέκνον
2388 3377 2691 3445 ἀπέϐαλες;
2734 3379 2872 3433 Ἀλλ’
2898 3382 3162 3452 ἀγγέλους
3193 3385 3355 3457 ἔχειςν
3387 3387 3504 3458 μεθ’
3536 3381 3610 3443 ὧν
3635 3408 3725 3461 10'

2152 3466 2366 3538 ρεύσεις
2398 3470 2522 3540 περὶ
2552 3470 2645 3523 τὸν
2682 3470 2869 3543 θρόνον
2902 3473 2995 3526 τοῦ
3043 3475 3196 3540 Θεοῦ,
3240 3478 3334 3531 καὶ
3374 3479 3721 3553 εύφρανθήσῃ

2149 3557 2248 3626 τὴν
2276 3557 2491 3613 αἰώνιον
2519 3562 2877 3634 εὐφροσύνην.
2905 3565 3094 3630 Οὕτως
3118 3568 3406 3634 ἀντιτιθεὶς
3438 3574 3551 3635 τοῖς
3584 3589 3725 3644 παρ-

2150 3647 2301 3701 οὖσιν
2355 3650 2596 3722 ἀνιαροῖς
2647 3652 2716 3706 τὰ
2754 3654 3178 3728 προσδοκώμενα
3222 3660 3420 3729 ἀγαθὰ,
3468 3663 3722 3731 φυλάξεις

2152 3739 2358 3810 σεαυτῷ
2387 3741 2448 3793 τὸ
2477 3742 2677 3796 ἄλυπον
2701 3743 2810 3817 (28)
2843 3747 2943 3817 τῆς
2969 3748 3146 3819 ψυχῆς
3183 3751 3274 3802 καὶ
3313 3752 3606 3824 ἀτάραχον,
3635 3756 3721 3826 ἐφ’

2149 3833 2178 3885 ὃ
2210 3833 2560 3905 προκαλεῖται
2609 3836 2759 3906 ἡμᾶς
2805 3838 2837 3908 ἡ
2884 3839 3174 3909 νομοθεσία
3210 3842 3304 3895 τοῦ
3372 3845 3716 3901 Ἀποστόλου.

2148 3925 2301 3997 Μήτε
2333 3926 2400 3979 τὰ
2444 3927 2643 4000 φαιδρά
2669 3929 2777 3983 τῶν
2811 3929 3164 4002 ἀνθρωπίνων
3197 3936 3535 4007 πραγμάτων
3562 3957 3719 4012 περι-

2149 4019 2372 4090 χαρείας
2403 4020 2675 4091 ἀμέτρους
2718 4016 3012 4092 ἐμποιείτω
3053 4041 3146 4076 σου
3178 4027 3243 4096 τῇ
3273 4025 3439 4098 ψυχῇ,
3474 4031 3607 4101 μήτε
3650 4034 3718 4086 τά

2148 4109 2366 4182 λυπηρά
2400 4113 2722 4183 κατηφείαις
2767 4114 2862 4167 καὶ
2901 4115 3182 4179 συστολαῖς
3221 4118 3280 4170 τὸ
3312 4119 3515 4191 γαῦρον
3550 4121 3720 4194 αὐτῆς

2148 4200 2240 4253 καὶ
2267 4202 2466 4274 ὑψηλὸν
2497 4202 2853 4257 ταπεινούτω.
2883 4204 2973 4276 Μὴ
3010 4204 3119 4278 γὰρ
3146 4205 3287 4262 οὕτω
3320 4212 3720 4280 προπεπαιδευ-

2150 4293 2307 4364 μένος
2345 4294 2610 4367 περὶτῶν
2651 4296 2791 4349 κατά
2819 4296 2909 4349 τὸν
2950 4295 3084 4367 βίον,
3125 4299 3245 4353 οὐδέ
3296 4318 3427 4357 ποτε
3471 4303 3718 4375 ἀκύμονα

2147 4384 2293 4457 ζωὴν
2321 4389 2415 4441 καὶ
2459 4387 2732 4459 ἀτάραχον
2763 4386 2900 4461 ζήσῃ
2928 4389 3059 4460 (29).
3091 4391 3260 4446 Τοῦτο
3297 4392 3356 4447 δέ
3398 4410 3479 4447 σοι
3521 4396 3718 4467 ῥᾳδίως

474 4493 601 4548 dam
635 4507 698 4548 ac
721 4488 1072 4560 tranquillam
1103 4489 1289 4542 vitam.
1326 4485 1431 4540 Sed
1459 4485 1617 4540 facile
1648 4484 1701 4540 id
1732 4499 2041 4553 assequere,

2151 4476 2644 4550 κατορθωθήσεται,
2687 4478 2780 4533 ἐὰν
2810 4481 2937 4551 ἔχῃς
2958 4482 3056 4551 τὴν
3088 4482 3305 4555 ἐντολὴν
3327 4485 3591 4551 σύνοικον,
3618 4488 3718 4560 τὴν

475 4588 523 4642 si
557 4592 883 4657 praeceptum
909 4596 1019 4653 quo
1045 4580 1113 4635 ad
1147 4594 1362 4649 semper
1389 4576 1732 4648 gaudendum
1771 4576 2042 4642 invitaris,

474 4679 746 4737 familiare
791 4676 998 4732 habeas
1050 4680 1214 4743 atque
1274 4668 1686 4724 contubernale.
1737 4665 1828 4723 Sic
1869 4668 2041 4732 enim,

475 4769 784 4827 amendatis
822 4767 1007 4823 carnis
1042 4763 1332 4825 molestiis,
1370 4761 1596 4831 colliges
1626 4760 1822 4831 gaudia
1852 4760 2041 4815 animi:

476 4865 557 4919 sic
604 4875 786 4917 rerum
824 4859 1177 4931 praesentium
1235 4868 1400 4909 sensu
1456 4854 1705 4922 superior
1747 4850 1925 4907 factus
1974 4851 2043 4906 ad

475 4961 802 5010 aeternorum
855 4950 1123 5005 bonorum
1169 4960 1320 5016 spem
1375 4952 1607 5000 mentem
1670 4952 1818 4998 tuam
1862 4944 2043 4999 inten-

477 5047 595 5109 des,
630 5060 865 5116 quorum
897 5043 983 5098 vel
1017 5042 1135 5098 sola
1163 5039 1404 5111 cognitio
1436 5045 1613 5107 potest
1641 5038 1877 5091 animam
1907 5051 2044 5106 gau-

551 5199 662 5272 (2⁵5)
695 5199 918 5268 Antiqui
962 5198 1071 5272 duo
1118 5197 1259 5251 libri'
1291 5191 1771 5266 κατηναλώθησαν.
1808 5191 1952 5246 Editi
1991 5201 2044 5245 et

478 5266 569 5325 alii
596 5266 729 5325 mss.
760 5266 1241 5338 καταναλώθησαν.

550 5339 663 5411 (24)
697 5338 875 5411 Editio
919 5329 1115 5392 Paris:
1143 5347 1197 5391 et
1224 5342 1368 5391 unus
1400 5334 1572 5411 codex
1602 5329 1734 5402 Reg.
1768 5330 1846 5401 τῷ
1880 5330 2039 5401 φίλῳ.

477 5403 659 5465 Editio
691 5408 855 5462 Basil.
886 5418 941 5463 et
966 5415 1182 5478 septem,
1201 5421 1335 5478 mss.
1365 5407 1431 5475 τῇ
1459 5403 1611 5472 λίθῳ.

550 5478 833 5551 (25)7Editi
859 5470 1283 5551 εὐτρεπισμένῳ.
1308 5477 1377 5529 At
1406 5470 1538 5529 mss.
1565 5470 2045 5542 ’προευτρεπισμέ-

476 5546 572 5619 νῳ,
601 5546 685 5604 vel
708 5546 1253 5619 «ponusperttogevqi.

525 5605 661 5690 ’(26)
689 5605 1055 5690 Αιίιῂίιιὶίεςξ
1089 5605 1232 5690 'Iibr'i
1283 5613 1395 5690 βίος
1432 5629 1514 5690 σοι
1550 5611 1656 5666 ἀεί.
1689 5609 1845 5690 Alius
1872 5608 2040 5690 codex

482 5680 596 5762 βιός
634 5680 749 5762 σου,
790 5680 943 5743 Editi
991 5685 1100 5758 βίος
1147 5686 1253 5741 ἀεί.
1283 5680 1423 5741 Nov
1459 5681 1591 5754 Reg.
1639 5680 1914 5738 secundus
1946 5683 2043 5751 τῆς

482 5758 905 5821 ἀνταποδόσεως.

2146 4570 2377 4624 πάντοτε
2424 4570 2635 4643 χαίρειν
2676 4588 2759 4624 σοι
2809 4563 3208 4644 παραινοῦσαν·
3259 4576 3717 4649 ἀποπεμπόμενος

2149 4661 2247 4731 μὲν
2271 4660 2338 4714 τὰ
2366 4660 2571 4733 ὀχληρά
2602 4661 2700 4733 τῆς
2733 4662 2953 4733 σαρκὸς,
2990 4664 3240 4734 συνάγων
3265 4667 3323 4720 δὲ
3356 4666 3456 4731 τὰς
3488 4668 3589 4738 τῆς
3608 4669 3715 4738 ψυ-

2145 4753 2245 4823 χῆς
2267 4752 2631 4825 εὐφροσύνας·
2665 4753 2761 4807 καὶ
2794 4752 2901 4807 τῶν
2946 4755 3044 4825 μὲν
3075 4758 3357 4829 παρόντων
3385 4757 3483 4831 τὴν
3522 4760 3714 4832 αἰσθη-

2148 4861 2230 4897 σιν
2267 4845 2630 4918 ὑπερϐαίνων,
2678 4845 2815 4918 πρὸς
2863 4845 2920 4899 δὲ
2961 4847 3058 4920 τὴν
3088 4848 3278 4903 ἐλπίδα
3323 4850 3430 4903 τῶν
3482 4853 3714 4906 αἰωνίων

2145 4935 2441 4991 ἀποτείνων
2486 4937 2585 5010 τὴν
2635 4938 2861 5001 ἔννοιαν,
2907 4930 2980 4993 ὧν
3025 4939 3119 4993 καὶ
3168 4942 3302 5013 μόνη
3354 4944 3387 5014 ή
3445 4944 3713 5011 φαντασία

2147 5028 2365 5100 ἐξαρκεῖ
2412 5030 2511 5100 τὴν
2560 5030 2738 5103 ψυχὴν
2786 5031 3123 5105 εὐφροσύνης
3176 5033 3483 5105 πληρῶσαι,
3530 5034 3714 5089 καὶτὸ

2217 5189 2329 5259 (27)
2360 5190 2514 5246 Colb.
2541 5190 2733 5247 tertius
2758 5192 2817 5245 ὃν
2838 5191 3122 5247 ὲναπέθου.
3150 5191 3345 5247 Statim
3369 5191 3513 5247 idem
3538 5192 3712 5248 codex

2145 5257 2269 5313 cum
2301 5257 2409 5313 Rex
2443 5260 2683 5314 secundo
2716 5262 2998 5327 ὲξέπεσας.

2224 5328 2502 5404 ’28)_Ed_iti
2540 5331 2602 5383 τὸ
2647 5329 2857 5397 ἄλυτον,
2910 5332 3237 5404 negligentia
3288 5345 3600 5401 operarum.
3642 5333 3711 5384 At

2146 5410 2279 5453 mss.
2310 5398 2375 5452 τὸ
2403 5398 2620 5453 ἄλυπον.

2150 5529 2153 5532 ι
2177 5468 2323 5544 ,(29)
2353 5467 2485 5544 Reg.
2508 5471 2785 5544 secundus
2805 5471 3007 5544 ζήσεις.
3039 5470 3097 5526 In
3122 5472 3228 5544 line
3252 5470 3521 5544 orationis
3540 5467 3679 5544 libra
3695 5497 3709 5508 -

2143 5537 2348 5611 riigsuo
2390 5537 2592 5611 quique
2647 5537 2940 5606 arbitratu,
2993 5552 3053 5595 ut
3113 5543 3310 5600 solent.
3364 5540 3707 5611 doxologiam

2146 5608 2533 5732 ﬁerip‘serunt’:
2563 5611 2659 5668 sed
2706 5613 2761 5669 id
2808 5613 3073 5669 adnotare
3117 5626 3219 5670 nec
3264 5611 3413 5676 libet,
3448 5624 3550 5667 nec
3572 5608 3708 5666 utile

2171 5694 2281 5732 ueri
2313 5723 2326 5732 .

2171 5689 2326 5736 UEI‘IL
