4052 6214
445 310 552 369 239

1784 305 1841 363 S.
1883 302 2129 361 BASlLll
2172 300 2387 357 MAGNI

3591 300 3698 358 2W

446 440 535 486 tus
561 426 676 485 dies
698 427 813 500 jam
843 428 1077 492 adesset,
1111 433 1444 498 vocaretque
1472 439 1675 497 praco,
1704 438 1768 478 ac
1799 424 2010 497 patroni

2121 416 2407 491 ἀνθρώπου
2446 417 2544 489 τὴν
2584 415 2894 487 τυραννίδα,
2931 416 3025 469 καὶ
3063 414 3364 484 διηγεῖσθαι
3406 415 3698 486 μέλλουσαν

445 526 632 573 essent
661 516 861 587 parati,
899 517 1063 573 simul
1093 525 1151 572 ut
1176 516 1368 587 incipit
1394 516 1636 572 hominis
1670 514 2014 586 tyrannidem

444 608 717 679 detegere,
761 609 925 665 simul
953 615 1014 664 ut
1038 615 1191 679 parat
1228 614 1284 663 et
1311 607 1555 675 modum,
1588 621 1698 679 quo
1734 606 1878 661 bona
1900 605 2017 661 hac

444 698 600 753 initio
626 704 783 770 parta
816 699 1047 763 fuerant,
1070 706 1124 754 et
1153 699 1413 769 temporis
1445 698 1886 761 diuturnitatem,
1910 711 2019 767 qua

443 790 749 845 dominium
807 789 982 860 ipsius
1006 789 1414 854 stabiliebatur,
1449 789 1751 854 declarare,
1797 794 2016 858 postea-

443 899 551 951 que
583 883 685 937 viri
718 882 1034 937 violentiam
1083 892 1138 937 et
1182 882 1468 936 avaritiam
1521 880 1632 954 3E.
1682 879 2016 951 deplorare;

443 975 705 1044 prodiens
726 975 816 1030 ille
844 974 901 1029 in
934 973 1194 1041 medium,
1227 973 1364 1028 dixit
1385 988 1493 1028 non
1524 974 1689 1028 licere
1713 972 1844 1026 huic
1869 971 2020 1026 litem

444 1078 626 1136 agere.
665 1064 852 1134 Neque
873 1067 1015 1120 enim
1057 1065 1139 1119 fas
1173 1079 1296 1121 esse
1321 1065 1462 1135 juris
1494 1062 1807 1118 communis
1844 1060 2021 1132 parti-

448 1154 596 1224 cipes
627 1168 747 1208 esse
776 1169 890 1221 eos,
925 1153 1017 1224 qui
1047 1154 1431 1223 imperatorum
1463 1151 1593 1207 deos
1617 1165 1725 1204 non
1757 1150 2019 1212 colerent,

355 1306 368 1327 ⁸
446 1260 550 1300 nec
577 1244 781 1301 Christi
810 1246 970 1301 ﬁdem
996 1247 1289 1325 eiurarent.
1321 1243 1611 1299 Videbatur
1635 1242 1851 1313 prasidi
1874 1243 2020 1312 justa

448 1346 504 1392 et
532 1353 686 1407 aqua
723 1338 935 1404 dicere,
969 1322 1312 1407 rationesque
1355 1336 1422 1391 ad
1463 1350 1573 1389 rem
1608 1333 1865 1390 facientes
1894 1347 2020 1403 pro-

450 1429 614 1484 ferre.
659 1429 851 1484 Statim
904 1430 1070 1500 igitur
1110 1429 1237 1485 thus
1283 1428 1504 1483 affertur
1544 1438 1599 1484 et
1642 1427 1828 1494 focus;
1862 1425 2023 1495 idque

452 1521 789 1592 propositum
817 1531 899 1576 est
926 1519 1294 1590 litigantibus;
1335 1528 1594 1590 negantes
1623 1518 1841 1589 quidem
1867 1516 2025 1571 Chri-

454 1622 619 1677 stum,
658 1613 867 1683 legibus
900 1620 954 1669 et
987 1613 1165 1684 legum
1183 1612 1433 1683 praesidio
1471 1611 1753 1678 fruituros,
1784 1609 2025 1666 retinen—

451 1712 536 1758 tes
568 1719 694 1759 vero
726 1706 883 1759 tidem
904 1746 918 1771 ,
964 1719 1140 1774 neque
1189 1702 1366 1758 forum
1389 1744 1402 1767 ,
1433 1718 1609 1774 neque
1642 1704 1817 1773 leges,
1850 1715 2025 1770 neque

2116 513 2205 567 τόν
2226 529 2285 565 τε
2315 511 2515 583 τρόπον
2549 510 2648 581 τῆς
2685 508 2742 575 ἐξ
2774 509 2947 580 ἀρχῆς
2972 509 3237 578 κτήσεως,
3266 509 3359 562 καὶ
3383 507 3698 582 τοῦνχρένου

2124 605 2186 658 τὸ
2218 604 2392 676 μῆκος
2426 601 2520 656 τοῦ
2564 600 2910 672 βεϐαιοῦντος
2947 599 3045 671 τὴν
3070 599 3404 663 δεσποτείαν,
3437 596 3555 654 εἶτα
3601 602 3699 673 τὴν

2120 693 2243 765 βίαν
2280 695 2376 747 τοῦ
2407 692 2598 765 ἀνδρὸς
2631 692 2726 746 καὶ
2756 692 2856 763 τὴν
2899 687 3211 756 πλεονεξίαν
3250 690 3563 764 ὀδύρεσθαι·
3603 711 3705 747 παι

2123 784 2348 857 ρελθὼν,
2385 786 2485 839 οὐκ
2518 784 2618 857 ἔφη
2646 781 3015 853 εἰσαγώγιμον
3039 778 3179 836 εἶναι
3212 781 3310 854 τὴν
3349 782 3505 855 δίκην
3538 782 3701 856 (μηδὲ

2118 877 2229 950 γὰρ
2261 874 2402 932 εἶναι
2439 876 2660 947 θεμιτὸν
2687 875 2798 929 τῶν
2836 874 3032 929 κοινῶν
3074 874 3321 946 μετέχειν
3344 876 3470 938 τοὺς
3500 875 3574 946 μὴ
3602 875 3698 931 λα-

2117 968 2408 1040 τρεύοντας
2432 970 2544 1032 τοῖς
2575 967 2717 1030 θεοῖς
2746 964 2856 1018 τῶν
2887 963 3173 1034 βασιλέων,
3219 963 3312 1018 καὶ
3359 963 3435 1037 μὴ
3475 965 3701 1035 ἐξομνυο

2123 1061 2318 1132 μένους
2347 1061 2458 1132 (57)
2498 1060 2598 1132 τὴν
2638 1062 2718 1123 είς
2746 1059 2983 1131 Χριστὸν
3003 1058 3228 1132 πίστιν).
3265 1058 3469 1113 Ἐδόκει
3516 1060 3698 1114 δίκαια

2119 1153 2299 1222 λέγειν
2328 1152 2408 1223 τῷ
2439 1154 2684 1225 ἄρχοντί,
2718 1151 2814 1206 καὶ
2849 1151 3124 1220 ἀναγκαῖα
3167 1149 3562 1223 προτείνεσθαι.
3594 1150 3699 1205 Καὶ

2118 1246 2279 1310 εὐθὺς
2303 1244 2618 1308 λιϐανωτὸς,
2640 1244 2736 1297 καὶ
2758 1244 2988 1314 ἐσχάρα,
3011 1242 3105 1296 καὶ
3128 1242 3393 1314 πρότασις
3415 1244 3528 1306 τοῖς
3549 1241 3700 1296 δικα-

2119 1334 2396 1407 ζομένοις·
2443 1334 2797 1407 ἀρνουμένοις
2836 1334 2947 1405 (38)
2985 1333 3083 1404 μὲν
3130 1333 3222 1387 τὸν
3260 1331 3516 1404 Χριστὸν,
3558 1333 3698 1386 ἀπο·-

2120 1427 2303 1480 λαύειν
2334 1426 2444 1480 τῶν
2475 1426 2656 1497 νόμων
2686 1426 2782 1479 καὶ
2807 1425 2907 1496 τῆς
2939 1426 3034 1479 ἀπ’
3063 1423 3241 1478 αὐτῶν
3269 1423 3562 1494 ὠφελείας·
3600 1423 3696 1480 ἀν-

2118 1518 2431 1590 τεχομένοις
2457 1518 2515 1572 δὲ
2544 1520 2645 1589 τῆς
2678 1517 2934 1581 πίστεως,
2967 1517 3106 1588 μήτε
3133 1515 3519 1588 δικαστηρίων,
3559 1516 3696 1588 μήτε

2119 1610 2321 1681 νόμων,
2354 1611 2493 1681 μήτε
2520 1609 2619 1681 τῆς
2648 1608 2841 1678 λοιπῆς
2878 1606 3157 1671 πολιτείας
3181 1607 3449 1678 μετέχειν,
3472 1606 3548 1670 ὡς
3580 1607 3699 1677 ἡτι-

2125 1701 2397 1773 μωμένοις
2428 1700 2569 1756 κατά
2598 1700 2690 1754 τὸν
2719 1700 2882 1770 νόμον
2904 1698 3012 1752 τῶν
3042 1698 3161 1752 τότε
3188 1697 3552 1770 κρατούντων.

451 1796 660 1864 reliqua
700 1797 936 1852 civitatis
970 1797 1094 1869 jura
1134 1796 1572 1867 participaturos.
1610 1798 1808 1866 quippe
1846 1795 2044 1864 quibus
2082 1793 2261 1847 edicto
2294 1794 2677 1862 imperatorum
2714 1808 2844 1857 tunc
2874 1803 3133 1874 temporis
3159 1802 3498 1874 regnantium
3527 1803 3703 1869 inuste

455 1885 681 1942 infamia
714 1897 878 1944 esset.

520 1996 575 2052 2.
612 1996 757 2064 Quid
785 1999 951 2070 igitur
982 2000 1214 2070 postea?
1245 1997 1385 2054 Num
1412 1999 1729 2055 divitiarum
1758 2007 1919 2071 capta
1946 2006 2030 2056 est

450 2089 760 2146 illecebris?
788 2106 921 2145 num
961 2106 1058 2161 per
1083 2091 1375 2160 quamdam
1408 2107 1534 2146 cum
1564 2092 1786 2147 homine
1825 2092 2028 2162 injurio

450 2183 857 2237 contentionem
909 2182 1150 2251 neglexit
1194 2180 1522 2252 profutura?
1571 2198 1701 2237 num
1746 2182 2030 2239 exhorruit

448 2271 754 2341 periculum
810 2286 842 2326 a
877 2270 1161 2342 judicibus
1208 2272 1573 2343 impendens?
1630 2271 1850 2329 Minime
1896 2289 2029 2345 gen-

448 2363 586 2417 tium
629 2381 643 2418 :
689 2370 766 2428 at,
791 2360 1002 2430 Valeat,
1045 2362 1261 2434 inquit,
1313 2364 1460 2430 vita,
1501 2371 1724 2434 pereant
1758 2366 2023 2435 pecunia,

445 2454 629 2524 potius
654 2470 723 2510 ne
755 2469 958 2525 corpus
999 2454 1218 2523 quidem
1255 2454 1388 2510 mihi
1431 2456 1694 2526 supersit,
1729 2471 1892 2527 quam
1923 2457 2028 2511 im-

445 2546 533 2616 pia
552 2546 663 2601 ulla
677 2546 841 2602 verba
868 2547 923 2600 in
945 2543 1116 2601 Deum
1131 2547 1226 2617 qui
1253 2562 1339 2603 me
1352 2547 1619 2613 condidit,
1637 2548 1928 2619 proferam.
1945 2548 2026 2603 Ac

445 2646 654 2708 quanto
687 2637 863 2709 magis
898 2637 1364 2707 videbatjudicem
1398 2638 1485 2695 his
1513 2639 1861 2695 sermonibus
1888 2654 2021 2695 exa-

441 2730 681 2799 sperari,
706 2737 762 2785 et
788 2743 1004 2784 summa
1033 2730 1321 2784 adversum
1346 2743 1406 2784 se
1438 2730 1519 2783 ira
1550 2729 1834 2795 succendi,
1865 2738 2022 2786 tanto

447 2819 734 2875 uberiores
774 2818 887 2873 Deo
921 2819 1126 2890 gratias
1156 2819 1370 2890 agebat.
1407 2820 1553 2890 quod
1586 2836 1712 2875 cum
1744 2821 1812 2876 de
1844 2822 2019 2877 cadu—

441 2908 524 2961 cis
563 2907 760 2977 opibus
792 2906 1049 2977 litigaret,
1094 2909 1209 2962 visa
1254 2914 1339 2963 est
1376 2909 1688 2965 calestium
1750 2910 2021 2968 bonorum

441 2998 549 3053 sibi
589 2999 995 3068 possessionem
1034 3008 1301 3066 astruere,
1331 3009 1386 3056 et
1419 3008 1566 3056 terra
1617 3003 1841 3073 quidem
1887 3020 2019 3075 spo-

439 3088 585 3152 iiari,
634 3098 695 3143 ut
727 3088 1065 3159 adipiscatur
1084 3090 1423 3160 paradisum,
1458 3094 1698 3165 itemque
1730 3095 1877 3149 inuri
1906 3096 2014 3150 sibi

2058 1890 2100 1944 Β

2200 1989 2258 2044 2.
2290 1989 2355 2043 Τί
2385 2007 2478 2045 ουν
2494 1991 2585 2044 ἐπὶ
2618 1991 2828 2057 τούτοις
2847 2010 2861 2059 ;
2885 1989 3034 2067 Ἀρα
3049 1994 3336 2070 ἐδελεάσθη
3356 1997 3437 2069 τῷ
3454 1997 3669 2070 πλούτῳ
3687 2017 3704 2067 ;

2128 2079 2162 2150 ἢ
2193 2082 2259 2151 τῇ
2282 2081 2419 2151 πρὸς
2436 2080 2529 2135 τὸν
2544 2081 2829 2136 ἀδικοῦντα
2859 2084 3158 2158 φιλονεικίᾳ
3174 2088 3236 2141 τὸ
3262 2088 3537 2161 συμφέρον
3560 2106 3708 2161 παρα

2103 2171 2299 2233 -εῖδενς
2342 2171 2497 2242 ἢτὸν
2547 2175 2611 2227 ἐκ
2642 2173 2753 2228 τῶν
2785 2174 3054 2229 δικαστῶν
3099 2180 3479 2251 ἐπηρτημένον
3525 2183 3708 2236 κίνδυ-

2127 2279 2217 2317 νον
2244 2262 2516 2334 ἐξεπλάγη
2539 2264 2684 2335 (59);
2715 2266 2991 2338 Ούμενοῦν
3012 2286 3025 2299 ·
3053 2269 3186 2336 ἀλλ’,
3228 2272 3485 2344 Ἐρρέτω,
3516 2276 3703 2345 φησὶν,

2125 2356 2154 2408 ό
2187 2353 2320 2424 βίος,
2363 2357 2596 2427 οἰχέσθω
2624 2360 2880 2430 χρήματα
2903 2377 2917 2392 ·
2956 2362 3092 2432 μηδὲ
3127 2362 3188 2415 τὸ
3230 2363 3391 2434 σῶμά
3431 2383 3521 2437 μοι
3552 2384 3707 2440 περι-

2125 2445 2396 2518 λειφθείη,
2430 2447 2559 2518 πρίν
2600 2465 2722 2502 τινα
2751 2450 2935 2522 φωνὴν
2975 2452 3192 2522 ἀφιέναι
3218 2454 3330 2525 (40)
3357 2455 3529 2528 ἀσεϐῆ
3564 2458 3705 2513 κατά

2123 2535 2219 2590 τοῦ
2241 2535 2525 2601 micam-:6;
2555 2556 2621 2609 με
2656 2539 2811 2594 Θεοῦ.
2849 2542 2958 2596 Καὶ
2986 2543 3093 2615 ὅσῳ
3128 2545 3289 2598 πλέον
3320 2545 3466 2618 ἐώρα
3487 2547 3581 2600 τὸν
3603 2549 3707 2622 ἄρ-

2123 2645 2289 2700 χοντα
2327 2633 2439 2694 τοῖς
2486 2629 2666 2699 λόγοις
2709 2632 2918 2697 τούτοις
2964 2636 3399 2707 ἀγριαινόμενον,
3435 2640 3528 2692 καὶ
3569 2640 3705 2713 πρὸς

2120 2720 2220 2792 τὴν
2247 2722 2483 2794 ἐσχάτην
2512 2724 2633 2775 κατ’
2662 2725 2833 2796 αὐτῆς
2870 2726 3037 2798 ὀργὴν
3064 2729 3437 2800 ἐκκαιόμενον,
3464 2730 3705 2803 τοσούτῳ

2123 2812 2285 2865 πλέον
2315 2813 2427 2885 (41)
2459 2815 2766 2885 εὐχαρίστει
2800 2816 2877 2888 τῷ
2908 2817 3048 2889 Θεῷ,
3080 2819 3183 2883 δτι,
3209 2821 3507 2892 χρημάτων
3531 2823 3702 2896 φθαρ.

2119 2903 2229 2958 τῶν
2250 2904 2692 2976 ἀμφισϐητοῦσα,
2719 2907 2891 2979 ἐφάνη
2917 2910 3025 2964 τῶν
3052 2911 3321 2984 οὐρανίων
3342 2914 3563 2983 ἀγαθῶν
3588 2914 3703 2988 (42)

2121 2996 2288 3068 ἑαυτῇ
2324 2995 2615 3067 βεϐαιοῦσα
2647 3000 2745 3070 τὴν
2773 3000 2965 3071 κτῆσιν
2990 3020 3003 3033 ·
3032 3004 3126 3056 καὶ
3158 3004 3263 3076 γῆν
3309 3005 3409 3077 μὲν
3440 3008 3703 3081 ἀφαιρου-

2123 3087 2282 3158 μένη,
2319 3089 2405 3142 ἵνα
2445 3090 2772 3160 παράδεισον
2814 3095 3103 3166 κτήσηται,
3134 3097 3357 3168 ἀτιμίαν
3387 3099 3445 3153 δὲ
3482 3101 3701 3156 καταδι-

436 3177 736 3246 im‘amiam,
769 3188 831 3234 ut
860 3178 1045 3251 gloria
1098 3181 1321 3237 coronis
1363 3182 1631 3238 habeatur
1680 3183 1867 3254 digna,
1902 3199 2010 3240 cor-

2124 3179 2423 3252 καζομένη,
2466 3181 2552 3234 ἵνα
2601 3181 2707 3236 τῶν
2741 3185 3020 3254 στεφάνων
3053 3188 3163 3260 (45)
3192 3189 3293 3261 τῆς
3333 3189 3491 3262 δόξης
3538 3210 3700 3249 καταρ

436 3288 543 3345 pus
570 3272 810 3344 denique
831 3272 1020 3344 ﬂagris
1057 3272 1212 3339 cadi,
1243 3281 1299 3328 et
1325 3275 1609 3346 temporali
1646 3276 1756 3331 vita
1791 3276 2016 3348 privari,

437 3373 498 3420 ut
529 3379 656 3420 mox
679 3379 805 3419 cum
821 3364 1075 3420 omnibus
1097 3367 1304 3423 sanctis
1329 3367 1386 3421 in
1415 3368 1657 3425 caelestis
1682 3370 1833 3447 regni
1889 3386 2018 3442 gau-

435 3456 544 3510 diis
591 3456 909 3522 constituta,
962 3458 1151 3514 beatas
1198 3474 1323 3530 spes
1384 3468 1773 3531 consequatur.
1847 3461 2017 3520 Cate-

433 3564 558 3604 rum
589 3564 713 3605 cum
747 3564 891 3621 sape
933 3551 1290 3623 interrogata,
1348 3568 1491 3623 sape
1527 3569 1718 3610 vocem
1763 3556 2013 3613 eamdem

433 3642 736 3709 emitteret,
769 3649 970 3697 testata
1025 3658 1148 3700 esse
1190 3660 1257 3701 se
1283 3643 1490 3701 Christi
1520 3646 1775 3701 ancillam
1805 3688 1824 3716 ,
1854 3662 2012 3702 cum-

432 3749 542 3805 que
570 3744 957 3790 exsecraretur
988 3751 1084 3792 eos
1119 3738 1215 3808 qui
1252 3737 1361 3794 sibi
1393 3746 1552 3794 erant
1579 3738 1859 3809 ejuranda
1887 3740 2010 3797 fidei

433 3833 709 3891 auctores,
736 3834 851 3882 tum
887 3828 1108 3885 demum
1158 3829 1330 3897 judex
1361 3830 1671 3901 iniquitatis
1716 3831 1864 3885 illam
1897 3846 2009 3887 non

430 3917 627 3989 Opibus
669 3920 845 3975 solum
875 3929 930 3976 et
960 3922 1408 3992 possessionibus
1449 3922 1650 3992 quibus
1703 3920 1908 3991 injuste
1952 3932 2008 3980 et

429 4016 626 4079 prater
646 4011 792 4082 leges
823 4012 1055 4083 spoliata
1085 4014 1284 4078 fuerat,
1309 4013 1573 4083 privavit;
1620 4029 1810 4069 verum
1840 4015 2005 4070 etiam

428 4115 549 4156 eam
583 4100 693 4172 igni
736 4104 1015 4171 traditam,
1052 4113 1263 4171 morte,
1313 4112 1375 4159 ut
1428 4104 1687 4170 rebatur,
1730 4106 2001 4162 multavit.

425 4189 615 4247 Julitta
650 4208 782 4249 vero
826 4194 896 4249 ad
937 4195 1086 4250 nulla
1115 4195 1239 4251 vita
1268 4194 1671 4252 oblectamenta
1714 4212 1870 4269 aque
1924 4198 2004 4255 fe-

427 4285 699 4341 stinanter
733 4274 1003 4347 cucurrit,
1031 4295 1195 4356 atque
1240 4288 1478 4345 accessit
1516 4288 1585 4344 ad
1651 4288 1800 4344 illam
1847 4289 2003 4345 ﬂam-

2118 3273 2319 3347 ξιωθῇο
2347 3274 2506 3347 σῶμα
2541 3276 2599 3330 δέ
2646 3276 3089 3348 καταικιζομένη,
3133 3280 3227 3333 καὶ
3259 3277 3403 3353 ζωὴν
3434 3284 3695 3356 ἀφαιρου-

2120 3366 2256 3438 μένη
2301 3366 2399 3439 τὴν
2449 3367 2803 3439 πρόσκαιρον,
2851 3368 2938 3421 ἵνα
2975 3369 3084 3422 τῶν
3131 3371 3417 3443 μακαρίων
3462 3374 3695 3429 ἐλπίδων

2114 3456 2368 3528 λάϐηται,
2416 3458 2556 3529 μετὰ
2605 3458 2822 3513 πάντων
2846 3458 2954 3515 τῶν
2996 3461 3165 3529 ἁγίων
3194 3461 3305 3532 (Mi
3329 3463 3388 3517 ἐν
3430 3467 3497 3537 τῇ
3549 3468 3695 3539 χαρᾷ

2113 3550 2215 3622 τῆς
2239 3549 2517 3622 βασιλείας
2553 3552 2939 3622 εὑρισκομένη.
2978 3553 3068 3616 Ὠς
3091 3553 3150 3606 δὲ
3177 3554 3439 3620 πολλάκις
3478 3558 3693 3630 ἐρωτω-

2115 3644 2274 3716 μένη,
2306 3642 2568 3707 πολλάκις
2597 3643 2694 3715 τὴν
2713 3643 2883 3716 αὐτὴν
2912 3644 3062 3716 ἠφίει
3091 3647 3295 3719 φωνὴν,
3331 3647 3524 3720 δούλην
3560 3650 3692 3704 ἐαυ-

2110 3734 2206 3806 τὴν
2245 3735 2339 3788 τοῦ
2376 3735 2614 3808 Χριστοῦ
2658 3736 2910 3806 λέγουσα,
2960 3737 3053 3791 καὶ
3096 3740 3374 3809 κατηρᾶτο
3404 3743 3517 3805 τοῖς
3556 3741 3691 3814 πρὸς

2107 3826 2207 3897 τὴν
2238 3826 2465 3897 ἄρνησιν
2506 3827 2968 3899 προκαλουμένοις
2988 3845 3001 3858 ⁸
3036 3829 3158 3883 τότε
3186 3830 3250 3900 δὴ
3293 3832 3323 3883 ὁ
3368 3832 3559 3902 κριτὴς
3590 3832 3690 3904 τῆς

2108 3918 2321 3983 ἀδικίας
2353 3919 2412 3972 οὺ
2461 3919 2621 3990 μόνον
2651 3918 2720 3972 τά
2746 3920 3025 3990 κτήματα,
3052 3914 3128 3975 ὧν
3165 3921 3365 3985 ἀδίκως
3404 3924 3501 3978 καὶ
3533 3925 3686 3998 παρά

2104 4009 2232 4073 τοὺς
2273 4008 2473 4079 νόμους
2519 4009 2789 4081 ἀφῄρητο,
2839 4011 3233 4081 ἀπεστέρησεν,
3280 4010 3415 4066 άλλά
3450 4014 3544 4067 καὶ
3586 4015 3687 4086 τὴν

2106 4099 2251 4172 ζωὴν
2284 4100 2454 4173 αὐτὴν
2486 4099 2938 4178 προσεξημίωσεν
2962 4099 3036 4164 ὡς
3074 4100 3311 4172 ἐνόμιζε,
3348 4102 3483 4176 πυρὶ
3513 4121 3687 4177 παρα-

2102 4190 2227 4255 δοὺς
2266 4192 2458 4264 αὐτήν.
2502 4192 2565 4244 Ἢ
2603 4191 2661 4244 δέ
2705 4190 2841 4261 πρὸς
2884 4191 3033 4246 οὐδὲν
3072 4191 3216 4246 οὕτω
3251 4194 3364 4248 τῶν
3403 4196 3546 4250 κατά
3590 4198 3683 4251 τὸν

2103 4282 2217 4354 βίον
2262 4283 2513 4357 τερπνῶν
2570 4283 2920 4354 ἠπειγμένως
2978 4283 3245 4357 ἔδραμεν,
3298 4285 3376 4351 ὡς
3427 4288 3521 4342 ἐπὶ
3579 4289 3680 4360 τὴν

425 4390 592 4440 mam,
644 4374 805 4444 facie,
859 4376 1074 4442 habitu,
1100 4378 1285 4434 verbis
1325 4386 1380 4434 et
1405 4377 1776 4434 eﬂlorescente
1804 4378 1996 4434 hilari—

2111 4376 2271 4446 ρλόγα
2305 4371 2469 4447 ἦλθεν
2534 4373 2767 4445 ἐκείνην,
2818 4372 3091 4445 προσώπῳ
3146 4375 3241 4428 καὶ
3283 4381 3540 4449 σχήματι,
3584 4380 3678 4433 καὶ

424 4477 540 4525 tate
584 4468 778 4540 ingens
816 4469 986 4524 animi
1017 4471 1276 4541 gaudium
1321 4469 1637 4526 ostendens.
1667 4470 1746 4526 Ac
1775 4470 1995 4541 quidem

424 4562 674 4617 hortatur
706 4568 949 4618 astantes
978 4563 1256 4627 mulieres,
1296 4570 1356 4617 ut
1392 4578 1462 4618 ne
1494 4562 1561 4618 ad
1597 4562 1847 4620 ferendos
1896 4578 1996 4635 pro

423 4654 621 4723 pietate
657 4653 874 4709 labores
910 4653 1374 4718 remollescerent,
1410 4670 1589 4725 neque
1631 4670 1795 4711 sexus
1846 4668 1990 4725 pra-

419 4743 704 4800 tenderent
737 4744 1128 4801 infirmitatem.
1165 4743 1390 4811 Sumus,
1438 4745 1740 4816 inquiebat,
1772 4762 1839 4802 ex
1891 4760 1988 4802 ea-

491 4897 808 4971 (57)Ει1ἰιίο
857 4899 1035 4955 Paris.
1090 4900 1197 4971 atat
1233 4900 1305 4971 μὴ
1352 4898 1763 4971 ἐξομνυμένους.
1808 4899 1987 4955 Editio

416 4967 589 5052 Boisil.
617 4978 906 5058 etrnovem
941 4986 1074 5052 mss.
1118 4970 1213 5051 καὶ
1235 4967 1671 5058 "éﬁopvppévoug.
1699 4970 1985 5058 ’Combeﬂ-

418 5039 557 5113 siani
591 5038 808 5113 codices
845 5040 1032 5096 nescio
1062 5042 1157 5110 qui
1182 5040 1292 5113 καὶ(
1314 5038 1386 5113 μὴ
1416 5038 1858 5113 ἐξαρνουμένους,
1893 5057 1985 5113 nec

419 5108 619 5163 Christi
650 5109 806 5177 ﬁdem
836 5108 1104 5181 negarent.
1165 5108 1526 5165 Arbitramur'
1555 5108 1872 5180 particulam
1909 5112 1981 5181 μή

421 5187 516 5233 aut
544 5179 950 5246 exprimendam
974 5196 1115 5243 esse,
1149 5188 1243 5234 aut
1281 5189 1430 5235 certe
1458 5179 1887 5236 subaudiendum
1914 5179 1982 5234 ei

421 5247 1033 5322 pracedeptibus,_'robc
1070 5251 1144 5322 μὴ
1175 5250 1552 5322 λατρεύοντας.

630 5317 854 5401 Εὐξιὶο.
878 5317 1083 5401 Paris._'
1103 5317 1533 5401 ἀρνουμένην...ἶ
1596 5320 1977 5401 ἀντεχομένην.

419 5388 601 5444 Editio
630 5388 797 5444 Basil.
830 5388 1234 5462 ἀρνουμένης...
1273 5388 1656 5462 ἀντεχομένης.
1697 5388 1767 5445 At
1794 5388 1983 5462 ipostri

417 5474 615 5515 novem
664 5474 798 5516 mss.
852 5458 1292 5532 ἀρνουμένοις...
1341 5458 1734 5532 ἀντεχομένοις.
1795 5458 1981 5515 Secuti

388 5573 392 5577 «
416 5536 724 5602 ευιριιεηιιι
750 5543 850 5600 par
869 5530 1014 5602 erat,
1041 5530 1224 5602 ilihros
1247 5530 1521 5602 antiquos.

485 5599 597 5671 (59)
625 5599 768 5671 _lleg.
803 5600 1007 5670 primus
1037 5600 1328 5671 ἐνεπλάγη.

487 5667 599 5741 (40)
625 5667 851 5743 Veteres
874 5677 1110 5743 quatuor
1136 5667 1754 5743 libriiptovhvdgosivat.
1781 5668 1978 5726 Statim

415 5739 621 5815 aliquot
651 5755 782 5798 mss.
812 5739 921 5812 ὃσῲ
972 5739 1154 5799 πλέον.
1199 5739 1353 5798 Alitis
1401 5739 1574 5800 codex
1598 5750 1652 5798 et
1692 5740 1822 5800 editi
1870 5744 1978 5814 ὅσῳ

2100 4464 2181 4530 οἷς
2227 4466 2544 4537 ἐφθέγγετο,
2574 4467 2668 4520 καὶ
2715 4468 2780 4538 τῇ
2826 4464 3134 4538 ἐπανθούσῃ
3192 4468 3529 4540 φαιδρότητι,
3579 4470 3678 4542 τῆς

2099 4557 2278 4629 ψυχῆς
2345 4557 2408 4610 τὸ
2464 4557 2760 4629 περιχαρὲς
2826 4556 3162 4628 ἐμφαίνουσα
3203 4575 3217 4590 ·
3286 4562 3675 4632 παρακαλοῦσα

2097 4652 2197 4716 τὰς
2263 4650 2674 4723 παρεστηκυίας
2730 4648 2839 4703 τῶν
2910 4651 3217 4721 γυναικῶν,
3282 4651 3358 4724 μὴ
3427 4671 3677 4727 καταμα-

2099 4742 2414 4808 λακίζεσθαι
2458 4742 2593 4815 πρὸς
2640 4742 2767 4806 τοὺς
2802 4741 2941 4815 ὑπὲρ
2984 4741 3086 4814 τῆς
3131 4743 3413 4809 εὐσεϐείας
3450 4747 3669 4813 πόνους,

2090 4898 2296 4953 πλεῖον.

2161 4969 2271 5040 (41)
2300 4968 2440 5023 Editi
2482 4976 2535 5040 et
2583 4967 2866 5040 duomss.
2904 4967 3143 5039 τοσούτῳ
3187 4968 3375 5025 πλείω.
3416 4969 3524 5027 Sed
3573 4973 3665 5027 alii

2088 5038 2321 5110 quatuor
2349 5038 2587 5108 τοσούτῳ
2615 5038 2795 5110 πλέον.

2159 5110 2269 5178 (άὲ)
2302 5109 2431 5179 Reg.
2461 5107 2736 5164 secundus
2759 5107 2929 5179 ἐφάνη
2962 5111 3070 5163 τῶν
3097 5108 3330 5163 αἰωνίων
3359 5109 3603 5178 ἀγαθῶν.

2157 5176 2268 5249 (όό)
2301 5176 2404 5233 δία
2419 5194 2552 5232 mss.
2586 5176 2826 5247 plurimi.
2858 5176 2998 5232 Editi
3024 5181 3110 5234 ἵνα
3131 5176 3524 5249 κτήσηταιήτοῦ
3545 5193 3665 5234 στε-

2085 5250 2255 5319 φάνου
2283 5269 2295 5304 ;
2343 5251 2399 5303 in
2432 5249 2631 5322 quibus
2651 5249 2901 5322 _verbum
2932 5252 3203 5322 κτήσηται
3234 5250 3530 5322 παρέλκειν
3575 5250 3663 5322 vel

2084 5317 2232 5375 eaeo
2272 5317 2519 5390 apparet.
2544 5317 2793 5390 _Culpam
2828 5332 2952 5390 esse
2993 5317 3284 5390 operarum
3318 5317 3452 5375 inihi
3500 5318 3659 5374 facile

2085 5388 2387 5459 persuadeo
2415 5408 2428 5442 :
2465 5388 2558 5458 qui
2594 5404 2717 5442 cum
2750 5388 2912 5457 paulo
2956 5388 3083 5445 ante
3111 5388 3410 5444 edidissent
3436 5390 3522 5442 ἵνα
3551 5406 3658 5459 πα-

2086 5458 2326 5531 ράδεισον
2358 5460 2926 5531 κτήσηταιηνίιιθηωι·
2962 5461 3185 5516 verbum
3210 5460 3475 5531 κτήσηται
3508 5458 3657 5516 0σοὶ-

2083 5529 2262 5585 tanter
2294 5529 2485 5584 rursus
2514 5529 2803 5598 posuisse.
3294 5529 3307 5598 ς
3370 5529 3379 5531 ἡ
3628 5596 3634 5598 Α
3749 5592 3752 5595 _

2153 5599 2265 5669 (44)
2301 5596 2530 5670 Antiqui
2545 5606 2657 5670 tres
2686 5597 2809 5651 libri
2829 5612 2953 5653 cum
2982 5605 3214 5670 utraqUe
3244 5596 3484 5670 editione
3513 5596 3653 5669 μετὰ

2082 5668 2298 5724 πάντων
2336 5668 2672 5737 τῶνάγίων,
2699 5684 2818 5721 cum
2862 5668 3103 5722 omnibus
3128 5668 3352 5723 sanctis.
3398 5670 3504 5725 Alii
3536 5677 3653 5729 tre.

2082 5756 2216 5797 mss.
2253 5740 2388 5812 μετὰ
2417 5739 2683 5811 ἀγγέλων,
2717 5754 2835 5793 cum
2861 5738 3095 5811 angelis.
