4052 6214
339 356 438 412 9M

1357 357 1649 415 HOMILIA
1689 357 1754 413 IN
1790 358 2185 414 MARTYREM
2224 356 2568 415 JULlTTAM

3493 354 3602 414 ΞΩ

351 477 482 549 μηδὶ
505 476 604 548 τὴν
636 477 740 547 τῆς
779 476 995 546 φύσεως
1027 478 1306 533 ἀσθένειαν
1342 480 1790 552 προφασίζεσθαι.
1835 483 1928 536 Ἐκ

2050 483 2152 538 lem
2207 497 2270 536 ex
2303 495 2411 551 qua
2464 478 2568 534 viri
2603 477 2740 547 ipsi,
2790 493 2991 533 massa.
3041 477 3119 532 Ad
3164 475 3256 532 Dei
3310 477 3599 549 imaginem

351 569 442 622 τοῦ
463 569 630 622 αὑτοῦ
663 571 1009 640 φυράματος,
1041 570 1292 639 λέγουσα,
1315 575 1426 636 τοῖς
1449 573 1711 646 ἀνδράσιν
1739 574 1926 645 ἐσμέν.

357 661 485 715 Κατ’
514 659 699 713 εἰκόνα
728 661 867 714 Θεοῦ
914 662 1234 732 γεγόναμεν,
1263 662 1338 726 ὡς
1367 663 1461 717 καὶ
1491 659 1656 720 οὗτοι.
1706 664 1930 736 Ἀρετῆς

357 752 598 805 δεκτικὸν
620 753 683 805 τδ
711 752 848 824 θῆλυ
875 754 1150 824 όμοτίμως
1178 754 1256 824 τῷ
1285 756 1474 827 ἄρρενι
1516 756 1669 828 παρὰ
1693 756 1787 809 τοῦ
1819 757 1932 809 κτί-

363 862 545 908 σαντος
574 845 788 912 γέγονε.
817 847 930 898 Καὶ
961 846 1010 897 τί
1040 846 1146 916 γὰρ
1188 847 1220 916 ἢ
1256 851 1535 916 συγγενεῖς
1570 851 1682 911 τοῖς
1710 848 1932 919 ἀνδράσι

360 936 443 990 διά
476 936 693 989 πάντων
723 937 890 1005 ἐσμέν
913 952 927 1001 ;
953 937 1025 989 Οὐ
1055 938 1160 1008 γάρ
1195 937 1330 1007 σάρξ
1359 939 1517 1008 μόνον
1550 938 1759 1009 ἐλήφθη
1798 939 1934 1010 πρὸς

365 1027 616 1096 γυναικκ
636 1028 1001 1098 κατασκευὴν,
1021 1028 1155 1080 ἀλλά
1176 1025 1267 1082 καὶ
1285 1030 1474 1084 ὀστοῦν
1500 1033 1564 1083 ἐκ
1581 1031 1688 1083 τῶν
1711 1031 1931 1084 ὀστέων.

367 1120 524 1172 Ὥστε
569 1120 632 1172 τὸ
662 1120 910 1191 στερρὸν,
942 1120 1036 1173 καὶ
1083 1118 1320 1187 εὔτονον,
1371 1123 1467 1174 καὶ
1515 1122 1932 1194 ὑπομονητικὸν,

367 1210 425 1275 ἐξ
456 1212 572 1263 [σου
597 1213 708 1274 τοῖς
729 1211 956 1282 ἀνδράσι
984 1211 1076 1264 καὶ
1104 1215 1228 1284 παρ’
1263 1213 1418 1283 ἡμῶν
1437 1214 1707 1283 ὀφείλεται
1739 1213 1816 1284 τῷ
1837 1214 1934 1266 Δε-

368 1305 560 1378 σπάτῃ.
586 1303 773 1358 Ταῦτα
805 1303 1054 1367 εἰποῦσα,
1086 1304 1222 1374 πρὸς
1247 1305 1346 1375 τὴν
1381 1308 1560 1378 πυράν
1590 1307 1755 1377 ἥλατο
1786 1307 1897 1378 (45)
1917 1325 1930 1337 ο

368 1398 401 1466 ἡ
422 1395 481 1448 δὲ
516 1394 851 1467 περισχοῦσα
883 1395 982 1465 τῆς
1013 1395 1174 1464 ἁγίας
1208 1395 1268 1449 τὸ
1304 1397 1482 1468 σῶμα,
1505 1397 1690 1470 ῶσπερ
1717 1418 1802 1464 τις
1844 1399 1938 1453 θά-

367 1487 539 1557 λαμος
581 1486 860 1556 φωτεινὸς,
891 1487 991 1558 τὴν
1035 1488 1132 1558 μὲν
1179 1487 1355 1559 ψυχὴν
1402 1491 1495 1542 ἐπὶ
1543 1491 1643 1561 τὴν
1691 1492 1937 1564 οὐράνιον

368 1575 573 1650 χώραν,
615 1577 710 1629 καὶ
734 1577 831 1647 τὴν
856 1576 1168 1647 πρέπουσαν
1199 1578 1333 1649 αὐτῇ
1365 1578 1516 1650 λῆξιν
1547 1581 1846 1652 ἀνέπεμψε,
1877 1582 1938 1634 τὸ

368 1669 424 1722 δέ
458 1667 640 1738 τίμιον
670 1668 830 1738 σῶμα
871 1667 1125 1739 ἀκέραιον
1164 1669 1458 1724 διεσώσατο
1491 1674 1601 1735 τοῖς
1631 1676 1938 1744 προσήκου-

371 1777 483 1814 σινσ
517 1762 655 1833 ὅπερ
687 1763 746 1815 ἐν
781 1760 859 1832 τῷ
889 1761 1159 1833 καλλίστῳ
1200 1765 1662 1836 προτεμενίσματι
1701 1766 1803 1837 τῆς
1847 1766 1941 1819 πό-

2037 575 2262 644 perinde
2301 583 2461 643 atque
2494 573 2572 626 illi
2624 571 2825 626 fuimus
2865 569 3116 624 conditae.
3177 569 3401 634 Mulier,
3432 583 3600 638 perae-

2036 683 2142 736 que
2194 681 2258 722 ac
2313 669 2415 728 vir,
2461 682 2491 719 a
2526 665 2809 720 conditore
2854 664 2992 718 facta
3025 673 3107 718 est
3141 662 3361 717 virtutis
3403 677 3598 732 capax.

2038 757 2243 827 Ecquid
2278 759 2460 812 enim?
2498 773 2681 813 nonne
2725 772 2914 812 smnus
2949 756 3080 810 viris
3109 761 3355 826 cognatae
3389 754 3443 807 in
3483 769 3604 810 om.

2039 851 2244 906 nibus?
2275 849 2385 905 Nec
2422 851 2567 905 enim
2612 858 2891 920 assumpta
2921 856 3005 904 est
3039 865 3168 903 caro
3202 850 3320 903 sola
3372 848 3440 902 ad
3471 864 3606 904 con-

2039 941 2268 996 dendam
2301 940 2605 1004 mulierem,
2639 940 2732 997 sed
2779 952 2832 995 et
2874 957 2938 995 os
2965 956 3031 996 ex
3075 940 3292 995 ossibus
3315 939 3382 994 ⁸⁸.
3425 938 3606 1006 Quare

2041 1033 2369 1094 constantia,
2407 1031 2690 1096 fortitudo,
2740 1046 2804 1086 ac
2856 1031 3115 1100 patientia
3159 1045 3189 1083 a
3238 1029 3396 1085 nobis
3440 1031 3604 1084 etiam

2041 1124 2265 1195 perinde
2297 1131 2458 1193 atque
2486 1137 2516 1176 a
2557 1125 2688 1178 viris
2727 1123 2956 1176 Domino
2986 1122 3232 1177 debetur.
3295 1120 3392 1175 His
3419 1121 3603 1184 dictis,

2041 1215 2312 1285 prosilivit
2346 1217 2400 1269 in
2440 1231 2653 1286 rogum,
2698 1217 2790 1286 qui
2843 1225 3098 1284 tanquam
3141 1214 3353 1284 fulgens
3384 1213 3606 1284 quidam

2043 1308 2314 1363 thalamus
2361 1309 2607 1364 mulieris
2641 1317 2842 1364 sanctae
2909 1323 3112 1377 corpus
3162 1307 3602 1376 circumplexus,
3683 1329 3690 1338 -

2042 1401 2362 1456 transmissa
2394 1401 2448 1454 in
2472 1400 2745 1470 regionem
2775 1399 3072 1463 cmlestem,
3092 1408 3143 1454 et
3187 1398 3241 1452 in
3273 1398 3607 1453 convenien-

2045 1497 2151 1546 tem
2191 1491 2240 1545 ei
2272 1490 2513 1560 requiem
2543 1490 2745 1554 anima,
2781 1490 3150 1544 venerandum
3185 1503 3386 1557 corpus
3416 1502 3601 1542 neces-

2045 1582 2207 1636 sariis
2225 1596 2288 1636 ac
2323 1581 2639 1652 propinquis
2668 1581 2936 1650 integrum
2961 1588 3016 1635 et
3035 1579 3309 1635 incolume
3339 1580 3604 1635 servavit:

2045 1670 2190 1741 quod
2217 1672 2272 1725 in
2327 1671 2694 1741 pulcherrimo
2735 1672 2900 1727 unius
2935 1671 3122 1742 templi
3158 1671 3308 1726 urbis
3340 1672 3611 1727 vestibulo

2047 1760 2392 1824 tumulatum,
2446 1769 2560 1816 tum
2614 1761 2716 1831 ipsi
2748 1762 2889 1824 loco,
2933 1769 3050 1815 tum
3097 1761 3186 1824 iis,
3221 1761 3314 1830 qui
3363 1760 3432 1815 ad
3462 1761 3611 1815 hunc

368 1853 507 1918 λεως
554 1855 804 1924 κείμενον
847 1853 1061 1922 ἁγιάζει
1103 1855 1200 1925 μὲν
1241 1857 1334 1911 τὸν
1385 1857 1570 1922 τόπον,
1623 1859 1838 1926 ἁγιάζει
1885 1859 1943 1912 δὲ

2050 1853 2224 1907 locum
2252 1852 2538 1918 accedunt,
2579 1855 2919 1910 sanctitatem
2945 1853 3178 1910 confert.
3210 1852 3379 1908 Terra
3405 1863 3610 1915 autem,

370 1949 492 2011 τοὺς
533 1948 617 2011 είς
649 1947 811 2003 αὐτὸν
846 1948 1145 2012 συνιόντας.
1182 1951 1257 2020 Γῆ
1306 1951 1363 2004 δέ
1404 1953 1438 2022 ἡ
1491 1950 1946 2023 κατευλογηθεῖσα

373 2040 436 2108 τῇ
464 2039 733 2110 ἐπιδημίᾳ
760 2039 859 2109 τῆς
894 2039 1190 2110 μακαρίας,
1220 2043 1286 2094 ἐκ
1324 2041 1433 2095 τῶν
1457 2043 1672 2096 οἰκείων
1706 2044 1947 2113 λαγόνων

374 2127 561 2192 ὕδατος
603 2128 765 2198 φύσιν
821 2129 1178 2201 χαριεστάτην
1209 2131 1441 2202 ἀνῆκεν·
1483 2131 1624 2186 ῶστε
1655 2135 1753 2205 τὴν
1801 2135 1945 2207 μάρ-

372 2235 510 2290 τυρα
537 2220 660 2272 ἀντὶ
693 2221 901 2292 μητρὸς
927 2221 1224 2292 γενομένην
1253 2218 1362 2276 οἷόν
1393 2242 1499 2278 τινι
1527 2225 1758 2293 γάλακτι
1786 2225 1948 2297 κοινῷ

373 2310 707 2380 τιθηνεῖσθαι
735 2313 859 2376 τοὺς
891 2314 951 2367 ἐν
986 2318 1054 2385 τῇ
1105 2315 1274 2369 πόλει.
1308 2315 1478 2370 Τοῦτο
1511 2317 1605 2371 καὶ
1643 2319 1946 2388 ὑγιαίνουσι

375 2402 763 2474 φυλακτήριον,
785 2403 878 2457 καὶ
898 2405 1141 2475 τρυφῶσι
1160 2407 1450 2478 σωφρόνως
1474 2409 1666 2480 ἡδονῆς
1690 2411 1946 2482 χορηγία,

375 2494 470 2548 καὶ
496 2494 838 2566 ἀρρωστοῦσι
863 2495 1215 2567 παραμυθία’
1242 2499 1340 2569 τὴν
1378 2500 1471 2553 τοῦ
1512 2501 1814 2556 Ἐλισσαίου
1849 2503 1948 2574 χά-

377 2605 462 2656 ριν
484 2589 564 2650 είς
606 2587 1030 2656 Ἱεριχουντίους,
1071 2589 1273 2660 ταύτην
1304 2593 1382 2655 είς
1417 2593 1566 2663 ἡμᾶς
1603 2596 1950 2666 παρασχομέ-

374 2695 472 2747 νης
514 2677 617 2748 τῆς
659 2678 953 2750 μάρτυρος,
999 2679 1058 2732 τὸ
1095 2681 1335 2753 ἁλμυρὸν
1375 2683 1474 2750 τῆς
1513 2690 1698 2758 κοινῆς
1737 2688 1952 2756 φύσεως

373 2768 484 2820 τῶν
517 2769 647 2840 περὶ
675 2769 765 2822 τὸν
796 2771 960 2824 τόπον
992 2771 1197 2826 ὑδάτων
1223 2775 1303 2837 είς
1334 2773 1588 2842 γλυκεῖαν
1622 2778 1716 2830 καὶ
1741 2779 1952 2850 ἁπαλὴν

375 2859 470 2912 καὶ
493 2860 742 2931 προσηνῆ
781 2863 946 2914 πᾶσιν
987 2863 1237 2932 αἴσθησιν
1257 2865 1344 2917 διὰ
1376 2865 1472 2936 τῆς
1505 2866 1752 2936 εὐλογίας
1783 2887 1951 2939 μετα-

376 2949 666 3020 ϐαλούσης.
685 2955 745 3004 υἱ
766 2952 975 3023 ἄνδρες,
1009 2954 1082 3024 μὴ
1116 2954 1478 3026 καταδέξησθε
1499 2958 1769 3026 γυναικῶν
1800 2961 1954 3014 ἐλάτ-

376 3059 500 3104 τους
529 3041 759 3112 ὀφθῆναι
808 3045 944 3114 πρὸς
975 3043 1072 3115 τὴν
1113 3045 1418 3100 εὐσέϐειαν.
1461 3049 1526 3099 Ai
1562 3053 1837 3116 γυναῖκες,
1877 3051 1952 3123 μὴ

377 3130 746 3201 ἀπολειφθῆτε
775 3132 869 3184 τοῦ
920 3134 1310 3204 ὑποδείγματος
1330 3152 1341 3164 ·
1387 3136 1503 3188 ἀλλ’
1533 3138 1953 3209 ἀπροφασίστως

379 3223 476 3293 τῆς
511 3223 792 3286 εὐσεϐείας
835 3224 1122 3294 ἀντέχεσθε
1153 3225 1260 3296 (46)
1287 3244 1300 3255 ·
1346 3227 1492 3298 ἔργῳ
1540 3232 1732 3301 πεῖραν
1757 3231 1952 3286 λαϐοῦ-

382 3330 494 3376 σαι,
528 3316 610 3367 δτι
639 3316 772 3386 πρὸς
812 3317 961 3369 οὐδὲν
992 3318 1119 3386 ὑμῖν
1162 3316 1268 3368 τῶν
1310 3318 1529 3387 ἀγαθῶν
1574 3321 1634 3374 τὸ
1667 3321 1956 3394 ἐλάττωμα

381 3406 480 3474 τῆς
506 3405 722 3474 φύσεως
742 3407 1041 3477 ἐμποδίζει.

449 3500 504 3553 5.
535 3499 713 3553 Πολλὰ
738 3503 864 3572 περὶ
886 3505 987 3572 τῆς
1015 3502 1287 3579 μάρτυρος
1325 3505 1500 3560 εἰπεῖν
1523 3505 1874 3580 ὡρμημένον,
1925 3511 1953 3562 ό

381 3590 508 3660 χθὲς
547 3591 679 3660 ἡμῖν
721 3593 964 3662 κινηθεὶς
992 3592 1168 3661 λόγος,
1199 3595 1394 3666 ἀτελὴς
1424 3599 1821 3669 καταλειφθεὶς,
1859 3603 1953 3674 τὴν

381 3681 476 3735 ἐπὶ
526 3683 710 3735 πλεῖον
766 3686 822 3735 ἐν
880 3685 1087 3748 τούτοις
1142 3685 1420 3760 διατριϐὴν
1476 3691 1574 3743 οὐκ
1635 3692 1948 3763 ἐπιτρέπει.

382 3772 660 3843 Δυσχερὴς
692 3773 750 3826 δέ
788 3791 872 3837 τις
904 3774 1014 3842 ἐγὼ
1050 3775 1207 3844 φύσει
1238 3779 1372 3848 πρὸς
1403 3781 1511 3832 πᾶν
1549 3781 1609 3833 τὸ
1643 3783 1949 3838 ἀτέλεστον.

394 3864 656 3934 ’Λτερπὲς
715 3864 812 3933 μὲν
866 3865 974 3936 γάρ
1019 3866 1216 3936 θέαμα,
1270 3871 1363 3922 καὶ
1417 3869 1666 3937 εἰκὼνέξ
1700 3873 1953 3943 ἡμισείας

382 3955 480 4024 τὴν
509 3956 742 4026 μίμησιν
783 3955 1000 4026 ἔχουσα,
1041 3957 1312 4030 ἄχρηστος
1344 3960 1400 4014 δὲ
1438 3961 1743 4035 ὁδοιπορίας
1773 3965 1950 4029 πόνος,

387 4049 462 4118 μὴ
513 4049 651 4119 πρὸς
698 4049 760 4102 τὸ
811 4052 1166 4122 προκείμενον
1218 4053 1410 4122 πέρας,
1464 4055 1597 4125 μηδέ
1642 4056 1779 4127 πρός
1829 4059 1954 4122 τοὺς

381 4139 721 4211 ὡρισμένους
778 4141 1050 4213 σταθμοὺς
1094 4144 1465 4208 ἀποσωθέντπ
1509 4145 1602 4198 τοῦ
1652 4146 1950 4219 ὁδοιπόρου.

385 4231 498 4284 Καὶ
529 4230 704 4302 θήρας
737 4232 797 4285 τὸ
829 4233 976 4304 παρά
1009 4235 1200 4305 μικρὸν
1235 4236 1348 4289 ἴσον
1395 4237 1513 4289 ἐστὶ
1565 4236 1658 4290 τοῦ
1695 4239 1950 4309 μηδενός·

384 4323 479 4376 καὶ
511 4324 560 4376 οἱ
606 4324 889 4394 τρέχοντες
920 4328 976 4377 ἐν
1009 4328 1120 4388 τοῖς
1156 4325 1406 4391 σταδίοις,
1441 4328 1522 4380 ἐνὶ
1571 4329 1828 4395 πολλάκις
1861 4330 1956 4401 βή-

386 4434 518 4485 ματι
554 4418 698 4487 μόνῳ
745 4417 1156 4484 ἐλαττωθέντες,
1204 4419 1313 4472 τῶν
1361 4419 1630 4490 βραϐείων
1677 4420 1950 4485 ἐξέπεσον.

2045 1942 2214 1998 beatae
2259 1943 2422 2011 hujus
2449 1942 2682 1997 adventu
2712 1941 2818 2012 35
2858 1956 3118 2012 prospera
3145 1939 3357 2002 effecta.
3413 1953 3611 2009 aquam

2045 2034 2412 2106 gratissimam
2457 2050 2488 2089 e
2531 2035 2653 2089 sinu
2696 2049 2798 2088 suo
2835 2033 3057 2100 emisit;
3121 2033 3258 2088 adeo
3302 2038 3364 2086 ut
3407 2041 3612 2100 martyr

2045 2126 2164 2180 vice
2203 2126 2394 2179 matris
2424 2125 2570 2178 velut
2597 2125 2871 2178 communi
2917 2125 3101 2194 aliquo
3129 2124 3270 2178 lacte
3306 2123 3454 2177 cives
3504 2136 3610 2176 nu-

2046 2217 2196 2270 triat.
2230 2215 2356 2270 Haec
2392 2230 2532 2285 aqua
2565 2222 2619 2270 et
2649 2215 2800 2270 sanis
2831 2216 3024 2278 tutela,
3053 2222 3106 2270 et
3141 2214 3322 2271 sobrie
3351 2212 3613 2268 delician-

2047 2303 2194 2358 tibus
2243 2303 2537 2372 voluptatis
2594 2303 2846 2373 largitio,
2905 2311 2959 2359 et
2997 2304 3158 2374 aegris
3209 2303 3464 2359 solatium
3506 2313 3609 2358 est.

2048 2394 2200 2461 Quod
2246 2395 2571 2450 collocatum
2601 2403 2685 2451 est
2733 2395 2802 2449 ab
2834 2394 3028 2450 Elisaeo
3071 2396 3126 2449 in
3168 2393 3612 2450 l-Iierichuntinos

2049 2485 2369 2542 beneﬁcium
2400 2488 2470 2552 ⁵⁷,
2517 2486 2620 2542 hoc
2667 2487 2806 2541 idem
2845 2493 3050 2556 martyr
3100 2486 3156 2540 in
3199 2503 3300 2541 nos
3345 2487 3610 2551 contulit;

2050 2590 2172 2629 cum
2213 2576 2543 2646 salsuginem
2594 2591 2715 2646 qua:
2763 2579 2818 2630 in
2863 2575 3140 2631 communi
3185 2591 3448 2646 aquarum
3487 2576 3616 2630 huic

2050 2667 2170 2721 loco
2222 2668 2582 2738 adjacentium
2641 2677 2838 2724 natura
2893 2668 3210 2739 percipitur,
3250 2667 3306 2721 in
3363 2682 3611 2737 saporem

2051 2761 2261 2815 dulcem
2316 2775 2698 2830 ammnumque
2728 2768 2781 2815 et
2822 2760 3077 2830 omnibus
3119 2774 3340 2815 suavem
3394 2757 3615 2812 benedi-

2052 2851 2232 2905 ctione
2259 2853 2662 2908 transmutavit.
2700 2851 2838 2915 Viri,
2880 2853 3048 2907 nolite
3078 2851 3253 2905 videri
3297 2849 3499 2921 pietate
3533 2851 3618 2904 iu-

2012 2918 2278 2996 'feriores
2310 2942 2652 2998 mulieribus.
2710 2942 2984 3006 Mulieres,
3034 2957 3104 2998 ne
3155 2940 3495 2996 desciveritis
3549 2941 3617 2994 ab

2055 3029 2157 3084 hoc
2181 3033 2430 3102 exemplo
2460 3055 2476 3086 :
2513 3033 2606 3087 sed
2645 3033 2780 3087 citra
2813 3034 2978 3088 ullam
3003 3033 3413 3087 excusationem
3446 3029 3620 3099 picta-

2056 3131 2159 3174 tem
2189 3123 2596 3192 amplectimini,
2649 3141 2773 3177 cum
2803 3124 2981 3194 reipsa
3011 3134 3246 3193 expertae
3280 3123 3490 3178 fueritis
3533 3139 3619 3176 se-

2056 3228 2156 3268 xus
2185 3214 2553 3268 infirmitatem
2578 3217 2732 3270 vobis
2763 3217 3150 3288 impedimento
3185 3231 3294 3270 non
3325 3230 3466 3283 esse,
3485 3217 3618 3285 quin

2053 3303 2256 3359 bonum
2298 3305 2578 3375 quodlibet
2621 3315 2834 3376 patrare
2875 3307 3119 3378 possitis.

2122 3507 2173 3560 5.
2190 3503 2354 3560 Multa
2376 3505 2592 3576 quidem
2609 3505 2676 3562 de
2703 3515 2934 3578 martyre
2956 3508 3134 3562 dicere
3154 3523 3468 3578 paraveram
3491 3526 3503 3561 :
3524 3507 3620 3563 sed

2054 3614 2232 3654 sermo
2264 3599 2379 3654 heri
2412 3600 2568 3654 nobis
2597 3599 2890 3668 inemptus,
2921 3608 2973 3654 et
2997 3600 3348 3670 imperfectus
3370 3599 3618 3664 relictus,

2054 3687 2196 3741 haud
2221 3689 2483 3758 permittit
2510 3690 2561 3741 in
2593 3689 2676 3744 his
2709 3689 2914 3743 diutius
2945 3689 3236 3743 immorari.
3271 3688 3382 3760 Ego
3413 3690 3622 3744 scilicet

2054 3780 2133 3834 sic
2151 3796 2267 3834 sum
2285 3787 2475 3834 natura
2493 3787 2860 3850 comparatus,
2884 3788 2942 3834 ut
2965 3781 3223 3852 quidquid
3242 3780 3620 3851 imperfectum

2052 3879 2157 3935 est,
2193 3870 2418 3924 moleste
2477 3870 2665 3924 feram.
2714 3869 2924 3924 Etenim
2954 3869 3309 3940 injucundum
3339 3877 3622 3940 spectacu-

2055 3963 2164 4015 lum
2210 3969 2295 4015 est
2339 3971 2392 4013 et
2436 3961 2647 4030 imago,
2682 3977 2802 4030 qua:
2835 3959 3058 4014 dimidia
3088 3977 3152 4015 ex
3180 3971 3332 4031 parte
3363 3961 3623 4031 exprimi-

2054 4059 2162 4116 tur,
2190 4060 2242 4106 et
2267 4052 2476 4107 itineris
2500 4053 2652 4106 labor
2684 4053 2892 4108 inutilis
2911 4052 3128 4108 futurus
3143 4061 3248 4116 est,
3269 4054 3319 4108 si
3353 4053 3526 4107 viator
3553 4052 3622 4106 ad

2056 4145 2386 4214 propositum
2419 4145 2576 4199 linem
2615 4154 2666 4200 et
2703 4145 2768 4198 ad
2813 4150 3137 4201 constitutas
3187 4147 3452 4202 stationes
3512 4161 3622 4202 non

2055 4237 2381 4306 pervenerit.
2433 4235 2629 4290 Parum
2675 4253 2741 4292 ex
2765 4246 2960 4292 venatu
2991 4251 3208 4307 capere,
3248 4237 3391 4292 idem
3434 4243 3516 4293 est
3559 4254 3623 4292 ac

2057 4326 2187 4379 nihil
2233 4342 2458 4397 capere;
2507 4334 2561 4381 et
2612 4329 2705 4397 qui
2748 4329 2800 4382 in
2847 4327 3041 4383 stadiis
3080 4337 3345 4394 currunt,
3403 4329 3622 4384 etiamsi

2056 4416 2254 4487 saepius
2282 4431 2392 4471 uno
2425 4418 2688 4472 duntaxat
2711 4433 2898 4488 gressu
2931 4420 3265 4489 posteriores
3283 4419 3616 4482 exstiterint,

382 4508 499 4560 Καὶ
531 4508 692 4576 ἡμεῖς
720 4507 896 4560 τοίνυν
925 4508 1346 4578 ἐπιμνησθέντες
1377 4509 1485 4562 τῶν
1507 4510 1599 4563 τοῦ
1636 4511 1946 4565 Ἀποστόλου

2059 4510 2315 4562 amittunt
2362 4509 2666 4564 victoriam.
2697 4508 2884 4579 Itaque
2936 4525 3036 4565 nos
3087 4526 3306 4581 quoque
3357 4511 3451 4582 qui
3504 4511 3624 4565 heri

385 4599 651 4669 ῥημάτων
698 4600 846 4670 χθές,
884 4602 977 4653 καὶ
1032 4604 1090 4654 ἐν
1139 4601 1390 4673 βραχέσιν
1423 4602 1730 4668 ἐλπίζοντες
1781 4623 1955 4676 παρα-

383 4689 712 4760 δραμεῖσθαι
771 4690 950 4744 αὐτῶν
1001 4691 1099 4762 τὴν
1156 4693 1394 4747 διάνοιαν
1457 4694 1602 4765 (47),
1655 4695 1957 4767 εὑρέθημεν

384 4778 766 4834 πολλαπλάσια
801 4781 909 4834 τῶν
957 4781 1259 4852 εἰρημένων
1290 4783 1720 4854 παραλιπόντες·
1769 4785 1958 4859 διόπερ

384 4871 694 4940 ἀναγκαίαν
719 4873 998 4944 ἡγούμεθα
1023 4876 1149 4944 ὑμῖν
1178 4873 1288 4945 (48)
1317 4875 1424 4928 τῶν
1450 4875 1832 4946 ἐλλειφθέντων
1860 4877 1956 4949 τὴν

385 4962 614 5018 ἔκτισιν.
657 4965 902 5032 Ἑλέγετο
923 4964 1101 5017 τοίνυν
1122 4965 1270 5036 παρά
1298 4965 1390 5018 τοῦ
1426 4967 1744 5020 Ἀποστόλου
1767 4984 1781 4996 ·
1811 4965 1962 5020 Πάν-

385 5074 521 5111 τοτε
546 5057 801 5125 χαιζρετε,
831 5057 1223 5123 ἀδιαλείπτως
1240 5060 1668 5129 προσεύχεσθε,
1686 5061 1755 5113 ἐν
1770 5061 1948 5114 παντί

384 5148 811 5218 εὐχαριστεῖτε.
873 5149 1008 5220 Περὶ
1043 5150 1142 5218 μὲν
1191 5145 1284 5202 οὖν
1327 5149 1421 5203 τοῦ
1471 5151 1702 5204 πάντοτε
1747 5151 1958 5222 χαίρειν

385 5239 604 5309 χρῆναι,
636 5239 685 5290 εἰ
715 5238 810 5290 καὶ
836 5237 911 5308 μὴ
939 5239 1004 5308 τῇ
1040 5237 1294 5291 ὑποθέσει
1330 5239 1660 5309 ἀρκούντως,
1690 5241 1805 5294 ἀλλ’
1829 5243 1960 5311 ἡμῖν

386 5347 452 5400 τε
487 5333 685 5397 ἱκανῶς
715 5333 928 5404 εἴρηται
974 5334 1041 5403 τῇ
1073 5332 1406 5404 προτεραίᾳ·
1442 5336 1490 5386 εί
1516 5334 1572 5387 δὲ
1612 5336 1702 5388 καὶ
1733 5334 1814 5387 δεῖ
1847 5334 1958 5406 (49)

459 5449 508 5480 ⁵⁸
543 5449 737 5505 Cenes.
801 5465 838 5504 ιι
871 5491 886 5515 ,
925 5450 978 5504 5.
1053 5451 1098 5482 ⁸⁷
1137 5449 1202 5502 IV
1237 5448 1367 5522 Reg.
1404 5466 1476 5516 ιι,
1507 5451 1596 5505 9|.

463 5567 575 5636 με)
597 5567 732 5622 Editi
746 5565 1195 5638 ἧλλατοΝεῑειέε
1215 5569 1420 5638 aliquot
1438 5568 1559 5622 libri
1581 5569 1767 5635 ἥλατο,
1782 5577 1951 5624 recte.

465 5638 574 5708 (46)
605 5638 734 5708 Reg.
765 5637 1044 5695 Swundus
1083 5638 1179 5706 τῆς
1213 5637 1483 5708 σωτηρίας
1508 5639 1813 5708 ἀντέχεσθε.

466 5707 574 5778 (δῖ)
607 5707 818 5765 Rursus
847 5708 1020 5762 codex
1059 5707 1542 5778 seettndusf’a'It-rou
1573 5709 1670 5778 τὴν
1699 5709 1956 5764 διάνοιαν.

465 5776 575 5849 (48)
609 5778 745 5835 Editi
791 5789 844 5836 et
894 5778 1006 5834 duo
1055 5793 1184 5836 mss.
1222 5777 1501 5850 ἡγούμεθα
1538 5776 1686 5850 ἡμῖν.
1719 5779 1825 5835 Atii
1864 5795 1960 5836 sex

2060 4598 2306 4665 Apostoli
2337 4599 2500 4654 verba
2530 4599 2860 4669 protulimus
2892 4600 2945 4652 in
2972 4598 3236 4663 medium,
3265 4599 3469 4670 quique
3489 4613 3627 4667 pau-

2062 4690 2144 4744 cis
2186 4705 2408 4745 sensum
2460 4698 2516 4745 et
2570 4690 2989 4761 intelligentiam
3026 4689 3344 4744 eorumdem
3398 4687 3626 4758 perstri-

2063 4790 2249 4838 cturos
2273 4798 2378 4838 nos
2405 4783 2782 4853 sperabamus,
2810 4783 3018 4838 inventi
3050 4799 3242 4838 sumus
3286 4782 3444 4853 longe
3469 4783 3626 4852 plura

2063 4889 2224 4942 quam
2252 4874 2509 4937 diximus,
2553 4874 2843 4940 omisisse;
2879 4882 3211 4944 quapropter
3251 4873 3622 4928 necessarium

2064 4964 2338 5024 ducimus,
2371 4972 2430 5016 ut
2461 4964 2613 5019 vobis
2644 4963 3024 5033 dependamus
3054 4964 3262 5028 relicta,
3296 4971 3352 5017 et
3377 4963 3627 5019 exsolva-

2062 5070 2203 5111 mus.
2252 5054 2378 5109 l—laec
2431 5056 2594 5124 igitur
2634 5063 2791 5110 erant
2855 5054 3097 5124 Apostoll
3150 5055 3361 5110 verba:
3415 5054 3628 5124 Semper

2063 5147 2299 5216 gaudete,
2325 5148 2434 5201 sine
2463 5147 2849 5200 intermissione
2879 5154 3046 5211 orate,
3071 5146 3124 5199 in
3155 5145 3395 5200 omnibus
3425 5149 3626 5215 gratias

2065 5240 2204 5309 agile
2239 5240 2304 5292 ⁸⁸.
2333 5239 2397 5292 Ει
2425 5240 2641 5308 quidem
2664 5239 2732 5293 de
2753 5239 2866 5307 jugi
2896 5253 2961 5293 ac
2985 5238 3250 5293 continuo
3280 5237 3499 5308 gaudio,
3524 5239 3626 5292 etsi

2067 5348 2174 5386 non
2207 5331 2340 5388 satis
2372 5329 2578 5387 dictum
2606 5336 2689 5387 est
2743 5346 2840 5399 pro
2872 5330 3178 5401 argumenti
3219 5330 3512 5402 dignitate;
3575 5341 3628 5383 at

1673 5452 1717 5484 ⁵⁸
1759 5452 1779 5504 Ι
1812 5451 2003 5507 Thess.
2039 5467 2092 5515 ν,
2125 5450 2322 5506 16-18.

2061 5571 2206 5642 ὑμῖν.
2248 5568 2540 5642 Aliquanto
2580 5574 2702 5642 post
2748 5564 2876 5642 editi
2911 5566 3046 5642 Il_:p‘.
3085 5566 3181 5632 μὲν
3233 5564 3347 5619 τοῦ.
3407 5563 3630 5620 Veteres

2065 5636 2448 5709 qttinqueAlirbri
2480 5639 2613 5706 Περὶ
2638 5637 2734 5706 μὲν
2766 5636 2855 5709 οὖν
2879 5636 2993 5709 τοῦ.

2064 5704 2096 5768 ζ
2137 5704 2245 5780 (49)
2284 5706 2504 5764 Veteres
2536 5704 2768 5777 quatuor
2792 5707 2914 5763 libri
2945 5709 2990 5759 εί
3015 5706 3068 5759 δέ
3109 5705 3200 5758 καὶ
3229 5704 3355 5776 χρή.
