4052 6214
411 337 518 393 245

1759 318 1816 374 S.
1855 311 2098 373 BASILII
2136 305 2349 366 MAGNI

3563 290 3672 349 244

409 472 476 513 ea
512 463 695 509 tamen
724 465 847 523 qua:
868 449 956 505 die
983 442 1240 504 hesterna
1267 443 1528 508 diximus,
1554 440 1802 497 suﬁicere
1834 440 1981 495 credi

2086 430 2443 491 ἀδιαλείπτως
2476 421 2894 498 προσεύχεσθαι,
2925 420 3020 475 καὶ
3044 416 3267 474 δυνατόν
3296 418 3414 470 ἐστι
3447 415 3509 470 τὸ
3534 434 3675 486 παρ-

409 555 662 618 possunt.
722 535 918 598 Utrum
971 548 1153 596 autem
1205 545 1261 594 et
1316 543 1564 608 Oporteat
1616 533 1989 588 indesinenter

410 652 593 701 orare,
614 644 668 692 et
700 643 883 690 utrum
910 634 1015 689 hoc
1039 632 1363 691 mandatum
1408 628 1606 685 conlici
1648 628 1846 698 possit,
1875 636 1988 681 tum

408 737 509 784 Vos
537 741 836 798 exposcere
860 725 1043 795 parati
1074 724 1211 779 estis
1232 765 1247 788 ,
1284 730 1399 777 tum
1443 736 1546 792 ego
1577 735 1679 793 pro
1708 719 1855 774 virili
1886 719 1992 772 hu-

406 818 501 889 jus
543 818 829 874 sententia:
854 816 1221 887 patrocinium
1254 812 1552 883 suscipiam
1605 818 1770 882 atque
1805 811 1992 866 defen-

409 916 644 966 sionem.
681 907 931 964 Precatio
962 914 1045 963 est
1076 906 1204 962 boni
1235 905 1449 979 petitio,
1481 919 1512 958 a
1542 903 1650 975 piis
1683 902 1797 958 Deo
1828 902 1987 958 exhi-

406 1002 541 1058 bita.
574 1000 898 1056 Petitionem
929 1008 1109 1055 autem
1150 1015 1260 1053 non
1299 999 1525 1053 omnino
1566 999 1622 1053 in
1653 996 1836 1053 verbis
1879 996 1989 1050 cir-

409 1090 856 1148 cumscribimus.
898 1088 1085 1166 Neque
1121 1088 1267 1142 enim
1300 1086 1472 1144 Deum
1508 1088 1844 1143 arbitramur
1869 1101 1992 1140 mo—

408 1185 648 1240 nitorum
676 1198 811 1240 voce
831 1182 1172 1254 prolatorum
1203 1180 1489 1253 indigere:
1522 1181 1635 1241 imo
1651 1198 1776 1238 eum
1799 1194 1985 1246 nosse.

408 1292 481 1333 ne
510 1277 825 1347 petentibus
848 1275 1070 1346 quidem
1102 1276 1283 1342 nobis,
1312 1291 1434 1346 quae
1455 1275 1825 1331 conducibilia
1851 1275 1985 1331 sint.

409 1369 554 1438 Quid
587 1369 755 1441 igitur
786 1378 873 1427 est
923 1371 1072 1443 quod
1103 1370 1380 1428 dicimus?
1410 1368 1683 1424 Nimirum
1721 1369 1989 1444 precatio-

409 1495 534 1541 nem
570 1486 628 1543 in
662 1482 887 1556 syllabis
928 1470 1190 1542 constitui
1234 1501 1347 1540 non
1395 1492 1695 1557 oportere:
1751 1485 1844 1540 sed
1876 1484 1986 1538 vim

408 1588 636 1647 precum
660 1572 719 1632 in
749 1579 1034 1648 proposito
1063 1579 1231 1634 animi
1260 1584 1317 1634 et
1363 1579 1419 1632 in
1447 1578 1517 1635 iis
1550 1577 1767 1632 virtutis
1813 1577 1992 1648 operi-

406 1670 521 1726 bus
545 1685 669 1741 quae
699 1670 767 1724 ad
787 1686 1005 1727 omnem
1023 1673 1191 1726 vitam
1217 1686 1339 1728 sese
1365 1670 1684 1733 extendant,
1708 1670 1987 1725 collocan-

407 1761 533 1820 dum
564 1778 708 1819 esse.
743 1762 863 1818 Sive
891 1766 1049 1827 enim,
1077 1765 1280 1835 inquit,
1328 1764 1685 1827 manducetis,
1708 1765 1813 1817 sive
1836 1761 1987 1816 bibi—

408 1856 501 1920 tis,
529 1855 635 1910 sive
661 1856 786 1925 quid
815 1856 996 1926 facitis
1017 1899 1031 1922 ,
1072 1859 1250 1911 omnia
1280 1859 1335 1911 in
1356 1860 1583 1928 gloriam
1612 1857 1710 1912 Dei
1734 1857 1894 1927 facite
1914 1856 1981 1910 ".

406 1947 754 2005 Accumbens
804 1951 871 2005 ad
906 1965 1186 2017 mensam,
1223 1965 1357 2016 ora;
1412 1964 1702 2005 assumens
1747 1961 1942 2019 panem
1965 1987 1981 2009 .

401 2024 549 2101 'babe
580 2043 783 2112 gratias
839 2042 1119 2113 largitori;
1171 2044 1299 2098 vino
1343 2044 1591 2113 corporis
1644 2041 1983 2099 debilitatem

405 2133 517 2204 36
543 2135 911 2192 corroborans
930 2172 945 2201 ,-
981 2123 1103 2205 ej’us
1129 2137 1222 2207 qui
1252 2137 1356 2191 hoc
1382 2138 1478 2191 tibi
1504 2151 1704 2191 munus
1732 2135 1800 2189 ad
1830 2133 1985 2189 exhi-

407 2228 697 2282 larandnm
725 2243 822 2282 cor
860 2237 914 2283 et
956 2228 1024 2282 ad
1075 2229 1334 2284 levandas
1391 2228 1741 2284 inﬁrmitates
1791 2224 1982 2289 dedit,

405 2319 743 2374 memineris.
777 2318 1049 2375 Praeteriit
1077 2320 1186 2375 cibi
1223 2320 1473 2377 sumendi
1499 2319 1801 2376 necessitas
1822 2319 1845 2371 ?
1866 2316 1985 2371 Non

404 2414 693 2474 praetereat
727 2415 904 2462 tamen
935 2409 1199 2463 memoria
1224 2409 1452 2465 beneﬁci
1483 2409 1781 2479 largitoris.
1815 2406 1986 2466 Tuni-

404 2512 527 2552 cam
564 2499 635 2557 ,εἰ
683 2501 948 2565 indueris,
986 2503 1162 2557 datori
1204 2505 1408 2575 gratias
1465 2519 1580 2574 age.
1636 2500 1809 2557 Pallio
1857 2516 1984 2557 cum

405 2589 687 2651 amiciris.
727 2593 994 2650 intentius
1027 2593 1197 2651 Deum
1255 2596 1458 2668 dilige,
1509 2597 1601 2667 qui
1650 2603 1766 2650 tum
1816 2594 1985 2650 hiemi

405 2692 520 2736 tum
563 2686 739 2739 aistati
790 2689 1146 2744 accommoda
1182 2696 1492 2758 tegumenta
1554 2688 1715 2744 nobis
1761 2688 1985 2758 largitus

404 2782 510 2840 est,
541 2778 744 2847 quibus
775 2782 885 2835 vita
919 2791 1111 2839 nostra
1144 2784 1307 2840 simul
1334 2793 1605 2845 servatur,
1624 2792 1678 2838 et
1701 2782 1984 2852 turpitudo

406 2870 736 2939 contegitur.
768 2871 1052 2944 Completa
1084 2876 1203 2931 dies
1235 2878 1362 2932 est?
1390 2877 1609 2932 Gratias
1638 2876 1904 2946 rependas
1932 2876 1983 2930 ei

407 2961 522 3029 qui,
547 2962 603 3017 in
626 2979 853 3034 operum
881 2969 1205 3024 diurnorum
1243 2970 1631 3034 ministerium,
1655 2969 1824 3025 solem
1860 2969 1983 3039 qui-

406 3049 528 3106 dem
567 3054 728 3112 nobis
786 3057 1111 3129 impertivit,
1153 3063 1332 3132 ignem
1380 3078 1512 3118 vero
1551 3062 1743 3118 tribuit
1773 3062 1842 3117 ad
1882 3078 1982 3116 no-

2094 521 2362 594 άγγελμα,
2396 518 2451 572 οἶ
2490 534 2550 570 τε
2580 511 2938 575 ἀπαιτοῦντες
2971 512 3129 582 ὑμεῖς
3169 508 3403 578 ἕτοιμοι,
3455 506 3565 577 ὲγώ
3611 525 3674 561 τε

2090 613 2232 675 κατὰ
2266 611 2495 680 δύναμιν
2544 605 2643 678 τὴν
2681 601 3009 674 συνηγορίαν
3055 598 3150 653 τοῦ
3184 599 3343 668 λόγου
3390 596 3504 671 (50)
3537 598 3675 670 πλη.

2094 702 2269 774 ρώσω.
2322 699 2607 772 Προσευχή
2660 698 2810 749 ἐστιν
2856 696 3070 763 αἴτησις
3117 691 3324 761 ἀγαθοῦ
3369 690 3521 763 παρά
3564 691 3674 744 τῶν

2088 793 2328 849 εὐσεϐῶν
2358 795 2436 856 είς
2473 790 2605 845 Θεὸν
2648 787 2920 859 γινομένη.
2979 784 3092 856 Τὴν
3124 785 3181 838 δὲ
3213 785 3429 855 αἴτησιν
3470 783 3571 837 οὐκ
3612 784 3673 836 έν

2096 886 2337 954 ῥήμασιν
2369 879 2665 953 ὁριζόμεθα
2700 878 2936 941 πάντως.
2974 875 3111 929 Οὐδὲ
3141 874 3250 943 γὰρ
3276 872 3560 944 ἡγούμεθα
3583 872 3673 925 τὸν

2087 976 2219 1030 Θεὸν
2259 973 2361 1045 τῆς
2405 971 2495 1026 διὰ
2527 971 2635 1024 τῶν
2684 969 2858 1037 λόγων
2890 967 3249 1038 ὑπομνήσεως
3288 964 3516 1026 δεῖσθαι,
3555 963 3671 1017 ἀλλ’

2088 1066 2310 1132 εἰδέναι,
2361 1064 2456 1118 καὶ
2511 1062 2587 1135 μὴ
2638 1062 2936 1116 αἰτούντων
2988 1058 3165 1129 ἡμῶν,
3201 1056 3270 1110 τὰ
3310 1057 3574 1128 χρήσιμα.
3604 1056 3671 1109 Τί

2087 1156 2182 1214 οῦν
2207 1160 2354 1211 ἐστιν
2381 1156 2411 1210 ὃ
2444 1171 2660 1226 φαμεν;
2692 1153 2818 1206 Ὅτι
2857 1150 2963 1223 χρὴ
2997 1150 3074 1221 μὴ
3108 1152 3166 1203 ὲν
3205 1148 3496 1213 συλλαόαἰς
3524 1149 3671 1218 ἡμᾶς

2088 1251 2187 1321 τὴν
2239 1247 2551 1321 προσευχὴν
2598 1244 2951 1316 ἀποπληροῦν
2996 1243 3131 1314 (5i),
3167 1240 3304 1295 ἀλλά
3355 1241 3670 1313 προαιρέσει

2090 1343 2289 1414 μᾶλλον
2316 1341 2517 1412 ψυχῆς,
2566 1339 2658 1393 καὶ
2688 1336 2920 1409 πράξεσι
2955 1337 3075 1399 ταῖς
3109 1336 3233 1387 κατ’
3262 1332 3465 1405 ἀρετὴν
3509 1332 3671 1386 παντὶ

2087 1432 2167 1503 τῷ
2204 1431 2305 1502 βίῳ
2340 1426 2993 1500 συμπαρεκτεινομέναις,
3021 1424 3119 1496 τὴν
3159 1423 3390 1494 δύναμιν
3432 1422 3671 1497 πληροῦ-

2090 1521 2215 1574 σθαι
2243 1520 2340 1591 τῆς
2377 1516 2703 1592 προσευχῆς.
2740 1515 2877 1569 Εἴτε
2903 1514 3013 1586 γὰρ
3042 1514 3294 1578 ἐσθίετε,
3337 1513 3520 1584 φησιν,
3550 1512 3672 1566 alte

2089 1613 2314 1676 πίνετε,
2346 1610 2467 1664 εἴτε
2509 1627 2562 1663 τι
2597 1608 2838 1672 ποιεῖτε,
2891 1605 3090 1685 mina
3139 1608 3228 1671 εἷς
3275 1604 3468 1669 δόξαν
3521 1603 3670 1658 Θεοῦ

2089 1702 2326 1759 ποιεῖτε.
2386 1699 2764 1769 Καθεζόμενος
2815 1699 2908 1751 ἐπὶ
2960 1695 3271 1768 τραπέζης,
3328 1696 3665 1768 προσεύχου·

2018 1803 2061 1861 Β
2090 1795 2530 1869 προσφερόμενος
2578 1793 2671 1847 τὸν
2704 1792 2889 1863 ἄρτον,
2934 1790 3012 1861 τῷ
3055 1789 3311 1843 δεδωκότι
3365 1788 3463 1859 τὴν
3509 1789 3668 1859 χάριν

2084 1884 2402 1954 ἁποπλήρου
2426 1899 2439 1912 ·
2491 1880 2620 1952 οἴνῳ
2657 1880 2718 1932 τὸ
2764 1878 2987 1942 ἀσθενὲς
3032 1877 3126 1931 τοῦ
3163 1879 3414 1950 σώματος
3446 1879 3667 1951 ὑπερεί-

2083 1976 2212 2042 δων,
2251 1976 2497 2046 μέμνησο
2526 1972 2622 2027 τοῦ
2656 1971 3032 2044 παρεχομένου
3069 1989 3150 2024 σοι
3177 1972 3237 2025 τὸ
3272 1971 3445 2044 δῶρον
3468 1973 3548 2035 εἰς
3580 1973 3670 2024 εὐ·-

2086 2066 2357 2138 φροσύνην
2400 2063 2648 2136 καρδίας,
2676 2062 2772 2114 καὶ
2805 2060 3158 2132 παραμυθίαν
3190 2060 3664 2134 ἀρρωστημάτων.

2084 2156 2366 2229 Παρῆλθεν
2397 2158 2430 2228 ἡ
2465 2154 2621 2227 χρεία
2649 2153 2759 2207 τῶν
2795 2153 3136 2226 βρωμάτων;
3177 2156 3241 2208 Ἠ
3270 2154 3453 2226 μέντοι
3478 2156 3666 2227 μνήμη

2084 2250 2178 2304 τοῦ
2228 2248 2517 2320 εὐεργέτου
2570 2247 2644 2319 μὴ
2690 2246 3070 2319 παρερχέσθω.
3122 2247 3226 2301 Τὸν
3255 2248 3460 2319 χιτῶνα
3492 2248 3666 2303 ἐνδυόα

2087 2359 2267 2413 μενος,
2295 2341 2610 2412 εὐχαρίστει
2642 2339 2720 2411 τῷ
2745 2339 3033 2393 δεδωκότι·
3069 2339 3130 2392 τὸ
3169 2341 3387 2410 ἱμάτιον
3406 2340 3668 2412 περιϐαλ-

2084 2434 2328 2503 λόμενος,
2363 2431 2598 2502 αὕξησον
2625 2430 2723 2502 τὴν
2753 2433 2833 2496 είς
2879 2431 3011 2484 Θεὸν
3056 2433 3297 2503 ἀγάπην,
3330 2432 3390 2496 ὃς
3437 2434 3532 2486 καὶ
3558 2450 3669 2503 χει-

2089 2527 2229 2599 μῶνι
2270 2527 2365 2580 καὶ
2407 2525 2557 2596 θέρει
2587 2525 2867 2596 ἐπιτήδεια
2913 2526 3045 2596 ἡμῖν
3080 2526 3443 2595 σκεπάσματα
3485 2527 3669 2597 ἐχαρί-

2087 2636 2251 2683 σατο,
2311 2620 2411 2688 τήν
2468 2635 2527 2670 τε
2592 2614 2736 2687 ζωὴν
2788 2617 2945 2689 ἡμῶν
2998 2618 3396 2692 συντηροῦντα,
3455 2620 3552 2673 καὶ
3606 2617 3669 2671 τὸ

2084 2709 2329 2781 ἄσχημον
2373 2709 2484 2780 (52)
2516 2709 2950 2780 περιστέλλοντα.
3000 2709 3322 2782 Ἐπληρὼθη
3360 2713 3392 2781 ἡ
3444 2710 3664 2782 ὴμέρα;

2085 2802 2408 2875 Εὐχαρίστει
2460 2802 2538 2874 τῷ
2595 2803 2687 2856 τὸν
2744 2802 2895 2873 ἥλιον
2947 2802 3047 2872 μὲν
3084 2805 3163 2868 εἰς
3204 2803 3508 2874 ὑπηρεσίαν
3556 2802 3667 2856 τῶν

2084 2894 2360 2966 ἡμερινῶν
2387 2894 2564 2966 ἔργων
2598 2893 2953 2965 χαρισαμένῳ
2979 2896 3131 2967 ἡμῖν,
3166 2894 3277 2966 πῦρ
3300 2895 3354 2948 δὲ
3390 2911 3668 2965 παρασχοο

2086 3003 2233 3057 μενῳ
2280 2986 2371 3040 τοῦ
2427 2984 2683 3055 φωτίζειν
2735 2988 2834 3057 τὴν
2879 2986 3084 3051 νύκτα,
3139 2987 3232 3040 καὶ
3276 2989 3397 3050 ταῖς
3452 2985 3667 3049 λοιπαῖς

2082 3078 2297 3150 χρείαις
2334 3081 2451 3141 ταῖς
2480 3078 2622 3132 κατὰ
2654 3077 2744 3131 τὸν
2776 3077 2889 3147 βίον
2926 3079 3240 3149 ὑπηρετεῖν.
3286 3079 3348 3131 'H
3375 3077 3472 3142 νὺξ
3500 3078 3664 3141 ἄλλας

406 3153 549 3243 clem
582 3147 987 3217 illustrandam,
1019 3163 1075 3209 et
1120 3165 1177 3210 ut
1210 3156 1439 3227 reliquis
1481 3156 1608 3211 vitae
1637 3156 1981 3212 necessitati-

2086 3147 2372 3234 ὑποθέσεις
2417 3170 2729 3243 προσευχῆς
2783 3170 2897 3241 (55)
2939 3147 3286 3243 προξενείτω.
3330 3171 3498 3225 Ὅταν
3542 3171 3666 3224 ἀνα-

405 3234 510 3292 bus
543 3237 826 3297 inserviat.
889 3242 1007 3298 Nox
1054 3246 1435 3332 alias.causas
1490 3249 1729 3319 praebeat
1765 3247 1977 3303 orandi.

407 3328 634 3394 Quando
671 3337 987 3404 suspexeris
1039 3339 1094 3392 in
1137 3328 1360 3399 caelum.
1391 3349 1447 3396 et
1500 3342 1555 3395 in
1591 3341 1832 3397 siderum
1862 3342 1983 3412 pul-

406 3421 774 3481 cbritudinem
807 3429 1046 3486 intentos
1096 3434 1287 3488 oculos
1338 3434 1637 3495 habueris,
1689 3433 1981 3504 deprecare

406 3511 697 3569 Dominum
729 3519 1050 3585 visibilium,
1080 3520 1361 3594 Deumque
1401 3525 1782 3581 universorum
1824 3527 1982 3597 opiﬁ-

404 3622 523 3664 cem
552 3612 855 3680 optimum,
910 3616 1001 3684 qui
1063 3618 1246 3672 omnia
1280 3618 1335 3672 in
1387 3618 1657 3688 sapientia
1722 3618 1851 3674 fecit
1901 3620 1978 3684 ‘°,

405 3697 595 3754 adora.
631 3700 859 3758 Omnem
911 3708 1272 3763 animantium
1334 3717 1582 3764 naturam
1622 3726 1745 3766 cum
1780 3713 1980 3768 videris

405 3798 771 3869 consopitam,
800 3815 994 3856 rursus
1036 3803 1201 3856 adora
1234 3820 1379 3870 eum,
1412 3805 1504 3874 qui
1536 3820 1636 3862 nos
1665 3807 1749 3861 vel
1782 3807 1981 3861 invitos

406 3886 476 3941 ab
504 3889 745 3946 assiduis
778 3894 1056 3951 laboribus
1082 3895 1289 3951 relaxat
1321 3913 1418 3968 per
1442 3915 1716 3961 somnum,
1755 3900 1980 3954 virium-

406 3993 514 4048 que
542 3981 779 4049 vigorem
811 3999 907 4053 per
934 4003 1154 4056 parvam
1186 3989 1428 4058 requiem
1456 3992 1811 4062 redintegrat.

476 4073 533 4126 4.
567 4071 703 4128 Tota
738 4075 904 4146 igitur
933 4094 1037 4133 nox
1072 4095 1179 4135 non
1232 4081 1303 4135 sit
1334 4082 1482 4137 velut
1509 4084 1803 4154 peculiaris
1833 4101 1981 4156 quae-

408 4162 532 4220 dam
570 4181 635 4221 ac
663 4170 936 4239 praecipua
979 4176 1158 4228 somni
1202 4189 1362 4231 sors:
1400 4190 1578 4247 neque
1608 4176 1818 4246 patiare
1867 4194 1979 4233 me-

408 4257 553 4312 diam
582 4260 706 4316 vitae
732 4270 942 4331 partem
994 4265 1239 4324 inutilem
1282 4270 1380 4325 tibi
1414 4285 1537 4326 esse
1566 4286 1666 4341 per
1689 4271 1868 4327 somni
1894 4288 1983 4328 so-

408 4364 595 4417 porem
625 4370 638 4406 :
672 4353 764 4407 sed
797 4353 1072 4411 dividatur
1105 4359 1201 4414 tibi
1253 4361 1430 4418 noctis
1476 4368 1694 4434 tempus
1730 4364 1784 4420 in
1833 4380 1982 4420 som-

410 4456 541 4501 num
567 4451 621 4499 et
651 4448 1021 4515 precationem
1055 4470 1068 4505 :
1102 4451 1212 4506 imo
1259 4470 1488 4511 somnus
1515 4456 1631 4526 ipse
1660 4458 1981 4513 exercitatio

2089 3262 2293 3333 ϐλέψῃς
2326 3265 2405 3326 εἰς
2438 3263 2527 3316 τὸν
2562 3263 2812 3334 οὐρανὸν,
2861 3265 2957 3316 καὶ
2993 3263 3132 3334 πρὸς
3174 3263 3242 3316 τὰ
3289 3262 3397 3316 τῶν
3450 3263 3669 3334 ἄστρων

2089 3356 2400 3426 ὲνατενίσῃς
2442 3354 2633 3427 κάλλη,
2672 3356 2974 3426 προσεύχου
3001 3353 3080 3425 τῷ
3112 3355 3357 3426 Δεσπότῃ
3388 3353 3495 3423 τῷν
3528 3353 3666 3425 ὁρω-

2088 3447 2286 3518 μένων,
2328 3446 2422 3501 καὶ
2469 3447 2766 3518 προσκύνει
2817 3447 2908 3501 τὸν
2953 3448 3340 3519 ἀριστοτέχνην
3376 3446 3485 3499 τῶν
3528 3446 3667 3498 ὅλων

2088 3539 2240 3606 Θεὸν,
2276 3541 2334 3604 ὃς
2379 3543 2437 3593 ὲν
2468 3539 2631 3610 σοφία
2678 3540 2749 3594 τὰ
2782 3540 2961 3594 πάντα
3005 3540 3283 3611 εποίησεν.
3328 3538 3499 3591 Ὅταν
3549 3535 3664 3609 ῐδῃς

2088 3632 2269 3685 πᾶσαν
2311 3627 2471 3699 φύσιν
2504 3628 2659 3692 ζώων
2684 3628 2836 3701 ὕπνῳ
2864 3631 3255 3702 κατεχομένην,
3292 3627 3454 3683 πάλιν
3487 3644 3661 3698 προσο

2089 3720 2239 3774 κύνει
2277 3721 2367 3774 τὸν
2416 3721 2509 3774 καὶ
2547 3722 2816 3786 ἀκουσίως
2876 3725 3025 3794 ἡμᾶς
3065 3723 3151 3777 διὰ
3203 3721 3297 3776 τοῦ
3353 3720 3523 3773 ὕπνου
3566 3718 3667 3787 τῆς

2091 3812 2517 3885 συνεχείας“τῶν
2565 3814 2740 3867 πόνων
2784 3813 3012 3878 λύοντα,
3049 3816 3143 3868 καὶ
3182 3818 3247 3868 ὲκ
3296 3816 3498 3885 μικρᾶς
3541 3814 3668 3867 ἀναη

2089 3904 2342 3968 παύσεως
2368 3906 2528 3961 πάλιν
2575 3906 2712 3976 πρὸς
2735 3905 2833 3977 τὴν
2860 3905 3043 3977 ἀκμὴν
3070 3907 3168 3977 τῆς
3195 3905 3476 3976 δυνάμεως
3506 3907 3666 3959 ἐπαν-

2090 3997 2310 4066 άγοντα.

2157 4091 2211 4143 ιι.
2240 4091 2304 4143 Ἦ
2320 4085 2413 4143 οὖν
2439 4090 2533 4156 νὺξ
2554 4090 2629 4162 μὴ
2654 4088 2793 4143 ἔστω
2809 4090 2997 4162 ὥσπερ
3023 4108 3108 4154 τις
3126 4089 3258 4154 ἴδιος
3274 4091 3366 4144 καὶ
3389 4090 3665 4162 ἐξαίρετος

2088 4179 2289 4251 κλῆρος
2333 4179 2429 4233 τοῦ
2473 4179 2643 4235 ὕπνου
2686 4182 2868 4235 misr
2935 4180 3070 4251 μηδὲ
3111 4178 3378 4252 καταδέξῃ
3428 4179 3517 4233 διὰ
3564 4179 3667 4247 τῆς

2088 4272 2228 4325 κατά
2278 4272 2370 4325 τὸν
2424 4270 2590 4325 ὕπνον
2639 4270 2995 4341 ἀναισθησίας
3039 4271 3100 4323 τὸ
3152 4272 3324 4342 ἥμισυ
3369 4270 3471 4341 τῆς
3516 4269 3663 4340 ζωῆς

2088 4362 2372 4434 ἀχρειοῦν·
2406 4362 2545 4417 ἀλλά
2591 4361 2897 4435 μεριζέσθω
2922 4381 3003 4417 σοι
3042 4364 3144 4432 τῆς
3184 4362 3378 4427 νυκτὸς
3406 4363 3435 4414 ὁ
3473 4362 3663 4434 χρόνος

2088 4453 2169 4518 εἴς
2198 4473 2256 4508 τε
2297 4454 2464 4509 ὕπνον
2499 4457 2593 4509 καὶ
2626 4457 2933 4527 προσευχήν
2954 4474 2967 4487 ·
3002 4455 3136 4511 ἀλλά
3166 4456 3260 4511 καὶ
3298 4456 3348 4509 οἱ
3377 4453 3533 4508 ὕπνοι
3563 4456 3661 4508 αύ-

410 4534 480 4593 sit
502 4536 742 4605 pietatis.
778 4536 933 4608 Saepe
959 4540 1103 4595 enim
1147 4557 1421 4613 expressae
1452 4548 1506 4602 in
1538 4562 1734 4604 somno
1774 4549 1983 4620 species

2086 4547 2172 4600 τοὶ
2218 4547 2567 4618 μελετὴματα
2605 4546 2848 4602 ἔστωσαν
2886 4548 2985 4619 τῆς
3029 4547 3332 4611 εὐσεϐείας.
3378 4546 3664 4614 Πεφύκασι

409 4628 597 4684 nescio
626 4631 900 4699 quomodo
935 4636 1161 4706 vestigia
1195 4638 1442 4707 quaedam
1477 4655 1542 4694 ac
1570 4641 1812 4711 reliquiae
1859 4656 1983 4697 esse

409 4719 587 4776 soient
610 4722 932 4777 diurnamm
956 4740 1236 4782 curarum.
1270 4727 1461 4794 Qualia
1501 4730 1645 4784 enim
1675 4731 1983 4786 exstiterint

408 4811 535 4869 vita
579 4823 781 4872 nostrae
829 4819 1008 4873 studia
1033 4861 1050 4883 ,
1108 4821 1237 4876 talia
1295 4838 1523 4878 necesse
1552 4832 1636 4879 est
1666 4825 1828 4879 etiam
1860 4840 1982 4881 esse

410 4901 703 4962 inSomnia.
740 4906 833 4963 Sic
878 4912 1063 4968 orabis
1120 4912 1245 4969 Sine
1297 4914 1412 4968 ulla
1465 4915 1881 4982 intermissione,
1934 4919 1979 4973 si

409 4997 573 5052 modo
606 5016 715 5056 non
747 5002 800 5056 in
839 5004 1021 5061 verbis
1078 5007 1444 5076 precationem
1490 5009 1785 5066 concludas
1811 5049 1827 5071 .
1882 5010 1975 5065 sed

410 5097 463 5144 te
496 5090 613 5161 ipse
646 5091 761 5149 Deo
795 5095 1151 5165 conﬁrmeris
1197 5113 1293 5169 per
1321 5106 1489 5154 totam
1520 5101 1740 5159 vivendi
1779 5102 1974 5157 'ratio-

478 5245 525 5278 ⁸³
564 5242 583 5297 1
612 5244 739 5301 Cor.
773 5264 845 5314 ι,
878 5249 966 5305 51.
1048 5251 1094 5284 ⁸⁸
1131 5251 1277 5309 Psal.
1311 5269 1441 5319 cm,
1475 5255 1565 5312 24.

477 5403 589 5469 (50)
618 5402 761 5458 Ediii
793 5413 848 5459 et
877 5416 989 5478 tres
1016 5422 1151 5478 mss.
1190 5409 1516 5478 συνηγορίαν
1538 5408 1632 5462 τοῦ
1667 5408 1846 5477 λόγου.
1878 5408 1984 5463 Alii

404 5479 648 5544 quinque
673 5476 998 5548 συνηγορίαν
1027 5477 1120 5531 τοῦ
1147 5476 1333 5548 νόμου.
1380 5476 1575 5548 Statim
1602 5479 1711 5533 duo
1742 5476 1905 5543 'mss.,
1939 5480 1985 5534 si

405 5558 514 5621 non
535 5547 868 5621 plurqs,_ribv
893 5547 1130 5612 ἀγαθῶν.
1154 5548 1353 5605 Ibidem
1379 5547 1510 5620 Reg.
1535 5551 1809 5606 secundus
1836 5551 1986 5621 παρά

404 5616 512 5668 τῶν
535 5616 923 5674 εὐσεϐούντων.

483 5686 851 5766 (ᾇυινεῑεηΐθε
899 5700 1133 5757 quatuor
1159 5690 1290 5766 libri,
1312 5691 1818 5766 προσευχὴν-ἔκπλη
1837 5692 1982 5766 ροῦν.

408 5757 465 5813 in
490 5757 705 5819 duobus
734 5776 863 5815 mss.
901 5779 995 5833 pro
1032 5762 1334 5837 προσευχὴν
1360 5757 1775 5834 ἰοεὶιιιϊέύχήν.

2085 4639 2194 4710 γάρ
2226 4656 2343 4703 πως
2389 4641 2445 4693 αἱ
2497 4637 2619 4692 καθ’
2651 4637 2817 4692 ὕπνον
2869 4640 3181 4709 φαντασίαι,
3230 4640 3307 4704 ὡς
3353 4638 3424 4693 τά
3469 4636 3659 4700 πολλὰ,

2086 4733 2424 4803 ἀπηχήματα
2490 4728 2631 4786 εἶναι
2702 4732 2810 4786 τῶν
2886 4732 3269 4804 μεθημερινῶν
3342 4731 3659 4804 φροντίδων.

2099 4824 2288 4877 Ὁποῖα
2315 4825 2422 4896 γὰρ
2447 4822 2575 4898 ἀνῇ
2618 4824 2685 4879 τὰ
2719 4824 2859 4879 κατά
2900 4825 2993 4878 τὸν
3027 4824 3139 4895 βίον
3178 4824 3335 4896 ἡμῶν
3371 4822 3661 4894 ἐπιτηδεύ-

2090 4934 2257 4987 ματα,
2281 4917 2504 4971 τοιαῦτα
2534 4918 2746 4988 ἀνάγκη
2782 4913 2920 4971 εἶναι
2961 4917 3054 4970 καὶ
3089 4916 3161 4970 τά
3198 4916 3445 4970 ἐνύπνια.
3474 4915 3662 4978 Οὕτως

2099 5008 2520 5076 Ἀδιαλείπτως
2571 5010 2878 5082 προσεύξῃ’
2930 5010 3032 5064 οὑκ
3076 5010 3134 5061 ἐν
3172 5009 3382 5081 ῥήμασι
3436 5006 3665 5079 πληρῶν

2080 5102 2179 5175 τὴν
2213 5103 2539 5174 προσευχὴν,
2575 5102 2710 5157 ἀλλά
2739 5105 2804 5158 δι’
2830 5102 2957 5173 ὅλης
2984 5101 3098 5172 (54)
3124 5099 3217 5155 τοῦ
3263 5098 3378 5169 βίου
3418 5099 3516 5170 τῆς
3545 5099 3662 5154 δια-

2161 5411 2271 5481 (δὲ)
2308 5409 2439 5482 Reg.
2477 5412 2684 5481 primus
2714 5412 2960 5482 ἄσχημον
2990 5410 3166 5482 ἡμῶν.

2162 5480 2272 5551 (55)
2304 5480 2435 5552 Reg.
2480 5480 3093 5545 isecundus‘brtoeéast;
3124 5482 3306 5551 εὐχῆς.
3348 5480 3471 5536 Μοκ
3522 5495 3654 5552 mss.

2093 5553 2339 5609 nonnulli
2370 5550 2495 5624 τῶν
2519 5554 2788 5624 ἀστέρων.
2823 5554 3025 5608 Ibidem
3057 5550 3217 5607 unus
3238 5553 3406 5607 codex
3447 5559 3500 5608 et
3528 5550 3658 5606 editi

2093 5623 2363 5693 ἀτενίσῃς.
2397 5623 2502 5678 Alii
2530 5623 2771 5693 quinque
2804 5641 2936 5680 mss.
2973 5623 3302 5684 ὲνατονίσης.

2166 5693 2383 5764 (54)]ιε
2409 5703 2617 5751 veteres
2641 5711 2735 5750 sex
2765 5696 2909 5749 libri.
2940 5693 3084 5753 Editi
3108 5693 3171 5745 δι’
