4052 6214
429 291 466 347 2
480 290 537 347 Π
1070 298 1071 301 “
1783 294 1841 352 S.
1882 295 1998 354 ΒΑΕ

2101 296 2130 353 [ι
2172 295 2387 354 MAGNI
3581 302 3690 359 248

429 401 750 467 scurabitur,
776 403 902 457 (una
933 417 1034 456 non
1069 402 1220 458 dabit
1249 405 1424 461 lumen
1465 423 1638 462 suum.
1671 409 1813 475 Quid
1849 411 1998 487 igitur

2118 411 2371 466 σοῦνται·
2406 414 2434 465 ό
2462 410 2611 482 ἥλιος
2644 411 3091 485 σκοτισθήσεται·
3132 415 3164 485 ἡ
3201 413 3396 487 σελήνη
3439 416 3501 469 οὐ
3529 417 3693 472 δώσει

430 498 655 561 mirum,
672 495 718 551 si
736 511 836 551 nos
853 509 1091 566 quoque,
1107 511 1232 567 cum
1254 512 1382 568 pars
1405 498 1576 557 simus
1592 500 1803 567 mundi,
1820 518 1998 558 eorum

2112 507 2176 560 τὸ
2214 507 2416 577 φέγγος
2460 506 2650 576 αὐτῆς.
2689 505 2755 558 Τί
2800 501 2893 560 οὖν
2939 505 3272 577 θαυμαστὸν,
3301 508 3351 560 εί
3383 506 3478 560 καὶ
3504 509 3687 578 ἡμεῖς,

430 604 551 658 quae
561 588 747 643 mundi
761 589 1205 658 sunt.participes
1221 589 1418 646 simus?
1429 590 1524 648 His
1535 593 1998 659 consideratismbi

2118 598 2285 668 μέρος
2331 597 2484 660 ὄντες
2527 596 2621 650 τοῦ
2668 596 2898 666 κόσμου,
2946 596 3290 667 ἀπολαύομεν
3324 596 3435 650 τῶν
3477 600 3543 651 ὲκ
3591 598 3688 653 τοῦ

431 690 485 733 te
500 678 664 732 etiam
691 677 969 733 adorietur
987 680 1356 735 communium
1375 696 1554 737 rerum
1571 699 1699 753 pars
1709 689 1975 757 quaepiam
1995 708 2011 756 ;

432 771 514 825 fer
536 771 738 827 tacitus
760 785 824 825 ac
853 771 1174 835 connivens,
1208 788 1317 827 non
1358 773 1478 830 sine
1528 776 1721 832 allecto
1755 779 1885 843 ullo,
1919 789 2013 835 aut

429 877 596 918 sensu
628 861 772 933 (qua:
799 870 882 918 est
906 863 1050 917 enim
1082 863 1397 919 indolentia.-
1416 868 1705 939 merces?)
1728 887 1741 923 :
1768 870 1861 925 sed
1884 886 2010 926 cum

428 966 628 1022 magno
673 951 879 1013 labore.
916 966 1041 1006 cum
1081 953 1265 1009 multis
1287 954 1587 1012 doloribus.
1624 957 2009 1019 Verumtamen

427 1044 611 1113 perfer
642 1044 789 1098 velut
817 1052 1075 1101 strenuus
1102 1046 1375 1117 quispiam
1407 1049 1611 1104 athleta
1635 1095 1648 1110 ,
1694 1055 1787 1123 qui
1841 1056 2013 1111 robur

430 1150 494 1189 ac
530 1134 902 1190 fortitudinem
939 1151 1044 1190 nou
1077 1138 1131 1190 in
1185 1151 1251 1191 eo
1299 1138 1475 1192 solum
1532 1144 1815 1209 ostendit,
1862 1147 2007 1215 quod

429 1228 701 1297 percutiat
736 1228 1102 1291 adversarios.
1137 1231 1232 1283 sed
1267 1232 1415 1301 quod
1448 1233 1684 1292 inﬂictas
1710 1240 1876 1294 etiam
1905 1242 2006 1298 sibi

429 1319 501 1372 ab
526 1318 660 1388 ipsis
686 1318 874 1388 plagas
914 1326 1231 1375 constanter
1274 1322 1463 1378 toleret
1496 1344 1508 1379 :
1568 1328 1694 1382 item
1747 1338 2007 1401 tanquam

432 1410 632 1479 aliquis
685 1408 1034 1479 gubernator.
1065 1412 1157 1481 qui
1216 1413 1434 1483 sapiens
1467 1416 1559 1483 sit,
1586 1426 1640 1473 et
1670 1435 1781 1489 prae
1812 1437 2007 1494 magna

432 1496 724 1566 navigandi
761 1498 957 1567 peritia
990 1499 1334 1569 impavidus,
1380 1506 1584 1575 quique
1634 1510 1875 1564 animum
1924 1528 2009 1568 re—

433 1588 1179 1661 ctum,immersabilemque.
1226 1602 1280 1647 et
1324 1610 1650 1669 quacunque
1683 1606 2009 1672 tempestate

431 1678 676 1733 altiorem
698 1689 897 1737 servet.
934 1678 1058 1735 Filii
1098 1682 1431 1753 cbarissimi,
1467 1696 1562 1743 aut
1589 1692 1778 1748 uxoris
1810 1694 2009 1763 gratis-

2117 690 2359 758 κόσμου;
2396 690 2540 759 Πρὸς
2583 689 2757 743 ταῦτα
2806 688 3150 751 ἀποϐλέπων,
3184 689 3311 742 ὃταν
3365 690 3462 743 καὶ
3500 690 3594 744 ἐπὶ
3629 690 3688 744 σὲ

2114 780 2245 851 ἔλθη
2277 778 2385 833 τῶν
2419 780 2614 834 κοινῶν
2642 781 2703 835 τὸ
2742 781 2927 854 μέρος,
2957 780 3145 849 ἔνεγκε
3178 779 3375 851 μύσας,
3408 782 3509 834 οὐκ
3542 782 3689 837 ἁπα-

2115 871 2257 933 θῶς,
2312 871 2433 924 οὐδὲ
2484 870 2827 941 ἀναισθήτως
2891 871 2997 941 (τίς
3053 871 3159 942 γὰρ
3210 871 3400 941 μισθὸς
3452 872 3689 944 ἀναλγη-

2115 963 2233 1025 σίας
2255 964 2314 1032 ;),
2356 963 2472 1016 ἀλλ’
2517 962 2790 1027 ἐπιπόνως
2843 964 2941 1033 μὲν
2982 962 3076 1016 καὶ
3131 963 3230 1015 σὺν
3277 961 3533 1032 ἀλγηδόσι
3581 981 3683 1034 μυ-

2113 1057 2275 1128 ρίαις.
2331 1056 2478 1127 Πλὴν
2533 1054 2825 1122 ὑπένεγκε,
2876 1054 3066 1126 ὥσπερ
3113 1071 3198 1118 τις
3246 1057 3488 1123 γενναῖος
3533 1057 3685 1123 ἀγω⁸

2109 1148 2298 1216 νιστὴς
2331 1148 2466 1218 (65),
2499 1148 2600 1218 τὴν
2655 1148 2807 1217 ἰσχὺν
2859 1147 2953 1201 καὶ
3001 1148 3101 1216 τὴν
3144 1146 3395 1218 ἀνδρείαν
3427 1149 3488 1201 οὑ
3525 1149 3686 1219 μόνον

2108 1242 2173 1293 ὲκ
2202 1240 2296 1294 τοῦ
2328 1241 2551 1295 τύπτειν
2585 1241 2711 1303 τοὺς
2756 1239 3102 1303 ἀντιπάλους,
3153 1239 3289 1293 ἀλλά
3339 1242 3434 1293 καὶ
3479 1242 3545 1294 ἐκ
3588 1241 3685 1294 τοῦ

2110 1332 2297 1404 φέρειν
2347 1333 2589 1404 στερρῶς
2618 1332 2717 1396 τάς
2763 1333 2892 1403 παρ’
2920 1331 3098 1384 αὐτῶν
3126 1329 3349 1401 ,πληγὰς
3383 1331 3686 1384 ἐπιδεικνὺ-

2112 1440 2271 1493 μενος
2290 1440 2303 1452 ⁶
2343 1423 2437 1476 καὶ
2465 1422 2653 1493 ὥσπερ
2684 1440 2766 1486 τις
2795 1422 3132 1494 κυϐερνήτης
3169 1423 3330 1492 σοφὸς
3357 1424 3450 1478 καὶ
3473 1423 3649 1494 ἀτάρα
3666 1454 3683 1464 -

2109 1534 2202 1587 χος
2238 1517 2343 1569 ὑπὸ
2369 1517 2468 1587 τῆς
2503 1516 2643 1584 ἄγαν
2674 1515 2803 1587 περ).
2833 1515 2926 1568 τὸν
2960 1515 3127 1567 πλοῦν
3161 1515 3472 1586 ἐμπειρίας,
3517 1515 3683 1588 ὀρθὴν

2109 1607 2202 1660 καὶ
2232 1606 2587 1667 ἀϐάπτιστον,
2629 1605 2726 1659 καὶ
2775 1603 2976 1668 παντὸς
3025 1603 3295 1675 χειμῶνος
3348 1603 3683 1675 ὑψηλοτέραν

2107 1699 2206 1771 τὴν
2242 1699 2419 1771 ψυχὴν
2448 1697 2747 1763 διασώζων.
2781 1698 2975 1764 Παιδὸς
3005 1697 3314 1770 ἀγαπητοῦ.
3348 1698 3382 1768 ἢ
3425 1698 3682 1766 γυναικὸς

431 1769 606 1836 simae,
627 1777 720 1825 aut
748 1770 974 1827 alterius
1002 1773 1308 1844 cuiuspiam
1334 1792 1524 1834 eorum
1570 1783 1665 1851 qui
1694 1759 1837 1839 sunt
1869 1789 1998 1841 ami-

2113 1759 2454 1862 κάταθυμίας
2487 1759 2644 1862 (64),-
2671 1792 2705 1863 ἢ
2756 1791 2915 1845 ἄλλου
2956 1759 3108 1855 Eme;
3146 1759 3254 1844 τίῖιν
3286 1759 3556 1860 φιλτάτων
3588 1759 3682 1842 καί

429 1859 663 1922 cissimi,
707 1868 763 1915 et
811 1862 962 1916 omni
1001 1863 1376 1921 benevolentia
1415 1877 1577 1940 atque
1606 1875 2005 1933 necessitudine

429 1952 733 2022 conjuncti.
760 1954 1010 2023 privatio,
1031 1958 1452 2029 haudquaquam
1475 1962 1655 2020 futura
1672 1974 1756 2021 est
1773 1970 2002 2026 molesta

429 2050 486 2098 et
518 2044 702 2113 gravis
735 2044 941 2099 homini
973 2048 1221 2115 provido,
1252 2056 1304 2103 et
1327 2058 1529 2106 rectam
1562 2055 1833 2112 rationem
1879 2061 2002 2116 vita:

429 2135 625 2188 ducem
656 2134 1026 2195 liabenli.non
1052 2147 1232 2194 autem
1261 2156 1326 2195 ex
1358 2147 1750 2204 consuetudine
1766 2150 2002 2219 quadam

429 2225 723 2280 incedenti.
755 2226 887 2281 Nam
907 2229 1321 2286 acerbissimum
1343 2242 1429 2291 est
1446 2238 1528 2293 vel
1550 2239 1683 2309 ipsis
1701 2241 1879 2298 brutis
1893 2245 2005 2299 ani-

428 2318 707 2374 mantibus
737 2334 768 2373 a
803 2321 1201 2377 consuetudine
1228 2326 1409 2382 avelli.
1462 2326 1722 2399 Equidem
1749 2347 1853 2404 ego
1886 2336 2003 2405 ipse

423 2407 537 2462 vidi
589 2410 880 2481 aliquando
919 2412 1110 2470 bovem
1159 2416 1216 2472 in
1257 2418 1486 2490 pnesepi
1537 2421 1999 2494 illacrymantem.

424 2505 618 2570 pastus
666 2517 732 2558 ac
771 2503 887 2576 jugi
940 2508 1093 2562 socio
1140 2520 1317 2566 morte
1363 2510 1467 2566 sibi
1521 2524 1807 2585 praerepto.
1856 2515 1999 2593 Quin

420 2594 591 2650 etiam
622 2594 803 2652 videre
829 2605 912 2654 est
939 2600 1179 2670 reliquas
1206 2602 1416 2659 belluas
1436 2608 1820 2663 consuetudini
1845 2612 2001 2667 valde

424 2684 719 2741 admodum
750 2687 1143 2746 adhaerescere.
1176 2690 1256 2746 Tu
1305 2710 1434 2749 vero
1464 2711 1573 2751 non
1608 2697 1682 2751 ita
1712 2699 1951 2756 didicisti
1982 2743 1997 2768 ,

422 2792 604 2847 neque
637 2780 711 2833 ita
736 2780 961 2836 edoctus
988 2797 1067 2838 es.
1099 2784 1350 2839 Attamen
1381 2786 1697 2844 indecorum
1733 2806 1841 2846 non
1884 2792 2002 2849 fue~

425 2869 498 2922 rit
518 2885 585 2923 ex
614 2870 777 2944 longe
815 2890 1113 2946 congressu
1150 2881 1410 2941 diuturna
1456 2891 1855 2946 consuetudine
1894 2892 1999 2947 ini-

427 2960 563 3015 tium
611 2964 865 3022 amicitiaa
885 2966 1124 3038 ducere;
1173 2975 1267 3055 sed
1294 2977 1480 3034 dolere
1512 2979 1580 3035 de
1628 2981 1999 3051 disiunctione

424 3054 498 3108 ob
525 3055 793 3111 diutinam
844 3067 1089 3115 nostram
1140 3054 1634 3135 cenversationem,
1662 3075 1882 3141 penitus
1908 3076 1998 3130 ab-
2025 3110 2068 3167 ο

423 3148 650 3201 surdum
678 3157 783 3206 est.

492 3236 545 3289 5.
582 3235 824 3308 Exempli
874 3244 1048 3311 gratia
1070 3283 1085 3307 .
1132 3245 1324 3317 obtigit
1356 3248 1451 3303 tibi
1480 3267 1618 3305 uxor
1651 3252 1774 3308 vita!
1803 3254 1952 3308 socia
1979 3298 1993 3318 .

421 3340 543 3395 quae
579 3328 677 3382 tibi
706 3345 923 3388 onmem
956 3336 1079 3391 vitae
1125 3338 1456 3409 voluptatem
1498 3343 1739 3409 exhibet,
1771 3362 1999 3418 quaeque

421 3420 616 3475 artifex
652 3431 737 3477 est
776 3425 991 3492 laetitiae,
1022 3436 1077 3483 et
1100 3432 1443 3487 conciliatrix
1474 3433 1796 3491 deliciarum
1824 3478 1839 3503 ,
1877 3456 1997 3509 qua:

421 3513 585 3566 simul
633 3513 776 3569 bona
809 3526 971 3589 auget
1000 3528 1055 3573 et
1080 3537 1233 3597 opes,
1263 3533 1317 3576 et
1344 3525 1657 3582 aﬂlictatum
1686 3538 1737 3584 te
1760 3532 1995 3586 maxima

419 3605 794 3662 molestiarum
826 3618 980 3680 parte
1008 3613 1181 3681 levat;
1225 3615 1337 3672 haec
1365 3618 1549 3674 subito
1579 3631 1731 3691 rapta
1766 3623 1990 3681 interiit.

417 3693 534 3750 llac
558 3695 660 3752 ista
693 3698 984 3758 afﬂictione
1018 3716 1085 3758 ne
1133 3709 1510 3776 exaspereris;
1542 3724 1673 3766 cave
1715 3711 1868 3768 dicas
1900 3729 1994 3768 eoi-

417 3802 542 3842 rum
574 3805 696 3860 quae
744 3790 879 3848 ﬁunt
927 3793 1099 3849 fatum
1150 3797 1425 3866 quoddam
1470 3816 1593 3855 esse
1619 3801 1730 3871 38
1761 3810 1996 3859 temera-

416 3880 586 3945 rium,
609 3885 768 3953 quasi
798 3893 979 3940 rector
1011 3889 1193 3944 nullus
1217 3891 1362 3946 hunc
1399 3894 1662 3947 mundum
1692 3896 1990 3965 gubernet;

415 3986 596 4043 neque
637 3978 839 4030 malum
870 3980 1159 4047 quemdam
1190 3982 1436 4051 opificem
1468 3985 1797 4052 constituas,
1829 4003 1993 4042 cxco-

417 4066 597 4133 gitans
628 4066 725 4121 tibi
763 4068 880 4136 ipse
917 4086 1027 4140 prae
1060 4073 1355 4128 immodico
1389 4089 1628 4131 mmrore
1684 4078 1847 4148 impia
1892 4079 1992 4134 do—

413 4167 635 4226 gmata:
667 4168 887 4224 contra,
927 4178 1105 4234 neque
1147 4167 1411 4223 terminos
1461 4169 1695 4226 excedas
1748 4172 1986 4241 pietatis.

411 4246 628 4302 Etenim
654 4264 778 4305 cum
812 4251 921 4306 duo
947 4253 1171 4308 omnino
1200 4256 1255 4309 in
1304 4271 1471 4314 carne
1508 4274 1616 4314 una
1664 4259 1876 4317 fueritis
1907 4263 1985 4329 θ’,

416 4340 573 4394 alteri
633 4341 955 4398 divisionem
1013 4360 1077 4400 ac
1121 4347 1525 4416 conjunctionis
1569 4351 1984 4423 diremptionem

2112 1883 2253 1936 κατά
2299 1884 2479 1936 πᾶσαν
2527 1881 2745 1936 εὔνοιαν
2795 1881 3155 1952 συνημμένων
3204 1882 3481 1952 στέρησις,
3530 1880 3682 1935 οὐδὲν

2110 1975 2281 2047 δεινὸν
2312 1974 2389 2046 τῷ
2422 1974 2870 2047 προεσκεμμένῳ,
2906 1973 3001 2027 καὶ
3046 1972 3136 2026 τὸν
3176 1972 3332 2044 ὀρθὸν
3366 1973 3522 2041 λόγον
3552 1975 3682 2043 ἠγε-

2114 2043 2250 2138 μόνα
2405 2043 2548 2137 ζωῆς
2576 2043 2770 2136 ἔχοντι,
2804 2043 2940 2120 ἀλλὰ
2977 2065 3051 2136 μὴ
3078 2043 3220 2118 κατά
3251 2064 3538 2134 συνήθειάν
3560 2082 3683 2119 τινα

2111 2140 2479 2239 πορευομένῳ.
2537 2159 2733 2223 Ἔθους
2788 2158 2896 2228 γὰρ
2937 2158 3213 2229 χωρισμὸς
3259 2157 3353 2210 καὶ
3399 2160 3512 2221 τοῖς
3558 2156 3683 2210 ἀλό-

2109 2269 2225 2321 γοις
2254 2254 2371 2306 ἐστὶ
2417 2251 2846 2323 δυσφορώτατος.
2899 2252 3008 2304 Καί
3043 2266 3175 2303 ποτε
3224 2247 3363 2303 εἶδον
3404 2250 3515 2318 ἐγὼ
3553 2248 3681 2319 βοῦν

2109 2348 2202 2399 ἐπὶ
2234 2326 2440 2417 φάτνης
2467 2343 2788 2415 δακρύοντα,
2815 2342 2907 2396 τοῦ
2940 2342 3204 2412 συννόμου
3239 2340 3389 2410 αὐτῷ
3424 2341 3518 2394 κα)⁵
3543 2343 3677 2410 ὀμο-

2108 2438 2273 2506 ζύγου
2321 2437 2764 2509 τελευτήσαντος.
2814 2435 2925 2488 Καὶ
2976 2434 3045 2487 τὰ
3095 2434 3257 2488 λοιπά
3308 2433 3419 2486 τῶν
3469 2433 3679 2501 ἀλόγων

2110 2529 2355 2600 σφοδρῶς
2397 2529 2498 2599 τῆς
2531 2527 2820 2598 συνηθείας
2865 2525 3012 2580 ἔστιν
3059 2526 3186 2578 ἰδεῖν
3217 2525 3569 2595 ἀντεχόμενα.
3603 2525 3679 2576 Σὺ

2105 2623 2162 2676 δὲ
2196 2623 2294 2691 οὐχ
2325 2619 2497 2683 οὕτως
2548 2618 2769 2690 ἔμαθες,
2816 2617 2935 2670 οὐδὲ
2989 2616 3290 2688 ἐδιδάχθης.
3340 2616 3475 2668 Ἀλλ’
3505 2616 3678 2686 ἀρχὴν

2108 2714 2209 2784 μὲν
2259 2711 2439 2778 φιλίας
2469 2710 2765 2779 λαμϐάνειν
2798 2711 2862 2763 ὲκ
2894 2710 3110 2781 μακρᾶς
3153 2708 3367 2778 ὁμιλίας
3410 2708 3503 2761 καὶ
3547 2724 3675 2778 χρο-

2105 2809 2220 2861 νίου
2276 2807 2431 2868 ἔθους
2478 2805 2628 2857 οὐδὲν
2679 2804 2939 2867 ἀπεικός·
2998 2800 3282 2874 ὀδύρεσθαι
3341 2801 3399 2852 δὲ
3447 2799 3537 2852 τὸν
3569 2818 3676 2869 χω-

2107 2897 2299 2973 ρισμὸν
2333 2897 2421 2951 διὰ
2458 2897 2558 2967 τὴν
2590 2897 2681 2947 ἐπὶ
2712 2895 2959 2948 πλεῖστον
2987 2897 3119 2965 ἡμῖν
3150 2893 3445 2965 γενομένην
3475 2892 3677 2964 διατρι-

2105 2991 2205 3063 ϐὴν
2241 2988 2515 3051 παντελῶς
2542 2988 2751 3054 ἄλογον.

2176 3250 2229 3305 5.
2257 3229 2403 3314 Oiov,
2432 3247 2568 3320 γυνὴ
2600 3243 2983 3316 συηνεκληρώθη
3012 3261 3093 3297 σοι
3117 3242 3256 3300 κατά
3271 3242 3367 3312 τὴν
3390 3239 3673 3294 κοινωνίαν

2100 3342 2193 3396 τοῦ
2226 3341 2364 3412 βίου,
2395 3342 2579 3393 πᾶσαν
2601 3339 2795 3409 ἡδονήν
2825 3352 2908 3389 σοι
2957 3336 3099 3388 κατά
3142 3334 3237 3386 τὸν
3280 3332 3396 3402 βίον
3433 3348 3672 3403 παρεχο-

2102 3435 2261 3506 μένη,
2293 3431 2556 3501 εὐθυμίας
2588 3427 2938 3500 δημιουργὸς,
2968 3425 3244 3497 θυμηδιῶν
3276 3423 3555 3497 πρόξενος,
3601 3424 3672 3476 τά

2098 3526 2309 3599 χρηστά
2360 3521 2698 3587 συναύξουσα
2749 3520 2884 3587 (65),
2932 3521 2988 3571 ὲν
3022 3522 3142 3581 ταῖς
3175 3515 3372 3579 λύπαις
3415 3516 3478 3569 τὸ
3522 3514 3672 3567 πλεῖς

2100 3637 2223 3674 στον
2267 3617 2433 3688 μέρος
2480 3614 2588 3667 τῶν
2633 3613 2876 3684 ἀνιαρῶν.
2904 3608 3285 3681 ἀφαιρουμένη
3356 3606 3496 3676 αὕτη
3527 3604 3671 3671 ἐξαί-

2097 3727 2236 3781 φνης
2264 3705 2676 3778 ἀναρπασθεῖσα
2703 3705 2927 3773 οἴχεται.
2956 3701 3049 3771 Μὴ
3075 3699 3342 3771 ἀγριάνῃς
3366 3697 3445 3768 τῷ
3476 3696 3637 3753 πάθει
3655 3713 3669 3722 “

2100 3802 2232 3874 μηδὲ
2265 3798 2569 3870 αὐτόματόν
2602 3812 2720 3849 τινα
2749 3796 2907 3865 εἴπῃς
2941 3789 3078 3847 εἶναι
3113 3791 3399 3860 συντυχίαν
3429 3788 3538 3843 τῶν
3585 3805 3672 3856 γι-

2095 3896 2358 3965 νομένων,
2387 3892 2461 3955 ὼς
2494 3889 2719 3961 μηδενὸς
2753 3886 3056 3958 προστάτου
3099 3884 3194 3937 τὸν
3229 3885 3433 3951 κόσμον
3461 3882 3667 3935 οἰκονο-

2096 3985 2354 4054 μοῦντος·
2391 3982 2527 4051 μηδὲ
2564 3978 2733 4032 κακόν
2766 3976 2876 4044 (66)
2904 3991 3024 4027 τινα
3069 3971 3399 4044 δημιουργὸν
3438 3970 3666 4043 ὑπόθης,

2093 4076 2158 4127 ὲκ
2190 4075 2288 4145 τῆς
2334 4072 2476 4127 κατά
2520 4072 2619 4141 τὴν
2657 4067 2835 4138 λύπην
2868 4065 3132 4137 ἀμετρίας
3178 4064 3392 4135 πονηρά
3423 4063 3667 4134 δόγματα

2094 4165 2477 4237 ὑποτιθέμενος
2511 4161 2722 4230 σεαυτῷ
2743 4177 2755 4191 ⁸
2790 4160 2924 4214 ἀλλὰ
2956 4158 3091 4231 μηδὲ
3122 4157 3362 4230 ὲκπέσῂς
3390 4156 3498 4210 τῶν
3525 4158 3667 4228 ὅρων

2090 4259 2190 4328 τῆς
2240 4255 2539 4318 εὐσεϐείας.
2590 4251 2806 4323 Ἐπειδὴ
2851 4251 2960 4323 γάρ
3004 4251 3143 4314 ὅλως
3189 4248 3440 4318 ἐγένεσθε
3479 4250 3528 4302 οἱ
3572 4248 3667 4301 δύο

2089 4351 2170 4412 είς
2207 4349 2386 4419 σάρκα
2421 4346 2567 4417 μίαν,
2598 4342 2764 4414 πολλὴ
2795 4340 3088 4414 συγγνώμη
3119 4340 3196 4412 τῷ
3218 4340 3317 4412 τὴν
3360 4340 3667 4413 διχοτομίαν

412 4434 643 4489 moleste
688 4432 882 4490 ferenti
917 4436 1096 4490 danda
1123 4448 1205 4493 est
1236 4441 1391 4495 venia
1419 4441 1623 4510 multa;
1675 4444 1769 4499 sed
1802 4452 1984 4500 tamen

2101 4439 2188 4510 καὶ
2216 4438 2314 4509 τὴν
2353 4438 2452 4507 τῆς
2506 4435 2801 4505 συναφείας
2850 4431 3116 4505 διαίρεσιν
3166 4431 3306 4503 μετὰ
3335 4431 3666 4503 ἀλγημάτων

410 4542 521 4581 non
552 4526 818 4597 profuerit
845 4528 944 4584 tibi
975 4545 1095 4584 eam
1130 4533 1200 4586 ob
1232 4548 1453 4588 causam
1495 4544 1593 4590 aut
1640 4537 1950 4608 excogitare
1972 4576 1989 4602 ,

409 4626 505 4671 aut
553 4619 701 4689 loqui
751 4619 1049 4690 quidquam
1099 4622 1359 4693 ineptum.
1393 4620 1530 4680 Nam
1561 4634 1738 4681 tecum
1769 4637 1989 4696 reputes

405 4708 591 4771 velim.
621 4708 769 4778 quod
797 4708 960 4770 Deus.
991 4711 1084 4781 qui
1130 4710 1384 4767 formavit
1436 4728 1538 4770 nos
1590 4724 1645 4771 et.
1679 4717 1985 4783 animavit,

408 4797 603 4853 anima:
631 4798 859 4854 cuilibet
898 4800 1156 4855 tribuerit
1190 4805 1465 4872 propriam
1513 4805 1807 4875 quamdam
1860 4809 1986 4864 vitae

406 4903 638 4953 moram,
671 4897 725 4945 et
756 4892 881 4952 aliis
936 4892 1074 4948 alios
1129 4896 1310 4957 exitus
1358 4895 1623 4953 terminos
1671 4898 1985 4978 praefixerit.

481 5042 528 5079 "
562 5045 761 5103 Genes.
798 5065 835 5103 ιι
858 5089 874 5113 ,
907 5049 979 5105 24
1007 5067 1022 5117 ;
1056 5049 1247 5115 Matth.
1281 5066 1410 5117 xxx,
1445 5050 1483 5107 5

342 5260 347 5265 η
402 5241 431 5276 -Α
631 5199 854 5273 Antiqui
890 5202 1003 5259 duo
1028 5204 1155 5261 libri
1193 5191 1248 5261 et
1279 5205 1411 5260 editi
1438 5208 1679 5275 γενναῖος
1721 5204 1977 5276 ἀθλητής.

402 5270 801 5357 “animi
825 5270 1461 5357 γεγναῖσὶς.ἀγωνισ·ςῄςο’
1614 5346 1637 5357 -
1732 5345 1744 5357 .

472 5342 588 5426 (64)
616 5339 851 5426 Veteres;
880 5345 989 5426 duo
1033 5339 1167 5401 libri
1201 5356 1256 5402 et
1285 5339 1417 5402 editi
1469 5345 1829 5417 καταθυμίου.
1873 5344 1981 5400 Alii

400 5414 649 5486 quinque
680 5414 1047 5486 κατᾳθυμίας.

471 5483 587 5554 (65)
618 5481 752 5562 888’
786 5481 997 5562 Ρνίιῄμδ
1019 5484 1306 5562 πρόξενος·
1341 5486 1449 5541 τῶν
1468 5486 1765 5562 χρημάτων
1794 5485 1982 5540 συναύ-

399 5550 588 5678 gaesa;
620 5555 679 5606 ὲν
702 5550 857 5620 ταῖς.
893 5554 1006 5611 Nec
1052 5550 1346 5612 ita‘multo
1387 5550 1520 5628 posi'
1550 5550 1793 5627 q'uinque
1839 5571 1972 5613 mss.

440 5639 687 5678 γοιανης.

514 5641 687 5680 ιανης.

418 5639 839 5770 Πὲἕῖᾞέιεηε
877 5703 1115 5770 quatuor
1137 5697 1266 5754 libri
1316 5696 1451 5770 μηδέ
1485 5698 1688 5753 κακῶν.
1738 5696 1882 5753 Edili
1923 5706 1977 5753 et

2092 4529 2367 4599 δεχομένῳ
2389 4543 2403 4557 ·
2438 4527 2500 4579 οὐ
2530 4525 2635 4597 μὴν
2671 4526 2859 4580 τούτου
2892 4541 2955 4593 γε
2981 4525 3166 4577 ἕνεκεν
3195 4524 3228 4594 ἢ
3256 4520 3583 4581 διανοεῖσθαί
3612 4537 3669 4579 τι

2094 4621 2202 4674 τῶν
2225 4621 2286 4675 οὐ
2321 4620 2705 4692 προσηκόντων
2737 4616 2873 4688 (67),
2900 4617 2934 4688 ἢ
2982 4615 3313 4686 φθέγγεσθαί
3346 4633 3427 4668 σοι
3454 4614 3668 4668 λυσιτε-

2091 4710 2201 4776 λές.
2252 4710 2535 4779 Ἐννόησον
2561 4709 2693 4781 γὰρ,
2718 4709 2800 4762 ὅτι
2843 4708 2873 4760 ὁ
2917 4705 3130 4770 πλάσας
3160 4707 3308 4777 ἡμᾶς
3359 4706 3454 4759 καὶ
3479 4701 3666 4778 ψυχῶ-

2092 4820 2191 4866 σας
2223 4802 2355 4866 Θεὸς
2390 4802 2525 4856 ίδίαν
2574 4801 2773 4855 ἔδωκεν
2819 4800 3024 4870 ἑκάστῃ
3068 4798 3213 4870 ψυχῇ
3263 4796 3361 4868 τὴν
3404 4796 3499 4850 τοῦ
3546 4795 3664 4875 βίου

2085 4897 2385 4970 διαγωγὴν,
2426 4897 2520 4963 καὶ
2561 4896 2742 4959 ἀλλοις
2790 4894 2983 4958 ἀλλους
3027 4894 3186 4966 ὅρους
3248 4889 3413 4961 ἔπηξε
3451 4886 3551 4963 τῆς
3578 4887 3666 4954 ἒξ-

2087 5218 2220 5279 mss.
2254 5203 2504 5258 nonnulli
2530 5204 2716 5259 κακόν,
2746 5202 2847 5260 llic
2870 5202 3196 5262 Manicbaaos
3222 5205 3542 5279 perstringit
3563 5206 3663 5262 Ba—

2088 5274 2265 5328 silius.

2159 5343 2272 5414 (67)
2301 5343 2456 5415 Regii
2486 5346 2699 5415 primus
2737 5356 2790 5400 et
2815 5344 3017 5401 tertius
3052 5351 3108 5399 et
3132 5345 3277 5401 alius
3301 5345 3470 5401 codex
3496 5345 3657 5403 Colb.

2082 5415 2273 5488 τούτου
2299 5415 2506 5488 Ϋένεκεν
2551 5415 2875 5471 διανοεῖσθαί
2914 5431 2986 5488 et
3014 5415 3124 5468 τῶν
3162 5416 3224 5488 οὐ
3256 5417 3660 5488 Δπροσηκόντων

2083 5485 2400 5557 ἀναγκαῖον,
2451 5500 2556 5538 non
2597 5488 2832 5557 conuenit
2859 5484 3147 5557 quidquam
3176 5484 3477 5541 indecorum
3502 5503 3659 5542 exco-

2084 5556 2275 5622 gitare,
2303 5570 2482 5625 neque.
2506 5562 2618 5610 etc.
2640 5555 2745 5610 Alii
2779 5555 2917 5611 mss.
2948 5563 3004 5609 et
3036 5557 3169 5611 editi
3200 5564 3259 5610 ut
3287 5557 3341 5611 in
3371 5563 3654 5613 contextu.

2084 5627 2383 5698 Aliquanto
2423 5634 2547 5698 post
2568 5633 2680 5680 tres
2705 5641 2839 5681 mss.
2872 5626 2972 5698 τὴν
3000 5625 3094 5679 τοῦ
3134 5625 3269 5697 βίου.
3303 5626 3506 5682 Vocula
3554 5627 3657 5698 τήν

2083 5696 2270 5752 aberat
2298 5711 2328 5750 a
2350 5696 2602 5766 vulgatis.
2927 5696 2935 5698 ἡ
3136 5696 3159 5709 θ’
