4052 6214
319 327 422 382 ειν
478 367 484 373 ι

1347 337 1632 393 ιξοιιξιιιλ
1675 340 1741 394 IN
1783 339 2176 398 MARTYREM
2211 341 2580 401 JL'LITTAM.

3499 341 3610 400 250

323 446 462 500 ἅδον.
495 445 600 499 Τδν
645 449 748 518 μὲν
778 450 892 522 γάρ
925 453 1016 506 ὲπὶ
1047 453 1226 507 πλεῖον
1257 461 1595 529 παραμεῖναι
1621 462 1686 532 τῇ
1715 477 1914 531 παρου-

2027 461 2239 517 Etenim
2276 470 2430 517 certo
2458 461 2698 532 quodam
2741 460 2973 515 consilio
3007 461 3179 516 voluit
3206 461 3371 516 alium
3403 461 3607 520 diutius

326 535 418 606 σία
441 536 540 605 τῆς
577 537 782 608 σαρκὸς
812 540 1165 612 ᾡκονόμησεθ
1202 545 1292 598 τὸν
1332 546 1388 599 δὲ
1418 547 1610 602 θᾶττον
1640 549 1914 618 ἀπολυθῆ-

327 647 414 682 ναι.
440 629 549 682 τῶν
582 631 802 701 δεσμῶν
835 634 930 686 τοῦ
985 635 1236 707 σώματος
1281 639 1584 706 διετάξατο,
1614 641 1758 694 κατὰ
1788 643 1917 705 τοὺς

328 723 597 793 ἀρρήτους
643 725 746 794 τῆς
799 726 993 792 σοφίας
1050 730 1242 783 ἑαυτοῦ
1294 731 1388 784 καὶ
1433 733 1530 802 τῆς
1568 732 1918 803 δικαιοσύνης

327 815 537 883 λογους.
573 818 788 888 Ὠσπερ
812 816 908 873 οὖν
947 823 994 873 οἱ
1023 826 1143 886 ταῖς
1182 825 1425 894 εἱρκταῖς
1451 826 1837 895 ἐμπίπτοντες,
1865 826 1915 877 οἱ

333 909 432 980 μὲν
478 910 571 962 ἐπὶ
616 911 840 965 πλείονα
876 916 1066 984 χρόνον
1109 920 1174 987 τῇ
1224 917 1467 970 κακώσει
1501 918 1609 970 τῶν
1636 918 1918 988 δεσμωτη-

335 1001 462 1072 ρίων
492 1003 956 1063 ὲναποκλείονται.
985 1009 1034 1059 οἱ
1062 1007 1117 1060 δὲ
1143 1010 1446 1080 ταχυτέραν
1471 1011 1785 1082 εὑρίσκουσι
1817 1010 1916 1081 τῆς

328 1094 703 1160 ’κακοπαθείας
735 1097 1053 1168 ἀπαλλαγήν
1079 1116 1091 1128 ·
1127 1098 1268 1154 οὕτω
1299 1103 1392 1154 καὶ
1421 1104 1476 1153 αἱ
1513 1103 1703 1172 ψυχαὶ,
1729 1103 1785 1154 αἱ
1817 1103 1916 1171 μὲν

330 1186 424 1237 ἐπὶ
453 1186 590 1240 πολῦ
633 1189 1101 1260 προσκατέχονται
1144 1193 1208 1262 τῇ
1251 1191 1363 1263 ζωῇ
1411 1194 1604 1266 ταύτῃ,
1649 1197 1703 1247 αἱ
1737 1195 1794 1246 δὲ
1829 1194 1915 1246 ἐπ’

330 1276 570 1340 ἔλαττον,
621 1280 762 1332 κατά
812 1282 914 1353 τὴν
969 1283 1256 1352 ἀναλογίαν
1303 1286 1404 1356 τῆς
1458 1287 1614 1351 ἀξίας
1658 1289 1914 1351 ἑκάστου,

329 1369 513 1437 σοφῶς
562 1372 658 1424 καὶ
716 1371 946 1442 βαθέως,
985 1376 1082 1428 καὶ
1129 1376 1203 1439 ὡς
1252 1379 1351 1430 οὐκ
1398 1379 1464 1432 ἂν
1512 1381 1750 1447 ἐφίκοιτο
1791 1381 1917 1444 νοῦς

329 1463 656 1535 ἀνθρώπων,
707 1468 774 1522 τά
822 1471 951 1542 περὶ
1006 1471 1235 1525 ἕκαστον
1276 1473 1435 1544 ἡμῶν
1488 1475 1581 1528 τοῦ
1631 1476 1916 1538 κτίσαντος

327 1559 480 1627 ἡμᾶς
519 1559 986 1632 προδλεπομένου.
1015 1564 1130 1618 Οὐκ
1162 1566 1381 1631 ἀκούεις
1410 1567 1661 1635 λέγοντος
1690 1569 1782 1622 τοῦ
1813 1571 1916 1621 Δα-

328 1650 434 1711 ϐὶδ,
486 1653 767 1724 Ἐξάγατοε
793 1659 861 1710 ὲκ
900 1659 1184 1727 φυλακῆς
1217 1659 1330 1728 τὴν
1367 1660 1582 1730 ψυχήν
1607 1680 1726 1731 μου
1764 1662 1912 1732 (68);

328 1741 444 1793 Οὔκ
481 1744 718 1812 ἤκουσας
750 1746 1002 1817 περὶτοῦ
1049 1750 1223 1816 ἁγίου,
1265 1752 1346 1802 ὅτι
1388 1751 1630 1823 ἀπελύθη
1666 1752 1829 1805 αὐτοῦ
1877 1755 1910 1820 ἡ

325 1833 513 1904 ψυχης
559 1836 625 1888 Τί
667 1837 724 1888 δὲ
773 1839 1018 1908 Συμεὼν,
1048 1842 1135 1893 ὅτε
1170 1841 1554 1909 ὲνεγκαλίσατο
1587 1843 1677 1895 τὸν
1711 1843 1914 1914 Κύριον

323 1926 522 1995 ﬁgam;
571 1929 730 1980 ποίαν
779 1930 964 1998 φωνὴν
1021 1931 1262 2001 ἀφῆκεν;
1308 1933 1421 2001 Ούχ
1480 1932 1560 1984 ὃτι
1595 1931 1724 1985 Νῦν
1767 1934 1915 1987 ἀπο-

324 2016 498 2082 λύεις
527 2017 637 2070 τὸν
669 2019 898 2073 δοῦλόν
923 2034 1060 2084 σου,
1095 2021 1396 2082 Δέσποτας
1426 2023 1516 2093 Τῷ
1554 2022 1663 2094 γὰρ
1692 2024 1910 2092 ὲπειγου

330 2107 484 2179 μένῳ
516 2109 654 2180 πρὸς
683 2109 781 2181 τὴν
823 2112 936 2166 ἄνω
974 2113 1250 2184 διαγωγὴν
1295 2113 1568 2185 βαρυτέρα
1613 2115 1792 2186 πάσης
1826 2133 1916 2168 κο-

324 2197 538 2262 λάσεως
565 2201 661 2254 καὶ
703 2200 1078 2274 δεσμωτηρίου
1123 2205 1324 2267 παντὸς
1353 2207 1386 2276 ἡ
1422 2205 1559 2275 μετὰ
1589 2205 1682 2258 τοῦ
1729 2205 1915 2275 σῶμα·

324 2293 418 2356 τός
454 2295 575 2347 ἐστι
614 2295 884 2366 διατριϐή.
932 2297 1024 2368 Μὴ
1067 2297 1246 2350 τοίνυν
1272 2300 1336 2367 τῇ
1384 2297 1581 2350 ἑαυτοῦ
1615 2297 1914 2350 ἀπολαύσει

326 2385 580 2456 ἐπιζήτει
606 2387 704 2450 τὰς
735 2389 867 2459 περὶ
893 2387 1002 2441 τῶν
1033 2389 1220 2459 ψυχῶν
1263 2389 1536 2454 διατάξεις
1568 2389 1911 2443 ἀκολουθεῖν·

324 2479 468 2533 ἀλλὰ
494 2479 710 2549 λογίζου
747 2482 875 2553 περί
916 2481 1026 2534 τῶν
1057 2482 1432 2550 συναφθέντων
1466 2483 1606 2536 κατά
1637 2481 1730 2535 τὸν
1777 2483 1913 2553 βίον,

325 2566 451 2624 εἶτα
501 2572 716 2642 θανάτῳ
765 2574 1158 2644 διισταμένων,
1204 2576 1286 2628 ὅτι
1342 2578 1716 2648 παραπλήσιοί
1780 2579 1918 2630 εἰσιν

325 2662 632 2734 δδοιπὸφις
685 2664 814 2734 μίαν
867 2665 986 2718 ὁδὸν
1050 2667 1471 2736 πορευομένοις,
1524 2669 1619 2721 καὶ
1671 2667 1760 2720 διὰ
1816 2669 1917 2738 τὴν

325 2756 534 2826 συνεχῆ
587 2759 703 2826 μετ’
748 2757 996 2828 ἀλλήλων
1045 2758 1326 2830 διατριϐὴν
1363 2759 1642 2812 ὲνωθεῖσιν
1683 2760 1789 2812 ὑπὸ
1819 2763 1917 2830 τῆς

325 2848 640 2920 συνηθείας.
696 2849 759 2904 Οἳ
813 2851 1032 2904 ἐπειδὰν
1084 2851 1183 2920 τὴν
1231 2851 1417 2922 κοινὴν
1452 2851 1570 2903 ὁδὸν
1620 2851 1917 2916 διεξελθόν-

321 2960 418 3005 τες
458 2941 570 3012 (69)
606 2943 978 3007 καταλάϐωσι,
1003 2944 1186 2997 λοιπὸν
1219 2944 1547 3015 σχιζομένην
1581 2945 1772 3014 αὐτὴν,
1817 2947 1915 3015 τῆς

323 3036 520 3105 χρείας
563 3037 662 3107 ἤδη
706 3037 1020 3106 ἀναγκαίως
1071 3037 1399 3108 μεριζούσης
1431 3038 1713 3108 ἑκάτερον.
1751 3039 1807 3090 ού
1847 3041 1913 3109 τῇ

2019 555 2073 608 in
2106 569 2272 608 carne
2303 569 2655 623 permanere;
2699 554 2892 609 statuit
2926 569 3056 610 vero
3079 555 3264 620 alium,
3289 556 3446 612 ocius
3477 559 3606 611 vin-

2019 646 2159 700 culis
2191 645 2442 715 corporis
2470 646 2676 699 exsolvi
2705 685 2719 706 ,
2769 645 2926 714 juxta
2970 645 3272 701 incﬂ‘abiles
3325 649 3608 720 sapientiae

2020 747 2184 810 atque
2212 739 2441 807 justitia:
2475 753 2588 792 sum
2629 739 2892 793 rationes.
2944 737 3412 805 Quemadmodum
3442 741 3609 810 igitur

2019 847 2085 884 ex
2129 830 2196 884 iis
2226 829 2319 898 qui
2353 830 2406 882 in
2433 843 2714 884 carcerem
2741 829 3133 900 conjiciuntur,
3165 831 3256 885 alii
3279 832 3488 886 diutius
3519 834 3610 885 do-

2020 921 2268 974 tinentur
2295 922 2348 974 in
2385 923 2731 976 vinculorum
2773 924 3134 988 cruciatibus,
3175 924 3268 978 alii
3302 925 3371 980 ab
3401 941 3464 980 ea
3511 942 3605 980 ca-

2022 1011 2265 1065 lamitate
2301 1012 2603 1066 liberantur
2626 1013 2792 1067 citius
2820 1032 2832 1067 ι
2864 1015 2945 1069 sic
2969 1022 3024 1068 et
3067 1015 3281 1076 animae,
3313 1017 3435 1070 aliae
3482 1017 3606 1087 qui-

2020 1103 2142 1157 dem
2165 1104 2390 1166 diutius.
2419 1106 2538 1160 aliaa
2569 1121 2696 1158 vero
2728 1108 2911 1162 minus
2961 1105 3015 1160 in
3063 1107 3166 1161 hac
3197 1108 3309 1161 vita
3356 1107 3608 1165 detinen-

2021 1205 2132 1256 tur,
2163 1209 2262 1262 pro
2284 1197 2557 1264 cujusque
2582 1196 2779 1249 merito
2809 1211 2872 1251 ac
2904 1197 3195 1267 dignitate,
3231 1197 3362 1262 Deo,
3387 1200 3481 1269 qui
3503 1217 3605 1254 nos

2020 1285 2289 1350 condidit,
2322 1287 2487 1342 rebus
2520 1287 2791 1357 cujusque
2836 1297 3082 1343 nostrum
3115 1291 3490 1360 prospiciente
3516 1308 3606 1346 sa-

2021 1377 2255 1447 pienter,
2281 1387 2333 1432 et
2357 1377 2484 1441 alte,
2519 1379 2730 1448 sicque,
2766 1385 2824 1431 ut
2849 1395 3003 1434 mens
3032 1378 3315 1434 hominum
3335 1383 3606 1452 attingere

2021 1486 2128 1523 non
2158 1472 2352 1540 possit.
2388 1468 2507 1524 Non
2531 1471 2690 1523 audis
2731 1469 2987 1524 Davidcm
3014 1471 3284 1526 dicentem
3317 1491 3328 1526 :
3366 1472 3513 1526 Educ
3543 1474 3611 1528 de

2021 1562 2265 1615 custodia
2295 1563 2529 1615 animam
2559 1578 2728 1616 uisam
2760 1563 2843 1615 "‘P
2864 1561 2982 1615 Non
3007 1563 3265 1618 audivisti
3299 1564 3365 1619 de
3387 1575 3604 1624 Sancto.

2022 1654 2261 1708 animam
2303 1655 2478 1724 ipsius
2515 1654 2820 1709 exsolutam
2876 1654 3046 1710 fuisse
3102 1663 3156 1710 et
3204 1655 3488 1712 dimissam
3523 1658 3614 1714 “1’

2023 1745 2162 1812 Quid
2198 1762 2326 1799 vero
2353 1745 2597 1808 Simeon,
2616 1762 2740 1800 cum
2764 1746 3053 1800 Dominum
3080 1756 3331 1802 nostrum
3359 1749 3413 1803 in
3446 1750 3608 1807 ulnas

2018 1838 2257 1907 recepit?
2293 1853 2456 1907 quam
2502 1854 2691 1892 vocem
2721 1837 2944 1892 emisit?
2993 1854 3174 1893 nonne
3204 1838 3344 1894 hanc
3372 1879 3387 1903 ,
3448 1838 3609 1895 Nunc

2016 1929 2240 1982 dimittis
2268 1945 2473 1984 servum
2503 1939 2674 1992 litum,
2705 1928 2924 1982 Domine
2947 1929 3031 1970 ‘W
3056 1928 3189 1983 Nam
3225 1930 3280 1985 in
3310 1946 3477 1987 carne
3505 1933 3608 1985 im-

2015 2021 2260 2083 morari,
2307 2022 2527 2092 gravius
2594 2021 2853 2092 quiddam
2908 2029 2994 2075 cst
3048 2037 3212 2092 quam
3266 2024 3606 2094 supplicium

2016 2126 2200 2175 omne,
2231 2121 2285 2166 et
2325 2113 2508 2181 quivis
2538 2127 2768 2177 career,
2821 2112 2872 2168 ei
2924 2129 3018 2182 qut
3081 2114 3149 2168 ad
3201 2131 3455 2185 supernae
3483 2117 3611 2171 vitm

2017 2204 2213 2274 gaudia
2261 2203 2504 2261 festinat.
2548 2203 2917 2271 Quamobrem
2967 2221 3036 2260 ne
3068 2207 3369 2277 exquirito,
3396 2215 3456 2262 ut
3486 2209 3612 2265 latae

2017 2295 2085 2348 de
2107 2295 2396 2351 animabus
2432 2297 2580 2366 leges
2609 2306 2703 2351 tuo
2735 2312 2794 2352 se
2826 2299 2948 2352 usui
2983 2299 3406 2356 accommodent
3442 2311 3495 2356 et
3524 2303 3610 2356 iu-

2019 2389 2298 2454 serviant;
2342 2389 2436 2444 sed
2465 2391 2559 2459 qui
2605 2390 2662 2443 in
2694 2391 2797 2444 hac
2849 2391 2960 2445 vita
3007 2391 3293 2460 conjuncti
3325 2401 3487 2458 sunt,
3543 2410 3611 2450 ac

2017 2478 2216 2534 deinde
2246 2491 2421 2535 morte
2451 2497 2479 2534 a
2510 2497 2570 2536 se
2617 2482 2850 2538 invicem
2883 2483 3359 2544 divelluntur,eos
3389 2487 3610 2542 viatori-

2017 2569 2121 2622 bus
2150 2570 2235 2623 via
2271 2587 2377 2624 una
2404 2572 2669 2626 eteadem
2702 2573 3106 2636 incedentibus,
3137 2583 3190 2629 et
3220 2585 3444 2645 propter
3472 2592 3608 2632 con-

2018 2661 2226 2715 tinuam
2259 2663 2400 2716 inter
2435 2678 2494 2717 se
2524 2662 3026 2718 confabulationem
3075 2666 3486 2720 necessitudine
3525 2676 3610 2720 at-

2017 2770 2124 2822 que
2156 2755 2555 2810 consuetudine
2596 2755 2865 2810 devinctis
2915 2757 3188 2811 assimiles
3229 2773 3353 2811 esse
3405 2758 3606 2828 cogita.

2019 2844 2082 2898 li
2119 2853 2241 2916 post
2270 2862 2551 2901 emensum
2584 2846 2690 2901 iter
2735 2863 3049 2911 commune,
3099 2849 3190 2902 ubi
3224 2857 3430 2904 sectam
3464 2851 3608 2904 viam

2018 2940 2344 3009 repererint.
2377 2941 2708 2995 necessitate
2751 2941 2863 3010 jam
2897 2951 3126 3011 cogente
3162 2943 3299 2996 alter
3321 2942 3390 2995 ab
3433 2942 3608 2997 altero

2019 3031 2276 3100 separati,
2309 3046 2416 3084 non
2453 3033 2686 3101 amplius
2723 3032 2776 3085 in
2815 3033 3214 3088 consuetudine
3245 3048 3608 3103 persevcran-

325 3125 593 3197 συνηθείᾳ
638 3127 1135 3199 προσκαθεζόμενοι
1169 3128 1428 3198 ἀμελοῦσι
1475 3129 1582 3181 τῶν
1616 3130 1914 3200 προκειμέ-

2021 3135 2101 3178 tes
2123 3124 2406 3193 negligunt
2475 3125 2620 3194 quod
2652 3126 2754 3179 sibi
2784 3136 3219 3196 proposuerant;
3255 3127 3348 3181 sed
3382 3142 3606 3181 causam

325 3237 461 3280 νων,
506 3218 642 3272 ἀλλά
674 3222 772 3290 τῆς
817 3218 877 3284 ἐξ
922 3221 1096 3291 ἀρχῆς
1143 3222 1442 3292 κινησάσης
1493 3223 1692 3285 αὐτοὺς
1738 3223 1916 3284 αἰτίας

328 3311 806 3382 ὑπομνησθέντες,
857 3311 995 3381 πρὸς
1050 3313 1110 3364 τὺ
1159 3314 1356 3364 οἰκεῖον
1395 3312 1625 3374 ἕκαστος
1681 3311 1916 3376 ἀποτρέ-

325 3419 486 3474 χυυσι
515 3401 710 3474 πέρας.
752 3403 843 3465 Ὠς
867 3399 960 3456 οὖν
989 3402 1219 3466 ἐκείνοις
1243 3403 1403 3466 ἄλλος
1436 3403 1534 3472 μὲν
1567 3398 1636 3474 ἦν
1663 3403 1691 3454 ὁ
1717 3401 1918 3465 σκοπὸς

322 3496 430 3565 τῆς
456 3494 600 3554 ὀδοῦ,
633 3495 834 3566 συνέϐη
886 3495 944 3548 δὲ
997 3496 1178 3558 αὐτοῖς
1212 3497 1246 3566 ἡ
1290 3495 1430 3548 κατὰ
1477 3495 1576 3566 τὴν
1605 3494 1916 3564 ὁδοιπορίαν

326 3586 393 3635 ὲκ
422 3583 523 3652 τῆς
555 3583 846 3655 συνηθείας
883 3585 1158 3647 οἰκείωσις
1181 3603 1194 3614 ·
1228 3583 1371 3638 οὕτω
1400 3585 1494 3637 καὶ
1521 3588 1634 3646 τοῖς
1661 3587 1718 3637 ὲν
1753 3585 1918 3654 γάμῳ

322 3676 357 3746 ἦ
401 3676 540 3749 ἄλλῃ
583 3677 692 3730 τινὶ
725 3677 986 3748 κοινωνίᾳ
1031 3677 1144 3747 βίου
1176 3676 1542 3748 συνημμένοις
1577 3677 1707 3730 ίδιον
1753 3676 1916 3748 προέ-

323 3785 479 3821 κειτο
513 3767 626 3834 (70)
661 3767 906 3838 δηλονότι
952 3771 1049 3840 τῆς
1078 3769 1225 3839 ζωῆς
1266 3769 1326 3821 τὸ
1369 3769 1576 3839 πέρας·
1618 3769 1918 3839 συναφθέν-

320 3877 427 3924 τας
458 3859 513 3914 δὲ
548 3860 801 3930 ἀλλήλοις
831 3863 1143 3928 ἀναγκαίως
1169 3862 1230 3914 τὸ
1258 3861 1785 3932 προδιατεταγμένον
1819 3862 1917 3933 τῆς

318 3955 474 4025 ζωῆς
501 3953 658 4017 τέλος
694 3953 924 4027 ἐχώρισε
958 3956 1050 4008 καὶ
1078 3955 1343 4009 διέλυσεν.

395 4132 453 4187 6.
489 4130 852 4203 Εύγνὼμονος
902 4127 995 4185 οὖν
1037 4131 1275 4195 διανοίας
1300 4134 1399 4185 ούκ
1429 4133 1522 4186 ἐπὶ
1547 4133 1622 4204 τῷ
1652 4133 1918 4204 χωρισμῷ

318 4225 610 4299 δυσφόρως
641 4225 807 4295 ἔχειν,
835 4223 948 4277 ἀλλ’
976 4226 1069 4278 ἐπὶ
1115 4227 1179 4296 τῇ
1225 4224 1284 4289 ἐξ
1316 4225 1493 4294 ἀρχῆς
1526 4226 1791 4296 συναῳείᾳ
1822 4225 1921 4294 χά-

321 4336 416 4390 ριν
447 4318 595 4389 ἔχειν
623 4317 701 4388 τῷ
734 4316 1205 4387 συγκληρῶσαντι.
1255 4317 1326 4370 Σὺ
1361 4317 1417 4369 δὲ
1456 4318 1550 4369 καὶ
1593 4319 1681 4370 ὅτε
1723 4317 1918 4389 περιῆν

321 4429 410 4464 σοι
442 4411 507 4463 τδ
541 4411 764 4478 γύναιον
784 4449 798 4471 ,
829 4410 863 4480 ἢ
892 4412 920 4462 ὀ
953 4409 1134 4478 φίλοξ,
1164 4411 1196 4477 ἢ
1243 4409 1305 4462 τὸ
1349 4409 1559 4462 παιδίον
1581 4449 1594 4464 .
1624 4408 1656 4478 ἦ
1689 4409 1718 4462 ὅ
1744 4427 1797 4461 τι
1824 4405 1918 4461 οὖν

2020 3230 2140 3284 qua:
2161 3231 2218 3268 se
2247 3215 2404 3267 initio
2427 3216 2712 3284 compulit,
2742 3216 2794 3269 in
2824 3219 3141 3271 memoriam
3166 3225 3512 3276 revocantes.
3537 3217 3606 3272 ad

2021 3321 2176 3360 suam
2210 3304 2446 3373 quisque
2479 3314 2676 3360 metam
2707 3308 3067 3361 contendunt.
3131 3307 3603 3370 Quemadmodum

2021 3399 2187 3467 igitur
2218 3397 2303 3452 his
2337 3397 2477 3452 alius
2507 3407 2626 3451 erat
2658 3401 2758 3453 viae
2801 3416 3024 3471 scopus,
3061 3401 3374 3457 intercessit
3425 3409 3605 3455 autem

2019 3506 2086 3544 ex
2119 3489 2512 3544 consuetudine
2550 3490 2692 3544 inter
2726 3491 2892 3560 ipsos,
2921 3508 3043 3546 cum
3079 3493 3180 3545 iter
3209 3491 3472 3554 facerent,
3505 3509 3605 3546 ne-

2019 3582 2300 3637 cessitudo
2322 3581 2568 3652 qumdam
2595 3597 2657 3635 ac
2686 3581 3029 3639 familiaritas
3061 3603 3071 3636 :
3104 3585 3181 3637 sic
3211 3585 3374 3638 etiam
3413 3584 3480 3638 iis
3512 3586 3605 3654 qui

2021 3675 2230 3744 nuptiis
2274 3682 2368 3727 aut
2407 3673 2510 3726 alia
2544 3673 2800 3742 quapiam
2856 3675 2978 3728 vita:
3033 3676 3292 3728 societate
3323 3674 3604 3743 conjuncti

2021 3774 2172 3828 sunt,
2211 3765 2312 3820 fuit
2346 3765 2537 3835 procul
2591 3766 2761 3819 dubio
2820 3769 3161 3835 praestitutus
3201 3767 3459 3837 propriLs
3486 3770 3608 3838 qui-

2021 3859 2146 3913 dam
2173 3859 2297 3913 vita:
2344 3858 2649 3920 terminus;
2683 3858 2777 3912 sed
2805 3869 2982 3913 tamen
3012 3859 3160 3929 ipsos
3200 3859 3342 3914 inter
3391 3875 3449 3916 sc
3480 3875 3608 3914 cou.

2015 3951 2242 4020 junetos
2271 3949 2645 4020 prmdelinitus
2683 3951 2806 4004 vita:
2839 3950 2962 4007 finis
2990 3952 3307 4006 necessario
3334 3955 3610 4022 separavit

2023 4059 2086 4098 ac
2111 4044 2374 4113 sejunxit.

2094 4137 2147 4190 6.
2182 4137 2366 4207 Itaque
2399 4139 2535 4208 grati
2574 4138 2742 4192 animi
2794 4136 2957 4190 fuerit
3005 4152 3113 4191 non
3149 4152 3290 4205 :rgre
3329 4137 3472 4192 ferre
3524 4155 3612 4193 se-

2022 4229 2401 4299 parationem:
2437 4230 2533 4285 sed
2586 4231 2637 4285 ei
2695 4229 2789 4300 qui
2839 4229 3070 4298 hujusce
3112 4229 3376 4283 consortii
3420 4239 3613 4283 auctor

2027 4323 2224 4387 fuerat,
2255 4325 2484 4392 gratiam
2521 4324 2591 4378 ob
2625 4325 2855 4394 primam
2885 4322 3332 4390 conjunctionem
3384 4321 3606 4374 habere.

2024 4415 2104 4468 'l‘u
2129 4422 2318 4468 contra
2341 4455 2355 4478 ,
2392 4431 2460 4468 ne
2493 4430 2665 4470 uxore
2690 4412 2908 4484 quidem
2934 4413 3252 4482 superstite.
3286 4418 3378 4465 aut
3411 4413 3607 4467 amico.

320 4498 404 4558 ὦν
431 4503 602 4577 ὀδύρῃ
629 4501 747 4564 νῦν,
793 4502 917 4572 οὐχὶ
963 4501 1124 4571 χάριν
1166 4496 1310 4571 εἶχες
1355 4501 1466 4553 τῶν
1515 4500 1797 4571 παρόντων
1842 4500 1914 4571 τῷ

2025 4511 2117 4559 aut
2163 4505 2292 4570 ﬁlio,
2320 4517 2413 4560 aut
2463 4508 2571 4562 alio
2601 4506 2798 4577 quovis
2832 4507 2900 4560 de
2935 4520 3043 4575 quo
3078 4521 3227 4560 nunc
3268 4504 3380 4574 39
3419 4505 3571 4558 doles
3593 4544 3613 4567 ,

317 4595 618 4656 δεδωκότι,
667 4593 780 4646 ἀλλ’
838 4593 1115 4654 ἐνεκάλεις
1165 4593 1307 4664 ὑπὲρ
1353 4592 1463 4645 τῶν
1506 4591 1914 4661 ἐλλειφθέντων.

319 4691 390 4744 Εἰ
421 4688 524 4759 μὲν
557 4686 779 4755 γυναικὶ
818 4685 956 4758 μόνῃ
985 4684 1268 4755 συνῴκεις,
1302 4685 1382 4738 ὅτι
1439 4685 1512 4755 μὴ
1558 4684 1744 4746 παῖδες
1777 4679 1917 4754 ἦσαν

322 4783 474 4846 οἴους
507 4780 765 4834 ἐϐούλου·
800 4781 848 4832 εί
897 4779 954 4832 δὲ
1004 4778 1098 4832 καὶ
1145 4777 1333 4841 παῖδες
1381 4779 1655 4848 παρῆσαν,
1702 4777 1784 4830 ὅτι
1842 4775 1917 4847 μὴ

323 4873 777 4947 ὑπερεπλούτεις,
809 4874 843 4944 ἢ
881 4872 975 4925 καὶ
1001 4873 1084 4924 ὅτι
1125 4870 1233 4924 τῶν
1279 4870 1488 4941 ἐχθρῶν
1519 4887 1672 4932 τινας
1717 4870 1918 4940 εὐημε-

326 4967 562 5040 ροῦντας
590 4965 791 5037 ἑώρας.
829 4965 972 5035 Ὅρα
1008 4963 1188 5016 τοίνυν
1232 4965 1304 5034 μή
1342 4979 1473 5015 ποτε
1518 4961 1670 5014 αὐτοὶ
1703 4961 1916 5025 ἑαυτοῖς

323 5058 634 5127 ἀναγκαίας
673 5057 782 5110 τῶν
811 5055 1082 5125 φιλτάτων
1114 5054 1212 5118 τὰς
1256 5056 1542 5127 στερήσεις
1577 5055 1917 5108 κατασκευά-

398 5218 443 5249 ⁸³
483 5216 629 5272 Psal.
663 5230 824 5281 cxu,
864 5215 917 5270 8.
996 5214 1043 5245 “
1077 5211 1212 5268 Tob.
1251 5229 1347 5278 ιιι,
1381 5213 1448 5275 6,
1489 5214 1575 5267 l3.

399 5374 512 5444 (68)
539 5373 679 5428 Editi
695 5372 876 5443 ψυχήν
899 5387 1022 5444 μου,
1039 5369 1144 5422 τῶν
1162 5367 1400 5444 ἀνιαρῶν
1423 5384 1606 5435 φησιν.
1630 5365 1909 5444 Sedillud,

328 5437 438 5498 τῶν
474 5437 720 5514 ἀνιαρῶν
744 5437 932 5514 φησιν,
970 5443 1023 5494 in
1066 5441 1272 5514 nostris
1296 5437 1506 5514 'novem
1547 5455 1695 5514 mss._
1713 5437 1908 5492 deest:

331 5530 432 5588 nec
450 5509 670 5588 dubium
695 5509 832 5588 quin
857 5513 1056 5588 abesse
1076 5511 1292 5588 debeat.
1312 5509 1590 5588 Ngmipem
1609 5509 1753 5588 enim
1781 5515 1910 5577 puto

332 5586 408 5655 ita
433 5579 875 5655 mutirefquin
915 5581 1101 5655 videat
1138 5580 1291 5655 illud.
1319 5580 1427 5655 τῶν
1459 5579 1698 5655 ἀνιαρῶν
1723 5595 1906 5655 φησιν,

334 5649 771 5713 declarationem
809 5668 937 5708 esse
982 5651 1136 5704 vocis
1180 5650 1458 5718 φυλακῆςς
1491 5649 1571 5701 sic
1623 5655 1680 5699 ut
1730 5649 1906 5703 solum

336 5741 549 5782 monere
575 5725 811 5780 voluerit
865 5723 1148 5782 librarius.
1183 5735 1316 5774 voce
1348 5719 1593 5786 φυλακῆς
1639 5719 1742 5773 hoc
1786 5719 1908 5772 loco

337 5810 680 5869 quascunque
710 5811 801 5852 res
827 5794 1088 5849 adversas
1125 5791 1442 5864 signiﬁcari.
1480 5789 1576 5843 Hae
1601 5797 1780 5844 autem
1811 5806 1906 5845 vo-

2023 4605 2206 4668 gratcs
2242 4599 2384 4655 ullas
2414 4599 2757 4670 rependebas
2798 4599 3069 4653 bonorum
3100 4598 3455 4664 prmsentium
3498 4598 3612 4650 lar-

2026 4691 2188 4760 gitori
2220 4712 2232 4745 :
2267 4692 2377 4747 imo
2421 4693 2489 4747 de
2539 4692 2858 4747 absentibus
2885 4691 3332 4761 conquerebaris.
3373 4688 3441 4743 Et
3488 4693 3612 4761 qui-

2025 4783 2145 4837 dem
2179 4785 2223 4838 si
2258 4784 2544 4840 habitabas
2570 4801 2694 4840 cum
2719 4786 2834 4841 sola
2868 4801 3039 4840 uxore
3064 4825 3078 4847 ,
3133 4785 3433 4854 querebare
3461 4784 3608 4854 quod

2028 4870 2147 4933 filii,
2179 4872 2369 4942 quales
2395 4873 2795 4937 desiderasses,
2817 4873 2917 4927 tibi
2943 4890 3051 4928 non
3081 4883 3296 4939 essent;
3321 4875 3609 4928 sinautem

2024 4961 2265 5018 habebas
2301 4963 2460 5027 filios,
2489 4966 2713 5022 dolebas
2744 4967 2888 5036 quod
2924 4983 3033 5020 non
3087 4967 3334 5022 alllueres
3366 4967 3606 5030 divitiis,

2023 5063 2117 5110 aut
2148 5057 2312 5111 etiam
2336 5058 2482 5128 quod
2515 5059 2769 5115 inimicos
2793 5060 3061 5131 quosdam
3109 5059 3352 5115 secunda
3388 5059 3608 5116 fortuna

1655 5213 1698 5242 ⁸⁸
1740 5210 1873 5266 Luc.
1917 5228 1984 5275 ιι,
2022 5212 2111 5267 29.

2022 5385 2134 5430 res,
2164 5378 2223 5424 ut
2265 5371 2398 5426 alias
2434 5389 2597 5444 szepe,
2631 5391 2693 5427 ex
2728 5389 2821 5428 ora
2861 5374 2984 5428 libri
3019 5374 3072 5428 in
3117 5381 3432 5429 contextum
3469 5376 3607 5430 irre-

2019 5451 2264 5510 pserunt.

2091 5511 2201 5580 (69)
2239 5511 2394 5566 Unus
2421 5512 2611 5582 codex
2649 5513 2814 5568 'Colb.
2865 5514 3266 5582 ὑπεξελθόντες.
3317 5513 3440 5570 Mox
3494 5515 3604 5571 duo

2018 5597 2152 5636 mss.
2189 5581 2538 5636 καταλάϐωσι
2570 5585 2626 5636 δὲ
2653 5584 2854 5638 λοιπόν.

2088 5652 2202 5718 ι’ἵθ)
2236 5653 2368 5722 Reg.
2397 5654 2673 5707 secundus
2715 5658 3057 5713 ποοσέιειτο.
3095 5657 3288 5714 Statim
3319 5674 3462 5714 unus
3493 5672 3597 5713 mo.

2019 5720 2128 5792 ζωῆ
2136 5740 2161 5787 ς
2194 5725 2254 5775 πέ
2265 5720 2363 5794 ρας
2391 5722 2638 5796 ἐχώρισε.

2760 5799 2783 5818 δ(
