4052 6214
373 283 475 343 231

1687 271 1746 328 S.
1789 271 2036 328 BASlLll
2079 267 2295 325 MACNI

3533 269 3640 325 232

374 402 593 452 utentes
617 393 848 451 videres.
881 392 1024 451 Cave
1057 391 1221 464 igitur
1250 406 1318 447 ne
1346 389 1482 447 forte
1505 389 1957 445 charissimorum

2064 388 2265 459 ξωμεν,
2300 386 2583 458 παρόντων
2634 386 2733 457 μὲν
2772 386 2871 440 οὐκ
2903 385 3302 458 αἰσθανόμενοι,
3352 387 3647 457 παρελθόν·-

371 485 737 560 pivationem
787 483 948 538 nobis
1008 483 1143 552 ipsis
1197 482 1492 539 reddamus
1550 480 1957 544 necessariam,

374 594 499 633 cum
529 592 637 632 non
664 575 964 631 aﬂlciamur
1005 576 1225 629 illorum
1260 573 1568 642 praesentia,
1599 573 1693 626 sed
1725 573 1959 627 amissos

374 672 771 726 desideremus.
801 667 1069 733 Quoniam
1098 667 1242 721 enim
1273 680 1370 736 pro
1406 664 1766 734 praesentibus
1802 664 1959 720 bonis

373 777 402 814 a
435 760 544 816 Deo
564 758 791 813 collatis
819 766 1001 828 grates
1026 770 1136 809 non
1163 754 1530 824 persolvimus
1555 768 1569 818 ;
1594 751 1717 806 ideo
1750 752 1957 821 privari

374 868 475 907 nos
513 853 581 908 iis
611 866 837 907 necesse
865 860 982 913 est,
1037 857 1095 902 ut
1124 846 1353 901 allectus
1398 855 1584 900 noster
1612 858 1958 899 commovea-

373 950 487 997 tur.
522 941 1007 1009 Quemadmodum
1047 939 1192 994 enim
1229 954 1340 993 non
1392 937 1578 992 vident
1627 936 1771 991 oculi
1811 935 1959 1006 quod

372 1035 497 1105 plus
526 1051 682 1105 aequo
710 1035 991 1090 admotum
1017 1039 1121 1096 est,
1153 1031 1247 1086 sed
1275 1029 1600 1100 congruenti
1627 1030 1811 1099 aliquo
1834 1043 1960 1098 spa-

372 1128 452 1181 tio
482 1128 765 1198 indigent,
819 1128 893 1180 ita
933 1135 988 1182 et
1020 1126 1246 1196 ingratae
1295 1123 1492 1177 anima:
1548 1136 1646 1192 per
1689 1120 1958 1174 bonorum

373 1220 828 1275 abalienationem
877 1219 1133 1275 videntur
1186 1217 1254 1272 de
1305 1214 1512 1269 amisso
1565 1228 1630 1266 ac
1683 1211 1959 1282 praeterito

372 1313 638 1369 beneﬁcio
670 1313 830 1369 allici.
856 1312 990 1367 Nam
1022 1327 1149 1367 cum
1196 1310 1509 1364 fruerentur
1538 1307 1720 1369 bonis,
1753 1307 1956 1360 nullam

376 1410 490 1454 tum
530 1403 763 1472 gratiam
802 1402 1077 1456 habebant
1112 1400 1402 1470 largitori,
1452 1398 1547 1455 sed
1588 1396 1681 1453 ubi
1731 1404 1861 1452 sunt
1891 1396 1959 1450 iis

372 1494 640 1563 spoliatae,
670 1492 907 1562 idipsum
950 1491 1094 1561 quod
1124 1491 1366 1552 evanuit,
1400 1488 1627 1542 laudant
1655 1487 1961 1542 aestimant-

374 1601 500 1654 que.
530 1584 701 1639 Porro
726 1600 887 1640 nemo
915 1590 1163 1639 nostrum
1204 1581 1465 1637 immunis
1487 1588 1572 1635 est
1595 1596 1627 1635 a
1659 1583 1958 1651 gratiarum

375 1677 591 1732 actione
616 1676 685 1731 ob
720 1676 884 1730 ullam
916 1676 1039 1730 vita:
1066 1675 1233 1742 hujus
1262 1687 1565 1728 aerumnam
1589 1686 1652 1725 ac
1677 1670 1961 1725 calamita-

372 1744 572 1829 tem,'si
601 1766 713 1819 vult
740 1766 954 1836 singula
984 1765 1167 1818 animo
1185 1779 1343 1833 aequo
1370 1760 1721 1833 perpendere.
1747 1759 1958 1815 Etenim

372 1874 489 1913 vim
511 1857 946 1927 uniuscujusque
985 1864 1233 1911 nostrum
1285 1855 1446 1909 habet
1476 1869 1586 1908 non
1618 1868 1791 1925 pauca
1840 1868 1960 1922 qua!

374 1963 674 2020 possumus
693 1962 1001 2011 recensere,
1021 1960 1254 2017 quaeque
1283 1943 1582 2013 injucunda
1603 1959 1710 1998 non
1740 1947 1889 2006 sunt,
1912 1940 1957 1994 si

375 2038 540 2093 modo
566 2038 840 2108 respicere
862 2038 929 2092 ad
959 2038 1222 2091 inferiora
1251 2036 1482 2091 velimus
1501 2074 1515 2098 ,
1545 2035 1735 2104 sicque
1763 2048 1828 2087 ex
1857 2031 1958 2086 ista

376 2145 500 2184 cum
522 2145 580 2185 re
604 2128 860 2184 deteriori
884 2128 1316 2197 comparatione,
1338 2127 1525 2197 quanti
1551 2126 1706 2196 pretii
1739 2125 1841 2178 hoc
1866 2138 1964 2176 no-

376 2231 552 2277 strum
569 2222 772 2277 bonum
795 2222 866 2276 sit
888 2220 1280 2290 expendamus.
1302 2218 1507 2273 Servus
1530 2218 1629 2273 es?
1672 2216 1844 2271 Adest
1870 2216 1963 2269 ali-

375 2314 504 2384 quis
529 2322 581 2369 te
604 2312 904 2383 dejectior;
937 2311 1141 2382 gratias
1165 2313 1420 2382 repende,
1441 2310 1586 2380 quod
1603 2308 1693 2362 uni
1712 2316 1959 2381 praestes,

375 2407 523 2476 quod
545 2422 653 2461 non
679 2406 757 2460 sis
787 2404 1039 2460 addictus
1064 2405 1315 2473 pistrino,
1340 2404 1485 2473 quod
1517 2402 1704 2472 plagas
1735 2417 1843 2454 non
1867 2414 1962 2453 ac—

374 2498 569 2568 cipias.
632 2498 710 2555 Ac
752 2513 821 2552 ne
874 2497 1003 2551 huic
1054 2495 1273 2566 quidem
1301 2497 1601 2566 gratiarum
1626 2494 1962 2564 agendarum

376 2588 647 2644 defutura:
707 2597 839 2644 sunt
901 2604 1103 2643 causa.
1162 2587 1347 2657 Neque
1416 2587 1563 2642 enim
1631 2595 1846 2641 tenetur
1906 2584 1962 2639 in

376 2679 755 2750 compedibus,
799 2694 976 2749 neque
1024 2679 1223 2748 ligatus
1266 2680 1321 2734 in
1352 2679 1502 2749 ligno
1540 2687 1644 2733 est.
1688 2676 1836 2734 Satis
1878 2687 1964 2733 est

378 2784 563 2826 causa:
588 2771 773 2824 vincto
806 2771 873 2823 ad
908 2772 1116 2840 gratias
1144 2771 1510 2825 exsolvendas
1540 2769 1659 2840 ipsa
1698 2770 1829 2823 vita.
1867 2767 1964 2822 Vi-

378 2863 469 2918 det
504 2863 699 2926 solem,
747 2863 944 2931 spiritu
994 2877 1177 2916 acrem
1212 2863 1384 2924 ducit,
1418 2861 1615 2914 horum
1655 2860 1832 2930 gratia
1873 2876 1962 2914 re-

379 2953 568 3025 pendit
597 2954 821 3024 gralias.
873 2954 1132 3008 l’lcctcris
1172 2953 1488 3008 immerito?
1530 2951 1719 3007 Gaude
1750 2968 1845 3021 spe
1876 2951 1960 3004 [ιι-

2060 496 2166 530 των
2211 478 2268 531 δὲ
2324 478 2719 548 περιεχόμενοι.
2775 478 2994 549 Ἐπειδὴ
3047 478 3157 550 γάρ
3222 479 3646 550 παρακειμένων

2059 569 2167 622 τῶν
2201 572 2267 622 ἐκ
2300 568 2433 622 Θεοῦ
2478 568 2698 637 ἀγαθῶν
2734 571 2834 622 οὐκ
2874 570 3324 641 εὐχαριστοῦμεν,
3369 572 3644 638 ἀναγκαία

2058 662 2191 731 ἡμῖν
2221 662 2253 730 ἡ
2299 661 2586 730 ἀφαίρεσις
2619 661 2707 714 διά
2737 661 2833 731 τὴν
2875 660 3125 731 αἴσθησιν
3168 662 3399 731 γίνεται.
3433 663 3644 736 ’Ὠσπερ

2059 752 2169 822 γάρ
2216 754 2265 805 οἱ
2316 752 2588 823 ὀφθαλμοὶ
2642 752 2706 805 τὸ
2753 753 2892 822 ἄγαν
2943 753 3335 825 προσκείμενον
3385 754 3496 826 (Ἠ)
3546 757 3644 828 οὐχ

2058 846 2276 915 ὀρέλσιν,
2319 844 2454 899 ἀλλά
2480 846 2689 899 δέονται
2719 845 3035 916 συμμέτρου
3068 846 3210 909 τινὸς
3251 846 3606 911 ἀποστάσεως
3626 865 3639 878 ⁸

2058 936 2200 989 οὕτω
2230 937 2324 989 καὶ
2356 938 2413 988 αἱ
2460 936 2745 1009 ἀχάριστοι
2786 937 2957 1008 ψυχαὶ
2996 937 3236 991 ἐοίκασιν
3275 940 3334 990 έν
3386 941 3454 1010 τῇ
3489 938 3646 993 ἀλλο-

2058 1027 2280 1100 τριώσει
2325 1028 2437 1099 (72)
2486 1028 2595 1080 τῶν
2627 1028 2846 1098 ἀγαθῶν
2878 1029 2977 1099 τῆς
3009 1028 3385 1102 παρελθούσης
3422 1031 3644 1102 χάριτος

2059 1120 2505 1175 ἐπαισθάνεσθαι.
2552 1122 2683 1174 Ὅτε
2726 1122 2836 1193 γάρ
2883 1121 3152 1175 ἀπέλαυον
3197 1120 3305 1175 τῶν
3350 1123 3643 1194 χρηστοτέ-

2064 1231 2190 1285 ρων,
2232 1213 2486 1284 οὐδεμίαν
2515 1214 2674 1287 χάριν
2713 1215 2792 1285 τῷ
2820 1215 3073 1268 δεδωκότι
3100 1213 3475 1284 γινώσκοντες,
3504 1215 3644 1286 μετά

2058 1305 2157 1376 τὴν
2209 1306 2463 1377 στέρησιν
2513 1306 2575 1359 τὸ
2622 1306 2889 1378 παρελθὸν
2922 1307 3337 1378 μακαρίζουσιν.
3397 1306 3535 1359 Ἀλλ’
3561 1308 3646 1360 οὐ·

2058 1398 2169 1462 δεῖς
2195 1398 2351 1469 ἡμῶν
2377 1398 2729 1451 ἀποκλείεται
2752 1396 2846 1451 τοῦ
2883 1399 3225 1469 εὐχαριστεῖν
3267 1399 3360 1451 ὐπ’
3388 1398 3644 1470 οὐδεμιᾶς

2061 1492 2436 1562 περιστάσεως
2464 1490 2601 1562 βίου,
2631 1490 2726 1543 έάν
2760 1491 3121 1561 εὐγνωμόνως
3145 1491 3255 1562 (75)
3279 1491 3508 1545 ἕκαστον
3533 1494 3650 1545 ὲπι-

2060 1580 2373 1649 λογίζεσθαι
2404 1581 2554 1655 θέλῃ.
2587 1581 2797 1646 Πολλὰς
2839 1582 2948 1653 γάρ
2978 1581 3384 1654 ἀναθεωρήσεις
3421 1582 3517 1635 καὶ
3545 1582 3647 1637 οὐκ

2061 1676 2317 1743 ἀτερπεῖς
2363 1676 2392 1728 ὁ
2437 1675 2669 1727 ἑκάστου
2719 1673 2876 1745 ἡμῶν
2936 1672 3048 1742 βίος
3097 1674 3383 1745 κέκτηται,
3442 1674 3647 1747 ἐάνπερ

2062 1766 2169 1836 ἄρα
2196 1765 2619 1837 καταδεξώμεθα
2649 1766 2785 1836 πρὸς
2827 1766 2887 1820 τὸ
2920 1766 3261 1838 ὐποδεϐηκὸς
3288 1767 3645 1833 ἀποϐλέπειν,

2063 1859 2158 1912 καὶ
2201 1858 2373 1922 οὕτως
2410 1861 2475 1913 ἐκ
2523 1860 2620 1929 τῆς
2667 1859 2802 1931 πρὸς
2850 1858 2911 1912 τὸ
2963 1861 3143 1931 χεῖρον
3189 1859 3528 1931 συγκρίσεως
3582 1861 3645 1913 τὸ

2063 1950 2308 2020 ὑπάρχον
2360 1953 2493 2020 ἡμῖν
2546 1950 2784 2018 ἀγαθὸν,
2838 1951 3005 2004 πόσου
3050 1950 3196 2014 τινὸς
3262 1948 3410 2017 ἄξιόν
3463 1952 3646 2015 ἐστιν,

2062 2043 2368 2112 ἐκμετρεῖν.
2424 2042 2653 2113 Οἰκέτης
2681 2037 2763 2107 εἶ;
2802 2043 2987 2113 Ἔχεις
3014 2042 3107 2095 τὸν
3143 2042 3369 2097 σεσυτοῦ
3396 2044 3650 2097 ταπεινό-

2063 2150 2219 2204 τερον
2242 2150 2254 2163 ·
2287 2134 2621 2205 εὐχαρίστει,
2651 2134 2733 2186 ἕντι
2770 2135 2889 2198 ἐνὸς
2924 2134 3231 2205 ύπερέχεις,
3267 2136 3350 2188 ὃτι
3384 2134 3459 2206 μὴ
3488 2137 3546 2187 ὲν
3572 2134 3649 2206 τῷ

2068 2226 2272 2296 μυλῶνι
2322 2227 2767 2291 καταδεδίκασαι,
2806 2228 2888 2280 ὅτι
2939 2227 3015 2298 μὴ
3070 2227 3282 2297 πληγὰς
3326 2228 3646 2299 λαμϐάνεις.

2045 2320 2177 2371 -Οὐκ
2232 2317 2600 2386 ἐπιλείψουσιν
2652 2318 2774 2370 οὐδὲ
2824 2317 3011 2372 τοῦτον
3058 2321 3114 2372 αἱ
3161 2318 3255 2370 τοῦ
3307 2321 3650 2390 εὐχαριστεῖν

2064 2410 2327 2481 ἀξορμαί.
2377 2411 2452 2462 Οὐ
2500 2409 2608 2482 γάρ
2654 2409 2767 2480 ἔχει
2817 2410 3005 2473 πέδας,
3040 2410 3102 2462 οὐ
3144 2410 3353 2462 δέδεται
3396 2413 3452 2464 ὲν
3484 2410 3646 2480 ξύλῳ.

2077 2503 2134 2554 Ὀ
2163 2500 2448 2572 δεσμώτης
2473 2500 2585 2571 ἔχει
2622 2501 2682 2554 τὸ
2714 2503 2812 2572 ζῇν
2854 2500 3130 2572 ἀρκοῦσαν
3160 2501 3415 2572 ἀφορμὴν
3441 2505 3522 2566 είς
3566 2503 3653 2555 εὐ-

2061 2595 2350 2666 χαριστίαν
2369 2612 2381 2623 ·
2418 2594 2568 2664 ἥλιον
2589 2595 2710 2666 ὁρᾷ,
2747 2597 2975 2649 ἀναπνεῖ
3003 2594 3095 2647 τὸν
3126 2595 3283 2666 ἀέρα,
3320 2595 3413 2647 ἐπὶ
3441 2593 3651 2658 τὀύτοις

2064 2688 2396 2758 εὐχαριστεῖ.
2452 2686 2677 2749 Ἀδίκως
2711 2685 2951 2758 κολάζῃς
2986 2687 3063 2757 Τῇ
3100 2686 3208 2739 τῶν
3244 2685 3543 2756 μελλόντων
3574 2687 3653 2739 ὲ).-

2063 2780 2177 2831 πίδι
2210 2764 2387 2850 χαῖρε.
2420 2780 2653 2842 Δικαίως
2679 2778 3103 2847 κατεδικάσθης;
3141 2779 3250 2831 Καὶ
3282 2778 3453 2841 οὕτως
3499 2779 3653 2847 εὐχα-

2068 2871 2260 2941 ρίστει,
2293 2869 2525 2923 ἐνταῦθα
2566 2868 2664 2939 τὴν
2710 2869 2866 2940 δίκην
2911 2870 3020 2922 τῶν
3053 2869 3474 2940 τετολμημένων
3516 2870 3651 2921 ἀπο-

2065 2964 2270 3025 τιννύς,
2314 2960 2448 3014 ἀλλὰ
2486 2960 2561 3031 μὴ
2591 2963 2674 3013 ἐπ’
2720 2960 2996 3031 ἀκεραίοις
3035 2965 3147 3022 τοῖς
3195 2962 3552 3032 ἁμαρτήμασι
3584 2963 3650 3032 τῇ

379 3054 652 3104 turorun).
694 3044 825 3100 Jure
858 3047 1259 3100 condemnatus
1302 3047 1403 3102 es?
1445 3044 1537 3100 Sic
1578 3047 1743 3101 etiam
1778 3055 1962 3115 grates

2067 3054 2260 3125 αἰωνία
2294 3053 2513 3106 κολάσει
2538 3051 2874 3124 ταμιευθείς.
2909 3052 3067 3106 Κατά
3097 3051 3160 3123 δὴ
3187 3053 3279 3105 τὸν
3306 3053 3467 3105 αὐτὸν
3496 3051 3653 3118 λόγον

382 3155 501 3210 age,
537 3138 685 3210 quod
714 3139 801 3193 hic
837 3139 1055 3193 dederis
1091 3140 1360 3194 scelerum
1395 3154 1607 3209 poenas,
1640 3154 1749 3192 non
1778 3145 1960 3193 autem

382 3233 461 3287 sis
490 3234 561 3286 ob
590 3232 861 3301 impunita
898 3240 1122 3301 peccata
1156 3231 1430 3302 supplicio
1459 3240 1666 3286 aeterno
1689 3237 1960 3286 servatus.

381 3322 539 3377 Hunc
566 3321 635 3376 ad
666 3323 886 3377 modum
916 3333 1092 3394 potest
1116 3325 1206 3394 qui
1238 3332 1428 3394 gratus
1450 3332 1554 3387 est,
1591 3325 1646 3376 in
1681 3323 1831 3377 omni
1853 3322 1964 3375 vita

379 3424 436 3471 et
467 3417 521 3469 in
555 3417 706 3475 omni
739 3416 995 3473 instituto
1022 3432 1122 3486 pro
1153 3417 1519 3488 przesentibus
1559 3416 1721 3471 bonis
1752 3416 1964 3486 amplas

379 3506 748 3565 benefacienti
792 3509 1000 3578 gratias
1053 3524 1329 3579 peragere.
1372 3507 1530 3562 Nunc
1569 3516 1772 3570 autem,
1818 3506 1965 3577 quod

380 3603 621 3659 morosis
653 3602 974 3657 hominibus
1015 3603 1239 3667 accidit,
1271 3603 1324 3657 id
1355 3602 1625 3672 contingit
1664 3603 1962 3672 plerisque,

380 3694 639 3751 videlicet
671 3703 731 3749 ut
762 3696 1055 3765 praesentia
1086 3694 1394 3759 fastidiunt,
1440 3696 1514 3749 ita
1551 3696 1799 3751 absentia
1833 3711 1968 3750 cou-

382 3788 698 3858 cupiscunt.
734 3787 920 3858 Neque
962 3788 1109 3842 enim
1160 3802 1257 3843 eos
1297 3788 1391 3857 qui
1438 3787 1636 3856 seipsis
1673 3786 1966 3843 inferiores

384 3887 514 3935 sunt
555 3891 968 3943 enumerantes,
1008 3880 1257 3951 largitori
1294 3879 1541 3935 beneﬁco
1604 3895 1704 3950 pro
1738 3879 1807 3934 iis
1845 3894 1967 3949 qum

384 3969 590 4025 habent
644 3972 852 4041 gratias
896 3969 1255 4039 persolvunt:
1306 3968 1416 4019 imo
1466 3967 1586 4033 ejus
1643 3966 1790 4036 quod
1829 3981 1967 4037 pra:-

385 4062 624 4119 stantius
652 4069 739 4116 est
763 4060 1197 4129 comparatione,
1226 4069 1493 4126 quantum
1521 4063 1850 4126 superentur
1879 4070 1967 4110 re-

384 4161 667 4226 putantes,
712 4154 789 4206 ita
826 4158 1060 4207 mcerent
1103 4159 1156 4206 et
1187 4159 1608 4220 conqueruntur
1639 4148 1803 4203 bonis
1831 4148 1968 4203 alie-

384 4247 476 4303 nis
506 4245 730 4316 privati,
764 4259 829 4298 ac
851 4246 899 4298 si
933 4243 1051 4300 suis
1084 4243 1475 4313 spoliarentur.
1510 4240 1714 4296 Servus
1739 4240 1831 4312 qui
1859 4249 1964 4304 est,

386 4339 716 4410 permoleste
746 4337 849 4392 fert
892 4337 1130 4392 liberum
1170 4351 1230 4391 se
1275 4350 1384 4390 non
1427 4349 1552 4389 esse
1581 4348 1760 4403 :mgre
1792 4339 1877 4387 est
1916 4332 1968 4387 ei

2065 3146 2160 3197 ἐπὶ
2193 3145 2393 3207 παντὸς
2440 3144 2555 3215 βίου
2594 3145 2687 3197 καὶ
2733 3145 2951 3196 πάντων
2992 3143 3438 3213 ἐπιτηδευμάτων
3477 3141 3652 3207 ἔξεστι

2064 3237 2143 3307 τῷ
2181 3234 2481 3305 εὐγνώμονι
2518 3235 2758 3306 μεγάλας
2787 3234 2897 3287 τῶν
2928 3234 3211 3305 παρόντων
3236 3233 3545 3288 ἀποδιδόναι
3575 3232 3655 3305 τῷ

2067 3328 2333 3399 εὐεργέτῃ
2376 3326 2476 3391 τὰς
2509 3327 2739 3398 χάριτας
2776 3326 2910 3395 (74).
2955 3324 3069 3378 Νῦν
3094 3325 3151 3379 δὲ
3195 3325 3257 3379 τὸ
3284 3325 3392 3378 τῶν
3424 3326 3655 3397 δυσαρε-

2068 3419 2376 3489 στουμένων
2434 3417 2770 3471 πεπόνθασιν
2832 3420 2880 3471 οί
2927 3417 3145 3471 πολλοίο
3203 3418 3265 3471 τὸ
3321 3417 3420 3488 μὲν
3477 3418 3654 3490 παρὸν

2067 3510 2447 3580 ἀτιμάζοντες,
2474 3509 2583 3562 τῶν
2621 3509 2677 3562 δὲ
2706 3510 2954 3563 ἀπόντων
2984 3509 3398 3580 ἐπιθυμοῦντες.
3433 3511 3508 3562 Οὐ
3543 3510 3654 3583 γὰρ

2066 3604 2191 3666 τοὺς
2214 3602 2637 3674 ὑποδεεστέρους
2665 3603 2848 3656 αὐτῶν
2871 3602 3368 3674 ἀπαριθμούμενοι,
3386 3604 3485 3674 τὴν
3515 3604 3654 3675 ὑπὲρ

2067 3685 2142 3745 ὧν
2174 3691 2356 3762 έχουσι
2384 3693 2545 3764 χάριν
2575 3692 2954 3763 ἀποπληροῦσι
2983 3693 3061 3763 τῷ
3085 3693 3353 3766 εὐεργέτῃ
3372 3710 3384 3722 ·
3423 3694 3559 3747 ἀλλά
3586 3697 3653 3766 τῇ

2067 3784 2205 3855 πρὸς
2223 3784 2286 3836 τὸ
2317 3784 2584 3855 ὑπερέχον
2618 3786 2924 3855 συγκρίσει,
2949 3786 3072 3838 ὅσον
3106 3786 3491 3840 ἀπολείπονται
3512 3786 3656 3856 λογι-

2067 3874 2282 3945 ζόμενοι
2305 3915 2319 3938 ,
2351 3876 2427 3938 ὡς
2468 3875 2686 3929 οἰκείων
2717 3876 3068 3948 περθόμενοι
3112 3876 3219 3930 τῶν
3248 3866 3457 3949 ἑτέροις
3489 3894 3659 3952 προσ-

2065 3962 2255 4029 όντων,
2293 3964 2467 4027 οὓτως
2510 3964 2765 4017 ἀνιῶνται
2809 3966 2903 4019 καὶ
2943 3967 3416 4037 καταμέμφονται.
3449 3968 3506 4020 Ὀ
3535 3967 3655 4021 δοῦ-

2067 4054 2177 4119 λος,
2210 4056 2293 4109 ὃτι
2320 4057 2394 4128 μὴ
2425 4056 2709 4128 ἐλεύθερός
2753 4060 2890 4123 ἐστι,
2922 4058 3294 4131 δυσχεραίνει”
3326 4063 3354 4114 ὀ
3396 4064 3453 4113 ὲν
3500 4061 3651 4115 ἐλευ-

2067 4144 2228 4218 θερίᾳ
2257 4148 2507 4218 τραφεὶς,
2535 4148 2617 4200 ὅτι
2659 4149 2734 4219 μὴ
2775 4150 3131 4221 εὐπατρίδης,
3178 4152 3314 4222 μηδὲ
3353 4151 3462 4204 τῶν
3496 4169 3652 4224 περι-

2068 4238 2314 4292 ϐλέπτων
2341 4240 2427 4293 ἐπ’
2464 4240 2737 4311 εὐγενείᾳ,
2781 4242 2903 4311 μηδ’
2938 4243 3019 4295 ὅτι
3048 4241 3191 4295 έπτά
3239 4244 3500 4309 πάππους
3541 4244 3652 4315 ἔχει

2068 4330 2323 4401 ἀριθμεῖν
2346 4333 2427 4395 εἰς
2454 4332 2516 4383 τὸ
2542 4331 2674 4395 ἀνω,
2707 4333 3075 4403 ἰπποτρόφους
3099 4335 3407 4408 λαμπροὺς,
3436 4336 3468 4407 ἢ
3498 4353 3656 4408 μονο-

382 4433 477 4503 qui
510 4431 567 4485 in
596 4430 850 4486 libertate
873 4427 984 4502 40
1006 4428 1274 4485 educatus
1301 4427 1422 4493 fuit,
1454 4427 1600 4499 quod
1626 4428 1842 4498 generis
1872 4441 1962 4482 no-

2075 4422 2269 4493 μάχοις
2324 4424 2415 4476 τὸν
2463 4422 2690 4477 πλοῦτον
2743 4424 3190 4490 ὲξαναλώσαντας
3232 4427 3365 4496 (75).
3410 4428 3468 4482 '0
3513 4430 3655 4485 κατά

384 4525 601 4587 bililate
628 4539 737 4579 non
774 4522 1127 4593 insigniatur,
1157 4520 1306 4591 quod
1348 4536 1456 4574 non
1491 4528 1843 4575 recensentur
1882 4518 1967 4572 in-

383 4622 470 4671 ter
498 4630 594 4670 eos
626 4615 719 4683 qui
753 4613 1016 4667 natalium
1050 4611 1342 4683 splendore
1371 4612 1655 4681 conspicui
1688 4619 1834 4675 sunt,
1865 4625 1967 4665 nec

385 4724 680 4765 numerare
703 4708 878 4778 possit
911 4713 1061 4761 retro
1089 4720 1221 4760 avos
1249 4712 1480 4773 septem,
1515 4704 1606 4773 qui
1637 4704 1825 4757 eximii
1851 4702 1966 4755 fue-

385 4802 498 4855 rint
526 4815 795 4870 equorum
827 4799 1154 4860 nutritores,
1202 4804 1295 4849 aut
1324 4810 1457 4864 opes
1503 4809 1633 4850 suas
1664 4795 1717 4847 in
1753 4792 1964 4863 gladia-

386 4902 537 4948 tores
577 4890 992 4961 insumpserint.
1038 4887 1358 4956 Queritatur
1404 4886 1499 4955 qui
1548 4898 1745 4955 genere
1782 4884 1966 4939 clarus

385 4995 491 5047 est,
525 4984 674 5054 quod
701 4998 807 5038 non
847 4982 1089 5037 abundet
1123 4979 1363 5045 divitiis;
1390 4978 1544 5035 dives
1578 4977 1869 5032 alﬂictatur
1901 4991 1962 5029 ac

385 5076 554 5135 dolet.
592 5075 738 5147 quod
769 5075 1108 5130 dominatum
1140 5073 1195 5129 in
1222 5071 1424 5144 oppida
1451 5079 1504 5127 et
1537 5072 1591 5126 in
1620 5079 1811 5142 gentes
1854 5084 1964 5124 non

460 5230 573 5299 (τι)
602 5228 759 5285 Unus
799 5230 971 5283 codex
1021 5228 1153 5300 Reg.
1195 5234 1250 5300 et
1279 5228 1409 5300 editi
1451 5227 1511 5280 τὸ
1544 5227 1684 5300 ἄγαν
1715 5226 1969 5300 λαμπρον

388 5295 802 5371 προσκείμενον,
836 5317 941 5353 rem
970 5295 1121 5353 valde
1169 5298 1500 5371 splendidam
1541 5298 1659 5365 plus
1695 5295 1842 5371 azqcio
1870 5295 1968 5346 ad-

392 5366 771 5425 niotameox
801 5370 1056 5440 λαμπρόν
1102 5371 1156 5423 in
1197 5369 1321 5424 aliis
1362 5379 1571 5437 septem
1609 5384 1743 5440 mss.
1778 5366 1968 5440 deest;

392 5456 493 5497 nec
520 5441 714 5494 mirum
741 5441 784 5495 si
811 5437 975 5503 desit,
1009 5455 1134 5494 cum
1158 5454 1267 5494 non
1295 5440 1367 5493 ita
1400 5437 1712 5493 necessaria
1740 5451 1861 5491 esse
1884 5437 1995 5487 vi-'

392 5513 606 5567 deatur.

466 5581 578 5650 (72)
614 5580 744 5649 Reg.
780 5578 992 5650 primus
1024 5584 1079 5634 et
1109 5580 1307 5635 tertius
1337 5580 1391 5630 ὲν
1418 5581 1483 5648 τῇ
1518 5574 1969 5646 ἁπαλλοτριώσει,

396 5649 584 5713 eadem
622 5649 1097 5718 planc'sententia.

497 5723 584 5793 '15)
619 5716 795 5776 Editio
832 5718 1006 5776 Paris.
1048 5727 1102 5777 et
1140 5735 1284 5777 unus
1308 5733 1409 5775 ms.
1443 5718 1536 5771 ὲάν
1582 5735 1661 5781 τις
1695 5716 1971 5788 εὐγνι-ιμό-

2072 4515 2228 4583 γένος
2278 4516 2584 4587 περιφανὴς
2642 4516 2980 4587 σχετλιάζει,
3015 4518 3096 4571 δτι
3153 4517 3228 4589 μὴ
3289 4521 3381 4573 ἐπὶ
3438 4520 3654 4592 πλούτῳ

2073 4612 2247 4681 κομᾷο
2283 4610 2312 4662 ὁ
2355 4610 2608 4674 πλούσιος
2671 4610 2921 4665 λυπεῖται
2971 4606 3063 4665 κάι
3111 4611 3397 4684 ὀδύρεται,
3441 4615 3523 4667 ὅτι
3576 4615 3654 4685 μὴ

2073 4702 2281 4754 πόλεων
2314 4702 2406 4754 καὶ
2467 4702 2633 4755 ἐθνῶν
2667 4705 2815 4756 ἐστιν
2860 4703 3041 4775 ἄρχων
3070 4705 3180 4775 (76)
3206 4723 3218 4735 ·
3265 4708 3293 4759 ὁ
3328 4708 3652 4776 στρατηγὸς,

2070 4792 2153 4844 ὅτι
2189 4791 2264 4862 μὴ
2307 4790 2609 4861 βασιλεύει’
2654 4794 2683 4845 ὁ
2724 4794 2998 4864 βασιλεὺς,
3034 4796 3116 4848 ὃτι
3174 4796 3248 4866 μὴ
3284 4796 3465 4867 πάσης
3512 4798 3653 4869 ὁμοῦ

2070 4884 2169 4953 τῆς
2208 4884 2295 4954 ὐφ’
2333 4884 2470 4956 ἡλίῳ
2517 4888 2744 4955 κρατεῖ,
2778 4886 2886 4940 ἀλλ’
2946 4885 3092 4939 ἔστιν
3146 4886 3274 4958 ἔθνη
3324 4890 3436 4951 τοῖς
3486 4887 3650 4941 αὐτοῦ

2075 4978 2375 5047 σκήπτροις
2408 4978 2481 5048 μὴ
2518 4977 2918 5031 ὐποκύπτοντα.
2963 4979 3058 5031 Ἐκ
3096 4978 3314 5032 πάντων
3358 4979 3416 5032 δὲ
3447 4980 3654 5032 τούτων

2076 5068 2373 5137 συνάγεται
2404 5067 2465 5121 τὸ
2497 5070 2590 5120 ἐπὶ
2624 5068 2814 5140 μηδενὶ
2845 5069 2937 5122 τὸν
2988 5070 3285 5143 εὐεργέτην
3314 5072 3650 5143 εὐχαριστεῖ-

2072 5240 2199 5295 νωςἐ
2240 5222 2419 5295 Etlitio
2450 5222 2614 5295 Basil.
2640 5233 2693 5278 et
2734 5235 2940 5294 septem
2970 5240 3106 5280 mss.
3144 5225 3239 5279 ὲάν
3267 5227 3647 5295 εὐγνωμόνως.

2145 5293 2258 5400 ξπ)
2295 5294 2516 5362 Antiqui
2560 5294 2670 5349 duo
2716 5296 2839 5350 libri
2869 5295 2947 5366 τῷ
2989 5297 3249 5368 εὐεργέτῃ
3289 5293 3386 5362 τάς
3431 5293 3653 5369 εὐχαρι-

2075 5381 2247 5425 στιας.

2147 5433 2259 5507 (73)
2291 5432 2534 5507 Utraque
2560 5435 2728 5489 editio
2749 5444 2799 5489 et
2833 5452 2977 5489 unus
3002 5436 3171 5507 codex
3205 5433 3360 5507 Colb.
3394 5437 3654 5507 ἱπποτρό-

2076 5520 2195 5577 φοις
2221 5503 2472 5575 λαμπρὸς
2506 5504 2537 5574 ἢ
2572 5507 2895 5577 μονομάχοις
2926 5507 3014 5560 τὸν
3040 5505 3152 5575 βίον
3186 5503 3648 5571 ἐξαναλώσαντας.

2078 5574 2182 5628 Alii
2216 5584 2341 5629 octo
2370 5574 2505 5629 mss.
2536 5587 2593 5628 ut
2625 5577 2677 5628 in
2702 5574 2983 5630 contextu.

2153 5643 2486 5722 ('iG)_Unus_
2513 5662 2616 5699 ms.
2668 5656 2719 5698 et
2778 5649 2908 5701 editi
2969 5650 3340 5722 ἐᾫῶνάρῃι.
3397 5648 3499 5701 Alii
3555 5663 3653 5700 sex

2082 5714 2252 5769 ἐθνῶν
2290 5716 2434 5769 ἐστιν
2459 5716 2660 5786 ἄρχων.
3208 5711 3219 5722 ’
3241 5711 3270 5721 ”
