4052 6214
313 260 418 320 233

1353 266 1640 326 HOMILIA
1678 268 1747 326 IN
1783 270 2175 329 MARTYREM
2206 263 2571 334 ιυιιττΑΜ.

3481 281 3590 337 εει

321 384 458 437 σθαι.
483 382 625 436 Ἀλλ’
655 385 842 454 ἡμεῖς,
872 385 1105 456 ἀφέντες
1132 386 1204 441 τὰ
1227 388 1321 442 ἐπὶ
1346 393 1458 453 τοῖς
1482 390 1682 444 ἀποῦσι
1701 391 1898 458 λυπας,

2002 394 2202 463 habet;
2242 397 2521 452 exercitus
2560 397 2693 461 dux,
2726 398 2871 468 quod
2900 414 3126 471 regnum
3168 415 3277 455 non
3318 408 3585 473 occupat;

317 475 653 546 διδαχθῶμεν
673 477 778 550 τὴν
804 479 904 532 ἐπὶ
939 482 1051 544 τοῖς
1077 479 1348 553 παροῦσιν
1375 484 1728 555 εὐχαριστίαν
1761 486 1900 539 ἀπο-

319 564 534 619 διδόναι.
559 566 827 639 Εῖπωμεν
856 570 917 622 ὲν
949 570 1051 640 μὲν
1072 573 1191 635 ταῖς
1222 572 1706 645 σκυθρωποτέραις
1748 592 1904 648 περι-

323 658 539 711 στάσεσι
571 657 682 710 τῶν
710 661 1064 731 πραγμάτων
1101 661 1180 733 τῷ
1213 663 1363 734 σοφῷ
1399 664 1600 737 ἰατρῷ·
1643 667 1738 720 Ἐν
1773 669 1899 721 θλί-

322 752 421 817 ψει
446 748 633 818 μικρᾷ
659 753 698 819 ἠ
724 751 968 806 παιδεία
993 769 1111 808 σου
1135 754 1298 825 ἡμῖν.
1325 756 1583 827 Είπωμεν
1603 775 1618 790 ’
1662 759 1905 828 Ἀγαθίν

319 858 438 909 μοι,
467 840 555 894 ὅτι
582 843 1001 910 ἐταπείνωσάς
1021 863 1117 915 με.
1159 847 1438 918 Εἴπωμεν,
1463 850 1548 902 ὅτι
1586 852 1710 904 Οὐκ
1761 849 1904 914 ἄξια

322 934 394 988 τὰ
420 935 746 1004 παθήματα
776 937 885 991 τοῦ
923 939 1044 993 νῦν
1072 941 1284 1010 καιροῦ
1318 942 1469 1010 πρὸς
1498 942 1633 1012 τὴν..
1639 942 1904 1012 μέλλου-

322 1040 439 1079 σαν
479 1026 674 1091 δόξαν
724 1029 1228 1101 ἀποκαλυφθῆναι
1271 1036 1359 1100 εὶς
1401 1033 1577 1105 ἡμᾶς.
1618 1035 1900 1107 Εἴπωμεν,

321 1120 400 1172 ὅτι
438 1120 641 1189 Ὀλιγα
669 1114 760 1174 ὧν
790 1121 1132 1192 ἡμάρτομεν
1160 1125 1670 1205 μεμαστιγώμεθα.
1711 1128 1902 1198 Παρα-

321 1210 642 1281 καλέσωμεν
667 1212 761 1265 τὸν
782 1213 1008 1284 Κύριον,
1038 1215 1119 1267 ὅτι
1140 1214 1482 1271 Παὶδευσον
1500 1216 1679 1286 ἡμᾶς,
1701 1219 1900 1286 Κύριε,

319 1301 486 1368 πλὴν
525 1303 598 1355 ἐν
624 1303 842 1371 κρίσει,
886 1305 989 1359 καὶ
1028 1305 1116 1375 μὴ
1147 1306 1217 1359 ἐν
1248 1305 1431 1375 θυμῷ.
1488 1309 1902 1378 Ἐλεγχόμεγοι

318 1390 449 1460 τὰρ,
484 1390 609 1446 ὑπὸ
646 1394 870 1461 Κυρίου
922 1395 1348 1465 παιδευόμεθα,
1390 1399 1493 1452 ἵνα
1526 1398 1612 1468 μὴ
1656 1398 1778 1453 σὺν
1820 1398 1905 1464 τῷ

318 1483 527 1552 κόσμῳ
577 1483 1043 1553 κατακριθῶμεν.
1088 1486 1174 1539 Ἐν
1211 1487 1269 1541 δὲ
1314 1490 1382 1560 τῇ
1433 1489 1767 1562 φαιδροτέρᾳ’
1805 1488 1901 1542 τοῦ

321 1575 436 1645 βίου
464 1576 714 1648 διαγωγῇ
740 1579 957 1649 ἐκείνην
980 1578 1227 1650 λέγωμεν
1250 1580 1345 1633 τοῦ
1371 1582 1534 1636 Δαὸὶδ
1557 1583 1655 1652 τὴν
1682 1585 1865 1653 φωνήν
1884 1600 1898 1614 ·

322 1668 386 1723 Τί
406 1668 823 1723 ἀνταποδώσω
855 1662 941 1736 τῷ
976 1671 1172 1738 Κυρίῳ
1200 1672 1333 1741 περὶ
1364 1671 1607 1727 πάντων
1637 1668 1726 1727 ὧν
1757 1676 1900 1729 ἀντ-

2004 501 2100 542 rex
2129 493 2335 552 autem,
2367 488 2515 558 quod
2558 489 2721 546 simul
2751 492 2919 547 totius
2951 492 3045 562 qui
3076 492 3182 548 sub
3222 492 3338 547 sole
3369 501 3454 547 est
3494 507 3587 546 or-

2002 578 2089 635 bis
2136 594 2247 633 non
2302 582 2561 650 potiatur,
2602 582 2699 638 sed
2743 584 3025 653 supersint
3071 591 3261 654 gentes
3289 599 3411 653 qua:
3463 584 3581 638 suis

2003 669 2238 738 sceptris
2269 686 2379 724 non
2411 673 2521 727 sint
2545 673 2824 743 subjectae.
2855 673 2929 728 Ex
2956 674 3158 743 quibus
3183 673 3438 728 omnibus
3466 673 3584 726 col-

2003 763 2190 833 ligitur
2254 768 2461 832 gratias
2502 780 2602 835 pro
2640 767 2788 820 nulla
2831 781 2891 821 re
2935 765 3321 821 beneﬁciorum
3369 763 3583 819 auctori

2002 860 2246 930 rependi.
2291 859 2406 914 Nos
2447 869 2627 913 autem
2662 872 2954 915 maerorem
3005 872 3073 911 ex
3117 857 3186 912 iis
3214 872 3336 927 quae
3384 856 3583 911 desunt

2001 958 2368 1020 emergentem
2418 949 2802 1014 amandantes,
2844 949 3127 1005 discamus
3172 948 3243 1004 ob
3289 946 3582 1019 praesentia

2001 1043 2207 1114 gratias
2247 1043 2551 1098 exsolvere.
2589 1041 2851 1097 Dicamus
2887 1042 3120 1112 sapienti
3147 1041 3361 1097 medico
3391 1042 3445 1095 in
3473 1040 3581 1094 tri-

2002 1136 2265 1191 stioribus
2311 1151 2495 1190 rerum
2547 1135 2864 1190 infortuniis
2891 1154 2905 1190 :
2933 1133 2998 1189 In
3045 1133 3389 1188 tribulatione
3416 1149 3581 1202 parva

2000 1229 2286 1298 disciplina
2314 1237 2407 1282 tua
2444 1229 2595 1282 nobis
2612 1227 2680 1283 “.
2715 1226 2976 1283 Dicamus
3000 1243 3015 1283 :
3041 1226 3249 1281 Bonum
3275 1225 3424 1289 mihi,
3453 1224 3581 1296 quia

2001 1320 2298 1374 humiliasti
2330 1336 2410 1374 me
2432 1319 2498 1374 ".
2537 1319 2794 1375 Dicamus
2817 1338 2830 1374 :
2858 1317 2983 1372 Non
3011 1328 3132 1373 sunt
3154 1318 3428 1388 condigna
3455 1332 3580 1384 pas-

2000 1413 2174 1467 siones
2200 1411 2358 1474 huius
2391 1412 2639 1480 temporis
2666 1413 2736 1464 ad
2771 1411 3009 1480 futuram
3037 1411 3265 1482 gloriam
3291 1425 3408 1480 qua:
3438 1425 3580 1464 νουσα

2003 1506 2201 1559 labitur
2226 1505 2279 1559 in
2300 1505 2449 1560 nobis
2471 1505 2537 1560 ⁸⁸.
2565 1503 2823 1561 Dicamus
2850 1523 2863 1559 :
2892 1504 3074 1558 Pauca
3093 1520 3204 1572 pra:
3232 1504 3298 1557 iis
3320 1518 3437 1573 qua
3460 1517 3581 1571 per-

2000 1595 2234 1649 cavimus
2283 1597 2577 1664 accepimus
2621 1595 2834 1650 uerbera
2859 1597 2926 1651 θ’.
2981 1594 3346 1651 Obsecremus
3386 1593 3578 1647 Domi.

2002 1700 2135 1741 num
2169 1704 2181 1739 :
2209 1683 2426 1755 Castiga
2458 1703 2574 1747 nos,
2609 1684 2853 1749 Domine,
2881 1693 3234 1739 verumtamen
3271 1684 3324 1737 in
3343 1681 3575 1752 judicio,

316 1759 592 1814 ἀπέδωκέ
614 1777 751 1830 por;
791 1761 886 1814 Ἐκ
910 1761 1004 1815 τοῦ
1059 1764 1133 1835 μὴ
1181 1764 1334 1827 ὄντος
1376 1766 1456 1827 είς
1491 1764 1553 1817 τὸ
1584 1762 1724 1819 εἶναι
1758 1784 1895 1837 παρ’

1999 1788 2048 1832 et
2090 1793 2193 1831 non
2233 1779 2288 1831 in
2317 1777 2585 1846 furore".
2619 1775 2754 1833 Cum
2799 1778 2939 1831 enim
2982 1776 3373 1846 redarguimur,
3408 1792 3442 1828 a
3477 1773 3580 1828 Do-

317 1855 532 1923 ήγαγε·
568 1851 718 1923 λόγῳ
760 1850 1025 1922 ἐτίμησε·
1055 1852 1252 1923 τέχνας
1296 1855 1428 1923 ἡμῖν
1470 1855 1764 1925 συνεργοὺς
1799 1855 1895 1925 τῆς

317 1945 465 2015 ζωῆς
498 1944 796 2015 ἐχαρίσατο
815 1960 829 1973 ·
863 1943 1070 2014 τροφὰς
1098 1945 1163 1997 ὲκ
1185 1944 1286 2014 τῆς
1312 1944 1417 2014 γῆς
1446 1944 1663 2015 ἀνίησι·
1698 1944 1898 2016 βοσκη-

319 2038 506 2107 μάτων
534 2039 669 2107 ήμίν
692 2036 1000 2106 ὑπηρεσίαν
1021 2034 1219 2087 δέδωκε
1237 2034 1373 2105 (77).
1392 2034 1467 2087 Δι’
1492 2036 1638 2106 ἡμᾶς
1666 2035 1861 2106 ὄμϐροι
1882 2051 1899 2066 ·

315 2129 381 2183 δι’
594 2129 747 2198 ἥλιος
773 2146 787 2159 ·
822 2129 857 2198 ἠ
885 2127 1091 2198 ὀρεινὴ,
1120 2128 1154 2198 ή
1184 2127 1502 2198 πεδιάσιμος
1530 2128 1685 2199 ἡμῶν
1713 2128 1899 2181 ἕνεκεν

312 2219 766 2292 διακεκόσμηται,
785 2219 1075 2287 ἀποφυγὰς
1097 2222 1229 2290 ἡμῖν
1252 2218 1388 2290 πρὸς
1409 2218 1509 2282 τὰς
1533 2219 1600 2272 ἐκ
1623 2219 1731 2273 τῶν
1756 2218 1898 2291 ὀρῶν

314 2310 627 2381 ἀκρότητας
657 2308 1080 2380 εὐτρεπίζουσα.
1113 2307 1376 2381 Δι”ήμᾶς
1406 2311 1641 2380 ποταμοὶ⁵
1676 2310 1893 2382 ῥέουσι·

310 2404 380 2458 δι’
404 2406 559 2476 ἡμᾶς
591 2402 850 2475 βρύουσιν
878 2405 936 2456 αἱ
964 2404 1137 2472 πηγαί
1160 2419 1175 2435 ·
1203 2404 1236 2474 ἡ
1267 2403 1512 2457 θάλασσα
1534 2406 1664 2475 ἡμῖν
1689 2405 1898 2458 ἀνεῖται

312 2497 451 2569 πρὸς
483 2496 601 2567 (78)
655 2496 966 2567 ἐμπορίαν·
996 2497 1045 2549 οί
1091 2498 1155 2550 ὲκ
1211 2496 1493 2566 μετάλλων
1538 2496 1792 2557 πλοῦτοι,
1839 2497 1895 2549 αί

311 2589 653 2659 πανταχόθεν
686 2588 1051 2653 ἀπολαύσεις,
1087 2588 1271 2659 πάσης
1320 2588 1419 2655 τῆς
1455 2587 1683 2651 κτίσεως
1724 2587 1895 2659 δωροο

309 2682 587 2754 φορούσης
617 2681 730 2752 (79)
758 2684 914 2753 ἡμῖν,
959 2680 1048 2733 διὰ
1080 2681 1177 2752 τὴν
1219 2680 1483 2734 πλουσίαν
1526 2680 1621 2733 καὶ
1663 2680 1894 2750 ἄφθονον

308 2777 387 2838 είς
414 2776 568 2845 ἡμᾶς
606 2773 767 2845 χάριν
798 2772 891 2826 τοῦ
928 2772 1241 2842 εὐεργέτου.

2002 1870 2143 1923 mino
2191 1869 2530 1939 corripimur,
2575 1878 2635 1923 ut
2682 1886 2786 1925 non
2825 1885 2945 1922 cum
2971 1868 3067 1924 hoc
3117 1866 3312 1921 mundo
3355 1867 3576 1919 damne-

2001 1963 2207 2016 mur".
2259 1962 2327 2014 At
2374 1977 2505 2017 vero
2548 1961 2604 2017 in
2654 1963 2862 2017 laetiore
2902 1962 3027 2016 vitae
3071 1967 3218 2016 statu
3261 1960 3578 2015 emittamus

2001 2055 2148 2109 illam
2182 2054 2401 2109 Davidis
2443 2071 2669 2109 vocem:
2700 2053 2842 2120 Quid
2885 2053 3173 2109 retribuam
3210 2052 3437 2107 Domino
3482 2068 3578 2123 pro

2000 2144 2238 2199 omnibus
2267 2161 2384 2213 qua:
2424 2146 2665 2199 retribuit
2693 2146 2819 2198 mihi
2838 2146 2923 2201 7’?
2950 2144 3026 2199 Eo
3056 2153 3279 2199 auctore
3309 2159 3375 2198 ex
3406 2143 3578 2197 nihilo

1999 2235 2105 2290 orti
2140 2252 2354 2300 sumus,
2383 2237 2602 2291 ornavit
2628 2251 2733 2291 nos
2776 2236 3010 2301 ratione,
3045 2234 3277 2305 largitus
3305 2233 3466 2289 nobis
3492 2241 3579 2289 est

2000 2334 2145 2381 artes
2194 2327 2319 2380 vitae
2357 2327 2572 2381 tuenda:
2623 2327 3008 2388 inservientes,
3050 2325 3309 2379 alimenta
3358 2340 3390 2380 e
3433 2334 3579 2379 terra

1998 2412 2202 2477 educit,
2247 2416 2475 2470 servitio
2515 2416 2977 2484 nostrojumenta
3026 2413 3234 2468 addixit
3272 2421 3327 2467 et
3355 2427 3576 2483 pecora.

1998 2504 2230 2576 Propter
2262 2522 2364 2561 nos
2393 2507 2622 2574 imbres,
2649 2516 2875 2577 propter
2899 2522 3001 2561 nos
3034 2507 3116 2561 sol
3142 2523 3157 2573 ;
3179 2505 3447 2559 adornata
3493 2511 3581 2560 est

1999 2598 2172 2652 nostri
2201 2613 2369 2652 causa
2401 2599 2555 2669 regio
2588 2609 2838 2653 montosa
2881 2607 3229 2668 aequataque,
3255 2596 3455 2666 effugia
3495 2605 3581 2650 at-

1996 2701 2104 2756 que
2135 2704 2388 2745 recessus
2421 2704 2623 2759 parans
2649 2690 2810 2743 nobis
2839 2689 2906 2743 ad
2937 2689 3282 2745 summitates
3313 2688 3579 2742 montium

1997 2779 2271 2834 vitandas.
2310 2779 2543 2851 Propter
2573 2796 2676 2837 nos
2708 2780 2887 2835 fluunt
2923 2779 3184 2845 ﬂumina;
3220 2790 3442 2850 propter
3476 2793 3579 2834 nos

308 2869 490 2925 fontes
518 2869 861 2935 scaturiunt;
891 2882 1043 2923 mare
1070 2875 1218 2938 patet
1240 2867 1402 2922 nobis
1425 2866 1493 2921 ad
1522 2876 1888 2923 mercaturam
1928 2875 2327 2943 exercendam;
2351 2876 2687 2931 ell‘odiuntur
2706 2892 2771 2930 ex
2804 2874 3094 2931 metallicis
3146 2873 3350 2929 fodinis
3413 2887 3577 2944 opes;

309 2962 593 3018 undelth
619 2963 910 3018 commoda
953 2961 1180 3016 allluunt
1247 2968 1302 3016 et
1367 2961 1597 3026 deliciae,
1644 2963 1967 3021 conferente
2005 2969 2165 3025 nobis
2214 2986 2444 3026 munera
2477 2979 2734 3026 creatura
2775 2972 2927 3027 omni
2965 2970 3036 3025 ob
3078 2972 3401 3040 locupletem
3447 2969 3581 3023 ube-

308 3070 535 3126 remque
560 3054 793 3111 beneﬁci
817 3053 915 3109 Dei
945 3055 1004 3109 in
1034 3070 1135 3109 nos
1170 3056 1426 3126 gratiam.

376 3152 431 3205 7.
483 3151 593 3205 Καὶ
619 3150 675 3203 τί
705 3151 784 3204 δεῖ
804 3150 874 3203 τὰ
904 3150 1077 3221 μικρὰ
1106 3149 1323 3218 λέγειν;
1357 3151 1436 3201 Δι’
1472 3151 1622 3221 ἡμᾶς
1666 3149 1799 3212 Θεὸς
1839 3150 1898 3204 ἐν

2073 3153 2123 3205 7.
2167 3151 2272 3206 Sed
2304 3151 2435 3221 quid
2484 3167 2624 3221 opus
2665 3161 2748 3205 est
2778 3165 2944 3222 parva
2975 3149 3309 3206 recensere?
3349 3147 3580 3221 Propter

305 3243 620 3314 ἀνθρώποις
646 3259 659 3273 ·
693 3242 781 3296 διὰ
810 3242 908 3312 τὴν
931 3241 1370 3313 καταφθαρεῐσαν
1404 3242 1583 3314 σάρκα
1618 3243 1673 3294 Ὁ
1704 3244 1895 3312 Λόγος

310 3339 465 3408 σὰρξ
491 3336 755 3407 ἐγένετο,
780 3337 881 3390 καὶ
915 3335 1268 3403 ἐσκήνωσεν
1294 3336 1365 3390 ἐν
1394 3336 1559 3406 ἡμῖν.
1595 3337 1749 3390 Μετά
1785 3337 1895 3390 τῶν

310 3431 623 3501 ἀχαρίστων
656 3431 685 3482 6
718 3426 1049 3500 εὐεργέτης·
1105 3426 1241 3498 πρὸς
1276 3427 1402 3490 τοὺς
1449 3426 1791 3497 καθημένους
1838 3429 1894 3482 ἐν

313 3524 493 3577 σκότει
532 3525 565 3575 6
589 3521 743 3591 ἣλιος
771 3520 870 3590 τῆς
910 3517 1292 3589 δικαιοσύνης·
1338 3518 1432 3571 ἐπὶ
1461 3517 1553 3572 τὸν
1602 3518 1835 3589 σταυρὸν
1868 3520 1896 3571 6

310 3613 561 3684 ἀπαθής·
600 3613 694 3666 επὶ
735 3611 828 3665 τὸν
864 3610 1093 3665 θάνατον
1130 3610 1165 3680 ἡ
1204 3610 1355 3681 ζωή·
1399 3610 1493 3662 ἐπὶ
1528 3610 1621 3663 τὸν
1659 3609 1791 3680 ᾅδην
1834 3610 1897 3663 τὸ

312 3711 456 3778 φῶς·
516 3710 553 3778 ἡ
608 3705 907 3769 ἀνάστασις
967 3703 1053 3756 διὰ
1124 3704 1250 3769 τοὺς
1302 3702 1615 3766 πεσόντας·
1676 3701 1897 3772 πνεῦμα

312 3800 607 3863 υἱοθεσίας,
626 3796 985 3869 χαρισμάτων
1004 3794 1252 3865 διανομαὶ
1268 3793 1403 3865 (80),
1431 3795 1709 3864 στεφάνων
1727 3795 1899 3861 ἑπαγ-

310 3893 520 3963 γελίαι·
561 3890 631 3944 τά
672 3889 829 3953 ἄλλα,
858 3889 959 3941 ὅσα
1004 3888 1125 3940 οὐδὲ
1168 3886 1641 3958 ἐξαριθμήσασθαι
1682 3884 1894 3957 ῥᾴδιον,

310 3986 394 4054 ἐφ’
426 3978 510 4047 οἷς
547 3983 682 4035 πᾶσι
716 3980 1005 4053 πρέπουσά
1029 3981 1175 4031 ἐστιν
1207 3980 1241 4048 ἡ
1271 3978 1422 4047 φωνὴ
1447 3976 1541 4029 τοῦ
1578 3977 1856 4047 προφήτου
1877 3991 1890 4004 ·

310 4079 373 4132 Ti
386 4070 822 4142 ἄντα-ποδῶμεν
838 4069 916 4136 τῷ
943 4070 1138 4137 Κιιρίῳ
1152 4068 1283 4139 περὶ
1299 4066 1541 4121 πάντων
1561 4062 1650 4121 ὧν
1673 4068 1898 4121 ἀνταπ-

301 4168 537 4225 ἐδωκεν
578 4160 767 4235 mir;
809 4165 921 4218 Καὶ
956 4163 1067 4235 γὰρ
1108 4158 1174 4217 αὖ
1219 4162 1311 4216 καὶ
1347 4159 1506 4214 τοῦτο
1550 4161 1651 4213 οὐκ
1682 4160 1896 4231 εἴρηται

302 4262 626 4325 δεδωκέναι,
672 4258 788 4312 ἀλλ’
839 4255 1252 4311 ἀντιδεδωκέναι
1291 4255 1321 4307 6
1373 4252 1788 4325 μεγαλόδωρος,
1819 4251 1895 4314 ὡς

302 4354 435 4424 οὐχὶ
462 4353 760 4423 κατάρχων
783 4349 1027 4422 χάριτος,
1045 4346 1158 4401 ἀλλ’
1186 4346 1546 4418 ἀμειϐόμενος
1566 4346 1692 4406 τοὺς
1722 4343 1899 4413 ὑπάρο

305 4450 514 4513 ξαντας
534 4445 647 4515 (81)
665 4462 679 4475 ·
702 4445 763 4498 τὸ
789 4443 899 4515 γάρ
929 4442 1039 4525 τῷν
1062 4441 1127 4493 λα
1135 4439 1446 4512 μϐανόντων
1475 4437 1796 4509 εὐχάριστον
1816 4437 1897 4499 εἰς

1998 3260 2099 3298 nos
2133 3252 2384 3298 versatus
2416 3244 2558 3298 Deus
2581 3251 2666 3298 est
2695 3244 2840 3296 inter
2873 3241 3125 3296 homines
3154 3259 3168 3295 :
3196 3248 3419 3311 propter
3452 3256 3578 3296 car-

1998 3353 2119 3392 nem
2151 3343 2466 3407 corruptam
2520 3336 2739 3389 Verbum
2767 3350 2892 3388 caro
2923 3333 3121 3402 factum
3145 3342 3246 3396 est,
3284 3341 3334 3387 et
3366 3333 3580 3388 habita-

1998 3432 2067 3484 rit
2106 3430 2161 3483 in
2207 3428 2357 3482 nobis
2379 3428 2448 3482 ⁷³.
2492 3425 3049 3482 Commoratur-cum
3099 3425 3329 3494 ingratis
3374 3425 3581 3481 beneﬁ-

1997 3538 2129 3588 cus;
2163 3522 2311 3576 venit
2333 3520 2620 3575 ‘liberator
2655 3518 2723 3572 ad
2755 3518 3038 3588 captivos;
3091 3518 3272 3571 illuxit
3306 3517 3388 3573 sol
3412 3516 3581 3587 justi-

2001 3618 2088 3671 tiae
2107 3618 2155 3648 ⁷⁵
2188 3614 2508 3671 sedentibus
2556 3614 2613 3668 in
2653 3611 2987 3678 tenebris",
3024 3612 3078 3665 in
3111 3624 3330 3665 crucem
3368 3611 3581 3665 tollitur

1998 3709 2091 3779 qui
2131 3709 2311 3763 omnis
2352 3721 2580 3776 prorsus
2622 3705 2829 3760 doloris
2872 3718 3070 3772 expers
3116 3710 3222 3766 est,
3259 3702 3373 3759 vita
3413 3704 3578 3758 morti

1998 3801 2291 3857 addicitur.
2331 3798 2446 3853 Lux
2489 3797 2772 3853 descendit
2813 3796 2879 3851 ad
2922 3794 3163 3859 inferos;
3205 3800 3431 3864 prapter
3480 3808 3579 3849 eos

1998 3895 2090 3963 qui
2132 3892 2333 3946 mortui
2378 3898 2556 3954 erant,
2590 3889 2947 3953 resurrectio,
2985 3887 3295 3957 adeptionis
3324 3887 3576 3956 spiritus.

1997 3986 2264 4041 donorum
2295 3985 2616 4049 divisiones,
2658 3983 3006 4054 repromissae
3046 3996 3266 4035 corona:
3299 4000 3311 4035 :
3339 3981 3445 4035 alia
3490 3984 3578 4034 in~

2000 4094 2167 4149 super
2201 4094 2322 4147 quae
2372 4093 2438 4132 ne
2472 4090 2764 4131 numerare
2792 4074 3011 4145 quidem
3044 4072 3204 4127 facile
3237 4072 3420 4134 fuerit,
3454 4074 3580 4142 qni-

1998 4170 2103 4225 bus
2134 4169 2391 4225 omnibus
2425 4168 2680 4238 congruit
2709 4168 2801 4220 illa
2830 4181 2933 4220 vox
2968 4165 3267 4235 pr0phetre,
3308 4163 3450 4230 Quid
3496 4180 3583 4217 rea

2000 4259 2287 4314 tribuemus
2326 4259 2552 4313 Domino
2596 4274 2692 4327 pro
2738 4257 2977 4312 omnibus
3021 4273 3136 4326 qua:
3188 4256 3428 4311 retribuit
3485 4272 3585 4310 no-.

1998 4351 2077 4405 bis
2098 4351 2179 4404 7‘?
2221 4347 2397 4420 Atque
2451 4350 2614 4405 etiam
2678 4348 2999 4418 magniﬁcus
3054 4348 3146 4402 ille
3211 4363 3325 4402 non
3375 4347 3587 4402 dicitur.

2000 4440 2268 4505 tribuisse,
2296 4441 2390 4496 sed
2412 4440 2739 4502 retribuisse,
2777 4450 3033 4509 tanquam
3057 4439 3103 4494 si
3132 4439 3285 4508 prior
3304 4453 3415 4494 non
3445 4453 3581 4492 con-

303 4539 639 4613 εὐεργεσίαν
677 4532 1116 4605 καταλογίζεται.
1163 4536 1281 4598 Ὃς,
1314 4533 1410 4586 καὶ
1441 4532 1702 4603 χρήματα
1724 4527 1898 4590 διδοὺς

2005 4532 2170 4588 ferret
2200 4532 2454 4603 gratiam,
2489 4530 2582 4585 sed
2613 4530 2681 4586 iis
2714 4530 2808 4600 qui
2841 4530 2994 4600 prius
3034 4528 3423 4591 contulissent,
3454 4525 3584 4581 red-

304 4637 453 4688 σξτεί
480 4631 639 4703 παρά
671 4630 766 4683 σοῦ
798 4628 896 4698 τὴν
925 4625 1294 4698 ἐλεημοσύνην
1328 4623 1418 4678 διὰ
1446 4625 1545 4693 τῆς
1578 4621 1759 4695 χειρὸς
1787 4619 1897 4674 τῶν

2004 4624 2196 4679 deret:
2224 4623 2483 4678 nimirum
2526 4621 2826 4691 gratiarum
2853 4622 3148 4682 actionem,
3178 4635 3300 4690 quae
3329 4620 3400 4674 ab
3435 4618 3583 4673 acci-

307 4725 562 4795 πενήτων
581 4740 597 4754 ·
631 4723 735 4776 κᾶν
757 4720 897 4795 λάόῃ
918 4719 987 4773 τὰ
1014 4718 1227 4785 ἑαυτοῦ,
1256 4717 1522 4788 ἀκεραίαν
1550 4734 1631 4770 σοι
1663 4714 1774 4784 (82)
1799 4713 1898 4784 τὴν

2005 4715 2282 4785 pientilius
2305 4713 2643 4784 rependitur,
2677 4711 2800 4767 loco
2826 4712 2988 4767 habet
3015 4711 3287 4767 beneﬁcii.
3322 4711 3425 4777 Qui
3455 4725 3583 4766 cum

307 4817 472 4889 χάριν
494 4857 511 4880 ,
546 4816 624 4879 ὡς
661 4814 804 4886 ὑπὲρ
849 4813 1102 4876 οἰκείων,
1148 4810 1478 4882 ἀποπληροῖ.
1535 4810 1597 4864 Tl
1635 4804 1729 4863 οὖν
1757 4809 1898 4863 ἀντ-

2005 4806 2216 4862 dederit
2243 4820 2396 4875 Opes,
2431 4812 2613 4858 tamen
2645 4804 3044 4875 eleemosynam
3083 4818 3113 4855 a
3148 4809 3202 4857 te
3242 4816 3337 4871 per
3373 4815 3581 4871 paupe-

307 4908 630 4979 αποόὧμεν
645 4906 725 4972 τῷ
743 4905 944 4975 Κυρίῳ
964 4904 1101 4974 περὶ
1120 4904 1364 4959 πάντων
1382 4898 1460 4959 ὗν
1476 4901 1898 4957 ἀνταπέδωκεν

2005 4915 2128 4953 rum
2171 4913 2369 4953 manus
2419 4896 2821 4968 reposcit:qui
2869 4894 3086 4950 tametsi
3127 4908 3289 4949 suum
3347 4893 3579 4963 accipit,

414 5089 461 5120 “
503 5088 606 5144 lsa.
642 5104 798 5145 τινι,
834 5085 923 5142 16.
1001 5087 1043 5117 ⁸⁷
1085 5084 1230 5139 Psal.
1266 5100 1471 5144 cxvm.
1509 5084 1596 5137 71.
1676 5082 1720 5113 ⁸⁸
1742 5081 1897 5134 Rom.

1999 5098 2064 5140 ll.
2106 5081 2188 5134 l8.
2269 5079 2430 5132 “Joh
2464 5095 2553 5143 xv,
2594 5078 2680 5132 Η.
2755 5079 2801 5110 ⁷⁰
2842 5076 3040 5130 Ji-rem.
3080 5093 3148 5138 χ,
3184 5075 3276 5128 ΕΜ.
3350 5075 3579 5133 "lCur.

313 5176 400 5227 ν,
432 5159 527 5214 32.
599 5159 647 5189 "
684 5158 832 5213 Psal.
886 5172 1013 5216 ων,
1050 5156 1138 5211 12.
1223 5155 1269 5186 ⁷³
1305 5153 1464 5208 Joan.
1503 5168 1544 5217 ι,
1586 5153 1672 5207 Η.
1750 5154 1795 5184 ⁷³
1837 5151 1898 5206 LI:

1999 5153 2065 5205 :h.
2102 5154 2248 5211 n32.
2324 5152 2371 5180 ⁷⁸
2411 5151 2514 5203 lsa.
2556 5165 2630 5210 Ix,
2666 5148 2720 5202 2.
2798 5150 2844 5180 ⁷⁵
2872 5148 3012 5200 Psal.
3048 5162 3171 5203 cxv.
3210 5147 3294 5200 19..

381 5296 495 5359 (77)
527 5296 751 5353 Veteres
774 5294 1505 5367 quatnnrlibriingeniam
1528 5292 1717 5367 ἔδωκε.
1829 5364 1838 5367 _

2074 5289 2186 5357 (80‘,
2219 5290 2442 5367 Antiqui
2468 5290 2577 5367 duo
2602 5286 2726 5344 libri
2757 5296 2809 5341 et
2836 5285 2965 5340 editi
2996 5284 3267 5353 διανομαί.
3292 5283 3395 5336 Alii
3421 5284 3590 5352 quin-.

527 5367 623 5445 l_ta__
648 5361 936 5445 mss-sex.
966 5365 1147 5419 Editio
1181 5361 1356 5445 Paris.
1380 5366 1594 5445 άνεξται
1624 5365 1693 5418 τά
1736 5364 1893 5445 πρός.

2001 5376 2283 5445 'l“?..“.'S.S.-.
2304 5361 2594 5445 «βιωφελῆ-μ
2628 5428 2638 5439 .
2788 5427 2801 5437 .
3383 5423 3395 5445 ,
3472 5422 3484 5433 .

388 5423 496 5505 (79)
531 5438 671 5493 Editi
724 5447 779 5491 et
844 5444 961 5491 tres
1018 5452 1150 5490 mss.
1190 5436 1419 5497 κτίσεως
1467 5423 1894 5505 δορυφορούσης,

2010 5423 2033 5505 _'
2074 5431 2184 5505 (8|)
2222 5430 2326 5485 Ubi
2355 5423 2487 5505 etin
2514 5423 2674 5505 editis
2703 5436 2755 5505 et
2788 5427 2840 5480 in
2872 5441 3007 5481 mss.
3038 5432 3357 5505 constanter
3383 5423 3593 5505 legitur

321 5490 460 5561 omni
482 5486 733 5565 ’creatura
783 5525 881 5560 nos
912 5507 1160 5569 stipante.
1198 5507 1357 5561 male.
1394 5486 1547 5574 Regii
1597 5486 1894 5573 ﬁriums‘éi

1999 5486 2370 5574 ὑπάρξαντας,
2406 5500 2479 5554 ibi
2528 5499 2818 5574 legendum
2868 5512 2989 5574 esse
3034 5486 3582 5574 dndpgavmgputat

322 5579 509 5635 tertius
539 5564 663 5636 cum
687 5580 911 5634 duobus
941 5564 1274 5651 (Alolbertinis
1302 5564 1533 5651 utinam;
1562 5564 1895 5646 δωροφορού-
1999 5564 2363 5651 (lo_nibe_lisii_is
2395 5590 2405 5623 :
2445 5571 2538 5651 qui
2574 5564 2627 5649 si
2649 5584 2814 5651 suam.
2840 5564 3213 5651 conjecturam
3242 5565 3447 5651 veteris
3478 5564 3565 5617 ali-

328 5663 439 5715 της.
463 5652 599 5704 omni
644 5660 901 5703 creatura
938 5648 1092 5701 denis
1129 5664 1188 5700 ac
1238 5635 1535 5701 muneribus
1585 5635 1675 5699 nos
1717 5635 1895 5699 ruiuu-
1999 5644 2156 5715 rnjus
2200 5642 2320 5715 libri
2354 5635 2668 5715 testimonio
2714 5637 3089 5715 slabjlivisset,
3146 5651 3245 5690 nos
3292 5635 3444 5689 nullo
3480 5648 3575 5687 nc—

324 5709 474 5786 me,
515 5734 679 5776 recte.

1999 5714 2144 5781 εσὶο
2178 5712 2497 5765 adduxisset
2526 5712 2578 5764 in
2616 5709 2939 5765 sententiam
2973 5723 3148 5762 suam.
