4052 6214
401 314 510 373 Ξῦδ
1708 313 1767 371 S.
1811 308 2055 369 BASlLll
2097 303 2314 364 MAGNI
3554 298 3665 357 156

402 436 505 492 tibi
533 442 716 492 tamen
758 437 926 493 veluti
973 443 1067 491 tua
1102 434 1257 491 danti
1301 434 1535 507 gratiam
1586 435 1853 507 integram
1895 449 1982 489 re-

2084 426 2264 498 ﬁyi’r;
2298 426 2371 480 Οὐ
2406 424 2515 496 γὰρ
2555 422 2786 493 ἀφίεμαι
2827 423 2924 493 τῆς
2957 420 3139 492 φωνῆς
3188 417 3283 474 τοῦ
3340 420 3662 493 Προφήτου,

405 526 531 584 fert.
574 527 723 595 Quid
749 528 916 599 igitur
946 527 1294 582 retribuemus
1334 527 1560 581 Domino
1606 542 1702 595 pro
1748 525 1990 579 omnibus

2092 518 2275 581 καλῶς
2304 515 2658 587 ἀποροῦντος,
2707 514 2801 567 καὶ
2833 510 3291 584 περισκοποῦντος
3329 510 3522 565 ἑαυτοῦ
3567 513 3664 581 τὴν

403 631 520 683 quis
549 615 796 670 retribuit
840 617 1031 673 nobis?
1060 616 1177 672 Non
1209 619 1356 672 enim
1397 618 1592 672 desero
1637 633 1823 671 vocem
1853 615 1992 669 Pro-

2091 610 2315 673 πενίαν,
2368 609 2449 660 ὅτι
2505 606 2657 660 οὐδὲν
2689 604 2802 675 ἐχει
2840 605 2977 675 πρὸς
3029 603 3295 657 ἀντίδοσιν
3344 603 3514 668 ἀξιον.
3568 603 3664 666 ⁸ος

405 705 601 775 phetze,
637 706 809 774 probe
840 706 1240 770 addubitantis,
1283 722 1348 762 ac
1388 708 1630 777 inapiam
1679 721 1835 763 suam
1879 706 1992 758 cir-

2091 702 2176 770 ἐφ’
2217 700 2360 752 οὕτω
2399 698 2660 769 μεγάλαις
2696 698 2789 750 καὶ
2835 696 3116 768 λαμπραίς
3165 695 3538 767 εὐεργεσίαις,
3573 697 3663 748 οὐ·

404 796 843 864 cumspicienlis,
871 795 975 868 41
1012 798 1174 852 talem
1206 797 1461 853 videlicet
1503 798 1552 853 ei
1600 805 1660 852 ut
1689 797 1825 851 nihil
1860 813 1992 866 sup-

2095 807 2159 861 με
2168 790 2289 843 νοῦν
2312 789 2563 860 ἐχούσαις
2594 790 2694 841 ὐπε
2705 787 2920 859 ρὸολὴν,
2946 786 3382 841 πολλαπλασίονα
3401 787 3533 857 ἡμῖν
3555 786 3664 855 (85)

409 891 620 952 peteret
652 884 879 955 dignum
909 886 1055 956 quod
1100 886 1517 943 retribueretur.
1544 886 1809 941 Dominus
1840 887 1988 940 enim

2089 883 2157 936 τὰ
2205 885 2285 946 είς
2317 882 2542 952 ὕστερον
2586 879 3011 949 ἐπαγγέλλεται.-
3057 877 3381 949 παραδείσυυ
3427 878 3662 949 τρυφὴν,

407 982 534 1041 post
572 974 836 1030 beneﬁcia
881 977 1017 1031 adeo
1052 991 1248 1047 magna
1298 976 1716 1047 splendidaque,
1761 990 1862 1029 nec
1908 982 1992 1027 ta—

2091 974 2370 1039 καὶδόξαν
2409 975 2467 1026 ὲν
2504 972 2783 1043 βασιλείᾳ,
2842 972 2939 1025 καὶ
2984 969 3299 1040 ίσαγγέλους
3342 969 3528 1039 τιμὰς,
3570 968 3665 1022 καὶ

408 1077 531 1118 men
582 1066 731 1119 omni
774 1082 971 1136 genere
1016 1068 1357 1138 praestantia,
1403 1068 1562 1124 nobis
1611 1069 1666 1122 in
1708 1077 1990 1138 posterum

2090 1066 2223 1121 Θεοῦ
2254 1065 2613 1136 κατανόησινο
2654 1065 2792 1136 ὅπερ
2837 1066 2949 1126 τοῖς
2988 1060 3264 1127 ἀξιωθεῖσι
3289 1060 3398 1116 τῶν
3446 1058 3666 1128 ἀγαθῶν

409 1155 588 1211 ιτιιιΙιο
616 1156 826 1227 majora
853 1158 1163 1228 pollicetur,
1199 1158 1438 1230 paradisi
1478 1160 1725 1223 delicias,
1752 1159 1989 1215 dandam

2091 1160 2207 1212 ἐστι
2244 1157 2307 1210 τὸ
2352 1157 2684 1226 ἀκρότατον
2717 1148 2777 1207 οὗ
2814 1155 2964 1208 πᾶσα
3005 1152 3215 1221 ἐφίεται
3249 1149 3439 1221 λογικὴ
3468 1150 3660 1219 φύσις·

410 1246 465 1300 in
513 1261 681 1317 regno
728 1248 982 1319 gloriam,
1032 1250 1271 1305 honores
1324 1252 1643 1322 angelorum
1687 1252 1991 1307 honoribus

2090 1244 2152 1303 οὐ
2185 1248 2280 1301 καὶ
2308 1249 2468 1319 ἡμεῖς
2500 1245 2874 1315 ἐπιτύχοιμεν,
2902 1245 2966 1296 ἐκ
2984 1243 3094 1295 τῶν
3121 1240 3311 1295 παθῶν
3337 1241 3437 1311 τῆς
3467 1240 3668 1312 σαρκὸς

411 1337 557 1392 haud
591 1338 848 1410 impares,
891 1341 1130 1412 denique
1172 1342 1268 1398 Dei
1317 1343 1685 1414 cognitionem
1714 1362 1727 1395 ε
1757 1344 1807 1398 id
1838 1344 1988 1409 quod

2091 1339 2318 1402 ἑαυτοὺς
2352 1335 2778 1408 ἐκκαθάραντες.
2814 1333 2941 1398 Πῶς
2974 1330 3088 1399 οὖν,
3120 1334 3276 1404 φησὶ,
3318 1331 3380 1386 τὸ
3423 1347 3668 1385 κοινωνισι

410 1428 503 1494 iis,
532 1430 625 1500 qui
662 1430 810 1501 digni
848 1430 1019 1487 habiti
1050 1441 1200 1499 sunt,
1237 1450 1512 1490 sununum
1547 1435 1750 1489 bonum
1784 1444 1905 1499 est;
1938 1435 1991 1489 id

2092 1430 2186 1483 κον
2233 1430 2328 1484 καὶ
2368 1428 2721 1498 φιλόστοργον
2754 1426 2817 1498 (ὃ
2866 1426 3082 1498 πρῶτόν
3124 1428 3243 1479 ἐστι
3289 1423 3399 1478 τῶν
3447 1421 3669 1492 ἀγαθῶν

409 1518 556 1589 (ιιιοά
620 1520 801 1576 omnis
858 1533 1055 1576 natura
1098 1526 1314 1580 ratione
1362 1526 1588 1595 praedita
1645 1529 1886 1597 expetit;
1938 1527 1989 1582 id

2092 1523 2185 1576 καὶ
2213 1521 2548 1575 τελειότατον
2572 1560 2587 1584 ,
2633 1518 2767 1572 διότι
2803 1519 3078 1589 πλήρωμα
3120 1517 3286 1589 νόμου
3315 1518 3349 1588 ὴ
3403 1514 3662 1587 ἀγάπη)·

408 1607 557 1678 quod
625 1608 834 1662 utinam
908 1617 963 1665 et
994 1612 1220 1679 nos,uhi
1253 1627 1284 1665 a
1317 1613 1503 1667 carnis
1550 1612 1832 1667 atl‘ectibus
1862 1628 1989 1668 nos-

2092 1615 2231 1686 πρὸς
2271 1614 2400 1677 τοὺς
2452 1611 2680 1682 πλησίον
2732 1609 3146 1681 ἐπιδειξόμεθα;
3203 1607 3489 1672 Ἐπειδὰν,
3532 1608 3667 1677 πρός

411 1701 678 1773 rnetipsos
709 1706 1217 1774 expurgaverimus,
1263 1706 1658 1775 adipiscamur.
1707 1704 1991 1772 Quomodo

2090 1724 2241 1773 τινας
2284 1710 2390 1761 ὑπὸ
2428 1706 2680 1778 μεγάλων
2733 1701 3027 1775 συμφορῶν
3060 1698 3458 1771 κατεχομένους
3497 1696 3669 1750 είσελ-

413 1792 605 1863 igitur,
642 1795 852 1864 inquiet
883 1796 1105 1865 aliquis.
1153 1798 1690 1851 commiserationem
1729 1798 1987 1852 socialem

2093 1798 2296 1862 θόντες.
2322 1799 2397 1869 μὴ
2423 1797 2807 1867 συγκλαίωμεν
2831 1796 3034 1857 αὐτοῖς,
3059 1791 3194 1864 μηδέ
3224 1789 3666 1862 συνδακρύωμεν,

413 1895 575 1953 atque
609 1885 932 1940 charitatem
985 1886 1153 1957 (quod
1199 1889 1465 1943 bonorum
1514 1891 1752 1958 primum
1801 1896 1887 1944 est
1936 1897 1991 1943 et

2092 1890 2205 1944 ἀλλ’
2239 1889 2652 1962 εὐχαριστῶμεν
2690 1887 2785 1939 ἐπὶ
2812 1888 2927 1950 τοῖς
2957 1883 3287 1955 γενομένοις.
3321 1883 3535 1935 Οίκεῖον
3572 1879 3671 1950 μὲν

412 1974 897 2044 perfectissimum,
933 1991 1060 2031 cum
1094 1978 1378 2049 plenitudo
1411 1979 1547 2049 legis
1580 1977 1802 2034 dilectio
1837 1980 1991 2050 sit")

2091 1982 2200 2054 γὰρ
2226 1982 2397 2046 πάθος
2451 1984 2567 2053 μετ’
2607 1978 2957 2053 εὐχαριστίας
3015 1976 3337 2043 ὑπενεγκεῖν
3394 1971 3675 2042 ὑπομονῆς

414 2067 666 2136 proximo
715 2076 907 2121 nostro
959 2084 1153 2124 sumus
1183 2072 1494 2125 ostensnri?
1526 2070 1797 2136 Quoniam
1846 2071 1891 2126 si
1924 2071 1992 2125 ad

2094 2071 2206 2143 ἔχει
2238 2072 2331 2125 καὶ
2360 2072 2661 2142 καρτερίας
2684 2068 2959 2133 ἀπόδειξιν
2988 2067 3100 2138 (84)
3121 2083 3134 2096 ·
3164 2066 3249 2118 ἐπ’
3281 2063 3589 2135 ἀλλοτρίαις
3615 2062 3672 2116 δέ

412 2159 629 2229 aliquos
673 2160 888 2231 magnis
927 2161 1335 2217 calamitatibus
1374 2177 1440 2217 ac
1473 2162 1734 2216 aerumnis
1773 2176 1994 2231 Oppres-

2098 2165 2405 2235 συμφοραῖς
2453 2164 2798 2233 εὐχαριστεῖν
2831 2159 2909 2230 τῷ
2952 2156 3075 2228 Θεῷ
3132 2154 3515 2227 ἐπιχαίροντός
3558 2155 3672 2207 ἐστι

410 2264 505 2307 sos
536 2250 888 2316 accedamus,
912 2268 1260 2323 nequaquam
1291 2270 1415 2309 cum
1445 2256 1580 2325 ipsis
1607 2254 1878 2319 ﬂebimus,
1902 2264 1996 2309 aut

2093 2258 2205 2320 τοῖς
2250 2259 2441 2320 κακοῖς
2505 2257 2601 2309 καὶ
2657 2252 3047 2326 παροξύνοντος
3080 2250 3207 2314 τούς
3264 2246 3671 2319 λυπουμένουςο

410 2344 967 2415 collacrymabimus;
1000 2345 1110 2398 imo
1139 2343 1207 2399 de
1238 2345 1329 2409 iis,
1360 2360 1483 2415 qua:
1512 2345 1836 2408 acciderint,
1872 2361 1995 2416 age-

2095 2347 2189 2401 κα¹ι
2217 2345 2388 2400 ταῦτα
2417 2346 2510 2400 τοῦ
2544 2344 2867 2399 Ἀποστόλου
2896 2341 3282 2413 ἐπιτρέποντος
3307 2342 3440 2412 ἡμῖν
3467 2337 3674 2391 κλαίειν

411 2448 536 2491 mus
566 2433 794 2505 gratias.
833 2433 914 2488 Ac
955 2432 1179 2504 quidem
1222 2448 1377 2488 suam
1423 2433 1599 2504 ipsius
1645 2432 1991 2486 aﬂlictionem

2098 2438 2234 2509 μετά
2280 2438 2597 2492 κλαιόντων.
2644 2436 2709 2489 Τί
2761 2431 2854 2490 οὖν
2904 2434 3135 2506 ἐροῦμεν
3182 2431 3317 2503 πρὸς
3361 2429 3674 2495 ταῦτα;“11

409 2540 538 2581 cum
576 2526 872 2597 gratiarum
910 2526 1126 2580 actione
1165 2525 1427 2595 perferre,
1465 2524 1744 2593 patientia:
1785 2531 1870 2578 cst
1903 2532 1991 2577 at-

2096 2531 2258 2583 πάλιν
2305 2529 2619 2598 ἀναγκαίως
2673 2528 2784 2580 τῶν
2839 2526 2934 2579 τού
2969 2523 3175 2595 Κυρίου
3208 2523 3383 2590 λόγων
3428 2519 3674 2590 ὑπομνή-

415 2633 526 2688 que
558 2617 884 2673 constantiae
929 2625 1349 2687 argumentum;
1393 2615 1489 2671 sed
1530 2630 1630 2686 pro
1668 2616 1996 2671 calamitati-

2098 2639 2261 2692 σομεν
2296 2623 2439 2692 ὑμᾶς
2471 2620 2607 2691 (85),
2642 2619 2735 2671 ἐπὶ
2783 2617 2894 2670 τίσι
2940 2616 3153 2687 χαίρειν
3203 2610 3671 2685 προσετάχθημεν,

413 2708 519 2765 bus
578 2709 773 2764 alienis
826 2707 936 2764 Deo
985 2709 1214 2779 gratiam
1271 2707 1490 2770 habere,
1539 2708 1861 2763 insultantis
1911 2715 1996 2762 est

2097 2716 2189 2768 καὶ
2225 2716 2320 2768 ἐπὶ
2366 2715 2477 2766 τίσι
2527 2711 2776 2775 πενθεῖν;
2828 2710 3101 2776 Χαίρετε,
3155 2706 3310 2777 φησὶ,
3350 2703 3447 2758 καί
3488 2704 3678 2772 dra}-

413 2802 575 2857 malis
614 2801 808 2857 alienis
852 2809 906 2856 et
942 2801 1211 2856 irritantis
1235 2799 1489 2865 aﬂlictos,
1532 2801 1834 2870 prmsertim
1869 2816 1994 2854 cum

2096 2807 2329 2869 λιᾶσθε,
2359 2807 2448 2861 ὅτι
2482 2810 2516 2861 ό
2558 2805 2775 2875 μισθὸς
2818 2803 2987 2874 ὑμῶν
3022 2803 3217 2867 πολὺς
3245 2803 3312 2856 ὲν
3339 2800 3460 2866 τοῖς
3503 2801 3676 2867 adfa-

414 2893 485 2948 ab
527 2891 1108 2963 Apostolojubeamur
1152 2906 1277 2944 cum
1317 2890 1571 2945 ﬂentibus
1608 2892 1820 2945 ﬂere”.
1854 2892 1993 2957 Quid

2096 2899 2255 2966 νοῖς,
2309 2900 2404 2953 καὶ
2450 2899 2640 2952 πάλιν.
2713 2894 3042 2966 θυγατέρες
3104 2892 3493 2962 Ἰερουσαλὴμ
3517 2931 3532 2955 9
3592 2890 3676 2960 μὴ

416 2982 585 3054 igitur
606 2983 674 3036 ad
701 2982 818 3038 haec
844 2981 1133 3037 dicemus?
1165 2981 1332 3036 Estne
1365 2998 1559 3038 rursus
1593 2997 1818 3037 necesse
1840 2984 1996 3040 vobis

2099 2994 2338 3047 κλαίετε
2388 2992 2483 3045 ἐπ’
2519 2990 2645 3060 ἐμὲ.
2698 2989 2861 3044 ἀλλὰ
2909 2987 3219 3041 κλαύσατε
3254 2985 3351 3038 ἐπὶ
3386 2984 3459 3038 τὰ
3498 2982 3678 3038 τέκνα

416 3075 473 3129 in
506 3074 826 3129 memoriam
862 3073 1127 3127 reducere
1154 3070 1371 3127 Domini
1405 3074 1590 3140 verba,
1621 3073 1824 3144 quibus
1851 3075 1994 3145 jussi

2098 3080 2283 3151 ὑμῶν.
2309 3080 2518 3134 Οὐκοῦν
2552 3078 2784 3141 δικαίοις
2823 3077 2918 3148 μὲν
2949 3075 3246 3146 συσκιρτᾷν
3274 3075 3369 3127 καὶ
3410 3072 3674 3141 ωναγάλ-

417 3180 612 3222 sumus
643 3166 699 3220 in
736 3164 1011 3236 aliquibus
1055 3163 1313 3236 gaudere,
1361 3166 1415 3220 in
1465 3167 1741 3236 aliquibus
1774 3168 1996 3238 lugere?

2099 3173 2287 3227 λεσθαι
2316 3176 2344 3226 ὁ
2378 3173 2523 3236 θεῖος
2553 3171 2711 3239 λόγος
2738 3168 2846 3238 (86)
2889 3170 3021 3238 ἡμῖν
3047 3165 3352 3236 ἐπιτρέπει,
3383 3167 3495 3228 τοῖς
3524 3163 3581 3217 δὲ
3614 3167 3679 3217 ἐκ

419 3257 677 3321 Gaudete,
704 3258 900 3328 inquit,
931 3267 980 3313 et
1008 3258 1289 3324 exsuttate,
1321 3261 1569 3329 quoniam
1600 3276 1792 3314 merces
1822 3271 1995 3315 vestra

2103 3263 2391 3337 μετανοίας
2435 3263 2641 3332 ἀφιεῖσι
2690 3259 2923 3330 δάκρυον
2968 3256 3297 3326 συμπενθεῖν
3330 3256 3423 3308 καὶ
3464 3253 3684 3310 συνοδύ-⁸

415 3351 628 3419 copiosa
667 3360 744 3404 est
771 3351 825 3405 in
857 3349 1081 3405 ralis".
1122 3349 1186 3403 Et
1213 3350 1411 3404 iterum
1442 3369 1454 3405 :
1491 3349 1648 3405 Filiie
1667 3350 1990 3417 Jerusafem,

2103 3356 2375 3428 ρεσθαι,ῆ
2428 3355 2553 3417 τούς
2602 3350 2921 3421 ἀναλγήτως
2965 3347 3345 3418 διακειμένους
3388 3345 3686 3401 ἀποκλαίε-ι

417 3441 579 3497 nolite
606 3441 734 3513 ﬂere
764 3457 919 3511 super
949 3458 1047 3508 me,
1082 3440 1170 3496 sed
1196 3441 1315 3511 ﬂete
1345 3456 1499 3508 super
1527 3441 1669 3512 ﬁlios
1700 3454 1895 3498 vestros
1922 3447 1987 3498 ⁸ο.

1619 3459 1669 3496 os
1700 3454 1895 3498 vestros
1922 3447 1987 3498 ⁸ο.
2102 3448 2246 3513 σθαι,
2278 3449 2360 3501 ὅτι
2395 3448 2512 3500 οὐδὲ
2541 3446 2688 3498 ἴσασι
2722 3442 2840 3505 πῶς
2874 3442 3219 3495 ἀπόλλυνται.

415 3532 603 3603 Itaque
627 3534 871 3605 praecipit
899 3535 1057 3589 nobis
1082 3549 1261 3589 sermo
1290 3535 1530 3597 divinus,
1566 3544 1623 3588 ut
1658 3552 1780 3590 cum
1811 3537 1979 3605 justis
2007 3540 2226 3609 quidem
2262 3541 2600 3595 exsullemus
2643 3551 2706 3591 ac
2740 3536 3019 3597 laetemur;
3086 3533 3369 3602 lugeamus
3435 3545 3563 3585 vero
3625 3541 3681 3587 at

418 3625 781 3681 lamentemur
829 3640 953 3678 cum
1001 3626 1068 3681 iis
1111 3624 1205 3696 qui
1250 3641 1315 3679 ex
1364 3626 1689 3695 pcenitentia
1736 3628 2023 3684 effundunt
2063 3631 2335 3702 lacrymas
2363 3652 2375 3685 :
2405 3637 2497 3684 aut
2547 3629 2711 3683 etiam
2761 3642 2857 3680 eos
2907 3626 2998 3695 qui
3042 3622 3192 3677 nullo
3239 3621 3447 3678 doloris
3500 3637 3669 3677 sensu

418 3719 738 3783 tanguntur,
771 3711 1140 3781 deplorcmus,
1190 3712 1335 3783 quod
1370 3713 1547 3782 perire
1592 3729 1652 3769 se
1699 3731 1766 3768 ne
1800 3716 2101 3787 intelligant
2132 3720 2350 3790 quidem

488 3804 543 3860 8.
581 3805 851 3860 Cteterum
882 3805 1190 3875 implevisse
1212 3806 1529 3860 mandatum
1563 3807 1988 3879 haudquaquam

2167 3813 2219 3865 8.
2250 3813 2382 3882 Οὐχὶ
2408 3811 2464 3864 δὲ
2485 3811 2577 3863 ἐπὶ
2603 3808 2818 3877 θανάτῳ
2840 3804 3142 3875 ἀνθρώπων
3190 3802 3668 3865 κατακλαύσαντα,

418 3893 695 3966 putandus
744 3903 827 3950 est
864 3895 958 3965 qui
1009 3895 1291 3949 hominum
1336 3904 1565 3950 mortem
1612 3897 1880 3967 deplorat,
1942 3909 1994 3953 et

2100 3905 2193 3957 καὶ
2235 3903 2347 3972 (87)
2394 3900 2830 3968 συνεκϐοήσαντα
2877 3900 2989 3959 τοῖς
3038 3894 3330 3961 πενθοῦσι,
3385 3893 3675 3965 πληρωτὴν

419 3999 546 4039 cum
576 3985 890 4055 lugentibus
927 3986 1040 4040 edit
1062 3986 1378 4042 clamorem.
1412 3986 1598 4056 Neque
1628 3990 1773 4043 cnim
1809 3990 1997 4044 lauda-

2104 3998 2373 4068 προσήκει
2423 3993 2666 4062 νομίζειν
2727 3987 2866 4044 εἶναι
2932 3990 3029 4058 τῆς
3082 3988 3319 4058 ἐντολῆς.
3380 3986 3518 4040 Ούτε
3570 3987 3677 4057 γὰρ

418 4075 591 4130 νει-ἱιιι
624 4076 917 4144 medicum,
950 4079 1043 4147 qui
1077 4093 1201 4133 cum
1231 4094 1387 4148 opem
1425 4082 1822 4151 aegrotantibus
1857 4083 1998 4138 l'errc

2108 4085 2292 4156 ἰατρὸν
2326 4081 2554 4145 ἐπαινῶ,
2585 4082 2676 4133 τὸν
2704 4081 2827 4133 ἀντὶ
2855 4080 2948 4132 τοῦ
2982 4078 3195 4148 βοηθεῖν
3216 4080 3327 4141 τοῖς
3357 4077 3674 4147 κάμνουσιν,

420 4168 666 4234 deberet,
695 4168 904 4223 morbis
935 4168 1053 4237 ipse
1081 4170 1416 4238 repleretur;
1449 4186 1625 4238 neque
1653 4173 1996 4236 nauclerum,

2105 4176 2267 4229 αὐτὸν
2289 4173 2398 4227 τῶν
2426 4172 2747 4242 νοσημάτων
2778 4169 3300 4241 ἀναπιμπλάμενον·
3331 4167 3452 4222 οὔτε
3485 4168 3678 4238 κυίῖερς

422 4259 518 4330 qui
564 4274 691 4314 cum
731 4260 956 4315 deberet
1002 4262 1390 4332 navigantibus
1439 4280 1696 4333 praeesse.
1735 4265 1999 4321 adversus

2106 4269 2295 4337 νήτην,
2329 4265 2450 4319 ἀντὶ
2482 4264 2575 4316 τοῦ
2615 4266 2833 4334 κρατεῖν
2872 4262 2977 4315 τῶν
3011 4261 3355 4332 ἐμπλεόντων
3381 4302 3396 4327 ,
3439 4260 3533 4314 καὶ
3566 4264 3677 4323 τοῖς

421 4356 615 4405 ventos
647 4364 914 4420 pugnare,
941 4349 1141 4409 ﬂuctus
1171 4355 1347 4410 vitare
1379 4370 1444 4410 ac
1474 4355 1782 4412 timidiores
1807 4357 1995 4421 solari,

2106 4358 2378 4428 πνεύμασι
2417 4355 2708 4426 μάχεσθαι,
2739 4355 2833 4408 καὶ
2863 4353 3178 4422 διαφεύγειν
3210 4352 3279 4406 τὰ
3312 4352 3551 4421 κύματα,
3585 4353 3681 4406 καὶ

421 4450 715 4497 nausearet
748 4444 886 4513 ipse,
926 4452 981 4498 et
1012 4460 1118 4499 una
1141 4462 1266 4500 cum
1309 4446 1376 4501 iis
1402 4448 1494 4517 qui
1525 4448 1602 4503 rei
1637 4449 1871 4503 nauticae
1896 4451 1999 4503 im-

2104 4446 2548 4519 παραμυθεῖσθαι
2573 4446 2700 4509 τοὺς
2720 4445 3071 4517 δειλοτέρους,
3101 4444 3406 4499 ναυτιῶντα
3437 4446 3530 4498 καὶ
3556 4462 3677 4499 συν-

421 4529 581 4598 periti
610 4537 761 4593 sunt,
800 4532 984 4587 animo
1027 4534 1361 4590 concideret.
1404 4536 1687 4606 Ejusmodi
1728 4547 1812 4594 est
1842 4539 1999 4609 quis-

2105 4539 2336 4593 ἀλύοντα
2367 4540 2479 4601 τοῖς
2508 4536 3007 4606 ἀπειροθαλάττοις.
3045 4535 3297 4599 Τοιοῦτος
3336 4537 3444 4608 γάρ
3472 4539 3618 4590 ἐστιν
3649 4539 3682 4589 ὁ

419 4621 546 4691 quis
576 4621 690 4677 adit
737 4622 1006 4693 lugentes,
1054 4641 1158 4681 nec
1206 4634 1385 4682 tamen
1428 4630 1642 4685 ratione
1692 4646 1790 4685 sua
1839 4647 1995 4694 usus,

2106 4631 2242 4700 πρὸς
2288 4629 2415 4692 τοὺς
2455 4626 2784 4688 πενθοῦντας
2824 4624 3040 4686 είσιὼν,
3075 4625 3169 4678 καὶ
3214 4624 3287 4695 μὴ
3342 4625 3439 4694 τῆς
3491 4626 3554 4677 ἐκ
3582 4625 3677 4677 τοῦ

421 4714 720 4786 quidquam
748 4716 829 4771 eis
863 4717 1104 4788 impertit
1142 4721 1532 4788 emolumenti;
1571 4723 1667 4778 sed
1713 4724 1893 4793 potius
1930 4740 1997 4778 ex

2101 4721 2303 4774 οἰκείου
2334 4720 2495 4788 λόγου
2525 4718 2795 4789 ὠφελείας
2823 4717 3157 4789 μεταδιδοὺς,
3190 4715 3327 4770 ἀλλὰ
3351 4716 3448 4786 τῆς
3475 4717 3539 4769 ἐκ
3569 4715 3678 4768 τῶν

424 4806 620 4863 alienis
647 4806 930 4864 aﬂ‘ectibus
959 4808 1195 4866 dedecus
1232 4813 1529 4867 contrahit.
1557 4813 1660 4867 Par
1692 4815 1858 4886 igitur
1880 4814 1999 4869 fue-

2100 4811 2394 4883 ἀλλοτρίων
2422 4810 2607 4864 παθῶν
2635 4808 3024 4881 ἀσχημοσύνης
3052 4806 3502 4879 μεταλαμϐάνων.
3531 4807 3679 4859 Ἑπι-

422 4898 496 4952 rit
524 4896 591 4952 de
636 4898 830 4954 alienis
878 4899 1284 4954 calamitatibus
1333 4916 1397 4955 ac
1441 4904 1700 4957 :crumnis
1725 4903 1995 4959 amictari.

2101 4902 2419 4973 στυγνάζειν
2471 4903 2568 4973 μὲν
2615 4897 2709 4956 οὖν
2758 4904 2877 4965 ταῖς
2918 4900 3219 4969 συμφοραῖς
3265 4897 3374 4949 τῶν
3421 4896 3678 4950 πενθούν-

421 4987 557 5043 Nam
583 4989 687 5045 hoc
712 5000 870 5061 pacto
899 4990 1224 5047 alﬂictorum
1260 4993 1657 5050 conciliaturus
1700 4996 1795 5049 tibi
1827 5011 1886 5051 es
1915 4996 1994 5049 fa—

2100 5013 2206 5049 των
2236 4993 2372 5067 (88),
2398 4992 2709 5048 ἀκόλουθον.
2730 4991 2885 5046 Οὕτω
2914 4991 3023 5060 γὰρ
3059 4989 3249 5043 ἐαυτὸν
3282 4988 3542 5061 οἱκειὼσῃ
3566 4992 3678 5052 τοῖς

492 5143 537 5175 ⁷⁷
578 5142 735 5198 Rom.
774 5161 903 5209 xui,
941 5146 1029 5201 10.
1103 5147 1150 5179 ⁷⁸
1195 5145 1342 5201 Rom.
1380 5164 1494 5209 xu,
1534 5148 1618 5202 15.
1696 5149 1739 5180 ⁷⁹
1782 5148 1971 5204 Matth.
2006 5167 2058 5215 ν,

1214 5145 1342 5201 tum.
1380 5164 1455 5200 xu
1480 5188 1494 5209 ,
1534 5148 1618 5202 15.
1696 5149 1739 5180 τ’
1782 5148 1971 5204 Matth.
2006 5167 2058 5215 γ,
2095 5149 2181 5203 12.
2259 5150 2304 5182 ⁸ο
2346 5148 2479 5205 Luc.
2516 5163 2689 5212 ut",
2723 5146 2814 5203 28.

640 5256 1109 5333 godices_aliquot
1133 5261 1387 5333 ἀκέραιόν
1415 5278 1505 5333 σοι
1686 5329 1728 5333 __

2103 5264 2378 5333 μνήσομεν
2408 5263 2459 5333 ἰιι
2492 5261 2768 5333 aliquibus
2798 5275 2943 5333 mss:
2962 5259 3158 5333 legitur
3182 5259 3600 5333 ὑπομνήσωμεν.

496 5328 607 5401 (85)
642 5327 823 5401 Editio
872 5328 1047 5401 Paris.
1077 5327 1516 5384 πολλαπλασίονά
1561 5348 1638 5383 σε.
1686 5329 1840 5386 Unus
1882 5347 1985 5384 ms.

1947 5348 1985 5384 s.
2103 5327 2114 5333 ’
2169 5327 2290 5399 (86)
2313 5332 2536 5401 Antiqui
2565 5327 2681 5385 tres
2705 5331 2828 5386 libri
2861 5329 3001 5392 θεῖος
3021 5327 3207 5401 νόμος,
3238 5327 3547 5401 (crdinum.

425 5396 961 5473 πολλαπλασίοναδέ.
986 5401 1137 5473 Alius
1163 5401 1598 5473 πολλαπλασίονά
1624 5418 1703 5453 τε.
1728 5401 1991 5473 Alii‘quaf

2118 5472 2145 5473 ﬂ
2171 5395 2283 5473 (87)
2317 5395 2574 5457 Voculam
2613 5402 2707 5454 καί
2735 5418 2801 5455 ex
2833 5395 3099 5469 antiquis'
3122 5398 3296 5455 tribus
3337 5400 3493 5454 libris
3518 5395 3672 5451 addi-

425 5477 550 5540 tuor
580 5467 727 5521 nulla
758 5485 816 5523 re
858 5468 1140 5535 interiecta
1184 5469 1617 5524 πολλαπλασίονα
1655 5473 1804 5540 ἡμῖν.
1837 5467 1990 5524 Ιίιιιιιί

697 5485 727 5521 a
758 5485 816 5523 re
858 5468 1140 5535 interiecta
1184 5469 1617 5524 πολλαπλασίονα
1655 5473 1804 5540 ἡμῖν.
1837 5467 1990 5524 Haud
2098 5467 2297 5527 diutus.

426 5535 719 5623 longe‘tres
748 5552 884 5593 mss.
916 5540 1142 5623 τργφάς·
1320 5610 1330 5623 _
1509 5610 1558 5623 ,,
1619 5609 1640 5623 ,
1675 5535 1707 5540 Π

2173 5542 2284 5623 (88)
2318 5541 2450 5623 Reg.
2475 5540 2677 5623 tertius,
2697 5547 2749 5594 et
2774 5538 2876 5623 alii.
2898 5539 3008 5593 duo
3043 5554 3177 5623 mss.
3211 5538 3512 5623 Colbert'ini
3544 5553 3678 5620 συμ-

521 5608 610 5665 84)
645 5606 775 5680 licg.
802 5606 1075 5680 secundus
1107 5610 1398 5680 καρτερίας
1427 5609 1712 5674 ἀνάδειξιν.
2102 5631 2121 5680 ιε

2102 5606 2292 5680 φοραῖς
2319 5606 2427 5664 τῶν
2444 5611 2808 5680 πεπονθότων.
2830 5608 2951 5663 Mox
2971 5617 3209 5680 quatuor
3238 5625 3371 5668 mss.
3394 5607 3672 5679 οίκειώσῃ.

523 5680 616 5750 85)
646 5676 871 5750 Veteres
921 5678 1144 5750 quidam
1185 5676 1307 5734 libri
1335 5688 1389 5735 et
1438 5681 1569 5734 editi
1613 5680 1996 5750 ὺπομνήσομεν
2106 5676 2123 5738 ἐ

1613 5680 1996 5750 ὐπομνήσομεν
2106 5676 2210 5741 Alii
2239 5690 2352 5741 tros
2381 5681 2671 5737 οἰκειώσει.
2712 5679 2857 5737 Editi
2884 5676 3203 5745 οἱκείὡσεις.

428 5747 673 5815 ἑαυτούς.
696 5749 799 5807 Alii
828 5747 1093 5806 tresmss.
1118 5749 1504 5822 ὑπομνήσωμεν
1539 5752 1701 5823 ὑμᾶς.
1723 5747 1844 5809 Ῥιιο
1867 5747 1997 5805 ὐπο-
