4052 6214
300 342 403 397 25⁸1

1320 341 1603 398 HOMILIA
1644 341 1712 397 IN
1747 342 2140 398 MARTYREM
2179 342 2549 400 JULITTAM.

3467 350 3576 406 258

301 458 593 527 πάσχουσι,
631 454 707 526 μὴ
739 452 1237 525 καθιλαρευόμενος
1271 454 1378 507 τῶν
1409 454 1727 526 συμφορῶν,
1756 455 1887 526 μηδὲ

1996 454 2367 510 miliaritatem
2417 463 2582 524 atque
2617 455 3072 519 benevolentiam,
3113 471 3288 527 neque
3337 457 3570 515 hilarem

305 546 670 618 ὲναδιαφορῶν
738 548 854 608 τοῖς
906 545 1213 616 ἀλλοτρίοις
1269 546 1598 616 ἀλγήμασιν.
1659 545 1738 600 Οὐ
1787 547 1893 617 μὴν

307 640 614 711 περαιτέρω
629 655 693 705 γε
728 637 1166 708 συνεκφέρεσθαι
1200 642 1312 701 τοῖς
1342 639 1701 708 λυπουμένοις
1722 654 1890 707 προσ-

306 731 457 799 ῆκεν,
481 727 623 780 ὥστε
653 729 686 797 ἢ
723 726 1045 797 συνεκϐοᾷν,
1070 729 1102 797 ἢ
1136 727 1452 800 συνθρηνεῖν
1473 727 1551 797 τῷ
1579 727 1890 791 πεπονθότι,

305 822 341 889 ἦ
374 821 431 872 ὲν
463 821 576 880 τοῖς
623 818 808 880 ἄλλοις
843 818 1127 888 μιμεῖσθαι
1156 819 1252 872 καὶ
1304 817 1502 888 ζηλοῦν
1535 819 1628 871 τὸν
1659 819 1894 871 ἐσκοτω-

312 911 469 980 μένον
491 909 600 962 ὑπὸ
623 909 720 962 τοῦ
751 910 962 971 πάθους
981 926 995 939 ·
1027 904 1136 962 οἷον
1164 909 1654 980 συγκαθειργνύναι
1679 909 1891 973 ἑαυτὸν,

309 1000 402 1054 καὶ
431 999 985 1070 συμμελανειμονεῖν,
1022 999 1117 1052 καὶ
1156 1000 1328 1069 χαμαὶ
1356 997 1751 1069 συγκαθήσθαι,
1799 999 1894 1051 καὶ

309 1091 504 1161 κουρᾶς
537 1090 784 1160 ἀμελεῖν.
842 1090 938 1142 Ἐκ
964 1088 1167 1142 τούτων
1217 1089 1325 1160 γάρ
1376 1091 1492 1141 ἐστι
1542 1088 1742 1159 μᾶλλον
1774 1089 1892 1140 ἐπι-

309 1183 499 1234 τείνειν
537 1180 638 1251 τὴν
685 1180 992 1252 συμφορὰν,
1029 1181 1062 1249 ἢ
1117 1180 1536 1251 καταπραΰνειν.
1584 1179 1694 1247 Οὐχ
1739 1178 1890 1247 ὁρᾷς,

308 1273 388 1323 δτι
413 1269 686 1340 βουϐῶνες
727 1271 824 1340 μὲν
853 1270 948 1322 καὶ
985 1269 1237 1338 σπλῆνες,
1268 1272 1316 1322 οἱ
1358 1269 1456 1336 μὲν
1479 1266 1810 1337 τραύμασιν,
1842 1267 1891 1318 οἱ

308 1362 364 1414 δὲ
398 1363 655 1432 πορετοῖς
683 1359 1072 1431 ἐπιτιθέμενοι,
1095 1359 1192 1422 τὰς
1215 1360 1406 1422 ὀδύνας
1432 1357 1888 1420 συνεπιτείνουσι;

309 1455 489 1522 χεῖρες
519 1452 582 1504 δὲ
610 1452 672 1504 τὸ
698 1452 895 1520 ἀλγοῦν
933 1454 1001 1522 τῇ
1045 1451 1245 1523 πραείᾳ
1278 1452 1484 1504 ἑαυτῶν
1518 1451 1698 1519 ἐπειφῇ
1726 1465 1892 1500 κατα-

308 1544 624 1608 στέλλουσι;
673 1544 784 1595 Καὶ
842 1543 1005 1606 αὐτὸς
1061 1542 1125 1613 δή
1171 1539 1264 1595 οὖν
1329 1543 1403 1613 μὴ
1452 1541 1778 1612 ὲξαγριάνῃς
1831 1540 1891 1592 τὸ

307 1636 480 1698 πάθος
513 1639 582 1705 τῇ
623 1635 916 1706 παρουσίᾳ,
945 1636 1082 1705 μηδὲ
1112 1635 1532 1706 συγκαταπέσῃς
1568 1632 1645 1703 τῷ
1674 1650 1890 1684 πεπτω-

306 1728 447 1781 κότι.
491 1727 552 1780 Ὀ
582 1726 693 1797 γὰρ
728 1727 818 1780 τὸν
863 1727 1112 1797 κείμενον
1145 1725 1375 1780 ἀνιστῶν
1411 1725 1525 1796 (89)
1564 1725 1890 1794 ὑψηλότερος

1997 552 2048 597 te
2079 545 2375 599 ostendens
2401 546 2472 599 ob
2505 560 2690 599 eorum
2722 546 3103 612 adversitates,
3134 563 3308 618 neque
3335 549 3570 605 alienam

1996 632 2342 688 alilictionem
2371 632 2748 687 indilferenter
2778 633 3079 703 perferens.
3125 634 3344 688 Minime
3386 643 3572 690 tamen

1995 725 2252 778 convenit
2279 724 2581 778 dolentium
2615 725 2852 779 miseriis
2883 725 3007 793 plus
3029 740 3184 794 aequo
3212 726 3571 791 commoveri,

1997 816 2077 870 sic
2114 824 2290 870 utaut
2320 816 2655 880 conclames,
2687 824 2780 870 aut
2812 818 2999 886 lugeas
3023 831 3150 870 cum
3172 815 3450 879 amictato,
3478 823 3576 870 aut

1995 906 2119 960 aliis
2151 906 2204 958 in
2249 905 2415 960 rebus
2447 906 2723 958 hominem
2755 921 2784 958 a
2815 905 3038 960 tristitia
3083 906 3422 960 obcaecatum
3449 906 3573 960 imi-

1995 998 2127 1052 teris
2154 998 2539 1068 aemulerisque
2563 1015 2576 1051 :
2611 998 2844 1066 exempli
2876 1012 3065 1062 causa,
3093 998 3138 1052 si
3171 1012 3277 1051 una
3301 1013 3424 1051 cum
3450 998 3572 1067 ipso

1997 1096 2047 1142 te
2073 1087 2189 1156 ipse
2222 1088 2497 1152 includas,
2541 1097 2593 1143 et
2634 1089 2882 1143 induaris
2924 1097 3042 1142 atra
3077 1097 3248 1154 veste,
3291 1091 3336 1145 si
3367 1091 3574 1161 pariter

1987 1177 2175 1246 jaceas
2209 1178 2381 1244 humi,
2418 1196 2740 1250 comamque
2770 1183 3030 1251 negligas.
3063 1181 3142 1236 Ex
3184 1183 3252 1236 iis
3279 1184 3422 1237 enim
3455 1199 3573 1237 ina-

1993 1272 2076 1340 gis
2097 1271 2299 1326 crescit
2341 1288 2506 1342 quam
2535 1273 2780 1328 elevatur
2825 1274 3130 1328 calamitas.
3184 1274 3384 1329 Annon
3418 1276 3570 1332 vides

1993 1363 2178 1430 augeri
2225 1363 2493 1430 dolorem,
2543 1365 2591 1418 si
2649 1373 2743 1419 aut
2779 1366 3028 1421 bubones
3082 1367 3426 1432 vulneribus,
3475 1376 3571 1426 aut

1991 1453 2098 1526 42
2129 1455 2345 1525 splenes
2382 1455 2624 1512 febribus
2655 1457 2950 1512 accedant?
2997 1474 3182 1513 nonne
3213 1461 3395 1528 potius
3425 1461 3573 1514 miti-

1991 1552 2122 1612 gant
2154 1558 2349 1597 manus
2377 1545 2620 1599 dolorem
2666 1547 2773 1600 leni
2808 1563 2909 1602 suo
2942 1549 3238 1603 contactu?
3286 1549 3350 1603 Et
3380 1559 3438 1603 tu
3479 1551 3573 1621 igi-

1991 1640 2081 1685 tur
2111 1649 2180 1687 ne
2211 1642 2301 1686 tua
2325 1638 2614 1705 praesentia
2635 1653 2926 1706 exasperes
2971 1640 3344 1704 alllictionem,
3391 1658 3570 1712 neque

1992 1742 2116 1780 cum
2153 1729 2310 1797 lapso
2339 1729 2632 1783 collabarc.
2677 1728 2812 1782 Nam
2843 1731 3114 1796 iacentem
3146 1732 3238 1802 qui
3273 1734 3454 1803 erigit,
3490 1735 3572 1787 al-

303 1818 446 1872 εἷναι
489 1819 589 1870 τοῦ
623 1820 972 1881 πεπτωκότος
1002 1819 1216 1881 πάντως
1253 1817 1488 1886 ὀφείλει·
1524 1821 1552 1871 ὁ
1584 1818 1639 1870 δὲ
1681 1818 1739 1884 ἐξ
1773 1819 1887 1870 ἴσου

1993 1819 2101 1871 tior
2134 1821 2362 1874 omnino
2386 1821 2540 1889 lapso
2567 1828 2689 1874 eslse
2729 1822 2922 1887 debet;
2957 1824 3051 1892 qui
3083 1839 3214 1878 vero
3241 1826 3446 1893 pariter
3479 1841 3572 1881 ce-

310 1910 646 1964 καταπεσὼν
687 1912 874 1981 ἑτέρου
904 1910 999 1962 καὶ
1031 1911 1191 1974 αὐτὸς
1225 1910 1316 1963 τοῦ
1350 1911 1744 1981 ἀναστήσοντος
1771 1911 1892 1962 ἐπι-

301 2001 498 2054 δεῖται.
537 2001 699 2053 Ἀλλὰ
726 2000 1018 2054 δάκνεσθαι
1052 2002 1151 2071 μὲν
1180 2003 1283 2054 ὑπὸ
1306 2003 1413 2054 τῶν
1449 2003 1766 2071 γινομένων,
1798 2003 1892 2055 καὶ

303 2093 488 2164 ἠσυχῆ
536 2096 651 2157 τοῖς
702 2093 966 2164 λυπηροῖς
1006 2093 1428 2161 ἐπιστυγνόιζειν
1477 2094 1788 2164 προσῆκεν,
1834 2097 1890 2146 ὲν

307 2185 531 2254 συννοίᾳ.
567 2185 882 2255 προσώπου,
915 2186 1011 2238 καὶ
1057 2185 1346 2254 σεμνότητι
1383 2184 1546 2254 βάρος
1581 2185 1798 2257 ἐχούσῃ,
1831 2185 1892 2237 τὸ

301 2280 404 2348 τῆς
451 2279 633 2349 ψυχῆς
683 2279 855 2340 πάθος
899 2279 1363 2349 διασημαίνοντα·
1405 2277 1771 2347 φθεγγόμενον
1811 2278 1888 2341 δὲ,

303 2370 406 2422 οὐκ
458 2369 620 2430 εὐθὺς
673 2369 946 2438 ἐπιπηδᾷν
997 2372 1116 2431 ταῖς
1179 2368 1531 2437 ἐπιτιμήσεσι
1581 2369 1888 2438 προσῆκεν,

303 2460 496 2531 ῶσπερ
529 2459 882 2529 ὲναλλόμενον
911 2460 1005 2512 καὶ
1037 2458 1437 2528 ὲπεμϐαίνοντα
1463 2460 1574 2520 τοῖς
1615 2457 1890 2527 κειμένοις

305 2552 606 2621 (φορτικὸν
652 2552 762 2622 γὰρ
802 2555 916 2615 τοῖς
947 2552 1052 2604 ὑπὸ
1091 2551 1266 2621 λύπης
1298 2549 1398 2621 τὴν
1427 2549 1602 2619 ψυχὴν
1644 2565 1892 2602 κεκακω-

305 2643 492 2712 μένοις
525 2644 585 2694 αἱ
612 2643 962 2713 ἐπιτιμήσεις
993 2643 1138 2714 (90)·
1176 2642 1272 2695 καὶ
1302 2642 1418 2711 ἅμα
1461 2640 1890 2712 δυσπαρὰδεκτοί

299 2735 409 2786 εἰσι
440 2735 558 2796 τοῖς
589 2734 882 2804 κάμνουσι,
930 2734 1025 2788 καὶ
1079 2733 1212 2805 πρὸς
1251 2733 1595 2804 παρηγορίαν
1639 2732 1891 2786 ἀπίθανοι

298 2823 412 2877 τῶν
440 2824 670 2888 ἀπαθῶς
704 2826 1019 2879 παντάπασι
1052 2824 1410 2894 διακειμένων
1437 2825 1485 2876 οἱ
1521 2824 1667 2891 λόγοι
1685 2826 1701 2891 )
1719 2840 1733 2854 ·
1757 2823 1892 2876 ἀλλὰ

303 2918 746 2988 συγχωρήσαντα
776 2917 910 2971 κενὰ
945 2918 1043 2971 καὶ
1074 2917 1336 2988 ἄπρακτα
1361 2915 1626 2985 ἐκϐοῆσαι
1661 2916 1769 2986 (91)
1798 2917 1892 2969 καὶ

299 3009 693 3082 ὀλοφύρεσθαι,
720 3010 820 3082 ἥδη
848 3009 943 3063 τοῦ
981 3009 1150 3062 κακοῦ
1187 3009 1484 3072 ὑπανέντος
1508 3027 1559 3062 τι
1592 3009 1686 3061 καὶ
1728 3008 1890 3079 χαλάο

301 3118 522 3164 σαντος,
564 3102 686 3154 τότε
719 3101 975 3173 ἐμμελῶς
1005 3103 1101 3154 καὶ
1133 3101 1324 3171 πράως
1362 3101 1462 3171 τῆς
1494 3100 1890 3172 παρακλήσεως

1993 1906 2150 1970 cidit,
2193 1908 2366 1962 altero
2407 1909 2500 1978 qui
2537 1912 2713 1978 erigat
2741 1911 2904 1964 etiam
2940 1911 3055 1980 ipse
3085 1928 3224 1982 opus
3258 1915 3440 1970 habet.
3468 1920 3570 1971 At-

1995 2008 2174 2052 tamen
2205 1999 2304 2053 abs
2348 2015 2407 2055 re
2433 2017 2543 2054 non
2587 2003 2752 2054 fuerit
2785 2002 2851 2056 iis
2885 2019 3004 2071 qua:
3043 2005 3303 2059 accidunt
3337 2009 3484 2078 angi,
3515 2018 3570 2062 rt

1992 2088 2156 2141 tacite
2188 2089 2258 2144 de
2298 2090 2544 2145 adversis
2583 2092 2855 2153 alllictari,
2909 2097 2983 2145 ita
3025 2103 3083 2147 ut
3135 2110 3202 2148 ex
3249 2097 3425 2163 vultu,
3473 2102 3567 2168 qi!

1990 2179 2322 2248 cogitatione
2345 2183 2556 2238 delixus
2597 2186 2688 2245 sit,
2720 2199 2896 2253 exque
2930 2185 3202 2241 modestia
3237 2205 3358 2258 qua:
3385 2195 3570 2260 gravi-

1991 2276 2157 2323 tatem
2187 2271 2502 2340 adjunctarn
2532 2273 2750 2339 habeat,
2777 2276 2941 2327 animi
2969 2276 3221 2330 allectum
3252 2280 3566 2350 significes:

1988 2360 2083 2411 ubi
2127 2367 2310 2414 autem
2357 2362 2422 2415 ad
2456 2363 2790 2430 colloquium
2835 2373 3053 2418 ventum
3088 2376 3190 2429 est,
3240 2384 3350 2424 non
3382 2373 3568 2426 statim

1990 2447 2056 2498 ad
2104 2448 2518 2518 obiurgationes
2558 2452 2813 2506 devenire
2847 2452 3025 2516 decet,
3074 2456 3220 2509 velut
3255 2457 3570 2526 jacentibus

1990 2537 2345 2593 insultantem
2391 2556 2454 2594 ac
2503 2542 2840 2597 illudentem.
2883 2543 3020 2598 Nam
3055 2547 3469 2618 obiurgationes
3498 2553 3569 2608 iis

1989 2643 2223 2696 quorum
2277 2631 2496 2686 animus
2548 2647 2660 2702 prae
2694 2633 2918 2688 tristitia
2974 2637 3274 2705 cruciatur,
3325 2641 3570 2696 molestae

1993 2727 2123 2772 sunt
2176 2730 2230 2774 et
2296 2737 2527 2792 graves;
2575 2725 2848 2795 simulque
2895 2743 3179 2785 sermones
3237 2746 3427 2787 eorum
3472 2734 3569 2804 qui

1991 2813 2141 2866 nullo
2183 2829 2409 2883 prorsus
2452 2817 2661 2873 doloris
2713 2834 2878 2874 sensu
2909 2820 3238 2888 alliciuntur,
3277 2839 3419 2894 aegre
3471 2840 3572 2882 au-

1989 2903 2216 2958 diuntur
2257 2921 2287 2960 a
2322 2909 2699 2972 mmrentibus,
2733 2919 2786 2964 et
2814 2911 2880 2965 ad
2923 2929 3018 2968 eos
3049 2917 3415 2972 consolandos
3456 2920 3566 2972 vim

1992 3010 2099 3049 non
2141 2996 2344 3051 habent
2378 3000 2763 3069 persuadendi.
2819 3002 2922 3059 Sed
2955 3007 3001 3061 si
3045 3023 3139 3062 eos
3169 3009 3364 3064 siveris
3399 3026 3572 3068 vanos

1992 3085 2404 3158 inemcacesque
2441 3091 2708 3148 clamores
2737 3103 2789 3148 et
2813 3097 3046 3166 ejulatus
3077 3098 3260 3163 edere,
3290 3101 3434 3154 malo
3442 3101 3562 3172 jam

299 3192 592 3246 ἅπτεσθαι.
626 3193 780 3245 Ἐπεὶ
820 3193 914 3246 καὶ
953 3194 1000 3245 οἱ
1043 3191 1392 3262 πωλοδάμναι
1431 3193 1558 3254 τοὺς
1599 3189 1885 3260 δυσηνίους

1992 3177 2272 3245 paululum
2303 3178 2493 3233 sedato
2528 3195 2591 3234 ac
2615 3184 2864 3249 remisso,
2898 3195 3012 3240 tum
3045 3187 3262 3244 demum
3306 3157 3570 3247 nihil'im-

297 3282 410 3335 τῶν
453 3281 648 3335 πώλων
702 3283 803 3335 ούκ
856 3282 1020 3346 εὐθὺς
1065 3283 1401 3353 κατάγχουσι
1447 3285 1560 3345 τοῖς
1617 3281 1884 3352 χαλινοῖς,

299 3372 423 3424 οὐδὲ
455 3371 850 3442 ἀνακρούουσιν
883 3370 1288 3442 (ἀναχαιτίζει-α
1314 3371 1422 3442 γὰρ
1451 3370 1591 3424 οὕτω
1625 3371 1719 3424 καὶ
1753 3373 1890 3424 ἁπο-

303 3463 549 3516 σείεσθαι
598 3465 725 3525 τοὺς
788 3463 1053 3525 ἐπιϐάτας
1104 3463 1515 3533 διδάσκουσιν)·
1579 3463 1714 3516 ἀλλὰ
1767 3479 1888 3515 συν-

303 3557 600 3619 ενδιδόντες
630 3555 729 3627 τὴν
777 3554 1002 3626 πρώτην
1023 3595 1038 3618 ,
1086 3556 1178 3608 καὶ
1210 3555 1649 3627 συνεξορμῶντες
1683 3556 1884 3620 αὐτοῖς,

303 3648 528 3702 ἐπειδὰν
567 3649 750 3701 ἴδωσιν
783 3647 888 3700 ὑπὸ
915 3648 1016 3717 τῆς
1049 3647 1159 3717 (92)
1191 3647 1396 3712 οίκείας
1424 3648 1602 3719 ὁρμῆς
1637 3649 1732 3702 καὶ
1766 3647 1887 3718 βίας

299 3740 391 3793 τὸν
437 3739 612 3809 θυμὸν
661 3739 1069 3804 ἀναλώσαντας,
1111 3739 1234 3792 τότε
1265 3739 1676 3811 παραλαϐόντες
1729 3739 1885 3793 δεδα-

305 3830 620 3900 μασμένους
652 3868 667 3892 ,
719 3830 1168 3899 εὐπειθεστέρους
1225 3831 1326 3901 ἤδη
1391 3831 1604 3884 ποιοῦσι
1651 3832 1738 3885 διὰ
1786 3831 1886 3902 τῆς

300 3917 516 3989 τέχνης.
546 3919 737 3981 υῦτως
763 3921 916 3973 ἔσται
947 3921 1088 3974 κατά
1108 3921 1201 3974 τὸν
1221 3920 1314 3974 τοῦ
1340 3921 1677 3992 Σολομῶντος
1698 3921 1852 3990 λόγον
1869 3941 1882 3952 ο

315 4011 558 4078 Ἀγαθὸν
599 4011 900 4073 εὶσελθεῖν
933 4015 1021 4077 εις
1065 4009 1233 4066 οἷκον
1272 4013 1533 4080 πένθους
1576 4013 1818 4083 μᾶλλον
1846 4014 1883 4082 ιῆ

301 4104 385 4167 είς
402 4104 577 4155 οἷκον
595 4104 784 4156 πότου
801 4121 813 4133 ·
843 4105 892 4155 εί
922 4103 1104 4172 μέλλοι
1135 4121 1238 4168 τις,
1257 4104 1638 4175 ἐπιστημόνως
1658 4107 1749 4158 καὶ
1775 4105 1883 4175 (95)

303 4193 497 4263 πράως
539 4192 618 4262 τῷ
661 4194 803 4264 λόγῳ
839 4192 1143 4264 χρώμενος,
1174 4192 1510 4262 μεταδιδόναι
1539 4194 1639 4264 τῆς
1678 4195 1885 4258 οἰκείας

303 4281 515 4348 ὑγιείας
543 4281 620 4350 τῷ
653 4282 934 4351 κάμνοντι,
964 4281 1077 4334 ἀλλ’
1109 4282 1229 4353 ούχὶ
1259 4283 1359 4354 τῆς
1378 4282 1664 4354 ἀλλοτρίας
1686 4283 1882 4354 λύπης,

300 4372 375 4434 ὡς
402 4371 733 4442 ὀφθαλμίας,
772 4371 1233 4442 μεταλαμϐάνειν.

368 4548 422 4602 9.
453 4549 677 4602 Κλαίειν
695 4547 787 4604 οὖν
815 4552 949 4621 μετά
965 4551 1277 4605 κλαιόντων.
1298 4553 1464 4605 Ὅταν
1485 4553 1597 4627 ἴδῃς
1613 4553 1875 4624 έπὶμετα-

294 4641 414 4712 νοίᾳ
444 4642 559 4694 τῶν
584 4643 984 4713 ἡμαρτημένων
1009 4645 1098 4696 τὸν
1126 4644 1348 4712 ἀδελφὸν
1379 4645 1720 4716 ὀδυρόμενον,
1749 4646 1879 4714 σύγ-

294 4733 530 4784 κλαυσον
563 4732 641 4802 τῷ
673 4735 896 4803 τοιούτῳ
929 4735 1062 4805 (94),
1099 4738 1192 4789 καὶ
1241 4735 1535 4806 συμπάθει.
1579 4735 1735 4789 Οὕτω
1767 4737 1876 4808 γάρ

297 4839 378 4875 σοι
407 4824 642 4894 ὑπάρξει
675 4826 733 4876 ὲν
777 4824 1076 4896 ἀλλοτρίοις
1109 4826 1304 4879 πάθεσι
1333 4826 1391 4880 τὸ
1424 4829 1620 4880 οἰκεῖον
1648 4829 1879 4897 ἐπανορ-

294 4914 543 4969 θοῦσθαι.
585 4917 643 4966 ὐ
688 4915 799 4988 γὰρ
853 4918 990 4988 ὑπὲρ
1032 4919 1132 4988 τῆς
1174 4917 1268 4971 τοῦ
1321 4919 1546 4988 πλησίον
1605 4920 1878 4990 ἁμαρτίας

292 5007 495 5077 θερμὸν
533 5007 842 5073 ἀποστάξας
878 5009 1109 5081 δάκρυον
1152 5013 1341 5066 ἑαυτὸν
1375 5012 1657 5080 ἐξιάσατο,
1697 5011 1762 5064 δι’
1802 5006 1877 5065 ὧν

360 5160 405 5192 ⁸¹
443 5158 625 5216 Eccle.
656 5177 764 5229 vn,
801 5162 856 5216 5.

383 5315 472 5384 89)
506 5314 738 5371 Codices
771 5325 885 5371 tres
915 5315 1179 5386 κείμενον*
1192 5313 1437 5386 ἀνιστάς.

383 5381 471 5456 90)
503 5387 726 5456 Antiqui
750 5387 863 5440 duo
892 5381 1020 5441 libri
1037 5393 1090 5440 el.
1116 5383 1249 5440 editi
1273 5385 1330 5438 αἱ
1360 5382 1727 5453 ἐπιτιμήσεις.
1756 5381 1863 5435 Alii

291 5457 527 5527 quinque
552 5459 585 5526 ή
617 5457 962 5527 ἐπιτίμησις.

363 5523 472 5596 (91)
500 5523 741 5596 Qddices
773 5523 892 5580 'duo
924 5525 1183 5596 ἄπρακτα
1212 5523 1510 5596 ⁸έμὸοῆοξαι.

360 5591 466 5666 (92)
499 5594 648 5652 linus
690 5612 796 5652 ms.
835 5604 891 5651 et
921 5591 1057 5666 editi
1083 5591 1293 5666 tx‘rﬁé.
1330 5591 1434 5666 Alii
1475 5591 1719 5662 quinque
1763 5593 1866 5646 ὑπὸ

297 5663 405 5732 ἰῆς.
450 5663 570 5722 Mox
606 5666 742 5738 Reg.
795 5667 1012 5737 primus
1039 5663 1648 5734 θυμὺνάναλύσαντας,
1697 5678 1863 5718 sensu

297 5748 392 5788 non
417 5735 687 5789 dissimili.

293 5748 392 5788 aon
417 5738 687 5794 dissimili.

1989 3269 2138 3338 pedit
2167 3269 2463 3338 quominus
2500 3286 2596 3327 eos
2642 3276 2823 3343 possis
2859 3279 2996 3332 scite
3043 3294 3106 3333 ac
3138 3280 3335 3337 leniter
3375 3285 3566 3340 solari.

1984 3356 2121 3410 Nam
2162 3368 2216 3412 et
2249 3373 2513 3429 equorum
2550 3363 2851 3422 domitores
2904 3384 3012 3422 non
3053 3373 3234 3425 statim
3276 3373 3568 3430 effrenatos

1988 3447 2169 3517 pullos
2201 3447 2372 3503 frenis
2401 3450 2678 3517 cohibent,
2704 3463 2797 3508 aut
2822 3459 3127 3527 reprimunt
3161 3460 3264 3529 (sic
3295 3465 3440 3517 enim
3479 3481 3569 3521 re-

1986 3540 2290 3606 trocedere,
2315 3549 2369 3596 et
2400 3544 2612 3613 equites
2639 3554 2897 3603 excutere
2925 3549 3374 3624 edocentur),sed
3406 3556 3567 3611 initio

1987 3630 2118 3701 ipsis
2152 3634 2427 3701 cedentes,
2468 3650 2532 3688 ac
2582 3651 2774 3691 eorum
2823 3641 3083 3710 impetum
3115 3646 3312 3710 secuti,
3345 3647 3436 3701 ubi
3474 3663 3567 3702 eo-

1985 3739 2105 3778 rum
2144 3725 2396 3780 ardorem
2425 3741 2526 3780 suo
2552 3727 2795 3796 ipsorum
2828 3729 3029 3800 impetu
3071 3741 3236 3804 atque
3273 3739 3567 3792 vehemen-

1985 3819 2059 3872 tia
2105 3818 2340 3874 fractum
2387 3829 2441 3876 et
2485 3822 2814 3877 exhaustum
2860 3825 3382 3896 animadverterint,
3431 3838 3565 3886 tunc

1986 3912 2244 3966 subactos
2277 3911 2771 3981 apprehendentes,
2801 3914 2928 3970 illos
2956 3916 3068 3985 jam
3105 3933 3201 3986 per
3235 3927 3408 3973 artem
3438 3920 3566 3974 red-

1985 4002 2123 4057 dunt
2157 4004 2580 4059 tractabiliores.
2612 4003 2704 4059 Sic
2743 4007 2869 4069 erit,
2901 4005 3054 4076 juxta
3093 4006 3404 4065 Salomonis
3445 4027 3565 4066 sen-

1985 4095 2212 4149 tentiam
2241 4113 2254 4147 :
2281 4092 2475 4147 Melius
2505 4104 2582 4148 est
2605 4097 2811 4166 ingredi
2834 4097 2889 4150 in
2924 4097 3139 4152 domum
3171 4099 3369 4165 luctus,
3401 4117 3561 4172 quam

1983 4190 2037 4242 in
2061 4187 2273 4241 domum
2302 4188 2522 4242 convivii
2543 4188 2611 4256 δι,
2640 4189 2686 4242 si
2721 4189 2868 4258 quis,
2906 4190 3082 4258 perite
3114 4189 3412 4260 leniterque
3446 4208 3564 4248 ser—

1983 4293 2145 4333 mone
2187 4292 2358 4341 usus,
2401 4291 2558 4330 suam
2611 4277 2786 4346 ipsius
2829 4277 3118 4331 sanitatem
3172 4286 3379 4348 aegroto
3430 4282 3563 4334 velit

1984 4370 2273 4440 impertiri,
2323 4385 2432 4424 non
2481 4370 2716 4425 alienam
2763 4369 3044 4424 tristitiam
3085 4369 3233 4425 velut
3281 4371 3562 4442 lippitudi-

1911 4497 1954 4551 Β
1984 4478 2106 4516 nem
2134 4462 2479 4516 contrahere.

2052 4554 2104 4608 9.
2147 4551 2369 4622 Oportet
2395 4553 2564 4623 igitur
2607 4551 2736 4607 ﬂere
2765 4567 2887 4606 cum
2923 4551 3202 4612 ﬂentibus.
3236 4551 3333 4608 Ubi
3358 4556 3558 4608 vmeris

1982 4644 2206 4699 fratrem
2241 4643 2511 4715 lugentem
2539 4642 2608 4696 ob
2658 4652 3002 4713 peccatorum
3044 4643 3442 4712 paenitentiam,
3479 4643 3555 4696 la-

1982 4749 2231 4805 crymare
2255 4748 2377 4786 cum
2402 4733 2517 4787 viro
2546 4733 2838 4800 eiusmodi,
2863 4748 2925 4785 ac
2952 4732 3096 4787 illius
3115 4733 3552 4787 commiserescc.

1980 4824 2056 4878 Ita
2080 4825 2226 4880 enim
2260 4824 2355 4878 tibi
2384 4823 2566 4878 licebit
2590 4839 2654 4878 ex
2686 4824 2843 4878 malis
2861 4825 3053 4879 alienis
3079 4833 3229 4877 tuum
3254 4823 3551 4894 corrigere.

1978 4914 2112 4968 Nam
2148 4914 2240 4985 qui
2285 4912 2524 4968 fervidas
2577 4913 2844 4983 lacrymas
2889 4927 2987 4982 pro
3048 4921 3272 4982 peccato
3319 4913 3552 4983 proximi

1979 5007 2225 5071 effundit,
2261 5008 2390 5062 dum
2435 5005 2658 5060 fratrem
2697 5004 2876 5069 deﬂet,
2925 5004 3171 5058 medetur
3203 5004 3548 5073 sibitnetipsi.

2040 5312 2150 5381 (93)
2185 5314 2402 5383 Antiqui
2446 5323 2560 5367 tres
2592 5328 2728 5367 mss.
2761 5311 3140 5382 ἐπιστημόνως
3167 5311 3281 5365 καί.
3309 5312 3413 5364 Alii
3441 5311 3552 5366 duo

1964 5390 2019 5438 et
2047 5383 2650 5453 editifﬁtmqpovtxm;
2674 5385 2728 5452 ἡ.

2038 5454 2151 5519 (94)
2189 5451 2338 5508 Unus
2382 5449 2483 5506 ins.
2541 5462 2595 5506 et
2645 5449 2774 5504 editi
2817 5449 3155 5517 σύγκλαυσον
3205 5452 3397 5521 τούτῳ.
3445 5450 3548 5503 Alii

1967 5525 2126 5576 multi
2165 5522 2503 5588 σύγκλαυσον
2533 5521 2779 5590 τοιούτῳ,
2820 5522 3022 5576 Ibidem
3063 5538 3196 5576 mss.
3242 5539 3346 5573 non
3387 5524 3547 5590 pauci

1969 5593 2393 5662 καῖοσυμπάθει.
2440 5594 2594 5644 Aius
2639 5594 2808 5662 codex
2851 5601 2906 5644 et
2946 5591 3077 5645 editi
3126 5594 3220 5643 καὶ
3266 5591 3544 5662 σι’μπαθε.

1970 5663 2120 5719 Alius
2158 5662 2494 5730 σύγκλαυσον
2522 5662 2597 5731 τῷ
2618 5661 2842 5732 τοιούτῳ
2875 5663 2966 5714 καὶ
3001 5662 3298 5731 συμπὲνθει
