4052 6214
422 319 529 376 Ξὸθ

1729 302 1792 358 S.
1832 304 1914 357 BA
1926 302 2078 357 Sil."
2115 303 2329 358 MAGNI

425 431 574 486 Talis
610 436 728 484 erat
773 427 866 497 qui
909 424 1127 480 dicebat
1167 421 1468 490 {Deiectio
1516 422 1683 474 animi
1723 422 1886 474 tenuit
1924 426 2006 475 me

2136 421 2195 476 δν
2223 420 2449 489 ἀδελφὸν
2470 415 2653 472 ἀπωδύ
2665 428 2815 486 ρατο.
2844 408 3095 471 Τοιοῦτος
3130 404 3196 479 ἦν
3222 408 3252 460 ό
3278 406 3480 474 λέγων·
3521 404 3682 462 Ἄθυ-

425 537 522 593 pro
573 520 934 591 peccatoribus
994 514 1478 586 derelinquentibus
1541 515 1700 585 legem
1753 522 1899 567 tuam
1923 513 2001 564 ⁸⁸.

428 614 578 683 Luge
602 612 809 683 peccati
839 625 1028 665 causa.
1059 608 1271 663 Animae
1297 607 1563 677 aegritudo
1591 613 1675 661 est
1701 614 2004 675 peccatum;

430 721 581 761 mors
607 713 690 759 est
718 705 911 758 animae
941 699 1268 755 immortalis
1291 717 1307 774 ς
1335 706 1618 768 peccatum
1663 698 1813 752 luctu
1844 707 2009 767 atque

430 797 750 866 irrequietis
794 793 1048 848 lamentis
1086 791 1310 860 dignum
1336 796 1443 844 est.
1487 787 1569 842 Ob
1592 789 1696 842 hoc
1732 788 1902 841 ﬂuant
1925 789 2008 841 la-

432 900 633 957 crymai
676 885 887 948 omnes,
935 895 1035 934 nec
1088 884 1305 933 cessent
1346 875 1470 930 duci
1520 891 1588 929 ex
1644 886 1865 944 pectore
1901 875 2011 929 imo

433 978 692 1047 suspiria.
735 975 938 1028 Paulus
953 972 1187 1028 deﬂebat
1218 972 1471 1025 inimicos
1504 971 1688 1025 crucis
1713 970 1918 1024 Christi
1943 970 2010 1024 ⁸⁸.

432 1067 701 1122 Jeremias
748 1063 983 1120 deﬂebat
1032 1062 1126 1132 qui
1176 1077 1244 1116 ex
1275 1060 1476 1132 populo
1503 1060 1795 1129 peribant;
1838 1059 2012 1114 idem-

435 1175 543 1230 que
579 1172 704 1212 cum
735 1157 838 1212 sibi
874 1154 1154 1208 naturales
1181 1154 1433 1222 lacrymae
1468 1167 1578 1205 non
1630 1160 1765 1206 satis
1809 1162 2012 1213 essent,

434 1253 805 1322 lacrytnarum
833 1245 1036 1301 l‘ontem
1073 1246 1381 1315 inquirebat
1418 1254 1470 1299 et
1521 1253 1818 1298 extremam
1864 1259 2019 1298 man-

439 1344 672 1398 sionem.
699 1339 768 1393 Et
799 1338 1005 1402 sedebo,
1042 1338 1238 1408 inquit,
1282 1348 1330 1391 et
1357 1336 1575 1404 plorabo
1602 1337 1852 1407 populum
1884 1337 2020 1390 hunc

439 1433 623 1487 diebus
665 1432 868 1496 multis,
920 1449 1008 1485 eos
1052 1432 1141 1501 qui
1179 1442 1391 1499 pereunt
1419 1432 1485 1484 ⁸⁵.
1546 1428 1831 1499 Scriptura
1881 1430 2022 1484 inter

439 1524 808 1579 beatitudines
871 1525 1140 1594 lacrymas
1194 1531 1247 1578 et
1305 1524 1509 1577 luctum
1549 1523 1821 1592 ejusmodi
1859 1538 2022 1592 repo-

441 1616 524 1670 nit
554 1615 621 1679 ⁸⁵,
686 1632 794 1671 non
844 1618 1265 1685 propensionem
1317 1616 1384 1669 ad
1431 1616 1710 1670 tristitiam
1765 1631 2020 1680 omnem,

442 1723 554 1762 non
598 1709 996 1777 proclivitatem
1055 1707 1120 1761 ad
1155 1706 1361 1772 ﬂetum,
1417 1702 1515 1777 qui
1551 1708 1700 1762 omni
1735 1708 2024 1762 occasione

2100 515 2211 584 μία
2236 513 2496 582 κατέσχε
2522 525 2597 580 με
2625 506 2745 562 ἀπὸ
2784 500 3149 574 ἁμαρτωλῶν
3174 498 3295 553 τῶν
3328 499 3684 568 ἐγκαταλιμ-

2108 609 2422 661 πανόντων
2450 603 2560 658 τὸν
2586 603 2772 670 νόμον
2801 613 2939 652 σου.
2985 594 3157 664 ’Υπὲρ
3192 592 3467 663 ἁμαρτίας
3509 589 3683 644 κλαῖε.

2108 699 2255 769 Αῦτη
2294 695 2573 770 ἀρρωστία
2598 692 2801 763 ψυχῆςο
2833 688 2973 758 αὕτη
3004 685 3232 748 θάνατός
3265 686 3383 737 ἐστι
3423 682 3525 754 τῆς
3555 681 3688 735 ἀθα-

2110 792 2303 844 νάτου·
2352 789 2490 859 αὕτη
2545 785 2773 846 πένθους
2806 780 2931 845 ἀξία
2975 779 3069 833 καί⁵
3108 775 3357 848 ὀδυρμῶν
3392 775 3686 844 ἀσιγήτων.

2123 880 2248 932 Ἐπὶ
2290 877 2462 949 ταύτῃ
2520 878 2627 929 πᾶν
2685 873 2918 944 δάκρυον
2967 869 3099 942 ῥέοι,
3154 868 3248 920 καὶ
3303 867 3377 938 μὴ
3427 865 3691 919 διαλείποι

2115 971 2414 1042 στεναγμὸς
2453 971 2519 1021 ὲκ
2554 967 2749 1038 βάθους
2791 963 3011 1036 καρδίας
3054 960 3165 1032 (95)
3217 958 3689 1030 ἀναπεμπόμενος.

2119 1062 2340 1116 Ἔκλαιε
2369 1060 2583 1123 Παῦλος
2610 1059 2736 1121 τοὺς
2773 1056 3000 1127 ἐχθροὺς
3029 1051 3123 1107 τοῦ
3160 1048 3394 1122 σταυροῦ
3436 1048 3529 1103 τοῦ
3563 1049 3696 1120 Χριο

2118 1154 2244 1207 στοῦ
2278 1193 2292 1207 .
2327 1150 2597 1224 Ἱερεμίας
2639 1149 2851 1202 ἔκλαιεν
2888 1147 2980 1199 ἐπὶ
3016 1146 3129 1208 τοῖς
3170 1140 3560 1212 ἀπολλυμένοις
3598 1137 3694 1192 τοῦ

2118 1242 2249 1297 λαοῦ
2270 1259 2282 1272 ·
2313 1241 2371 1304 ὃς
2405 1256 2469 1309 γε
2497 1238 2629 1310 (96),
2661 1236 2846 1306 ἐπειδὴ
2872 1236 2970 1288 οὐκ
3000 1235 3160 1304 ἡρκει
3191 1232 3249 1284 τὸ
3272 1234 3337 1284 ὲκ
3366 1229 3580 1299 φύσεως
3604 1227 3698 1282 δά-

2119 1350 2306 1405 κρυον,
2331 1329 2512 1401 πηγὴν
2533 1327 2784 1399 ἐπεζήτει
2810 1325 3058 1396 δακρύων
3080 1324 3172 1377 καὶ
3195 1321 3431 1393 σταθμὸν
3452 1321 3694 1391 ἔσχατον.

2119 1425 2232 1479 Καὶ
2270 1422 2626 1490 καθήσομαι,
2664 1419 2817 1490 φησὶ,
2867 1417 2967 1471 καὶ
3011 1417 3352 1484 κλαύσομαι
3395 1414 3503 1469 τὸν
3544 1413 3700 1468 λαὸν

2122 1519 2337 1572 τοῦτον
2365 1513 2589 1584 ἡμέρας
2628 1514 2885 1577 πολλὰς,
2921 1508 3065 1573 τοὺς
3108 1503 3594 1575 ἀπολλυμένους.
3624 1504 3699 1557 Τὸ

2122 1609 2359 1663 τοιοῦτον
2405 1605 2639 1676 δάκρυον
2694 1603 2789 1658 καὶ
2839 1603 2901 1655 τὸ
2954 1599 3192 1654 τοιοῦτον
3243 1597 3438 1662 πένθος
3475 1600 3504 1652 ὁ
3546 1596 3703 1666 λόγος

2130 1699 2451 1771 μακαρίζει·
2479 1700 2540 1751 οὐ
2579 1697 2642 1752 τὸ
2684 1696 2820 1767 πρὸς
2870 1695 3047 1747 πᾶσαν
3075 1691 3252 1761 λύπην
3281 1690 3581 1759 εὐάγωγον,
3610 1690 3705 1743 καὶ

443 1803 673 1857 cieatur.
722 1799 841 1855 Non
894 1802 968 1854 ita
1028 1800 1235 1855 dudum
1288 1801 1400 1854 vidi
1461 1800 1726 1869 quosdam
1774 1800 2021 1870 volupta-

2136 1797 2189 1848 ὲκ
2221 1794 2402 1863 πάσης
2453 1791 2778 1861 προφάσεως
2818 1785 3186 1855 εὐκατάφορον
3226 1784 3362 1856 πρὸς
3414 1781 3539 1847 τοὺς
3581 1780 3707 1853 θρή‹

448 1894 579 1957 rios,
623 1891 716 1961 qui
750 1891 1041 1945 immodico
1085 1891 1382 1959 voluptatis
1410 1905 1597 1944 amore
1648 1891 1884 1960 pellecti,
1931 1906 2028 1960 per

449 1984 686 2054 speciem
719 1982 1051 2052 expellenda:
1091 1982 1196 2054 43
1225 1983 1459 2037 tristitiae
1488 1982 1555 2036 ad
1600 1985 1877 2053 crapulam
1908 1998 2029 2039 sese

449 2079 854 2137 converterent,
887 2079 941 2127 et
969 2073 1033 2126 ad
1062 2074 1417 2139 ebrietatem;
1454 2087 1719 2143 suamque
1762 2089 2029 2129 conaren-

450 2174 541 2220 tur
594 2179 860 2221 excusare
914 2164 1390 2235 intemperantiam
1453 2168 1637 2222 verbis
1696 2166 2027 2231 Salomonis,

452 2258 546 2328 qui
578 2257 653 2311 ait
680 2276 693 2311 :
720 2256 857 2311 Date
883 2259 1059 2311 vinum
1090 2258 1158 2310 iis
1187 2259 1277 2327 qui
1301 2259 1353 2311 in
1396 2260 1618 2312 tristitia
1654 2268 1776 2312 sunt
1803 2259 1849 2292 ⁸⁸
1871 2300 1885 2314 .
1934 2259 2031 2314 Est

453 2359 635 2404 autem
664 2349 778 2404 haec
798 2349 1069 2404 sententia
1100 2350 1153 2403 in
1178 2348 1500 2415 Proverbio,
1537 2366 1637 2405 nec
1659 2359 1840 2406 tamen
1862 2351 2033 2406 ebrie-

453 2451 620 2498 tatem
680 2443 883 2496 licitam
932 2442 1130 2505 reddit,
1181 2441 1276 2497 sed
1327 2443 1579 2498 humanae
1614 2448 1740 2497 vitae
1773 2443 2029 2498 consulit.

455 2530 666 2589 Etenim
721 2542 780 2588 ut
838 2535 1180 2589 reconditum
1239 2534 1403 2604 hujus
1465 2535 1748 2590 sententiae
1811 2550 2032 2590 sensum

456 2628 728 2689 omittam,
764 2641 875 2695 quo
908 2627 1093 2681 vinum
1121 2626 1308 2681 laatitia
1356 2626 1641 2681 rationalis
1689 2626 1924 2691 dicitur;
1966 2641 2035 2679 ne

458 2718 655 2771 obvius
697 2717 914 2787 quidem
972 2732 1169 2771 sensus
1220 2731 1412 2786 parum
1468 2715 1629 2770 habet
1683 2715 2037 2785 providentia:

459 2823 525 2863 ac
555 2822 720 2873 curse,
750 2823 818 2862 ne
846 2807 1098 2861 videlicet
1128 2806 1168 2860 ii
1195 2806 1290 2876 qui
1331 2821 1475 2876 aegre
1495 2806 1923 2861 consolationem
1948 2807 2041 2860 ad-

462 2902 708 2963 mittunt,
739 2910 793 2954 et
820 2900 970 2969 gravi
1006 2900 1155 2952 luctu
1198 2899 1528 2965 obruuntur,
1571 2898 1726 2952 cibos
1761 2898 2037 2969 negligant

461 3001 517 3047 et
552 2992 833 3055 alimenta,
894 2992 1108 3061 ploratu
1157 2991 1563 3046 vehementiore
1617 2992 1860 3059 absorpti
1894 3007 1907 3043 :
1942 2993 2038 3047 sed

461 3082 658 3152 partim
713 3098 851 3153 pane
896 3098 991 3136 cor
1043 3083 1278 3137 luctuosi
1311 3082 1550 3136 hominis
1599 3081 1862 3148 firmetur,
1914 3100 2039 3153 par-

2128 1903 2271 1948 νους.
2312 1883 2450 1954 Ἤδη
2492 1882 2549 1936 δέ
2586 1898 2738 1944 τινας
2779 1875 2917 1932 εἶδον
2966 1877 3074 1931 τῶν
3108 1875 3403 1948 φιληδόνων
3438 1875 3506 1928 δι’
3536 1874 3707 1944 ὑπερ-

2130 1973 2291 2045 ϐολὴν
2337 1971 2666 2043 ἡδυπαθείας
2715 1970 2808 2023 ἐπὶ
2864 1967 3135 2041 προφάσει
3192 1968 3291 2038 τῆς
3347 1966 3522 2036 λύπης
3571 1966 3710 2035 πρὸς

2131 2065 2437 2136 κραιπάλην
2466 2065 2559 2117 καὶ
2592 2061 2761 2133 μέθην
2795 2060 3262 2132 ἐκτρεπομένους,
3303 2058 3398 2111 καὶ
3437 2057 3500 2111 τὸ
3537 2058 3709 2127 ἀκρα-

2130 2156 2222 2217 τὲς
2255 2154 2433 2208 αὐτῶν
2480 2155 2544 2207 ἐκ
2584 2154 2692 2207 τῶν
2725 2153 2816 2206 τοῦ
2866 2152 3208 2223 Σολομῶντος
3245 2152 3418 2219 λόγων
3457 2164 3713 2220 παραμυ-

2134 2245 2343 2298 θεῖσθαι
2374 2244 2767 2316 πειρωμένους,
2798 2243 3077 2312 λέγοντος’
3110 2243 3252 2296 Δότε
3283 2238 3451 2295 οἶνον
3488 2241 3611 2304 τοῖς
3640 2238 3713 2293 ἐν

2132 2339 2375 2402 λύπαις.
2421 2338 2575 2390 Ἔστι
2622 2336 2676 2388 δὲ
2720 2338 2748 2389 ὁ
2787 2335 3152 2406 παροιμιακὸς
3181 2334 3336 2402 λόγος
3380 2332 3501 2402 οὐχὶ
3542 2330 3713 2402 μέθης

2133 2429 2316 2482 ἄδειαν
2367 2428 2769 2499 παρεχόμενος,
2821 2427 2954 2480 ἀλλὰ
3007 2426 3243 2496 συνέχων
3285 2425 3384 2495 τὴν
3438 2418 3716 2491 ἀνθρωπί-

2133 2537 2232 2592 νην
2280 2521 2443 2591 ζωήν.
2475 2520 2592 2573 Ἵνα
2626 2520 2731 2590 γὰρ
2778 2520 2838 2572 τὸ
2884 2517 3279 2589 αἰνιγματῶδες
3321 2513 3487 2569 αὐτοῦ
3535 2528 3715 2585 παρα-

2135 2611 2306 2665 λείπω
2334 2612 2467 2684 (97),
2500 2607 2640 2664 οἶνον
2669 2611 2915 2679 Λέγοντος
2956 2612 3057 2682 τὴν
3098 2608 3322 2679 λογικὴν
3352 2605 3710 2678 εὐφροσύνην,

2136 2704 2257 2757 οὐδὲ
2288 2706 2317 2758 ό
2350 2704 2637 2776 πρόχειρος
2671 2703 2795 2766 νοῦς
2826 2703 3028 2774 μικρὰν
3070 2702 3183 2773 ἔχει
3226 2702 3324 2771 τὴν
3372 2698 3711 2769 ἐπιμέλειαν,

2138 2798 2227 2850 ἵνα
2262 2796 2337 2868 μὴ
2376 2796 2455 2867 τῷ
2497 2794 2711 2866 σφοδρῷ
2746 2794 2839 2847 τοῦ
2888 2794 3119 2858 πένθους
3155 2790 3573 2857 καταποθέντες,
3601 2788 3714 2841 τῶν

2138 2887 2355 2959 τροφῶν
2397 2886 2675 2958 ἀμελῶσιν
2705 2889 2753 2939 οἱ
2788 2886 3261 2957 δυσπαρηγόρητοι
3306 2883 3401 2936 καὶ
3446 2882 3717 2955 βαρυπεν-

2140 2979 2280 3044 θεῖς’
2314 2980 2427 3034 ἀλλ’
2456 2980 2606 3051 ἄρτῳ
2636 2980 2732 3050 μὲν
2768 2978 3088 3049 στηρίζηται
3118 2979 3150 3047 ἠ
3185 2975 3380 3048 καρδία
3426 2974 3521 3027 τοῦ
3565 2973 3717 3043 φιλο·-

2139 3063 2332 3137 λύπου,
2364 3071 2492 3142 οἴνῳ
2513 3072 2570 3123 δὲ
2599 3071 2661 3122 τὺ
2692 3070 3088 3140 συμπεπτωκὸς
3116 3070 3214 3140 τῆς
3238 3068 3515 3137 δυνάμεως
3548 3067 3717 3137 ὑπερ·
3816 3098 3824 3103 -

464 3173 562 3226 tim
629 3173 756 3227 vino
807 3174 1061 3243 collapsa:
1112 3175 1256 3229 vires
1300 3173 1714 3229 sulIuleiantur.
1768 3175 2033 3229 Caeterum

2139 3164 2344 3233 είδηται
2373 3161 2505 3232 (98).
2538 3163 2600 3213 Οἱ
2642 3161 2700 3214 δὲ
2746 3158 2967 3229 φίλοινοι
3014 3159 3109 3214 καὶ
3147 3157 3477 3226 οἰνόφλυγες,
3516 3157 3578 3209 ού
3618 3157 3716 3226 τὴν

465 3265 642 3319 vinosi
677 3265 923 3320 homines
954 3281 1018 3320 ac
1043 3265 1179 3320 ebrii
1221 3281 1510 3320 mmrorem
1554 3267 1696 3321 haud
1725 3267 2043 3322 demulcen-

469 3367 572 3422 tes,
609 3356 704 3412 sed
727 3363 1002 3412 mutantes
1038 3359 1178 3412 mala
1206 3359 1385 3421 malis,
1411 3374 1473 3413 ac
1498 3375 1721 3428 pravam
1752 3358 2043 3429 quamdam

468 3449 775 3519 pactionem
818 3446 1099 3511 facientes,
1137 3451 1384 3520 corporis
1410 3452 1632 3505 morbos
1683 3452 1892 3505 morbis
1925 3453 2044 3504 aui-

468 3538 541 3590 mi
582 3544 812 3601 mutant,
828 3552 1034 3608 eosque
1059 3539 1152 3609 qui
1188 3540 1392 3592 trutina
1424 3549 1698 3593 momenta
1731 3549 2042 3610 equuant.

470 3629 769 3691 imitantes,
801 3637 1010 3684 tantum
1035 3630 1331 3684 detrahunt
1369 3632 1629 3695 tristitiae,
1662 3641 1929 3702 quantum
1957 3633 2047 3687 ad-

470 3719 608 3775 dunt
657 3721 944 3790 voluptati.
997 3720 1268 3776 Existimo
1316 3722 1535 3792 quidem
1584 3721 1882 3792 iuvandam
1924 3738 2047 3777 esse

470 3811 599 3866 vino
624 3820 884 3866 'naturam
924 3828 935 3863 :
977 3814 1071 3868 sed
1102 3815 1323 3868 minime
1350 3815 1770 3884 permittendum
1800 3825 1885 3871 est
1908 3817 2045 3871 meri

471 3910 678 3956 tantam
704 3904 914 3973 copiam
947 3904 1182 3971 infundi,
1217 3913 1278 3959 ut
1309 3906 1504 3961 rationi
1552 3908 1839 3978 caliginem
1869 3908 2048 3963 oliun-

473 3993 586 4048 dat.
626 3992 812 4063 Neque
846 3996 991 4050 enim
1044 3997 1208 4050 simul
1250 4012 1376 4051 cum
1415 3998 1541 4052 vino
1574 4000 1754 4054 eﬂluet
1801 3999 2044 4066 tristitia,

475 4081 571 4135 sed
622 4082 904 4138 ebrietatis
945 4083 1147 4136 malum
1193 4083 1378 4137 animo
1410 4084 1648 4141 accedet.
1686 4085 1843 4151 Quod
1881 4086 1927 4140 si
1959 4101 2049 4139 ra-

474 4171 554 4224 tio
583 4170 828 4225 medieus
856 4178 940 4225 est
968 4171 1228 4236 tristitiae,
1263 4170 1431 4227 fuerit
1463 4173 1621 4244 plane
1663 4175 1901 4230 ebrietas
1935 4191 2051 4231 ma-

475 4264 658 4317 lorum
707 4262 1025 4327 maximum,
1067 4279 1193 4317 cum
1236 4264 1501 4319 medelam
1550 4265 1811 4335 impediat
1859 4268 2045 4322 animi.

478 4351 588 4407 Sed
615 4352 728 4422 jam
763 4352 977 4423 singula
1005 4370 1127 4424 qua:
1161 4355 1306 4410 dicta
1335 4365 1484 4422 sunt,
1516 4359 1700 4413 animo
1732 4369 1946 4429 repete;
1976 4360 2050 4414 ita

2143 3253 2318 3324 λύπην
2346 3252 2840 3324 καταπραύνοντες,
2877 3250 3011 3304 ἀλλὰ
3052 3249 3197 3304 κακὰ
3228 3249 3413 3303 κακῶν
3438 3246 3718 3319 διαμειὸόο

2149 3361 2332 3416 μενοι,
2375 3343 2469 3396 καὶ
2502 3343 2725 3412 πονηροί
2750 3359 2892 3404 τινες
2915 3341 3190 3413 γινόμενοι
3223 3340 3602 3405 συναλλὼιται,
3632 3355 3721 3392 νο-

2147 3446 2385 3514 σήματα,
2419 3440 2606 3512 ψυχῶν
2640 3439 2978 3509 διαμείῶυσι
3003 3438 3325 3509 νοσημάτων
3345 3454 3357 3465 ·
3396 3435 3445 3490 οἳ
3471 3422 3596 3498 ταῖς
3624 3432 3722 3487 ἐπὶ

2145 3537 2243 3605 τῆς
2288 3533 2558 3605 τρυτάνης
2609 3530 2708 3594 τὰς
2752 3530 2923 3602 ῥοπὰς
2954 3528 3340 3590 ὲπανισοῦντας
3373 3524 3719 3598 μιμούμενοι,

2145 3625 2397 3679 τοσοῦτον
2447 3623 2733 3695 ὑφαιροῦσι
2780 3621 2889 3694 (99)
2931 3623 3029 3691 τῆς
3074 3621 3271 3692 λύπης,
3331 3621 3453 3673 ὅσον
3501 3616 3722 3683 αὔξουσι

2144 3719 2207 3772 τὸ
2232 3718 2527 3789 φιλήδονον.
2572 3716 2711 3770 Ἀλλ’
2739 3712 2889 3786 οἶμαι
2930 3716 3125 3787 χρῆναι
3166 3713 3416 3785 βοήθειαν
3451 3714 3518 3785 τῇ
3564 3710 3726 3781 φύσει

2147 3809 2407 3882 παρέχειν
2432 3809 2522 3861 τὸν
2550 3802 2717 3860 οἶνον·
2761 3809 2853 3865 καὶ
2902 3807 2974 3879 μὴ
3005 3807 3258 3860 τοσοῦτον
3288 3805 3600 3879 ἐπιτρέπειν
3633 3805 3726 3869 ὲγ-

2147 3902 2359 3972 χεῖσθαι
2387 3902 2479 3954 τὸν
2513 3900 2770 3972 ἄκρατον,
2810 3898 2951 3953 ὥστε
3000 3899 3261 3952 σκότωσιν
3294 3900 3405 3961 τοῖς
3444 3896 3727 3964 λογισμοῖς

2149 3995 2417 4065 ἐμποιεῖν.
2448 3990 2585 4046 Οὔτε
2614 3993 2721 4063 γὰρ
2759 3991 3183 4062 συνεκρυήσεται
3212 3989 3288 4060 τῷ
3312 3990 3438 4057 οἴνῳ
3464 3986 3525 4040 τὺ
3548 3987 3726 4057 λυπη-

2152 4085 2243 4155 ρόν
2263 4100 2277 4114 '
2320 4084 2415 4137 καὶ
2450 4083 2511 4136 τὸ
2541 4084 2640 4153 τῆς
2670 4083 2840 4155 μέθης
2871 4084 3040 4138 κακὸν
3083 4087 3148 4154 τῇ
3179 4082 3323 4154 ψυχῇ
3356 4081 3727 4153 προσγενήσε-

2149 4192 2258 4229 ται.
2301 4174 2363 4227 Εἰ
2400 4174 2455 4228 δὲ
2492 4174 2668 4245 λύπης
2706 4176 2886 4245 ἰατρός
2925 4176 3073 4227 ἐστιν
3117 4175 3146 4225 ὁ
3187 4173 3462 4243 λογισμὸς,
3503 4172 3729 4242 ἔσχατον

2150 4266 2217 4320 ἂν
2266 4267 2350 4336 εἴη
2396 4267 2505 4319 τῶν
2558 4265 2742 4320 κακῶν
2779 4269 2813 4337 ἡ
2858 4266 3017 4337 μέθη,
3057 4269 3122 4337 τῇ
3172 4265 3381 4337 ἰατρείᾳ
3423 4265 3522 4334 τῆς
3548 4257 3729 4334 ψυχῆς

2151 4359 2531 4430 ἐμποδίζουσα.
2577 4361 2715 4413 Ἀλλ’
2742 4359 2975 4413 ἀνωαὸε
3010 4358 3090 4429 τῷ
3118 4358 3259 4429 λόγῳ
3283 4359 3391 4411 τῶν
3425 4356 3731 4430 εἰρημένων

477 4444 783 4515 comperies
829 4453 884 4500 et
934 4446 1131 4500 confici
1174 4462 1336 4517 posse
1366 4457 1421 4505 et
1453 4450 1585 4503 utile
1628 4465 1750 4505 esse
1790 4452 2033 4521 apostoli-

2153 4453 2402 4518 ἕκαστον,
2433 4453 2527 4507 καὶ
2557 4454 2807 4524 εὑρήσεις
2852 4453 2913 4505 τό
2951 4469 3012 4505 τε
3048 4452 3269 4506 δυνατὸν
3313 4453 3414 4522 τῆς
3441 4447 3731 4503 ἀποστολι-

478 4511 624 4590 οιιιη-
651 4537 990 4592 mandatum.
1047 4511 1341 4611 lntel-Iiges,
1384 4541 1657 4610 quomodo
1705 4511 1884 4612 possis
1914 4557 2033 4613 gau-

2158 4544 2262 4613 κῆς
2298 4511 2636 4614 νομοθεσίας⁵
2661 4511 2752 4597 καὶ
2784 4511 2844 4597 τὸ
2883 4544 3156 4616 ὠφέλιμον
3177 4561 3191 4575 ’
3222 4543 3340 4607 πῶς
3369 4511 3472 4614 ’μὲν
3500 4540 3734 4594 πάντοτε

479 4625 608 4681 dere
632 4642 865 4698 semper,
888 4628 935 4683 si
961 4629 1224 4683 rationem
1248 4638 1450 4684 rectam
1479 4631 1760 4701 sequaris;
1784 4634 2054 4701 quomodo

480 4717 850 4775 indesinenter
873 4733 1055 4783 orare,
1086 4720 1363 4789 quomodo
1396 4724 1604 4792 gratias
1656 4739 1818 4794 agere
1846 4724 1902 4778 in
1934 4740 2052 4778 om-

480 4808 662 4876 nibus,
692 4811 969 4881 quomodo
1000 4811 1237 4882 denique
1266 4813 1449 4869 valeas
1489 4814 1719 4870 afﬂictos
1752 4816 2048 4881 consolari,

2160 4637 2375 4708 χαρήσῃ
2410 4634 2488 4705 τῷ
2530 4634 2673 4706 ὀρθῷ
2713 4634 2855 4705 λόγῳ
2884 4635 3177 4706 ἑπόμενος·
3225 4633 3342 4696 πῶς
3369 4634 3426 4687 δὲ
3458 4627 3732 4702 προσεύξῃ

2157 4726 2534 4790 ἀδιαλείπτως,
2573 4728 2689 4789 πῶς
2716 4726 2771 4779 δὲ
2796 4729 2853 4779 ὲν
2884 4728 3047 4780 παντὶ
3070 4726 3483 4798 εὐχαριστήσεις
3501 4738 3515 4753 ⁶
3543 4722 3648 4776 τίνι
3675 4722 3735 4774 δὲ

2157 4818 2342 4888 τρόπῳ
2384 4818 2786 4889 παρακαλέσεις
2835 4819 2962 4882 τοὺς
3011 4818 3382 4888 λυπουμένους
3411 4815 3509 4888 (1),
3539 4815 3625 4868 ῑνα
3667 4816 3736 4867 ὲκ

551 4986 597 5017 ⁸³
635 4985 781 5041 Psal.
816 5002 1015 5054 cxvnr,
1049 4989 1134 5043 5'5.
1214 4988 1259 5021 ⁸³
1299 4989 1534 5061 Philipp.
1572 5007 1668 5058 ιιι,
1709 4991 1792 5048 l8.
1872 4992 1917 5023 “
1954 4991 2033 5047 Jet

2138 5034 2151 5047 .
2191 5010 2277 5060 ιι,
2317 4996 2369 5049 l.
2444 4995 2490 5028 °'
2530 4994 2696 5050 Matth
2753 5013 2807 5061 ν,
2840 4996 2894 5051 5.
2969 4995 3017 5028 ”
3058 4993 3219 5052 Prov.
3256 5010 3421 5065 xm,
3454 4995 3508 5053 6.

557 5138 667 5211 (95)
701 5140 857 5196 Unus
889 5157 1009 5217 ius.
1058 5152 1113 5217 et
1157 5142 1287 5199 editi
1331 5145 1395 5197 ὲκ
1440 5145 1637 5217 ,βάθους
1685 5147 1947 5217 καρδίας,
1990 5145 2055 5199 ab

486 5212 592 5285 into
614 5212 980 5285 μείονα-μῆ
1022 5215 1262 5285 quinque
1289 5217 1353 5267 ὲκ
1386 5212 1555 5284 μέσης
1582 5212 1830 5285 καρδίας,
1864 5231 1929 5270 ex
1950 5232 2057 5285 me:

489 5282 575 5333 dio
621 5282 793 5335 corde.
847 5280 980 5354 Utra
1031 5280 1302 5354 scriptura
1354 5280 1482 5338 vera
1514 5280 1624 5349 sit,
1660 5280 1871 5341 "nescio
1915 5305 1927 5339 :
1963 5283 2059 5339 sed

492 5359 781 5422 utramque
811 5352 977 5422 recipi
1008 5352 1191 5422 posse,
1222 5369 1406 5418 nemo,
1437 5356 1650 5421 opinor,
1683 5356 2021 5411 dillitebitur.

563 5420 676 5493 (96)
710 5420 943 5493 \[etgres'
976 5420 1085 5477 duo
1125 5424 1247 5479 libri
1292 5431 1348 5479 et
1394 5420 1525 5479 editi
1555 5424 1707 5489 λαοῦ,
1742 5426 1802 5488 ὃς
1834 5442 1915 5493 γε.
1954 5424 2062 5478 Alii

494 5482 618 5581 [rei
620 5482 841 5581 3.313364}?!
875 5507 959 5558 γε.
997 5494 1188 5581 ξῑριίιιι
1211 5494 1319 5581 duo
1351 5510 1482 5548 mss.
1510 5482 1919 5581 τπιγὴνέζῆτὲι.

560 5559 676 5632 (97)
702 5560 843 5635 Editi
859 5563 1181 5635 παραλίπω.
1203 5565 1273 5616 At
1298 5579 1431 5635 mss.
1460 5580 1554 5618 sex
1575 5559 1933 5635 παραλείπω..
1944 5562 2063 5619 Mox

494 5645 637 5705 unus
655 5631 825 5687 codex
850 5631 1088 5705 Colliert.
1119 5641 1173 5685 et
1197 5634 1452 5705 editis-qv
1483 5631 1680 5704 νοητὴν
1702 5632 2065 5705 εὐφροσύνην.

493 5701 600 5755 Alii
629 5717 723 5756 sex
759 5716 892 5757 mss.
924 5702 1024 5772 τὴν
1058 5702 1276 5774 λογικὴν
1302 5701 1457 5773 εὖφρ.
1499 5701 1646 5759 ltleut
1670 5712 1752 5760 est
1782 5701 2001 5761 sensus.

2232 5145 2629 5223 (98)“Veteresh
2642 5149 2853 5223 aliquot
2898 5149 3022 5205 libri
3066 5156 3122 5204 et
3156 5150 3297 5223 editi
3327 5150 3738 5223 στηρίζεται....

2161 5217 2522 5339 ὑῖΞερείδεται.
2551 5219 2657 5273 Alii
2690 5217 2925 5290 quatuor
2955 5234 3087 5275 mss.
3117 5217 3531 5292 στηρίζητα’ί....
3562 5222 3741 5293 ὑπερ-

2163 5305 2189 5339 ε
2215 5302 2390 5339 οηται.

2163 5302 2390 5340 ειοηται.

2235 5305 2505 5430 ἓῷῗῖξὶεε.
2537 5357 2748 5428 primus
2779 5357 3033 5430 τοσοῦτον
3068 5358 3413 5430 ἀφαιροῦσιν.

2239 5428 2315 5494 (1)
2356 5427 2513 5500 Unus
2539 5427 2675 5482 mss.
2706 5436 2759 5483 et
2794 5429 2926 5481 editi
2964 5427 3368 5500 παρακαλέσεις
3395 5430 3522 5492 τοὺς
3551 5427 3739 5500 θλιϐο-

2172 5495 2385 5622 ῧένους.
2412 5498 2516 5551 Alii
2549 5504 2753 5577 septem
2779 5495 3178 5579 παρακαλέσεις
3193 5500 3321 5564 τοὺς
3339 5499 3741 5578 λυπουμένους.

2225 5581 2291 5619 ua
2317 5567 2536 5622 quidem
2579 5567 2738 5621 lecuo
2767 5567 2940 5622 altera
2975 5569 3165 5622 melior
3193 5584 3301 5622 non
3333 5578 3449 5622 est:
3486 5582 3615 5622 uuta
3644 5575 3741 5622 ta-

2225 5581 2291 5619 ua
2317 5567 2536 5639 quidem
2579 5566 2738 5621 lectio
2767 5566 2940 5639 altera
2975 5569 3165 5639 melior
3193 5584 3301 5624 non
3333 5578 3449 5635 est;
3486 5566 3615 5639 quia
3644 5575 3743 5622 ta-

2170 5650 2296 5690 men
2345 5637 2483 5713 libri.
2511 5646 2722 5695 veteres
2756 5637 2960 5694 ultimae
2997 5637 3200 5705 lavent,
3242 5654 3362 5695 eam
3413 5637 3588 5696 secuti
3638 5652 3749 5695 su-

2173 5721 2313 5762 tuus.

3571 288 3682 344 260
3776 288 3779 289 ⁷
