  <div class='ocr_page' id='page_1' title='image "/cluster/home/n/w/nwhite01/storage/ocr_20150623/31/mdp.39015012934363/143.png"; bbox 0 0 4052 6214; ppageno 0'>
   <div class='ocr_carea' id='block_1_1' title="bbox 480 312 584 376">
    <p class='ocr_par' dir='ltr' id='par_1_1' title="bbox 480 312 584 376">
     <span class='ocr_line' id='line_1_1' title="bbox 480 312 584 376; baseline -0.038 1"><span class='ocrx_word' id='word_1_1' title='bbox 480 312 584 376; x_wconf 73' lang='grc'><strong>267</strong></span> 
     </span>
    </p>
   </div>
   <div class='ocr_carea' id='block_1_2' title="bbox 1789 311 2381 370">
    <p class='ocr_par' dir='ltr' id='par_1_2' title="bbox 1789 311 2381 370">
     <span class='ocr_line' id='line_1_2' title="bbox 1789 311 2381 370; baseline -0.007 0"><span class='ocrx_word' id='word_1_2' title='bbox 1789 314 1845 370; x_wconf 88' lang='lat' dir='ltr'><strong>S.</strong></span> <span class='ocrx_word' id='word_1_3' title='bbox 1882 314 2126 370; x_wconf 79' lang='lat' dir='ltr'><strong>BASILII</strong></span> <span class='ocrx_word' id='word_1_4' title='bbox 2165 311 2381 370; x_wconf 57' lang='lat' dir='ltr'><strong>MAG.“</strong></span> 
     </span>
    </p>
   </div>
   <div class='ocr_carea' id='block_1_3' title="bbox 3623 320 3727 375">
    <p class='ocr_par' dir='ltr' id='par_1_3' title="bbox 3623 320 3727 375">
     <span class='ocr_line' id='line_1_3' title="bbox 3623 320 3727 375; baseline -0.01 0"><span class='ocrx_word' id='word_1_5' title='bbox 3623 320 3727 375; x_wconf 70' lang='grc'><strong>268</strong></span> 
     </span>
    </p>
   </div>
   <div class='ocr_carea' id='block_1_4' title="bbox 482 424 2071 504">
    <p class='ocr_par' dir='ltr' id='par_1_4' title="bbox 482 429 2050 504">
     <span class='ocr_line' id='line_1_4' title="bbox 482 429 2050 504; baseline -0.003 -14"><span class='ocrx_word' id='word_1_6' title='bbox 482 431 849 504; x_wconf 73' lang='lat' dir='ltr'><strong>significantia</strong></span> <span class='ocrx_word' id='word_1_7' title='bbox 892 429 989 487; x_wconf 83' lang='lat' dir='ltr'><strong>tibi</strong></span> <span class='ocrx_word' id='word_1_8' title='bbox 1032 431 1257 486; x_wconf 90' lang='lat' dir='ltr'><strong>tribuet.</strong></span> <span class='ocrx_word' id='word_1_9' title='bbox 1291 429 1491 486; x_wconf 80' lang='lat' dir='ltr'><strong>Annon</strong></span> <span class='ocrx_word' id='word_1_10' title='bbox 1518 430 1671 487; x_wconf 81' lang='lat' dir='ltr'><strong>vides</strong></span> <span class='ocrx_word' id='word_1_11' title='bbox 1705 445 1823 497; x_wconf 90' lang='lat' dir='ltr'><strong>eos,</strong></span> <span class='ocrx_word' id='word_1_12' title='bbox 1857 432 1951 501; x_wconf 88' lang='lat' dir='ltr'><strong>qui</strong></span> <span class='ocrx_word' id='word_1_13' title='bbox 1994 431 2050 486; x_wconf 91' lang='lat' dir='ltr'><strong>in</strong></span> 
     </span>
    </p>
   </div>
   <div class='ocr_carea' id='block_1_5' title="bbox 2176 424 3729 504">
    <p class='ocr_par' dir='ltr' id='par_1_5' title="bbox 2176 424 3729 504">
     <span class='ocr_line' id='line_1_5' title="bbox 2176 424 3729 504; baseline 0.005 -24"><span class='ocrx_word' id='word_1_14' title='bbox 2176 431 2509 504; x_wconf 61' lang='grc' dir='ltr'>δηριομάχςις</span> <span class='ocrx_word' id='word_1_15' title='bbox 2540 424 2678 481; x_wconf 65' lang='grc' dir='ltr'>τισίν</span> <span class='ocrx_word' id='word_1_16' title='bbox 2706 426 3032 499; x_wconf 79' lang='grc' dir='ltr'>ἀνθρώποις,</span> <span class='ocrx_word' id='word_1_17' title='bbox 3055 428 3148 493; x_wconf 77' lang='grc' dir='ltr'><strong>οὓς</strong></span> <span class='ocrx_word' id='word_1_18' title='bbox 3182 431 3283 485; x_wconf 75' lang='grc' dir='ltr'><strong>κᾶν</strong></span> <span class='ocrx_word' id='word_1_19' title='bbox 3312 431 3622 502; x_wconf 76' lang='grc' dir='ltr'>βδελύξαιτό</span> <span class='ocrx_word' id='word_1_20' title='bbox 3645 453 3729 498; x_wconf 85' lang='grc' dir='ltr'><strong>τις</strong></span> 
     </span>
    </p>
   </div>
   <div class='ocr_carea' id='block_1_6' title="bbox 481 523 2054 595">
    <p class='ocr_par' dir='ltr' id='par_1_6' title="bbox 481 523 2054 595">
     <span class='ocr_line' id='line_1_6' title="bbox 481 523 2054 595; baseline -0.001 -17"><span class='ocrx_word' id='word_1_21' title='bbox 481 526 717 588; x_wconf 86' lang='lat' dir='ltr'><strong>theatra,</strong></span> <span class='ocrx_word' id='word_1_22' title='bbox 755 523 811 578; x_wconf 90' lang='lat' dir='ltr'><strong>in</strong></span> <span class='ocrx_word' id='word_1_23' title='bbox 845 523 1267 595; x_wconf 72' lang='lat' dir='ltr'><strong>pancratiastas,</strong></span> <span class='ocrx_word' id='word_1_24' title='bbox 1301 524 1357 578; x_wconf 91' lang='lat' dir='ltr'><strong>in</strong></span> <span class='ocrx_word' id='word_1_25' title='bbox 1407 524 1626 589; x_wconf 88' lang='lat' dir='ltr'><strong>mimos,</strong></span> <span class='ocrx_word' id='word_1_26' title='bbox 1660 523 1824 594; x_wconf 92' lang='lat' dir='ltr'><strong>inque</strong></span> <span class='ocrx_word' id='word_1_27' title='bbox 1866 524 2054 579; x_wconf 84' lang='lat' dir='ltr'><strong>decer-</strong></span> 
     </span>
    </p>
   </div>
   <div class='ocr_carea' id='block_1_7' title="bbox 483 615 2052 695">
    <p class='ocr_par' dir='ltr' id='par_1_7' title="bbox 483 615 2052 695">
     <span class='ocr_line' id='line_1_7' title="bbox 483 615 2052 695; baseline -0.001 -25"><span class='ocrx_word' id='word_1_28' title='bbox 483 625 667 672; x_wconf 85' lang='lat' dir='ltr'><strong>tantes</strong></span> <span class='ocrx_word' id='word_1_29' title='bbox 712 633 836 673; x_wconf 89' lang='lat' dir='ltr'><strong>cum</strong></span> <span class='ocrx_word' id='word_1_30' title='bbox 869 615 1002 671; x_wconf 86' lang='lat' dir='ltr'><strong>feris</strong></span> <span class='ocrx_word' id='word_1_31' title='bbox 1050 616 1321 695; x_wconf 81' lang='lat' dir='ltr'><strong>homines,</strong></span> <span class='ocrx_word' id='word_1_32' title='bbox 1365 632 1602 685; x_wconf 89' lang='lat' dir='ltr'><strong>quorum</strong></span> <span class='ocrx_word' id='word_1_33' title='bbox 1650 616 1737 671; x_wconf 90' lang='lat' dir='ltr'><strong>vel</strong></span> <span class='ocrx_word' id='word_1_34' title='bbox 1769 624 2052 686; x_wconf 87' lang='lat' dir='ltr'><strong>aspectum</strong></span> 
     </span>
    </p>
   </div>
   <div class='ocr_carea' id='block_1_8' title="bbox 483 708 2056 778">
    <p class='ocr_par' dir='ltr' id='par_1_8' title="bbox 483 708 2056 778">
     <span class='ocr_line' id='line_1_8' title="bbox 483 708 2056 778; baseline 0.001 -16"><span class='ocrx_word' id='word_1_35' title='bbox 483 709 668 778; x_wconf 78' lang='lat' dir='ltr'><strong>quivis</strong></span> <span class='ocrx_word' id='word_1_36' title='bbox 702 708 1092 771; x_wconf 86' lang='lat' dir='ltr'><strong>detestabitur,</strong></span> <span class='ocrx_word' id='word_1_37' title='bbox 1143 724 1241 777; x_wconf 91' lang='lat' dir='ltr'><strong>pro</strong></span> <span class='ocrx_word' id='word_1_38' title='bbox 1293 710 1444 763; x_wconf 85' lang='lat' dir='ltr'><strong>brevi</strong></span> <span class='ocrx_word' id='word_1_39' title='bbox 1489 708 1715 773; x_wconf 85' lang='lat' dir='ltr'><strong>honore,</strong></span> <span class='ocrx_word' id='word_1_40' title='bbox 1755 716 1917 777; x_wconf 79' lang='lat' dir='ltr'><strong>atque</strong></span> <span class='ocrx_word' id='word_1_41' title='bbox 1956 723 2056 777; x_wconf 90' lang='lat' dir='ltr'><strong>pro</strong></span> 
     </span>
    </p>
   </div>
   <div class='ocr_carea' id='block_1_9' title="bbox 488 798 2057 871">
    <p class='ocr_par' dir='ltr' id='par_1_9' title="bbox 488 798 2057 871">
     <span class='ocr_line' id='line_1_9' title="bbox 488 798 2057 871; baseline -0.001 -16"><span class='ocrx_word' id='word_1_42' title='bbox 488 800 723 871; x_wconf 75' lang='lat' dir='ltr'><strong>strepitu</strong></span> <span class='ocrx_word' id='word_1_43' title='bbox 754 800 941 870; x_wconf 88' lang='lat' dir='ltr'><strong>populi</strong></span> <span class='ocrx_word' id='word_1_44' title='bbox 971 807 1025 854; x_wconf 92' lang='lat' dir='ltr'><strong>et</strong></span> <span class='ocrx_word' id='word_1_45' title='bbox 1056 799 1254 869; x_wconf 92' lang='lat' dir='ltr'><strong>plausu</strong></span> <span class='ocrx_word' id='word_1_46' title='bbox 1298 798 1517 854; x_wconf 80' lang='lat' dir='ltr'><strong>divitias</strong></span> <span class='ocrx_word' id='word_1_47' title='bbox 1559 798 1941 870; x_wconf 82' lang='lat' dir='ltr'><strong>profundunt?</strong></span> <span class='ocrx_word' id='word_1_48' title='bbox 1974 799 2057 855; x_wconf 84' lang='lat' dir='ltr'><strong>Tu</strong></span> 
     </span>
    </p>
   </div>
   <div class='ocr_carea' id='block_1_10' title="bbox 487 891 2059 963">
    <p class='ocr_par' dir='ltr' id='par_1_10' title="bbox 487 891 2059 963">
     <span class='ocr_line' id='line_1_10' title="bbox 487 891 2059 963; baseline 0.001 -17"><span class='ocrx_word' id='word_1_49' title='bbox 487 907 618 947; x_wconf 87' lang='lat' dir='ltr'><strong>vero</strong></span> <span class='ocrx_word' id='word_1_50' title='bbox 671 907 870 963; x_wconf 86' lang='lat' dir='ltr'><strong>parcus</strong></span> <span class='ocrx_word' id='word_1_51' title='bbox 907 907 968 949; x_wconf 86' lang='lat' dir='ltr'><strong>es</strong></span> <span class='ocrx_word' id='word_1_52' title='bbox 1016 893 1071 947; x_wconf 92' lang='lat' dir='ltr'><strong>in</strong></span> <span class='ocrx_word' id='word_1_53' title='bbox 1125 892 1434 963; x_wconf 89' lang='lat' dir='ltr'><strong>sumptibus</strong></span> <span class='ocrx_word' id='word_1_54' title='bbox 1476 891 1762 955; x_wconf 86' lang='lat' dir='ltr'><strong>laciendis,</strong></span> <span class='ocrx_word' id='word_1_55' title='bbox 1810 891 1952 947; x_wconf 90' lang='lat' dir='ltr'><strong>unde</strong></span> <span class='ocrx_word' id='word_1_56' title='bbox 1998 907 2059 947; x_wconf 90' lang='lat' dir='ltr'><strong>es</strong></span> 
     </span>
    </p>
   </div>
   <div class='ocr_carea' id='block_1_11' title="bbox 2161 519 3729 596">
    <p class='ocr_par' dir='ltr' id='par_1_11' title="bbox 2161 519 3729 596">
     <span class='ocr_line' id='line_1_11' title="bbox 2161 519 3729 596; baseline -0.001 -21"><span class='ocrx_word' id='word_1_57' title='bbox 2161 520 2455 593; x_wconf 77' lang='grc' dir='ltr'>προσιδεῖν,</span> <span class='ocrx_word' id='word_1_58' title='bbox 2483 519 2623 588; x_wconf 78' lang='grc' dir='ltr'>ὺπέρ</span> <span class='ocrx_word' id='word_1_59' title='bbox 2654 520 2754 589; x_wconf 82' lang='grc' dir='ltr'>τῆς</span> <span class='ocrx_word' id='word_1_60' title='bbox 2785 520 2841 570; x_wconf 85' lang='grc' dir='ltr'><strong>ἐν</strong></span> <span class='ocrx_word' id='word_1_61' title='bbox 2888 519 3053 589; x_wconf 80' lang='grc' dir='ltr'>ὀλίγῳ</span> <span class='ocrx_word' id='word_1_62' title='bbox 3088 521 3277 591; x_wconf 81' lang='grc' dir='ltr'>τιμῆς,</span> <span class='ocrx_word' id='word_1_63' title='bbox 3308 523 3402 575; x_wconf 69' lang='grc' dir='ltr'><strong>καὶ</strong></span> <span class='ocrx_word' id='word_1_64' title='bbox 3439 524 3549 576; x_wconf 87' lang='grc' dir='ltr'><strong>τῶν</strong></span> <span class='ocrx_word' id='word_1_65' title='bbox 3581 528 3729 596; x_wconf 67' lang='grc' dir='ltr'>παρὰ</span> 
     </span>
    </p>
   </div>
   <div class='ocr_carea' id='block_1_12' title="bbox 2162 608 3732 687">
    <p class='ocr_par' dir='ltr' id='par_1_12' title="bbox 2162 608 3732 687">
     <span class='ocr_line' id='line_1_12' title="bbox 2162 608 3732 687; baseline 0.003 -22"><span class='ocrx_word' id='word_1_66' title='bbox 2162 612 2254 666; x_wconf 79' lang='grc' dir='ltr'><strong>τοῦ</strong></span> <span class='ocrx_word' id='word_1_67' title='bbox 2276 612 2449 681; x_wconf 89' lang='grc' dir='ltr'>δήμου</span> <span class='ocrx_word' id='word_1_68' title='bbox 2477 609 2722 683; x_wconf 90' lang='grc' dir='ltr'>θορύϐων</span> <span class='ocrx_word' id='word_1_69' title='bbox 2753 608 2848 662; x_wconf 75' lang='grc' dir='ltr'>καὶ</span> <span class='ocrx_word' id='word_1_70' title='bbox 2879 610 3087 680; x_wconf 86' lang='grc' dir='ltr'>κρότων</span> <span class='ocrx_word' id='word_1_71' title='bbox 3111 611 3202 665; x_wconf 83' lang='grc' dir='ltr'><strong>τὸν</strong></span> <span class='ocrx_word' id='word_1_72' title='bbox 3233 613 3461 667; x_wconf 75' lang='grc' dir='ltr'>πλοῦτον</span> <span class='ocrx_word' id='word_1_73' title='bbox 3497 618 3732 687; x_wconf 82' lang='grc' dir='ltr'>προεμέ-</span> 
     </span>
    </p>
   </div>
   <div class='ocr_carea' id='block_1_13' title="bbox 2163 699 3731 775">
    <p class='ocr_par' dir='ltr' id='par_1_13' title="bbox 2163 699 3731 775">
     <span class='ocr_line' id='line_1_13' title="bbox 2163 699 3731 775; baseline 0.006 -22"><span class='ocrx_word' id='word_1_74' title='bbox 2163 721 2319 771; x_wconf 81' lang='grc' dir='ltr'>νους;</span> <span class='ocrx_word' id='word_1_75' title='bbox 2348 704 2457 757; x_wconf 75' lang='grc' dir='ltr'>Καὶ</span> <span class='ocrx_word' id='word_1_76' title='bbox 2484 703 2548 755; x_wconf 83' lang='grc' dir='ltr'><strong>σὺ</strong></span> <span class='ocrx_word' id='word_1_77' title='bbox 2569 702 2679 773; x_wconf 78' lang='lat'><strong>(‘25)</strong></span> <span class='ocrx_word' id='word_1_78' title='bbox 2700 704 3082 775; x_wconf 82' lang='grc' dir='ltr'>μικροπρεπὴς</span> <span class='ocrx_word' id='word_1_79' title='bbox 3114 699 3163 756; x_wconf 82' lang='grc' dir='ltr'>εἶ</span> <span class='ocrx_word' id='word_1_80' title='bbox 3195 706 3321 774; x_wconf 74' lang='grc' dir='ltr'>περὶ</span> <span class='ocrx_word' id='word_1_81' title='bbox 3343 706 3439 768; x_wconf 77' lang='grc' dir='ltr'><strong>τὰς</strong></span> <span class='ocrx_word' id='word_1_82' title='bbox 3467 706 3731 771; x_wconf 77' lang='grc' dir='ltr'>δαπάνας,</span> 
     </span>
    </p>
   </div>
   <div class='ocr_carea' id='block_1_14' title="bbox 2163 793 3736 870">
    <p class='ocr_par' dir='ltr' id='par_1_14' title="bbox 2163 793 3736 870">
     <span class='ocr_line' id='line_1_14' title="bbox 2163 793 3736 870; baseline 0 -20"><span class='ocrx_word' id='word_1_83' title='bbox 2163 796 2496 870; x_wconf 76' lang='grc' dir='ltr'><strong>τηλικαύτης</strong></span> <span class='ocrx_word' id='word_1_84' title='bbox 2528 796 2738 867; x_wconf 82' lang='grc' dir='ltr'><strong>μέλλων</strong></span> <span class='ocrx_word' id='word_1_85' title='bbox 2766 796 3122 865; x_wconf 81' lang='grc' dir='ltr'>ἐπιϐήσεσθαι</span> <span class='ocrx_word' id='word_1_86' title='bbox 3154 793 3341 866; x_wconf 81' lang='grc' dir='ltr'>δόξης;</span> <span class='ocrx_word' id='word_1_87' title='bbox 3371 797 3501 861; x_wconf 74' lang='grc' dir='ltr'>Θεὸς</span> <span class='ocrx_word' id='word_1_88' title='bbox 3535 798 3685 850; x_wconf 78' lang='grc' dir='ltr'>ἔσται</span> <span class='ocrx_word' id='word_1_89' title='bbox 3706 801 3736 851; x_wconf 80' lang='grc' dir='ltr'>ὁ</span> 
     </span>
    </p>
   </div>
   <div class='ocr_carea' id='block_1_15' title="bbox 2166 886 3737 959">
    <p class='ocr_par' dir='ltr' id='par_1_15' title="bbox 2166 886 3737 959">
     <span class='ocr_line' id='line_1_15' title="bbox 2166 886 3737 959; baseline 0.001 -17"><span class='ocrx_word' id='word_1_90' title='bbox 2166 889 2560 959; x_wconf 49' lang='grc' dir='ltr'>ἀποδεχόμενος</span> <span class='ocrx_word' id='word_1_91' title='bbox 2585 904 2598 917; x_wconf 88' lang='grc'><strong>·</strong></span> <span class='ocrx_word' id='word_1_92' title='bbox 2632 886 2851 957; x_wconf 84' lang='grc' dir='ltr'>ἄγγελοι</span> <span class='ocrx_word' id='word_1_93' title='bbox 2875 888 3247 958; x_wconf 63' lang='grc' dir='ltr'>εὐφημοῦντες</span> <span class='ocrx_word' id='word_1_94' title='bbox 3266 906 3280 919; x_wconf 91' lang='grc'><strong>·</strong></span> <span class='ocrx_word' id='word_1_95' title='bbox 3302 891 3350 941; x_wconf 90' lang='grc' dir='ltr'>οἱ</span> <span class='ocrx_word' id='word_1_96' title='bbox 3380 891 3485 942; x_wconf 73' lang='grc' dir='ltr'><strong>ἀπὸ</strong></span> <span class='ocrx_word' id='word_1_97' title='bbox 3507 890 3737 955; x_wconf 81' lang='grc' dir='ltr'>κτίσεως</span> 
     </span>
    </p>
   </div>
   <div class='ocr_carea' id='block_1_16' title="bbox 2098 954 2219 987">
    <p class='ocr_par' dir='ltr' id='par_1_16' title="bbox 2098 954 2219 987">
     <span class='ocr_line' id='line_1_16' title="bbox 2098 954 2219 987; baseline 0 0"><span class='ocrx_word' id='word_1_98' title='bbox 2098 954 2219 987; x_wconf 54' lang='grc' dir='ltr'><strong>ΧΓ</strong></span> 
     </span>
    </p>
   </div>
   <div class='ocr_carea' id='block_1_17' title="bbox 489 978 2071 1055">
    <p class='ocr_par' dir='ltr' id='par_1_17' title="bbox 489 981 2062 1055">
     <span class='ocr_line' id='line_1_17' title="bbox 489 981 2062 1055; baseline 0.001 -18"><span class='ocrx_word' id='word_1_99' title='bbox 489 985 721 1055; x_wconf 82' lang='lat' dir='ltr'><strong>gloriam</strong></span> <span class='ocrx_word' id='word_1_100' title='bbox 788 992 999 1039; x_wconf 88' lang='lat' dir='ltr'><strong>tantam</strong></span> <span class='ocrx_word' id='word_1_101' title='bbox 1060 983 1498 1041; x_wconf 80' lang='lat' dir='ltr'><strong>consecuturus?</strong></span> <span class='ocrx_word' id='word_1_102' title='bbox 1562 981 1953 1053; x_wconf 87' lang='lat' dir='ltr'><strong>Comprobabit</strong></span> <span class='ocrx_word' id='word_1_103' title='bbox 2007 989 2062 1039; x_wconf 89' lang='lat' dir='ltr'><strong>te</strong></span> 
     </span>
    </p>
   </div>
   <div class='ocr_carea' id='block_1_18' title="bbox 2176 978 3736 1055">
    <p class='ocr_par' dir='ltr' id='par_1_18' title="bbox 2176 978 3736 1052">
     <span class='ocr_line' id='line_1_18' title="bbox 2176 978 3736 1052; baseline -0.001 -17"><span class='ocrx_word' id='word_1_104' title='bbox 2176 980 2442 1051; x_wconf 67' lang='grc' dir='ltr'>ἄνθρωποι</span> <span class='ocrx_word' id='word_1_105' title='bbox 2502 978 2925 1052; x_wconf 73' lang='grc' dir='ltr'><strong>μακαρίζοντες⁹</strong></span> <span class='ocrx_word' id='word_1_106' title='bbox 2986 979 3113 1043; x_wconf 81' lang='grc' dir='ltr'>δόξα</span> <span class='ocrx_word' id='word_1_107' title='bbox 3159 980 3403 1043; x_wconf 83' lang='grc' dir='ltr'>αἰώνιος,</span> <span class='ocrx_word' id='word_1_108' title='bbox 3475 981 3736 1048; x_wconf 68' lang='grc' dir='ltr'>στέφανος</span> 
     </span>
    </p>
   </div>
   <div class='ocr_carea' id='block_1_19' title="bbox 490 1074 2063 1147">
    <p class='ocr_par' dir='ltr' id='par_1_19' title="bbox 490 1074 2063 1147">
     <span class='ocr_line' id='line_1_19' title="bbox 490 1074 2063 1147; baseline 0 -18"><span class='ocrx_word' id='word_1_109' title='bbox 490 1075 661 1143; x_wconf 84' lang='lat' dir='ltr'><strong>Deus,</strong></span> <span class='ocrx_word' id='word_1_110' title='bbox 699 1076 1096 1132; x_wconf 87' lang='lat' dir='ltr'><strong>collaudabunt</strong></span> <span class='ocrx_word' id='word_1_111' title='bbox 1128 1076 1327 1147; x_wconf 80' lang='lat' dir='ltr'><strong>angeli,</strong></span> <span class='ocrx_word' id='word_1_112' title='bbox 1353 1084 1625 1146; x_wconf 84' lang='lat' dir='ltr'><strong>quotquot</strong></span> <span class='ocrx_word' id='word_1_113' title='bbox 1654 1075 1723 1129; x_wconf 89' lang='lat' dir='ltr'><strong>ab</strong></span> <span class='ocrx_word' id='word_1_114' title='bbox 1761 1074 1894 1130; x_wconf 87' lang='lat' dir='ltr'><strong>orbe</strong></span> <span class='ocrx_word' id='word_1_115' title='bbox 1930 1088 2063 1130; x_wconf 91' lang='lat' dir='ltr'><strong>con-</strong></span> 
     </span>
    </p>
   </div>
   <div class='ocr_carea' id='block_1_20' title="bbox 491 1166 2062 1238">
    <p class='ocr_par' dir='ltr' id='par_1_20' title="bbox 491 1166 2062 1238">
     <span class='ocr_line' id='line_1_20' title="bbox 491 1166 2062 1238; baseline -0.001 -17"><span class='ocrx_word' id='word_1_116' title='bbox 491 1168 607 1223; x_wconf 89' lang='lat' dir='ltr'><strong>dito</strong></span> <span class='ocrx_word' id='word_1_117' title='bbox 655 1169 908 1225; x_wconf 81' lang='lat' dir='ltr'><strong>homines</strong></span> <span class='ocrx_word' id='word_1_118' title='bbox 942 1168 1116 1236; x_wconf 83' lang='lat' dir='ltr'><strong>fuere,</strong></span> <span class='ocrx_word' id='word_1_119' title='bbox 1148 1170 1369 1224; x_wconf 89' lang='lat' dir='ltr'><strong>beatum</strong></span> <span class='ocrx_word' id='word_1_120' title='bbox 1404 1175 1457 1222; x_wconf 87' lang='lat' dir='ltr'><strong>te</strong></span> <span class='ocrx_word' id='word_1_121' title='bbox 1487 1167 1900 1238; x_wconf 64' lang='lat' dir='ltr'><strong>praedicabunt;</strong></span> <span class='ocrx_word' id='word_1_122' title='bbox 1943 1166 2062 1236; x_wconf 84' lang='lat' dir='ltr'><strong>glo-</strong></span> 
     </span>
    </p>
   </div>
   <div class='ocr_carea' id='block_1_21' title="bbox 492 1260 2064 1331">
    <p class='ocr_par' dir='ltr' id='par_1_21' title="bbox 492 1260 2064 1331">
     <span class='ocr_line' id='line_1_21' title="bbox 492 1260 2064 1331; baseline -0.002 -16"><span class='ocrx_word' id='word_1_123' title='bbox 492 1262 631 1315; x_wconf 87' lang='lat' dir='ltr'><strong>riam</strong></span> <span class='ocrx_word' id='word_1_124' title='bbox 660 1269 942 1326; x_wconf 63' lang='lat' dir='ltr'><strong>aeternam,</strong></span> <span class='ocrx_word' id='word_1_125' title='bbox 974 1277 1232 1318; x_wconf 87' lang='lat' dir='ltr'><strong>coronam</strong></span> <span class='ocrx_word' id='word_1_126' title='bbox 1258 1261 1508 1331; x_wconf 70' lang='lat' dir='ltr'><strong>justitiaa,</strong></span> <span class='ocrx_word' id='word_1_127' title='bbox 1541 1274 1768 1331; x_wconf 81' lang='lat' dir='ltr'><strong>regnum</strong></span> <span class='ocrx_word' id='word_1_128' title='bbox 1800 1260 2064 1315; x_wconf 62' lang='lat' dir='ltr'><strong>caelorum</strong></span> 
     </span>
    </p>
   </div>
   <div class='ocr_carea' id='block_1_22' title="bbox 493 1350 2065 1423">
    <p class='ocr_par' dir='ltr' id='par_1_22' title="bbox 493 1350 2065 1423">
     <span class='ocr_line' id='line_1_22' title="bbox 493 1350 2065 1423; baseline -0.001 -18"><span class='ocrx_word' id='word_1_129' title='bbox 493 1367 594 1422; x_wconf 90' lang='lat' dir='ltr'><strong>pro</strong></span> <span class='ocrx_word' id='word_1_130' title='bbox 627 1353 851 1422; x_wconf 81' lang='lat' dir='ltr'><strong>praemio</strong></span> <span class='ocrx_word' id='word_1_131' title='bbox 886 1368 1071 1408; x_wconf 89' lang='lat' dir='ltr'><strong>rerum</strong></span> <span class='ocrx_word' id='word_1_132' title='bbox 1113 1353 1552 1423; x_wconf 81' lang='lat' dir='ltr'><strong>corruptibilium</strong></span> <span class='ocrx_word' id='word_1_133' title='bbox 1588 1359 1738 1407; x_wconf 86' lang='lat' dir='ltr'><strong>recte</strong></span> <span class='ocrx_word' id='word_1_134' title='bbox 1778 1350 2065 1422; x_wconf 85' lang='lat' dir='ltr'><strong>dispensa-</strong></span> 
     </span>
    </p>
   </div>
   <div class='ocr_carea' id='block_1_23' title="bbox 491 1441 2062 1514">
    <p class='ocr_par' dir='ltr' id='par_1_23' title="bbox 491 1441 2062 1514">
     <span class='ocr_line' id='line_1_23' title="bbox 491 1441 2062 1514; baseline -0.001 -18"><span class='ocrx_word' id='word_1_135' title='bbox 491 1451 672 1497; x_wconf 88' lang='lat' dir='ltr'><strong>tarmn</strong></span> <span class='ocrx_word' id='word_1_136' title='bbox 723 1454 1043 1514; x_wconf 90' lang='lat' dir='ltr'><strong>recepturus</strong></span> <span class='ocrx_word' id='word_1_137' title='bbox 1072 1459 1153 1499; x_wconf 88' lang='lat' dir='ltr'><strong>es.</strong></span> <span class='ocrx_word' id='word_1_138' title='bbox 1184 1442 1430 1510; x_wconf 85' lang='lat' dir='ltr'><strong>Quorum</strong></span> <span class='ocrx_word' id='word_1_139' title='bbox 1464 1442 1601 1497; x_wconf 89' lang='lat' dir='ltr'><strong>nihil</strong></span> <span class='ocrx_word' id='word_1_140' title='bbox 1650 1441 1749 1497; x_wconf 89' lang='lat' dir='ltr'><strong>tibi</strong></span> <span class='ocrx_word' id='word_1_141' title='bbox 1778 1456 1922 1497; x_wconf 73' lang='lat' dir='ltr'><strong>cura:</strong></span> <span class='ocrx_word' id='word_1_142' title='bbox 1957 1449 2062 1506; x_wconf 91' lang='lat' dir='ltr'><strong>est,</strong></span> 
     </span>
    </p>
   </div>
   <div class='ocr_carea' id='block_1_24' title="bbox 493 1533 2066 1606">
    <p class='ocr_par' dir='ltr' id='par_1_24' title="bbox 493 1533 2066 1606">
     <span class='ocr_line' id='line_1_24' title="bbox 493 1533 2066 1606; baseline -0.001 -18"><span class='ocrx_word' id='word_1_143' title='bbox 493 1550 557 1588; x_wconf 86' lang='lat' dir='ltr'><strong>ea</strong></span> <span class='ocrx_word' id='word_1_144' title='bbox 588 1550 711 1604; x_wconf 78' lang='lat' dir='ltr'><strong>qua:</strong></span> <span class='ocrx_word' id='word_1_145' title='bbox 740 1534 797 1588; x_wconf 88' lang='lat' dir='ltr'><strong>in</strong></span> <span class='ocrx_word' id='word_1_146' title='bbox 849 1549 947 1606; x_wconf 86' lang='lat' dir='ltr'><strong>spe</strong></span> <span class='ocrx_word' id='word_1_147' title='bbox 978 1534 1221 1606; x_wconf 88' lang='lat' dir='ltr'><strong>reposita</strong></span> <span class='ocrx_word' id='word_1_148' title='bbox 1257 1542 1387 1592; x_wconf 90' lang='lat' dir='ltr'><strong>sunt</strong></span> <span class='ocrx_word' id='word_1_149' title='bbox 1428 1536 1572 1590; x_wconf 86' lang='lat' dir='ltr'><strong>bona</strong></span> <span class='ocrx_word' id='word_1_150' title='bbox 1609 1534 1681 1590; x_wconf 87' lang='lat' dir='ltr'><strong>ob</strong></span> <span class='ocrx_word' id='word_1_151' title='bbox 1716 1533 2066 1604; x_wconf 76' lang='lat' dir='ltr'><strong>praesentium</strong></span> 
     </span>
    </p>
   </div>
   <div class='ocr_carea' id='block_1_25' title="bbox 497 1629 2068 1701">
    <p class='ocr_par' dir='ltr' id='par_1_25' title="bbox 497 1629 2068 1701">
     <span class='ocr_line' id='line_1_25' title="bbox 497 1629 2068 1701; baseline -0.001 -17"><span class='ocrx_word' id='word_1_152' title='bbox 497 1630 743 1685; x_wconf 81' lang='lat' dir='ltr'><strong>studium</strong></span> <span class='ocrx_word' id='word_1_153' title='bbox 808 1632 1207 1686; x_wconf 80' lang='lat' dir='ltr'><strong>contemnenti.</strong></span> <span class='ocrx_word' id='word_1_154' title='bbox 1256 1630 1367 1701; x_wconf 86' lang='lat' dir='ltr'><strong>Age</strong></span> <span class='ocrx_word' id='word_1_155' title='bbox 1420 1631 1607 1701; x_wconf 80' lang='lat' dir='ltr'><strong>igitur,</strong></span> <span class='ocrx_word' id='word_1_156' title='bbox 1655 1630 1876 1684; x_wconf 80' lang='lat' dir='ltr'><strong>divitias</strong></span> <span class='ocrx_word' id='word_1_157' title='bbox 1922 1629 2068 1683; x_wconf 88' lang='lat' dir='ltr'><strong>varie</strong></span> 
     </span>
    </p>
   </div>
   <div class='ocr_carea' id='block_1_26' title="bbox 494 1720 2067 1793">
    <p class='ocr_par' dir='ltr' id='par_1_26' title="bbox 494 1720 2067 1793">
     <span class='ocr_line' id='line_1_26' title="bbox 494 1720 2067 1793; baseline 0 -19"><span class='ocrx_word' id='word_1_158' title='bbox 494 1721 775 1791; x_wconf 83' lang='lat' dir='ltr'><strong>dispensa,</strong></span> <span class='ocrx_word' id='word_1_159' title='bbox 806 1723 1047 1779; x_wconf 83' lang='lat' dir='ltr'><strong>liberalis</strong></span> <span class='ocrx_word' id='word_1_160' title='bbox 1071 1732 1191 1779; x_wconf 87' lang='lat' dir='ltr'><strong>esto</strong></span> <span class='ocrx_word' id='word_1_161' title='bbox 1220 1731 1275 1779; x_wconf 90' lang='lat' dir='ltr'><strong>et</strong></span> <span class='ocrx_word' id='word_1_162' title='bbox 1305 1722 1627 1793; x_wconf 88' lang='lat' dir='ltr'><strong>splendidus</strong></span> <span class='ocrx_word' id='word_1_163' title='bbox 1669 1722 1725 1775; x_wconf 91' lang='lat' dir='ltr'><strong>in</strong></span> <span class='ocrx_word' id='word_1_164' title='bbox 1757 1720 2067 1790; x_wconf 85' lang='lat' dir='ltr'><strong>sumptibus</strong></span> 
     </span>
    </p>
   </div>
   <div class='ocr_carea' id='block_1_27' title="bbox 2168 1069 3740 1144">
    <p class='ocr_par' dir='ltr' id='par_1_27' title="bbox 2168 1069 3740 1144">
     <span class='ocr_line' id='line_1_27' title="bbox 2168 1069 3740 1144; baseline -0.001 -15"><span class='ocrx_word' id='word_1_165' title='bbox 2168 1074 2540 1144; x_wconf 73' lang='grc' dir='ltr'><strong>δικαιοσύνης,</strong></span> <span class='ocrx_word' id='word_1_166' title='bbox 2573 1072 2819 1143; x_wconf 86' lang='grc' dir='ltr'>βασιλεία</span> <span class='ocrx_word' id='word_1_167' title='bbox 2850 1072 2959 1126; x_wconf 89' lang='grc' dir='ltr'><strong>τῶν</strong></span> <span class='ocrx_word' id='word_1_168' title='bbox 2994 1072 3257 1144; x_wconf 74' lang='grc' dir='ltr'>οὐρανῶν,</span> <span class='ocrx_word' id='word_1_169' title='bbox 3286 1069 3424 1126; x_wconf 84' lang='grc' dir='ltr'>ἆθλά</span> <span class='ocrx_word' id='word_1_170' title='bbox 3457 1090 3539 1126; x_wconf 80' lang='grc' dir='ltr'><strong>σοι</strong></span> <span class='ocrx_word' id='word_1_171' title='bbox 3585 1075 3740 1128; x_wconf 78' lang='grc' dir='ltr'>ἔσται</span> 
     </span>
    </p>
   </div>
   <div class='ocr_carea' id='block_1_28' title="bbox 2168 1161 3739 1237">
    <p class='ocr_par' dir='ltr' id='par_1_28' title="bbox 2168 1161 3739 1237">
     <span class='ocr_line' id='line_1_28' title="bbox 2168 1161 3739 1237; baseline -0.001 -17"><span class='ocrx_word' id='word_1_172' title='bbox 2168 1168 2268 1237; x_wconf 81' lang='grc' dir='ltr'><strong>τῆς</strong></span> <span class='ocrx_word' id='word_1_173' title='bbox 2289 1166 2398 1220; x_wconf 89' lang='grc' dir='ltr'><strong>τῶν</strong></span> <span class='ocrx_word' id='word_1_174' title='bbox 2424 1164 2676 1236; x_wconf 69' lang='grc' dir='ltr'>φθαρτῶν</span> <span class='ocrx_word' id='word_1_175' title='bbox 2696 1165 2900 1219; x_wconf 71' lang='grc' dir='ltr'>τούτων</span> <span class='ocrx_word' id='word_1_176' title='bbox 2925 1168 3236 1237; x_wconf 78' lang='grc' dir='ltr'>οἰκονομίας</span> <span class='ocrx_word' id='word_1_177' title='bbox 3255 1184 3267 1196; x_wconf 85' lang='grc'><em>’</em></span> <span class='ocrx_word' id='word_1_178' title='bbox 3296 1161 3369 1219; x_wconf 79' lang='grc' dir='ltr'>ὧν</span> <span class='ocrx_word' id='word_1_179' title='bbox 3393 1167 3604 1229; x_wconf 80' lang='grc' dir='ltr'>οὐδενὸς</span> <span class='ocrx_word' id='word_1_180' title='bbox 3626 1167 3739 1237; x_wconf 66' lang='grc'>(26)</span> 
     </span>
    </p>
   </div>
   <div class='ocr_carea' id='block_1_29' title="bbox 2171 1256 3742 1328">
    <p class='ocr_par' dir='ltr' id='par_1_29' title="bbox 2171 1256 3742 1328">
     <span class='ocr_line' id='line_1_29' title="bbox 2171 1256 3742 1328; baseline 0.001 -18"><span class='ocrx_word' id='word_1_181' title='bbox 2171 1258 2500 1328; x_wconf 73' lang='grc' dir='ltr'>φροντίζεις,</span> <span class='ocrx_word' id='word_1_182' title='bbox 2527 1259 2593 1328; x_wconf 77' lang='grc' dir='ltr'>τῇ</span> <span class='ocrx_word' id='word_1_183' title='bbox 2633 1257 2759 1327; x_wconf 77' lang='grc' dir='ltr'>περὶ</span> <span class='ocrx_word' id='word_1_184' title='bbox 2796 1256 2865 1310; x_wconf 79' lang='grc' dir='ltr'><strong>τά</strong></span> <span class='ocrx_word' id='word_1_185' title='bbox 2912 1258 3158 1328; x_wconf 89' lang='grc' dir='ltr'>παρόντα</span> <span class='ocrx_word' id='word_1_186' title='bbox 3200 1260 3401 1328; x_wconf 78' lang='grc' dir='ltr'>σπουδῇ</span> <span class='ocrx_word' id='word_1_187' title='bbox 3430 1257 3538 1312; x_wconf 85' lang='grc' dir='ltr'><strong>τῶν</strong></span> <span class='ocrx_word' id='word_1_188' title='bbox 3585 1258 3742 1311; x_wconf 86' lang='grc' dir='ltr'>ἐλπι-</span> 
     </span>
    </p>
   </div>
   <div class='ocr_carea' id='block_1_30' title="bbox 2172 1346 3743 1421">
    <p class='ocr_par' dir='ltr' id='par_1_30' title="bbox 2172 1346 3743 1421">
     <span class='ocr_line' id='line_1_30' title="bbox 2172 1346 3743 1421; baseline -0.001 -19"><span class='ocrx_word' id='word_1_189' title='bbox 2172 1350 2412 1421; x_wconf 82' lang='grc' dir='ltr'>ζομένων</span> <span class='ocrx_word' id='word_1_190' title='bbox 2459 1349 2763 1421; x_wconf 75' lang='grc' dir='ltr'>ὑπερορῶν.</span> <span class='ocrx_word' id='word_1_191' title='bbox 2798 1349 2966 1421; x_wconf 76' lang='grc' dir='ltr'>Δεῦρο</span> <span class='ocrx_word' id='word_1_192' title='bbox 3009 1350 3072 1421; x_wconf 81' lang='grc' dir='ltr'>δὴ</span> <span class='ocrx_word' id='word_1_193' title='bbox 3129 1346 3222 1403; x_wconf 79' lang='grc' dir='ltr'><strong>οὖν</strong></span> <span class='ocrx_word' id='word_1_194' title='bbox 3265 1350 3521 1413; x_wconf 80' lang='grc' dir='ltr'>ποικίλως</span> <span class='ocrx_word' id='word_1_195' title='bbox 3555 1349 3743 1403; x_wconf 87' lang='grc' dir='ltr'>διάθου</span> 
     </span>
    </p>
   </div>
   <div class='ocr_carea' id='block_1_31' title="bbox 2170 1441 3742 1515">
    <p class='ocr_par' dir='ltr' id='par_1_31' title="bbox 2170 1441 3742 1515">
     <span class='ocr_line' id='line_1_31' title="bbox 2170 1441 3742 1515; baseline 0 -20"><span class='ocrx_word' id='word_1_196' title='bbox 2170 1442 2263 1496; x_wconf 77' lang='grc' dir='ltr'><strong>τὸν</strong></span> <span class='ocrx_word' id='word_1_197' title='bbox 2292 1442 2539 1502; x_wconf 71' lang='grc' dir='ltr'>πλοῦτον,</span> <span class='ocrx_word' id='word_1_198' title='bbox 2569 1441 2851 1512; x_wconf 83' lang='grc' dir='ltr'>φιλότιμος</span> <span class='ocrx_word' id='word_1_199' title='bbox 2879 1443 2973 1494; x_wconf 78' lang='grc' dir='ltr'><strong>καὶ</strong></span> <span class='ocrx_word' id='word_1_200' title='bbox 2996 1442 3245 1515; x_wconf 82' lang='grc' dir='ltr'>λαμπρὸς</span> <span class='ocrx_word' id='word_1_201' title='bbox 3279 1442 3407 1514; x_wconf 75' lang='grc' dir='ltr'>περὶ</span> <span class='ocrx_word' id='word_1_202' title='bbox 3437 1443 3536 1505; x_wconf 85' lang='grc' dir='ltr'><strong>τάς</strong></span> <span class='ocrx_word' id='word_1_203' title='bbox 3566 1443 3742 1496; x_wconf 75' lang='grc' dir='ltr'>δαπά-</span> 
     </span>
    </p>
   </div>
   <div class='ocr_carea' id='block_1_32' title="bbox 2172 1533 3737 1606">
    <p class='ocr_par' dir='ltr' id='par_1_32' title="bbox 2172 1533 3737 1606">
     <span class='ocr_line' id='line_1_32' title="bbox 2172 1533 3737 1606; baseline -0.001 -18"><span class='ocrx_word' id='word_1_204' title='bbox 2172 1551 2269 1599; x_wconf 85' lang='grc' dir='ltr'><strong>νας</strong></span> <span class='ocrx_word' id='word_1_205' title='bbox 2295 1534 2403 1587; x_wconf 88' lang='grc' dir='ltr'><strong>τῶν</strong></span> <span class='ocrx_word' id='word_1_206' title='bbox 2423 1533 2690 1605; x_wconf 79' lang='grc' dir='ltr'>δεομένων</span> <span class='ocrx_word' id='word_1_207' title='bbox 2713 1534 3018 1604; x_wconf 83' lang='grc' dir='ltr'>γενόμενος.</span> <span class='ocrx_word' id='word_1_208' title='bbox 3053 1536 3309 1604; x_wconf 76' lang='grc' dir='ltr'>Λεγέσθω</span> <span class='ocrx_word' id='word_1_209' title='bbox 3335 1536 3427 1589; x_wconf 78' lang='grc' dir='ltr'><strong>καὶ</strong></span> <span class='ocrx_word' id='word_1_210' title='bbox 3457 1553 3523 1587; x_wconf 90' lang='grc' dir='ltr'><strong>πε</strong></span> <span class='ocrx_word' id='word_1_211' title='bbox 3533 1535 3585 1606; x_wconf 76' lang='lat' dir='ltr'><strong>pi.</strong></span> <span class='ocrx_word' id='word_1_212' title='bbox 3610 1534 3700 1588; x_wconf 83' lang='grc' dir='ltr'>σοῦ</span> <span class='ocrx_word' id='word_1_213' title='bbox 3723 1553 3737 1567; x_wconf 77' lang='grc' dir='ltr'><strong>ο</strong></span> 
     </span>
    </p>
   </div>
   <div class='ocr_carea' id='block_1_33' title="bbox 2187 1626 3743 1696">
    <p class='ocr_par' dir='ltr' id='par_1_33' title="bbox 2187 1626 3743 1696">
     <span class='ocr_line' id='line_1_33' title="bbox 2187 1626 3743 1696; baseline -0.001 -15"><span class='ocrx_word' id='word_1_214' title='bbox 2187 1628 2604 1693; x_wconf 56' lang='grc' dir='ltr'>Ἐσκόρπισεν,</span> <span class='ocrx_word' id='word_1_215' title='bbox 2643 1626 2826 1681; x_wconf 79' lang='grc' dir='ltr'>ἔδωκε</span> <span class='ocrx_word' id='word_1_216' title='bbox 2852 1627 2976 1693; x_wconf 83' lang='grc' dir='ltr'>τοῖς</span> <span class='ocrx_word' id='word_1_217' title='bbox 3001 1627 3286 1696; x_wconf 76' lang='grc' dir='ltr'>πένησιν·</span> <span class='ocrx_word' id='word_1_218' title='bbox 3319 1630 3357 1696; x_wconf 77' lang='grc' dir='ltr'>ἡ</span> <span class='ocrx_word' id='word_1_219' title='bbox 3387 1627 3743 1695; x_wconf 80' lang='grc' dir='ltr'>δικαιοσύνη</span> 
     </span>
    </p>
   </div>
   <div class='ocr_carea' id='block_1_34' title="bbox 2173 1716 3747 1790">
    <p class='ocr_par' dir='ltr' id='par_1_34' title="bbox 2173 1716 3747 1790">
     <span class='ocr_line' id='line_1_34' title="bbox 2173 1716 3747 1790; baseline 0 -20"><span class='ocrx_word' id='word_1_220' title='bbox 2173 1719 2357 1772; x_wconf 78' lang='grc' dir='ltr'>αὑτοῦ</span> <span class='ocrx_word' id='word_1_221' title='bbox 2384 1717 2553 1787; x_wconf 82' lang='grc' dir='ltr'>μένει</span> <span class='ocrx_word' id='word_1_222' title='bbox 2573 1718 2683 1789; x_wconf 67' lang='grc'><strong>(25)</strong></span> <span class='ocrx_word' id='word_1_223' title='bbox 2714 1720 2801 1783; x_wconf 82' lang='grc' dir='ltr'>εἱς</span> <span class='ocrx_word' id='word_1_224' title='bbox 2826 1716 2933 1770; x_wconf 79' lang='grc' dir='ltr'><strong>τὸν</strong></span> <span class='ocrx_word' id='word_1_225' title='bbox 2956 1718 3161 1771; x_wconf 78' lang='grc' dir='ltr'>αἰῶνα.</span> <span class='ocrx_word' id='word_1_226' title='bbox 3198 1720 3289 1790; x_wconf 84' lang='grc' dir='ltr'><strong>Μὴ</strong></span> <span class='ocrx_word' id='word_1_227' title='bbox 3323 1717 3619 1789; x_wconf 82' lang='grc' dir='ltr'>βαρύτιμος</span> <span class='ocrx_word' id='word_1_228' title='bbox 3651 1717 3747 1770; x_wconf 77' lang='grc' dir='ltr'><strong>ἔσο</strong></span> 
     </span>
    </p>
   </div>
   <div class='ocr_carea' id='block_1_35' title="bbox 496 1809 2071 1888">
    <p class='ocr_par' dir='ltr' id='par_1_35' title="bbox 496 1809 2071 1884">
     <span class='ocr_line' id='line_1_35' title="bbox 496 1809 2071 1884; baseline -0.001 -18"><span class='ocrx_word' id='word_1_229' title='bbox 496 1813 552 1866; x_wconf 88' lang='lat' dir='ltr'><strong>in</strong></span> <span class='ocrx_word' id='word_1_230' title='bbox 592 1828 793 1883; x_wconf 88' lang='lat' dir='ltr'><strong>egenos</strong></span> <span class='ocrx_word' id='word_1_231' title='bbox 824 1813 1228 1884; x_wconf 89' lang='lat' dir='ltr'><strong>impendendis.</strong></span> <span class='ocrx_word' id='word_1_232' title='bbox 1266 1813 1493 1869; x_wconf 86' lang='lat' dir='ltr'><strong>Dicatur</strong></span> <span class='ocrx_word' id='word_1_233' title='bbox 1521 1814 1686 1869; x_wconf 87' lang='lat' dir='ltr'><strong>etiam</strong></span> <span class='ocrx_word' id='word_1_234' title='bbox 1732 1814 1800 1868; x_wconf 91' lang='lat' dir='ltr'><strong>de</strong></span> <span class='ocrx_word' id='word_1_235' title='bbox 1848 1820 1899 1866; x_wconf 89' lang='lat' dir='ltr'><strong>te</strong></span> <span class='ocrx_word' id='word_1_236' title='bbox 1930 1830 1942 1866; x_wconf 89' lang='lat'><strong>:</strong></span> <span class='ocrx_word' id='word_1_237' title='bbox 1983 1809 2071 1864; x_wconf 81' lang='lat' dir='ltr'><strong>Di-</strong></span> 
     </span>
    </p>
   </div>
   <div class='ocr_carea' id='block_1_36' title="bbox 2176 1809 3743 1888">
    <p class='ocr_par' dir='ltr' id='par_1_36' title="bbox 2176 1810 3743 1888">
     <span class='ocr_line' id='line_1_36' title="bbox 2176 1810 3743 1888; baseline 0.001 -27"><span class='ocrx_word' id='word_1_238' title='bbox 2176 1813 2294 1873; x_wconf 81' lang='grc' dir='ltr'>ταῖς</span> <span class='ocrx_word' id='word_1_239' title='bbox 2334 1810 2547 1888; x_wconf 78' lang='grc' dir='ltr'>χρείαις</span> <span class='ocrx_word' id='word_1_240' title='bbox 2586 1810 2978 1882; x_wconf 79' lang='grc' dir='ltr'>ἐπιτιθέμενος.</span> <span class='ocrx_word' id='word_1_241' title='bbox 3033 1810 3119 1883; x_wconf 79' lang='grc' dir='ltr'><strong>Μὴ</strong></span> <span class='ocrx_word' id='word_1_242' title='bbox 3161 1812 3398 1882; x_wconf 87' lang='grc' dir='ltr'>ἀνάμενε</span> <span class='ocrx_word' id='word_1_243' title='bbox 3457 1811 3743 1871; x_wconf 82' lang='grc' dir='ltr'>σιτοδείαν,</span> 
     </span>
    </p>
   </div>
   <div class='ocr_carea' id='block_1_37' title="bbox 495 1903 2069 1975">
    <p class='ocr_par' dir='ltr' id='par_1_37' title="bbox 495 1903 2069 1975">
     <span class='ocr_line' id='line_1_37' title="bbox 495 1903 2069 1975; baseline -0.001 -18"><span class='ocrx_word' id='word_1_244' title='bbox 495 1906 711 1973; x_wconf 69' lang='lat' dir='ltr'><strong>sparsit,</strong></span> <span class='ocrx_word' id='word_1_245' title='bbox 756 1903 898 1959; x_wconf 84' lang='lat' dir='ltr'><strong>dedit</strong></span> <span class='ocrx_word' id='word_1_246' title='bbox 944 1904 1265 1975; x_wconf 80' lang='lat' dir='ltr'><strong>pauperibus</strong></span> <span class='ocrx_word' id='word_1_247' title='bbox 1298 1921 1320 1969; x_wconf 89' lang='lat'><strong><em>;</em></strong></span> <span class='ocrx_word' id='word_1_248' title='bbox 1345 1905 1565 1974; x_wconf 77' lang='lat' dir='ltr'><strong>justitia</strong></span> <span class='ocrx_word' id='word_1_249' title='bbox 1622 1904 1736 1974; x_wconf 87' lang='lat' dir='ltr'><strong>ejus</strong></span> <span class='ocrx_word' id='word_1_250' title='bbox 1786 1910 1961 1956; x_wconf 85' lang='lat' dir='ltr'><strong>manet</strong></span> <span class='ocrx_word' id='word_1_251' title='bbox 2013 1903 2069 1956; x_wconf 80' lang='lat' dir='ltr'><strong>in</strong></span> 
     </span>
    </p>
   </div>
   <div class='ocr_carea' id='block_1_38' title="bbox 496 1992 2069 2064">
    <p class='ocr_par' dir='ltr' id='par_1_38' title="bbox 496 1992 2069 2064">
     <span class='ocr_line' id='line_1_38' title="bbox 496 1992 2069 2064; baseline -0.001 -15"><span class='ocrx_word' id='word_1_252' title='bbox 496 1994 752 2049; x_wconf 61' lang='lat' dir='ltr'><strong>saeculum</strong></span> <span class='ocrx_word' id='word_1_253' title='bbox 790 1994 855 2049; x_wconf 80' lang='lat'><strong>”.</strong></span> <span class='ocrx_word' id='word_1_254' title='bbox 908 1992 1032 2048; x_wconf 89' lang='lat' dir='ltr'><strong>Noli</strong></span> <span class='ocrx_word' id='word_1_255' title='bbox 1094 2010 1295 2064; x_wconf 80' lang='lat' dir='ltr'><strong>magno</strong></span> <span class='ocrx_word' id='word_1_256' title='bbox 1341 1995 1602 2056; x_wconf 85' lang='lat' dir='ltr'><strong>vendere.</strong></span> <span class='ocrx_word' id='word_1_257' title='bbox 1647 1993 2069 2050; x_wconf 86' lang='lat' dir='ltr'><strong>necessitatibus</strong></span> 
     </span>
    </p>
   </div>
   <div class='ocr_carea' id='block_1_39' title="bbox 498 2083 2068 2154">
    <p class='ocr_par' dir='ltr' id='par_1_39' title="bbox 498 2083 2068 2154">
     <span class='ocr_line' id='line_1_39' title="bbox 498 2083 2068 2154; baseline 0.001 -18"><span class='ocrx_word' id='word_1_258' title='bbox 498 2084 621 2154; x_wconf 92' lang='lat' dir='ltr'><strong>plus</strong></span> <span class='ocrx_word' id='word_1_259' title='bbox 656 2084 805 2154; x_wconf 89' lang='lat' dir='ltr'><strong>justo</strong></span> <span class='ocrx_word' id='word_1_260' title='bbox 863 2084 1128 2139; x_wconf 87' lang='lat' dir='ltr'><strong>intentus.</strong></span> <span class='ocrx_word' id='word_1_261' title='bbox 1187 2083 1332 2139; x_wconf 83' lang='lat' dir='ltr'><strong>Cave</strong></span> <span class='ocrx_word' id='word_1_262' title='bbox 1380 2091 1667 2153; x_wconf 76' lang='lat' dir='ltr'><strong>exspectes</strong></span> <span class='ocrx_word' id='word_1_263' title='bbox 1706 2100 1937 2139; x_wconf 68' lang='lat' dir='ltr'><strong>annona:</strong></span> <span class='ocrx_word' id='word_1_264' title='bbox 1971 2100 2068 2138; x_wconf 89' lang='lat' dir='ltr'><strong>ca-</strong></span> 
     </span>
    </p>
   </div>
   <div class='ocr_carea' id='block_1_40' title="bbox 498 2173 2072 2247">
    <p class='ocr_par' dir='ltr' id='par_1_40' title="bbox 498 2173 2072 2247">
     <span class='ocr_line' id='line_1_40' title="bbox 498 2173 2072 2247; baseline 0.001 -19"><span class='ocrx_word' id='word_1_265' title='bbox 498 2176 717 2230; x_wconf 82' lang='lat' dir='ltr'><strong>ritatem</strong></span> <span class='ocrx_word' id='word_1_266' title='bbox 761 2173 823 2227; x_wconf 66' lang='lat' dir='ltr'><strong>ad</strong></span> <span class='ocrx_word' id='word_1_267' title='bbox 859 2174 1055 2230; x_wconf 83' lang='lat' dir='ltr'><strong>horrea</strong></span> <span class='ocrx_word' id='word_1_268' title='bbox 1092 2173 1407 2245; x_wconf 86' lang='lat' dir='ltr'><strong>aperienda.</strong></span> <span class='ocrx_word' id='word_1_269' title='bbox 1446 2173 1590 2229; x_wconf 82' lang='lat' dir='ltr'><strong>Nam</strong></span> <span class='ocrx_word' id='word_1_270' title='bbox 1626 2176 1717 2245; x_wconf 85' lang='lat' dir='ltr'><strong>qui</strong></span> <span class='ocrx_word' id='word_1_271' title='bbox 1759 2186 1911 2247; x_wconf 80' lang='lat' dir='ltr'><strong>auget</strong></span> <span class='ocrx_word' id='word_1_272' title='bbox 1952 2192 2072 2244; x_wconf 88' lang='lat' dir='ltr'><strong>pre-</strong></span> 
     </span>
    </p>
   </div>
   <div class='ocr_carea' id='block_1_41' title="bbox 500 2265 2070 2333">
    <p class='ocr_par' dir='ltr' id='par_1_41' title="bbox 500 2265 2070 2333">
     <span class='ocr_line' id='line_1_41' title="bbox 500 2265 2070 2333; baseline 0.003 -14"><span class='ocrx_word' id='word_1_273' title='bbox 500 2267 631 2319; x_wconf 88' lang='lat' dir='ltr'><strong>tium</strong></span> <span class='ocrx_word' id='word_1_274' title='bbox 668 2281 910 2330; x_wconf 75' lang='lat' dir='ltr'><strong>anuomc,</strong></span> <span class='ocrx_word' id='word_1_275' title='bbox 964 2265 1102 2333; x_wconf 79' lang='lat' dir='ltr'><strong>plebi</strong></span> <span class='ocrx_word' id='word_1_276' title='bbox 1137 2276 1216 2321; x_wconf 86' lang='lat' dir='ltr'><strong>est</strong></span> <span class='ocrx_word' id='word_1_277' title='bbox 1280 2266 1625 2321; x_wconf 71' lang='lat' dir='ltr'><strong>exsecrabilis</strong></span> <span class='ocrx_word' id='word_1_278' title='bbox 1663 2268 1701 2321; x_wconf 84' lang='grc'><strong>¹.</strong></span> <span class='ocrx_word' id='word_1_279' title='bbox 1750 2266 1829 2322; x_wconf 89' lang='lat' dir='ltr'><strong>Ne</strong></span> <span class='ocrx_word' id='word_1_280' title='bbox 1873 2268 2070 2324; x_wconf 82' lang='lat' dir='ltr'><strong>famem</strong></span> 
     </span>
    </p>
   </div>
   <div class='ocr_carea' id='block_1_42' title="bbox 499 2356 2073 2427">
    <p class='ocr_par' dir='ltr' id='par_1_42' title="bbox 499 2356 2073 2427">
     <span class='ocr_line' id='line_1_42' title="bbox 499 2356 2073 2427; baseline 0.001 -17"><span class='ocrx_word' id='word_1_281' title='bbox 499 2356 621 2410; x_wconf 76' lang='lat' dir='ltr'><strong>auri</strong></span> <span class='ocrx_word' id='word_1_282' title='bbox 662 2370 851 2418; x_wconf 86' lang='lat' dir='ltr'><strong>causa,</strong></span> <span class='ocrx_word' id='word_1_283' title='bbox 901 2371 970 2410; x_wconf 91' lang='lat' dir='ltr'><strong>ne</strong></span> <span class='ocrx_word' id='word_1_284' title='bbox 1010 2356 1247 2412; x_wconf 85' lang='lat' dir='ltr'><strong>inediam</strong></span> <span class='ocrx_word' id='word_1_285' title='bbox 1284 2370 1635 2412; x_wconf 84' lang='lat' dir='ltr'><strong>communem</strong></span> <span class='ocrx_word' id='word_1_286' title='bbox 1688 2359 1759 2412; x_wconf 90' lang='lat' dir='ltr'><strong>ob</strong></span> <span class='ocrx_word' id='word_1_287' title='bbox 1803 2358 2073 2427; x_wconf 81' lang='lat' dir='ltr'><strong>privatam</strong></span> 
     </span>
    </p>
   </div>
   <div class='ocr_carea' id='block_1_43' title="bbox 498 2447 2075 2519">
    <p class='ocr_par' dir='ltr' id='par_1_43' title="bbox 498 2447 2075 2519">
     <span class='ocr_line' id='line_1_43' title="bbox 498 2447 2075 2519; baseline 0.002 -19"><span class='ocrx_word' id='word_1_288' title='bbox 498 2463 663 2517; x_wconf 89' lang='lat' dir='ltr'><strong>opum</strong></span> <span class='ocrx_word' id='word_1_289' title='bbox 704 2455 924 2501; x_wconf 88' lang='lat' dir='ltr'><strong>tuarum</strong></span> <span class='ocrx_word' id='word_1_290' title='bbox 977 2447 1190 2518; x_wconf 90' lang='lat' dir='ltr'><strong>copiam</strong></span> <span class='ocrx_word' id='word_1_291' title='bbox 1238 2447 1544 2517; x_wconf 86' lang='lat' dir='ltr'><strong>opperiare.</strong></span> <span class='ocrx_word' id='word_1_292' title='bbox 1590 2447 1711 2503; x_wconf 85' lang='lat' dir='ltr'><strong>Noli</strong></span> <span class='ocrx_word' id='word_1_293' title='bbox 1750 2448 1865 2503; x_wconf 87' lang='lat' dir='ltr'><strong>fieri</strong></span> <span class='ocrx_word' id='word_1_294' title='bbox 1902 2464 2075 2519; x_wconf 92' lang='lat' dir='ltr'><strong>caupo</strong></span> 
     </span>
    </p>
   </div>
   <div class='ocr_carea' id='block_1_44' title="bbox 499 2538 2075 2608">
    <p class='ocr_par' dir='ltr' id='par_1_44' title="bbox 499 2538 2075 2608">
     <span class='ocr_line' id='line_1_44' title="bbox 499 2538 2075 2608; baseline 0.002 -15"><span class='ocrx_word' id='word_1_295' title='bbox 499 2548 866 2594; x_wconf 72' lang='lat' dir='ltr'><strong>humanarum</strong></span> <span class='ocrx_word' id='word_1_296' title='bbox 915 2538 1340 2608; x_wconf 87' lang='lat' dir='ltr'><strong>calamitatum;</strong></span> <span class='ocrx_word' id='word_1_297' title='bbox 1381 2555 1452 2595; x_wconf 91' lang='lat' dir='ltr'><strong>ne</strong></span> <span class='ocrx_word' id='word_1_298' title='bbox 1497 2540 1637 2594; x_wconf 93' lang='lat' dir='ltr'><strong>iram</strong></span> <span class='ocrx_word' id='word_1_299' title='bbox 1683 2539 1776 2596; x_wconf 89' lang='lat' dir='ltr'><strong>Dei</strong></span> <span class='ocrx_word' id='word_1_300' title='bbox 1826 2543 2075 2597; x_wconf 89' lang='lat' dir='ltr'><strong>occasio-</strong></span> 
     </span>
    </p>
   </div>
   <div class='ocr_carea' id='block_1_45' title="bbox 499 2631 2074 2703">
    <p class='ocr_par' dir='ltr' id='par_1_45' title="bbox 499 2631 2074 2703">
     <span class='ocr_line' id='line_1_45' title="bbox 499 2631 2074 2703; baseline 0.003 -17"><span class='ocrx_word' id='word_1_301' title='bbox 499 2647 625 2687; x_wconf 88' lang='lat' dir='ltr'><strong>nem</strong></span> <span class='ocrx_word' id='word_1_302' title='bbox 669 2631 868 2688; x_wconf 83' lang='lat' dir='ltr'><strong>feceris</strong></span> <span class='ocrx_word' id='word_1_303' title='bbox 925 2631 1245 2702; x_wconf 73' lang='lat' dir='ltr'><strong>aggerenda:</strong></span> <span class='ocrx_word' id='word_1_304' title='bbox 1292 2633 1561 2703; x_wconf 73' lang='lat' dir='ltr'><strong>pecuniae.</strong></span> <span class='ocrx_word' id='word_1_305' title='bbox 1600 2634 1746 2689; x_wconf 86' lang='lat' dir='ltr'><strong>Cave</strong></span> <span class='ocrx_word' id='word_1_306' title='bbox 1790 2636 2074 2691; x_wconf 80' lang='lat' dir='ltr'><strong>exulceres</strong></span> 
     </span>
    </p>
   </div>
   <div class='ocr_carea' id='block_1_46' title="bbox 498 2720 2074 2795">
    <p class='ocr_par' dir='ltr' id='par_1_46' title="bbox 498 2720 2074 2795">
     <span class='ocr_line' id='line_1_46' title="bbox 498 2720 2074 2795; baseline 0.003 -20"><span class='ocrx_word' id='word_1_307' title='bbox 498 2723 727 2777; x_wconf 83' lang='lat' dir='ltr'><strong>vulnera</strong></span> <span class='ocrx_word' id='word_1_308' title='bbox 759 2720 941 2792; x_wconf 83' lang='lat' dir='ltr'><strong>ﬂagris</strong></span> <span class='ocrx_word' id='word_1_309' title='bbox 989 2736 1278 2776; x_wconf 64' lang='lat' dir='ltr'><strong>emsorum.</strong></span> <span class='ocrx_word' id='word_1_310' title='bbox 1313 2720 1395 2776; x_wconf 86' lang='lat' dir='ltr'><strong>Tu</strong></span> <span class='ocrx_word' id='word_1_311' title='bbox 1436 2738 1565 2778; x_wconf 89' lang='lat' dir='ltr'><strong>vero</strong></span> <span class='ocrx_word' id='word_1_312' title='bbox 1592 2724 1861 2795; x_wconf 85' lang='lat' dir='ltr'><strong>conjectis</strong></span> <span class='ocrx_word' id='word_1_313' title='bbox 1889 2727 1944 2779; x_wconf 91' lang='lat' dir='ltr'><strong>in</strong></span> <span class='ocrx_word' id='word_1_314' title='bbox 1975 2741 2074 2780; x_wconf 88' lang='lat' dir='ltr'><strong>au-</strong></span> 
     </span>
    </p>
   </div>
   <div class='ocr_carea' id='block_1_47' title="bbox 2175 1900 3747 1973">
    <p class='ocr_par' dir='ltr' id='par_1_47' title="bbox 2175 1900 3747 1973">
     <span class='ocr_line' id='line_1_47' title="bbox 2175 1900 3747 1973; baseline 0.001 -20"><span class='ocrx_word' id='word_1_315' title='bbox 2175 1901 2261 1954; x_wconf 84' lang='grc' dir='ltr'>ἴνα</span> <span class='ocrx_word' id='word_1_316' title='bbox 2282 1900 2497 1971; x_wconf 64' lang='grc' dir='ltr'>ἀνοίξῃς</span> <span class='ocrx_word' id='word_1_317' title='bbox 2526 1900 2841 1971; x_wconf 85' lang='grc' dir='ltr'>σιτοδοχεῖα.</span> <span class='ocrx_word' id='word_1_318' title='bbox 2861 1902 2913 1954; x_wconf 89' lang='grc' dir='ltr'><em>Ὀ</em></span> <span class='ocrx_word' id='word_1_319' title='bbox 2931 1901 3038 1972; x_wconf 75' lang='grc' dir='ltr'>γὰρ</span> <span class='ocrx_word' id='word_1_320' title='bbox 3058 1902 3419 1972; x_wconf 72' lang='grc' dir='ltr'>τιμιουλκῶν</span> <span class='ocrx_word' id='word_1_321' title='bbox 3438 1902 3609 1956; x_wconf 80' lang='grc' dir='ltr'>σῖτον</span> <span class='ocrx_word' id='word_1_322' title='bbox 3629 1902 3747 1973; x_wconf 67' lang='lat'><strong>(26)</strong></span> 
     </span>
    </p>
   </div>
   <div class='ocr_carea' id='block_1_48' title="bbox 2173 1991 3746 2064">
    <p class='ocr_par' dir='ltr' id='par_1_48' title="bbox 2173 1991 3746 2064">
     <span class='ocr_line' id='line_1_48' title="bbox 2173 1991 3746 2064; baseline 0.001 -20"><span class='ocrx_word' id='word_1_323' title='bbox 2173 1991 2678 2061; x_wconf 77' lang='grc' dir='ltr'>δημοκατάρατος.</span> <span class='ocrx_word' id='word_1_324' title='bbox 2711 1994 2816 2062; x_wconf 58' lang='lat' dir='ltr'><strong>(Mi)</strong></span> <span class='ocrx_word' id='word_1_325' title='bbox 2848 1992 3003 2063; x_wconf 85' lang='grc' dir='ltr'>λιμὸν</span> <span class='ocrx_word' id='word_1_326' title='bbox 3036 1994 3257 2063; x_wconf 86' lang='grc' dir='ltr'>ἐκδέχου</span> <span class='ocrx_word' id='word_1_327' title='bbox 3296 1993 3385 2046; x_wconf 88' lang='grc' dir='ltr'><strong>διά</strong></span> <span class='ocrx_word' id='word_1_328' title='bbox 3414 1994 3633 2064; x_wconf 82' lang='grc' dir='ltr'>χρυσὸν,</span> <span class='ocrx_word' id='word_1_329' title='bbox 3669 1994 3746 2063; x_wconf 81' lang='grc' dir='ltr'>μὴ</span> 
     </span>
    </p>
   </div>
   <div class='ocr_carea' id='block_1_49' title="bbox 2175 2084 3749 2156">
    <p class='ocr_par' dir='ltr' id='par_1_49' title="bbox 2175 2084 3749 2156">
     <span class='ocr_line' id='line_1_49' title="bbox 2175 2084 3749 2156; baseline -0.001 -20"><span class='ocrx_word' id='word_1_330' title='bbox 2175 2086 2358 2156; x_wconf 85' lang='grc' dir='ltr'>κοινὴν</span> <span class='ocrx_word' id='word_1_331' title='bbox 2383 2085 2589 2137; x_wconf 78' lang='grc' dir='ltr'>ἔνδειαν</span> <span class='ocrx_word' id='word_1_332' title='bbox 2619 2084 2686 2137; x_wconf 87' lang='grc' dir='ltr'>δι’</span> <span class='ocrx_word' id='word_1_333' title='bbox 2721 2084 2981 2156; x_wconf 80' lang='grc' dir='ltr'>εὐπορίαν</span> <span class='ocrx_word' id='word_1_334' title='bbox 3016 2086 3171 2139; x_wconf 82' lang='grc' dir='ltr'>ἰδίαν.</span> <span class='ocrx_word' id='word_1_335' title='bbox 3203 2086 3294 2156; x_wconf 84' lang='grc' dir='ltr'><strong>Μὴ</strong></span> <span class='ocrx_word' id='word_1_336' title='bbox 3318 2085 3468 2154; x_wconf 81' lang='grc' dir='ltr'>γίνου</span> <span class='ocrx_word' id='word_1_337' title='bbox 3502 2084 3749 2155; x_wconf 66' lang='grc' dir='ltr'>κάπηλίς</span> 
     </span>
    </p>
   </div>
   <div class='ocr_carea' id='block_1_50' title="bbox 2178 2175 3754 2250">
    <p class='ocr_par' dir='ltr' id='par_1_50' title="bbox 2178 2175 3754 2250">
     <span class='ocr_line' id='line_1_50' title="bbox 2178 2175 3754 2250; baseline -0.001 -21"><span class='ocrx_word' id='word_1_338' title='bbox 2178 2176 2469 2248; x_wconf 84' lang='grc' dir='ltr'>συμφορῶν</span> <span class='ocrx_word' id='word_1_339' title='bbox 2524 2177 2903 2248; x_wconf 59' lang='grc' dir='ltr'>ἀνθρωπίνων</span> <span class='ocrx_word' id='word_1_340' title='bbox 2944 2176 3021 2250; x_wconf 82' lang='grc' dir='ltr'>μὴ</span> <span class='ocrx_word' id='word_1_341' title='bbox 3071 2177 3169 2248; x_wconf 82' lang='grc' dir='ltr'>τὴν</span> <span class='ocrx_word' id='word_1_342' title='bbox 3230 2177 3399 2249; x_wconf 80' lang='grc' dir='ltr'>ὀργὴν</span> <span class='ocrx_word' id='word_1_343' title='bbox 3455 2177 3551 2230; x_wconf 82' lang='grc' dir='ltr'>τοῦ</span> <span class='ocrx_word' id='word_1_344' title='bbox 3611 2175 3754 2229; x_wconf 79' lang='grc' dir='ltr'>Θεοῦ</span> 
     </span>
    </p>
   </div>
   <div class='ocr_carea' id='block_1_51' title="bbox 2177 2268 3751 2341">
    <p class='ocr_par' dir='ltr' id='par_1_51' title="bbox 2177 2268 3751 2341">
     <span class='ocr_line' id='line_1_51' title="bbox 2177 2268 3751 2341; baseline -0.002 -20"><span class='ocrx_word' id='word_1_345' title='bbox 2177 2270 2368 2339; x_wconf 71' lang='grc' dir='ltr'>καιρὸν</span> <span class='ocrx_word' id='word_1_346' title='bbox 2396 2272 2627 2341; x_wconf 79' lang='grc' dir='ltr'>ποιήσῃς</span> <span class='ocrx_word' id='word_1_347' title='bbox 2660 2268 2979 2341; x_wconf 82' lang='grc' dir='ltr'>περιουσίας</span> <span class='ocrx_word' id='word_1_348' title='bbox 3004 2270 3324 2341; x_wconf 86' lang='grc' dir='ltr'>χρημάτων.</span> <span class='ocrx_word' id='word_1_349' title='bbox 3355 2269 3445 2339; x_wconf 85' lang='grc' dir='ltr'><strong>Μὴ</strong></span> <span class='ocrx_word' id='word_1_350' title='bbox 3489 2268 3751 2340; x_wconf 53' lang='lat' dir='ltr'><strong>exigam;</strong></span> 
     </span>
    </p>
   </div>
   <div class='ocr_carea' id='block_1_52' title="bbox 2174 2348 3757 2432">
    <p class='ocr_par' dir='ltr' id='par_1_52' title="bbox 2174 2348 3757 2432">
     <span class='ocr_line' id='line_1_52' title="bbox 2174 2348 3757 2432; baseline -0.003 -19"><span class='ocrx_word' id='word_1_351' title='bbox 2174 2377 2466 2432; x_wconf 78' lang='grc' dir='ltr'>τραύματα</span> <span class='ocrx_word' id='word_1_352' title='bbox 2512 2362 2913 2432; x_wconf 79' lang='grc' dir='ltr'>κεκακωμένων</span> <span class='ocrx_word' id='word_1_353' title='bbox 2941 2364 3060 2424; x_wconf 87' lang='grc' dir='ltr'>ταῖς</span> <span class='ocrx_word' id='word_1_354' title='bbox 3117 2348 3354 2432; x_wconf 78' lang='grc' dir='ltr'>μάστιξι.</span> <span class='ocrx_word' id='word_1_355' title='bbox 3396 2362 3467 2414; x_wconf 77' lang='grc' dir='ltr'><strong>Σὺ</strong></span> <span class='ocrx_word' id='word_1_356' title='bbox 3512 2359 3569 2413; x_wconf 78' lang='grc' dir='ltr'>δὲ</span> <span class='ocrx_word' id='word_1_357' title='bbox 3612 2359 3757 2429; x_wconf 77' lang='grc' dir='ltr'>πρὸς</span> 
     </span>
    </p>
   </div>
   <div class='ocr_carea' id='block_1_53' title="bbox 2179 2450 3751 2523">
    <p class='ocr_par' dir='ltr' id='par_1_53' title="bbox 2179 2450 3751 2523">
     <span class='ocr_line' id='line_1_53' title="bbox 2179 2450 3751 2523; baseline -0.003 -18"><span class='ocrx_word' id='word_1_358' title='bbox 2179 2454 2277 2523; x_wconf 82' lang='grc' dir='ltr'><strong>μὲν</strong></span> <span class='ocrx_word' id='word_1_359' title='bbox 2304 2453 2394 2505; x_wconf 82' lang='grc' dir='ltr'><strong>τὸν</strong></span> <span class='ocrx_word' id='word_1_360' title='bbox 2420 2452 2616 2523; x_wconf 79' lang='grc' dir='ltr'>χρυσὸν</span> <span class='ocrx_word' id='word_1_361' title='bbox 2654 2451 3002 2518; x_wconf 87' lang='grc' dir='ltr'>ἀποϐλέπεις,</span> <span class='ocrx_word' id='word_1_362' title='bbox 3027 2452 3118 2506; x_wconf 75' lang='grc' dir='ltr'><strong>τὸν</strong></span> <span class='ocrx_word' id='word_1_363' title='bbox 3150 2452 3207 2505; x_wconf 83' lang='grc' dir='ltr'>δὲ</span> <span class='ocrx_word' id='word_1_364' title='bbox 3241 2451 3467 2519; x_wconf 69' lang='grc' dir='ltr'>ἀδελφὸν</span> <span class='ocrx_word' id='word_1_365' title='bbox 3489 2450 3549 2503; x_wconf 75' lang='grc' dir='ltr'><strong>οὐ</strong></span> <span class='ocrx_word' id='word_1_366' title='bbox 3578 2465 3751 2520; x_wconf 83' lang='grc' dir='ltr'>προσ-</span> 
     </span>
    </p>
   </div>
   <div class='ocr_carea' id='block_1_54' title="bbox 2176 2538 3752 2613">
    <p class='ocr_par' dir='ltr' id='par_1_54' title="bbox 2176 2538 3752 2613">
     <span class='ocr_line' id='line_1_54' title="bbox 2176 2538 3752 2613; baseline -0.003 -19"><span class='ocrx_word' id='word_1_367' title='bbox 2176 2542 2425 2606; x_wconf 74' lang='grc' dir='ltr'>ϐλέπειςο</span> <span class='ocrx_word' id='word_1_368' title='bbox 2481 2543 2575 2596; x_wconf 72' lang='grc' dir='ltr'>καὶ</span> <span class='ocrx_word' id='word_1_369' title='bbox 2603 2542 2699 2594; x_wconf 82' lang='grc' dir='ltr'>τοῦ</span> <span class='ocrx_word' id='word_1_370' title='bbox 2746 2543 2845 2612; x_wconf 80' lang='grc' dir='ltr'><strong>μὲν</strong></span> <span class='ocrx_word' id='word_1_371' title='bbox 2895 2543 3231 2613; x_wconf 89' lang='grc' dir='ltr'>νομίσματος</span> <span class='ocrx_word' id='word_1_372' title='bbox 3277 2539 3658 2610; x_wconf 66' lang='grc' dir='ltr'>ἐπιγινώσκεις</span> <span class='ocrx_word' id='word_1_373' title='bbox 3687 2538 3752 2592; x_wconf 80' lang='grc' dir='ltr'>τὸ</span> 
     </span>
    </p>
   </div>
   <div class='ocr_carea' id='block_1_55' title="bbox 2174 2631 3751 2709">
    <p class='ocr_par' dir='ltr' id='par_1_55' title="bbox 2174 2631 3751 2709">
     <span class='ocr_line' id='line_1_55' title="bbox 2174 2631 3751 2709; baseline -0.006 -18"><span class='ocrx_word' id='word_1_374' title='bbox 2174 2638 2457 2709; x_wconf 79' lang='grc' dir='ltr'>χάραγμα,</span> <span class='ocrx_word' id='word_1_375' title='bbox 2487 2638 2581 2690; x_wconf 70' lang='grc' dir='ltr'>καὶ</span> <span class='ocrx_word' id='word_1_376' title='bbox 2630 2636 2726 2689; x_wconf 75' lang='grc' dir='ltr'>τοῦ</span> <span class='ocrx_word' id='word_1_377' title='bbox 2760 2636 2982 2708; x_wconf 83' lang='grc' dir='ltr'>δοκίμου</span> <span class='ocrx_word' id='word_1_378' title='bbox 3012 2635 3309 2707; x_wconf 89' lang='grc' dir='ltr'>διακρίνεις</span> <span class='ocrx_word' id='word_1_379' title='bbox 3352 2634 3412 2687; x_wconf 76' lang='grc' dir='ltr'><strong>τὸ</strong></span> <span class='ocrx_word' id='word_1_380' title='bbox 3460 2631 3709 2701; x_wconf 75' lang='grc' dir='ltr'>κίϐδηλον</span> <span class='ocrx_word' id='word_1_381' title='bbox 3732 2665 3751 2693; x_wconf 86' lang='lat'><strong>,</strong></span> 
     </span>
    </p>
   </div>
   <div class='ocr_carea' id='block_1_56' title="bbox 2174 2725 3692 2802">
    <p class='ocr_par' dir='ltr' id='par_1_56' title="bbox 2174 2725 3692 2802">
     <span class='ocr_line' id='line_1_56' title="bbox 2174 2725 3692 2802; baseline -0.005 -19"><span class='ocrx_word' id='word_1_382' title='bbox 2174 2730 2267 2783; x_wconf 76' lang='grc' dir='ltr'>τὸν</span> <span class='ocrx_word' id='word_1_383' title='bbox 2296 2731 2354 2783; x_wconf 83' lang='grc' dir='ltr'>δὲ</span> <span class='ocrx_word' id='word_1_384' title='bbox 2379 2730 2605 2801; x_wconf 72' lang='grc' dir='ltr'>ἀδελφὸν</span> <span class='ocrx_word' id='word_1_385' title='bbox 2632 2730 2785 2802; x_wconf 77' lang='grc' dir='ltr'>παρὰ</span> <span class='ocrx_word' id='word_1_386' title='bbox 2809 2730 2908 2801; x_wconf 84' lang='grc' dir='ltr'>τὴν</span> <span class='ocrx_word' id='word_1_387' title='bbox 2935 2729 3123 2802; x_wconf 83' lang='grc' dir='ltr'>χρείαν</span> <span class='ocrx_word' id='word_1_388' title='bbox 3155 2726 3431 2789; x_wconf 81' lang='grc' dir='ltr'>παντελῶς</span> <span class='ocrx_word' id='word_1_389' title='bbox 3461 2725 3692 2794; x_wconf 83' lang='grc' dir='ltr'>ἀγνοεῖς.</span> 
     </span>
    </p>
   </div>
   <div class='ocr_carea' id='block_1_57' title="bbox 503 2811 3754 2894">
    <p class='ocr_par' dir='ltr' id='par_1_57' title="bbox 503 2811 3754 2894">
     <span class='ocr_line' id='line_1_57' title="bbox 503 2811 3754 2894; baseline 0.001 -26"><span class='ocrx_word' id='word_1_390' title='bbox 503 2828 626 2869; x_wconf 85' lang='lat' dir='ltr'><strong>rum</strong></span> <span class='ocrx_word' id='word_1_391' title='bbox 659 2812 858 2879; x_wconf 88' lang='lat' dir='ltr'><strong>oculis,</strong></span> <span class='ocrx_word' id='word_1_392' title='bbox 885 2828 995 2867; x_wconf 91' lang='lat' dir='ltr'><strong>non</strong></span> <span class='ocrx_word' id='word_1_393' title='bbox 1027 2811 1257 2882; x_wconf 89' lang='lat' dir='ltr'><strong>respicis</strong></span> <span class='ocrx_word' id='word_1_394' title='bbox 1289 2812 1358 2867; x_wconf 87' lang='lat' dir='ltr'><strong>ad</strong></span> <span class='ocrx_word' id='word_1_395' title='bbox 1384 2812 1660 2883; x_wconf 79' lang='lat' dir='ltr'><strong>fratrem;</strong></span> <span class='ocrx_word' id='word_1_396' title='bbox 1702 2827 1755 2872; x_wconf 89' lang='lat' dir='ltr'><strong>et</strong></span> <span class='ocrx_word' id='word_1_397' title='bbox 1782 2819 2133 2878; x_wconf 90' lang='lat' dir='ltr'><strong>numismatis</strong></span> <span class='ocrx_word' id='word_1_398' title='bbox 2168 2823 2388 2891; x_wconf 90' lang='lat' dir='ltr'><strong>quidem</strong></span> <span class='ocrx_word' id='word_1_399' title='bbox 2447 2832 2633 2877; x_wconf 88' lang='lat' dir='ltr'><strong>notam</strong></span> <span class='ocrx_word' id='word_1_400' title='bbox 2676 2825 2951 2894; x_wconf 89' lang='lat' dir='ltr'><strong>agnoscis,</strong></span> <span class='ocrx_word' id='word_1_401' title='bbox 3023 2832 3077 2879; x_wconf 88' lang='lat' dir='ltr'><strong>et</strong></span> <span class='ocrx_word' id='word_1_402' title='bbox 3126 2838 3155 2876; x_wconf 92' lang='lat' dir='ltr'><strong>a</strong></span> <span class='ocrx_word' id='word_1_403' title='bbox 3213 2824 3432 2876; x_wconf 86' lang='lat' dir='ltr'><strong>sincero</strong></span> <span class='ocrx_word' id='word_1_404' title='bbox 3486 2819 3754 2873; x_wconf 80' lang='lat' dir='ltr'><strong>aduiteri-</strong></span> 
     </span>
    </p>
   </div>
   <div class='ocr_carea' id='block_1_58' title="bbox 502 2901 2617 2983">
    <p class='ocr_par' dir='ltr' id='par_1_58' title="bbox 502 2901 2617 2983">
     <span class='ocr_line' id='line_1_58' title="bbox 502 2901 2617 2983; baseline 0.003 -23"><span class='ocrx_word' id='word_1_405' title='bbox 502 2920 636 2960; x_wconf 84' lang='lat' dir='ltr'><strong>num</strong></span> <span class='ocrx_word' id='word_1_406' title='bbox 670 2902 961 2966; x_wconf 88' lang='lat' dir='ltr'><strong>discernis,</strong></span> <span class='ocrx_word' id='word_1_407' title='bbox 1006 2901 1232 2958; x_wconf 81' lang='lat' dir='ltr'><strong>fratrem</strong></span> <span class='ocrx_word' id='word_1_408' title='bbox 1278 2918 1411 2958; x_wconf 88' lang='lat' dir='ltr'><strong>vero</strong></span> <span class='ocrx_word' id='word_1_409' title='bbox 1452 2910 1700 2974; x_wconf 89' lang='lat' dir='ltr'><strong>tempore</strong></span> <span class='ocrx_word' id='word_1_410' title='bbox 1734 2909 2081 2964; x_wconf 89' lang='lat' dir='ltr'><strong>necessitatis</strong></span> <span class='ocrx_word' id='word_1_411' title='bbox 2120 2926 2347 2980; x_wconf 84' lang='lat' dir='ltr'><strong>prorsus</strong></span> <span class='ocrx_word' id='word_1_412' title='bbox 2378 2913 2617 2983; x_wconf 86' lang='lat' dir='ltr'><strong>ignoras.</strong></span> 
     </span>
    </p>
   </div>
   <div class='ocr_carea' id='block_1_59' title="bbox 573 2992 2071 3077">
    <p class='ocr_par' dir='ltr' id='par_1_59' title="bbox 573 2992 2071 3065">
     <span class='ocr_line' id='line_1_59' title="bbox 573 2992 2071 3065; baseline 0.005 -17"><span class='ocrx_word' id='word_1_413' title='bbox 573 2995 628 3048; x_wconf 72' lang='grc'>4.</span> <span class='ocrx_word' id='word_1_414' title='bbox 667 2994 740 3048; x_wconf 77' lang='lat' dir='ltr'><strong>Ae</strong></span> <span class='ocrx_word' id='word_1_415' title='bbox 770 2993 989 3065; x_wconf 86' lang='lat' dir='ltr'><strong>quidem</strong></span> <span class='ocrx_word' id='word_1_416' title='bbox 1015 2992 1226 3048; x_wconf 88' lang='lat' dir='ltr'><strong>nitidus</strong></span> <span class='ocrx_word' id='word_1_417' title='bbox 1265 2995 1386 3048; x_wconf 91' lang='lat' dir='ltr'><strong>auri</strong></span> <span class='ocrx_word' id='word_1_418' title='bbox 1413 2996 1568 3050; x_wconf 92' lang='lat' dir='ltr'><strong>color</strong></span> <span class='ocrx_word' id='word_1_419' title='bbox 1600 2996 1758 3052; x_wconf 88' lang='lat' dir='ltr'><strong>valde</strong></span> <span class='ocrx_word' id='word_1_420' title='bbox 1785 2997 2071 3055; x_wconf 86' lang='lat' dir='ltr'><strong>admodum</strong></span> 
     </span>
    </p>
   </div>
   <div class='ocr_carea' id='block_1_60' title="bbox 2176 2992 3757 3077">
    <p class='ocr_par' dir='ltr' id='par_1_60' title="bbox 2249 3003 3757 3077">
     <span class='ocr_line' id='line_1_60' title="bbox 2249 3003 3757 3077; baseline -0.001 -20"><span class='ocrx_word' id='word_1_421' title='bbox 2249 3004 2303 3057; x_wconf 73' lang='grc'>4.</span> <span class='ocrx_word' id='word_1_422' title='bbox 2333 3006 2443 3057; x_wconf 81' lang='grc' dir='ltr'>Καὶ</span> <span class='ocrx_word' id='word_1_423' title='bbox 2462 3007 2495 3075; x_wconf 83' lang='grc' dir='ltr'><strong>ή</strong></span> <span class='ocrx_word' id='word_1_424' title='bbox 2517 3005 2615 3075; x_wconf 85' lang='grc' dir='ltr'>μὲν</span> <span class='ocrx_word' id='word_1_425' title='bbox 2645 3004 2867 3077; x_wconf 77' lang='grc' dir='ltr'>εὖχροιά</span> <span class='ocrx_word' id='word_1_426' title='bbox 2891 3022 2951 3058; x_wconf 89' lang='grc' dir='ltr'><strong>σε</strong></span> <span class='ocrx_word' id='word_1_427' title='bbox 2972 3004 3067 3058; x_wconf 76' lang='grc' dir='ltr'>τοῦ</span> <span class='ocrx_word' id='word_1_428' title='bbox 3087 3005 3289 3076; x_wconf 78' lang='grc' dir='ltr'>χρυσοῦ</span> <span class='ocrx_word' id='word_1_429' title='bbox 3315 3003 3572 3074; x_wconf 84' lang='grc' dir='ltr'>ὑπερήδει</span> <span class='ocrx_word' id='word_1_430' title='bbox 3592 3019 3605 3033; x_wconf 76' lang='grc'><em>’</em></span> <span class='ocrx_word' id='word_1_431' title='bbox 3629 3004 3757 3067; x_wconf 80' lang='grc' dir='ltr'>ὅσος</span> 
     </span>
    </p>
   </div>
   <div class='ocr_carea' id='block_1_61' title="bbox 503 3085 2075 3161">
    <p class='ocr_par' dir='ltr' id='par_1_61' title="bbox 503 3085 2075 3161">
     <span class='ocr_line' id='line_1_61' title="bbox 503 3085 2075 3161; baseline 0.004 -19"><span class='ocrx_word' id='word_1_432' title='bbox 503 3094 558 3142; x_wconf 90' lang='lat' dir='ltr'><strong>te</strong></span> <span class='ocrx_word' id='word_1_433' title='bbox 594 3087 830 3142; x_wconf 86' lang='lat' dir='ltr'><strong>oblectat</strong></span> <span class='ocrx_word' id='word_1_434' title='bbox 856 3103 871 3152; x_wconf 89' lang='lat'><strong>;</strong></span> <span class='ocrx_word' id='word_1_435' title='bbox 902 3085 999 3141; x_wconf 91' lang='lat' dir='ltr'><strong>sed</strong></span> <span class='ocrx_word' id='word_1_436' title='bbox 1040 3092 1174 3155; x_wconf 92' lang='lat' dir='ltr'><strong>quot</strong></span> <span class='ocrx_word' id='word_1_437' title='bbox 1204 3094 1259 3139; x_wconf 87' lang='lat' dir='ltr'><strong>ct</strong></span> <span class='ocrx_word' id='word_1_438' title='bbox 1291 3088 1481 3156; x_wconf 90' lang='lat' dir='ltr'><strong>quanti</strong></span> <span class='ocrx_word' id='word_1_439' title='bbox 1514 3104 1812 3159; x_wconf 89' lang='lat' dir='ltr'><strong>egenorum</strong></span> <span class='ocrx_word' id='word_1_440' title='bbox 1842 3092 2075 3161; x_wconf 86' lang='lat' dir='ltr'><strong>gemitus</strong></span> 
     </span>
    </p>
   </div>
   <div class='ocr_carea' id='block_1_62' title="bbox 502 3166 2077 3253">
    <p class='ocr_par' dir='ltr' id='par_1_62' title="bbox 502 3166 2077 3253">
     <span class='ocr_line' id='line_1_62' title="bbox 502 3166 2077 3253; baseline 0.003 -20"><span class='ocrx_word' id='word_1_441' title='bbox 502 3189 557 3235; x_wconf 91' lang='lat' dir='ltr'><strong>te</strong></span> <span class='ocrx_word' id='word_1_442' title='bbox 589 3188 1010 3249; x_wconf 82' lang='lat' dir='ltr'><strong>prosequanttir,</strong></span> <span class='ocrx_word' id='word_1_443' title='bbox 1053 3193 1163 3233; x_wconf 90' lang='lat' dir='ltr'><strong>non</strong></span> <span class='ocrx_word' id='word_1_444' title='bbox 1207 3186 1451 3248; x_wconf 87' lang='lat' dir='ltr'><strong>reputas.</strong></span> <span class='ocrx_word' id='word_1_445' title='bbox 1486 3166 1773 3245; x_wconf 61' lang='lat' dir='ltr'><strong>Q&#39;uomodo</strong></span> <span class='ocrx_word' id='word_1_446' title='bbox 1816 3181 1913 3236; x_wconf 92' lang='lat' dir='ltr'><strong>tibi</strong></span> <span class='ocrx_word' id='word_1_447' title='bbox 1945 3198 2077 3253; x_wconf 91' lang='lat' dir='ltr'><strong>pau-</strong></span> 
     </span>
    </p>
   </div>
   <div class='ocr_carea' id='block_1_63' title="bbox 503 3270 2078 3341">
    <p class='ocr_par' dir='ltr' id='par_1_63' title="bbox 503 3270 2078 3341">
     <span class='ocr_line' id='line_1_63' title="bbox 503 3270 2078 3341; baseline 0.002 -15"><span class='ocrx_word' id='word_1_448' title='bbox 503 3272 650 3341; x_wconf 90' lang='lat' dir='ltr'><strong>peris</strong></span> <span class='ocrx_word' id='word_1_449' title='bbox 681 3270 1020 3325; x_wconf 89' lang='lat' dir='ltr'><strong>calamitates</strong></span> <span class='ocrx_word' id='word_1_450' title='bbox 1048 3284 1247 3340; x_wconf 88' lang='lat' dir='ltr'><strong>ponam</strong></span> <span class='ocrx_word' id='word_1_451' title='bbox 1300 3270 1370 3325; x_wconf 92' lang='lat' dir='ltr'><strong>ob</strong></span> <span class='ocrx_word' id='word_1_452' title='bbox 1410 3271 1640 3326; x_wconf 84' lang='lat' dir='ltr'><strong>oculos?</strong></span> <span class='ocrx_word' id='word_1_453' title='bbox 1682 3270 1774 3328; x_wconf 89' lang='lat' dir='ltr'><strong>llle</strong></span> <span class='ocrx_word' id='word_1_454' title='bbox 1819 3289 1877 3329; x_wconf 91' lang='lat' dir='ltr'><strong>re</strong></span> <span class='ocrx_word' id='word_1_455' title='bbox 1915 3272 2078 3329; x_wconf 70' lang='lat' dir='ltr'><strong>fami~</strong></span> 
     </span>
    </p>
   </div>
   <div class='ocr_carea' id='block_1_64' title="bbox 505 3361 2079 3431">
    <p class='ocr_par' dir='ltr' id='par_1_64' title="bbox 505 3361 2079 3431">
     <span class='ocr_line' id='line_1_64' title="bbox 505 3361 2079 3431; baseline 0.004 -16"><span class='ocrx_word' id='word_1_456' title='bbox 505 3362 627 3416; x_wconf 88' lang='lat' dir='ltr'><strong>liari</strong></span> <span class='ocrx_word' id='word_1_457' title='bbox 678 3362 1096 3431; x_wconf 89' lang='lat' dir='ltr'><strong>circumspecta,</strong></span> <span class='ocrx_word' id='word_1_458' title='bbox 1137 3361 1282 3418; x_wconf 89' lang='lat' dir='ltr'><strong>videt</strong></span> <span class='ocrx_word' id='word_1_459' title='bbox 1317 3376 1513 3417; x_wconf 90' lang='lat' dir='ltr'><strong>aurum</strong></span> <span class='ocrx_word' id='word_1_460' title='bbox 1562 3363 1666 3419; x_wconf 90' lang='lat' dir='ltr'><strong>sibi</strong></span> <span class='ocrx_word' id='word_1_461' title='bbox 1711 3380 1815 3419; x_wconf 89' lang='lat' dir='ltr'><strong>nec</strong></span> <span class='ocrx_word' id='word_1_462' title='bbox 1861 3365 2079 3430; x_wconf 84' lang='lat' dir='ltr'><strong>adesse,</strong></span> 
     </span>
    </p>
   </div>
   <div class='ocr_carea' id='block_1_65' title="bbox 506 3453 2079 3526">
    <p class='ocr_par' dir='ltr' id='par_1_65' title="bbox 506 3453 2079 3526">
     <span class='ocr_line' id='line_1_65' title="bbox 506 3453 2079 3526; baseline 0.003 -18"><span class='ocrx_word' id='word_1_463' title='bbox 506 3470 607 3509; x_wconf 75' lang='lat' dir='ltr'><strong>nec</strong></span> <span class='ocrx_word' id='word_1_464' title='bbox 662 3469 902 3525; x_wconf 90' lang='lat' dir='ltr'><strong>unquam</strong></span> <span class='ocrx_word' id='word_1_465' title='bbox 952 3453 1291 3523; x_wconf 70' lang='lat' dir='ltr'><strong>affuturum;</strong></span> <span class='ocrx_word' id='word_1_466' title='bbox 1344 3454 1490 3511; x_wconf 87' lang='lat' dir='ltr'><strong>videt</strong></span> <span class='ocrx_word' id='word_1_467' title='bbox 1553 3456 1952 3526; x_wconf 90' lang='lat' dir='ltr'><strong>supellectilem</strong></span> <span class='ocrx_word' id='word_1_468' title='bbox 2014 3473 2079 3513; x_wconf 87' lang='lat' dir='ltr'><strong>ac</strong></span> 
     </span>
    </p>
   </div>
   <div class='ocr_carea' id='block_1_66' title="bbox 503 3547 2078 3621">
    <p class='ocr_par' dir='ltr' id='par_1_66' title="bbox 503 3547 2078 3621">
     <span class='ocr_line' id='line_1_66' title="bbox 503 3547 2078 3621; baseline 0.004 -22"><span class='ocrx_word' id='word_1_469' title='bbox 503 3548 759 3602; x_wconf 82' lang='lat' dir='ltr'><strong>vestitum</strong></span> <span class='ocrx_word' id='word_1_470' title='bbox 798 3547 955 3611; x_wconf 88' lang='lat' dir='ltr'><strong>tales,</strong></span> <span class='ocrx_word' id='word_1_471' title='bbox 996 3548 1186 3617; x_wconf 89' lang='lat' dir='ltr'><strong>quales</strong></span> <span class='ocrx_word' id='word_1_472' title='bbox 1227 3554 1377 3602; x_wconf 90' lang='lat' dir='ltr'><strong>certe</strong></span> <span class='ocrx_word' id='word_1_473' title='bbox 1411 3548 1589 3602; x_wconf 88' lang='lat' dir='ltr'><strong>solent</strong></span> <span class='ocrx_word' id='word_1_474' title='bbox 1624 3564 1747 3605; x_wconf 86' lang='lat' dir='ltr'><strong>esse</strong></span> <span class='ocrx_word' id='word_1_475' title='bbox 1779 3564 2078 3621; x_wconf 89' lang='lat' dir='ltr'><strong>pauperum</strong></span> 
     </span>
    </p>
   </div>
   <div class='ocr_carea' id='block_1_67' title="bbox 505 3638 2077 3713">
    <p class='ocr_par' dir='ltr' id='par_1_67' title="bbox 505 3638 2077 3713">
     <span class='ocr_line' id='line_1_67' title="bbox 505 3638 2077 3713; baseline 0.003 -21"><span class='ocrx_word' id='word_1_476' title='bbox 505 3638 817 3700; x_wconf 83' lang='lat' dir='ltr'><strong>facultates,</strong></span> <span class='ocrx_word' id='word_1_477' title='bbox 848 3638 1031 3693; x_wconf 89' lang='lat' dir='ltr'><strong>omnia</strong></span> <span class='ocrx_word' id='word_1_478' title='bbox 1065 3638 1254 3708; x_wconf 91' lang='lat' dir='ltr'><strong>paucis</strong></span> <span class='ocrx_word' id='word_1_479' title='bbox 1282 3638 1460 3695; x_wconf 91' lang='lat' dir='ltr'><strong>obolis</strong></span> <span class='ocrx_word' id='word_1_480' title='bbox 1496 3640 1838 3696; x_wconf 80' lang='lat' dir='ltr'><strong>aestimanda.</strong></span> <span class='ocrx_word' id='word_1_481' title='bbox 1870 3642 2077 3713; x_wconf 88' lang='lat' dir='ltr'><strong>Ecquid</strong></span> 
     </span>
    </p>
   </div>
   <div class='ocr_carea' id='block_1_68' title="bbox 506 3728 2079 3801">
    <p class='ocr_par' dir='ltr' id='par_1_68' title="bbox 506 3728 2079 3801">
     <span class='ocr_line' id='line_1_68' title="bbox 506 3728 2079 3801; baseline 0.002 -16"><span class='ocrx_word' id='word_1_482' title='bbox 506 3731 709 3801; x_wconf 78' lang='lat' dir='ltr'><strong>igitur?</strong></span> <span class='ocrx_word' id='word_1_483' title='bbox 745 3728 884 3785; x_wconf 88' lang='lat' dir='ltr'><strong>Tum</strong></span> <span class='ocrx_word' id='word_1_484' title='bbox 933 3729 1151 3786; x_wconf 90' lang='lat' dir='ltr'><strong>demum</strong></span> <span class='ocrx_word' id='word_1_485' title='bbox 1201 3729 1471 3785; x_wconf 89' lang='lat' dir='ltr'><strong>convertit</strong></span> <span class='ocrx_word' id='word_1_486' title='bbox 1516 3732 1709 3788; x_wconf 91' lang='lat' dir='ltr'><strong>oculos</strong></span> <span class='ocrx_word' id='word_1_487' title='bbox 1756 3732 1813 3787; x_wconf 90' lang='lat' dir='ltr'><strong>in</strong></span> <span class='ocrx_word' id='word_1_488' title='bbox 1856 3733 2079 3800; x_wconf 85' lang='lat' dir='ltr'><strong>liberos,</strong></span> 
     </span>
    </p>
   </div>
   <div class='ocr_carea' id='block_1_69' title="bbox 504 3818 2081 3892">
    <p class='ocr_par' dir='ltr' id='par_1_69' title="bbox 504 3818 2081 3892">
     <span class='ocr_line' id='line_1_69' title="bbox 504 3818 2081 3892; baseline 0.003 -19"><span class='ocrx_word' id='word_1_489' title='bbox 504 3821 643 3874; x_wconf 85' lang='lat' dir='ltr'><strong>utin</strong></span> <span class='ocrx_word' id='word_1_490' title='bbox 682 3818 859 3874; x_wconf 91' lang='lat' dir='ltr'><strong>forum</strong></span> <span class='ocrx_word' id='word_1_491' title='bbox 898 3818 1093 3875; x_wconf 89' lang='lat' dir='ltr'><strong>ductos</strong></span> <span class='ocrx_word' id='word_1_492' title='bbox 1132 3819 1353 3877; x_wconf 87' lang='lat' dir='ltr'><strong>venales</strong></span> <span class='ocrx_word' id='word_1_493' title='bbox 1383 3834 1684 3892; x_wconf 82' lang='lat' dir='ltr'><strong>exponens,</strong></span> <span class='ocrx_word' id='word_1_494' title='bbox 1722 3821 1849 3877; x_wconf 90' lang='lat' dir='ltr'><strong>inde</strong></span> <span class='ocrx_word' id='word_1_495' title='bbox 1886 3822 2081 3878; x_wconf 87' lang='lat' dir='ltr'><strong>mortis</strong></span> 
     </span>
    </p>
   </div>
   <div class='ocr_carea' id='block_1_70' title="bbox 506 3910 2081 3982">
    <p class='ocr_par' dir='ltr' id='par_1_70' title="bbox 506 3910 2081 3982">
     <span class='ocr_line' id='line_1_70' title="bbox 506 3910 2081 3982; baseline 0.002 -17"><span class='ocrx_word' id='word_1_496' title='bbox 506 3911 870 3982; x_wconf 85' lang='lat' dir='ltr'><strong>impendentis</strong></span> <span class='ocrx_word' id='word_1_497' title='bbox 921 3910 1164 3967; x_wconf 86' lang='lat' dir='ltr'><strong>solamen</strong></span> <span class='ocrx_word' id='word_1_498' title='bbox 1230 3912 1451 3982; x_wconf 89' lang='lat' dir='ltr'><strong>aliquod</strong></span> <span class='ocrx_word' id='word_1_499' title='bbox 1498 3913 1759 3969; x_wconf 74' lang='lat' dir='ltr'><strong>inveniat.</strong></span> <span class='ocrx_word' id='word_1_500' title='bbox 1826 3912 1926 3970; x_wconf 82' lang='lat' dir='ltr'><strong>Hic</strong></span> <span class='ocrx_word' id='word_1_501' title='bbox 1982 3930 2081 3970; x_wconf 89' lang='lat' dir='ltr'><strong>ur-</strong></span> 
     </span>
    </p>
   </div>
   <div class='ocr_carea' id='block_1_71' title="bbox 504 4002 2078 4077">
    <p class='ocr_par' dir='ltr' id='par_1_71' title="bbox 504 4002 2078 4077">
     <span class='ocr_line' id='line_1_71' title="bbox 504 4002 2078 4077; baseline 0.003 -20"><span class='ocrx_word' id='word_1_502' title='bbox 504 4005 681 4073; x_wconf 80' lang='lat' dir='ltr'><strong>gentis</strong></span> <span class='ocrx_word' id='word_1_503' title='bbox 710 4002 869 4056; x_wconf 89' lang='lat' dir='ltr'><strong>famis</strong></span> <span class='ocrx_word' id='word_1_504' title='bbox 915 4018 1152 4073; x_wconf 90' lang='lat' dir='ltr'><strong>pugnam</strong></span> <span class='ocrx_word' id='word_1_505' title='bbox 1186 4004 1506 4059; x_wconf 88' lang='lat' dir='ltr'><strong>consideres</strong></span> <span class='ocrx_word' id='word_1_506' title='bbox 1563 4006 1745 4070; x_wconf 90' lang='lat' dir='ltr'><strong>velim,</strong></span> <span class='ocrx_word' id='word_1_507' title='bbox 1777 4015 1830 4062; x_wconf 90' lang='lat' dir='ltr'><strong>et</strong></span> <span class='ocrx_word' id='word_1_508' title='bbox 1864 4007 2078 4077; x_wconf 86' lang='lat' dir='ltr'><strong>paterni</strong></span> 
     </span>
    </p>
   </div>
   <div class='ocr_carea' id='block_1_72' title="bbox 506 4092 2081 4163">
    <p class='ocr_par' dir='ltr' id='par_1_72' title="bbox 506 4092 2081 4163">
     <span class='ocr_line' id='line_1_72' title="bbox 506 4092 2081 4163; baseline 0.004 -18"><span class='ocrx_word' id='word_1_509' title='bbox 506 4095 730 4149; x_wconf 88' lang='lat' dir='ltr'><strong>amoris.</strong></span> <span class='ocrx_word' id='word_1_510' title='bbox 764 4092 957 4149; x_wconf 86' lang='lat' dir='ltr'><strong>Fames</strong></span> <span class='ocrx_word' id='word_1_511' title='bbox 986 4093 1209 4163; x_wconf 88' lang='lat' dir='ltr'><strong>quidem</strong></span> <span class='ocrx_word' id='word_1_512' title='bbox 1239 4095 1603 4152; x_wconf 87' lang='lat' dir='ltr'><strong>miserrimam</strong></span> <span class='ocrx_word' id='word_1_513' title='bbox 1637 4107 1869 4153; x_wconf 91' lang='lat' dir='ltr'><strong>mortem</strong></span> <span class='ocrx_word' id='word_1_514' title='bbox 1902 4098 2081 4153; x_wconf 85' lang='lat' dir='ltr'><strong>mina-</strong></span> 
     </span>
    </p>
   </div>
   <div class='ocr_carea' id='block_1_73' title="bbox 504 4185 2081 4258">
    <p class='ocr_par' dir='ltr' id='par_1_73' title="bbox 504 4185 2081 4258">
     <span class='ocr_line' id='line_1_73' title="bbox 504 4185 2081 4258; baseline 0.005 -19"><span class='ocrx_word' id='word_1_515' title='bbox 504 4194 615 4249; x_wconf 90' lang='lat' dir='ltr'><strong>tur,</strong></span> <span class='ocrx_word' id='word_1_516' title='bbox 661 4195 856 4239; x_wconf 84' lang='lat' dir='ltr'><strong>natura</strong></span> <span class='ocrx_word' id='word_1_517' title='bbox 895 4201 1026 4239; x_wconf 84' lang='lat' dir='ltr'><strong>vero</strong></span> <span class='ocrx_word' id='word_1_518' title='bbox 1066 4185 1318 4250; x_wconf 83' lang='lat' dir='ltr'><strong>retrahit,</strong></span> <span class='ocrx_word' id='word_1_519' title='bbox 1367 4186 1668 4258; x_wconf 88' lang='lat' dir='ltr'><strong>suadetque</strong></span> <span class='ocrx_word' id='word_1_520' title='bbox 1704 4197 1762 4242; x_wconf 90' lang='lat' dir='ltr'><strong>ut</strong></span> <span class='ocrx_word' id='word_1_521' title='bbox 1808 4205 1913 4244; x_wconf 90' lang='lat' dir='ltr'><strong>una</strong></span> <span class='ocrx_word' id='word_1_522' title='bbox 1955 4207 2081 4247; x_wconf 91' lang='lat' dir='ltr'><strong>cum</strong></span> 
     </span>
    </p>
   </div>
   <div class='ocr_carea' id='block_1_74' title="bbox 502 4279 2081 4353">
    <p class='ocr_par' dir='ltr' id='par_1_74' title="bbox 502 4279 2081 4353">
     <span class='ocr_line' id='line_1_74' title="bbox 502 4279 2081 4353; baseline 0.004 -19"><span class='ocrx_word' id='word_1_523' title='bbox 502 4279 691 4336; x_wconf 90' lang='lat' dir='ltr'><strong>liberis</strong></span> <span class='ocrx_word' id='word_1_524' title='bbox 739 4279 1004 4333; x_wconf 88' lang='lat' dir='ltr'><strong>moriatur</strong></span> <span class='ocrx_word' id='word_1_525' title='bbox 1056 4298 1068 4332; x_wconf 92' lang='lat'>:</span> <span class='ocrx_word' id='word_1_526' title='bbox 1107 4286 1161 4333; x_wconf 88' lang='lat' dir='ltr'><strong>et</strong></span> <span class='ocrx_word' id='word_1_527' title='bbox 1195 4293 1338 4348; x_wconf 68' lang='lat' dir='ltr'><strong>saepe</strong></span> <span class='ocrx_word' id='word_1_528' title='bbox 1385 4280 1676 4350; x_wconf 87' lang='lat' dir='ltr'><strong>impulsus,</strong></span> <span class='ocrx_word' id='word_1_529' title='bbox 1716 4290 1769 4337; x_wconf 86' lang='lat' dir='ltr'><strong>et</strong></span> <span class='ocrx_word' id='word_1_530' title='bbox 1808 4298 1951 4353; x_wconf 65' lang='lat' dir='ltr'><strong>saepe</strong></span> <span class='ocrx_word' id='word_1_531' title='bbox 1993 4300 2081 4340; x_wconf 83' lang='lat' dir='ltr'><strong>re-</strong></span> 
     </span>
    </p>
   </div>
   <div class='ocr_carea' id='block_1_75' title="bbox 2178 3093 3751 3165">
    <p class='ocr_par' dir='ltr' id='par_1_75' title="bbox 2178 3093 3751 3165">
     <span class='ocr_line' id='line_1_75' title="bbox 2178 3093 3751 3165; baseline 0.001 -19"><span class='ocrx_word' id='word_1_532' title='bbox 2178 3093 2237 3146; x_wconf 91' lang='grc' dir='ltr'><strong>δέ</strong></span> <span class='ocrx_word' id='word_1_533' title='bbox 2269 3111 2350 3146; x_wconf 89' lang='grc' dir='ltr'><strong>σοι</strong></span> <span class='ocrx_word' id='word_1_534' title='bbox 2380 3093 2664 3148; x_wconf 86' lang='grc' dir='ltr'>ἀκολουθεί</span> <span class='ocrx_word' id='word_1_535' title='bbox 2689 3095 2784 3148; x_wconf 81' lang='grc' dir='ltr'>τοῦ</span> <span class='ocrx_word' id='word_1_536' title='bbox 2810 3095 3021 3158; x_wconf 78' lang='grc' dir='ltr'>ἐνδεοῦς</span> <span class='ocrx_word' id='word_1_537' title='bbox 3048 3097 3077 3148; x_wconf 86' lang='grc' dir='ltr'>ὁ</span> <span class='ocrx_word' id='word_1_538' title='bbox 3110 3096 3430 3165; x_wconf 75' lang='grc' dir='ltr'>στεναγμὸς,</span> <span class='ocrx_word' id='word_1_539' title='bbox 3452 3094 3512 3146; x_wconf 76' lang='grc' dir='ltr'><strong>οὐ</strong></span> <span class='ocrx_word' id='word_1_540' title='bbox 3537 3093 3751 3164; x_wconf 65' lang='grc' dir='ltr'>λογίζῃ.</span> 
     </span>
    </p>
   </div>
   <div class='ocr_carea' id='block_1_76' title="bbox 2179 3183 3761 3258">
    <p class='ocr_par' dir='ltr' id='par_1_76' title="bbox 2179 3183 3761 3258">
     <span class='ocr_line' id='line_1_76' title="bbox 2179 3183 3761 3258; baseline 0.001 -22"><span class='ocrx_word' id='word_1_541' title='bbox 2179 3183 2305 3246; x_wconf 87' lang='grc' dir='ltr'>Πῶς</span> <span class='ocrx_word' id='word_1_542' title='bbox 2334 3201 2415 3237; x_wconf 91' lang='grc' dir='ltr'><strong>σοι</strong></span> <span class='ocrx_word' id='word_1_543' title='bbox 2452 3186 2542 3238; x_wconf 80' lang='grc' dir='ltr'>ὑπ’</span> <span class='ocrx_word' id='word_1_544' title='bbox 2564 3186 2685 3256; x_wconf 70' lang='grc' dir='ltr'>ὄψιν</span> <span class='ocrx_word' id='word_1_545' title='bbox 2708 3185 2818 3258; x_wconf 75' lang='grc'><strong>(27)</strong></span> <span class='ocrx_word' id='word_1_546' title='bbox 2853 3188 3046 3255; x_wconf 87' lang='grc' dir='ltr'>ἀγάγω</span> <span class='ocrx_word' id='word_1_547' title='bbox 3080 3186 3148 3241; x_wconf 82' lang='grc' dir='ltr'><strong>τά</strong></span> <span class='ocrx_word' id='word_1_548' title='bbox 3184 3187 3330 3256; x_wconf 81' lang='grc' dir='ltr'>πάθη</span> <span class='ocrx_word' id='word_1_549' title='bbox 3364 3186 3458 3239; x_wconf 77' lang='grc' dir='ltr'>τοῦ</span> <span class='ocrx_word' id='word_1_550' title='bbox 3485 3185 3714 3256; x_wconf 82' lang='grc' dir='ltr'>πένητος</span> <span class='ocrx_word' id='word_1_551' title='bbox 3736 3201 3761 3250; x_wconf 77' lang='lat'><strong>&#39;,</strong></span> 
     </span>
    </p>
   </div>
   <div class='ocr_carea' id='block_1_77' title="bbox 2190 3277 3756 3353">
    <p class='ocr_par' dir='ltr' id='par_1_77' title="bbox 2190 3277 3756 3353">
     <span class='ocr_line' id='line_1_77' title="bbox 2190 3277 3756 3353; baseline 0.003 -25"><span class='ocrx_word' id='word_1_552' title='bbox 2190 3277 2448 3342; x_wconf 79' lang='grc' dir='ltr'>Ἐκεῖνος,</span> <span class='ocrx_word' id='word_1_553' title='bbox 2478 3281 2951 3351; x_wconf 74' lang='grc' dir='ltr'>περισκεψάμενος</span> <span class='ocrx_word' id='word_1_554' title='bbox 2978 3280 3050 3333; x_wconf 76' lang='grc' dir='ltr'><strong>τά</strong></span> <span class='ocrx_word' id='word_1_555' title='bbox 3079 3280 3246 3342; x_wconf 75' lang='grc' dir='ltr'>ἔνδον,</span> <span class='ocrx_word' id='word_1_556' title='bbox 3276 3281 3400 3351; x_wconf 78' lang='grc' dir='ltr'>ὁρᾷ,</span> <span class='ocrx_word' id='word_1_557' title='bbox 3434 3280 3514 3332; x_wconf 84' lang='grc' dir='ltr'><strong>δτι</strong></span> <span class='ocrx_word' id='word_1_558' title='bbox 3553 3278 3756 3353; x_wconf 63' lang='grc' dir='ltr'>χρυσὸς</span> 
     </span>
    </p>
   </div>
   <div class='ocr_carea' id='block_1_78' title="bbox 2183 3369 3759 3445">
    <p class='ocr_par' dir='ltr' id='par_1_78' title="bbox 2183 3369 3759 3445">
     <span class='ocr_line' id='line_1_78' title="bbox 2183 3369 3759 3445; baseline 0.004 -24"><span class='ocrx_word' id='word_1_559' title='bbox 2183 3369 2279 3440; x_wconf 84' lang='grc' dir='ltr'><strong>μέν</strong></span> <span class='ocrx_word' id='word_1_560' title='bbox 2295 3370 2443 3441; x_wconf 80' lang='grc' dir='ltr'>αὐτῷ</span> <span class='ocrx_word' id='word_1_561' title='bbox 2460 3370 2582 3424; x_wconf 71' lang='grc' dir='ltr'>οὔτε</span> <span class='ocrx_word' id='word_1_562' title='bbox 2599 3374 2764 3439; x_wconf 73' lang='grc' dir='ltr'>ἐστὶν,</span> <span class='ocrx_word' id='word_1_563' title='bbox 2792 3371 2918 3427; x_wconf 75' lang='grc' dir='ltr'>οὒτε</span> <span class='ocrx_word' id='word_1_564' title='bbox 2938 3375 3225 3445; x_wconf 84' lang='grc' dir='ltr'>γενήσεται</span> <span class='ocrx_word' id='word_1_565' title='bbox 3243 3372 3482 3427; x_wconf 85' lang='grc' dir='ltr'>πώποτε·</span> <span class='ocrx_word' id='word_1_566' title='bbox 3504 3371 3669 3444; x_wconf 79' lang='grc' dir='ltr'>σκεύη</span> <span class='ocrx_word' id='word_1_567' title='bbox 3693 3372 3759 3428; x_wconf 68' lang='grc' dir='ltr'><strong>δέ</strong></span> 
     </span>
    </p>
   </div>
   <div class='ocr_carea' id='block_1_79' title="bbox 2179 3461 3755 3537">
    <p class='ocr_par' dir='ltr' id='par_1_79' title="bbox 2179 3461 3755 3537">
     <span class='ocr_line' id='line_1_79' title="bbox 2179 3461 3755 3537; baseline 0.003 -23"><span class='ocrx_word' id='word_1_568' title='bbox 2179 3462 2273 3515; x_wconf 72' lang='grc' dir='ltr'><strong>καὶ</strong></span> <span class='ocrx_word' id='word_1_569' title='bbox 2300 3463 2482 3533; x_wconf 75' lang='grc' dir='ltr'>ἐσθὴς,</span> <span class='ocrx_word' id='word_1_570' title='bbox 2515 3464 2755 3531; x_wconf 73' lang='grc' dir='ltr'>τοιαῦτα,</span> <span class='ocrx_word' id='word_1_571' title='bbox 2776 3461 2863 3519; x_wconf 71' lang='grc' dir='ltr'>οἷα</span> <span class='ocrx_word' id='word_1_572' title='bbox 2890 3466 3003 3537; x_wconf 68' lang='lat'><strong>(28)</strong></span> <span class='ocrx_word' id='word_1_573' title='bbox 3025 3466 3090 3519; x_wconf 87' lang='grc' dir='ltr'><strong>ἂν</strong></span> <span class='ocrx_word' id='word_1_574' title='bbox 3113 3466 3339 3537; x_wconf 84' lang='grc' dir='ltr'>γένηται</span> <span class='ocrx_word' id='word_1_575' title='bbox 3360 3466 3588 3537; x_wconf 84' lang='grc' dir='ltr'>πτωχῶν</span> <span class='ocrx_word' id='word_1_576' title='bbox 3615 3468 3755 3537; x_wconf 80' lang='grc' dir='ltr'>κτή-</span> 
     </span>
    </p>
   </div>
   <div class='ocr_carea' id='block_1_80' title="bbox 2184 3554 3759 3624">
    <p class='ocr_par' dir='ltr' id='par_1_80' title="bbox 2184 3554 3759 3624">
     <span class='ocr_line' id='line_1_80' title="bbox 2184 3554 3759 3624; baseline 0.003 -18"><span class='ocrx_word' id='word_1_577' title='bbox 2184 3571 2348 3624; x_wconf 89' lang='grc' dir='ltr'>ματα,</span> <span class='ocrx_word' id='word_1_578' title='bbox 2389 3554 2585 3624; x_wconf 81' lang='grc' dir='ltr'>ὀλίγων</span> <span class='ocrx_word' id='word_1_579' title='bbox 2633 3556 2701 3610; x_wconf 83' lang='grc' dir='ltr'><strong>τά</strong></span> <span class='ocrx_word' id='word_1_580' title='bbox 2748 3557 2924 3611; x_wconf 87' lang='grc' dir='ltr'>πάντα</span> <span class='ocrx_word' id='word_1_581' title='bbox 2947 3558 3150 3612; x_wconf 85' lang='grc' dir='ltr'>ὀϐολῶν</span> <span class='ocrx_word' id='word_1_582' title='bbox 3188 3558 3334 3623; x_wconf 80' lang='grc' dir='ltr'>ἀξια.</span> <span class='ocrx_word' id='word_1_583' title='bbox 3370 3558 3435 3611; x_wconf 89' lang='grc' dir='ltr'>Τί</span> <span class='ocrx_word' id='word_1_584' title='bbox 3462 3555 3588 3624; x_wconf 56' lang='lat' dir='ltr'><strong>adv;</strong></span> <span class='ocrx_word' id='word_1_585' title='bbox 3629 3559 3759 3611; x_wconf 76' lang='grc' dir='ltr'><strong>Ἐπὶ</strong></span> 
     </span>
    </p>
   </div>
   <div class='ocr_carea' id='block_1_81' title="bbox 2178 3644 3756 3720">
    <p class='ocr_par' dir='ltr' id='par_1_81' title="bbox 2178 3644 3756 3720">
     <span class='ocr_line' id='line_1_81' title="bbox 2178 3644 3756 3720; baseline 0.004 -24"><span class='ocrx_word' id='word_1_586' title='bbox 2178 3647 2304 3708; x_wconf 79' lang='grc' dir='ltr'>τοὺς</span> <span class='ocrx_word' id='word_1_587' title='bbox 2330 3644 2521 3709; x_wconf 86' lang='grc' dir='ltr'>παῖδας</span> <span class='ocrx_word' id='word_1_588' title='bbox 2549 3645 2745 3703; x_wconf 78' lang='grc' dir='ltr'>,λοιπὸν</span> <span class='ocrx_word' id='word_1_589' title='bbox 2795 3648 2917 3717; x_wconf 84' lang='grc' dir='ltr'>ἄγει</span> <span class='ocrx_word' id='word_1_590' title='bbox 2969 3648 3061 3701; x_wconf 81' lang='grc' dir='ltr'><strong>τὸν</strong></span> <span class='ocrx_word' id='word_1_591' title='bbox 3093 3648 3367 3720; x_wconf 74' lang='grc' dir='ltr'>ὀφθαλμὸν</span> <span class='ocrx_word' id='word_1_592' title='bbox 3386 3689 3401 3714; x_wconf 86' lang='grc'><strong>,</strong></span> <span class='ocrx_word' id='word_1_593' title='bbox 3451 3649 3591 3702; x_wconf 81' lang='grc' dir='ltr'>ὥστε</span> <span class='ocrx_word' id='word_1_594' title='bbox 3612 3689 3626 3713; x_wconf 90' lang='grc'><strong>,</strong></span> <span class='ocrx_word' id='word_1_595' title='bbox 3654 3649 3756 3715; x_wconf 64' lang='grc' dir='ltr'>αύ-</span> 
     </span>
    </p>
   </div>
   <div class='ocr_carea' id='block_1_82' title="bbox 2180 3735 3756 3811">
    <p class='ocr_par' dir='ltr' id='par_1_82' title="bbox 2180 3735 3756 3811">
     <span class='ocr_line' id='line_1_82' title="bbox 2180 3735 3756 3811; baseline 0.004 -24"><span class='ocrx_word' id='word_1_596' title='bbox 2180 3735 2305 3799; x_wconf 76' lang='grc' dir='ltr'>τους</span> <span class='ocrx_word' id='word_1_597' title='bbox 2334 3735 2444 3807; x_wconf 69' lang='lat'><strong>(29)</strong></span> <span class='ocrx_word' id='word_1_598' title='bbox 2475 3736 2699 3806; x_wconf 86' lang='grc' dir='ltr'>ἀγαγὼν</span> <span class='ocrx_word' id='word_1_599' title='bbox 2745 3739 2826 3802; x_wconf 84' lang='grc' dir='ltr'><strong>είς</strong></span> <span class='ocrx_word' id='word_1_600' title='bbox 2851 3738 2911 3792; x_wconf 80' lang='grc' dir='ltr'>τὸ</span> <span class='ocrx_word' id='word_1_601' title='bbox 2940 3742 3244 3811; x_wconf 87' lang='grc' dir='ltr'>πρατήριον</span> <span class='ocrx_word' id='word_1_602' title='bbox 3263 3780 3277 3805; x_wconf 91' lang='grc'><strong>,</strong></span> <span class='ocrx_word' id='word_1_603' title='bbox 3319 3739 3566 3794; x_wconf 80' lang='grc' dir='ltr'>ἐντεῦθεν</span> <span class='ocrx_word' id='word_1_604' title='bbox 3594 3740 3756 3811; x_wconf 85' lang='grc' dir='ltr'>εὑρέ-</span> 
     </span>
    </p>
   </div>
   <div class='ocr_carea' id='block_1_83' title="bbox 2183 3826 3752 3902">
    <p class='ocr_par' dir='ltr' id='par_1_83' title="bbox 2183 3826 3752 3902">
     <span class='ocr_line' id='line_1_83' title="bbox 2183 3826 3752 3902; baseline 0.004 -24"><span class='ocrx_word' id='word_1_605' title='bbox 2183 3826 2305 3879; x_wconf 84' lang='grc' dir='ltr'>σθαι</span> <span class='ocrx_word' id='word_1_606' title='bbox 2337 3828 2428 3880; x_wconf 80' lang='grc' dir='ltr'>τοῦ</span> <span class='ocrx_word' id='word_1_607' title='bbox 2466 3827 2697 3882; x_wconf 86' lang='grc' dir='ltr'>θανάτου</span> <span class='ocrx_word' id='word_1_608' title='bbox 2736 3830 3108 3901; x_wconf 84' lang='grc' dir='ltr'>παραμυθίαν.</span> <span class='ocrx_word' id='word_1_609' title='bbox 3137 3830 3347 3902; x_wconf 79' lang='grc' dir='ltr'>Νόησον</span> <span class='ocrx_word' id='word_1_610' title='bbox 3381 3830 3612 3884; x_wconf 76' lang='grc' dir='ltr'>ἐνταῦθα</span> <span class='ocrx_word' id='word_1_611' title='bbox 3639 3830 3752 3901; x_wconf 78' lang='grc'><strong>(⁸50)</strong></span> 
     </span>
    </p>
   </div>
   <div class='ocr_carea' id='block_1_84' title="bbox 2182 3919 3754 3993">
    <p class='ocr_par' dir='ltr' id='par_1_84' title="bbox 2182 3919 3754 3993">
     <span class='ocr_line' id='line_1_84' title="bbox 2182 3919 3754 3993; baseline 0.001 -20"><span class='ocrx_word' id='word_1_612' title='bbox 2182 3919 2365 3988; x_wconf 68' lang='grc' dir='ltr'>μάχην</span> <span class='ocrx_word' id='word_1_613' title='bbox 2430 3921 2677 3992; x_wconf 78' lang='grc' dir='ltr'>ἀνάγκης</span> <span class='ocrx_word' id='word_1_614' title='bbox 2736 3921 2927 3992; x_wconf 82' lang='grc' dir='ltr'>λιμοῦ,</span> <span class='ocrx_word' id='word_1_615' title='bbox 2983 3924 3077 3976; x_wconf 83' lang='grc' dir='ltr'><strong>καί</strong></span> <span class='ocrx_word' id='word_1_616' title='bbox 3128 3922 3419 3986; x_wconf 86' lang='grc' dir='ltr'>διαθέσεως</span> <span class='ocrx_word' id='word_1_617' title='bbox 3461 3923 3754 3993; x_wconf 82' lang='grc' dir='ltr'>πατρικῆς.</span> 
     </span>
    </p>
   </div>
   <div class='ocr_carea' id='block_1_85' title="bbox 2193 4009 3757 4086">
    <p class='ocr_par' dir='ltr' id='par_1_85' title="bbox 2193 4009 3757 4086">
     <span class='ocr_line' id='line_1_85' title="bbox 2193 4009 3757 4086; baseline 0.004 -25"><span class='ocrx_word' id='word_1_618' title='bbox 2193 4009 2257 4061; x_wconf 80' lang='grc' dir='ltr'><strong>ἸΙ</strong></span> <span class='ocrx_word' id='word_1_619' title='bbox 2286 4010 2383 4081; x_wconf 85' lang='grc' dir='ltr'><strong>μὲν</strong></span> <span class='ocrx_word' id='word_1_620' title='bbox 2423 4012 2514 4065; x_wconf 82' lang='grc' dir='ltr'><strong>τὸν</strong></span> <span class='ocrx_word' id='word_1_621' title='bbox 2546 4012 2818 4067; x_wconf 78' lang='grc' dir='ltr'>οἴκτιστον</span> <span class='ocrx_word' id='word_1_622' title='bbox 2861 4013 3090 4068; x_wconf 87' lang='grc' dir='ltr'>θάνατον</span> <span class='ocrx_word' id='word_1_623' title='bbox 3145 4010 3390 4075; x_wconf 86' lang='grc' dir='ltr'>ἀπειλεῖ,</span> <span class='ocrx_word' id='word_1_624' title='bbox 3426 4016 3460 4086; x_wconf 86' lang='grc' dir='ltr'><strong>ἡ</strong></span> <span class='ocrx_word' id='word_1_625' title='bbox 3501 4014 3559 4067; x_wconf 83' lang='grc' dir='ltr'>δὲ</span> <span class='ocrx_word' id='word_1_626' title='bbox 3592 4013 3757 4084; x_wconf 81' lang='grc' dir='ltr'>φύσις</span> 
     </span>
    </p>
   </div>
   <div class='ocr_carea' id='block_1_86' title="bbox 2182 4102 3763 4171">
    <p class='ocr_par' dir='ltr' id='par_1_86' title="bbox 2182 4102 3763 4171">
     <span class='ocr_line' id='line_1_86' title="bbox 2182 4102 3763 4171; baseline 0.003 -17"><span class='ocrx_word' id='word_1_627' title='bbox 2182 4102 2465 4170; x_wconf 78' lang='grc' dir='ltr'>ἀνθέλκει,</span> <span class='ocrx_word' id='word_1_628' title='bbox 2516 4104 2903 4160; x_wconf 78' lang='grc' dir='ltr'>συναποθανεῖν</span> <span class='ocrx_word' id='word_1_629' title='bbox 2937 4109 3049 4171; x_wconf 88' lang='grc' dir='ltr'>τοῖς</span> <span class='ocrx_word' id='word_1_630' title='bbox 3082 4105 3294 4169; x_wconf 79' lang='grc' dir='ltr'>τέκνοις</span> <span class='ocrx_word' id='word_1_631' title='bbox 3331 4107 3588 4159; x_wconf 87' lang='grc' dir='ltr'>πείθουσα</span> <span class='ocrx_word' id='word_1_632' title='bbox 3611 4123 3623 4135; x_wconf 90' lang='grc'><strong>·</strong></span> <span class='ocrx_word' id='word_1_633' title='bbox 3662 4107 3763 4158; x_wconf 77' lang='grc' dir='ltr'>καὶ</span> 
     </span>
    </p>
   </div>
   <div class='ocr_carea' id='block_1_87' title="bbox 2183 4193 3758 4267">
    <p class='ocr_par' dir='ltr' id='par_1_87' title="bbox 2183 4193 3758 4267">
     <span class='ocr_line' id='line_1_87' title="bbox 2183 4193 3758 4267; baseline 0.002 -22"><span class='ocrx_word' id='word_1_634' title='bbox 2183 4193 2443 4259; x_wconf 83' lang='grc' dir='ltr'>πολλάκις</span> <span class='ocrx_word' id='word_1_635' title='bbox 2466 4196 2748 4267; x_wconf 76' lang='grc' dir='ltr'>ὁρμήσας,</span> <span class='ocrx_word' id='word_1_636' title='bbox 2780 4198 2875 4251; x_wconf 74' lang='grc' dir='ltr'><strong>καὶ</strong></span> <span class='ocrx_word' id='word_1_637' title='bbox 2915 4197 3173 4260; x_wconf 86' lang='grc' dir='ltr'>πολλάκις</span> <span class='ocrx_word' id='word_1_638' title='bbox 3218 4199 3535 4260; x_wconf 74' lang='grc' dir='ltr'>ἀνακοπεὶς,</span> <span class='ocrx_word' id='word_1_639' title='bbox 3573 4197 3758 4252; x_wconf 86' lang='grc' dir='ltr'>τελευ-</span> 
     </span>
    </p>
   </div>
   <div class='ocr_carea' id='block_1_88' title="bbox 2181 4286 3757 4359">
    <p class='ocr_par' dir='ltr' id='par_1_88' title="bbox 2181 4286 3757 4359">
     <span class='ocr_line' id='line_1_88' title="bbox 2181 4286 3757 4359; baseline 0.001 -23"><span class='ocrx_word' id='word_1_640' title='bbox 2181 4288 2330 4337; x_wconf 83' lang='grc' dir='ltr'>ταῖον</span> <span class='ocrx_word' id='word_1_641' title='bbox 2357 4286 2658 4358; x_wconf 76' lang='grc' dir='ltr'>ἐκρατήθη,</span> <span class='ocrx_word' id='word_1_642' title='bbox 2690 4287 2794 4341; x_wconf 79' lang='grc' dir='ltr'><strong>ὑπὸ</strong></span> <span class='ocrx_word' id='word_1_643' title='bbox 2820 4289 2918 4359; x_wconf 79' lang='grc' dir='ltr'><strong>τῆς</strong></span> <span class='ocrx_word' id='word_1_644' title='bbox 2939 4288 3245 4356; x_wconf 85' lang='grc' dir='ltr'>ἀναγκαίας</span> <span class='ocrx_word' id='word_1_645' title='bbox 3263 4288 3354 4340; x_wconf 75' lang='grc' dir='ltr'>καὶ</span> <span class='ocrx_word' id='word_1_646' title='bbox 3377 4288 3757 4359; x_wconf 81' lang='grc' dir='ltr'>ἀπαραιτήτου</span> 
     </span>
    </p>
   </div>
   <div class='ocr_carea' id='block_1_89' title="bbox 505 4366 2071 4450">
    <p class='ocr_par' dir='ltr' id='par_1_89' title="bbox 505 4366 2071 4440">
     <span class='ocr_line' id='line_1_89' title="bbox 505 4366 2071 4440; baseline 0.001 -16"><span class='ocrx_word' id='word_1_647' title='bbox 505 4378 708 4434; x_wconf 86' lang='lat' dir='ltr'><strong>tentus,</strong></span> <span class='ocrx_word' id='word_1_648' title='bbox 755 4366 972 4424; x_wconf 90' lang='lat' dir='ltr'><strong>tandem</strong></span> <span class='ocrx_word' id='word_1_649' title='bbox 1022 4368 1353 4432; x_wconf 90' lang='lat' dir='ltr'><strong>succumbit,</strong></span> <span class='ocrx_word' id='word_1_650' title='bbox 1408 4369 1736 4425; x_wconf 86' lang='lat' dir='ltr'><strong>necessitate</strong></span> <span class='ocrx_word' id='word_1_651' title='bbox 1776 4378 1939 4440; x_wconf 84' lang='lat' dir='ltr'><strong>atque</strong></span> <span class='ocrx_word' id='word_1_652' title='bbox 1978 4372 2071 4425; x_wconf 90' lang='lat' dir='ltr'><strong>im-</strong></span> 
     </span>
    </p>
   </div>
   <div class='ocr_carea' id='block_1_90' title="bbox 2176 4366 3759 4450">
    <p class='ocr_par' dir='ltr' id='par_1_90' title="bbox 2182 4375 3759 4450">
     <span class='ocr_line' id='line_1_90' title="bbox 2182 4375 3759 4450; baseline 0.002 -22"><span class='ocrx_word' id='word_1_653' title='bbox 2182 4378 2369 4446; x_wconf 82' lang='grc' dir='ltr'>χρείας</span> <span class='ocrx_word' id='word_1_654' title='bbox 2391 4379 2721 4443; x_wconf 83' lang='grc' dir='ltr'>ἐκϐιασθείς.</span> <span class='ocrx_word' id='word_1_655' title='bbox 2740 4381 2841 4433; x_wconf 53' lang='grc' dir='ltr'><strong>Καὶ</strong></span> <span class='ocrx_word' id='word_1_656' title='bbox 2872 4375 2958 4433; x_wconf 77' lang='grc' dir='ltr'>οἶα</span> <span class='ocrx_word' id='word_1_657' title='bbox 2990 4380 3299 4449; x_wconf 71' lang='grc' dir='ltr'>βουλεύεται</span> <span class='ocrx_word' id='word_1_658' title='bbox 3327 4383 3354 4433; x_wconf 80' lang='grc' dir='ltr'>ὁ</span> <span class='ocrx_word' id='word_1_659' title='bbox 3377 4382 3557 4450; x_wconf 77' lang='grc' dir='ltr'>πατήρ</span> <span class='ocrx_word' id='word_1_660' title='bbox 3581 4394 3594 4443; x_wconf 89' lang='lat'><strong>;</strong></span> <span class='ocrx_word' id='word_1_661' title='bbox 3622 4378 3759 4431; x_wconf 85' lang='grc' dir='ltr'>Τίνα</span> 
     </span>
    </p>
   </div>
   <div class='ocr_carea' id='block_1_91' title="bbox 506 4459 2077 4532">
    <p class='ocr_par' dir='ltr' id='par_1_91' title="bbox 506 4459 2077 4532">
     <span class='ocr_line' id='line_1_91' title="bbox 506 4459 2077 4532; baseline 0.001 -16"><span class='ocrx_word' id='word_1_662' title='bbox 506 4461 757 4532; x_wconf 90' lang='lat' dir='ltr'><strong>placabili</strong></span> <span class='ocrx_word' id='word_1_663' title='bbox 830 4467 1072 4531; x_wconf 87' lang='lat' dir='ltr'><strong>egestate</strong></span> <span class='ocrx_word' id='word_1_664' title='bbox 1133 4468 1380 4514; x_wconf 80' lang='lat' dir='ltr'><strong>coactus.</strong></span> <span class='ocrx_word' id='word_1_665' title='bbox 1443 4459 1548 4515; x_wconf 88' lang='lat' dir='ltr'><strong>Sed</strong></span> <span class='ocrx_word' id='word_1_666' title='bbox 1599 4476 1720 4531; x_wconf 65' lang='lat' dir='ltr'><strong>quae</strong></span> <span class='ocrx_word' id='word_1_667' title='bbox 1785 4462 1840 4515; x_wconf 93' lang='lat' dir='ltr'><strong>in</strong></span> <span class='ocrx_word' id='word_1_668' title='bbox 1892 4463 2077 4517; x_wconf 90' lang='lat' dir='ltr'><strong>animo</strong></span> 
     </span>
    </p>
   </div>
   <div class='ocr_carea' id='block_1_92' title="bbox 500 4549 2077 4620">
    <p class='ocr_par' dir='ltr' id='par_1_92' title="bbox 500 4549 2077 4620">
     <span class='ocr_line' id='line_1_92' title="bbox 500 4549 2077 4620; baseline -0.001 -13"><span class='ocrx_word' id='word_1_669' title='bbox 500 4552 735 4609; x_wconf 67' lang='lat' dir='ltr'><strong>consilia</strong></span> <span class='ocrx_word' id='word_1_670' title='bbox 772 4559 959 4606; x_wconf 84' lang='lat' dir='ltr'><strong>versat</strong></span> <span class='ocrx_word' id='word_1_671' title='bbox 1005 4549 1198 4620; x_wconf 83' lang='lat' dir='ltr'><strong>pater?</strong></span> <span class='ocrx_word' id='word_1_672' title='bbox 1247 4549 1419 4615; x_wconf 87' lang='lat' dir='ltr'><strong>Quem</strong></span> <span class='ocrx_word' id='word_1_673' title='bbox 1460 4550 1699 4619; x_wconf 86' lang='lat' dir='ltr'><strong>primum</strong></span> <span class='ocrx_word' id='word_1_674' title='bbox 1746 4549 2077 4606; x_wconf 80' lang='lat' dir='ltr'><strong>divendain?</strong></span> 
     </span>
    </p>
   </div>
   <div class='ocr_carea' id='block_1_93' title="bbox 507 4641 2074 4714">
    <p class='ocr_par' dir='ltr' id='par_1_93' title="bbox 507 4641 2074 4714">
     <span class='ocr_line' id='line_1_93' title="bbox 507 4641 2074 4714; baseline -0.003 -14"><span class='ocrx_word' id='word_1_675' title='bbox 507 4644 806 4711; x_wconf 82' lang='lat' dir='ltr'><strong>Quemnam</strong></span> <span class='ocrx_word' id='word_1_676' title='bbox 834 4642 1096 4697; x_wconf 85' lang='lat' dir='ltr'><strong>frumenti</strong></span> <span class='ocrx_word' id='word_1_677' title='bbox 1135 4642 1387 4697; x_wconf 85' lang='lat' dir='ltr'><strong>venditor</strong></span> <span class='ocrx_word' id='word_1_678' title='bbox 1427 4641 1707 4696; x_wconf 89' lang='lat' dir='ltr'><strong>lubentius</strong></span> <span class='ocrx_word' id='word_1_679' title='bbox 1736 4642 2074 4714; x_wconf 79' lang='lat' dir='ltr'><strong>conspiciat?</strong></span> 
     </span>
    </p>
   </div>
   <div class='ocr_carea' id='block_1_94' title="bbox 508 4727 2072 4803">
    <p class='ocr_par' dir='ltr' id='par_1_94' title="bbox 508 4727 2072 4803">
     <span class='ocr_line' id='line_1_94' title="bbox 508 4727 2072 4803; baseline 0 -14"><span class='ocrx_word' id='word_1_680' title='bbox 508 4735 771 4791; x_wconf 76' lang='lat' dir='ltr'><strong>Accedam</strong></span> <span class='ocrx_word' id='word_1_681' title='bbox 801 4734 870 4790; x_wconf 88' lang='lat' dir='ltr'><strong>ad</strong></span> <span class='ocrx_word' id='word_1_682' title='bbox 890 4733 1190 4788; x_wconf 74' lang='lat' dir='ltr'><strong>maximum</strong></span> <span class='ocrx_word' id='word_1_683' title='bbox 1235 4727 1403 4787; x_wconf 80' lang='lat' dir='ltr'><strong>natu?</strong></span> <span class='ocrx_word' id='word_1_684' title='bbox 1431 4732 1500 4786; x_wconf 86' lang='lat' dir='ltr'><strong>At</strong></span> <span class='ocrx_word' id='word_1_685' title='bbox 1550 4731 1727 4788; x_wconf 74' lang='lat' dir='ltr'><strong>aetatis</strong></span> <span class='ocrx_word' id='word_1_686' title='bbox 1757 4733 1881 4803; x_wconf 88' lang='lat' dir='ltr'><strong>jura</strong></span> <span class='ocrx_word' id='word_1_687' title='bbox 1916 4749 2072 4789; x_wconf 82' lang='lat' dir='ltr'><strong>reve-</strong></span> 
     </span>
    </p>
   </div>
   <div class='ocr_carea' id='block_1_95' title="bbox 568 4888 1599 4958">
    <p class='ocr_par' dir='ltr' id='par_1_95' title="bbox 568 4888 1599 4958">
     <span class='ocr_line' id='line_1_95' title="bbox 568 4888 1599 4958; baseline -0.002 -13"><span class='ocrx_word' id='word_1_688' title='bbox 568 4892 616 4925; x_wconf 83' lang='lat'><strong>”</strong></span> <span class='ocrx_word' id='word_1_689' title='bbox 653 4891 800 4948; x_wconf 89' lang='lat' dir='ltr'><strong>Psal.</strong></span> <span class='ocrx_word' id='word_1_690' title='bbox 835 4907 947 4958; x_wconf 76' lang='lat' dir='ltr'><strong>cxr,</strong></span> <span class='ocrx_word' id='word_1_691' title='bbox 985 4891 1038 4945; x_wconf 89' lang='lat'><strong>9.</strong></span> <span class='ocrx_word' id='word_1_692' title='bbox 1083 4892 1139 4939; x_wconf 80' lang='grc'>·¹.</span> <span class='ocrx_word' id='word_1_693' title='bbox 1175 4888 1335 4944; x_wconf 82' lang='lat' dir='ltr'><strong>Prov.</strong></span> <span class='ocrx_word' id='word_1_694' title='bbox 1374 4905 1466 4954; x_wconf 75' lang='grc' dir='ltr'>ιι,</span> <span class='ocrx_word' id='word_1_695' title='bbox 1504 4888 1599 4943; x_wconf 68' lang='grc' dir='ltr'><strong>Ξθν</strong></span> 
     </span>
    </p>
   </div>
   <div class='ocr_carea' id='block_1_96' title="bbox 574 5005 1719 5085">
    <p class='ocr_par' dir='ltr' id='par_1_96' title="bbox 574 5005 1719 5085">
     <span class='ocr_line' id='line_1_96' title="bbox 574 5005 1719 5085; baseline 0.003 -4"><span class='ocrx_word' id='word_1_696' title='bbox 574 5012 687 5085; x_wconf 65' lang='lat'><strong>(25)</strong></span> <span class='ocrx_word' id='word_1_697' title='bbox 720 5010 952 5085; x_wconf 64' lang='lat' dir='ltr'><strong>Codices</strong></span> <span class='ocrx_word' id='word_1_698' title='bbox 980 5006 1509 5085; x_wconf 60' lang='lat' dir='ltr'><strong>duo_se9?aeév9eca</strong></span> <span class='ocrx_word' id='word_1_699' title='bbox 1535 5006 1606 5059; x_wconf 74' lang='grc' dir='ltr'>Σὺ</span> <span class='ocrx_word' id='word_1_700' title='bbox 1640 5005 1719 5085; x_wconf 51' lang='lat'><strong>5%-</strong></span> 
     </span>
    </p>
   </div>
   <div class='ocr_carea' id='block_1_97' title="bbox 574 5074 1806 5151">
    <p class='ocr_par' dir='ltr' id='par_1_97' title="bbox 574 5074 1806 5151">
     <span class='ocr_line' id='line_1_97' title="bbox 574 5074 1806 5151; baseline -0.006 -16"><span class='ocrx_word' id='word_1_701' title='bbox 574 5074 685 5149; x_wconf 65' lang='lat'><strong>(34)</strong></span> <span class='ocrx_word' id='word_1_702' title='bbox 724 5080 945 5151; x_wconf 69' lang='lat' dir='ltr'><strong>Antiqui</strong></span> <span class='ocrx_word' id='word_1_703' title='bbox 968 5080 1076 5134; x_wconf 90' lang='lat' dir='ltr'><strong>duo</strong></span> <span class='ocrx_word' id='word_1_704' title='bbox 1095 5074 1217 5133; x_wconf 77' lang='lat' dir='ltr'><strong>libri</strong></span> <span class='ocrx_word' id='word_1_705' title='bbox 1245 5074 1552 5151; x_wconf 77' lang='grc' dir='ltr'>ὧνούδενὸς</span> <span class='ocrx_word' id='word_1_706' title='bbox 1581 5076 1806 5151; x_wconf 64' lang='grc' dir='ltr'>τούτων,</span> 
     </span>
    </p>
   </div>
   <div class='ocr_carea' id='block_1_98' title="bbox 575 5144 2070 5223">
    <p class='ocr_par' dir='ltr' id='par_1_98' title="bbox 575 5144 2070 5223">
     <span class='ocr_line' id='line_1_98' title="bbox 575 5144 2070 5223; baseline -0.005 -17"><span class='ocrx_word' id='word_1_707' title='bbox 575 5144 687 5223; x_wconf 72' lang='grc'><strong>(25)</strong></span> <span class='ocrx_word' id='word_1_708' title='bbox 726 5144 888 5206; x_wconf 60' lang='lat' dir='ltr'><strong>Editi&#39;</strong></span> <span class='ocrx_word' id='word_1_709' title='bbox 904 5152 1076 5219; x_wconf 86' lang='grc' dir='ltr'>μενεῖ,</span> <span class='ocrx_word' id='word_1_710' title='bbox 1125 5148 1373 5210; x_wconf 76' lang='lat' dir='ltr'><strong>manebit.</strong></span> <span class='ocrx_word' id='word_1_711' title='bbox 1410 5148 1477 5201; x_wconf 81' lang='lat' dir='ltr'><strong>At</strong></span> <span class='ocrx_word' id='word_1_712' title='bbox 1528 5161 1661 5203; x_wconf 84' lang='lat' dir='ltr'><strong>mss.</strong></span> <span class='ocrx_word' id='word_1_713' title='bbox 1696 5146 1855 5201; x_wconf 89' lang='lat' dir='ltr'><strong>multi</strong></span> <span class='ocrx_word' id='word_1_714' title='bbox 1900 5146 2070 5217; x_wconf 80' lang='grc' dir='ltr'>μένει,</span> 
     </span>
    </p>
   </div>
   <div class='ocr_carea' id='block_1_99' title="bbox 522 5230 693 5279">
    <p class='ocr_par' dir='ltr' id='par_1_99' title="bbox 522 5230 693 5279">
     <span class='ocr_line' id='line_1_99' title="bbox 522 5230 693 5279; baseline 0.012 -3"><span class='ocrx_word' id='word_1_715' title='bbox 522 5230 693 5279; x_wconf 74' lang='lat' dir='ltr'><strong>nonet.</strong></span> 
     </span>
    </p>
   </div>
   <div class='ocr_carea' id='block_1_100' title="bbox 577 5285 2074 5361">
    <p class='ocr_par' dir='ltr' id='par_1_100' title="bbox 577 5285 2074 5361">
     <span class='ocr_line' id='line_1_100' title="bbox 577 5285 2074 5361; baseline -0.005 -15"><span class='ocrx_word' id='word_1_716' title='bbox 577 5290 688 5361; x_wconf 74' lang='grc'><strong>(26)</strong></span> <span class='ocrx_word' id='word_1_717' title='bbox 728 5286 884 5353; x_wconf 86' lang='lat' dir='ltr'><strong>illud,</strong></span> <span class='ocrx_word' id='word_1_718' title='bbox 902 5288 1318 5361; x_wconf 84' lang='lat' dir='ltr'><strong>Proverhiorum</strong></span> <span class='ocrx_word' id='word_1_719' title='bbox 1343 5303 1427 5351; x_wconf 74' lang='grc' dir='ltr'>χι,</span> <span class='ocrx_word' id='word_1_720' title='bbox 1448 5286 1540 5361; x_wconf 65' lang='grc'><strong>26,</strong></span> <span class='ocrx_word' id='word_1_721' title='bbox 1564 5287 1592 5339; x_wconf 87' lang='grc' dir='ltr'>ὀ</span> <span class='ocrx_word' id='word_1_722' title='bbox 1616 5286 1725 5361; x_wconf 78' lang='grc' dir='ltr'><strong>γάρ</strong></span> <span class='ocrx_word' id='word_1_723' title='bbox 1750 5285 2074 5361; x_wconf 71' lang='grc' dir='ltr'>τιμιουλκῶν</span> 
     </span>
    </p>
   </div>
   <div class='ocr_carea' id='block_1_101' title="bbox 517 5357 2072 5437">
    <p class='ocr_par' dir='ltr' id='par_1_101' title="bbox 517 5357 2072 5437">
     <span class='ocr_line' id='line_1_101' title="bbox 517 5357 2072 5437; baseline -0.003 -21"><span class='ocrx_word' id='word_1_724' title='bbox 517 5357 651 5437; x_wconf 66' lang='grc' dir='ltr'>σῖτον</span> <span class='ocrx_word' id='word_1_725' title='bbox 672 5357 1140 5437; x_wconf 59' lang='grc' dir='ltr'>δημοκατάραςςος,</span> <span class='ocrx_word' id='word_1_726' title='bbox 1168 5359 1338 5437; x_wconf 86' lang='lat' dir='ltr'><strong>varie_</strong></span> <span class='ocrx_word' id='word_1_727' title='bbox 1358 5357 1518 5437; x_wconf 44' lang='lat' dir='ltr'><strong>apud.</strong></span> <span class='ocrx_word' id='word_1_728' title='bbox 1533 5357 1716 5436; x_wconf 77' lang='lat' dir='ltr'><strong>varios</strong></span> <span class='ocrx_word' id='word_1_729' title='bbox 1736 5357 2072 5437; x_wconf 70' lang='lat' dir='ltr'><strong>interpretes</strong></span> 
     </span>
    </p>
   </div>
   <div class='ocr_carea' id='block_1_102' title="bbox 517 5425 2074 5503">
    <p class='ocr_par' dir='ltr' id='par_1_102' title="bbox 517 5425 2074 5503">
     <span class='ocr_line' id='line_1_102' title="bbox 517 5425 2074 5503; baseline -0.003 -18"><span class='ocrx_word' id='word_1_730' title='bbox 517 5425 758 5503; x_wconf 13' lang='lat' dir='ltr'><strong>.egiturg?</strong></span> <span class='ocrx_word' id='word_1_731' title='bbox 790 5425 975 5503; x_wconf 73' lang='lat' dir='ltr'><strong>quam</strong></span> <span class='ocrx_word' id='word_1_732' title='bbox 1008 5425 1431 5503; x_wconf 77' lang='lat' dir='ltr'><strong>discrepantiam</strong></span> <span class='ocrx_word' id='word_1_733' title='bbox 1475 5427 1521 5484; x_wconf 93' lang='lat' dir='ltr'><strong>si</strong></span> <span class='ocrx_word' id='word_1_734' title='bbox 1569 5426 1843 5497; x_wconf 85' lang='lat' dir='ltr'><strong>quispiam</strong></span> <span class='ocrx_word' id='word_1_735' title='bbox 1889 5425 2074 5481; x_wconf 87' lang='lat' dir='ltr'><strong>videre</strong></span> 
     </span>
    </p>
   </div>
   <div class='ocr_carea' id='block_1_103' title="bbox 516 5497 1135 5571">
    <p class='ocr_par' dir='ltr' id='par_1_103' title="bbox 516 5497 1135 5571">
     <span class='ocr_line' id='line_1_103' title="bbox 516 5497 1135 5571; baseline -0.008 -13"><span class='ocrx_word' id='word_1_736' title='bbox 516 5497 675 5571; x_wconf 63' lang='lat' dir='ltr'><strong>:u&#39;pit,</strong></span> <span class='ocrx_word' id='word_1_737' title='bbox 704 5501 844 5569; x_wconf 87' lang='lat' dir='ltr'><strong>legat</strong></span> <span class='ocrx_word' id='word_1_738' title='bbox 877 5497 1135 5571; x_wconf 67' lang='lat' dir='ltr'><strong>ﬂexapla.</strong></span> 
     </span>
    </p>
   </div>
   <div class='ocr_carea' id='block_1_104' title="bbox 576 5567 1391 5647">
    <p class='ocr_par' dir='ltr' id='par_1_104' title="bbox 576 5567 1391 5647">
     <span class='ocr_line' id='line_1_104' title="bbox 576 5567 1391 5647; baseline -0.006 -22"><span class='ocrx_word' id='word_1_739' title='bbox 576 5567 689 5647; x_wconf 47' lang='grc' dir='ltr'><strong>(ᾖ)</strong></span> <span class='ocrx_word' id='word_1_740' title='bbox 732 5567 863 5647; x_wconf 58' lang='lat' dir='ltr'><strong>ljeg.</strong></span> <span class='ocrx_word' id='word_1_741' title='bbox 898 5567 1108 5647; x_wconf 75' lang='lat' dir='ltr'><strong>primus</strong></span> <span class='ocrx_word' id='word_1_742' title='bbox 1133 5568 1220 5621; x_wconf 78' lang='grc' dir='ltr'>ἐπ’</span> <span class='ocrx_word' id='word_1_743' title='bbox 1250 5567 1391 5647; x_wconf 49' lang='grc' dir='ltr'>ὄψιν.</span> 
     </span>
    </p>
   </div>
   <div class='ocr_carea' id='block_1_105' title="bbox 577 5634 2075 5712">
    <p class='ocr_par' dir='ltr' id='par_1_105' title="bbox 577 5634 2075 5712">
     <span class='ocr_line' id='line_1_105' title="bbox 577 5634 2075 5712; baseline -0.003 -17"><span class='ocrx_word' id='word_1_744' title='bbox 577 5634 688 5712; x_wconf 71' lang='lat'><strong>(28)</strong></span> <span class='ocrx_word' id='word_1_745' title='bbox 726 5634 879 5712; x_wconf 72' lang='lat' dir='ltr'><strong>Goib.</strong></span> <span class='ocrx_word' id='word_1_746' title='bbox 900 5634 1120 5712; x_wconf 57' lang='lat' dir='ltr'><strong>&#39;primus</strong></span> <span class='ocrx_word' id='word_1_747' title='bbox 1152 5634 1375 5712; x_wconf 67' lang='grc' dir='ltr'>τοιαῦτα</span> <span class='ocrx_word' id='word_1_748' title='bbox 1398 5638 1576 5712; x_wconf 74' lang='grc' dir='ltr'>δποῖα.</span> <span class='ocrx_word' id='word_1_749' title='bbox 1598 5634 1819 5712; x_wconf 69' lang='lat' dir='ltr'><strong>ibidem</strong></span> <span class='ocrx_word' id='word_1_750' title='bbox 1849 5635 1981 5693; x_wconf 88' lang='lat' dir='ltr'><strong>editi</strong></span> <span class='ocrx_word' id='word_1_751' title='bbox 2007 5635 2075 5692; x_wconf 84' lang='grc' dir='ltr'><strong>ἂν</strong></span> 
     </span>
    </p>
   </div>
   <div class='ocr_carea' id='block_1_106' title="bbox 516 5707 1789 5783">
    <p class='ocr_par' dir='ltr' id='par_1_106' title="bbox 516 5707 1789 5783">
     <span class='ocr_line' id='line_1_106' title="bbox 516 5707 1789 5783; baseline -0.005 -14"><span class='ocrx_word' id='word_1_752' title='bbox 516 5707 731 5783; x_wconf 55' lang='grc' dir='ltr'>τινας).</span> <span class='ocrx_word' id='word_1_753' title='bbox 762 5707 982 5767; x_wconf 70' lang='lat' dir='ltr'><strong>Veteres</strong></span> <span class='ocrx_word' id='word_1_754' title='bbox 1018 5708 1259 5779; x_wconf 88' lang='lat' dir='ltr'><strong>quinque</strong></span> <span class='ocrx_word' id='word_1_755' title='bbox 1291 5709 1412 5763; x_wconf 79' lang='lat' dir='ltr'><strong>libri</strong></span> <span class='ocrx_word' id='word_1_756' title='bbox 1448 5708 1513 5762; x_wconf 85' lang='grc' dir='ltr'><strong>ἂν</strong></span> <span class='ocrx_word' id='word_1_757' title='bbox 1547 5707 1789 5774; x_wconf 82' lang='grc' dir='ltr'>γένηται.</span> 
     </span>
    </p>
   </div>
   <div class='ocr_carea' id='block_1_107' title="bbox 2184 4464 3757 4542">
    <p class='ocr_par' dir='ltr' id='par_1_107' title="bbox 2184 4464 3757 4542">
     <span class='ocr_line' id='line_1_107' title="bbox 2184 4464 3757 4542; baseline 0.005 -27"><span class='ocrx_word' id='word_1_758' title='bbox 2184 4464 2397 4535; x_wconf 82' lang='grc' dir='ltr'>πρῶτον</span> <span class='ocrx_word' id='word_1_759' title='bbox 2443 4467 2554 4538; x_wconf 79' lang='grc'><strong>(31)</strong></span> <span class='ocrx_word' id='word_1_760' title='bbox 2609 4470 3020 4542; x_wconf 82' lang='grc' dir='ltr'>ἀπεμπολήσω;</span> <span class='ocrx_word' id='word_1_761' title='bbox 3055 4473 3191 4526; x_wconf 88' lang='grc' dir='ltr'>Τίνα</span> <span class='ocrx_word' id='word_1_762' title='bbox 3222 4472 3280 4523; x_wconf 81' lang='grc' dir='ltr'>δὲ</span> <span class='ocrx_word' id='word_1_763' title='bbox 3329 4472 3499 4537; x_wconf 79' lang='grc' dir='ltr'>ἡδέως</span> <span class='ocrx_word' id='word_1_764' title='bbox 3537 4473 3565 4523; x_wconf 87' lang='grc' dir='ltr'>ὁ</span> <span class='ocrx_word' id='word_1_765' title='bbox 3610 4487 3757 4523; x_wconf 75' lang='grc' dir='ltr'>σιτοο</span> 
     </span>
    </p>
   </div>
   <div class='ocr_carea' id='block_1_108' title="bbox 2182 4554 3761 4634">
    <p class='ocr_par' dir='ltr' id='par_1_108' title="bbox 2182 4554 3761 4634">
     <span class='ocr_line' id='line_1_108' title="bbox 2182 4554 3761 4634; baseline 0.006 -27"><span class='ocrx_word' id='word_1_766' title='bbox 2182 4554 2365 4626; x_wconf 81' lang='grc' dir='ltr'>πώλης</span> <span class='ocrx_word' id='word_1_767' title='bbox 2396 4557 2617 4627; x_wconf 45' lang='lat' dir='ltr'><strong>oderat;</strong></span> <span class='ocrx_word' id='word_1_768' title='bbox 2652 4561 2775 4614; x_wconf 75' lang='grc' dir='ltr'>Ἐπὶ</span> <span class='ocrx_word' id='word_1_769' title='bbox 2820 4562 2913 4614; x_wconf 80' lang='grc' dir='ltr'><strong>τὸν</strong></span> <span class='ocrx_word' id='word_1_770' title='bbox 2963 4564 3337 4634; x_wconf 84' lang='grc' dir='ltr'>πρεσϐύτατον</span> <span class='ocrx_word' id='word_1_771' title='bbox 3381 4562 3551 4627; x_wconf 80' lang='grc' dir='ltr'>ἕλθω;</span> <span class='ocrx_word' id='word_1_772' title='bbox 3598 4562 3761 4616; x_wconf 80' lang='grc' dir='ltr'>Ἀλλά</span> 
     </span>
    </p>
   </div>
   <div class='ocr_carea' id='block_1_109' title="bbox 2178 4645 3761 4723">
    <p class='ocr_par' dir='ltr' id='par_1_109' title="bbox 2178 4645 3761 4723">
     <span class='ocr_line' id='line_1_109' title="bbox 2178 4645 3761 4723; baseline 0.007 -25"><span class='ocrx_word' id='word_1_773' title='bbox 2178 4645 2529 4718; x_wconf 68' lang='grc' dir='ltr'>δοασωποῦμαι</span> <span class='ocrx_word' id='word_1_774' title='bbox 2559 4651 2721 4703; x_wconf 73' lang='grc' dir='ltr'>αὑτοῦ</span> <span class='ocrx_word' id='word_1_775' title='bbox 2746 4651 2815 4704; x_wconf 83' lang='grc' dir='ltr'>τὰ</span> <span class='ocrx_word' id='word_1_776' title='bbox 2842 4654 3123 4723; x_wconf 79' lang='grc' dir='ltr'>πρεσϐεῖα.</span> <span class='ocrx_word' id='word_1_777' title='bbox 3159 4654 3319 4707; x_wconf 77' lang='grc' dir='ltr'>Ἀλλά</span> <span class='ocrx_word' id='word_1_778' title='bbox 3339 4654 3430 4707; x_wconf 78' lang='grc' dir='ltr'>τὸν</span> <span class='ocrx_word' id='word_1_779' title='bbox 3453 4652 3718 4709; x_wconf 83' lang='grc' dir='ltr'>νεώτατον</span> <span class='ocrx_word' id='word_1_780' title='bbox 3739 4670 3761 4720; x_wconf 78' lang='lat'><strong>&#39;,</strong></span> 
     </span>
    </p>
   </div>
   <div class='ocr_carea' id='block_1_110' title="bbox 2190 4735 3759 4815">
    <p class='ocr_par' dir='ltr' id='par_1_110' title="bbox 2190 4735 3759 4815">
     <span class='ocr_line' id='line_1_110' title="bbox 2190 4735 3759 4815; baseline 0.008 -29"><span class='ocrx_word' id='word_1_781' title='bbox 2190 4735 2327 4788; x_wconf 81' lang='grc' dir='ltr'>Ἀλλ’</span> <span class='ocrx_word' id='word_1_782' title='bbox 2374 4737 2511 4790; x_wconf 83' lang='grc' dir='ltr'>ἐλεῶ</span> <span class='ocrx_word' id='word_1_783' title='bbox 2556 4741 2721 4794; x_wconf 72' lang='grc' dir='ltr'>αὑτοῦ</span> <span class='ocrx_word' id='word_1_784' title='bbox 2773 4742 2870 4813; x_wconf 79' lang='grc' dir='ltr'>τὴν</span> <span class='ocrx_word' id='word_1_785' title='bbox 2907 4744 3121 4815; x_wconf 79' lang='grc' dir='ltr'>ἡλικίαν</span> <span class='ocrx_word' id='word_1_786' title='bbox 3164 4743 3597 4815; x_wconf 77' lang='grc' dir='ltr'>ἀναισθητοῦσαν</span> <span class='ocrx_word' id='word_1_787' title='bbox 3645 4743 3759 4799; x_wconf 83' lang='grc' dir='ltr'><strong>τῶν</strong></span> 
     </span>
    </p>
   </div>
   <div class='ocr_carea' id='block_1_111' title="bbox 2252 5006 3758 5079">
    <p class='ocr_par' dir='ltr' id='par_1_111' title="bbox 2252 5006 3758 5079">
     <span class='ocr_line' id='line_1_111' title="bbox 2252 5006 3758 5079; baseline 0.007 -18"><span class='ocrx_word' id='word_1_788' title='bbox 2252 5006 2363 5079; x_wconf 74' lang='lat'><strong>(29)</strong></span> <span class='ocrx_word' id='word_1_789' title='bbox 2403 5007 2629 5079; x_wconf 80' lang='lat' dir='ltr'><strong>Antiqui</strong></span> <span class='ocrx_word' id='word_1_790' title='bbox 2671 5007 2783 5079; x_wconf 89' lang='lat' dir='ltr'><strong>duo</strong></span> <span class='ocrx_word' id='word_1_791' title='bbox 2825 5008 2947 5063; x_wconf 90' lang='lat' dir='ltr'><strong>libri</strong></span> <span class='ocrx_word' id='word_1_792' title='bbox 2988 5006 3129 5063; x_wconf 73' lang='grc' dir='ltr'>ὥστε</span> <span class='ocrx_word' id='word_1_793' title='bbox 3161 5010 3402 5074; x_wconf 86' lang='grc' dir='ltr'>τούτους.</span> <span class='ocrx_word' id='word_1_794' title='bbox 3443 5009 3564 5065; x_wconf 80' lang='lat' dir='ltr'><strong>Mox</strong></span> <span class='ocrx_word' id='word_1_795' title='bbox 3594 5009 3758 5071; x_wconf 85' lang='lat' dir='ltr'><strong>Colb.</strong></span> 
     </span>
    </p>
   </div>
   <div class='ocr_carea' id='block_1_112' title="bbox 2180 5078 2993 5150">
    <p class='ocr_par' dir='ltr' id='par_1_112' title="bbox 2180 5078 2993 5150">
     <span class='ocr_line' id='line_1_112' title="bbox 2180 5078 2993 5150; baseline -0.002 -16"><span class='ocrx_word' id='word_1_796' title='bbox 2180 5078 2372 5150; x_wconf 81' lang='lat' dir='ltr'><strong>tertius</strong></span> <span class='ocrx_word' id='word_1_797' title='bbox 2412 5078 2660 5132; x_wconf 78' lang='grc' dir='ltr'>ἐντεῦθεν</span> <span class='ocrx_word' id='word_1_798' title='bbox 2693 5078 2993 5150; x_wconf 81' lang='grc' dir='ltr'>εὖρασθαι.“</span> 
     </span>
    </p>
   </div>
   <div class='ocr_carea' id='block_1_113' title="bbox 2252 5149 3758 5221">
    <p class='ocr_par' dir='ltr' id='par_1_113' title="bbox 2252 5149 3758 5221">
     <span class='ocr_line' id='line_1_113' title="bbox 2252 5149 3758 5221; baseline 0.005 -19"><span class='ocrx_word' id='word_1_799' title='bbox 2252 5149 2506 5221; x_wconf 76' lang='lat' dir='ltr'><strong>(50)_lta,_</strong></span> <span class='ocrx_word' id='word_1_800' title='bbox 2528 5150 2720 5219; x_wconf 83' lang='grc' dir='ltr'>νόησον</span> <span class='ocrx_word' id='word_1_801' title='bbox 2765 5149 3187 5221; x_wconf 76' lang='grc' dir='ltr'>ἐνταῦθα,οιο.,</span> <span class='ocrx_word' id='word_1_802' title='bbox 3222 5151 3275 5204; x_wconf 84' lang='grc' dir='ltr'>ἰιι</span> <span class='ocrx_word' id='word_1_803' title='bbox 3306 5151 3466 5206; x_wconf 84' lang='lat' dir='ltr'><strong>editis</strong></span> <span class='ocrx_word' id='word_1_804' title='bbox 3500 5152 3758 5221; x_wconf 82' lang='lat' dir='ltr'><strong>leguntur</strong></span> 
     </span>
    </p>
   </div>
   <div class='ocr_carea' id='block_1_114' title="bbox 2180 5218 3757 5292">
    <p class='ocr_par' dir='ltr' id='par_1_114' title="bbox 2180 5218 3757 5292">
     <span class='ocr_line' id='line_1_114' title="bbox 2180 5218 3757 5292; baseline 0.004 -21"><span class='ocrx_word' id='word_1_805' title='bbox 2180 5234 2305 5272; x_wconf 84' lang='lat' dir='ltr'><strong>cum</strong></span> <span class='ocrx_word' id='word_1_806' title='bbox 2335 5218 2545 5292; x_wconf 80' lang='lat' dir='ltr'><strong>virgula</strong></span> <span class='ocrx_word' id='word_1_807' title='bbox 2571 5227 2703 5292; x_wconf 81' lang='lat' dir='ltr'><strong>post</strong></span> <span class='ocrx_word' id='word_1_808' title='bbox 2723 5234 2909 5292; x_wconf 61' lang='lat' dir='ltr'><strong>vocem</strong></span> <span class='ocrx_word' id='word_1_809' title='bbox 2944 5220 3189 5291; x_wconf 86' lang='grc' dir='ltr'>ἀνάγκης</span> <span class='ocrx_word' id='word_1_810' title='bbox 3224 5240 3236 5275; x_wconf 88' lang='lat'><strong>:</strong></span> <span class='ocrx_word' id='word_1_811' title='bbox 3270 5237 3389 5289; x_wconf 80' lang='lat' dir='ltr'><strong>quae</strong></span> <span class='ocrx_word' id='word_1_812' title='bbox 3407 5218 3757 5292; x_wconf 81' lang='lat' dir='ltr'><strong>virgulanon</strong></span> 
     </span>
    </p>
   </div>
   <div class='ocr_carea' id='block_1_115' title="bbox 2182 5288 3755 5363">
    <p class='ocr_par' dir='ltr' id='par_1_115' title="bbox 2182 5288 3755 5363">
     <span class='ocr_line' id='line_1_115' title="bbox 2182 5288 3755 5363; baseline 0.004 -22"><span class='ocrx_word' id='word_1_813' title='bbox 2182 5289 2450 5363; x_wconf 82' lang='lat' dir='ltr'><strong>reperitur</strong></span> <span class='ocrx_word' id='word_1_814' title='bbox 2486 5304 2661 5359; x_wconf 84' lang='lat' dir='ltr'><strong>neque</strong></span> <span class='ocrx_word' id='word_1_815' title='bbox 2683 5290 2765 5363; x_wconf 71' lang='lat' dir='ltr'><strong>in</strong></span> <span class='ocrx_word' id='word_1_816' title='bbox 2792 5288 2947 5363; x_wconf 68' lang='lat' dir='ltr'><strong>Colb.</strong></span> <span class='ocrx_word' id='word_1_817' title='bbox 2995 5288 3257 5363; x_wconf 83' lang='lat' dir='ltr'><strong>secundo,</strong></span> <span class='ocrx_word' id='word_1_818' title='bbox 3291 5288 3467 5361; x_wconf 86' lang='lat' dir='ltr'><strong>neque</strong></span> <span class='ocrx_word' id='word_1_819' title='bbox 3495 5288 3570 5346; x_wconf 67' lang='grc' dir='ltr'><strong>ἰιι</strong></span> <span class='ocrx_word' id='word_1_820' title='bbox 3617 5291 3755 5363; x_wconf 77' lang='lat' dir='ltr'><strong>Reg.</strong></span> 
     </span>
    </p>
   </div>
   <div class='ocr_carea' id='block_1_116' title="bbox 2175 5359 3761 5482">
    <p class='ocr_par' dir='ltr' id='par_1_116' title="bbox 2175 5359 3761 5482">
     <span class='ocr_line' id='line_1_116' title="bbox 2175 5359 3761 5482; baseline 0.004 -71"><span class='ocrx_word' id='word_1_821' title='bbox 2175 5360 2356 5480; x_wconf 51' lang='lat' dir='ltr'><strong>tertio,</strong></span> <span class='ocrx_word' id='word_1_822' title='bbox 2383 5373 2561 5482; x_wconf 54' lang='lat' dir='ltr'><strong>ntiqule</strong></span> <span class='ocrx_word' id='word_1_823' title='bbox 2588 5365 2641 5413; x_wconf 89' lang='lat' dir='ltr'><strong>in</strong></span> <span class='ocrx_word' id='word_1_824' title='bbox 2672 5359 2873 5426; x_wconf 88' lang='lat' dir='ltr'><strong>Coisl.;</strong></span> <span class='ocrx_word' id='word_1_825' title='bbox 2904 5375 3008 5415; x_wconf 88' lang='lat' dir='ltr'><strong>nec</strong></span> <span class='ocrx_word' id='word_1_826' title='bbox 3042 5362 3176 5416; x_wconf 88' lang='lat' dir='ltr'><strong>mihi</strong></span> <span class='ocrx_word' id='word_1_827' title='bbox 3225 5359 3449 5416; x_wconf 82' lang='lat' dir='ltr'><strong>dubium</strong></span> <span class='ocrx_word' id='word_1_828' title='bbox 3491 5371 3576 5417; x_wconf 89' lang='lat' dir='ltr'><strong>est</strong></span> <span class='ocrx_word' id='word_1_829' title='bbox 3616 5359 3761 5432; x_wconf 77' lang='lat' dir='ltr'><strong>quin</strong></span> 
     </span>
     <span class='ocr_line' id='line_1_117' title="bbox 2176 5444 2560 5482; baseline 0.003 -1"><span class='ocrx_word' id='word_1_830' title='bbox 2176 5446 2261 5482; x_wconf 88' lang='lat' dir='ltr'><strong>me</strong></span> <span class='ocrx_word' id='word_1_831' title='bbox 2286 5444 2371 5482; x_wconf 90' lang='lat' dir='ltr'><strong>ms</strong></span> <span class='ocrx_word' id='word_1_832' title='bbox 2399 5445 2427 5482; x_wconf 90' lang='lat' dir='ltr'><strong>a</strong></span> <span class='ocrx_word' id='word_1_833' title='bbox 2470 5446 2513 5482; x_wconf 76' lang='grc' dir='ltr'><strong>ει</strong></span> <span class='ocrx_word' id='word_1_834' title='bbox 2547 5468 2560 5482; x_wconf 94' lang='grc'><strong>.</strong></span> 
     </span>
    </p>
   </div>
   <div class='ocr_carea' id='block_1_117' title="bbox 2176 5437 2560 5484">
    <p class='ocr_par' dir='ltr' id='par_1_117' title="bbox 2176 5437 2560 5484">
     <span class='ocr_line' id='line_1_118' title="bbox 2176 5437 2560 5484; baseline 0.005 -3"><span class='ocrx_word' id='word_1_835' title='bbox 2176 5437 2371 5484; x_wconf 85' lang='lat' dir='ltr'><strong>melius</strong></span> <span class='ocrx_word' id='word_1_836' title='bbox 2399 5437 2560 5484; x_wconf 86' lang='lat' dir='ltr'><strong>absit.</strong></span> 
     </span>
    </p>
   </div>
   <div class='ocr_carea' id='block_1_118' title="bbox 2247 5499 3763 5573">
    <p class='ocr_par' dir='ltr' id='par_1_118' title="bbox 2247 5499 3763 5573">
     <span class='ocr_line' id='line_1_119' title="bbox 2247 5499 3763 5573; baseline 0.007 -22"><span class='ocrx_word' id='word_1_837' title='bbox 2247 5500 2357 5573; x_wconf 61' lang='lat' dir='ltr'><strong>(Z’il)</strong></span> <span class='ocrx_word' id='word_1_838' title='bbox 2399 5499 2555 5573; x_wconf 82' lang='lat' dir='ltr'><strong>Colb.</strong></span> <span class='ocrx_word' id='word_1_839' title='bbox 2603 5499 3050 5573; x_wconf 46' lang='lat' dir='ltr'><strong>secundus“ch</strong></span> <span class='ocrx_word' id='word_1_840' title='bbox 3089 5501 3301 5573; x_wconf 88' lang='grc' dir='ltr'>πρῶτον</span> <span class='ocrx_word' id='word_1_841' title='bbox 3340 5502 3563 5557; x_wconf 85' lang='grc' dir='ltr'>τούτων.</span> <span class='ocrx_word' id='word_1_842' title='bbox 3594 5503 3763 5561; x_wconf 76' lang='lat' dir='ltr'><strong>Coll).</strong></span> 
     </span>
    </p>
   </div>
   <div class='ocr_carea' id='block_1_119' title="bbox 2176 5569 3763 5636">
    <p class='ocr_par' dir='ltr' id='par_1_119' title="bbox 2176 5569 3763 5636">
     <span class='ocr_line' id='line_1_120' title="bbox 2176 5569 3763 5636; baseline 0.008 -16"><span class='ocrx_word' id='word_1_843' title='bbox 2176 5571 2372 5626; x_wconf 82' lang='lat' dir='ltr'><strong>tertius</strong></span> <span class='ocrx_word' id='word_1_844' title='bbox 2433 5570 2556 5624; x_wconf 86' lang='grc' dir='ltr'>τίνα</span> <span class='ocrx_word' id='word_1_845' title='bbox 2591 5570 2818 5629; x_wconf 82' lang='grc' dir='ltr'>τούτων.</span> <span class='ocrx_word' id='word_1_846' title='bbox 2881 5569 2989 5629; x_wconf 86' lang='lat' dir='ltr'><strong>Nec</strong></span> <span class='ocrx_word' id='word_1_847' title='bbox 3044 5569 3344 5630; x_wconf 51' lang='lat' dir='ltr'><strong>ita&#39;multo</strong></span> <span class='ocrx_word' id='word_1_848' title='bbox 3399 5573 3541 5629; x_wconf 71' lang='lat' dir='ltr'><strong>infra</strong></span> <span class='ocrx_word' id='word_1_849' title='bbox 3592 5573 3763 5636; x_wconf 59' lang='lat' dir='ltr'><strong>Coti).</strong></span> 
     </span>
    </p>
   </div>
   <div class='ocr_carea' id='block_1_120' title="bbox 2177 5639 2685 5698">
    <p class='ocr_par' dir='ltr' id='par_1_120' title="bbox 2177 5639 2685 5698">
     <span class='ocr_line' id='line_1_121' title="bbox 2177 5639 2685 5698; baseline 0.008 -5"><span class='ocrx_word' id='word_1_850' title='bbox 2177 5644 2373 5697; x_wconf 88' lang='lat' dir='ltr'><strong>tertius</strong></span> <span class='ocrx_word' id='word_1_851' title='bbox 2411 5639 2502 5695; x_wconf 79' lang='grc' dir='ltr'>τὸν</span> <span class='ocrx_word' id='word_1_852' title='bbox 2543 5641 2685 5698; x_wconf 89' lang='grc' dir='ltr'>νέον.</span> 
     </span>
    </p>
   </div>
  </div>
