4052 6214
192 395 296 449 9.69

1001 391 1287 451 HOMILIA
1323 393 1387 447 IN
1429 393 1637 451 ILLUD
1676 392 1905 459 LUCIE,
1948 390 2370 451 DESTRUAM.
2408 394 2561 449 ETC.

3366 399 3474 452 270

201 506 519 579 συμφορῶν.
567 500 742 569 Οὗτος
782 508 1042 579 ἐναργεῖς
1098 508 1258 570 σώζει
1299 507 1407 562 τῶν
1444 509 1646 575 γονέων
1672 510 1796 571 τοὺς

1900 524 2044 563 reor.
2077 511 2159 562 An
2200 509 2267 563 ad
2315 508 2600 562 minimum
2642 509 2808 562 natu?
2849 508 2916 562 At
2953 524 3038 564 mc
3081 510 3303 566 miseret
3328 513 3474 569 illius

204 601 563 672 χαρακτῆρας
585 614 597 625 ’
632 600 845 661 ἐκεῖνος
880 598 1203 667 ἐπιτηδείως
1223 597 1337 669 ἔχει
1365 599 1499 670 πρὸς
1518 598 1589 651 τὰ
1618 599 1793 670 μαθή-

214 710 379 763 ματα.
394 695 499 743 Φευ
521 691 623 760 τῆς
644 690 965 759 ἀμηχανίας
988 690 1001 741 !
1037 689 1132 753 Τίς
1154 689 1400 759 γένωμαι
1421 705 1435 755 ;
1453 688 1571 741 Τίνι
1593 689 1795 742 τούτων

216 783 613 856 προσκρούσως
650 784 823 836 Ποίαν
872 782 1068 853 θηρίου
1117 781 1296 853 ψυχὴν
1328 781 1622 847 mmo);
1671 781 1795 845 Πῶς

216 873 317 942 τῆς
349 873 559 942 φύσεως
586 871 978 942 ὲπιλάθωμαις
1015 872 1141 926 Ἐάν
1181 874 1400 927 πάντων
1434 873 1793 942 άντίσχωμαι,

220 964 427 1026 πάντας
467 962 674 1033 ὂψομαι
723 962 1153 1033 δαπανωμένους
1198 962 1276 1034 τῷ
1305 964 1488 1018 πάθει.
1543 964 1670 1016 Ἐάν
1701 964 1796 1016 ἕνα

223 1054 473 1124 προῶμαι
519 1053 667 1122 (5‘2),
703 1053 883 1115 ποίοις
936 1051 1231 1123 ὀφθαλμοῖς
1280 1055 1406 1116 τοὺς
1441 1053 1885 1123 λειπομένους.-

219 1145 479 1216 προσίδω,
508 1142 754 1207 ὕποπτος
790 1145 977 1208 αὐτοῖς
1009 1144 1108 1215 ἤδη
1149 1144 1514 1215 γεγενημένος
1551 1145 1632 1207 εἰς
1668 1146 1796 1196 ἀπι-

218 1235 376 1289 στίαν
391 1254 408 1303 ;
426 1235 552 1298 Πῶς
571 1236 781 1307 οἰκήσω
804 1235 904 1307 τὴν
923 1235 1122 1300 οὶκίαν,
1138 1235 1360 1306 ἐμαυτῷ
1380 1238 1797 1301 κατασκευάσας

212 1328 315 1397 τὴν
368 1326 663 1393 ἀπαιδίαν;
710 1326 835 1391 Πῶς
894 1328 988 1380 ἐπὶ
1039 1327 1136 1398 τὴν
1187 1327 1467 1397 τράπεζαν
1513 1327 1672 1392 ἔλθω,
1731 1330 1796 1381 ἐκ

215 1415 474 1486 τοιαύτης
504 1415 833 1486 προφάσεως
874 1416 972 1486 τὴν
1004 1415 1262 1487 εὐπορίαν
1305 1416 1572 1488 ἔχουσαν;
1628 1419 1737 1471 Καὶ
1768 1420 1795 1471 ὁ

218 1508 319 1577 μὲν
346 1507 489 1577 μετὰ
524 1507 733 1578 μυρίων
758 1507 1010 1578 δακρύων
1037 1509 1127 1561 τὸν
1173 1509 1427 1578 φίλτατον
1454 1510 1564 1563 τῶν
1588 1510 1795 1565 παίδων

214 1598 626 1669 ἀπεμπολήσων
676 1598 925 1669 ἔρχεαι-αι’
982 1599 1043 1651 σὲ
1092 1599 1149 1652 δὲ
1181 1601 1244 1653 οὐ
1294 1601 1535 1670 κάμπτει
1584 1601 1646 1654 τὺ
1690 1601 1796 1654 πά-

216 1692 307 1753 θος
324 1692 462 1762 (35),
492 1691 557 1743 οὐ
584 1689 843 1759 λογισμὸν
876 1688 1175 1760 λαμϐάνεις
1199 1692 1297 1761 τῆς
1325 1691 1560 1761 φύσεως.
1603 1692 1741 1745 Ἀλλ’
1765 1694 1794 1745 ὁ

212 1784 317 1854 μὲν
343 1783 507 1853 λιμὸς
541 1783 753 1853 συνέχει
797 1782 891 1836 τὸν
929 1782 1132 1847 ἄθλιον,
1168 1783 1232 1836 σὺ
1270 1783 1328 1835 δὲ
1368 1783 1663 1856 ἀναϐάλλῃ,
1699 1785 1793 1837 καὶ

1898 599 2095 663 aetatis,
2120 598 2459 652 calamitates
2495 598 2723 652 necdum
2754 599 3126 668 intelligentis.
3159 599 3256 655 llic
3285 618 3473 671 paren-

1900 700 2015 744 tum
2060 691 2280 745 exhibet
2332 691 2534 744 claram
2575 689 2804 762 eﬂigicm
2840 706 2851 741 :
2892 692 2982 746 ille
3022 692 3254 748 idoneus
3292 704 3376 747 est
3406 697 3471 749 ad

1899 783 2223 854 disciplinas
2262 782 2370 855 4⁵1
2417 782 2727 839 discendas.
2769 781 2885 838 llcu
2933 786 3149 841 consilii
3204 786 3469 856 inopiam!

1898 873 2020 941 Quo
2049 889 2136 929 me
2163 874 2405 929 vertam?
2430 874 2489 928 ln
2524 887 2686 943 quem
2717 873 2917 929 borum
2946 875 3222 930 incidam?
3244 875 3473 942 Qualem

1899 965 2086 1021 bestias
2128 966 2373 1019 animum
2430 963 2687 1018 induam?
2742 965 3030 1030 Quomodo
3081 976 3291 1022 naturae
3333 969 3474 1022 obli-

1900 1058 2120 1113 viscar?
2181 1056 2385 1113 Omnes
2431 1059 2480 1113 si
2531 1073 2712 1124 servo,
2774 1057 2918 1113 fame
2969 1058 3170 1115 videbo
3222 1061 3473 1115 consumi

1898 1166 2110 1205 omnes.
2155 1148 2335 1204 Unum
2381 1150 2428 1205 si
2464 1150 2796 1217 vendidero,
2831 1150 3086 1220 qualibus
3126 1153 3303 1208 oculis
3346 1153 3473 1207 reli-

1898 1256 2038 1311 quos
2069 1240 2359 1310 aspiciam,
2393 1242 2486 1310 qui
2522 1257 2607 1296 me
2632 1241 2740 1298 illis
2769 1240 2883 1310 jam
2914 1241 3203 1297 reddidero
3235 1244 3475 1312 perﬁdia:

1899 1353 1963 1392 ac
2008 1337 2340 1407 proditionis
2370 1336 2733 1407 suspectum?
2764 1335 3052 1402 Quomodo
3081 1336 3344 1390 habitabo
3369 1337 3472 1391 do-

1899 1446 2067 1495 mum,
2109 1429 2200 1499 qui
2226 1429 2359 1483 milii
2384 1430 2501 1498 ipse
2530 1430 2633 1485 sim
2656 1438 2850 1484 auctor
2880 1429 3474 1496 orbitatis?Quomodo

1898 1523 2154 1579 accedam
2209 1523 2277 1577 ad
2327 1538 2618 1588 mensam,
2672 1523 2832 1593 cujus
2876 1523 3209 1579 abundantia
3251 1539 3472 1579 causam

1897 1615 2174 1684 ejusmodi
2237 1615 2439 1670 habet?
2497 1614 2742 1685 Denique
2794 1614 2982 1671 multis
3032 1630 3158 1670 cum
3213 1615 3474 1686 lacrymis

1895 1708 2045 1762 venit
2086 1718 2243 1776 pater
2301 1706 2654 1761 carissimum
2695 1705 2931 1762 ﬁliorum
2990 1708 3316 1761 venditurus
3357 1723 3369 1757 :
3417 1715 3473 1760 te

1897 1803 2080 1851 tamen
2125 1796 2276 1851 illius
2326 1795 2546 1850 atllictio
2596 1811 2706 1851 nou
2752 1794 2946 1859 ﬂectit,
2996 1811 3175 1865 neque
3224 1796 3471 1851 animum

212 1874 505 1946 εἰρωνεύῃ.
528 1874 874 1945 μακροτέραν
906 1872 1055 1943 αὐτῷ
1082 1874 1505 1936 κατασκευάζων
1533 1875 1630 1946 τὴν
1658 1893 1792 1945 συμ-

1900 1898 2052 1942 tuum
2105 1888 2252 1944 subit
2306 1889 2418 1942 ulla
2465 1895 2673 1943 natura}
2724 1889 3004 1959 cogitatio.
3069 1888 3233 1957 Atqui
3300 1886 3472 1942 fames

213 1966 409 2036 ςοράν.
452 1965 566 2016 Καὶ
604 1964 635 2015 ὁ
681 1964 778 2033 μὲν
810 1962 880 2015 τὰ
913 1962 1193 2034 σπλάγχνα
1241 1964 1580 2033 προτείνεται
1625 1967 1789 2036 τιμὴν

210 2041 319 2113 τῶν
344 2056 586 2129 τροφῶν,
630 2055 726 2108 σοῦ
751 2056 808 2108 δὲ
839 2056 900 2107 οὐ
936 2055 1095 2125 μόνον
1134 2057 1234 2108 οὐκ
1277 2056 1563 2128 άποναρκᾷ
1596 2060 1629 2127 ἡ
1670 2060 1790 2128 χεὶρ

209 2152 276 2203 ὲκ
300 2148 565 2203 τοιούτων
600 2148 894 2217 συμφορῶν
922 2146 1292 2218 ὑποδεχομένη
1314 2150 1446 2219 τιμή
1455 2150 1791 2219 ματα,,άλλὰ

206 2241 305 2293 καὶ
359 2239 697 2309 ζυγομαχεῖς
742 2239 873 2310 περὶ
922 2237 1014 2292 τοῦ
1066 2238 1340 2304 πλείονος,
1393 2241 1486 2293 καὶ
1534 2241 1682 2304 ὅπως
1723 2240 1789 2295 ἂν

206 2332 344 2385 πολὺ
389 2331 575 2384 λαϐὼν
604 2330 822 2385 ἔλαττον
870 2330 1012 2401 δῲης
1054 2330 1408 2398 φιλονεικεῑς,
1453 2333 1789 2402 πανταχόθεν

209 2422 462 2494 βαρύνων
490 2422 604 2492 (5i)
645 2422 743 2493 τὴν
789 2421 1072 2493 συμφορὰν
1110 2421 1189 2491 τῷ
1224 2423 1413 2493 ἀθλίῳ.
1448 2425 1521 2476 UO
1555 2424 1789 2494 δάκρυόν

208 2532 291 2569 σοι
320 2514 583 2575 ἐλεεινὸν,
623 2514 686 2567 οὗ
733 2513 1034 2583 στεναγμὸς
1066 2514 1290 2585 καρδίαν
1326 2514 1629 2584 μαλάσσει*
1673 2516 1785 2569 ἀλλ’

200 2608 502 2678 ἄκαμπτος
531 2600 583 2658 εἷ
623 2607 718 2660 καὶ
748 2606 1081 2677 ἀμείλικτος.
1106 2605 1292 2659 Πάντα
1322 2605 1519 2677 χρυσὸν
1547 2596 1784 2676 βλέπεις,

200 2700 411 2773 χρυσὸν
433 2698 686 2769 φαντάζῃ
703 2715 715 2727 ·
742 2697 897 2750 τοῦτό
930 2715 1012 2750 σοι
1036 2698 1129 2750 καὶ
1164 2696 1476 2751 καθεύδοντι
1502 2699 1751 2759 ἐνύπνιον
1772 2741 1785 2763 ,

204 2790 301 2844 καὶ
334 2790 673 2862 ἐγρηγορὰτι
702 2788 977 2859 ἐνθύμιον.
1014 2789 1224 2861 Ὥσπερ
1246 2792 1354 2862 γάρ
1378 2792 1426 2843 οἱ
1462 2790 1566 2844 ὑπὸ
1590 2791 1788 2863 μανίας

206 2885 525 2956 παράφοροι
576 2883 637 2935 οὑ
665 2882 732 2937 τὰ
772 2883 1073 2955 πράγματα
1111 2884 1418 2955 βλέπουσιν,
1448 2885 1583 2938 ἀλλὰ
1613 2885 1681 2938 τὰ
1724 2889 1788 2939 ἐκ

202 2978 297 3030 τοῦ
320 2974 538 3039 πάθους
562 2972 957 3045 φαντάζονται·
991 2976 1133 3029 οὕτω
1166 2979 1300 3048 σοιή
1337 2977 1505 3049 ψυχὴ,
1546 2981 1612 3048 τῇ
1641 2978 1789 3047 φιλο-

200 3067 494 3139 χρηματία
525 3067 961 3137 κατασχεθείσα,
997 3068 1173 3123 πάντα
1217 3070 1412 3139 χρυσὸν
1425 3076 1448 3133 ’,
1479 3070 1656 3123 πάντα
1686 3069 1787 3141 ἄρ-

202 3178 371 3233 γυρον
397 3160 612 3230 βλέπει.
638 3159 821 3213 ’Ἥδιον
842 3160 907 3212 ἂν
937 3160 1066 3224 ἴδοις
1091 3159 1181 3213 τὸν
1211 3161 1411 3233 χρυσὸν
1440 3162 1473 3232 ἢ
1497 3162 1588 3216 τὸν
1612 3162 1782 3233 ἥλιον.

1897 1983 2156 2037 miserum
2201 1981 2353 2035 illum
2398 1982 2617 2052 premit,
2653 1989 2710 2035 tu
2744 1995 2875 2036 vero
2914 1981 3195 2037 cunctaris
3236 1995 3301 2035 ac
3342 1981 3472 2038 illu-

1894 2071 2001 2134 dis.
2055 2072 2421 2127 calamitatem
2468 2072 2517 2127 ei
2578 2072 2815 2128 reddens
2877 2072 3202 2143 longiorem.
3257 2073 3323 2125 Et
3378 2073 3470 2128 ille

1894 2162 2113 2232 quidem
2144 2162 2358 2217 viscera
2384 2177 2487 2217 sua
2521 2163 2755 2233 pretium
2786 2162 3172 2217 alimentorum
3202 2162 3467 2234 porrigit;

1897 2262 1986 2308 tua
2026 2270 2155 2309 vero
2197 2270 2394 2310 manus
2430 2270 2496 2310 ex
2539 2254 2809 2324 ejusmodi
2847 2253 3254 2311 calamitatibus
3297 2255 3471 2325 pretia

1895 2345 2157 2410 referens,
2218 2361 2327 2401 non
2380 2347 2544 2402 modo
2599 2362 2709 2402 non
2764 2354 2970 2417 stupet,
3025 2346 3121 2401 sed
3173 2336 3242 2401 de
3292 2347 3471 2417 pretio

1894 2435 2062 2490 ctiam
2099 2436 2427 2502 contendis,
2480 2438 2641 2505 quasi
2689 2436 2813 2506 plus
2863 2436 2999 2492 satis
3038 2435 3258 2501 oli'eras,
3304 2447 3474 2507 atque

1895 2525 2137 2580 studium
2166 2527 2220 2580 in
2252 2543 2318 2581 eo
2349 2528 2530 2597 ponis,
2566 2534 2625 2582 ut
2652 2529 2777 2598 plus
2813 2526 3112 2598 accipiens,
3139 2527 3325 2582 minus
3347 2525 3467 2586 des,

1894 2619 2098 2674 misero
2146 2619 2423 2675 undelibet
2488 2620 2845 2674 accumulans
2907 2619 3297 2676 calamitatem.
3349 2614 3470 2670 Non

1895 2710 2151 2780 lacryma:
2193 2719 2542 2766 commovent
2581 2712 3015 2777 miserationem,
3063 2725 3174 2765 non
3230 2707 3471 2780 gemitus

1893 2815 1990 2855 cor
2033 2801 2358 2868 emolliunt;
2412 2804 2506 2857 sed
2545 2802 2859 2858 inﬂexibilis
2898 2818 2958 2857 es
2998 2810 3161 2872 atque
3209 2799 3471 2871 implaca-

1893 2892 2042 2947 bilis.
2068 2890 2266 2947 Omnia
2290 2908 2486 2947 aurum
2516 2893 2689 2955 vides.
2721 2908 2919 2948 aurum
2954 2893 3260 2955 existimas,
3283 2890 3389 2945 hoc
3417 2900 3474 2944 et

1894 2985 2137 3040 somnias
2184 2986 2327 3040 inter
2373 2984 2784 3049 dormiendum,
2832 2997 2886 3041 et
2928 2983 3281 3056 concupiscis
3326 2983 3472 3036 inter

1892 3078 2248 3148 vigilandum.
2284 3076 2354 3132 Ut
2400 3077 2546 3132 enim
2587 3078 2680 3147 qui
2729 3093 2840 3148 pne
2876 3077 3091 3132 insania
3132 3086 3311 3133 mente
3336 3073 3471 3128 moti

1894 3177 2149 3236 sunt,res
2168 3171 2317 3240 ipsas
2347 3184 2456 3224 non
2479 3169 2782 3234 intuentur,
2821 3170 2914 3225 sed
2939 3186 3001 3226 ea
3025 3186 3090 3225 ex
3120 3169 3321 3236 quibus
3352 3165 3470 3220 alii-

204 3252 352 3322 Εὖχῃ
406 3253 479 3304 τά
531 3252 712 3305 πάντα
740 3252 877 3323 πρὸς
908 3253 1007 3324 τὴν
1046 3251 1141 3306 τοῦ
1183 3253 1383 3324 χρυσοῦ
1424 3253 1585 3322 φύσιν
1628 3271 1792 3325 μετα-

1895 3261 2137 3325 ciuntur,
2167 3262 2272 3316 sibi
2303 3262 2489 3315 animo
2513 3261 2748 3332 lingunt;
2777 3261 2850 3316 ita
2877 3261 3061 3316 anima
3097 3272 3192 3315 tua
3230 3259 3299 3313 ab
3336 3273 3469 3311 ava-

204 3342 497 3412 ϐληθῆναι,
527 3342 624 3394 καὶ
661 3345 893 3406 ἐπινοεῖς
920 3343 1104 3414 μέντοι
1131 3344 1249 3398 καθ’
1283 3345 1405 3398 ὅσον
1427 3339 1537 3398 οἷόν
1563 3361 1645 3398 τε.

1898 3349 2025 3403 ritia
2070 3364 2352 3420 possessa,
2404 3357 2605 3405 cuncta
2652 3365 2872 3416 aurum,
2922 3361 3122 3407 cuncta
3180 3357 3467 3419 argentum

203 3432 373 3487 fidet.
421 3433 750 3503 Conspicias
805 3434 1079 3490 lubentius
1127 3450 1321 3489 aurum
1378 3450 1542 3505 quam
1590 3437 1782 3491 solem.
1817 3436 1968 3493 Verti
2030 3440 2216 3494 omnia
2255 3441 2311 3494 in
2378 3441 2500 3495 auri
2538 3449 2790 3495 naturam
2822 3449 3075 3511 exoptas,
3119 3451 3284 3495 atoue
3322 3440 3379 3495 in
3413 3437 3470 3494 id

200 3525 490 3582 incumbis
516 3542 624 3597 pro
652 3528 818 3580 virili.

276 3644 330 3720 ᾇ.
361 3643 535 3698 Ποίαν
564 3643 675 3712 γάρ
701 3644 944 3715 μηχανὴν
961 3645 1046 3699 διά
1063 3647 1259 3717 χρυσὸν
1273 3648 1334 3701 οὐ
1355 3651 1542 3714 κινεῖς;
1572 3650 1630 3701 'U
1649 3652 1789 3713 σῖτος

208 3734 412 3805 χρυσός
444 3751 529 3787 σοι
553 3734 786 3803 γίνεται,
811 3737 840 3787 ὁ
863 3732 1004 3800 οἶνος
1029 3740 1110 3799 είς
1130 3738 1329 3809 χρυσὸν
1357 3741 1788 3811 μεταπήγνυται,

208 3828 278 3881 τὰ
336 3827 466 3897 ἔριά
498 3844 585 3881 σοι
633 3829 1073 3899 ἀποχρυσοῦτςιι⁸
1124 3833 1273 3885 πᾶσα
1328 3832 1603 3903 ἐμπορία,
1641 3835 1791 3886 πᾶσα

208 3920 429 3974 ἐπίνοια
477 3921 683 3990 χρυσόν
716 3937 798 3973 σοι
836 3922 1102 3992 προσάγει
1137 3922 1269 3993 (55).
1316 3923 1489 3986 Αὐτὸς
1541 3924 1732 3978 ἑαυτὸν
1764 3927 1793 3976 ὁ

209 4014 414 4082 χρυσὸς
446 4013 725 4083 άπογεννᾷ
750 4013 1320 4085 πολυπλασιαζόμενος
1353 4017 1411 4067 ὲν
1435 4015 1754 4085 δανείσμασι
1775 4032 1789 4044 ο

210 4105 310 4156 καί
340 4104 508 4174 κόρος
535 4104 639 4156 οὐκ
689 4103 825 4169 ἔστι,
860 4106 955 4159 καὶ
1002 4106 1153 4169 τέλος
1201 4106 1302 4177 τῆς
1348 4108 1646 4177 ἐπιθυμίας
1694 4107 1792 4159 οὐκ

210 4194 613 4265 ἐξευρίσκεται.
639 4195 761 4249 Τῶν
787 4196 884 4266 μὲν
905 4196 1015 4267 γάρ
1034 4198 1238 4251 παίδων
1267 4202 1380 4262 τοῖς
1410 4199 1612 4269 λίχνοις
1632 4199 1791 4267 ἀφει-

205 4283 319 4348 δῶς
347 4284 614 4348 πολλάκις
660 4287 933 4360 ἐνδίδομεν
963 4288 1072 4343 τῶν
1105 4290 1585 4360 περισπουδάστων
1625 4292 1793 4360 ὑπερ-

208 4391 233 4424 ε
243 4374 642 4445 μπίμπλασθαι
671 4375 808 4446 (56),
837 4377 976 4431 ὥστε
1000 4378 1078 4449 τῷ
1106 4380 1495 4450 ὑπερϐάλλοντι
1523 4379 1670 4450 κόρῳ
1694 4378 1791 4448 τὴν

208 4467 571 4538 ἀποστροφὴν
614 4469 943 4540 ὲμποιῆσαν
1000 4473 1029 4525 ὁ
1084 4471 1140 4524 δὲ
1185 4471 1514 4541 πλεονέκτης
1556 4471 1654 4539 οὐχ
1696 4468 1790 4522 οὖ-

204 4576 319 4623 τως
339 4577 357 4590 '
395 4560 516 4613 ἀλλ’
548 4561 660 4630 ὅσῳ
690 4561 949 4616 πλειόνων
978 4565 1319 4634 ἐμφορεῖται,
1357 4564 1619 4617 πλειόνων
1643 4564 1791 4631 ἐφίε-

1968 3651 2020 3705 5.
2055 3648 2197 3715 Quid
2238 3650 2385 3703 enim
2423 3662 2534 3702 non
2571 3646 2783 3701 moliris
2810 3655 3033 3717 propter
3055 3648 3298 3702 aurum?
3330 3647 3370 3702 F
3375 3665 3470 3706 ru.

1895 3751 2135 3798 mentum
2170 3740 2230 3794 [it
2251 3739 2346 3795 tibi
2382 3752 2597 3802 aurum,
2618 3736 2806 3790 vinum
2835 3737 2890 3790 in
2916 3752 3110 3790 aurum
3137 3740 3467 3805 concrescit,

1895 3832 2034 3885 lana:
2072 3830 2171 3884 tibi
2216 3829 2273 3883 in
2327 3842 2519 3882 aurum
2553 3834 2880 3891 vertuntur;
2915 3834 3225 3882 mercatura
3263 3831 3467 3893 omnis,

1894 3921 2076 3977 omnis
2120 3919 2346 3975 solertia
2400 3917 2546 3989 parit
2597 3917 2695 3972 tibi
2763 3932 2979 3971 aurum.
3033 3916 3216 3987 Ipsum
3268 3934 3467 3974 aurum

1896 4021 2120 4084 generat
2159 4011 2536 4081 semetipsum,
2588 4010 2716 4064 dum
2762 4024 2860 4079 per
2905 4007 3097 4063 fenora
3136 4010 3469 4080 multiplica-

1891 4116 1999 4160 tur.
2032 4104 2216 4173 Neque
2257 4113 2438 4157 tamen
2482 4101 2710 4156 satietas
2734 4106 2842 4164 est,
2871 4115 3048 4170 neque
3090 4100 3221 4156 linis
3251 4103 3463 4171 reperi-

1892 4210 1981 4252 tur
2017 4194 2356 4265 cupiditatis.
2387 4193 2467 4247 Ac
2500 4191 2718 4263 quidem
2755 4192 2942 4261 pueris
2969 4192 3177 4262 gulosis
3221 4193 3464 4263 plerum-

1892 4305 1999 4358 que
2024 4286 2398 4350 concedimus,
2440 4294 2499 4339 ut
2533 4284 2602 4340 iis
2637 4298 2759 4353 qua:
2793 4284 3046 4354 cupiunt,
3092 4300 3214 4341 sese
3253 4286 3469 4340 abunde

1892 4380 2172 4450 expleant,
2226 4386 2287 4431 ut
2325 4392 2425 4447 per
2466 4374 2732 4446 majorem
2780 4376 3125 4432 saturitatem
3183 4376 3467 4433 fastidium

1894 4470 2029 4539 ipsis
2058 4468 2336 4522 aﬂ'eratur.
2371 4465 2584 4519 Avarus
2618 4479 2727 4520 non
2756 4466 2886 4521 item
2912 4484 2928 4532 ;
2958 4466 3052 4522 sed
3079 4482 3189 4537 quo
3218 4465 3467 4536 pluribus

1894 4561 2171 4632 impletur,
2218 4562 2319 4612 hoc
2356 4557 2515 4625 plura
2550 4554 2846 4612 desiderat.
2886 4555 3100 4612 Dii-ilia:
3137 4558 3184 4611 si
3226 4558 3462 4627 αῃιυωιι,

200 4668 319 4707 ται.
348 4654 627 4721 Πλοῦτος
655 4655 765 4708 ἐὰν
792 4655 924 4724 ῥέῃ,
959 4657 1046 4725 μὴ
1081 4660 1474 4724 «paedor-2008
1516 4657 1785 4725 καρδίαν.

1895 4650 2054 4705 nolite
2077 4667 2168 4703 cor
2193 4664 2449 4719 apponere
2481 4650 2523 4702 ².
2561 4645 2643 4701 Tu
2684 4663 2808 4703 vero
2835 4647 3050 4705 detines
3092 4647 3465 4718 praeterﬂuen-

280 4852 303 4881 ²
341 4848 492 4905 Psal.
528 4863 653 4913 ιιι,
692 4847 778 4902 Η.

280 5028 397 5101 (32)
438 5025 506 5101 Et
536 5028 671 5101 illud
721 5028 890 5101 patris
917 5026 1210 5101 miserrimi
1259 5026 1566 5101 exemplum
1590 5027 1793 5101 legitur

211 5095 355 5169 apud
376 5095 741 5169 Ambrosium
781 5099 971 5151 eodem
999 5098 1136 5151 libro
1165 5096 1243 5169 βε
1282 5095 1530 5169 Nabaliae
1572 5096 1792 5151 Jezrae-

214 5164 314 5222 lim
365 5185 488 5239 cap.
529 5168 583 5223 5.
612 5168 786 5224 Velim
818 5175 998 5239 autem
1047 5166 1400 5239 conferantur
1448 5164 1634 5239 Graeca
1668 5183 1791 5220 cum

216 5237 451 5306 Latinis,
500 5255 608 5309 qua
666 5255 733 5294 ex
792 5237 1087 5309 (ullatione
1137 5237 1411 5292 constabit
1443 5237 1790 5309 Ambrosium

219 5310 322 5361 alia
350 5326 417 5363 ex
458 5308 655 5365 Basilio
688 5309 979 5367 imitatum,
1013 5308 1116 5361 alia
1147 5322 1215 5361 ex
1259 5322 1324 5362 eo
1354 5316 1559 5360 tantum
1589 5319 1697 5359 non
1724 5308 1789 5360 ad

224 5381 447 5433 verbum
493 5378 851 5433 convertisse.
910 5375 977 5429 Et
1020 5376 1237 5446 quidem
1270 5377 1436 5429 multa
1474 5376 1654 5430 bene:
1696 5377 1791 5432 sed

221 5449 376 5513 illud,
406 5451 453 5502 si
474 5466 634 5502 unum
655 5447 891 5509 tradam,
927 5448 1113 5517 quibus
1159 5448 1325 5517 oculis
1355 5446 1533 5501 videbo
1570 5456 1788 5501 cwteros

220 5520 283 5571 de
312 5536 427 5573 mea
457 5520 719 5585 impietate
740 5516 1035 5584 suspectos,
1061 5534 1123 5569 ne
1157 5516 1291 5570 alios
1313 5521 1784 5587 quoqugvendam,

222 5604 329 5642 non
361 5592 436 5641 ita
467 5590 693 5643 feliciter
719 5603 1043 5657 expressum
1076 5587 1245 5641 videri
1277 5585 1473 5654 potest.
1504 5585 1613 5641 Nec
1640 5589 1785 5641 enim

219 5668 336 5712 erat
363 5675 461 5712 cur
478 5669 630 5729 pater
659 5658 798 5713 ﬁlios
838 5659 1073 5729 haberet
1098 5668 1384 5729 suspectos
1415 5657 1483 5711 de
1512 5658 1789 5726 impietate

221 5743 344 5788 sua,
370 5728 527 5799 quasi
558 5731 678 5796 ejus
714 5730 899 5797 aliquo
952 5728 1117 5781 modo
1166 5728 1458 5799 participes
1502 5744 1625 5782 esse
1661 5742 1785 5796 pos-

221 5744 344 5788 sna.
370 5745 527 5799 quasi
558 5745 678 5796 ejus
714 5744 899 5797 aliquo
952 5744 1117 5781 mouo
1166 5744 1458 5852 ﬁurttClpcS
1502 5744 1625 5782 esse
1661 5744 1784 5796 pos-

221 5811 375 5860 sent;
422 5800 514 5855 sed
555 5800 733 5854 caeteri
782 5799 878 5854 ﬁlii
921 5806 1134 5867 patrem
1206 5798 1366 5853 abere
1411 5806 1659 5868 poterant
1690 5814 1784 5852 su-

1898 5035 2144 5100 spectum
2172 5029 2486 5100 impietatis,
2516 5045 2604 5094 ne,
2641 5046 2748 5084 uno
2775 5029 3018 5100 vendito.
3039 5035 3093 5100 et
3122 5027 3226 5100 ipsi
3249 5043 3467 5098 quoque

1898 5098 2283 5170 venderentur.
2329 5101 2499 5169 Magis
2535 5116 2665 5170 ergo
2706 5102 2919 5170 placent
2969 5098 3261 5170 Basiliana,
3294 5114 3465 5170 “quae,

1896 5176 1957 5240 ut
1981 5182 2045 5221 ex
2075 5167 2278 5224 Graecis
2310 5167 2541 5240 perspici
2573 5167 2771 5239 potest,
2805 5172 2878 5240 ita
2908 5169 3255 5240 interpretari
3292 5168 3420 5222 licet
3451 5189 3463 5222 :

1901 5235 2072 5309 Unum
2103 5241 2149 5291 si
2182 5235 2475 5294 vendidero.
2516 5235 2700 5309 quibus
2732 5238 2897 5294 oculis
2930 5235 3153 5308 reliquos
3189 5239 3465 5309 aspiciam.

1894 5308 1982 5374 qui
2011 5324 2092 5380 me
2114 5309 2220 5363 illis
2238 5310 2355 5374 jam
2380 5308 2696 5364 reddiderim
2723 5323 3023 5378 suspectum
3051 5308 3288 5377 perﬁdia:
3314 5320 3467 5380 atque

1894 5377 2209 5444 proditionis
2232 5382 2257 5435 Ρ

1965 5447 2075 5520 (ᾇᾷ)
2118 5448 2249 5520 ljeg.
2279 5451 2487 5520 primus
2517 5449 2576 5503 οὐ
2609 5448 2836 5520 κάμπτῃ
2866 5448 2942 5518 τῷ
2972 5447 3153 5502 πάθει.

1964 5517 2075 5591 (git)
2114 5517 2523 5591 _Colb.'primus
2555 5517 2916 5591 ἐπιϐαρύνων.

1962 5589 2071 5653 (55)
2112 5588 2332 5659 In-IlegI
2355 5594 2526 5657 primo
2555 5588 2780 5659 perinde
2819 5597 2880 5641 ut
2922 5590 2977 5643 in
3012 5590 3133 5644 aliis
3166 5605 3297 5643 mss.
3335 5588 3466 5655 legi-

1890 5667 1978 5711 tur
2012 5659 2230 5732 quidem
2262 5662 2558 5732 προσάγει;
2594 5661 2689 5715 sed
2728 5661 2782 5713 iu
2810 5674 2906 5713 ora
2929 5661 3048 5729 ejus
3071 5661 3192 5714 libri
3223 5660 3465 5714 additum

1888 5738 1971 5782 cst
2004 5731 2246 5797 συνάγει.

1961 5800 2073 5868 (5'6)
2117 5799 2247 5869 licg.
2268 5802 2476 5869 primus
2508 5801 2984 5871 περισπουδάστων
3020 5797 3462 5870 ἐμπίμπλασθαι.
