4052 6214
568 402 671 463 τὶῗΙ

1889 407 1947 467 S.
1991 406 2235 468 BASILII
2275 410 2493 469 MAGNI

3717 420 3828 477 272

578 539 686 593 tes,
704 537 758 584 et
787 527 967 583 exitus
985 528 1349 600 undecunque
1367 527 1631 585 obstruis.
1653 527 1857 585 Deinde
1873 529 2003 584 dum
2018 531 2136 586 reti.

2248 532 2319 585 Σὺ
2368 532 2425 585 δὲ
2476 533 2726 605 κατέχεις
2766 533 2857 589 τὸν
2915 532 3295 608 παραρρέοντα
3348 534 3482 607 (57),
3527 536 3623 590 καὶ
3670 554 3829 612 περι-

576 630 776 676 nentur
802 630 858 675 et
889 628 1233 691 restagnant,
1271 619 1407 691 quid
1453 620 1551 676 tibi
1605 619 1857 676 faciunt?
1902 622 2148 678 Disrum-

572 721 712 786 punt
751 712 1033 786 repagula,
1061 719 1246 782 atque,
1288 720 1476 783 utpote
1498 712 1766 769 violenter
1788 715 2061 770 conclusae
2082 730 2148 770 ac

573 805 938 869 exundantes,
970 804 1157 860 divitis
1199 804 1395 860 horrea
1435 804 1827 870 demoliuntur,
1854 816 1908 862 et
1943 807 2149 861 irrum-

573 900 756 969 pentis
782 898 1018 968 alicujus
1046 897 1223 952 hostis
1260 897 1315 951 in
1355 913 1563 953 morem
1589 900 1966 969 promptuaria
1998 899 2147 956 illius

572 991 693 1045 solo
741 990 1049 1060 adaequant.
1114 988 1481 1045 Construetne
1531 990 1777 1059 majora?
1829 989 2146 1060 Incertum,

571 1097 640 1139 an
668 1083 945 1138 destructa
968 1082 1276 1139 successori
1300 1082 1591 1137 relicturus
1613 1083 1703 1138 sit.
1730 1081 1863 1136 Nam
1885 1083 2147 1153 abreptus

572 1178 773 1245 poterit
806 1177 923 1246 ipse
963 1175 1129 1231 citius
1169 1175 1415 1239 interire,
1456 1190 1621 1246 quam
1666 1176 1863 1230 horrea
1890 1191 1988 1247 per
2016 1189 2146 1229 ava-

571 1287 689 1329 ram
723 1270 1051 1327 industriam
1082 1275 1456 1324 exstruantur.
1497 1266 1681 1345 ΡοιτοΧ
1706 1266 1859 1322 dives
1889 1267 1980 1322 ille
2011 1282 2147 1322 con-

569 1366 879 1423 venientem
922 1363 1106 1434 pravis
1152 1363 1270 1419 suis
1311 1363 1561 1417 consiliis
1604 1361 1767 1416 ﬁnem
1811 1369 2145 1417 consecutus

568 1465 695 1522 est;
743 1470 843 1511 vos
890 1469 1056 1519 vero,
1103 1454 1150 1509 si
1199 1452 1331 1518 mihi
1374 1452 1598 1508 credere
1629 1452 1830 1518 velitis,
1887 1453 2145 1509 omnibus

569 1547 1074 1618 promptuariorum
1114 1545 1323 1602 foribus
1348 1546 1574 1616 apertis,
1600 1546 1970 1615 amplissimos
1999 1545 2143 1600 divi-

567 1639 664 1695 tiis
717 1638 898 1695 exitus
948 1638 1282 1708 praebebitis.
1331 1636 1443 1708 48
1485 1635 1955 1703 Quemadmodum
1995 1637 2141 1691 enim

568 1731 773 1804 ingenti
790 1729 956 1785 fluvio
975 1729 1288 1801 frugiferam
1313 1736 1512 1784 terram
1530 1743 1626 1799 per
1642 1729 1907 1798 plurimos
1922 1726 2142 1782 canales

568 1822 888 1895 pervadenti
928 1821 1090 1877 datur
1148 1821 1415 1876 transitus
1450 1840 1463 1875 :
1513 1820 1594 1875 sie
1638 1819 1741 1890 ipsi
1777 1818 1984 1874 divitiis
2025 1833 2143 1888 per-

544 1916 789 1980 ‘mittite,
843 1922 905 1969 ut
964 1914 1019 1969 in
1072 1913 1255 1968 varias
1302 1913 1422 1968 vias
1471 1914 1661 1967 scissae
1716 1910 1787 1965 ad
1839 1924 2139 1981 pauperum
2176 1898 2216 1952 Β

568 2007 762 2064 domos
812 2006 1152 2078 perveniant.
1199 2005 1354 2060 Putei
1398 2005 1444 2060 si
1489 2004 1911 2063 exhauriantur,
1956 2018 2024 2057 ex
2058 2003 2140 2058 eis

546 2110 711 2170 aqua
744 2098 1021 2170 copiosior
1054 2106 1273 2152 emanat
1298 2106 1464 2167 atque
1490 2094 1804 2165 limpidior;
1839 2095 1924 2150 sin
1959 2104 2139 2148 autem

541 2190 1049 2261 ‘derelinquuntur,
1085 2196 1535 2259 computrescunt
1562 2205 1574 2241 :
1609 2189 1689 2246 sic
1711 2198 1763 2244 et
1787 2185 1990 2242 divitiae
2013 2200 2139 2239 eum

541 2276 844 2344 ‘desident,
882 2286 936 2335 et
980 2279 1033 2333 in
1080 2279 1270 2333 eodem
1311 2278 1432 2333 loco
1490 2284 1833 2349 permanent,
1880 2284 2008 2331 sunt
2050 2274 2139 2328 in»

571 2371 762 2438 utiles;
788 2386 910 2425 eum
938 2385 1069 2424 vero
1086 2380 1389 2436 moventur,
1405 2378 1461 2427 et
1479 2387 1544 2426 ex
1564 2371 1685 2425 aliis
1707 2370 1771 2424 ad
1796 2369 1931 2423 alios
1954 2375 2138 2421 trans-

538 2468 729 2526 ‘eulit,
751 2463 1029 2531 publicum
1057 2464 1400 2519 commodum
1454 2461 1799 2532 fructumque
1830 2461 2066 2531 pariunt.
2096 2456 2139 2512 Ο

565 2560 771 2626 quanta
831 2555 950 2611 laus
994 2555 1064 2610 ab
1115 2555 1185 2611 iis
1231 2555 1289 2611 in
1334 2570 1475 2626 quos
1514 2555 1776 2610 beneficia
1817 2552 2136 2614 contuleris,

541 2644 859 2701 'tribuenda
896 2645 995 2701 tibi
1037 2653 1144 2709 es‘t,
1189 2659 1355 2717 quam
1404 2653 1462 2700 tu
1507 2660 1640 2701 cave
1686 2641 2134 2714 contempseris:

498 2748 499 2751 ‘
564 2747 769 2808 quanta
814 2737 1001 2792 itidem
1035 2752 1243 2793 merces
1277 2752 1308 2791 a
1335 2736 1489 2807 justo
1517 2738 1725 2808 judice,
1763 2737 1854 2791 cui
1901 2746 1960 2789 tu
1995 2736 2136 2791 nolis

564 2828 823 2884 difﬁdere.
850 2821 1115 2883 ‘Ponatur
1148 2829 1258 2883 “tibi
1304 2829 1508 2900 ubique
1551 2830 1622 2884 ob
1656 2830 1846 2884 oculos
1894 2828 2137 2883 accusati

564 2922 714 2977 illius
744 2920 931 2977 divitis
972 2921 1280 2991 exemplum
1316 2937 1332 2975 ξ
1368 2922 1463 2991 qui
1502 2922 1613 2992 jam
1647 2930 1802 2992 parta
1832 2922 1973 2976 bona
2021 2937 2138 2977 ser-

561 3029 721 3078 vans,
741 3012 917 3084 deque
934 3012 1133 3070 futuris
1150 3013 1437 3077 sollicitus;
1460 3030 1524 3069 ac
1540 3015 1811 3069 incertum
1830 3014 2040 3069 habens
2065 3029 2133 3068 an

562 3119 689 3159 cras
717 3104 967 3161 victurus
993 3104 1338 3170 esset,hoﬂie
1360 3106 1638 3177 peccando
1658 3106 1958 3161 crastinum
1989 3106 2134 3161 diem

2250 626 2515 695 φράσσεις
2539 625 2637 690 τὰς
2665 625 2949 691 διεξόδους.
2988 623 3120 679 Εἶτα
3159 628 3522 698 κατεχόμενος
3563 630 3658 683 καὶ
3684 631 3819 685 ὲλλι-

2252 715 2490 786 μνάζων,
2520 712 2609 769 οἷα
2636 718 2779 769 ποιεῖ
2813 733 2893 769 σοι
2915 732 2929 781 ;
2955 715 3209 785 Ῥήγνυσι
3249 716 3318 769 τὰ
3346 717 3665 788 κωλύματα,
3688 720 3827 790 ἀμέρ

2247 805 2329 859 λει
2355 808 2448 860 καὶ
2491 807 2587 861 νῦν
2620 807 2809 877 βιαίως
2850 808 3245 878 ὲναποληφθεὶς
3270 809 3383 879 (58)
3426 811 3520 863 καὶ
3566 811 3823 881 πλημμυ-

2252 896 2381 966 ρῶν,
2420 897 2675 970 καθαιρεῖ
2702 899 2797 952 τοῦ
2829 897 3084 951 πλουσίου
3116 898 3216 961 τὰς
3242 900 3544 970 ἀποθήκας,
3581 901 3828 968 ὲδαςίξει

2249 989 2413 1043 αὐτοῦ
2450 988 2518 1043 τά
2550 994 2791 1062 ταμιεῖα,
2837 990 3026 1063 ὥσπερ
3068 991 3321 1061 πολέμιός
3351 1007 3435 1054 τις
3470 990 3825 1047 ἐπεισελθὼν.

2260 1082 2421 1135 Ἀλλὰ
2462 1082 2709 1152 μείζονας
2731 1082 3073 1153 οἰκοδομήσει
3097 1100 3111 1148 ;
3140 1082 3367 1154 Ἀδηλον
3396 1085 3444 1136 εί
3474 1083 3548 1156 μὴ
3578 1085 3796 1156 καθῃρη

2251 1174 2416 1243 μένας
2449 1173 2760 1244 παραδώσει
2804 1174 2882 1245 τῷ
2915 1176 3030 1243 μετ’
3065 1175 3245 1228 αὐτόν.
3284 1174 3565 1246 ὐξύτερον
3604 1176 3712 1247 γὰρ
3753 1176 3831 1230 ἂν

2247 1266 2409 1339 {hoc
2442 1265 2663 1318 ἀπέλθοι
2688 1265 3140 1337 ἀνασπασθεὶς,ἥ
3177 1267 3357 1319 ἐκεῖνα
3379 1268 3490 1337 (⁸59)
3532 1269 3671 1321 κατά
3719 1268 3829 1339 τὴν

2248 1356 2635 1428 πλεονεκτικὴν
2685 1358 2927 1411 ἐπίνοιαν
2965 1357 3238 1429 ὲγερθείη.
3299 1359 3438 1410 Ἀλλ’
3486 1360 3515 1411 ό
3570 1359 3666 1429 μὲν
3705 1360 3830 1428 ἔχει

2246 1447 2352 1500 τῶν
2386 1446 2570 1499 κακῶν
2605 1445 2983 1516 βουλευμάτων
3028 1446 3088 1498 τὸ
3120 1445 3271 1508 τέλος
3304 1445 3594 1497 ἀκόλουθον
3621 1462 3634 1475 ’
3659 1445 3827 1514 ὑμεῖς

2243 1540 2321 1601 δὲ,
2350 1539 2416 1592 ἂν
2450 1538 2574 1610 ἐμοὶ
2603 1538 2887 1609 πείθησθε,
2912 1539 3094 1601 πάσας
3121 1538 3289 1609 θύρας
3322 1539 3585 1609 ταμιείων
3614 1539 3822 1590 ἀναπε-

2243 1632 2524 1693 τάσαντες.
2582 1631 2847 1702 ἀφθόνους
2907 1629 3173 1700 παρέξετε
3235 1631 3345 1700 (40)
3400 1631 3498 1694 τάς
3553 1630 3823 1695 διεξόδους

2242 1724 2320 1794 τῷ
2376 1723 2623 1794 πλούτῳ’
2671 1724 2859 1797 ὥσπερ
2913 1722 3143 1794 ποταμῷ
3201 1723 3420 1793 μεγάλῳ
3469 1722 3821 1791 πολύκαρπον

2245 1818 2350 1889 γῆν
2376 1818 2443 1872 δι’
2473 1817 2673 1889 ὀχετῶν
2703 1818 2912 1889 μυρίων
2944 1818 3313 1889 ἐπερχομένῳ,
3338 1815 3508 1878 οὕτως
3538 1814 3708 1877 αὐτοὶ,
3737 1813 3826 1883 τῷ

2243 1907 2456 1977 πλούτῳ
2513 1904 2745 1970 διδόντες
2793 1907 2882 1961 διὰ
2937 1907 3195 1960 ποικίλων
3241 1904 3375 1958 ὁδῶν
3429 1908 3509 1968 εἰς
3560 1906 3658 1967 τὰς
3705 1904 3824 1956 τῶν

2244 2001 2491 2071 πενήτων
2507 1998 2679 2061 οἰκίας
2698 1998 3117 2069 κατασχίζεσθαι
3149 1996 3282 2067 (41).
3306 1996 3385 2048 Τά
3422 1994 3631 2066 φρέατα
3659 1993 3826 2059 ἐξαν-

2242 2091 2507 2162 τλούμενα
2530 2089 2836 2162 εύροώτερα
2857 2091 3080 2158 γίνεται·
3115 2089 3441 2158 ὲναφιέμενα
3465 2087 3544 2152 δὲ,
3577 2086 3826 2155 κατασήο

2243 2199 2429 2235 πεται·
2466 2180 2802 2235 κα“ιπλούτου
2840 2179 2900 2234 τὸ
2927 2182 3025 2253 μὲν
3052 2182 3314 2251 στάσιμον
3343 2181 3635 2251 ἄχρηστον,
3674 2178 3733 2230 τὸ
3758 2173 3825 2229 δὲ

2242 2275 2389 2329 κινού
2400 2292 2554 2345 μενον
2567 2275 2661 2327 καὶ
2676 2274 2994 2345 μεταϐαῖνον
3010 2273 3329 2341 κοινωφελές
3341 2290 3396 2326 τε
3412 2272 3505 2326 καὶ
3521 2271 3821 2340 ἔγκαρπον.

2243 2370 2307 2422 ’Ὼ
2347 2372 2510 2431 πίσος
2548 2367 2647 2438 μὲν
2683 2370 2712 2420 ὁ
2749 2367 2900 2437 παρὰ
2926 2365 3034 2419 τῶν
3073 2365 3547 2437 εὐεργετουμένων
3576 2362 3823 2425 ἔπαινος,

2240 2457 2301 2515 οὗ
2345 2461 2408 2514 σὺ
2455 2461 2527 2530 μὴ
2566 2458 3016 2530 καταφρονήσῃςί
3067 2458 3296 2528 πηλίκος
3335 2457 3391 2508 δὲ
3441 2458 3468 2508 ό
3523 2454 3670 2525 παρά
3718 2452 3827 2505 τοῦ

2240 2552 2446 2604 δικαίου
2471 2550 2655 2619 κριτοῦ
2679 2550 2887 2620 μισθὸς,
2913 2544 2956 2618 ᾧ
2979 2551 3042 2603 σὺ
3070 2550 3143 2621 μὴ
3170 2549 3476 2620 ἀπιστήσῃς
3494 2550 3507 2601 ‘.
3528 2546 3825 2616 Πανταχοῦ

2243 2660 2324 2696 σοι
2352 2643 2412 2696 τὸ
2435 2642 2736 2713 ὑπόδειγμα
2756 2641 2848 2695 τοῦ
2872 2632 3341 2713 κατηγορουμένου
3364 2638 3616 2692 πλουσίου
3641 2653 3829 2706 προσ-

2241 2738 2536 2789 απαντάτω
2564 2736 2706 2807 (42)·
2737 2736 2815 2801 ὃς,
2846 2735 2916 2789 τὰ
2951 2737 3047 2807 μὲν
3086 2736 3184 2806 ἤδη
3228 2734 3469 2805 παρόντα
3499 2732 3823 2802 φυλάσσων,

2241 2829 2371 2899 περὶ
2392 2829 2448 2881 δὲ
2483 2829 2591 2881 τῶν
2631 2828 2999 2899 ἐλπιζομένων
3030 2826 3301 2895 ἀγωνιῶν,
3331 2827 3424 2879 καὶ
3453 2825 3641 2895 ἄδηλον
3670 2824 3829 2894 ἔχων

2240 2923 2288 2974 εἰ
2324 2921 2578 2991 βιώσεται
2606 2922 2703 2991 τὴν
2728 2919 2935 2991 αὔριον,
2957 2919 3018 2973 τὸ
3047 2918 3234 2990 αὔριον
3268 2920 3503 2988 σήμερον
3526 2916 3830 2986 προημάρ-

2237 3030 2420 3066 τανεν.
2468 3011 2635 3088 Οὔπω
2682 3009 2844 3082 ἦλθεν
2877 3014 2904 3065 ὁ
2941 3011 3145 3081 ἱκέτης,
3191 3010 3286 3064 καὶ
3334 3007 3616 3079 προλαϐὼν
3674 3007 3830 3060 ἐδεί-

2242 3122 2367 3158 κνυε
2397 3106 2506 3175 (45)
2530 3105 2627 3176 τὴν
2654 3104 2980 3175 ἀγριότητα·
3004 3105 3063 3155 οὐ
3087 3104 3360 3173 συνήγαγε
3390 3102 3513 3163 τοὺς
3545 3102 3825 3170 καρποὺς,

2196 1335 2326 1346 Α

563 3203 951 3250 anteverterat.
974 3193 1228 3249 Nondum
1254 3195 1407 3273 venit
1432 3195 1574 3249 ullus
1596 3196 1845 3265 supplex,
1869 3203 1922 3251 et
1951 3202 2133 3250 tamen

2245 3197 2332 3249 καὶ
2381 3196 2480 3265 τῆς
2514 3193 2823 3257 πλεονεξίας
2854 3193 2954 3263 ἤδη
2997 3188 3109 3262 εἶχε
3141 3192 3201 3244 τὸ
3251 3194 3444 3263 κρῖμα.
3485 3189 3549 3242 Ἦ
3593 3190 3690 3259 μὲν
3739 3190 3828 3260 γῆ

563 3285 620 3340 in
656 3293 1001 3341 antecessum
1044 3284 1311 3343 feritatem
1345 3285 1624 3353 ostendit;
1659 3286 1890 3341 necdum
1923 3285 2136 3343 fructus

2245 3284 2505 3350 ἐδεξιοῦτο
2546 3287 2659 3346 τοῖς
2699 3283 2971 3355 ὲκφορίοις
3021 3283 3222 3352 αύτῆςυ
3262 3280 3395 3351 βαθὺ
3432 3280 3530 3350 μὲν
3579 3281 3635 3331 ὲν
3690 3281 3832 3344 ταῖς

559 3376 817 3448 collegit,
867 3387 922 3432 et
964 3375 1076 3446 jam
1119 3375 1362 3430 avaritia:
1412 3375 1900 3433 condemnabatur.
1968 3375 2135 3432 Terra

561 3463 783 3535 quidem
818 3464 875 3519 in
909 3462 1151 3520 ferendis
1184 3464 1233 3520 ei
1261 3463 1532 3521 fructibus
1573 3464 1813 3521 dﬂieiosa
1847 3464 1967 3528 fuit,
2001 3466 2138 3522 den-

561 3571 680 3612 sam
707 3556 762 3610 in
792 3557 939 3613 arvis
970 3564 1208 3629 segetem
1247 3561 1709 3627 pra‘monstrans,
1746 3559 1933 3613 botros
1962 3558 2129 3628 pluri-

557 3662 680 3703 mos
703 3646 965 3703 exhibens
987 3647 1042 3701 in
1067 3647 1404 3718 palmitibus,
1423 3662 1633 3717 ponens
1649 3649 1719 3703 οι)
1744 3649 1935 3705 oculos
1958 3648 2134 3704 oleam

559 3734 748 3790 fructu
784 3740 1086 3791 scatentem
1109 3774 1125 3798 ,
1169 3750 1442 3806 omneque
1483 3736 1806 3791 deliciarum
1843 3752 2017 3809 genus
2063 3753 2130 3792 ex

559 3824 822 3879 arborum
897 3823 1168 3878 fructibus
1222 3825 1566 3894 promittens.
1619 3825 1715 3880 llle
1768 3842 1899 3882 vero
1954 3842 2131 3897 neque

540 3916 735 3971 'comis
779 3921 886 3979 est,
927 3931 1103 3985 neque
1157 3914 1477 3971 fructuosus
1515 3936 1527 3971 :
1571 3918 1811 3972 nondum
1856 3919 2043 3980 habet,
2077 3929 2131 3973 et

554 4009 668 4079 jam
703 4008 907 4064 invidet
947 4008 1253 4079 egentibus.
1296 4007 1361 4063 Et
1394 4008 1615 4079 quidem
1652 4009 1838 4082 fruges
1875 4017 2009 4081 quot
2038 4027 2129 4080 pe-

558 4099 753 4155 riculis
786 4100 1038 4155 obnoxiae
1060 4106 1211 4162 sunt,
1240 4100 1561 4170 priusquam
1592 4100 1966 4170 colligantur?
1995 4100 2128 4155 Nam

556 4201 614 4246 et
658 4191 866 4262 grando
911 4192 1235 4262 plerumque
1275 4186 1612 4262 confringit,
1667 4203 1721 4246 et
1772 4201 1941 4249 aestus
1988 4195 2133 4263 rapit

546 4283 757 4339 mediis
792 4299 860 4339 ex
906 4283 1181 4348 manibus,
1214 4289 1267 4336 et
1296 4283 1502 4354 pluvia,
1551 4283 1932 4353 intempestive
1962 4299 1994 4339 e
2026 4300 2129 4340 nu-

556 4374 719 4432 bibus
744 4390 1061 4444 erumpens,
1103 4373 1314 4428 fructus
1365 4374 1588 4430 inutiles
1631 4373 1811 4429 efﬁcit.
1860 4373 2000 4441 Quid
2032 4377 2130 4447 igi-

2238 3379 2501 3450 ἀρούραις
2528 3376 2891 3449 πρώεικνῦσα
2912 3376 2972 3429 τὸ
3001 3375 3178 3446 λήϊον’
3215 3373 3382 3427 πολὺν
3407 3373 3463 3426 δὲ
3494 3372 3584 3425 τὸν
3615 3371 3833 3443 βότρυν

2238 3471 2380 3541 ὑπὲρ
2407 3470 2700 3541 κλημάτων
2722 3468 3067 3542 ,ἐμφαίνουσα
3085 3485 3097 3498 °
3136 3466 3404 3539 βρύουσαν
3425 3464 3482 3518 δὲ
3505 3464 3582 3534 τῷ
3609 3463 3832 3535 καρπῷ

2235 3563 2335 3633 τήν
2362 3562 2546 3616 ὲλαίαν
2584 3562 2929 3633 παρεχομένη
2951 3601 2964 3622 ,
3000 3561 3093 3614 καὶ
3137 3562 3316 3613 πᾶσαν
3365 3557 3831 3627 ἐπαγγελλομένη

2236 3655 2336 3726 τὴν
2368 3655 2428 3719 ἐξ
2462 3655 2778 3727 ἀκροδρύων
2806 3654 3019 3726 τρυφήν
3055 3654 3166 3724 (44)
3188 3669 3200 3681 ·
3230 3655 3259 3707 ό
3288 3653 3345 3706 δὲ
3377 3651 3583 3716 ἀδέξιος
3614 3647 3681 3721 ἦν
3714 3653 3834 3707 καὶ

2235 3747 2514 3819 ἄκαρπος,
2541 3746 2694 3800 οὔπω
2748 3745 2905 3816 ἔχων,
2937 3746 3032 3800 καὶ
3072 3746 3170 3816 ἤδη
3210 3729 3514 3816 βασκαίνων
3559 3746 3669 3807 τοῖς
3698 3744 3833 3797 δεο-

2239 3838 2441 3907 μένοις.
2473 3839 2664 3892 Καίτοι
2715 3839 2871 3892 πόσοι
2914 3837 3149 3891 κίνδυνοι
3202 3836 3308 3908 πρὸ
3338 3836 3450 3905 τῆς·
3479 3836 3835 3907 συγκομιδῆς

2232 3927 2342 3980 τῶν
2375 3928 2638 3999 καρπῶνί
2677 3929 2786 3981 Καὶ
2826 3928 2933 3999 γὰρ
2980 3929 3075 3981 καὶ
3116 3928 3326 3998 χάλαζα
3356 3927 3680 3987 κατέκλασε,
3716 3929 3836 3982 καὶ

2232 4018 2453 4072 καύσων
2503 4020 2753 4091 ἥρπασεν
2796 4022 2860 4073 ὲκ
2904 4020 3084 4090 μέσων
3123 4020 3230 4073 τῶν
3284 4018 3483 4090 χειρῶν
3533 4018 3668 4087 (45),
3713 4020 3834 4072 καὶ
3934 4082 3939 4086 δ

2230 4108 2400 4181 ὕδωρ,
2446 4110 2596 4180 παρά
2648 4110 2839 4182 καιρὸν
2887 4112 2953 4163 ἐκ
2997 4109 3174 4180 νεφῶν
3226 4111 3502 4182 ὲπιρρυὲν,
3539 4108 3829 4180 ἠχρείωσε

2231 4202 2356 4265 τοὺς
2386 4201 2653 4272 καρπούς.
2681 4202 2757 4255 Οὐ
2800 4202 3079 4276 προσεύχῃ
3109 4198 3203 4257 οὖν
3243 4204 3319 4274 τῷ
3354 4204 3544 4274 Κυρίῳ
3588 4193 3835 4278 calamo?

2232 4289 2393 4360 θῆναι
2427 4290 2527 4361 τήν
2554 4291 2744 4362 χάριν;
2782 4291 2943 4345 Ἀλλά
2988 4292 3407 4365 προλαμϐάνων,
3448 4292 3673 4346 σεαυτὸν
3713 4291 3828 4344 ἀνα

2230 4381 2379 4447 ἀξιον
2407 4385 2580 4445 ποιεῖς
2604 4382 2705 4452 τῆς
2732 4384 2999 4455 ὑποδοχῆς
3027 4384 3134 4437 τῶν
3161 4385 3495 4454 δειχθέντων.

546 4478 646 4523 τοι·
675 4467 960 4522 Dominum
991 4483 1101 4520 non
1143 4481 1329 4536 rogas,
1370 4474 1430 4520 ut
1457 4481 1660 4521 munus
1690 4482 1850 4522 suum
1882 4481 2225 4526 consummet
2258 4490 2321 4527 ae
2347 4474 2637 4545 perficiat?
2690 4475 2803 4531 lmo
2852 4493 2983 4532 vero
3027 4477 3083 4531 in
3110 4485 3462 4532 antecessum
3524 4474 3701 4529 reddis
3762 4483 3823 4529 te

550 4559 861 4630 indignum,
890 4560 984 4629 qui
1018 4566 1436 4629 praemonstrata
1468 4558 1721 4627 recipias.

616 4652 679 4708 6.
709 4654 773 4708 Et
801 4662 859 4707 tu
893 4651 1114 4724 quidem
1153 4652 1210 4707 in
1244 4653 1463 4708 occulto
1492 4660 1675 4707 tecum
1706 4652 1974 4723 loqueris,
2003 4669 2128 4708 ver-

2300 4656 2353 4710 (i.
2386 4657 2496 4709 Καὶ
2525 4657 2590 4710 σὺ
2625 4657 2724 4727 μὲν
2752 4659 2809 4741 έν
2829 4656 2907 4727 τῷ
2942 4655 3169 4728 κρυπτῷ
3187 4656 3366 4720 λαλεῖς
3396 4656 3626 4726 σεαυτῷ,
3651 4656 3723 4709 τὰ
3753 4658 3821 4713 δὲ

554 4747 623 4801 ba
649 4760 779 4801 vero
807 4751 900 4799 tua
923 4744 980 4798 in
1014 4743 1155 4798 cmlo
1190 4742 1588 4813 expenduntur.
1631 4740 1974 4815 Quapropter
2001 4743 2126 4798 inde

554 4837 758 4907 accipis
796 4849 1080 4907 responsa.
1115 4835 1371 4901 Quaenam
1403 4843 1583 4891 autem
1614 4844 1762 4901 sunt,
1792 4851 1914 4906 quae
1946 4836 2126 4891 dicit?

624 4990 955 5063 (37).Codex
989 4990 1157 5063 Coisl.
1188 5004 1312 5045 eum
1337 4990 1501 5063 _Colb.
1535 5006 1645 5046 uno
1672 4997 1877 5063 etcum
1905 4990 2121 5045 duobus

552 5056 865 5135 Regiis‘yov
900 5061 1308 5135 παραρρέοντα.
1336 5060 1883 5135 Ειίίῑί-περιρρέοντα,
1914 5077 2022 5115 ηοιι
2047 5064 2122 5115 ita

554 5110 563 5111 ί
592 5110 736 5126 ⁷⁷⁸⁷⁷⁷⁷
787 5110 856 5116 ’⁷⁷
910 5110 1206 5134 ““⁷“Γ⁷Ἰ⁷Γ“⁷’
1232 5110 1308 5116 ’⁷⁷⁷
1337 5110 1478 5135 ’Ὗ”⁷⁹
1513 5110 1630 5135 ’”“Γῖ
1651 5110 1663 5113 ⁷
1685 5110 1784 5115 ""

551 5138 727 5213 recte:
743 5130 865 5213 Mﬂox.
875 5203 885 5213 _
899 5131 1033 5213 Reg.
1055 5132 1279 5213 primus
1305 5132 1402 5213 καὶ
1422 5110 1785 5213 ἐκλιμνᾷξων.

623 5201 733 5271 (58)
771 5199 1085 5258 Colbertini
1116 5201 1391 5257 secundus
1422 5210 1476 5256 et
1521 5199 1717 5257 tertius
1758 5210 1811 5256 et
1838 5199 1977 5271 .Reg.
2010 5201 2124 5270 pri-

551 5271 894 5342 ξῃμδλβιαίως
926 5271 1276 5342 ἀποληφθείς.
1305 5272 1460 5327 Alius
1498 5271 1656 5327 Coll).
1696 5271 2120 5342 ἐναπολειφθείς.

551 5338 769 5395 Editiet
795 5340 939 5413 Reg.
966 5338 1161 5413 tertius
1186 5342 1597 5413 ὲναποληφθείς,
1629 5342 1785 5396 bene.
1823 5340 1942 5397 Mox
1981 5356 2132 5395 unus

548 5424 654 5464 ms.
683 5426 766 5474 τις
793 5410 1051 5467 ἐπελθών.
1087 5412 1240 5472 Alius
1270 5410 1534 5466 ὑπελθών.

620 5480 736 5552 (59)
786 5481 926 5535 Editi
960 5481 1020 5552 fl)
1074 5482 1321 5545 ὲκείνας,
1377 5489 1653 5552 corrupte.
1710 5479 1858 5536 Libri
1914 5489 2124 5552 veteres

548 5550 1083 5671 éaésiidzemendate.
1115 5552 1409 5622 Aliquanto
1464 5550 1585 5621 post
1631 5565 1765 5606 mss.
1815 5551 2062 5605 nonnulli
2095 5553 2125 5604 ὀ

550 5637 588 5671 υ.
624 5636 649 5671 ν
712 5638 874 5671 νετω.

624 5636 649 5671 ν
681 5622 874 5673 ὲνέτω.

906 5690 959 5744 in
995 5690 1159 5745 editis
1193 5691 1388 5761 legitur
1425 5691 1691 5761 παρέχετε
1712 5733 1755 5762 ,Α
1785 5698 1841 5743 at
1869 5691 1951 5762 in;
1967 5698 2115 5746 vete-

546 5759 715 5814 ribus
740 5759 894 5831 l'rbris
940 5762 1204 5830 scriptum
1247 5759 1882 5831 ἰυγοιιὶιηιιεπαρέξετε.
1920 5759 2111 5815 Statim

543 5831 712 5885 editio
731 5830 897 5889 Basil.
916 5839 969 5886 et
990 5847 1084 5885 sex
1108 5844 1241 5885 mss.
1261 5830 1447 5897 ὥσπερ
1473 5830 1717 5900 ποταμῳ.
1744 5830 1917 5885 Editin
1935 5830 2109 5887 Paris.

2233 4747 2454 4817 ῥήματά
2495 4765 2588 4801 σου
2626 4750 2684 4801 ὲν
2724 4748 2939 4819 οὐρανῷ
2972 4748 3344 4820 δοκιμάζεται.
3388 4749 3487 4801 Διά
3537 4747 3691 4801 τοῦτό
3726 4766 3818 4803 σοι

2230 4838 2437 4892 ἐκεῖθεν
2490 4843 2545 4893 αί
2593 4840 2913 4914 ἀποκρίσεις
2946 4841 3057 4913 (46)
3109 4841 3379 4913 ἔρχονται.
3426 4840 3560 4925 Ιτίνα
3596 4840 3652 4893 δέ
3689 4842 3821 4895 ἐστι

2226 4991 2417 5065 dic-nep
2447 4993 2556 5065 γὰρ
2580 4993 2832 5065 ποταμῷ.
2857 4994 2945 5065 (At
2962 5009 3084 5057 nos,
3115 5009 3250 5047 mss.
3280 4992 3473 5065 secuti,
3502 4991 3819 5065 delevimus

2228 5061 2759 5134 illud'ya'tp,'quippe
2784 5061 2935 5133 quod
2967 5065 3291 5134 sententiain
3325 5063 3531 5134 turbat.
3556 5063 3723 5134 _Emr.

2299 5067 2362 5115 ud
2396 5067 2527 5188 γᾰὶρ,
2556 5067 2759 5134 quippe
2788 5067 2935 5133 quod
2967 5067 3291 5147 sententiain
3325 5067 3531 5117 turbat.
3571 5067 3758 5188 Ευιτὲ)

2299 5132 2409 5203 (41)
2501 5150 2605 5188 nus
2641 5135 2808 5187 codex
2831 5134 2980 5203 Colb.
3003 5133 3179 5196 οικίας
3212 5131 3626 5203 κατασχίζεσθε.
3657 5133 3700 5186 Ε
3751 5140 3822 5194 nti

2227 5210 2282 5255 et
2316 5202 2405 5272 alii
2433 5218 2566 5257 mss.
2602 5202 3041 5272 κατασχίξεσθαι.

2305 5271 2414 5344 (42)
2446 5272 2595 5344 lliulti
2627 5273 2750 5326 libri
2779 5271 3007 5344 veteres
3025 5273 3279 5344 πλουσίου
3305 5273 3738 5344 πρῳπαντάτω.

2306 5343 2434 5414 (ﬁt
2453 5341 2605 5397 Unus
2637 5358 2753 5414 ms.
2776 5342 3063 5414 προλαϐὼν
3103 5341 3477 5414 ἐδείκνυζΝεε
3514 5346 3591 5398 ita
3631 5348 3829 5402 mulzo

2235 5410 2387 5484 infra
2400 5410 2513 5484 duo
2532 5427 2678 5484 imss.
2706 5410 3317 5484 xknpdrwvrpqivouoa.

2308 5482 2419 5554 (14)
2449 5481 2605 5554 Cpib.
2635 5481 2844 5554 primus
2865 5482 3179 5554 ἀκροδρύων
3218 5482 3445 5554 τροφήν,
3462 5482 3826 5554 alimentum.

2233 5549 2428 5605 Statim
2462 5553 2554 5607 ubi
2588 5549 2654 5605 in
2684 5553 2846 5608 editis
2870 5549 3129 5622 corrupte
3169 5549 3589 5623 legitu‘r‘aéﬁzog
3612 5553 3681 5623 in
3717 5572 3836 5610 ve-

2227 5623 2617 5692 teribusilibris
2647 5623 2932 5677 emendate
2964 5621 3240 5692 scriptum
3264 5623 3543 5691 invenitur
3569 5621 3827 5688 ἀδέξιος.

2298 5690 2579 5816 (45)]Ει1ἰι1
2607 5692 2863 5777 ὲκμέσου
2879 5693 2988 5746 τῶν
3002 5690 3221 5775 χειρῶν.
3247 5695 3316 5745 At
3342 5708 3473 5746 mss.
3504 5694 3568 5745 ἐκ
3598 5692 3827 5763 μέσων.

2298 5779 2346 5815 η(
2425 5763 2534 5816 olb.
2568 5771 2761 5816 tertius
2790 5762 2900 5816 ἀπὸ
2936 5779 3134 5816 νεσων.

2224 5762 2346 5815 Mox
2380 5762 2534 5832 Colb.
2568 5762 2761 5817 tertius
2790 5762 2900 5816 ἀπὸ
2936 5762 3134 5832 νειρῶν.

2290 5832 2400 5901 (46)
2435 5830 2588 5888 Unus
2618 5849 2750 5889 mss.
2785 5836 2865 5887 σοὶ
2889 5835 2981 5888 καὶ
3008 5830 3062 5886 αἱ
3094 5832 3412 5904 ἀποκρίσεις
3439 5832 3672 5887 ἐκεῖθεν.
3701 5833 3790 5890 Ibi
3816 5866 3834 5880 ι
