4052 6214
456 404 561 458 9.75

1798 419 1854 472 S.
1898 417 2141 472 BASILII
2180 415 2392 470 MAGNI

3616 416 3729 468 276

459 533 571 586 dies
628 548 842 603 sequens
883 535 922 587 ⁸.
973 535 1164 601 Qualia
1226 546 1496 609 praecepta
1545 538 1885 599 contemnis,
1945 540 2028 608 qui

2147 553 2235 588 ται
2261 554 2272 566 ·
2304 538 2333 588 6
2361 537 2715 607 γυμνητεύων
2746 537 3016 607 πήγνυται
3036 553 3047 565 ·
3081 537 3108 588 ὁ
3141 533 3535 602 ἀπαιτούμενος
3561 533 3724 601 ἄγχε-

454 622 566 691 jam
598 632 755 680 antea
784 626 882 681 tibi
911 628 1139 682 avaritia
1163 645 1323 685 aures
1348 630 1695 684 obturaveris
1716 630 1741 682 ?
1769 627 2040 694 Quantam

458 716 741 784 oportebat
784 716 984 773 habere
1045 726 1096 774 te
1152 719 1402 775 beneﬁce
1466 719 1717 789 largitori
1786 720 2038 787 gratiam,

456 819 617 872 quam
657 806 884 860 hilarem
918 815 970 862 te
1014 824 1157 873 esse,
1195 825 1358 880 quam
1413 811 1595 864 lmtum
1654 810 1724 864 ob
1769 826 1893 865 eum
1944 813 2039 881 qui

457 899 552 953 tibi
584 898 831 954 defertur
880 901 1165 966 honorem,
1198 903 1454 959 videlicet
1486 902 1636 973 quod
1668 917 1775 957 non
1831 910 2041 973 pertur-

455 990 550 1044 bes
585 989 729 1046 fores
764 991 994 1054 alienas,
1029 994 1127 1049 sed
1147 994 1236 1048 alii
1281 1004 1405 1050 tuas
1438 995 1740 1065 occupent?
1762 993 1919 1050 Nunc
1948 1011 2039 1049 ve-

453 1096 515 1135 ro
569 1098 822 1140 morosus
851 1100 934 1151 es,
968 1086 1169 1157 vixque
1219 1089 1285 1142 ad
1315 1097 1365 1144 te
1396 1103 1655 1144 accessus
1691 1096 1840 1158 patet
1874 1104 1887 1138 :
1941 1089 2034 1157 qui

451 1174 695 1231 declines
737 1193 1025 1241 occursus,
1062 1197 1128 1235 ne
1193 1180 1333 1236 forte
1371 1182 1456 1236 vel
1494 1181 1770 1238 modicmn
1825 1181 1956 1252 quid
2008 1197 2038 1235 e

450 1268 708 1325 manibus
751 1269 1026 1327 dimittere
1065 1274 1303 1343 cogaris.
1364 1272 1535 1328 Unam
1595 1273 1741 1330 nosti
1804 1289 2034 1328 vocem:

450 1358 570 1412 Non
613 1361 806 1425 habeo,
846 1378 946 1417 nec
995 1364 1176 1419 dabo:
1225 1380 1349 1419 nam
1385 1381 1595 1437 pauper
1629 1382 1773 1422 sum.
1827 1364 2034 1421 Revera

449 1466 655 1521 pauper
683 1469 762 1515 es,
800 1462 854 1508 et
885 1457 1064 1512 omnis
1111 1457 1239 1511 boni
1292 1459 1491 1529 inops:
1541 1474 1748 1530 pauper
1788 1458 2036 1515 dilectio-

2143 648 2267 683 ται⁶
2319 631 2412 683 καὶ
2466 632 2530 682 σὺ
2576 629 2674 700 τὴν
2708 627 3077 699 ἐλεημοσύνην
3116 630 3194 690 εἰς
3238 627 3336 698 τὴν
3380 624 3570 696 αὔριον
3599 626 3724 678 ἁνα-

2145 722 2352 797 ϐἀλλῃς
2391 723 2588 774 ’Ἄκουε
2630 721 3007 791 Σολομῶντος·
3038 719 3134 787 Μὴ
3174 718 3385 787 εἴπῃς·
3436 719 3726 770 Ἐπανελ-

2143 810 2264 865 θὼν
2306 811 2420 880 (5.4)
2451 810 2736 877 ἐπάνηκε,
2775 810 2873 864 καὶ
2906 811 3115 879 αὔριον
3141 808 3314 863 δώσω
3340 807 3451 879 (55)
3472 823 3486 836 ’
3517 809 3589 861 οὐ
3611 805 3731 878 γὰρ-

2141 899 2310 968 οἷδας
2336 902 2392 953 τί
2419 901 2645 965 τέξεται
2678 902 2715 969 ἡ
2743 900 3020 954 ἐπιοῦσα.
3076 900 3218 953 Οἷων
3245 899 3723 971 παραγγελμάτων

2142 994 2440 1063 ὑπερορᾷς,
2467 995 2533 1063 τῇ
2566 991 2895 1063 φιλαργυρίᾳ
2926 991 2995 1044 τὰ
3017 984 3131 1045 ὦτα
3159 991 3544 1064 προαποϐύσας
3572 989 3716 1061 (56)!

2140 1086 2321 1155 Πόσην
2357 1085 2461 1137 ἔδει
2511 1102 2570 1136 σε
2613 1085 2773 1156 χάριν
2810 1084 2955 1155 ἔχειν
3004 1085 3082 1156 τῷ
3124 1085 3404 1156 εὐεργέτῃ,
3461 1084 3554 1135 καὶ
3593 1101 3721 1151 (pata

2138 1178 2263 1246 δρὸν
2296 1173 2457 1240 εἶναι,
2493 1179 2587 1231 καὶ
2618 1178 3036 1250 λαμπρύνεσθαι
3068 1182 3132 1250 τῇ
3167 1181 3320 1249 τιμῇ,
3366 1179 3447 1231 ὅτι
3476 1179 3577 1231 οὐκ
3616 1178 3718 1229 αὑ·-

2138 1273 2227 1334 τδς
2272 1271 2503 1341 διοχλεῖς
2536 1272 2707 1343 θύρας
2754 1273 2978 1344 ἐτέρων,
3010 1272 3146 1326 ἀλλὰ
3176 1271 3272 1335 τὰς
3311 1269 3409 1334 σὰς
3442 1269 3589 1325 ἄλλοι
3616 1286 3720 1322 κα-

2137 1366 2541 1436 ταλαμϐάνουσι
2563 1368 2575 1419 !
2611 1366 2727 1419 Νῦν
2751 1365 2807 1417 δὲ
2838 1365 3087 1436 κατηφὴς
3113 1361 3162 1416 εἶ
3186 1364 3281 1416 καὶ
3307 1360 3714 1421 δυσέντευκτος,

2136 1458 2398 1512 ἐκκλίνων
2453 1458 2551 1521 τὰς
2600 1458 2951 1528 ἀπαντήσεις,
3008 1458 3080 1527 μή
3125 1455 3226 1508 πού
3272 1472 3326 1506 τι
3378 1451 3472 1506 καὶ
3519 1450 3719 1521 μικρὸν

448 1543 556 1605 nis,
620 1560 826 1614 pauper
887 1548 1259 1613 humanitatis,
1309 1567 1517 1621 pauper
1565 1553 1689 1607 ﬁdei
1742 1553 1798 1606 in
1840 1551 2028 1616 Deum,

2134 1550 2487 1623 ᾁἉαγκασθῇς
2531 1550 2639 1606 τῶν
2674 1550 2870 1621 χειρῶν
2922 1550 3190 1603 ἐκϐαλεῖν.
3242 1547 3388 1601 Μίαν
3431 1540 3576 1607 οἶδας
3610 1560 3723 1611 φω-

449 1650 657 1705 pauper
681 1639 795 1706 spei
832 1649 1071 1696 aeternae.
1101 1641 1407 1714 Bartieipes
1439 1644 1693 1700 frumenti
1722 1645 1893 1701 facias
1917 1645 2031 1699 fra-

448 1738 601 1785 tres:
637 1731 781 1799 quod
830 1747 955 1789 cras
1002 1742 1301 1804 putrescet,
1335 1735 1391 1789 id
1446 1737 1608 1791 hodie
1639 1736 1794 1791 trade
1828 1738 2028 1807 egenti.

447 1821 705 1878 Avaritia:
750 1826 1051 1894 pessimum
1096 1842 1271 1896 genus
1312 1836 1417 1892 est,
1464 1843 1534 1882 ne
1564 1842 1628 1882 ea
1659 1826 1879 1898 quidem
1909 1842 2031 1899 qua:

446 1923 898 1982 corrumpuntur,
925 1917 1111 1986 egenis
1140 1932 1385 1987 erogare.

2134 1645 2233 1713 νήν
2255 1660 2267 1672 ·
2312 1642 2425 1696 Οὐκ
2471 1641 2610 1713 ἔχω·
2647 1640 2767 1695 οὐδὲ
2799 1640 2955 1693 δώσω
2980 1656 2993 1669 ·
3026 1639 3196 1708 πένης
3226 1636 3336 1708 γάρ
3367 1638 3502 1707 είμι.
3540 1633 3721 1700 Πένης

2132 1730 2184 1788 εἶ
2213 1733 2291 1805 τῷ
2325 1734 2437 1804 (57)
2468 1734 2605 1799 ὄντι,
2652 1734 2747 1787 καὶ
2789 1731 2973 1802 ἐνδεὴς
3011 1730 3208 1794 παντὸς
3256 1727 3461 1797 ἀγαθοῦ
3483 1743 3497 1755 ·
3544 1725 3721 1793 πένης

2134 1828 2561 1899 φιλανθρωπίας.
2595 1826 2764 1897 πένης
2798 1825 3033 1889 πίστεως
3075 1826 3154 1888 είς
3194 1822 3347 1883 Θεὸν,
3382 1821 3548 1890 πένης
3572 1816 3722 1871 ἐλπί-

2061 1907 2103 1961 Β
2132 1920 2223 1983 δος
2263 1920 2507 1973 αἰωνίου.
2549 1919 2934 1990 Συμμεριστὰς
2970 1918 3195 1988 ποίησον
3236 1915 3349 1987 (58)
3386 1912 3495 1966 τῶν
3550 1910 3724 1963 σίτων

446 2006 572 2068 τοὺς
636 2007 928 2078 ἀδελφούς·
964 2010 1023 2063 τὸ
1067 2009 1253 2082 αὔριον
1320 2011 1623 2083 σηπόμενον
1658 2013 1899 2084 σήμερον
1937 2014 2165 2084 μετάδος
2224 2013 2302 2084 τῷ
2343 2013 2603 2085 δεομένῳ.
2641 2011 2961 2078 Πλεονεξίας
3003 2007 3141 2075 εἶδος
3189 2010 3251 2063 τὸ
3312 2004 3721 2080 χαλεπώτατον,

449 2099 584 2171 μηδὲ
613 2101 720 2155 τῶν
747 2101 1119 2173 φθειρομένων
1144 2103 1483 2173 μεταδιδόναι
1518 2106 1629 2167 τοῖς
1669 2104 1920 2160 ἐνδεέσιν.

520 2193 571 2246 7.
622 2192 739 2254 Cui,
782 2193 979 2263 inquit,
1013 2192 1269 2261 iujuriam
1307 2192 1470 2257 facio,
1516 2193 1640 2247 dum
1671 2196 1881 2248 retineo
1911 2208 2030 2248 mea

446 2291 613 2353 atque
640 2283 950 2339 conservo?
979 2282 1131 2349 Quae.
1172 2283 1262 2338 dic
1319 2284 1474 2350 mihi,
1521 2293 1617 2340 tua
1678 2286 1845 2341 sunt?
1886 2286 2031 2340 unde

446 2379 673 2444 acc‘epta
699 2376 754 2429 in
788 2376 954 2429 vitam
987 2375 1263 2431 intulisti?
1305 2374 1468 2431 Velut
1519 2376 1566 2431 si
1608 2377 1756 2447 quis,
1802 2378 1923 2431 loco
1973 2378 2027 2432 in

444 2468 661 2523 theatro
722 2467 787 2522 ad
844 2468 1201 2537 spectandum
1264 2476 1554 2539 occupato,
1607 2469 1805 2525 deinde
1852 2470 2033 2542 ingre-

445 2557 661 2613 dientes
696 2567 902 2625 arceat,
944 2558 998 2613 id
1038 2558 1121 2614 sui
1154 2559 1327 2629 ipsius
1359 2559 1638 2630 pr0prium
1673 2568 1853 2625 ratus,
1881 2561 2026 2631 quod

446 2651 514 2705 ad
556 2650 800 2705 omnium
853 2665 1198 2706 communem
1256 2667 1416 2707 usum
1459 2652 1831 2722 proponitur:
1891 2652 2028 2708 tales

444 2740 717 2811 ejusmodi
779 2757 999 2812 quoque
1043 2743 1239 2797 divites
1295 2750 1444 2798 sunt.
1501 2742 1639 2797 Nam
1712 2744 2027 2799 communia

446 2840 918 2903 praeoccupantes,
949 2849 1012 2889 ea
1043 2834 1114 2888 ob
1157 2834 1686 2904 praeoccupationem
1716 2834 1821 2890 sibi
1876 2850 2029 2891 assu-

446 2934 625 2980 munt.
657 2923 811 2991 Quod
845 2927 891 2980 si
920 2941 1032 2981 suae
1061 2925 1303 2996 quisque
1332 2927 1650 2983 necessitati
1682 2929 2030 2984 sublevanda:

450 3015 506 3070 id
536 3015 697 3070 modo
729 3017 873 3086 quod
906 3017 1040 3072 satis
1066 3025 1150 3072 est
1178 3025 1420 3088 caperet,
1440 3016 1547 3088 5o
1573 3022 1748 3090 egenti
1780 3036 1910 3076 vero
1942 3037 2030 3076 re-

449 3107 721 3177 linqueret
752 3108 896 3177 quod
927 3108 1262 3179 superﬂuum
1295 3116 1403 3174 est,
1454 3126 1619 3166 nemo
1660 3120 1807 3169 esset
1852 3114 2027 3179 dives,

444 3205 654 3262 pauper
689 3209 869 3251 nemo.
903 3194 1090 3251 Nonne
1118 3199 1301 3253 nudus
1330 3215 1585 3270 egressus
1620 3218 1679 3258 es
1725 3220 1790 3258 ex
1835 3206 2030 3259 utero?

2205 2189 2257 2242 7.
2296 2187 2450 2251 Τίνα,
2482 2186 2666 2256 φησὶν,
2707 2184 2881 2239 ἀδικῶ
2906 2183 3146 2254 συνέχων
3184 2182 3251 2237 τὰ
3289 2183 3526 2253 ἐμαυτοῦ
3566 2185 3720 2256 (59);

2134 2282 2291 2342 Ποῖα,
2338 2280 2460 2333 εἰπέ
2514 2297 2625 2350 μοι,
2664 2278 2899 2342 σαυτοῦ;
2926 2264 3096 2329 ’πόθεν
3130 2275 3308 2329 λαϐὼν
3349 2277 3430 2339 εἰς
3470 2276 3561 2329 τὸν
3601 2278 3724 2348 βίον

2133 2376 2493 2443 εἰσήνεγκας;
2546 2373 2758 2441 Ὥσπερ
2791 2370 2856 2424 ἂν
2894 2371 3083 2435 εἴτις,
3117 2372 3174 2423 ὲν
3214 2371 3425 2442 θεάτρῳ
3456 2371 3584 2425 θέαν
3618 2390 3723 2426 κα-

2132 2464 2403 2528 ταλαϐὼν,
2447 2459 2567 2518 εἶτα
2605 2463 2838 2534 ἐξείργοι
2872 2464 2999 2527 τοὺς
3036 2463 3396 2527 ἐπεισιόντας,
3432 2464 3563 2517 ίδιον
3589 2465 3724 2517 ἐαυ-

2133 2556 2228 2610 τοῦ
2258 2557 2460 2627 κρίνων
2489 2555 2550 2610 τὸ
2578 2555 2773 2619 κοινῶς
2802 2556 2934 2608 πᾶσι
2970 2555 3111 2608 κατὰ
3133 2554 3231 2626 τὴν
3265 2555 3463 2628 χρῆσιν
3493 2556 3725 2627 προκείς

2139 2668 2332 2723 μενον·
2373 2649 2603 2704 τοιοῦτοί
2631 2651 2737 2702 εἰσι
2773 2650 2864 2703 καὶ
2913 2650 2961 2702 οἱ
3008 2649 3271 2703 πλούσιοι.
3310 2648 3390 2702 Τὰ
3420 2647 3529 2721 γὰρ
3561 2648 3723 2704 κοινὰ

2135 2742 2629 2814 προκατασχόντες,
2678 2743 2785 2796 ἴδια
2839 2742 3120 2795 ποιοῦνται
3171 2742 3283 2813 (60)
3322 2742 3409 2795 διὰ
3436 2742 3536 2813 τὴν
3578 2742 3719 2814 πρό-

2134 2834 2316 2907 ληψιν.
2359 2836 2513 2888 Ἐπεὶ
2561 2837 2611 2888 εί
2659 2835 2719 2889 τὸ
2771 2836 2905 2907 πρὸς
2955 2833 3312 2905 παραμυθίαν
3367 2834 3467 2904 τῆς
3518 2834 3720 2887 ἑαυτοῦ
3808 2908 3811 2909 ν

2137 2929 2326 2998 χρείας
2376 2928 2607 2991 ἕκαστος
2641 2928 3018 2998 κομιζόμενος,
3056 2929 3116 2983 τὸ
3149 2927 3401 3001 περιττὸν
3440 2926 3592 2999 ἠφίει
3634 2926 3722 2999 τῷ

2134 3019 2392 3090 δεομένῳ,
2421 3019 2598 3083 οὐδεὶς
2645 3019 2748 3089 μὲν
2790 3018 2857 3072 ἂν
2901 3015 2970 3091 ἦν
3004 3019 3277 3084 πλούσιος,
3327 3020 3500 3085 οὐδεὶς
3528 3019 3585 3073 δὲ
3624 3020 3720 3074 ὲν-

2134 3111 2280 3183 δεής.
2317 3112 2451 3182 Οὐχὶ
2474 3112 2679 3182 γυμνὸς
2711 3111 2968 3177 ἐξέπεσες
2999 3112 3099 3183 τῆς
3125 3112 3394 3184 γαστρός;
3417 3112 3478 3165 οὐ
3508 3111 3719 3183 γυμνὸς

2137 3202 2297 3257 πάλιν
2326 3203 2407 3265 εἰς
2437 3202 2535 3273 τὴν
2561 3204 2664 3274 γῆν
2697 3202 3095 3273 ὑποστρέψεις;
3129 3201 3209 3257 Τὰ
3254 3203 3312 3257 δὲ
3356 3203 3602 3275 παρόντα
3628 3220 3719 3258 σοι

446 3300 631 3340 nonne
679 3286 864 3341 nudus
894 3287 1088 3341 iterum
1142 3290 1196 3345 in
1233 3300 1436 3348 terram
1499 3296 1824 3350 reverteris?
1875 3295 2028 3352 Unde

2136 3294 2331 3360 πόθενς
2363 3262 2426 3347 Ιέί
2472 3262 2707 3364 μὲνάλιτὸ
2740 3262 3092 3366 ταυτοματου
3107 3294 3304 3364 λέγεις,
3348 3262 3505 3359 ἆθειος
3530 3291 3601 3361 εἷ,
3634 3296 3717 3368 μὴ

446 3384 628 3431 autem
669 3377 761 3435 tibi
793 3381 1080 3451 przesentja
1120 3382 1301 3439 bona?
1339 3385 1396 3439 Si
1438 3402 1468 3440 a
1499 3385 1608 3441 fato
1640 3388 1867 3455 dixeris,
1926 3388 2029 3442 im-

445 3468 570 3537 pius
602 3484 687 3534 es,
728 3470 820 3539 qui
853 3487 962 3525 non
997 3488 1263 3545 agnoscas
1283 3476 1663 3540 Conditorem,
1697 3494 1873 3550 neque
1904 3494 2029 3553 gra-

443 3558 581 3614 tiam
619 3559 823 3616 habeas
867 3563 1156 3633 largitori:
1212 3566 1297 3622 sin
1339 3568 1624 3624 conﬁteris
1651 3586 1774 3626 esse
1807 3587 1838 3625 a
1890 3571 2023 3636 Deo,

443 3652 534 3705 dic
579 3651 741 3708 nobis
789 3655 1057 3711 rationem
1089 3672 1190 3713 cur
1232 3662 1532 3731 acceperis.
1580 3660 1721 3717 Num
1784 3662 2026 3734 injustus

440 3740 612 3804 Deus,
652 3743 746 3811 qui
778 3744 941 3799 nobis
975 3745 1316 3817 inrequaliter
1344 3751 1467 3805 vitae
1495 3753 1808 3809 necessaria
1833 3754 2025 3810 distri-

442 3832 606 3888 buit?
630 3831 763 3902 Cur,
796 3833 964 3890 divite
994 3844 1064 3902 te,
1098 3838 1189 3893 ille
1242 3855 1447 3913 pauper
1493 3844 1611 3897 est?
1650 3844 1734 3898 An
1777 3860 1886 3900 non
1920 3848 2026 3901 uti-

442 3943 574 3995 que,
606 3934 666 3980 ut
700 3937 753 3982 et
783 3934 841 3983 tu
886 3929 1235 4002 benignitatis
1275 3947 1339 3988 ac
1396 3934 1571 3990 ﬁdelis
1597 3936 2024 4007 dispensationis

441 4018 748 4074 mercedem
781 4020 1044 4090 accipias,
1090 4032 1143 4077 et
1178 4023 1270 4078 ille
1305 4027 1515 4096 magnis
1564 4029 1841 4098 patientiae
1887 4047 2026 4101 pra:-

442 4108 571 4165 miis
599 4109 834 4165 donetur
851 4112 877 4164 ?
904 4110 986 4168 Tu
1010 4128 1140 4169 vero
1163 4116 1584 4187 inexplebilibus
1619 4123 1861 4179 avaritia:
1887 4124 2022 4179 sini-

442 4198 548 4255 bus
575 4201 756 4255 omnia
804 4203 1142 4274 complexus,
1173 4214 1337 4278 atque
1384 4209 1472 4265 his
1518 4218 1626 4265 tam
1669 4214 1872 4270 multos
1913 4217 2024 4286 pri-

442 4308 601 4356 vans,
639 4294 844 4348 nemini
885 4298 1050 4351 ullam
1082 4298 1339 4368 injuriam
1372 4300 1556 4358 facere
1605 4311 1656 4359 te
1703 4305 2023 4362 existimas?

442 4382 577 4449 Quis
630 4398 827 4440 avarus
857 4388 981 4441 est?
1021 4388 1126 4457 Qui
1156 4391 1322 4448 rebus
1365 4408 1484 4463 quae
1536 4393 1672 4450 satis
1706 4403 1856 4460 sunt,
1891 4412 2022 4451 con-

441 4484 628 4531 tentus
671 4492 780 4530 non
810 4488 913 4533 est.
960 4478 1097 4547 Quis
1126 4483 1435 4552 spoliator?
1476 4484 1581 4553 Qui
1618 4488 1888 4558 cujusque
1933 4504 2021 4543 res

441 4567 643 4622 aufert.
690 4564 808 4622 Non
851 4583 1051 4627 avarus
1093 4589 1153 4629 es
1209 4575 1305 4629 tu?
1354 4591 1463 4631 non
1505 4578 1766 4648 spoliator
1816 4594 1876 4633 es
1922 4580 2022 4633 tu?

509 4750 531 4780 "
572 4748 729 4806 Prov.
765 4767 947 4817 xxvii,
990 4754 1035 4807 Ι.

508 4909 623 5050 (54)
662 4910 817 4965 Coll).
844 4912 1039 4966 tertius
1064 4914 1331 4968 ἀπελθών.

508 4981 601 5050 (55
654 4980 810 5039 Colb.
835 4984 1032 5039 tertius
1054 4983 1242 5050 αὗριον
1265 4986 1331 5038 δώ

508 4980 623 5053 (55)
654 4980 816 5053 Colb.
835 4984 1032 5039 tertius
1054 4983 1242 5053 αὖριον
1265 4986 1439 5039 δώσω.
1466 4986 1701 5041 Δυνατοῦ
1731 5005 1824 5041 σου
1848 4988 2020 5050 ὄντος,

438 5049 747 5123 εὐποίησον,
798 5051 1030 5121 benefuc,
1081 5049 1206 5108 dum
1249 5067 1415 5123 potes.
1465 5056 1570 5111 Sed
1608 5058 1761 5121 illud,
1794 5049 2021 5113 δυνατοῦ

439 5136 532 5172 σου
559 5119 732 5193 ὄντος,
758 5119 1071 5193 summam,
1100 5119 1257 5192 inter
1279 5126 1625 5183 librariorqu
1648 5119 2020 5184 additamenta

436 5192 710 5243 recenseri
744 5192 949 5248 debere
978 5196 1334 5249 arbitramur.

508 5259 621 5328 (56)
654 5259 809 5340 Colb.
840 5264 1050 5340 primus
1076 5260 1196 5340 {ora
1217 5267 1676 5335 προαποκλείσας.
1707 5268 1875 5323 Paulo
1896 5278 2020 5340 post

437 5328 790 5407 ‘deuLcudezt
821 5328 985 5407 αὐτὸς
1007 5328 1313 5407 διενοχλεῑς.

506 5400 792 5479 QUEM“
842 5404 1010 5479 πένης
1035 5400 1247 5479 τῷζἈι
1289 5424 1421 5463 mss.
1474 5409 1640 5479 πένης
1688 5406 1741 5463 εἴ
1768 5409 1863 5479 τῷ.
1900 5409 2022 5463 Mox

506 5428 618 5469 (σε)
654 5428 792 5455 nutu
842 5428 1010 5474 πενης
1040 5428 1136 5476 τῳ.
1177 5428 1247 5459 At
1289 5428 1421 5463 mss.
1474 5428 1573 5462 πεν
1615 5428 1640 5467 ς
1688 5428 1737 5463 ει
1768 5428 1863 5479 τῳ.
1900 5428 1908 5463 l

428 5469 829 5543 εάἱιίπίστεως
860 5473 962 5542 τῆς
1000 5477 1098 5538 εἰς.
1139 5475 1286 5531 Libri
1313 5489 1527 5534 veteres
1553 5428 1789 5543 τζίστεως
1810 5481 1908 5543 εἰς.

507 5540 619 5621 (ὕξ)
644 5541 873 5621 §ntiqui
910 5540 1019 5598 duo
1047 5547 1170 5621 lihri
1209 5549 1587 5621 συμμεριστὰς
1620 5540 2020 5621 ποίησαιξδιιι-

428 5610 528 5665 tim
560 5611 717 5691 φη».
767 5610 977 5682 primus
1022 5610 1590 5691 σημερονπαρἀχου
1632 5610 2017 5691 τῷ”δεομένῳ.

431 5696 541 5763 non
573 5680 794 5763 diverso
826 5699 1014 5763 sensu.
1042 5680 1203 5763 μὴυό
1229 5680 1402 5750 mutui
1434 5680 1559 5763 post
1581 5680 1712 5763 editi
1749 5680 1882 5763 μηδέ
1903 5680 2011 5745 τῶν

428 5750 801 5835 ιρθειρομένων
836 5758 947 5819 τοῖς
976 5757 1179 5835 ενδεὲσι
1207 5750 1593 5832 καταμερίσαι.
1628 5750 1850 5818 Υιιιέτέε
1878 5778 2012 5835 qua-

430 5831 556 5879 tuor
587 5824 709 5880 libri
744 5826 815 5886 ita
848 5836 904 5888 ut
931 5827 1221 5887 edidimus.

2131 3386 2411 3458 γνωρίζων
2450 3387 2542 3439 τὸν
2571 3387 2854 3451 κτίσαντα,
2900 3387 3038 3458 μηδὲ
3070 3388 3229 3459 χάριν
3268 3387 3407 3458 ἔχων
3441 3386 3520 3458 τῷ
3560 3387 3718 3440 δεδω-

2131 3480 2284 3534 κότι’
2335 3482 2383 3534 εἰ
2426 3481 2483 3534 δὲ
2525 3479 2806 3552 ὁμολογεῖς
2856 3477 2996 3536 εἶναι
3053 3482 3204 3551 παρὰ
3250 3480 3407 3542 Θεοῦ.
3455 3479 3576 3533 εἰπὲ
3618 3480 3716 3533 τὸν

2130 3573 2285 3642 λόγον
2322 3576 2453 3644 ἡμῖν
2495 3573 2561 3627 δι’
2604 3573 2664 3626 ὃν
2703 3573 2915 3637 ἔλαϐες.
2962 3576 3054 3644 Μὴ
3091 3574 3275 3637 ἄδικος
3306 3575 3335 3627 6
3359 3571 3511 3639 θεὸς,
3543 3575 3574 3625 6
3613 3572 3715 3625 ἀν-

2132 3665 2260 3729 ίσως
2289 3668 2419 3737 ἡμῖν
2444 3666 2666 3737 διαιρῶν
2694 3666 2762 3720 τὰ
2793 3666 2887 3721 τοῦ
2933 3666 3047 3737 βίου
3072 3684 3087 3733 ;
3125 3665 3222 3719 Διὰ
3247 3665 3301 3718 τί
3327 3665 3390 3718 σὺ
3423 3664 3522 3735 μὲν
3550 3662 3717 3717 πλου-

2127 3761 2259 3821 τεῖς,
2309 3759 2514 3822 ἐκεῖνος
2562 3759 2621 3813 δὲ
2666 3760 2922 3823 πένεται;
2975 3760 3045 3812 Ἢ
3092 3759 3332 3825 πάντως,
3379 3757 3467 3811 ἵνα
3506 3756 3600 3810 καὶ
3642 3759 3712 3811 σὺ

2127 3851 2495 3921 χρηστότητος
2554 3852 2648 3907 καὶ
2713 3853 2911 3921 πιστῆς
2960 3850 3273 3922 οἰκονομίας
3336 3849 3526 3921 μισθὸν
3584 3851 3716 3903 ὑπο-

2126 3943 2249 4014 δέξῃ
2297 3944 2432 4013 (6|),
2470 3944 2720 4008 κάκεῖνος
2758 3947 2869 4008 τοῖς
2918 3945 3176 4013 μεγάλοις
3216 3942 3398 4006 ἄθλοις
3429 3946 3528 4013 τῆς
3572 3943 3711 3996 ὑπο-

2131 4036 2297 4105 μονῆς
2337 4035 2583 4106 τιμηοῇξ
2621 4037 2693 4089 Σὺ
2737 4036 2815 4100 δὲ,
2861 4036 3041 4089 πάντα
3078 4037 3190 4097 τοῖς
3231 4032 3575 4105 ἀπληρώτοις
3605 4033 3713 4104 τῆς

2128 4127 2440 4194 πλεονεξίας
2491 4129 2711 4191 κόλποις
2759 4126 3087 4199 περιλαϐὼν,
3118 4127 3309 4180 οὐδένα
3352 4126 3453 4180 οἴει
3502 4125 3711 4201 ἀδικεῖν

2126 4219 2412 4282 τοσούτους
2453 4219 2802 4289 ἀποστερῶν;
2840 4219 2933 4283 Τίς
2982 4220 3129 4272 ἐστιν
3175 4219 3204 4271 6
3238 4218 3599 4287 πλεονέκτης;
3644 4216 3710 4270 Ὀ

2129 4310 2202 4382 μὴ
2235 4313 2487 4382 ἐμμένων
2519 4314 2583 4383 τῇ
2612 4312 2935 4383 αὐταρκείᾳ.
2962 4313 3058 4376 Τίς
3080 4312 3136 4366 δέ
3160 4315 3307 4366 ἐστιν
3337 4316 3367 4366 6
3407 4314 3712 4382 ἀποστερη-

2124 4403 2263 4472 τὴς;
2324 4402 2380 4453 Ὀ
2426 4402 2824 4473 ἀφαιρούμενος
2870 4402 2936 4455 τὰ
2964 4403 3214 4457 ἑκάστου.
3252 4402 3323 4456 Σὺ
3354 4401 3409 4454 δὲ
3453 4401 3514 4454 οὐ
3556 4400 3711 4454 πλεο-

2125 4493 2354 4562 νέκτης;
2390 4494 2451 4545 σὺ
2492 4493 2548 4546 δὲ
2587 4494 2689 4546 οὐκ
2717 4494 3128 4565 ἁποστερητής;
3170 4492 3205 4546 ἂ
3231 4493 3366 4565 πρὸς
3393 4490 3710 4560 οἰκονομίαν

2126 4581 2308 4647 ἐδέξω.
2356 4583 2524 4637 ταῦτα
2572 4584 2678 4637 ἴδια
2725 4583 2955 4636 σεαυτοῦ
3008 4583 3362 4653 ποιούμενος;
3419 4582 3488 4634 Ἦ
3536 4582 3563 4633 6
3605 4581 3710 4651 μὲν

2204 4916 2317 4986 (59)
2358 4917 2495 4969 Τιίἀ
2542 4914 2728 4969 (ὶδικῶ
2771 4914 3052 4984 συνέχων
3084 4915 3156 4967 τὰ
3183 4915 3481 4986 iyavroii;
3517 4915 3705 4978 Verte,

2135 4986 2299 5039 liccui
2329 4987 2580 5055 injuriam
2621 4986 2762 5055 {ario
2796 4985 2919 5038 dum
2954 5002 3069 5055 qua:
3103 5000 3216 5037 mea
3246 4995 3366 5038 sunt
3396 4985 3579 5038 clausa
3611 5003 3709 5036 ru-

2132 5058 2349 5111 stodio?
2404 5056 2496 5109 Sic
2536 5057 2698 5111 etiam
2752 5056 2891 5109 infra
2938 5055 3126 5125 homil.
3166 5056 3220 5107 in
3260 5056 3445 5108 divites
3497 5071 3548 5125 p.
3596 5056 3702 5110 55:

2132 5127 2572 5199 Σκορπιζόμενος
2611 5126 2995 5199 όνηπλὸὗτοςη.
3060 5124 3272 5199 πέφυκε
3331 5126 3699 5199 παραμένεινο

2133 5194 2489 5268 συνεχόμενος
2531 5196 2587 5249 δὲ
2625 5194 3349 5268 ἀλλοτριοῦσθαι,*υἰδρρνδιῑι
3364 5194 3533 5249 solent
3577 5212 3705 5265 per-

2130 5265 2360 5330 manere,
2392 5266 2590 5322 clausa:
2616 5284 2733 5322 vero
2763 5265 3007 5320 alienari.
3040 5265 3252 5321 ΜΑῐιΑΝ.

2199 5338 2312 5409 (60)
2336 5338 2479 5393 Editi
2508 5353 2617 5391 uno
2648 5338 2814 5409 verbo
2850 5337 3343 5409 {diemioﬁyjraum
3371 5351 3504 5409 mss.
3541 5336 3701 5409 multi

2127 5406 2342 5463 duabus
2375 5410 2603 5463 vocibus
2640 5408 2745 5462 ίδια
2785 5406 3083 5461 ποιοῦνται.
3111 5406 3219 5461 Nec
3255 5408 3326 5460 ita
3355 5408 3527 5460 multo
3556 5407 3700 5461 intra

2125 5480 2278 5535 (Iolb.
2313 5481 2510 5533 lentius
2561 5478 2832 5542 πλούσιος,
2864 5479 3038 5541 οὐδεὶς
3074 5478 3131 5530 δὲ
3165 5477 3353 5546 πένης,
3395 5477 3571 5540 οὐδεὶς
3611 5478 3702 5531 ὲν-

2123 5550 2267 5617 δεής.
2299 5549 2541 5604 Subinde
2569 5550 2710 5603 idem
2745 5551 2913 5603 codex
2942 5547 3146 5619 γυμνὸς
3178 5548 3459 5619 ὲξέπεσας.

2199 5616 2321 5692 (61)
2344 5621 2499 5673 Colb.
2529 5621 2723 5692 tertius
2759 5620 2947 5692 μισθὸν
2960 5616 3201 5692 διαδέξῃ.
3233 5618 3387 5671 Alius
3417 5633 3520 5692 ms.
3546 5616 3696 5692 δέξῃ.

2125 5687 2469 5762 ΙΙοιηΙίιοιιερ
2505 5690 2634 5746 cdili
2671 5687 3108 5761 περιλαμϐάνων.
3144 5690 3210 5742 At
3243 5699 3373 5745 mss.
3412 5689 3566 5743 inulti
3600 5687 3701 5744 πε-

2122 5761 2372 5832 ριλαϐιῗνιν.

4044 3132 4050 3501 l
