4052 6214
433 342 534 402 279

1699 348 1757 405 S.
1798 338 2045 404 BASlLll
2083 344 2295 401 MAGM

3575 343 3691 401 280’

429 462 565 518 tales
611 456 824 519 Domini
879 468 1268 536 reSponsiones
1301 466 1526 525 abiisset
1572 485 1812 526 moerens
1844 471 1909 535 ¹³,
1966 485 1992 525 s

2112 464 2521 538 ταφρονητικῶς
2553 464 2664 533 (66)
2690 464 2837 534 αυτῳ
2871 463 3112 535 προσῆγε
3142 462 3239 527 τὰς
3277 463 3517 527 πεύσεις.
3566 466 3684 518 Διό-

429 569 549 609 cum
591 562 907 626 contemptu
960 557 1138 628 ipsum
1198 559 1604 630 interrogasset.
1642 558 2008 624 Quamobrem

428 645 641 701 animus
688 644 837 702 illius
876 647 1025 703 velut
1064 649 1384 705 commistus
1420 649 1580 706 nobis
1629 649 1781 705 visus
1835 657 1918 703 est
1955 652 2010 703 et

426 738 631 799 varius,
666 745 725 791 ut
754 737 849 808 qui
879 738 1080 808 partim
1114 738 1277 794 laude
1305 740 1524 810 dignus,
1556 740 1758 810 partim
1810 739 2008 795 miser-

422 827 593 883 rimus
648 843 713 882 ac
742 827 968 883 omnino
988 829 1310 901 desperatus
1345 845 1376 884 a
1414 830 1698 901 Scriptura
1749 830 2007 885 exhibea-

422 926 515 972 tur
559 917 623 972 η’.
670 914 809 970 Nam
856 933 1024 974 nosse
1071 919 1391 990 magistrum
1422 936 1632 985 verum,
1660 929 1825 990 atque
1882 921 2010 975 reli-

421 1018 509 1062 cta
550 1006 953 1064 Pharisaeorum
996 1010 1278 1079 superbia,
1314 1021 1368 1065 et
1402 1010 1844 1080 legisper‘itorum
1887 1010 2007 1080 opi-

422 1093 607 1164 nione,
648 1110 703 1155 et
726 1099 1036 1160 scribarum
1066 1101 1248 1159 turba.
1284 1102 1702 1173 appellationem
1733 1103 1875 1157 banc
1906 1103 2007 1158 soli

423 1200 551 1248 vero
572 1206 636 1246 ac
659 1191 804 1247 bono
839 1194 1101 1262 magistro
1131 1193 1393 1256 tribuere,
1428 1193 1530 1247 hoc
1558 1202 1675 1247 erat
1704 1194 1850 1263 quod
1883 1194 2007 1249 lau-

421 1276 673 1339 dabatur.
727 1274 1108 1353 Praetereaque
1162 1284 1334 1340 videri
1380 1285 1696 1349 sollicitum,
1733 1287 2008 1356 quomodo

421 1385 682 1430 aeternam
711 1376 878 1429 vitam
932 1372 1352 1445 adipisceretur,
1393 1376 1497 1431 hoc
1542 1389 1762 1447 quoque
1805 1379 2007 1447 proba-

423 1475 540 1521 tuin
573 1474 691 1522 erat
716 1474 773 1523 et
804 1462 964 1523 laude
990 1464 1237 1540 dignum.
1270 1468 1498 1535 Contra,
1532 1470 1664 1524 illud
1690 1468 1802 1539 jam
1834 1470 2007 1539 aperit

422 1565 598 1613 totum
630 1558 752 1629 ejus
772 1560 1038 1626 animum,
1072 1576 1182 1615 non
1221 1560 1370 1631 quod
1409 1576 1536 1616 vere
1585 1562 1789 1616 bonum
1833 1570 2000 1626 esset,

422 1650 517 1705 Bed
549 1645 693 1721 quod
738 1647 901 1723 vulgo
949 1653 1236 1718 arrideret,
1269 1661 1631 1724 spectantem,
1665 1656 1810 1725 quod
1850 1655 2005 1711 vide~

424 1741 551 1797 licet
606 1743 868 1799 salutaria
917 1743 1267 1812 documenta,
1311 1762 1434 1815 quae
1478 1762 1509 1801 a
1566 1749 1826 1819 magistro
1874 1761 2006 1802 vero

2111 575 2218 630 περ
2257 558 2421 612 οἱονεὶ
2467 556 2656 626 μικτὸν
2687 554 2852 609 αὑτοῦ
2886 555 2946 609 τὸ
2991 551 3122 626 ἦθος
3169 557 3300 626 ἡμῖν
3330 557 3679 624 ἀνεφαίνετο·

2110 647 2186 714 πῆ
2216 647 2314 717 μὲν
2341 645 2623 700 ἐπαινετὸν
2663 644 2969 707 δεικνύντος
3001 643 3095 696 τοῦ
3129 644 3311 711 λόγου,
3343 646 3418 714 πῆ
3451 644 3508 696 δὲ
3534 644 3689 697 ἀθλια

2108 736 2313 789 ώτατον
2359 735 2453 789 καὶ
2491 736 2667 805 πάντη
2712 733 3156 803 ἀπεγνωσμένον.
3186 733 3258 785 Τὸ
3290 735 3390 802 μὲν
3418 731 3529 802 γὰρ
3553 750 3668 801 γνω

2112 829 2258 900 ρίσαι
2288 829 2379 882 τὸν
2430 827 2647 897 ἀληθῶς
2691 825 3008 881 διδάσκαλον
3044 826 3179 896 (67),
3209 826 3302 878 καί
3347 825 3670 896 παρελθόντε

2107 923 2206 991 τὴν
2234 920 2540 992 Φαρισαίων
2573 918 2916 984 ἀλαζονείαν,
2952 917 3045 972 καὶ
3083 916 3320 988 νομικῶν
3363 916 3558 986 οἴησιν,
3589 916 3675 970 κα*

2107 1013 2480 1084 γραμματέων
2530 1011 2687 1082 ὄχλον
2737 1010 2878 1081 (68),
2928 1009 3025 1081 τὴν
3059 1009 3428 1081 προσηγορίαν
3480 1007 3679 1079 ταύτη-

2108 1103 2383 1158 ἀναθεῖναι
2417 1102 2496 1173 τῷ
2526 1104 2672 1174 μόνῳ
2711 1100 2949 1173 ἀληθινῷ
2985 1101 3080 1154 καὶ
3124 1099 3312 1171 ἀγαθῷ
3354 1098 3680 1169 διδασκάλῳ,

2105 1193 2265 1248 τοῦτο
2303 1190 2373 1264 ἦν
2412 1194 2442 1247 ὃ
2488 1196 2760 1267 ἐπῃνεῖτο.
2796 1194 2906 1247 Καὶ
2948 1193 3132 1262 μέντοι
3164 1191 3223 1243 τὸ
3252 1191 3483 1261 φανῆναι
3515 1207 3682 1260 φρον-

2105 1285 2247 1349 τίδος
2298 1286 2446 1352 ἀξιον
2497 1281 2814 1355 ποιούμενον
2847 1282 2964 1347 πῶς
3009 1282 3077 1337 ἂν
3124 1282 3549 1353 κληρονομήσειε
3582 1282 3681 1353 τῆς

2106 1377 2325 1429 αἰωνίου
2353 1376 2520 1447 ζωῆς,
2566 1375 2862 1429 ἀποδεκτόν
2896 1374 3196 1429 καὶτοῦτο.
3244 1375 3448 1428 Ἐκεῖνο
3471 1374 3534 1445 δὴ
3574 1374 3685 1427 λοι-ι

2107 1470 2206 1521 πον
2237 1468 2449 1538 ἐλέγχει
2477 1468 2644 1522 αὐτοῦ
2676 1468 2775 1539 τὴν
2806 1466 2935 1538 ὃλην
2964 1468 3301 1540 προαίρεσιν,
3350 1469 3411 1522 οὐ
3458 1469 3594 1540 πρὸς
3621 1470 3684 1522 τὸ

2106 1559 2376 1631 ἀληθινῶς
2405 1558 2570 1613 καλὸν
2603 1559 3040 1623 ἀποϐλέπουσαν,
3073 1559 3209 1613 ἀλλά
3239 1560 3300 1612 τὸ
3329 1564 3441 1624 τοῖς
3471 1560 3682 1620 πολλοῖς

2107 1654 2342 1723 ἀρέσκον
2402 1651 2872 1724 περισκοποῦσαν·
2919 1650 3000 1714 τὺ,
3071 1650 3308 1721 μαθόντα
3383 1650 3530 1722 παρά
3588 1650 3681 1704 τοῦ

2106 1743 2359 1805 ἀληθινοῦ
2415 1742 2734 1797 διδασκάλου
2781 1741 3076 1813 μαθήματα
3135 1742 3413 1814 σωτήρια,
3472 1742 3545 1814 μὴ
3591 1743 3683 1812 ὲγ-

423 1834 709 1900 ilidicerat,
764 1848 875 1891 non
919 1837 1263 1908 inscripserit
1327 1833 1383 1894 in
1438 1855 1540 1895 suo
1590 1840 1779 1905 corde,
1828 1856 1996 1911 neque

2105 1835 2314 1906 γράψαι
2342 1837 2407 1907 τῇ
2447 1834 2642 1889 ἑαυτοῦ
2674 1834 2892 1906 καρδίᾳ,
2931 1834 3065 1905 μηδὲ
3116 1836 3196 1897 εἰς
3249 1833 3410 1904 ἔργον
3456 1834 3681 1903 ἀγαγεῖν

422 1927 727 1985 doctrinam
753 1938 1045 1986 exsecutus
1073 1933 1163 1997 sit,
1197 1930 1291 1987 sed
1318 1930 1563 1986 avaritiae
1592 1931 1727 1986 vitio
1756 1932 2001 1985 obczecao

422 2029 515 2078 tus
542 2037 665 2077 eum
691 2023 954 2079 maestitia
987 2021 1204 2082 abierit.
1241 2020 1357 2077 Hoc
1406 2022 1551 2077 enim
1582 2036 1708 2077 eum
1757 2021 2000 2091 inaequa-b

423 2109 528 2169 lem
565 2113 734 2170 fuisse
758 2114 1005 2172 moribus
1053 2131 1155 2170 nec
1186 2129 1371 2170 secum
1402 2113 1751 2170 consensisse
1784 2114 1997 2184 probat.

423 2201 741 2277 Magistrum
775 2222 937 2264 vocas
967 2209 1011 2239 ¹⁸
1035 2247 1050 2272 ,
1083 2222 1184 2262 nec
1210 2214 1393 2261 tamen
1441 2204 1833 2274 discipulorum
1874 2219 1994 2276 par-

422 2308 505 2354 tes
531 2299 684 2369 agis?
716 2300 923 2354 Bonum
975 2299 1257 2355 conﬁteris
1319 2300 1384 2365 ",
1412 2305 1467 2355 et
1514 2312 1578 2353 ea
1607 2312 1728 2369 quae
1769 2297 1862 2352 dat
1913 2313 2002 2352 re-

421 2390 612 2461 spuis?
642 2391 807 2462 Atqui
853 2391 901 2445 is
950 2390 1043 2462 qui
1076 2391 1254 2447 bonus
1299 2397 1406 2455 est,
1454 2389 1599 2445 idem
1631 2388 1877 2459 profecto
1903 2387 2001 2442 bo-

420 2498 614 2536 norum
650 2489 734 2538 est
764 2482 1015 2553 largitor.
1052 2482 1115 2535 Et
1156 2483 1465 2553 interrogas
1504 2480 1725 2552 quidem
1771 2480 1839 2535 de
1890 2479 2001 2533 vita

380 2624 387 2629 .
419 2584 623 2628 aeterna
660 2570 737 2626 "’:
772 2576 865 2631 sed
910 2584 1056 2631 totus
1087 2574 1372 2645 priesentis
1419 2575 1543 2628 vitae
1591 2571 1804 2628 deliciis
1848 2570 2002 2625 addi-

420 2671 544 2719 ctus
598 2663 1047 2735 deprelienderis.
1109 2663 1379 2719 Caeterum
1435 2662 1712 2733 quodnam
1774 2661 2000 2715 verbum

422 2752 713 2807 molestum
747 2762 840 2807 aut
864 2768 1049 2823 grave,
1081 2764 1176 2808 aut
1207 2753 1343 2808 adeo
1375 2751 1716 2807 intolerabile
1744 2750 2003 2819 magister

418 2844 748 2913 proposuit?
802 2843 975 2899 Vende
1012 2861 1128 2915 qua:
1176 2843 1359 2908 habes,
1406 2852 1456 2898 et
1490 2846 1561 2896 da
1587 2841 1902 2911 pauperibus
1936 2841 1997 2894 “.

420 2934 480 2988 Si
528 2932 909 3005 proposuisset
938 2936 1037 2991 tibi
1072 2935 1421 3007 agricultura
1468 2935 1707 2997 labores,
1738 2943 1832 2987 aut
1859 2948 2002 2987 mer-

418 3032 622 3079 caturae
672 3025 936 3095 pericula,
982 3031 1077 3081 aut
1126 3026 1263 3081 alias
1306 3025 1531 3097 quasvis
1572 3024 1854 3080 molestias
1881 3039 2002 3094 quae

418 3115 634 3172 lucrum
693 3117 1032 3175 sectantibus
1064 3118 1341 3183 accidunt,
1377 3118 1658 3187 Oportebat
1701 3125 1755 3172 te
1798 3132 2002 3187 praece-

2104 1928 2171 1982 τά
2196 1928 2521 1999 διδάγματα,
2568 1927 2684 1980 ἀλλ’
2717 1926 2972 1981 ἀπελθεῖν
3017 1925 3355 1997 ἀθυμοῦντα,
3404 1926 3475 1997 τῷ
3519 1926 3681 1981 πάθει

2100 2025 2200 2094 τῆς
2230 2022 2615 2092 φιλοπλουτίας
2647 2022 3038 2094 ἐσκοτωμένον.
3089 2022 3260 2076 Τοῦτο
3307 2022 3365 2075 δὲ
3416 2024 3516 2093 τὴν
3567 2023 3680 2093 (69)

2102 2114 2412 2185 ἀνωμαλίαν
2443 2114 2552 2168 τῶν
2588 2114 2825 2185 τρόπων,
2856 2116 2951 2168 καὶ
2991 2115 3053 2166 τὸ
3094 2114 3230 2185 πρὸς
3261 2115 3452 2168 ἑαυτὸν
3495 2114 3677 2185 ἀσύμ-

2102 2221 2276 2273 φωνον
2318 2205 2633 2275 άπελέγχει.
2677 2204 3007 2259 Διδάσκαλον
3040 2205 3237 2274 λέγεις,
3272 2206 3366 2259 καὶ
3398 2206 3465 2260 τά
3501 2205 3676 2278 μαθη-

2100 2294 2207 2347 τῶν
2246 2296 2308 2347 οὐ
2350 2297 2554 2359 ποιεῖς;
2618 2293 2843 2362 Ἀγαθὸν
2871 2294 3172 2365 ὁμολογεῖς,
3207 2296 3393 2349 καὶτὰ
3428 2295 3681 2366 διδόμενα

2104 2389 2444 2459 παραπέμπῃ
2474 2388 2627 2457 (70);
2667 2387 2857 2440 Καίτοι
2897 2388 2927 2441 ὃ
2956 2403 3020 2456 γε
3063 2386 3267 2455 ἀγαθὸς
3314 2388 3531 2456 ἀγαθῶν
3564 2390 3679 2440 ἐστι

2104 2480 2435 2550 παρεκτικὸς
2486 2479 2749 2552 δηλονότι.
2813 2480 2923 2532 Καὶ
2975 2482 3185 2551 ἐρωτᾷς
3246 2483 3342 2550 μὲν
3398 2479 3526 2551 περὶ
3577 2480 3680 2548 τῆς

2102 2570 2320 2624 αἰωνίου
2360 2570 2543 2640 ζωῆςο
2598 2570 2796 2645 ἐλέγχῃ
2848 2571 2905 2623 δὲ
2951 2572 3069 2635 ὅλος
3101 2573 3167 2642 τῇ
3217 2570 3329 2641 (71)
3379 2570 3680 2624 ἀπολαύσει
3726 2606 3733 2609 -

2101 2661 2195 2715 τοῦ
2236 2661 2501 2732 παρόντος
2547 2662 2661 2732 βίου
2716 2661 3155 2733 προσδεδεμένος.
3211 2662 3276 2714 Τί
3306 2661 3363 2715 δέ
3398 2677 3481 2713 σοι
3521 2659 3680 2729 χαλε-

2104 2754 2222 2819 πὸν,
2257 2755 2288 2826 ἢ
2328 2755 2487 2827 βαρὺ,
2521 2755 2554 2825 ἢ
2590 2755 2895 2825 ὑπέρογκον
2929 2755 3081 2825 ῥῆμα
3127 2757 3155 2808 ὀ
3196 2753 3515 2815 διδάσκαλος
3546 2769 3678 2821 προ-

2102 2848 2375 2911 ετείνατο;
2411 2846 2708 2913 Πώλησόν
2740 2862 2855 2901 σου
2904 2848 2975 2900 τὰ
3004 2846 3374 2916 ὑπάρχοντα,
3422 2843 3523 2897 καί
3570 2842 3677 2908 δὸς

2102 2938 2379 3007 πτωχοῖς.
2430 2938 2498 2990 Εἴ
2546 2955 2629 2992 σοι
2678 2936 2948 3010 προέϐαλε
3004 2938 3200 3001 πόνους
3247 2935 3606 3009 γεωργικοὺς,
3640 2934 3674 3004 ἢ

2102 3031 2228 3095 τοὺς
2254 3028 2313 3094 ἐξ
2346 3030 2616 3101 ἐμπορίας
2654 3029 2953 3092 κινδύνους,
2998 3029 3031 3100 ἦ
3081 3030 3182 3082 ὅσα
3210 3028 3344 3083 ἄλλα
3391 3030 3501 3092 τοῖς
3541 3043 3673 3098 χρη-

2109 3118 2487 3191 ματιζομένοις
2535 3121 2768 3181 ἐπίπονα
2797 3120 3109 3189 πρόσεστιν,
3145 3119 3251 3173 ἔδει
3282 3135 3341 3172 σε
3370 3118 3673 3189 λυπηθῆναι

415 3217 569 3278 ptum
597 3224 740 3280 aegre
775 3208 1037 3265 ferentem
1081 3209 1303 3267 tristitia
1351 3208 1529 3273 allici;
1585 3208 1672 3266 sin
1719 3209 1806 3264 via
1857 3209 1994 3265 adeo

2097 3210 2463 3286 δυσφοροῦντα
2492 3211 2569 3283 τῷ
2595 3211 2961 3283 ἐπιτάγματι·
3000 3214 3049 3265 εἰ
3077 3212 3135 3266 δὲ
3182 3211 3325 3266 οὕτω
3366 3210 3454 3265 διά
3483 3210 3673 3282 ῥᾳδίας

416 3302 589 3368 facili,
647 3317 824 3372 neque
876 3303 1140 3369 laborem,
1195 3320 1374 3375 neque
1423 3304 1679 3359 sudorem
1739 3304 1992 3369 habente,

413 3385 689 3447 haercd'em
724 3401 777 3448 te
817 3402 1036 3449 aeternae
1081 3394 1207 3449 vitae
1244 3394 1516 3449 facturum
1574 3409 1634 3450 se
1681 3393 1991 3463 pollicetur,

415 3499 517 3537 cur
545 3498 656 3538 non
686 3484 891 3555 gaudes
940 3486 1011 3541 ob
1052 3484 1369 3542 facilitatem
1409 3486 1627 3551 salutis,
1658 3485 1755 3541 sed
1800 3485 1991 3539 dolens

414 3573 600 3627 animo
651 3583 705 3630 et
738 3588 978 3630 moerens
1023 3574 1285 3640 discedis,
1326 3583 1491 3647 atque
1528 3576 1641 3645 jam
1683 3574 1992 3629 exantlatos

414 3664 633 3722 labores
676 3665 776 3720 tibi
831 3666 1053 3722 inutiles
1084 3667 1311 3723 reddis?
1350 3665 1566 3722 Etenim
1617 3666 1664 3722 si
1700 3682 1808 3720 non
1841 3666 1991 3720 occi-

414 3756 570 3819 disti,
601 3766 659 3811 ut
700 3758 783 3812 ais
817 3758 881 3823 ¹⁹,
924 3775 1101 3829 neque
1152 3760 1481 3816 adulterium
1510 3758 1854 3822 commisisti,
1895 3772 1991 3812 ne-

414 3861 522 3915 que
542 3844 566 3899 ί
566 3854 755 3903 uratus
775 3863 855 3912 es.
879 3860 1056 3919 neque
1077 3859 1268 3904 contra
1285 3850 1599 3921 quempiam
1621 3849 1818 3904 falsum
1846 3848 1994 3921 testi—

416 3937 661 3992 monium
708 3938 935 4007 dixisti;
993 3941 1551 3996 niliilominustamen
1594 3941 1892 3996 adhibitam
1936 3941 1992 3995 in

415 4027 503 4085 bis
536 4030 761 4100 agendis
819 4032 1154 4104 diligentiam
1216 4033 1312 4089 tibi
1357 4034 1755 4090 infructuosam
1802 4033 1990 4096 eﬂicis,

487 4185 533 4218 ¹³
571 4184 761 4239 Matth.
809 4196 935 4251 χιχ,
971 4183 1060 4241 2‘2.
1140 4188 1183 4219 “’
1216 4188 1346 4243 ibid.
1382 4188 1486 4252 25,
1522 4187 1610 4243 ‘26.
1690 4188 1734 4221 ¹⁸
1774 4188 1905 4245 ibid.
1941 4187 2028 4243 16.

2097 3306 2242 3367 ὁδοῦ,
2281 3306 2470 3359 οὐδένα
2503 3306 2661 3359 πόνον
2704 3304 2934 3376 ἐχούσης
2977 3304 3095 3357 οὐδὲ
3146 3303 3363 3376 ἱδρῶτα,
3405 3301 3672 3372 ἐπαγγέλ-

2097 3400 2246 3453 λεταί
2263 3418 2320 3453 σε
2342 3398 2678 3470 κληρονόμον
2699 3394 2797 3469 τῆς
2816 3397 3035 3451 αἰωνίου
3058 3396 3206 3467 ζωῆς
3219 3395 3547 3461 ἀποδείξειν(
3556 3394 3669 3461 72),

2094 3493 2154 3546 οὐ
2189 3491 2400 3563 χαίρεις
2443 3493 2510 3561 τῇ
2563 3488 2783 3560 εὐκολίᾳ
2827 3490 2927 3560 τῆς
2971 3488 3264 3561 σωτηρίας,
3309 3488 3423 3543 ἀλλ’
3452 3488 3672 3559 ἀπέρχῃ

2093 3583 2425 3654 ὀδυνώμενος
2452 3583 2550 3653 τὴν
2580 3581 2758 3654 ψυχὴν
2797 3582 2890 3636 καὶ
2930 3580 3160 3646 πενθῶν,
3191 3583 3283 3634 καὶ
3310 3583 3480 3643 ποιεῖς
3507 3596 3668 3633 σεαυ-

2093 3673 2171 3744 τῷ
2241 3673 2490 3744 ἀχρηστα
2563 3672 2738 3726 πάντα
2821 3673 2923 3725 ὅσα
2985 3688 3067 3725 σοι
3116 3671 3549 3743 προπεπόνηται.
3607 3671 3668 3723 Et

2093 3765 2202 3836 γάρ
2250 3764 2350 3817 οὐκ
2397 3763 2713 3833 ἐφόνευσας,
2757 3762 2832 3826 ὼς
2890 3764 2954 3816 σὺ
2987 3764 3112 3833 φῂς,
3147 3760 3269 3816 οὔτε
3322 3763 3667 3833 ἐμοίχευσας,

2093 3854 2218 3909 οὔτε
2260 3854 2512 3923 ἔκλεψας,
2560 3852 2684 3907 οὔτε
2720 3855 3216 3926 κατεμαρτύρησάς
3266 3871 3412 3919 τινος
3459 3871 3665 3925 μαρτυ-

2062 4016 2066 4019 Δ
2100 3945 2219 4017 ρίαν
2247 3944 2437 4015 ψευδῆ,
2474 3945 2730 4016 ἀνόνητον
2764 3945 2974 4015 σεαυτῷ
3008 3949 3180 4009 ποιεῖς
3209 3948 3309 4017 τὴν
3342 3946 3469 4018 περὶ
3497 3945 3665 4000 ταῦτα

2098 4034 2353 4105 σπουδὴν,
2394 4033 2468 4104 μὴ
2511 4033 2821 4106 προστιθεὶς
2848 4035 2908 4088 τὸ
2934 4035 3116 4089 λεῖπον
3147 4035 3283 4107 (75),
3314 4036 3379 4090 δι’
3411 4031 3471 4091 οὗ
3504 4036 3665 4108 μόνου

2144 4189 2187 4219 ³⁸
2227 4187 2352 4243 ibiil.
2434 4189 2474 4218 ‘7
2517 4188 2645 4243 ibid.
2764 4191 2808 4221 ³⁸
2847 4189 2977 4245 ibid.
3015 4190 3106 4244 2i.
3222 4192 3263 4221 ³³³
3303 4191 3434 4247 ibid.
3467 4190 3556 4245 9.0.

485 4361 599 4445 (66)
629 4361 772 4417 Editi
800 4364 848 4415 εἰ
878 4362 952 4433 μὴ
982 4381 1485 4488 καταφρονητικῶς.
1516 4366 1587 4418 Αι
1617 4367 1867 4446 voculam
1909 4365 1982 4436 μή

488 4435 718 4488 levnnus
770 4436 955 4488 multis
999 4442 1167 4488 veteri
1210 4451 1276 4488 us
1316 4436 1469 4488 libris
1511 4437 1848 4488 auctoribus.
1885 4451 1987 4488 nec

2097 4362 2215 4418 Mox
2253 4364 2406 4421 Colb.
2430 4367 2643 4436 primus
2673 4368 2862 4422 ἑαυτὸν
2893 4369 3201 4440 σύμφωνον,
3225 4370 3385 4425 male.
3420 4370 3662 4427 Subinde

2097 4433 2227 4488 Rea.
2268 4435 2478 4488 Drimus
2508 4435 2823 4488 διδάσκαλον
2854 4440 3059 4488 καλεῖς-
3095 4441 3189 4488 καὶ
3212 4438 3300 4488 τά.

413 4433 718 4489 deleviinus
770 4436 955 4488 multis
999 4436 1167 4489 veteri

412 4503 638 4575 dubium
657 4502 789 4575 quin
812 4503 1007 4575 abesse
1029 4504 1243 4575 debeat.
1258 4504 1555 4575 Aliquanto
1585 4513 1705 4575 post
1731 4520 1869 4575 mss.
1889 4520 1985 4559 sex

412 4574 576 4647 οἱονεὶ
607 4567 1183 4647 μιέιτόνηΕιΙίῑίΑοῑονεὶ
1211 4567 1536 4646 σύμμικτον.
1576 4567 1820 4630 Subinde
1850 4572 1983 4647 Reg.

412 4638 625 4714 primus
659 4638 791 4714 ἦθος
814 4643 1187 4712 ἀναφαίνεται.

484 4737 597 4822 ((ξἸ)
632 4736 725 4791 Sic
749 4752 886 4793 mss.
915 4736 1111 4793 nostri.
1153 4736 1295 4793 Editi
1331 4753 1464 4793 vero
1492 4738 1581 4791 τὸν
1624 4736 1797 4809 ἀληθῆ
1838 4736 1983 4790 διδά-

413 4824 612 4861 σκαλον
618 4848 632 4861 .

486 4899 599 4970 (68)
631 4898 720 4951 Ait
749 4898 1003 4964 Ducaeus,
1026 4914 1139 4971 pro
1171 4898 1327 4970 ὄχλον
1368 4899 1613 4971 fortasse
1643 4900 1747 4971 legi
1786 4900 1985 4956 debere

409 4968 598 5040 ὄγκον,
634 4976 694 5022 ut
726 4968 1049 5025 scribarum
1071 4968 1247 5025 fastus
1278 4986 1402 5025 cum
1436 4968 1792 5040 superbia'et
1824 4987 1983 5025 arro-

410 5039 596 5110 gantia
644 5049 966 5094 caeteroriiin
1022 5040 1438 5109 conjungatur:
1494 5039 1616 5110 quie
1664 5041 1982 5109 conjectura

414 5107 547 5180 mihi
583 5124 800 5179 quoque
839 5111 993 5180 valde
1033 5107 1293 5180 placeret,
1335 5111 1380 5165 si
1428 5107 1548 5165 eam
1600 5112 1722 5165 libri
1770 5107 1982 5166 veteres

408 5176 822 5250 conﬁrmarent.
845 5178 986 5250 rUIlll
1017 5176 1131 5234 iizec
1164 5190 1314 5247 sunt,
1350 5182 1581 5249 legimus
1656 5182 1711 5235 in
1748 5183 1982 5250 vulgatis

409 5245 616 5321 Graecis
640 5248 814 5321 ὄχλον,
840 5249 894 5303 in
920 5250 1126 5305 Latinis
1147 5266 1273 5305 vero
1301 5245 1448 5321 fastu
1470 5266 1488 5303 :
1523 5251 1577 5305 id
1610 5253 1751 5320 quod
1780 5245 1981 5306 nemini

408 5318 698 5385 probatum
750 5319 815 5390 iri
849 5328 1002 5387 puto.
1035 5321 1142 5375 Aut
1177 5318 1322 5375 enim
1366 5323 1421 5375 in
1468 5318 1673 5376 Graecis
1716 5324 1978 5390 scriptum

411 5397 728 5456 oportuerat
753 5388 935 5459 όγκον,
961 5390 1104 5457 fastu
1127 5405 1146 5443 :
1171 5399 1263 5445 aut
1293 5391 1337 5445 si
1366 5392 1419 5445 in
1449 5393 1530 5445 eis
1556 5406 1659 5446 vox
1684 5388 1843 5459 ὄχλον
1867 5407 1982 5446 ser-

405 5464 653 5531 varetur,
683 5458 1003 5531 vertendum
1039 5459 1142 5531 fuit
1172 5463 1350 5523 turba.
1387 5478 1495 5515 non
1529 5462 1693 5527 fastu.
1717 5458 1846 5516 Nos
1886 5461 1978 5531 qui

404 5535 597 5581 Vocem
624 5527 804 5597 ὄχλον,
828 5536 883 5582 et
914 5528 967 5581 in
990 5528 1153 5585 editis
1182 5532 1311 5585 etin
1340 5549 1472 5586 mss.
1501 5532 1824 5589 invenimus.
1860 5527 1979 5585 eam

404 5597 664 5671 retinere,
704 5599 1062 5670 caiiidemqiie
1108 5599 1297 5656 iiatinc
1339 5603 1643 5671 exprimere
1679 5619 1788 5658 non
1817 5602 1977 5656 dubi-

402 5668 666 5725 lavimus.

473 5754 590 5827 (69)
624 5758 768 5816 Editi
810 5758 963 5814 τοῦτο
1004 5760 1067 5831 δὴ
1115 5762 1233 5831 τήν.
1273 5762 1339 5816 At
1389 5778 1521 5818 mss.
1572 5761 1728 5816 τοῦτο
1772 5762 1826 5815 δὲ
1860 5765 1976 5834 τήν.

1210 4433 1291 4520 iis;
1312 4436 1469 4520 libris
1511 4436 1848 4499 auctoribus,
1885 4433 1987 4491 nec

2097 4433 2478 4520 Reghpijmtis
2508 4435 2827 4520 διδάσκαλρν
2845 4433 3064 4520 καλεῖς,
3095 4441 3189 4513 κει).
3206 4438 3300 4520 τά.

2162 4500 2283 4579 ΠΟ)
2309 4503 2445 4579 Reg.
2492 4506 2702 4579 primus
2747 4500 3411 4579 Stodpava‘o'mérréprratc.
3456 4509 3657 4568 Ibidem

2086 4574 2217 4649 editi
2258 4574 2546 4649 xattoiye.__
2570 4575 2639 4631 At
2670 4592 2803 4632 mss.
2857 4574 3095 4649 quatuor
3138 4574 3315 4633 καίτοι
3350 4582 3465 4649 ὅγε.
3502 4580 3656 4637 Colb.

2086 4645 2296 4713 primus
2325 4646 2501 4697 καίτοι
2519 4646 2632 4701 ὅτε.

2159 4715 2275 4790 (7l)_
2306 4713 2526 4771 Veteres
2556 4717 2924 4790 aliqiiotrlibri
2954 4717 3091 4782 ὅλως
3116 4722 3205 4790 τῇ.
3245 4720 3353 4775 Nec
3379 4721 3454 4776 ita
3485 4722 3658 4776 multo

2085 4784 2355 4859 p0§£_till9
2384 4799 2525 4859 ipss.
2550 4784 2868 4859 διδάσκαλος
2906 4784 3266 4859 προετείνετο.

2156 4853 2270 4924 (72)
2300 4854 2691 4933 coibapriinns
2725 4856 2872 4929 ζωῆς
2900 4853 3195 4925 ἀποδεῖξαι.
3220 4860 3513 4932 Aliquanto
3534 4873 3658 4933 post

2085 4922 2428 4996 ideinrrcodcx
2456 4922 2531 4988 ὥς
2559 4925 2714 4996 ἔφης.

2156 4995 2267 5065 (75)
2300 4993 2458 5067 illud,
2495 4995 2569 5067 μὴ
2611 4993 2918 5067 προστιθεὶς
2951 4998 3011 5051 τὸ
3036 4998 3237 5059 λεῖπον,
3277 4999 3405 5054 dum
3439 5000 3512 5055 ita
3545 4999 3652 5055 La-

2090 5070 2203 5119 tine
2232 5066 2466 5135 reddidit
2507 5066 2774 5135 interpres
2801 5077 2978 5134 vetns,
3001 5083 3095 5122 cur
3132 5071 3385 5135 reliquum
3417 5072 3652 5126 studium

2084 5150 2187 5205 non
2202 5134 2356 5205 addis
2388 5152 2406 5187 :
2435 5137 2595 5204 longe
2610 5134 2843 5205 quidem
2857 5152 2887 5191 a
2908 5141 3175 5193 sententia
3198 5134 3383 5197 Basilii
3399 5143 3647 5205 recessit,

2083 5204 2181 5282 sed
2207 5203 2364 5282 quod
2389 5199 2848 5282 sequi—tu_i:,A6:'_ob
2878 5209 3035 5282 μόνου
3060 5209 3263 5282 δυνήσῃ
3290 5211 3547 5265 εἰσελθεῖν
3568 5199 3649 5274 είς

2082 5272 2181 5349 τὴν
2200 5272 2497 5349 βασιλείαν
2527 5274 2621 5327 τοῦ
2652 5275 2808 5349 Θεοῦ,
2834 5272 2958 5349 cum
2985 5279 3065 5332 sic
3093 5272 3382 5348 expressit,
3405 5299 3506 5349 quo
3534 5272 3647 5336 solo

2081 5344 2245 5420 rliejn
2274 5358 2485 5415 regnum
2507 5346 2701 5420 poteris
2733 5348 2945 5420 [acilius
2972 5344 3254 5416 peri'enire,
3285 5344 3507 5405 omnino
3526 5351 3648 5420 eius

2084 5414 2188 5485 loci
2235 5429 2455 5469 sensum
2486 5414 2750 5485 corrupit.
2806 5418 2945 5483 Quid
2974 5414 3121 5472 enim
3166 5422 3272 5473 huc
3321 5430 3517 5475 attnet
3544 5414 3646 5476 vox

2081 5483 2214 5557 dies,
2271 5485 2428 5557 cujus
2461 5500 2527 5539 ne
2558 5483 2843 5556 vestigium
2876 5489 3095 5557 quidem
3141 5490 3283 5545 inest
3314 5492 3366 5544 in
3400 5490 3649 5546 ﬁrmis?

2082 5553 2369 5619 Quomodo
2400 5565 2578 5609 autem
2618 5553 3048 5613 liie'locus'vcrti
3075 5560 3289 5620 debeat,
3309 5578 3375 5616 ex
3404 5577 3541 5615 nova
3565 5562 3648 5615 in-

2083 5625 2472 5697 terpretatione
2518 5627 2749 5697 perspici
2809 5639 3003 5697 potest.
3052 5627 3165 5685 Hoc
3206 5632 3337 5685 dicit
3386 5631 3642 5693 Basilius.

2083 5693 2275 5747 inutile
2313 5693 2661 5767 esseugiliqua
2696 5693 2957 5767 piuecepte
3002 5715 3241 5761 servare,
3296 5702 3400 5755 nisi
3436 5703 3643 5759 reliqua

2083 5772 2388 5821 serventur.
2427 5762 2607 5820 Mirari
2630 5762 2775 5822 subit
2798 5762 2955 5825 verba
2983 5768 3166 5827 Basilii
3205 5772 3533 5829 Combelisio
3563 5774 3639 5827 vi-
