  <div class='ocr_page' id='page_1' title='image "/cluster/home/n/w/nwhite01/storage/ocr_20150623/31/mdp.39015012934363/150.png"; bbox 0 0 4052 6214; ppageno 0'>
   <div class='ocr_carea' id='block_1_1' title="bbox 414 323 513 380">
    <p class='ocr_par' dir='ltr' id='par_1_1' title="bbox 414 323 513 380">
     <span class='ocr_line' id='line_1_1' title="bbox 414 323 513 380; baseline 0.01 -1"><span class='ocrx_word' id='word_1_1' title='bbox 414 323 513 380; x_wconf 67' lang='grc'><strong>281</strong></span> 
     </span>
    </p>
   </div>
   <div class='ocr_carea' id='block_1_2' title="bbox 1632 327 2357 390">
    <p class='ocr_par' dir='ltr' id='par_1_2' title="bbox 1632 327 2357 390">
     <span class='ocr_line' id='line_1_2' title="bbox 1632 327 2357 390; baseline -0.01 0"><span class='ocrx_word' id='word_1_2' title='bbox 1632 333 1917 390; x_wconf 73' lang='lat' dir='ltr'><strong>HOMiLIA</strong></span> <span class='ocrx_word' id='word_1_3' title='bbox 1956 328 2021 385; x_wconf 84' lang='lat' dir='ltr'><strong>IN</strong></span> <span class='ocrx_word' id='word_1_4' title='bbox 2065 327 2357 389; x_wconf 77' lang='lat' dir='ltr'><strong>DIVITES.</strong></span> 
     </span>
    </p>
   </div>
   <div class='ocr_carea' id='block_1_3' title="bbox 3574 328 3683 384">
    <p class='ocr_par' dir='ltr' id='par_1_3' title="bbox 3574 328 3683 384">
     <span class='ocr_line' id='line_1_3' title="bbox 3574 328 3683 384; baseline -0.028 0"><span class='ocrx_word' id='word_1_5' title='bbox 3574 328 3683 384; x_wconf 63' lang='lat'><strong>932</strong></span> 
     </span>
    </p>
   </div>
   <div class='ocr_carea' id='block_1_4' title="bbox 416 444 2008 524">
    <p class='ocr_par' dir='ltr' id='par_1_4' title="bbox 416 447 1998 524">
     <span class='ocr_line' id='line_1_4' title="bbox 416 447 1998 524; baseline 0.004 -26"><span class='ocrx_word' id='word_1_6' title='bbox 416 447 619 518; x_wconf 75' lang='grc' dir='ltr'>δυνήσῃ</span> <span class='ocrx_word' id='word_1_7' title='bbox 657 448 921 503; x_wconf 76' lang='grc' dir='ltr'><strong>εἰσελθεῖν</strong></span> <span class='ocrx_word' id='word_1_8' title='bbox 968 454 1051 515; x_wconf 85' lang='grc' dir='ltr'><strong>είς</strong></span> <span class='ocrx_word' id='word_1_9' title='bbox 1083 454 1184 524; x_wconf 72' lang='grc' dir='ltr'><strong>τὴν</strong></span> <span class='ocrx_word' id='word_1_10' title='bbox 1219 452 1492 523; x_wconf 80' lang='grc' dir='ltr'>βασιλείαν</span> <span class='ocrx_word' id='word_1_11' title='bbox 1539 457 1634 511; x_wconf 75' lang='grc' dir='ltr'>τοῦ</span> <span class='ocrx_word' id='word_1_12' title='bbox 1683 455 1838 511; x_wconf 76' lang='grc' dir='ltr'>Θεοῦ.</span> <span class='ocrx_word' id='word_1_13' title='bbox 1888 453 1998 508; x_wconf 74' lang='grc' dir='ltr'>Καὶ</span> 
     </span>
    </p>
   </div>
   <div class='ocr_carea' id='block_1_5' title="bbox 2107 444 3678 524">
    <p class='ocr_par' dir='ltr' id='par_1_5' title="bbox 2107 444 3678 523">
     <span class='ocr_line' id='line_1_5' title="bbox 2107 444 3678 523; baseline -0.005 -18"><span class='ocrx_word' id='word_1_14' title='bbox 2107 451 2194 522; x_wconf 83' lang='lat' dir='ltr'><strong>qui</strong></span> <span class='ocrx_word' id='word_1_15' title='bbox 2217 452 2360 523; x_wconf 89' lang='lat' dir='ltr'><strong>quod</strong></span> <span class='ocrx_word' id='word_1_16' title='bbox 2384 450 2653 522; x_wconf 83' lang='lat' dir='ltr'><strong>reliquum</strong></span> <span class='ocrx_word' id='word_1_17' title='bbox 2677 457 2761 506; x_wconf 88' lang='lat' dir='ltr'><strong>est</strong></span> <span class='ocrx_word' id='word_1_18' title='bbox 2776 464 2883 504; x_wconf 90' lang='lat' dir='ltr'><strong>non</strong></span> <span class='ocrx_word' id='word_1_19' title='bbox 2902 449 3009 520; x_wconf 72' lang='lat'><strong>52</strong></span> <span class='ocrx_word' id='word_1_20' title='bbox 3025 447 3274 517; x_wconf 86' lang='lat' dir='ltr'><strong>adjicias,</strong></span> <span class='ocrx_word' id='word_1_21' title='bbox 3294 460 3401 515; x_wconf 90' lang='lat' dir='ltr'><strong>quo</strong></span> <span class='ocrx_word' id='word_1_22' title='bbox 3418 444 3537 500; x_wconf 87' lang='lat' dir='ltr'><strong>solo</strong></span> <span class='ocrx_word' id='word_1_23' title='bbox 3558 457 3678 514; x_wconf 83' lang='lat' dir='ltr'><strong>pos-</strong></span> 
     </span>
    </p>
   </div>
   <div class='ocr_carea' id='block_1_6' title="bbox 420 540 2004 619">
    <p class='ocr_par' dir='ltr' id='par_1_6' title="bbox 420 540 2004 619">
     <span class='ocr_line' id='line_1_6' title="bbox 420 540 2004 619; baseline 0.004 -28"><span class='ocrx_word' id='word_1_24' title='bbox 420 543 470 591; x_wconf 83' lang='grc' dir='ltr'><strong>εἰ</strong></span> <span class='ocrx_word' id='word_1_25' title='bbox 522 540 617 608; x_wconf 73' lang='grc' dir='ltr'>μὲν</span> <span class='ocrx_word' id='word_1_26' title='bbox 669 542 854 611; x_wconf 71' lang='grc' dir='ltr'>ἰατρὸς</span> <span class='ocrx_word' id='word_1_27' title='bbox 909 545 1281 614; x_wconf 79' lang='grc' dir='ltr'><strong>ἐπηγγέλλετο</strong></span> <span class='ocrx_word' id='word_1_28' title='bbox 1312 547 1668 619; x_wconf 80' lang='grc' dir='ltr'>κολοὸὡματα</span> <span class='ocrx_word' id='word_1_29' title='bbox 1715 547 1892 619; x_wconf 87' lang='grc' dir='ltr'>μελῶν</span> <span class='ocrx_word' id='word_1_30' title='bbox 1938 551 2004 602; x_wconf 81' lang='grc' dir='ltr'>ἐκ</span> 
     </span>
    </p>
   </div>
   <div class='ocr_carea' id='block_1_7' title="bbox 423 632 2000 712">
    <p class='ocr_par' dir='ltr' id='par_1_7' title="bbox 423 632 2000 712">
     <span class='ocr_line' id='line_1_7' title="bbox 423 632 2000 712; baseline -0.003 -14"><span class='ocrx_word' id='word_1_31' title='bbox 423 632 636 698; x_wconf 60' lang='grc' dir='ltr'><strong>φύσεως</strong></span> <span class='ocrx_word' id='word_1_32' title='bbox 662 633 694 701; x_wconf 78' lang='grc' dir='ltr'><strong>ἦ</strong></span> <span class='ocrx_word' id='word_1_33' title='bbox 725 634 785 697; x_wconf 63' lang='grc' dir='ltr'>ἐξ</span> <span class='ocrx_word' id='word_1_34' title='bbox 816 635 1135 706; x_wconf 66' lang='grc' dir='ltr'>ἀῤῥωστίας</span> <span class='ocrx_word' id='word_1_35' title='bbox 1161 641 1430 712; x_wconf 80' lang='grc' dir='ltr'><strong>προσόντα</strong></span> <span class='ocrx_word' id='word_1_36' title='bbox 1463 658 1543 694; x_wconf 90' lang='grc' dir='ltr'><strong>σοι</strong></span> <span class='ocrx_word' id='word_1_37' title='bbox 1582 639 2000 712; x_wconf 77' lang='grc' dir='ltr'><strong>διορθώσασθαι,</strong></span> 
     </span>
    </p>
   </div>
   <div class='ocr_carea' id='block_1_8' title="bbox 420 722 2003 803">
    <p class='ocr_par' dir='ltr' id='par_1_8' title="bbox 420 722 2003 803">
     <span class='ocr_line' id='line_1_8' title="bbox 420 722 2003 803; baseline 0.011 -29"><span class='ocrx_word' id='word_1_38' title='bbox 420 724 522 775; x_wconf 72' lang='grc' dir='ltr'>οὐκ</span> <span class='ocrx_word' id='word_1_39' title='bbox 568 722 632 776; x_wconf 83' lang='grc' dir='ltr'>ἂν</span> <span class='ocrx_word' id='word_1_40' title='bbox 680 724 951 794; x_wconf 76' lang='grc' dir='ltr'>ηὐθύμεις</span> <span class='ocrx_word' id='word_1_41' title='bbox 978 728 1230 798; x_wconf 80' lang='grc' dir='ltr'>ἀκούων;</span> <span class='ocrx_word' id='word_1_42' title='bbox 1279 733 1463 802; x_wconf 74' lang='grc' dir='ltr'>ἐπειδὴ</span> <span class='ocrx_word' id='word_1_43' title='bbox 1508 734 1565 786; x_wconf 82' lang='grc' dir='ltr'><strong>δὲ</strong></span> <span class='ocrx_word' id='word_1_44' title='bbox 1608 733 1638 786; x_wconf 83' lang='grc' dir='ltr'><strong>ὁ</strong></span> <span class='ocrx_word' id='word_1_45' title='bbox 1681 732 1794 803; x_wconf 75' lang='grc'>(74)</span> <span class='ocrx_word' id='word_1_46' title='bbox 1832 733 2003 803; x_wconf 80' lang='grc' dir='ltr'><strong>μέγας</strong></span> 
     </span>
    </p>
   </div>
   <div class='ocr_carea' id='block_1_9' title="bbox 360 815 2004 896">
    <p class='ocr_par' dir='ltr' id='par_1_9' title="bbox 360 815 2004 896">
     <span class='ocr_line' id='line_1_9' title="bbox 360 815 2004 896; baseline 0.007 -31"><span class='ocrx_word' id='word_1_47' title='bbox 360 824 364 826; x_wconf 69' lang='lat'><strong><em>‘</em></strong></span> <span class='ocrx_word' id='word_1_48' title='bbox 423 815 534 867; x_wconf 86' lang='grc' dir='ltr'><strong>τῶν</strong></span> <span class='ocrx_word' id='word_1_49' title='bbox 561 815 746 886; x_wconf 68' lang='grc' dir='ltr'>ψυχῶν</span> <span class='ocrx_word' id='word_1_50' title='bbox 786 818 971 889; x_wconf 79' lang='grc' dir='ltr'>ἰατρὸς</span> <span class='ocrx_word' id='word_1_51' title='bbox 1007 821 1215 876; x_wconf 85' lang='grc' dir='ltr'>τέλειόν</span> <span class='ocrx_word' id='word_1_52' title='bbox 1260 841 1320 877; x_wconf 76' lang='grc' dir='ltr'><strong>σε</strong></span> <span class='ocrx_word' id='word_1_53' title='bbox 1353 826 1577 896; x_wconf 78' lang='grc' dir='ltr'>ποιῆσαι</span> <span class='ocrx_word' id='word_1_54' title='bbox 1607 826 1851 896; x_wconf 80' lang='grc' dir='ltr'>βούλεται</span> <span class='ocrx_word' id='word_1_55' title='bbox 1892 829 2004 888; x_wconf 85' lang='grc' dir='ltr'>τοῖς</span> 
     </span>
    </p>
   </div>
   <div class='ocr_carea' id='block_1_10' title="bbox 422 907 2004 987">
    <p class='ocr_par' dir='ltr' id='par_1_10' title="bbox 422 907 2004 987">
     <span class='ocr_line' id='line_1_10' title="bbox 422 907 2004 987; baseline 0.009 -31"><span class='ocrx_word' id='word_1_56' title='bbox 422 907 805 976; x_wconf 67' lang='grc' dir='ltr'><strong>καιριωτάτοις</strong></span> <span class='ocrx_word' id='word_1_57' title='bbox 849 908 1186 978; x_wconf 78' lang='grc' dir='ltr'>ἐλλείποντα,</span> <span class='ocrx_word' id='word_1_58' title='bbox 1229 914 1291 967; x_wconf 82' lang='grc' dir='ltr'><strong>οὐ</strong></span> <span class='ocrx_word' id='word_1_59' title='bbox 1321 914 1454 987; x_wconf 77' lang='grc' dir='ltr'>δέχῃ</span> <span class='ocrx_word' id='word_1_60' title='bbox 1499 915 1597 986; x_wconf 84' lang='grc' dir='ltr'><strong>τὴν</strong></span> <span class='ocrx_word' id='word_1_61' title='bbox 1636 916 1819 987; x_wconf 86' lang='grc' dir='ltr'>χάριν,</span> <span class='ocrx_word' id='word_1_62' title='bbox 1868 916 2004 971; x_wconf 78' lang='grc' dir='ltr'>ἀλλὰ</span> 
     </span>
    </p>
   </div>
   <div class='ocr_carea' id='block_1_11' title="bbox 318 999 2003 1080">
    <p class='ocr_par' dir='ltr' id='par_1_11' title="bbox 318 999 2003 1080">
     <span class='ocr_line' id='line_1_11' title="bbox 318 999 2003 1080; baseline 0.008 -31"><span class='ocrx_word' id='word_1_63' title='bbox 318 1006 333 1013; x_wconf 85' lang='grc'><strong>’</strong></span> <span class='ocrx_word' id='word_1_64' title='bbox 424 999 642 1063; x_wconf 79' lang='grc' dir='ltr'>πενθεῖς</span> <span class='ocrx_word' id='word_1_65' title='bbox 666 1000 761 1052; x_wconf 81' lang='grc' dir='ltr'>καὶ</span> <span class='ocrx_word' id='word_1_66' title='bbox 792 1000 1249 1074; x_wconf 77' lang='grc' dir='ltr'>σκυθρωπάζεις;</span> <span class='ocrx_word' id='word_1_67' title='bbox 1295 1007 1540 1075; x_wconf 83' lang='grc' dir='ltr'>Ἐκείνης</span> <span class='ocrx_word' id='word_1_68' title='bbox 1587 1008 1684 1078; x_wconf 84' lang='grc' dir='ltr'><strong>μὲν</strong></span> <span class='ocrx_word' id='word_1_69' title='bbox 1711 1008 1821 1080; x_wconf 84' lang='grc' dir='ltr'>γὰρ</span> <span class='ocrx_word' id='word_1_70' title='bbox 1845 1007 2003 1078; x_wconf 79' lang='grc' dir='ltr'>δῆλος</span> 
     </span>
    </p>
   </div>
   <div class='ocr_carea' id='block_1_12' title="bbox 421 1086 2004 1169">
    <p class='ocr_par' dir='ltr' id='par_1_12' title="bbox 421 1086 2004 1169">
     <span class='ocr_line' id='line_1_12' title="bbox 421 1086 2004 1169; baseline 0.006 -28"><span class='ocrx_word' id='word_1_71' title='bbox 421 1086 475 1142; x_wconf 79' lang='grc' dir='ltr'><strong>εἷ</strong></span> <span class='ocrx_word' id='word_1_72' title='bbox 502 1091 600 1160; x_wconf 76' lang='grc' dir='ltr'>τῆς</span> <span class='ocrx_word' id='word_1_73' title='bbox 625 1090 847 1161; x_wconf 74' lang='grc' dir='ltr'>ἐντολῆς</span> <span class='ocrx_word' id='word_1_74' title='bbox 872 1094 1091 1165; x_wconf 74' lang='grc' dir='ltr'>μακρὰν</span> <span class='ocrx_word' id='word_1_75' title='bbox 1116 1096 1394 1166; x_wconf 76' lang='grc' dir='ltr'><strong>ὑπάρχων,</strong></span> <span class='ocrx_word' id='word_1_76' title='bbox 1423 1100 1516 1152; x_wconf 75' lang='grc' dir='ltr'>καὶ</span> <span class='ocrx_word' id='word_1_77' title='bbox 1544 1098 1754 1167; x_wconf 73' lang='grc' dir='ltr'>ψευδῶς</span> <span class='ocrx_word' id='word_1_78' title='bbox 1794 1098 2004 1169; x_wconf 78' lang='grc' dir='ltr'>σεαυτῷ</span> 
     </span>
    </p>
   </div>
   <div class='ocr_carea' id='block_1_13' title="bbox 422 1186 2003 1262">
    <p class='ocr_par' dir='ltr' id='par_1_13' title="bbox 422 1186 2003 1262">
     <span class='ocr_line' id='line_1_13' title="bbox 422 1186 2003 1262; baseline 0.006 -27"><span class='ocrx_word' id='word_1_79' title='bbox 422 1186 933 1257; x_wconf 76' lang='grc' dir='ltr'>προσμαρτυρήσας</span> <span class='ocrx_word' id='word_1_80' title='bbox 967 1188 1158 1260; x_wconf 84' lang='grc' dir='ltr'>αὐτὴν,</span> <span class='ocrx_word' id='word_1_81' title='bbox 1190 1191 1273 1243; x_wconf 78' lang='grc' dir='ltr'><strong>ὅτι</strong></span> <span class='ocrx_word' id='word_1_82' title='bbox 1304 1191 1599 1261; x_wconf 71' lang='grc' dir='ltr'>ἠγάπησας</span> <span class='ocrx_word' id='word_1_83' title='bbox 1640 1192 1732 1244; x_wconf 85' lang='grc' dir='ltr'><strong>τὸν</strong></span> <span class='ocrx_word' id='word_1_84' title='bbox 1776 1192 2003 1262; x_wconf 82' lang='grc' dir='ltr'>πλησίον</span> 
     </span>
    </p>
   </div>
   <div class='ocr_carea' id='block_1_14' title="bbox 422 1279 2001 1357">
    <p class='ocr_par' dir='ltr' id='par_1_14' title="bbox 422 1279 2001 1357">
     <span class='ocr_line' id='line_1_14' title="bbox 422 1279 2001 1357; baseline 0.006 -29"><span class='ocrx_word' id='word_1_85' title='bbox 422 1294 520 1330; x_wconf 78' lang='grc' dir='ltr'><strong>σου</strong></span> <span class='ocrx_word' id='word_1_86' title='bbox 561 1279 639 1342; x_wconf 81' lang='grc' dir='ltr'>ὼς</span> <span class='ocrx_word' id='word_1_87' title='bbox 684 1280 907 1335; x_wconf 84' lang='grc' dir='ltr'>σεαυτόν</span> <span class='ocrx_word' id='word_1_88' title='bbox 935 1282 1070 1353; x_wconf 78' lang='lat'><strong>(75).</strong></span> <span class='ocrx_word' id='word_1_89' title='bbox 1110 1282 1242 1335; x_wconf 78' lang='grc' dir='ltr'>Ἰδοὺ</span> <span class='ocrx_word' id='word_1_90' title='bbox 1265 1282 1375 1355; x_wconf 83' lang='grc' dir='ltr'><strong>γάρ</strong></span> <span class='ocrx_word' id='word_1_91' title='bbox 1406 1282 1467 1336; x_wconf 86' lang='grc' dir='ltr'><strong>τὸ</strong></span> <span class='ocrx_word' id='word_1_92' title='bbox 1490 1283 1640 1357; x_wconf 84' lang='grc' dir='ltr'>παρά</span> <span class='ocrx_word' id='word_1_93' title='bbox 1669 1285 1762 1337; x_wconf 82' lang='grc' dir='ltr'><strong>τοῦ</strong></span> <span class='ocrx_word' id='word_1_94' title='bbox 1796 1284 2001 1354; x_wconf 77' lang='grc' dir='ltr'>Κυρίου</span> 
     </span>
    </p>
   </div>
   <div class='ocr_carea' id='block_1_15' title="bbox 418 1370 2004 1445">
    <p class='ocr_par' dir='ltr' id='par_1_15' title="bbox 418 1370 2004 1445">
     <span class='ocr_line' id='line_1_15' title="bbox 418 1370 2004 1445; baseline 0.011 -25"><span class='ocrx_word' id='word_1_95' title='bbox 418 1370 770 1440; x_wconf 74' lang='grc' dir='ltr'>προσταχθὲν</span> <span class='ocrx_word' id='word_1_96' title='bbox 821 1372 1034 1442; x_wconf 76' lang='grc' dir='ltr'><strong>ἐλέγχει</strong></span> <span class='ocrx_word' id='word_1_97' title='bbox 1090 1390 1151 1427; x_wconf 85' lang='grc' dir='ltr'>σε</span> <span class='ocrx_word' id='word_1_98' title='bbox 1209 1374 1540 1445; x_wconf 87' lang='grc' dir='ltr'>παμπληθὲς</span> <span class='ocrx_word' id='word_1_99' title='bbox 1584 1374 1686 1440; x_wconf 79' lang='grc' dir='ltr'>τῆς</span> <span class='ocrx_word' id='word_1_100' title='bbox 1746 1375 2004 1444; x_wconf 71' lang='grc' dir='ltr'>ἀληθινῆς</span> 
     </span>
    </p>
   </div>
   <div class='ocr_carea' id='block_1_16' title="bbox 416 1460 2003 1537">
    <p class='ocr_par' dir='ltr' id='par_1_16' title="bbox 416 1460 2003 1537">
     <span class='ocr_line' id='line_1_16' title="bbox 416 1460 2003 1537; baseline 0.004 -24"><span class='ocrx_word' id='word_1_101' title='bbox 416 1460 649 1530; x_wconf 76' lang='grc' dir='ltr'>ἀγάπης</span> <span class='ocrx_word' id='word_1_102' title='bbox 694 1463 1144 1532; x_wconf 85' lang='grc' dir='ltr'>ἀπολειπόμενον.</span> <span class='ocrx_word' id='word_1_103' title='bbox 1192 1467 1256 1518; x_wconf 88' lang='grc' dir='ltr'>Εί</span> <span class='ocrx_word' id='word_1_104' title='bbox 1299 1464 1410 1537; x_wconf 85' lang='grc' dir='ltr'><strong>γάρ</strong></span> <span class='ocrx_word' id='word_1_105' title='bbox 1457 1466 1594 1536; x_wconf 84' lang='grc' dir='ltr'>ὅπερ</span> <span class='ocrx_word' id='word_1_106' title='bbox 1640 1466 2003 1519; x_wconf 72' lang='grc' dir='ltr'>διεϐεϐαιὼσω</span> 
     </span>
    </p>
   </div>
   <div class='ocr_carea' id='block_1_17' title="bbox 416 1548 2002 1630">
    <p class='ocr_par' dir='ltr' id='par_1_17' title="bbox 416 1548 2002 1630">
     <span class='ocr_line' id='line_1_17' title="bbox 416 1548 2002 1630; baseline 0.006 -27"><span class='ocrx_word' id='word_1_107' title='bbox 416 1552 624 1619; x_wconf 78' lang='grc' dir='ltr'>ἀληθὲς</span> <span class='ocrx_word' id='word_1_108' title='bbox 650 1548 740 1623; x_wconf 76' lang='grc' dir='ltr'>ἦν,</span> <span class='ocrx_word' id='word_1_109' title='bbox 770 1554 853 1607; x_wconf 79' lang='grc' dir='ltr'><strong>ὅτι</strong></span> <span class='ocrx_word' id='word_1_110' title='bbox 877 1553 1152 1622; x_wconf 83' lang='grc' dir='ltr'>ὲφύλαξας</span> <span class='ocrx_word' id='word_1_111' title='bbox 1181 1559 1246 1610; x_wconf 85' lang='grc' dir='ltr'><strong>ὲκ</strong></span> <span class='ocrx_word' id='word_1_112' title='bbox 1266 1557 1514 1626; x_wconf 82' lang='grc' dir='ltr'>νεότητος</span> <span class='ocrx_word' id='word_1_113' title='bbox 1533 1557 1630 1629; x_wconf 85' lang='grc' dir='ltr'>τὴν</span> <span class='ocrx_word' id='word_1_114' title='bbox 1659 1558 1875 1630; x_wconf 69' lang='grc' dir='ltr'>ἐντολὴν</span> <span class='ocrx_word' id='word_1_115' title='bbox 1904 1559 2002 1629; x_wconf 80' lang='grc' dir='ltr'>τῆς</span> 
     </span>
    </p>
   </div>
   <div class='ocr_carea' id='block_1_18' title="bbox 416 1643 2003 1721">
    <p class='ocr_par' dir='ltr' id='par_1_18' title="bbox 416 1643 2003 1721">
     <span class='ocr_line' id='line_1_18' title="bbox 416 1643 2003 1721; baseline 0.006 -27"><span class='ocrx_word' id='word_1_116' title='bbox 416 1643 669 1711; x_wconf 76' lang='grc' dir='ltr'>ἀγάπης,</span> <span class='ocrx_word' id='word_1_117' title='bbox 717 1645 815 1696; x_wconf 67' lang='grc' dir='ltr'><strong>καὶ</strong></span> <span class='ocrx_word' id='word_1_118' title='bbox 862 1646 1117 1699; x_wconf 80' lang='grc' dir='ltr'>τοσοῦτον</span> <span class='ocrx_word' id='word_1_119' title='bbox 1158 1646 1444 1710; x_wconf 77' lang='grc' dir='ltr'><strong>ἀπέδωκας</strong></span> <span class='ocrx_word' id='word_1_120' title='bbox 1489 1649 1703 1721; x_wconf 79' lang='grc' dir='ltr'><strong>ἑκάστῳ</strong></span> <span class='ocrx_word' id='word_1_121' title='bbox 1744 1651 1867 1704; x_wconf 84' lang='grc' dir='ltr'>ὅσον</span> <span class='ocrx_word' id='word_1_122' title='bbox 1908 1651 2003 1704; x_wconf 71' lang='grc' dir='ltr'><strong>καὶ</strong></span> 
     </span>
    </p>
   </div>
   <div class='ocr_carea' id='block_1_19' title="bbox 421 1727 1999 1814">
    <p class='ocr_par' dir='ltr' id='par_1_19' title="bbox 421 1732 1999 1814">
     <span class='ocr_line' id='line_1_19' title="bbox 421 1732 1999 1814; baseline 0.008 -29"><span class='ocrx_word' id='word_1_123' title='bbox 421 1732 665 1803; x_wconf 77' lang='grc' dir='ltr'>σεαυτῷ,</span> <span class='ocrx_word' id='word_1_124' title='bbox 696 1733 860 1807; x_wconf 61' lang='grc' dir='ltr'>πρθεν</span> <span class='ocrx_word' id='word_1_125' title='bbox 887 1752 967 1788; x_wconf 92' lang='grc' dir='ltr'><strong>σοι</strong></span> <span class='ocrx_word' id='word_1_126' title='bbox 998 1737 1032 1806; x_wconf 80' lang='grc' dir='ltr'><strong>ἡ</strong></span> <span class='ocrx_word' id='word_1_127' title='bbox 1058 1736 1167 1790; x_wconf 85' lang='grc' dir='ltr'><strong>τῶν</strong></span> <span class='ocrx_word' id='word_1_128' title='bbox 1189 1740 1484 1808; x_wconf 82' lang='grc' dir='ltr'>χρημάτων</span> <span class='ocrx_word' id='word_1_129' title='bbox 1509 1739 1647 1811; x_wconf 79' lang='grc' dir='ltr'>αὕτη</span> <span class='ocrx_word' id='word_1_130' title='bbox 1681 1744 1999 1814; x_wconf 84' lang='grc' dir='ltr'>περιουσία;</span> 
     </span>
    </p>
   </div>
   <div class='ocr_carea' id='block_1_20' title="bbox 421 1798 2073 1906">
    <p class='ocr_par' dir='ltr' id='par_1_20' title="bbox 421 1798 2073 1906">
     <span class='ocr_line' id='line_1_20' title="bbox 421 1798 2073 1906; baseline 0.008 -29"><span class='ocrx_word' id='word_1_131' title='bbox 421 1798 810 1894; x_wconf 58' lang='grc' dir='ltr'>Διπανητικον</span> <span class='ocrx_word' id='word_1_132' title='bbox 856 1828 966 1897; x_wconf 81' lang='grc' dir='ltr'>γὰρ</span> <span class='ocrx_word' id='word_1_133' title='bbox 1015 1798 1245 1883; x_wconf 64' lang='grc' dir='ltr'>πλούτου</span> <span class='ocrx_word' id='word_1_134' title='bbox 1368 1798 1775 1902; x_wconf 46' lang='grc' dir='ltr'>θεραπείαΙτῶν</span> <span class='ocrx_word' id='word_1_135' title='bbox 1822 1798 2003 1906; x_wconf 45' lang='grc' dir='ltr'>δεομέί</span> <span class='ocrx_word' id='word_1_136' title='bbox 2035 1798 2073 1852; x_wconf 72' lang='grc' dir='ltr'>Β</span> 
     </span>
    </p>
   </div>
   <div class='ocr_carea' id='block_1_21' title="bbox 422 1918 2004 1999">
    <p class='ocr_par' dir='ltr' id='par_1_21' title="bbox 422 1918 2004 1999">
     <span class='ocr_line' id='line_1_21' title="bbox 422 1918 2004 1999; baseline 0.009 -31"><span class='ocrx_word' id='word_1_137' title='bbox 422 1933 535 1969; x_wconf 75' lang='grc' dir='ltr'><strong>νων</strong></span> <span class='ocrx_word' id='word_1_138' title='bbox 555 1934 570 1947; x_wconf 90' lang='grc'><strong>·</strong></span> <span class='ocrx_word' id='word_1_139' title='bbox 613 1918 770 1986; x_wconf 80' lang='grc' dir='ltr'>ὀλίγα</span> <span class='ocrx_word' id='word_1_140' title='bbox 802 1920 898 1989; x_wconf 83' lang='grc' dir='ltr'>μὲν</span> <span class='ocrx_word' id='word_1_141' title='bbox 930 1921 1162 1974; x_wconf 80' lang='grc' dir='ltr'><strong>ἑκάστου</strong></span> <span class='ocrx_word' id='word_1_142' title='bbox 1196 1923 1329 1993; x_wconf 77' lang='grc' dir='ltr'>πρὸς</span> <span class='ocrx_word' id='word_1_143' title='bbox 1362 1923 1460 1995; x_wconf 79' lang='grc' dir='ltr'><strong>τὴν</strong></span> <span class='ocrx_word' id='word_1_144' title='bbox 1488 1924 1790 1994; x_wconf 84' lang='grc' dir='ltr'>ἀναγκαίαν</span> <span class='ocrx_word' id='word_1_145' title='bbox 1818 1929 2004 1999; x_wconf 76' lang='grc' dir='ltr'>ἐπιμέ-</span> 
     </span>
    </p>
   </div>
   <div class='ocr_carea' id='block_1_22' title="bbox 420 2007 2002 2089">
    <p class='ocr_par' dir='ltr' id='par_1_22' title="bbox 420 2007 2002 2089">
     <span class='ocr_line' id='line_1_22' title="bbox 420 2007 2002 2089; baseline 0.008 -28"><span class='ocrx_word' id='word_1_146' title='bbox 420 2007 578 2062; x_wconf 84' lang='grc' dir='ltr'>λειαν</span> <span class='ocrx_word' id='word_1_147' title='bbox 619 2010 931 2082; x_wconf 79' lang='grc' dir='ltr'>δεχομένου,</span> <span class='ocrx_word' id='word_1_148' title='bbox 980 2013 1196 2067; x_wconf 83' lang='grc' dir='ltr'>πάντων</span> <span class='ocrx_word' id='word_1_149' title='bbox 1223 2014 1279 2068; x_wconf 84' lang='grc' dir='ltr'><strong>δὲ</strong></span> <span class='ocrx_word' id='word_1_150' title='bbox 1318 2015 1453 2086; x_wconf 83' lang='grc' dir='ltr'>ὁμοῦ</span> <span class='ocrx_word' id='word_1_151' title='bbox 1486 2017 2002 2089; x_wconf 76' lang='grc' dir='ltr'>καταμεριζομένων</span> 
     </span>
    </p>
   </div>
   <div class='ocr_carea' id='block_1_23' title="bbox 419 2100 2002 2177">
    <p class='ocr_par' dir='ltr' id='par_1_23' title="bbox 419 2100 2002 2177">
     <span class='ocr_line' id='line_1_23' title="bbox 419 2100 2002 2177; baseline 0.008 -24"><span class='ocrx_word' id='word_1_152' title='bbox 419 2100 495 2155; x_wconf 69' lang='grc' dir='ltr'><strong>τά</strong></span> <span class='ocrx_word' id='word_1_153' title='bbox 530 2100 684 2163; x_wconf 70' lang='grc' dir='ltr'>ὄντα,</span> <span class='ocrx_word' id='word_1_154' title='bbox 720 2103 813 2154; x_wconf 76' lang='grc' dir='ltr'><strong>καὶ</strong></span> <span class='ocrx_word' id='word_1_155' title='bbox 852 2104 979 2173; x_wconf 68' lang='grc' dir='ltr'>περὶ</span> <span class='ocrx_word' id='word_1_156' title='bbox 1006 2106 1208 2169; x_wconf 75' lang='grc' dir='ltr'>αὐτοὺς</span> <span class='ocrx_word' id='word_1_157' title='bbox 1252 2106 1364 2177; x_wconf 83' lang='grc'>(76)</span> <span class='ocrx_word' id='word_1_158' title='bbox 1412 2108 1796 2165; x_wconf 83' lang='grc' dir='ltr'>δαπανώντων.</span> <span class='ocrx_word' id='word_1_159' title='bbox 1839 2111 2002 2165; x_wconf 84' lang='grc' dir='ltr'>Ὥστε</span> 
     </span>
    </p>
   </div>
   <div class='ocr_carea' id='block_1_24' title="bbox 418 2193 2003 2276">
    <p class='ocr_par' dir='ltr' id='par_1_24' title="bbox 418 2193 2003 2276">
     <span class='ocr_line' id='line_1_24' title="bbox 418 2193 2003 2276; baseline 0.009 -31"><span class='ocrx_word' id='word_1_160' title='bbox 418 2193 453 2244; x_wconf 83' lang='grc' dir='ltr'>ὀ</span> <span class='ocrx_word' id='word_1_161' title='bbox 473 2194 709 2261; x_wconf 80' lang='grc' dir='ltr'>ἀγαπῶν</span> <span class='ocrx_word' id='word_1_162' title='bbox 733 2195 825 2249; x_wconf 77' lang='grc' dir='ltr'>τὸν</span> <span class='ocrx_word' id='word_1_163' title='bbox 857 2196 1086 2268; x_wconf 79' lang='grc' dir='ltr'>πλησίον</span> <span class='ocrx_word' id='word_1_164' title='bbox 1112 2198 1188 2263; x_wconf 87' lang='grc' dir='ltr'>ὡς</span> <span class='ocrx_word' id='word_1_165' title='bbox 1226 2201 1416 2261; x_wconf 78' lang='grc' dir='ltr'>ἑαυτὸν</span> <span class='ocrx_word' id='word_1_166' title='bbox 1440 2202 1592 2255; x_wconf 79' lang='grc' dir='ltr'>οὐδὲν</span> <span class='ocrx_word' id='word_1_167' title='bbox 1620 2204 2003 2276; x_wconf 87' lang='grc' dir='ltr'>περισσότερον</span> 
     </span>
    </p>
   </div>
   <div class='ocr_carea' id='block_1_25' title="bbox 422 2282 2002 2367">
    <p class='ocr_par' dir='ltr' id='par_1_25' title="bbox 422 2282 2002 2367">
     <span class='ocr_line' id='line_1_25' title="bbox 422 2282 2002 2367; baseline 0.008 -33"><span class='ocrx_word' id='word_1_168' title='bbox 422 2282 692 2353; x_wconf 80' lang='grc' dir='ltr'>κέκτηται</span> <span class='ocrx_word' id='word_1_169' title='bbox 739 2284 835 2337; x_wconf 82' lang='grc' dir='ltr'>τοῦ</span> <span class='ocrx_word' id='word_1_170' title='bbox 876 2285 1134 2355; x_wconf 79' lang='grc' dir='ltr'>πλησίον·</span> <span class='ocrx_word' id='word_1_171' title='bbox 1168 2288 1305 2342; x_wconf 82' lang='grc' dir='ltr'><strong>άλλὰ</strong></span> <span class='ocrx_word' id='word_1_172' title='bbox 1338 2290 1443 2362; x_wconf 77' lang='grc' dir='ltr'>μὴν</span> <span class='ocrx_word' id='word_1_173' title='bbox 1472 2292 1636 2364; x_wconf 81' lang='grc' dir='ltr'>φαίνῃ</span> <span class='ocrx_word' id='word_1_174' title='bbox 1681 2293 1820 2364; x_wconf 82' lang='grc' dir='ltr'>ἔχων</span> <span class='ocrx_word' id='word_1_175' title='bbox 1868 2296 2002 2367; x_wconf 73' lang='grc' dir='ltr'>κτή-</span> 
     </span>
    </p>
   </div>
   <div class='ocr_carea' id='block_1_26' title="bbox 426 2375 2003 2457">
    <p class='ocr_par' dir='ltr' id='par_1_26' title="bbox 426 2375 2003 2457">
     <span class='ocr_line' id='line_1_26' title="bbox 426 2375 2003 2457; baseline 0.008 -31"><span class='ocrx_word' id='word_1_176' title='bbox 426 2392 577 2443; x_wconf 86' lang='grc' dir='ltr'>ματα</span> <span class='ocrx_word' id='word_1_177' title='bbox 619 2375 811 2430; x_wconf 77' lang='grc' dir='ltr'>πολλά.</span> <span class='ocrx_word' id='word_1_178' title='bbox 862 2378 1033 2432; x_wconf 86' lang='grc' dir='ltr'>Πόθεν</span> <span class='ocrx_word' id='word_1_179' title='bbox 1082 2379 1258 2435; x_wconf 80' lang='grc' dir='ltr'>ταῦτα</span> <span class='ocrx_word' id='word_1_180' title='bbox 1305 2382 1451 2453; x_wconf 88' lang='grc'>(77);</span> <span class='ocrx_word' id='word_1_181' title='bbox 1503 2384 1748 2457; x_wconf 81' lang='grc' dir='ltr'>ἥδῆλον,</span> <span class='ocrx_word' id='word_1_182' title='bbox 1795 2386 2003 2457; x_wconf 73' lang='grc' dir='ltr'>ὃτιτὴν</span> 
     </span>
    </p>
   </div>
   <div class='ocr_carea' id='block_1_27' title="bbox 427 2456 2003 2547">
    <p class='ocr_par' dir='ltr' id='par_1_27' title="bbox 427 2456 2003 2547">
     <span class='ocr_line' id='line_1_27' title="bbox 427 2456 2003 2547; baseline 0.008 -28"><span class='ocrx_word' id='word_1_183' title='bbox 427 2468 644 2522; x_wconf 81' lang='grc' dir='ltr'>οἰκείαν</span> <span class='ocrx_word' id='word_1_184' title='bbox 693 2470 993 2524; x_wconf 79' lang='grc' dir='ltr'>ἀπόλαυσιν</span> <span class='ocrx_word' id='word_1_185' title='bbox 1043 2474 1442 2546; x_wconf 82' lang='grc' dir='ltr'>προτιμοτέραν</span> <span class='ocrx_word' id='word_1_186' title='bbox 1494 2477 1594 2547; x_wconf 85' lang='grc' dir='ltr'>τῆς</span> <span class='ocrx_word' id='word_1_187' title='bbox 1643 2456 1753 2530; x_wconf 73' lang='grc' dir='ltr'><strong>τῶν</strong></span> <span class='ocrx_word' id='word_1_188' title='bbox 1794 2456 2003 2533; x_wconf 87' lang='grc' dir='ltr'>πολλῶν</span> 
     </span>
    </p>
   </div>
   <div class='ocr_carea' id='block_1_28' title="bbox 423 2559 2005 2642">
    <p class='ocr_par' dir='ltr' id='par_1_28' title="bbox 423 2559 2005 2642">
     <span class='ocr_line' id='line_1_28' title="bbox 423 2559 2005 2642; baseline 0.01 -33"><span class='ocrx_word' id='word_1_189' title='bbox 423 2559 785 2629; x_wconf 72' lang='grc' dir='ltr'>παραμυθίας</span> <span class='ocrx_word' id='word_1_190' title='bbox 837 2563 1182 2633; x_wconf 80' lang='grc' dir='ltr'>ποιούμενος.</span> <span class='ocrx_word' id='word_1_191' title='bbox 1238 2566 1402 2621; x_wconf 84' lang='grc' dir='ltr'>Ὅσον</span> <span class='ocrx_word' id='word_1_192' title='bbox 1428 2563 1520 2622; x_wconf 76' lang='grc' dir='ltr'><strong>οὖν</strong></span> <span class='ocrx_word' id='word_1_193' title='bbox 1571 2569 1886 2634; x_wconf 72' lang='grc' dir='ltr'>πλεονάζεις</span> <span class='ocrx_word' id='word_1_194' title='bbox 1926 2571 2005 2642; x_wconf 85' lang='grc' dir='ltr'>τῷ</span> 
     </span>
    </p>
   </div>
   <div class='ocr_carea' id='block_1_29' title="bbox 423 2649 2004 2733">
    <p class='ocr_par' dir='ltr' id='par_1_29' title="bbox 423 2649 2004 2733">
     <span class='ocr_line' id='line_1_29' title="bbox 423 2649 2004 2733; baseline 0.012 -32"><span class='ocrx_word' id='word_1_195' title='bbox 423 2649 668 2722; x_wconf 76' lang='grc' dir='ltr'>πλούτῳ,</span> <span class='ocrx_word' id='word_1_196' title='bbox 686 2652 939 2719; x_wconf 78' lang='grc' dir='ltr'>τοσοῦτον</span> <span class='ocrx_word' id='word_1_197' title='bbox 960 2655 1225 2722; x_wconf 77' lang='grc' dir='ltr'>ἐλλείπεις</span> <span class='ocrx_word' id='word_1_198' title='bbox 1241 2662 1306 2731; x_wconf 81' lang='grc' dir='ltr'>τῇ</span> <span class='ocrx_word' id='word_1_199' title='bbox 1332 2661 1542 2733; x_wconf 82' lang='grc' dir='ltr'>ἀγάπῃ.</span> <span class='ocrx_word' id='word_1_200' title='bbox 1560 2663 1713 2716; x_wconf 84' lang='grc' dir='ltr'><strong>Ἐπεὶ</strong></span> <span class='ocrx_word' id='word_1_201' title='bbox 1740 2665 1906 2721; x_wconf 83' lang='grc' dir='ltr'>πάλαι</span> <span class='ocrx_word' id='word_1_202' title='bbox 1937 2665 2004 2720; x_wconf 83' lang='grc' dir='ltr'>ἂν</span> 
     </span>
    </p>
   </div>
   <div class='ocr_carea' id='block_1_30' title="bbox 420 2740 2004 2826">
    <p class='ocr_par' dir='ltr' id='par_1_30' title="bbox 420 2740 2004 2826">
     <span class='ocr_line' id='line_1_30' title="bbox 420 2740 2004 2826; baseline 0.009 -31"><span class='ocrx_word' id='word_1_203' title='bbox 420 2740 764 2814; x_wconf 72' lang='grc' dir='ltr'>ιμελέτησας</span> <span class='ocrx_word' id='word_1_204' title='bbox 810 2747 922 2814; x_wconf 83' lang='grc'>(78)</span> <span class='ocrx_word' id='word_1_205' title='bbox 949 2747 1059 2800; x_wconf 84' lang='grc' dir='ltr'><strong>τῶν</strong></span> <span class='ocrx_word' id='word_1_206' title='bbox 1105 2750 1400 2820; x_wconf 86' lang='grc' dir='ltr'>χρημάτων</span> <span class='ocrx_word' id='word_1_207' title='bbox 1422 2752 1519 2824; x_wconf 85' lang='grc' dir='ltr'>τὴν</span> <span class='ocrx_word' id='word_1_208' title='bbox 1552 2752 1931 2826; x_wconf 80' lang='grc' dir='ltr'>ἀλλοτρίωσιν,</span> <span class='ocrx_word' id='word_1_209' title='bbox 1955 2757 2004 2809; x_wconf 89' lang='grc' dir='ltr'>εί</span> 
     </span>
    </p>
   </div>
   <div class='ocr_carea' id='block_1_31' title="bbox 423 2838 2006 2921">
    <p class='ocr_par' dir='ltr' id='par_1_31' title="bbox 423 2838 2006 2921">
     <span class='ocr_line' id='line_1_31' title="bbox 423 2838 2006 2921; baseline 0.01 -34"><span class='ocrx_word' id='word_1_210' title='bbox 423 2838 743 2908; x_wconf 74' lang='grc' dir='ltr'>ἠγαπηκεις</span> <span class='ocrx_word' id='word_1_211' title='bbox 791 2854 884 2891; x_wconf 91' lang='grc' dir='ltr'><strong>σου</strong></span> <span class='ocrx_word' id='word_1_212' title='bbox 929 2839 1022 2901; x_wconf 85' lang='grc' dir='ltr'><strong>τὸν</strong></span> <span class='ocrx_word' id='word_1_213' title='bbox 1072 2841 1295 2911; x_wconf 85' lang='grc' dir='ltr'>πλησίον</span> <span class='ocrx_word' id='word_1_214' title='bbox 1325 2843 1456 2911; x_wconf 89' lang='grc'>(79).</span> <span class='ocrx_word' id='word_1_215' title='bbox 1492 2846 1629 2898; x_wconf 74' lang='grc' dir='ltr'>Νυνὶ</span> <span class='ocrx_word' id='word_1_216' title='bbox 1674 2846 1732 2900; x_wconf 76' lang='grc' dir='ltr'><strong>δὲ</strong></span> <span class='ocrx_word' id='word_1_217' title='bbox 1767 2848 2006 2921; x_wconf 84' lang='grc' dir='ltr'>προσπέ-</span> 
     </span>
    </p>
   </div>
   <div class='ocr_carea' id='block_1_32' title="bbox 424 2927 2006 3010">
    <p class='ocr_par' dir='ltr' id='par_1_32' title="bbox 424 2927 2006 3010">
     <span class='ocr_line' id='line_1_32' title="bbox 424 2927 2006 3010; baseline 0.009 -32"><span class='ocrx_word' id='word_1_218' title='bbox 424 2927 571 2995; x_wconf 72' lang='grc' dir='ltr'>φυκέ</span> <span class='ocrx_word' id='word_1_219' title='bbox 600 2945 684 2982; x_wconf 86' lang='grc' dir='ltr'><strong>σοι</strong></span> <span class='ocrx_word' id='word_1_220' title='bbox 719 2930 789 2981; x_wconf 74' lang='grc' dir='ltr'>τὰ</span> <span class='ocrx_word' id='word_1_221' title='bbox 819 2931 1074 3001; x_wconf 79' lang='grc' dir='ltr'>χρήματα</span> <span class='ocrx_word' id='word_1_222' title='bbox 1108 2932 1267 2985; x_wconf 85' lang='grc' dir='ltr'>πλέον</span> <span class='ocrx_word' id='word_1_223' title='bbox 1315 2933 1348 3004; x_wconf 79' lang='grc' dir='ltr'>ἢ</span> <span class='ocrx_word' id='word_1_224' title='bbox 1396 2934 1463 2987; x_wconf 85' lang='grc' dir='ltr'><strong>τά</strong></span> <span class='ocrx_word' id='word_1_225' title='bbox 1506 2936 1640 3007; x_wconf 86' lang='grc' dir='ltr'>μέλη</span> <span class='ocrx_word' id='word_1_226' title='bbox 1687 2937 1783 2991; x_wconf 79' lang='grc' dir='ltr'>τοῦ</span> <span class='ocrx_word' id='word_1_227' title='bbox 1820 2937 2006 3010; x_wconf 83' lang='grc' dir='ltr'>σώμα-</span> 
     </span>
    </p>
   </div>
   <div class='ocr_carea' id='block_1_33' title="bbox 421 3020 2004 3103">
    <p class='ocr_par' dir='ltr' id='par_1_33' title="bbox 421 3020 2004 3103">
     <span class='ocr_line' id='line_1_33' title="bbox 421 3020 2004 3103; baseline 0.009 -32"><span class='ocrx_word' id='word_1_228' title='bbox 421 3035 555 3083; x_wconf 82' lang='grc' dir='ltr'>τος,</span> <span class='ocrx_word' id='word_1_229' title='bbox 597 3021 695 3073; x_wconf 74' lang='grc' dir='ltr'>καὶ</span> <span class='ocrx_word' id='word_1_230' title='bbox 733 3020 891 3075; x_wconf 85' lang='grc' dir='ltr'>λυπεῖ</span> <span class='ocrx_word' id='word_1_231' title='bbox 923 3039 984 3075; x_wconf 89' lang='grc' dir='ltr'><strong>σε</strong></span> <span class='ocrx_word' id='word_1_232' title='bbox 1031 3023 1212 3077; x_wconf 81' lang='grc' dir='ltr'>αὐτῶν</span> <span class='ocrx_word' id='word_1_233' title='bbox 1258 3026 1286 3078; x_wconf 87' lang='grc' dir='ltr'>ὁ</span> <span class='ocrx_word' id='word_1_234' title='bbox 1322 3029 1600 3098; x_wconf 85' lang='grc' dir='ltr'>χωρισμὸς</span> <span class='ocrx_word' id='word_1_235' title='bbox 1628 3029 1705 3093; x_wconf 77' lang='grc' dir='ltr'>ὡς</span> <span class='ocrx_word' id='word_1_236' title='bbox 1750 3032 2004 3103; x_wconf 82' lang='grc' dir='ltr'>ἀκρωτη-</span> 
     </span>
    </p>
   </div>
   <div class='ocr_carea' id='block_1_34' title="bbox 2080 1358 3470 1439">
    <p class='ocr_par' dir='ltr' id='par_1_34' title="bbox 2080 1358 3470 1439">
     <span class='ocr_line' id='line_1_34' title="bbox 2080 1358 3470 1439; baseline -0.012 -13"><span class='ocrx_word' id='word_1_237' title='bbox 2080 1371 2283 1426; x_wconf 76' lang='lat' dir='ltr'><strong>‘lexisti</strong></span> <span class='ocrx_word' id='word_1_238' title='bbox 2343 1369 2651 1439; x_wconf 74' lang='lat' dir='ltr'><strong>proximum</strong></span> <span class='ocrx_word' id='word_1_239' title='bbox 2704 1379 2858 1420; x_wconf 87' lang='lat' dir='ltr'><strong>tuum</strong></span> <span class='ocrx_word' id='word_1_240' title='bbox 2922 1363 3066 1418; x_wconf 86' lang='lat' dir='ltr'><strong>sicut</strong></span> <span class='ocrx_word' id='word_1_241' title='bbox 3112 1361 3348 1431; x_wconf 85' lang='lat' dir='ltr'><strong>teipsum</strong></span> <span class='ocrx_word' id='word_1_242' title='bbox 3403 1358 3470 1410; x_wconf 76' lang='lat'><strong>‘°.</strong></span> 
     </span>
    </p>
   </div>
   <div class='ocr_carea' id='block_1_35' title="bbox 2104 536 3678 612">
    <p class='ocr_par' dir='ltr' id='par_1_35' title="bbox 2104 536 3678 612">
     <span class='ocr_line' id='line_1_35' title="bbox 2104 536 3678 612; baseline -0.01 -10"><span class='ocrx_word' id='word_1_243' title='bbox 2104 547 2183 602; x_wconf 90' lang='lat' dir='ltr'><strong>sis</strong></span> <span class='ocrx_word' id='word_1_244' title='bbox 2211 546 2268 599; x_wconf 92' lang='lat' dir='ltr'><strong>in</strong></span> <span class='ocrx_word' id='word_1_245' title='bbox 2295 543 2390 599; x_wconf 86' lang='lat' dir='ltr'><strong>Dei</strong></span> <span class='ocrx_word' id='word_1_246' title='bbox 2420 557 2649 612; x_wconf 84' lang='lat' dir='ltr'><strong>regnum</strong></span> <span class='ocrx_word' id='word_1_247' title='bbox 2681 541 2914 611; x_wconf 78' lang='lat' dir='ltr'><strong>ingredi.</strong></span> <span class='ocrx_word' id='word_1_248' title='bbox 2943 541 3022 594; x_wconf 84' lang='lat' dir='ltr'><strong>Ac</strong></span> <span class='ocrx_word' id='word_1_249' title='bbox 3051 537 3266 608; x_wconf 82' lang='lat' dir='ltr'><strong>quidem</strong></span> <span class='ocrx_word' id='word_1_250' title='bbox 3291 537 3335 591; x_wconf 91' lang='lat' dir='ltr'><strong>si</strong></span> <span class='ocrx_word' id='word_1_251' title='bbox 3354 536 3596 590; x_wconf 78' lang='lat' dir='ltr'><strong>medicus</strong></span> <span class='ocrx_word' id='word_1_252' title='bbox 3615 549 3678 588; x_wconf 88' lang='lat' dir='ltr'><strong>ea</strong></span> 
     </span>
    </p>
   </div>
   <div class='ocr_carea' id='block_1_36' title="bbox 2103 627 3679 706">
    <p class='ocr_par' dir='ltr' id='par_1_36' title="bbox 2103 627 3679 706">
     <span class='ocr_line' id='line_1_36' title="bbox 2103 627 3679 706; baseline -0.008 -14"><span class='ocrx_word' id='word_1_253' title='bbox 2103 638 2347 692; x_wconf 87' lang='lat' dir='ltr'><strong>membra</strong></span> <span class='ocrx_word' id='word_1_254' title='bbox 2399 651 2521 706; x_wconf 69' lang='lat' dir='ltr'><strong>qua:</strong></span> <span class='ocrx_word' id='word_1_255' title='bbox 2567 650 2599 688; x_wconf 92' lang='lat' dir='ltr'><strong>a</strong></span> <span class='ocrx_word' id='word_1_256' title='bbox 2653 642 2847 692; x_wconf 89' lang='lat' dir='ltr'><strong>natura</strong></span> <span class='ocrx_word' id='word_1_257' title='bbox 2882 632 3027 687; x_wconf 86' lang='lat' dir='ltr'><strong>vela</strong></span> <span class='ocrx_word' id='word_1_258' title='bbox 3063 629 3315 701; x_wconf 88' lang='lat' dir='ltr'><strong>quapiam</strong></span> <span class='ocrx_word' id='word_1_259' title='bbox 3366 627 3679 681; x_wconf 79' lang='lat' dir='ltr'><strong>inﬁrmitate</strong></span> 
     </span>
    </p>
   </div>
   <div class='ocr_carea' id='block_1_37' title="bbox 2101 710 3679 789">
    <p class='ocr_par' dir='ltr' id='par_1_37' title="bbox 2101 710 3679 789">
     <span class='ocr_line' id='line_1_37' title="bbox 2101 710 3679 789; baseline -0.011 -8"><span class='ocrx_word' id='word_1_260' title='bbox 2101 727 2293 782; x_wconf 77' lang='lat' dir='ltr'><strong>mutila</strong></span> <span class='ocrx_word' id='word_1_261' title='bbox 2324 724 2510 789; x_wconf 89' lang='lat' dir='ltr'><strong>habes,</strong></span> <span class='ocrx_word' id='word_1_262' title='bbox 2543 722 2924 779; x_wconf 84' lang='lat' dir='ltr'><strong>restituturum</strong></span> <span class='ocrx_word' id='word_1_263' title='bbox 2958 735 3017 776; x_wconf 90' lang='lat' dir='ltr'><strong>sc</strong></span> <span class='ocrx_word' id='word_1_264' title='bbox 3039 717 3402 787; x_wconf 85' lang='lat' dir='ltr'><strong>promitteret,</strong></span> <span class='ocrx_word' id='word_1_265' title='bbox 3433 710 3679 784; x_wconf 79' lang='lat' dir='ltr'><strong>profecto</strong></span> 
     </span>
    </p>
   </div>
   <div class='ocr_carea' id='block_1_38' title="bbox 2104 808 3679 878">
    <p class='ocr_par' dir='ltr' id='par_1_38' title="bbox 2104 808 3679 878">
     <span class='ocr_line' id='line_1_38' title="bbox 2104 808 3679 878; baseline -0.009 -7"><span class='ocrx_word' id='word_1_266' title='bbox 2104 818 2156 871; x_wconf 92' lang='lat' dir='ltr'><strong>id</strong></span> <span class='ocrx_word' id='word_1_267' title='bbox 2189 832 2313 871; x_wconf 90' lang='lat' dir='ltr'><strong>cum</strong></span> <span class='ocrx_word' id='word_1_268' title='bbox 2364 830 2597 870; x_wconf 66' lang='lat' dir='ltr'><strong>maerore</strong></span> <span class='ocrx_word' id='word_1_269' title='bbox 2652 828 2758 866; x_wconf 92' lang='lat' dir='ltr'><strong>non</strong></span> <span class='ocrx_word' id='word_1_270' title='bbox 2801 811 3066 865; x_wconf 91' lang='lat' dir='ltr'><strong>audires:</strong></span> <span class='ocrx_word' id='word_1_271' title='bbox 3100 808 3226 878; x_wconf 82' lang='lat' dir='ltr'><strong>quia</strong></span> <span class='ocrx_word' id='word_1_272' title='bbox 3273 820 3404 860; x_wconf 86' lang='lat' dir='ltr'><strong>vero</strong></span> <span class='ocrx_word' id='word_1_273' title='bbox 3452 817 3679 874; x_wconf 86' lang='lat' dir='ltr'><strong>magnus</strong></span> 
     </span>
    </p>
   </div>
   <div class='ocr_carea' id='block_1_39' title="bbox 2104 898 3678 974">
    <p class='ocr_par' dir='ltr' id='par_1_39' title="bbox 2104 898 3678 974">
     <span class='ocr_line' id='line_1_39' title="bbox 2104 898 3678 974; baseline -0.01 -10"><span class='ocrx_word' id='word_1_274' title='bbox 2104 910 2408 964; x_wconf 88' lang='lat' dir='ltr'><strong>animorum</strong></span> <span class='ocrx_word' id='word_1_275' title='bbox 2440 907 2684 961; x_wconf 88' lang='lat' dir='ltr'><strong>medicus</strong></span> <span class='ocrx_word' id='word_1_276' title='bbox 2720 911 2774 958; x_wconf 88' lang='lat' dir='ltr'><strong>te</strong></span> <span class='ocrx_word' id='word_1_277' title='bbox 2828 903 3117 974; x_wconf 77' lang='lat' dir='ltr'><strong>praecipuis</strong></span> <span class='ocrx_word' id='word_1_278' title='bbox 3164 902 3328 955; x_wconf 88' lang='lat' dir='ltr'><strong>rebus</strong></span> <span class='ocrx_word' id='word_1_279' title='bbox 3356 898 3678 953; x_wconf 90' lang='lat' dir='ltr'><strong>destitutum</strong></span> 
     </span>
    </p>
   </div>
   <div class='ocr_carea' id='block_1_40' title="bbox 2103 988 3679 1069">
    <p class='ocr_par' dir='ltr' id='par_1_40' title="bbox 2103 988 3679 1069">
     <span class='ocr_line' id='line_1_40' title="bbox 2103 988 3679 1069; baseline -0.008 -16"><span class='ocrx_word' id='word_1_280' title='bbox 2103 1000 2219 1053; x_wconf 84' lang='lat' dir='ltr'><strong>vult</strong></span> <span class='ocrx_word' id='word_1_281' title='bbox 2252 997 2555 1069; x_wconf 88' lang='lat' dir='ltr'><strong>perfectum</strong></span> <span class='ocrx_word' id='word_1_282' title='bbox 2600 994 2847 1057; x_wconf 83' lang='lat' dir='ltr'><strong>reddere,</strong></span> <span class='ocrx_word' id='word_1_283' title='bbox 2892 991 3215 1047; x_wconf 80' lang='lat' dir='ltr'><strong>beneficium</strong></span> <span class='ocrx_word' id='word_1_284' title='bbox 3259 988 3525 1060; x_wconf 76' lang='lat' dir='ltr'><strong>eiusmodi</strong></span> <span class='ocrx_word' id='word_1_285' title='bbox 3567 1002 3679 1041; x_wconf 92' lang='lat' dir='ltr'><strong>non</strong></span> 
     </span>
    </p>
   </div>
   <div class='ocr_carea' id='block_1_41' title="bbox 2103 1080 3675 1162">
    <p class='ocr_par' dir='ltr' id='par_1_41' title="bbox 2103 1080 3675 1162">
     <span class='ocr_line' id='line_1_41' title="bbox 2103 1080 3675 1162; baseline -0.008 -15"><span class='ocrx_word' id='word_1_286' title='bbox 2103 1093 2328 1162; x_wconf 79' lang='lat' dir='ltr'><strong>accipis,</strong></span> <span class='ocrx_word' id='word_1_287' title='bbox 2354 1092 2447 1146; x_wconf 89' lang='lat' dir='ltr'><strong>sed</strong></span> <span class='ocrx_word' id='word_1_288' title='bbox 2476 1092 2627 1160; x_wconf 84' lang='lat' dir='ltr'><strong>luges</strong></span> <span class='ocrx_word' id='word_1_289' title='bbox 2649 1102 2713 1141; x_wconf 86' lang='lat' dir='ltr'><strong>ac</strong></span> <span class='ocrx_word' id='word_1_290' title='bbox 2762 1093 2993 1142; x_wconf 62' lang='lat' dir='ltr'><strong>maestus</strong></span> <span class='ocrx_word' id='word_1_291' title='bbox 3046 1081 3296 1138; x_wconf 80' lang='lat' dir='ltr'><strong>elliceris.</strong></span> <span class='ocrx_word' id='word_1_292' title='bbox 3324 1080 3459 1134; x_wconf 87' lang='lat' dir='ltr'><strong>Nam</strong></span> <span class='ocrx_word' id='word_1_293' title='bbox 3489 1086 3675 1149; x_wconf 89' lang='lat' dir='ltr'><strong>aperte</strong></span> 
     </span>
    </p>
   </div>
   <div class='ocr_carea' id='block_1_42' title="bbox 2103 1176 3679 1255">
    <p class='ocr_par' dir='ltr' id='par_1_42' title="bbox 2103 1176 3679 1255">
     <span class='ocr_line' id='line_1_42' title="bbox 2103 1176 3679 1255; baseline -0.01 -15"><span class='ocrx_word' id='word_1_294' title='bbox 2103 1193 2265 1255; x_wconf 89' lang='lat' dir='ltr'><strong>atque</strong></span> <span class='ocrx_word' id='word_1_295' title='bbox 2289 1184 2569 1240; x_wconf 81' lang='lat' dir='ltr'><strong>evidenter</strong></span> <span class='ocrx_word' id='word_1_296' title='bbox 2615 1181 2805 1252; x_wconf 88' lang='lat' dir='ltr'><strong>procul</strong></span> <span class='ocrx_word' id='word_1_297' title='bbox 2845 1179 2977 1232; x_wconf 88' lang='lat' dir='ltr'><strong>abes</strong></span> <span class='ocrx_word' id='word_1_298' title='bbox 3035 1176 3102 1231; x_wconf 90' lang='lat' dir='ltr'><strong>ab</strong></span> <span class='ocrx_word' id='word_1_299' title='bbox 3135 1176 3228 1228; x_wconf 88' lang='lat' dir='ltr'><strong>illo</strong></span> <span class='ocrx_word' id='word_1_300' title='bbox 3274 1179 3570 1243; x_wconf 67' lang='lat' dir='ltr'><strong>praecepto.</strong></span> <span class='ocrx_word' id='word_1_301' title='bbox 3614 1185 3679 1225; x_wconf 89' lang='lat' dir='ltr'><strong>ac</strong></span> 
     </span>
    </p>
   </div>
   <div class='ocr_carea' id='block_1_43' title="bbox 2104 1262 3684 1344">
    <p class='ocr_par' dir='ltr' id='par_1_43' title="bbox 2104 1262 3684 1344">
     <span class='ocr_line' id='line_1_43' title="bbox 2104 1262 3684 1344; baseline -0.01 -12"><span class='ocrx_word' id='word_1_302' title='bbox 2104 1278 2244 1332; x_wconf 85' lang='lat' dir='ltr'><strong>falso</strong></span> <span class='ocrx_word' id='word_1_303' title='bbox 2295 1275 2428 1331; x_wconf 90' lang='lat' dir='ltr'><strong>illud</strong></span> <span class='ocrx_word' id='word_1_304' title='bbox 2478 1291 2509 1329; x_wconf 87' lang='lat' dir='ltr'><strong>a</strong></span> <span class='ocrx_word' id='word_1_305' title='bbox 2544 1282 2596 1328; x_wconf 90' lang='lat' dir='ltr'><strong>te</strong></span> <span class='ocrx_word' id='word_1_306' title='bbox 2626 1272 2812 1344; x_wconf 82' lang='lat' dir='ltr'><strong>perﬁci</strong></span> <span class='ocrx_word' id='word_1_307' title='bbox 2845 1269 3087 1332; x_wconf 81' lang='lat' dir='ltr'><strong>testaris,</strong></span> <span class='ocrx_word' id='word_1_308' title='bbox 3114 1266 3370 1321; x_wconf 81' lang='lat' dir='ltr'><strong>videlicet</strong></span> <span class='ocrx_word' id='word_1_309' title='bbox 3417 1262 3564 1334; x_wconf 90' lang='lat' dir='ltr'><strong>quod</strong></span> <span class='ocrx_word' id='word_1_310' title='bbox 3594 1262 3684 1316; x_wconf 82' lang='lat' dir='ltr'><strong>di-</strong></span> 
     </span>
    </p>
   </div>
   <div class='ocr_carea' id='block_1_44' title="bbox 3539 1355 3680 1413">
    <p class='ocr_par' dir='ltr' id='par_1_44' title="bbox 3539 1355 3680 1413">
     <span class='ocr_line' id='line_1_44' title="bbox 3539 1355 3680 1413; baseline 0.035 -5"><span class='ocrx_word' id='word_1_311' title='bbox 3539 1355 3680 1413; x_wconf 85' lang='lat' dir='ltr'><strong>Ecce</strong></span> 
     </span>
    </p>
   </div>
   <div class='ocr_carea' id='block_1_45' title="bbox 2101 1452 3681 1531">
    <p class='ocr_par' dir='ltr' id='par_1_45' title="bbox 2101 1452 3681 1531">
     <span class='ocr_line' id='line_1_45' title="bbox 2101 1452 3681 1531; baseline -0.009 -11"><span class='ocrx_word' id='word_1_312' title='bbox 2101 1465 2244 1520; x_wconf 81' lang='lat' dir='ltr'><strong>eniin</strong></span> <span class='ocrx_word' id='word_1_313' title='bbox 2290 1464 2396 1518; x_wconf 90' lang='lat' dir='ltr'><strong>hoc</strong></span> <span class='ocrx_word' id='word_1_314' title='bbox 2440 1462 2656 1516; x_wconf 85' lang='lat' dir='ltr'><strong>Domini</strong></span> <span class='ocrx_word' id='word_1_315' title='bbox 2688 1467 2957 1531; x_wconf 68' lang='lat' dir='ltr'><strong>princepto</strong></span> <span class='ocrx_word' id='word_1_316' title='bbox 2989 1455 3336 1512; x_wconf 87' lang='lat' dir='ltr'><strong>convinceris</strong></span> <span class='ocrx_word' id='word_1_317' title='bbox 3368 1468 3532 1523; x_wconf 87' lang='lat' dir='ltr'><strong>quam</strong></span> <span class='ocrx_word' id='word_1_318' title='bbox 3559 1452 3681 1506; x_wconf 82' lang='lat' dir='ltr'><strong>lon-</strong></span> 
     </span>
    </p>
   </div>
   <div class='ocr_carea' id='block_1_46' title="bbox 2102 1547 3681 1627">
    <p class='ocr_par' dir='ltr' id='par_1_46' title="bbox 2102 1547 3681 1627">
     <span class='ocr_line' id='line_1_46' title="bbox 2102 1547 3681 1627; baseline -0.009 -16"><span class='ocrx_word' id='word_1_319' title='bbox 2102 1555 2326 1627; x_wconf 88' lang='lat' dir='ltr'><strong>gissime</strong></span> <span class='ocrx_word' id='word_1_320' title='bbox 2354 1554 2547 1609; x_wconf 89' lang='lat' dir='ltr'><strong>abesse</strong></span> <span class='ocrx_word' id='word_1_321' title='bbox 2573 1570 2604 1607; x_wconf 86' lang='lat' dir='ltr'><strong>a</strong></span> <span class='ocrx_word' id='word_1_322' title='bbox 2633 1568 2759 1607; x_wconf 89' lang='lat' dir='ltr'><strong>vera</strong></span> <span class='ocrx_word' id='word_1_323' title='bbox 2781 1551 3067 1607; x_wconf 84' lang='lat' dir='ltr'><strong>charitate.</strong></span> <span class='ocrx_word' id='word_1_324' title='bbox 3098 1547 3234 1600; x_wconf 84' lang='lat' dir='ltr'><strong>Nam</strong></span> <span class='ocrx_word' id='word_1_325' title='bbox 3270 1547 3316 1601; x_wconf 90' lang='lat' dir='ltr'><strong>si</strong></span> <span class='ocrx_word' id='word_1_326' title='bbox 3347 1559 3535 1599; x_wconf 90' lang='lat' dir='ltr'><strong>verum</strong></span> <span class='ocrx_word' id='word_1_327' title='bbox 3560 1551 3681 1599; x_wconf 86' lang='lat' dir='ltr'><strong>erat</strong></span> 
     </span>
    </p>
   </div>
   <div class='ocr_carea' id='block_1_47' title="bbox 2100 1634 3680 1719">
    <p class='ocr_par' dir='ltr' id='par_1_47' title="bbox 2100 1634 3680 1719">
     <span class='ocr_line' id='line_1_47' title="bbox 2100 1634 3680 1719; baseline -0.008 -17"><span class='ocrx_word' id='word_1_328' title='bbox 2100 1648 2249 1719; x_wconf 86' lang='lat' dir='ltr'><strong>quod</strong></span> <span class='ocrx_word' id='word_1_329' title='bbox 2287 1646 2591 1708; x_wconf 79' lang='lat' dir='ltr'><strong>aliirmasti,</strong></span> <span class='ocrx_word' id='word_1_330' title='bbox 2641 1659 2891 1700; x_wconf 78' lang='lat' dir='ltr'><strong>servasse</strong></span> <span class='ocrx_word' id='word_1_331' title='bbox 2920 1651 2971 1697; x_wconf 92' lang='lat' dir='ltr'><strong>te</strong></span> <span class='ocrx_word' id='word_1_332' title='bbox 2998 1657 3026 1695; x_wconf 86' lang='lat' dir='ltr'><strong>a</strong></span> <span class='ocrx_word' id='word_1_333' title='bbox 3052 1642 3338 1711; x_wconf 86' lang='lat' dir='ltr'><strong>juventute</strong></span> <span class='ocrx_word' id='word_1_334' title='bbox 3370 1634 3680 1691; x_wconf 85' lang='lat' dir='ltr'><strong>dilectionis</strong></span> 
     </span>
    </p>
   </div>
   <div class='ocr_carea' id='block_1_48' title="bbox 2103 1729 3680 1809">
    <p class='ocr_par' dir='ltr' id='par_1_48' title="bbox 2103 1729 3680 1809">
     <span class='ocr_line' id='line_1_48' title="bbox 2103 1729 3680 1809; baseline -0.01 -13"><span class='ocrx_word' id='word_1_335' title='bbox 2103 1748 2450 1809; x_wconf 63' lang='lat' dir='ltr'><strong>praeceptum,</strong></span> <span class='ocrx_word' id='word_1_336' title='bbox 2500 1752 2564 1791; x_wconf 94' lang='lat' dir='ltr'><strong>ac</strong></span> <span class='ocrx_word' id='word_1_337' title='bbox 2610 1746 2820 1791; x_wconf 89' lang='lat' dir='ltr'><strong>tantum</strong></span> <span class='ocrx_word' id='word_1_338' title='bbox 2867 1733 3125 1789; x_wconf 89' lang='lat' dir='ltr'><strong>tribuisse</strong></span> <span class='ocrx_word' id='word_1_339' title='bbox 3165 1729 3461 1799; x_wconf 80' lang='lat' dir='ltr'><strong>unicuique</strong></span> <span class='ocrx_word' id='word_1_340' title='bbox 3503 1742 3680 1798; x_wconf 86' lang='lat' dir='ltr'><strong>quan-</strong></span> 
     </span>
    </p>
   </div>
   <div class='ocr_carea' id='block_1_49' title="bbox 2104 1824 3678 1901">
    <p class='ocr_par' dir='ltr' id='par_1_49' title="bbox 2104 1824 3678 1901">
     <span class='ocr_line' id='line_1_49' title="bbox 2104 1824 3678 1901; baseline -0.006 -16"><span class='ocrx_word' id='word_1_341' title='bbox 2104 1841 2295 1887; x_wconf 81' lang='lat' dir='ltr'><strong>tumet</strong></span> <span class='ocrx_word' id='word_1_342' title='bbox 2328 1832 2423 1886; x_wconf 88' lang='lat' dir='ltr'><strong>tibi</strong></span> <span class='ocrx_word' id='word_1_343' title='bbox 2456 1831 2582 1901; x_wconf 88' lang='lat' dir='ltr'><strong>ipsi,</strong></span> <span class='ocrx_word' id='word_1_344' title='bbox 2632 1830 2798 1895; x_wconf 90' lang='lat' dir='ltr'><strong>unde,</strong></span> <span class='ocrx_word' id='word_1_345' title='bbox 2832 1842 3040 1899; x_wconf 66' lang='lat' dir='ltr'><strong>quaeso,</strong></span> <span class='ocrx_word' id='word_1_346' title='bbox 3088 1827 3203 1881; x_wconf 71' lang='lat' dir='ltr'><strong>haec</strong></span> <span class='ocrx_word' id='word_1_347' title='bbox 3237 1826 3335 1880; x_wconf 90' lang='lat' dir='ltr'><strong>tibi</strong></span> <span class='ocrx_word' id='word_1_348' title='bbox 3362 1824 3678 1878; x_wconf 83' lang='lat' dir='ltr'><strong>divitiarum</strong></span> 
     </span>
    </p>
   </div>
   <div class='ocr_carea' id='block_1_50' title="bbox 2102 1917 3681 1994">
    <p class='ocr_par' dir='ltr' id='par_1_50' title="bbox 2102 1917 3681 1994">
     <span class='ocr_line' id='line_1_50' title="bbox 2102 1917 3681 1994; baseline -0.009 -13"><span class='ocrx_word' id='word_1_349' title='bbox 2102 1924 2296 1994; x_wconf 80' lang='lat' dir='ltr'><strong>cepia?</strong></span> <span class='ocrx_word' id='word_1_350' title='bbox 2322 1922 2455 1978; x_wconf 87' lang='lat' dir='ltr'><strong>Nam</strong></span> <span class='ocrx_word' id='word_1_351' title='bbox 2482 1937 2776 1994; x_wconf 71' lang='lat' dir='ltr'><strong>egenorum</strong></span> <span class='ocrx_word' id='word_1_352' title='bbox 2802 1935 2933 1975; x_wconf 89' lang='lat' dir='ltr'><strong>cura</strong></span> <span class='ocrx_word' id='word_1_353' title='bbox 2965 1934 3097 1989; x_wconf 89' lang='lat' dir='ltr'><strong>opes</strong></span> <span class='ocrx_word' id='word_1_354' title='bbox 3128 1917 3389 1980; x_wconf 85' lang='lat' dir='ltr'><strong>absumit,</strong></span> <span class='ocrx_word' id='word_1_355' title='bbox 3426 1930 3549 1969; x_wconf 85' lang='lat' dir='ltr'><strong>cum</strong></span> <span class='ocrx_word' id='word_1_356' title='bbox 3581 1928 3681 1984; x_wconf 92' lang='lat' dir='ltr'><strong>pro</strong></span> 
     </span>
    </p>
   </div>
   <div class='ocr_carea' id='block_1_51' title="bbox 2103 2005 3682 2086">
    <p class='ocr_par' dir='ltr' id='par_1_51' title="bbox 2103 2005 3682 2086">
     <span class='ocr_line' id='line_1_51' title="bbox 2103 2005 3682 2086; baseline -0.007 -16"><span class='ocrx_word' id='word_1_357' title='bbox 2103 2031 2204 2071; x_wconf 88' lang='lat' dir='ltr'><strong>sua</strong></span> <span class='ocrx_word' id='word_1_358' title='bbox 2229 2015 2463 2086; x_wconf 76' lang='lat' dir='ltr'><strong>quisque</strong></span> <span class='ocrx_word' id='word_1_359' title='bbox 2490 2013 2817 2068; x_wconf 84' lang='lat' dir='ltr'><strong>necessitate</strong></span> <span class='ocrx_word' id='word_1_360' title='bbox 2869 2010 3105 2081; x_wconf 90' lang='lat' dir='ltr'><strong>accipiat</strong></span> <span class='ocrx_word' id='word_1_361' title='bbox 3154 2022 3345 2078; x_wconf 87' lang='lat' dir='ltr'><strong>pauca,</strong></span> <span class='ocrx_word' id='word_1_362' title='bbox 3388 2005 3682 2074; x_wconf 84' lang='lat' dir='ltr'><strong>cunctique</strong></span> 
     </span>
    </p>
   </div>
   <div class='ocr_carea' id='block_1_52' title="bbox 2102 2099 3680 2172">
    <p class='ocr_par' dir='ltr' id='par_1_52' title="bbox 2102 2099 3680 2172">
     <span class='ocr_line' id='line_1_52' title="bbox 2102 2099 3680 2172; baseline -0.009 -9"><span class='ocrx_word' id='word_1_363' title='bbox 2102 2122 2233 2163; x_wconf 88' lang='lat' dir='ltr'><strong>suas</strong></span> <span class='ocrx_word' id='word_1_364' title='bbox 2281 2106 2443 2160; x_wconf 88' lang='lat' dir='ltr'><strong>simul</strong></span> <span class='ocrx_word' id='word_1_365' title='bbox 2490 2103 2776 2159; x_wconf 80' lang='lat' dir='ltr'><strong>facultates</strong></span> <span class='ocrx_word' id='word_1_366' title='bbox 2824 2102 3151 2172; x_wconf 82' lang='lat' dir='ltr'><strong>partiamur,</strong></span> <span class='ocrx_word' id='word_1_367' title='bbox 3191 2106 3248 2154; x_wconf 90' lang='lat' dir='ltr'><strong>et</strong></span> <span class='ocrx_word' id='word_1_368' title='bbox 3294 2099 3347 2152; x_wconf 91' lang='lat' dir='ltr'><strong>in</strong></span> <span class='ocrx_word' id='word_1_369' title='bbox 3385 2111 3680 2167; x_wconf 81' lang='lat' dir='ltr'><strong>egenorum</strong></span> 
     </span>
    </p>
   </div>
   <div class='ocr_carea' id='block_1_53' title="bbox 2104 2188 3681 2268">
    <p class='ocr_par' dir='ltr' id='par_1_53' title="bbox 2104 2188 3681 2268">
     <span class='ocr_line' id='line_1_53' title="bbox 2104 2188 3681 2268; baseline -0.008 -15"><span class='ocrx_word' id='word_1_370' title='bbox 2104 2214 2239 2254; x_wconf 90' lang='lat' dir='ltr'><strong>usus</strong></span> <span class='ocrx_word' id='word_1_371' title='bbox 2269 2197 2604 2268; x_wconf 87' lang='lat' dir='ltr'><strong>impendant.</strong></span> <span class='ocrx_word' id='word_1_372' title='bbox 2636 2195 2819 2263; x_wconf 87' lang='lat' dir='ltr'><strong>Quare</strong></span> <span class='ocrx_word' id='word_1_373' title='bbox 2857 2194 2951 2262; x_wconf 89' lang='lat' dir='ltr'><strong>qui</strong></span> <span class='ocrx_word' id='word_1_374' title='bbox 3002 2193 3180 2262; x_wconf 78' lang='lat' dir='ltr'><strong>diligit</strong></span> <span class='ocrx_word' id='word_1_375' title='bbox 3240 2189 3552 2262; x_wconf 74' lang='lat' dir='ltr'><strong>proximum</strong></span> <span class='ocrx_word' id='word_1_376' title='bbox 3599 2188 3681 2242; x_wconf 86' lang='lat' dir='ltr'><strong>uti</strong></span> 
     </span>
    </p>
   </div>
   <div class='ocr_carea' id='block_1_54' title="bbox 2104 2281 3682 2360">
    <p class='ocr_par' dir='ltr' id='par_1_54' title="bbox 2104 2281 3682 2360">
     <span class='ocr_line' id='line_1_54' title="bbox 2104 2281 3682 2360; baseline -0.008 -15"><span class='ocrx_word' id='word_1_377' title='bbox 2104 2291 2365 2360; x_wconf 90' lang='lat' dir='ltr'><strong>seipsum,</strong></span> <span class='ocrx_word' id='word_1_378' title='bbox 2388 2288 2521 2342; x_wconf 90' lang='lat' dir='ltr'><strong>nihil</strong></span> <span class='ocrx_word' id='word_1_379' title='bbox 2547 2289 2781 2357; x_wconf 87' lang='lat' dir='ltr'><strong>amplius</strong></span> <span class='ocrx_word' id='word_1_380' title='bbox 2806 2300 2969 2356; x_wconf 88' lang='lat' dir='ltr'><strong>quam</strong></span> <span class='ocrx_word' id='word_1_381' title='bbox 2990 2285 3273 2356; x_wconf 82' lang='lat' dir='ltr'><strong>proximus</strong></span> <span class='ocrx_word' id='word_1_382' title='bbox 3303 2282 3566 2353; x_wconf 89' lang='lat' dir='ltr'><strong>possidet.</strong></span> <span class='ocrx_word' id='word_1_383' title='bbox 3591 2281 3682 2334; x_wconf 83' lang='lat' dir='ltr'><strong>At-</strong></span> 
     </span>
    </p>
   </div>
   <div class='ocr_carea' id='block_1_55' title="bbox 2104 2373 3684 2450">
    <p class='ocr_par' dir='ltr' id='par_1_55' title="bbox 2104 2373 3684 2450">
     <span class='ocr_line' id='line_1_55' title="bbox 2104 2373 3684 2450; baseline -0.006 -15"><span class='ocrx_word' id='word_1_384' title='bbox 2104 2384 2196 2450; x_wconf 91' lang='lat' dir='ltr'><strong>qui</strong></span> <span class='ocrx_word' id='word_1_385' title='bbox 2244 2388 2462 2437; x_wconf 82' lang='lat' dir='ltr'><strong>constat</strong></span> <span class='ocrx_word' id='word_1_386' title='bbox 2511 2380 2711 2435; x_wconf 84' lang='lat' dir='ltr'><strong>habere</strong></span> <span class='ocrx_word' id='word_1_387' title='bbox 2745 2388 2796 2435; x_wconf 93' lang='lat' dir='ltr'><strong>te</strong></span> <span class='ocrx_word' id='word_1_388' title='bbox 2826 2393 2961 2450; x_wconf 89' lang='lat' dir='ltr'><strong>opes</strong></span> <span class='ocrx_word' id='word_1_389' title='bbox 2993 2377 3215 2431; x_wconf 87' lang='lat' dir='ltr'><strong>multas.</strong></span> <span class='ocrx_word' id='word_1_390' title='bbox 3248 2373 3532 2429; x_wconf 91' lang='lat' dir='ltr'><strong>Undenam</strong></span> <span class='ocrx_word' id='word_1_391' title='bbox 3562 2373 3684 2427; x_wconf 67' lang='lat' dir='ltr'><strong>hae?</strong></span> 
     </span>
    </p>
   </div>
   <div class='ocr_carea' id='block_1_56' title="bbox 2104 2468 3680 2544">
    <p class='ocr_par' dir='ltr' id='par_1_56' title="bbox 2104 2468 3680 2544">
     <span class='ocr_line' id='line_1_56' title="bbox 2104 2468 3680 2544; baseline -0.01 -13"><span class='ocrx_word' id='word_1_392' title='bbox 2104 2477 2212 2531; x_wconf 84' lang='lat' dir='ltr'><strong>nisi</strong></span> <span class='ocrx_word' id='word_1_393' title='bbox 2250 2475 2395 2544; x_wconf 90' lang='lat' dir='ltr'><strong>quod</strong></span> <span class='ocrx_word' id='word_1_394' title='bbox 2427 2473 2615 2543; x_wconf 88' lang='lat' dir='ltr'><strong>procul</strong></span> <span class='ocrx_word' id='word_1_395' title='bbox 2663 2471 2831 2526; x_wconf 90' lang='lat' dir='ltr'><strong>dubio</strong></span> <span class='ocrx_word' id='word_1_396' title='bbox 2861 2472 3105 2526; x_wconf 76' lang='lat' dir='ltr'><strong>levamen</strong></span> <span class='ocrx_word' id='word_1_397' title='bbox 3133 2468 3426 2521; x_wconf 89' lang='lat' dir='ltr'><strong>multorum</strong></span> <span class='ocrx_word' id='word_1_398' title='bbox 3455 2475 3507 2520; x_wconf 90' lang='lat' dir='ltr'><strong>et</strong></span> <span class='ocrx_word' id='word_1_399' title='bbox 3528 2480 3680 2518; x_wconf 86' lang='lat' dir='ltr'><strong>com-</strong></span> 
     </span>
    </p>
   </div>
   <div class='ocr_carea' id='block_1_57' title="bbox 2104 2555 3682 2635">
    <p class='ocr_par' dir='ltr' id='par_1_57' title="bbox 2104 2555 3682 2635">
     <span class='ocr_line' id='line_1_57' title="bbox 2104 2555 3682 2635; baseline -0.008 -12"><span class='ocrx_word' id='word_1_400' title='bbox 2104 2569 2265 2623; x_wconf 90' lang='lat' dir='ltr'><strong>moda</strong></span> <span class='ocrx_word' id='word_1_401' title='bbox 2296 2566 2404 2621; x_wconf 91' lang='lat' dir='ltr'><strong>tuis</strong></span> <span class='ocrx_word' id='word_1_402' title='bbox 2430 2565 2603 2635; x_wconf 90' lang='lat' dir='ltr'><strong>ipsius</strong></span> <span class='ocrx_word' id='word_1_403' title='bbox 2630 2563 2932 2618; x_wconf 84' lang='lat' dir='ltr'><strong>commodis</strong></span> <span class='ocrx_word' id='word_1_404' title='bbox 2953 2558 3334 2631; x_wconf 89' lang='lat' dir='ltr'><strong>postposuisti.</strong></span> <span class='ocrx_word' id='word_1_405' title='bbox 3363 2555 3546 2626; x_wconf 90' lang='lat' dir='ltr'><strong>Itaque</strong></span> <span class='ocrx_word' id='word_1_406' title='bbox 3572 2569 3682 2626; x_wconf 88' lang='lat' dir='ltr'><strong>quo</strong></span> 
     </span>
    </p>
   </div>
   <div class='ocr_carea' id='block_1_58' title="bbox 2104 2649 3680 2731">
    <p class='ocr_par' dir='ltr' id='par_1_58' title="bbox 2104 2649 3680 2731">
     <span class='ocr_line' id='line_1_58' title="bbox 2104 2649 3680 2731; baseline -0.008 -16"><span class='ocrx_word' id='word_1_407' title='bbox 2104 2661 2279 2731; x_wconf 77' lang='lat' dir='ltr'><strong>magis</strong></span> <span class='ocrx_word' id='word_1_408' title='bbox 2304 2658 2550 2715; x_wconf 85' lang='lat' dir='ltr'><strong>abundas</strong></span> <span class='ocrx_word' id='word_1_409' title='bbox 2577 2656 2804 2721; x_wconf 87' lang='lat' dir='ltr'><strong>divitiis,</strong></span> <span class='ocrx_word' id='word_1_410' title='bbox 2840 2670 2907 2709; x_wconf 85' lang='lat' dir='ltr'><strong>eo</strong></span> <span class='ocrx_word' id='word_1_411' title='bbox 2932 2654 3107 2723; x_wconf 77' lang='lat' dir='ltr'><strong>magis</strong></span> <span class='ocrx_word' id='word_1_412' title='bbox 3127 2651 3390 2706; x_wconf 79' lang='lat' dir='ltr'><strong>charitate</strong></span> <span class='ocrx_word' id='word_1_413' title='bbox 3417 2649 3680 2704; x_wconf 88' lang='lat' dir='ltr'><strong>destitue-</strong></span> 
     </span>
    </p>
   </div>
   <div class='ocr_carea' id='block_1_59' title="bbox 2105 2741 3684 2818">
    <p class='ocr_par' dir='ltr' id='par_1_59' title="bbox 2105 2741 3684 2818">
     <span class='ocr_line' id='line_1_59' title="bbox 2105 2741 3684 2818; baseline -0.009 -13"><span class='ocrx_word' id='word_1_414' title='bbox 2105 2753 2203 2807; x_wconf 85' lang='lat' dir='ltr'><strong>ris.</strong></span> <span class='ocrx_word' id='word_1_415' title='bbox 2236 2750 2445 2805; x_wconf 88' lang='lat' dir='ltr'><strong>Etenim</strong></span> <span class='ocrx_word' id='word_1_416' title='bbox 2469 2747 2789 2818; x_wconf 85' lang='lat' dir='ltr'><strong>jamdudum</strong></span> <span class='ocrx_word' id='word_1_417' title='bbox 2816 2745 3101 2816; x_wconf 85' lang='lat' dir='ltr'><strong>pecuniam</strong></span> <span class='ocrx_word' id='word_1_418' title='bbox 3125 2757 3249 2796; x_wconf 89' lang='lat' dir='ltr'><strong>cum</strong></span> <span class='ocrx_word' id='word_1_419' title='bbox 3288 2741 3499 2794; x_wconf 55' lang='lat' dir='ltr'><strong>ceteris</strong></span> <span class='ocrx_word' id='word_1_420' title='bbox 3539 2753 3684 2791; x_wconf 86' lang='lat' dir='ltr'><strong>cum-</strong></span> 
     </span>
    </p>
   </div>
   <div class='ocr_carea' id='block_1_60' title="bbox 2106 2826 3679 2908">
    <p class='ocr_par' dir='ltr' id='par_1_60' title="bbox 2106 2826 3679 2908">
     <span class='ocr_line' id='line_1_60' title="bbox 2106 2826 3679 2908; baseline -0.009 -14"><span class='ocrx_word' id='word_1_421' title='bbox 2106 2841 2386 2894; x_wconf 87' lang='lat' dir='ltr'><strong>municare</strong></span> <span class='ocrx_word' id='word_1_422' title='bbox 2414 2837 2736 2908; x_wconf 85' lang='lat' dir='ltr'><strong>cogitasses,</strong></span> <span class='ocrx_word' id='word_1_423' title='bbox 2767 2833 2812 2903; x_wconf 80' lang='lat' dir='ltr'><strong>si</strong></span> <span class='ocrx_word' id='word_1_424' title='bbox 2837 2835 3144 2903; x_wconf 79' lang='lat' dir='ltr'><strong>proximum</strong></span> <span class='ocrx_word' id='word_1_425' title='bbox 3175 2837 3331 2883; x_wconf 89' lang='lat' dir='ltr'><strong>tuum</strong></span> <span class='ocrx_word' id='word_1_426' title='bbox 3372 2826 3679 2883; x_wconf 78' lang='lat' dir='ltr'><strong>dilexisses.</strong></span> 
     </span>
    </p>
   </div>
   <div class='ocr_carea' id='block_1_61' title="bbox 2105 2921 3685 2999">
    <p class='ocr_par' dir='ltr' id='par_1_61' title="bbox 2105 2921 3685 2999">
     <span class='ocr_line' id='line_1_61' title="bbox 2105 2921 3685 2999; baseline -0.011 -12"><span class='ocrx_word' id='word_1_427' title='bbox 2105 2932 2260 2987; x_wconf 86' lang='lat' dir='ltr'><strong>Nunc</strong></span> <span class='ocrx_word' id='word_1_428' title='bbox 2299 2937 2479 2985; x_wconf 88' lang='lat' dir='ltr'><strong>autem</strong></span> <span class='ocrx_word' id='word_1_429' title='bbox 2522 2943 2654 2999; x_wconf 88' lang='lat' dir='ltr'><strong>opes</strong></span> <span class='ocrx_word' id='word_1_430' title='bbox 2687 2926 2787 2981; x_wconf 85' lang='lat' dir='ltr'><strong>tibi</strong></span> <span class='ocrx_word' id='word_1_431' title='bbox 2813 2925 3023 2978; x_wconf 88' lang='lat' dir='ltr'><strong>arctius</strong></span> <span class='ocrx_word' id='word_1_432' title='bbox 3053 2936 3219 2991; x_wconf 89' lang='lat' dir='ltr'><strong>quam</strong></span> <span class='ocrx_word' id='word_1_433' title='bbox 3274 2921 3507 2989; x_wconf 88' lang='lat' dir='ltr'><strong>ipsamet</strong></span> <span class='ocrx_word' id='word_1_434' title='bbox 3561 2930 3685 2970; x_wconf 89' lang='lat' dir='ltr'><strong>cor-</strong></span> 
     </span>
    </p>
   </div>
   <div class='ocr_carea' id='block_1_62' title="bbox 2104 3014 3685 3096">
    <p class='ocr_par' dir='ltr' id='par_1_62' title="bbox 2104 3014 3685 3096">
     <span class='ocr_line' id='line_1_62' title="bbox 2104 3014 3685 3096; baseline -0.011 -14"><span class='ocrx_word' id='word_1_435' title='bbox 2104 3028 2255 3096; x_wconf 88' lang='lat' dir='ltr'><strong>poris</strong></span> <span class='ocrx_word' id='word_1_436' title='bbox 2311 3024 2553 3079; x_wconf 86' lang='lat' dir='ltr'><strong>membra</strong></span> <span class='ocrx_word' id='word_1_437' title='bbox 2608 3021 3021 3083; x_wconf 77' lang='lat' dir='ltr'><strong>adhaerescunt;</strong></span> <span class='ocrx_word' id='word_1_438' title='bbox 3066 3014 3324 3085; x_wconf 85' lang='lat' dir='ltr'><strong>dolesque</strong></span> <span class='ocrx_word' id='word_1_439' title='bbox 3369 3014 3496 3067; x_wconf 92' lang='lat' dir='ltr'><strong>dum</strong></span> <span class='ocrx_word' id='word_1_440' title='bbox 3551 3026 3581 3065; x_wconf 86' lang='lat' dir='ltr'><strong>a</strong></span> <span class='ocrx_word' id='word_1_441' title='bbox 3629 3016 3685 3065; x_wconf 86' lang='lat' dir='ltr'><strong>te</strong></span> 
     </span>
    </p>
   </div>
   <div class='ocr_carea' id='block_1_63' title="bbox 429 3103 2008 3201">
    <p class='ocr_par' dir='ltr' id='par_1_63' title="bbox 429 3111 2006 3193">
     <span class='ocr_line' id='line_1_63' title="bbox 429 3111 2006 3193; baseline 0.01 -31"><span class='ocrx_word' id='word_1_442' title='bbox 429 3113 667 3181; x_wconf 76' lang='grc' dir='ltr'>ριασμὸς</span> <span class='ocrx_word' id='word_1_443' title='bbox 706 3111 816 3165; x_wconf 87' lang='grc' dir='ltr'><strong>τῶν</strong></span> <span class='ocrx_word' id='word_1_444' title='bbox 844 3114 1095 3185; x_wconf 86' lang='grc' dir='ltr'>καιρίων.</span> <span class='ocrx_word' id='word_1_445' title='bbox 1136 3116 1199 3169; x_wconf 82' lang='lat' dir='ltr'><strong>Ei</strong></span> <span class='ocrx_word' id='word_1_446' title='bbox 1236 3116 1346 3188; x_wconf 82' lang='grc' dir='ltr'><strong>γάρ</strong></span> <span class='ocrx_word' id='word_1_447' title='bbox 1385 3119 1659 3193; x_wconf 61' lang='grc' dir='ltr'>ἀμφίεσας</span> <span class='ocrx_word' id='word_1_448' title='bbox 1687 3124 1914 3193; x_wconf 89' lang='grc' dir='ltr'>γυμνὸν,</span> <span class='ocrx_word' id='word_1_449' title='bbox 1958 3126 2006 3178; x_wconf 80' lang='grc' dir='ltr'>εί</span> 
     </span>
    </p>
   </div>
   <div class='ocr_carea' id='block_1_64' title="bbox 2107 3103 3684 3201">
    <p class='ocr_par' dir='ltr' id='par_1_64' title="bbox 2108 3103 3684 3188">
     <span class='ocr_line' id='line_1_64' title="bbox 2108 3103 3684 3188; baseline -0.011 -14"><span class='ocrx_word' id='word_1_450' title='bbox 2108 3125 2454 3188; x_wconf 86' lang='lat' dir='ltr'><strong>separantur,</strong></span> <span class='ocrx_word' id='word_1_451' title='bbox 2484 3114 2708 3183; x_wconf 90' lang='lat' dir='ltr'><strong>perinde</strong></span> <span class='ocrx_word' id='word_1_452' title='bbox 2733 3126 2797 3167; x_wconf 88' lang='lat' dir='ltr'><strong>ac</strong></span> <span class='ocrx_word' id='word_1_453' title='bbox 2827 3112 2873 3166; x_wconf 90' lang='lat' dir='ltr'><strong>si</strong></span> <span class='ocrx_word' id='word_1_454' title='bbox 2908 3109 3194 3180; x_wconf 70' lang='lat' dir='ltr'><strong>praecipua:</strong></span> <span class='ocrx_word' id='word_1_455' title='bbox 3226 3103 3475 3175; x_wconf 90' lang='lat' dir='ltr'><strong>corporis</strong></span> <span class='ocrx_word' id='word_1_456' title='bbox 3501 3109 3684 3173; x_wconf 85' lang='lat' dir='ltr'><strong>partes</strong></span> 
     </span>
    </p>
   </div>
   <div class='ocr_carea' id='block_1_65' title="bbox 425 3201 2009 3285">
    <p class='ocr_par' dir='ltr' id='par_1_65' title="bbox 425 3201 2009 3285">
     <span class='ocr_line' id='line_1_65' title="bbox 425 3201 2009 3285; baseline 0.011 -33"><span class='ocrx_word' id='word_1_457' title='bbox 425 3201 639 3264; x_wconf 71' lang='grc' dir='ltr'>ἔδωκας</span> <span class='ocrx_word' id='word_1_458' title='bbox 670 3203 918 3257; x_wconf 83' lang='grc' dir='ltr'>πεινῶντι</span> <span class='ocrx_word' id='word_1_459' title='bbox 952 3205 1044 3257; x_wconf 80' lang='grc' dir='ltr'><strong>τὸν</strong></span> <span class='ocrx_word' id='word_1_460' title='bbox 1072 3205 1233 3277; x_wconf 77' lang='grc' dir='ltr'>ἄρτον</span> <span class='ocrx_word' id='word_1_461' title='bbox 1260 3225 1375 3274; x_wconf 86' lang='grc' dir='ltr'>σου,</span> <span class='ocrx_word' id='word_1_462' title='bbox 1398 3211 1447 3262; x_wconf 88' lang='grc' dir='ltr'>εί</span> <span class='ocrx_word' id='word_1_463' title='bbox 1477 3211 1509 3281; x_wconf 84' lang='grc' dir='ltr'>ἡ</span> <span class='ocrx_word' id='word_1_464' title='bbox 1548 3210 1688 3282; x_wconf 79' lang='grc' dir='ltr'>θύρα</span> <span class='ocrx_word' id='word_1_465' title='bbox 1713 3229 1806 3267; x_wconf 88' lang='grc' dir='ltr'><strong>σου</strong></span> <span class='ocrx_word' id='word_1_466' title='bbox 1847 3214 2009 3285; x_wconf 82' lang='grc' dir='ltr'>ἀνέῳ-</span> 
     </span>
    </p>
   </div>
   <div class='ocr_carea' id='block_1_66' title="bbox 426 3294 2008 3375">
    <p class='ocr_par' dir='ltr' id='par_1_66' title="bbox 426 3294 2008 3375">
     <span class='ocr_line' id='line_1_66' title="bbox 426 3294 2008 3375; baseline 0.009 -29"><span class='ocrx_word' id='word_1_467' title='bbox 426 3312 532 3347; x_wconf 80' lang='grc' dir='ltr'>κτο</span> <span class='ocrx_word' id='word_1_468' title='bbox 576 3294 690 3362; x_wconf 91' lang='grc'>(80)</span> <span class='ocrx_word' id='word_1_469' title='bbox 734 3297 894 3349; x_wconf 81' lang='grc' dir='ltr'>παντὶ</span> <span class='ocrx_word' id='word_1_470' title='bbox 933 3296 1088 3366; x_wconf 76' lang='grc' dir='ltr'>ξένῳ,</span> <span class='ocrx_word' id='word_1_471' title='bbox 1119 3300 1169 3350; x_wconf 85' lang='grc' dir='ltr'><strong>εἰ</strong></span> <span class='ocrx_word' id='word_1_472' title='bbox 1220 3300 1409 3367; x_wconf 76' lang='grc' dir='ltr'>ἐγένου</span> <span class='ocrx_word' id='word_1_473' title='bbox 1442 3302 1622 3374; x_wconf 78' lang='grc' dir='ltr'>πατὴρ</span> <span class='ocrx_word' id='word_1_474' title='bbox 1651 3303 1923 3375; x_wconf 76' lang='grc' dir='ltr'>ὀρφανῶν,</span> <span class='ocrx_word' id='word_1_475' title='bbox 1958 3308 2008 3361; x_wconf 80' lang='grc' dir='ltr'>εί</span> 
     </span>
    </p>
   </div>
   <div class='ocr_carea' id='block_1_67' title="bbox 428 3386 2011 3463">
    <p class='ocr_par' dir='ltr' id='par_1_67' title="bbox 428 3386 2011 3463">
     <span class='ocr_line' id='line_1_67' title="bbox 428 3386 2011 3463; baseline 0.009 -27"><span class='ocrx_word' id='word_1_476' title='bbox 428 3386 600 3439; x_wconf 78' lang='grc' dir='ltr'>παντὶ</span> <span class='ocrx_word' id='word_1_477' title='bbox 628 3387 965 3457; x_wconf 81' lang='grc' dir='ltr'>συνέπασχες</span> <span class='ocrx_word' id='word_1_478' title='bbox 999 3388 1265 3458; x_wconf 84' lang='grc' dir='ltr'>ἀδυνάτῳ.</span> <span class='ocrx_word' id='word_1_479' title='bbox 1301 3392 1442 3463; x_wconf 80' lang='grc' dir='ltr'>ὓπὲρ</span> <span class='ocrx_word' id='word_1_480' title='bbox 1468 3394 1639 3447; x_wconf 84' lang='grc' dir='ltr'>ποίων</span> <span class='ocrx_word' id='word_1_481' title='bbox 1676 3394 1743 3449; x_wconf 81' lang='grc' dir='ltr'><strong>ἂν</strong></span> <span class='ocrx_word' id='word_1_482' title='bbox 1772 3396 1866 3450; x_wconf 77' lang='grc' dir='ltr'>νῦν</span> <span class='ocrx_word' id='word_1_483' title='bbox 1896 3397 2011 3451; x_wconf 83' lang='grc' dir='ltr'>ὲλυ-</span> 
     </span>
    </p>
   </div>
   <div class='ocr_carea' id='block_1_68' title="bbox 430 3476 2010 3559">
    <p class='ocr_par' dir='ltr' id='par_1_68' title="bbox 430 3476 2010 3559">
     <span class='ocr_line' id='line_1_68' title="bbox 430 3476 2010 3559; baseline 0.009 -31"><span class='ocrx_word' id='word_1_484' title='bbox 430 3476 615 3548; x_wconf 86' lang='grc' dir='ltr'>πήθης</span> <span class='ocrx_word' id='word_1_485' title='bbox 644 3479 942 3549; x_wconf 86' lang='grc' dir='ltr'>χρημάτων</span> <span class='ocrx_word' id='word_1_486' title='bbox 968 3496 983 3544; x_wconf 89' lang='grc'>;</span> <span class='ocrx_word' id='word_1_487' title='bbox 1034 3483 1144 3535; x_wconf 82' lang='grc' dir='ltr'><strong>Ποῦ</strong></span> <span class='ocrx_word' id='word_1_488' title='bbox 1184 3484 1228 3535; x_wconf 81' lang='grc' dir='ltr'><strong>δ’</strong></span> <span class='ocrx_word' id='word_1_489' title='bbox 1264 3483 1330 3537; x_wconf 84' lang='grc' dir='ltr'>ἂν</span> <span class='ocrx_word' id='word_1_490' title='bbox 1356 3488 1450 3538; x_wconf 80' lang='grc' dir='ltr'><strong>καὶ</strong></span> <span class='ocrx_word' id='word_1_491' title='bbox 1480 3485 1846 3559; x_wconf 79' lang='grc' dir='ltr'>ἐδυσχέρανας</span> <span class='ocrx_word' id='word_1_492' title='bbox 1882 3491 2010 3543; x_wconf 84' lang='grc' dir='ltr'>ἀπο-</span> 
     </span>
    </p>
   </div>
   <div class='ocr_carea' id='block_1_69' title="bbox 425 3566 2012 3646">
    <p class='ocr_par' dir='ltr' id='par_1_69' title="bbox 425 3566 2012 3646">
     <span class='ocr_line' id='line_1_69' title="bbox 425 3566 2012 3646; baseline 0.008 -27"><span class='ocrx_word' id='word_1_493' title='bbox 425 3566 715 3639; x_wconf 83' lang='grc' dir='ltr'>τιθέμενος</span> <span class='ocrx_word' id='word_1_494' title='bbox 745 3570 813 3622; x_wconf 82' lang='grc' dir='ltr'><strong>τά</strong></span> <span class='ocrx_word' id='word_1_495' title='bbox 844 3572 1159 3639; x_wconf 81' lang='grc' dir='ltr'>λειπόμενα,</span> <span class='ocrx_word' id='word_1_496' title='bbox 1190 3573 1358 3627; x_wconf 79' lang='grc' dir='ltr'>πάλαι</span> <span class='ocrx_word' id='word_1_497' title='bbox 1391 3574 1694 3646; x_wconf 85' lang='grc' dir='ltr'>μελετήσας</span> <span class='ocrx_word' id='word_1_498' title='bbox 1724 3577 1862 3630; x_wconf 80' lang='grc' dir='ltr'>αὐτὰ</span> <span class='ocrx_word' id='word_1_499' title='bbox 1896 3579 2012 3632; x_wconf 65' lang='grc' dir='ltr'>διαε-</span> 
     </span>
    </p>
   </div>
   <div class='ocr_carea' id='block_1_70' title="bbox 426 3656 2010 3737">
    <p class='ocr_par' dir='ltr' id='par_1_70' title="bbox 426 3656 2010 3737">
     <span class='ocr_line' id='line_1_70' title="bbox 426 3656 2010 3737; baseline 0.007 -27"><span class='ocrx_word' id='word_1_500' title='bbox 426 3658 616 3728; x_wconf 79' lang='grc' dir='ltr'>νέμειν</span> <span class='ocrx_word' id='word_1_501' title='bbox 639 3662 754 3722; x_wconf 84' lang='grc' dir='ltr'>τοῖς</span> <span class='ocrx_word' id='word_1_502' title='bbox 781 3661 1047 3725; x_wconf 80' lang='grc' dir='ltr'>ὲνδεέσιν;</span> <span class='ocrx_word' id='word_1_503' title='bbox 1087 3656 1241 3727; x_wconf 82' lang='grc' dir='ltr'>Εἶτα,</span> <span class='ocrx_word' id='word_1_504' title='bbox 1272 3665 1330 3716; x_wconf 81' lang='grc' dir='ltr'>ὲν</span> <span class='ocrx_word' id='word_1_505' title='bbox 1365 3664 1464 3734; x_wconf 75' lang='grc' dir='ltr'>μὲν</span> <span class='ocrx_word' id='word_1_506' title='bbox 1493 3666 1795 3737; x_wconf 81' lang='grc' dir='ltr'>πανηγύρει</span> <span class='ocrx_word' id='word_1_507' title='bbox 1839 3667 2010 3733; x_wconf 76' lang='grc' dir='ltr'>οὐδεὶς</span> 
     </span>
    </p>
   </div>
   <div class='ocr_carea' id='block_1_71' title="bbox 427 3747 2011 3823">
    <p class='ocr_par' dir='ltr' id='par_1_71' title="bbox 427 3747 2011 3823">
     <span class='ocr_line' id='line_1_71' title="bbox 427 3747 2011 3823; baseline 0.006 -23"><span class='ocrx_word' id='word_1_508' title='bbox 427 3747 683 3802; x_wconf 86' lang='grc' dir='ltr'>λυπεῖται</span> <span class='ocrx_word' id='word_1_509' title='bbox 709 3749 1030 3820; x_wconf 79' lang='grc' dir='ltr'>προϊέμενος</span> <span class='ocrx_word' id='word_1_510' title='bbox 1061 3750 1129 3804; x_wconf 78' lang='grc' dir='ltr'>τὰ</span> <span class='ocrx_word' id='word_1_511' title='bbox 1147 3752 1461 3823; x_wconf 83' lang='grc' dir='ltr'>ὑπάρχοντα</span> <span class='ocrx_word' id='word_1_512' title='bbox 1487 3754 1595 3823; x_wconf 80' lang='grc'>(81)</span> <span class='ocrx_word' id='word_1_513' title='bbox 1631 3757 1725 3809; x_wconf 66' lang='grc' dir='ltr'><strong>κα)⁸</strong></span> <span class='ocrx_word' id='word_1_514' title='bbox 1756 3756 2011 3811; x_wconf 84' lang='grc' dir='ltr'>ἀντικτώ-</span> 
     </span>
    </p>
   </div>
   <div class='ocr_carea' id='block_1_72' title="bbox 434 3838 2009 3918">
    <p class='ocr_par' dir='ltr' id='par_1_72' title="bbox 434 3838 2009 3918">
     <span class='ocr_line' id='line_1_72' title="bbox 434 3838 2009 3918; baseline 0.005 -27"><span class='ocrx_word' id='word_1_515' title='bbox 434 3855 596 3910; x_wconf 81' lang='grc' dir='ltr'>μενος</span> <span class='ocrx_word' id='word_1_516' title='bbox 626 3838 696 3892; x_wconf 80' lang='grc' dir='ltr'>τὰ</span> <span class='ocrx_word' id='word_1_517' title='bbox 728 3838 1001 3893; x_wconf 80' lang='grc' dir='ltr'>ἐνδέοντα·</span> <span class='ocrx_word' id='word_1_518' title='bbox 1046 3839 1159 3893; x_wconf 83' lang='grc' dir='ltr'>ἀλλ’</span> <span class='ocrx_word' id='word_1_519' title='bbox 1186 3842 1405 3912; x_wconf 83' lang='grc' dir='ltr'>ὅσῳπερ</span> <span class='ocrx_word' id='word_1_520' title='bbox 1433 3841 1498 3897; x_wconf 81' lang='grc' dir='ltr'><strong>ἂν</strong></span> <span class='ocrx_word' id='word_1_521' title='bbox 1527 3842 1807 3907; x_wconf 72' lang='grc' dir='ltr'>ἐλάττονος</span> <span class='ocrx_word' id='word_1_522' title='bbox 1845 3848 2009 3918; x_wconf 77' lang='grc' dir='ltr'>τιμῆς</span> 
     </span>
    </p>
   </div>
   <div class='ocr_carea' id='block_1_73' title="bbox 427 3929 2009 4007">
    <p class='ocr_par' dir='ltr' id='par_1_73' title="bbox 427 3929 2009 4007">
     <span class='ocr_line' id='line_1_73' title="bbox 427 3929 2009 4007; baseline 0.004 -23"><span class='ocrx_word' id='word_1_523' title='bbox 427 3930 505 3984; x_wconf 81' lang='grc' dir='ltr'><strong>τά</strong></span> <span class='ocrx_word' id='word_1_524' title='bbox 549 3929 891 4000; x_wconf 77' lang='grc' dir='ltr'>πολυτίμητα</span> <span class='ocrx_word' id='word_1_525' title='bbox 942 3930 1189 4003; x_wconf 86' lang='grc' dir='ltr'>πρίηται,</span> <span class='ocrx_word' id='word_1_526' title='bbox 1221 3932 1461 4004; x_wconf 83' lang='grc' dir='ltr'>τοσούτῳ</span> <span class='ocrx_word' id='word_1_527' title='bbox 1505 3935 1706 4006; x_wconf 84' lang='grc' dir='ltr'>χαίρει,</span> <span class='ocrx_word' id='word_1_528' title='bbox 1744 3935 1821 3999; x_wconf 78' lang='grc' dir='ltr'>ὡς</span> <span class='ocrx_word' id='word_1_529' title='bbox 1868 3937 2009 4007; x_wconf 89' lang='grc' dir='ltr'>λαμ-</span> 
     </span>
    </p>
   </div>
   <div class='ocr_carea' id='block_1_74' title="bbox 434 4019 2012 4096">
    <p class='ocr_par' dir='ltr' id='par_1_74' title="bbox 434 4019 2012 4096">
     <span class='ocr_line' id='line_1_74' title="bbox 434 4019 2012 4096; baseline 0.006 -24"><span class='ocrx_word' id='word_1_530' title='bbox 434 4019 579 4096; x_wconf 70' lang='grc' dir='ltr'>προῦ</span> <span class='ocrx_word' id='word_1_531' title='bbox 630 4019 779 4090; x_wconf 81' lang='grc' dir='ltr'>αὐτῷ</span> <span class='ocrx_word' id='word_1_532' title='bbox 814 4020 909 4074; x_wconf 78' lang='grc' dir='ltr'>τοῦ</span> <span class='ocrx_word' id='word_1_533' title='bbox 973 4021 1414 4093; x_wconf 76' lang='grc' dir='ltr'>συναλλάγματος</span> <span class='ocrx_word' id='word_1_534' title='bbox 1463 4024 1756 4096; x_wconf 85' lang='grc' dir='ltr'>γενομένου</span> <span class='ocrx_word' id='word_1_535' title='bbox 1779 4043 1792 4057; x_wconf 89' lang='grc'><strong>·</strong></span> <span class='ocrx_word' id='word_1_536' title='bbox 1844 4028 1909 4080; x_wconf 72' lang='grc' dir='ltr'><strong>σὺ</strong></span> <span class='ocrx_word' id='word_1_537' title='bbox 1954 4029 2012 4082; x_wconf 82' lang='grc' dir='ltr'>δὲ</span> 
     </span>
    </p>
   </div>
   <div class='ocr_carea' id='block_1_75' title="bbox 433 4113 2013 4190">
    <p class='ocr_par' dir='ltr' id='par_1_75' title="bbox 433 4113 2013 4190">
     <span class='ocr_line' id='line_1_75' title="bbox 433 4113 2013 4190; baseline 0.006 -26"><span class='ocrx_word' id='word_1_538' title='bbox 433 4113 621 4184; x_wconf 80' lang='grc' dir='ltr'>λυπῇ,</span> <span class='ocrx_word' id='word_1_539' title='bbox 678 4113 929 4184; x_wconf 88' lang='grc' dir='ltr'>χρυσίον,</span> <span class='ocrx_word' id='word_1_540' title='bbox 988 4116 1083 4167; x_wconf 74' lang='grc' dir='ltr'><strong>καὶ</strong></span> <span class='ocrx_word' id='word_1_541' title='bbox 1135 4115 1428 4186; x_wconf 82' lang='grc' dir='ltr'>ἀργύριον,</span> <span class='ocrx_word' id='word_1_542' title='bbox 1492 4118 1587 4170; x_wconf 72' lang='grc' dir='ltr'>καὶ</span> <span class='ocrx_word' id='word_1_543' title='bbox 1643 4120 1894 4190; x_wconf 84' lang='grc' dir='ltr'>κτήματα</span> <span class='ocrx_word' id='word_1_544' title='bbox 1940 4121 2013 4173; x_wconf 87' lang='grc' dir='ltr'><strong>δι-</strong></span> 
     </span>
    </p>
   </div>
   <div class='ocr_carea' id='block_1_76' title="bbox 432 4203 2008 4283">
    <p class='ocr_par' dir='ltr' id='par_1_76' title="bbox 432 4203 2008 4283">
     <span class='ocr_line' id='line_1_76' title="bbox 432 4203 2008 4283; baseline 0.005 -26"><span class='ocrx_word' id='word_1_545' title='bbox 432 4204 561 4268; x_wconf 74' lang='grc' dir='ltr'>δούς</span> <span class='ocrx_word' id='word_1_546' title='bbox 589 4203 737 4274; x_wconf 69' lang='grc'>(82)·</span> <span class='ocrx_word' id='word_1_547' title='bbox 782 4204 1048 4271; x_wconf 85' lang='grc' dir='ltr'>τουτέστι,</span> <span class='ocrx_word' id='word_1_548' title='bbox 1091 4206 1272 4271; x_wconf 87' lang='grc' dir='ltr'>λίθους</span> <span class='ocrx_word' id='word_1_549' title='bbox 1316 4208 1409 4261; x_wconf 74' lang='grc' dir='ltr'><strong>καὶ</strong></span> <span class='ocrx_word' id='word_1_550' title='bbox 1448 4208 1575 4279; x_wconf 78' lang='grc' dir='ltr'>χοῦν</span> <span class='ocrx_word' id='word_1_551' title='bbox 1617 4213 2008 4283; x_wconf 83' lang='grc' dir='ltr'>παρεχόμενος,</span> 
     </span>
    </p>
   </div>
   <div class='ocr_carea' id='block_1_77' title="bbox 434 4296 1375 4369">
    <p class='ocr_par' dir='ltr' id='par_1_77' title="bbox 434 4296 1375 4369">
     <span class='ocr_line' id='line_1_77' title="bbox 434 4296 1375 4369; baseline 0.004 -21"><span class='ocrx_word' id='word_1_552' title='bbox 434 4296 527 4349; x_wconf 80' lang='grc' dir='ltr'>ἵνα</span> <span class='ocrx_word' id='word_1_553' title='bbox 555 4297 736 4368; x_wconf 81' lang='grc' dir='ltr'>κτήσῃ</span> <span class='ocrx_word' id='word_1_554' title='bbox 771 4296 869 4368; x_wconf 73' lang='grc' dir='ltr'><strong>τὴν</strong></span> <span class='ocrx_word' id='word_1_555' title='bbox 904 4297 1179 4367; x_wconf 85' lang='grc' dir='ltr'>μακαρίαν</span> <span class='ocrx_word' id='word_1_556' title='bbox 1208 4296 1375 4369; x_wconf 78' lang='grc' dir='ltr'>ζωήν.</span> 
     </span>
    </p>
   </div>
   <div class='ocr_carea' id='block_1_78' title="bbox 510 4481 1180 4550">
    <p class='ocr_par' dir='ltr' id='par_1_78' title="bbox 510 4481 1180 4550">
     <span class='ocr_line' id='line_1_78' title="bbox 510 4481 1180 4550; baseline 0.006 -14"><span class='ocrx_word' id='word_1_557' title='bbox 510 4482 557 4515; x_wconf 75' lang='grc'><strong><em>’⁸</em></strong></span> <span class='ocrx_word' id='word_1_558' title='bbox 595 4481 783 4537; x_wconf 75' lang='lat' dir='ltr'><strong>Matth.</strong></span> <span class='ocrx_word' id='word_1_559' title='bbox 807 4499 921 4550; x_wconf 74' lang='lat' dir='ltr'><strong>nx,</strong></span> <span class='ocrx_word' id='word_1_560' title='bbox 955 4483 1055 4549; x_wconf 81' lang='lat' dir='ltr'><strong>l9,</strong></span> <span class='ocrx_word' id='word_1_561' title='bbox 1088 4483 1180 4540; x_wconf 72' lang='lat'><strong>20.</strong></span> 
     </span>
    </p>
   </div>
   <div class='ocr_carea' id='block_1_79' title="bbox 2110 3190 3683 3269">
    <p class='ocr_par' dir='ltr' id='par_1_79' title="bbox 2110 3190 3683 3269">
     <span class='ocr_line' id='line_1_79' title="bbox 2110 3190 3683 3269; baseline -0.008 -11"><span class='ocrx_word' id='word_1_562' title='bbox 2110 3209 2541 3269; x_wconf 86' lang='lat' dir='ltr'><strong>amputarentur.</strong></span> <span class='ocrx_word' id='word_1_563' title='bbox 2573 3198 2708 3254; x_wconf 87' lang='lat' dir='ltr'><strong>Nam</strong></span> <span class='ocrx_word' id='word_1_564' title='bbox 2739 3199 2787 3254; x_wconf 90' lang='lat' dir='ltr'><strong>si</strong></span> <span class='ocrx_word' id='word_1_565' title='bbox 2832 3196 3108 3253; x_wconf 84' lang='lat' dir='ltr'><strong>induisses</strong></span> <span class='ocrx_word' id='word_1_566' title='bbox 3146 3194 3375 3255; x_wconf 88' lang='lat' dir='ltr'><strong>nudum,</strong></span> <span class='ocrx_word' id='word_1_567' title='bbox 3423 3192 3470 3247; x_wconf 91' lang='lat' dir='ltr'><strong>si</strong></span> <span class='ocrx_word' id='word_1_568' title='bbox 3499 3190 3683 3246; x_wconf 88' lang='lat' dir='ltr'><strong>dedis-</strong></span> 
     </span>
    </p>
   </div>
   <div class='ocr_carea' id='block_1_80' title="bbox 2109 3278 3685 3362">
    <p class='ocr_par' dir='ltr' id='par_1_80' title="bbox 2109 3278 3685 3362">
     <span class='ocr_line' id='line_1_80' title="bbox 2109 3278 3685 3362; baseline -0.01 -10"><span class='ocrx_word' id='word_1_569' title='bbox 2109 3313 2198 3352; x_wconf 86' lang='lat' dir='ltr'><strong>ses</strong></span> <span class='ocrx_word' id='word_1_570' title='bbox 2247 3278 2511 3350; x_wconf 89' lang='lat' dir='ltr'><strong>esurienti</strong></span> <span class='ocrx_word' id='word_1_571' title='bbox 2568 3307 2762 3362; x_wconf 86' lang='lat' dir='ltr'><strong>panem</strong></span> <span class='ocrx_word' id='word_1_572' title='bbox 2819 3298 2997 3355; x_wconf 92' lang='lat' dir='ltr'><strong>tuum,</strong></span> <span class='ocrx_word' id='word_1_573' title='bbox 3043 3288 3088 3344; x_wconf 90' lang='lat' dir='ltr'><strong>si</strong></span> <span class='ocrx_word' id='word_1_574' title='bbox 3131 3287 3278 3342; x_wconf 90' lang='lat' dir='ltr'><strong>fores</strong></span> <span class='ocrx_word' id='word_1_575' title='bbox 3332 3295 3438 3341; x_wconf 75' lang='lat' dir='ltr'><strong>tuze</strong></span> <span class='ocrx_word' id='word_1_576' title='bbox 3482 3290 3685 3354; x_wconf 79' lang='lat' dir='ltr'><strong>aperta:</strong></span> 
     </span>
    </p>
   </div>
   <div class='ocr_carea' id='block_1_81' title="bbox 2108 3376 3683 3455">
    <p class='ocr_par' dir='ltr' id='par_1_81' title="bbox 2108 3376 3683 3455">
     <span class='ocr_line' id='line_1_81' title="bbox 2108 3376 3683 3455; baseline -0.008 -12"><span class='ocrx_word' id='word_1_577' title='bbox 2108 3387 2342 3444; x_wconf 81' lang='lat' dir='ltr'><strong>fuissent</strong></span> <span class='ocrx_word' id='word_1_578' title='bbox 2370 3384 2572 3455; x_wconf 87' lang='lat' dir='ltr'><strong>hospiti</strong></span> <span class='ocrx_word' id='word_1_579' title='bbox 2627 3382 2798 3447; x_wconf 91' lang='lat' dir='ltr'><strong>omni,</strong></span> <span class='ocrx_word' id='word_1_580' title='bbox 2854 3382 2898 3436; x_wconf 90' lang='lat' dir='ltr'><strong>si</strong></span> <span class='ocrx_word' id='word_1_581' title='bbox 2945 3379 3319 3450; x_wconf 87' lang='lat' dir='ltr'><strong>orphanorum</strong></span> <span class='ocrx_word' id='word_1_582' title='bbox 3370 3376 3683 3431; x_wconf 78' lang='lat' dir='ltr'><strong>exstitisses</strong></span> 
     </span>
    </p>
   </div>
   <div class='ocr_carea' id='block_1_82' title="bbox 2111 3467 3685 3554">
    <p class='ocr_par' dir='ltr' id='par_1_82' title="bbox 2111 3467 3685 3554">
     <span class='ocr_line' id='line_1_82' title="bbox 2111 3467 3685 3554; baseline -0.008 -18"><span class='ocrx_word' id='word_1_583' title='bbox 2111 3491 2285 3554; x_wconf 88' lang='lat' dir='ltr'><strong>pater,</strong></span> <span class='ocrx_word' id='word_1_584' title='bbox 2337 3480 2385 3537; x_wconf 90' lang='lat' dir='ltr'><strong>si</strong></span> <span class='ocrx_word' id='word_1_585' title='bbox 2430 3479 2724 3534; x_wconf 87' lang='lat' dir='ltr'><strong>miseratus</strong></span> <span class='ocrx_word' id='word_1_586' title='bbox 2770 3476 2971 3531; x_wconf 84' lang='lat' dir='ltr'><strong>fuisses</strong></span> <span class='ocrx_word' id='word_1_587' title='bbox 3012 3473 3289 3528; x_wconf 83' lang='lat' dir='ltr'><strong>inﬁrmum</strong></span> <span class='ocrx_word' id='word_1_588' title='bbox 3327 3485 3579 3531; x_wconf 79' lang='lat' dir='ltr'><strong>omnem;</strong></span> <span class='ocrx_word' id='word_1_589' title='bbox 3617 3467 3685 3524; x_wconf 89' lang='lat' dir='ltr'><strong>de</strong></span> 
     </span>
    </p>
   </div>
   <div class='ocr_carea' id='block_1_83' title="bbox 2109 3560 3686 3644">
    <p class='ocr_par' dir='ltr' id='par_1_83' title="bbox 2109 3560 3686 3644">
     <span class='ocr_line' id='line_1_83' title="bbox 2109 3560 3686 3644; baseline -0.01 -15"><span class='ocrx_word' id='word_1_590' title='bbox 2109 3575 2329 3644; x_wconf 85' lang='lat' dir='ltr'><strong>quibus,</strong></span> <span class='ocrx_word' id='word_1_591' title='bbox 2381 3586 2587 3643; x_wconf 63' lang='lat' dir='ltr'><strong>quaeso,</strong></span> <span class='ocrx_word' id='word_1_592' title='bbox 2641 3568 2839 3639; x_wconf 84' lang='lat' dir='ltr'><strong>Opibus</strong></span> <span class='ocrx_word' id='word_1_593' title='bbox 2888 3584 3035 3622; x_wconf 88' lang='lat' dir='ltr'><strong>nunc</strong></span> <span class='ocrx_word' id='word_1_594' title='bbox 3084 3562 3342 3619; x_wconf 86' lang='lat' dir='ltr'><strong>doleres?</strong></span> <span class='ocrx_word' id='word_1_595' title='bbox 3399 3560 3686 3628; x_wconf 85' lang='lat' dir='ltr'><strong>Quomodo</strong></span> 
     </span>
    </p>
   </div>
   <div class='ocr_carea' id='block_1_84' title="bbox 2112 3652 3683 3735">
    <p class='ocr_par' dir='ltr' id='par_1_84' title="bbox 2112 3652 3683 3735">
     <span class='ocr_line' id='line_1_84' title="bbox 2112 3652 3683 3735; baseline -0.011 -13"><span class='ocrx_word' id='word_1_596' title='bbox 2112 3681 2260 3722; x_wconf 88' lang='lat' dir='ltr'><strong>nunc</strong></span> <span class='ocrx_word' id='word_1_597' title='bbox 2278 3679 2421 3735; x_wconf 66' lang='lat' dir='ltr'><strong>aegre</strong></span> <span class='ocrx_word' id='word_1_598' title='bbox 2451 3664 2625 3718; x_wconf 86' lang='lat' dir='ltr'><strong>ferres</strong></span> <span class='ocrx_word' id='word_1_599' title='bbox 2655 3660 2906 3715; x_wconf 88' lang='lat' dir='ltr'><strong>residuas</strong></span> <span class='ocrx_word' id='word_1_600' title='bbox 2957 3673 3090 3729; x_wconf 89' lang='lat' dir='ltr'><strong>opcs</strong></span> <span class='ocrx_word' id='word_1_601' title='bbox 3136 3656 3431 3725; x_wconf 75' lang='lat' dir='ltr'><strong>deponere,</strong></span> <span class='ocrx_word' id='word_1_602' title='bbox 3488 3654 3534 3708; x_wconf 89' lang='lat' dir='ltr'><strong>si</strong></span> <span class='ocrx_word' id='word_1_603' title='bbox 3570 3652 3683 3722; x_wconf 85' lang='lat' dir='ltr'><strong>jam</strong></span> 
     </span>
    </p>
   </div>
   <div class='ocr_carea' id='block_1_85' title="bbox 2114 3744 3686 3830">
    <p class='ocr_par' dir='ltr' id='par_1_85' title="bbox 2114 3744 3686 3830">
     <span class='ocr_line' id='line_1_85' title="bbox 2114 3744 3686 3830; baseline -0.01 -17"><span class='ocrx_word' id='word_1_604' title='bbox 2114 3759 2320 3830; x_wconf 87' lang='lat' dir='ltr'><strong>pridem</strong></span> <span class='ocrx_word' id='word_1_605' title='bbox 2351 3771 2446 3810; x_wconf 86' lang='lat' dir='ltr'><strong>eas</strong></span> <span class='ocrx_word' id='word_1_606' title='bbox 2492 3754 2549 3809; x_wconf 89' lang='lat' dir='ltr'><strong>in</strong></span> <span class='ocrx_word' id='word_1_607' title='bbox 2583 3767 2785 3824; x_wconf 88' lang='lat' dir='ltr'><strong>egenos</strong></span> <span class='ocrx_word' id='word_1_608' title='bbox 2833 3749 3236 3806; x_wconf 88' lang='lat' dir='ltr'><strong>distribuendas</strong></span> <span class='ocrx_word' id='word_1_609' title='bbox 3276 3746 3566 3803; x_wconf 83' lang='lat' dir='ltr'><strong>curasses?</strong></span> <span class='ocrx_word' id='word_1_610' title='bbox 3602 3744 3686 3798; x_wconf 80' lang='lat' dir='ltr'><strong>Ad</strong></span> 
     </span>
    </p>
   </div>
   <div class='ocr_carea' id='block_1_86' title="bbox 2114 3839 3685 3915">
    <p class='ocr_par' dir='ltr' id='par_1_86' title="bbox 2114 3839 3685 3915">
     <span class='ocr_line' id='line_1_86' title="bbox 2114 3839 3685 3915; baseline -0.008 -11"><span class='ocrx_word' id='word_1_611' title='bbox 2114 3852 2250 3914; x_wconf 67' lang='lat' dir='ltr'><strong>haec,</strong></span> <span class='ocrx_word' id='word_1_612' title='bbox 2283 3849 2339 3903; x_wconf 92' lang='lat' dir='ltr'><strong>in</strong></span> <span class='ocrx_word' id='word_1_613' title='bbox 2362 3846 2628 3902; x_wconf 87' lang='lat' dir='ltr'><strong>nundinis</strong></span> <span class='ocrx_word' id='word_1_614' title='bbox 2650 3843 2869 3915; x_wconf 88' lang='lat' dir='ltr'><strong>quidem</strong></span> <span class='ocrx_word' id='word_1_615' title='bbox 2897 3855 3059 3896; x_wconf 87' lang='lat' dir='ltr'><strong>nemo</strong></span> <span class='ocrx_word' id='word_1_616' title='bbox 3080 3840 3227 3895; x_wconf 90' lang='lat' dir='ltr'><strong>dolet</strong></span> <span class='ocrx_word' id='word_1_617' title='bbox 3252 3839 3396 3910; x_wconf 89' lang='lat' dir='ltr'><strong>quod</strong></span> <span class='ocrx_word' id='word_1_618' title='bbox 3422 3840 3685 3908; x_wconf 88' lang='lat' dir='ltr'><strong>pecunias</strong></span> 
     </span>
    </p>
   </div>
   <div class='ocr_carea' id='block_1_87' title="bbox 2112 3933 3686 4013">
    <p class='ocr_par' dir='ltr' id='par_1_87' title="bbox 2112 3933 3686 4013">
     <span class='ocr_line' id='line_1_87' title="bbox 2112 3933 3686 4013; baseline -0.008 -14"><span class='ocrx_word' id='word_1_619' title='bbox 2112 3958 2244 3999; x_wconf 88' lang='lat' dir='ltr'><strong>suas</strong></span> <span class='ocrx_word' id='word_1_620' title='bbox 2272 3940 2584 4013; x_wconf 86' lang='lat' dir='ltr'><strong>profundat,</strong></span> <span class='ocrx_word' id='word_1_621' title='bbox 2612 3944 2668 3994; x_wconf 87' lang='lat' dir='ltr'><strong>et</strong></span> <span class='ocrx_word' id='word_1_622' title='bbox 2703 3935 2950 3991; x_wconf 86' lang='lat' dir='ltr'><strong>vicissim</strong></span> <span class='ocrx_word' id='word_1_623' title='bbox 2987 3940 3270 4002; x_wconf 90' lang='lat' dir='ltr'><strong>comparet</strong></span> <span class='ocrx_word' id='word_1_624' title='bbox 3310 3933 3513 4003; x_wconf 88' lang='lat' dir='ltr'><strong>quibus</strong></span> <span class='ocrx_word' id='word_1_625' title='bbox 3545 3946 3686 4002; x_wconf 90' lang='lat' dir='ltr'><strong>opus</strong></span> 
     </span>
    </p>
   </div>
   <div class='ocr_carea' id='block_1_88' title="bbox 2114 4024 3687 4101">
    <p class='ocr_par' dir='ltr' id='par_1_88' title="bbox 2114 4024 3687 4101">
     <span class='ocr_line' id='line_1_88' title="bbox 2114 4024 3687 4101; baseline -0.006 -12"><span class='ocrx_word' id='word_1_626' title='bbox 2114 4036 2311 4101; x_wconf 88' lang='lat' dir='ltr'><strong>habet;</strong></span> <span class='ocrx_word' id='word_1_627' title='bbox 2339 4040 2554 4098; x_wconf 88' lang='lat' dir='ltr'><strong>contra,</strong></span> <span class='ocrx_word' id='word_1_628' title='bbox 2583 4045 2694 4101; x_wconf 91' lang='lat' dir='ltr'><strong>quo</strong></span> <span class='ocrx_word' id='word_1_629' title='bbox 2717 4029 2894 4084; x_wconf 87' lang='lat' dir='ltr'><strong>viliori</strong></span> <span class='ocrx_word' id='word_1_630' title='bbox 2936 4027 3113 4099; x_wconf 91' lang='lat' dir='ltr'><strong>pretio</strong></span> <span class='ocrx_word' id='word_1_631' title='bbox 3143 4042 3233 4082; x_wconf 89' lang='lat' dir='ltr'><strong>res</strong></span> <span class='ocrx_word' id='word_1_632' title='bbox 3259 4024 3687 4096; x_wconf 86' lang='lat' dir='ltr'><strong>pretiosissimas</strong></span> 
     </span>
    </p>
   </div>
   <div class='ocr_carea' id='block_1_89' title="bbox 2111 4116 3688 4195">
    <p class='ocr_par' dir='ltr' id='par_1_89' title="bbox 2111 4116 3688 4195">
     <span class='ocr_line' id='line_1_89' title="bbox 2111 4116 3688 4195; baseline -0.008 -13"><span class='ocrx_word' id='word_1_633' title='bbox 2111 4127 2326 4191; x_wconf 81' lang='lat' dir='ltr'><strong>emerit,</strong></span> <span class='ocrx_word' id='word_1_634' title='bbox 2374 4125 2479 4179; x_wconf 90' lang='lat' dir='ltr'><strong>hoc</strong></span> <span class='ocrx_word' id='word_1_635' title='bbox 2524 4123 2697 4195; x_wconf 85' lang='lat' dir='ltr'><strong>magis</strong></span> <span class='ocrx_word' id='word_1_636' title='bbox 2725 4120 2944 4192; x_wconf 79' lang='lat' dir='ltr'><strong>gaudet,</strong></span> <span class='ocrx_word' id='word_1_637' title='bbox 2986 4126 3046 4174; x_wconf 91' lang='lat' dir='ltr'><strong>ut</strong></span> <span class='ocrx_word' id='word_1_638' title='bbox 3071 4119 3164 4189; x_wconf 92' lang='lat' dir='ltr'><strong>qui</strong></span> <span class='ocrx_word' id='word_1_639' title='bbox 3193 4117 3409 4189; x_wconf 77' lang='lat' dir='ltr'><strong>egregie</strong></span> <span class='ocrx_word' id='word_1_640' title='bbox 3442 4116 3688 4187; x_wconf 49' lang='lat' dir='ltr'><strong>negotia-</strong></span> 
     </span>
    </p>
   </div>
   <div class='ocr_carea' id='block_1_90' title="bbox 2115 4210 3684 4284">
    <p class='ocr_par' dir='ltr' id='par_1_90' title="bbox 2115 4210 3684 4284">
     <span class='ocr_line' id='line_1_90' title="bbox 2115 4210 3684 4284; baseline -0.008 -10"><span class='ocrx_word' id='word_1_641' title='bbox 2115 4229 2204 4276; x_wconf 90' lang='lat' dir='ltr'><strong>tus</strong></span> <span class='ocrx_word' id='word_1_642' title='bbox 2258 4220 2330 4275; x_wconf 90' lang='lat' dir='ltr'><strong>sit</strong></span> <span class='ocrx_word' id='word_1_643' title='bbox 2369 4238 2382 4273; x_wconf 89' lang='lat'><strong>:</strong></span> <span class='ocrx_word' id='word_1_644' title='bbox 2433 4225 2490 4272; x_wconf 93' lang='lat' dir='ltr'><strong>tu</strong></span> <span class='ocrx_word' id='word_1_645' title='bbox 2527 4232 2659 4271; x_wconf 89' lang='lat' dir='ltr'><strong>vero</strong></span> <span class='ocrx_word' id='word_1_646' title='bbox 2691 4215 2866 4280; x_wconf 89' lang='lat' dir='ltr'><strong>doles,</strong></span> <span class='ocrx_word' id='word_1_647' title='bbox 2900 4210 3048 4284; x_wconf 85' lang='lat' dir='ltr'><strong>quod</strong></span> <span class='ocrx_word' id='word_1_648' title='bbox 3070 4226 3264 4267; x_wconf 86' lang='lat' dir='ltr'><strong>aurum</strong></span> <span class='ocrx_word' id='word_1_649' title='bbox 3293 4219 3348 4266; x_wconf 92' lang='lat' dir='ltr'><strong>et</strong></span> <span class='ocrx_word' id='word_1_650' title='bbox 3403 4216 3684 4281; x_wconf 82' lang='lat' dir='ltr'><strong>argentum</strong></span> 
     </span>
    </p>
   </div>
   <div class='ocr_carea' id='block_1_91' title="bbox 2112 4302 3691 4381">
    <p class='ocr_par' dir='ltr' id='par_1_91' title="bbox 2112 4302 3691 4381">
     <span class='ocr_line' id='line_1_91' title="bbox 2112 4302 3691 4381; baseline -0.007 -17"><span class='ocrx_word' id='word_1_651' title='bbox 2112 4319 2169 4364; x_wconf 86' lang='lat' dir='ltr'><strong>et</strong></span> <span class='ocrx_word' id='word_1_652' title='bbox 2203 4325 2333 4381; x_wconf 88' lang='lat' dir='ltr'><strong>opes</strong></span> <span class='ocrx_word' id='word_1_653' title='bbox 2367 4307 2627 4378; x_wconf 88' lang='lat' dir='ltr'><strong>partiris;</strong></span> <span class='ocrx_word' id='word_1_654' title='bbox 2659 4307 2763 4359; x_wconf 86' lang='lat' dir='ltr'><strong>hoc</strong></span> <span class='ocrx_word' id='word_1_655' title='bbox 2786 4311 2892 4368; x_wconf 81' lang='lat' dir='ltr'><strong>est,</strong></span> <span class='ocrx_word' id='word_1_656' title='bbox 2924 4302 3160 4373; x_wconf 88' lang='lat' dir='ltr'><strong>lapidem</strong></span> <span class='ocrx_word' id='word_1_657' title='bbox 3193 4316 3257 4357; x_wconf 86' lang='lat' dir='ltr'><strong>ac</strong></span> <span class='ocrx_word' id='word_1_658' title='bbox 3278 4302 3552 4373; x_wconf 86' lang='lat' dir='ltr'><strong>pulverem</strong></span> <span class='ocrx_word' id='word_1_659' title='bbox 3584 4310 3691 4355; x_wconf 89' lang='lat' dir='ltr'><strong>tra-</strong></span> 
     </span>
    </p>
   </div>
   <div class='ocr_carea' id='block_1_92' title="bbox 2114 4394 3058 4467">
    <p class='ocr_par' dir='ltr' id='par_1_92' title="bbox 2114 4394 3058 4467">
     <span class='ocr_line' id='line_1_92' title="bbox 2114 4394 3058 4467; baseline -0.006 -11"><span class='ocrx_word' id='word_1_660' title='bbox 2114 4400 2223 4467; x_wconf 88' lang='lat' dir='ltr'><strong>dis,</strong></span> <span class='ocrx_word' id='word_1_661' title='bbox 2261 4407 2321 4454; x_wconf 89' lang='lat' dir='ltr'><strong>ut</strong></span> <span class='ocrx_word' id='word_1_662' title='bbox 2349 4400 2564 4455; x_wconf 87' lang='lat' dir='ltr'><strong>beatam</strong></span> <span class='ocrx_word' id='word_1_663' title='bbox 2592 4397 2755 4452; x_wconf 89' lang='lat' dir='ltr'><strong>vitam</strong></span> <span class='ocrx_word' id='word_1_664' title='bbox 2780 4394 3058 4466; x_wconf 88' lang='lat' dir='ltr'><strong>acquiras.</strong></span> 
     </span>
    </p>
   </div>
   <div class='ocr_carea' id='block_1_93' title="bbox 432 4638 2008 4717">
    <p class='ocr_par' dir='ltr' id='par_1_93' title="bbox 432 4638 2008 4717">
     <span class='ocr_line' id='line_1_93' title="bbox 432 4638 2008 4717; baseline 0.003 -23"><span class='ocrx_word' id='word_1_665' title='bbox 432 4638 555 4694; x_wconf 85' lang='lat' dir='ltr'><strong>deri</strong></span> <span class='ocrx_word' id='word_1_666' title='bbox 599 4638 822 4717; x_wconf 80' lang='lat' dir='ltr'><strong>duriora</strong></span> <span class='ocrx_word' id='word_1_667' title='bbox 853 4657 867 4693; x_wconf 90' lang='lat'><strong>:</strong></span> <span class='ocrx_word' id='word_1_668' title='bbox 917 4639 971 4693; x_wconf 91' lang='lat' dir='ltr'><strong>in</strong></span> <span class='ocrx_word' id='word_1_669' title='bbox 1001 4640 1203 4717; x_wconf 70' lang='lat' dir='ltr'><strong>quibus</strong></span> <span class='ocrx_word' id='word_1_670' title='bbox 1240 4639 1371 4717; x_wconf 66' lang='lat' dir='ltr'><strong>quid</strong></span> <span class='ocrx_word' id='word_1_671' title='bbox 1411 4640 1460 4695; x_wconf 88' lang='lat' dir='ltr'><strong>ei</strong></span> <span class='ocrx_word' id='word_1_672' title='bbox 1500 4649 1782 4717; x_wconf 75' lang='lat' dir='ltr'><strong>tantopere</strong></span> <span class='ocrx_word' id='word_1_673' title='bbox 1820 4643 2008 4714; x_wconf 84' lang='lat' dir='ltr'><strong>displi-</strong></span> 
     </span>
    </p>
   </div>
   <div class='ocr_carea' id='block_1_94' title="bbox 2107 4638 3689 4717">
    <p class='ocr_par' dir='ltr' id='par_1_94' title="bbox 2117 4639 3689 4717">
     <span class='ocr_line' id='line_1_94' title="bbox 2117 4639 3689 4717; baseline -0.006 -16"><span class='ocrx_word' id='word_1_674' title='bbox 2117 4646 2288 4701; x_wconf 78' lang='lat' dir='ltr'><strong>Coisl.</strong></span> <span class='ocrx_word' id='word_1_675' title='bbox 2317 4645 2605 4715; x_wconf 83' lang='lat' dir='ltr'><strong>legendum</strong></span> <span class='ocrx_word' id='word_1_676' title='bbox 2628 4661 2750 4717; x_wconf 50' lang='lat' dir='ltr'><strong>esse</strong></span> <span class='ocrx_word' id='word_1_677' title='bbox 2777 4645 2903 4717; x_wconf 70' lang='grc' dir='ltr'>περὶ</span> <span class='ocrx_word' id='word_1_678' title='bbox 2929 4644 3147 4708; x_wconf 75' lang='grc' dir='ltr'>αὐτούς,</span> <span class='ocrx_word' id='word_1_679' title='bbox 3175 4644 3403 4717; x_wconf 73' lang='lat' dir='ltr'><strong>hocest,</strong></span> <span class='ocrx_word' id='word_1_680' title='bbox 3433 4641 3559 4717; x_wconf 78' lang='grc' dir='ltr'>περὶ</span> <span class='ocrx_word' id='word_1_681' title='bbox 3585 4639 3689 4693; x_wconf 86' lang='grc' dir='ltr'><strong>δεο-</strong></span> 
     </span>
    </p>
   </div>
   <div class='ocr_carea' id='block_1_95' title="bbox 433 4710 2012 4779">
    <p class='ocr_par' dir='ltr' id='par_1_95' title="bbox 433 4710 2012 4779">
     <span class='ocr_line' id='line_1_95' title="bbox 433 4710 2012 4779; baseline 0.003 -15"><span class='ocrx_word' id='word_1_682' title='bbox 433 4724 567 4764; x_wconf 85' lang='lat' dir='ltr'><strong>cere</strong></span> <span class='ocrx_word' id='word_1_683' title='bbox 592 4711 854 4779; x_wconf 84' lang='lat' dir='ltr'><strong>potuerit,</strong></span> <span class='ocrx_word' id='word_1_684' title='bbox 896 4726 1005 4763; x_wconf 89' lang='lat' dir='ltr'><strong>non</strong></span> <span class='ocrx_word' id='word_1_685' title='bbox 1052 4711 1232 4765; x_wconf 89' lang='lat' dir='ltr'><strong>video.</strong></span> <span class='ocrx_word' id='word_1_686' title='bbox 1262 4710 1401 4764; x_wconf 89' lang='lat' dir='ltr'><strong>Cum</strong></span> <span class='ocrx_word' id='word_1_687' title='bbox 1444 4713 1589 4765; x_wconf 89' lang='lat' dir='ltr'><strong>enim</strong></span> <span class='ocrx_word' id='word_1_688' title='bbox 1623 4710 1723 4767; x_wconf 82' lang='lat' dir='ltr'><strong>hoc</strong></span> <span class='ocrx_word' id='word_1_689' title='bbox 1755 4716 1872 4767; x_wconf 89' lang='lat' dir='ltr'><strong>loco</strong></span> <span class='ocrx_word' id='word_1_690' title='bbox 1901 4710 2012 4769; x_wconf 83' lang='lat' dir='ltr'><strong>non</strong></span> 
     </span>
    </p>
   </div>
   <div class='ocr_carea' id='block_1_96' title="bbox 435 4779 2011 4853">
    <p class='ocr_par' dir='ltr' id='par_1_96' title="bbox 435 4779 2011 4853">
     <span class='ocr_line' id='line_1_96' title="bbox 435 4779 2011 4853; baseline 0.003 -20"><span class='ocrx_word' id='word_1_691' title='bbox 435 4779 510 4853; x_wconf 74' lang='lat' dir='ltr'><strong>de</strong></span> <span class='ocrx_word' id='word_1_692' title='bbox 538 4779 813 4841; x_wconf 84' lang='lat' dir='ltr'><strong>consiliis,</strong></span> <span class='ocrx_word' id='word_1_693' title='bbox 848 4779 1047 4853; x_wconf 67' lang='lat' dir='ltr'><strong>sedile</strong></span> <span class='ocrx_word' id='word_1_694' title='bbox 1073 4781 1358 4853; x_wconf 72' lang='lat' dir='ltr'><strong>pmceptis</strong></span> <span class='ocrx_word' id='word_1_695' title='bbox 1395 4790 1620 4851; x_wconf 77' lang='lat' dir='ltr'><strong>agatur;</strong></span> <span class='ocrx_word' id='word_1_696' title='bbox 1653 4787 1898 4852; x_wconf 79' lang='lat' dir='ltr'><strong>proiecto</strong></span> <span class='ocrx_word' id='word_1_697' title='bbox 1918 4786 2011 4853; x_wconf 88' lang='lat' dir='ltr'><strong>qui</strong></span> 
     </span>
    </p>
   </div>
   <div class='ocr_carea' id='block_1_97' title="bbox 437 4849 2012 4925">
    <p class='ocr_par' dir='ltr' id='par_1_97' title="bbox 437 4849 2012 4925">
     <span class='ocr_line' id='line_1_97' title="bbox 437 4849 2012 4925; baseline 0.006 -25"><span class='ocrx_word' id='word_1_698' title='bbox 437 4850 627 4925; x_wconf 54' lang='lat' dir='ltr'><strong>aliqua</strong></span> <span class='ocrx_word' id='word_1_699' title='bbox 648 4851 909 4925; x_wconf 78' lang='lat' dir='ltr'><strong>servavit,</strong></span> <span class='ocrx_word' id='word_1_700' title='bbox 934 4849 1097 4925; x_wconf 76' lang='lat' dir='ltr'><strong>debet</strong></span> <span class='ocrx_word' id='word_1_701' title='bbox 1124 4858 1178 4904; x_wconf 90' lang='lat' dir='ltr'><strong>et</strong></span> <span class='ocrx_word' id='word_1_702' title='bbox 1208 4849 1417 4916; x_wconf 82' lang='lat' dir='ltr'><strong>reliqua</strong></span> <span class='ocrx_word' id='word_1_703' title='bbox 1436 4849 1691 4916; x_wconf 79' lang='lat' dir='ltr'><strong>servare,</strong></span> <span class='ocrx_word' id='word_1_704' title='bbox 1716 4854 1760 4906; x_wconf 90' lang='lat' dir='ltr'><strong>si</strong></span> <span class='ocrx_word' id='word_1_705' title='bbox 1786 4849 2012 4925; x_wconf 79' lang='lat' dir='ltr'><strong>regnum</strong></span> 
     </span>
    </p>
   </div>
   <div class='ocr_carea' id='block_1_98' title="bbox 438 4919 1020 4989">
    <p class='ocr_par' dir='ltr' id='par_1_98' title="bbox 438 4919 1020 4989">
     <span class='ocr_line' id='line_1_98' title="bbox 438 4919 1020 4989; baseline -0.009 -15"><span class='ocrx_word' id='word_1_706' title='bbox 438 4919 536 4974; x_wconf 86' lang='lat' dir='ltr'><strong>Dei</strong></span> <span class='ocrx_word' id='word_1_707' title='bbox 566 4920 832 4989; x_wconf 86' lang='lat' dir='ltr'><strong>consequi</strong></span> <span class='ocrx_word' id='word_1_708' title='bbox 869 4921 1020 4974; x_wconf 87' lang='lat' dir='ltr'><strong>velit.</strong></span> 
     </span>
    </p>
   </div>
   <div class='ocr_carea' id='block_1_99' title="bbox 2126 4712 3693 4787">
    <p class='ocr_par' dir='ltr' id='par_1_99' title="bbox 2126 4712 3693 4787">
     <span class='ocr_line' id='line_1_99' title="bbox 2126 4712 3693 4787; baseline -0.003 -17"><span class='ocrx_word' id='word_1_709' title='bbox 2126 4717 2340 4787; x_wconf 81' lang='grc' dir='ltr'>μένους,</span> <span class='ocrx_word' id='word_1_710' title='bbox 2371 4712 2426 4769; x_wconf 81' lang='lat' dir='ltr'><strong>in</strong></span> <span class='ocrx_word' id='word_1_711' title='bbox 2446 4726 2669 4787; x_wconf 68' lang='lat' dir='ltr'><strong>egentes.</strong></span> <span class='ocrx_word' id='word_1_712' title='bbox 2698 4714 2763 4768; x_wconf 83' lang='lat' dir='ltr'><strong>Et</strong></span> <span class='ocrx_word' id='word_1_713' title='bbox 2778 4712 2907 4787; x_wconf 73' lang='lat' dir='ltr'><strong>vero</strong></span> <span class='ocrx_word' id='word_1_714' title='bbox 2929 4731 3119 4769; x_wconf 88' lang='lat' dir='ltr'><strong>omnes</strong></span> <span class='ocrx_word' id='word_1_715' title='bbox 3139 4715 3232 4783; x_wconf 88' lang='lat' dir='ltr'><strong>qui</strong></span> <span class='ocrx_word' id='word_1_716' title='bbox 3255 4712 3539 4787; x_wconf 84' lang='lat' dir='ltr'><strong>charitatis</strong></span> <span class='ocrx_word' id='word_1_717' title='bbox 3561 4725 3693 4781; x_wconf 54' lang='lat' dir='ltr'><strong>pra)-</strong></span> 
     </span>
    </p>
   </div>
   <div class='ocr_carea' id='block_1_100' title="bbox 2121 4784 3693 4855">
    <p class='ocr_par' dir='ltr' id='par_1_100' title="bbox 2121 4784 3693 4855">
     <span class='ocr_line' id='line_1_100' title="bbox 2121 4784 3693 4855; baseline -0.004 -14"><span class='ocrx_word' id='word_1_718' title='bbox 2121 4784 2337 4855; x_wconf 83' lang='lat' dir='ltr'><strong>ceptum</strong></span> <span class='ocrx_word' id='word_1_719' title='bbox 2369 4784 2610 4849; x_wconf 83' lang='lat' dir='ltr'><strong>servant,</strong></span> <span class='ocrx_word' id='word_1_720' title='bbox 2647 4784 2937 4840; x_wconf 85' lang='lat' dir='ltr'><strong>facultates</strong></span> <span class='ocrx_word' id='word_1_721' title='bbox 2971 4800 3100 4840; x_wconf 90' lang='lat' dir='ltr'><strong>suas</strong></span> <span class='ocrx_word' id='word_1_722' title='bbox 3129 4785 3461 4854; x_wconf 84' lang='lat' dir='ltr'><strong>partiuntur,</strong></span> <span class='ocrx_word' id='word_1_723' title='bbox 3487 4795 3693 4853; x_wconf 88' lang='lat' dir='ltr'><strong>easque</strong></span> 
     </span>
    </p>
   </div>
   <div class='ocr_carea' id='block_1_101' title="bbox 2121 4856 3011 4922">
    <p class='ocr_par' dir='ltr' id='par_1_101' title="bbox 2121 4856 3011 4922">
     <span class='ocr_line' id='line_1_101' title="bbox 2121 4856 3011 4922; baseline -0.001 -13"><span class='ocrx_word' id='word_1_724' title='bbox 2121 4856 2177 4911; x_wconf 90' lang='lat' dir='ltr'><strong>in</strong></span> <span class='ocrx_word' id='word_1_725' title='bbox 2206 4872 2502 4922; x_wconf 77' lang='lat' dir='ltr'><strong>egenorum</strong></span> <span class='ocrx_word' id='word_1_726' title='bbox 2534 4872 2669 4911; x_wconf 85' lang='lat' dir='ltr'><strong>usus</strong></span> <span class='ocrx_word' id='word_1_727' title='bbox 2696 4857 3011 4922; x_wconf 74' lang='lat' dir='ltr'><strong>absumunt.</strong></span> 
     </span>
    </p>
   </div>
   <div class='ocr_carea' id='block_1_102' title="bbox 2192 4921 3284 4996">
    <p class='ocr_par' dir='ltr' id='par_1_102' title="bbox 2192 4921 3284 4996">
     <span class='ocr_line' id='line_1_102' title="bbox 2192 4921 3284 4996; baseline -0.001 -18"><span class='ocrx_word' id='word_1_728' title='bbox 2192 4921 2306 4995; x_wconf 42' lang='grc'>(7⁷7)</span> <span class='ocrx_word' id='word_1_729' title='bbox 2342 4927 2496 4996; x_wconf 76' lang='lat' dir='ltr'><strong>(Iolb.</strong></span> <span class='ocrx_word' id='word_1_730' title='bbox 2531 4927 2741 4996; x_wconf 83' lang='lat' dir='ltr'><strong>primus</strong></span> <span class='ocrx_word' id='word_1_731' title='bbox 2775 4925 2935 4996; x_wconf 83' lang='grc' dir='ltr'>πόθεν</span> <span class='ocrx_word' id='word_1_732' title='bbox 2964 4921 3054 4978; x_wconf 78' lang='grc' dir='ltr'><strong>οὖν</strong></span> <span class='ocrx_word' id='word_1_733' title='bbox 3091 4921 3284 4996; x_wconf 49' lang='grc' dir='ltr'>ταῦτα,</span> 
     </span>
    </p>
   </div>
   <div class='ocr_carea' id='block_1_103' title="bbox 436 4988 2009 5113">
    <p class='ocr_par' dir='ltr' id='par_1_103' title="bbox 436 4988 2009 5113">
     <span class='ocr_line' id='line_1_103' title="bbox 436 4988 2009 5113; baseline 0.001 -69"><span class='ocrx_word' id='word_1_734' title='bbox 436 4990 627 5113; x_wconf 47' lang='lat' dir='ltr'><strong>ag&#39;(gl)</strong></span> <span class='ocrx_word' id='word_1_735' title='bbox 656 4988 879 5062; x_wconf 80' lang='lat' dir='ltr'><strong>Antiqui</strong></span> <span class='ocrx_word' id='word_1_736' title='bbox 910 4990 1022 5045; x_wconf 91' lang='lat' dir='ltr'><strong>duo</strong></span> <span class='ocrx_word' id='word_1_737' title='bbox 1061 4988 1185 5045; x_wconf 88' lang='lat' dir='ltr'><strong>libri</strong></span> <span class='ocrx_word' id='word_1_738' title='bbox 1216 4988 1338 5043; x_wconf 69' lang='grc' dir='ltr'>ἐπεὶ</span> <span class='ocrx_word' id='word_1_739' title='bbox 1365 4988 1423 5042; x_wconf 83' lang='grc' dir='ltr'><strong>δὲ</strong></span> <span class='ocrx_word' id='word_1_740' title='bbox 1460 4992 1509 5043; x_wconf 86' lang='grc' dir='ltr'><strong>ὁ.</strong></span> <span class='ocrx_word' id='word_1_741' title='bbox 1551 4989 1680 5062; x_wconf 76' lang='lat' dir='ltr'><strong>llcg.</strong></span> <span class='ocrx_word' id='word_1_742' title='bbox 1716 4992 1925 5061; x_wconf 88' lang='lat' dir='ltr'><strong>primus</strong></span> <span class='ocrx_word' id='word_1_743' title='bbox 1962 4998 2009 5047; x_wconf 87' lang='grc' dir='ltr'><strong>εί</strong></span> 
     </span>
    </p>
   </div>
   <div class='ocr_carea' id='block_1_104' title="bbox 512 5128 2011 5197">
    <p class='ocr_par' dir='ltr' id='par_1_104' title="bbox 512 5128 2011 5197">
     <span class='ocr_line' id='line_1_104' title="bbox 512 5128 2011 5197; baseline 0.005 -17"><span class='ocrx_word' id='word_1_744' title='bbox 512 5129 627 5197; x_wconf 86' lang='grc'>(75)</span> <span class='ocrx_word' id='word_1_745' title='bbox 661 5128 804 5185; x_wconf 82' lang='lat' dir='ltr'><strong>Editi</strong></span> <span class='ocrx_word' id='word_1_746' title='bbox 848 5129 925 5190; x_wconf 82' lang='grc' dir='ltr'>ὡς</span> <span class='ocrx_word' id='word_1_747' title='bbox 959 5128 1204 5183; x_wconf 81' lang='grc' dir='ltr'>σεαυτόν.</span> <span class='ocrx_word' id='word_1_748' title='bbox 1231 5131 1300 5184; x_wconf 85' lang='lat' dir='ltr'><strong>At</strong></span> <span class='ocrx_word' id='word_1_749' title='bbox 1326 5145 1457 5186; x_wconf 86' lang='lat' dir='ltr'><strong>mss.</strong></span> <span class='ocrx_word' id='word_1_750' title='bbox 1506 5132 1755 5186; x_wconf 89' lang='lat' dir='ltr'><strong>nonnulli</strong></span> <span class='ocrx_word' id='word_1_751' title='bbox 1789 5132 1865 5197; x_wconf 85' lang='grc' dir='ltr'>ὡς</span> <span class='ocrx_word' id='word_1_752' title='bbox 1887 5134 2011 5187; x_wconf 77' lang='grc' dir='ltr'>ἐαυ-</span> 
     </span>
    </p>
   </div>
   <div class='ocr_carea' id='block_1_105' title="bbox 438 5200 2010 5274">
    <p class='ocr_par' dir='ltr' id='par_1_105' title="bbox 438 5200 2010 5274">
     <span class='ocr_line' id='line_1_105' title="bbox 438 5200 2010 5274; baseline 0.005 -25"><span class='ocrx_word' id='word_1_753' title='bbox 438 5214 568 5274; x_wconf 43' lang='grc' dir='ltr'>τονη</span> <span class='ocrx_word' id='word_1_754' title='bbox 589 5200 745 5274; x_wconf 82' lang='lat' dir='ltr'><strong>Haud</strong></span> <span class='ocrx_word' id='word_1_755' title='bbox 773 5202 930 5274; x_wconf 75' lang='lat' dir='ltr'><strong>longe</strong></span> <span class='ocrx_word' id='word_1_756' title='bbox 949 5200 1105 5274; x_wconf 67' lang='lat' dir='ltr'><strong>Colb.</strong></span> <span class='ocrx_word' id='word_1_757' title='bbox 1134 5201 1328 5274; x_wconf 86' lang='lat' dir='ltr'><strong>tertius</strong></span> <span class='ocrx_word' id='word_1_758' title='bbox 1356 5200 1507 5273; x_wconf 68' lang='grc' dir='ltr'>παρὰ</span> <span class='ocrx_word' id='word_1_759' title='bbox 1525 5202 1617 5254; x_wconf 78' lang='grc' dir='ltr'>τοῦ</span> <span class='ocrx_word' id='word_1_760' title='bbox 1650 5203 1853 5274; x_wconf 84' lang='grc' dir='ltr'>Κυρίου</span> <span class='ocrx_word' id='word_1_761' title='bbox 1878 5222 2010 5274; x_wconf 80' lang='grc' dir='ltr'>προ-</span> 
     </span>
    </p>
   </div>
   <div class='ocr_carea' id='block_1_106' title="bbox 439 5269 1725 5340">
    <p class='ocr_par' dir='ltr' id='par_1_106' title="bbox 439 5269 1725 5340">
     <span class='ocr_line' id='line_1_106' title="bbox 439 5269 1725 5340; baseline 0.003 -21"><span class='ocrx_word' id='word_1_762' title='bbox 439 5269 627 5333; x_wconf 85' lang='grc' dir='ltr'>ταθέν,</span> <span class='ocrx_word' id='word_1_763' title='bbox 672 5271 726 5322; x_wconf 85' lang='lat' dir='ltr'><strong>id</strong></span> <span class='ocrx_word' id='word_1_764' title='bbox 763 5271 901 5340; x_wconf 83' lang='lat' dir='ltr'><strong>quod</strong></span> <span class='ocrx_word' id='word_1_765' title='bbox 946 5287 980 5322; x_wconf 85' lang='grc' dir='ltr'><strong>α</strong></span> <span class='ocrx_word' id='word_1_766' title='bbox 1014 5270 1242 5324; x_wconf 86' lang='lat' dir='ltr'><strong>Domino</strong></span> <span class='ocrx_word' id='word_1_767' title='bbox 1271 5269 1594 5339; x_wconf 75' lang='lat' dir='ltr'><strong>propositum</strong></span> <span class='ocrx_word' id='word_1_768' title='bbox 1628 5282 1725 5325; x_wconf 82' lang='lat' dir='ltr'><strong>est.</strong></span> 
     </span>
    </p>
   </div>
   <div class='ocr_carea' id='block_1_107' title="bbox 522 5340 2015 5412">
    <p class='ocr_par' dir='ltr' id='par_1_107' title="bbox 522 5340 2015 5412">
     <span class='ocr_line' id='line_1_107' title="bbox 522 5340 2015 5412; baseline 0.002 -20"><span class='ocrx_word' id='word_1_769' title='bbox 522 5343 632 5411; x_wconf 55' lang='grc' dir='ltr'><strong>αδ)</strong></span> <span class='ocrx_word' id='word_1_770' title='bbox 681 5340 857 5395; x_wconf 79' lang='lat' dir='ltr'><strong>Editio</strong></span> <span class='ocrx_word' id='word_1_771' title='bbox 900 5348 1131 5410; x_wconf 86' lang='lat' dir='ltr'><strong>utraque</strong></span> <span class='ocrx_word' id='word_1_772' title='bbox 1168 5341 1296 5411; x_wconf 72' lang='grc' dir='ltr'>περὶ</span> <span class='ocrx_word' id='word_1_773' title='bbox 1330 5341 1596 5404; x_wconf 65' lang='lat' dir='ltr'><strong>tauro-3;:</strong></span> <span class='ocrx_word' id='word_1_774' title='bbox 1643 5342 1694 5395; x_wconf 90' lang='lat' dir='ltr'><strong>id</strong></span> <span class='ocrx_word' id='word_1_775' title='bbox 1744 5341 1888 5412; x_wconf 85' lang='lat' dir='ltr'><strong>quod</strong></span> <span class='ocrx_word' id='word_1_776' title='bbox 1944 5341 2015 5397; x_wconf 86' lang='lat' dir='ltr'><strong>ita</strong></span> 
     </span>
    </p>
   </div>
   <div class='ocr_carea' id='block_1_108' title="bbox 441 5411 2017 5481">
    <p class='ocr_par' dir='ltr' id='par_1_108' title="bbox 441 5411 2017 5481">
     <span class='ocr_line' id='line_1_108' title="bbox 441 5411 2017 5481; baseline 0.001 -19"><span class='ocrx_word' id='word_1_777' title='bbox 441 5413 609 5464; x_wconf 76' lang='lat' dir='ltr'><strong>vertit</strong></span> <span class='ocrx_word' id='word_1_778' title='bbox 640 5414 935 5481; x_wconf 86' lang='lat' dir='ltr'><strong>interpres.</strong></span> <span class='ocrx_word' id='word_1_779' title='bbox 966 5420 1016 5464; x_wconf 87' lang='lat' dir='ltr'><strong>et</strong></span> <span class='ocrx_word' id='word_1_780' title='bbox 1064 5411 1267 5478; x_wconf 80' lang='lat' dir='ltr'><strong>reliqua</strong></span> <span class='ocrx_word' id='word_1_781' title='bbox 1294 5412 1347 5464; x_wconf 84' lang='lat' dir='ltr'><strong>in</strong></span> <span class='ocrx_word' id='word_1_782' title='bbox 1381 5428 1558 5465; x_wconf 83' lang='lat' dir='ltr'><strong>omnes</strong></span> <span class='ocrx_word' id='word_1_783' title='bbox 1601 5412 1736 5465; x_wconf 83' lang='lat' dir='ltr'><strong>alios</strong></span> <span class='ocrx_word' id='word_1_784' title='bbox 1764 5411 2017 5466; x_wconf 83' lang='lat' dir='ltr'><strong>dividun-</strong></span> 
     </span>
    </p>
   </div>
   <div class='ocr_carea' id='block_1_109' title="bbox 446 5481 2014 5552">
    <p class='ocr_par' dir='ltr' id='par_1_109' title="bbox 446 5481 2014 5552">
     <span class='ocr_line' id='line_1_109' title="bbox 446 5481 2014 5552; baseline 0.002 -20"><span class='ocrx_word' id='word_1_785' title='bbox 446 5491 554 5540; x_wconf 79' lang='lat' dir='ltr'><strong>tur,</strong></span> <span class='ocrx_word' id='word_1_786' title='bbox 588 5498 805 5551; x_wconf 70' lang='lat' dir='ltr'><strong>quorum</strong></span> <span class='ocrx_word' id='word_1_787' title='bbox 838 5481 1054 5552; x_wconf 75' lang='lat' dir='ltr'><strong>quisque</strong></span> <span class='ocrx_word' id='word_1_788' title='bbox 1084 5497 1237 5533; x_wconf 85' lang='lat' dir='ltr'><strong>suam</strong></span> <span class='ocrx_word' id='word_1_789' title='bbox 1281 5483 1569 5551; x_wconf 85' lang='lat' dir='ltr'><strong>portionem</strong></span> <span class='ocrx_word' id='word_1_790' title='bbox 1599 5481 1849 5544; x_wconf 81' lang='lat' dir='ltr'><strong>absumit,</strong></span> <span class='ocrx_word' id='word_1_791' title='bbox 1890 5499 2014 5536; x_wconf 84' lang='lat' dir='ltr'><strong>cum</strong></span> 
     </span>
    </p>
   </div>
   <div class='ocr_carea' id='block_1_110' title="bbox 444 5550 2016 5622">
    <p class='ocr_par' dir='ltr' id='par_1_110' title="bbox 444 5550 2016 5622">
     <span class='ocr_line' id='line_1_110' title="bbox 444 5550 2016 5622; baseline 0.001 -21"><span class='ocrx_word' id='word_1_792' title='bbox 444 5550 629 5622; x_wconf 82' lang='lat' dir='ltr'><strong>potius</strong></span> <span class='ocrx_word' id='word_1_793' title='bbox 656 5550 870 5607; x_wconf 72' lang='lat' dir='ltr'><strong>vertere</strong></span> <span class='ocrx_word' id='word_1_794' title='bbox 894 5550 1193 5613; x_wconf 87' lang='lat' dir='ltr'><strong>debuisset,</strong></span> <span class='ocrx_word' id='word_1_795' title='bbox 1219 5560 1267 5622; x_wconf 74' lang='lat' dir='ltr'><strong>et</strong></span> <span class='ocrx_word' id='word_1_796' title='bbox 1284 5550 1473 5606; x_wconf 75' lang='lat' dir='ltr'><strong>omnes</strong></span> <span class='ocrx_word' id='word_1_797' title='bbox 1508 5568 1623 5622; x_wconf 75' lang='lat' dir='ltr'><strong>qua:</strong></span> <span class='ocrx_word' id='word_1_798' title='bbox 1640 5568 1750 5622; x_wconf 79' lang='lat' dir='ltr'><strong>sua</strong></span> <span class='ocrx_word' id='word_1_799' title='bbox 1779 5561 1900 5606; x_wconf 76' lang='lat' dir='ltr'><strong>sunt</strong></span> <span class='ocrx_word' id='word_1_800' title='bbox 1919 5567 2016 5619; x_wconf 88' lang='lat' dir='ltr'><strong>pa-</strong></span> 
     </span>
    </p>
   </div>
   <div class='ocr_carea' id='block_1_111' title="bbox 447 5620 2008 5686">
    <p class='ocr_par' dir='ltr' id='par_1_111' title="bbox 447 5620 2008 5686">
     <span class='ocr_line' id='line_1_111' title="bbox 447 5620 2008 5686; baseline 0.001 -14"><span class='ocrx_word' id='word_1_801' title='bbox 447 5621 579 5674; x_wconf 77' lang='lat' dir='ltr'><strong>riter</strong></span> <span class='ocrx_word' id='word_1_802' title='bbox 604 5622 864 5686; x_wconf 76' lang='lat' dir='ltr'><strong>dividunt,</strong></span> <span class='ocrx_word' id='word_1_803' title='bbox 894 5630 944 5674; x_wconf 86' lang='lat' dir='ltr'><strong>et</strong></span> <span class='ocrx_word' id='word_1_804' title='bbox 986 5622 1040 5673; x_wconf 84' lang='lat' dir='ltr'><strong>in</strong></span> <span class='ocrx_word' id='word_1_805' title='bbox 1071 5638 1181 5674; x_wconf 79' lang='lat' dir='ltr'><strong>sese</strong></span> <span class='ocrx_word' id='word_1_806' title='bbox 1211 5620 1676 5684; x_wconf 46' lang='lat' dir='ltr'><strong>absumuntISetl,</strong></span> <span class='ocrx_word' id='word_1_807' title='bbox 1716 5624 1820 5676; x_wconf 87' lang='lat' dir='ltr'><strong>nisi</strong></span> <span class='ocrx_word' id='word_1_808' title='bbox 1861 5622 2008 5682; x_wconf 69' lang='lat' dir='ltr'><strong>valui)</strong></span> 
     </span>
    </p>
   </div>
   <div class='ocr_carea' id='block_1_112' title="bbox 448 5690 2014 5755">
    <p class='ocr_par' dir='ltr' id='par_1_112' title="bbox 448 5690 2014 5755">
     <span class='ocr_line' id='line_1_112' title="bbox 448 5690 2014 5755; baseline 0.002 -12"><span class='ocrx_word' id='word_1_809' title='bbox 448 5691 629 5754; x_wconf 73' lang='lat' dir='ltr'><strong>fallor,</strong></span> <span class='ocrx_word' id='word_1_810' title='bbox 680 5693 813 5746; x_wconf 87' lang='lat' dir='ltr'><strong>nihil</strong></span> <span class='ocrx_word' id='word_1_811' title='bbox 870 5694 1063 5744; x_wconf 87' lang='lat' dir='ltr'><strong>horum</strong></span> <span class='ocrx_word' id='word_1_812' title='bbox 1118 5691 1286 5746; x_wconf 85' lang='lat' dir='ltr'><strong>voluit</strong></span> <span class='ocrx_word' id='word_1_813' title='bbox 1339 5690 1614 5755; x_wconf 81' lang='lat' dir='ltr'><strong>Basilius;</strong></span> <span class='ocrx_word' id='word_1_814' title='bbox 1663 5708 1766 5747; x_wconf 85' lang='lat' dir='ltr'><strong>nec</strong></span> <span class='ocrx_word' id='word_1_815' title='bbox 1823 5692 2014 5746; x_wconf 85' lang='lat' dir='ltr'><strong>dubito</strong></span> 
     </span>
    </p>
   </div>
   <div class='ocr_carea' id='block_1_113' title="bbox 445 5761 2006 5835">
    <p class='ocr_par' dir='ltr' id='par_1_113' title="bbox 445 5761 2006 5835">
     <span class='ocr_line' id='line_1_113' title="bbox 445 5761 2006 5835; baseline 0.002 -21"><span class='ocrx_word' id='word_1_816' title='bbox 445 5762 580 5832; x_wconf 87' lang='lat' dir='ltr'><strong>quin</strong></span> <span class='ocrx_word' id='word_1_817' title='bbox 620 5765 673 5817; x_wconf 88' lang='lat' dir='ltr'><strong>in</strong></span> <span class='ocrx_word' id='word_1_818' title='bbox 714 5763 947 5835; x_wconf 79' lang='lat' dir='ltr'><strong>vulgatis</strong></span> <span class='ocrx_word' id='word_1_819' title='bbox 989 5761 1102 5815; x_wconf 82' lang='lat' dir='ltr'><strong>vitii</strong></span> <span class='ocrx_word' id='word_1_820' title='bbox 1148 5761 1354 5831; x_wconf 84' lang='lat' dir='ltr'><strong>aliquid</strong></span> <span class='ocrx_word' id='word_1_821' title='bbox 1395 5763 1543 5818; x_wconf 86' lang='lat' dir='ltr'><strong>insit.</strong></span> <span class='ocrx_word' id='word_1_822' title='bbox 1589 5762 1726 5818; x_wconf 89' lang='lat' dir='ltr'><strong>Puto</strong></span> <span class='ocrx_word' id='word_1_823' title='bbox 1757 5763 1920 5833; x_wconf 89' lang='lat' dir='ltr'><strong>igitur</strong></span> <span class='ocrx_word' id='word_1_824' title='bbox 1945 5780 2006 5816; x_wconf 72' lang='lat' dir='ltr'><strong>es</strong></span> 
     </span>
    </p>
   </div>
   <div class='ocr_carea' id='block_1_114' title="bbox 2188 4990 3694 5068">
    <p class='ocr_par' dir='ltr' id='par_1_114' title="bbox 2188 4990 3694 5068">
     <span class='ocr_line' id='line_1_114' title="bbox 2188 4990 3694 5068; baseline -0.002 -20"><span class='ocrx_word' id='word_1_825' title='bbox 2188 4990 2299 5068; x_wconf 84' lang='grc'>(78)</span> <span class='ocrx_word' id='word_1_826' title='bbox 2333 4994 2519 5050; x_wconf 78' lang='grc' dir='ltr'>Πάλαι</span> <span class='ocrx_word' id='word_1_827' title='bbox 2534 4990 2613 5050; x_wconf 74' lang='grc' dir='ltr'><strong>ἂν</strong></span> <span class='ocrx_word' id='word_1_828' title='bbox 2637 4994 3025 5068; x_wconf 64' lang='grc' dir='ltr'>ἐμελέτησας,</span> <span class='ocrx_word' id='word_1_829' title='bbox 3052 5012 3105 5047; x_wconf 87' lang='grc' dir='ltr'><strong>κ.</strong></span> <span class='ocrx_word' id='word_1_830' title='bbox 3126 4990 3694 5068; x_wconf 63' lang='lat' dir='ltr'><strong>t_.1._Verte,._I_amdu-_</strong></span> 
     </span>
    </p>
   </div>
   <div class='ocr_carea' id='block_1_115' title="bbox 2115 5061 3693 5132">
    <p class='ocr_par' dir='ltr' id='par_1_115' title="bbox 2115 5061 3693 5132">
     <span class='ocr_line' id='line_1_115' title="bbox 2115 5061 3693 5132; baseline -0.003 -14"><span class='ocrx_word' id='word_1_831' title='bbox 2115 5061 2243 5120; x_wconf 72' lang='lat' dir='ltr'><strong>dum</strong></span> <span class='ocrx_word' id='word_1_832' title='bbox 2281 5061 2604 5121; x_wconf 65' lang='lat' dir='ltr'><strong>exercitatus</strong></span> <span class='ocrx_word' id='word_1_833' title='bbox 2628 5061 2766 5120; x_wconf 76' lang='lat' dir='ltr'><strong>esses</strong></span> <span class='ocrx_word' id='word_1_834' title='bbox 2794 5067 2847 5118; x_wconf 86' lang='lat' dir='ltr'><strong>in</strong></span> <span class='ocrx_word' id='word_1_835' title='bbox 2896 5064 3187 5119; x_wconf 78' lang='lat' dir='ltr'><strong>alienandis</strong></span> <span class='ocrx_word' id='word_1_836' title='bbox 3234 5061 3605 5132; x_wconf 77' lang='lat' dir='ltr'><strong>facultatibus,</strong></span> <span class='ocrx_word' id='word_1_837' title='bbox 3647 5063 3693 5116; x_wconf 86' lang='lat' dir='ltr'><strong>si</strong></span> 
     </span>
    </p>
   </div>
   <div class='ocr_carea' id='block_1_116' title="bbox 2114 5132 3694 5204">
    <p class='ocr_par' dir='ltr' id='par_1_116' title="bbox 2114 5132 3694 5204">
     <span class='ocr_line' id='line_1_116' title="bbox 2114 5132 3694 5204; baseline -0.001 -17"><span class='ocrx_word' id='word_1_838' title='bbox 2114 5138 2413 5204; x_wconf 74' lang='lat' dir='ltr'><strong>proximum</strong></span> <span class='ocrx_word' id='word_1_839' title='bbox 2439 5138 2732 5191; x_wconf 67' lang='lat' dir='ltr'><strong>dilexisses.</strong></span> <span class='ocrx_word' id='word_1_840' title='bbox 2754 5135 2843 5188; x_wconf 87' lang='lat' dir='ltr'><strong>Sic</strong></span> <span class='ocrx_word' id='word_1_841' title='bbox 2862 5135 3024 5189; x_wconf 89' lang='lat' dir='ltr'><strong>etiam</strong></span> <span class='ocrx_word' id='word_1_842' title='bbox 3046 5134 3205 5201; x_wconf 86' lang='lat' dir='ltr'><strong>paulo</strong></span> <span class='ocrx_word' id='word_1_843' title='bbox 3224 5140 3363 5203; x_wconf 89' lang='lat' dir='ltr'><strong>post,</strong></span> <span class='ocrx_word' id='word_1_844' title='bbox 3388 5138 3449 5204; x_wconf 63' lang='lat'><strong>1;.</strong></span> <span class='ocrx_word' id='word_1_845' title='bbox 3478 5132 3565 5204; x_wconf 65' lang='lat' dir='ltr'><strong>li,</strong></span> <span class='ocrx_word' id='word_1_846' title='bbox 3590 5133 3694 5185; x_wconf 83' lang='grc' dir='ltr'>πά-</span> 
     </span>
    </p>
   </div>
   <div class='ocr_carea' id='block_1_117' title="bbox 2116 5202 3693 5278">
    <p class='ocr_par' dir='ltr' id='par_1_117' title="bbox 2116 5202 3693 5278">
     <span class='ocr_line' id='line_1_117' title="bbox 2116 5202 3693 5278; baseline -0.003 -20"><span class='ocrx_word' id='word_1_847' title='bbox 2116 5202 2207 5261; x_wconf 89' lang='grc' dir='ltr'><strong>λαι</strong></span> <span class='ocrx_word' id='word_1_848' title='bbox 2248 5208 2567 5278; x_wconf 81' lang='grc' dir='ltr'>μελετήσας,</span> <span class='ocrx_word' id='word_1_849' title='bbox 2588 5205 2911 5278; x_wconf 75' lang='lat' dir='ltr'><strong>qupridem</strong></span> <span class='ocrx_word' id='word_1_850' title='bbox 2941 5205 2996 5257; x_wconf 82' lang='lat' dir='ltr'><strong>in</strong></span> <span class='ocrx_word' id='word_1_851' title='bbox 3029 5205 3136 5257; x_wconf 80' lang='lat' dir='ltr'><strong>illis</strong></span> <span class='ocrx_word' id='word_1_852' title='bbox 3164 5202 3320 5274; x_wconf 80' lang='lat' dir='ltr'><strong>egeno</strong></span> <span class='ocrx_word' id='word_1_853' title='bbox 3365 5202 3693 5257; x_wconf 76' lang='lat' dir='ltr'><strong>distribuen-</strong></span> 
     </span>
    </p>
   </div>
   <div class='ocr_carea' id='block_1_118' title="bbox 2116 5276 2815 5331">
    <p class='ocr_par' dir='ltr' id='par_1_118' title="bbox 2116 5276 2815 5331">
     <span class='ocr_line' id='line_1_118' title="bbox 2116 5276 2815 5331; baseline 0 -3"><span class='ocrx_word' id='word_1_854' title='bbox 2116 5278 2198 5330; x_wconf 82' lang='lat' dir='ltr'><strong>dis</strong></span> <span class='ocrx_word' id='word_1_855' title='bbox 2227 5276 2566 5331; x_wconf 71' lang='lat' dir='ltr'><strong>exercitatus.</strong></span> <span class='ocrx_word' id='word_1_856' title='bbox 2602 5276 2815 5329; x_wconf 74' lang='lat' dir='ltr'><strong>MARAN.</strong></span> 
     </span>
    </p>
   </div>
   <div class='ocr_carea' id='block_1_119' title="bbox 2197 5340 3696 5416">
    <p class='ocr_par' dir='ltr' id='par_1_119' title="bbox 2197 5340 3696 5416">
     <span class='ocr_line' id='line_1_119' title="bbox 2197 5340 3696 5416; baseline -0.003 -15"><span class='ocrx_word' id='word_1_857' title='bbox 2197 5348 2309 5413; x_wconf 79' lang='lat'><strong>(79)</strong></span> <span class='ocrx_word' id='word_1_858' title='bbox 2342 5347 2482 5400; x_wconf 79' lang='lat' dir='ltr'><strong>Editi</strong></span> <span class='ocrx_word' id='word_1_859' title='bbox 2514 5349 2605 5399; x_wconf 84' lang='grc' dir='ltr'><strong>τὸν</strong></span> <span class='ocrx_word' id='word_1_860' title='bbox 2649 5345 2872 5416; x_wconf 90' lang='grc' dir='ltr'>πλησίον</span> <span class='ocrx_word' id='word_1_861' title='bbox 2903 5344 2980 5408; x_wconf 83' lang='grc' dir='ltr'>ὡς</span> <span class='ocrx_word' id='word_1_862' title='bbox 3009 5342 3252 5397; x_wconf 86' lang='grc' dir='ltr'>σεαυτόν.</span> <span class='ocrx_word' id='word_1_863' title='bbox 3293 5342 3398 5398; x_wconf 87' lang='lat' dir='ltr'><strong>Sed</strong></span> <span class='ocrx_word' id='word_1_864' title='bbox 3434 5342 3590 5408; x_wconf 88' lang='lat' dir='ltr'><strong>illud,</strong></span> <span class='ocrx_word' id='word_1_865' title='bbox 3616 5340 3696 5407; x_wconf 80' lang='grc' dir='ltr'>ὡς</span> 
     </span>
    </p>
   </div>
   <div class='ocr_carea' id='block_1_120' title="bbox 2126 5415 3123 5486">
    <p class='ocr_par' dir='ltr' id='par_1_120' title="bbox 2126 5415 3123 5486">
     <span class='ocr_line' id='line_1_120' title="bbox 2126 5415 3123 5486; baseline -0.006 -14"><span class='ocrx_word' id='word_1_866' title='bbox 2126 5419 2372 5478; x_wconf 86' lang='grc' dir='ltr'>σεαυτόν,</span> <span class='ocrx_word' id='word_1_867' title='bbox 2415 5418 2468 5471; x_wconf 88' lang='lat' dir='ltr'><strong>in</strong></span> <span class='ocrx_word' id='word_1_868' title='bbox 2499 5417 2741 5486; x_wconf 88' lang='lat' dir='ltr'><strong>antiquis</strong></span> <span class='ocrx_word' id='word_1_869' title='bbox 2771 5415 3123 5486; x_wconf 86' lang='lat' dir='ltr'><strong>librisdeest.</strong></span> 
     </span>
    </p>
   </div>
   <div class='ocr_carea' id='block_1_121' title="bbox 2194 5485 3117 5557">
    <p class='ocr_par' dir='ltr' id='par_1_121' title="bbox 2194 5485 3117 5557">
     <span class='ocr_line' id='line_1_121' title="bbox 2194 5485 3117 5557; baseline -0.002 -17"><span class='ocrx_word' id='word_1_870' title='bbox 2194 5487 2306 5557; x_wconf 88' lang='lat'><strong>(80)</strong></span> <span class='ocrx_word' id='word_1_871' title='bbox 2335 5488 2565 5557; x_wconf 82' lang='lat' dir='ltr'><strong>Codices</strong></span> <span class='ocrx_word' id='word_1_872' title='bbox 2592 5485 2701 5540; x_wconf 87' lang='lat' dir='ltr'><strong>duo</strong></span> <span class='ocrx_word' id='word_1_873' title='bbox 2727 5502 2821 5539; x_wconf 89' lang='grc' dir='ltr'><strong>σου</strong></span> <span class='ocrx_word' id='word_1_874' title='bbox 2855 5485 3117 5556; x_wconf 82' lang='grc' dir='ltr'>ὴνέῳκτο.</span> 
     </span>
    </p>
   </div>
   <div class='ocr_carea' id='block_1_122' title="bbox 2193 5552 3457 5626">
    <p class='ocr_par' dir='ltr' id='par_1_122' title="bbox 2193 5552 3457 5626">
     <span class='ocr_line' id='line_1_122' title="bbox 2193 5552 3457 5626; baseline -0.003 -15"><span class='ocrx_word' id='word_1_875' title='bbox 2193 5552 2307 5623; x_wconf 75' lang='grc'>(81)</span> <span class='ocrx_word' id='word_1_876' title='bbox 2340 5556 2453 5625; x_wconf 78' lang='lat' dir='ltr'><strong>Reg</strong></span> <span class='ocrx_word' id='word_1_877' title='bbox 2506 5552 3061 5626; x_wconf 20' lang='lat' dir='ltr'><strong>Ol‘ilnllsAﬁpO&#39;tépe&#39;VO;</strong></span> <span class='ocrx_word' id='word_1_878' title='bbox 3096 5554 3165 5607; x_wconf 73' lang='grc' dir='ltr'>τὰ</span> <span class='ocrx_word' id='word_1_879' title='bbox 3195 5552 3457 5626; x_wconf 84' lang='grc' dir='ltr'>παρόντα.</span> 
     </span>
    </p>
   </div>
   <div class='ocr_carea' id='block_1_123' title="bbox 2194 5620 3693 5698">
    <p class='ocr_par' dir='ltr' id='par_1_123' title="bbox 2194 5620 3693 5698">
     <span class='ocr_line' id='line_1_123' title="bbox 2194 5620 3693 5698; baseline -0.003 -16"><span class='ocrx_word' id='word_1_880' title='bbox 2194 5620 2306 5698; x_wconf 69' lang='lat'><strong>(8‘2)</strong></span> <span class='ocrx_word' id='word_1_881' title='bbox 2335 5620 2475 5698; x_wconf 62' lang='lat' dir='ltr'><strong>Editi</strong></span> <span class='ocrx_word' id='word_1_882' title='bbox 2497 5620 2801 5691; x_wconf 58' lang='grc' dir='ltr'>διαδιδούςί</span> <span class='ocrx_word' id='word_1_883' title='bbox 2819 5626 2887 5680; x_wconf 83' lang='lat' dir='ltr'><strong>At</strong></span> <span class='ocrx_word' id='word_1_884' title='bbox 2905 5620 3042 5682; x_wconf 73' lang='lat' dir='ltr'><strong>iuss.</strong></span> <span class='ocrx_word' id='word_1_885' title='bbox 3074 5620 3318 5695; x_wconf 81' lang='lat' dir='ltr'><strong>plerique</strong></span> <span class='ocrx_word' id='word_1_886' title='bbox 3351 5636 3544 5680; x_wconf 79' lang='lat' dir='ltr'><strong>omnes</strong></span> <span class='ocrx_word' id='word_1_887' title='bbox 3565 5620 3693 5696; x_wconf 67' lang='grc' dir='ltr'>κτή-</span> 
     </span>
    </p>
   </div>
   <div class='ocr_carea' id='block_1_124' title="bbox 2124 5697 2490 5769">
    <p class='ocr_par' dir='ltr' id='par_1_124' title="bbox 2124 5697 2490 5769">
     <span class='ocr_line' id='line_1_124' title="bbox 2124 5697 2490 5769; baseline -0.005 -17"><span class='ocrx_word' id='word_1_888' title='bbox 2124 5697 2267 5769; x_wconf 83' lang='grc' dir='ltr'>ματα</span> <span class='ocrx_word' id='word_1_889' title='bbox 2297 5697 2490 5760; x_wconf 81' lang='grc' dir='ltr'>διδούς.</span> 
     </span>
    </p>
   </div>
  </div>
