4052 6214
488 328 600 386 283

1725 328 2012 385 HOMILIA
2052 325 2120 381 IN
2159 326 2451 383 DIVITES.

3642 323 3757 379 98b

492 445 767 517 λυμμένα.
796 446 983 498 ⁶Ἰπποι
1014 444 1384 517 παμπληθεῖς,
1414 446 1507 500 καὶ
1535 439 1679 500 οὗτοι
1720 445 2064 514 γενεαλογού-

2171 444 2308 515 Equi
2348 459 2511 514 quam
2543 443 2785 515 plurimi,
2826 450 2991 513 atque
3021 441 3237 497 illorum
3271 457 3461 510 genus,
3499 448 3559 496 ut
3600 440 3657 495 ﬁt
3690 442 3751 497 in

501 555 653 607 μενοι
692 536 802 590 ἀπὸ
835 537 1117 601 εὐγενείας
1164 539 1434 609 πατέρων,
1471 537 1659 608 ὥσπερ
1697 541 1746 591 οἱ
1778 539 2072 609 ἄνθρωποι.

498 632 563 681 (ll.
611 628 712 701 μὲν
757 627 1082 698 τρυφῶντας
1128 627 1322 692 αὐτοὺς
1356 628 1496 681 κατὰ
1529 627 1627 700 τὴν
1666 628 1818 681 πόλιν
1842 629 2073 699 περιφέ-

431 746 435 761 ι
503 737 718 789 ρουσιν-
770 720 920 774 ἄλλοι
977 718 1416 790 συνθηρεύουσιν,
1442 719 1589 773 ἄλλοι
1613 719 1749 790 πρὸς
1769 720 2075 791 ὁδοιπορίαν

499 813 883 885 ἐξησκημένοι.
912 812 1137 867 Χαλινοὶ
1164 814 1256 867 καὶ
1269 812 1376 885 (90)
1393 814 1558 879 ζῶναι
1580 814 1674 866 καὶ
1698 813 2072 884 περιδέρραια,

500 908 678 961 πάντα
705 907 947 977 ἀργυρᾶ,
982 907 1163 960 πάντα
1190 906 1563 976 χρυσόπαστα.
1597 906 1849 973 Τάπητες
1881 904 2073 974 ἁλουρ-

499 1000 610 1067 γοὶ,
649 998 980 1068 κοσμοῦντες
1005 998 1133 1062 τοὺς
1164 998 1361 1061 ἵππους
1384 997 1573 1069 ὥσπερ
1590 997 1854 1068 νυμφίους
1874 1014 1887 1027 ·
1912 997 2073 1066 ἡμιό-

496 1108 605 1143 νων
626 1090 853 1161 πλῆθος,
873 1089 1015 1144 κατὰ
1033 1090 1201 1161 χρόαν
1219 1089 1562 1161 διῃρημένων
1577 1106 1590 1119 ·
1618 1090 1822 1160 ἡνίοχοι
1845 1089 2071 1152 τούτων,

495 1180 745 1253 αλλήλων
777 1182 1026 1251 διάδοχοι,
1058 1184 1107 1235 οἱ
1147 1182 1555 1253 προτρέχοντες,
1582 1184 1633 1235 οἱ
1679 1183 2071 1255 παρεπόμενοι.

494 1273 622 1326 Τῶν
668 1273 844 1327 ἄλλων
896 1274 1123 1327 οἰκετῶν
1166 1271 1398 1346 ἀριθμὸς
1446 1272 1672 1344 ἄπειρος
1713 1274 1849 1345 πρὸς
1893 1275 2073 1326 πᾶσαν

489 1362 680 1425 αὺτοῖς
738 1363 1084 1417 πολυτέλειαν
1139 1363 1413 1435 ἐξαρκῶν·
1468 1364 1751 1436 ἐπίτροποι
1777 1405 1792 1429 ,
1842 1363 2069 1435 ταμίαι,

487 1455 755 1524 γεωργοὶ,
782 1455 1133 1526 παντοδαπῆς
1158 1455 1409 1528 ἔμπειροι
1435 1456 1647 1526 τέχνης,
1678 1457 1778 1526 τῆς
1806 1473 1865 1508 τε
1900 1456 2072 1523 ἀναγ-

489 1547 657 1610 καίας
696 1549 791 1600 καὶ
821 1548 923 1618 τῆς
963 1549 1100 1620 πρὸς
1140 1550 1437 1604 ἀπόλαυσιν
1466 1552 1560 1603 καὶ
1589 1552 1799 1622 τρυφὴν
1832 1552 2070 1623 εὑρημέ-

486 1653 627 1721 νηςο
684 1640 971 1710 μάγειροι,
1022 1644 1304 1704 σιτοποιοὶ,
1338 1643 1583 1714 οἰνοχόοι,
1620 1643 1901 1713 θηρευταὶ,
1937 1643 2073 1696 πλά-

488 1746 641 1795 σται,
677 1729 977 1802 ζωγράφοι,
998 1731 1193 1802 ἡδονῆς
1220 1733 1477 1796 παντοίας
1498 1733 1837 1806 δημιουργοί.
1860 1734 2070 1802 ’Δγέλαι

2175 537 2523 600 hominibus,
2575 550 2607 589 a
2656 535 2925 605 majorum
2978 535 3268 606 splendore
3312 532 3749 589 commendatur.

2175 631 2280 684 Alii
2322 608 2494 685 bosce
2542 629 2882 699 voluptarios
2914 628 3330 683 circumvehunt
3362 642 3456 697 per
3504 628 3694 682 urbem
3732 646 3745 681 :

2174 723 2266 799 alii
2309 722 2622 785 venationi,
2653 721 2745 773 alii
2788 720 2972 774 itineri
3018 719 3363 775 conﬁciendo
3416 719 3745 773 inserviunt.

2174 815 2358 879 Freni,
2399 815 2636 885 cingula,
2688 813 2937 878 cellaria,
2987 814 3171 867 omnia
3217 820 3494 882 argentea,
3542 813 3746 864 intexta

2175 924 2310 963 auro
2336 910 2540 963 omnia.
2576 906 2856 977 Purpurea
2891 915 3086 971 strata,
3120 920 3291 976 equos
3334 906 3484 959 velut
3515 918 3748 973 sponsos

2173 1001 2445 1064 ornantia,
2485 1001 2758 1053 mulorum
2788 999 2971 1053 colore
3005 997 3394 1053 distinctorum
3432 994 3745 1059 multitudo,

2172 1106 2404 1161 quorum
2432 1092 2633 1161 aurigae
2669 1090 2772 1145 sibi
2806 1091 3038 1145 invicem
3071 1089 3463 1153 succedentes,
3504 1093 3750 1157 praeeunt

2173 1186 2288 1248 alii,
2317 1184 2408 1238 alii
2448 1193 2772 1253 sequuntur.
2806 1181 3164 1252 Reliquorum
3198 1180 3530 1234 famulorum
3564 1194 3752 1232 nume-

2172 1290 2270 1330 rus
2302 1274 2571 1337 inﬁnitus,
2600 1272 2695 1343 qui
2735 1272 2840 1329 sibi
2875 1272 2941 1326 ad
2974 1269 3431 1342 magniﬁcentiam
3456 1269 3635 1323 omnis
3660 1283 3750 1336 ge-

2172 1367 2323 1422 neris
2360 1365 2744 1422 ostentandam
2801 1363 3066 1431 suﬂiciat;
3096 1371 3504 1433 procuratores,
3548 1358 3746 1430 promi.

2172 1458 2445 1529 agricolae,
2497 1457 2733 1511 ministri
2794 1454 3175 1525 cujuscunque
3213 1453 3349 1508 artis
3403 1450 3586 1523 periti,
3633 1457 3747 1502 tum

2170 1550 2290 1620 ejus
2311 1565 2433 1620 qua:
2461 1549 2770 1604 necessaria
2804 1556 2912 1612 est,
2942 1555 3059 1602 tum
3090 1546 3212 1616 ejus
3241 1560 3361 1616 quae
3393 1544 3461 1597 ad
3500 1543 3750 1612 volupta-

2172 1651 2281 1699 tem
2314 1642 2651 1711 deliciasque
2691 1640 2911 1694 inventa
2962 1647 3082 1704 est,
3134 1638 3275 1700 coci,
3316 1638 3573 1707 pistores,
3624 1634 3749 1704 pin—

2172 1748 2370 1795 cernae,
2413 1741 2728 1796 venatores,
2757 1731 2999 1794 ﬁctores,
3032 1731 3292 1799 pictores,
3318 1728 3623 1799 omnigenaa
3653 1742 3749 1781 vo-

485 1790 924 1893 καμῆλίωϊτόίν
1092 1790 1430 1895 ἀχθοφόρων,
1602 1825 1659 1878 δὲ
1693 1790 1957 1895 νομάδων,
1983 1825 2064 1877 ἴπ-

2173 1790 2399 1895 luptatis
2445 1790 3093 1893 opiﬁces.'Caxnelorum
3152 1790 3366 1891 greges,
3423 1790 3623 1889 partim
3679 1815 3747 1869 ad

485 1931 611 1965 πων
632 1913 844 1983 ἀγέλαις
872 1913 1144 1983 βουκόλια,
1180 1914 1429 1985 ποίμνια,
1467 1915 1754 1986 συφόρόια,
1786 1916 1836 1968 oi
1867 1915 2071 1968 τούτων

482 2008 698 2075 νομεῖς,
735 2006 804 2076 γῆ
847 2008 880 2076 ἡ
928 2008 1060 2059 πᾶσι
1092 2006 1302 2070 τούτοις
1332 2007 1470 2078 πρὸς
1494 2008 1700 2079 τροφὴν
1742 2007 2068 2078 ἐξαρκοῦσα,

484 2093 586 2146 καὶ
635 2094 716 2146 ἔτι
765 2097 884 2158 ταῖς
927 2095 1206 2165 προσόδοις
1235 2095 1345 2168 (9-1)
1387 2096 1478 2148 τὸν
1522 2096 1751 2150 πλοῦτον
1795 2096 2064 2163 αὔξουσα·

480 2186 691 2257 λουτρὰ
736 2188 793 2238 ἐν
833 2186 1015 2240 πόλει*
1049 2187 1248 2258 λουτρὰ
1278 2190 1396 2241 κατ’
1423 2189 1656 2260 ἀγρούς·
1691 2185 1827 2242 οἶκοι
1874 2205 2070 2242 παντο-

477 2278 676 2342 δαποῖς
737 2279 1048 2350 μαρμάροις
1104 2278 1592 2350 περιλαμπόμενοι,
1622 2283 1650 2333 ὁ
1679 2282 1777 2350 μὲν
1832 2281 2068 2353 Φρυγίου

476 2369 657 2432 λίθου,
703 2370 860 2435 ἄλλος
898 2372 1221 2442 Λακωνικῆς
1261 2372 1294 2444 ἦ
1325 2372 1662 2444 Θεσσαλικῆς
1697 2373 1933 2437 πλακόςο
1973 2375 2069 2427 καὶ

478 2462 693 2515 τούτων
731 2464 778 2515 oi
823 2463 920 2532 μὲν
965 2464 1022 2515 ἐν
1072 2463 1298 2533 χειμῶνι
1348 2462 1661 2527 θάλποντες,
1697 2467 1744 2517 οί
1776 2464 1834 2518 δὲ
1863 2464 2070 2534 ἀναψύ-

478 2571 676 2623 χοντες
710 2556 766 2607 ἐν
798 2554 876 2625 τῷ
908 2554 1082 2626 θέρει.
1111 2555 1344 2623 Ἐδαφος
1374 2557 1494 2618 ταῖς
1532 2556 1729 2626 ψηφῖσι
1757 2556 2069 2628 διηνθισμέ-

476 2663 598 2708 νον,
654 2646 855 2716 χρυσὸς
908 2646 1222 2715 ὑπαλείφων
1262 2648 1354 2700 τὸν
1409 2648 1624 2718 ὄροφον.
1659 2649 1821 2701 Ὅσον
1856 2648 1912 2701 δὲ
1957 2647 2068 2702 τῶν

474 2739 683 2809 τοίχων
713 2740 996 2808 διαφεύγει
1040 2739 1140 2812 τὴν
1174 2740 1377 2807 πλάκα,
1406 2745 1518 2806 τοῖς
1542 2744 1643 2814 τῆς
1671 2744 1945 2816 γραφικῆς
1975 2744 2066 2799 ἇν-

477 2830 606 2883 θεσι
643 2832 1067 2896 καλλωπίζεται.

552 3004 609 3058 5.
638 3003 887 3058 Ἐπειδὰν
911 3005 970 3060 δὲ
996 3008 1076 3072 είς
1107 3008 1272 3081 μυρία
1293 3007 1668 3079 διασπώμενος
1684 3027 1712 3065 ο
1728 3010 1955 3077 πλοῦτος
1984 2979 2064 3067 ἔτι

2169 1932 2338 1971 onera
2360 1915 2603 1982 ferenda,
2628 1914 2828 1985 partim
2857 1913 2923 1968 ad
2944 1928 3147 1984 pascua
3176 1912 3458 1976 destinati,
3482 1925 3748 1982 equorum

2172 2016 2420 2064 armenta
2455 2014 2512 2063 et
2543 2008 2731 2067 boum,
2763 2020 2956 2076 greges
2995 2006 3178 2060 ovium
3214 2011 3268 2059 et
3297 2018 3617 2074 porcorum,
3650 2002 3763 2055 bo»

2169 2117 2291 2155 rum
2311 2111 2597 2171 pastores;
2621 2098 2737 2170 agri
2769 2098 2862 2169 qui
2893 2114 3003 2153 non
3039 2097 3203 2153 modo
3242 2097 3312 2152 iis
3337 2096 3596 2150 omnibus
3652 2110 3748 2166 pa-

2169 2192 2388 2249 scendis
2413 2190 2707 2253 suﬂiciant,
2753 2191 2848 2247 sed
2879 2191 2974 2261 qui
3008 2190 3174 2246 etiam
3216 2205 3314 2260 per
3341 2188 3550 2245 reditus
3573 2205 3635 2243 ex
3689 2203 3750 2242 se

2168 2285 2554 2355 provenientes
2611 2282 2833 2338 divitias
2879 2281 2989 2354 54
3050 2282 3385 2352 adaugeant;
3443 2281 3634 2336 balnea
3691 2280 3747 2332 in

2169 2374 2329 2440 urbe,
2365 2373 2558 2428 balnea
2592 2373 2737 2439 ruri;
2770 2372 2937 2436 aedes,
2969 2386 3093 2441 quae
3133 2371 3342 2441 fulgent
3380 2368 3748 2424 marmoribus

2167 2465 2349 2520 omnis
2385 2464 2637 2535 generis;
2671 2463 2819 2518 aliud
2849 2470 2934 2518 est
2967 2478 3031 2516 ex
3081 2460 3319 2537 Phrygio
3355 2459 3558 2531 lapide,
3599 2459 3746 2513 aliud

2166 2574 2234 2615 ex
2260 2557 2549 2613 Laconicis
2577 2564 2673 2611 aut
2705 2553 3039 2610 Thessalicis
3067 2554 3307 2609 crustis:
3360 2562 3522 2622 atque
3563 2566 3626 2604 ex
3660 2551 3746 2604 bis

2167 2650 2381 2706 aedibus
2433 2649 2554 2703 alia:
2613 2649 2668 2703 in
2726 2648 2908 2702 hieme
2953 2644 3308 2707 calefaciunt,
3351 2643 3472 2696 alia:
3520 2640 3748 2710 refrige-

2164 2752 2292 2798 rant
2323 2750 2531 2799 aastate.
2570 2740 2950 2795 Pavimentum
2987 2736 3221 2793 calculis
3250 2736 3545 2798 variatum,
3595 2736 3746 2790 lacu-

2166 2834 2319 2889 naria
2365 2848 2500 2888 auro
2549 2834 2771 2889 sublita.
2807 2830 3086 2901 Quidquid
3128 2836 3309 2883 autem
3354 2826 3628 2898 parietum
3661 2825 3743 2878 in-

2164 2934 2470 2983 crustatum
2504 2941 2612 2980 non
2642 2931 2760 2990 est,
2792 2923 2848 2978 id
2885 2922 3114 2993 pictura:
3157 2919 3387 2974 ﬁoribus
3421 2923 3741 2972 exornatur.

2234 3019 2289 3074 5.
2321 3017 2459 3073 Cum
2488 3024 2670 3072 autem
2698 3016 2752 3070 in
2793 3023 3082 3071 sexcentos
3126 3026 3258 3068 usus
3296 3010 3576 3066 distractae
3605 3008 3745 3063 divi-

475 3096 801 3169 ττεριττεύῃ,
834 3099 977 3152 κατὰ
1005 3102 1109 3171 γῆς
1135 3101 1377 3165 ὠθεῖται,
1398 3102 1493 3155 καὶ
1526 3104 1584 3157 ἐν
1610 3103 1940 3177 ἀπορρήτοις
1966 3123 2061 3174 φυ-

2166 3110 2254 3166 tia;
2288 3107 2601 3164 redundant
2636 3107 2837 3173 adhuc,
2870 3114 2984 3160 tum
3010 3106 3064 3160 in
3096 3115 3239 3160 terra
3269 3100 3657 3162 detruduntur,
3689 3107 3745 3154 et

475 3186 758 3244 λάττεται.
795 3188 1021 3260 Ἄδηλον
1062 3190 1173 3262 γὰρ
1209 3192 1272 3245 τὸ
1305 3192 1517 3262 μέλλον,
1551 3195 1735 3266 μήπου
1764 3197 1911 3258 τινὲς
1942 3197 2063 3250 ἀδό-

477 3295 643 3349 κητοι
685 3281 834 3350 ἡμᾶς
874 3281 1225 3336 καταλάϐωσι
1258 3284 1720 3357 χρεῖαι.’”Αδηλον
1752 3286 1850 3357 μὲν
1872 3283 1987 3355 οὖν,
2016 3291 2063 3342 εί

475 3370 637 3441 ἦξε-ις
668 3372 800 3442 πρὸς
826 3371 926 3443 τὴν
947 3374 1136 3445 χρείαν
1159 3375 1253 3429 τοῦ
1286 3378 1778 3451 κατορωρυγμένου
1806 3381 2029 3451 χρυσίου
2046 3398 2061 3412 ·

477 3462 587 3514 οὐκ
635 3461 830 3533 ἄδηλος
882 3462 939 3516 δὲ
983 3465 1019 3537 ἡ
1053 3464 1226 3536 ζημία
1253 3466 1354 3537 τῆς
1383 3468 1782 3540 ἀπανθρωπίας
1804 3470 1913 3525 τῶν
1940 3471 2065 3542 τρόο

477 3572 624 3610 πων.
664 3556 790 3609 Ὀτε
817 3556 926 3627 γὰρ
962 3558 1062 3611 οὐκ
1089 3559 1361 3631 ὴδυνήθης
1400 3563 1524 3625 ταῖς
1554 3561 1774 3632 μυρίαις
1802 3562 2065 3628 ἐπινοίαις

476 3646 861 3718 ὲκδαπανῆσαι
902 3648 993 3702 τὸν
1046 3648 1296 3718 πλοῦτον,
1335 3653 1459 3705 τότε
1493 3653 1656 3707 αὑτὸν
1698 3656 1780 3718 είς
1813 3655 1912 3727 τὴν
1960 3657 2063 3727 γῆν

476 3737 802 3809 ἀπεκρύψω.
827 3740 1008 3794 Μανία
1048 3741 1216 3813 δεινὴ,
1259 3743 1365 3807 ἕως
1400 3745 1501 3813 μὲν
1531 3746 1589 3798 ἐν
1623 3746 1905 3817 μετάλλοις
1933 3744 2001 3819 ἦν
2035 3751 2064 3803 ὀ

477 3830 707 3900 χρυσὸς,
736 3831 1028 3903 ἀνερευνᾷν
1063 3833 1174 3904 (92)
1202 3834 1302 3906 τὴν
1332 3838 1436 3906 γῆν
1454 3854 1469 3867 ο
1496 3838 1584 3891 ὅτε
1611 3839 1667 3892 δὲ
1697 3840 1925 3913 φανερὸς
1946 3841 2065 3911 ἐγέ-

476 3935 627 3985 νετο,
674 3918 835 3973 πάλιν
875 3922 933 3975 ὲν
965 3924 1033 3993 τῇ
1059 3924 1131 3994 γῇ
1165 3924 1330 3978 αὑτὸν
1368 3926 1673 3994 ἀφανίζειν.
1702 3924 1856 3994 Εἶτα,
1885 3928 2060 4001 οἶμαι,

481 4010 773 4079 συμϐαίνει
817 4029 900 4066 σοι
944 4015 1336 4087 κατορύσσοντι
1391 4019 1484 4072 τὸν
1545 4020 1775 4075 πλοῦτον
1826 4039 2064 4092 συγκατ-

476 4099 733 4169 ορύσσειν
747 4101 838 4153 καὶ
848 4102 947 4173 τὴν
964 4104 1212 4177 καρδίαν·
1228 4108 1421 4161 ’Ὅπου
1437 4108 1544 4179 γὰρ
1556 4112 1587 4163 ό
1604 4113 1907 4180 θησαυρός
1923 4129 2058 4174 σου,

478 4190 668 4260 φησιν,
701 4190 831 4243 ἐκεῖ
853 4193 953 4245 καὶ
984 4193 1024 4260 ἡ
1058 4196 1290 4263 καρδία.
1337 4198 1436 4251 Διὰ
1493 4199 1652 4253 τοῦτο
1693 4200 1955 4256 λυποῦσιν
2003 4203 2060 4257 αί

476 4281 720 4334 ἐντολαίο
752 4282 983 4336 ἀϐίωτον
1018 4284 1128 4355 γὰρ
1156 4288 1368 4351 ἑαυτοῖς
1399 4289 1491 4342 τὸν
1537 4290 1650 4361 βίον
1685 4292 1945 4359 τίθενται,
1985 4295 2059 4364 μὴ

476 4376 600 4435 ταῖς
635 4375 750 4443 (93)
783 4376 1081 4445 ἀνωφελέσι
1128 4379 1395 4445 δαπάναις
1437 4382 1902 4457 ὲνασχολούμενοι.
1951 4388 2060 4440 Καί

480 4484 573 4536 μοι
620 4465 768 4519 δοκεῖ
797 4466 857 4520 τὸ
903 4470 1076 4534 πάθος
1110 4472 1204 4525 τοῦ
1231 4475 1535 4539 νεανίσκου,
1560 4477 1594 4548 ἣ
1633 4478 1742 4532 τῶν
1772 4481 2059 4554 παραπλη-
2089 4472 2135 4528 Ι)

479 4558 614 4612 σίων
650 4558 820 4631 αὐτῷ,
856 4561 1154 4633 παρόμοιον
1206 4561 1366 4627 εἶναι,
1398 4565 1587 4638 ὥσπερ
1619 4568 1685 4621 ἂν
1721 4570 1775 4622 εῐ
1814 4587 1897 4634 τις
1925 4571 2056 4625 ὁδοι-

473 4650 644 4720 πᾷρος
691 4651 956 4723 ἐπιθυμίᾳ.
1014 4654 1221 4719 πόλεώς
1252 4673 1394 4720 τινος
1440 4659 1705 4724 συντόνως
1730 4661 1827 4732 τὴν
1861 4663 2053 4733 μέχρις

470 4742 645 4811 αὐτῆς
667 4741 785 4796 ὁδὸν
806 4743 1082 4809 διανύσας,
1106 4741 1225 4799 εἶτα
1245 4748 1411 4801 αὐτοῦ
1439 4767 1543 4803 που
1572 4752 1701 4822 περὶ
1726 4752 1793 4805 τὰ
1819 4755 1925 4824 πρὸ
1944 4755 2053 4808 τῶν

468 4834 665 4903 τειχῶν
691 4835 1011 4889 καταλύσειε
1043 4838 1350 4910 πανδοχεῖα,
1387 4840 1530 4912 ὄκνῳ
1565 4846 1767 4915 μικρᾶς
1787 4848 2053 4918 κινήσεως

466 4923 562 4974 τόν
590 4939 653 4974 τε
679 4924 1101 4996 προϋπάρξαντα
1131 4928 1292 4991 πόνον
1318 4931 1569 5001 ἀχρειῶν,
1590 4933 1794 5006 καὶτῆς
1816 4936 2053 5007 ἱστορίας

469 5015 583 5068 τῶν
628 5018 689 5072 ὲν
727 5020 794 5088 τῇ
839 5019 993 5072 πόλει
1029 5021 1211 5074 καλῶν
1241 5024 1433 5077 ἑαυτὸν
1465 5025 1786 5080 ἀποκλείων.
1812 5029 2054 5084 Τοιοῦτοί

471 5108 613 5160 εἰσιν
646 5110 696 5161 οί
735 5108 806 5162 τὰ
841 5111 939 5180 μὲν
972 5110 1108 5164 ἄλλα
1143 5116 1322 5167 ποιεῖν
1351 5115 1793 5187 καταδεχόμενοι,
1819 5121 2054 5174 ἀντιϐαί-

471 5217 659 5265 νοντες
717 5200 774 5255 δὲ
825 5201 964 5273 πρὸς
1015 5203 1112 5274 τὴν
1163 5205 1271 5259 τῶν
1352 5207 1703 5279 ὑπαρχόντων
1768 5211 2047 5268 ἀπόθεσιν.

547 5357 594 5387 ²¹
635 5356 821 5413 Matth.
857 5375 953 5423 vn,
983 5358 1074 5416 21.

548 5471 661 5544 (‘90)
692 5472 847 5544 Coll).
883 5475 1093 5543 primus
1118 5474 1324 5544 χαλινοὶ
1350 5474 1407 5526 δὲ
1429 5476 1546 5528 καί⁸

699 5543 850 5617 μου),
886 5542 1080 5617 tertius
1107 5542 1200 5596 καὶ
1224 5543 1316 5597 ἐπὶ
1334 5544 1775 5617 ταῖςίπροσὸδοις.

556 5612 663 5686 (θὲ.)
701 5613 841 5686 Editi
870 5625 925 5667 et
953 5614 1417 5686 Qnibrsccundus
1446 5612 1760 5686 ἀνερευνᾷς,
1792 5617 1951 5670 male.
1983 5615 2051 5670 At

480 5679 651 5757 ςξςιιι).
670 5685 867 5757 tertius
890 5695 941 5757 et
963 5684 1097 5757 Reg.
1125 5685 1308 5757 itidem
1332 5686 1528 5739 tertius
1547 5679 1862 5757 ἆνερευνᾷν,
1887 5689 2044 5741 bene.

484 5748 607 5806 υυί
631 5753 759 5807 "diu
787 5755 865 5818 εἰς
889 5756 986 5814 τὴν
1010 5743 1134 5825 γῆν.
1169 5753 1390 5811 Veteres
1413 5756 1618 5827 aliquct
1648 5743 1767 5810 libri
1787 5743 1932 5830 ἔν’τῇ
1952 5759 2021 5827 γῆ

2165 3199 2220 3253 in
2280 3198 2501 3267 abditis.
2537 3196 2676 3252 locis
2737 3203 3114 3252 asservantur.
3163 3193 3436 3248 Incertum
3468 3197 3553 3246 est
3596 3190 3742 3245 enim

2163 3290 2309 3359 quod
2346 3288 2591 3344 futurum
2619 3295 2724 3352 est,
2742 3302 2812 3340 ne
2841 3284 2983 3341 forte
3019 3284 3075 3339 in
3102 3280 3366 3353 quasdam
3400 3281 3744 3349 inexspecta-

2164 3389 2251 3437 tas
2279 3382 2643 3438 necessitates
2684 3378 3014 3434 incidamus.
3059 3374 3177 3431 lmo
3223 3375 3516 3440 incertum,
3545 3387 3616 3427 an
3645 3370 3739 3427 de-

2164 3475 2317 3531 fosso
2348 3488 2484 3528 auro
2517 3473 2595 3533 sis
2621 3486 2759 3541 opus
2782 3470 3073 3526 habiturus
3099 3487 3111 3521 :
3145 3467 3240 3524 sed
3270 3467 3480 3522 incerta
3513 3479 3623 3520 non
3650 3471 3743 3521 est

2164 3567 2589 3622 inhumanorum
2623 3576 2836 3617 morum
2864 3574 3047 3632 pcena.
3071 3557 3368 3628 Postquam
3394 3555 3540 3610 enim
3574 3556 3743 3609 innu~

2164 3659 2332 3714 meris
2359 3655 2611 3711 artiﬁciis
2638 3669 2833 3707 aurum
2865 3653 3161 3707 absumere
3196 3663 3307 3703 non
3336 3646 3584 3719 potuisti,
3607 3653 3742 3700 tunc

2162 3749 2297 3807 illud
2327 3749 2430 3804 sub
2460 3757 2606 3802 terra
2633 3744 2945 3801 occultasti.
2981 3741 3198 3798 Insania
3221 3741 3438 3811 ingens,
3466 3737 3593 3793 dum
3615 3739 3740 3808 qui-

2161 3844 2284 3899 dem
2324 3856 2517 3895 aurum
2564 3839 2619 3893 in
2639 3837 2875 3892 metallis
2898 3842 3037 3899 erat,
3069 3846 3268 3888 terram
3293 3830 3527 3887 scrutari
3564 3849 3576 3884 :
3613 3845 3737 3885 cum

2161 3945 2342 3991 autem
2386 3933 2498 4003 jam
2551 3933 2606 3986 in
2636 3929 2929 4001 propatulo
2952 3936 3056 3994 est,
3088 3940 3285 3981 rursus
3321 3923 3454 3978 illud
3487 3923 3540 3977 in
3588 3928 3737 3976 terra

2161 4024 2522 4082 abscondere.
2554 4021 2782 4083 Deinde,
2804 4020 3023 4090 opinor,
3054 4016 3322 4088 contingit
3353 4014 3447 4070 tibi
3487 4012 3739 4084 quisquis

2159 4135 2293 4191 opes
2336 4117 2575 4174 defodis.
2608 4123 2667 4170 ut
2700 4122 2753 4169 et
2792 4128 2889 4167 cur
2936 4122 3088 4166 tuum
3120 4125 3229 4164 una
3262 4108 3532 4163 defodias.
3565 4104 3734 4166 Nam,

2161 4210 2358 4281 inquit,
2390 4209 2479 4262 ubi
2508 4210 2784 4260 thesaurus
2826 4213 2969 4261 tuus,
2999 4201 3073 4255 ibi
3110 4209 3160 4255 et
3187 4200 3361 4254 cor".
3399 4197 3480 4253 0b
3512 4196 3564 4251 id
3601 4210 3738 4265 pra:—

2159 4308 2315 4371 cepta
2366 4314 2462 4355 eos
2500 4296 2743 4351 afﬁciunt
2799 4291 3060 4355 tristitia;
3114 4290 3282 4345 vitam
3333 4289 3479 4345 enim
3526 4285 3737 4340 ducunt

2161 4393 2265 4450 sibi
2296 4391 2728 4454 intolerandam,
2760 4387 2866 4441 nisi
2899 4386 3187 4441 inutilibus
3234 4383 3544 4454 sumptibus
3571 4396 3736 4435 oecu-

2162 4492 2381 4556 pentur.
2416 4484 2597 4553 Atque
2649 4480 2795 4552 quod
2831 4479 2960 4534 huic
2991 4478 3325 4534 adolescenti
3373 4483 3467 4530 aut
3508 4473 3737 4545 reliquis

2161 4577 2211 4633 ei
2246 4575 2629 4631 consimilibus
2653 4571 2904 4642 contigit,
2936 4570 2990 4624 id
3025 4569 3157 4624 mihi
3196 4569 3409 4623 videtur
3429 4582 3552 4621 esse
3584 4566 3727 4632 ejus-

2160 4667 2333 4735 modi,
2382 4674 2639 4737 tanquam
2675 4666 2720 4720 si
2768 4665 3021 4719 videlicet
3067 4662 3339 4733 quispiam
3378 4658 3555 4713 viator
3584 4655 3736 4710 urbis

2163 4761 2396 4829 alicujus
2428 4758 2678 4814 videnda:
2705 4755 2980 4813 desiderio
3007 4755 3228 4813 ductus,
3259 4758 3483 4805 strenue
3516 4746 3583 4801 ad
3613 4760 3732 4801 eam

2161 4865 2337 4921 usque
2365 4849 2663 4905 contendat
2691 4866 2704 4902 :
2735 4847 2932 4904 deinde
2957 4846 3069 4900 illic
3097 4858 3198 4914 pro
3225 4839 3501 4895 moenibus
3538 4838 3593 4892 in
3635 4837 3734 4890 ho-

2163 4942 2342 5014 spitiis
2357 4948 2752 5003 commoratus,
2769 4946 2935 5009 atque
2960 4936 3028 4990 ab
3052 4936 3251 5005 exiguo
3272 4940 3419 4984 motu
3436 4944 3536 4999 per
3555 4928 3733 4999 segni-

2162 5036 2291 5090 tiem
2319 5033 2634 5097 deterritus,
2671 5041 2725 5086 ct
2752 5032 3088 5099 insumptum
3114 5025 3271 5096 prius
3295 5021 3535 5077 laborem
3565 5019 3733 5074 inuti-

2159 5125 2265 5180 lem
2293 5124 2506 5185 reddat,
2545 5133 2602 5178 et
2630 5138 2659 5175 a
2704 5118 2956 5175 videndis
2981 5116 3134 5170 urbis
3166 5111 3506 5168 ornamentis
3528 5126 3587 5166 sc
3617 5108 3734 5179 ipse

2160 5216 2435 5272 excludat.
2476 5214 2638 5270 Tales
2662 5218 2791 5267 sunt
2815 5211 2906 5282 qui
2938 5209 3042 5262 alia
3076 5206 3296 5277 quidem
3321 5202 3576 5259 mandata
3601 5215 3734 5256 con-

2161 5479 2365 5533 lbidem
2408 5479 2565 5550 Qolb.
2614 5479 2892 5535 secundus
2941 5479 3242 5550 ἁφανίζεις.
3286 5475 3530 5532 Subinde
3573 5472 3730 5528 Colb.

2160 5552 2353 5603 tertius
2381 5544 2900 5620 οἶμαισυμεῖαίνειν.
2992 5544 3003 5550 ’
3124 5544 3129 5545 ί
3239 5618 3249 5620 ς
3338 5553 3441 5620 ___‘

2230 5620 2343 5689 (93)
2378 5615 2520 5673 Editi
2552 5615 2793 5675 τίθενται
2837 5622 2928 5676 καὶ
2964 5621 3105 5684 ταῖς,
3147 5618 3307 5675 male.
3338 5615 3483 5673 Libri
3521 5620 3729 5669 vctcrcs

2156 5696 2215 5743 ut
2252 5692 2303 5744 in
2336 5699 2621 5747 contextus
