4052 6214
312 380 414 437 287

1586 379 1644 437 S.
1684 379 1929 435 BASILII
1969 380 2184 437 MAGNI
2558 372 2581 407 ³

3463 380 3578 437 288

313 502 475 556 licere
508 498 716 564 volunt,
759 496 857 555 sed
903 513 1036 570 opes
1078 515 1295 556 exuere
1324 508 1605 556 recusant.
1642 499 1760 555 Vidi
1790 515 1879 571 ego

1990 496 2120 553 Οἶδα
2163 499 2390 563 πολλοὺς
2434 498 2813 570 νηστεύοντας,
2847 494 3349 568 προσευχομένους,
3386 497 3576 550 στενά-

311 608 424 647 non
446 606 653 663 paucos
670 590 1007 660 jejunantes,
1034 601 1278 657 orantes,
1309 592 1749 663 ingemiscentes,
1769 592 1891 662 pie-

311 693 480 739 tatem
541 698 785 747 omnem,
812 699 934 753 qua:
968 683 1087 739 sine
1135 684 1386 754 impensa
1419 684 1660 740 exerceri
1687 691 1888 754 potest,

311 777 648 839 excolentes,
686 782 742 829 at
765 791 836 829 ne
861 791 1031 829 unum
1055 776 1271 845 quidem
1294 776 1515 830 obolum
1545 777 1732 846 egenis
1759 774 1892 830 otl‘e-

280 874 520 983 ‘rentes.
562 868 695 932 Qua:
742 867 831 921 bis
861 866 1070 921 utilitas
1099 874 1184 921 est
1216 866 1440 936 reliquae
1482 867 1740 921 virtutis?
1771 865 1890 921 Non

312 958 455 983 ..κζ-..ι
494 958 690 983 ,ηυδε-..ει
720 957 869 983 ζηιιη..
906 974 1128 983 ..λι-...ηιμ
1160 958 1419 983 ΑΑΑΙΑ-...ιυι
1450 976 1462 983 .
1508 956 1638 983 Νη...
1690 957 1863 983 ξηιλ-..το

310 958 458 1012 enim
490 958 696 1027 excipit
720 957 872 1027 ipsos
904 974 1130 1029 regnum
1158 958 1422 1013 cmlorum
1449 976 1462 1011 :
1498 956 1661 1024 Nam,
1690 957 1888 1026 inquit,

284 1030 525 1120 '[acilius
568 1058 645 1104 est
715 1052 972 1104 camelum
1007 1068 1099 1120 per
1152 1050 1391 1120 foramen
1447 1066 1573 1103 acus
1637 1049 1887 1111 transire,

306 1158 468 1211 quam
500 1141 713 1197 divitem
741 1142 945 1195 intrare
986 1143 1041 1195 iu
1067 1157 1284 1212 regnum
1321 1141 1570 1196 caelorum
1600 1140 1666 1193 ".
1696 1138 1891 1209 Utique

308 1232 391 1286 sic
422 1234 711 1302 perspicua
741 1232 1015 1288 sententia
1041 1243 1157 1299 est;
1202 1246 1367 1286 verax
1398 1232 1491 1301 qui
1527 1230 1802 1293 enuntiat,
1837 1237 1892 1284 et

308 1329 493 1377 tamen
525 1324 618 1393 qui
648 1338 852 1378 morem
891 1331 1108 1395 gerant,
1147 1322 1327 1394 pauci.
1363 1320 1432 1375 Et
1457 1320 1756 1391 quomodo,
1805 1320 1890 1374 ins

307 1414 455 1483 quit,
496 1412 744 1470 vivemus
783 1415 991 1470 relictis
1028 1414 1324 1469 omnibus?
1349 1414 1529 1484 qualis
1568 1422 1751 1467 autem
1804 1412 1891 1466 fu-

310 1512 434 1555 tura
459 1510 543 1557 est
571 1502 760 1557 mundi
791 1504 1004 1573 species
1025 1517 1090 1556 ac
1113 1509 1312 1567 status,
1330 1502 1695 1558 vendentibus
1711 1501 1890 1556 omni-

310 1594 437 1658 bus,
474 1603 527 1649 et
559 1597 778 1651 nemine
815 1611 912 1651 sua
939 1617 1045 1658 non
1060 1594 1507 1666 derelinquente?
1531 1594 1675 1650 Cave
1701 1594 1892 1650 scisci-

310 1687 447 1742 teris
482 1700 550 1742 ex
599 1702 686 1743 me
716 1702 905 1742 eorum
940 1701 1063 1757 quae
1092 1695 1362 1756 praecepta
1392 1695 1543 1753 sunt,
1578 1688 1889 1758 intelligen-

308 1781 461 1835 tiam.
492 1778 656 1835 Novit
711 1780 991 1849 legislator
1038 1778 1271 1843 efﬁcere,
1321 1787 1381 1833 ut
1418 1779 1471 1834 id
1514 1781 1679 1835 etiam
1737 1781 1883 1851 quod

284 1016 289 1027 ι

309 1870 427 1925 fieri
483 1886 594 1926 non
638 1879 837 1941 potest,
869 1871 1046 1941 possit
1094 1881 1277 1926 tamen
1310 1887 1433 1925 cum
1478 1871 1595 1942 lege
1626 1874 1881 1942 componi

306 1970 471 2046 atque
493 1965 691 2034 aptari.
715 1964 825 2019 Cor
840 1974 1018 2020 autem
1042 1971 1197 2018 tuum
1214 1964 1361 2019 velut
1386 1965 1442 2017 in
1469 1965 1674 2018 trutina
1697 1965 1887 2035 explo-

308 2065 482 2122 ratur,
513 2063 695 2111 utrum
721 2056 789 2110 ad
824 2056 992 2110 vitam
1019 2071 1228 2119 veram,
1274 2072 1344 2111 an
1376 2056 1441 2110 ad
1467 2064 1766 2127 praesentes
1788 2058 1885 2113 de--

308 2149 463 2203 licias
501 2146 758 2203 declinet.
813 2146 948 2202 Nam
980 2157 1176 2219 putare
1219 2147 1417 2203 debent
1461 2148 1554 2218 qui
1585 2148 1885 2218 prudenter

301 2242 577 2311 judicant,
602 2256 762 2295 usum
796 2240 1114 2294 divitiarum
1151 2239 1218 2293 ad
1261 2239 1732 2311 dispensationem
1777 2238 1883 2310 55

305 2347 631 2387 concessum
650 2347 794 2393 esse,
813 2347 921 2387 non
941 2332 1008 2385 ad
1033 2332 1365 2401 voluptatem
1387 2349 1402 2399 ;
1424 2339 1478 2387 et
1508 2333 1553 2387 si
1573 2333 1658 2387 his
1677 2348 1884 2387 exuan-

303 2432 417 2486 tur,
445 2439 544 2494 par
568 2432 653 2479 est
689 2438 786 2479 eos
825 2422 999 2478 laetari
1028 2423 1178 2478 velut
1218 2423 1415 2477 alienis
1462 2424 1725 2493 privatos,
1768 2439 1880 2479 non

303 2530 448 2584 aegre
472 2512 616 2568 ferre
645 2513 803 2583 quasi
836 2527 937 2568 sua
980 2512 1317 2568 amittentes.
1365 2511 1511 2580 Quid
1542 2513 1709 2585 igitur
1742 2516 1881 2569 afﬂi-

302 2605 503 2661 ctare?
533 2606 666 2675 quid
707 2606 893 2660 animo
928 2604 1268 2677 discruciare
1290 2620 1416 2659 cum
1461 2604 1619 2661 audis
1651 2621 1666 2659 :
1708 2606 1883 2663 Vende

301 2714 419 2769 quae
448 2698 655 2754 habet?
705 2698 920 2754 Etenim
950 2699 998 2753 si
1036 2705 1088 2753 te
1132 2709 1493 2768 sequerentur
1532 2700 1589 2753 in
1633 2697 1879 2755 futurum

300 2790 584 2857 saeculum,
616 2806 685 2845 ne
728 2790 810 2845 sic
858 2789 1079 2860 quidem
1113 2797 1299 2845 essent
1339 2789 1644 2846 studiosius
1689 2792 1881 2861 exqui-

301 2881 497 2947 renda,
545 2888 736 2952 utpote
766 2897 887 2951 qua:
912 2897 940 2935 a
969 2882 1210 2950 praemiis
1246 2881 1359 2935 illic
1398 2882 1655 2952 repositis
1686 2883 1881 2937 obscu-

301 2982 495 3029 rentur
522 2989 534 3024 :
562 2975 646 3029 sin
682 2982 861 3028 autem
893 2988 1118 3028 necesse
1158 2980 1243 3028 est
1279 2988 1344 3028 ea
1370 2972 1460 3026 hic
1484 2987 1724 3038 manere,
1757 2989 1878 3035 cur,

302 3068 391 3123 liis
419 3067 737 3130 divenditis,
789 3067 1001 3121 lucrum
1052 3065 1179 3120 inde
1220 3081 1328 3120 non
1367 3067 1753 3135 exponamus?
1797 3065 1877 3120 Tu

1993 591 2202 655 ζοντας,
2240 593 2417 644 πᾶσαν
2462 591 2559 660 τὴν
2595 589 2868 642 ἀδάπανον
2909 587 3192 639 εὐλάϐειαν
3231 587 3573 658 ἐνδεικνυμέ-

1992 698 2115 745 νους
2142 680 2275 752 (94),
2310 680 2493 733 ὀϐολὸν
2516 679 2571 732 δὲ
2621 678 2714 731 ἕνα
2744 677 2817 749 μὴ
2862 676 3216 747 προϊεμένους
3249 680 3364 739 τοῖς
3395 677 3574 730 θλιϐο-

1995 771 2191 843 μένοις.
2220 772 2285 824 Τί
2312 770 2502 840 ὄφελος
2528 770 2737 832 τούτοις
2758 769 2860 837 τῆς
2882 767 3073 838 λοιπῆς
3103 768 3333 838 ἀρετῆς;
3359 769 3432 821 Οὐ
3463 768 3573 838 γὰρ

1992 863 2357 936 παραδέχεται
2402 863 2661 932 αύτοὺςή
2702 859 2949 931 βασιλεία
2990 858 3098 911 τῶν
3139 858 3412 929 ούρανῶνο
3436 848 3591 912 διότι

1991 954 2447 1022 Εὐκοπώτερον,
2482 953 2633 1024 φησι,
2668 951 2943 1020 κάμηλον
2972 948 3070 1003 διὰ
3109 944 3441 1018 τρυμαλιᾶς
3460 952 3571 1017 ῥα-

1990 1043 2165 1113 φίδος
2190 1044 2449 1099 διελθεῖν
2472 1044 2605 1114 (95),
2631 1043 2669 1111 ἢ
2694 1043 2994 1096 πλούσιον
3013 1044 3098 1107 εὶς
3123 1041 3575 1108 τὴν-,ϐασιλείαν

1989 1136 2416 1206 τῶν-οὐρανῶν.
2436 1137 2574 1190 Ἀλλ’
2610 1139 2644 1208 ἡ
2681 1136 2776 1206 μὲν
2804 1136 3078 1204 ἀπόφασις
3109 1132 3283 1196 οὕτως
3312 1132 3569 1203 ὲναογὴς,

1991 1232 2086 1285 καὶ
2114 1232 2141 1283 0
2170 1230 2337 1284 εἰπὼν
2366 1229 2604 1299 ἀψευδής
2623 1246 2635 1259 ο
2681 1229 2731 1280 οἱ
2762 1228 2818 1280 δὲ
2866 1226 3176 1297 πειθόμενοι
3205 1224 3442 1278 σπάνιοι.
3461 1226 3573 1278 Καὶ

1991 1323 2108 1386 πῶς
2153 1322 2462 1393 βιωσόμεθα
2510 1320 2689 1374 πάντα
2720 1321 3196 1390 ἀποκτησάμενοι;
3234 1319 3396 1388 φησί·
3432 1318 3485 1369 τί
3514 1317 3575 1369 δὲ

1988 1412 2049 1465 τὸ
2098 1413 2283 1483 σχῆμα
2334 1411 2426 1464 τοῦ
2476 1410 2591 1481 βίου
2641 1410 2814 1472 ἔσται,
2846 1410 3063 1462 πάντων
3108 1406 3430 1459 πωλούντων
3478 1405 3573 1457 καὶ

1990 1504 2205 1557 πάντων
2232 1503 2636 1572 ἀποκτωμένων
2656 1518 2671 1566 ;
2692 1501 2784 1572 Μὴ
2819 1499 2996 1571 ἐρώτα
3030 1516 3095 1569 με
3115 1498 3351 1550 διάνοιαν
3385 1497 3574 1549 6307:0-

1986 1596 2155 1649 τικῶν
2203 1595 2655 1666 προσταγμάτων.
2710 1588 2862 1646 Οἶδεν
2893 1594 2923 1644 0
2970 1590 3336 1661 νομοθετήσας
3378 1587 3473 1641 καὶ
3512 1588 3570 1641 τὸ

1989 1686 2248 1740 ἀδύνατον
2271 1685 2382 1753 (96)
2437 1686 2774 1754 συναρμόσαι
2819 1681 2898 1754 τῷ
2934 1682 3104 1751 νόμῳ.
3133 1679 3235 1733 Σοῦ
3285 1679 3340 1731 δὲ
3382 1679 3571 1749 ὥσπερ

1988 1778 2080 1830 ἐπὶ
2098 1776 2367 1847 τρυτάνης
2389 1776 2740 1845 δοκιμάζεται
2764 1775 2796 1843 ἡ
2828 1772 3045 1843 καρδία,
3066 1771 3291 1841 πότερον
3313 1769 3450 1839 πρὸς
3470 1768 3572 1838 τὴν

1867 1874 1881 1927 i
1919 1844 1957 1896 Β
1988 1844 2143 1940 ζωὴν
2169 1868 2267 1939 τὴν
2304 1844 2560 1936 ἀληθινὴν
2602 1865 2634 1934 ἢ
2671 1865 2807 1931 πρὸς
2837 1864 2935 1934 τὴν
2966 1862 3244 1934 παροῦσαν
3267 1860 3570 1913 ἀπόλαυσιν

1984 1959 2344 2031 καταρρέπει.
2361 1956 2726 2027 Οἰκονομικὴν
2742 1955 2849 2029 γὰρ
2866 1954 2960 2006 τοῦ
2982 1952 3208 2006 πλούτου
3226 1953 3324 2021 τὴν
3346 1951 3565 2021 χρῆσιν,

1983 2048 2098 2103 ἀλλ’
2144 2048 2245 2101 οὐκ
2286 2044 2654 2115 ἀπολαυτικὴν
2699 2045 2826 2106 τοὺς
2859 2043 3148 2113 σωφρόνως
3186 2039 3568 2110 λογιζομένους

1982 2140 2221 2211 νομίζειν
2274 2140 2552 2211 προσῆκε*
2603 2138 2698 2191 καὶ
2736 2135 3184 2206 ἀποτιθεμένους,
3228 2132 3437 2204 χαίρειν
3491 2131 3571 2195 ὡς

1985 2231 2283 2303 ἀλλοτρίων
2324 2228 2748 2302 χωριζομένους,
2783 2227 2897 2281 ἀλλ’
2925 2226 3046 2297 οὐχὶ
3094 2224 3467 2295 δυσχεραίνειν
3492 2222 3568 2285 ὼς

1980 2326 2090 2379 τῶν
2128 2324 2343 2378 οἰκείων
2382 2323 2763 2382 ἐκπίπτοντας.
2791 2319 2856 2371 Τί
2886 2313 2977 2372 οὖν
3003 2317 3177 2388 learn;
3204 2316 3256 2368 τί
3294 2331 3567 2369 καταπεν-

1982 2417 2094 2480 θεῖς
2116 2419 2180 2488 τῇ
2204 2416 2373 2487 ψυχῇ,
2407 2414 2621 2469 ἀκούων
2643 2428 2656 2441 ⁸
2687 2411 2989 2477 Πώλησόν
3025 2426 3141 2463 σου
3171 2408 3243 2462 τὰ
3267 2405 3569 2474 ὑπάρχον-

1980 2528 2053 2564 τα
2092 2510 2238 2579 (97);
2274 2510 2337 2562 Et
2370 2507 2469 2578 μὲν
2496 2507 2605 2577 γὰρ
2628 2503 2913 2575 ἠκολούθει
2947 2520 3030 2555 σοι
3078 2500 3214 2573 πρὸς
3254 2499 3315 2552 τὸ
3351 2497 3563 2569 μέλλον,

1980 2602 2102 2655 οὐδὲ
2134 2600 2307 2664 οὕτως
2337 2598 2403 2654 ἂν
2436 2596 2505 2669 ἦν
2548 2596 3010 2670 περισπούδαστα,
3048 2594 3157 2665 (9S)
3184 2592 3289 2646 ὑπὸ
3322 2592 3429 2644 τῶν
3452 2592 3569 2643 ἐκεῖ

1978 2691 2176 2763 τιμίων
2204 2689 2634 2760 ὲπισκοτούμενα
2652 2700 2666 2715 ⁹
2696 2688 2822 2741 εἰδὲ
2851 2687 3063 2756 ἀνάγκη
3092 2685 3272 2756 μένειν
3313 2680 3568 2745 ἐνταῦθα,

1978 2783 2032 2836 τί
2066 2782 2160 2854 μὴ,
2211 2783 2586 2853 πωλήσαντες,
2617 2779 2677 2833 τὸ
2703 2781 2797 2832 ἀπ’
2831 2779 3010 2832 αὐτῶν
3040 2776 3228 2848 κέρδος
3246 2770 3566 2842 ἀπενεγκώ-

1983 2874 2156 2946 μεθα;
2184 2876 2256 2927 Σὺ
2283 2874 2361 2936 δὲ,
2380 2872 2578 2944 χρυσὸν
2611 2872 2707 2943 μὲν
2734 2870 2928 2934 διδοὺς,
2963 2871 3057 2924 καὶ
3079 2870 3243 2921 ἵππον
3267 2865 3567 2936 κτώμενος,

1978 2974 2079 3027 οὐκ
2123 2972 2383 3043 ἀθυμεῖς·
2424 2970 2641 3041 φθαρτά
2689 2969 2747 3020 δὲ
2778 2968 3131 3039 προϊέμενος,
3168 2963 3261 3018 καὶ
3292 2959 3567 3031 βασιλείαν

1979 3065 2225 3139 οὐρανῶν
2267 3063 2703 3135 άντιλαμὸάνων,
2738 3058 3016 3132 δακρύεις,
3052 3059 3147 3113 καὶ
3188 3058 3325 3128 ἀρνῇ
3360 3054 3451 3108 τὸν
3477 3053 3565 3106 αι-

301 3173 430 3214 vero
458 3173 651 3213 aurum
680 3174 805 3213 cum
839 3157 958 3217 das,
987 3165 1041 3213 et
1067 3157 1203 3212 emis
1237 3172 1459 3227 equum,
1487 3173 1595 3211 non
1627 3173 1828 3213 maeres
1862 3174 1873 3209 :

1980 3158 2198 3221 τοῦντα,
2239 3157 2336 3211 καὶ
2374 3154 2655 3217 ἀνανεύεις
2697 3152 2796 3224 τὴν
2827 3152 2993 3216 δόσιν,
3024 3149 3221 3221 μυρίας
3263 3146 3566 3219 προφάσεις

300 3265 427 3304 cum
454 3264 582 3304 vero
610 3249 857 3319 peritura
887 3247 1159 3328 impertis,
1188 3263 1416 3317 regnum
1464 3249 1732 3302 caelorum
1774 3264 1875 3319 pro

1980 3249 2351 3320 ἀναλωμάτων
2375 3245 2627 3300 ἐπινοῶν.

301 3339 439 3410 ipsis
485 3348 844 3411 recepturus,
886 3341 1160 3433 lacrymas
1193 3338 1447 3406 eﬂ'undis,
1489 3347 1543 3395 et
1570 3340 1756 3411 rejicis
1808 3351 2115 3414 rogantem,
2183 3356 2248 3396 ac
2312 3341 2446 3396 dare
2488 3353 2750 3403 recusas,
2792 3343 3079 3393 sexcentas
3109 3334 3209 3390 tibi
3247 3338 3563 3401 sumptuum

298 3448 497 3489 causas
526 3435 968 3491 comminiscens.

368 3523 422 3577 4.
455 3522 597 3590 Quid
615 3526 968 3595 respondebis
992 3526 1164 3596 judici
1193 3534 1250 3581 tu
1273 3526 1365 3598 qui
1400 3529 1639 3598 parietes
1668 3529 1840 3586 vestis
1865 3570 1882 3596 ,

298 3613 573 3669 hominem
626 3632 737 3672 non
766 3616 977 3673 vestis?
1022 3619 1116 3690 qui
1169 3626 1343 3689 equo‘s
1390 3635 1599 3689 ornas,
1649 3620 1872 3677 fratrem

300 3706 606 3775 panniculis
650 3708 847 3765 laceris
880 3721 1198 3781 coopertum
1260 3714 1611 3782 aspernaris?
1647 3714 1740 3783 qui
1771 3729 1873 3783 pu-

298 3806 538 3853 trescere
566 3799 703 3855 sinis
731 3798 1085 3869 frumentum,
1121 3802 1427 3858 esurientes
1464 3817 1576 3857 non
1610 3803 1750 3858 alis?
1780 3803 1873 3875 qui

294 3889 512 3946 defodis
536 3905 749 3956 aurum,
773 3907 1096 3962 oppressum
1138 3893 1486 3949 contemnis?
1513 3892 1670 3960 Quod
1700 3894 1749 3950 si
1776 3894 1874 3948 ha-

300 3981 485 4037 bueris
514 3997 729 4053 quoque
758 3999 984 4039 uxorem
1014 3984 1329 4039 divitiarum
1360 3993 1632 4041 amantem
1654 4028 1668 4052 ,
1721 4001 1870 4042 mor-

297 4073 403 4130 bus
432 4072 600 4144 duplo
646 4075 821 4145 major
856 4075 1087 4130 eﬂicitur
1114 4095 1128 4132 :
1160 4092 1285 4132 nam
1318 4086 1372 4133 et
1416 4076 1644 4133 delicias
1676 4092 1870 4134 accen-

298 4159 398 4223 dit,
419 4167 473 4216 et
517 4163 756 4217 studium
798 4172 961 4235 auget
985 4165 1279 4236 voluptatis
1308 4207 1323 4232 ,
1376 4177 1432 4223 et
1478 4168 1868 4239 cupiditatibus

298 4253 454 4309 vanis
488 4253 737 4310 stimulos
764 4257 1049 4324 admovet,
1106 4259 1315 4329 lapides
1358 4260 1625 4330 quosdam
1654 4262 1873 4332 excogi-

368 4407 415 4440 ”
450 4405 586 4462 Luc.
622 4411 790 4475 xvm‘,
822 4410 916 4467 25.

2046 3527 2095 3582 4.
2117 3528 2180 3580 Τί
2196 3521 2630 3597 ἀποκριθήσῃτῷ
2647 3524 2805 3593 κριτῇ
2828 3522 2856 3573 ὁ
2874 3518 2998 3581 τοὺς
3013 3516 3226 3587 τοίχους
3242 3515 3562 3585 ἀμφιεννὺς,

1974 3622 2258 3692 ἄνθρωπον
2313 3618 2411 3671 οὐκ
2467 3616 2702 3679 ὲνδύειςς
2738 3617 2767 3668 0
2808 3614 2936 3675 τοὺς
2967 3612 3162 3673 ἵππους
3205 3608 3446 3679 κοσμῶν,
3472 3606 3562 3660 τὸν

1951 3702 2201 3782 ⁵ἀδελφὸν
2254 3708 2669 3782 ἀσχημονοῦντα
2698 3707 2998 3778 περιορᾷς;
3038 3706 3066 3756 0
3099 3703 3433 3772 κατασήπων
3469 3701 3560 3753 τὸν

1974 3806 2140 3864 σῖτον,
2202 3803 2329 3864 τοὺς
2378 3797 2677 3860 πεινῶντας
2724 3796 2785 3849 ού
2840 3794 3094 3865 τρέφεις;
3149 3793 3177 3844 0
3225 3791 3315 3843 τὸν
3361 3788 3560 3861 χρυσὸν

1973 3894 2344 3963 κατορύσσων,
2371 3891 2475 3969 τοῦ,
2514 3888 2819 3959 ἀγχομένου
2848 3885 2959 3957 (99)
2995 3884 3392 3955 καταφρονεῖς;
3434 3880 3559 3934 Ἐάν

1972 3989 2030 4042 δὲ
2083 3986 2146 4057 δὴ
2201 3984 2294 4039 καὶ
2339 3981 2477 4053 γυνὴ
2525 3980 2874 4050 φιλόπλουτος
2909 3977 3153 4045 συνοικῇ,
3194 3972 3553 4057 διπλασίωνῄ

1972 4050 2154 4143 νόσοςἰ
2183 4077 2281 4141 τάς
2312 4050 2371 4128 τε
2402 4050 2511 4145 γάρ
2549 4071 2759 4144 τρυφὰς
2797 4069 3127 4140 ἀναφλέγεις
3153 4068 3250 4121 καὶ
3288 4064 3387 4129 τάς
3434 4050 3556 4133 φιλ-

1974 4169 2185 4241 ηδονίας
2212 4166 2485 4233 συναύξει,
2520 4164 2616 4218 καὶ
2661 4163 2864 4231 κέντρα
2893 4164 3011 4224 ταῖς
3037 4158 3345 4231 περιέργοις
3372 4154 3556 4209 ἐπιθυ-

1981 4260 2129 4332 μίαις
2168 4259 2364 4328 ἐνίησι,
2414 4255 2596 4319 λίθους
2638 4255 2794 4317 τινὰς
2844 4251 3154 4310 ὲπινοοῦσα,
3212 4248 3552 4321 μαργαρίτας

368 4518 480 4594 (ἓξ)
506 4518 729 4594 ᾼηῐίψιί
758 4519 868 4594 duo
892 4518 1018 4594 libri
1048 4517 1347 4594 e0106etqv
1364 4519 1866 4593 ἐπιδεικνυμένους.

1980 4520 2132 4594 etiam
2155 4521 2544 4594 aberraturnm
2578 4534 2729 4594 puto.
2758 4522 2850 4593 qui
2888 4537 3051 4578 verna
3079 4506 3263 4594 Basilii
3293 4522 3366 4577 ita
3392 4513 3543 4577 accr-

370 4588 485 4661 (95,)
515 4588 669 4661 ξος(
690 4590 901 4661 primus
933 4589 1154 4661 ῥαφίδος
1175 4590 1460 4645 εἰσελθεῖν.

366 4658 482 4729 (96)
517 4659 657 4715 Editi
687 4658 743 4716 et
771 4658 1227 4729 Regii'secundus
1252 4669 1308 4714 et
1334 4664 1531 4717 tertius
1559 4667 1614 4715 et
1647 4659 1875 4716 Colber-

293 4729 396 4801 tini
425 4731 701 4786 secundus
728 4738 783 4786 et
811 4730 1006 4801 tertius
1031 4731 1125 4783 καὶ
1147 4729 1207 4782 τὸ
1228 4730 1490 4801 δυνατόν,
1523 4729 1685 4784 Novit
1716 4730 1874 4801 legis-

296 4799 438 4854 !ator
473 4801 687 4871 efﬁcere,
719 4810 778 4855 ut
817 4798 871 4853 id
899 4801 1060 4853 etiam
1100 4799 1237 4871 quod
1267 4801 1385 4868 ﬁeri
1408 4809 1599 4869 potest,
1626 4817 1746 4854 cum
1765 4798 1874 4870 lege

297 4872 539 4954 compa-ni
572 4873 744 4954 possit
777 4878 828 4926 et
854 4873 1054 4954 optari.
1084 4870 1360 4954 {\t‘Cpis'l.
1395 4880 1451 4925 et
1490 4871 1624 4954 Reg.
1663 4872 1873 4954 primus

295 4940 539 5025 et‘Colb'.‘
571 4940 758 5025 itidem
786 4944 996 5025 primus
1023 4941 1117 4995 xui.
1139 4940 1200 5025 το
1229 4940 1510 5025 ἀδύνατον,
1540 4940 1702 5025 Nouit
1727 4941 1877 5025 legis:

299 5007 441 5062 lator
459 5009 674 5080 eﬂicere,
703 5020 759 5064 ut
784 5007 838 5066 id
863 5012 1026 5065 etiam
1052 5010 1190 5082 quod
1224 5012 1341 5080 ﬁeri
1361 5029 1465 5065 non
1487 5020 1679 5081 potest,
1704 5007 1873 5080 possit

299 5091 475 5132 tamen
504 5096 624 5135 cum
646 5081 754 5152 lege
775 5081 1013 5152 componi
1037 5092 1089 5135 et
1121 5082 1297 5149 aptari
1312 5097 1511 5152 {quam
1541 5084 1871 5152 scripturam

296 5154 357 5218 ut
403 5164 583 5204 veram
629 5150 930 5218 sequimur.
962 5150 1099 5205 Cum
1129 5153 1275 5207 enim
1325 5150 1558 5208 Basilius
1590 5150 1719 5206 velit
1768 5150 1873 5205 hoc

299 5217 419 5296 loco
446 5217 834 5296 commendare
857 5223 1165 5296 potentiam
1188 5221 1544 5296 _le‘gi_slat_oris_
1586 5228 1748 5296 atque
1783 5237 1874 5276 sa-

298 5288 580 5359 pientiam,
612 5303 747 5345 voce
776 5288 1034 5345 ἀδύνατον
1066 5293 1144 5346 uti
1171 5288 1376 5347 debuit.
1405 5291 1547 5359 Quid
1579 5288 1725 5346 enim
1756 5307 1872 5345 ma-

297 5357 654 5433 gnieﬂ‘ecerit
684 5361 982 5433 legislator,
1014 5363 1077 5433 _si
1122 5378 1246 5417 cum
1294 5363 1410 5432 lege
1432 5357 1712 5433 'conciliet
1752 5377 1875 5433 qua;

300 5424 414 5480 fieri
447 5430 714 5502 possunt?
742 5424 856 5502 Sed
874 5424 1119 5502 maxime
1145 5424 1388 5502 potentia
1416 5434 1537 5499 ejus
1569 5424 1870 5502 sapientia-

296 5512 405 5566 que
425 5501 919 5572 commendabitur,
957 5501 1005 5556 si
1035 5500 1089 5555 id
1118 5500 1282 5557 etiam
1306 5502 1450 5572 quod
1484 5502 1598 5557 fieri
1632 5500 1739 5555 non
1771 5518 1871 5572 po-

295 5575 425 5643 test,
463 5584 587 5623 cum
633 5571 750 5641 lege
779 5579 1074 5643 componat
1111 5580 1165 5626 et
1199 5571 1369 5643 aptet.
1408 5573 1541 5643 Ejus
1573 5572 1738 5643 igitur
1766 5571 1870 5627 loci

295 5636 413 5693 haec
452 5647 538 5694 est
566 5636 833 5714 senténtia
868 5636 1000 5696 {Ita
1032 5636 1351 5714 potens'est
1391 5636 1671 5714 legislafor
1709 5642 1870 5706 Deus,

298 5714 359 5782 ut
386 5724 509 5778 qua
540 5710 748 5782 viribus
783 5719 992 5767 natura:
1032 5712 1144 5767 fieri
1179 5729 1286 5767 non
1314 5710 1567 5782 possunt,
1592 5729 1655 5767 ea
1688 5722 1869 5768 tamen

295 5776 419 5846 ejus
445 5781 649 5839 auxilio
695 5789 859 5852 atque
906 5785 1084 5855 gratia
1131 5782 1288 5839 facile
1316 5776 1452 5839 eﬂici
1483 5784 1718 5854 possint.
1760 5783 1870 5839 Nec

1979 4591 2089 4663 βίβι
2116 4609 2134 4663 :_
2154 4591 2313 4646 Novit
2343 4591 2643 4663 legislator,
2677 4595 2728 4648 id
2756 4591 2916 4648 etiam
2950 4592 3093 4663 quod
3120 4609 3378 4663 perquam
3410 4594 3549 4647 ditii-

1977 4661 2083 4716 cile
2112 4660 2256 4716 factu
2280 4660 2574 4733 est,'facile
2603 4664 2750 4719 factu
2770 4679 2865 4732 per
2883 4660 3387 4733 gratiam'reddere.
3412 4663 3546 4718 Nam

1974 4745 2162 4786 vocem
2193 4732 2452 4787 ἀδύνατον
2480 4749 2579 4804 pro
2608 4750 2667 4787 re
2700 4732 2960 4804 perquam
2990 4733 3191 4787 dillicili
3221 4735 3550 4803 quandoque

1976 4804 2229 4873 usurpari
2266 4811 2453 4874 notum
2485 4812 2588 4859 est.
2621 4804 2732 4859 Nec
2761 4819 3088 4874 quemquam
3126 4818 3344 4874 movere
3387 4805 3548 4874 debet

1974 4872 2164 4942 eorum
2190 4873 2443 4928 codicum
2478 4872 2798 4935 auctoritas,
2845 4874 2898 4929 in
2936 4873 3138 4942 quibus
3166 4872 3387 4927 δυνατόν
3412 4873 3546 4939 legi-

1976 4950 2084 4994 tur.
2123 4940 2429 4999 Verisimile
2466 4946 2609 4998 enim
2654 4944 2732 5007 fit,
2764 4944 2838 4998 ita
2865 4940 3173 4998 correctum
3203 4958 3325 4998 esse
3358 4945 3426 4998 ab
3445 4943 3547 4996 ali-

1974 5027 2105 5080 quo,
2131 5012 2224 5082 qui
2244 5013 2384 5069 falso
2404 5015 2511 5069 sibi
2531 5015 2588 5069 in
2611 5015 2852 5069 animum
2885 5013 3191 5068 induxisset
3216 5028 3402 5069 vocem
3428 5013 3544 5067 ἀδύ-

1974 5098 2137 5154 νατον
2145 5082 2437 5154 duriorem
2468 5100 2590 5140 esse
2619 5094 2782 5153 atque
2810 5084 3163 5154 asperiorem.

2048 5152 2161 5223 (97)
2202 5151 2261 5207 In
2306 5152 2639 5210 Colbertinis
2686 5151 2960 5223 primo'et
3009 5153 3337 5223 tertiohpost
3386 5152 3540 5216 illud,

1974 5221 2307 5292 ὑπάρχοντα,
2339 5223 2522 5277 addita
2552 5221 2820 5279 sunt—haec
2843 5224 3027 5287 verba,
3052 5223 3146 5293 καὶ
3172 5221 3260 5285 δὸς
3285 5227 3540 5293 πτωχοῖς,

1972 5302 2023 5345 et
2057 5296 2128 5344 da
2152 5294 2488 5361 pauperibus.
2526 5293 2644 5348 Mox
2676 5294 2807 5349 editi
2843 5292 3123 5362 ἠκολούθει
3152 5308 3233 5344 σοι
3273 5292 3366 5344 καί
3400 5311 3412 5344 :
3445 5292 3541 5347 sed

1972 5364 2221 5444 voculam
2248 5364 2341 5417 καί
2369 5365 2687 5428 delevimus,
2716 5364 2873 5419 ﬁdem
2900 5364 3250 5433 antiquorum
3278 5362 3542 5417 librorum

1975 5444 2165 5488 SCCllll.

2045 5502 2157 5573 (98)
2189 5501 2346 5568 Quod
2376 5504 2452 5557 ait
2479 5502 2738 5566 Basilius,
2764 5502 2970 5572 oﬂundi
2993 5500 3231 5573 tenebras
3253 5518 3285 5554 a
3304 5501 3539 5573 prwmiis

1974 5571 2084 5626 illic
2115 5574 2374 5640 repositis,
2408 5575 2548 5627 hanc
2578 5575 2739 5628 habet
2786 5571 3130 5636 Sententiam,
3167 5571 3426 5627 vilesCere
3457 5571 3540 5624 di-

1974 5644 2155 5714 vitias.
2190 5642 2235 5714 si
2266 5659 2388 5698 cum
2420 5644 2655 5714 praemiis
2689 5644 2813 5697 vitae
2839 5651 3056 5714 aeterna:
3085 5649 3487 5714 comparentur.

2046 5713 2158 5837 (9é9)
2190 5711 2320 5786 Reg.
2357 5711 2566 5786 primus
2600 5722 2652 5770 et
2676 5714 2828 5770 Colb.
2853 5712 3036 5768 itidem
3060 5713 3271 5781 primus
3300 5713 3424 5777 τοὺς
3450 5712 3535 5785 ἀρε

2046 5802 2080 5837 υ.
2114 5802 2253 5837 νους.

1975 5800 2037 5853 χο
2043 5800 2253 5853 μενους.
