  <div class='ocr_page' id='page_1' title='image "/cluster/home/n/w/nwhite01/storage/ocr_20150623/31/mdp.39015012934363/155.png"; bbox 0 0 4052 6214; ppageno 0'>
   <div class='ocr_carea' id='block_1_1' title="bbox 267 303 366 358">
    <p class='ocr_par' dir='ltr' id='par_1_1' title="bbox 267 303 366 358">
     <span class='ocr_line' id='line_1_1' title="bbox 267 303 366 358; baseline -0.01 0"><span class='ocrx_word' id='word_1_1' title='bbox 267 303 366 358; x_wconf 69' lang='grc'><strong>291</strong></span> 
     </span>
    </p>
   </div>
   <div class='ocr_carea' id='block_1_2' title="bbox 1565 289 2543 364">
    <p class='ocr_par' dir='ltr' id='par_1_2' title="bbox 1565 289 2543 364">
     <span class='ocr_line' id='line_1_2' title="bbox 1565 289 2543 364; baseline -0.003 -15"><span class='ocrx_word' id='word_1_2' title='bbox 1565 293 1631 349; x_wconf 79' lang='lat' dir='ltr'><strong>S.</strong></span> <span class='ocrx_word' id='word_1_3' title='bbox 1673 290 1914 348; x_wconf 76' lang='lat' dir='ltr'><strong>BASlLll</strong></span> <span class='ocrx_word' id='word_1_4' title='bbox 1962 289 2177 348; x_wconf 69' lang='lat' dir='ltr'><strong>MACNl</strong></span> <span class='ocrx_word' id='word_1_5' title='bbox 2514 324 2543 364; x_wconf 84' lang='lat'><strong>,</strong></span> 
     </span>
    </p>
   </div>
   <div class='ocr_carea' id='block_1_3' title="bbox 3422 282 3529 343">
    <p class='ocr_par' dir='ltr' id='par_1_3' title="bbox 3422 282 3529 343">
     <span class='ocr_line' id='line_1_3' title="bbox 3422 282 3529 343; baseline 0.019 -2"><span class='ocrx_word' id='word_1_6' title='bbox 3422 282 3529 343; x_wconf 68' lang='lat'><strong>29?.</strong></span> 
     </span>
    </p>
   </div>
   <div class='ocr_carea' id='block_1_4' title="bbox 272 400 1857 501">
    <p class='ocr_par' dir='ltr' id='par_1_4' title="bbox 272 413 1850 501">
     <span class='ocr_line' id='line_1_4' title="bbox 272 413 1850 501; baseline -0.008 -23"><span class='ocrx_word' id='word_1_7' title='bbox 272 427 375 478; x_wconf 90' lang='lat' dir='ltr'><strong>bus</strong></span> <span class='ocrx_word' id='word_1_8' title='bbox 409 418 714 474; x_wconf 84' lang='lat' dir='ltr'><strong>visibilibus</strong></span> <span class='ocrx_word' id='word_1_9' title='bbox 745 418 1022 501; x_wconf 68' lang='lat' dir='ltr'><strong>antiquius</strong></span> <span class='ocrx_word' id='word_1_10' title='bbox 1054 432 1116 471; x_wconf 87' lang='lat' dir='ltr'><strong>ac</strong></span> <span class='ocrx_word' id='word_1_11' title='bbox 1150 415 1333 470; x_wconf 89' lang='lat' dir='ltr'><strong>carius</strong></span> <span class='ocrx_word' id='word_1_12' title='bbox 1362 415 1596 482; x_wconf 78' lang='lat' dir='ltr'><strong>habere,</strong></span> <span class='ocrx_word' id='word_1_13' title='bbox 1632 413 1728 470; x_wconf 83' lang='lat' dir='ltr'><strong>sed</strong></span> <span class='ocrx_word' id='word_1_14' title='bbox 1758 429 1850 468; x_wconf 92' lang='lat' dir='ltr'><strong>or-</strong></span> 
     </span>
    </p>
   </div>
   <div class='ocr_carea' id='block_1_5' title="bbox 1956 400 3530 501">
    <p class='ocr_par' dir='ltr' id='par_1_5' title="bbox 1956 400 3530 484">
     <span class='ocr_line' id='line_1_5' title="bbox 1956 400 3530 484; baseline -0.003 -18"><span class='ocrx_word' id='word_1_15' title='bbox 1956 412 2337 484; x_wconf 79' lang='grc' dir='ltr'>γεγανωμένην</span> <span class='ocrx_word' id='word_1_16' title='bbox 2389 408 2643 472; x_wconf 77' lang='grc' dir='ltr'>ἄνθεσιν,</span> <span class='ocrx_word' id='word_1_17' title='bbox 2694 402 2830 470; x_wconf 77' lang='grc' dir='ltr'>οἷδι,</span> <span class='ocrx_word' id='word_1_18' title='bbox 2895 408 2975 460; x_wconf 81' lang='grc' dir='ltr'><strong>ὅτι</strong></span> <span class='ocrx_word' id='word_1_19' title='bbox 3021 400 3173 470; x_wconf 71' lang='grc' dir='ltr'>οὗτος</span> <span class='ocrx_word' id='word_1_20' title='bbox 3224 407 3374 461; x_wconf 75' lang='grc' dir='ltr'>οὐδὲν</span> <span class='ocrx_word' id='word_1_21' title='bbox 3423 406 3530 461; x_wconf 86' lang='grc' dir='ltr'><strong>τῶν</strong></span> 
     </span>
    </p>
   </div>
   <div class='ocr_carea' id='block_1_6' title="bbox 268 507 1848 584">
    <p class='ocr_par' dir='ltr' id='par_1_6' title="bbox 268 507 1848 584">
     <span class='ocr_line' id='line_1_6' title="bbox 268 507 1848 584; baseline -0.007 -15"><span class='ocrx_word' id='word_1_22' title='bbox 268 531 404 570; x_wconf 83' lang='lat' dir='ltr'><strong>nare</strong></span> <span class='ocrx_word' id='word_1_23' title='bbox 425 514 713 584; x_wconf 73' lang='lat' dir='ltr'><strong>diligenter</strong></span> <span class='ocrx_word' id='word_1_24' title='bbox 750 511 1051 565; x_wconf 89' lang='lat' dir='ltr'><strong>inanimata</strong></span> <span class='ocrx_word' id='word_1_25' title='bbox 1076 548 1093 574; x_wconf 93' lang='lat'><strong>,</strong></span> <span class='ocrx_word' id='word_1_26' title='bbox 1150 508 1387 562; x_wconf 87' lang='lat' dir='ltr'><strong>animam</strong></span> <span class='ocrx_word' id='word_1_27' title='bbox 1420 521 1552 561; x_wconf 81' lang='lat' dir='ltr'><strong>vero</strong></span> <span class='ocrx_word' id='word_1_28' title='bbox 1583 507 1848 562; x_wconf 74' lang='lat' dir='ltr'><strong>incultam</strong></span> 
     </span>
    </p>
   </div>
   <div class='ocr_carea' id='block_1_7' title="bbox 270 600 1846 676">
    <p class='ocr_par' dir='ltr' id='par_1_7' title="bbox 270 600 1846 676">
     <span class='ocr_line' id='line_1_7' title="bbox 270 600 1846 676; baseline -0.005 -15"><span class='ocrx_word' id='word_1_29' title='bbox 270 610 599 676; x_wconf 81' lang='lat' dir='ltr'><strong>relinquere.</strong></span> <span class='ocrx_word' id='word_1_30' title='bbox 635 605 807 670; x_wconf 87' lang='lat' dir='ltr'><strong>Quem</strong></span> <span class='ocrx_word' id='word_1_31' title='bbox 839 603 1077 662; x_wconf 86' lang='lat' dir='ltr'><strong>tandem.</strong></span> <span class='ocrx_word' id='word_1_32' title='bbox 1108 617 1313 672; x_wconf 63' lang='lat' dir='ltr'><strong>quaeso,</strong></span> <span class='ocrx_word' id='word_1_33' title='bbox 1345 600 1661 672; x_wconf 90' lang='lat' dir='ltr'><strong>ampliorem</strong></span> <span class='ocrx_word' id='word_1_34' title='bbox 1685 615 1846 655; x_wconf 90' lang='lat' dir='ltr'><strong>usum</strong></span> 
     </span>
    </p>
   </div>
   <div class='ocr_carea' id='block_1_8' title="bbox 269 692 1850 767">
    <p class='ocr_par' dir='ltr' id='par_1_8' title="bbox 269 692 1850 767">
     <span class='ocr_line' id='line_1_8' title="bbox 269 692 1850 767; baseline -0.006 -12"><span class='ocrx_word' id='word_1_35' title='bbox 269 700 530 755; x_wconf 76' lang='lat' dir='ltr'><strong>exhibent</strong></span> <span class='ocrx_word' id='word_1_36' title='bbox 558 695 801 767; x_wconf 76' lang='lat' dir='ltr'><strong>argentei</strong></span> <span class='ocrx_word' id='word_1_37' title='bbox 834 695 981 757; x_wconf 80' lang='lat' dir='ltr'><strong>lecti,</strong></span> <span class='ocrx_word' id='word_1_38' title='bbox 1014 709 1215 748; x_wconf 74' lang='lat' dir='ltr'><strong>mensa:</strong></span> <span class='ocrx_word' id='word_1_39' title='bbox 1239 701 1527 760; x_wconf 70' lang='lat' dir='ltr'><strong>argenteae,</strong></span> <span class='ocrx_word' id='word_1_40' title='bbox 1552 692 1660 747; x_wconf 91' lang='lat' dir='ltr'><strong>tori</strong></span> <span class='ocrx_word' id='word_1_41' title='bbox 1687 692 1850 747; x_wconf 87' lang='lat' dir='ltr'><strong>ebur-</strong></span> 
     </span>
    </p>
   </div>
   <div class='ocr_carea' id='block_1_9' title="bbox 270 783 1847 849">
    <p class='ocr_par' dir='ltr' id='par_1_9' title="bbox 270 783 1847 849">
     <span class='ocr_line' id='line_1_9' title="bbox 270 783 1847 849; baseline -0.005 -4"><span class='ocrx_word' id='word_1_42' title='bbox 270 791 357 845; x_wconf 90' lang='lat' dir='ltr'><strong>nei</strong></span> <span class='ocrx_word' id='word_1_43' title='bbox 378 799 432 845; x_wconf 89' lang='lat' dir='ltr'><strong>et</strong></span> <span class='ocrx_word' id='word_1_44' title='bbox 466 789 612 843; x_wconf 62' lang='lat' dir='ltr'><strong>sellae</strong></span> <span class='ocrx_word' id='word_1_45' title='bbox 640 788 916 849; x_wconf 68' lang='lat' dir='ltr'><strong>eburneae,</strong></span> <span class='ocrx_word' id='word_1_46' title='bbox 941 787 1023 840; x_wconf 92' lang='lat' dir='ltr'><strong>sic</strong></span> <span class='ocrx_word' id='word_1_47' title='bbox 1046 795 1105 838; x_wconf 91' lang='lat' dir='ltr'><strong>ut</strong></span> <span class='ocrx_word' id='word_1_48' title='bbox 1128 785 1322 838; x_wconf 89' lang='lat' dir='ltr'><strong>horum</strong></span> <span class='ocrx_word' id='word_1_49' title='bbox 1352 798 1520 839; x_wconf 89' lang='lat' dir='ltr'><strong>causa</strong></span> <span class='ocrx_word' id='word_1_50' title='bbox 1552 784 1753 839; x_wconf 63' lang='lat' dir='ltr'><strong>divitiae</strong></span> <span class='ocrx_word' id='word_1_51' title='bbox 1783 783 1847 837; x_wconf 85' lang='lat' dir='ltr'><strong>ad</strong></span> 
     </span>
    </p>
   </div>
   <div class='ocr_carea' id='block_1_10' title="bbox 271 877 1851 952">
    <p class='ocr_par' dir='ltr' id='par_1_10' title="bbox 271 877 1851 952">
     <span class='ocr_line' id='line_1_10' title="bbox 271 877 1851 952; baseline -0.004 -18"><span class='ocrx_word' id='word_1_52' title='bbox 271 896 539 952; x_wconf 83' lang='lat' dir='ltr'><strong>pauperes</strong></span> <span class='ocrx_word' id='word_1_53' title='bbox 574 894 681 933; x_wconf 91' lang='lat' dir='ltr'><strong>non</strong></span> <span class='ocrx_word' id='word_1_54' title='bbox 712 883 1015 941; x_wconf 90' lang='lat' dir='ltr'><strong>transeant,</strong></span> <span class='ocrx_word' id='word_1_55' title='bbox 1059 892 1371 947; x_wconf 86' lang='lat' dir='ltr'><strong>quanquam</strong></span> <span class='ocrx_word' id='word_1_56' title='bbox 1404 877 1675 932; x_wconf 90' lang='lat' dir='ltr'><strong>innumeri</strong></span> <span class='ocrx_word' id='word_1_57' title='bbox 1704 881 1851 931; x_wconf 81' lang='lat' dir='ltr'><strong>stant</strong></span> 
     </span>
    </p>
   </div>
   <div class='ocr_carea' id='block_1_11' title="bbox 272 969 1848 1044">
    <p class='ocr_par' dir='ltr' id='par_1_11' title="bbox 272 969 1848 1044">
     <span class='ocr_line' id='line_1_11' title="bbox 272 969 1848 1044; baseline -0.004 -18"><span class='ocrx_word' id='word_1_58' title='bbox 272 989 371 1044; x_wconf 90' lang='lat' dir='ltr'><strong>pro</strong></span> <span class='ocrx_word' id='word_1_59' title='bbox 407 972 638 1037; x_wconf 79' lang='lat' dir='ltr'><strong>foribus,</strong></span> <span class='ocrx_word' id='word_1_60' title='bbox 672 970 878 1024; x_wconf 91' lang='lat' dir='ltr'><strong>nullam</strong></span> <span class='ocrx_word' id='word_1_61' title='bbox 912 985 1021 1023; x_wconf 92' lang='lat' dir='ltr'><strong>non</strong></span> <span class='ocrx_word' id='word_1_62' title='bbox 1045 970 1359 1024; x_wconf 87' lang='lat' dir='ltr'><strong>emittentes</strong></span> <span class='ocrx_word' id='word_1_63' title='bbox 1392 984 1583 1023; x_wconf 85' lang='lat' dir='ltr'><strong>vocem</strong></span> <span class='ocrx_word' id='word_1_64' title='bbox 1615 969 1848 1023; x_wconf 87' lang='lat' dir='ltr'><strong>misera-</strong></span> 
     </span>
    </p>
   </div>
   <div class='ocr_carea' id='block_1_12' title="bbox 270 1056 1852 1129">
    <p class='ocr_par' dir='ltr' id='par_1_12' title="bbox 270 1056 1852 1129">
     <span class='ocr_line' id='line_1_12' title="bbox 270 1056 1852 1129; baseline -0.006 -10"><span class='ocrx_word' id='word_1_65' title='bbox 270 1062 473 1119; x_wconf 82' lang='lat' dir='ltr'><strong>bilem?</strong></span> <span class='ocrx_word' id='word_1_66' title='bbox 523 1061 603 1115; x_wconf 90' lang='lat' dir='ltr'><strong>Tu</strong></span> <span class='ocrx_word' id='word_1_67' title='bbox 635 1076 764 1115; x_wconf 84' lang='lat' dir='ltr'><strong>vero</strong></span> <span class='ocrx_word' id='word_1_68' title='bbox 800 1075 969 1129; x_wconf 83' lang='lat' dir='ltr'><strong>negas</strong></span> <span class='ocrx_word' id='word_1_69' title='bbox 997 1067 1052 1113; x_wconf 90' lang='lat' dir='ltr'><strong>te</strong></span> <span class='ocrx_word' id='word_1_70' title='bbox 1078 1057 1358 1123; x_wconf 89' lang='lat' dir='ltr'><strong>daturum,</strong></span> <span class='ocrx_word' id='word_1_71' title='bbox 1388 1059 1579 1129; x_wconf 89' lang='lat' dir='ltr'><strong>aisque</strong></span> <span class='ocrx_word' id='word_1_72' title='bbox 1602 1056 1852 1115; x_wconf 79' lang='lat' dir='ltr'><strong>sullicere</strong></span> 
     </span>
    </p>
   </div>
   <div class='ocr_carea' id='block_1_13' title="bbox 270 1149 1853 1225">
    <p class='ocr_par' dir='ltr' id='par_1_13' title="bbox 270 1149 1853 1225">
     <span class='ocr_line' id='line_1_13' title="bbox 270 1149 1853 1225; baseline -0.005 -15"><span class='ocrx_word' id='word_1_73' title='bbox 270 1164 325 1210; x_wconf 92' lang='lat' dir='ltr'><strong>te</strong></span> <span class='ocrx_word' id='word_1_74' title='bbox 354 1170 462 1209; x_wconf 90' lang='lat' dir='ltr'><strong>non</strong></span> <span class='ocrx_word' id='word_1_75' title='bbox 494 1169 656 1225; x_wconf 86' lang='lat' dir='ltr'><strong>posse</strong></span> <span class='ocrx_word' id='word_1_76' title='bbox 683 1151 1029 1223; x_wconf 82' lang='lat' dir='ltr'><strong>rogantibus.</strong></span> <span class='ocrx_word' id='word_1_77' title='bbox 1063 1149 1129 1203; x_wconf 88' lang='lat' dir='ltr'><strong>Et</strong></span> <span class='ocrx_word' id='word_1_78' title='bbox 1160 1151 1345 1220; x_wconf 77' lang='lat' dir='ltr'><strong>lingua</strong></span> <span class='ocrx_word' id='word_1_79' title='bbox 1366 1151 1586 1221; x_wconf 88' lang='lat' dir='ltr'><strong>quidem</strong></span> <span class='ocrx_word' id='word_1_80' title='bbox 1614 1150 1770 1219; x_wconf 84' lang='lat' dir='ltr'><strong>juras</strong></span> <span class='ocrx_word' id='word_1_81' title='bbox 1800 1156 1853 1203; x_wconf 88' lang='lat' dir='ltr'><strong>te</strong></span> 
     </span>
    </p>
   </div>
   <div class='ocr_carea' id='block_1_14' title="bbox 271 1238 1855 1315">
    <p class='ocr_par' dir='ltr' id='par_1_14' title="bbox 271 1238 1855 1315">
     <span class='ocr_line' id='line_1_14' title="bbox 271 1238 1855 1315; baseline -0.006 -15"><span class='ocrx_word' id='word_1_82' title='bbox 271 1262 381 1300; x_wconf 87' lang='lat' dir='ltr'><strong>non</strong></span> <span class='ocrx_word' id='word_1_83' title='bbox 407 1260 589 1315; x_wconf 87' lang='lat' dir='ltr'><strong>posse,</strong></span> <span class='ocrx_word' id='word_1_84' title='bbox 624 1243 720 1299; x_wconf 85' lang='lat' dir='ltr'><strong>sed</strong></span> <span class='ocrx_word' id='word_1_85' title='bbox 751 1258 780 1296; x_wconf 90' lang='lat' dir='ltr'><strong>a</strong></span> <span class='ocrx_word' id='word_1_86' title='bbox 809 1257 976 1295; x_wconf 89' lang='lat' dir='ltr'><strong>manu</strong></span> <span class='ocrx_word' id='word_1_87' title='bbox 1002 1241 1249 1311; x_wconf 82' lang='lat' dir='ltr'><strong>argueris</strong></span> <span class='ocrx_word' id='word_1_88' title='bbox 1280 1260 1294 1294; x_wconf 89' lang='lat'><strong>:</strong></span> <span class='ocrx_word' id='word_1_89' title='bbox 1334 1242 1436 1295; x_wconf 86' lang='lat' dir='ltr'><strong>etsi</strong></span> <span class='ocrx_word' id='word_1_90' title='bbox 1465 1240 1613 1295; x_wconf 89' lang='lat' dir='ltr'><strong>enim</strong></span> <span class='ocrx_word' id='word_1_91' title='bbox 1650 1238 1744 1293; x_wconf 88' lang='lat' dir='ltr'><strong>illa</strong></span> <span class='ocrx_word' id='word_1_92' title='bbox 1777 1246 1855 1291; x_wconf 87' lang='lat' dir='ltr'><strong>ta-</strong></span> 
     </span>
    </p>
   </div>
   <div class='ocr_carea' id='block_1_15' title="bbox 271 1329 1853 1400">
    <p class='ocr_par' dir='ltr' id='par_1_15' title="bbox 271 1329 1853 1400">
     <span class='ocr_line' id='line_1_15' title="bbox 271 1329 1853 1400; baseline -0.005 -10"><span class='ocrx_word' id='word_1_93' title='bbox 271 1343 397 1399; x_wconf 88' lang='lat' dir='ltr'><strong>cet,</strong></span> <span class='ocrx_word' id='word_1_94' title='bbox 434 1333 778 1389; x_wconf 86' lang='lat' dir='ltr'><strong>mendacium</strong></span> <span class='ocrx_word' id='word_1_95' title='bbox 810 1341 993 1385; x_wconf 90' lang='lat' dir='ltr'><strong>tamen</strong></span> <span class='ocrx_word' id='word_1_96' title='bbox 1027 1344 1180 1385; x_wconf 90' lang='lat' dir='ltr'><strong>tuum</strong></span> <span class='ocrx_word' id='word_1_97' title='bbox 1227 1330 1468 1385; x_wconf 86' lang='lat' dir='ltr'><strong>declarat</strong></span> <span class='ocrx_word' id='word_1_98' title='bbox 1509 1329 1694 1384; x_wconf 88' lang='lat' dir='ltr'><strong>annuli</strong></span> <span class='ocrx_word' id='word_1_99' title='bbox 1732 1329 1853 1400; x_wconf 83' lang='lat' dir='ltr'><strong>pala</strong></span> 
     </span>
    </p>
   </div>
   <div class='ocr_carea' id='block_1_16' title="bbox 272 1422 1854 1493">
    <p class='ocr_par' dir='ltr' id='par_1_16' title="bbox 272 1422 1854 1493">
     <span class='ocr_line' id='line_1_16' title="bbox 272 1422 1854 1493; baseline -0.004 -12"><span class='ocrx_word' id='word_1_100' title='bbox 272 1440 591 1481; x_wconf 87' lang='lat' dir='ltr'><strong>coruscans.</strong></span> <span class='ocrx_word' id='word_1_101' title='bbox 656 1422 803 1490; x_wconf 84' lang='lat' dir='ltr'><strong>Quot</strong></span> <span class='ocrx_word' id='word_1_102' title='bbox 860 1429 1040 1493; x_wconf 86' lang='lat' dir='ltr'><strong>potest</strong></span> <span class='ocrx_word' id='word_1_103' title='bbox 1091 1432 1219 1477; x_wconf 90' lang='lat' dir='ltr'><strong>tuus</strong></span> <span class='ocrx_word' id='word_1_104' title='bbox 1268 1423 1506 1476; x_wconf 84' lang='lat' dir='ltr'><strong>annulus</strong></span> <span class='ocrx_word' id='word_1_105' title='bbox 1558 1438 1702 1477; x_wconf 85' lang='lat' dir='ltr'><strong>unus</strong></span> <span class='ocrx_word' id='word_1_106' title='bbox 1746 1437 1854 1476; x_wconf 67' lang='lat' dir='ltr'><strong>tere</strong></span> 
     </span>
    </p>
   </div>
   <div class='ocr_carea' id='block_1_17' title="bbox 272 1513 1855 1585">
    <p class='ocr_par' dir='ltr' id='par_1_17' title="bbox 272 1513 1855 1585">
     <span class='ocr_line' id='line_1_17' title="bbox 272 1513 1855 1585; baseline -0.004 -13"><span class='ocrx_word' id='word_1_107' title='bbox 272 1520 450 1573; x_wconf 82' lang='lat' dir='ltr'><strong>alieno</strong></span> <span class='ocrx_word' id='word_1_108' title='bbox 498 1515 768 1571; x_wconf 84' lang='lat' dir='ltr'><strong>liberare?</strong></span> <span class='ocrx_word' id='word_1_109' title='bbox 815 1524 949 1585; x_wconf 90' lang='lat' dir='ltr'><strong>quot</strong></span> <span class='ocrx_word' id='word_1_110' title='bbox 1007 1515 1201 1571; x_wconf 87' lang='lat' dir='ltr'><strong>domos</strong></span> <span class='ocrx_word' id='word_1_111' title='bbox 1242 1521 1565 1568; x_wconf 87' lang='lat' dir='ltr'><strong>corruentes</strong></span> <span class='ocrx_word' id='word_1_112' title='bbox 1613 1513 1855 1584; x_wconf 81' lang='lat' dir='ltr'><strong>erigere?</strong></span> 
     </span>
    </p>
   </div>
   <div class='ocr_carea' id='block_1_18' title="bbox 270 1603 1852 1673">
    <p class='ocr_par' dir='ltr' id='par_1_18' title="bbox 270 1603 1852 1673">
     <span class='ocr_line' id='line_1_18' title="bbox 270 1603 1852 1673; baseline -0.004 -12"><span class='ocrx_word' id='word_1_113' title='bbox 270 1608 412 1661; x_wconf 84' lang='lat' dir='ltr'><strong>Area</strong></span> <span class='ocrx_word' id='word_1_114' title='bbox 445 1614 539 1660; x_wconf 86' lang='lat' dir='ltr'><strong>tua</strong></span> <span class='ocrx_word' id='word_1_115' title='bbox 567 1604 825 1661; x_wconf 87' lang='lat' dir='ltr'><strong>vestiaria</strong></span> <span class='ocrx_word' id='word_1_116' title='bbox 859 1608 943 1659; x_wconf 85' lang='lat' dir='ltr'><strong>vel</strong></span> <span class='ocrx_word' id='word_1_117' title='bbox 970 1604 1132 1658; x_wconf 89' lang='lat' dir='ltr'><strong>unica</strong></span> <span class='ocrx_word' id='word_1_118' title='bbox 1166 1612 1347 1673; x_wconf 84' lang='lat' dir='ltr'><strong>potest</strong></span> <span class='ocrx_word' id='word_1_119' title='bbox 1383 1612 1556 1657; x_wconf 90' lang='lat' dir='ltr'><strong>totum</strong></span> <span class='ocrx_word' id='word_1_120' title='bbox 1592 1603 1852 1673; x_wconf 91' lang='lat' dir='ltr'><strong>populum</strong></span> 
     </span>
    </p>
   </div>
   <div class='ocr_carea' id='block_1_19' title="bbox 272 1695 1856 1769">
    <p class='ocr_par' dir='ltr' id='par_1_19' title="bbox 272 1695 1856 1769">
     <span class='ocr_line' id='line_1_19' title="bbox 272 1695 1856 1769; baseline -0.001 -18"><span class='ocrx_word' id='word_1_121' title='bbox 272 1698 473 1769; x_wconf 79' lang='lat' dir='ltr'><strong>frigore</strong></span> <span class='ocrx_word' id='word_1_122' title='bbox 501 1697 769 1768; x_wconf 79' lang='lat' dir='ltr'><strong>rigentem</strong></span> <span class='ocrx_word' id='word_1_123' title='bbox 801 1696 1024 1750; x_wconf 87' lang='lat' dir='ltr'><strong>amicire</strong></span> <span class='ocrx_word' id='word_1_124' title='bbox 1048 1713 1062 1761; x_wconf 89' lang='lat'><strong>;</strong></span> <span class='ocrx_word' id='word_1_125' title='bbox 1094 1703 1149 1750; x_wconf 91' lang='lat' dir='ltr'><strong>et</strong></span> <span class='ocrx_word' id='word_1_126' title='bbox 1175 1705 1355 1749; x_wconf 89' lang='lat' dir='ltr'><strong>tamen</strong></span> <span class='ocrx_word' id='word_1_127' title='bbox 1382 1695 1625 1751; x_wconf 90' lang='lat' dir='ltr'><strong>sustines</strong></span> <span class='ocrx_word' id='word_1_128' title='bbox 1654 1709 1856 1764; x_wconf 90' lang='lat' dir='ltr'><strong>paupe-</strong></span> 
     </span>
    </p>
   </div>
   <div class='ocr_carea' id='block_1_20' title="bbox 1948 495 3530 572">
    <p class='ocr_par' dir='ltr' id='par_1_20' title="bbox 1948 495 3530 572">
     <span class='ocr_line' id='line_1_20' title="bbox 1948 495 3530 572; baseline -0.004 -17"><span class='ocrx_word' id='word_1_129' title='bbox 1948 502 2238 572; x_wconf 78' lang='grc' dir='ltr'><strong>ὁρωμένων</strong></span> <span class='ocrx_word' id='word_1_130' title='bbox 2275 498 2598 570; x_wconf 80' lang='grc' dir='ltr'>τιμιώτερον</span> <span class='ocrx_word' id='word_1_131' title='bbox 2644 497 2924 567; x_wconf 86' lang='grc' dir='ltr'>κέκτηται,</span> <span class='ocrx_word' id='word_1_132' title='bbox 2967 495 3102 550; x_wconf 84' lang='grc' dir='ltr'><strong>ἀλλά</strong></span> <span class='ocrx_word' id='word_1_133' title='bbox 3128 496 3198 550; x_wconf 83' lang='grc' dir='ltr'><strong>τά</strong></span> <span class='ocrx_word' id='word_1_134' title='bbox 3226 497 3324 567; x_wconf 84' lang='grc' dir='ltr'><strong>μὲν</strong></span> <span class='ocrx_word' id='word_1_135' title='bbox 3346 497 3530 568; x_wconf 63' lang='grc' dir='ltr'>ἄψυχα</span> 
     </span>
    </p>
   </div>
   <div class='ocr_carea' id='block_1_21' title="bbox 1948 587 3529 660">
    <p class='ocr_par' dir='ltr' id='par_1_21' title="bbox 1948 587 3529 660">
     <span class='ocr_line' id='line_1_21' title="bbox 1948 587 3529 660; baseline -0.004 -14"><span class='ocrx_word' id='word_1_136' title='bbox 1948 592 2294 656; x_wconf 73' lang='grc' dir='ltr'><strong>καλλωπίζει,</strong></span> <span class='ocrx_word' id='word_1_137' title='bbox 2340 592 2439 660; x_wconf 81' lang='grc' dir='ltr'><strong>τὴν</strong></span> <span class='ocrx_word' id='word_1_138' title='bbox 2480 590 2535 643; x_wconf 84' lang='grc' dir='ltr'>δὲ</span> <span class='ocrx_word' id='word_1_139' title='bbox 2578 590 2755 660; x_wconf 76' lang='grc' dir='ltr'>ψυχὴν</span> <span class='ocrx_word' id='word_1_140' title='bbox 2800 589 3108 658; x_wconf 79' lang='grc' dir='ltr'><strong>ἀκόσμητον</strong></span> <span class='ocrx_word' id='word_1_141' title='bbox 3160 587 3293 657; x_wconf 75' lang='grc' dir='ltr'>ἔχει.</span> <span class='ocrx_word' id='word_1_142' title='bbox 3338 590 3529 654; x_wconf 81' lang='grc' dir='ltr'>Ποίαν,</span> 
     </span>
    </p>
   </div>
   <div class='ocr_carea' id='block_1_22' title="bbox 1946 679 3532 753">
    <p class='ocr_par' dir='ltr' id='par_1_22' title="bbox 1946 679 3532 753">
     <span class='ocr_line' id='line_1_22' title="bbox 1946 679 3532 753; baseline -0.002 -18"><span class='ocrx_word' id='word_1_143' title='bbox 1946 682 2067 736; x_wconf 83' lang='grc' dir='ltr'>εἰπέ</span> <span class='ocrx_word' id='word_1_144' title='bbox 2093 700 2210 753; x_wconf 74' lang='grc' dir='ltr'>μοι,</span> <span class='ocrx_word' id='word_1_145' title='bbox 2245 682 2430 751; x_wconf 79' lang='grc' dir='ltr'>χρείαν</span> <span class='ocrx_word' id='word_1_146' title='bbox 2481 679 2869 752; x_wconf 72' lang='grc' dir='ltr'>περισσοτέραν</span> <span class='ocrx_word' id='word_1_147' title='bbox 2911 679 3241 750; x_wconf 75' lang='grc' dir='ltr'>παρέχουσιν</span> <span class='ocrx_word' id='word_1_148' title='bbox 3292 679 3532 749; x_wconf 70' lang='grc' dir='ltr'>ἀργυραῖ</span> 
     </span>
    </p>
   </div>
   <div class='ocr_carea' id='block_1_23' title="bbox 1948 771 3534 845">
    <p class='ocr_par' dir='ltr' id='par_1_23' title="bbox 1948 771 3534 845">
     <span class='ocr_line' id='line_1_23' title="bbox 1948 771 3534 845; baseline -0.004 -17"><span class='ocrx_word' id='word_1_149' title='bbox 1948 775 2127 828; x_wconf 85' lang='grc' dir='ltr'>κλῖναι</span> <span class='ocrx_word' id='word_1_150' title='bbox 2173 776 2265 828; x_wconf 80' lang='grc' dir='ltr'><strong>καὶ</strong></span> <span class='ocrx_word' id='word_1_151' title='bbox 2318 773 2587 845; x_wconf 75' lang='grc' dir='ltr'>τράπεζαι</span> <span class='ocrx_word' id='word_1_152' title='bbox 2619 774 2875 844; x_wconf 75' lang='grc' dir='ltr'>ἀργυραῖ,</span> <span class='ocrx_word' id='word_1_153' title='bbox 2906 771 3245 840; x_wconf 78' lang='grc' dir='ltr'>ὲλεφάντιναι</span> <span class='ocrx_word' id='word_1_154' title='bbox 3284 771 3534 833; x_wconf 77' lang='grc' dir='ltr'>στιϐάόες</span> 
     </span>
    </p>
   </div>
   <div class='ocr_carea' id='block_1_24' title="bbox 1948 862 3532 937">
    <p class='ocr_par' dir='ltr' id='par_1_24' title="bbox 1948 862 3532 937">
     <span class='ocr_line' id='line_1_24' title="bbox 1948 862 3532 937; baseline -0.003 -17"><span class='ocrx_word' id='word_1_155' title='bbox 1948 869 2043 920; x_wconf 77' lang='grc' dir='ltr'><strong>καὶ</strong></span> <span class='ocrx_word' id='word_1_156' title='bbox 2082 866 2416 935; x_wconf 76' lang='grc' dir='ltr'><strong>ἐλεφάντινοι</strong></span> <span class='ocrx_word' id='word_1_157' title='bbox 2462 865 2663 937; x_wconf 82' lang='grc' dir='ltr'>δίφροι,</span> <span class='ocrx_word' id='word_1_158' title='bbox 2684 865 2824 918; x_wconf 82' lang='grc' dir='ltr'>ὥστε</span> <span class='ocrx_word' id='word_1_159' title='bbox 2853 863 2943 917; x_wconf 83' lang='grc' dir='ltr'><strong>τὸν</strong></span> <span class='ocrx_word' id='word_1_160' title='bbox 2996 862 3222 916; x_wconf 82' lang='grc' dir='ltr'>πλοῦτον</span> <span class='ocrx_word' id='word_1_161' title='bbox 3252 862 3339 916; x_wconf 76' lang='grc' dir='ltr'>διὰ</span> <span class='ocrx_word' id='word_1_162' title='bbox 3359 863 3532 916; x_wconf 83' lang='grc' dir='ltr'>ταῦτα</span> 
     </span>
    </p>
   </div>
   <div class='ocr_carea' id='block_1_25' title="bbox 1948 954 3530 1031">
    <p class='ocr_par' dir='ltr' id='par_1_25' title="bbox 1948 954 3530 1031">
     <span class='ocr_line' id='line_1_25' title="bbox 1948 954 3530 1031; baseline -0.003 -20"><span class='ocrx_word' id='word_1_163' title='bbox 1948 959 2026 1031; x_wconf 81' lang='grc' dir='ltr'>μὴ</span> <span class='ocrx_word' id='word_1_164' title='bbox 2054 959 2348 1013; x_wconf 79' lang='grc' dir='ltr'>διαϐαίνειν</span> <span class='ocrx_word' id='word_1_165' title='bbox 2374 958 2509 1029; x_wconf 86' lang='grc' dir='ltr'>πρὸς</span> <span class='ocrx_word' id='word_1_166' title='bbox 2540 962 2665 1022; x_wconf 80' lang='grc' dir='ltr'>τοὺς</span> <span class='ocrx_word' id='word_1_167' title='bbox 2688 957 2957 1027; x_wconf 75' lang='grc' dir='ltr'>πτωχοὺς,</span> <span class='ocrx_word' id='word_1_168' title='bbox 2992 956 3169 1009; x_wconf 89' lang='grc' dir='ltr'>καίτοι</span> <span class='ocrx_word' id='word_1_169' title='bbox 3213 954 3397 1027; x_wconf 86' lang='grc' dir='ltr'>μυρίοι</span> <span class='ocrx_word' id='word_1_170' title='bbox 3433 957 3530 1024; x_wconf 78' lang='grc' dir='ltr'>ἑφ-</span> 
     </span>
    </p>
   </div>
   <div class='ocr_carea' id='block_1_26' title="bbox 1948 1048 3532 1124">
    <p class='ocr_par' dir='ltr' id='par_1_26' title="bbox 1948 1048 3532 1124">
     <span class='ocr_line' id='line_1_26' title="bbox 1948 1048 3532 1124; baseline -0.003 -19"><span class='ocrx_word' id='word_1_171' title='bbox 1948 1054 2138 1106; x_wconf 75' lang='grc' dir='ltr'>εστᾶσι</span> <span class='ocrx_word' id='word_1_172' title='bbox 2163 1053 2272 1124; x_wconf 83' lang='grc'><strong>(10)</strong></span> <span class='ocrx_word' id='word_1_173' title='bbox 2299 1054 2364 1123; x_wconf 84' lang='grc' dir='ltr'>τῇ</span> <span class='ocrx_word' id='word_1_174' title='bbox 2393 1050 2552 1122; x_wconf 74' lang='grc' dir='ltr'>θύρα,</span> <span class='ocrx_word' id='word_1_175' title='bbox 2581 1052 2762 1104; x_wconf 78' lang='grc' dir='ltr'>πᾶσαν</span> <span class='ocrx_word' id='word_1_176' title='bbox 2781 1049 3020 1120; x_wconf 76' lang='grc' dir='ltr'>ἐλεεινὴν</span> <span class='ocrx_word' id='word_1_177' title='bbox 3040 1048 3291 1118; x_wconf 79' lang='grc' dir='ltr'><strong>ἀφιέντες</strong></span> <span class='ocrx_word' id='word_1_178' title='bbox 3316 1050 3532 1118; x_wconf 81' lang='grc' dir='ltr'>φωνήν;</span> 
     </span>
    </p>
   </div>
   <div class='ocr_carea' id='block_1_27' title="bbox 1950 1136 3534 1215">
    <p class='ocr_par' dir='ltr' id='par_1_27' title="bbox 1950 1136 3534 1215">
     <span class='ocr_line' id='line_1_27' title="bbox 1950 1136 3534 1215; baseline -0.004 -17"><span class='ocrx_word' id='word_1_179' title='bbox 1950 1147 2021 1199; x_wconf 70' lang='grc' dir='ltr'>Συ</span> <span class='ocrx_word' id='word_1_180' title='bbox 2049 1145 2105 1197; x_wconf 84' lang='grc' dir='ltr'>δὲ</span> <span class='ocrx_word' id='word_1_181' title='bbox 2135 1145 2272 1215; x_wconf 75' lang='grc' dir='ltr'>ἀρνῇ</span> <span class='ocrx_word' id='word_1_182' title='bbox 2296 1144 2395 1210; x_wconf 83' lang='grc' dir='ltr'>τὴν</span> <span class='ocrx_word' id='word_1_183' title='bbox 2426 1143 2595 1208; x_wconf 88' lang='grc' dir='ltr'>δόσιν,</span> <span class='ocrx_word' id='word_1_184' title='bbox 2629 1140 2887 1196; x_wconf 84' lang='grc' dir='ltr'>ἀδύνατον</span> <span class='ocrx_word' id='word_1_185' title='bbox 2912 1136 3048 1194; x_wconf 82' lang='grc' dir='ltr'>εἶναι</span> <span class='ocrx_word' id='word_1_186' title='bbox 3072 1139 3244 1208; x_wconf 89' lang='grc' dir='ltr'>λέγων</span> <span class='ocrx_word' id='word_1_187' title='bbox 3273 1142 3534 1212; x_wconf 79' lang='grc' dir='ltr'>ἐπαρκεῖν</span> 
     </span>
    </p>
   </div>
   <div class='ocr_carea' id='block_1_28' title="bbox 1948 1231 3534 1306">
    <p class='ocr_par' dir='ltr' id='par_1_28' title="bbox 1948 1231 3534 1306">
     <span class='ocr_line' id='line_1_28' title="bbox 1948 1231 3534 1306; baseline -0.003 -17"><span class='ocrx_word' id='word_1_188' title='bbox 1948 1239 2064 1299; x_wconf 86' lang='grc' dir='ltr'>τοῖς</span> <span class='ocrx_word' id='word_1_189' title='bbox 2087 1235 2317 1290; x_wconf 77' lang='grc' dir='ltr'>αἰτοῦσι.</span> <span class='ocrx_word' id='word_1_190' title='bbox 2346 1235 2457 1289; x_wconf 76' lang='grc' dir='ltr'>Καὶ</span> <span class='ocrx_word' id='word_1_191' title='bbox 2494 1236 2560 1305; x_wconf 79' lang='grc' dir='ltr'>τῇ</span> <span class='ocrx_word' id='word_1_192' title='bbox 2600 1234 2697 1305; x_wconf 80' lang='grc' dir='ltr'><strong>μὲν</strong></span> <span class='ocrx_word' id='word_1_193' title='bbox 2728 1232 2950 1306; x_wconf 76' lang='grc' dir='ltr'>γλώσσῃ</span> <span class='ocrx_word' id='word_1_194' title='bbox 2975 1231 3287 1303; x_wconf 82' lang='grc' dir='ltr'>ὲξόμνυσαι,</span> <span class='ocrx_word' id='word_1_195' title='bbox 3325 1232 3431 1285; x_wconf 81' lang='grc' dir='ltr'><strong>ὑπὸ</strong></span> <span class='ocrx_word' id='word_1_196' title='bbox 3476 1232 3534 1285; x_wconf 82' lang='grc' dir='ltr'>δὲ</span> 
     </span>
    </p>
   </div>
   <div class='ocr_carea' id='block_1_29' title="bbox 1949 1322 3535 1400">
    <p class='ocr_par' dir='ltr' id='par_1_29' title="bbox 1949 1322 3535 1400">
     <span class='ocr_line' id='line_1_29' title="bbox 1949 1322 3535 1400; baseline -0.003 -19"><span class='ocrx_word' id='word_1_197' title='bbox 1949 1330 2051 1400; x_wconf 84' lang='grc' dir='ltr'><strong>τῆς</strong></span> <span class='ocrx_word' id='word_1_198' title='bbox 2091 1327 2273 1400; x_wconf 79' lang='grc' dir='ltr'>χειρὸς</span> <span class='ocrx_word' id='word_1_199' title='bbox 2319 1326 2598 1398; x_wconf 79' lang='grc' dir='ltr'>διελέγχῃο</span> <span class='ocrx_word' id='word_1_200' title='bbox 2643 1325 2902 1379; x_wconf 87' lang='grc' dir='ltr'>σιωπῶσα</span> <span class='ocrx_word' id='word_1_201' title='bbox 2948 1324 3057 1396; x_wconf 84' lang='grc' dir='ltr'><strong>γάρ</strong></span> <span class='ocrx_word' id='word_1_202' title='bbox 3103 1341 3196 1377; x_wconf 89' lang='grc' dir='ltr'><strong>σου</strong></span> <span class='ocrx_word' id='word_1_203' title='bbox 3233 1324 3412 1394; x_wconf 74' lang='grc' dir='ltr'>ἡχεὶρ</span> <span class='ocrx_word' id='word_1_204' title='bbox 3437 1322 3535 1392; x_wconf 63' lang='grc' dir='ltr'><strong>τὴν</strong></span> 
     </span>
    </p>
   </div>
   <div class='ocr_carea' id='block_1_30' title="bbox 1950 1415 3534 1491">
    <p class='ocr_par' dir='ltr' id='par_1_30' title="bbox 1950 1415 3534 1491">
     <span class='ocr_line' id='line_1_30' title="bbox 1950 1415 3534 1491; baseline -0.004 -18"><span class='ocrx_word' id='word_1_205' title='bbox 1950 1420 2302 1490; x_wconf 69' lang='grc' dir='ltr'>ψευδολογίαν</span> <span class='ocrx_word' id='word_1_206' title='bbox 2359 1417 2644 1491; x_wconf 80' lang='grc' dir='ltr'>κηρύσσει,</span> <span class='ocrx_word' id='word_1_207' title='bbox 2701 1415 3246 1488; x_wconf 83' lang='grc' dir='ltr'>περιαστραπτομένη</span> <span class='ocrx_word' id='word_1_208' title='bbox 3294 1416 3397 1468; x_wconf 81' lang='grc' dir='ltr'>ὑπὸ</span> <span class='ocrx_word' id='word_1_209' title='bbox 3437 1416 3534 1485; x_wconf 73' lang='grc' dir='ltr'>τῆς</span> 
     </span>
    </p>
   </div>
   <div class='ocr_carea' id='block_1_31' title="bbox 1952 1508 3535 1580">
    <p class='ocr_par' dir='ltr' id='par_1_31' title="bbox 1952 1508 3535 1580">
     <span class='ocr_line' id='line_1_31' title="bbox 1952 1508 3535 1580; baseline -0.002 -16"><span class='ocrx_word' id='word_1_210' title='bbox 1952 1513 2047 1564; x_wconf 77' lang='grc' dir='ltr'><strong>ἐπὶ</strong></span> <span class='ocrx_word' id='word_1_211' title='bbox 2086 1511 2181 1564; x_wconf 86' lang='grc' dir='ltr'><strong>τοῦ</strong></span> <span class='ocrx_word' id='word_1_212' title='bbox 2235 1509 2519 1565; x_wconf 84' lang='grc' dir='ltr'>δακτυλίου</span> <span class='ocrx_word' id='word_1_213' title='bbox 2555 1508 2867 1580; x_wconf 81' lang='grc' dir='ltr'>σφενδόνης.</span> <span class='ocrx_word' id='word_1_214' title='bbox 2919 1508 3126 1573; x_wconf 78' lang='grc' dir='ltr'><strong>Πόσους</strong></span> <span class='ocrx_word' id='word_1_215' title='bbox 3159 1508 3379 1561; x_wconf 85' lang='grc' dir='ltr'>δύναται</span> <span class='ocrx_word' id='word_1_216' title='bbox 3423 1509 3535 1577; x_wconf 80' lang='lat' dir='ltr'><strong>(ll)</strong></span> 
     </span>
    </p>
   </div>
   <div class='ocr_carea' id='block_1_32' title="bbox 1954 1598 3536 1673">
    <p class='ocr_par' dir='ltr' id='par_1_32' title="bbox 1954 1598 3536 1673">
     <span class='ocr_line' id='line_1_32' title="bbox 1954 1598 3536 1673; baseline -0.003 -17"><span class='ocrx_word' id='word_1_217' title='bbox 1954 1598 2033 1668; x_wconf 79' lang='grc' dir='ltr'><strong>εἷς</strong></span> <span class='ocrx_word' id='word_1_218' title='bbox 2092 1620 2185 1656; x_wconf 91' lang='grc' dir='ltr'><strong>σου</strong></span> <span class='ocrx_word' id='word_1_219' title='bbox 2240 1602 2521 1665; x_wconf 87' lang='grc' dir='ltr'>δακτύλιος</span> <span class='ocrx_word' id='word_1_220' title='bbox 2565 1601 2744 1673; x_wconf 86' lang='grc' dir='ltr'>χρεῶν</span> <span class='ocrx_word' id='word_1_221' title='bbox 2773 1600 3076 1666; x_wconf 83' lang='grc' dir='ltr'>ἀπολῦσαι;</span> <span class='ocrx_word' id='word_1_222' title='bbox 3108 1602 3302 1664; x_wconf 81' lang='grc' dir='ltr'>πόσους</span> <span class='ocrx_word' id='word_1_223' title='bbox 3356 1603 3536 1665; x_wconf 76' lang='grc' dir='ltr'>οἴκοις</span> 
     </span>
    </p>
   </div>
   <div class='ocr_carea' id='block_1_33' title="bbox 1955 1694 3537 1765">
    <p class='ocr_par' dir='ltr' id='par_1_33' title="bbox 1955 1694 3537 1765">
     <span class='ocr_line' id='line_1_33' title="bbox 1955 1694 3537 1765; baseline -0.003 -15"><span class='ocrx_word' id='word_1_224' title='bbox 1955 1696 2391 1759; x_wconf 80' lang='grc' dir='ltr'>καταπίπτοντας</span> <span class='ocrx_word' id='word_1_225' title='bbox 2417 1694 2755 1765; x_wconf 86' lang='grc' dir='ltr'>άνορθῶσαι;</span> <span class='ocrx_word' id='word_1_226' title='bbox 2786 1694 2901 1748; x_wconf 85' lang='grc' dir='ltr'>Μία</span> <span class='ocrx_word' id='word_1_227' title='bbox 2930 1712 3024 1748; x_wconf 91' lang='grc' dir='ltr'><strong>σου</strong></span> <span class='ocrx_word' id='word_1_228' title='bbox 3045 1694 3275 1757; x_wconf 76' lang='grc' dir='ltr'>κιϐωτὸς</span> <span class='ocrx_word' id='word_1_229' title='bbox 3308 1695 3537 1763; x_wconf 82' lang='grc' dir='ltr'>ἱματίων</span> 
     </span>
    </p>
   </div>
   <div class='ocr_carea' id='block_1_34' title="bbox 271 1770 1857 1858">
    <p class='ocr_par' dir='ltr' id='par_1_34' title="bbox 271 1787 1850 1856">
     <span class='ocr_line' id='line_1_34' title="bbox 271 1787 1850 1856; baseline -0.002 -15"><span class='ocrx_word' id='word_1_230' title='bbox 271 1804 388 1842; x_wconf 86' lang='lat' dir='ltr'><strong>rem</strong></span> <span class='ocrx_word' id='word_1_231' title='bbox 415 1802 525 1843; x_wconf 92' lang='lat' dir='ltr'><strong>non</strong></span> <span class='ocrx_word' id='word_1_232' title='bbox 556 1787 820 1842; x_wconf 89' lang='lat' dir='ltr'><strong>donatum</strong></span> <span class='ocrx_word' id='word_1_233' title='bbox 851 1787 1144 1850; x_wconf 86' lang='lat' dir='ltr'><strong>dimittere,</strong></span> <span class='ocrx_word' id='word_1_234' title='bbox 1177 1788 1324 1841; x_wconf 81' lang='lat' dir='ltr'><strong>haud</strong></span> <span class='ocrx_word' id='word_1_235' title='bbox 1358 1789 1624 1841; x_wconf 83' lang='lat' dir='ltr'><strong>reveritus</strong></span> <span class='ocrx_word' id='word_1_236' title='bbox 1647 1788 1850 1856; x_wconf 87' lang='lat' dir='ltr'><strong>justam</strong></span> 
     </span>
    </p>
   </div>
   <div class='ocr_carea' id='block_1_35' title="bbox 1956 1770 3536 1858">
    <p class='ocr_par' dir='ltr' id='par_1_35' title="bbox 1956 1786 3536 1858">
     <span class='ocr_line' id='line_1_35' title="bbox 1956 1786 3536 1858; baseline -0.003 -16"><span class='ocrx_word' id='word_1_237' title='bbox 1956 1789 2171 1842; x_wconf 86' lang='grc' dir='ltr'>δύναται</span> <span class='ocrx_word' id='word_1_238' title='bbox 2219 1788 2390 1858; x_wconf 79' lang='grc' dir='ltr'>δῆμον</span> <span class='ocrx_word' id='word_1_239' title='bbox 2431 1787 2550 1841; x_wconf 86' lang='grc' dir='ltr'>ὃλον</span> <span class='ocrx_word' id='word_1_240' title='bbox 2595 1787 2832 1858; x_wconf 81' lang='grc' dir='ltr'>ῥιγῶντα</span> <span class='ocrx_word' id='word_1_241' title='bbox 2880 1786 3225 1858; x_wconf 73' lang='grc' dir='ltr'>περιϐαλεῖν·</span> <span class='ocrx_word' id='word_1_242' title='bbox 3255 1787 3369 1840; x_wconf 84' lang='grc' dir='ltr'>ἀλλ’</span> <span class='ocrx_word' id='word_1_243' title='bbox 3408 1788 3536 1839; x_wconf 78' lang='grc' dir='ltr'>ὑπο-</span> 
     </span>
    </p>
   </div>
   <div class='ocr_carea' id='block_1_36' title="bbox 267 1877 1852 1949">
    <p class='ocr_par' dir='ltr' id='par_1_36' title="bbox 267 1877 1852 1949">
     <span class='ocr_line' id='line_1_36' title="bbox 267 1877 1852 1949; baseline -0.001 -16"><span class='ocrx_word' id='word_1_244' title='bbox 267 1879 472 1949; x_wconf 86' lang='lat' dir='ltr'><strong>judicis</strong></span> <span class='ocrx_word' id='word_1_245' title='bbox 493 1878 1017 1949; x_wconf 87' lang='lat' dir='ltr'><strong>compensationem.</strong></span> <span class='ocrx_word' id='word_1_246' title='bbox 1049 1877 1166 1933; x_wconf 86' lang='lat' dir='ltr'><strong>Non</strong></span> <span class='ocrx_word' id='word_1_247' title='bbox 1189 1880 1447 1934; x_wconf 88' lang='lat' dir='ltr'><strong>misertus</strong></span> <span class='ocrx_word' id='word_1_248' title='bbox 1476 1895 1557 1941; x_wconf 91' lang='lat' dir='ltr'><strong>es,</strong></span> <span class='ocrx_word' id='word_1_249' title='bbox 1582 1894 1688 1934; x_wconf 92' lang='lat' dir='ltr'><strong>non</strong></span> <span class='ocrx_word' id='word_1_250' title='bbox 1716 1893 1852 1932; x_wconf 90' lang='lat' dir='ltr'><strong>con-</strong></span> 
     </span>
    </p>
   </div>
   <div class='ocr_carea' id='block_1_37' title="bbox 271 1966 1853 2038">
    <p class='ocr_par' dir='ltr' id='par_1_37' title="bbox 271 1966 1853 2038">
     <span class='ocr_line' id='line_1_37' title="bbox 271 1966 1853 2038; baseline -0.003 -15"><span class='ocrx_word' id='word_1_251' title='bbox 271 1983 501 2038; x_wconf 87' lang='lat' dir='ltr'><strong>sequere</strong></span> <span class='ocrx_word' id='word_1_252' title='bbox 532 1967 997 2034; x_wconf 88' lang='lat' dir='ltr'><strong>misericordiam;</strong></span> <span class='ocrx_word' id='word_1_253' title='bbox 1063 1983 1172 2021; x_wconf 90' lang='lat' dir='ltr'><strong>non</strong></span> <span class='ocrx_word' id='word_1_254' title='bbox 1222 1967 1483 2036; x_wconf 83' lang='lat' dir='ltr'><strong>aperuisti</strong></span> <span class='ocrx_word' id='word_1_255' title='bbox 1514 1966 1769 2029; x_wconf 89' lang='lat' dir='ltr'><strong>domum,</strong></span> <span class='ocrx_word' id='word_1_256' title='bbox 1821 1979 1853 2019; x_wconf 86' lang='lat' dir='ltr'><strong>a</strong></span> 
     </span>
    </p>
   </div>
   <div class='ocr_carea' id='block_1_38' title="bbox 270 2058 1856 2130">
    <p class='ocr_par' dir='ltr' id='par_1_38' title="bbox 270 2058 1856 2130">
     <span class='ocr_line' id='line_1_38' title="bbox 270 2058 1856 2130; baseline 0 -17"><span class='ocrx_word' id='word_1_257' title='bbox 270 2074 442 2130; x_wconf 79' lang='lat' dir='ltr'><strong>regno</strong></span> <span class='ocrx_word' id='word_1_258' title='bbox 466 2059 812 2125; x_wconf 77' lang='lat' dir='ltr'><strong>excluderis;</strong></span> <span class='ocrx_word' id='word_1_259' title='bbox 842 2073 1037 2129; x_wconf 88' lang='lat' dir='ltr'><strong>panem</strong></span> <span class='ocrx_word' id='word_1_260' title='bbox 1072 2074 1181 2115; x_wconf 92' lang='lat' dir='ltr'><strong>non</strong></span> <span class='ocrx_word' id='word_1_261' title='bbox 1222 2058 1444 2127; x_wconf 85' lang='lat' dir='ltr'><strong>dedisti,</strong></span> <span class='ocrx_word' id='word_1_262' title='bbox 1476 2074 1584 2114; x_wconf 89' lang='lat' dir='ltr'><strong>non</strong></span> <span class='ocrx_word' id='word_1_263' title='bbox 1618 2058 1856 2128; x_wconf 82' lang='lat' dir='ltr'><strong>accipies</strong></span> 
     </span>
    </p>
   </div>
   <div class='ocr_carea' id='block_1_39' title="bbox 270 2150 762 2206">
    <p class='ocr_par' dir='ltr' id='par_1_39' title="bbox 270 2150 762 2206">
     <span class='ocr_line' id='line_1_39' title="bbox 270 2150 762 2206; baseline 0.004 -3"><span class='ocrx_word' id='word_1_264' title='bbox 270 2150 441 2204; x_wconf 88' lang='lat' dir='ltr'><strong>vitam</strong></span> <span class='ocrx_word' id='word_1_265' title='bbox 478 2157 762 2206; x_wconf 68' lang='lat' dir='ltr'><strong>aeternam.</strong></span> 
     </span>
    </p>
   </div>
   <div class='ocr_carea' id='block_1_40' title="bbox 344 2325 1857 2397">
    <p class='ocr_par' dir='ltr' id='par_1_40' title="bbox 344 2325 1857 2397">
     <span class='ocr_line' id='line_1_40' title="bbox 344 2325 1857 2397; baseline -0.001 -16"><span class='ocrx_word' id='word_1_266' title='bbox 344 2328 397 2381; x_wconf 77' lang='grc'>5.</span> <span class='ocrx_word' id='word_1_267' title='bbox 432 2325 631 2382; x_wconf 79' lang='lat' dir='ltr'><strong>Verum</strong></span> <span class='ocrx_word' id='word_1_268' title='bbox 663 2341 955 2397; x_wconf 87' lang='lat' dir='ltr'><strong>pauperem</strong></span> <span class='ocrx_word' id='word_1_269' title='bbox 986 2326 1124 2381; x_wconf 91' lang='lat' dir='ltr'><strong>dicis</strong></span> <span class='ocrx_word' id='word_1_270' title='bbox 1159 2328 1390 2396; x_wconf 88' lang='lat' dir='ltr'><strong>teipsum</strong></span> <span class='ocrx_word' id='word_1_271' title='bbox 1415 2367 1429 2389; x_wconf 91' lang='lat'><strong>,</strong></span> <span class='ocrx_word' id='word_1_272' title='bbox 1461 2336 1624 2396; x_wconf 88' lang='lat' dir='ltr'><strong>atque</strong></span> <span class='ocrx_word' id='word_1_273' title='bbox 1655 2325 1723 2381; x_wconf 86' lang='lat' dir='ltr'><strong>de</strong></span> <span class='ocrx_word' id='word_1_274' title='bbox 1752 2325 1857 2380; x_wconf 91' lang='lat' dir='ltr'><strong>hoc</strong></span> 
     </span>
    </p>
   </div>
   <div class='ocr_carea' id='block_1_41' title="bbox 273 2418 1856 2489">
    <p class='ocr_par' dir='ltr' id='par_1_41' title="bbox 273 2418 1856 2489">
     <span class='ocr_line' id='line_1_41' title="bbox 273 2418 1856 2489; baseline -0.001 -16"><span class='ocrx_word' id='word_1_275' title='bbox 273 2421 405 2475; x_wconf 85' lang='lat' dir='ltr'><strong>mihi</strong></span> <span class='ocrx_word' id='word_1_276' title='bbox 440 2430 618 2475; x_wconf 87' lang='lat' dir='ltr'><strong>tecum</strong></span> <span class='ocrx_word' id='word_1_277' title='bbox 656 2422 933 2475; x_wconf 89' lang='lat' dir='ltr'><strong>convenit.</strong></span> <span class='ocrx_word' id='word_1_278' title='bbox 974 2418 1188 2489; x_wconf 87' lang='lat' dir='ltr'><strong>Pauper</strong></span> <span class='ocrx_word' id='word_1_279' title='bbox 1221 2419 1368 2473; x_wconf 90' lang='lat' dir='ltr'><strong>enim</strong></span> <span class='ocrx_word' id='word_1_280' title='bbox 1411 2427 1515 2485; x_wconf 91' lang='lat' dir='ltr'><strong>est,</strong></span> <span class='ocrx_word' id='word_1_281' title='bbox 1546 2418 1639 2488; x_wconf 91' lang='lat' dir='ltr'><strong>qui</strong></span> <span class='ocrx_word' id='word_1_282' title='bbox 1671 2418 1856 2472; x_wconf 89' lang='lat' dir='ltr'><strong>multis</strong></span> 
     </span>
    </p>
   </div>
   <div class='ocr_carea' id='block_1_42' title="bbox 273 2509 1857 2581">
    <p class='ocr_par' dir='ltr' id='par_1_42' title="bbox 273 2509 1857 2581">
     <span class='ocr_line' id='line_1_42' title="bbox 273 2509 1857 2581; baseline -0.001 -17"><span class='ocrx_word' id='word_1_283' title='bbox 273 2511 501 2580; x_wconf 83' lang='lat' dir='ltr'><strong>indiget.</strong></span> <span class='ocrx_word' id='word_1_284' title='bbox 534 2509 641 2566; x_wconf 87' lang='lat' dir='ltr'><strong>Sed</strong></span> <span class='ocrx_word' id='word_1_285' title='bbox 669 2511 997 2567; x_wconf 87' lang='lat' dir='ltr'><strong>insatiabilis</strong></span> <span class='ocrx_word' id='word_1_286' title='bbox 1046 2510 1321 2580; x_wconf 86' lang='lat' dir='ltr'><strong>cupiditas</strong></span> <span class='ocrx_word' id='word_1_287' title='bbox 1349 2510 1564 2581; x_wconf 77' lang='lat' dir='ltr'><strong>indigos</strong></span> <span class='ocrx_word' id='word_1_288' title='bbox 1587 2524 1684 2563; x_wconf 87' lang='lat' dir='ltr'><strong>vos</strong></span> <span class='ocrx_word' id='word_1_289' title='bbox 1716 2511 1857 2563; x_wconf 87' lang='lat' dir='ltr'><strong>mul-</strong></span> 
     </span>
    </p>
   </div>
   <div class='ocr_carea' id='block_1_43' title="bbox 274 2600 1858 2658">
    <p class='ocr_par' dir='ltr' id='par_1_43' title="bbox 274 2600 1858 2658">
     <span class='ocr_line' id='line_1_43' title="bbox 274 2600 1858 2658; baseline 0.001 -4"><span class='ocrx_word' id='word_1_290' title='bbox 274 2611 454 2655; x_wconf 87' lang='lat' dir='ltr'><strong>tarum</strong></span> <span class='ocrx_word' id='word_1_291' title='bbox 479 2617 662 2657; x_wconf 88' lang='lat' dir='ltr'><strong>rerum</strong></span> <span class='ocrx_word' id='word_1_292' title='bbox 689 2600 872 2658; x_wconf 78' lang='lat' dir='ltr'><strong>elﬁcit.</strong></span> <span class='ocrx_word' id='word_1_293' title='bbox 909 2601 1154 2658; x_wconf 88' lang='lat' dir='ltr'><strong>Talentis</strong></span> <span class='ocrx_word' id='word_1_294' title='bbox 1187 2602 1374 2657; x_wconf 89' lang='lat' dir='ltr'><strong>decem</strong></span> <span class='ocrx_word' id='word_1_295' title='bbox 1412 2602 1600 2657; x_wconf 89' lang='lat' dir='ltr'><strong>decem</strong></span> <span class='ocrx_word' id='word_1_296' title='bbox 1624 2603 1731 2656; x_wconf 88' lang='lat' dir='ltr'><strong>alia</strong></span> <span class='ocrx_word' id='word_1_297' title='bbox 1761 2602 1858 2655; x_wconf 85' lang='lat' dir='ltr'><strong>ad-</strong></span> 
     </span>
    </p>
   </div>
   <div class='ocr_carea' id='block_1_44' title="bbox 271 2692 1858 2764">
    <p class='ocr_par' dir='ltr' id='par_1_44' title="bbox 271 2692 1858 2764">
     <span class='ocr_line' id='line_1_44' title="bbox 271 2692 1858 2764; baseline 0.002 -18"><span class='ocrx_word' id='word_1_298' title='bbox 271 2692 443 2764; x_wconf 83' lang='lat' dir='ltr'><strong>jicere</strong></span> <span class='ocrx_word' id='word_1_299' title='bbox 481 2694 702 2749; x_wconf 84' lang='lat' dir='ltr'><strong>conaris</strong></span> <span class='ocrx_word' id='word_1_300' title='bbox 731 2713 745 2748; x_wconf 90' lang='lat'><strong>:</strong></span> <span class='ocrx_word' id='word_1_301' title='bbox 776 2693 968 2764; x_wconf 80' lang='lat' dir='ltr'><strong>viginti</strong></span> <span class='ocrx_word' id='word_1_302' title='bbox 994 2693 1225 2757; x_wconf 82' lang='lat' dir='ltr'><strong>coactis,</strong></span> <span class='ocrx_word' id='word_1_303' title='bbox 1255 2693 1483 2748; x_wconf 89' lang='lat' dir='ltr'><strong>totidem</strong></span> <span class='ocrx_word' id='word_1_304' title='bbox 1508 2694 1731 2764; x_wconf 70' lang='lat' dir='ltr'><strong>qureris,</strong></span> <span class='ocrx_word' id='word_1_305' title='bbox 1762 2709 1858 2748; x_wconf 87' lang='lat' dir='ltr'><strong>ne—</strong></span> 
     </span>
    </p>
   </div>
   <div class='ocr_carea' id='block_1_45' title="bbox 274 2786 1852 2856">
    <p class='ocr_par' dir='ltr' id='par_1_45' title="bbox 274 2786 1852 2856">
     <span class='ocr_line' id='line_1_45' title="bbox 274 2786 1852 2856; baseline -0.002 -16"><span class='ocrx_word' id='word_1_306' title='bbox 274 2802 383 2855; x_wconf 86' lang='lat' dir='ltr'><strong>que</strong></span> <span class='ocrx_word' id='word_1_307' title='bbox 410 2786 775 2855; x_wconf 88' lang='lat' dir='ltr'><strong>appetentiam</strong></span> <span class='ocrx_word' id='word_1_308' title='bbox 804 2787 949 2842; x_wconf 86' lang='lat' dir='ltr'><strong>sistit</strong></span> <span class='ocrx_word' id='word_1_309' title='bbox 991 2786 1139 2856; x_wconf 90' lang='lat' dir='ltr'><strong>quod</strong></span> <span class='ocrx_word' id='word_1_310' title='bbox 1177 2801 1392 2855; x_wconf 86' lang='lat' dir='ltr'><strong>semper</strong></span> <span class='ocrx_word' id='word_1_311' title='bbox 1423 2800 1452 2838; x_wconf 91' lang='lat' dir='ltr'><strong>a</strong></span> <span class='ocrx_word' id='word_1_312' title='bbox 1504 2794 1555 2840; x_wconf 90' lang='lat' dir='ltr'><strong>te</strong></span> <span class='ocrx_word' id='word_1_313' title='bbox 1593 2786 1814 2840; x_wconf 83' lang='lat' dir='ltr'><strong>additur</strong></span> <span class='ocrx_word' id='word_1_314' title='bbox 1837 2824 1852 2847; x_wconf 95' lang='lat'><strong>,</strong></span> 
     </span>
    </p>
   </div>
   <div class='ocr_carea' id='block_1_46' title="bbox 275 2876 1856 2947">
    <p class='ocr_par' dir='ltr' id='par_1_46' title="bbox 275 2876 1856 2947">
     <span class='ocr_line' id='line_1_46' title="bbox 275 2876 1856 2947; baseline -0.001 -16"><span class='ocrx_word' id='word_1_315' title='bbox 275 2881 387 2932; x_wconf 89' lang='lat' dir='ltr'><strong>imo</strong></span> <span class='ocrx_word' id='word_1_316' title='bbox 410 2877 660 2931; x_wconf 91' lang='lat' dir='ltr'><strong>accendit</strong></span> <span class='ocrx_word' id='word_1_317' title='bbox 685 2878 1004 2947; x_wconf 86' lang='lat' dir='ltr'><strong>appetitum.</strong></span> <span class='ocrx_word' id='word_1_318' title='bbox 1024 2876 1497 2944; x_wconf 87' lang='lat' dir='ltr'><strong>Quemadmodum</strong></span> <span class='ocrx_word' id='word_1_319' title='bbox 1517 2878 1664 2931; x_wconf 90' lang='lat' dir='ltr'><strong>enim</strong></span> <span class='ocrx_word' id='word_1_320' title='bbox 1687 2876 1856 2930; x_wconf 86' lang='lat' dir='ltr'><strong>ebriis</strong></span> 
     </span>
    </p>
   </div>
   <div class='ocr_carea' id='block_1_47' title="bbox 274 2969 1857 3025">
    <p class='ocr_par' dir='ltr' id='par_1_47' title="bbox 274 2969 1857 3025">
     <span class='ocr_line' id='line_1_47' title="bbox 274 2969 1857 3025; baseline 0.001 -3"><span class='ocrx_word' id='word_1_321' title='bbox 274 2970 388 3023; x_wconf 84' lang='lat' dir='ltr'><strong>vini</strong></span> <span class='ocrx_word' id='word_1_322' title='bbox 423 2969 667 3023; x_wconf 80' lang='lat' dir='ltr'><strong>accessio</strong></span> <span class='ocrx_word' id='word_1_323' title='bbox 696 2969 917 3024; x_wconf 87' lang='lat' dir='ltr'><strong>bibendi</strong></span> <span class='ocrx_word' id='word_1_324' title='bbox 949 2971 1007 3023; x_wconf 92' lang='lat' dir='ltr'><strong>llt</strong></span> <span class='ocrx_word' id='word_1_325' title='bbox 1039 2970 1259 3025; x_wconf 89' lang='lat' dir='ltr'><strong>occasio</strong></span> <span class='ocrx_word' id='word_1_326' title='bbox 1287 2988 1299 3024; x_wconf 91' lang='lat'><strong>:</strong></span> <span class='ocrx_word' id='word_1_327' title='bbox 1346 2970 1427 3024; x_wconf 91' lang='lat' dir='ltr'><strong>sic</strong></span> <span class='ocrx_word' id='word_1_328' title='bbox 1466 2969 1629 3022; x_wconf 89' lang='lat' dir='ltr'><strong>etiam</strong></span> <span class='ocrx_word' id='word_1_329' title='bbox 1666 2984 1857 3023; x_wconf 67' lang='lat' dir='ltr'><strong>ret-ens</strong></span> 
     </span>
    </p>
   </div>
   <div class='ocr_carea' id='block_1_48' title="bbox 1957 1878 3539 1952">
    <p class='ocr_par' dir='ltr' id='par_1_48' title="bbox 1957 1878 3539 1952">
     <span class='ocr_line' id='line_1_48' title="bbox 1957 1878 3539 1952; baseline -0.003 -19"><span class='ocrx_word' id='word_1_330' title='bbox 1957 1882 2135 1951; x_wconf 87' lang='grc' dir='ltr'>μένεις</span> <span class='ocrx_word' id='word_1_331' title='bbox 2159 1881 2438 1952; x_wconf 79' lang='grc' dir='ltr'>ἄπρακτον</span> <span class='ocrx_word' id='word_1_332' title='bbox 2458 1879 2784 1950; x_wconf 61' lang='grc' dir='ltr'>ἀποπέμψαι</span> <span class='ocrx_word' id='word_1_333' title='bbox 2815 1880 2906 1932; x_wconf 82' lang='grc' dir='ltr'><strong>τὸν</strong></span> <span class='ocrx_word' id='word_1_334' title='bbox 2935 1880 3162 1949; x_wconf 85' lang='grc' dir='ltr'>πένητα,</span> <span class='ocrx_word' id='word_1_335' title='bbox 3186 1878 3245 1931; x_wconf 76' lang='grc' dir='ltr'>οὗ</span> <span class='ocrx_word' id='word_1_336' title='bbox 3271 1878 3539 1948; x_wconf 75' lang='grc' dir='ltr'>φοϐούμε-</span> 
     </span>
    </p>
   </div>
   <div class='ocr_carea' id='block_1_49' title="bbox 1954 1969 3540 2042">
    <p class='ocr_par' dir='ltr' id='par_1_49' title="bbox 1954 1969 3540 2042">
     <span class='ocr_line' id='line_1_49' title="bbox 1954 1969 3540 2042; baseline -0.003 -17"><span class='ocrx_word' id='word_1_337' title='bbox 1954 1988 2043 2035; x_wconf 91' lang='grc' dir='ltr'><strong>νος</strong></span> <span class='ocrx_word' id='word_1_338' title='bbox 2086 1971 2147 2023; x_wconf 86' lang='grc' dir='ltr'><strong>τὸ</strong></span> <span class='ocrx_word' id='word_1_339' title='bbox 2195 1971 2400 2024; x_wconf 88' lang='grc' dir='ltr'>δίκαιον</span> <span class='ocrx_word' id='word_1_340' title='bbox 2437 1969 2537 2038; x_wconf 76' lang='grc' dir='ltr'><strong>τῆς</strong></span> <span class='ocrx_word' id='word_1_341' title='bbox 2585 1969 2993 2032; x_wconf 78' lang='grc' dir='ltr'>ἀνταποδόσεως</span> <span class='ocrx_word' id='word_1_342' title='bbox 3033 1969 3129 2023; x_wconf 90' lang='grc' dir='ltr'><strong>τοῦ</strong></span> <span class='ocrx_word' id='word_1_343' title='bbox 3164 1970 3374 2042; x_wconf 79' lang='grc' dir='ltr'>κριτοῦ.</span> <span class='ocrx_word' id='word_1_344' title='bbox 3426 1971 3540 2022; x_wconf 66' lang='grc' dir='ltr'>Οὐκ</span> 
     </span>
    </p>
   </div>
   <div class='ocr_carea' id='block_1_50' title="bbox 1955 2058 3537 2131">
    <p class='ocr_par' dir='ltr' id='par_1_50' title="bbox 1955 2058 3537 2131">
     <span class='ocr_line' id='line_1_50' title="bbox 1955 2058 3537 2131; baseline 0.002 -21"><span class='ocrx_word' id='word_1_345' title='bbox 1955 2058 2212 2131; x_wconf 70' lang='grc' dir='ltr'>ἡλέησας,</span> <span class='ocrx_word' id='word_1_346' title='bbox 2234 2060 2334 2113; x_wconf 79' lang='grc' dir='ltr'><strong>οὐκ</strong></span> <span class='ocrx_word' id='word_1_347' title='bbox 2363 2058 2632 2131; x_wconf 79' lang='grc' dir='ltr'>ἐλεηθήσῃ</span> <span class='ocrx_word' id='word_1_348' title='bbox 2657 2074 2669 2086; x_wconf 85' lang='grc'><em>’</em></span> <span class='ocrx_word' id='word_1_349' title='bbox 2705 2059 2805 2111; x_wconf 78' lang='grc' dir='ltr'><strong>οὐκ</strong></span> <span class='ocrx_word' id='word_1_350' title='bbox 2833 2058 3049 2129; x_wconf 76' lang='grc' dir='ltr'>ἦνοιξας</span> <span class='ocrx_word' id='word_1_351' title='bbox 3075 2059 3173 2130; x_wconf 80' lang='grc' dir='ltr'>τὴν</span> <span class='ocrx_word' id='word_1_352' title='bbox 3206 2060 3383 2114; x_wconf 81' lang='grc' dir='ltr'>οἰκίαν</span> <span class='ocrx_word' id='word_1_353' title='bbox 3404 2060 3537 2131; x_wconf 71' lang='grc'><strong>(12).</strong></span> 
     </span>
    </p>
   </div>
   <div class='ocr_carea' id='block_1_51' title="bbox 1955 2146 3536 2219">
    <p class='ocr_par' dir='ltr' id='par_1_51' title="bbox 1955 2146 3536 2219">
     <span class='ocr_line' id='line_1_51' title="bbox 1955 2146 3536 2219; baseline 0.002 -18"><span class='ocrx_word' id='word_1_354' title='bbox 1955 2147 2364 2218; x_wconf 77' lang='grc' dir='ltr'>ἁποπεμφθήσῃ</span> <span class='ocrx_word' id='word_1_355' title='bbox 2401 2146 2501 2217; x_wconf 81' lang='grc' dir='ltr'>τῆς</span> <span class='ocrx_word' id='word_1_356' title='bbox 2532 2146 2804 2216; x_wconf 83' lang='grc' dir='ltr'>βασιλείας</span> <span class='ocrx_word' id='word_1_357' title='bbox 2826 2163 2840 2177; x_wconf 75' lang='grc' dir='ltr'><strong><em>ο</em></strong></span> <span class='ocrx_word' id='word_1_358' title='bbox 2869 2147 2968 2201; x_wconf 79' lang='grc' dir='ltr'><strong>οὐκ</strong></span> <span class='ocrx_word' id='word_1_359' title='bbox 2997 2146 3203 2212; x_wconf 74' lang='grc' dir='ltr'>ἔδωκας</span> <span class='ocrx_word' id='word_1_360' title='bbox 3231 2147 3324 2203; x_wconf 80' lang='grc' dir='ltr'><strong>τὸν</strong></span> <span class='ocrx_word' id='word_1_361' title='bbox 3352 2149 3536 2219; x_wconf 83' lang='grc' dir='ltr'>ἄρτον,</span> 
     </span>
    </p>
   </div>
   <div class='ocr_carea' id='block_1_52' title="bbox 1961 2236 2765 2312">
    <p class='ocr_par' dir='ltr' id='par_1_52' title="bbox 1961 2236 2765 2312">
     <span class='ocr_line' id='line_1_52' title="bbox 1961 2236 2765 2312; baseline 0.001 -21"><span class='ocrx_word' id='word_1_362' title='bbox 1961 2239 2022 2291; x_wconf 80' lang='grc' dir='ltr'><strong>οὐ</strong></span> <span class='ocrx_word' id='word_1_363' title='bbox 2058 2239 2203 2312; x_wconf 67' lang='grc' dir='ltr'><strong>λήψῃ</strong></span> <span class='ocrx_word' id='word_1_364' title='bbox 2238 2240 2336 2310; x_wconf 79' lang='grc' dir='ltr'>τὴν</span> <span class='ocrx_word' id='word_1_365' title='bbox 2365 2236 2579 2293; x_wconf 86' lang='grc' dir='ltr'>αἰώνιον</span> <span class='ocrx_word' id='word_1_366' title='bbox 2599 2237 2765 2310; x_wconf 79' lang='grc' dir='ltr'>ζωήν.</span> 
     </span>
    </p>
   </div>
   <div class='ocr_carea' id='block_1_53' title="bbox 2026 2328 3535 2402">
    <p class='ocr_par' dir='ltr' id='par_1_53' title="bbox 2026 2328 3535 2402">
     <span class='ocr_line' id='line_1_53' title="bbox 2026 2328 3535 2402; baseline 0.001 -19"><span class='ocrx_word' id='word_1_367' title='bbox 2026 2329 2080 2383; x_wconf 77' lang='lat'><strong>5.</strong></span> <span class='ocrx_word' id='word_1_368' title='bbox 2124 2328 2284 2382; x_wconf 86' lang='grc' dir='ltr'>Ἀλλά</span> <span class='ocrx_word' id='word_1_369' title='bbox 2311 2328 2519 2402; x_wconf 84' lang='grc' dir='ltr'>πένητα</span> <span class='ocrx_word' id='word_1_370' title='bbox 2546 2329 2724 2398; x_wconf 81' lang='grc' dir='ltr'>λέγεις</span> <span class='ocrx_word' id='word_1_371' title='bbox 2747 2328 2973 2383; x_wconf 84' lang='grc' dir='ltr'>σαυτόν·</span> <span class='ocrx_word' id='word_1_372' title='bbox 3008 2329 3164 2398; x_wconf 80' lang='grc' dir='ltr'>κάγω</span> <span class='ocrx_word' id='word_1_373' title='bbox 3203 2330 3535 2402; x_wconf 84' lang='grc' dir='ltr'>συντίθεμαι.</span> 
     </span>
    </p>
   </div>
   <div class='ocr_carea' id='block_1_54' title="bbox 1956 2420 3541 2493">
    <p class='ocr_par' dir='ltr' id='par_1_54' title="bbox 1956 2420 3541 2493">
     <span class='ocr_line' id='line_1_54' title="bbox 1956 2420 3541 2493; baseline 0.001 -19"><span class='ocrx_word' id='word_1_374' title='bbox 1956 2420 2135 2491; x_wconf 85' lang='grc' dir='ltr'>Πένης</span> <span class='ocrx_word' id='word_1_375' title='bbox 2173 2422 2281 2491; x_wconf 85' lang='grc' dir='ltr'><strong>γάρ</strong></span> <span class='ocrx_word' id='word_1_376' title='bbox 2304 2423 2448 2474; x_wconf 74' lang='grc' dir='ltr'>ἐστιν</span> <span class='ocrx_word' id='word_1_377' title='bbox 2477 2422 2506 2473; x_wconf 87' lang='grc' dir='ltr'><strong>ὁ</strong></span> <span class='ocrx_word' id='word_1_378' title='bbox 2540 2420 2750 2474; x_wconf 82' lang='grc' dir='ltr'>πολλῶν</span> <span class='ocrx_word' id='word_1_379' title='bbox 2797 2421 2981 2492; x_wconf 78' lang='grc' dir='ltr'>ἐνδεής</span> <span class='ocrx_word' id='word_1_380' title='bbox 3044 2422 3262 2475; x_wconf 73' lang='grc' dir='ltr'>Πολλῶν</span> <span class='ocrx_word' id='word_1_381' title='bbox 3299 2422 3357 2475; x_wconf 81' lang='grc' dir='ltr'>δὲ</span> <span class='ocrx_word' id='word_1_382' title='bbox 3399 2424 3541 2493; x_wconf 77' lang='grc' dir='ltr'>ὑμᾶς</span> 
     </span>
    </p>
   </div>
   <div class='ocr_carea' id='block_1_55' title="bbox 1957 2512 3542 2586">
    <p class='ocr_par' dir='ltr' id='par_1_55' title="bbox 1957 2512 3542 2586">
     <span class='ocr_line' id='line_1_55' title="bbox 1957 2512 3542 2586; baseline 0.003 -21"><span class='ocrx_word' id='word_1_383' title='bbox 1957 2513 2158 2576; x_wconf 78' lang='grc' dir='ltr'>ἐνδεεῖς</span> <span class='ocrx_word' id='word_1_384' title='bbox 2192 2516 2337 2566; x_wconf 87' lang='grc' dir='ltr'>ποιεῖ</span> <span class='ocrx_word' id='word_1_385' title='bbox 2361 2513 2422 2566; x_wconf 82' lang='grc' dir='ltr'>τὺ</span> <span class='ocrx_word' id='word_1_386' title='bbox 2446 2513 2546 2583; x_wconf 77' lang='grc' dir='ltr'>τῆς</span> <span class='ocrx_word' id='word_1_387' title='bbox 2584 2512 2878 2585; x_wconf 79' lang='grc' dir='ltr'>ἐπιθυμίας</span> <span class='ocrx_word' id='word_1_388' title='bbox 2910 2513 3227 2586; x_wconf 89' lang='grc' dir='ltr'>ἀκόρεστον.</span> <span class='ocrx_word' id='word_1_389' title='bbox 3259 2516 3382 2579; x_wconf 87' lang='grc' dir='ltr'>Τοῖς</span> <span class='ocrx_word' id='word_1_390' title='bbox 3408 2515 3542 2569; x_wconf 80' lang='grc' dir='ltr'>δέκα</span> 
     </span>
    </p>
   </div>
   <div class='ocr_carea' id='block_1_56' title="bbox 1956 2605 3537 2679">
    <p class='ocr_par' dir='ltr' id='par_1_56' title="bbox 1956 2605 3537 2679">
     <span class='ocr_line' id='line_1_56' title="bbox 1956 2605 3537 2679; baseline 0.001 -20"><span class='ocrx_word' id='word_1_391' title='bbox 1956 2606 2241 2670; x_wconf 84' lang='grc' dir='ltr'>ταλάντοις</span> <span class='ocrx_word' id='word_1_392' title='bbox 2286 2606 2418 2659; x_wconf 83' lang='grc' dir='ltr'>δέκα</span> <span class='ocrx_word' id='word_1_393' title='bbox 2455 2605 2618 2679; x_wconf 69' lang='grc' dir='ltr'>ἕτερα</span> <span class='ocrx_word' id='word_1_394' title='bbox 2654 2606 3004 2679; x_wconf 82' lang='grc' dir='ltr'>προστιθέναι</span> <span class='ocrx_word' id='word_1_395' title='bbox 3044 2607 3363 2672; x_wconf 74' lang='grc' dir='ltr'>σπουδάζεις</span> <span class='ocrx_word' id='word_1_396' title='bbox 3390 2606 3502 2678; x_wconf 77' lang='grc'><strong>(15)</strong></span> <span class='ocrx_word' id='word_1_397' title='bbox 3524 2624 3537 2638; x_wconf 79' lang='grc'><strong>⁸</strong></span> 
     </span>
    </p>
   </div>
   <div class='ocr_carea' id='block_1_57' title="bbox 1958 2696 3542 2770">
    <p class='ocr_par' dir='ltr' id='par_1_57' title="bbox 1958 2696 3542 2770">
     <span class='ocr_line' id='line_1_57' title="bbox 1958 2696 3542 2770; baseline -0.001 -19"><span class='ocrx_word' id='word_1_398' title='bbox 1958 2699 2183 2752; x_wconf 68' lang='grc' dir='ltr'>ἐπειδὰν</span> <span class='ocrx_word' id='word_1_399' title='bbox 2221 2698 2394 2752; x_wconf 78' lang='grc' dir='ltr'>εἴκοσι</span> <span class='ocrx_word' id='word_1_400' title='bbox 2420 2700 2669 2770; x_wconf 85' lang='grc' dir='ltr'>γένηται,</span> <span class='ocrx_word' id='word_1_401' title='bbox 2699 2698 2833 2754; x_wconf 79' lang='grc' dir='ltr'>ἄλλα</span> <span class='ocrx_word' id='word_1_402' title='bbox 2864 2696 3102 2752; x_wconf 79' lang='grc' dir='ltr'>τοσαῦτα</span> <span class='ocrx_word' id='word_1_403' title='bbox 3130 2698 3425 2767; x_wconf 76' lang='grc' dir='ltr'>ἐπιζητεῖς,</span> <span class='ocrx_word' id='word_1_404' title='bbox 3449 2700 3542 2750; x_wconf 83' lang='grc' dir='ltr'><strong>καὶ</strong></span> 
     </span>
    </p>
   </div>
   <div class='ocr_carea' id='block_1_58' title="bbox 1956 2791 3536 2864">
    <p class='ocr_par' dir='ltr' id='par_1_58' title="bbox 1956 2791 3536 2864">
     <span class='ocr_line' id='line_1_58' title="bbox 1956 2791 3536 2864; baseline -0.001 -20"><span class='ocrx_word' id='word_1_405' title='bbox 1956 2792 2041 2845; x_wconf 87' lang='grc' dir='ltr'><strong>ἀεί</strong></span> <span class='ocrx_word' id='word_1_406' title='bbox 2079 2810 2159 2845; x_wconf 90' lang='grc' dir='ltr'><strong>σοι</strong></span> <span class='ocrx_word' id='word_1_407' title='bbox 2206 2792 2266 2845; x_wconf 83' lang='grc' dir='ltr'><strong>τὸ</strong></span> <span class='ocrx_word' id='word_1_408' title='bbox 2313 2792 2756 2864; x_wconf 82' lang='grc' dir='ltr'>προστιθέμενον,</span> <span class='ocrx_word' id='word_1_409' title='bbox 2797 2793 2913 2862; x_wconf 76' lang='grc' dir='ltr'>οὐχὶ</span> <span class='ocrx_word' id='word_1_410' title='bbox 2958 2792 3056 2863; x_wconf 84' lang='grc' dir='ltr'><strong>τὴν</strong></span> <span class='ocrx_word' id='word_1_411' title='bbox 3094 2791 3269 2863; x_wconf 79' lang='grc' dir='ltr'>ὁρμὴν</span> <span class='ocrx_word' id='word_1_412' title='bbox 3304 2792 3536 2861; x_wconf 63' lang='grc' dir='ltr'>ἵστησιν,</span> 
     </span>
    </p>
   </div>
   <div class='ocr_carea' id='block_1_59' title="bbox 1954 2882 3539 2954">
    <p class='ocr_par' dir='ltr' id='par_1_59' title="bbox 1954 2882 3539 2954">
     <span class='ocr_line' id='line_1_59' title="bbox 1954 2882 3539 2954; baseline -0.001 -18"><span class='ocrx_word' id='word_1_413' title='bbox 1954 2882 2070 2936; x_wconf 80' lang='grc' dir='ltr'>ἀλλ’</span> <span class='ocrx_word' id='word_1_414' title='bbox 2094 2883 2387 2952; x_wconf 84' lang='grc' dir='ltr'>ἁναφλέγει</span> <span class='ocrx_word' id='word_1_415' title='bbox 2418 2883 2515 2954; x_wconf 78' lang='grc' dir='ltr'><strong>τὴν</strong></span> <span class='ocrx_word' id='word_1_416' title='bbox 2540 2883 2736 2952; x_wconf 75' lang='grc' dir='ltr'>ὄρεξιν.</span> <span class='ocrx_word' id='word_1_417' title='bbox 2770 2885 2978 2954; x_wconf 84' lang='grc' dir='ltr'>Ὥσπερ</span> <span class='ocrx_word' id='word_1_418' title='bbox 3017 2883 3126 2953; x_wconf 76' lang='grc' dir='ltr'><strong>γάρ</strong></span> <span class='ocrx_word' id='word_1_419' title='bbox 3165 2885 3278 2945; x_wconf 85' lang='grc' dir='ltr'>τοῖς</span> <span class='ocrx_word' id='word_1_420' title='bbox 3310 2883 3539 2953; x_wconf 84' lang='grc' dir='ltr'>μεθύου-</span> 
     </span>
    </p>
   </div>
   <div class='ocr_carea' id='block_1_60' title="bbox 1960 2975 3541 3048">
    <p class='ocr_par' dir='ltr' id='par_1_60' title="bbox 1960 2975 3541 3048">
     <span class='ocr_line' id='line_1_60' title="bbox 1960 2975 3541 3048; baseline -0.001 -21"><span class='ocrx_word' id='word_1_421' title='bbox 1960 2992 2043 3028; x_wconf 87' lang='grc' dir='ltr'><strong>σιν</strong></span> <span class='ocrx_word' id='word_1_422' title='bbox 2067 2975 2289 3048; x_wconf 81' lang='grc' dir='ltr'>άφορμὴ</span> <span class='ocrx_word' id='word_1_423' title='bbox 2312 2976 2404 3029; x_wconf 86' lang='grc' dir='ltr'><strong>τοῦ</strong></span> <span class='ocrx_word' id='word_1_424' title='bbox 2435 2976 2609 3029; x_wconf 88' lang='grc' dir='ltr'>πίνειν</span> <span class='ocrx_word' id='word_1_425' title='bbox 2637 2978 2672 3042; x_wconf 82' lang='grc' dir='ltr'><strong>ἡ</strong></span> <span class='ocrx_word' id='word_1_426' title='bbox 2712 2976 2995 3047; x_wconf 81' lang='grc' dir='ltr'>προσθήκη</span> <span class='ocrx_word' id='word_1_427' title='bbox 3024 2975 3118 3029; x_wconf 89' lang='grc' dir='ltr'><strong>τοῦ</strong></span> <span class='ocrx_word' id='word_1_428' title='bbox 3146 2977 3287 3029; x_wconf 80' lang='grc' dir='ltr'>οἴνου</span> <span class='ocrx_word' id='word_1_429' title='bbox 3312 2975 3541 3042; x_wconf 83' lang='grc' dir='ltr'>γίνεται,</span> 
     </span>
    </p>
   </div>
   <div class='ocr_carea' id='block_1_61' title="bbox 276 3059 1857 3160">
    <p class='ocr_par' dir='ltr' id='par_1_61' title="bbox 276 3059 1851 3131">
     <span class='ocr_line' id='line_1_61' title="bbox 276 3059 1851 3131; baseline 0.001 -18"><span class='ocrx_word' id='word_1_430' title='bbox 276 3060 430 3114; x_wconf 89' lang='lat' dir='ltr'><strong>ditati</strong></span> <span class='ocrx_word' id='word_1_431' title='bbox 464 3059 552 3114; x_wconf 90' lang='lat' dir='ltr'><strong>ubi</strong></span> <span class='ocrx_word' id='word_1_432' title='bbox 608 3061 777 3113; x_wconf 89' lang='lat' dir='ltr'><strong>multa</strong></span> <span class='ocrx_word' id='word_1_433' title='bbox 825 3060 1201 3129; x_wconf 89' lang='lat' dir='ltr'><strong>acquisierint,</strong></span> <span class='ocrx_word' id='word_1_434' title='bbox 1227 3061 1381 3129; x_wconf 90' lang='lat' dir='ltr'><strong>plura</strong></span> <span class='ocrx_word' id='word_1_435' title='bbox 1415 3062 1851 3131; x_wconf 86' lang='lat' dir='ltr'><strong>concupiscunt,</strong></span> 
     </span>
    </p>
   </div>
   <div class='ocr_carea' id='block_1_62' title="bbox 1956 3059 3539 3160">
    <p class='ocr_par' dir='ltr' id='par_1_62' title="bbox 1957 3066 3539 3138">
     <span class='ocr_line' id='line_1_62' title="bbox 1957 3066 3539 3138; baseline 0 -17"><span class='ocrx_word' id='word_1_436' title='bbox 1957 3067 2099 3121; x_wconf 75' lang='grc' dir='ltr'>οὕτω</span> <span class='ocrx_word' id='word_1_437' title='bbox 2120 3069 2214 3121; x_wconf 70' lang='grc' dir='ltr'><strong>καὶ</strong></span> <span class='ocrx_word' id='word_1_438' title='bbox 2258 3070 2307 3122; x_wconf 83' lang='grc' dir='ltr'>οἱ</span> <span class='ocrx_word' id='word_1_439' title='bbox 2338 3066 2666 3132; x_wconf 83' lang='grc' dir='ltr'>νεόπλουτοι,</span> <span class='ocrx_word' id='word_1_440' title='bbox 2703 3068 2871 3121; x_wconf 77' lang='grc' dir='ltr'>πολλὰ</span> <span class='ocrx_word' id='word_1_441' title='bbox 2893 3068 3246 3138; x_wconf 83' lang='grc' dir='ltr'>κτησάμενοι,</span> <span class='ocrx_word' id='word_1_442' title='bbox 3280 3066 3539 3121; x_wconf 71' lang='grc' dir='ltr'>πλειόνωι</span> 
     </span>
    </p>
   </div>
   <div class='ocr_carea' id='block_1_63' title="bbox 278 3147 1852 3222">
    <p class='ocr_par' dir='ltr' id='par_1_63' title="bbox 278 3147 1852 3222">
     <span class='ocr_line' id='line_1_63' title="bbox 278 3147 1852 3222; baseline 0.003 -23"><span class='ocrx_word' id='word_1_443' title='bbox 278 3163 494 3216; x_wconf 86' lang='lat' dir='ltr'><strong>semper</strong></span> <span class='ocrx_word' id='word_1_444' title='bbox 522 3147 772 3203; x_wconf 88' lang='lat' dir='ltr'><strong>addendo</strong></span> <span class='ocrx_word' id='word_1_445' title='bbox 798 3151 1051 3204; x_wconf 76' lang='lat' dir='ltr'><strong>morbum</strong></span> <span class='ocrx_word' id='word_1_446' title='bbox 1092 3151 1397 3205; x_wconf 80' lang='lat' dir='ltr'><strong>nutrientes</strong></span> <span class='ocrx_word' id='word_1_447' title='bbox 1417 3192 1429 3211; x_wconf 88' lang='lat'><strong><em>.</em></strong></span> <span class='ocrx_word' id='word_1_448' title='bbox 1468 3152 1655 3222; x_wconf 86' lang='lat' dir='ltr'><strong>eisque</strong></span> <span class='ocrx_word' id='word_1_449' title='bbox 1693 3167 1852 3207; x_wconf 91' lang='lat' dir='ltr'><strong>suum</strong></span> 
     </span>
    </p>
   </div>
   <div class='ocr_carea' id='block_1_64' title="bbox 280 3238 1854 3311">
    <p class='ocr_par' dir='ltr' id='par_1_64' title="bbox 280 3238 1854 3311">
     <span class='ocr_line' id='line_1_64' title="bbox 280 3238 1854 3311; baseline 0.004 -20"><span class='ocrx_word' id='word_1_450' title='bbox 280 3238 520 3291; x_wconf 86' lang='lat' dir='ltr'><strong>studium</strong></span> <span class='ocrx_word' id='word_1_451' title='bbox 550 3238 696 3293; x_wconf 88' lang='lat' dir='ltr'><strong>cedit</strong></span> <span class='ocrx_word' id='word_1_452' title='bbox 728 3240 784 3294; x_wconf 92' lang='lat' dir='ltr'><strong>in</strong></span> <span class='ocrx_word' id='word_1_453' title='bbox 814 3241 1173 3296; x_wconf 88' lang='lat' dir='ltr'><strong>contrarium.</strong></span> <span class='ocrx_word' id='word_1_454' title='bbox 1214 3238 1400 3311; x_wconf 88' lang='lat' dir='ltr'><strong>Neque</strong></span> <span class='ocrx_word' id='word_1_455' title='bbox 1437 3242 1581 3296; x_wconf 90' lang='lat' dir='ltr'><strong>enim</strong></span> <span class='ocrx_word' id='word_1_456' title='bbox 1613 3258 1854 3311; x_wconf 61' lang='lat' dir='ltr'><strong>praesen-</strong></span> 
     </span>
    </p>
   </div>
   <div class='ocr_carea' id='block_1_65' title="bbox 277 3329 1854 3397">
    <p class='ocr_par' dir='ltr' id='par_1_65' title="bbox 277 3329 1854 3397">
     <span class='ocr_line' id='line_1_65' title="bbox 277 3329 1854 3397; baseline 0.003 -16"><span class='ocrx_word' id='word_1_457' title='bbox 277 3330 353 3381; x_wconf 88' lang='lat' dir='ltr'><strong>tia</strong></span> <span class='ocrx_word' id='word_1_458' title='bbox 382 3329 521 3382; x_wconf 86' lang='lat' dir='ltr'><strong>bona</strong></span> <span class='ocrx_word' id='word_1_459' title='bbox 551 3344 675 3382; x_wconf 91' lang='lat' dir='ltr'><strong>cum</strong></span> <span class='ocrx_word' id='word_1_460' title='bbox 724 3338 874 3383; x_wconf 89' lang='lat' dir='ltr'><strong>tanta</strong></span> <span class='ocrx_word' id='word_1_461' title='bbox 906 3332 1034 3392; x_wconf 87' lang='lat' dir='ltr'><strong>sint,</strong></span> <span class='ocrx_word' id='word_1_462' title='bbox 1072 3338 1284 3386; x_wconf 91' lang='lat' dir='ltr'><strong>tantum</strong></span> <span class='ocrx_word' id='word_1_463' title='bbox 1328 3332 1452 3387; x_wconf 91' lang='lat' dir='ltr'><strong>illos</strong></span> <span class='ocrx_word' id='word_1_464' title='bbox 1507 3333 1814 3386; x_wconf 78' lang='lat' dir='ltr'><strong>exhilarant</strong></span> <span class='ocrx_word' id='word_1_465' title='bbox 1839 3372 1854 3397; x_wconf 95' lang='lat'><strong>,</strong></span> 
     </span>
    </p>
   </div>
   <div class='ocr_carea' id='block_1_66' title="bbox 279 3420 1857 3492">
    <p class='ocr_par' dir='ltr' id='par_1_66' title="bbox 279 3420 1857 3492">
     <span class='ocr_line' id='line_1_66' title="bbox 279 3420 1857 3492; baseline 0.003 -21"><span class='ocrx_word' id='word_1_466' title='bbox 279 3426 543 3488; x_wconf 86' lang='lat' dir='ltr'><strong>quantum</strong></span> <span class='ocrx_word' id='word_1_467' title='bbox 573 3420 901 3475; x_wconf 87' lang='lat' dir='ltr'><strong>contristant</strong></span> <span class='ocrx_word' id='word_1_468' title='bbox 928 3437 1049 3490; x_wconf 66' lang='lat' dir='ltr'><strong>qua:</strong></span> <span class='ocrx_word' id='word_1_469' title='bbox 1076 3422 1306 3490; x_wconf 89' lang='lat' dir='ltr'><strong>desunt;</strong></span> <span class='ocrx_word' id='word_1_470' title='bbox 1338 3438 1420 3487; x_wconf 90' lang='lat' dir='ltr'><strong>ea,</strong></span> <span class='ocrx_word' id='word_1_471' title='bbox 1463 3423 1709 3492; x_wconf 88' lang='lat' dir='ltr'><strong>inquam,</strong></span> <span class='ocrx_word' id='word_1_472' title='bbox 1737 3437 1857 3492; x_wconf 68' lang='lat' dir='ltr'><strong>qua:</strong></span> 
     </span>
    </p>
   </div>
   <div class='ocr_carea' id='block_1_67' title="bbox 279 3510 1859 3585">
    <p class='ocr_par' dir='ltr' id='par_1_67' title="bbox 279 3510 1859 3585">
     <span class='ocr_line' id='line_1_67' title="bbox 279 3510 1859 3585; baseline 0.002 -19"><span class='ocrx_word' id='word_1_473' title='bbox 279 3512 385 3566; x_wconf 86' lang='lat' dir='ltr'><strong>sibi</strong></span> <span class='ocrx_word' id='word_1_474' title='bbox 420 3510 612 3566; x_wconf 88' lang='lat' dir='ltr'><strong>deesse</strong></span> <span class='ocrx_word' id='word_1_475' title='bbox 650 3519 877 3583; x_wconf 88' lang='lat' dir='ltr'><strong>putant,</strong></span> <span class='ocrx_word' id='word_1_476' title='bbox 913 3513 1049 3570; x_wconf 83' lang='lat' dir='ltr'><strong>adeo</strong></span> <span class='ocrx_word' id='word_1_477' title='bbox 1077 3521 1135 3568; x_wconf 92' lang='lat' dir='ltr'><strong>ut</strong></span> <span class='ocrx_word' id='word_1_478' title='bbox 1170 3530 1386 3585; x_wconf 77' lang='lat' dir='ltr'><strong>semper</strong></span> <span class='ocrx_word' id='word_1_479' title='bbox 1415 3515 1567 3570; x_wconf 89' lang='lat' dir='ltr'><strong>curis</strong></span> <span class='ocrx_word' id='word_1_480' title='bbox 1597 3514 1859 3569; x_wconf 83' lang='lat' dir='ltr'><strong>conﬁcia-</strong></span> 
     </span>
    </p>
   </div>
   <div class='ocr_carea' id='block_1_68' title="bbox 278 3604 1856 3677">
    <p class='ocr_par' dir='ltr' id='par_1_68' title="bbox 278 3604 1856 3677">
     <span class='ocr_line' id='line_1_68' title="bbox 278 3604 1856 3677; baseline 0.001 -22"><span class='ocrx_word' id='word_1_481' title='bbox 278 3611 371 3656; x_wconf 84' lang='lat' dir='ltr'><strong>tur</strong></span> <span class='ocrx_word' id='word_1_482' title='bbox 395 3617 586 3657; x_wconf 89' lang='lat' dir='ltr'><strong>eorum</strong></span> <span class='ocrx_word' id='word_1_483' title='bbox 621 3604 862 3668; x_wconf 82' lang='lat' dir='ltr'><strong>animus,</strong></span> <span class='ocrx_word' id='word_1_484' title='bbox 893 3605 1024 3659; x_wconf 90' lang='lat' dir='ltr'><strong>dum</strong></span> <span class='ocrx_word' id='word_1_485' title='bbox 1069 3606 1280 3675; x_wconf 82' lang='lat' dir='ltr'><strong>majora</strong></span> <span class='ocrx_word' id='word_1_486' title='bbox 1311 3621 1634 3677; x_wconf 88' lang='lat' dir='ltr'><strong>comparare</strong></span> <span class='ocrx_word' id='word_1_487' title='bbox 1665 3608 1856 3661; x_wconf 85' lang='lat' dir='ltr'><strong>nitun-</strong></span> 
     </span>
    </p>
   </div>
   <div class='ocr_carea' id='block_1_69' title="bbox 281 3690 1857 3769">
    <p class='ocr_par' dir='ltr' id='par_1_69' title="bbox 281 3690 1857 3769">
     <span class='ocr_line' id='line_1_69' title="bbox 281 3690 1857 3769; baseline 0.003 -23"><span class='ocrx_word' id='word_1_488' title='bbox 281 3702 392 3746; x_wconf 90' lang='lat' dir='ltr'><strong>tur.</strong></span> <span class='ocrx_word' id='word_1_489' title='bbox 420 3690 555 3745; x_wconf 85' lang='lat' dir='ltr'><strong>Nam</strong></span> <span class='ocrx_word' id='word_1_490' title='bbox 584 3707 709 3748; x_wconf 88' lang='lat' dir='ltr'><strong>cum</strong></span> <span class='ocrx_word' id='word_1_491' title='bbox 745 3694 917 3748; x_wconf 67' lang='lat' dir='ltr'><strong>laatari</strong></span> <span class='ocrx_word' id='word_1_492' title='bbox 951 3694 1099 3761; x_wconf 87' lang='lat' dir='ltr'><strong>ipsos</strong></span> <span class='ocrx_word' id='word_1_493' title='bbox 1154 3712 1253 3766; x_wconf 87' lang='lat' dir='ltr'><strong>par</strong></span> <span class='ocrx_word' id='word_1_494' title='bbox 1300 3706 1444 3752; x_wconf 89' lang='lat' dir='ltr'><strong>esset</strong></span> <span class='ocrx_word' id='word_1_495' title='bbox 1466 3738 1480 3759; x_wconf 87' lang='lat'><strong>,</strong></span> <span class='ocrx_word' id='word_1_496' title='bbox 1535 3714 1598 3751; x_wconf 89' lang='lat' dir='ltr'><strong>ac</strong></span> <span class='ocrx_word' id='word_1_497' title='bbox 1626 3700 1857 3769; x_wconf 84' lang='lat' dir='ltr'><strong>gratiam</strong></span> 
     </span>
    </p>
   </div>
   <div class='ocr_carea' id='block_1_70' title="bbox 281 3781 1859 3857">
    <p class='ocr_par' dir='ltr' id='par_1_70' title="bbox 281 3781 1859 3857">
     <span class='ocr_line' id='line_1_70' title="bbox 281 3781 1859 3857; baseline 0.007 -23"><span class='ocrx_word' id='word_1_498' title='bbox 281 3781 515 3845; x_wconf 87' lang='lat' dir='ltr'><strong>habere,</strong></span> <span class='ocrx_word' id='word_1_499' title='bbox 559 3784 704 3851; x_wconf 89' lang='lat' dir='ltr'><strong>quod</strong></span> <span class='ocrx_word' id='word_1_500' title='bbox 740 3792 851 3838; x_wconf 91' lang='lat' dir='ltr'><strong>tam</strong></span> <span class='ocrx_word' id='word_1_501' title='bbox 894 3786 1081 3842; x_wconf 90' lang='lat' dir='ltr'><strong>multis</strong></span> <span class='ocrx_word' id='word_1_502' title='bbox 1111 3795 1239 3841; x_wconf 89' lang='lat' dir='ltr'><strong>sunt</strong></span> <span class='ocrx_word' id='word_1_503' title='bbox 1271 3789 1678 3857; x_wconf 90' lang='lat' dir='ltr'><strong>opulentiores:</strong></span> <span class='ocrx_word' id='word_1_504' title='bbox 1722 3805 1859 3845; x_wconf 47' lang='lat' dir='ltr'><strong>con’</strong></span> 
     </span>
    </p>
   </div>
   <div class='ocr_carea' id='block_1_71' title="bbox 281 3873 1860 3942">
    <p class='ocr_par' dir='ltr' id='par_1_71' title="bbox 281 3873 1860 3942">
     <span class='ocr_line' id='line_1_71' title="bbox 281 3873 1860 3942; baseline 0.008 -19"><span class='ocrx_word' id='word_1_505' title='bbox 281 3881 388 3935; x_wconf 88' lang='lat' dir='ltr'><strong>tra,</strong></span> <span class='ocrx_word' id='word_1_506' title='bbox 416 3888 558 3942; x_wconf 68' lang='lat' dir='ltr'><strong>aegre</strong></span> <span class='ocrx_word' id='word_1_507' title='bbox 588 3873 772 3928; x_wconf 79' lang='lat' dir='ltr'><strong>ferunt</strong></span> <span class='ocrx_word' id='word_1_508' title='bbox 794 3889 860 3929; x_wconf 86' lang='lat' dir='ltr'><strong>ac</strong></span> <span class='ocrx_word' id='word_1_509' title='bbox 882 3875 1144 3932; x_wconf 82' lang='lat' dir='ltr'><strong>dolentse</strong></span> <span class='ocrx_word' id='word_1_510' title='bbox 1168 3877 1307 3932; x_wconf 83' lang='lat' dir='ltr'><strong>forte</strong></span> <span class='ocrx_word' id='word_1_511' title='bbox 1330 3879 1399 3933; x_wconf 89' lang='lat' dir='ltr'><strong>ab</strong></span> <span class='ocrx_word' id='word_1_512' title='bbox 1431 3895 1542 3934; x_wconf 92' lang='lat' dir='ltr'><strong>uno</strong></span> <span class='ocrx_word' id='word_1_513' title='bbox 1558 3888 1651 3934; x_wconf 89' lang='lat' dir='ltr'><strong>aut</strong></span> <span class='ocrx_word' id='word_1_514' title='bbox 1684 3881 1860 3935; x_wconf 82' lang='lat' dir='ltr'><strong>altero</strong></span> 
     </span>
    </p>
   </div>
   <div class='ocr_carea' id='block_1_72' title="bbox 282 3962 1861 4035">
    <p class='ocr_par' dir='ltr' id='par_1_72' title="bbox 282 3962 1861 4035">
     <span class='ocr_line' id='line_1_72' title="bbox 282 3962 1861 4035; baseline 0.007 -20"><span class='ocrx_word' id='word_1_515' title='bbox 282 3962 637 4032; x_wconf 84' lang='lat' dir='ltr'><strong>locupletiore</strong></span> <span class='ocrx_word' id='word_1_516' title='bbox 667 3967 936 4035; x_wconf 85' lang='lat' dir='ltr'><strong>superari.</strong></span> <span class='ocrx_word' id='word_1_517' title='bbox 987 3965 1088 4022; x_wconf 89' lang='lat' dir='ltr'><strong>Ubi</strong></span> <span class='ocrx_word' id='word_1_518' title='bbox 1131 3984 1260 4024; x_wconf 88' lang='lat' dir='ltr'><strong>vero</strong></span> <span class='ocrx_word' id='word_1_519' title='bbox 1296 3969 1497 4025; x_wconf 84' lang='lat' dir='ltr'><strong>fuerint</strong></span> <span class='ocrx_word' id='word_1_520' title='bbox 1530 3972 1675 4026; x_wconf 91' lang='lat' dir='ltr'><strong>hunc</strong></span> <span class='ocrx_word' id='word_1_521' title='bbox 1723 3970 1861 4026; x_wconf 84' lang='lat' dir='ltr'><strong>divi-</strong></span> 
     </span>
    </p>
   </div>
   <div class='ocr_carea' id='block_1_73' title="bbox 283 4056 1861 4133">
    <p class='ocr_par' dir='ltr' id='par_1_73' title="bbox 283 4056 1861 4133">
     <span class='ocr_line' id='line_1_73' title="bbox 283 4056 1861 4133; baseline 0.008 -27"><span class='ocrx_word' id='word_1_522' title='bbox 283 4066 390 4106; x_wconf 77' lang='lat' dir='ltr'><strong>tem</strong></span> <span class='ocrx_word' id='word_1_523' title='bbox 424 4056 704 4120; x_wconf 88' lang='lat' dir='ltr'><strong>assecuti,</strong></span> <span class='ocrx_word' id='word_1_524' title='bbox 757 4057 1048 4113; x_wconf 80' lang='lat' dir='ltr'><strong>confestim</strong></span> <span class='ocrx_word' id='word_1_525' title='bbox 1082 4059 1267 4115; x_wconf 91' lang='lat' dir='ltr'><strong>ditiori</strong></span> <span class='ocrx_word' id='word_1_526' title='bbox 1317 4063 1496 4117; x_wconf 87' lang='lat' dir='ltr'><strong>adhuc</strong></span> <span class='ocrx_word' id='word_1_527' title='bbox 1544 4062 1651 4133; x_wconf 84' lang='lat'><strong>57</strong></span> <span class='ocrx_word' id='word_1_528' title='bbox 1699 4078 1861 4133; x_wconf 84' lang='lat' dir='ltr'><strong>pares</strong></span> 
     </span>
    </p>
   </div>
   <div class='ocr_carea' id='block_1_74' title="bbox 283 4146 1862 4224">
    <p class='ocr_par' dir='ltr' id='par_1_74' title="bbox 283 4146 1862 4224">
     <span class='ocr_line' id='line_1_74' title="bbox 283 4146 1862 4224; baseline 0.008 -26"><span class='ocrx_word' id='word_1_529' title='bbox 283 4146 400 4199; x_wconf 79' lang='lat' dir='ltr'><strong>ﬁeri</strong></span> <span class='ocrx_word' id='word_1_530' title='bbox 430 4155 701 4202; x_wconf 90' lang='lat' dir='ltr'><strong>conantur</strong></span> <span class='ocrx_word' id='word_1_531' title='bbox 729 4167 743 4203; x_wconf 93' lang='lat'>:</span> <span class='ocrx_word' id='word_1_532' title='bbox 775 4161 828 4203; x_wconf 88' lang='lat' dir='ltr'><strong>et</strong></span> <span class='ocrx_word' id='word_1_533' title='bbox 868 4151 958 4205; x_wconf 88' lang='lat' dir='ltr'><strong>ubi</strong></span> <span class='ocrx_word' id='word_1_534' title='bbox 987 4167 1110 4205; x_wconf 87' lang='lat' dir='ltr'><strong>eum</strong></span> <span class='ocrx_word' id='word_1_535' title='bbox 1151 4167 1371 4223; x_wconf 89' lang='lat' dir='ltr'><strong>quoque</strong></span> <span class='ocrx_word' id='word_1_536' title='bbox 1398 4155 1707 4224; x_wconf 82' lang='lat' dir='ltr'><strong>attigerint,</strong></span> <span class='ocrx_word' id='word_1_537' title='bbox 1744 4165 1862 4211; x_wconf 90' lang='lat' dir='ltr'><strong>stu-</strong></span> 
     </span>
    </p>
   </div>
   <div class='ocr_carea' id='block_1_75' title="bbox 282 4239 1862 4311">
    <p class='ocr_par' dir='ltr' id='par_1_75' title="bbox 282 4239 1862 4311">
     <span class='ocr_line' id='line_1_75' title="bbox 282 4239 1862 4311; baseline 0.005 -16"><span class='ocrx_word' id='word_1_538' title='bbox 282 4239 434 4295; x_wconf 88' lang='lat' dir='ltr'><strong>dium</strong></span> <span class='ocrx_word' id='word_1_539' title='bbox 463 4254 625 4295; x_wconf 84' lang='lat' dir='ltr'><strong>suum</strong></span> <span class='ocrx_word' id='word_1_540' title='bbox 672 4241 739 4297; x_wconf 88' lang='lat' dir='ltr'><strong>ad</strong></span> <span class='ocrx_word' id='word_1_541' title='bbox 771 4242 937 4303; x_wconf 87' lang='lat' dir='ltr'><strong>alium</strong></span> <span class='ocrx_word' id='word_1_542' title='bbox 984 4244 1341 4301; x_wconf 83' lang='lat' dir='ltr'><strong>transferunt.</strong></span> <span class='ocrx_word' id='word_1_543' title='bbox 1393 4244 1862 4311; x_wconf 88' lang='lat' dir='ltr'><strong>Quemadmodum</strong></span> 
     </span>
    </p>
   </div>
   <div class='ocr_carea' id='block_1_76' title="bbox 283 4332 1863 4409">
    <p class='ocr_par' dir='ltr' id='par_1_76' title="bbox 283 4332 1863 4409">
     <span class='ocr_line' id='line_1_76' title="bbox 283 4332 1863 4409; baseline 0.006 -24"><span class='ocrx_word' id='word_1_544' title='bbox 283 4332 319 4385; x_wconf 90' lang='lat' dir='ltr'><strong>ii</strong></span> <span class='ocrx_word' id='word_1_545' title='bbox 346 4333 437 4401; x_wconf 87' lang='lat' dir='ltr'><strong>qui</strong></span> <span class='ocrx_word' id='word_1_546' title='bbox 467 4333 645 4388; x_wconf 87' lang='lat' dir='ltr'><strong>scalas</strong></span> <span class='ocrx_word' id='word_1_547' title='bbox 673 4333 1076 4399; x_wconf 90' lang='lat' dir='ltr'><strong>conscendunt,</strong></span> <span class='ocrx_word' id='word_1_548' title='bbox 1107 4335 1243 4404; x_wconf 88' lang='lat' dir='ltr'><strong>pede</strong></span> <span class='ocrx_word' id='word_1_549' title='bbox 1278 4351 1491 4407; x_wconf 81' lang='lat' dir='ltr'><strong>semper</strong></span> <span class='ocrx_word' id='word_1_550' title='bbox 1516 4337 1584 4390; x_wconf 89' lang='lat' dir='ltr'><strong>ad</strong></span> <span class='ocrx_word' id='word_1_551' title='bbox 1611 4340 1863 4409; x_wconf 79' lang='lat' dir='ltr'><strong>superio-</strong></span> 
     </span>
    </p>
   </div>
   <div class='ocr_carea' id='block_1_77' title="bbox 1957 3159 3539 3231">
    <p class='ocr_par' dir='ltr' id='par_1_77' title="bbox 1957 3159 3539 3231">
     <span class='ocr_line' id='line_1_77' title="bbox 1957 3159 3539 3231; baseline 0.001 -19"><span class='ocrx_word' id='word_1_552' title='bbox 1957 3159 2305 3231; x_wconf 83' lang='grc' dir='ltr'>ἐπιθυμοῦσι,</span> <span class='ocrx_word' id='word_1_553' title='bbox 2346 3159 2421 3231; x_wconf 81' lang='grc' dir='ltr'>τῷ</span> <span class='ocrx_word' id='word_1_554' title='bbox 2451 3161 2537 3214; x_wconf 71' lang='grc' dir='ltr'><strong>ἀεὶ</strong></span> <span class='ocrx_word' id='word_1_555' title='bbox 2571 3159 2982 3231; x_wconf 79' lang='grc' dir='ltr'>προστιθεμένῳ</span> <span class='ocrx_word' id='word_1_556' title='bbox 3013 3161 3111 3231; x_wconf 79' lang='grc' dir='ltr'>τὴν</span> <span class='ocrx_word' id='word_1_557' title='bbox 3135 3160 3289 3214; x_wconf 78' lang='grc' dir='ltr'>νόσον</span> <span class='ocrx_word' id='word_1_558' title='bbox 3310 3160 3539 3231; x_wconf 82' lang='grc' dir='ltr'>τρέφον-</span> 
     </span>
    </p>
   </div>
   <div class='ocr_carea' id='block_1_78' title="bbox 1954 3251 3541 3323">
    <p class='ocr_par' dir='ltr' id='par_1_78' title="bbox 1954 3251 3541 3323">
     <span class='ocr_line' id='line_1_78' title="bbox 1954 3251 3541 3323; baseline -0.001 -20"><span class='ocrx_word' id='word_1_559' title='bbox 1954 3268 2064 3314; x_wconf 87' lang='grc' dir='ltr'>τες,</span> <span class='ocrx_word' id='word_1_560' title='bbox 2089 3251 2183 3304; x_wconf 81' lang='grc' dir='ltr'>καὶ</span> <span class='ocrx_word' id='word_1_561' title='bbox 2205 3251 2593 3323; x_wconf 79' lang='grc' dir='ltr'>περιτρέπεται</span> <span class='ocrx_word' id='word_1_562' title='bbox 2632 3252 2812 3313; x_wconf 73' lang='grc' dir='ltr'>αὐτοῖς</span> <span class='ocrx_word' id='word_1_563' title='bbox 2847 3253 2880 3322; x_wconf 79' lang='grc' dir='ltr'><strong>ἠ</strong></span> <span class='ocrx_word' id='word_1_564' title='bbox 2910 3251 3111 3323; x_wconf 76' lang='grc' dir='ltr'>σπουδὴ</span> <span class='ocrx_word' id='word_1_565' title='bbox 3144 3252 3280 3319; x_wconf 65' lang='grc' dir='ltr'>πρδς</span> <span class='ocrx_word' id='word_1_566' title='bbox 3309 3251 3369 3302; x_wconf 78' lang='grc' dir='ltr'><strong>τὸ</strong></span> <span class='ocrx_word' id='word_1_567' title='bbox 3390 3252 3541 3302; x_wconf 74' lang='grc' dir='ltr'>ἐναν-</span> 
     </span>
    </p>
   </div>
   <div class='ocr_carea' id='block_1_79' title="bbox 1955 3341 3544 3415">
    <p class='ocr_par' dir='ltr' id='par_1_79' title="bbox 1955 3341 3544 3415">
     <span class='ocr_line' id='line_1_79' title="bbox 1955 3341 3544 3415; baseline 0.001 -22"><span class='ocrx_word' id='word_1_568' title='bbox 1955 3341 2089 3396; x_wconf 91' lang='grc' dir='ltr'>τίον.</span> <span class='ocrx_word' id='word_1_569' title='bbox 2120 3344 2194 3396; x_wconf 79' lang='grc' dir='ltr'><strong>Οὐ</strong></span> <span class='ocrx_word' id='word_1_570' title='bbox 2233 3342 2341 3414; x_wconf 78' lang='grc' dir='ltr'>γὰρ</span> <span class='ocrx_word' id='word_1_571' title='bbox 2390 3342 2669 3413; x_wconf 78' lang='grc' dir='ltr'>εὐφραίνει</span> <span class='ocrx_word' id='word_1_572' title='bbox 2713 3343 2909 3407; x_wconf 72' lang='grc' dir='ltr'>αὐτοὺς</span> <span class='ocrx_word' id='word_1_573' title='bbox 2937 3342 3004 3397; x_wconf 87' lang='grc' dir='ltr'>τὰ</span> <span class='ocrx_word' id='word_1_574' title='bbox 3042 3342 3280 3415; x_wconf 81' lang='grc' dir='ltr'>παρόντα</span> <span class='ocrx_word' id='word_1_575' title='bbox 3309 3341 3544 3396; x_wconf 79' lang='grc' dir='ltr'>τοσαῦτα</span> 
     </span>
    </p>
   </div>
   <div class='ocr_carea' id='block_1_80' title="bbox 1956 3433 3543 3505">
    <p class='ocr_par' dir='ltr' id='par_1_80' title="bbox 1956 3433 3543 3505">
     <span class='ocr_line' id='line_1_80' title="bbox 1956 3433 3543 3505; baseline -0.002 -18"><span class='ocrx_word' id='word_1_576' title='bbox 1956 3434 2106 3500; x_wconf 75' lang='grc' dir='ltr'>ὄντα,</span> <span class='ocrx_word' id='word_1_577' title='bbox 2147 3435 2270 3487; x_wconf 84' lang='grc' dir='ltr'>ὅσον</span> <span class='ocrx_word' id='word_1_578' title='bbox 2313 3434 2424 3504; x_wconf 66' lang='grc'><strong>(14)</strong></span> <span class='ocrx_word' id='word_1_579' title='bbox 2476 3435 2634 3488; x_wconf 86' lang='grc' dir='ltr'>λυπεῖ</span> <span class='ocrx_word' id='word_1_580' title='bbox 2660 3435 2727 3488; x_wconf 81' lang='grc' dir='ltr'><strong>τά</strong></span> <span class='ocrx_word' id='word_1_581' title='bbox 2764 3434 3011 3488; x_wconf 77' lang='grc' dir='ltr'>ἐνδέοντα</span> <span class='ocrx_word' id='word_1_582' title='bbox 3059 3434 3202 3505; x_wconf 80' lang='grc' dir='ltr'>ἅπερ</span> <span class='ocrx_word' id='word_1_583' title='bbox 3241 3433 3308 3488; x_wconf 83' lang='grc' dir='ltr'>ἂν</span> <span class='ocrx_word' id='word_1_584' title='bbox 3361 3434 3543 3496; x_wconf 77' lang='grc' dir='ltr'>αὐτοῖς</span> 
     </span>
    </p>
   </div>
   <div class='ocr_carea' id='block_1_81' title="bbox 1960 3524 3541 3596">
    <p class='ocr_par' dir='ltr' id='par_1_81' title="bbox 1960 3524 3541 3596">
     <span class='ocr_line' id='line_1_81' title="bbox 1960 3524 3541 3596; baseline 0 -19"><span class='ocrx_word' id='word_1_585' title='bbox 1960 3524 2225 3577; x_wconf 77' lang='grc' dir='ltr'>ἐλλείπειν</span> <span class='ocrx_word' id='word_1_586' title='bbox 2283 3524 2629 3578; x_wconf 72' lang='grc' dir='ltr'>ὑπὸθωνταιο</span> <span class='ocrx_word' id='word_1_587' title='bbox 2669 3524 2809 3579; x_wconf 84' lang='grc' dir='ltr'>ὥστε</span> <span class='ocrx_word' id='word_1_588' title='bbox 2848 3526 2936 3579; x_wconf 80' lang='grc' dir='ltr'>ἀεὶ</span> <span class='ocrx_word' id='word_1_589' title='bbox 2978 3524 3075 3596; x_wconf 81' lang='grc' dir='ltr'><strong>τὴν</strong></span> <span class='ocrx_word' id='word_1_590' title='bbox 3127 3524 3303 3596; x_wconf 68' lang='grc' dir='ltr'>ψυχὴν</span> <span class='ocrx_word' id='word_1_591' title='bbox 3361 3525 3541 3588; x_wconf 79' lang='grc' dir='ltr'>αὐτοῖς</span> 
     </span>
    </p>
   </div>
   <div class='ocr_carea' id='block_1_82' title="bbox 1958 3616 3541 3690">
    <p class='ocr_par' dir='ltr' id='par_1_82' title="bbox 1958 3616 3541 3690">
     <span class='ocr_line' id='line_1_82' title="bbox 1958 3616 3541 3690; baseline -0.001 -21"><span class='ocrx_word' id='word_1_592' title='bbox 1958 3619 2077 3680; x_wconf 86' lang='grc' dir='ltr'>ταῖς</span> <span class='ocrx_word' id='word_1_593' title='bbox 2126 3616 2414 3687; x_wconf 88' lang='grc' dir='ltr'>μερίμναις</span> <span class='ocrx_word' id='word_1_594' title='bbox 2440 3616 2790 3690; x_wconf 83' lang='grc' dir='ltr'>ὲκτήκεσθαι,</span> <span class='ocrx_word' id='word_1_595' title='bbox 2826 3618 2962 3688; x_wconf 84' lang='grc' dir='ltr'>πρὸς</span> <span class='ocrx_word' id='word_1_596' title='bbox 2989 3617 3050 3670; x_wconf 81' lang='grc' dir='ltr'><strong>τὸ</strong></span> <span class='ocrx_word' id='word_1_597' title='bbox 3072 3617 3408 3689; x_wconf 73' lang='grc' dir='ltr'>ὑπερϐάλλον</span> <span class='ocrx_word' id='word_1_598' title='bbox 3443 3616 3541 3687; x_wconf 77' lang='grc' dir='ltr'>τὴν</span> 
     </span>
    </p>
   </div>
   <div class='ocr_carea' id='block_1_83' title="bbox 1961 3708 3543 3783">
    <p class='ocr_par' dir='ltr' id='par_1_83' title="bbox 1961 3708 3543 3783">
     <span class='ocr_line' id='line_1_83' title="bbox 1961 3708 3543 3783; baseline 0 -21"><span class='ocrx_word' id='word_1_599' title='bbox 1961 3709 2193 3779; x_wconf 74' lang='grc' dir='ltr'>ἅμιλλαν</span> <span class='ocrx_word' id='word_1_600' title='bbox 2229 3710 2588 3781; x_wconf 82' lang='grc' dir='ltr'>ποιουμένοις.</span> <span class='ocrx_word' id='word_1_601' title='bbox 2629 3710 2755 3763; x_wconf 84' lang='grc' dir='ltr'>Δέον</span> <span class='ocrx_word' id='word_1_602' title='bbox 2792 3709 2902 3781; x_wconf 86' lang='grc' dir='ltr'>γὰρ</span> <span class='ocrx_word' id='word_1_603' title='bbox 2923 3711 3120 3774; x_wconf 77' lang='grc' dir='ltr'>αὐτοὺς</span> <span class='ocrx_word' id='word_1_604' title='bbox 3156 3708 3543 3783; x_wconf 84' lang='grc' dir='ltr'>εὐφραίνεσθαι</span> 
     </span>
    </p>
   </div>
   <div class='ocr_carea' id='block_1_84' title="bbox 1961 3800 3541 3875">
    <p class='ocr_par' dir='ltr' id='par_1_84' title="bbox 1961 3800 3541 3875">
     <span class='ocr_line' id='line_1_84' title="bbox 1961 3800 3541 3875; baseline 0.001 -21"><span class='ocrx_word' id='word_1_605' title='bbox 1961 3800 2054 3855; x_wconf 83' lang='grc' dir='ltr'><strong>καὶ</strong></span> <span class='ocrx_word' id='word_1_606' title='bbox 2114 3802 2273 3873; x_wconf 84' lang='grc' dir='ltr'>χάριν</span> <span class='ocrx_word' id='word_1_607' title='bbox 2315 3801 2480 3873; x_wconf 80' lang='grc' dir='ltr'>ἔχειν,</span> <span class='ocrx_word' id='word_1_608' title='bbox 2522 3802 2790 3856; x_wconf 83' lang='grc' dir='ltr'>τοσούτων</span> <span class='ocrx_word' id='word_1_609' title='bbox 2826 3803 2986 3866; x_wconf 80' lang='grc' dir='ltr'>ὄντας</span> <span class='ocrx_word' id='word_1_610' title='bbox 3012 3802 3455 3875; x_wconf 80' lang='grc' dir='ltr'>εὐπορωτέρους’</span> <span class='ocrx_word' id='word_1_611' title='bbox 3492 3804 3541 3855; x_wconf 90' lang='grc' dir='ltr'>οἱ</span> 
     </span>
    </p>
   </div>
   <div class='ocr_carea' id='block_1_85' title="bbox 1961 3892 3539 3965">
    <p class='ocr_par' dir='ltr' id='par_1_85' title="bbox 1961 3892 3539 3965">
     <span class='ocr_line' id='line_1_85' title="bbox 1961 3892 3539 3965; baseline 0 -20"><span class='ocrx_word' id='word_1_612' title='bbox 1961 3892 2017 3946; x_wconf 85' lang='grc' dir='ltr'><strong>δὲ</strong></span> <span class='ocrx_word' id='word_1_613' title='bbox 2040 3892 2369 3965; x_wconf 88' lang='grc' dir='ltr'>δυσφοροῦσι</span> <span class='ocrx_word' id='word_1_614' title='bbox 2387 3894 2482 3947; x_wconf 72' lang='grc' dir='ltr'><strong>καὶ</strong></span> <span class='ocrx_word' id='word_1_615' title='bbox 2502 3893 2816 3958; x_wconf 87' lang='grc' dir='ltr'>ὀδυνῶνται,</span> <span class='ocrx_word' id='word_1_616' title='bbox 2842 3894 2923 3947; x_wconf 83' lang='grc' dir='ltr'><strong>ὅτι</strong></span> <span class='ocrx_word' id='word_1_617' title='bbox 2950 3894 3067 3957; x_wconf 84' lang='grc' dir='ltr'>ὲνός</span> <span class='ocrx_word' id='word_1_618' title='bbox 3098 3911 3200 3946; x_wconf 89' lang='grc' dir='ltr'><strong>που</strong></span> <span class='ocrx_word' id='word_1_619' title='bbox 3227 3893 3259 3964; x_wconf 83' lang='grc' dir='ltr'>ἦ</span> <span class='ocrx_word' id='word_1_620' title='bbox 3287 3893 3539 3964; x_wconf 82' lang='grc' dir='ltr'>δευτέρου</span> 
     </span>
    </p>
   </div>
   <div class='ocr_carea' id='block_1_86' title="bbox 1961 3982 3542 4057">
    <p class='ocr_par' dir='ltr' id='par_1_86' title="bbox 1961 3982 3542 4057">
     <span class='ocr_line' id='line_1_86' title="bbox 1961 3982 3542 4057; baseline 0.002 -21"><span class='ocrx_word' id='word_1_621' title='bbox 1961 3984 2068 4036; x_wconf 89' lang='grc' dir='ltr'><strong>τῶν</strong></span> <span class='ocrx_word' id='word_1_622' title='bbox 2103 3984 2619 4057; x_wconf 83' lang='grc' dir='ltr'>ὑπερπλουτούντων</span> <span class='ocrx_word' id='word_1_623' title='bbox 2640 3985 3127 4057; x_wconf 83' lang='grc' dir='ltr'>ἀπολιμπάνονται.</span> <span class='ocrx_word' id='word_1_624' title='bbox 3161 3982 3331 4039; x_wconf 88' lang='grc' dir='ltr'>Ὅταν</span> <span class='ocrx_word' id='word_1_625' title='bbox 3354 3985 3542 4039; x_wconf 86' lang='grc' dir='ltr'>τοῦτον</span> 
     </span>
    </p>
   </div>
   <div class='ocr_carea' id='block_1_87' title="bbox 1960 4075 3541 4147">
    <p class='ocr_par' dir='ltr' id='par_1_87' title="bbox 1960 4075 3541 4147">
     <span class='ocr_line' id='line_1_87' title="bbox 1960 4075 3541 4147; baseline -0.002 -19"><span class='ocrx_word' id='word_1_626' title='bbox 1960 4075 2052 4130; x_wconf 82' lang='grc' dir='ltr'><strong>τὸν</strong></span> <span class='ocrx_word' id='word_1_627' title='bbox 2078 4076 2330 4132; x_wconf 88' lang='grc' dir='ltr'>πλούσιον</span> <span class='ocrx_word' id='word_1_628' title='bbox 2372 4076 2773 4143; x_wconf 77' lang='grc' dir='ltr'>καταλάϐωσιν,</span> <span class='ocrx_word' id='word_1_629' title='bbox 2834 4078 2993 4140; x_wconf 76' lang='grc' dir='ltr'>εὐθὺς</span> <span class='ocrx_word' id='word_1_630' title='bbox 3042 4077 3120 4147; x_wconf 85' lang='grc' dir='ltr'><strong>τῷ</strong></span> <span class='ocrx_word' id='word_1_631' title='bbox 3159 4076 3541 4147; x_wconf 80' lang='grc' dir='ltr'>πλουσιωτέρῳ</span> 
     </span>
    </p>
   </div>
   <div class='ocr_carea' id='block_1_88' title="bbox 1964 4166 3540 4239">
    <p class='ocr_par' dir='ltr' id='par_1_88' title="bbox 1964 4166 3540 4239">
     <span class='ocr_line' id='line_1_88' title="bbox 1964 4166 3540 4239; baseline 0.001 -20"><span class='ocrx_word' id='word_1_632' title='bbox 1964 4167 2338 4239; x_wconf 81' lang='grc' dir='ltr'>παρισωθῆναι</span> <span class='ocrx_word' id='word_1_633' title='bbox 2362 4168 2755 4236; x_wconf 83' lang='grc' dir='ltr'>φιλονεικοῦσι·</span> <span class='ocrx_word' id='word_1_634' title='bbox 2782 4168 2885 4222; x_wconf 75' lang='grc' dir='ltr'>κᾶν</span> <span class='ocrx_word' id='word_1_635' title='bbox 2908 4169 2994 4219; x_wconf 84' lang='grc' dir='ltr'>ἐπ’</span> <span class='ocrx_word' id='word_1_636' title='bbox 3015 4169 3220 4220; x_wconf 81' lang='grc' dir='ltr'>ἐκεῖνον</span> <span class='ocrx_word' id='word_1_637' title='bbox 3243 4166 3540 4235; x_wconf 77' lang='grc' dir='ltr'>φθάσωσιν,</span> 
     </span>
    </p>
   </div>
   <div class='ocr_carea' id='block_1_89' title="bbox 1964 4258 3540 4332">
    <p class='ocr_par' dir='ltr' id='par_1_89' title="bbox 1964 4258 3540 4332">
     <span class='ocr_line' id='line_1_89' title="bbox 1964 4258 3540 4332; baseline 0 -23"><span class='ocrx_word' id='word_1_638' title='bbox 1964 4258 2057 4310; x_wconf 75' lang='grc' dir='ltr'>ἐπὶ</span> <span class='ocrx_word' id='word_1_639' title='bbox 2082 4258 2174 4312; x_wconf 82' lang='grc' dir='ltr'><strong>τὸν</strong></span> <span class='ocrx_word' id='word_1_640' title='bbox 2199 4258 2358 4312; x_wconf 81' lang='grc' dir='ltr'>ἄλλον</span> <span class='ocrx_word' id='word_1_641' title='bbox 2386 4259 2484 4332; x_wconf 76' lang='grc' dir='ltr'>τὴν</span> <span class='ocrx_word' id='word_1_642' title='bbox 2518 4260 2754 4330; x_wconf 83' lang='grc' dir='ltr'>σπουδὴν</span> <span class='ocrx_word' id='word_1_643' title='bbox 2793 4259 3209 4330; x_wconf 86' lang='grc' dir='ltr'>μεταφέρουσιν.</span> <span class='ocrx_word' id='word_1_644' title='bbox 3251 4259 3462 4328; x_wconf 82' lang='grc' dir='ltr'>Ὠσπερ</span> <span class='ocrx_word' id='word_1_645' title='bbox 3492 4260 3540 4310; x_wconf 90' lang='grc' dir='ltr'><strong>οί</strong></span> 
     </span>
    </p>
   </div>
   <div class='ocr_carea' id='block_1_90' title="bbox 1962 4347 3512 4422">
    <p class='ocr_par' dir='ltr' id='par_1_90' title="bbox 1962 4347 3512 4422">
     <span class='ocr_line' id='line_1_90' title="bbox 1962 4347 3512 4422; baseline 0.001 -23"><span class='ocrx_word' id='word_1_646' title='bbox 1962 4347 2064 4411; x_wconf 79' lang='grc' dir='ltr'><strong>τὰς</strong></span> <span class='ocrx_word' id='word_1_647' title='bbox 2115 4347 2386 4419; x_wconf 85' lang='grc' dir='ltr'>κλίμακας</span> <span class='ocrx_word' id='word_1_648' title='bbox 2435 4349 2834 4414; x_wconf 72' lang='grc' dir='ltr'>ἀναϐαίνοντες,</span> <span class='ocrx_word' id='word_1_649' title='bbox 2870 4350 2955 4403; x_wconf 72' lang='grc' dir='ltr'><strong>ἀεὶ</strong></span> <span class='ocrx_word' id='word_1_650' title='bbox 2994 4349 3129 4422; x_wconf 83' lang='grc' dir='ltr'>πρὸς</span> <span class='ocrx_word' id='word_1_651' title='bbox 3154 4350 3251 4419; x_wconf 78' lang='grc' dir='ltr'>τὴν</span> <span class='ocrx_word' id='word_1_652' title='bbox 3284 4350 3512 4419; x_wconf 84' lang='grc' dir='ltr'>ὑπερκει</span> 
     </span>
    </p>
   </div>
   <div class='ocr_carea' id='block_1_91' title="bbox 282 4424 1857 4515">
    <p class='ocr_par' dir='ltr' id='par_1_91' title="bbox 282 4424 1857 4501">
     <span class='ocr_line' id='line_1_91' title="bbox 282 4424 1857 4501; baseline 0.005 -24"><span class='ocrx_word' id='word_1_653' title='bbox 282 4439 399 4477; x_wconf 90' lang='lat' dir='ltr'><strong>rem</strong></span> <span class='ocrx_word' id='word_1_654' title='bbox 432 4424 659 4493; x_wconf 82' lang='lat' dir='ltr'><strong>gradum</strong></span> <span class='ocrx_word' id='word_1_655' title='bbox 689 4435 872 4479; x_wconf 89' lang='lat' dir='ltr'><strong>erecto</strong></span> <span class='ocrx_word' id='word_1_656' title='bbox 902 4441 1009 4479; x_wconf 92' lang='lat' dir='ltr'><strong>non</strong></span> <span class='ocrx_word' id='word_1_657' title='bbox 1038 4426 1189 4495; x_wconf 87' lang='lat' dir='ltr'><strong>prius</strong></span> <span class='ocrx_word' id='word_1_658' title='bbox 1212 4430 1643 4497; x_wconf 87' lang='lat' dir='ltr'><strong>conquiescunt,</strong></span> <span class='ocrx_word' id='word_1_659' title='bbox 1696 4446 1857 4501; x_wconf 87' lang='lat' dir='ltr'><strong>quam</strong></span> 
     </span>
    </p>
   </div>
   <div class='ocr_carea' id='block_1_92' title="bbox 1956 4424 3545 4515">
    <p class='ocr_par' dir='ltr' id='par_1_92' title="bbox 1971 4440 3545 4515">
     <span class='ocr_line' id='line_1_92' title="bbox 1971 4440 3545 4515; baseline 0 -23"><span class='ocrx_word' id='word_1_660' title='bbox 1971 4440 2138 4512; x_wconf 81' lang='grc' dir='ltr'>μένην</span> <span class='ocrx_word' id='word_1_661' title='bbox 2163 4440 2395 4511; x_wconf 78' lang='grc' dir='ltr'>βαθμίδα</span> <span class='ocrx_word' id='word_1_662' title='bbox 2418 4442 2477 4494; x_wconf 87' lang='grc' dir='ltr'><strong>τὸ</strong></span> <span class='ocrx_word' id='word_1_663' title='bbox 2506 4442 2647 4511; x_wconf 78' lang='grc' dir='ltr'>ἴχνος</span> <span class='ocrx_word' id='word_1_664' title='bbox 2669 4442 2934 4514; x_wconf 78' lang='grc' dir='ltr'>αἴροντες,</span> <span class='ocrx_word' id='word_1_665' title='bbox 2974 4443 3036 4495; x_wconf 80' lang='grc' dir='ltr'>οὐ</span> <span class='ocrx_word' id='word_1_666' title='bbox 3061 4442 3324 4515; x_wconf 66' lang='grc' dir='ltr'>πρότερον</span> <span class='ocrx_word' id='word_1_667' title='bbox 3366 4443 3545 4495; x_wconf 63' lang='grc' dir='ltr'>ἵσταν.</span> 
     </span>
    </p>
   </div>
   <div class='ocr_carea' id='block_1_93' title="bbox 283 4515 1864 4590">
    <p class='ocr_par' dir='ltr' id='par_1_93' title="bbox 283 4515 1864 4590">
     <span class='ocr_line' id='line_1_93' title="bbox 283 4515 1864 4590; baseline 0.006 -22"><span class='ocrx_word' id='word_1_668' title='bbox 283 4515 350 4568; x_wconf 79' lang='lat' dir='ltr'><strong>ad</strong></span> <span class='ocrx_word' id='word_1_669' title='bbox 388 4530 659 4569; x_wconf 87' lang='lat' dir='ltr'><strong>sumnuun</strong></span> <span class='ocrx_word' id='word_1_670' title='bbox 685 4522 1005 4585; x_wconf 85' lang='lat' dir='ltr'><strong>perveniant</strong></span> <span class='ocrx_word' id='word_1_671' title='bbox 1030 4538 1042 4572; x_wconf 90' lang='lat'><strong>;</strong></span> <span class='ocrx_word' id='word_1_672' title='bbox 1084 4518 1163 4573; x_wconf 91' lang='lat' dir='ltr'><strong>sic</strong></span> <span class='ocrx_word' id='word_1_673' title='bbox 1187 4535 1402 4590; x_wconf 91' lang='lat' dir='ltr'><strong>quoque</strong></span> <span class='ocrx_word' id='word_1_674' title='bbox 1428 4522 1481 4574; x_wconf 90' lang='lat' dir='ltr'><strong>hi</strong></span> <span class='ocrx_word' id='word_1_675' title='bbox 1506 4538 1612 4575; x_wconf 90' lang='lat' dir='ltr'><strong>non</strong></span> <span class='ocrx_word' id='word_1_676' title='bbox 1642 4533 1864 4577; x_wconf 88' lang='lat' dir='ltr'><strong>cessant</strong></span> 
     </span>
    </p>
   </div>
   <div class='ocr_carea' id='block_1_94' title="bbox 285 4609 1859 4685">
    <p class='ocr_par' dir='ltr' id='par_1_94' title="bbox 285 4609 1859 4685">
     <span class='ocr_line' id='line_1_94' title="bbox 285 4609 1859 4685; baseline 0.005 -24"><span class='ocrx_word' id='word_1_677' title='bbox 285 4610 355 4662; x_wconf 83' lang='lat' dir='ltr'><strong>ab</strong></span> <span class='ocrx_word' id='word_1_678' title='bbox 387 4609 689 4680; x_wconf 88' lang='lat' dir='ltr'><strong>appetenda</strong></span> <span class='ocrx_word' id='word_1_679' title='bbox 720 4611 959 4680; x_wconf 89' lang='lat' dir='ltr'><strong>potentia</strong></span> <span class='ocrx_word' id='word_1_680' title='bbox 985 4652 1000 4677; x_wconf 93' lang='lat'><strong>,</strong></span> <span class='ocrx_word' id='word_1_681' title='bbox 1045 4611 1217 4666; x_wconf 84' lang='lat' dir='ltr'><strong>donec</strong></span> <span class='ocrx_word' id='word_1_682' title='bbox 1267 4614 1321 4666; x_wconf 91' lang='lat' dir='ltr'><strong>in</strong></span> <span class='ocrx_word' id='word_1_683' title='bbox 1366 4614 1601 4669; x_wconf 89' lang='lat' dir='ltr'><strong>sublime</strong></span> <span class='ocrx_word' id='word_1_684' title='bbox 1650 4616 1859 4685; x_wconf 86' lang='lat' dir='ltr'><strong>evecti,</strong></span> 
     </span>
    </p>
   </div>
   <div class='ocr_carea' id='block_1_95' title="bbox 287 4858 1862 4941">
    <p class='ocr_par' dir='ltr' id='par_1_95' title="bbox 287 4858 1862 4941">
     <span class='ocr_line' id='line_1_95' title="bbox 287 4858 1862 4941; baseline 0.008 -30"><span class='ocrx_word' id='word_1_685' title='bbox 287 4858 453 4941; x_wconf 72' lang='lat' dir='ltr'><strong>riosis</strong></span> <span class='ocrx_word' id='word_1_686' title='bbox 469 4858 584 4941; x_wconf 69' lang='lat' dir='ltr'><strong>legi</strong></span> <span class='ocrx_word' id='word_1_687' title='bbox 614 4868 823 4941; x_wconf 84' lang='lat' dir='ltr'><strong>potes_t._</strong></span> <span class='ocrx_word' id='word_1_688' title='bbox 842 4859 972 4941; x_wconf 80' lang='lat' dir='ltr'><strong>Mihi</strong></span> <span class='ocrx_word' id='word_1_689' title='bbox 998 4863 1134 4918; x_wconf 86' lang='lat' dir='ltr'><strong>satis</strong></span> <span class='ocrx_word' id='word_1_690' title='bbox 1160 4865 1443 4941; x_wconf 69' lang='lat' dir='ltr'><strong>probabile</strong></span> <span class='ocrx_word' id='word_1_691' title='bbox 1463 4866 1702 4927; x_wconf 87' lang='lat' dir='ltr'><strong>videtur,</strong></span> <span class='ocrx_word' id='word_1_692' title='bbox 1728 4882 1862 4923; x_wconf 90' lang='lat' dir='ltr'><strong>voce</strong></span> 
     </span>
    </p>
   </div>
   <div class='ocr_carea' id='block_1_96' title="bbox 291 4929 1862 5007">
    <p class='ocr_par' dir='ltr' id='par_1_96' title="bbox 291 4929 1862 5007">
     <span class='ocr_line' id='line_1_96' title="bbox 291 4929 1862 5007; baseline 0.008 -27"><span class='ocrx_word' id='word_1_693' title='bbox 291 4929 394 5007; x_wconf 73' lang='lat' dir='ltr'><strong>hac</strong></span> <span class='ocrx_word' id='word_1_694' title='bbox 429 4929 1109 5007; x_wconf 14' lang='lat' dir='ltr'><strong>hicpindicari‘hominem,</strong></span> <span class='ocrx_word' id='word_1_695' title='bbox 1149 4929 1243 5002; x_wconf 82' lang='lat' dir='ltr'><strong>qui</strong></span> <span class='ocrx_word' id='word_1_696' title='bbox 1274 4935 1351 5007; x_wconf 92' lang='lat' dir='ltr'><strong>ad</strong></span> <span class='ocrx_word' id='word_1_697' title='bbox 1371 4950 1656 5006; x_wconf 87' lang='lat' dir='ltr'><strong>vesperam</strong></span> <span class='ocrx_word' id='word_1_698' title='bbox 1687 4954 1862 5007; x_wconf 92' lang='lat' dir='ltr'><strong>usque</strong></span> 
     </span>
    </p>
   </div>
   <div class='ocr_carea' id='block_1_97' title="bbox 287 4999 1863 5074">
    <p class='ocr_par' dir='ltr' id='par_1_97' title="bbox 287 4999 1863 5074">
     <span class='ocr_line' id='line_1_97' title="bbox 287 4999 1863 5074; baseline 0.006 -23"><span class='ocrx_word' id='word_1_699' title='bbox 287 4999 413 5052; x_wconf 81' lang='lat' dir='ltr'><strong>vitae</strong></span> <span class='ocrx_word' id='word_1_700' title='bbox 425 4999 652 5074; x_wconf 74' lang='lat' dir='ltr'><strong>divitias</strong></span> <span class='ocrx_word' id='word_1_701' title='bbox 671 5002 898 5074; x_wconf 70' lang='lat' dir='ltr'><strong>colligit,</strong></span> <span class='ocrx_word' id='word_1_702' title='bbox 931 5019 1031 5074; x_wconf 84' lang='lat' dir='ltr'><strong>uec</strong></span> <span class='ocrx_word' id='word_1_703' title='bbox 1056 4999 1295 5074; x_wconf 81' lang='lat' dir='ltr'><strong>unquam</strong></span> <span class='ocrx_word' id='word_1_704' title='bbox 1321 5006 1386 5060; x_wconf 88' lang='lat' dir='ltr'><strong>iis</strong></span> <span class='ocrx_word' id='word_1_705' title='bbox 1410 4999 1659 5060; x_wconf 75' lang='lat' dir='ltr'><strong>satiatur.</strong></span> <span class='ocrx_word' id='word_1_706' title='bbox 1687 4999 1863 5061; x_wconf 68' lang='grc' dir='ltr'>Ὀέαν</span> 
     </span>
    </p>
   </div>
   <div class='ocr_carea' id='block_1_98' title="bbox 289 5066 1864 5150">
    <p class='ocr_par' dir='ltr' id='par_1_98' title="bbox 289 5066 1864 5150">
     <span class='ocr_line' id='line_1_98' title="bbox 289 5066 1864 5150; baseline 0.008 -31"><span class='ocrx_word' id='word_1_707' title='bbox 289 5066 564 5150; x_wconf 51' lang='grc' dir='ltr'>παρέλθω</span> <span class='ocrx_word' id='word_1_708' title='bbox 595 5073 682 5150; x_wconf 54' lang='grc' dir='ltr'><strong>είς</strong></span> <span class='ocrx_word' id='word_1_709' title='bbox 706 5066 900 5150; x_wconf 54' lang='grc' dir='ltr'>οὶκῖαχ</span> <span class='ocrx_word' id='word_1_710' title='bbox 924 5066 1864 5150; x_wconf 44' lang='lat' dir='ltr'><strong>drdpgq&#39;dzetpoxddouamicti-t-</strong></span> 
     </span>
    </p>
   </div>
   <div class='ocr_carea' id='block_1_99' title="bbox 291 5140 1865 5219">
    <p class='ocr_par' dir='ltr' id='par_1_99' title="bbox 291 5140 1865 5219">
     <span class='ocr_line' id='line_1_99' title="bbox 291 5140 1865 5219; baseline 0.009 -31"><span class='ocrx_word' id='word_1_711' title='bbox 291 5140 577 5219; x_wconf 46' lang='grc' dir='ltr'>πελούτοιξ.</span> <span class='ocrx_word' id='word_1_712' title='bbox 616 5140 777 5219; x_wconf 76' lang='lat' dir='ltr'><strong>_Verte</strong></span> <span class='ocrx_word' id='word_1_713' title='bbox 803 5140 1152 5219; x_wconf 44' lang='lat' dir='ltr'><strong>E-Qufm-q—O&#39;irt</strong></span> <span class='ocrx_word' id='word_1_714' title='bbox 1170 5140 1384 5219; x_wconf 55' lang='lat' dir='ltr'><strong>domum</strong></span> <span class='ocrx_word' id='word_1_715' title='bbox 1411 5146 1675 5219; x_wconf 75' lang='lat' dir='ltr'><strong>ingredior</strong></span> <span class='ocrx_word' id='word_1_716' title='bbox 1696 5140 1865 5202; x_wconf 78' lang='grc' dir='ltr'>Ιιοῖιιί-</span> 
     </span>
    </p>
   </div>
   <div class='ocr_carea' id='block_1_100' title="bbox 291 5210 1863 5275">
    <p class='ocr_par' dir='ltr' id='par_1_100' title="bbox 291 5210 1863 5275">
     <span class='ocr_line' id='line_1_100' title="bbox 291 5210 1863 5275; baseline 0.008 -15"><span class='ocrx_word' id='word_1_717' title='bbox 291 5210 373 5261; x_wconf 81' lang='lat' dir='ltr'><strong>m&#39;s</strong></span> <span class='ocrx_word' id='word_1_718' title='bbox 395 5210 557 5275; x_wconf 79' lang='lat' dir='ltr'><strong>inepti</strong></span> <span class='ocrx_word' id='word_1_719' title='bbox 578 5217 625 5261; x_wconf 81' lang='lat' dir='ltr'><strong>et</strong></span> <span class='ocrx_word' id='word_1_720' title='bbox 646 5226 761 5262; x_wconf 80' lang='lat' dir='ltr'><strong>sero</strong></span> <span class='ocrx_word' id='word_1_721' title='bbox 782 5210 959 5265; x_wconf 82' lang='lat' dir='ltr'><strong>ditati.</strong></span> <span class='ocrx_word' id='word_1_722' title='bbox 986 5212 1246 5270; x_wconf 78' lang='lat' dir='ltr'><strong>Homines</strong></span> <span class='ocrx_word' id='word_1_723' title='bbox 1272 5216 1348 5269; x_wconf 86' lang='lat' dir='ltr'><strong>illi</strong></span> <span class='ocrx_word' id='word_1_724' title='bbox 1373 5210 1498 5270; x_wconf 73' lang='lat' dir='ltr'><strong>sero</strong></span> <span class='ocrx_word' id='word_1_725' title='bbox 1518 5218 1673 5271; x_wconf 88' lang='lat' dir='ltr'><strong>ditati</strong></span> <span class='ocrx_word' id='word_1_726' title='bbox 1701 5219 1863 5274; x_wconf 91' lang='lat' dir='ltr'><strong>iidem</strong></span> 
     </span>
    </p>
   </div>
   <div class='ocr_carea' id='block_1_101' title="bbox 290 5278 1863 5359">
    <p class='ocr_par' dir='ltr' id='par_1_101' title="bbox 290 5278 1863 5359">
     <span class='ocr_line' id='line_1_101' title="bbox 290 5278 1863 5359; baseline 0.006 -27"><span class='ocrx_word' id='word_1_727' title='bbox 290 5286 422 5332; x_wconf 85' lang='lat' dir='ltr'><strong>sunt</strong></span> <span class='ocrx_word' id='word_1_728' title='bbox 460 5278 648 5359; x_wconf 72' lang='lat' dir='ltr'><strong>ac_qui</strong></span> <span class='ocrx_word' id='word_1_729' title='bbox 688 5281 848 5359; x_wconf 76' lang='lat' dir='ltr'><strong>paulo</strong></span> <span class='ocrx_word' id='word_1_730' title='bbox 867 5290 1020 5359; x_wconf 77' lang='lat' dir='ltr'><strong>post,</strong></span> <span class='ocrx_word' id='word_1_731' title='bbox 1055 5300 1111 5339; x_wconf 83' lang='grc' dir='ltr'>ιι,</span> <span class='ocrx_word' id='word_1_732' title='bbox 1140 5285 1499 5359; x_wconf 24' lang='lat' dir='ltr'><strong>‘5,Avocantur</strong></span> <span class='ocrx_word' id='word_1_733' title='bbox 1531 5288 1863 5348; x_wconf 85' lang='grc' dir='ltr'>νεόπλουτοι,</span> 
     </span>
    </p>
   </div>
   <div class='ocr_carea' id='block_1_102' title="bbox 291 5346 1865 5429">
    <p class='ocr_par' dir='ltr' id='par_1_102' title="bbox 291 5346 1865 5429">
     <span class='ocr_line' id='line_1_102' title="bbox 291 5346 1865 5429; baseline 0.009 -30"><span class='ocrx_word' id='word_1_734' title='bbox 291 5360 468 5429; x_wconf 59' lang='lat' dir='ltr'><strong>recens</strong></span> <span class='ocrx_word' id='word_1_735' title='bbox 491 5346 669 5428; x_wconf 69' lang='lat' dir='ltr'><strong>ditati,</strong></span> <span class='ocrx_word' id='word_1_736' title='bbox 689 5346 751 5429; x_wconf 70' lang='lat' dir='ltr'><strong>et</strong></span> <span class='ocrx_word' id='word_1_737' title='bbox 778 5346 982 5429; x_wconf 79' lang='lat' dir='ltr'><strong>idcirco</strong></span> <span class='ocrx_word' id='word_1_738' title='bbox 1009 5346 1554 5429; x_wconf 53' lang='lat' dir='ltr'><strong>magisjnsolescunt</strong></span> <span class='ocrx_word' id='word_1_739' title='bbox 1576 5375 1739 5428; x_wconf 88' lang='lat' dir='ltr'><strong>quam</strong></span> <span class='ocrx_word' id='word_1_740' title='bbox 1769 5346 1865 5429; x_wconf 83' lang='lat' dir='ltr'><strong>qui</strong></span> 
     </span>
    </p>
   </div>
   <div class='ocr_carea' id='block_1_103' title="bbox 291 5420 1866 5500">
    <p class='ocr_par' dir='ltr' id='par_1_103' title="bbox 291 5420 1866 5500">
     <span class='ocr_line' id='line_1_103' title="bbox 291 5420 1866 5500; baseline 0.008 -30"><span class='ocrx_word' id='word_1_741' title='bbox 291 5420 350 5471; x_wconf 88' lang='lat' dir='ltr'><strong>in</strong></span> <span class='ocrx_word' id='word_1_742' title='bbox 387 5420 599 5500; x_wconf 57' lang='lat' dir='ltr'><strong>magilis</strong></span> <span class='ocrx_word' id='word_1_743' title='bbox 634 5420 847 5500; x_wconf 37' lang='lat' dir='ltr'><strong>opibus,</strong></span> <span class='ocrx_word' id='word_1_744' title='bbox 865 5422 979 5500; x_wconf 80' lang='lat' dir='ltr'><strong>nati</strong></span> <span class='ocrx_word' id='word_1_745' title='bbox 1009 5433 1154 5500; x_wconf 81' lang='lat' dir='ltr'><strong>sunt.</strong></span> <span class='ocrx_word' id='word_1_746' title='bbox 1188 5423 1252 5478; x_wconf 85' lang='lat' dir='ltr'><strong>Hi</strong></span> <span class='ocrx_word' id='word_1_747' title='bbox 1275 5443 1357 5500; x_wconf 82' lang='lat' dir='ltr'><strong>_p._</strong></span> <span class='ocrx_word' id='word_1_748' title='bbox 1381 5428 1470 5490; x_wconf 80' lang='lat'><strong>57,</strong></span> <span class='ocrx_word' id='word_1_749' title='bbox 1513 5420 1866 5500; x_wconf 47' lang='lat' dir='ltr'><strong>diduntur-Ex</strong></span> 
     </span>
    </p>
   </div>
   <div class='ocr_carea' id='block_1_104' title="bbox 295 5487 1867 5571">
    <p class='ocr_par' dir='ltr' id='par_1_104' title="bbox 295 5487 1867 5571">
     <span class='ocr_line' id='line_1_104' title="bbox 295 5487 1867 5571; baseline 0.01 -32"><span class='ocrx_word' id='word_1_750' title='bbox 295 5488 500 5571; x_wconf 70' lang='grc' dir='ltr'>μικρᾶς</span> <span class='ocrx_word' id='word_1_751' title='bbox 524 5487 801 5571; x_wconf 69' lang='grc' dir='ltr'>δυνάμεως</span> <span class='ocrx_word' id='word_1_752' title='bbox 831 5490 934 5558; x_wconf 91' lang='lat' dir='ltr'><strong>(sic</strong></span> <span class='ocrx_word' id='word_1_753' title='bbox 959 5494 1104 5571; x_wconf 69' lang='lat' dir='ltr'><strong>enim</strong></span> <span class='ocrx_word' id='word_1_754' title='bbox 1146 5487 1307 5571; x_wconf 53' lang='lat' dir='ltr'><strong>apud:</strong></span> <span class='ocrx_word' id='word_1_755' title='bbox 1327 5487 1651 5571; x_wconf 77' lang='lat' dir='ltr'><strong>_Symeone:n</strong></span> <span class='ocrx_word' id='word_1_756' title='bbox 1690 5498 1867 5571; x_wconf 82' lang='lat' dir='ltr'><strong>Logo-</strong></span> 
     </span>
    </p>
   </div>
   <div class='ocr_carea' id='block_1_105' title="bbox 293 5557 1865 5639">
    <p class='ocr_par' dir='ltr' id='par_1_105' title="bbox 293 5557 1865 5639">
     <span class='ocr_line' id='line_1_105' title="bbox 293 5557 1865 5639; baseline 0.01 -29"><span class='ocrx_word' id='word_1_757' title='bbox 293 5557 501 5639; x_wconf 67' lang='lat' dir='ltr'><strong>thetam</strong></span> <span class='ocrx_word' id='word_1_758' title='bbox 535 5557 731 5639; x_wconf 66' lang='lat' dir='ltr'><strong>legitur</strong></span> <span class='ocrx_word' id='word_1_759' title='bbox 776 5577 939 5614; x_wconf 88' lang='lat' dir='ltr'><strong>serm.</strong></span> <span class='ocrx_word' id='word_1_760' title='bbox 982 5562 1035 5621; x_wconf 84' lang='lat'><strong>6.</strong></span> <span class='ocrx_word' id='word_1_761' title='bbox 1079 5557 1202 5635; x_wconf 51' lang='lat' dir='ltr'><strong>pag:</strong></span> <span class='ocrx_word' id='word_1_762' title='bbox 1244 5557 1385 5636; x_wconf 61' lang='grc' dir='ltr'><strong>ΒΟΞῘ</strong></span> <span class='ocrx_word' id='word_1_763' title='bbox 1402 5557 1800 5639; x_wconf 57' lang='grc' dir='ltr'>προελθόντεςῘ</span> <span class='ocrx_word' id='word_1_764' title='bbox 1811 5578 1865 5625; x_wconf 93' lang='lat' dir='ltr'><strong>et</strong></span> 
     </span>
    </p>
   </div>
   <div class='ocr_carea' id='block_1_106' title="bbox 295 5625 1861 5753">
    <p class='ocr_par' dir='ltr' id='par_1_106' title="bbox 295 5625 1861 5753">
     <span class='ocr_line' id='line_1_106' title="bbox 295 5625 1861 5753; baseline 0.013 -76"><span class='ocrx_word' id='word_1_765' title='bbox 295 5642 422 5753; x_wconf 45' lang='lat' dir='ltr'><strong>rium</strong></span> <span class='ocrx_word' id='word_1_766' title='bbox 451 5625 766 5695; x_wconf 36' lang='lat' dir='ltr'><strong>ﬂuuii—nvibus</strong></span> <span class='ocrx_word' id='word_1_767' title='bbox 793 5625 1209 5703; x_wconf 57' lang='lat' dir='ltr'><strong>comparantur,</strong></span> <span class='ocrx_word' id='word_1_768' title='bbox 1234 5625 1469 5707; x_wconf 77' lang='lat' dir='ltr'><strong>quorum</strong></span> <span class='ocrx_word' id='word_1_769' title='bbox 1489 5657 1653 5713; x_wconf 89' lang='lat' dir='ltr'><strong>parva</strong></span> <span class='ocrx_word' id='word_1_770' title='bbox 1686 5625 1861 5697; x_wconf 80' lang='lat' dir='ltr'><strong>initia.</strong></span> 
     </span>
     <span class='ocr_line' id='line_1_107' title="bbox 356 5711 489 5752; baseline -0.008 0"><span class='ocrx_word' id='word_1_771' title='bbox 356 5711 489 5752; x_wconf 59' lang='grc' dir='ltr'>ιιια</span> 
     </span>
    </p>
   </div>
   <div class='ocr_carea' id='block_1_107' title="bbox 356 5712 489 5752">
    <p class='ocr_par' dir='ltr' id='par_1_107' title="bbox 356 5712 489 5752">
     <span class='ocr_line' id='line_1_108' title="bbox 356 5712 489 5752; baseline -0.008 0"><span class='ocrx_word' id='word_1_772' title='bbox 356 5712 489 5752; x_wconf 51' lang='grc' dir='ltr'><strong>ξιιμ</strong></span> 
     </span>
    </p>
   </div>
   <div class='ocr_carea' id='block_1_108' title="bbox 1964 4526 3540 4605">
    <p class='ocr_par' dir='ltr' id='par_1_108' title="bbox 1964 4526 3540 4605">
     <span class='ocr_line' id='line_1_109' title="bbox 1964 4526 3540 4605; baseline 0 -19"><span class='ocrx_word' id='word_1_773' title='bbox 1964 4549 2055 4586; x_wconf 88' lang='grc' dir='ltr'><strong>ται</strong></span> <span class='ocrx_word' id='word_1_774' title='bbox 2085 4533 2213 4604; x_wconf 74' lang='grc' dir='ltr'>πρὶν</span> <span class='ocrx_word' id='word_1_775' title='bbox 2248 4534 2314 4586; x_wconf 85' lang='grc' dir='ltr'><strong>ἂν</strong></span> <span class='ocrx_word' id='word_1_776' title='bbox 2342 4533 2442 4601; x_wconf 69' lang='grc' dir='ltr'>τῆς</span> <span class='ocrx_word' id='word_1_777' title='bbox 2496 4535 2669 4605; x_wconf 82' lang='grc' dir='ltr'>ἄκρας</span> <span class='ocrx_word' id='word_1_778' title='bbox 2712 4535 3039 4603; x_wconf 82' lang='grc' dir='ltr'>ἐφίκωνται·</span> <span class='ocrx_word' id='word_1_779' title='bbox 3076 4534 3218 4587; x_wconf 73' lang='grc' dir='ltr'>οὕτω</span> <span class='ocrx_word' id='word_1_780' title='bbox 3256 4536 3350 4588; x_wconf 73' lang='grc' dir='ltr'><strong>καὶ</strong></span> <span class='ocrx_word' id='word_1_781' title='bbox 3397 4526 3540 4586; x_wconf 73' lang='grc' dir='ltr'>οὗτοι</span> 
     </span>
    </p>
   </div>
   <div class='ocr_carea' id='block_1_109' title="bbox 1964 4623 3544 4699">
    <p class='ocr_par' dir='ltr' id='par_1_109' title="bbox 1964 4623 3544 4699">
     <span class='ocr_line' id='line_1_110' title="bbox 1964 4623 3544 4699; baseline 0.003 -25"><span class='ocrx_word' id='word_1_782' title='bbox 1964 4623 2025 4675; x_wconf 80' lang='grc' dir='ltr'><strong>ού</strong></span> <span class='ocrx_word' id='word_1_783' title='bbox 2060 4623 2324 4679; x_wconf 85' lang='grc' dir='ltr'>παύονται</span> <span class='ocrx_word' id='word_1_784' title='bbox 2353 4625 2449 4696; x_wconf 68' lang='grc' dir='ltr'>τῆς</span> <span class='ocrx_word' id='word_1_785' title='bbox 2487 4626 2625 4679; x_wconf 73' lang='grc' dir='ltr'>κατὰ</span> <span class='ocrx_word' id='word_1_786' title='bbox 2648 4626 2747 4697; x_wconf 83' lang='grc' dir='ltr'><strong>τὴν</strong></span> <span class='ocrx_word' id='word_1_787' title='bbox 2769 4627 3085 4680; x_wconf 85' lang='grc' dir='ltr'>δυναστείαν</span> <span class='ocrx_word' id='word_1_788' title='bbox 3113 4628 3307 4699; x_wconf 70' lang='grc' dir='ltr'>ὁρμῆς,</span> <span class='ocrx_word' id='word_1_789' title='bbox 3343 4627 3446 4690; x_wconf 73' lang='grc' dir='ltr'><strong>ἕως</strong></span> <span class='ocrx_word' id='word_1_790' title='bbox 3474 4624 3544 4679; x_wconf 80' lang='grc' dir='ltr'>ἂν</span> 
     </span>
    </p>
   </div>
   <div class='ocr_carea' id='block_1_110' title="bbox 2506 4721 2541 4745">
    <p class='ocr_par' dir='ltr' id='par_1_110' title="bbox 2506 4721 2541 4745">
     <span class='ocr_line' id='line_1_111' title="bbox 2506 4721 2541 4745; baseline 0 -2"><span class='ocrx_word' id='word_1_791' title='bbox 2506 4721 2541 4745; x_wconf 47' lang='grc' dir='ltr'>δ</span> 
     </span>
    </p>
   </div>
   <div class='ocr_carea' id='block_1_111' title="bbox 2041 4869 3502 4944">
    <p class='ocr_par' dir='ltr' id='par_1_111' title="bbox 2041 4869 3502 4944">
     <span class='ocr_line' id='line_1_112' title="bbox 2041 4869 3502 4944; baseline 0.004 -20"><span class='ocrx_word' id='word_1_792' title='bbox 2041 4870 2153 4944; x_wconf 75' lang='lat' dir='ltr'><strong>(l0)</strong></span> <span class='ocrx_word' id='word_1_793' title='bbox 2182 4869 2320 4944; x_wconf 59' lang='lat' dir='ltr'><strong>Editi</strong></span> <span class='ocrx_word' id='word_1_794' title='bbox 2344 4874 2713 4944; x_wconf 47' lang='grc' dir='ltr'>ἐφεστήκασι.</span> <span class='ocrx_word' id='word_1_795' title='bbox 2760 4873 2831 4929; x_wconf 83' lang='grc' dir='ltr'>Αι</span> <span class='ocrx_word' id='word_1_796' title='bbox 2864 4875 3016 4929; x_wconf 90' lang='lat' dir='ltr'><strong>multi</strong></span> <span class='ocrx_word' id='word_1_797' title='bbox 3061 4892 3191 4929; x_wconf 78' lang='lat' dir='ltr'><strong>mss.</strong></span> <span class='ocrx_word' id='word_1_798' title='bbox 3222 4877 3502 4943; x_wconf 77' lang='grc' dir='ltr'>ἐφεστᾶσι.</span> 
     </span>
    </p>
   </div>
   <div class='ocr_carea' id='block_1_112' title="bbox 2038 4940 3542 5016">
    <p class='ocr_par' dir='ltr' id='par_1_112' title="bbox 2038 4940 3542 5016">
     <span class='ocr_line' id='line_1_113' title="bbox 2038 4940 3542 5016; baseline 0.006 -23"><span class='ocrx_word' id='word_1_799' title='bbox 2038 4941 2150 5016; x_wconf 75' lang='lat' dir='ltr'><strong>(ll)</strong></span> <span class='ocrx_word' id='word_1_800' title='bbox 2180 4940 2321 5016; x_wconf 72' lang='lat' dir='ltr'><strong>_ll|ud_</strong></span> <span class='ocrx_word' id='word_1_801' title='bbox 2343 4940 2555 5016; x_wconf 73' lang='lat' dir='ltr'><strong>Basilii,</strong></span> <span class='ocrx_word' id='word_1_802' title='bbox 2577 4944 2777 5016; x_wconf 76' lang='grc' dir='ltr'>πόσους</span> <span class='ocrx_word' id='word_1_803' title='bbox 2800 4944 3043 5016; x_wconf 72' lang='grc' dir='ltr'>δύναται.</span> <span class='ocrx_word' id='word_1_804' title='bbox 3068 4957 3199 5009; x_wconf 87' lang='lat' dir='ltr'><strong>etc.,</strong></span> <span class='ocrx_word' id='word_1_805' title='bbox 3225 4940 3304 4998; x_wconf 80' lang='lat' dir='ltr'><strong>sic</strong></span> <span class='ocrx_word' id='word_1_806' title='bbox 3321 4963 3542 5016; x_wconf 76' lang='lat' dir='ltr'><strong>expres-</strong></span> 
     </span>
    </p>
   </div>
   <div class='ocr_carea' id='block_1_113' title="bbox 1964 5011 3536 5084">
    <p class='ocr_par' dir='ltr' id='par_1_113' title="bbox 1964 5011 3536 5084">
     <span class='ocr_line' id='line_1_114' title="bbox 1964 5011 3536 5084; baseline 0.004 -20"><span class='ocrx_word' id='word_1_807' title='bbox 1964 5011 2039 5084; x_wconf 77' lang='lat' dir='ltr'><strong>sit</strong></span> <span class='ocrx_word' id='word_1_808' title='bbox 2071 5011 2397 5084; x_wconf 65' lang='lat' dir='ltr'><strong>Ambrosius</strong></span> <span class='ocrx_word' id='word_1_809' title='bbox 2435 5013 2625 5069; x_wconf 90' lang='lat' dir='ltr'><strong>eodem</strong></span> <span class='ocrx_word' id='word_1_810' title='bbox 2659 5015 2799 5069; x_wconf 89' lang='lat' dir='ltr'><strong>libro</strong></span> <span class='ocrx_word' id='word_1_811' title='bbox 2829 5016 2903 5069; x_wconf 86' lang='lat' dir='ltr'><strong>De</strong></span> <span class='ocrx_word' id='word_1_812' title='bbox 2934 5013 3078 5069; x_wconf 74' lang='grc' dir='ltr'>Ναί).</span> <span class='ocrx_word' id='word_1_813' title='bbox 3108 5030 3229 5084; x_wconf 89' lang='lat' dir='ltr'><strong>cap.</strong></span> <span class='ocrx_word' id='word_1_814' title='bbox 3265 5015 3353 5078; x_wconf 79' lang='grc'><strong>15,</strong></span> <span class='ocrx_word' id='word_1_815' title='bbox 3385 5011 3536 5070; x_wconf 81' lang='lat' dir='ltr'><strong>num.</strong></span> 
     </span>
    </p>
   </div>
   <div class='ocr_carea' id='block_1_114' title="bbox 1964 5080 3540 5156">
    <p class='ocr_par' dir='ltr' id='par_1_114' title="bbox 1964 5080 3540 5156">
     <span class='ocr_line' id='line_1_115' title="bbox 1964 5080 3540 5156; baseline 0.002 -19"><span class='ocrx_word' id='word_1_816' title='bbox 1964 5082 2033 5137; x_wconf 80' lang='grc'><strong>56</strong></span> <span class='ocrx_word' id='word_1_817' title='bbox 2058 5100 2072 5136; x_wconf 89' lang='lat'><strong>:</strong></span> <span class='ocrx_word' id='word_1_818' title='bbox 2102 5080 2288 5136; x_wconf 72' lang='lat' dir='ltr'><strong>Tatius</strong></span> <span class='ocrx_word' id='word_1_819' title='bbox 2330 5083 2494 5137; x_wconf 81' lang='lat' dir='ltr'><strong>vitam</strong></span> <span class='ocrx_word' id='word_1_820' title='bbox 2525 5084 2703 5152; x_wconf 80' lang='lat' dir='ltr'><strong>populi</strong></span> <span class='ocrx_word' id='word_1_821' title='bbox 2747 5095 2955 5153; x_wconf 83' lang='lat' dir='ltr'><strong>poterat</strong></span> <span class='ocrx_word' id='word_1_822' title='bbox 3001 5080 3190 5139; x_wconf 77' lang='lat' dir='ltr'><strong>annuli</strong></span> <span class='ocrx_word' id='word_1_823' title='bbox 3228 5087 3305 5138; x_wconf 80' lang='lat' dir='ltr'><strong>tui</strong></span> <span class='ocrx_word' id='word_1_824' title='bbox 3334 5103 3540 5156; x_wconf 85' lang='lat' dir='ltr'><strong>gemma</strong></span> 
     </span>
    </p>
   </div>
   <div class='ocr_carea' id='block_1_115' title="bbox 1964 5167 2193 5207">
    <p class='ocr_par' dir='ltr' id='par_1_115' title="bbox 1964 5167 2193 5207">
     <span class='ocr_line' id='line_1_116' title="bbox 1964 5167 2193 5207; baseline -0.013 0"><span class='ocrx_word' id='word_1_825' title='bbox 1964 5167 2193 5207; x_wconf 74' lang='lat' dir='ltr'><strong>servare.</strong></span> 
     </span>
    </p>
   </div>
   <div class='ocr_carea' id='block_1_116' title="bbox 2041 5220 3541 5297">
    <p class='ocr_par' dir='ltr' id='par_1_116' title="bbox 2041 5220 3541 5297">
     <span class='ocr_line' id='line_1_117' title="bbox 2041 5220 3541 5297; baseline 0.003 -22"><span class='ocrx_word' id='word_1_826' title='bbox 2041 5220 2153 5289; x_wconf 72' lang='grc'><strong>(12)</strong></span> <span class='ocrx_word' id='word_1_827' title='bbox 2181 5221 2699 5297; x_wconf 22' lang='grc' dir='ltr'>ϐοιῢτλρτὶιηυελτὴν</span> <span class='ocrx_word' id='word_1_828' title='bbox 2724 5224 2905 5297; x_wconf 72' lang='grc' dir='ltr'>οἰκίαν</span> <span class='ocrx_word' id='word_1_829' title='bbox 2938 5241 3057 5279; x_wconf 90' lang='grc' dir='ltr'>σου.</span> <span class='ocrx_word' id='word_1_830' title='bbox 3086 5225 3383 5297; x_wconf 85' lang='lat' dir='ltr'><strong>Aliquanto</strong></span> <span class='ocrx_word' id='word_1_831' title='bbox 3418 5234 3541 5297; x_wconf 83' lang='lat' dir='ltr'><strong>post</strong></span> 
     </span>
    </p>
   </div>
   <div class='ocr_carea' id='block_1_117' title="bbox 1965 5293 2965 5367">
    <p class='ocr_par' dir='ltr' id='par_1_117' title="bbox 1965 5293 2965 5367">
     <span class='ocr_line' id='line_1_118' title="bbox 1965 5293 2965 5367; baseline 0.001 -21"><span class='ocrx_word' id='word_1_832' title='bbox 1965 5293 2379 5367; x_wconf 48' lang='lat' dir='ltr'><strong>mssanmlulli</strong></span> <span class='ocrx_word' id='word_1_833' title='bbox 2408 5296 2506 5367; x_wconf 82' lang='grc' dir='ltr'>τὴν</span> <span class='ocrx_word' id='word_1_834' title='bbox 2544 5293 2777 5367; x_wconf 39' lang='grc' dir='ltr'>αίωνίαν-</span> <span class='ocrx_word' id='word_1_835' title='bbox 2800 5293 2965 5367; x_wconf 83' lang='grc' dir='ltr'>ζωήν.</span> 
     </span>
    </p>
   </div>
   <div class='ocr_carea' id='block_1_118' title="bbox 2038 5362 3542 5441">
    <p class='ocr_par' dir='ltr' id='par_1_118' title="bbox 2038 5362 3542 5441">
     <span class='ocr_line' id='line_1_119' title="bbox 2038 5362 3542 5441; baseline 0.004 -26"><span class='ocrx_word' id='word_1_836' title='bbox 2038 5362 2332 5441; x_wconf 54' lang='grc' dir='ltr'>(ιῳροιι).</span> <span class='ocrx_word' id='word_1_837' title='bbox 2360 5366 2558 5441; x_wconf 77' lang='lat' dir='ltr'><strong>tertius</strong></span> <span class='ocrx_word' id='word_1_838' title='bbox 2588 5363 2723 5417; x_wconf 81' lang='grc' dir='ltr'>ἄλλα</span> <span class='ocrx_word' id='word_1_839' title='bbox 2759 5362 3160 5441; x_wconf 65' lang='grc' dir='ltr'>δεκατάλαντα</span> <span class='ocrx_word' id='word_1_840' title='bbox 3193 5367 3542 5441; x_wconf 76' lang='grc' dir='ltr'>προστιθέναι</span> 
     </span>
    </p>
   </div>
   <div class='ocr_carea' id='block_1_119' title="bbox 1967 5431 3536 5509">
    <p class='ocr_par' dir='ltr' id='par_1_119' title="bbox 1967 5431 3536 5509">
     <span class='ocr_line' id='line_1_120' title="bbox 1967 5431 3536 5509; baseline 0.004 -25"><span class='ocrx_word' id='word_1_841' title='bbox 1967 5431 2328 5509; x_wconf 72' lang='grc' dir='ltr'>σπουδάζετεε</span> <span class='ocrx_word' id='word_1_842' title='bbox 2354 5435 2449 5503; x_wconf 89' lang='lat' dir='ltr'><strong>qui</strong></span> <span class='ocrx_word' id='word_1_843' title='bbox 2479 5444 2661 5509; x_wconf 82' lang='lat' dir='ltr'><strong>tamen</strong></span> <span class='ocrx_word' id='word_1_844' title='bbox 2689 5436 2862 5509; x_wconf 60' lang='lat' dir='ltr'><strong>codex</strong></span> <span class='ocrx_word' id='word_1_845' title='bbox 2889 5452 3015 5509; x_wconf 62' lang='lat' dir='ltr'><strong>mox</strong></span> <span class='ocrx_word' id='word_1_846' title='bbox 3038 5438 3199 5492; x_wconf 88' lang='lat' dir='ltr'><strong>habet</strong></span> <span class='ocrx_word' id='word_1_847' title='bbox 3223 5431 3497 5509; x_wconf 74' lang='grc' dir='ltr'>ἐπιζητεῖς</span> <span class='ocrx_word' id='word_1_848' title='bbox 3523 5458 3536 5491; x_wconf 90' lang='lat'>:</span> 
     </span>
    </p>
   </div>
   <div class='ocr_carea' id='block_1_120' title="bbox 1965 5504 3542 5571">
    <p class='ocr_par' dir='ltr' id='par_1_120' title="bbox 1965 5504 3542 5571">
     <span class='ocr_line' id='line_1_121' title="bbox 1965 5504 3542 5571; baseline 0.001 -14"><span class='ocrx_word' id='word_1_849' title='bbox 1965 5519 2030 5557; x_wconf 82' lang='lat' dir='ltr'><strong>ex</strong></span> <span class='ocrx_word' id='word_1_850' title='bbox 2064 5518 2173 5571; x_wconf 91' lang='lat' dir='ltr'><strong>quo</strong></span> <span class='ocrx_word' id='word_1_851' title='bbox 2203 5504 2281 5565; x_wconf 93' lang='lat' dir='ltr'><strong>lit,</strong></span> <span class='ocrx_word' id='word_1_852' title='bbox 2320 5513 2377 5555; x_wconf 90' lang='lat' dir='ltr'><strong>ut</strong></span> <span class='ocrx_word' id='word_1_853' title='bbox 2411 5504 2663 5558; x_wconf 87' lang='lat' dir='ltr'><strong>utendum</strong></span> <span class='ocrx_word' id='word_1_854' title='bbox 2705 5507 2885 5561; x_wconf 89' lang='lat' dir='ltr'><strong>subsit</strong></span> <span class='ocrx_word' id='word_1_855' title='bbox 2919 5507 2975 5560; x_wconf 87' lang='lat' dir='ltr'><strong>in</strong></span> <span class='ocrx_word' id='word_1_856' title='bbox 3007 5508 3125 5563; x_wconf 89' lang='lat' dir='ltr'><strong>loco</strong></span> <span class='ocrx_word' id='word_1_857' title='bbox 3153 5504 3441 5565; x_wconf 74' lang='lat' dir='ltr'><strong>alterutro.</strong></span> <span class='ocrx_word' id='word_1_858' title='bbox 3473 5508 3542 5560; x_wconf 81' lang='lat' dir='ltr'><strong>At</strong></span> 
     </span>
    </p>
   </div>
   <div class='ocr_carea' id='block_1_121' title="bbox 1964 5572 3542 5644">
    <p class='ocr_par' dir='ltr' id='par_1_121' title="bbox 1964 5572 3542 5644">
     <span class='ocr_line' id='line_1_122' title="bbox 1964 5572 3542 5644; baseline 0.004 -19"><span class='ocrx_word' id='word_1_859' title='bbox 1964 5572 2119 5644; x_wconf 85' lang='lat' dir='ltr'><strong>Colb.</strong></span> <span class='ocrx_word' id='word_1_860' title='bbox 2148 5574 2355 5640; x_wconf 79' lang='lat' dir='ltr'><strong>primus</strong></span> <span class='ocrx_word' id='word_1_861' title='bbox 2386 5582 2616 5644; x_wconf 87' lang='lat' dir='ltr'><strong>utroque</strong></span> <span class='ocrx_word' id='word_1_862' title='bbox 2639 5577 2692 5629; x_wconf 90' lang='lat' dir='ltr'><strong>in</strong></span> <span class='ocrx_word' id='word_1_863' title='bbox 2717 5577 2836 5630; x_wconf 77' lang='lat' dir='ltr'><strong>loco</strong></span> <span class='ocrx_word' id='word_1_864' title='bbox 2865 5593 3150 5633; x_wconf 87' lang='lat' dir='ltr'><strong>numerum</strong></span> <span class='ocrx_word' id='word_1_865' title='bbox 3176 5578 3542 5635; x_wconf 71' lang='lat' dir='ltr'><strong>multitudinis</strong></span> 
     </span>
    </p>
   </div>
   <div class='ocr_carea' id='block_1_122' title="bbox 1967 5642 3007 5717">
    <p class='ocr_par' dir='ltr' id='par_1_122' title="bbox 1967 5642 3007 5717">
     <span class='ocr_line' id='line_1_123' title="bbox 1967 5642 3007 5717; baseline 0.009 -24"><span class='ocrx_word' id='word_1_866' title='bbox 1967 5642 2647 5717; x_wconf 55' lang='grc' dir='ltr'>οτᾳείςη,σπουδάζετε....</span> <span class='ocrx_word' id='word_1_867' title='bbox 2682 5647 3007 5717; x_wconf 71' lang='grc' dir='ltr'>ἐπιζητεῖτε.</span> 
     </span>
    </p>
   </div>
   <div class='ocr_carea' id='block_1_123' title="bbox 2042 5712 2925 5784">
    <p class='ocr_par' dir='ltr' id='par_1_123' title="bbox 2042 5712 2925 5784">
     <span class='ocr_line' id='line_1_124' title="bbox 2042 5712 2925 5784; baseline 0.005 -19"><span class='ocrx_word' id='word_1_868' title='bbox 2042 5713 2149 5784; x_wconf 67' lang='lat' dir='ltr'><strong>(lli)</strong></span> <span class='ocrx_word' id='word_1_869' title='bbox 2180 5712 2336 5769; x_wconf 76' lang='lat' dir='ltr'><strong>Colb.</strong></span> <span class='ocrx_word' id='word_1_870' title='bbox 2362 5717 2570 5775; x_wconf 84' lang='lat' dir='ltr'><strong>primus</strong></span> <span class='ocrx_word' id='word_1_871' title='bbox 2596 5716 2717 5771; x_wconf 84' lang='grc' dir='ltr'>ὅσον</span> <span class='ocrx_word' id='word_1_872' title='bbox 2746 5712 2925 5769; x_wconf 65' lang='lat' dir='ltr'><strong>dativi.</strong></span> 
     </span>
    </p>
   </div>
  </div>
