4052 6214
463 227 577 286 293

1402 343 1426 354 -
1478 326 1497 351 ὖ

1753 220 2040 284 HOMILIA
2077 222 2143 279 IN
2187 220 2476 280 DLVITES.

3631 220 3737 277 294

470 345 796 417 ὑψωθέντες,
838 340 949 397 ἀπὸ
1004 356 1281 415 μετεωρου
1335 343 1430 397 τοῦ
1478 340 1775 415 ’πτώματος
1834 344 2041 407 ἑαυτοὺς

2160 343 2270 396 alto
2311 358 2443 397 casu
2494 342 2704 413 scipsos
2752 340 3115 396 contundam.
3176 341 3345 398 Avem
3401 344 3731 400 seleucidcm

469 438 852 509 καταρράξωσι
877 436 1014 504 (15).
1049 436 1160 507 Τὴν
1189 436 1467 489 σελευκίδα
1489 437 1550 489 τὸ
1578 437 1762 508 ὄρνεον
1788 438 1873 489 ἐπ’
1907 436 2055 506 εὐερ-

470 531 630 601 γεσία
675 529 784 582 τῶν
812 527 1121 599 ἀνθρώπων
1149 528 1442 598 ἀκόρεστον
1476 524 1613 581 εἷναι
1637 531 1666 582 ὁ
1695 528 1918 599 κτίστης
1946 526 2054 581 τῶν

470 621 607 674 ὅλων
660 621 1075 691 ἐμηχανήσατο·
1128 621 1193 673 σὺ
1238 619 1294 672 δὲ
1341 620 1434 673 ἐπὶ
1489 619 1659 691 βλάϐῃ
1697 619 1805 672 τῶν
1843 618 2054 672 πολλῶν

471 715 763 786 ἀκόρεστον
820 711 1051 764 σεαυτοῦ
1089 711 1189 781 τὴν
1228 710 1405 783 ψυχὴν
1450 712 1877 775 κατεσκεύασας.
1915 711 2053 765 Ὅσα

473 805 655 874 βλέπει
691 806 719 856 ὁ
758 803 1058 873 ὀφθαλμὸς,
1098 800 1365 856 τοσούτων
1392 802 1650 873 ἐπιθυμεῖ
1692 803 1801 871 (16)
1831 805 1859 856 ὁ
1899 803 2056 856 πλεο..

470 896 684 964 νέκτης.
730 897 815 948 Οὺ
848 892 1271 964 πλησθήσεται
1304 894 1611 965 ὀφθαλμὸς
1634 894 1740 949 τοῦ
1767 893 1933 964 όρᾷν,
1959 894 2051 948 καὶ

468 990 531 1041 οὗ
558 985 952 1058 κορεσθήσεται
991 983 1322 1057 φιλάργυρος
1348 986 1443 1039 τοῦ
1473 985 1789 1057 λαμϐάνειν.
1839 987 1895 1040 '0
1920 986 2050 1058 ᾇδης

467 1078 567 1130 οὐκ
591 1072 765 1139 εἶπεν,
784 1078 985 1146 Ἀρκεῖ,
1001 1077 1122 1130 οὐδὲ
1147 1078 1176 1129 ὁ
1202 1077 1526 1149 πλεονέκτης
1542 1073 1662 1130 εἷπέ
1680 1094 1828 1141 ποτε,
1847 1079 2045 1148 Ἀρκεῖ.

468 1171 603 1223 Πότε
628 1172 808 1241 χρήσῃ
830 1172 942 1233 τοῖς
992 1170 1259 1241 παροῦσι;
1307 1171 1436 1224 πότε
1478 1170 1805 1235 ἀπολαύσεις
1846 1172 2048 1235 αὐτῶν,

464 1260 555 1314 ἀεὶ
593 1263 707 1314 τοῖς
749 1261 931 1323 πόνοις
954 1262 1053 1331 τῆς
1089 1262 1333 1330 κτήσεως
1372 1262 1764 1332 συνεχόμενοςς
1814 1262 1958 1315 Οὐαὶ
1996 1265 2050 1315 οἱ

465 1353 884 1418 συνάπτοντες
910 1354 1110 1409 οὶκίαν
1142 1353 1290 1422 πρὸς
1324 1354 1540 1418 οὶκίαν,
1568 1354 1665 1407 καὶ
1691 1354 1877 1425 ἁῃοὸν
1900 1354 2050 1423 πρὸς

462 1442 1010 1513 ἀγρὸν-ἐγγίζοντες,
1044 1445 1146 1498 ἵνα
1170 1444 1273 1499 τοῦ
1307 1446 1575 1513 πλησίον
1606 1445 1945 1515 ἁφέλωνταί
1973 1465 2045 1500 τι.

464 1535 538 1588 Σὺ
559 1535 617 1588 δὲ
645 1536 698 1587 τί
730 1538 936 1600 ποιείς;
975 1536 1051 1589 Οὐ
1090 1537 1402 1610 προφασίξῃ
1436 1538 1625 1608 μυρία,
1666 1539 1753 1591 ἵνα
1782 1538 1953 1610 λάϐῃς
1982 1538 2050 1592 τὰ

462 1627 559 1680 τοῦ
590 1628 818 1699 πλησίον
850 1645 865 1693 ;
911 1630 1220 1682 Ἐπισκοτεῐ
1253 1647 1363 1699 μοι,
1400 1632 1583 1702 φησὶν,
1617 1631 1650 1701 ὴ
1678 1630 1773 1684 τοῦ
1811 1632 2050 1700 ’γείτονος

2156 435 2530 491 universorum
2555 434 2735 506 opifex
2784 434 3066 488 hominum
3098 436 3274 503 gratia
3304 435 3550 490 condidit
3579 437 3731 492 iusa-

2152 527 2422 593 tiabilcm;
2481 537 2540 581 tu
2574 542 2700 581 vero
2734 527 2790 580 in
2833 526 3126 581 multorum
3159 526 3456 596 perniciem
3486 528 3732 582 animum

2151 626 2307 672 tuum
2335 619 2712 689 inexplebilem
2744 617 2995 673 eliecisti.
3041 616 3392 687 Quzecunque
3420 619 3566 674 videt
3597 635 3732 674 ocu-

2152 710 2258 774 lus,
2292 726 2355 765 ea
2386 710 2727 780 concupiscit
2773 724 2991 764 avarus.
3047 706 3172 762 Non
3221 709 3516 778 explebitur
3548 711 3731 763 oculus

2151 801 2368 856 videndo
2391 803 2457 866 ⁸⁸,
2484 818 2659 873 neque
2695 816 2894 857 avarus
2921 800 3211 857 satiabitur
3259 800 3599 871 accipiendo.
3643 800 3733 854 lu-

2152 894 2342 949 fernus
2379 910 2489 949 non
2519 893 2696 962 dixit,
2731 891 2977 960 Sufﬁcit;
3034 908 3213 964 neque
3258 907 3457 947 avarus
3486 907 3730 963 unquam

2150 987 2318 1051 dixit,
2366 985 2575 1042 Subicit
2602 989 2669 1043 ³⁸.
2702 986 3063 1054 Quandonam
3095 987 3270 1043 uteris
3321 986 3684 1058 prmsentibus
3709 985 3734 1037 τ

2150 1080 2368 1149 quando
2400 1079 2486 1134 his
2518 1079 2719 1134 frueris
2752 1086 2835 1144 tu,
2865 1079 2959 1149 qui
3009 1094 3227 1152 semper
3279 1078 3510 1149 parandi
3542 1078 3732 1132 labore

2149 1171 2464 1226 detineare?
2507 1170 2595 1225 Va:
2631 1171 2721 1242 qui
2748 1171 3070 1241 conjungunt
3110 1169 3325 1224 domum
3358 1168 3428 1223 ad
3473 1168 3687 1223 domum
3710 1206 3727 1232 ,

2146 1272 2195 1316 et
2227 1280 2411 1332 agrum
2436 1262 2504 1316 ad
2521 1279 2707 1332 agrum
2740 1271 3070 1326 connectunt,
3095 1273 3154 1315 ut
3188 1278 3220 1314 α
3254 1262 3496 1328 proximo
3525 1259 3729 1331 aliquid

2147 1355 2394 1425 auferant
2420 1357 2485 1409 ³⁸.
2521 1354 2602 1409 Tu
2633 1369 2765 1410 vero
2793 1354 2922 1424 quid
2954 1352 3129 1410 facis?
3160 1354 3243 1408 An
3287 1368 3397 1409 non
3438 1353 3729 1406 innumera

2147 1447 2418 1511 causaris,
2448 1456 2506 1501 ut
2549 1462 2663 1501 rem
2720 1446 2957 1517 proximi
3014 1444 3281 1515 usurpes?
3313 1444 3441 1498 Mihi
3469 1484 3485 1507 ,
3518 1443 3724 1514 inquit,

2147 1539 2401 1595 tenebras
2433 1538 2667 1593 oll‘undit
2694 1539 2891 1594 domus
2913 1538 3101 1603 vicini,
3136 1538 3327 1593 turbas
3356 1538 3596 1604 excitat,
3631 1544 3727 1591 aut

2145 1646 2372 1688 errones
2411 1631 2675 1701 suscipit;
2730 1640 2826 1686 aut
2860 1630 3082 1686 tandem
3137 1630 3357 1701 quidvis
3408 1629 3555 1686 aliud
3584 1645 3729 1700 pra:-

456 1719 631 1781 οἰκία,
689 1719 950 1792 θορύϐους
982 1720 1208 1791 ἐνίησιν,
1247 1721 1279 1792 ἢ
1309 1720 1370 1774 τὸ
1397 1721 1745 1791 πλανώμενον
1777 1721 1888 1792 (17)
1915 1722 2041 1774 ὑπο-

2144 1733 2352 1790 texens,
2383 1725 2703 1794 exagitans,
2757 1723 3089 1788 extrudens,
3140 1722 3367 1777 trahens
3418 1737 3633 1792 semper
3660 1737 3725 1775 ac

458 1811 693 1879 δέχεται,
722 1813 756 1880 ἦ
797 1813 826 1865 ὃ
855 1830 909 1865 τι
947 1813 1013 1866 ἂν
1042 1813 1181 1884 τύχῃ
1212 1814 1614 1883 αἰτιασάμενος,
1649 1813 2040 1884 περιελαύνων,

460 1904 558 1955 καὶ
579 1902 820 1970 ὲξωθῶν,
849 1904 944 1956 καὶ
967 1903 1141 1956 ἕλκων
1169 1905 1276 1967 ἀεὶ,
1306 1906 1402 1959 καὶ
1431 1904 1785 1976 σπαράσσων,
1814 1903 1876 1956 οὐ
1911 1902 2045 1975 πρό-

458 2011 617 2064 τερον
646 1994 901 2067 παύεται,
919 1996 1048 2065 πρὶν
1069 1994 1136 2049 ἂν
1158 1996 1415 2069 ἐπαγάγῃ
1442 1998 1625 2059 αὐτοῖς
1646 1996 1889 2066 ἀνάγκην
1915 2012 2044 2064 μετ-

461 2084 836 2147 αναστάσεως.
906 2086 974 2138 Τί
1029 2086 1123 2138 τὸν
1178 2087 1464 2141 Ναϐουθὰν
1521 2088 1614 2141 τὸν
1673 2086 2042 2160 Ἰεζραηλίτην

456 2175 782 2229 ἀπέκτεινεν
822 2176 962 2246 (18);
1018 2179 1131 2249 Οὐχ
1177 2179 1336 2248 ἡτοῦ
1377 2180 1581 2249 ’Λχαάϐ
1635 2180 1900 2251 ἐπιθυμία
1945 2183 2042 2235 τοῦ

455 2267 812 2337 ἀμπελῶνος;
852 2268 1095 2339 Πονηρὸς
1140 2271 1198 2323 ἐν
1232 2270 1380 2323 πόλει
1418 2270 1682 2337 σύνοικος,
1718 2272 1950 2345 πονηρὸς
1983 2276 2043 2326 ἐν

453 2359 671 2429 ἀγροῖς,
718 2360 749 2411 ό
798 2358 1150 2431 πλεονέκτης.
1215 2360 1280 2413 Ἡ
1344 2361 1589 2415 θάλασσα
1638 2360 1745 2417 οἶδε
1791 2363 1862 2416 τὰ
1916 2364 2043 2434 ὅρια

457 2453 631 2522 αὐτῆς
654 2452 766 2523 (19)
792 2470 806 2482 ο
836 2454 869 2523 ή
892 2452 989 2516 νὺξ
1013 2454 1109 2522 οὐχ
1136 2453 1449 2524 ὑπερϐαίνει
1472 2454 1753 2527 ὁροθεσίας
1786 2457 2038 2527 ἀρχαίας.

466 2540 534 2595 'U
570 2542 630 2596 δὲ
674 2543 1002 2616 πλεονέκτης
1035 2545 1135 2597 οὐκ
1161 2546 1384 2599 αἰδεῖται
1422 2547 1633 2616 χρόνον,
1674 2547 1736 2600 οὐ
1782 2549 2041 2619 γνωρίζει

455 2633 606 2705 ὅρον,
638 2636 697 2687 οὐ
724 2638 994 2706 συγχωρεῖ
1024 2636 1312 2706 ἀκολουθίᾳ
1332 2637 1604 2708 διαδοχῆς,
1634 2639 1771 2693 ἀλλὰ
1797 2643 2041 2709 μιμεῖται

455 2725 554 2778 τοῦ
576 2726 747 2797 πυρὸς
772 2730 868 2799 τὴν
887 2728 1008 2798 βίαν
1037 2744 1048 2756 ·
1099 2730 1276 2783 πάντα
1308 2729 1690 2801 ἐπιλαμϐάνει,
1717 2732 1892 2785 πάντα
1922 2735 2041 2785 ἐπι-

456 2820 702 2889 νέμεται.
728 2821 836 2873 Καὶ
879 2821 1068 2891 ὥσπερ
1100 2824 1149 2874 οί
1192 2824 1445 2893 ποταμοὶ,
1477 2824 1542 2875 ἐκ
1564 2826 1764 2895 μικρᾶς
1792 2825 1904 2895 (20)
1942 2827 2041 2894 τῆς

457 2909 686 2981 πρώτης
736 2912 909 2983 ἀρχῆς
963 2912 1314 2984 ὁρμηθέντες,
1372 2909 1492 2967 εἶτα
1534 2918 1655 2977 ταῖς
1698 2919 1817 2968 κατ’
1861 2917 2039 2985 ὀλίγον

2145 1818 2414 1881 lacerans,
2451 1834 2559 1871 non
2599 1818 2751 1886 prius
2798 1817 2957 1872 ﬁnem
3005 1816 3172 1880 facit,
3232 1829 3395 1886 quam
3447 1829 3574 1869 eum
3617 1813 3726 1869 alio

2142 1908 2378 1979 migrare
2427 1908 2687 1975 coegerit.
2719 1901 2861 1973 Quid
2906 1905 3213 1961 Nabutham
3256 1905 3598 1960 Jezraclitem
3642 1903 3726 1957 in-

2142 2001 2359 2055 teremit
2400 1998 2483 2049 "2
2540 1999 2733 2054 Nonne
2787 1999 3060 2070 cupiditas
3091 1998 3315 2053 Achaab
3376 1998 3537 2052 vitem
3577 1996 3725 2051 illius

2143 2089 2622 2160 concupiscentis?
2648 2070 2881 2154 Avarus,
2907 2090 3086 2145 malus
3132 2089 3188 2144 in
3218 2088 3374 2152 urbe,
3402 2088 3580 2142 malus
3608 2086 3724 2141 ruri

2142 2181 2357 2235 vicinus
2384 2189 2486 2234 est.
2518 2178 2677 2234 Novit
2722 2195 2873 2235 mare
2917 2180 3181 2234 terminos
3232 2170 3364 2234 suos
3392 2198 3405 2234 :
3437 2193 3547 2232 nox
3581 2178 3725 2232 anti-

2143 2287 2283 2341 quos
2314 2272 2514 2327 limites
2542 2271 2646 2326 sibi
2685 2271 3032 2341 praescriptos
3065 2285 3173 2325 non
3204 2271 3623 2341 transgreditur.
3654 2269 3726 2322 At

2144 2381 2273 2419 \‘CI‘O
2307 2379 2507 2419 avarus
2539 2379 2648 2418 non
2670 2371 2889 2418 veretur
2914 2370 3150 2430 tempus,
3177 2376 3287 2416 ιιοη
3325 2360 3573 2431 agnoscit
3607 2368 3723 2413 ter-

2143 2458 2374 2519 minum,
2409 2454 2776 2511 successionis
2825 2454 3005 2508 ordini
3056 2468 3167 2508 non
3212 2452 3391 2517 cedit;
3427 2451 3523 2506 sed
3580 2450 3724 2521 ignis

2143 2549 2249 2602 vim
2282 2549 2544 2613 imitatur,
2576 2547 2782 2601 invadit
2809 2546 3015 2612 omnia,
3055 2545 3241 2599 omnia
3279 2544 3614 2613 depascitur.
3657 2540 3726 2594 Et

2143 2650 2203 2695 ut
2230 2639 2455 2694 ﬂumina
2484 2655 2549 2694 ex
2574 2653 2743 2708 parvo
2776 2638 2934 2692 initio
2987 2636 3250 2706 profecta,
3280 2633 3476 2689 deinde
3506 2648 3598 2702 per
3627 2645 3727 2686 eas

2143 2747 2265 2804 quae
2309 2731 2568 2801 paulatim
2603 2730 2736 2784 ﬁunt
2765 2729 3111 2785 accessiones
3155 2725 3571 2781 intolerabiliter
3618 2738 3722 2777 au-

2143 2832 2251 2889 cta,
2275 2823 2547 2894 quidquid
2578 2822 2797 2876 obsistit
2847 2828 2902 2875 et
2929 2820 3222 2889 objicitur,
3268 2819 3321 2872 id
3348 2818 3589 2872 violento
3618 2815 3722 2869 im-

2144 2923 2271 2986 petu
2307 2931 2494 2971 secum
2524 2914 2777 2979 trahunt;
2818 2915 2894 2967 ita
2928 2914 3094 2968 etiam
3146 2911 3296 2965 avari
3350 2910 3419 2965 ad
3467 2922 3721 2981 magnam

457 3001 802 3070 προσθήκαις
852 3003 1219 3058 ἀνυπόστατον
1267 3004 1519 3068 λαϐόντες
1547 3005 1645 3076 τὴν
1682 3007 1931 3077 αὔξησιν,
1960 3008 2038 3078 τῷ

460 3090 507 3111 ο.
528 3090 591 3111 ..9.
610 3109 619 3111 _
680 3092 734 3111 κν
758 3109 769 3111 -
832 3109 857 3111 η
941 3095 966 3108 σο
1090 3094 1105 3111 \
1185 3095 1199 3111 1
1345 3096 1356 3111 ι
1796 3099 1808 3111 1

2146 3011 2443 3082 potentiam
2483 3010 2745 3079 provecti,
2778 3009 2871 3062 ubi
2908 3022 2973 3061 ex
3009 3006 3077 3060 iis
3128 3020 3266 3075 quos
3313 3004 3425 3075 jam
3479 3002 3723 3073 potentia

460 3090 624 3161 βιαίῳ
672 3092 771 3161 τῆς
826 3095 998 3165 φορᾶς
1053 3094 1116 3147 τὸ
1182 3095 1528 3166 ἐνιστάμενον
1595 3099 2039 3170 παρασύρουσιν·

459 3183 605 3236 οὕτω
635 3186 728 3237 καὶ
751 3186 800 3237 οἱ
825 3187 919 3239 ἐπὶ
945 3185 1086 3256 μέγα
1100 3187 1202 3257 τῆς
1226 3187 1506 3259 δυνάμεως
1527 3190 1880 3262 προελθόντες
1908 3192 2042 3263 (21),

460 3276 531 3329 ὲκ
585 3278 696 3331 τῶν
753 3280 852 3350 ἤδη
907 3280 1510 3337 καταδυναστευθέντων
1547 3284 1646 3355 τὴν
1713 3284 1810 3337 τοῦ
1866 3286 2045 3341 πλεῖον

460 3364 669 3421 ἀδικεῖν
711 3368 941 3441 δύναμιν
974 3371 1503 3443 προσλαμϐάνοντες,
1528 3378 1642 3439 τοῖς
1672 3376 2044 3448 προηδικημέ-

459 3474 573 3521 voc;
620 3461 747 3525 τοὺς
785 3462 1140 3535 λειπομένους
1182 3465 1658 3532 καταδουλοῦνται,
1696 3469 1791 3521 καὶ
1834 3468 2044 3537 γίνεται

457 3552 646 3616 αὐτοῖς
686 3553 969 3625 δυνάμεως
993 3555 1222 3627 αὔξησις
1256 3558 1289 3628 ἡ
1319 3559 1604 3631 περιουσία
1633 3560 1730 3631 τῆς
1757 3560 2040 3631 πονηρίας.

457 3644 523 3693 Oi
560 3643 671 3715 γὰρ
696 3646 1136 3716 προπεπονθότες
1161 3648 1368 3713 κακῶς,
1403 3648 1824 3721 ἡναγκασμένην
1857 3653 2043 3715 αὐτοῖς

455 3735 824 3806 παρεχόμενοι
848 3737 946 3808 τὴν
1000 3737 1277 3809 βοήθειαν,
1316 3739 1416 3803 τὰς
1454 3739 1576 3793 καθ’
1602 3741 1800 3811 ἑτέρων
1840 3740 2043 3810 βλάϐας

455 3843 552 3878 και
592 3826 808 3892 ἀδικίας
858 3830 1265 3887 συνεκπονοῦσι.
1309 3834 1468 3896 Ποῖος
1503 3831 1613 3903 γὰρ
1645 3833 1862 3899 γείτων,
1891 3837 2043 3898 ποῖος

454 3919 730 3982 σύνοικος,
778 3922 863 3984 τίς
918 3922 1290 3993 συναλλάκτης
1338 3926 1400 3977 οὐ
1430 3927 1841 3999 παρασύρεταις
1876 3923 2042 3980 Οὐδὲν

453 4008 750 4077 ὑφίσταται
790 4012 890 4083 τὴν
929 4012 1049 4083 βίαν
1088 4015 1183 4067 τοῦ
1219 4015 1450 4069 πλούτου
1475 4035 1488 4047 ·
1526 4020 1702 4073 πάντα
1740 4018 2040 4073 ὑποκύπτει

452 4104 521 4170 τῇ
556 4103 853 4173 τυραννίδι,
870 4107 1047 4159 πάντα
1076 4108 1414 4180 ὑποπτήσσει
1442 4112 1540 4181 τὴν
1561 4111 1875 4165 δυναστείαν
1901 4112 2037 4182 (9.2),

452 4195 680 4248 πλείονα
729 4196 883 4264 λόγον
909 4199 1139 4253 ἑκάστου
1178 4201 1285 4253 τῶν
1329 4203 1675 4273 ἠδικημένων
1709 4203 1921 4273 ἔχοντος
1962 4202 2039 4274 μὴ

451 4289 797 4357 προτπαθεῖν
828 4309 881 4343 τι
898 4292 1088 4353 κακὸν,
1127 4293 1161 4363 ἢ
1194 4292 1347 4363 δίκην
1369 4295 1550 4347 λαϐεῖν
1588 4295 1728 4365 ὑπὲρ
1756 4296 1867 4348 τῶν
1900 4295 2037 4363 φθα-

2146 3119 2245 3157 sua
2277 3116 2620 3171 oppressere,
2645 3098 2940 3154 inferendae
2984 3097 3200 3165 injuria:
3249 3094 3561 3149 facultatem
3607 3108 3725 3147 am-

2146 3196 2370 3265 pliorem
2402 3194 2579 3263 adepti
2603 3199 2753 3258 sunt,
2780 3198 2911 3244 tunc
2930 3190 3175 3259 reliquos
3203 3201 3311 3241 una
3331 3202 3459 3240 cum
3489 3185 3557 3240 iis
3579 3201 3722 3256 quos

2144 3287 2298 3357 prius
2332 3286 2532 3354 injuria
2567 3283 2830 3349 aﬂ'ecere,
2865 3281 3119 3351 redigunt
3148 3279 3204 3334 in
3241 3279 3559 3334 servitutem
3580 3317 3596 3342 ,
3641 3285 3724 3331 at-

2144 3394 2250 3448 que
2278 3377 2564 3447 potestatis
2593 3376 2990 3430 incrementum
3022 3373 3080 3425 iit
3107 3369 3242 3440 ipsis
3273 3370 3495 3425 occasio
3540 3368 3719 3439 major

2145 3469 2420 3539 nequitiae.
2448 3467 2581 3521 Nam
2612 3467 2705 3536 qui
2733 3465 2884 3535 prius
2923 3463 3184 3518 damnum
3215 3474 3479 3529 accepere
3501 3497 3517 3523 ,
3565 3458 3721 3511 inviti

2146 3564 2294 3632 ipsos
2326 3561 2667 3630 adjuvantes,
2701 3560 2807 3628 ipsi
2853 3571 3071 3627 quoque
3100 3567 3275 3608 noxas
3312 3549 3436 3604 aliis
3466 3557 3522 3605 et
3568 3549 3715 3618 inju-

2144 3656 2258 3710 rias
2288 3664 2596 3708 accersunt.
2623 3650 2757 3717 Quis
2782 3649 2927 3704 enim
2958 3647 3188 3712 vicinus,
3207 3644 3332 3715 quis
3357 3642 3723 3697 contuberna-

2144 3750 2233 3811 lis,
2263 3748 2389 3817 quis
2417 3763 2484 3801 ex
2515 3746 2597 3800 eis
2628 3744 2958 3814 quibuscum
2989 3737 3314 3795 commercia
3359 3734 3583 3797 habent,
3610 3750 3722 3788 non

2143 3836 2474 3892 attrahitur?
2509 3835 2654 3889 Nihil
2679 3834 2787 3889 vim
2817 3831 3052 3887 sustinet
3072 3828 3412 3890 divitiarum,
3439 3823 3718 3895 tyrannidi

2143 3930 2345 3984 cedunt
2380 3927 2562 3983 omnia
2587 3967 2602 3993 ,
2649 3924 2945 3996 potentiam
2994 3923 3178 3975 omnia
3213 3917 3539 3981 formidant;
3591 3930 3720 3970 cum

2141 4019 2523 4090 unusquisque
2553 4032 2743 4071 eorum
2784 4014 2879 4086 qui
2922 4014 3038 4084 jam
3080 4012 3281 4081 injuria
3310 4007 3491 4063 affecti
3547 4013 3717 4069 sunt,

2142 4111 2314 4180 magis
2348 4110 2617 4166 sollicitus
2666 4108 2759 4172 sit,
2785 4123 2853 4163 ne
2872 4106 3004 4176 quid
3028 4102 3157 4157 mali
3187 4099 3418 4156 ulterius
3443 4097 3682 4168 patiatur
3701 4136 3719 4161 ,

2141 4217 2303 4270 quam
2339 4210 2399 4253 ut
2427 4200 2495 4255 de
2525 4200 2606 4254 eis
2633 4213 2754 4268 quae
2782 4209 3074 4266 perpessus
3118 4198 3203 4247 est
3227 4230 3242 4255 ,
3299 4188 3593 4245 vindictam
3625 4202 3722 4242 su-

2142 4303 2273 4348 mat.
2309 4292 2469 4348 Dives
2499 4293 2689 4346 incitat
2717 4292 2847 4360 juga
2886 4289 3049 4343 boum
3074 4327 3087 4347 .
3126 4293 3279 4346 arat,
3335 4282 3511 4343 serit,
3566 4277 3721 4333 metit.

452 4383 686 4434 σάντων.
734 4382 955 4451 Ἐπάγει
976 4384 1044 4437 τὰ
1074 4384 1242 4456 ζεύγη
1265 4386 1373 4439 τῶν
1408 4387 1564 4457 βοῶν,
1596 4389 1842 4460 ἀροτριᾷ,
1873 4406 2040 4442 κατα-

2145 4400 2379 4442 messem
2428 4384 2495 4438 ad
2554 4399 2613 4439 se
2665 4398 2777 4438 non
2829 4382 3170 4436 attinentem.
3232 4375 3290 4429 Si
3348 4368 3714 4433 contradicas,

450 4474 692 4544 σπείρει,
748 4473 949 4546 θερίζει
977 4475 1047 4529 τὰ
1095 4476 1169 4548 μὴ
1197 4481 1561 4549 προσήκοντα.
1601 4479 1726 4533 Ἐὰν
1746 4479 2029 4551 ἀντείπῃς,

447 4565 508 4615 ai
540 4563 751 4634 πληγαί
776 4581 790 4595 ·
822 4566 914 4619 ἐὰν
940 4566 1126 4639 ὀδύρῃ,
1154 4567 1362 4638 ὖΰρεων
1383 4570 1614 4641 γραφαὶ,
1651 4568 1930 4640 ἀγώγιμος
1956 4564 2024 4631 εἷ.

520 4719 569 4748 ’³
611 4717 791 4774 Eccle.
830 4734 875 4782 ι,
913 4723 966 4776 8.
1040 4723 1086 4753 *⁸
1126 4719 1289 4780 Prov.
1322 4738 1500 4785 xxvu,
1534 4721 1641 4787 ‘20;
1683 4739 1783 4775 xxx
1810 4761 1824 4784 ,
1866 4724 1946 4775 lb‘.

672 4872 830 4950 golb.
858 4876 1071 4950 primus
1102 4875 1326 4940 ἑαυτοὺς
1351 4875 1762 4950 καταρρήξωσι.

523 4944 639 5066 (16)
670 4943 807 5016 Reg.
853 4943 1065 5015 primus
1117 4943 1546 5010 κατεσκεύασαςῖ
1590 4943 1716 5001 ὅσον
1769 4946 1957 5019 βλέπει
2000 4949 2031 5001 ό

555 5014 751 5066 aluos.
782 5016 1035 5066 τοσοῦτον
1066 5017 1339 5066 ἐπιθυμεῖ.

447 5014 751 5087 ὀφθαλμός,
762 5014 771 5016 ⁷
782 5014 1035 5069 τοσοῦτον
1066 5017 1223 5070 ὲπιθυ
1231 5019 1339 5087 μεῖ.

522 5085 636 5155 (17)
668 5085 814 5139 Editi
857 5085 1291 5157 πεπλανημένον.
1341 5086 1568 5157 Antiqui
1598 5088 1708 5143 duo
1738 5087 1862 5142 libri
1896 5087 2033 5140 ἀπο-

451 5154 825 5228 πλανῲμενον.
875 5157 980 5228 Alii
1030 5154 1265 5227 quatuor
1308 5154 1707 5228 atlavtbitsvou:
1743 5174 1852 5227 qua
1900 5174 2033 5212 voce

450 5224 814 5281 Combeﬁsius
835 5224 1132 5297 significari
1158 5230 1275 5281 vult
1296 5224 1600 5282 haereticos.
1634 5227 1735 5281 Hic
1757 5224 1918 5289 enim,
1948 5229 2040 5282 in-

451 5298 592 5365 quit,
621 5297 817 5367 Βαδὶιὲἱ
841 5307 1020 5359 (etate,
1044 5297 1268 5350 vexandi
1281 5301 1590 5365 proximum
1612 5302 1877 5353 maximus
1897 5314 2028 5367 pra:-

454 5375 648 5423 teztus.
678 5366 785 5420 Sed
809 5383 934 5421 cum
964 5370 1114 5438 avari
1148 5384 1217 5423 ne
1244 5370 1485 5438 cogitare
1512 5370 1731 5438 quidem
1758 5370 1826 5423 de
1856 5366 2026 5423 luere-

452 5437 580 5490 ticis
611 5438 757 5492 soliti
790 5438 922 5499 sint,
956 5437 1201 5493 arbitror
1229 5437 1453 5509 intelligi
1490 5437 1672 5509 potius
1704 5440 1904 5492 debere
1938 5455 2029 5493 er-

451 5522 654 5561 rones:
693 5511 785 5577 qui
834 5524 961 5562 cum
1014 5510 1270 5562 omnibus
1324 5510 1637 5563 hominibus
1681 5510 1865 5563 inl’csti
1893 5512 2026 5570 sint,

451 5578 755 5646 speciosam
807 5579 1183 5647 conquerendi
1232 5595 1455 5633 causam
1511 5581 1691 5633 avaris
1739 5580 1846 5634 illis
1898 5581 2031 5632 dare

451 5658 722 5705 Dolerant.
754 5648 878 5703 Mox
928 5665 1077 5705 unus
1138 5664 1239 5703 tus.
1284 5650 1347 5704 ἂν
1381 5650 1551 5714 τύχοι.
1598 5648 1841 5705 Subinde
1870 5650 2029 5705 Colb.

2025 4723 2071 4752 "
2111 4724 2217 4777 lsa.
2254 4740 2305 4787 ν,
2339 4722 2393 4778 3.

2140 4481 2347 4551 plagae:
2385 4478 2432 4534 si
2459 4492 2816 4548 conquerare,
2836 4475 3014 4544 ageris
3043 4486 3168 4526 reus
3188 4466 3532 4536 injuriarum,
3565 4461 3718 4516 addi-

2137 4571 2281 4626 ceris
2329 4569 2600 4633 servituti,
2634 4567 2909 4623 habitabis
2955 4578 3279 4620 carcerem:
3328 4555 3503 4626 parati
3554 4567 3716 4624 syco-

2470 4725 2512 4755 "’
2553 4721 2619 4776 111
2658 4721 2785 4793 Reg.
2826 4739 2935 4775 χιιι.

2129 4879 2324 4950 tertius
2352 4878 2616 4950 πρότερον
2647 4878 2936 4932 παύσεται.

2203 4948 2317 5018 (18)
2351 4944 2490 5002 Είίίῑί
2525 4944 2591 5003 ὀι
2632 4964 2724 5002 sex
2764 4964 2895 5001 [ηδε.
2941 4946 3032 5018 τὸν
3078 4944 3418 5015 Ἰσραηλίτην
3457 4944 3716 5018 ἀπέκτεια

2131 5016 2243 5071 νεν.
2286 5019 2391 5073 Sed
2424 5027 2571 5073 recte
2613 5018 2897 5072 adnotavit
2934 5016 3327 5085 Combelisins.
3360 5029 3456 5084 pro
3502 5016 3718 5085 Ἰσραη-

2132 5088 2286 5158 λίτην
2312 5090 2598 5157 legendum
2624 5105 2744 5158 esse
2778 5086 3166 5158 Ἰεζραηλίτην.
3191 5084 3388 5141 Statim
3415 5100 3548 5140 mss.
3576 5101 3715 5137 non-

2136 5155 2271 5213 nulli
2301 5155 2399 5229 οὐχ
2426 5162 2460 5230 ἡ
2489 5158 2605 5213 τοῦ.
2632 5155 3070 5230 Εάἱιὶὴοὺχὶτοῦ.

2207 5230 2325 5297 (19)
2362 5225 2518 5284 Coib.
2557 5231 2748 5282 tertius
2772 5225 3149 5297 ὄριαέαυτῆς.

2201 5293 2316 5368 (20)
2344 5300 2500 5355 Coll).
2524 5300 2734 5367 primus
2752 5293 2860 5368 ἀπὸ
2884 5293 3569 5368 μικρᾶς“....λαμ6ἀνοντες
3589 5293 3711 5368 τήν.

2202 5364 2314 5440 (21)
2341 5369 2498 5423 Co'lb.
2524 5364 2734 5440 tertius
2769 5364 2911 5440 οὕτω
2942 5364 3036 5421 καὶ
3068 5369 3117 5420 οί
3150 5364 3394 5440 πλοιξσιοι
3417 5368 3489 5440 ι-ὶκΔ
3510 5364 3716 5434 μικρᾶς

2129 5437 2411 5511 δυνάμεως
2444 5457 2539 5508 πρ.
2568 5439 2782 5511 ibidem
2831 5438 2963 5493 editi
3019 5438 3427 5511 προσελθόντες.
3464 5437 3534 5488 At
3577 5451 3712 5488 mss.

2133 5508 2389 5580 nonnulli
2421 5508 2804 5580 παρελθόντες.

2205 5580 2317 5647 (22)
2355 5572 2847 5635 ΕιΙὶιὶ’δυναστείαν
2888 5580 3072 5636 αὑτοῦ.
3117 5576 3235 5634 Vox
3269 5576 3433 5632 αὑτοῦ
3468 5575 3618 5632 deest
3657 5572 3717 5627 in

2137 5665 2270 5706 mss.
2309 5650 2519 5707 multis.
