4052 6214
369 280 470 336 9.95

1682 271 1740 325 ὃ.
1783 268 2028 329 BASIL"
2074 269 2292 327 MAGNI

3528 273 3634 332 236

368 396 619 464 phautm,
662 389 753 459 qui
785 395 838 443 te
882 394 1078 443 vocent
1106 386 1161 441 in
1192 386 1317 441 vita:
1348 384 1671 458 periculum.
1705 384 1943 455 Denique

2053 387 2297 457 οἰκήσεις
2342 381 2403 436 τὺ
2443 382 2836 452 δεσμωτήριον,
2869 383 2916 435 ο⁴ί
2966 383 3294 453 συκοφάνται
3329 382 3630 455 εὐτρεπεῖς,

363 492 544 538 tecum
576 483 711 537 bene
757 488 940 535 actum
984 479 1204 550 putabis
1232 518 1247 543 ,
1308 478 1354 532 si
1392 478 1554 532 etiam
1603 476 1750 530 aliud
1785 477 1945 547 quid-

366 576 510 646 piam
545 572 810 642 adjiciens
841 572 926 625 his
959 568 1225 625 molestiis
1261 566 1534 623 libereris.

437 666 493 718 6.
517 661 692 717 Velim
715 668 768 716 te
798 660 868 715 ab
897 659 1182 729 injustitiae
1229 657 1487 728 operibus
1518 655 1796 726 paululum
1841 652 1952 724 58

366 757 661 827 respirare.
692 761 748 809 et
772 751 1196 824 cogitationibus
1234 750 1342 803 tuis
1373 749 1546 815 otium
1572 747 1724 809 dare,
1767 756 1946 801 tecum

369 857 429 902 ut
461 858 679 917 reputes
701 845 769 900 ad
797 859 958 915 quem
990 845 1150 898 linem
1185 840 1426 897 studium
1449 841 1719 909 ejusmodi
1767 854 1946 894 rerum

368 938 576 993 tendat.
597 936 775 990 Habes
793 938 1074 1004 totjugera
1094 939 1255 986 terra:
1275 930 1517 992 arabilis,
1538 929 1763 983 totidem
1789 937 1950 982 terrae

368 1029 658 1083 arboribus
678 1026 924 1088 consita),
954 1033 1190 1086 montes,
1221 1036 1463 1090 campos,
1501 1021 1694 1086 saltus,
1728 1020 1945 1083 ﬂuvios,

365 1127 543 1190 prata.
574 1116 714 1183 Quid
738 1117 903 1186 igitur
920 1122 1043 1185 post
1063 1113 1212 1168 haec?
1232 1113 1424 1166 Nonne
1442 1120 1552 1164 tres
1569 1119 1777 1164 tantum
1792 1119 1951 1163 terrae

366 1211 532 1265 cubiti
557 1217 610 1263 te
632 1205 986 1277 exspectant?
1004 1202 1195 1258 Nonne
1221 1216 1519 1273 paucorum
1543 1201 1780 1271 lapidum
1809 1217 1949 1257 onus

365 1301 570 1355 misero
604 1298 822 1369 corpori
871 1295 1232 1351 custodiendo
1286 1295 1391 1349 erit
1441 1292 1613 1348 satis?
1649 1293 1821 1361 Cujus
1870 1295 1949 1348 rei

364 1393 540 1464 gratia
560 1387 816 1445 laboras?
842 1386 925 1444 Ob
948 1402 1111 1458 quam
1144 1402 1257 1441 rem
1287 1386 1471 1455 inique
1494 1385 1654 1454 agis?
1678 1382 1817 1450 Quid
1841 1399 1951 1437 ma-

364 1483 528 1539 nibus
574 1482 787 1551 colligis
834 1479 1221 1534 infructuosa?
1262 1477 1443 1548 Atque
1500 1477 1709 1531 utinam
1774 1476 1950 1531 infru-

363 1589 576 1641 ctuosa,
607 1591 714 1631 non
738 1575 1018 1629 materiam
1043 1572 1151 1642 igni
1180 1574 1413 1627 aeterno!
1435 1570 1575 1626 Num
1608 1570 1827 1626 tandem
1857 1586 1947 1624 re-

363 1670 596 1740 sipisces
621 1669 690 1723 ab
726 1667 829 1721 hac
853 1665 1159 1721 ebrietate?
1203 1662 1344 1717 Num
1394 1662 1627 1732 recipies
1657 1668 1712 1716 te
1757 1659 1825 1715 ad
1867 1676 1950 1716 sa-

2049 477 2129 539 εἰς
2156 476 2247 528 τὸν
2271 474 2411 544 ὑπὲρ
2437 471 2529 526 τοῦ
2568 473 2665 543 ζῇν
2692 472 2933 526 κίνδυνον
2969 472 3354 537 καθιστῶντες.
3394 475 3633 547 Ἀγαπή-

2051 582 2184 629 σεις,
2216 566 2306 618 καὶ
2330 565 2456 620 ἀλλο
2475 582 2527 617 τι
2562 563 2825 635 προσδοὺς
2843 602 2858 627 ,
2890 563 3236 635 ἀπηλλάχθαι
3264 567 3626 639 πραγμάτων.

2120 658 2175 711 6.
2209 655 2538 727 Ἐὄουλόμην
2555 671 2612 707 σε
2632 653 2826 726 μικρὸν
2847 653 3181 707 ἀναπνεῦσαι
3196 655 3303 707 τῶν
3326 656 3501 728 ἔργων
3528 659 3629 730 τῆς

2048 748 2281 812 ἀδικίας,
2312 748 2407 801 καὶ
2449 745 2633 800 δοῦναι
2663 745 2855 818 σχολὴν
2892 748 3007 809 τοῖς
3048 747 3272 801 σεαυτοῦ
3313 749 3628 821 λογισμοῖς,

2048 843 2187 897 ὥστε
2214 840 2581 914 ἐνθυμηθῆναι
2616 839 2753 911 πρὸς
2791 841 2974 892 ὁποῖον
3006 838 3180 910 πέρας
3214 840 3247 911 ἡ
3283 841 3486 912 σπουδὴ
3520 842 3628 893 τῶν

2048 935 2347 1007 γινομένων
2370 932 2687 987 συντέταται
2705 930 2840 1003 (23).
2866 931 3051 1001 Ἔχεις
3071 931 3175 1003 γῆς
3204 932 3359 1004 ἀροσί
3366 948 3467 1003 μου
3500 933 3630 986 πλέ-

2048 1029 2154 1102 θρα
2177 1029 2310 1082 τόσα
2333 1027 2427 1082 καὶ
2449 1025 2602 1090 τόσα,
2628 1025 2731 1097 γῆς
2757 1024 3169 1095 πεφυτευμένης
3182 1026 3418 1079 τοσαῦτα
3443 1025 3627 1097 ἕτερα.

2048 1120 2172 1192 δρη,
2203 1119 2381 1183 πεδία,
2420 1120 2618 1181 νάπας,
2660 1117 2960 1187 ποταμοὺς,
2990 1115 3232 1179 λιϐάδας.
3274 1118 3339 1170 Τί
3362 1113 3454 1171 οὖν
3488 1119 3628 1189 μετὰ

2048 1208 2323 1273 conﬁt-1;
2392 1208 2526 1278 Οὐχὶ
2585 1208 2737 1278 τρεῖς
2791 1222 2851 1257 σε
2910 1205 3108 1275 πήχεις
3160 1206 3514 1277 ἀναμένουσιν
3574 1208 3624 1261 oi

2049 1303 2279 1366 πάντεςς
2326 1301 2460 1371 Οὐχὶ
2494 1299 2656 1353 λίθων
2682 1297 2880 1366 ὀλίγων
2919 1296 3086 1369 βάρος
3118 1298 3339 1369 ἀρκέσει
3367 1300 3501 1371 πρὸς
3531 1318 3629 1369 φυ-

2048 1393 2220 1464 λακὴν
2252 1396 2318 1464 τῇ
2345 1393 2590 1464 δυστήνῳ
2613 1390 2810 1463 σαρκί;
2841 1391 3010 1463 ’Υπὲρ
3030 1390 3174 1456 τίνος
3206 1391 3451 1462 μοχθεῖς;
3488 1394 3627 1464 ὑπὲρ

2046 1486 2191 1551 τίνος
2210 1488 2542 1557 παρανομεῖς
2560 1502 2575 1551 ;
2593 1484 2656 1537 Τί
2681 1484 2932 1552 συνάγεις
2959 1485 3147 1555 χερσὶν
3166 1483 3471 1557 ἀκαρπίαν;
3498 1484 3625 1539 Εἴθε

2049 1579 2324 1650 ἀκαρπίαν
2336 1579 2430 1632 καὶ
2448 1576 2522 1649 μὴ
2539 1575 2671 1646 ὕλην
2692 1576 2771 1649 τῷ
2784 1578 2986 1649 αἰωνίῳ
3004 1578 3165 1648 πυρίί
3194 1578 3268 1630 Οὐ
3288 1577 3475 1647 νήφεις
3496 1579 3626 1631 ποτὲ

2049 1670 2157 1723 ἀπὸ
2181 1671 2279 1741 τῆς
2304 1669 2473 1741 μέθης
2497 1669 2697 1737 ταύτης
2722 1686 2736 1733 ;
2758 1670 2869 1739 Οὐχ
2891 1670 3132 1737 ὐγιανεῖς
3153 1669 3276 1732 τοὺς
3296 1667 3622 1737 λογισμούς;

362 1759 573 1813 niorem
598 1755 879 1811 mentem?
901 1753 1038 1808 Num
1088 1756 1167 1808 tui
1197 1754 1337 1824 juris
1366 1752 1515 1807 eris?
1564 1751 1702 1806 Num
1736 1752 1943 1806 Christi

2050 1762 2127 1814 U"J
2160 1758 2386 1814 σεαυτοῦ
2426 1760 2627 1830 γενήσῃ
2652 1775 2667 1823 ;
2705 1758 2780 1811 Οὐ
2810 1758 2916 1828 πρὸ
2957 1756 3251 1828 ὀφθαλμῶν
3276 1749 3418 1829 λήψῃ
3439 1758 3499 1810 τὸ
3529 1757 3624 1811 τοῦ

360 1850 631 1919 judicium
661 1848 757 1903 tibi
785 1862 954 1918 pones
984 1847 1055 1902 ob
1088 1846 1311 1902 oculos?
1361 1844 1535 1911 Quam
1582 1845 1848 1898 allaturus
1888 1860 1948 1900 es

364 1941 935 2004 excusationem,cum
962 1938 1001 1992 ii
1030 1937 1123 2007 qui
1150 1936 1351 2007 injuria
1384 1934 1562 1990 all'ecti
1590 1934 1810 1997 fuerint,
1833 1934 1947 2003 jam

364 2040 420 2087 te
472 2031 920 2092 circumstantes,
974 2029 1264 2084 adversum
1314 2036 1367 2083 te
1411 2026 1724 2081 clamabunt
1762 2040 1948 2079 coram

361 2122 759 2194 a-quojudice?
783 2120 925 2187 Quid
960 2135 1095 2191 ergo
1127 2119 1335 2174 facies?
1376 2133 1515 2189 quos
1545 2116 1822 2172 conduces
1852 2132 1948 2187 pa-

364 2217 597 2271 tronos'!
624 2230 764 2287 quos
788 2221 956 2269 testes
988 2213 1300 2284 produces?
1328 2211 1605 2283 quomodo
1625 2200 1947 2282 corrumpes

357 2309 621 2379 judicem,
656 2307 747 2377 qui
772 2308 938 2361 nullis
970 2305 1181 2359 artibus
1211 2305 1387 2375 decipi
1408 2305 1624 2375 potest?
1649 2302 1844 2358 Nullus
1870 2303 1941 2358 ibi

362 2401 518 2456 adest
549 2399 767 2466 rhetor;
803 2412 915 2452 non
945 2406 1072 2452 sunt
1095 2397 1261 2452 verba
1293 2398 1567 2456 suasoria.
1615 2398 1817 2468 quibus
1854 2398 1946 2469 ju-

361 2491 505 2547 dicis
542 2492 747 2546 veritas
790 2488 1174 2545 circumveniri
1229 2488 1436 2559 possit;
1486 2504 1595 2543 non
1644 2496 1947 2560 sequuntur

364 2583 694 2647 adulatores,
726 2598 833 2636 non
857 2581 1122 2652 pecuniae,
1148 2596 1255 2635 nou
1286 2580 1462 2636 fastus
1479 2581 1763 2653 dignitatis
1803 2600 1817 2637 :
1849 2582 1945 2638 de-

364 2682 545 2730 sertus
567 2675 635 2729 ab
658 2673 871 2736 amicis,
907 2673 1203 2728 destitutus
1237 2670 1567 2736 fautoribus,
1609 2674 1728 2728 sine
1761 2680 1945 2743 patro-

363 2767 532 2831 cinio,
556 2767 695 2819 citra
723 2765 1120 2827 defensionem,
1144 2764 1353 2834 pudore
1383 2765 1626 2820 sull'usus
1642 2766 1945 2835 deprehen-

362 2858 530 2919 deris.
560 2857 759 2924 tristis,
780 2864 1035 2919 maestus,
1060 2855 1361 2918 solitarius,
1389 2856 1584 2910 fiducia
1602 2871 1666 2911 ac
1696 2857 1945 2913 libertate

364 2949 620 3020 loquendi
655 2962 873 3003 carens.
928 2945 1268 3013 Quocunque
1295 2947 1441 3001 enim
1487 2956 1773 3002 convertes
1805 2962 1943 3002 ocu-

366 3043 473 3104 los,
504 3041 653 3096 clara
687 3046 743 3093 et
769 3042 958 3109 aperta
985 3039 1295 3108 conspicies
1312 3038 1580 3093 scelerum
1599 3046 1937 3109 argumenta.

364 3132 493 3186 hinc
521 3130 710 3201 pupilli
745 3130 1037 3201 lacrymas,
1056 3131 1208 3184 illinc
1237 3129 1413 3184 viduae
1428 3131 1939 3202 gemitum.aliunde

362 3237 564 3293 egenos
592 3223 691 3277 abs
724 3230 778 3276 te
822 3222 1021 3292 pugnis
1068 3221 1294 3276 obtusos
1330 3242 1343 3279 :
1380 3237 1589 3288 servos,
1626 3237 1767 3292 quos
1799 3224 1941 3277 ceci-

363 3313 495 3368 disti
529 3330 544 3367 :
576 3313 810 3376 vicinos,
836 3327 978 3381 quos
1001 3310 1066 3365 ad
1093 3313 1431 3368 iracundiam
1460 3314 1769 3384 provocasti
1801 3331 1816 3369 :
1852 3313 1940 3369 in-

364 3413 591 3475 surgent
620 3405 908 3460 adversum
956 3411 1011 3460 te
1041 3404 1224 3459 omnia
1257 3423 1270 3459 :
1309 3412 1363 3459 te
1408 3413 1622 3459 tuarum
1663 3406 1939 3459 actionum

363 3497 631 3550 malarum
682 3496 882 3551 chorus
927 3510 1129 3566 pravus
1185 3495 1428 3566 stipabit.
1472 3495 1940 3563 Quemadmodum

364 3587 510 3642 enim
541 3588 733 3641 umbra
766 3603 991 3656 corpus,
1037 3589 1118 3641 sic
1153 3595 1375 3657 peccata
1425 3588 1638 3643 animas
1674 3589 1944 3643 comitan-

366 3685 476 3741 tur,
502 3686 778 3749 gestorum
810 3680 1098 3749 imaginem
1124 3678 1327 3732 claram
1367 3679 1751 3749 exprimentia.
1793 3678 1941 3746 Qua-

364 3780 587 3842 propter
610 3773 720 3827 illic
764 3772 998 3843 negandi
1030 3788 1141 3827 non
1180 3779 1265 3827 est
1314 3773 1490 3837 locus,
1532 3772 1625 3827 sed
1657 3773 1945 3828 obturatur

365 3878 429 3917 os
452 3865 535 3918 vel
565 3863 1123 3934 impudentissimum.
1156 3862 1291 3916 Nam
1319 3863 1436 3932 ipsa
1465 3862 1732 3933 cujusque
1756 3879 1940 3935 opera,

365 3969 475 4008 non
505 3955 724 4024 quidem
743 3970 931 4011 vocem
962 3955 1413 4020 emittentia,‘scd
1446 3956 1575 4010 talia
1605 3959 1941 4026 apparentia,

364 4047 548 4116 qualia
573 4061 603 4099 a
642 4047 801 4102 nobis
852 4055 1075 4117 peracta
1116 4055 1272 4112 sunt,
1323 4046 1505 4102 ferunt
1549 4050 1941 4105 testimonium.

365 4139 652 4206 Quomodo
673 4148 864 4211 potero
897 4139 996 4193 tibi
1028 4139 1100 4193 ob
1137 4140 1331 4194 oculos
1389 4140 1662 4195 horrenda
1715 4143 1808 4195 illa
1849 4158 1947 4213 po-

365 4232 538 4287 nere?
564 4233 752 4301 Itaque
780 4233 826 4288 si
861 4233 1126 4296 audieris,
1157 4233 1204 4289 si
1238 4232 1499 4296 nectaris,
1548 4234 1841 4289 recordare
1880 4235 1946 4288 il-

2046 1848 2283 1921 Χριστοῦ
2342 1849 2731 1920 δικαστήριον;
2793 1847 2859 1900 Τί
2911 1847 3247 1919 ἀπολογήσῃ,
3300 1847 3520 1901 ἐπειδάν
3562 1865 3623 1900 σε

2046 1940 2231 2013 κύκλῳ
2261 1938 2615 2012 περιστάντες
2650 1939 2700 1991 οἱ
2732 1938 3047 2009 ἠδικημένοι
3073 1938 3380 1992 καταϐοῶσί
3408 1955 3498 1992 σου
3532 1939 3625 1991 ἐπὶ

2044 2031 2138 2084 τοῦ
2184 2031 2392 2084 δικαίου
2445 2027 2676 2101 κριτοῦ;
2712 2029 2777 2081 Τί
2833 2025 3062 2099 οὔναί)
3113 2029 3392 2098 ποιήσειςς
3438 2028 3624 2090 ποίους

2047 2122 2377 2193 συνηγόρους
2395 2119 2640 2192 μισθώσῃ
2666 2136 2680 2185 ;
2712 2120 2895 2181 ποίους
2914 2120 3195 2193 μάρτυρας
3212 2122 3585 2191 παραστήσεις
3605 2137 3621 2186 ;

2045 2216 2164 2280 πῶς
2191 2214 2554 2287 παραπείσεις
2592 2212 2685 2265 τὸν
2712 2211 3147 2284 ὰπαραλόγιστον
3180 2210 3473 2283 δικαστήν;
3509 2211 3623 2265 Οὐκ

2044 2309 2122 2361 ἔνι
2149 2308 2332 2379 ῥήτωρ
2359 2308 2507 2359 ἐκεῖο
2531 2304 2629 2358 οὐκ
2655 2303 2735 2356 ἔνι
2773 2302 3066 2373 πιθανότης
3114 2303 3393 2373 ῥημάτων,
3428 2303 3621 2372 κλέψαι

2042 2399 2316 2471 δυναμένη
2364 2396 2457 2451 τοῦ
2510 2393 2761 2449 δικαστοῦ
2812 2395 2911 2466 τὴν
2944 2394 3237 2465 ἀλήθειαν·
3281 2396 3380 2447 οὐκ
3408 2395 3624 2448 ἀκολου-

2044 2493 2228 2546 θοῦσιν
2283 2493 2332 2545 οἰ
2388 2489 2639 2553 κόλακες,
2664 2489 2725 2541 οὐ
2755 2487 2825 2541 τὰ
2849 2489 3128 2559 χρήματα,
3157 2488 3256 2540 οὐκ
3280 2490 3309 2540 ό
3344 2487 3507 2556 δγκος
3526 2489 3622 2541 τοῦ

2043 2582 2385 2655 ἀξιώματοςο
2431 2580 2637 2653 ἕρημος
2679 2580 2882 2651 φίλων,
2931 2579 3136 2651 ἔρημος
3187 2578 3416 2651 βοηθῶν,
3461 2580 3623 2635 ἀσυν-

2044 2675 2333 2747 ηγόρητος,
2399 2673 2824 2744 ἀναπολόγητος,
2876 2671 3328 2743 κατῃσχυμμένος
3376 2672 3623 2743 παραλη-

2044 2766 2224 2839 φθήσῃ
2279 2765 2414 2836 (25),
2472 2764 2819 2835 σκυθρωπὸς,
2892 2763 3164 2832 κατηφὴς,
3215 2764 3621 2833 μεμονωμένος.

2042 2858 2513 2930 ἀπαρρησίαστος.
2540 2857 2713 2909 Ὅπου
2738 2854 2846 2927 γὰρ
2871 2853 2936 2908 ἂν
2953 2855 3295 2925 περιαγάγῃς
3319 2855 3410 2908 τὸν
3425 2854 3624 2924 ὀφθαλ-

2047 2951 2165 3021 μὸν,
2201 2950 2452 3019 ἐναργεῖς
2502 2946 2621 3018 ὄψει
2680 2946 2789 2999 τῶν
2825 2945 3011 2999 κακῶν
3047 2944 3147 3009 τὰς
3184 2947 3398 3009 εἰκόνας
3419 2961 3435 2976 ·
3474 2945 3625 2999 ένθεν

2043 3038 2137 3093 τοῦ
2164 3037 2403 3107 ὀρφανοῦ
2433 3036 2499 3091 τὰ
2521 3037 2754 3108 δάκρυα,
2778 3036 2988 3089 ἐκεῖθεν
3002 3035 3100 3107 τῆς
3122 3037 3296 3108 χήρας
3318 3038 3411 3089 τὸν
3440 3053 3595 3091 στενα
3611 3065 3627 3077 -

2041 3130 2203 3201 γμὺν,
2250 3129 2513 3201 ἑτέρωθεν
2565 3130 2693 3193 τοὺς
2749 3128 3334 3192 κατακονδυλισθέντας
3379 3129 3483 3182 ὑπὸ
3525 3130 3624 3183 σοῦ

2041 3223 2280 3294 πένητας
2300 3240 2315 3253 ·
2342 3223 2471 3286 τοὺς
2508 3222 2745 3285 οἰκέτας,
2793 3221 2886 3286 οὒς
2922 3222 3237 3287 κατέξαινες
3260 3242 3273 3253 ·
3303 3227 3430 3288 τοὺς
3452 3224 3626 3295 γείτο-

2041 3331 2158 3377 νας,
2224 3312 2318 3378 οὓς
2373 3309 2755 3384 παρώργιζεςο
2805 3311 2979 3365 πάντα
3020 3327 3104 3363 σοι
3153 3312 3622 3382 ἐπαναστήσετσιο

2041 3405 2276 3477 πονηρὸς
2331 3404 2492 3477 χορὸς
2544 3404 2654 3457 τῶν
2686 3403 2872 3457 κακῶν
2906 3420 2999 3456 σου
3045 3403 3297 3476 πράξεων
3347 3421 3625 3477 περιστοι-

2042 3497 2252 3569 χίσεταί
2278 3515 2338 3551 σε
2372 3499 2504 3568 (26).
2530 3497 2738 3569 ’Ὠσπερ
2754 3499 2862 3568 γάρ
2888 3498 2921 3568 ἠ
2964 3498 3089 3550 σκιά
3117 3496 3194 3569 τῷ
3217 3496 3445 3568 σώματι,
3482 3498 3627 3553 οὓτω

2041 3593 2159 3655 ταῖς
2218 3591 2418 3661 ψυχαῖς
2456 3592 2510 3643 αἱ
2540 3590 2804 3660 ἁμαρτίαι
2850 3589 3209 3661 παρέπονται,
3240 3591 3481 3660 ἐναργῶς
3510 3590 3625 3661 (27)

2044 3682 2143 3746 τὰς
2167 3681 2391 3755 πράξεις
2416 3680 2855 3748 ἐξεικονίζουσαι.
2883 3681 2981 3733 Διὰ
2996 3681 3153 3735 τοῦτο
3173 3681 3272 3735 οὐκ
3293 3681 3437 3735 ἔστιν
3460 3681 3628 3753 ἀρνη-

2047 3790 2133 3836 σις
2183 3774 2319 3837 ἐκεῖ,
2365 3772 2481 3826 ἀλλ’
2514 3771 2890 3845 ἐμφράσσεται
2946 3771 3006 3825 τὸ
3040 3772 3213 3843 στόμα
3248 3772 3431 3826 καὶτὸ
3473 3772 3628 3825 ἀναί-

2050 3883 2292 3937 σχυντον.
2340 3864 2489 3919 Αὕτά
2537 3866 2642 3938 γὰρ
2670 3865 2901 3919 ἑκάστου
2931 3867 3347 3936 καταμαρτυρεῖ
3387 3862 3457 3917 τὰ
3486 3863 3627 3934 πρά-

2045 3975 2253 4029 γματα,
2307 3959 2369 4011 οὐ
2403 3957 2586 4029 φωνὴν
2624 3959 2873 4028 ἀφιέντα,
2920 3956 3056 4010 ἀλλά
3080 3956 3301 4009 τοιαῦτα
3324 3955 3625 4025 φαινόμενα

2044 4047 2131 4102 οἷα
2173 4050 2261 4119 ὑφ’
2312 4049 2472 4121 ἡμῶν
2518 4049 2972 4103 κατεσκεύασται.
3003 4048 3126 4110 Πῶς
3167 4064 3248 4099 σοι
3289 4045 3498 4115 δυνηθῶ
3531 4046 3623 4098 ὑπ’

2044 4142 2166 4213 ὄψιν
2188 4143 2413 4211 ἀγαγεῖν
2448 4140 2517 4194 τὰ
2547 4141 2748 4212 φρικτά
2771 4139 2913 4209 (28);
2965 4139 3089 4191 Ἐὰν
3110 4137 3217 4209 ἄρα
3239 4135 3497 4207 ἀκούσῃς,
3526 4135 3625 4188 ἐὰν

2047 4235 2155 4307 ἄρα
2182 4234 2368 4305 ἐνδῷς,
2406 4234 2673 4306 μνήσθητι
2702 4234 2801 4302 τῆς
2831 4232 3046 4303 ἡμέρας
3077 4230 3291 4300 ἐκείνης
3315 4231 3372 4281 ἐν
3470 4229 3627 4281 Ἄπο-

368 4323 476 4377 lius
501 4321 632 4389 diei,
673 4323 729 4377 in
760 4338 871 4393 quo
907 4321 1184 4377 Revelatur
1206 4324 1291 4377 ira
1320 4322 1421 4377 Dei
1448 4324 1723 4378 decmlo“.
1752 4322 1943 4380 Veniat

2047 4327 2409 4380 καλύπτεται
2434 4325 2580 4396 ὀργὴ
2615 4325 2762 4379 Θεοῦ
2782 4321 3174 4391 ἀπόὺρανοῦ.
3206 4321 3490 4391 Μνήσθητι
3521 4320 3623 4389 τῆς

365 4414 465 4468 tibi
497 4414 553 4468 in
578 4421 810 4469 mentem
834 4415 1105 4485 gloriosus
1129 4414 1394 4472 adventus
1422 4416 1660 4486 Christi;
1686 4433 1811 4473 cum
1842 4418 1943 4485 Qui

2051 4417 2261 4483 ἐνδόξου
2282 4416 2375 4471 τοῦ
2402 4416 2639 4488 Χριστοῦ
2689 4414 2988 4487 παρουσίας
3011 4414 3141 4483 (29),
3178 4414 3266 4465 ὅτε
3296 4414 3625 4484 ἀναστήσον-

366 4505 503 4560 bona
521 4510 737 4577 egerint,
768 4517 1039 4578 resurgent
1078 4508 1135 4562 in
1169 4511 1604 4563 resurrectionem
1647 4512 1803 4576 vim;
1849 4512 1941 4582 qui

2045 4527 2135 4563 ται
2174 4512 2238 4563 Oi
2266 4510 2384 4579 μὲν
2429 4511 2503 4564 τὰ
2548 4509 2739 4579 ἀγαθὰ
2801 4505 3135 4576 πράξαντες
3166 4508 3253 4572 εἰς
3285 4505 3626 4559 ἀνάστασιν

365 4615 484 4654 vero
518 4599 683 4665 mala,
723 4600 780 4653 in
804 4600 1240 4655 resurrectionem
1273 4600 1469 4669 judicii
1495 4604 1561 4655 ²⁹.
1590 4600 1746 4657 Tunc
1784 4617 1940 4659 vere-

2045 4600 2213 4671 ζωῆς,
2242 4605 2297 4656 οἱ
2321 4600 2390 4654 δὲ
2416 4601 2488 4655 τὰ
2512 4600 2716 4670 φαῦλα
2741 4602 2829 4665 εἰς
2850 4597 3469 4666 ὐνάστασινκρίσεως.
3491 4597 3625 4649 Τότε

361 4690 560 4746 cundia
588 4699 787 4746 aeterna
813 4691 1214 4761 peccatoribus,
1244 4690 1313 4745 Et
1335 4692 1469 4763 ignis
1489 4693 1780 4762 wmulatio,
1822 4711 1941 4765 qua:

2045 4693 2275 4767 αἰσχύνη
2304 4692 2521 4759 αἰώνιος
2545 4696 2657 4757 τοῖς
2697 4693 3059 4765 ἁμαρτωλοῖς,
3088 4691 3199 4745 Kal
3231 4690 3418 4759 πυρὸς
3447 4688 3625 4759 ζῆλος

436 4846 482 4877 ’³
521 4845 679 4901 liom.
716 4861 764 4909 ι,
800 4846 888 4902 18.
964 4846 1009 4878 ⁸⁸
1046 4843 1202 4904 Joan.
1238 4862 1293 4910 v,
1324 4845 1415 4900 29.

2117 4998 2228 5072 (2])
2262 4997 2441 5072 Editio
2472 4997 2648 5053 Paris.
2685 5009 2740 5054 ct
2770 5001 2924 5054 Colb.
2959 5002 3157 5057 tertius
3190 5000 3459 5072 ἐναργῶς.
3497 5003 3626 5055 Edi-

2045 5068 2135 5142 t_i_o'
2155 5069 2325 5142 Basil.
2354 5077 2408 5123 et
2437 5072 2647 5142 aliquot
2698 5086 2827 5125 mss.
2881 5073 3151 5142 ἐναργεῖς.
3188 5068 3311 5126 Moi
3339 5068 3462 5126 duo
3490 5088 3624 5126 mss.

2043 5138 2546 5211 ἀλλάᾼφράσσεταιξ
2565 5138 2724 5211 Alius
2758 5138 3151 5211 ἐμφράττεται.

2116 5208 2228 5280 (28)
2250 5208 2389 5282 Reg.
2414 5211 2624 5282 primus
2649 5208 2885 5278 ἀγαγεῖν
2908 5210 2985 5282 τά
3009 5212 3211 5282 φρικτὰ
3234 5213 3438 5282 ἐκεῖνα.
3465 5209 3622 5271 Haud

2043 5279 2320 5333 itauiulto
2351 5280 2489 5353 iul’ra
2519 5279 2677 5334 Colb.
2720 5284 2929 5350 primus
2965 5279 3102 5353 ὀργὴ
3144 5282 3299 5337 Θεοῦ.
3341 5281 3452 5336 th
3486 5281 3624 5336 Θεοῦ

2044 5354 2198 5403 abest
2226 5365 2257 5402 a
2286 5350 2539 5417 vulgatis.

2116 5420 2229 5493 (g9)
2264 5420 2443 5493 Editio
2483 5418 2657 5476 Paris.
2694 5420 2976 5493 Μνὴσθητι
3006 5422 3101 5493 τῆς
3136 5423 3348 5493 ἡμέρας
3381 5424 3618 5493 ἐκείνης,

2048 5486 2163 5564 ἐνγῇ
2182 5486 2676 5564 ἀποκαλύπτεταιὴ
2703 5486 2921 5555 ἔνδοξος
2937 5492 3029 5544 τοῦ
3062 5486 3296 5563 Χριστοῦ
3326 5486 3618 5564 παρουσία.

2050 5561 2230 5617 Editio
2260 5561 2424 5615 Basil.
2461 5573 2513 5614 et
2543 5573 2777 5631 quatuor
2821 5578 2953 5617 mss.
3004 5572 3060 5615 ut
3096 5561 3149 5615 in
3180 5561 3465 5624 contextu.
3498 5565 3623 5617 bre-

2050 5635 2171 5683 vius
2202 5642 2253 5683 et
2287 5633 2502 5683 melius.

2050 5635 2171 5687 vius
2202 5642 2253 5686 et
2287 5633 2502 5686 melius.

439 4999 547 5067 (2'))
580 5000 735 5054 Colb.
783 5000 992 5070 primus
1035 5000 1337 5071 γινομένων
1372 5000 1741 5053 συντάττεται.
1778 4999 1932 5053 Colb.

366 5080 561 5124 tertius
593 5071 967 5125 συντέτακται.
997 5070 1066 5124 At
1093 5070 1262 5125 COisl.
1298 5080 1353 5126 ct
1383 5071 1474 5123 alii
1503 5071 1612 5125 duo
1649 5087 1783 5126 mss.
1810 5085 1937 5123 cum

367 5141 531 5195 editis
563 5140 902 5206 συντέταται,
934 5143 1089 5196 bene.
1277 5202 1282 5208 _

392 5210 550 5292 "(2‘)
585 5208 845 5264 Voculam
884 5208 975 5265 οὖν
1005 5211 1317 5266 addidimus
1361 5226 1426 5266 ex
1480 5211 1725 5282 antiquis
1758 5211 1935 5265 tribus

368 5281 549 5425 “Pa;
584 5347 727 5425 Editi
759 5360 814 5404 et
839 5352 989 5425 Col‘b.
1024 5352 1221 5425 tertius
1244 5353 1700 5425 κατῃσχυμμένος
1722 5350 1937 5425 ἀπολει-

368 5420 570 5492 φθήσῃ,
596 5420 800 5492 pudore
834 5422 1068 5490 stt/fusus
1102 5420 1626 5492 reiinquerixfiiolb.
1658 5424 1935 5477 secundus

367 5491 750 5562 ἀποληφθήσῃ.
802 5493 868 5544 At
912 5492 1067 5545 Colb.
1114 5494 1324 5561 primus
1360 5502 1414 5547 et
1460 5491 1608 5561 Regii
1643 5504 1756 5547 tres
1801 5508 1933 5545 mss.

367 5578 499 5644 cum.
547 5563 786 5616 editione
842 5562 1001 5617 Basil.
1052 5563 1474 5634 παραληφθήσῃ,
1517 5563 1936 5631 deprehenderis.

366 5640 717 5775 ηἷὲθιῗίίεε.
744 5702 953 5775 primus
980 5704 1453 5774 περιστοιχησεταί
1495 5720 1574 5756 σοι
