4052 6214
288 353 390 412 297

1554 358 1838 418 HOMILIA
1878 361 1944 418 ΙΝ
1986 363 2281 420 DIVITES.

3447 373 3554 428 298

285 469 465 524 ἐσθίει
474 487 508 521 ν
521 470 770 540 μέλλων
790 472 933 539 τοὺς
958 475 1371 542 ὑπεναντίους.
1411 477 1619 531 Ἐκεῖνα
1638 480 1843 534 λυπείτι

1975 490 2349 548 consumptum
2372 490 2448 534 est
2470 481 2801 536 adversarios
2829 482 2892 534 ³ο.
2924 480 3047 536 "th
3085 491 3136 536 te
3169 483 3387 537 tristitia
3432 485 3552 540 alli-

291 579 369 623 σε,
403 564 495 614 καὶ
518 563 592 633 μὴ
617 563 861 617 λυπείτω
895 567 1012 636 σεὴ
1045 567 1252 637 ἐντολή.
1285 567 1411 630 Πῶς
1445 586 1502 622 σε
1529 570 1874 643 δυσωπήσω;

289 652 341 703 τί
394 651 734 724 φθέγξομαι;
787 655 1077 719 Βασιλείας
1131 659 1230 710 οὐκ
1277 659 1598 730 ἐπιθυμεῖς;
1654 662 1878 729 γέενναν

287 742 348 793 ού
381 741 550 812 φο6ῇ;
619 743 785 797 πόθεν
838 746 1042 817 εὑρεθῇ
1105 748 1248 813 ἴασις
1297 753 1362 821 τῇ
1422 750 1568 823 ψυχῇ
1603 753 1873 823 (50)σου;

291 833 351 884 ΕΞ
375 835 479 904 γὰρ
502 835 570 888 τὰ
613 836 819 906 φρικτὰ
845 839 906 890 οὐ
940 843 1110 904 πτοεί,
1139 841 1210 894 τὰ
1247 843 1447 914 φαιδρὰ
1481 846 1541 897 οὐ
1571 849 1874 918 προτρέπε-

290 939 393 986 ται,
425 923 604 997 λιθίνῃ
633 927 831 998 καρδία
864 928 1246 1001 διαλεγόμεθα.

356 1103 414 1156 7.
435 1104 757 1174 Διάὅλεψον,
778 1108 1056 1177 ἄνθρωπε,
1078 1109 1211 1180 πρὸς
1231 1111 1497 1182 τὴνφύσιν
1513 1115 1606 1168 τοῦ
1620 1116 1870 1170 πλούτου.

285 1196 351 1247 Τί
373 1195 625 1248 τοσοῦτον
652 1198 921 1267 ἐπτόησαι
959 1201 1086 1272 περὶ
1117 1202 1208 1253 τὸν
1248 1205 1477 1274 χρυσόν;
1525 1207 1682 1271 Λίθος
1725 1210 1874 1261 ἐστὶν

281 1291 309 1340 ὁ
334 1289 553 1360 χρυσὸς,
584 1289 731 1353 λίθος
753 1292 781 1342 ὁ
805 1291 1065 1363 ἄργυρος,
1098 1294 1243 1358 λίθος
1268 1298 1296 1348 ὁ
1328 1299 1693 1372 μαργαρίτης,
1726 1302 1874 1366 λίθος

279 1378 383 1431 τῶν
411 1379 575 1432 λίθων
621 1380 883 1445 ἕκαστος·
916 1386 1254 1456 χρυσόλιθον,
1290 1391 1382 1442 καὶ
1411 1390 1698 1462 βηρύλλιον
1737 1396 1869 1465 (51),

279 1472 370 1524 καὶ
401 1471 636 1544 ἀχάτης,
663 1475 759 1527 καὶ
787 1476 1060 1541 ὑάκινθος,
1092 1480 1183 1533 καὶ
1217 1482 1506 1551 ἀμέθυσος,
1536 1487 1629 1540 καὶ
1666 1487 1866 1554 ἴασπις.

277 1561 457 1616 Ταῦτα
488 1564 553 1635 δὴ
574 1564 672 1618 τοῦ
719 1566 950 1621 πλούτου
985 1571 1055 1624 τὰ
1076 1571 1209 1644 ἄνθη
1237 1590 1250 1602 °
1277 1567 1352 1628 ὧν
1378 1576 1443 1628 σὺ
1460 1578 1528 1631 τὰ
1556 1580 1654 1648 μὲν
1677 1582 1869 1634 ἀποτί-

276 1657 424 1712 θεσαι
476 1662 904 1733 κατακρύπτων,
944 1666 1036 1718 καὶ
1097 1669 1223 1732 τοὺς
1258 1669 1534 1739 διαφανεῖς
1565 1674 1672 1727 τῶν
1709 1676 1868 1730 λίθων

278 1749 446 1819 σκότῳ
475 1751 769 1806 καλύπτων
795 1755 909 1825 (52)
932 1774 944 1785 ·
979 1759 1104 1822 τοὺς
1134 1759 1189 1812 δὲ
1215 1763 1551 1833 περιφέρεις,
1579 1767 1686 1818 τῶν
1710 1767 1868 1837 βαρυ-

1979 572 2148 638 ciant,
2190 587 2298 625 non
2346 573 2634 626 molestum
2691 573 2787 626 tibi
2838 573 2911 627 sit
2967 574 3141 642 ipsum
3196 583 3547 644 praeceptum.

1979 661 2260 727 Quomodo
2291 663 2501 718 [lectam
2537 665 2628 717 te?
2673 664 2802 734 quid
2842 665 3057 719 dicam?
3103 663 3274 733 Regni
3321 682 3432 720 non
3464 675 3550 722 te-

1979 755 2128 809 neris
2161 755 2469 811 desiderio?
2493 773 2602 810 nun
2637 758 2797 812 times
2819 758 3120 827 gehennam
3139 758 3162 811 ?
3179 757 3320 813 unde
3340 759 3550 815 sanitas

1977 846 2172 902 animae
2202 855 2308 902 tuae
2335 848 2755 902 eoneiliabitur?
2790 848 2999 903 Etenim
3023 851 3070 905 si
3103 857 3155 904 te
3195 866 3304 905 non
3343 858 3550 906 terrent

1977 937 2269 1004 horrenda,
2299 939 2345 994 si
2377 940 2495 994 lazta
2525 956 2587 994 ac
2620 941 2817 996 hilaria
2852 957 2962 996 non
3004 942 3378 1011 exstimulant,
3411 943 3549 1014 lapi-
3641 952 3645 958 ‘

1975 1027 2137 1084 deum
2171 1045 2267 1086 cor
2296 1031 2646 1102 alloquimur.

2044 1122 2096 1176 7.
2119 1121 2358 1186 Intuere,
2385 1139 2418 1176 o
2447 1124 2630 1185 homo,
2658 1132 2906 1178 naturam
2937 1123 3268 1177 divitiarum.
3295 1122 3438 1191 Quid
3463 1133 3547 1179 at-

1975 1215 2184 1271 tonitus
2241 1222 2523 1286 tantopere
2575 1232 2768 1270 aurum
2819 1217 3080 1271 miraris?
3127 1216 3290 1286 Lapis
3349 1232 3544 1271 aurum

1972 1318 2076 1374 est,
2112 1308 2249 1378 lapis
2281 1317 2590 1378 argentum,
2623 1308 2762 1378 lapis
2788 1309 3102 1378 margarita,
3137 1308 3274 1377 lapis
3303 1307 3544 1378 lapidum

1973 1402 2383 1471 unusquisque;
2413 1401 2802 1472 chrysolithus,
2835 1401 3094 1471 beryllus,
3129 1401 3370 1466 achates,
3414 1401 3546 1471 hya-

1953 1490 2210 1555 cinthus,
2229 1492 2540 1562 amethysus
2560 1500 2612 1548 et
2629 1493 2825 1563 jaspis.
2855 1492 2963 1563 59
2982 1491 3044 1545 Hi
3075 1501 3202 1547 sunt
3228 1491 3542 1546 divitiarum

1970 1581 2153 1646 ﬂores,
2183 1600 2413 1652 quorum
2447 1592 2503 1640 tu
2535 1593 2743 1655 partem
2782 1586 2855 1639 ita
2873 1584 3126 1639 recondis
3151 1592 3206 1639 et
3223 1583 3539 1646 abscondis,

1972 1684 2028 1729 ut
2058 1677 2358 1746 pellucidos
2391 1679 2655 1748 quosdam
2683 1679 2897 1748 lapillos
2924 1687 3077 1747 tegas
3109 1677 3375 1743 tenebris,
3401 1678 3541 1731 alios

1968 1765 2344 1831 circumferas,
2367 1767 2543 1838 deque
2567 1769 2928 1838 pretiosorum
2951 1768 3240 1840 splendore
3265 1768 3535 1839 glorieris.

271 1841 439 1908 τίμων
492 1845 928 1917 ἐναϐρυνόμενος
961 1850 1136 1902 αὐτῶν
1165 1855 1228 1924 τῇ
1277 1855 1440 1925 αὐγῇ.
1473 1857 1631 1920 Εἰπὲ,
1657 1861 1708 1912 τί
1737 1861 1843 1928 ὄφει

1964 1857 2082 1926 Dic,
2127 1874 2333 1930 quaeso,
2373 1863 2501 1930 quid
2534 1862 2628 1916 tibi
2657 1863 2879 1931 prodest
2938 1876 3158 1915 manum
3211 1861 3410 1930 lapillis
3444 1876 3540 1915 co-

271 1932 356 1996 ).o';
407 1952 490 1987 σοι
521 1935 692 2001 λίθοις
720 1938 1077 2014 λαμπομένην
1118 1947 1498 2018 περιστρέφειν
1535 1951 1633 2021 τὴν
1663 1957 1852 2024 χεῖρα;

269 2023 380 2074 Οὐκ
426 2024 690 2097 ἐρυθριᾷς
741 2027 978 2083 λιθιδίων
1032 2033 1233 2085 κισσῶν
1281 2036 1356 2097 ὡς
1380 2041 1669 2104 γυναῖκες,
1731 2023 1856 2094 ὅταν

266 2112 436 2167 κύωσι
457 2133 471 2177 ;
509 2118 622 2171 Καὶ
643 2118 752 2191 γὰρ
769 2121 974 2176 ἐκεῖναι
997 2123 1194 2179 λιθίδια
1223 2128 1644 2199 περιτρώγουσι,
1669 2135 1763 2186 καὶ
1789 2136 1852 2187 σὺ

265 2201 457 2274 λίχνως
485 2207 633 2278 ἔχεις
681 2212 814 2282 περὶ
866 2213 936 2267 τὰ
967 2215 1102 2287 ἄνθη
1145 2216 1254 2270 τῶν
1277 2218 1458 2283 λίθων,
1498 2224 1849 2294 σαρδόνυχας,

266 2298 353 2349 καί
383 2299 660 2365 ἰάσπιδας,
707 2305 800 2356 καὶ
839 2305 1146 2376 ἀμεθύσους
1184 2311 1474 2381 ἐπιζητῶν.
1513 2315 1609 2377 Τίς
1652 2316 1850 2370 καλλω-

264 2392 458 2460 πιστὴς
514 2392 644 2461 μίαν
702 2396 914 2466 ἡμέραν
954 2399 1190 2471 ἠδυνήθη
1234 2402 1311 2472 τῷ
1355 2403 1453 2473 βίῳ
1497 2408 1847 2478 προσθεῖναι;

259 2483 400 2544 τίνος
440 2486 703 2553 ἐφείσατο
739 2488 967 2554 θάνατος
1002 2493 1091 2547 διὰ
1135 2497 1224 2549 τὸν
1268 2499 1525 2564 uicit-av;
1568 2501 1712 2566 τίνος
1741 2505 1849 2555 ἀπ-

256 2574 446 2644 έσχετο
477 2578 636 2641 νόσος
658 2580 748 2634 διὰ
777 2582 843 2635 τὰ
869 2586 974 2655 χρή
986 2603 1158 2655 ματα;
1182 2587 1324 2654 Ἕως
1352 2594 1480 2645 πότε
1502 2596 1717 2666 χρυσὸς,
1740 2598 1848 2651 τῶν

254 2666 443 2736 ψυχῶν
477 2673 509 2740 ἡ
545 2673 776 2745 ἀγχόνη,
829 2677 889 2728 τὸ
920 2679 1012 2730 τοῦ
1041 2678 1269 2735 θανάτου
1309 2685 1623 2756 ἄγκιστρον,
1660 2688 1720 2739 τὸ
1749 2689 1846 2758 τῆς

255 2759 530 2830 ἁμαρτίας
563 2763 792 2836 δέλεαρ;
825 2769 969 2833 Ἕως
1002 2772 1128 2825 πότε
1156 2775 1400 2840 πλοῦτος,
1433 2778 1464 2848 ἡ
1492 2778 1584 2831 τοῦ
1609 2780 1843 2849 πολέμου

257 2850 530 2917 ύπὸθεσις,
555 2855 625 2908 δι’
642 2856 703 2908 ὃν
734 2859 1055 2927 χαλκεύεται
1073 2866 1229 2931 ὅπλα,
1250 2868 1384 2923 δι’ὃν
1398 2871 1657 2926 ἀκονᾶται
1680 2873 1807 2944 ξίφη
1828 2892 1838 2936 ;

254 2940 350 2992 Διὰ
370 2943 692 3016 τούτον(55)
724 2956 1005 3018 συγγενεῖς
1033 2956 1280 3023 ἀγνοοῦσι
1312 2961 1411 3031 τὴν
1429 2962 1610 3030 φύσιν,
1628 2964 1842 3033 ἀδελςεοὶ

253 3035 369 3128 κατ’
389 3034 646 3105 ἀλλήλων
667 3042 882 3106 φονικὸν
903 3044 1173 3112 βλέπουσί⁸
1191 3049 1278 3103 διὰ
1294 3051 1382 3104 τὸν
1397 3053 1624 3108 πλοῦτον
1639 3057 1694 3108 αί
1717 3060 1842 3128 ἐρη-

257 3124 518 3191 μίαιτοὺς
540 3131 808 3197 φονευτὰς
844 3135 1152 3205 τρέφουσιν,
1185 3143 1217 3211 ἡ
1249 3141 1491 3198 θάλασσα
1510 3147 1638 3210 τοὺς
1673 3164 1840 3202 κατα-

1960 1959 2271 2005 ruscantem
2299 1951 2766 2006 circumvertere?
2807 1950 2922 2004 Non
2946 1961 2998 2004 te
3021 1951 3184 2020 pudet
3215 1950 3388 2004 instar
3417 1965 3539 2004 mu-

1958 2041 2148 2097 lierum
2201 2044 2544 2114 gravidarum
2599 2044 2813 2114 lapillos
2856 2043 3199 2099 desiderare?
3253 2041 3346 2098 Hae
3389 2044 3534 2098 enim

1957 2134 2221 2189 arrodunt
2253 2137 2487 2206 lapillos,
2533 2144 2587 2191 et
2615 2144 2672 2190 tu
2706 2153 2878 2205 usque
2915 2137 3049 2190 adeo
3087 2136 3282 2191 avidus
3311 2152 3370 2191 es
3414 2131 3534 2205 pul-

1955 2227 2232 2281 chriorum
2277 2243 2728 2298 quorumcunque
2773 2230 3104 2298 lapillorum,
3163 2238 3223 2282 ut
3266 2229 3533 2299 sardony-

1954 2319 2109 2382 chas,
2140 2320 2384 2389 jaspidas
2423 2329 2475 2374 et
2517 2321 2830 2391 amethysos
2877 2322 3165 2390 diligenter
3210 2322 3527 2392 conquiras.

1952 2410 2088 2476 Quis
2116 2427 2178 2465 ex
2224 2413 2290 2467 iis
2318 2413 2412 2481 qui
2447 2412 2571 2482 plus
2616 2427 2772 2483 aequo
2819 2415 3047 2469 vestium
3091 2414 3414 2484 elegantiam
3449 2413 3526 2467 af-

1954 2504 2176 2566 fectant,
2204 2508 2378 2574 potuit
2405 2522 2566 2560 unam
2594 2506 2736 2560 diem
2765 2522 2877 2561 suae
2906 2507 3079 2576 ipsius
3102 2507 3226 2561 vitat
3250 2507 3530 2576 adjicere?

1950 2596 2036 2648 cui
2065 2599 2299 2665 pepercit
2330 2613 2476 2653 mors
2500 2599 2568 2652 ob
2597 2598 2853 2652 divitias?
2886 2615 2916 2652 a
2943 2614 3052 2669 quo
3089 2599 3354 2654 abstinuit
3376 2614 3525 2653 mor-

1950 2688 2051 2743 bus
2087 2703 2252 2744 causa
2303 2692 2702 2759 pecuniarum?
2736 2690 3029 2762 Usquequo
3076 2705 3292 2754 aurum,
3317 2691 3528 2744 anima-

1947 2794 2067 2833 rum
2137 2781 2385 2850 laqueus,
2445 2784 2637 2837 mortis
2701 2783 2913 2846 hamus,
2966 2784 3173 2853 peccati
3234 2781 3527 2837 illecebra?

1946 2872 2247 2943 Quousque
2296 2875 2497 2929 divitia:
2547 2876 2671 2930 belli
2726 2891 2910 2938 causa,
2967 2877 3167 2946 quibus
3221 2875 3528 2930 conﬂantur

1943 2978 2115 3027 arma,
2146 2964 2348 3033 quibus
2375 2973 2647 3019 acuuntur
2671 2967 2875 3035 gladii?
2903 2965 3127 3035 Propter
3155 2982 3285 3036 opes
3308 2968 3524 3038 cognati

1944 3055 2198 3123 ignorant
2243 3067 2516 3121 naturam,
2567 3056 2762 3111 fratres
2805 3058 2983 3111 oculis
3015 3060 3217 3113 caedem
3265 3058 3526 3127 spiranti-

1946 3146 2048 3202 bus
2077 3161 2200 3202 sese
2225 3148 2457 3202 invicem
2498 3151 2884 3218 conspiciunt;
2937 3150 3008 3203 ob
3041 3149 3262 3205 divitias
3305 3150 3524 3207 deserta

252 3222 576 3287 ποντιστὰς,
610 3226 672 3284 αἱ
697 3225 882 3289 πόλεις
931 3231 1056 3294 τοὺς
1105 3235 1464 3302 συκοφάντας.
1503 3237 1598 3301 Τίς
1644 3243 1788 3292 ἐστιν
1815 3245 1841 3293 ὁ

1946 3239 2100 3293 alunt
2128 3239 2454 3302 homicidas,
2486 3217 2651 3296 mare
2677 3242 2903 3311 piratas,
2937 3241 3192 3297 civitates
3217 3243 3525 3314 sycophan-

265 3307 480 3402 ξιεύδους
516 3317 740 3386 πατήρ;
784 3318 868 3380 τίς
919 3321 948 3371 ὁ
997 3321 1440 3394 πλαστογραφίας
1476 3328 1836 3402 δημιουργόςς

250 3400 330 3463 τίς
353 3405 382 3455 δ
410 3403 514 3474 τὴν
553 3407 843 3477 ἐπιορκίαν
869 3414 1166 3484 γεννήσας;
1191 3417 1302 3486 Ούχ
1329 3419 1356 3470 ὁ
1387 3417 1614 3482 πλοῦτος
1641 3437 1652 3484 ;
1685 3423 1780 3491 οὐχ
1804 3427 1834 3491 ἡ

252 3494 376 3562 περὶ
392 3497 586 3551 τοῦτον
620 3501 819 3573 σπουδή
843 3519 856 3566 ;
887 3504 951 3556 Τί
977 3506 1234 3577 πάσχετε,
1255 3509 1530 3581 ἄνθρωποι
1557 3528 1570 3576 ;
1604 3512 1687 3576 τίς
1711 3513 1836 3583 ὑμῖν

250 3585 316 3638 τὰ
380 3589 630 3661 ὑμέτερα
665 3596 746 3656 είς
766 3594 863 3666 τὴν
893 3597 1015 3650 καθ’
1038 3598 1190 3669 ὑμῶν
1228 3602 1338 3669 (54)
1364 3604 1654 3675 ἐπιϐουλὴν
1682 3624 1836 3676 περι-

253 3677 476 3750 έτρεῴιεκ
513 3684 779 3756 Συνεργία
809 3689 944 3760 πρὸς
964 3691 1024 3744 τὸ
1052 3692 1169 3761 ζῇν.
1199 3695 1288 3764 Μὴ
1313 3695 1622 3766 γὰρὲφόδια
1654 3701 1835 3753 κακῶν

251 3771 400 3864 ἐδόθη
453 3779 523 3828 τα
569 3781 864 3849 χρήματα;
893 3781 1102 3854 Λύτρον
1126 3787 1321 3857 ψυχῆς.
1351 3789 1442 3859 Μὴ
1473 3792 1579 3862 γὰρ
1613 3793 1834 3864 ἀφορμὴ

251 3863 560 3934 ἀπωλείαςς
617 3870 755 3923 Ἀλλ’
802 3875 1097 3943 ἀναγκαῖος
1121 3881 1150 3931 ὁ
1179 3879 1405 3945 πλοῦτος
1435 3881 1522 3935 διὰ
1555 3884 1681 3946 τοὺς
1709 3863 1833 3938 παίέ

249 3954 360 4019 δας.
388 3960 764 4032 Εύπρόσωπος
786 3968 1007 4039 ἀφορμὴ
1031 3971 1342 4036 πλεονεξίας
1370 3975 1508 4046 αὕτη
1530 3994 1542 4005 ·
1568 3979 1694 4040 τοὺς
1724 3979 1830 4047 γὰρ

250 4049 441 4113 παΕας
501 4055 892 4122 προϐάλλεσθε,
945 4060 1041 4132 τὴν
1067 4061 1122 4115 δὲ
1154 4065 1378 4134 καρδίαν
1417 4067 1826 4139 πληροφορεῖτε.

249 4139 338 4210 Μὴ
389 4144 548 4197 αἰτιῶ
600 4148 689 4200 τὸν
740 4150 1010 4204 ἀναίτιον’
1049 4154 1177 4207 ἴδιον
1218 4155 1329 4226 ἔχει
1372 4157 1661 4228 δεσπότην,
1701 4161 1829 4213 ἴδιον

253 4227 549 4303 οἱκονόμοψ
594 4238 724 4309 παρ’
768 4239 926 4294 ἄλλου
960 4243 1069 4312 (55)
1111 4245 1209 4315 τὴν
1239 4247 1382 4317 ζωὴν
1409 4249 1628 4312 ἐδέξατο
1651 4291 1664 4313 ,
1699 4255 1827 4322 παρ’

253 4317 411 4370 αὑτοῦ
442 4324 540 4388 τὰς
573 4326 828 4398 ἀφορμὰς
866 4331 1124 4402 ἀναμένει
1163 4335 1254 4388 τοῦ
1284 4336 1419 4406 βίου.
1455 4340 1545 4408 Μὴ
1589 4343 1699 4404 τοῖς
1736 4317 1829 4409 γε-

1943 3342 2046 3386 tas.
2082 3331 2217 3398 Quis
2251 3340 2336 3388 est
2359 3332 2629 3387 mendacii
2675 3335 2858 3402 pater?
2899 3336 3023 3404 quis
3072 3333 3317 3392 conficta:
3360 3349 3524 3389 accu-

1941 3425 2169 3478 sationis
2196 3424 2414 3494 opifex?
2440 3426 2564 3493 quis
2579 3440 2776 3495 parens
2798 3425 3057 3496 perjurii?
3079 3425 3267 3482 Nonne
3286 3425 3525 3481 divitiae?

1940 3531 2123 3569 nonne
2170 3530 2358 3569 earum
2411 3515 2694 3570 studium?
2737 3517 2878 3583 Quid
2929 3517 3135 3582 facitis,
3176 3518 3524 3573 ohomines?

1937 3607 2061 3676 quis
2089 3605 2261 3670 vobis,
2286 3621 2405 3676 qua:
2439 3616 2617 3661 vestra
2645 3617 2792 3670 sunt,
2816 3608 2868 3660 in
2901 3608 3126 3664 insidias
3157 3607 3353 3664 vertit?
3378 3606 3522 3662 Sub-

1938 3699 2136 3753 sidium
2187 3708 2314 3753 sunt
2358 3700 2499 3754 vitm.
2542 3699 2696 3754 Absit
2717 3702 2860 3754 enim
2886 3709 2944 3754 ut
2976 3700 3220 3771 pecuniae
3249 3701 3390 3756 datae
3409 3700 3516 3755 sint

1937 3791 2000 3843 ad
2032 3791 2296 3845 malorum
2323 3791 2768 3845 incitamentum!
2799 3790 3118 3863 Redemptio
3150 3800 3278 3849 sunt
3297 3794 3514 3848 animis.

1933 3882 2092 3938 Absit
2128 3884 2272 3938 enim
2310 3893 2368 3937 ut
2398 3885 2612 3939 occasio
2639 3885 2749 3940 sint
2778 3886 2965 3940 exitii!
3006 3885 3134 3951 Sed,
3171 3887 3376 3957 inquis,
3415 3901 3516 3941 ne-

1933 3975 2186 4029 cessarire
2215 3991 2348 4045 opes
2381 3984 2510 4032 sunt
2529 3985 2750 4047 propter
2784 3979 3002 4033 liberos.
3053 3977 3180 4033 Haec
3208 3988 3295 4034 est
3334 3980 3517 4034 avari-

1933 4067 2022 4120 tiae
2043 4069 2289 4138 speciosa
2313 4083 2479 4123 causa
2501 4087 2514 4134 ;
2544 4069 2747 4124 liberos
2770 4085 3004 4140 namque
3043 4071 3402 4141 praetenditis,
3430 4070 3446 4123 i
3469 4091 3517 4124 ι-

1931 4170 2076 4215 terea
2113 4176 2239 4215 vero
2288 4160 2609 4216 satisfacitis
2651 4172 2834 4217 vestro
2872 4162 3076 4216 animo.
3119 4161 3391 4218 lnsontem
3445 4177 3518 4218 .‘ts

1931 4252 2122 4306 incusa
2163 4272 2175 4306 :
2214 4254 2494 4323 proprium
2537 4254 2818 4308 dominum
2863 4254 3060 4319 habet,
3107 4255 3387 4326 pr0prium
3428 4270 3515 4310 re-

1927 4351 2165 4409 ctorem;
2197 4344 2265 4398 ab
2294 4344 2400 4399 alio
2429 4345 2593 4399 vitam
2626 4345 2852 4414 accepit,
2878 4345 3080 4415 abipso
3108 4347 3233 4400 vitae
3266 4347 3514 4403 subsidia

252 4409 575 4510 Tfif‘iM-‘J'w-
601 4418 700 4470 οὐκ
752 4421 964 4493 ἐγράφη
1011 4423 1078 4477 τὰ
1133 4427 1467 4497 Εύαγγέλιαο
1526 4434 1597 4484 Ei
1631 4432 1825 4499 θέλεις

1946 4444 2224 4506 :xspectat.
2273 4436 2486 4492 Numne
2535 4438 2606 4492 iis
2653 4438 2745 4507 qui
2797 4439 3141 4493 matrimonio
3184 4440 3510 4510 junguntur,

250 4496 478 4590 τέλειος
519 4502 687 4570 εἶναι,
730 4513 1019 4579 πώλησόν
1065 4533 1181 4570 σου
1220 4496 1300 4572 τὰ
1332 4521 1702 4590 ὑπάρχοντα,
1725 4496 1820 4576 καί

248 4589 353 4655 δὸς
384 4593 676 4662 πτωχοῖς;
702 4597 828 4652 Ὅτε
881 4603 1029 4674 ᾕτεις
1059 4608 1208 4678 παρὰ
1238 4609 1330 4662 τοῦ
1357 4589 1565 4680 Κυρίου
1592 4612 1690 4682 τὴν
1737 4614 1825 4665 εύ-

248 4682 490 4749 παιδίαν,
537 4686 626 4738 ὅτε
687 4685 836 4757 ἠξίου
896 4694 1145 4760 γενέσθαι
1189 4699 1392 4752 τέκνων
1456 4702 1671 4772 πατὴρ,
1717 4698 1825 4773 ἆρα

250 4773 594 4846 προσέθηκας
637 4778 825 4832 τοῦτο·
882 4785 978 4847 Δός
1020 4787 1129 4858 (56)
1167 4807 1255 4858 μοι
1305 4791 1494 4855 τέκνα,
1544 4793 1630 4845 ἵνα
1682 4811 1823 4863 παρ-

1859 4565 1900 4618 D
1929 4523 2130 4593 scripta
2158 4534 2286 4579 sunt
2312 4523 2603 4594 Evangelia
2631 4545 2644 4579 :
2683 4525 2744 4581 Si
2775 4528 2847 4580 vis
2891 4527 3150 4595 perfectus
3183 4545 3314 4596 esse,
3355 4528 3514 4582 vende

1927 4629 2042 4684 qua:
2071 4615 2250 4679 habes,
2289 4624 2337 4670 et
2377 4617 2447 4670 da
2485 4620 2798 4686 pauperibus
2819 4619 2896 4673 "?
2917 4620 3052 4673 Cum
3081 4621 3284 4691 prolem
3319 4635 3514 4675 nume~

1927 4720 2106 4760 rosam
2135 4714 2346 4776 peteres
2375 4722 2405 4761 a
2440 4706 2687 4772 Domino,
2737 4726 2860 4763 eum
2893 4725 3113 4781 rogares
3152 4719 3210 4764 ut
3238 4709 3395 4765 ﬁeres
3442 4710 3510 4762 li-

1928 4796 2182 4851 berorum
2211 4804 2383 4867 pater,
2410 4799 2614 4854 illudne
2658 4800 2914 4856 addidisti
2945 4823 2956 4858 :
2989 4803 3062 4857 Da
3103 4803 3234 4856 mihi
3283 4802 3505 4865 liberos,

247 4864 464 4918 ακούσω
481 4868 591 4920 τῶν
608 4871 832 4924 ἐντολῶν
848 4892 941 4928 σου
966 4877 1084 4943 ςδός
1111 4897 1197 4950 μοι
1214 4881 1398 4948 τέκνα,
1420 4884 1505 4936 ἵνα
1531 4887 1604 4956 μὴ
1633 4884 1823 4954 φθάσω

1946 4903 2018 4940 ua
2053 4897 2108 4940 ut
2137 4864 2333 4942 violem
2359 4890 2666 4961 prmcepta?
2688 4889 2761 4944 Da
2785 4893 2912 4946 mihi
2943 4893 3208 4958 sobolem,
3233 4899 3290 4945 ut
3319 4892 3387 4946 ad
3420 4907 3509 4947 re-

315 5022 359 5054 ³⁸
392 5021 560 5081 Hebr.
599 5042 667 5093 ι,
705 5026 793 5083 27.
871 5031 912 5063 ³³
954 5031 1140 5090 Matth.
1179 5052 1304 5102 XIX,
1337 5037 1425 5091 2|.

313 5141 427 5223 (Ψ)
459 5143 615 5223 ἷξοηλ
645 5147 858 5223 Primi.”
886 5150 986 5221 τῆς
1017 5152 1213 5223 ψυχῆς.

456 5209 668 5297 Rursus
700 5217 854 5273 Colb.
887 5209 1460 5297 primnsniéucdittﬁoc,
1509 5224 1812 5297 βηρύλλιος.

246 5278 349 5367 alii
375 5278 769 5367 quati-tor
796 5278 1462 5367 χρύσάλιβονῗβηρωαιοῦζ
1490 5278 1815 5352 Ᾱιὶἱδτὸέίίἷέ

246 5361 296 5437 ει
325 5353 471 5437 hunc
515 5355 707 5411 Basilii
751 5353 931 5437 locum
965 5363 1046 5437 _ad
1093 5353 1392 5437 orationem
1423 5382 1577 5437 suam
1609 5370 1817 5437 perele-é

249 5430 914 5507 gentermaceommodavit
948 5434 1058 5507 _lib.
1085 5434 1187 5507 _De
1236 5435 1378 5489 Nab.
1421 5436 1538 5490 Jez.
1587 5430 1708 5507 cap.
1757 5439 1812 5501 5,

253 5494 510 5576 nitimdﬁti.
547 5495 672 5551 Non
711 5500 920 5576 abnu9,_
946 5501 1144 5573 inquit,
1179 5517 1390 5574 gratum
1420 5494 1699 5576 quemdm'n
1731 5494 1814 5562 la;

451 5567 675 5646 istorum
704 5587 816 5646 esse
841 5557 1452 5646 [άιροτὲὴι,ἐὲᾱ”ιάήίεῆ
1484 5577 1742 5646 lapidum.

320 5628 430 5714 (Ξῖ)
634 5628 1034 5714 ιεῐῐίμέσκύτῳ

451 5699 614 5785 Eiet-at;
640 5699 1150 5785 περιλαμπομένην.

321 5769 432 5839 (53)
470 5768 1124 5851 νειοτεεὀιὶηὐοι’ῐηεέ.
1172 5787 1261 5841 διὰ
1302 5788 1508 5843 τοῦτον.
1553 5787 1697 5845 Editi
1729 5790 1817 5846 δια

491 5866 759 5928 Ριηοι..
793 5869 910 5932 Gn.
947 5879 1180 5943 ΧΧΧΙ.

1928 5161 2259 5284 ξοῦτιέ.ἒίοι
2283 5163 2432 5235 ,Βεθ
2473 5166 2683 5235 primus
2713 5163 2930 5235 φονικὸν
2963 5167 3252 5238 βλέποντες
3288 5168 3506 5240 μαίνονοο

1961 5249 2036 5284 αι·
2101 5250 2115 5284 ι
2161 5275 2173 5284 .

1926 5233 2940 5398 ῗίὲἓέίῗίδε,ΡΕῘΗ¹¹¹ῗ.εἶίῗ-ἒ⁵ίὲΞ“ίΪτά
2966 5308 3254 5398 setiam
3284 5311 3364 5372 είς
3407 5311 3507 5398 τὴν
3579 5357 3588 5365 -

1924 5374 2048 5424 καθ’
2077 5374 2255 5444 ἡμῶν.
2285 5374 2481 5429 Statim
2527 5376 2734 5445 aliquot
2759 5374 2910 5432 ~mss.
2959 5374 3176 5432 etediti
3225 5374 3502 5453 συνεργία.

1923 5442 2030 5524 Alii
2062 5460 2198 5524 mss.
2254 5444 2511 5524 σύνεργα.
2542 5444 2877 5524 _Invenimus
2929 5449 2984 5502 in
3031 5449 3305 5524 aliquibus
3369 5468 3501 5524 mss.

1925 5516 2586 5591 notaminterrogationis
2631 5525 2755 5585 post
2798 5529 2960 5591 votes
2997 5516 3254 5591 χρήματα
3300 5530 3354 5575 et
3401 5523 3505 5573 ὰπ-

1925 5581 2123 5656 ωλεέας
2159 5602 2190 5656 :_
2208 5587 2302 5639 sed
2330 5581 2458 5654 quid
2486 5586 2585 5638 hac
2615 5581 2751 5656 opus
2779 5589 2871 5653 sit,
2904 5581 3221 5656 nofvideo.

2338 5653 2844 5730 τομίας-οἰκονόμον
2871 5661 3002 5730 παρ’
3031 5655 3114 5713 οὗ.

1927 5723 2110 5844 Δόςὸϐ)
2151 5723 2291 5780 Editi
2327 5724 2485 5778 τοῦτο
2509 5726 2590 5791 τὸ,
2623 5723 2843 5791 Δός.Ἀι
2879 5723 3009 5786 ῐηεέ.
3070 5731 3275 5800 aliquot
3314 5729 3501 5828 τοῦτο’

2000 5829 2043 5857 ,.

3118 5894 3190 5952 '10
