4052 6214
309 347 395 402 30!
831 335 837 343 ’
1579 344 1867 403 HOMILIA
1905 344 1973 400 IN
2013 343 2197 401 DIVIT
2206 345 2311 402 ES.

3462 340 3572 397 τοι

309 478 395 525 νας
423 464 541 527 ταῖς
566 461 835 527 δαπάναις
865 464 961 517 καὶ
988 463 1377 535 μεγαλόψυχος.
1401 464 1597 532 Ποίων,
1620 464 1741 517 εἰπέ
1771 481 1882 534 μοι,

1992 461 2156 517 Multa
2176 462 2274 517 tibi
2301 461 2590 518 debebitur
2620 461 2794 532 gratia
2823 460 2895 516 ob
2925 458 3377 521 muniﬁcentiam.
3421 458 3570 531 quod

310 553 507 625 καιρῶν
556 555 687 618 τοὺς
724 553 954 624 μισθοὺς
987 557 1330 627 ἀπαιτήσεις,
1377 556 1486 610 τῶν
1519 558 1577 609 ἐν
1603 560 1670 627 τῇ
1695 554 1890 627 ζωῇ,ἢ

310 643 408 696 τῶν
440 643 579 714 μετά
632 645 730 716 τὴν
765 645 1103 710 ἀποϐίωσιν;
1156 646 1293 699 Ἀλλ’
1316 647 1374 701 ὃν
1406 648 1504 719 μὲν
1528 647 1657 717 ἔζης
1680 649 1890 719 χρόνον,

312 735 700 806 καθηδυπαθῶν
740 737 838 790 τοῦ
876 737 994 808 βίου
1023 739 1119 791 καὶ
1141 741 1207 810 τῇ
1238 741 1416 811 τρυφῇ
1449 738 1739 811 διαρρέων,
1771 738 1893 792 οὐδὲ

313 827 665 898 προσϐλέπειν
704 829 924 899 ἠνείχου
963 831 1092 894 τοὺς
1124 830 1390 902 πένητας’
1439 830 1802 895 ἀποθανόντος
1833 830 1892 883 δὲ

312 920 436 974 ποία
462 920 558 990 μὲν
580 922 982 992 πρᾶξις;ποῖος
997 923 1054 975 δέ
1082 922 1270 993 μισθὸς
1297 922 1555 995 ἐργασίας
1584 922 1890 992 ὀφείλεται;

310 1013 486 1077 Δεῖξον
520 1012 593 1064 τὰ
622 1012 782 1083 ἔργα,
827 1016 923 1067 καὶ
951 1014 1170 1068 ἀπαίτει
1205 1015 1304 1078 τὰς
1343 1014 1726 1078 ἀνταποδόσεις
1753 1013 1887 1083 (45).

314 1104 494 1166 Οὐδεὶς
539 1103 678 1175 μετά
727 1105 787 1157 τὺ
846 1104 1073 1177 λυθῆναι
1123 1106 1220 1177 τὴν
1283 1108 1586 1177 πανήγυριν
1633 1122 1891 1177 πραγμα-

311 1193 518 1247 τεύεται
536 1211 550 1223 ο
580 1194 702 1247 οὐδὲ
733 1196 873 1265 μετά
904 1197 1033 1259 τοὺς
1068 1196 1284 1265 ἀγῶνας
1324 1196 1566 1250 ἐπελθὼν
1596 1195 1891 1266 στεφανοῦ-

309 1303 428 1339 ται⁹
454 1286 576 1339 οὐδέ
636 1286 776 1357 μετὰ
824 1289 951 1350 τοὺς
992 1287 1260 1358 πολέμους
1296 1287 1770 1358 ἀνδραγαθίζεται.
1813 1288 1888 1341 Οὐ

306 1380 482 1433 τοίνυν
509 1380 632 1433 οὐδὲ
669 1380 808 1450 μετὰ
848 1380 948 1450 τὴν
979 1379 1126 1450 ζωὴν
1168 1379 1313 1433 ἐστιν
1352 1382 1595 1436 εὐσεϐεῖν
1625 1381 1885 1452 δηλονότι.

307 1473 413 1525 Καὶ
436 1472 549 1543 (44)
576 1472 686 1551 γὰρ
710 1474 768 1526 ἐν
807 1473 996 1542 μέλανι
1036 1474 1131 1526 καὶ
1162 1475 1451 1546 γράμμασι
1472 1473 1889 1546 κατεπαγγέλλῃ

305 1561 401 1625 τὰς
451 1562 725 1626 εὐποιίας.
761 1564 854 1626 Τίς
887 1560 980 1617 οὖν
1020 1566 1309 1634 ἀναγγελεί
1349 1583 1431 1620 σοι
1461 1566 1552 1619 τὸν
1579 1567 1766 1637 καιρὸν
1788 1566 1888 1635 τῆς

307 1657 485 1723 ἐξόδου
509 1673 525 1719 ;
557 1656 641 1719 τίς
655 1658 927 1728 ἐγγυητὴς
950 1657 1104 1711 ἔσται
1129 1656 1222 1711 τοῦ
1248 1659 1447 1730 τρόπον
1470 1660 1570 1729 τῆς
1595 1659 1884 1730 τελευτῆς;

308 1749 471 1802 Πόσοι
486 1749 591 1801 ὑπὸ
619 1748 805 1818 βιαίων
849 1751 1275 1822 ἁνηρπάσθησαν
1305 1753 1743 1823 συμπτωμάτων,
1765 1752 1885 1805 οὐδὲ

307 1840 488 1910 φωνὴν
510 1842 673 1912 ῥῆξαι
703 1843 1143 1913 συγχωρηθέντες
1160 1844 1264 1897 ὑπὸ
1285 1844 1380 1897 τοῦ
1409 1844 1614 1908 πάθους
1636 1862 1651 1910 ;
1680 1845 1886 1908 Πόσους

308 1932 537 2001 πυρετὸς
552 1932 807 2002 ἐποίησεν
830 1933 1098 2004 ἔκφρονας
1122 1951 1136 1997 ;
1166 1936 1230 1988 Τί
1256 1932 1348 1989 οὖν
1362 1935 1650 2005 ἀναμένεις
1674 1936 1885 2009 καιρὸν,

305 2022 363 2072 ἐν
391 2014 438 2088 ᾧ
470 2022 732 2087 πολλάκις
779 2024 898 2077 οὐδὲ
946 2024 1056 2078 τῶν
1088 2027 1361 2098 λογισμῶν
1396 2028 1494 2101 ἔσῃ
1517 2028 1625 2082 τῶν
1658 2029 1885 2083 σεαυτοῦ

308 2111 496 2182 κύριος
520 2130 535 2176 ς
564 2114 679 2181 Νὺξ
720 2113 934 2184 βαθεῖα,
961 2118 1056 2169 καὶ
1087 2116 1240 2181 νόσος
1271 2118 1479 2189 βαρεῖα,
1511 2120 1604 2172 καὶ
1623 2122 1652 2173 ὁ
1676 2119 1887 2191 βοηθῶν

305 2197 542 2267 οὖδαμοῦ
568 2218 578 2228 ·
607 2202 702 2253 καὶ
729 2202 757 2253 ὁ
803 2203 1109 2273 ἐφεδρεύων
1128 2205 1206 2275 τῷ
1238 2206 1420 2278 κλήρῳ
1445 2207 1681 2279 ἕτοιμος,
1710 2210 1888 2264 πάντα

308 2288 444 2356 πρὸς
456 2290 516 2340 τὸ
534 2290 714 2361 ἐαυτῴ
735 2294 1000 2363 χρήσιμον
1017 2295 1400 2368 διοικούμενος,
1414 2299 1674 2372 ἄπρακτά
1688 2300 1887 2373 σοι(45)

308 2380 482 2433 1:0qu
503 2382 574 2434 τὰ
604 2382 966 2453 βουλεύματα.
1002 2383 1136 2441 Εἶτα
1173 2390 1638 2462 περιϐλεψάμενος
1660 2387 1763 2447 ὧδε
1795 2395 1889 2448 καὶ

307 2465 431 2536 ὧδε,
487 2474 586 2527 καὶ
628 2475 752 2529 ἰδὼν
800 2477 901 2548 τὴν
939 2481 1315 2551 περιεστῶσαν
1362 2501 1421 2536 σε
1465 2486 1723 2555 ἐρημίαν,
1765 2487 1886 2540 τότε

306 2563 542 2636 αἰσθήσῃ
608 2567 709 2636 τῆς
770 2569 1031 2635 ἀϐουλίας
1055 2588 1068 2602 ·
1103 2574 1223 2627 τότε
1262 2577 1534 2640 στενάξεις
1554 2578 1652 2646 τὴν
1677 2577 1886 2643 ἄνοιαν,

304 2657 385 2718 εἰς
406 2650 521 2709 οἷον
546 2659 738 2728 καιῴν
768 2662 1055 2731 ἐταμιεύου
1081 2664 1189 2735 (46)
1219 2666 1317 2737 τὴν
1345 2668 1583 2740 ἐντολὴν,
1607 2671 1695 2723 ὅτε
1722 2672 1756 2742 ἡ
1788 2672 1887 2741 μὲν

305 2746 529 2813 γλῶσσα
554 2753 891 2824 παρεῖται,ή
926 2753 982 2806 δέ
1008 2757 1128 2827 χεὶρ
1169 2757 1475 2829 ὑπότρομος
1527 2760 1628 2832 ἤδη
1671 2761 1890 2814 κλονου-

309 2839 443 2910 μένη
488 2843 609 2904 ταῖς
652 2844 969 2910 συιθολκαίς,
1010 2848 1084 2911 ὡς
1142 2851 1278 2920 μήτε
1321 2854 1472 2923 φωνῇ
1527 2854 1665 2923 μήτε
1712 2854 1892 2923 γράμ-

307 2947 439 2999 μασι
492 2932 825 3005 διασημῆναι
883 2937 995 3007 (47)
1025 2937 1120 3008 τὴν
1172 2939 1414 3012 γνώμην.
1463 2943 1656 2997 Καίτοι
1698 2946 1747 2997 εἰ
1799 2948 1892 2999 καὶ

304 3024 485 3076 πάντα
517 3025 771 3096 φανερῶς
785 3024 1115 3099 ἐγέγραπτο,
1142 3032 1235 3084 καὶ
1262 3034 1408 3085 πᾶσα
1430 3033 1580 3105 φωνὴ
1595 3034 1892 3107 διαρρήδην

300 3117 637 3186 κεκήρυκτο,
672 3118 732 3170 ἐν
759 3119 995 3190 γράμμα
1037 3123 1359 3194 παρεπεθέν
1396 3126 1580 3179 ἰκανὸν
1612 3122 1680 3198 ἦν
1710 3130 1890 3182 πᾶσαν

1995 553 2053 607 in
2096 553 2348 624 sepulcro
2377 553 2567 624 jacens
2598 560 2653 608 et
2695 553 2752 607 in
2783 560 2987 607 terram
3021 550 3322 615 resolutus,
3365 551 3478 621 jam
3512 553 3569 606 in

1994 645 2303 714 sumptibus
2330 644 2595 700 faciendis
2628 646 2813 715 largus
2836 643 3115 699 exstiteris
3151 650 3316 713 atque
3343 657 3571 714 magna-

1992 739 2195 795 nimus.
2246 737 2345 793 Dic
2403 738 2557 802 mihi,
2596 753 2806 808 quaeso,
2851 750 3216 807 quorumnam
3264 742 3571 805 temporum

1993 829 2299 886 mercedem
2321 844 2606 899 exposces,
2636 843 2900 885 eorumne
2919 827 3120 898 quibus
3141 827 3350 892 vixisti,
3383 843 3450 880 an
3475 842 3573 884 eo-

1993 935 2118 974 rum
2171 936 2291 990 qua:
2312 928 2437 991 post
2468 930 2698 976 mortem
2727 927 2918 976 secuta
2941 920 3111 975 sunt?
3159 917 3266 974 Sed
3290 933 3401 990 quo
3427 926 3571 975 tem-

1991 1025 2124 1079 pore
2149 1012 2394 1076 vivebas,
2425 1012 2798 1083 voluptatibus
2834 1013 2965 1066 vita:
2993 1010 3211 1066 deditus
3251 1018 3306 1066 et
3356 1011 3570 1067 deliciis

1990 1104 2262 1171 diﬂiuens,
2310 1120 2380 1160 ne
2421 1107 2669 1177 aspicere
2702 1105 2923 1176 quidem
2967 1119 3169 1175 egenos
3227 1104 3567 1170 sustinuisti;

1986 1197 2096 1265 jam
2126 1205 2310 1253 autem
2339 1214 2584 1269 quaenam
2619 1199 2766 1253 actio
2807 1205 2893 1254 est
2916 1196 3159 1252 mortui?
3190 1213 3314 1268 quae
3349 1214 3569 1270 quoque

1988 1289 2173 1359 operis
2205 1305 2416 1346 merces
2450 1289 2716 1346 debetur?
2738 1289 2978 1345 Ostende
3015 1304 3202 1360 opera,
3246 1297 3301 1345 et
3341 1305 3570 1360 reposco

1988 1382 2509 1438 remunerationem.
2535 1380 2704 1436 Nemo
2722 1381 2918 1438 solutis
2945 1381 3209 1435 nundinis
3238 1383 3565 1453 negotiatur:

1989 1488 2167 1544 neque
2196 1472 2290 1544 qui
2322 1481 2447 1544 post
2472 1473 2775 1529 certamina
2826 1472 3058 1536 accedit,
3108 1481 3406 1528 coronatur
3436 1490 3570 1529 :ne-

1987 1578 2096 1633 que
2120 1563 2216 1634 qui
2243 1570 2367 1633 post
2400 1562 2625 1626 bellum,
2649 1560 2851 1615 famam
2879 1561 3091 1616 strenui
3122 1562 3227 1615 viri
3261 1569 3425 1632 atque
3451 1563 3570 1632 glo-

1988 1653 2125 1707 riam
2153 1644 2486 1724 assequitu'r.
2510 1653 2696 1724 Neque
2726 1654 2892 1724 igitur
2905 1662 3029 1725 post
3066 1653 3232 1707 vitam
3254 1654 3409 1709 locus
3426 1655 3571 1709 ullus

1988 1756 2071 1802 est
2101 1748 2319 1816 pietatis
2347 1734 2680 1802 excolendae.
2714 1746 3035 1801 Atramento
3073 1746 3284 1803 scilicet
3321 1761 3386 1803 ac
3412 1747 3571 1802 tabu-

1989 1840 2058 1895 lis
2086 1839 2204 1895 fore
2227 1846 2280 1894 te
2312 1838 2616 1894 beneﬁcum
2650 1837 2948 1906 polliceris.
2981 1837 3116 1903 Quis
3147 1845 3327 1892 autem
3350 1853 3569 1892 annun-

1986 1933 2145 1987 tiabit
2169 1932 2266 1987 tibi
2294 1933 2475 1987 exitus
2511 1933 2764 2001 tempus?
2792 1932 2916 2001 quis
2944 1931 3162 2002 generis
3184 1931 3375 1985 mortis
3404 1945 3572 2000 spon-

1988 2039 2081 2078 sor
2108 2025 2213 2079 erit
2235 2021 2429 2088 ?'Quot
2461 2022 2713 2078 violentis
2739 2021 2963 2077 casibus
2998 2021 3211 2092 abrepti
3260 2030 3413 2088 sunt,
3449 2022 3575 2091 qui-

1987 2114 2091 2169 bus
2132 2129 2201 2168 nc
2242 2127 2427 2167 vocem
2471 2112 2691 2182 quidem
2734 2112 2895 2167 cdere
2938 2127 3036 2183 per
3086 2112 3336 2167 morbum
3376 2109 3573 2167 licuit?

1989 2207 2133 2272 Quot
2164 2216 2345 2260 mente
2373 2204 2512 2274 lapsi
2540 2212 2669 2260 sunt
2701 2220 2797 2273 per
2831 2202 3065 2258 febrim?
3095 2202 3238 2269 Quid
3284 2204 3451 2274 igitur
3474 2219 3574 2259 ex-

1989 2307 2203 2368 spectas
2238 2307 2472 2366 tempus,
2508 2295 2564 2349 in
2590 2311 2700 2365 quo
2716 2296 3034 2365 plerumque
3068 2295 3296 2352 rationis
3319 2312 3429 2352 non
3460 2297 3572 2353 eris

1990 2387 2251 2459 compos?
2276 2386 2412 2442 Cum
2445 2384 2696 2440 videlicet
2729 2385 2834 2440 erit
2877 2384 3148 2456 profunda
3186 2402 3315 2456 nox,
3346 2388 3573 2445 morbus

1989 2481 2192 2552 gravis,
2223 2494 2384 2535 nemo
2409 2492 2664 2549 usquam,
2700 2478 2794 2548 qui
2831 2476 3051 2546 adjuvet
3082 2497 3095 2532 :
3132 2479 3229 2534 sed
3255 2488 3479 2548 paratus
3507 2496 3575 2535 ac

1989 2570 2298 2641 expeditus,
2356 2570 2451 2640 qui
2503 2568 2808 2624 haereditati
2870 2569 3184 2635 insidietur,
3242 2572 3573 2641 dispensans

1990 2665 2172 2718 omnia
2195 2663 2251 2716 in
2278 2677 2391 2716 rem
2419 2676 2598 2725 suam,
2638 2675 2704 2715 ac
2732 2661 2963 2716 consilia
3001 2668 3099 2715 tua
3134 2662 3288 2716 irrita
3335 2662 3568 2722 faciens.

1992 2755 2198 2811 Deinde
2224 2756 2330 2827 61
2365 2754 2631 2824 conjectis
2680 2754 2786 2808 huc
2818 2761 2873 2809 et
2920 2754 3051 2809 illuc
3102 2755 3300 2817 oculis,
3333 2757 3574 2812 circum-

1993 2855 2226 2904 stantem
2262 2855 2316 2902 te
2360 2845 2712 2903 solitudinem
2766 2846 3137 2916 conspiciens,
3176 2854 3308 2901 tunc
3344 2848 3572 2904 demen-

1993 2940 2123 2993 tiam
2159 2949 2306 2994 tuam
2338 2938 2606 3010 intelliges
2632 2958 2647 3003 ;
2675 2946 2809 2993 tunc
2844 2941 3054 3012 lugebis
3086 2943 3396 3010 stultitiam,
3426 2945 3575 3015 quod

1991 3039 2324 3103 praeceptum
2365 3032 2643 3087 distuleris
2676 3031 2731 3086 in
2765 3032 2869 3086 hoc
2905 3040 3141 3105 tempus,
3173 3051 3284 3106 quo
3305 3043 3366 3091 ut
3388 3037 3574 3110 lingua

1992 3124 2308 3187 resolvitur,
2339 3125 2411 3178 ita
2442 3140 2637 3181 manus
2676 3126 2908 3180 tremula
2955 3129 3426 3185 contractionibus
3458 3130 3574 3201 jam

302 3210 676 3279 μεταποιῆσαι
711 3211 808 3281 τὴν
850 3212 1110 3284 γνώμην·
1172 3217 1269 3286 μία
1301 3219 1535 3288 σφραγὶς
1584 3238 1888 3292 παραποιηο

1992 3226 2414 3287 conquassatur,
2435 3218 2515 3272 sic
2530 3225 2590 3293 ut
2617 3232 2795 3287 neque
2821 3233 2978 3284 voce,
3004 3235 3180 3291 neque
3216 3221 3415 3278 litteris
3446 3237 3577 3293 ape-

301 3295 484 3362 θείσα,
512 3300 609 3353 δύο
637 3302 670 3371 ἢ
707 3305 856 3373 τρεῖς
887 3304 1162 3377 μαρτυρες
1190 3307 1383 3373 ἄδικοι,
1415 3308 1532 3362 ὅλον
1557 3308 1624 3363 ἂν
1654 3311 1745 3362 τὸν
1768 3312 1892 3381 κλῆ·

303 3404 398 3458 ρον
430 3392 519 3459 ἐφ’
546 3393 768 3463 ἐτέρους
798 3396 1154 3465 μετήνεγκαν.

1996 3310 2108 3364 rire
2138 3310 2380 3363 animum
2406 3325 2597 3379 queas.
2628 3312 2744 3364 lmo
2763 3310 2978 3367 etiamsi
3005 3312 3153 3367 clare
3174 3313 3375 3384 scripta
3391 3324 3577 3370 essent

1999 3400 2203 3466 omnia,
2233 3401 2521 3471 omnisque
2543 3418 2649 3456 vox
2676 3400 2917 3458 dilucide
2957 3404 3355 3470 enuntiaretur,
3393 3415 3576 3462 tamen

301 3498 413 3537 una
447 3485 634 3540 littera
661 3478 979 3558 interposita
1017 3507 1178 3547 omne
1234 3499 1391 3546 tuum
1454 3493 1745 3548 consilium
1810 3503 2181 3550 transmutare
2246 3502 2467 3567 posset;
2500 3498 2721 3551 unicum
2779 3497 2967 3553 itidem
3010 3498 3266 3571 sigillum'
3301 3500 3576 3558 adultera-

298 3588 445 3643 tam,
484 3581 598 3637 duo
624 3592 719 3637 aut
740 3591 850 3641 tres
901 3587 1156 3642 scelerati
1200 3596 1394 3654 testes,
1434 3595 1605 3643 totam
1655 3589 1723 3643 ad
1762 3591 1902 3646 alios
1938 3590 2305 3646 transferrent
2353 3590 2751 3647 haereditatem.

371 3678 425 3732 9.
451 3676 520 3731 Τί
542 3674 642 3733 οὖν
661 3681 885 3734 σεαυτὸν
903 3681 1200 3753 ἐξαπατᾷς,
1220 3684 1315 3737 νῦν
1343 3685 1443 3755 μὲν
1462 3684 1649 3750 κακῶς
1662 3686 1741 3747 εἰς
1757 3686 1895 3739 ἀπό·

296 3767 500 3823 λαυσιν
532 3772 741 3844 σαρκὸς
762 3773 853 3827 τὸν
900 3775 1129 3829 πλοῦτον
1182 3776 1574 3847 διατιθέμενος,
1624 3780 1894 3848 ἐπαγγελ-

296 3862 614 3933 λόμενοςδέ
640 3868 722 3929 είς
762 3866 988 3939 ὕστερον
1016 3860 1091 3922 ὦν
1118 3868 1302 3922 οὐκέτι
1339 3868 1438 3940 ἔσῃ
1486 3869 1710 3940 κύριος;
1747 3871 1833 3935 Ὠς
1865 3872 1895 3923 ὁ

296 3956 466 4024 λόγος
501 3956 699 4023 ἔδειξε,
730 3962 946 4033 πονηρὰ
973 3963 1007 4033 ή
1043 3961 1239 4034 βουλή·
1291 3963 1400 4028 ζῶν
1433 3965 1553 4035 μὲν,
1600 3965 1893 4019 ἀπολαύσω

296 4048 412 4101 τῶν
449 4050 661 4120 ἡδονῶν
680 4069 694 4082 ·
730 4052 1016 4107 ἀποθανὼν
1040 4053 1118 4118 δὲ,
1146 4054 1339 4126 πράξω
1371 4056 1440 4109 τὰ
1471 4055 1888 4126 διατεταγμένα.

315 4143 471 4213 Ἐρεί
486 4144 584 4197 καὶ
618 4144 705 4197 σοὶ
740 4144 1009 4216 Ἀϐραάμ·
1030 4146 1350 4214 Ἀπέλαϐες
1368 4152 1441 4202 τὰ
1467 4149 1660 4219 ἀγαθά
1689 4165 1806 4203 σου
1828 4150 1898 4203 ἐν

300 4230 379 4300 τῇ
404 4233 523 4302 ζωῇ
546 4252 687 4289 σου.
722 4236 795 4288 Οὐ
824 4236 1037 4307 δέχεταί
1071 4255 1131 4291 σε
1164 4240 1198 4310 ἡ
1232 4239 1391 4311 στενὴ
1420 4241 1515 4294 καὶ
1562 4240 1897 4313 τεθλιμμένη

302 4324 452 4389 ὀῶς,
488 4328 583 4379 τὸν
611 4326 779 4396 ὄγκον
817 4328 912 4383 τοῦ
938 4329 1170 4384 πλούτου
1223 4332 1298 4402 μὴ
1330 4331 1722 4403 ἀποτιθέμενον
1757 4332 1892 4402 (48).

305 4412 609 4478 Βαστάζων
639 4417 803 4471 αὐτὸν
840 4417 1098 4489 ἐξῆλθεςο
1142 4421 1217 4492 μὴ
1271 4420 1382 4493 γὰρ
1440 4422 1770 4495 ἀπέρριψας,
1820 4424 1898 4486 ὼς

2064 3686 2118 3741 9.
2158 3686 2303 3752 Quid
2345 3686 2514 3757 igitur
2553 3693 2609 3741 te
2642 3686 2761 3757 ipse
2790 3686 3024 3758 decipis,
3062 3704 3213 3743 nunc
3247 3689 3471 3760 quidem
3504 3690 3576 3746 ad

1995 3777 2185 3834 carnis
2213 3777 2553 3848 voluptatem
2600 3791 2733 3847 opes
2774 3778 2918 3833 male
2958 3778 3304 3849 dispensans,
3341 3781 3575 3852 promit-

1994 3876 2119 3926 tens
2145 3877 2326 3925 autem
2359 3870 2415 3923 in
2448 3878 2729 3939 posterum
2761 3885 2884 3940 quae
2917 3885 3085 3940 penes
3112 3878 3167 3927 te
3194 3888 3302 3927 non
3337 3874 3575 3944 amplius

1996 3961 2195 4015 erunt?
2220 3959 2456 4015 Pravum
2482 3969 2586 4024 est,
2619 3967 2680 4014 ut
2725 3975 2794 4014 ex
2820 3959 2984 4016 dictis
3014 3967 3181 4031 patet,
3224 3960 3374 4018 istud
3420 3969 3576 4016 tuum

1998 4050 2593 4116 consilium:Vivcns,
2648 4051 2803 4105 fruar
2857 4052 3268 4122 voluptatibus;
3326 4059 3576 4107 mortuus

2001 4152 2209 4208 autem,
2252 4156 2527 4212 exsequar
2574 4149 2803 4197 statuta.
2844 4139 2997 4196 Dicet
3033 4149 3090 4196 et
3119 4142 3216 4196 tibi
3259 4141 3572 4198 Abraham:

2001 4234 2259 4304 Recepisti
2300 4232 2437 4288 bona
2476 4242 2568 4286 tua
2614 4234 2670 4285 in
2706 4232 2816 4285 vita
2840 4239 2932 4286 tua
2955 4232 3019 4286 “.
3074 4230 3194 4286 Non
3246 4234 3477 4304 suscipit
3523 4242 3578 4289 te

2001 4333 2234 4396 angusta
2267 4324 2354 4378 via
2398 4329 2453 4378 et
2482 4328 2656 4386 arcta,
2705 4337 2830 4376 cum
2878 4323 3076 4377 molem
3116 4338 3227 4377 non
3256 4323 3577 4393 deposueris

2000 4418 2337 4473 divitiarum.
2370 4415 2569 4471 Exiisti
2599 4430 2736 4485 opes
2766 4425 3005 4486 gestans,
3039 4430 3141 4471 nec
3181 4418 3327 4470 enim
3371 4433 3486 4481 eas,
3517 4425 3577 4471 ut

304 4507 711 4613 πρρσετάχθης.
732 4512 862 4563 Ὅτε
895 4510 1043 4583 ἔζης,
1080 4514 1306 4567 σεαυτὸν
1347 4515 1451 4585 τῆς
1480 4516 1702 4586 ἐντολῆς
1763 4533 1890 4588 προ-

1995 4512 2191 4582 jussus
2217 4526 2299 4576 es,
2330 4509 2635 4580 projecisti.
2666 4506 2859 4574 Quoad
2894 4508 3103 4571 vixisti,
3140 4516 3196 4564 te
3234 4510 3351 4579 ipse
3376 4519 3577 4579 praetu-

301 4596 519 4665 ετίθης·
552 4597 697 4667 μετά
714 4600 806 4652 τὸν
834 4600 1063 4655 θάνατον
1090 4605 1185 4657 καὶ
1216 4604 1315 4676 τὴν
1343 4604 1611 4671 διάλυσιν,
1650 4606 1774 4658 τότε
1795 4605 1893 4676 τὴν

298 4687 533 4760 ἐντολὴν
559 4689 672 4742 τῶν
691 4690 901 4763 ἐχθρῶν
929 4696 1328 4766 προετίμησας.
1362 4698 1481 4751 Ἵνα
1513 4699 1621 4771 γὰρ
1656 4698 1731 4769 μὴ
1750 4697 1893 4771 λάϐῃ

296 4781 330 4832 ὁ
379 4781 557 4846 δεῖνα,
614 4783 849 4849 λαϐέτω,
907 4790 1093 4858 φησιν,
1128 4793 1156 4843 ὁ
1188 4790 1413 4859 Κύριος.
1468 4792 1579 4844 Καὶ
1632 4791 1791 4845 τοῦτο
1840 4791 1894 4843 τί

298 4876 577 4948 εἴττωμεν,
627 4880 839 4951 ἐχθρῶν
883 4883 1116 4953 ἄμυναν,
1157 4886 1190 4956 ἢ
1228 4885 1326 4939 τοῦ
1360 4885 1590 4957 πλησίον
1634 4888 1892 4958 ἀγάπην;

312 4968 621 5039 Ἀνάγνωθί
692 4989 787 5026 σου
855 4974 956 5039 τὰς
1027 4976 1310 5049 διαθήκας.
1378 4978 1714 5049 Ἐϐουλόμην
1794 4979 1893 5049 μὲν

370 5126 421 5160 ³³⁵
462 5125 601 5183 Luc.
638 5144 728 5183 xvr
753 5169 766 5193 ,
798 5126 889 5184 9.5.

369 5284 490 5357 (43)
524 5286 896 5357 Reg.ﬂprimus
914 5285 1091 5357 δεῖξον
1104 5285 1210 5357 γὰρ
1236 5283 1399 5356 ἔργα,
1423 5284 1515 5337 καὶ⁸
1542 5282 1762 5357 ἀπαίτει
1792 5281 1889 5346 τὰς

296 5353 629 5435 ἀντιδόσειςῖ
657 5353 1324 5435 Ϋοοειηηδηλονιξτιςῃιιιε
1355 5369 1480 5409 mox
1519 5353 1788 5423 sequitur,
1821 5369 1888 5408 ex

297 5427 497 5480 Inllllis
529 5427 810 5481 veteribus
844 5426 1002 5482 libris
1033 5426 1361 5480 addidimus.

370 5495 491 5564 (44)
530 5497 691 5562 Illud,
721 5498 819 5550 καὶ
848 5498 979 5567 γάρ,
1012 5494 1067 5549 in
1112 5496 1296 5550 multis
1324 5509 1604 5567 mssrnon
1652 5492 1888 5567 legitur;

303 5576 678 5637 praetereaque
702 5574 835 5621 nota
862 5564 1320 5637 interrogationis
1358 5564 1538 5637 posita
1568 5572 1651 5620 est
1685 5566 1741 5618 in
1772 5566 1893 5635 qui-

303 5631 554 5707 busdam
571 5631 858 5693 codicibus
888 5644 1015 5707 post
1040 5631 1231 5689 vocem
1270 5631 1539 5707 εὐποιίας.

379 5702 497 5772 (45)
537 5701 596 5757 In
625 5708 782 5765 Colb.
830 5701 997 5764 tertio
1029 5721 1130 5776 pro
1179 5722 1259 5758 σοι
1311 5706 1574 5776 scriptum
1615 5705 1896 5761 invenitur

302 5789 430 5828 σου.
456 5788 465 5795 ³

2002 4605 2114 4660 iisti
2150 4602 2454 4657 mandato:
2488 4609 2736 4655 mortuus
2791 4614 2922 4654 vero
2973 4616 3038 4655 ac
3078 4600 3402 4667 dissolutus,
3445 4609 3577 4656 tunc

2003 4695 2249 4752 inimicis
2292 4700 2624 4763 praeceptum
2656 4689 3042 4761 anteposuisti.
3072 4690 3288 4747 Etenim
3323 4705 3393 4746 ne
3430 4692 3577 4746 acci-

2003 4791 2119 4859 piat
2146 4787 2310 4842 homo
2333 4787 2446 4848 ille,
2477 4783 2729 4853 accipiat,
2765 4783 2963 4853 inquit,
2998 4782 3278 4838 Dominus.
3308 4781 3426 4836 Jam
3448 4797 3577 4839 vero

1992 4884 2048 4939 id
2079 4896 2189 4953 quo
2220 4881 2446 4936 nomine
2479 4879 2899 4950 appellabimus,
2942 4878 3367 4932 inimicorumne
3395 4874 3577 4931 vindi-

1994 4984 2161 5042 ctam,
2206 4989 2278 5029 an
2321 4973 2673 5030 dilectionem
2712 4971 2989 5042 proximi?
3026 4969 3165 5040 Lege
3204 4978 3357 5022 tuum
3405 4977 3577 5025 testa-

2072 5282 2182 5353 (46)
2208 5281 2427 5357 Eodem
2479 5284 2575 5357 illo
2626 5285 2683 5339 in
2717 5287 2858 5341 libro
2896 5301 2997 5357 pro
3043 5285 3334 5357 ἐταμιεύου
3377 5284 3577 5357 legitur

1995 5352 2329 5438 ἐταμιεύσω.
2365 5352 2476 5438 Nec
2501 5356 2579 5438 ita
2611 5352 2953 5438 multopost
2985 5352 3162 5438 mssa:
3187 5352 3576 5438 Compensiaui

1993 5422 2113 5486 ταῖς
2142 5423 2347 5486 ὁλκαῖς.
2390 5423 2459 5477 At
2514 5422 2650 5493 Reg.
2712 5422 2908 5483 tertius
2946 5436 3001 5483 et
3045 5425 3203 5484 Colb.
3252 5429 3441 5486 itidem
3469 5437 3575 5482 ter-

1995 5493 2109 5548 tius
2147 5503 2202 5548 et
2244 5493 2375 5547 editi
2406 5496 2528 5557 ταῖς
2569 5495 2871 5561 συνολκαῖς.

2072 5561 2603 5639 (471I_J_iius_code:t
2660 5565 2790 5639 Reg.
2842 5567 3129 5639 γράμματι
3177 5565 3575 5639 διασημαίνειν

2003 5632 2123 5719 Molis
2134 5632 2320 5719 £0ﬂ1._
2331 5634 2547 5719 primus
2584 5632 2940 5719 ἐκεκήρυκτο.

2075 5704 2368 5780 (48)-Ειιίιί
2401 5712 2452 5757 et
2478 5702 2610 5780 Reg.
2642 5702 2836 5780 tertius
2862 5707 3216 5780 ἀποθέμενον.
3256 5708 3326 5763 At
3352 5704 3579 5763 Colber-

2005 5777 2102 5832 tini
2136 5775 2344 5846 primus
2386 5782 2440 5830 et
2476 5777 2668 5834 tertius
2706 5775 3117 5851 ἀποτιθέμενον.
