4052 6214
438 338 551 399 505

1753 335 1808 386 S.
1852 332 2100 388 BASlLll
2138 333 2355 390 MAGNI

3583 336 3691 393 504

433 467 698 516 mentum.
730 453 992 511 Volebam
1025 453 1243 522 quidem
1277 452 1454 507 adhuc
1496 452 1698 513 vivere,
1742 459 1797 506 et
1827 450 1998 508 facul-

2113 454 2182 508 ἔτι
2220 452 2331 525 (49)
2358 453 2479 523 ζῇν,
2506 452 2598 506 καὶ
2622 452 2914 506 ἀπολαύειν
2935 453 3040 506 τῶν
3069 452 3330 524 ἐμαυτοῦ.
3358 454 3448 525 Τῷ
3477 451 3693 525 θανάτῳ

430 551 633 607 tatibus
669 547 805 603 meis
837 546 965 603 frui.
1019 543 1206 601 Gratia
1238 543 1425 605 morti.
1474 557 1586 597 non
1629 541 1748 597 libi.
1783 540 1917 596 Nam
1957 542 2004 597 si

432 643 635 698 fuisses
668 637 1017 702 immortalis,
1049 648 1395 705 nequaquam
1422 632 1773 688 meminisses
1810 646 2009 702 praece-

430 745 668 806 ptorum.
711 731 892 785 Nolite
918 745 1137 784 errare:
1163 727 1302 781 Deus
1335 743 1440 781 non
1475 725 1729 781 irridetur
1751 726 1816 781 ³³.
1851 725 2006 791 Quod

430 830 709 879 mortuum
751 830 855 884 est.
906 820 962 875 id
1006 818 1073 873 ad
1131 818 1304 871 altare
1352 830 1461 869 non
1516 815 1838 881 adducitur;
1875 813 2008 868 affer

431 912 706 967 victimam
732 910 1025 963 viventem.
1057 905 1175 961 Non
1225 904 1532 959 admittitur
1560 906 1655 975 qui
1700 921 1768 960 ex
1808 904 2007 959 redun-

434 1003 589 1059 danti
624 1001 804 1057 offert.
834 999 915 1055 Tu
941 1014 1072 1055 vero
1100 1013 1221 1068 qum
1248 1005 1370 1065 post
1391 1003 1638 1051 exactam
1673 1011 1893 1050 omnem
1928 995 2009 1050 vi-

435 1102 550 1148 tam
596 1091 1009 1163 superfuerunt,
1046 1087 1209 1143 ollers
1239 1088 1482 1143 benefico
1512 1086 1778 1156 largitori.
1814 1085 2009 1157 Hospi-

433 1195 517 1240 tes
546 1186 789 1241 illustres
812 1199 876 1238 ac
897 1183 1077 1237 claros
1104 1180 1152 1236 si
1182 1196 1291 1234 non
1325 1180 1495 1235 audes
1526 1179 1775 1248 reliquiis
1804 1194 2008 1234 mensae

430 1278 707 1348 excipere,
741 1273 1019 1346 quomodo
1047 1272 1217 1327 audes
1255 1271 1423 1327 Deum
1466 1272 1715 1341 reliquiis
1746 1273 1857 1325 tuis
1892 1271 2010 1340 pla-

432 1370 599 1425 care?
629 1368 844 1432 Videte,
890 1365 1111 1429 divites,
1157 1365 1318 1420 ﬁnem
1371 1364 1637 1427 avaritiae,
1689 1371 1745 1419 et
1774 1364 2011 1419 desinite

430 1461 684 1533 pecuniis
708 1459 950 1517 studere.
978 1457 1097 1523 Quo
1135 1456 1312 1527 magis
1346 1455 1567 1511 divitias
1601 1470 1774 1519 amas,
1805 1470 1873 1510 eo
1894 1470 2011 1509 ma-

431 1553 517 1625 gis
542 1554 679 1609 nihil
709 1569 775 1609 ex
808 1553 874 1607 iis
900 1565 1022 1622 quae
1051 1547 1326 1620 possides,
1358 1548 1661 1617 relinquas.
1691 1546 1888 1602 Omnia
1917 1562 2009 1602 as-

434 1661 592 1701 sume
622 1645 743 1710 tibi,
767 1652 997 1715 exporta
1027 1640 1234 1706 omnia,
1264 1640 1459 1696 alienis
1499 1636 1567 1695 ne
1600 1639 1846 1708 relinque
1871 1640 2012 1695 divi-

434 1740 563 1793 tias.
595 1735 854 1791 Fortasse
905 1746 1086 1791 autem
1129 1743 1185 1790 te
1230 1750 1300 1789 ne
1339 1731 1652 1823 cooperient
1682 1734 1901 1802 quidem
1930 1732 2010 1786 fa-

433 1830 570 1885 muli
605 1836 851 1884 extremo
893 1841 959 1881 ac
996 1826 1210 1882 funebri
1240 1832 1441 1881 ornatu
1463 1863 1478 1890 ,
1526 1817 1622 1879 sed
1668 1824 2011 1896 denegabunt
2043 1817 2085 1871 Β

431 1924 747 1991 exsequias,
788 1919 1014 1990 jamjam
1068 1917 1375 1973 haeredibus
1424 1917 1641 1987 placere
1703 1917 2005 1971 studentes.

432 2015 543 2067 Aut
592 2013 736 2068 forte
786 2014 950 2067 etiam
996 2018 1127 2065 tune
1174 2011 1461 2065 adversum
1515 2014 1568 2063 te
1614 1997 2009 2077 philosophieis

431 2107 618 2160 verbis
644 2114 866 2160 utentur
896 2122 909 2158 :
938 2101 1187 2173 Ineptum
1220 2108 1325 2165 est,
1352 2097 1621 2169 inquient,
1655 2106 1710 2153 et
1738 2113 1769 2150 a
1798 2099 2010 2152 ratione

434 2199 698 2261 alienum,
735 2204 1012 2251 mortuum
1052 2208 1282 2255 ornare;
1335 2199 1391 2247 et
1433 2206 1558 2247 eum
1592 2192 1690 2261 qui
1735 2190 1872 2245 nihil
1897 2190 2008 2259 jam

432 2287 621 2350 sentit,
661 2286 873 2357 magnis
902 2285 1215 2355 sumptibus
1242 2283 1457 2339 elferre.
1499 2281 1697 2336 Annon
1728 2280 1902 2337 satius
1923 2290 2011 2335 est

434 2378 761 2448 superstites
789 2384 1118 2447 sumptuoso
1155 2376 1358 2430 amictu
1391 2389 1456 2429 ac
1486 2374 1772 2445 splendido
1799 2373 2009 2439 ornari,

388 2501 392 2504 ι
433 2486 598 2539 quam
650 2477 833 2526 vestes
872 2469 1143 2539 pretiosas
1192 2483 1301 2523 una
1348 2483 1473 2523 cum
1517 2465 1785 2521 cadavere
1831 2472 2013 2534 putre-

434 2562 554 2617 fieri
584 2562 803 2618 sinere?
831 2562 1119 2628 Quodnam
1152 2571 1330 2615 autem
1373 2558 1710 2615 monumenti
1734 2557 1919 2613 eximii
1958 2566 2013 2613 et

436 2660 775 2722 sumptuosae
823 2654 1119 2723 sepulturae
1163 2660 1217 2706 et
1261 2652 1442 2705 inanis
1498 2657 1751 2720 sumptus
1796 2649 2010 2703 lucrum

433 2745 557 2801 est?
580 2744 686 2798 Par
719 2745 894 2815 magis
931 2742 1097 2798 fuerit
1138 2743 1253 2796 haec
1293 2741 1362 2796 ad
1392 2742 1517 2795 vitae
1553 2739 1861 2795 necessaria
1902 2738 2009 2793 im-

434 2837 693 2909 pendere.
744 2835 896 2890 Talia
939 2835 1122 2891 dieent
1168 2843 1306 2897 tum,
1364 2850 1489 2889 eum
1534 2843 1589 2888 et
1633 2834 2009 2888 morositatem

436 2939 587 2983 tuam
621 2942 685 2982 ac
738 2927 1084 2982 severitatem
1127 2927 1482 2992 ulciscentur,
1521 2933 1575 2981 et
1609 2934 1699 2980 tua
1732 2925 1843 2979 tuis
1881 2938 2008 2979 sue-

435 3016 754 3072 eessoribus
782 3016 1106 3086 largientur.
1140 3013 1327 3085 Itaque
1354 3016 1408 3068 in
1440 3022 1786 3069 antecessum
1812 3018 1866 3066 te
1892 3011 2010 3081 ipse

436 3107 651 3163 funera.
689 3105 929 3161 Pulchra
976 3106 1256 3175 sepultura
1286 3105 1483 3174 pietas.
1519 3101 1715 3157 Omnia
1758 3100 2005 3164 indutus,

437 3201 527 3255 abi
556 3219 570 3254 :
596 3198 683 3254 fac
732 3198 955 3253 divitias
1012 3172 1267 3252 ornatum
1288 3172 1303 3174 _
1324 3196 1420 3249 tibi
1472 3194 1802 3265 peculiarem
1828 3209 1843 3247 :
1874 3190 2015 3244 habe
2040 3172 2083 3229 ο

436 3305 571 3360 opes
615 3298 818 3346 tecum.
849 3287 1023 3344 Crede
1060 3287 1205 3342 bono
1232 3284 1575 3347 consiliario,
1617 3282 1711 3353 qui
1742 3289 1796 3336 te
1837 3279 2015 3350 diligit

435 3383 679 3448 Christo,
712 3382 809 3455 qui
851 3395 951 3451 pro
994 3380 1155 3435 nobis
1194 3394 1401 3450 pauper
1440 3376 1618 3431 factus
1670 3382 1775 3440 est,
1813 3382 1870 3427 ut
1909 3387 2012 3428 nos

437 3475 559 3545 ejus
586 3476 771 3545 inopia
799 3473 1103 3528 ditaremur
1124 3471 1193 3539 ³⁸,
1219 3470 1312 3541 qui
1337 3470 1581 3539 seipsum
1622 3465 2014 3535 redemptionis

435 3568 674 3639 pretium
707 3582 810 3638 pro
853 3567 1012 3621 nobis
1046 3565 1273 3619 tradidit
1294 3564 1359 3616 ³⁷.
1390 3563 1500 3616 Aut
1539 3560 1614 3629 ei,
1664 3569 1722 3614 ut
1754 3557 2011 3628 sapienti.

434 3668 491 3715 et
537 3660 683 3731 quod
731 3659 894 3715 nobis
926 3657 1183 3712 conducit
1231 3654 1559 3726 providenti,
1600 3667 1806 3706 morem
1854 3664 2013 3721 gera—

396 3808 401 3813 .
438 3768 580 3820 mus,
629 3760 723 3807 aut
754 3759 816 3807 ut
836 3751 1149 3822 diligentem
1202 3763 1324 3815 nos,
1375 3735 1749 3803 sustineamus
1780 3761 1794 3797 :
1822 3750 1916 3797 aut
1952 3748 2013 3796 ut

432 3847 794 3906 benefacienti
825 3848 1007 3910 nobis,
1032 3847 1207 3901 vicem
1234 3842 1621 3915 rependamus.
1654 3840 1891 3894 Omnino
1914 3854 2012 3892 au-

435 3950 543 3996 tem
564 3956 686 4010 qua:
715 3947 984 4009 praecepta
1010 3938 1170 3992 nobis
1195 3945 1323 3991 sunt
1350 3947 1739 4014 exsequamur,
1771 3939 1830 3985 ut
1849 3937 2010 3985 teter-

435 4047 519 4087 na:
549 4033 671 4086 vitae
693 4030 942 4101 quuaa
970 4030 1027 4082 in
1059 4028 1180 4098 ipso
1214 4027 1435 4082 Christo
1471 4033 1575 4089 est,
1619 4023 1863 4080 hzeredes
1895 4022 2010 4077 elli-

434 4124 647 4179 ciamur
673 4143 688 4177 :
710 4122 800 4177 cui
829 4122 1003 4194 gloria
1046 4128 1102 4175 et
1135 4126 1379 4190 potestas
1412 4118 1471 4172 in
1531 4117 1733 4174 saecula
1780 4116 2012 4172 saeculo-

435 4230 582 4270 rum.
612 4213 805 4269 Amen.

2108 546 2288 617 χάρις,
2310 546 2371 598 οὐ
2402 544 2503 598 σοί.
2538 545 2599 599 Εἰ
2632 545 2743 617 γὰρ
2773 542 2842 616 ἧς
2873 545 3157 609 ἀθάνατος,
3192 546 3292 598 οὐκ
3322 546 3387 598 ἂν
3414 547 3693 618 ἐμνήσθης

2107 638 2215 691 τῶν
2244 636 2493 691 ἐντολῶν.
2534 637 2632 705 Μὴ
2684 636 3030 692 πλανᾶσθε·
3071 638 3216 702 Θεὸς
3247 641 3319 692 οὺ
3350 636 3696 707 μυκτηρίζε-

2107 747 2220 785 ται.
2250 730 2464 801 Νεκρὸν
2518 732 2600 793 εἰς
2652 730 3041 800 θυσιαστήριον
3067 730 3166 782 οὐκ
3194 729 3457 799 ἀνάγεται
3477 746 3491 759 ’
3511 728 3693 794 ζῶσαν

2107 822 2447 891 προσένεγκε
2492 820 2590 892 τὴν
2645 821 2858 875 θυσίαν.
2910 819 2974 875 Ὀ
3017 823 3081 875 ἐκ
3112 822 3207 875 τοῦ
3255 821 3695 893 περισσεύματος

2105 914 2432 986 προσφέρων
2478 912 2872 985 ἀπρόσδειιτος.
2927 913 2999 965 Σὺ
3032 913 3087 967 δὲ
3118 914 3154 967 ὃ.
3187 913 3322 984 μετὰ
3366 915 3547 967 πᾶσαν
3593 914 3694 984 τὴν

2107 1004 2251 1077 ζωήν
2281 1003 2658 1076 ἐπερίσσευσε,
2702 1002 2879 1056 ταῦτα
2918 1003 3251 1075 προσφέρεις
3289 1002 3366 1073 τῷ
3411 1004 3696 1075 εὐεργέτῃ.

2106 1096 2172 1149 Et
2210 1096 2271 1150 οὐ
2298 1095 2504 1167 τολμᾷς
2528 1096 2591 1149 ἐκ
2630 1093 2739 1148 τῶν
2763 1094 3036 1163 λειψάνων
3067 1095 3166 1164 τῆς
3201 1094 3478 1166 τραπέζης
3504 1094 3695 1161 δεξιώ-

2108 1188 2303 1242 σασθαι
2328 1189 2457 1251 τοὺς
2500 1188 2768 1252 ἐνδόξους,
2804 1186 2924 1250 πῶς
2962 1182 3055 1241 οὖν
3088 1186 3295 1257 τολμᾷς
3342 1187 3433 1239 τὸν
3465 1187 3597 1240 Θεὸν
3629 1189 3696 1240 ἐκ

2106 1281 2213 1334 τῶν
2243 1281 2508 1351 λειψάνων
2535 1280 2870 1347 ἐξιλεοῦσθαι
2891 1297 2906 1348 ;
2931 1279 3100 1334 Ἴδετε
3127 1278 3188 1332 τὸ
3220 1279 3372 1343 τέλος
3410 1281 3508 1349 τῆς
3542 1279 3697 1349 φιλο-

2108 1391 2212 1445 χρη
2221 1373 2440 1444 ματίας,
2474 1373 2527 1425 οἱ
2557 1372 2827 1437 πλούσιοι,
2847 1371 2943 1426 καλ⁸
2968 1369 3251 1424 παύσασθε
3272 1369 3535 1439 ἐμπαθῶς
3557 1368 3695 1440 πρὸς

2108 1463 2179 1515 τὰ
2214 1464 2477 1535 χρήματα
2503 1462 2860 1532 διακείμενοι.
2899 1463 3050 1532 Ὅσῳ
3085 1459 3438 1530 φιλόπλουτος
3473 1455 3544 1524 εἴ,
3601 1475 3694 1512 το-

2113 1554 2288 1625 σούτῳ
2326 1554 2524 1625 μᾶλλον
2565 1554 2730 1626 μηδὲν
2760 1552 3030 1625 ὑπολείπῃ
3076 1553 3189 1623 (50)
3239 1551 3349 1604 τῶν
3382 1551 3694 1622 προσόντων

2112 1662 2213 1700 σοι.
2246 1647 2431 1701 Πάντα
2455 1645 2687 1699 σεαυτοῦ
2721 1645 2966 1715 ποίησαι,
3009 1645 3185 1697 πάντα
3239 1643 3579 1713 ἐπικόμισαι,
3613 1643 3688 1711 μὴ

2110 1738 2420 1809 καταλίπῃς
2453 1736 2756 1810 ἀλλοτρίοις
2786 1737 2877 1790 τὸν
2904 1735 3149 1789 πλοῦτον.
3199 1735 3351 1804 Τάχα
3384 1733 3440 1786 δέ
3481 1750 3541 1785 σε
3568 1732 3690 1787 οὒδέ

2115 1828 2522 1901 περιστελοῦσιν
2559 1828 2669 1899 (51)
2700 1829 2750 1880 οἱ
2788 1827 2999 1882 οἰκέται
3027 1825 3106 1896 τῷ
3137 1825 3434 1895 τελευταίῳ
3479 1824 3690 1895 κόσμῳ,

2116 1921 2229 1975 ἀλλ’
2258 1920 2653 1992 ἁφοσιώσονται
2677 1921 2777 1990 τὴν
2810 1918 3014 1990 ταφὴν,
3044 1922 3155 1983 τοῖς
3185 1919 3543 1990 κληρονόμοις
3587 1917 3695 1970 λοι-

2116 2013 2216 2066 πὸν
2243 2014 2732 2084 προσχωρήσαντες
2767 2011 2910 2065 κατὰ
2935 2011 3034 2080 τὴν
3069 2009 3301 2064 εὔνοιαν.
3343 2011 3415 2062 Ἤ
3465 2026 3568 2062 που
3591 2008 3691 2061 καὶ

2116 2104 2683 2175 καταφιλοσοφήσουσί
2734 2120 2828 2154 σου
2877 2101 3033 2154 τότε·
3096 2100 3501 2173 Ἀπειροκαλία,
3535 2099 3691 2171 φησὶ,

2117 2196 2481 2262 καλλωπίζειν
2514 2198 2728 2268 νεκρὸν,
2760 2196 2854 2249 καὶ
2889 2194 3192 2258 πολυτελῶς
3238 2192 3550 2264 ἐκκομίζειν
3598 2193 3693 2245 τὸν

2114 2289 2300 2343 οὐκέτι
2330 2288 2738 2358 αἰσθανόμενον.
2778 2288 2844 2340 Τί
2879 2287 2936 2339 δὲ
2963 2287 3025 2339 οὐ
3074 2286 3280 2356 βέλτιον
3308 2286 3437 2349 τοὺς
3472 2285 3692 2357 περιόν-

2114 2399 2214 2445 τας
2247 2380 2573 2451 κοσμεῖσθαι
2631 2383 2696 2452 τῇ
2733 2379 3017 2433 πολυτελεῖ
3050 2381 3145 2432 καὶ
3187 2377 3381 2447 ἐνδόξῳ
3409 2375 3693 2447 περιϐολῇ,

2116 2474 2149 2545 ἢ
2179 2473 2620 2544 συγκατασήπειν
2647 2472 2726 2543 τῷ
2748 2471 2927 2543 νεκρῷ
2946 2471 3014 2524 τὰ
3041 2470 3381 2540 πολυτίμητα
3408 2471 3507 2540 τῆς
3531 2467 3695 2537 ὲσθῆ-

2115 2585 2236 2633 τος;
2266 2567 2406 2620 Τίδέ
2437 2567 2716 2638 μνήματος
2755 2567 3048 2636 ἐπισήμου,
3085 2563 3180 2616 καὶ
3210 2562 3412 2632 ’ταφῆς
3464 2561 3693 2613 πολυτε-

2115 2659 2260 2722 λοῦς,
2293 2659 2387 2711 καὶ
2441 2658 2687 2727 δαπάνης
2739 2655 3006 2727 ἀκερδοῦς
3052 2654 3281 2723 ὅφελοςς
3329 2652 3459 2706 Δέον
3496 2653 3576 2714 είς
3626 2650 3697 2703 τά

2121 2750 2266 2803 κατὰ
2296 2751 2388 2803 τὸν
2442 2748 2554 2819 βίον
2604 2750 2877 2816 ἀναγκαῖα
2923 2746 3233 2819 χρήσασθαι
3284 2744 3396 2815 (52)
3431 2745 3543 2806 τοῖς
3595 2757 3697 2795 πε-

2123 2840 2317 2911 ριοῦσι.
2355 2838 2594 2892 Τοιαῦτα
2621 2839 2805 2910 ἐροῦσι
2838 2838 2931 2891 καὶ
2978 2836 3038 2888 σέ
3082 2835 3185 2904 τῆς
3220 2833 3519 2905 βαρύτητος
3555 2832 3697 2901 ἀμυ-

2116 2933 2351 3002 νόμενοι,
2394 2932 2489 2984 καὶ
2518 2934 2632 2993 τοῖς
2665 2928 3069 3000 διαδεξαμένοις
3116 2926 3186 2979 τά
3216 2927 3284 2979 σὰ
3318 2924 3692 2997 χαριζόμενοι.

2115 3024 2411 3098 Προλαϐὼν
2428 3020 2545 3088 οὖν,
2569 3022 2793 3076 σεαυτὸν
2818 3020 3167 3089 ἐνταφίασον.
3201 3017 3383 3072 Καλὸν
3444 3014 3698 3083 ἐντάφιον

2116 3119 2151 3189 ή
2184 3116 2464 3170 εὐσέϐεια.
2488 3116 2676 3169 Πάντα
2701 3114 3163 3186 περιϐαλλόμενος
3197 3110 3308 3183 (55)
3341 3108 3575 3164 ἄπελθεσ
3617 3108 3699 3161 oi-

2115 3213 2264 3263 κεῖον
2293 3210 2498 3279 κόσμον
2522 3208 2615 3262 τὸν
2661 3207 2890 3260 πλοῦτον
2918 3206 3169 3278 ποίησαι*
3202 3204 3293 3274 ἔχε
3348 3200 3511 3256 αὑτὸν
3555 3196 3696 3271 μετὰ

2116 3297 2365 3351 σεαυτοῦ.
2403 3297 2663 3367 Πείσθητι
2695 3295 2845 3365 καλῷ
2882 3293 3192 3367 συμϐούλῳ,
3224 3291 3303 3363 τῷ
3343 3286 3696 3360 άγαπήσαντί

2116 3408 2175 3443 σε
2206 3389 2451 3462 Χριστῷ,
2493 3390 2569 3460 τῷ
2600 3390 2667 3442 δι’
2704 3391 2852 3460 ἡμᾶς
2887 3386 3286 3459 πτωχεύσαντι,
3321 3386 3410 3438 ἴνα
3438 3384 3599 3454 ἡμεῖς
3624 3380 3694 3451 τῇ

2113 3484 2323 3537 ἐκείνου
2356 3484 2599 3554 πτωχείᾳ
2628 3482 3018 3552 πλουτήσωμεν
3038 3498 3052 3513 ·
3093 3479 3171 3551 τῷ
3207 3479 3351 3531 δόντι
3376 3475 3567 3530 ἐαυτὸν
3592 3472 3694 3525 λύ-

2111 3590 2239 3645 τρον
2262 3574 2401 3644 ὑπὲρ
2433 3572 2612 3644 ήμῶν.
2642 3572 2713 3624 Ἦ
2744 3572 2819 3634 ὡς
2839 3569 2988 3641 σοφῷ
3010 3568 3074 3621 τὸ
3092 3567 3369 3639 συμφέρον
3402 3565 3536 3636 ήμῖν
3565 3577 3695 3615 συν-

2118 3665 2315 3737 ορῶντι
2356 3663 2669 3735 πεισθῶμεν
2691 3703 2706 3728 ,
2737 3664 2771 3735 ἢ
2803 3663 2879 3725 ὡς
2910 3661 3234 3730 ἀγαπῶντος
3258 3659 3406 3731 ἡμᾶς
3446 3651 3697 3725 ἀνασχώ-

2120 3757 2280 3829 μεθα.
2302 3757 2336 3828 ἢ
2363 3757 2439 3820 ὡς
2465 3757 2761 3827 εὐεργέτην
2793 3755 2951 3827 ήμῶν
2978 3750 3365 3825 άμειψώμεθα.
3386 3748 3613 3810 Πάντως
3631 3744 3691 3799 δι

2116 3849 2433 3918 ποιήσωμεν
2464 3848 2533 3901 τὰ
2563 3847 2965 3917 διατεταγμένα
3007 3846 3161 3915 ἡμῖν,
3219 3844 3305 3897 ἵνα
3362 3837 3699 3910 κληρονόμοι

2113 3938 2401 4010 γενώμεθα
2423 3938 2524 4009 τῆς
2556 3939 2776 3992 αἰωνίου
2808 3938 2955 4007 ζωῆς
2980 3939 3078 4006 τῆς
3099 3936 3157 3988 ἐν
3181 3930 3329 4002 αὐτῷ
3354 3928 3432 4001 τῷ
3452 3925 3695 3999 Χριστῷ⁹

2112 4024 2158 4098 ᾧ
2185 4032 2217 4102 ἡ
2245 4030 2370 4096 δόξα
2401 4031 2497 4084 καὶ
2515 4030 2577 4083 τὸ
2602 4030 2807 4101 κράτος
2831 4030 2911 4092 είς
2939 4028 3067 4090 τοὺς
3088 4023 3292 4087 αἰῶνας
3319 4020 3428 4076 τῶν
3457 4017 3691 4094 αίώνωνι

2126 4124 2320 4194 Ἀμήν.

445 4344 3669 4391 _______________________________.____.______.__._—

643 4469 930 4526 HOMlLlA
969 4467 1174 4524 DlCTA
1221 4465 1551 4522 TEMPORE
1588 4464 1798 4520 FAMlS

958 4580 1047 4635 ET
1091 4578 1491 4636 SICCITATIS.

507 4699 560 4754 Ι.
598 4696 702 4752 Leo
727 4697 917 4768 rugiet,
947 4706 999 4751 et
1025 4697 1141 4766 quia
1172 4712 1277 4750 non
1311 4693 1555 4749 timebit?
1580 4693 1833 4747 Dominus
1863 4691 2008 4746 Deus

2458 4462 2700 4515 ΟΜΙΛΙΑ
2726 4458 3025 4513 ΡΠΘΕΙΣΑ
3058 4457 3150 4511 ΕΝ
3178 4454 3349 4526 ΛΙΜῼ

2689 4572 2810 4625 ΚΑΙ
2855 4571 3124 4641 ΑΥΧΜῼ.

2185 4688 2241 4740 i.
2266 4686 2425 4741 Λέων
2452 4685 2776 4755 ἐρεύξεται,
2794 4684 2891 4740 καί
2918 4685 3012 4752 τίς
3034 4686 3107 4738 οὺ
3134 4678 3698 4753 φοϐηθ-ήσεται;Κύ-

437 4789 643 4843 brutus
679 4796 780 4852 est,
821 4795 873 4840 et
902 4786 1018 4857 quis
1054 4803 1159 4839 non
1183 4784 1510 4855 prophetabit
1536 4784 1616 4838 ιιι
1649 4783 2013 4838 Exordiamur

2113 4794 2238 4846 ριος
2267 4780 2301 4831 ὀ
2346 4775 2492 4843 Θεὸς
2525 4775 2816 4844 ὲλάλησε,
2875 4776 2977 4832 καὶ
3023 4777 3114 4840 τίς
3156 4775 3230 4828 οὐ
3258 4772 3700 4842 προφητεύσεις

436 4882 739 4935 orationem
774 4892 803 4931 a
825 4878 1103 4948 prophetat
1134 4878 1337 4942 verbis,
1370 4885 1534 4948 atque
1561 4877 1616 4930 in
1652 4876 1817 4947 huius
1847 4891 2012 4945 argu-

436 4972 609 5026 menti
659 4972 984 5027 tractatione
1025 4970 1370 5024 auxiliarium
1429 4983 1777 5024 assumamus
1829 4969 2011 5039 ipsum

436 5064 605 5119 Amos
623 5064 889 5119 divinitus
914 5062 1177 5129 afﬂatum,
1199 5063 1292 5133 qui
1317 5062 1405 5116 his
1434 5062 1637 5131 quibus
1662 5061 2010 5125 iufestamur,

348 5170 355 5177 η
398 5172 403 5177 ’
439 5168 600 5223 pares
664 5155 1002 5209 calamitates
1054 5153 1287 5234 curavit.
1344 5150 1612 5205 Videlicet
1671 5164 2012 5220 exponamus

508 5308 554 5341 ³⁵
589 5307 766 5364 Galat.
804 5325 893 5375 vi,
929 5309 981 5362 7.
1056 5308 1102 5340 ³⁸
1142 5306 1187 5361 ll
1215 5307 1343 5363 Cor.
1377 5321 1510 5371 vm,
1543 5304 1597 5360 9.
1674 5302 1717 5336 ³⁷
1760 5302 1780 5357 l
1817 5305 1963 5362 Tim;
1994 5321 2067 5374 ιι,
2101 5305 2155 5361 6.

663 5461 823 5532 illud,
857 5464 957 5536 μὲν
975 5463 1076 5529 ἐτι,
1099 5462 1295 5519 addere
1319 5477 1387 5518 ex
1414 5460 1632 5517 duobus
1674 5459 2005 5517 Colbertinis

437 5535 626 5677 ω’ἓῶ
662 5602 809 5677 eam
842 5603 1099 5677 ὑπολίπῃ.
1128 5602 1284 5677 Libri
1312 5611 1528 5677 veteres
1559 5601 1849 5673 ὑπολείπῃ.

538 5672 627 5747 ιιι)
663 5675 823 5747 ρους
851 5674 1024 5747 codex
1047 5672 1201 5747 (ζου).
1233 5672 1693 5747 περιστέλλουσιν.

538 5682 627 5746 51)
667 5682 823 5731 Unus
851 5682 1024 5729 codex
1047 5682 1201 5729 Colb.
1233 5682 1627 5747 περιστέλλουσι

513 5682 627 5821 (52)
662 5744 794 5817 Reg.
828 5745 1039 5817 primus
1066 5744 1338 5813 ἀναγκαῖα
1372 5742 1627 5814 χρῆσθαι.

2114 4868 2458 4941 Προφητικὸν
2492 4869 2808 4940 ποιήσωμεν
2836 4868 2898 4921 τὸ
2925 4867 3021 4920 τοῦ
3054 4865 3215 4935 λόγου
3255 4863 3561 4936 προοίμιον,
3591 4861 3688 4916 καὶ

2114 4965 2205 5018 τὸν
2225 4961 2650 5035 θεοφορούμενον
2690 4961 2872 5033 Ἀμὼς
2901 4957 3160 5032 συνεργὸν
3188 4958 3267 5022 είς
3284 4958 3384 5029 τὴν
3411 4956 3520 5010 τῷν
3555 4971 3696 5025 προ-

2116 5056 2383 5128 κειμένων
2417 5054 2601 5126 χρείαν
2628 5054 3050 5127 παραλάϐωμεν,
3075 5053 3145 5106 τὰ
3191 5053 3353 5122 ὃμοια
3408 5049 3517 5102 τῶν
3558 5048 3698 5120 ἡμῖν

2114 5148 2467 5219 διοχλούντων
2522 5147 2708 5202 κακῶν
2751 5146 3167 5218 θεραπεύσαντα
3204 5145 3319 5216 (54)
3366 5141 3511 5212 πάθη
3533 5159 3548 5172 ·
3594 5140 3700 5211 τὴν

2250 5304 2296 5337 ³³
2333 5305 2503 5361 Amos
2562 5320 2653 5371 ιιι,
2689 5304 2743 5360 8.

2187 5461 2299 5533 (55)
2339 5459 2486 5533 idem
2513 5462 2689 5517 codex
2718 5461 3167 5533 περιϐαλόμενος.

2190 5525 2299 5602 (54)
2338 5531 2519 5585 COdex
2564 5525 2999 5604 QUldaﬂl'COlb.‘
3025 5530 3221 5604 κακῶν
3266 5525 3693 5604 θεραπεύσοηα.

2117 5591 2241 5675 Md}:
2278 5591 2508 5670 utraque
2528 5591 2707 5675 editio
2739 5601 2905 5675 Basil.
2932 5610 2991 5675 et
3021 5600 3199 5675 Paris.
3229 5591 3448 5675 et
3479 5591 3692 5675 primus

2117 5672 2344 5744 γνώμην
2398 5673 2757 5744 ἐκτιθέμενοι.
2816 5673 3041 5742 Antiqui
3105 5680 3216 5744 tres
3282 5670 3405 5724 libri
3465 5670 3693 5744 γνώμην

2119 5733 2421 5815 ἐκθήσομαι
2448 5781 2463 5809 ,
2497 5733 2807 5799 δειιὶεηιὶαηι
2830 5733 3109 5813 exponam.
3132 5741 3266 5814 Reg.
3295 5733 3571 5793 secundus
3596 5733 3692 5789 καὶ
