4052 6214
475 400 582 458 307

1794 402 1853 460 S.
1894 403 2141 462 BASILII
2180 407 2395 465 MAGNI

3630 426 3741 487 508

474 522 665 595 populi
719 519 1067 586 medeantur,
1117 532 1173 575 et
1221 520 1521 578 insolentes
1571 520 1818 592 quaedam
1877 520 2052 576 nubes

2166 528 2336 595 γεῖσαι
2360 527 2457 601 τὴν
2504 532 2693 602 χρείαν
2733 534 2827 588 τοῦ
2872 535 3134 606 διψῶντος
3171 536 3302 591 λαοῦ
3330 537 3732 608 θεραπεύσωσι,

474 620 626 675 roris
670 618 726 673 in
765 632 977 673 morem
1021 619 1299 673 insuetum
1336 616 1656 672 alimentum
1703 630 1908 670 manna
1956 615 2057 670 bo-

477 713 722 770 minibus
767 709 1077 767 demittant.
1122 708 1424 765 Vereamur
1466 724 1535 764 ne
1584 706 1780 762 fiamus
1821 707 2059 778 posteris

478 821 683 862 novum
739 804 902 861 famis
946 811 1003 859 et
1053 802 1235 857 multa
1278 802 1610 872 exemplum.
1677 799 1802 855 Vidi
1871 815 2053 871 agros,

479 905 538 953 et
588 896 847 967 lacrymis
907 893 1095 950 multis
1168 892 1511 949 sterilitatem
1581 907 1773 949 eorum
1829 892 2054 956 deﬂevi,

481 1003 716 1060 sumque
764 988 1133 1052 lamentatus,
1191 985 1340 1058 quod
1385 986 1573 1042 nullus
1617 991 1673 1040 in
1732 1002 1833 1041 nos
1884 986 2058 1040 imber

481 1081 690 1138 eﬁ'usus
749 1088 857 1138 est.
908 1080 1128 1136 Semina
1180 1078 1459 1150 quaedam,
1516 1078 1759 1148 germine
1823 1076 2058 1132 necdum

481 1175 719 1238 emisso,
771 1189 998 1239 aruere,
1045 1173 1177 1228 talia
1224 1171 1599 1243 permanentia
1650 1172 1792 1226 inter
1836 1170 2055 1241 glebas,

481 1268 668 1339 qualia
705 1273 947 1321 aratrum
998 1266 1280 1321 obtexerat
1312 1283 1328 1318 :
1363 1264 1468 1319 alia
1523 1263 1803 1334 paululum
1856 1261 2060 1332 promi-

480 1359 707 1425 nentia,
748 1366 873 1430 post
906 1357 1360 1429 germinationem
1402 1355 1787 1412 miserabiliter
1832 1361 1967 1410 aestu
2005 1361 2060 1409 et

483 1456 682 1511 ardore
720 1453 962 1510 arefacta
1016 1460 1172 1515 sunt,
1225 1451 1308 1506 sic
1357 1457 1419 1503 ut
1455 1449 1629 1520 possit
1670 1462 1818 1503 nunc
1862 1447 2061 1518 aliquis

483 1551 872 1605 convenienter
907 1547 1050 1601 hanc
1086 1544 1364 1615 Evangelii
1386 1542 1431 1575 ⁸ο
1461 1557 1651 1599 vocem
1682 1543 1954 1597 invertere
1995 1555 2060 1595 ac

482 1643 698 1697 dicere:
718 1638 965 1710 Operarii
1004 1636 1223 1708 quidem
1252 1634 1433 1700 multi,
1455 1634 1551 1691 sed
1574 1633 1772 1691 messis
1798 1649 1866 1688 ne
1887 1646 2062 1702 pauca

483 1733 727 1803 quidem.
744 1731 1012 1803 Agricolae
1028 1737 1208 1783 autem
1232 1728 1287 1782 in
1312 1726 1458 1798 agris
1475 1724 1808 1789 desidentes,
1826 1732 1880 1779 et
1894 1722 2063 1777 mani-

483 1828 591 1884 bus
605 1841 779 1899 genua
803 1824 1074 1901 complexi
1096 1822 1210 1893 (qui
1230 1837 1363 1877 sane
1384 1819 1684 1890 lugentium
1698 1818 1915 1873 habitus
1927 1817 2030 1888 est)
2042 1857 2055 1879 ,

484 1920 678 1975 inanes
696 1933 828 1975 suos
851 1918 1067 1972 labores
1088 1916 1394 1985 deplorant,
1420 1912 1773 1982 respicientes
1789 1911 1857 1965 ad
1882 1910 2061 1965 infan-

483 2022 571 2069 tes
606 2025 827 2081 pueros,
864 2025 928 2065 ac
969 2010 1352 2072 lamentantes,
1390 2014 1447 2063 et
1472 2005 1647 2061 oculis
1672 2006 1727 2060 in
1758 2020 1956 2061 uxores
1979 2004 2064 2058 in-

482 2104 655 2159 tentis
691 2101 905 2166 ﬂentes,
957 2100 1336 2168 contingentes
1390 2098 1573 2155 siccas
1605 2096 1822 2166 frugum
1868 2095 2063 2150 herbas

484 2207 543 2253 et
599 2202 1029 2258 contrectantes,
1089 2193 1314 2248 edentes
1365 2206 1594 2262 magnos
1648 2191 1887 2260 eiulatus
1940 2204 2065 2259 per-

482 2288 614 2343 inde
650 2294 813 2357 atque
840 2293 1021 2356 patres
1053 2284 1179 2339 ﬁliis
1222 2284 1341 2341 suis
1375 2284 1431 2338 in
1464 2283 1640 2337 aetatis
1684 2282 1818 2336 ﬂore
1865 2280 2061 2334 orbati.

483 2379 712 2434 Dicatur
759 2379 943 2448 itaque
991 2377 1159 2432 etiam
1203 2375 1270 2430 ad
1328 2390 1432 2430 nos
1485 2374 1552 2428 ab
1609 2374 1729 2444 ipso
1780 2371 2063 2443 prepheta,

483 2473 644 2543 cujus
682 2489 715 2527 a
750 2471 911 2527 nobis
954 2471 1119 2541 paulo
1163 2479 1289 2523 ante
1333 2467 1390 2522 in
1421 2467 1649 2523 exordio
1684 2466 1825 2520 [at-ta
1861 2465 2066 2520 mentio

482 2574 572 2622 est
604 2584 618 2620 :
665 2563 735 2618 Et
762 2581 878 2635 ego,
919 2563 1118 2632 inquit,
1154 2561 1381 2631 repressi
1415 2577 1449 2615 α
1487 2559 1631 2615 vobis
1670 2558 1908 2629 pluviam
1945 2569 2068 2611 ante

488 2670 595 2714 tres
638 2674 840 2713 menses
895 2655 1170 2710 vindemia:
1213 2671 1233 2708 :
1271 2663 1320 2708 et
1366 2653 1549 2722 pluunt
1600 2667 1758 2720 super
1804 2651 2068 2705 civitatem

483 2768 672 2817 unam,
707 2761 758 2806 et
791 2767 948 2821 super
977 2750 1243 2804 civitatem
1270 2765 1431 2803 unam
1462 2747 1787 2818 non_pluam
1814 2760 1833 2798 :
1863 2756 1913 2798 et
1940 2759 2066 2812 pars

485 2862 597 2898 una
635 2843 972 2915 irrigabitur,
1021 2852 1073 2898 et
1120 2858 1245 2911 pars
1271 2882 1286 2906 ,
1330 2856 1486 2910 super
1517 2857 1675 2912 quam
1713 2856 1815 2893 non
1848 2840 2065 2908 pluero,

486 2938 693 3007 areﬁet.
723 2936 794 2990 Et
827 2935 1283 3007 congregabantur
1324 2933 1446 2988 dure
1478 2933 1556 2987 vel
1590 2942 1695 2987 tres
1735 2932 1975 2986 civitates
2012 2932 2064 2986 in

484 3052 687 3101 unam,
736 3044 797 3089 ut
843 3034 1025 3088 bibant
1070 3048 1286 3104 aquam,
1342 3040 1392 3085 et
1441 3047 1547 3085 non
1599 3028 1978 3091 satiabuntur;
2008 3044 2067 3081 eo

485 3131 623 3203 quod
675 3147 780 3186 non
818 3129 946 3183 estis
996 3128 1188 3182 reversi
1222 3124 1291 3179 ad
1334 3141 1448 3187 me,
1505 3124 1636 3177 dicit
1680 3122 1940 3176 Dominus
1995 3121 2065 3175 “.

485 3326 658 3373 stram
694 3314 763 3369 ab
798 3314 920 3385 ipso
967 3309 1425 3367 abalienationem
1466 3314 1631 3377 atque
1672 3305 2064 3377 negligentiam

485 3342 658 3373 atram
694 3342 763 3369 au
800 3342 920 3385 Ιμδυ
967 3342 1425 3367 ειυειιιιςιιιιιιυηῠιιι
1466 3342 1631 3377 an.un
1673 3342 2064 3377 ιιυδιιδυιιιισηι

452 3342 475 3461 ί
487 3407 806 3473 immittere,
840 3422 951 3475 noon
995 3404 1366 3459 exterminare
1395 3401 1695 3462 volentem,
1736 3397 1833 3455 sed
1873 3414 2065 3453 emen-

444 3488 449 3493 ’
486 3499 621 3555 dare
658 3499 995 3575 cupientem,
1036 3510 1187 3551 more
1217 3496 1486 3549 bonorum
1515 3499 1731 3563 patrum
1761 3507 1891 3561 erga
1921 3491 2069 3546 desi-

487 3593 588 3648 dcs
619 3590 802 3658 ﬁlios;
827 3591 919 3660 qui
952 3590 1271 3645 irascuntur
1293 3587 1754 3648 adolescentibus.
1787 3596 1842 3643 et
1870 3588 1925 3642 in
1954 3602 2071 3643 eos-

486 3686 613 3739 dem
660 3684 988 3753 insurgunt,
1032 3697 1142 3735 non
1194 3681 1342 3752 quod
1394 3680 1693 3752 quidquam
1744 3681 1882 3750 ipsis
1939 3681 2068 3734 mali

485 3773 694 3830 inferre
734 3773 921 3835 velint,
952 3773 1048 3829 sed
1094 3783 1149 3826 ut
1184 3788 1277 3827 eos
1303 3788 1367 3827 ex
1392 3773 1587 3843 puerili
1625 3772 1862 3836 incuria,
1895 3786 2072 3841 exque

481 3866 792 3936 iuventutis
843 3865 1058 3921 delictis
1100 3865 1166 3919 ad
1210 3880 1399 3919 curam
1445 3865 1750 3928 adducant,
1798 3877 1963 3936 atque
2002 3863 2072 3918 ad

487 3958 853 4029 diligentiam.
896 3956 1088 4013 Videte
1137 3958 1321 4027 itaque
1366 3958 1828 4027 quemadmodum
1882 3958 2071 4012 multi-

419 4069 422 4072 θ
487 4048 621 4103 tudo
652 4058 1002 4119 peccatorum
1035 4043 1355 4103 nostrorum
1398 4057 1454 4102 et
1493 4049 1623 4103 anni
1655 4058 2007 4119 tempestates
2041 4063 2072 4101 a

487 4157 590 4198 sua
635 4142 881 4211 ipsarum
921 4147 1118 4194 natura
1163 4140 1479 4205 abduxerit,
1521 4150 1575 4195 et
1616 4148 1923 4211 temporum
1961 4140 2073 4195 for-

486 4247 609 4288 mas
632 4232 1085 4287 transmutaverit
1108 4231 1163 4286 in
1196 4232 1403 4289 alienas
1427 4239 1851 4303 temperaturas.
1886 4232 2073 4290 Hiems

490 4325 720 4381 solitum
767 4324 1057 4379 humorem
1102 4324 1346 4379 siccitati
1386 4324 1678 4381 admistum
1709 4342 1820 4381 non
1857 4327 2069 4391 habuit,

488 4420 584 4475 sed
624 4418 913 4473 humorem
959 4433 1177 4473 omnem
1215 4418 1388 4490 glacie
1432 4419 1690 4473 astrinxit
1744 4421 2074 4475 exsiccavit-

486 4514 676 4579 que,et
691 4509 916 4565 omnino
934 4508 1137 4563 nivium
1159 4508 1524 4579 imbriumque
1538 4525 1734 4579 expers
1750 4513 2069 4579 permansit.

2158 620 2379 690 νεφέλαι
2399 621 2456 675 δὲ
2493 624 2786 696 παράδοξοι
2812 628 3014 699 τροφὴν
3038 630 3278 701 ἀσυνήθη
3306 629 3367 682 τὸ
3402 629 3576 700 μάννα
3621 634 3737 695 τοῖς

2160 713 2472 786 ἀνθρώποις
2506 719 2963 787 καταψεκάσωσιν
3021 720 3157 793 (62).
3216 719 3623 791 Εὐλαϐηθῶμεν
3658 721 3735 792 μὴ

2158 803 2447 876 γενώμεθα
2478 809 2595 870 τοῖς
2626 807 2898 878 ὀψιγόνοις
2928 810 3112 864 καινὸν
3146 811 3240 863 ἐπὶ
3259 809 3419 882 λιμοῦ
3447 810 3541 865 καὶ
3565 829 3738 883 τιμω-

2105 969 2111 977 _
2162 898 2283 969 ρίας
2318 899 2587 971 διήγημα.
2618 901 2772 955 Εἶδον
2807 903 2905 967 τὰς
2943 903 3204 975 ἀρούρας,
3252 905 3345 956 καὶ
3382 903 3554 958 πολλὰ
3605 920 3742 957 κατ-

2090 1879 2133 1934 Β

2158 992 2434 1064 εδάκρυσα
2458 994 2559 1066 τῆς
2586 996 2865 1068 ἀκαρπίας
2892 998 3070 1050 αὐτῶν
3089 1015 3103 1027 ·
3144 997 3237 1050 καὶ
3282 996 3471 1067 ἐξέχεα
3514 995 3737 1068 θρῆνον,

2158 1085 2348 1155 ἐπειδὴ
2384 1088 2457 1157 μὴ
2511 1087 2667 1150 ὑετὸς
2702 1089 2785 1160 ἐφ’
2838 1091 2985 1161 ἡμᾶς
3037 1090 3285 1162 ἐξεχύθη.
3333 1092 3415 1145 Τὰ
3475 1091 3571 1162 μὲν
3628 1089 3744 1142 τῶν

2162 1181 2495 1250 σπερμάτων
2522 1182 2628 1252 πρὸ
2651 1181 2751 1254 τῆς
2795 1182 3027 1255 ἐκϐολῆς
3069 1184 3360 1256 ἐξηράνθη,
3396 1187 3519 1247 ταῖς
3547 1181 3739 1254 βώλοις

2157 1269 2385 1325 τοιαῦτα
2413 1272 2671 1343 μείναντα
2697 1270 2786 1327 οἵα
2807 1275 2868 1328 τὸ
2898 1276 3127 1347 ἄροτρον
3169 1276 3373 1346 ἔκρυψε
3392 1293 3405 1305 ·
3466 1275 3535 1329 τὰ
3561 1274 3619 1329 δὲ
3651 1293 3746 1345 μι-

2160 1363 2294 1435 κρὸν
2316 1365 2689 1437 ηπροκύψαντα
2719 1369 2812 1421 καὶ
2849 1367 3221 1439 βλαστήσαντα
3248 1368 3494 1434 ἐλεεινῶς
3520 1369 3740 1438 ἀπεμα-

2164 1454 2335 1527 ράνθη
2369 1456 2449 1528 τῷ
2483 1458 2769 1530 καύματι·
2807 1460 2882 1523 ὼς
2909 1458 3004 1513 νῦν
3032 1458 3142 1529 (65)
3175 1459 3450 1529 εὐκαίρως
3478 1459 3601 1513 τινὰ
3641 1459 3749 1530 τὴν

2163 1548 2530 1621 εὐαγγελικὴν
2597 1549 2935 1620 ἀναστρέψαι
2994 1550 3201 1619 φωνὴν,
3239 1548 3494 1617 λέγοντα·
3530 1548 3593 1601 Oi
3640 1546 3741 1616 μὲν

2161 1643 2388 1714 ἐργάται
2421 1642 2626 1707 πολλοὶ,
2656 1641 2718 1696 τὸ
2753 1642 2810 1695 δὲ
2844 1642 3000 1714 θέρος
3026 1642 3132 1695 οὐδ’
3164 1642 3366 1710 ὀλίγον.
3406 1643 3468 1694 Οἱ
3507 1640 3744 1712 γεωργοὶ

2161 1735 2239 1799 δὲ,
2276 1738 2396 1799 ταῖς
2419 1735 2680 1807 ἀρούραις
2703 1735 2936 1807 ὲπικαθή
2946 1751 3116 1807 μενοι,
3136 1734 3350 1799 καὶτὰς
3386 1737 3575 1807 χεῖρας
3602 1730 3745 1785 κατά

2162 1828 2270 1882 τῶν
2298 1828 2543 1898 γονάτων
2580 1828 2985 1899 συμπλέκοντες
3025 1827 3207 1897 (τοῦτο
3236 1827 3302 1898 δὴ
3342 1827 3452 1881 τῶν
3486 1823 3748 1878 πενθούν-

2162 1939 2271 1976 των
2303 1920 2363 1975 τὸ
2403 1921 2630 1993 σχῆμα),
2679 1922 2807 1985 τοὺς
2853 1920 3120 1992 ματαίους
3162 1920 3372 1974 ἑαυτῶν
3412 1918 3604 1981 πόνους
3653 1916 3746 1969 δα-

2163 2012 2414 2082 κρύουσι,
2450 2013 2589 2083 πρὸς
2615 2012 2810 2075 παῖδας
2868 2011 3095 2083 νηπίους
3123 2010 3454 2083 ἀφορῶντες,
3488 2010 3583 2063 καὶ
3628 2007 3747 2060 ὀδυ-

2168 2107 2386 2179 ρόμενοι
2406 2122 2419 2135 ’
2456 2104 2593 2176 πρὸς
2623 2106 2887 2174 γυναῖκας
2913 2104 3271 2170 ἀτενίζοντες,
3291 2105 3383 2157 καὶ
3401 2099 3743 2174 θρηνοῦντες,

2163 2198 2516 2269 ὲπαφὼμενοι
2560 2199 2652 2251 καὶ
2688 2197 3047 2267 ψηλαφῶντες
3081 2197 3208 2261 τοὺς
3268 2194 3464 2267 ξηροὺς
3521 2195 3747 2265 χόρτους

2164 2292 2274 2346 τῶν
2304 2291 2679 2363 γεννημάτων,
2707 2287 3101 2359 ἀνοιμώζοντες
3131 2287 3187 2341 δὲ
3229 2287 3462 2359 μεγάλα,
3495 2285 3746 2354 καθάπερ

2165 2386 2213 2438 οἱ
2248 2382 2488 2455 πατέρες
2513 2385 2562 2435 οἰ
2587 2383 2713 2445 τοὺς
2750 2382 2809 2435 ὲν
2830 2380 2981 2436 ἄνθει
3012 2382 3112 2452 τῆς
3135 2379 3351 2451 ἡλικίας
3382 2378 3530 2441 υἱοὺς
3557 2375 3750 2429 ἀπολέ-

2168 2493 2382 2537 σαντες.
2429 2472 2688 2544 Λεγέσθω
2733 2473 2916 2527 τοίνυν
2947 2472 3043 2526 καὶ
3081 2472 3219 2543 πρὸς
3266 2472 3415 2544 ἡμᾶς
3455 2468 3610 2542 παρά
3648 2467 3746 2523 τοῦ

2166 2564 2332 2622 αὑτοῦ
2364 2566 2665 2638 προφήτου,
2704 2558 2767 2617 οὗ
2799 2563 2995 2635 μικρὸν
3033 2563 3267 2635 πρόσθεν
3317 2562 3428 2633 (64)
3462 2563 3520 2614 ὲν
3565 2576 3752 2630 προοισ-

2170 2660 2315 2732 μίοις
2338 2657 2826 2729 ἐμνημονεύσαμεν
2843 2672 2856 2685 ·
2885 2655 2995 2710 Καὶ
3018 2656 3153 2725 ἐγὼ,
3182 2655 3367 2726 φησὶν,
3391 2653 3658 2721 ἀνέσχον
3679 2651 3751 2716 ἐξ

2165 2751 2335 2821 ὑμῶν
2363 2751 2473 2805 τὸν
2499 2750 2681 2805 ὑετὸν
2704 2748 2818 2818 πρὸ
2849 2747 3027 2816 τριῶν
3044 2748 3257 2818 μηνῶν
3283 2746 3389 2801 τοῦ
3421 2744 3715 2816 τρυγητοῦ
3732 2760 3747 2774 ο

2167 2845 2267 2898 καὶ
2294 2843 2496 2912 βρέξω
2516 2843 2615 2895 ἐπὶ
2650 2842 2833 2896 πόλιν
2860 2842 3033 2912 μίαν,
3053 2839 3153 2893 ἐπὶ
3182 2838 3250 2894 δὲ
3292 2839 3476 2892 πόλιν
3498 2838 3646 2907 μίαν
3675 2837 3751 2890 οὐ

2161 2935 2364 3004 ,ϐρέξω
2382 2953 2396 2966 ο
2434 2934 2535 2989 καὶ
2558 2933 2729 3004 μερὶς
2752 2935 2863 3004 μία
2885 2931 3260 3002 ,βραχήσεται
3283 2928 3418 3001 (65),
3440 2929 3537 2983 καὶ
3564 2927 3752 2997 μερίς,

2165 3029 2257 3097 ἐφ’
2293 3027 2373 3095 ἣν
2397 3029 2469 3082 οὐ
2513 3027 2746 3095 βρέξω,
2791 3022 3250 3093 ξηρανθήσεται.
3288 3019 3398 3075 Καὶ
3429 3017 3753 3085 συναθροί-

2167 3138 2377 3176 σονται
2409 3120 2518 3174 δύο
2560 3119 2598 3188 ἢ
2633 3118 2789 3187 τρεῖς
2817 3119 3023 3182 πόλεις
3058 3118 3146 3181 εἰς
3168 3115 3336 3185 μίαν,
3378 3112 3535 3166 πιεῖν
3575 3110 3752 3177 ὕδωρ,

343 3193 383 3289 ν,
483 3193 775 3281 biseamus
822 3221 990 3291 igitur
1057 3218 1227 3274 Deum
1273 3217 1373 3272 has
1415 3216 1578 3271 nobis
1622 3214 1813 3285 plagas
1850 3214 1923 3268 ob
1966 3229 2064 3267 no-

2171 3213 2269 3266 καὶ
2306 3214 2378 3267 οὐ
2420 3210 2507 3282 μὴ
2540 3211 2967 3281 ἐμπλησθῶσι·
2998 3209 3147 3262 διότι
3189 3209 3301 3261 οὐκ
3341 3202 3755 3271 ἐπεστράφητε

2167 3308 2319 3376 πρὸς
2346 3306 2445 3376 μὲ,
2479 3305 2641 3375 λέγει
2669 3305 2906 3371 Κύριος.
2943 3301 3221 3369 Μάθωμεν
3253 3293 3367 3362 οὖν,
3396 3297 3476 3350 ὃτι
3519 3295 3584 3347 δι’
3614 3294 3752 3346 ἀπο-

2168 3401 2407 3471 στροφὴν
2445 3398 2556 3470 (66)
2591 3398 2685 3451 καὶ
2714 3396 2972 3466 ἀμέλειαν
3003 3394 3203 3456 ταύτας
3243 3394 3377 3463 ἡμῖν
3424 3392 3453 3443 δ
3488 3388 3621 3451 Θεὸς
3653 3389 3757 3449 τὰς

2169 3494 2383 3564 πληγὰς
2412 3493 2637 3564 ἐνίησιν,
2667 3492 2770 3545 οὐκ
2793 3489 3044 3561 ἐκτρῖψαι
3072 3486 3270 3558 ζητῶν,
3302 3484 3416 3539 ἀλλ’
3437 3480 3754 3553 ἐπανορθῶ-

2172 3604 2263 3639 σαι
2285 3586 2620 3650 σπουδάζων,
2645 3584 2787 3638 κατὰ
2814 3585 2939 3646 τοὺς
2962 3582 3231 3654 χρηστοὺς
3252 3579 3360 3631 τῶν
3388 3576 3635 3647 πατέριον
3661 3574 3759 3628 καὶ

2171 3681 2398 3751 ἀμελεῖς
2438 3679 2547 3732 τῶν
2576 3677 2804 3742 τέκνων,
2835 3676 2884 3728 οἳ
2924 3675 3219 3746 θυμοῦνται
3256 3670 3397 3725 κατὰ
3444 3668 3553 3722 τῶν
3594 3666 3754 3731 νέων,

2171 3775 2266 3825 καὶ
2290 3771 2692 3836 διανίστανται,
2724 3770 2784 3822 οὐ
2820 3769 2989 3822 κακόν
3029 3785 3081 3819 τι
3116 3766 3298 3819 δοῦναι
3341 3762 3752 3826 σπουδάζοντες.

2171 3864 2287 3918 ἀλλ’
2323 3865 2388 3915 ἐκ
2430 3862 2529 3934 τῆς
2561 3860 2867 3932 νηπιὼδους
2897 3859 3190 3931 ὀλιγωρίας
3236 3856 3332 3909 καὶ
3373 3854 3481 3907 τῶν
3507 3854 3606 3924 τῆς
3635 3851 3755 3906 νεό-

2170 3975 2335 4028 τητος
2368 3956 2654 4028 ἁμαρτιῶν
2686 3958 2766 4018 εἰς
2794 3953 3111 4025 ἐπιμέλειαν
3141 3952 3383 4020 ἄγοντες.
3422 3949 3613 4019 Ὁρᾶτε
3644 3945 3760 3998 τοξ-

2172 4068 2287 4118 νυν,
2319 4050 2395 4113 ὼς
2419 4050 2478 4102 τὸ
2513 4048 2716 4120 πλῆθος
2749 4047 2857 4101 τῶν
2890 4044 3173 4118 ἡμετέρων
3213 4040 3622 4114 ἁμαρτημάτων
3662 4054 3757 4090 και

2171 4145 2272 4208 τὰς
2301 4143 2451 4216 ὥρας
2491 4142 2602 4196 τῶν
2636 4141 2781 4194 ἰδίων
2817 4140 3052 4210 ἐξήγαγε
3087 4136 3199 4207 (67)
3231 4134 3468 4205 φύσεων,
3502 4132 3597 4185 καὶ
3643 4128 3757 4181 τῶν

2173 4233 2380 4306 καιρῶν
2404 4233 2506 4298 τὰς
2538 4233 2682 4297 ἰδέας
2719 4234 2800 4296 εἰς
2834 4229 3156 4292 ἀλλοκότους
3197 4226 3422 4298 κράσεις
3446 4220 3753 4292 διήμειψεν.

2185 4328 2244 4381 '0
2262 4325 2470 4400 χειμὼν
2495 4328 2597 4381 οὐκ
2616 4326 2742 4396 ἔσχε
2762 4324 2823 4378 τὸ
2844 4322 3072 4394 σύνηθες
3096 4319 3261 4391 ὑγρὸν
3286 4318 3423 4390 μετὰ
3440 4314 3536 4369 τοῦ
3559 4313 3753 4385 ξηροῦ,

2175 4421 2312 4475 ἀλλὰ
2341 4420 2523 4474 πᾶσαν
2570 4418 2775 4489 ἰκμάδα
2806 4416 2885 4487 τῷ
2916 4413 3237 4487 κρυστάλλῳ
3279 4407 3541 4477 κατέδησε
3567 4423 3625 4460 τε
3658 4405 3757 4458 καὶ

2174 4514 2516 4585 ἁπεξήρανεν
2537 4554 2552 4578 ,
2579 4513 2807 4584 ἄμοιρος
2855 4511 2911 4564 δὲ
2944 4507 3210 4563 διετέλεσε
3254 4504 3348 4558 καὶ
3379 4501 3611 4572 νιφάὄων
3655 4498 3758 4553 καὶ

486 4599 599 4656 Ver
641 4616 838 4656 rursus
878 4601 1104 4655 alteram
1150 4600 1373 4670 quidem
1411 4602 1803 4672 pr0prietatum
1840 4619 2064 4659 suarum

2176 4573 2508 4677 ὑετῶν’(68).
2539 4573 2633 4658 ’Τδ
2670 4573 2966 4676 ἕαρῗπάλιν
2997 4601 3185 4670 τὸμὲν
3217 4599 3402 4668 ἕτερον
3443 4594 3605 4667 μέρος
3640 4592 3755 4644 τῶν

486 4701 705 4764 partem
755 4691 1019 4756 ostendit,
1069 4692 1307 4747 calorem
1352 4692 1499 4760 dico,
1548 4694 1834 4750 humorem
1882 4703 2066 4751 autem

2172 4697 2479 4770 ἰδιωμάτων
2500 4696 2690 4763 ἔδειξε,
2711 4696 2810 4766 τὴν
2840 4692 3149 4765 θερμότητα
3176 4690 3347 4757 λέγω·
3373 4686 3464 4741 τοῦ
3501 4686 3557 4740 δὲ
3582 4684 3756 4755 ὑγροῦ

488 4783 701 4840 socium
733 4798 844 4839 non
878 4783 1094 4837 habuit.
1129 4782 1323 4839 Estus
1362 4800 1497 4841 vero
1537 4796 1589 4841 et
1629 4786 1803 4859 frigus
1848 4791 2064 4846 insolito

2170 4793 2271 4863 τὴν
2318 4789 2608 4862 μετουσίαν
2667 4789 2767 4841 οὐκ
2819 4787 2965 4856 ἔσχε.
3016 4783 3222 4853 Καῦμα
3252 4781 3308 4834 δὲ
3361 4780 3456 4833 καὶ
3508 4777 3752 4848 κρυμὸς,

484 4876 651 4931 modo
696 4877 961 4932 terminos
1001 4876 1296 4932 creationis
1341 4890 1455 4933 sum
1497 4887 1877 4949 transgressa,
1914 4894 1970 4937 et
2001 4883 2064 4938 ad

2172 4883 2374 4949 καινῶς
2393 4882 2705 4953 ὑπερϐάντα
2733 4880 2860 4943 τοὺς
2883 4880 3042 4948 ὅρους
3061 4876 3162 4945 τῆς
3183 4874 3433 4937 κτίσεως,
3455 4870 3548 4923 καὶ
3566 4868 3760 4930 κακῶς

484 4969 786 5037 perniciem
817 4977 1066 5023 nostram
1094 4968 1335 5041 maligne
1359 4970 1755 5041 conspirantia,
1780 4987 1811 5026 a
1841 4973 1987 5030 victu
2014 4986 2064 5032 et

2173 4982 2252 5045 εἰς
2280 4980 2380 5050 τὴν
2425 4975 2549 5031 καθ’
2574 4974 2731 5047 ἡμῶν
2767 4973 3208 5043 συμφωνήσαντα
3246 4964 3483 5039 βλάϐην,
3510 4963 3603 5017 τοῦ
3634 4962 3759 5033 βίου

459 5148 481 5213 ᾗ
558 5123 605 5155 ⁸ο
646 5122 782 5179 Luc.
818 5140 852 5177 ιι
875 5165 889 5188 ,
923 5124 982 5180 2.
1054 5124 1101 5157 ⁸⁸
1138 5123 1305 5213 Amos
1339 5141 1411 5192 tv,
1448 5126 1507 5193 7,
1538 5126 1596 5184 8.

456 5174 481 5269 Ἰ

556 5240 673 5317 (62)
708 5239 849 5317 Editi
867 5249 920 5295 et
935 5240 1088 5317 Δῐῖεθς.
1108 5242 1321 5317 primus
1349 5246 1796 5317 καταψεκάζωσι.
1830 5250 1901 5304 At
1928 5265 2064 5306 mss.

485 5312 646 5366 multi
670 5311 1117 5391 καωψεκάσωσις
1145 5313 1342 5391 l_mo_in
1393 5331 1491 5370 ora
1507 5311 1677 5391 Ἰἰοείὴὶ
1717 5321 1877 5390 primi
1911 5321 2068 5376 addi-

486 5390 606 5453 tum
617 5387 840 5453 Δεξειμγρ.
868 5382 960 5434 καὶ
983 5384 1442 5453 ᾐκαταψεκάσωσι.

559 5450 672 5524 (65)
706 5448 1124 5531 COlb.npri_nius
1313 5456 1425 5531 acatiL
1450 5457 1565 5531 νῦν.
1586 5527 1598 5531 _
1618 5459 1912 5528 Aliquanto
1941 5470 2067 5530 post

486 5519 622 5604 mss.
651 5519 925 5575 "nonnulli
964 5519 1097 5604 οὔτ’.
1131 5524 1329 5594 ὀλίγον.
1392 5526 1636 5604 subinde
1692 5519 2065 5604 quatuor-aut

485 5594 930 5723 ἓὶιξιξὲυξεςωεε.
976 5594 1215 5660 γονάτων
1266 5594 1882 5666 συμπλέκοντες.”Εόίιί
1936 5618 2067 5672 συμ-

514 5698 528 5715 ι.
562 5681 621 5723 ες
660 5682 687 5715 ν
790 5700 802 5712 .

918 5733 1089 5790 codex
1136 5736 1317 5809 μικρῷ
1358 5738 1615 5811 πρόσθεν.
1668 5740 1821 5794 Alius
1857 5756 1961 5796 ms.
2011 5748 2067 5796 et

486 5805 616 5859 editi
650 5805 861 5874 μικρὸν.

559 5871 669 5947 (65)
704 5871 842 5928 Editi
886 5872 983 5943 μία
1017 5873 1361 5949 βρεχήσεται.
1399 5879 1623 5937 Veteres
1667 5889 1904 5953 quatuor
1937 5880 2063 5937 libri

2175 5249 2534 5372 ξραχήσεται.
2569 5250 2725 5305 haud
2760 5248 2919 5315 longe
2970 5243 3103 5298 editi
3147 5243 3241 5297 καὶ
3286 5241 3758 5313 συναθροισονται.

2224 5321 2383 5372 ocula
2415 5319 2508 5372 καί
2542 5320 2702 5372 abest
2748 5318 2816 5372 ab
2859 5316 3099 5372 antiauis
3127 5330 3267 5372 quos
3304 5313 3542 5367 vidimus
3571 5310 3757 5364 libris.

2224 5310 2383 5376 oc'ul'a
2415 5319 2508 5373 καί
2542 5320 2702 5376 abest
2748 5318 2816 5372 ab
2858 5310 3099 5385 antiquis
3127 5330 3267 5383 quos
3304 5310 3550 5385 vidimus
3571 5310 3757 5364 libris.

2177 5391 2287 5445 Nec
2319 5390 2389 5444 ita
2423 5390 2599 5443 multo
2624 5389 2766 5444 inira
2795 5380 3033 5457 quatuor
3063 5380 3194 5457 mss.
3232 5385 3308 5454 μὴ
3338 5380 3639 5457 πλησθῶσι.

2246 5461 2360 5529 (66)
2401 5459 2625 5529 Veteres
2658 5449 2903 5529 quinque
2936 5457 3061 5529 libri
3089 5455 3166 5529 δι’
3199 5449 3553 5529 gemmam.
3586 5449 3756 5529 Et”:

2173 5519 2279 5603 que
2328 5519 2497 5603 editio
2546 5519 2714 5603 Basil.
2764 5519 2827 5583 ρι’
2853 5526 3039 5603 _Paris.
3066 5524 3151 5603 _6t_’
3192 5519 3561 5603 ἀποστρρφῆν.
3592 5519 3763 5575 Hand

2176 5593 2334 5672 longe
2353 5599 2518 5672 Coll}.
2539 5599 2876 5672 prinius‘pcal
2919 5594 3323 5672 ξμμελεῖςπῶν.
3353 5593 3575 5650 τέκνων,
3615 5604 3760 5645 cor-

2176 5664 2353 5743 rup'te.
2390 5664 2634 5743 Subinde
2674 5664 3072 5743 Colliiprim'us
3110 5665 3204 5743 καὶ
3235 5664 3567 5743 ᾁνίσςτάνται.

2248 5731 2362 5807 (67)
2400 5741 2623 5810 Antiqui
2653 5749 2765 5794 tres
2800 5731 3085 5810 liliri_'ri‘bv_
3107 5734 3323 5791 οἰκείων
3346 5731 3604 5802 ἐξήγαγε.

2245 5804 2355 5883 (68)
2394 5810 2523 5882 Reg.
2548 5804 2768 5882 "primus
2797 5810 2887 5863 καὶ
2930 5804 3110 5860 ὑετοῦ.
