4052 6214
313 348 414 405 309

1097 344 1378 400 HOMILIA
1421 342 1625 398 DICTA
1666 338 1993 396 TEMPORE
2030 337 2239 394 FAMIS
2278 338 2364 393 ET
2407 338 2804 396 SICCITATIS.

3461 335 3568 394 510

313 468 406 518 καὶ
455 464 549 534 τῆς
581 464 729 533 ζωῆς
777 465 908 527 τοὺς
955 463 1275 535 ἀνθρώπους
1315 462 1620 517 ἐλαύνουσι.
1658 463 1754 524 Τίς
1799 458 1892 513 οὖν

2003 473 2024 512 a
2056 459 2166 514 vita
2198 459 2456 515 mortales
2483 466 2676 514 arcent
2706 458 3057 529 abiguntque.
3085 457 3216 525 Quae
3243 472 3375 528 ergo
3396 473 3564 514 causa

313 559 422 630 ἆρα
459 558 554 626 τῆς
598 555 826 620 ἀταξίας
856 558 952 608 καὶ
1000 557 1097 624 τῆς
1131 553 1495 624 συγχύσεωςή
1528 553 1705 614 eti-sia;
1748 550 1832 613 τίς
1865 552 1893 604 6

314 649 674 720 νεωτερισμὸς
720 647 830 700 τῶν
873 648 1116 719 καιρῶν;
1157 646 1607 717 Ἐρευνήσωμεν,
1649 644 1724 706 ὡς
1769 642 1892 694 νοῦν

316 745 529 812 ἔχοντες
551 757 565 771 ·
601 743 674 804 ὡς
698 741 933 808 λογικοὶ,
968 739 1311 810 λογισώμεθα
1338 738 1469 807 (69).
1503 738 1594 808 Μὴ
1634 739 1663 789 6
1692 736 1891 806 κυϐερ-

315 835 424 886 νῶν
451 835 511 886 τὸ
550 836 655 886 πᾶν
693 835 792 885 οὐκ
823 833 976 897 ἕστι;
1018 832 1091 903 μὴ
1131 826 1159 885 ὁ
1205 830 1593 902 ἀριστοτέχνης
1627 829 1758 892 Θεὸς
1798 831 1894 880 ἐπι-

316 925 537 978 ελᾶθετο
580 925 676 994 τῆς
721 923 1068 994 οἰκονομίας
1117 922 1190 993 μὴ
1232 921 1478 992 ἀφῃρέθη
1505 921 1603 992 τῆς
1643 919 1893 985 ἐξουσίας

319 1017 414 1068 καὶ
447 1020 545 1086 τῆς
575 1015 893 1084 δυνάμεως;
927 1014 961 1084 ἦ
993 1014 1090 1082 τὴν
1130 1014 1280 1082 ἰσχὺν
1312 1013 1410 1082 μὲν
1435 1012 1531 1082 τὴν
1557 1013 1725 1082 αὐτὴν
1756 1012 1890 1082 ἔχει,

318 1105 414 1154 καὶ
450 1102 543 1154 τοῦ
606 1102 839 1173 κράτους
886 1102 948 1153 οὐ
981 1101 1257 1172 παρελύθη
1296 1102 1438 1170 (70)·
1475 1101 1789 1173 παρηνέχθη
1835 1103 1892 1155 δὲ

319 1195 398 1256 είς
432 1193 772 1264 σκληρότητα
793 1232 808 1255 ,
866 1193 961 1245 καὶ
1010 1192 1068 1244 τὸ
1097 1191 1215 1244 λίαν
1271 1190 1502 1258 ἀγαθὸν,
1543 1193 1638 1243 καὶ
1671 1191 1730 1244 τὸ
1765 1191 1893 1261 περὶ

315 1286 466 1355 ἡμᾶς
488 1285 845 1354 κηδεμονικὸν
878 1285 958 1346 εἰς
987 1283 1393 1353 μισανθρωπίαν
1424 1283 1748 1352 μετέϐαλεν;
1781 1281 1894 1335 υύκ

316 1379 384 1428 ᾰν
417 1377 566 1430 εἴποι
602 1395 684 1441 τις
735 1378 1059 1448 σωφρονῶν·
1100 1376 1234 1429 ἀλλὰ
1273 1376 1483 1447 φανερὰ
1520 1378 1611 1431 καὶ
1652 1377 1785 1446 δῆλα
1827 1376 1896 1428 τὰ

316 1470 471 1522 αἴτια
521 1469 588 1522 δι’
636 1469 672 1522 ἃ
721 1469 964 1540 συνήθως
999 1470 1058 1521 οὐ
1103 1470 1467 1539 διοικούμεθα.
1516 1468 1896 1539 Λαμϐάνοντες

315 1563 504 1629 ἡμεῖς,
545 1559 723 1624 ἄλλοις
760 1561 818 1612 ού
866 1561 1208 1631 παρέχομεν·
1250 1561 1347 1630 τὴν
1392 1562 1710 1630 εὐεργεσίαν
1742 1562 1897 1612 ἐπαι-

319 1651 552 1720 νοῦμεν,
602 1655 696 1706 καὶ
732 1653 933 1723 ταύτης
967 1653 1370 1722 ἀποστεροῦμεν
1417 1654 1542 1716 τοὺς
1587 1653 1890 1722 δεομένους.

319 1743 510 1796 Δοῦλοι
559 1743 731 1807 ὀντες,
780 1745 1243 1815 ἐλευθερούμεθα,
1279 1747 1371 1797 καὶ
1422 1747 1547 1809 τοὺς
1576 1746 1896 1815 ὁμοδούλους

320 1835 422 1886 οὐκ
478 1835 856 1904 οἰκτείρομεν·
924 1835 1216 1897 πεινῶντες
1269 1835 1608 1906 τρεφόμεθα,
1661 1836 1754 1888 καὶ
1805 1836 1892 1888 τὸν

325 1927 486 1998 ἐνδεῆ
524 1928 954 1998 παρατρέχομεν.
1001 1927 1244 1996 Ἀνενδεῆ
1277 1928 1509 2000 χορηγὸν
1553 1929 1646 1980 καὶ
1693 1928 1892 1998 ταμίαν

321 2019 473 2072 θεὸν·
501 2020 715 2089 ἔχοντες
735 2063 748 2084 ,
796 2020 1044 2088 φειδωλοὶ
1081 2019 1373 2088 ἐγενόμεθα
1419 2021 1510 2072 καὶ
1542 2017 1893 2090 ἀκοινώνητοι

322 2112 464 2182 πρὸς
491 2113 618 2175 τοὺς
645 2111 897 2180 πένητας.
929 2109 1208 2164 Πολύτοκα
1234 2110 1390 2181 ἡμῶν
1413 2111 1480 2164 τὰ
1509 2111 1775 2181 πρόϐατα,
1802 2111 1895 2163 καὶ

320 2206 372 2256 οἱ
405 2206 605 2275 γυμνοὶ
636 2205 743 2256 τῶν
797 2203 1087 2274 προϐάτων
1121 2203 1351 2265 πλείους.
1385 2205 1447 2256 Αἱ
1499 2204 1773 2273 ἁποθῆκαι
1817 2203 1896 2273 τῷ

323 2294 521 2364 πλήθει
556 2294 665 2347 τῶν
711 2295 1089 2366 ἀποκειμένων
1130 2295 1452 2358 στενοῦνται,
1482 2296 1576 2348 καὶ
1616 2296 1709 2348 τὸν
1741 2297 1896 2348 ἐστε-

323 2386 564 2456 νωμένον
603 2387 702 2438 οὐκ
753 2387 1030 2456 ἐλεοῦμεν.
1077 2388 1172 2440 Διὰ
1212 2387 1368 2439 τοῦτο
1409 2389 1539 2456 ἡμῖν
1581 2385 1795 2439 ἀπειλεῖ
1835 2387 1897 2438 τὸ

323 2479 534 2532 δίκαιον
564 2480 863 2550 κριτήριον.
896 2480 996 2532 Διά
1037 2479 1193 2532 τοῦτο
1222 2480 1312 2531 καὶ
1345 2482 1371 2532 ὁ
1403 2479 1534 2542 Θεὸς
1560 2480 1658 2531 ούκ
1692 2479 1896 2547 ἀνοίγει

323 2569 423 2638 τὴν
454 2571 613 2639 χεῖρα
636 2609 650 2632 ,
697 2568 880 2640 ἐπειδὴ
927 2569 1027 2639 τὴν
1067 2569 1409 2638 φιλαδελφίαν
1451 2571 1611 2638 ἡμεῖς
1645 2568 1897 2620 ἀπεκλεί-

325 2677 521 2728 σαμεν.
557 2662 655 2714 Διὰ
683 2661 840 2714 τοῦτο
871 2661 1034 2730 ξηραὶ
1067 2662 1122 2713 αἱ
1148 2661 1398 2731 ἄρουραι,
1426 2661 1612 2732 ἐπειδὴ
1640 2662 1672 2730 ἡ
1705 2660 1896 2730 ἀγάπη

324 2753 525 2825 ὲνζκύγη.
1827 2753 1834 2758 ”

391 2931 446 2984 5.
477 2931 633 3001 Φωνὴ
657 2931 1042 2986 λιτανευόντων
1079 2933 1186 3001 (7|)
1225 2933 1345 3002 εἰκῆ
1379 2933 1505 3003 βοᾷ,
1539 2933 1630 2985 καὶ
1660 2932 1792 3004 πρὸς
1808 2932 1900 2984 τὸν

324 3021 469 3091 ἀέρα
498 3021 964 3076 διασκεδανψδται.
991 3023 1125 3075 Ούδέ
1153 3024 1260 3094 γὰρ
1286 3025 1446 3094 ἡμεῖς
1471 3023 1578 3076 τῶν
1607 3023 1898 3088 ἀξιούντων

1993 559 2076 606 est
2099 551 2517 606 inordinationis
2538 551 2702 620 hujus
2732 556 2894 630 atque
2919 547 3295 604 confusionis?
3325 565 3444 620 quae
3480 557 3566 604 est

1994 660 2135 699 nova
2183 645 2291 699 ista
2341 654 2649 716 temporum
2705 645 2918 699 facies?
2948 642 3383 708 Perscrutemur,
3415 643 3565 699 velut

1993 747 2173 792 mente
2208 739 2421 808 pra-diti
2462 758 2474 792 :
2521 739 2834 802 nobiscum,
2890 746 3148 808 tanquam
3190 735 3301 808 64
3336 737 3564 792 rationis

1993 834 2294 897 compotes,
2343 837 2678 898 reputemus.
2731 829 2815 882 A’n
2867 843 2976 882 non
3027 835 3111 882 est
3158 826 3251 896 qui
3299 825 3564 896 gubernet

1994 934 2175 972 rerum
2223 919 2672 974 universitatem?
2711 935 2838 973 num
2896 919 3139 990 optimus
3191 916 3373 987 opifex
3420 915 3562 970 Deus

1993 1013 2345 1081 providentiae
2394 1028 2456 1066 ac
2509 1011 3001 1066 administrationis
3045 1026 3157 1065 sua:
3196 1010 3396 1064 oblitus
3443 1007 3561 1063 est?

1992 1103 2131 1158 Num
2169 1105 2364 1159 ablata:
2389 1103 2438 1158 ei
2470 1112 2599 1158 sunt
2623 1104 2770 1158 vires
2799 1118 2862 1157 ac
2897 1111 3140 1172 potestas
3158 1103 3184 1155 ?
3209 1117 3277 1155 an
3298 1101 3404 1154 vim
3434 1101 3556 1170 qui-

1993 1197 2114 1251 dem
2144 1197 2392 1252 eamdem
2426 1198 2655 1259 retinet,
2686 1211 2786 1251 nec
2816 1212 2844 1249 a
2886 1211 2984 1251 sua
3015 1200 3280 1265 potestate
3307 1191 3508 1247 excidit
3541 1211 3554 1245 :

1995 1291 2103 1344 sed
2130 1291 2304 1346 durus
2352 1290 2531 1346 factus
2571 1299 2674 1350 est,
2734 1304 2798 1342 ac
2840 1301 3108 1342 summam
3149 1285 3468 1347 bonitatem,
3508 1289 3564 1338 et

1994 1383 2167 1438 nostri
2198 1396 2387 1436 curam
2415 1383 2478 1436 in
2514 1381 2794 1435 hominum
2826 1379 3011 1433 odium
3047 1377 3354 1431 convertit?
3394 1375 3565 1433 Nemo

1995 1483 2142 1530 certe
2172 1475 2394 1544 sapiens
2432 1474 2550 1530 haec
2581 1473 2783 1528 dixerit
2827 1493 2839 1527 :
2893 1471 2988 1527 sed
3031 1469 3320 1525 manifesta
3350 1478 3566 1540 aperta-

1995 1581 2100 1634 que
2125 1579 2290 1619 causa
2322 1574 2426 1630 est,
2459 1579 2559 1619 cur
2578 1571 2842 1618 consueto
2875 1578 3023 1616 more
3047 1577 3152 1614 non
3180 1561 3562 1631 gubernemur.

1995 1657 2108 1713 Nos
2155 1657 2512 1726 accipientes,
2549 1655 2676 1709 aliis
2709 1670 2817 1708 non
2850 1654 3192 1723 impertimus
3232 1669 3243 1702 :
3280 1652 3564 1706 laudamus

1996 1749 2438 1810 beneﬁcentiam,
2477 1756 2530 1801 et
2575 1747 2764 1801 eadem
2805 1747 3084 1815 privamus
3124 1759 3344 1815 egenos.
3383 1742 3580 1798 Liberi--

1997 1858 2060 1896 ex
2121 1842 2297 1896 servis
2348 1840 2511 1904 facti,
2580 1854 2973 1895 conservorum
3018 1853 3127 1892 non
3171 1838 3494 1894 miseremur
3549 1855 3563 1890 :

1993 1933 2290 1988 esurientes
2347 1931 2637 1994 nutrimur,
2687 1939 2740 1984 et
2782 1937 3026 1998 egentem
3065 1926 3409 1996 negligimus.
3443 1925 3571 1980 Lar-

1993 2040 2120 2095 gum
2170 2025 2413 2078 datorem
2466 2036 2531 2075 ac
2585 2035 2835 2090 promum
2880 2017 3046 2072 Deum
3088 2018 3364 2081 habentes,
3415 2015 3573 2085 parci.

1993 2113 2171 2168 effecti
2204 2126 2415 2176 sumus,
2449 2110 2692 2179 nihilque
2725 2123 2847 2162 eum
2892 2105 3222 2176 pauperibus
3264 2103 3570 2159 eommuni-‘

1995 2220 2204 2260 camus.
2234 2203 2375 2258 Oves
2424 2209 2626 2256 nostra:
2668 2201 2950 2254 abundant
3001 2199 3225 2262 fetibus,
3272 2207 3326 2251 et
3375 2205 3574 2249 tamen-

1996 2297 2171 2366 major
2203 2303 2286 2349 est
2306 2307 2601 2364 egenorum
2633 2306 2894 2344 numerus
2925 2305 3091 2359 quam
3117 2287 3323 2342 ovium.
3353 2284 3562 2340 llorrea

1996 2387 2066 2440 ob
2112 2386 2470 2456 repositarum
2509 2383 2724 2452 frugum
2787 2382 2997 2450 copiam
3047 2380 3104 2433 in
3146 2388 3434 2450 angustum
3475 2392 3571 2434 c0-

1998 2485 2218 2548 guutur,
2254 2492 2353 2530 nec
2391 2484 2570 2529 tamen
2595 2473 2854 2536 hominis,
2893 2473 2984 2542 qui
3019 2470 3286 2542 angustiis
3318 2476 3567 2539 urgetur,-

1998 2568 2546 2625 commiserescimus.
2579 2566 2710 2618 Eam
2751 2565 2823 2620 ob
2865 2580 3085 2619 causam
3121 2564 3283 2618 nobis
3331 2563 3571 2615 minatur

1993 2661 2201 2731 justum
2236 2659 2527 2730 judicium.
2577 2657 2790 2712 idcirco
2844 2657 3010 2712 etiam
3053 2655 3200 2710 Deus
3239 2669 3349 2708 non
3397 2652 3572 2722 aperit

1999 2768 2242 2813 manum,
2301 2751 2445 2822 quod
2493 2752 2829 2805 exclusimus
2871 2749 3164 2803 fraternam
3199 2747 3566 2802 dilectionem.

1999 2843 2080 2898 Oh
2114 2843 2165 2898 id
2197 2850 2460 2898 aruerunt
2490 2857 2641 2905 arva,
2675 2840 2819 2910 quod
2845 2838 3032 2910 friguit
3053 2839 3319 2893 eharitas.

2067 2937 2340 2991 5.Clamat
2369 2935 2571 2990 frustra
2601 2951 2704 2988 vox
2729 2933 3176 3005 supplicantium,
3203 2939 3257 2986 et
3290 2931 3344 2984 in
3384 2943 3569 2984 aerem
3597 2965 3602 2974 ι

2003 3028 2291 3098 spargitur.
2317 3024 2501 3096 Neque
2522 3027 2666 3080 enim
2698 3042 2791 3080 eos
2821 3026 2915 3095 qui
2946 3023 3211 3093 rogabant
3239 3019 3568 3074 audivimus.

322 3112 661 3183 ἠκούσαμεν.
695 3114 792 3167 Οἴα
821 3115 876 3166 δὲ
908 3115 1063 3184 ἡμῶν
1102 3117 1133 3185 ἡ
1177 3114 1452 3185 προσευχὴ
1494 3115 1585 3166 καὶ
1622 3114 1896 3184 ἡδέησις;

2003 3118 2210 3182 Qualis,
2247 3132 2454 3186 quasso,
2501 3125 2689 3170 nostra
2732 3115 3061 3184 supplicatio
3111 3113 3240 3167 est?
3273 3111 3452 3182 qualis
3486 3115 3572 3165 est

322 3207 386 3256 ΟΞ
421 3205 634 3276 ἄνδρες,
672 3207 812 3277 πλὴν
848 3207 1062 3276 ὀλίγων,
1102 3210 1220 3269 ταῖς
1255 3208 1545 3280 ἐμπορίαις
1573 3208 1856 3278 σχολάζετε
1878 3225 1891 3238 ο

322 3297 381 3347 αἱ
417 3300 711 3362 γυναῖκες,
761 3300 1081 3369 ὑπηρετεῖτε
1128 3300 1336 3362 τούτοις
1371 3301 1450 3362 είς
1492 3299 1590 3368 τὴν
1635 3300 1897 3370 ἐργασίαν

321 3387 419 3440 τοῦ
473 3391 772 3459 μαμμωνᾶ.
829 3391 1028 3458 Ὀλίγοι
1074 3390 1255 3444 λοιπὸν
1309 3393 1425 3461 μετ’
1467 3391 1602 3461 ἐμοῦ
1659 3392 1750 3444 καὶ
1801 3393 1898 3461 τῆς

323 3479 660 3549 προσευχῆς,
687 3481 780 3534 καὶ⁹
815 3476 958 3535 οὗτοι
1001 3482 1357 3550 ἰλιγγιῶντες,
1401 3481 1774 3553 χασμώμενοι,
1807 3500 1902 3553 με-

321 3572 760 3642 ταστρεφόμενοι
790 3572 1047 3643 συνεχῶς,
1081 3575 1174 3628 καὶ
1204 3573 1589 3647 ἐπιτηροῦντες
1619 3575 1748 3627 πότε
1775 3575 1902 3637 τοὺς

327 3666 550 3734 στίχους
575 3668 604 3717 ὁ
635 3666 918 3736 ψαλμῳδὸς
951 3667 1359 3739 συμπληρώσει,
1393 3668 1542 3732 πότε,
1581 3667 1656 3730 ὡς
1691 3666 1901 3736 δεσμω-

323 3755 542 3826 τηρίου,
576 3756 676 3825 τῆς
710 3755 1026 3831 ἐκκλησίας,
1058 3757 1154 3810 καὶ
1184 3757 1284 3826 τῆς
1322 3757 1566 3827 ἀνάγκης
1599 3756 1696 3825 τῆς
1732 3772 1902 3826 προσ-

326 3845 498 3914 ευχῆς
528 3845 986 3916 ἀφαιρεθήσονται
1007 3846 1142 3915 (72).
1176 3847 1236 3900 Οἱ
1281 3846 1338 3900 δὲ
1371 3847 1434 3916 δὴ
1468 3845 1657 3908 παῖδες
1684 3847 1731 3897 οἱ
1777 3860 1904 3914 σμι-

329 3937 591 4006 κρότατοι
617 3931 781 4000 οὗτοι,
813 3938 860 3990 οἱ
898 3938 998 4000 τὰς
1029 3937 1245 4001 δέλτους
1287 3939 1344 3990 ἐν
1370 3940 1484 4001 τοῖς
1513 3935 1905 3999 διδασκαλείοις

329 4027 682 4098 ἀποθέμενοι,
708 4030 799 4081 καὶ
830 4027 1174 4098 συμϐοῶντες
1199 4031 1348 4098 ἡμῖν,
1374 4029 1450 4092 ὡς
1487 4028 1671 4082 ἄνεσιν
1708 4027 1906 4098 μᾶλλον

330 4122 425 4172 καὶ
479 4121 671 4191 τέρψιν
703 4122 764 4173 τὸ
808 4123 1038 4191 πρᾶγμα
1071 4120 1456 4192 μετέρχονται,
1491 4120 1684 4192 ἑορτὴν
1722 4119 1905 4173 ποιού-

335 4230 488 4282 μενοι
511 4215 610 4282 τὴν
632 4213 902 4284 ἡμετέραν
927 4214 1125 4284 λύπην,
1151 4214 1335 4285 ἐπειδὴ
1367 4213 1464 4284 τῆς
1494 4212 1788 4282 ἐπαχθείας
1814 4210 1906 4264 τοῦ

335 4302 650 4367 παιδευτοῦ,
689 4304 782 4357 καὶ
822 4305 920 4374 τῆς
952 4304 1231 4376 φροντίδος
1255 4303 1364 4358 τῶν
1401 4303 1740 4375 μαθημάτων
1772 4303 1909 4374 πρὸς

331 4395 516 4463 ὀλίγον
560 4395 982 4467 ἐλευθεροῦνται.
1026 4396 1101 4448 Τὸ
1149 4395 1205 4449 δὲ
1259 4395 1369 4450 τῶν
1425 4395 1643 4449 τελείων
1701 4394 1910 4466 ἀνδρῶν

1999 3201 2357 3278 deprecatio?
2410 3207 2544 3270 Vos,
2601 3207 2726 3270 viri,
2780 3205 3028 3274 exceptis
3083 3203 3296 3273 paucis,
3360 3203 3572 3256 vacatis

1999 3299 2459 3372 negotiationibus
2491 3317 2506 3364 ;
2536 3313 2655 3364 vos,
2686 3298 2967 3361 mulieres,
3001 3311 3190 3350 eorum
3223 3293 3489 3348 ministrae
3514 3293 3572 3346 in

1999 3407 2323 3446 mammona:
2365 3398 2574 3461 quwstu
2624 3406 2687 3444 ac
2741 3390 2894 3443 lucro
2939 3388 3097 3443 estis.
3151 3386 3394 3456 Denique
3437 3400 3565 3455 pre-

2005 3492 2202 3538 cantur
2244 3499 2458 3538 mecum
2497 3483 2680 3552 pauci,
2722 3490 2775 3535 et
2825 3481 2877 3534 hi
2919 3481 3184 3550 vertigine
3235 3478 3572 3541 laborantes,

2003 3580 2324 3641 oscitantes,
2372 3575 2594 3630 assidue
2627 3581 2900 3628 vertentes
2945 3588 3003 3628 se
3038 3573 3144 3625 huc
3189 3571 3338 3633 illuc,
3382 3571 3574 3625 obser-

2000 3676 2193 3723 vantes
2221 3667 2440 3738 quando
2473 3667 2806 3737 psalmorum
2840 3674 3033 3719 cantor
3057 3663 3360 3718 versiculos
3390 3661 3573 3715 absol-

2004 3760 2165 3823 verit,
2208 3758 2426 3829 quando
2472 3773 2536 3811 ex
2581 3757 2814 3813 ecclesia
2842 3757 2989 3810 velut
3023 3772 3052 3810 e
3090 3770 3311 3808 carcere
3337 3752 3596 3816 dimissi,.

2003 3853 2335 3907 necessitate
2390 3850 2650 3921 precandi
2700 3849 3024 3904 eximentur.
3073 3845 3136 3900 l—li
3194 3853 3372 3899 autem
3419 3843 3604 3914 pueri-

2006 3944 2239 4008 minimi,
2271 3943 2384 4014 qui,
2416 3941 2677 4012 depositis
2726 3942 2779 3995 in
2811 3940 2942 3995 ludo
2973 3939 3243 3993 litterario
3278 3937 3480 3992 tabulis
3511 3949 3578 3989 ac

2006 4036 2226 4094 libellis.
2257 4036 2544 4091 nobiscum
2571 4034 2962 4097 vociferantur,
2998 4032 3177 4102 potius
3206 4032 3331 4084 huic
3359 4029 3593 4099 negotio-

2007 4127 2156 4180 velut
2187 4125 2497 4180 remissioni
2525 4139 2589 4178 ac
2617 4123 3012 4176 oblectamento
3038 4127 3256 4183 vacant,
3297 4119 3578 4174 tristitiam

2010 4225 2254 4273 nostram
2297 4217 2564 4272 habentes
2618 4215 2934 4270 festivitatis
2967 4213 3109 4276 loco,
3145 4211 3290 4282 quod
3317 4212 3384 4266 ab
3413 4225 3580 4266 onere

2009 4309 2396 4380 praeceptoris,
2447 4316 2500 4361 et
2543 4307 2849 4362 studiorum
2893 4320 3028 4359 cura
3079 4303 3294 4357 modico
3334 4312 3582 4371 tempore

2013 4404 2334 4458 liberentur.
2375 4398 2668 4453 Multitudo
2698 4407 2877 4451 autem
2909 4399 3150 4450 virorum
3180 4397 3272 4465 qui
3306 4394 3581 4450 constanti

332 4487 561 4556 πλῆθος,
589 4488 683 4540 καὶ
706 4489 736 4539 ὁ
756 4490 874 4551 ταῖς
910 4488 1207 4559 ἁμαρτίαις
1241 4488 1559 4558 ἐνεχόμενος
1596 4487 1766 4557 δῆμος
1793 4486 1900 4556 (75)

2009 4503 2066 4550 ει
2097 4495 2307 4563 integra
2338 4499 2498 4547 aetate
2531 4499 2680 4555 sunt,
2710 4498 2765 4545 et
2806 4489 3101 4558 implicitus
3129 4487 3370 4557 peccatis
3405 4500 3582 4555 popu-

331 4580 543 4644 ἄνετος,
599 4581 694 4632 καὶ
747 4579 1176 4650 ἐλευθεριάζων,
1230 4581 1323 4632 καὶ
1375 4578 1756 4649 γεγανωμένος
1812 4578 1911 4649 τὴν

332 4671 490 4723 πόλιν
544 4671 848 4742 διατρέχει·
888 4675 917 4725 ὁ
957 4672 1072 4724 τῶν
1119 4671 1301 4725 κακῶν
1338 4671 1435 4742 τὴν
1466 4672 1646 4724 αἰτίαν
1693 4671 1752 4724 ἐν
1793 4672 1912 4732 ταῖς

331 4765 536 4832 ψυχαῖς
594 4765 946 4836 περιφέρων
988 4767 1017 4817 6
1057 4765 1154 4835 τὴν
1203 4764 1490 4835 συμφορὰν
1533 4765 1761 4834 κινήσας
1816 4764 1910 4816 καὶ

333 4856 730 4926 ἐργασάμενος.
791 4857 1114 4927 Ἀναίσθητα
1167 4857 1223 4909 δὲ
1277 4859 1373 4911 καὶ
1419 4858 1684 4928 ἄμεμπτα
1738 4857 1912 4927 βρέφη

333 4949 474 5018 πρὸς
525 4947 626 5020 τὴν
671 4947 1058 5021 ἐξομολόγησιν
1088 4951 1365 5018 ἐπείγεται
1419 4951 1514 5003 καὶ
1565 4949 1912 5019 ἀθροίζεται,

334 5038 460 5092 οὔτε
491 5039 592 5110 τὴν
624 5040 879 5112 ἀφορμὴν
929 5041 1036 5093 τῶν
1071 5041 1382 5094 λυπούντων
1406 5079 1420 5104 ,
1467 5039 1592 5094 οὗτε
1639 5039 1734 5092 τοῦ
1785 5056 1912 5092 συνο

388 5196 523 5281 ’(69)
563 5197 788 5254 Veteres
816 5199 1029 5268 aliquot
1062 5199 1182 5253 libri
1217 5197 1580 5270 λογισώμεθα.
1605 5198 1748 5254 Editi
1775 5198 1916 5267 λογι-

335 5264 575 5336 ζώμεθα.

408 5337 518 5404 (70)
561 5337 808 5401 Ducmus,
847 5338 1172 5392 Cornarium
1223 5349 1465 5400 seculus,
1499 5339 1650 5401 illud,
1688 5339 1782 5391 καὶ
1820 5338 1911 5391 τοῦ

337 5407 572 5486 κρατους
595 5409 972 5486 οὑιπαρελύθη
997 5449 1010 5470 ,
1050 5411 1124 5462 ita
1165 5407 1352 5486 Latine
1382 5410 1636 5486 reddidit,
1670 5420 1718 5463 et
1754 5410 1914 5486 robur

337 5481 501 5554 ipsius
530 5481 830 5533 exsulatum
864 5490 1078 5554 nonnest
1098 5494 1127 5554 _:
1160 5495 1266 5554 qua
1301 5481 1748 5554 interpretatione
1779 5481 1911 5532 nihil

338 5549 572 5627 ineptius
615 5566 739 5604 esse
769 5557 925 5627 ratus
959 5549 1343 5627 Conibelisius,
1387 5549 1467 5603 sic
1522 5552 1913 5627 interpretatus

338 5625 424 5668 est
451 5619 583 5685 ipse,
612 5636 704 5674 nec
733 5620 979 5673 redactus
1023 5619 1092 5672 ad
1118 5621 1353 5674 ordinem
1393 5619 1677 5690 motusque
1699 5621 1913 5688 imperio

337 5695 436 5739 est.

415 5757 524 5827 (7|)
560 5760 722 5824 Illud,
747 5760 1159 5825 λιτανευὸντων,
1208 5775 1315 5816 non
1359 5760 1514 5817 debet
1541 5761 1639 5813 hoc
1672 5760 1792 5814 loco
1818 5776 1909 5814 ac-

2013 4587 2121 4651 lus,
2172 4585 2438 4640 remissus
2476 4583 2722 4653 liberque
2754 4589 2810 4635 et
2838 4581 2993 4636 laztus
3041 4594 3138 4650 per
3181 4578 3372 4632 urbem
3415 4590 3586 4645 vaga-

2015 4687 2105 4732 tur
2139 4696 2152 4731 :
2188 4677 2303 4748 qui,
2333 4676 2436 4731 etsi
2478 4675 2534 4729 in
2578 4673 2777 4728 animis
2805 4688 3035 4727 causam
3059 4669 3375 4725 circumfert
3405 4669 3581 4723 malo-

2015 4785 2178 4833 rum,
2235 4769 2352 4838 ipse
2421 4778 2604 4822 tamen
2665 4766 2806 4820 hanc
2863 4765 3228 4820 calamitatem
3277 4759 3462 4814 intulit
3528 4763 3588 4813 et

2015 4861 2298 4918 excitavit.
2342 4859 2584 4915 Infantes
2613 4859 2830 4912 tandem
2861 4872 3026 4911 sensu
3056 4861 3305 4909 carentes
3341 4851 3584 4921 nullique

2019 4954 2433 5024 reprehensioni
2474 4951 2718 5016 obnoxii,
2754 4950 2822 5005 ad
2864 4947 3266 5005 confessionem
3317 4943 3586 5000 festinant

2019 5047 2458 5117 conveniuntque
2505 5063 2520 5099 :
2570 5043 2666 5100 sed
2721 5052 3080 5114 praeterquam
3127 5037 3272 5110 quod
3317 5036 3586 5091 malorum

2018 5205 2126 5274 cipi
2161 5218 2286 5274 pro,
2314 5203 2382 5256 iis
2408 5201 2500 5271 qui
2539 5199 2790 5274 privatim
2813 5195 3176 5274 supplicant,
3222 5192 3316 5274 sed
3367 5205 3464 5262 pro
3517 5191 3587 5274 iis

2019 5262 2111 5345 qui
2145 5262 2388 5344 publice;
2427 5262 2557 5325 'non-
2571 5271 2717 5324 enim
2748 5262 3058 5334 solent—qui
3091 5265 3342 5334 privatim
3375 5262 3591 5382 συρρη-

2019 5354 2138 5382 non]
2197 5349 2267 5382 im
2313 5344 2552 5382 planinrp
2571 5379 2581 5382 -
2633 5347 2694 5382 ut
2724 5339 2930 5382 clanmr
2958 5350 3146 5382 eorum
3174 5335 3228 5382 in
3259 5347 3382 5382 aera
3424 5351 3438 5382 ι
3464 5333 3588 5382 issi-

2019 5339 2166 5407 eant',
2197 5349 2267 5398 ita
2313 5344 2585 5402 clamare,
2633 5347 2694 5392 ut
2724 5339 2930 5391 clamor
2958 5350 3146 5390 eorum
3174 5339 3228 5387 in
3259 5347 3382 5407 aera
3424 5339 3588 5384 dissi-

2020 5405 2196 5484 petur.
2253 5413 2366 5466 Hoc
2413 5412 2626 5482 publice
2667 5407 3106 5484 supplicantium
3163 5405 3440 5475 proprium
3479 5409 3590 5455 est;

2019 5478 2142 5540 Mox
2187 5485 2323 5552 Reg.
2350 5478 2560 5552 primus
2596 5479 2689 5552 καὶ
2721 5478 3017 5552 προσευχὴ..

2091 5557 2200 5624 (79.)
2241 5538 2391 5606 Uunu's
2422 5552 2589 5606 codex
2633 5538 2844 5624 Regfet
2876 5538 3020 5624 editi.
3044 5543 3349 5624 προσευχῆς
3387 5538 3595 5609 ἀφεθή-

2024 5617 2221 5679 σονται.
2246 5624 2351 5676 Alii
2383 5630 2618 5692 quatuor
2639 5616 2768 5692 mss.
2796 5616 3271 5692 ἀφαιρεθήσονται.

2092 5697 2205 5765 (75)
2244 5681 2415 5748 Colbf
2451 5691 2656 5761 primus
2704 5681 2994 5761 ἁμαρτίαις
3042 5681 3362 5758 ἀνεχόμενος
3397 5681 3594 5751 δημος..
