4052 6214
426 292 530 353 311

1732 294 1789 350 S.
1833 294 2076 349 BASILII
2114 294 2331 351 MAGNI

3555 296 3664 354 312

427 426 597 469 causa
639 425 747 466 non
776 410 905 479 sint,
938 425 1097 466 orare
1131 426 1196 465 ex
1242 425 1395 467 more
1431 425 1530 466 nec
1568 422 1856 476 noverunt,
1893 427 1993 467 nec

2096 410 2240 483 ήθως
2253 411 2363 480 (⁸14)
2392 410 2792 483 προσεύξασθαι
2816 409 3016 480 γνῶσιν
3045 410 3324 483 ῆδύναμιν
3352 411 3561 483 ἔχοντα.
3586 411 3661 466 Σύ

428 507 681 574 possunt.
721 498 802 555 Tu
846 500 980 555 mihi
1020 500 1077 555 in
1125 499 1363 554 medium
1402 501 1580 573 prodi,
1620 501 1995 577 quipeccatis

428 600 826 665 conspurcatus
873 608 975 660 es;
1018 594 1368 664 tu'procide,
1406 594 1724 659 lamentare,
1758 593 1993 663 ingeme,

426 685 550 743 sine
576 684 865 755 puerulum
895 684 1095 747 facere,
1120 699 1240 754 qua:
1266 685 1485 759 propria
1516 692 1643 740 sunt
1686 700 1800 743 suae
1849 686 1995 741 aetati

429 784 596 847 atque
632 783 1020 831 consentanea.
1057 775 1170 831 Cur
1201 783 1255 831 te
1283 778 1551 840 occultas.
1573 777 1664 846 qui
1692 777 1994 835 accusaris.

427 875 483 922 et
512 868 784 923 insontem
822 866 891 922 ad
935 864 1309 926 defensionem
1341 875 1488 923 tuam
1529 867 1824 938 producis?
1853 866 1994 922 Num

424 959 590 1030 iudex
623 958 886 1023 illuditur,
905 958 986 1014 sic
1014 970 1072 1013 ut
1100 957 1439 1014 subdititiam
1462 972 1753 1028 personam
1788 958 1996 1015 substi-

427 1051 589 1107 tuas?
616 1048 916 1122 Oportebat
949 1058 1129 1106 autem
1161 1057 1217 1105 et
1255 1049 1406 1104 illum
1445 1050 1659 1113 adesse,
1690 1049 1786 1105 sed
1815 1057 1997 1105 tecum

427 1147 600 1207 certe,
627 1155 735 1195 non
764 1139 962 1196 solum.
995 1138 1159 1201 Vides
1191 1140 1337 1209 quod
1367 1146 1421 1195 et
1449 1137 1700 1194 Ninivitze
1727 1139 1997 1210 pmniteno

427 1232 506 1286 tia
536 1230 706 1288 Deum
737 1232 1039 1302 placantes,
1074 1238 1129 1288 et
1155 1231 1409 1302 lugentes
1444 1245 1507 1286 ea
1542 1238 1762 1301 peccata
1794 1230 1848 1285 in
1876 1245 1998 1301 quae

426 1323 595 1379 Jonas
640 1339 791 1379 mare
822 1333 876 1378 et
904 1331 1082 1389 cetum
1140 1330 1401 1395 expertus
1444 1322 1734 1377 clamando
1774 1322 1998 1379 invehe-

427 1413 610 1479 batur,
644 1430 755 1475 non
783 1413 1020 1479 infantes
1044 1414 1221 1471 solum
1254 1414 1586 1485 ptenitentiae
1607 1414 1715 1491 65
1748 1415 1988 1484 subjece-

427 1503 561 1568 rint,
584 1504 789 1560 interea
816 1504 946 1558 dum
988 1504 1090 1575 ipsi
1113 1507 1280 1560 vitam
1307 1505 1364 1561 in
1393 1505 1605 1562 deliciis
1635 1507 1996 1577 transigerent

428 1605 483 1651 et
514 1596 571 1654 in
603 1595 873 1652 conviviis
912 1614 927 1650 :
963 1595 1061 1651 sed
1101 1595 1317 1667 priores
1347 1596 1497 1666 ipsos
1528 1604 1711 1666 patres
1745 1598 1838 1668 qui
1868 1611 1995 1666 pec-

428 1693 710 1755 caverant,
750 1686 1020 1757 jejunium
1064 1686 1349 1755 domabat,
1409 1688 1694 1758 multaque
1771 1687 1993 1743 eosdem

344 1789 353 1797 '
428 1755 762 1843 macerabat,
804 1755 1115 1849 quanquam
1164 1778 1402 1834 infantes
1437 1778 1542 1850 ipsi
1582 1755 1667 1834 vel
1710 1779 1867 1833 inviti
1902 1794 1994 1834 ac—
2026 1755 2067 1815 Β

427 1870 700 1928 cessionis
732 1871 853 1927 loco
886 1871 1165 1943 lugebant,
1194 1880 1256 1926 ut
1283 1870 1508 1927 tristitia
1537 1883 1833 1942 occuparet
1863 1878 1996 1926 aita-

426 1967 537 2020 tem
562 1975 802 2029 omnem,
831 1968 945 2018 tum
981 1963 1320 2027 sentientem,
1351 1970 1468 2016 tum
1505 1978 1614 2019 non
1648 1963 1993 2027 sentientem,

427 2050 577 2105 illam
615 2062 829 2125 sponte,
866 2053 1005 2108 hanc
1037 2062 1231 2125 prazter
1277 2053 1629 2108 voluntatem.
1677 2052 1742 2108 Et
1784 2053 1877 2108 ubi
1908 2054 1993 2107 vi-

426 2143 508 2205 dit
560 2142 706 2201 Dens
753 2145 902 2216 ipsos
943 2148 1024 2202 sie
1069 2148 1407 2213 humiliatos,
1455 2158 1516 2202 ut
1565 2150 1996 2206 condemnarent

427 2249 548 2290 sese
597 2236 667 2290 ad
722 2238 1075 2307 gravissimas
1128 2240 1329 2295 multas
1394 2242 1573 2298 omnis
1643 2243 1879 2313 generis,
1934 2251 1993 2299 et

425 2325 636 2384 doloris
663 2343 855 2384 eorum
889 2330 1144 2387 misertus
1189 2341 1295 2396 est,
1319 2341 1373 2389 et
1418 2348 1636 2406 pmnam
1669 2336 1898 2401 remisit,
1934 2343 1990 2392 et

424 2418 690 2489 gaudium
733 2420 803 2477 iis
844 2421 937 2492 qui
987 2437 1121 2479 sano
1163 2425 1395 2481 consilio
1440 2426 1713 2492 luxerant,
1760 2428 1992 2499 largitus

423 2523 512 2569 est
564 2514 630 2567 ι’.
675 2512 721 2578 Ο
771 2516 1147 2586 paenitentiam
1204 2520 1558 2575 concinnam!
1609 2536 1643 2575 ο
1693 2520 1991 2592 sapientem

423 2608 856 2679 prudentemque
905 2610 1343 2667 alllictationeml
1401 2613 1479 2668 Ne
1545 2615 1708 2669 bruta
1771 2614 1990 2683 quidem

425 2700 725 2754 animantia
753 2714 786 2754 a
819 2702 998 2769 pmnis
1036 2702 1299 2758 immunia
1335 2703 1510 2758 sivere
1547 2722 1559 2757 :
1607 2702 1702 2759 sed
1736 2718 1799 2759 ea
1830 2704 1990 2758 etiam

427 2792 744 2846 necessario
798 2792 1035 2848 clamare
1094 2793 1328 2848 artificio
1375 2794 1611 2864 quodam
1671 2794 1989 2865 adegerunt.

428 2880 724 2951 Separatus
769 2897 1004 2953 namque
1056 2892 1142 2940 est
1191 2883 1397 2941 vitulus
1447 2900 1479 2937 a
1521 2898 1708 2949 vacca,
1749 2895 1990 2941 semotus

423 2978 510 3029 est
538 2988 568 3026 a
600 2980 848 3031 materno
882 2975 1047 3030 ubere
1088 2992 1285 3047 agnus,
1328 2992 1462 3046 puer
1499 2978 1709 3034 lactens
1736 2994 1846 3034 non
1875 2988 1993 3033 erat
2040 2998 2044 3002 ·

422 3063 481 3121 in
511 3065 774 3121 maternis
801 3066 985 3133 ulnis;
1017 3068 1071 3127 in
1103 3067 1472 3137 peculiaribus
1505 3069 1739 3126 stabulis
1765 3071 1990 3125 conclu-

425 3156 697 3212 debantur
743 3166 984 3223 matres,
1043 3160 1100 3219 in
1159 3161 1529 3231 peculiaribus
1582 3161 1775 3227 fetus;
1830 3178 1994 3220 voces

423 3248 812 3307 emittebantnr
874 3252 944 3308 ab
1010 3254 1266 3310 onmibus
1330 3254 1693 3321 miserabiles,
1751 3255 1993 3311 vicissim

423 3340 724 3399 clamantes
762 3358 828 3399 ac
866 3354 1210 3401 resonantes.
1263 3346 1456 3402 Partus
1509 3348 1811 3402 esurientes
1835 3348 1994 3404 lactis

425 3429 604 3487 fontes
629 3434 984 3503 quaerebant;
1030 3446 1233 3491 matres
1270 3436 1505 3491 naturali
1547 3436 1835 3494 affectione
1863 3437 1985 3493 dis-

423 3528 644 3591 cerptae,
686 3523 914 3579 vocibus
989 3525 1518 3581 commiserationem
1582 3540 1740 3581 suam
1795 3525 1998 3597 signifi-

422 3612 678 3678 cantibus
726 3616 1056 3671 revocabant
1106 3616 1275 3672 l‘etus.
1333 3616 1599 3673 Eumdem
1651 3617 1720 3673 ad
1766 3617 1993 3674 modum

421 3705 664 3763 infantes
702 3706 847 3764 fame
888 3708 1224 3776 laborantes,
1266 3709 1475 3780 ejulatn
1512 3709 1993 3767 vehementissimo

422 3794 837 3869 frangebantur,
876 3800 1342 3872 palpitabantque,
1385 3812 1440 3856 et
1488 3813 1725 3857 matrum
1781 3801 1994 3859 viscera

422 3890 766 3946 naturalibus
803 3891 1084 3947 doloribus
1122 3895 1646 3964 compungebantur.
1674 3893 1740 3947 Et
1766 3908 1887 3949 eam
1922 3894 1993 3949 ob

423 3994 650 4041 causam
677 3980 896 4037 divinus
922 3997 1102 4043 sermo
1131 3983 1200 4038 ad
1237 3998 1525 4039 commune
1552 3984 1674 4039 vita;
1696 3982 1991 4037 documen-

421 4079 540 4135 tum
583 4088 772 4131 eorum
821 4075 1197 4143 pmnitentiam
1246 4076 1469 4146 scriptis
1508 4076 1825 4130 mandatam
1869 4091 1978 4132 ser-

421 4165 591 4221 vavit.
634 4164 781 4221 inter
825 4167 950 4222 illos
998 4166 1161 4225 flebat
1215 4183 1402 4235 senex,
1452 4177 1509 4224 et
1554 4183 1722 4232 canos
1760 4168 1991 4225 vellebat

492 4320 538 4352 δ’
574 4318 700 4385 Jon.
739 4337 832 4387 ut,
866 4321 1022 4378 5-10.

2097 520 2190 575 μοι
2224 501 2461 574 πάρελθε
2491 503 2571 567 είς
2602 501 2786 573 μέσον,
2821 504 2851 556 6
2879 505 3003 566 ταῖς
3036 503 3332 573 ἁμαρτίαις
3382 505 3665 576 πεφυρμέ-

2094 612 2214 658 νοςο
2253 596 2319 649 σὺ
2357 596 2665 667 πρόσπεσον
2690 594 2786 648 καὶ
2823 594 3056 649 κλαῦσον
3086 595 3179 650 καὶ
3204 596 3454 662 στέναξον
3479 616 3492 629 ο
3528 598 3663 668 ἄφες

2094 687 2155 741 τὸ
2179 687 2376 759 βρέφος
2399 689 2640 758 ἐνεργεῖν
2660 687 2730 741 τὰ
2757 686 2863 743 ἴδια
2881 688 2980 758 τῆς
3003 687 3219 759 ἡλικίας
3240 688 3526 744 ἀκόλουθα.
3545 690 3665 744 Ἵνα

2095 780 2150 834 τί
2179 780 2395 850 κρύπτῃ
2447 778 2940 851 κατηγορούμενος,
2982 779 3076 833 καὶ
3114 778 3177 832 τὸ
3223 779 3512 835 ἀνεύθυνον
3551 780 3663 852 (75)

2097 874 2179 935 είς
2211 871 2507 940 ἀπολογίαν
2532 873 2829 943 προῖστᾷς;
2862 872 2953 942 Μὴ
2979 871 3087 942 γὰρ
3115 871 3366 937 παίζεται
3392 875 3421 926 6
3450 873 3663 945 κριτὴςι

2099 962 2186 1016 ἴνα
2217 962 2603 1033 ὑποϐολιμαῖον
2633 963 3034 1035 ἀντεισαγάγης
3079 963 3399 1036 πρόσωπον;
3432 965 3580 1018 Ἔδει
3608 965 3667 1019 δὲ

2098 1057 2354 1125 παρεῖναι
2385 1055 2604 1108 κάκεῖνο
2634 1053 2771 1125 μετὰ
2803 1054 2897 1107 σοῦ
2923 1055 3160 1119 πάντως,
3194 1055 3256 1108 οὐ
3282 1054 3460 1124 μόνον.
3482 1056 3665 1127 Ὁρᾷς,

2097 1147 2172 1212 ὡς
2200 1147 2295 1201 καὶ
2320 1144 2600 1200 Νινευῗται
2631 1149 2697 1218 τῇ
2731 1146 3064 1218 μεταμελείᾳ
3083 1146 3175 1201 τὸν
3195 1146 3326 1200 Θεὸν
3356 1147 3665 1203 δυσωποῦν-

2096 1255 2208 1303 τες,
2244 1238 2339 1291 καὶ
2377 1237 2699 1302 πενθοῦντες
2730 1239 2824 1292 ἐπὶ
2858 1240 2973 1302 τοῖς
3006 1239 3417 1310 ἁμαρτήμασιν,
3452 1237 3488 1292 ἃ
3527 1237 3667 1310 μετά

2096 1330 2194 1401 τὴν
2224 1329 2498 1385 θάλασσαν
2536 1330 2628 1384 καὶ
2668 1331 2730 1384 τὸ
2757 1330 2921 1401 κῆτος
2956 1331 3140 1393 Ἰωνᾶς
3171 1329 3477 1398 ἐξεϐόησεν,
3506 1330 3567 1383 οὑ
3595 1329 3666 1383 τὰ

2097 1422 2272 1494 βρέφη
2310 1422 2467 1492 μόνον
2501 1423 2580 1486 είς
2635 1420 2731 1492 τὴν
2774 1421 3058 1491 μετάνοιαν
3092 1422 3494 1495 προεστήσαντο
3528 1420 3665 1492 (76),

2095 1516 2248 1569 αὐτοὶ
2293 1516 2351 1569 δὲ
2386 1515 2716 1585 τρυφῶντες,
2758 1516 2911 1568 αὐτοὶ
2947 1514 3310 1585 εὐωχούμενοι
3343 1511 3532 1579 διέζων
3572 1514 3666 1566 τὸν

2098 1608 2211 1678 βίον
2234 1626 2247 1639 ·
2285 1607 2421 1663 ἀλλά
2447 1607 2696 1679 πρώτους
2730 1607 2829 1678 μὲν
2851 1607 3090 1678 ἐδάμασε
3116 1608 3241 1671 τοὺς
3274 1606 3515 1678 πατέρας
3539 1607 3664 1669 τοὺς

2096 1702 2482 1773 ἡμαρτηκότας
2502 1703 2535 1770 ἡ
2570 1700 2810 1771 νηστεία,
2832 1699 2927 1752 καὶ
2956 1700 2990 1770 ἡ
3012 1698 3250 1770 τιμωρία
3273 1698 3398 1762 τοὺς
3425 1697 3664 1769 πατέρας

2088 1793 2302 1852 ,ἐκάκου
2322 1831 2338 1857 ,
2396 1793 2476 1855 εἰς
2538 1789 2853 1863 προσθήκης
2914 1789 2972 1844 δὲ
3025 1789 3181 1857 λόγον
3235 1788 3667 1860 ήναγκασμένως

2100 1883 2315 1956 ἐθρήνει
2342 1882 2412 1936 τὰ
2437 1883 2636 1955 βρέφη,
2670 1883 2758 1937 ἶνα
2791 1880 2879 1936 διὰ
2908 1882 3088 1953 πάσης
3123 1881 3335 1953 ἡλικίας
3356 1882 3390 1952 ή
3422 1881 3665 1953 σκυθρως

2100 1977 2273 2047 πότης
2313 1978 2583 2048 κρατήσῃ,
2612 1974 3004 2046 αἰσθανομένης
3027 1974 3140 2044 (77)
3184 1991 3245 2027 τε
3280 1973 3375 2027 καὶ
3402 1972 3661 2044 ἀναισθή-

2099 2084 2192 2120 του
2214 2083 2228 2097 ’
2254 2067 2350 2136 τῆς
2384 2066 2484 2137 μὲν
2508 2065 2651 2119 κατὰ
2676 2066 3013 2138 προαίρεσιν,
3037 2064 3139 2134 τῆς
3166 2064 3224 2117 δὲ
3250 2064 3370 2117 κατ’
3395 2063 3658 2133 ἀνάγκην.

2099 2157 2211 2211 Καὶ
2256 2156 2429 2222 οὕτως
2473 2157 2668 2220 αὐτοὺς
2719 2156 2842 2210 ίδὼν
2876 2157 2905 2209 6
2944 2156 3076 2220 Θεὸς
3107 2154 3558 2219 ταπεινωθέντας,
3589 2155 3666 2218 ώς

2099 2248 2193 2300 ἐπὶ
2217 2246 2647 2319 ὑπερϐαίνουσαν
2669 2246 2875 2301 ἑαυτῶν
2893 2247 3003 2319 (78)
3022 2245 3395 2317 ταλαιπωρίαν
3419 2243 3663 2314 παγγενῆ

2100 2340 2551 2411 κατακρίναντας,
2587 2339 2680 2392 καὶ
2703 2340 2763 2392 τὸ
2790 2338 2962 2403 πάθος
3001 2337 3220 2409 ἠλέησε,
3252 2336 3346 2391 καὶ
3370 2334 3477 2405 τῆς
3496 2352 3667 2406 τιμωε

2104 2430 2221 2501 ρίας
2246 2429 2436 2500 ἀνῆκε,
2468 2428 2562 2482 καὶ
2598 2427 2658 2481 τὸ
2686 2429 2895 2498 χαίρειν
2924 2427 3236 2497 ἐδωρήσατο
3265 2426 3377 2486 τοῖς
3412 2419 3666 2491 εὐαισθή-

2098 2538 2205 2585 τως
2234 2520 2585 2590 πενθήσασιν.
2609 2519 2671 2571 Ὢ
2698 2518 2799 2588 τῆς
2837 2515 3110 2590 ἐμμελοῦς
3146 2515 3467 2588 μετανοίαςί
3491 2513 3537 2568 ὣ
3559 2513 3661 2584 τῆς

2100 2616 2270 2684 σοφῆς
2316 2611 2409 2666 καὶ
2442 2610 2873 2680 πεπυκνωμένης
2913 2608 3174 2679 θλίψεωςι
3211 2607 3347 2660 esss
3387 2603 3457 2658 τά
3497 2604 3668 2673 ἄλογα

2098 2701 2366 2774 ἀσυντελῆ
2393 2704 2492 2773 τῆς
2521 2702 2789 2773 τιμωρίας
2816 2701 3029 2771 ἀφῆκαν
3054 2718 3067 2732 ’
3090 2698 3225 2753 ἀλλὰ
3252 2697 3346 2751 καὶ
3374 2695 3512 2750 αύτά
3536 2694 3665 2767 βοᾷν

2098 2798 2156 2864 ἐξ
2187 2796 2431 2867 ἀνάγκης
2464 2795 2896 2865 ἐμηχανήσαντο.
2940 2790 3243 2862 Ἐχωρίσθη
3272 2787 3383 2859 γὰρ
3415 2788 3511 2857 τῆς
3545 2785 3665 2857 βοὸς

2097 2892 2125 2943 6
2162 2889 2381 2959 μόσχος,
2425 2886 2677 2957 ἀπηλάθη
2710 2884 2819 2955 (79)
2845 2883 2945 2953 τῆς
2993 2880 3250 2954 μητρῴας
3282 2879 3452 2950 θηλῆς
3491 2881 3519 2932 6
3563 2879 3665 2947 ἀρ-

2096 2983 2258 3044 νειὸς,
2290 2980 2499 3034 παιδίον
2526 2978 2813 3049 ἐπιμάζιον
2833 2977 2933 3029 οὐκ
2950 2970 3019 3045 ἦν
3053 2977 3110 3027 ἐν
3132 2976 3250 3036 ταῖς
3278 2971 3378 3042 τῆς
3404 2969 3667 3041 τεκούσης

2097 3074 2396 3143 ἀγκάλαις
2432 3074 2490 3127 ἐν
2528 3071 2676 3133 ἰδίοις
2712 3069 2897 3138 σηκοῖς
2929 3069 2984 3121 αἱ
3033 3066 3286 3138 μητέρες,
3320 3066 3379 3118 ἐν
3410 3064 3557 3127 ἰδίοις
3597 3063 3667 3116 τὰ

2093 3168 2260 3220 τέκνα
2282 3182 2295 3196 °
2336 3164 2513 3236 φωναὶ
2557 3162 2614 3217 δὲ
2663 3161 2812 3231 παρὰ
2878 3160 3096 3213 πάντων
3147 3156 3366 3228 οἰκτραὶ
3408 3153 3665 3224 ἀλλήλαις

2095 3257 2441 3321 ἁντιϐοῶσαι,
2456 3256 2551 3310 καὶ
2574 3252 2925 3324 ἁντηχοῦσαι.
2944 3250 3026 3305 Τά
3041 3250 3206 3303 τέκνα
3220 3247 3554 3319 λιμώττοντα
3567 3245 3668 3308 τὰς

2097 3346 2280 3417 πηγὰς
2303 3344 2486 3417 ἐζήτει
2518 3343 2613 3397 τοῦ
2643 3343 2914 3412 γάλακτος
2932 3358 2946 3373 ο
2978 3342 3035 3395 αἱ
3068 3339 3320 3412 μητέρες,
3349 3337 3429 3409 τῷ
3453 3334 3671 3407 φυσικῷ

2097 3437 2259 3494 πάθει
2316 3435 2774 3505 διακοπτόμεναι,
2838 3430 3149 3503 συμπαθέσι
3208 3432 3414 3500 φωναῖς
3466 3430 3665 3483 ἀνεκα-

2096 3530 2287 3584 λοῦντο
2314 3528 2426 3601 (80)
2456 3528 2527 3582 τὰ
2556 3527 2770 3597 ἔγγονα.
2809 3526 2890 3579 Τὰ
2936 3523 3133 3597 βρέφη,
3168 3522 3312 3578 κατά
3347 3523 3437 3576 τὸν
3483 3521 3667 3591 ὅμοιον

2098 3621 2301 3693 τρόπον
2344 3619 2709 3692 λιμώττοντα,
2759 3617 3102 3688 σφοδροτάτῳ
3133 3613 3396 3686 κλαυθμῷ
3434 3614 3669 3685 ἀνερρήο

2099 3728 2293 3782 γνυντο
2324 3712 2418 3765 καὶ
2454 3711 2825 3781 ἀπέσπαιρον·
2862 3710 2920 3761 αἱ
2966 3706 3221 3761 τεκοῦσαι
3259 3707 3378 3770 ταῖς
3415 3705 3670 3774 φυσικαῖς

2101 3801 2358 3873 ἀλγηδόσι
2392 3799 2818 3855 κατεκεντοῦντο
2847 3798 2916 3852 τὰ
2938 3796 3238 3867 σπλάγχνα.
3267 3795 3377 3847 Καὶ
3407 3793 3493 3847 διά
3509 3790 3670 3845 τοῦτο

2099 3893 2198 3964 τὴν
2224 3893 2446 3949 ἐκείνων
2474 3891 2759 3962 μετάνοιαν
2783 3891 2863 3953 εἰς
2884 3888 3059 3942 κοινὸν
3077 3887 3171 3941 τοῦ
3197 3885 3311 3957 βίου
3333 3883 3669 3939 διδασκάλων

2101 3986 2130 4039 6
2162 3984 2516 4047 θεόπνευστος
2571 3983 2727 4051 λόγος
2776 3981 3051 4053 ἔγγραφον
3107 3979 3382 4033 διέσωσεν.
3433 3977 3491 4030 '0
3537 3990 3671 4045 πρε-

2098 4076 2301 4147 σϐύτης
2356 4076 2442 4127 ἐπ’
2491 4075 2712 4128 ἐκείνων
2760 4072 2975 4146 ἐθρήνει
3003 4072 3141 4144 (81),
3184 4072 3279 4124 καὶ
3329 4070 3425 4140 τὴν
3475 4066 3669 4121 πολιὰν

2097 4168 2270 4221 ἕτιλλε
2324 4166 2419 4227 καὶ
2455 4165 2865 4236 διεσπάραττεν.
2903 4167 2961 4231 Ὀ
2989 4165 3272 4227 νεανίσκος
3295 4202 3309 4228 ,
3357 4162 3452 4215 καὶ
3488 4157 3670 4231 ἀκμά-

493 4470 606 4542 (74)
654 4471 837 4539 Editio
880 4474 1056 4547 Paris.
1090 4475 1184 4529 τοῦ
1234 4477 1496 4547 συνήθως.
1527 4475 1703 4531 Editio
1734 4475 1901 4531 Basil.
1940 4483 1993 4530 et

2100 4478 2437 4547 ptum__erat_,
2478 4472 2533 4525 in
2564 4471 2687 4547 aliis
2722 4484 2853 4547 vero
2878 4472 2976 4533 ita,
3006 4470 3142 4523 utin
3170 4469 3414 4547 margine
3444 4466 3672 4547 nptaba:

419 4552 674 4617 quatuor
700 4558 833 4617 mss.
868 4546 929 4598 τὸ
958 4546 1222 4617 συνήθως.
1257 4546 1569 4617 Aliquanto,
1591 4554 1714 4617 post
1764 4554 1996 4614 utraque

418 4612 597 4694 editio
628 4614 1022 4694 @‘fpéa‘rrsqe.
1044 4612 1110 4694 ᾼι
1139 4612 1532 4694 quatuor'inss.
1558 4612 1881 4687 πρόσπεσον.

490 4682 602 4753 (75)
637 4680 778 4753 Εάίῑῖ
807 4685 901 4737 καὶ
932 4685 992 4737 τὸ
1037 4680 1343 4749 ἀνεύθυνον.
1386 4684 1535 4743 Libri
1567 4680 1780 4741 veteres
1816 4684 1909 4738 καὶ
1934 4685 1994 4738 τὸ

418 4752 730 4825 ἀνεύθυνον,
757 4752 956 4825 βρέφος
985 4754 1251 4810 videlicet.

491 4821 603 4892 (76)
642 4821 1021 4898 Regljpritnns
1040 4826 1356 4898 -μετάνοιαν
1396 4826 1824 4898 παρεστήσαντο.
1873 4823 1994 4878 Mox

418 4888 865 4966 Regl'secundus
885 4888 1196 4966 τρυφῶντες
1218 4898 1313 4950 καὶ
1345 4888 1550 4965 εὐωχοῦ
1559 4888 1728 4966 μενοι.

493 4962 605 5038 (Ζῖ)
641 4962 1149 5038 ἑηρίιιυίὼρίίιπὶ
1183 4967 1429 5038 κρατήσῃ
1456 4962 1814 5038 ’ἀίσθομένηςο

492 5032 821 5107 (78)_Editio
864 5034 1039 5107 θεῆς.
1068 5032 1499 5107 θπερϐαίνὸυᾶαν
1541 5032 1785 5107 ἑαυτούς.
1820 5033 1995 5089 Editio

420 5100 842 5176 Basil_._éguroic.
877 5103 1101 5160 Veteres
1129 5100 1370 5176 quinque
1399 5106 1521 5160 libri
1551 5104 1780 5176 ἐαυτῷν.

494 5171 786 5293 (79ἰὶϐοη).
820 5176 1015 5255 tertius
1035 5171 1356 5258 ἀπηλλάχθη
1382 5191 1483 5293 ἑ)ςο
1515 5173 1791 5245 ἀπηλάθη.
1825 5172 1995 5231 Paulo

494 5248 547 5293 st
641 5257 725 5293 et.
768 5259 975 5293 nrlmns
1003 5257 1049 5293 el
1103 5247 1231 5293 editi
1280 5264 1377 5293 παι
1417 5262 1494 5293 ιον
1528 5244 1819 5293 ὲπιιιάζιον
1850 5260 1863 5293 :
1898 5245 1992 5293 sed

419 5248 547 5325 post
590 5244 725 5325 Reg.
767 5245 975 5325 primus
1003 5257 1082 5325 et_
1103 5244 1231 5325 editi
1254 5244 1494 5299 παιδίον
1528 5244 1819 5325 ἐπιμάςιον
1850 5245 1993 5325 :_sed

420 5312 479 5366 in
512 5326 610 5365 ora
637 5312 990 5388 ejus’codicis
1019 5315 1377 5388 additnmest
1407 5333 1499 5388 γρ.
1535 5312 1994 5388 ὐπόμάζιονηίῖο-

417 5389 551 5455 [unt
583 5392 761 5437 autem
794 5385 888 5455 qui
917 5386 1137 5453 paulum
1168 5385 1329 5440 modo
1366 5384 1429 5439 in"
1451 5385 1692 5455 legendis
1711 5384 1988 5455 veteribus

418 5450 827 5536 librishversati
871 5450 1023 5536 sunt2
1051 5457 1193 5536 hanc
1217 5450 1568 5536 notant.3~_ﬁ.,
1608 5455 1695 5509 vel
1732 5468 1843 5536 non
1872 5453 1987 5516 καί,

2100 4538 2208 4598 iur.
2238 4541 2361 4600 Mox
2390 4541 2523 4611 Reg.
2553 4544 2763 4610 primus
2799 4541 2853 4595 in
2877 4548 3131 4595 contextu
3168 4542 3225 4592 ἐν
3254 4539 3402 4601 ἰδίοις
3428 4538 3613 4611 τόποις
3648 4558 3666 4595 :

2096 4614 2189 4669 sed
2223 4610 2489 4681 praterea
2516 4610 2573 4664 in
2605 4611 2847 4681 margine
2871 4613 3065 4681 legitur
3096 4626 3198 4681 “Vp.
3227 4610 3555 4681 xatq'qxoig.

2167 4676 2278 4751 (80)
2318 4680 2544 4751 Veteres
2566 4676 2773 4751 aliquot
2794 4676 3256 4751 ιίὺιιΐάνεκάλὸυν.
3298 4676 3497 4751 ibidem
3528 4676 3664 4748 Reg.

2096 4747 2305 4822 primus
2351 4750 2421 4804 τὰ
2475 4747 2691 4819 ἔκγονοί.
2728 4749 2881 4822 Haud
2927 4750 3100 4805 multo
3152 4758 3275 4822 post
3315 4747 3457 4822 idem
3490 4747 3666 4803 codex

2094 4818 2260 4877 liabet
2285 4825 2341 4875 in
2368 4821 2747 4891 contextu_xa.l.
2774 4821 3109 4891 ἀπέσκαιρον
3126 4818 3170 4891 ξ
3190 4820 3243 4873 in
3262 4818 3516 4891 margine
3534 4833 3668 4873 vero

2094 4894 2191 4975 καὶ
2227 4892 2587 4962 ἀπέσπαιρον.
2625 4888 2840 4947 Rursus
2897 4888 3038 4946 idem
3080 4890 3217 4945 liber
3251 4889 3367 4961 βίου
3416 4888 3669 4942 διδασκα-

2096 4980 2256 5016 Αειον.

2168 5033 2280 5103 (Si)
2318 5030 2477 5096 Illud,
2507 5031 2537 5084 6
2574 5029 2887 5103 πρεσϐύτης
2920 5029 3265 5103 ἐπ’ᾲέλκείνων
3305 5027 3544 5103 ἐθρήνει,
3584 5027 3668 5083 sic

2094 5098 2482 5171 interpretatus
2503 5110 2585 5156 est
2602 5098 2982 5165 Combeﬁ'sius,
3011 5100 3226 5155 illorum
3244 5098 3464 5171 lugebat
3480 5098 3662 5171 uicem.

2096 5172 2204 5229 Sed
2232 5168 2463 5229 Basilius
2489 5171 2594 5227 hoc
2631 5187 2739 5226 non
2764 5171 2916 5241 dicit.
2945 5170 3036 5224 Ait
3065 5170 3247 5241 potius
3287 5168 3667 5241 Ninivitas__ita

2095 5244 2317 5299 allectos
2346 5242 2537 5306 fuisse,
2565 5250 2626 5296 ut
2647 5256 2801 5297 suam
2829 5235 3262 5310 quisque'vicem
3290 5241 3519 5310 lugeret.
3551 5235 3669 5310 Nec

2095 5314 2239 5368 enim
2271 5326 2434 5387 senex
2461 5313 2707 5387 ali_o_rum_
2725 5308 2903 5387 solum
2929 5308 3146 5387 lugebat
3163 5308 3365 5376 vicem,
3383 5308 3478 5387 sed
3495 5309 3662 5387 etiam

2095 5398 2249 5457 suam
2284 5383 2477 5457 ipsius.
2514 5381 2646 5457 Ejus
2695 5381 2861 5452 igitur
2891 5381 2995 5435 loci
3046 5381 3157 5457 haec
3198 5388 3284 5457 est
3332 5381 3600 5457 sententia
3643 5394 3659 5429 :

2091 5454 2196 5519 Qui
2227 5448 2370 5507 inter
2416 5448 2683 5507 Ninivitas
2718 5448 2888 5507 senex
2931 5457 3069 5511 erat.
3120 5451 3335 5517 lugebat
3366 5448 3666 5519 {similiter

308 5540 309 5545 η
421 5522 726 5591 appositam
757 5538 882 5579 esse
913 5538 943 5577 a
970 5516 1209 5581 librariis
1235 5526 1291 5581 in
1323 5540 1417 5581 ora
1438 5516 1703 5591 librorum
1733 5516 1988 5592 antiquo-
2088 5516 2183 5592 q‘ni
2223 5522 2441 5592 juvenis
2466 5533 2601 5587 erat,
2632 5521 2849 5592 lugebat
2891 5535 3125 5592 quoque.
3158 5516 3358 5592 Ibidem
3382 5517 3516 5587 Reg.
3543 5516 3662 5592 pris

423 5583 669 5665 ruin,__ut
728 5603 1014 5665 monerent
1049 5597 1263 5652 variare
1310 5583 1685 5665 exemplaria,
1712 5596 1793 5650 sic
1831 5583 1891 5647 ut
1927 5594 1985 5665 in

2096 5583 2350 5665 [ᾖσς’καὶ
2397 5583 3165 5665 ἐσπάραττξν..-Βιιι”ὲιιεῐὶες.
3195 5591 3404 5665 primus
3436 5583 3657 5657 σφοδρό-

425 5661 702 5747 qliquibus
722 5663 943 5746 quidem
974 5665 1240 5737 legeretur
1269 5666 1367 5732 ita,
1393 5673 1452 5725 ut
1469 5661 1535 5729 in
1564 5671 1821 5733 contextu
1846 5663 1985 5731 scri-

2089 5680 2246 5734 τερον
2273 5660 2642 5733 ᾁπωδύραντο.
2672 5660 2827 5718 Colb.
2864 5661 3059 5723 tertius
3078 5660 3418 5731 ἀπωδύρατο.
