4052 6214
316 339 420 399 τιίὸ

1071 336 1353 394 HOMILIA
1396 335 1599 393 [ΜΕΤΑ
1640 328 1967 389 TEMPORE
2005 326 2213 384 FAMIS
2251 326 2337 381 ET
2383 321 2783 381 SICCITATIS.

3471 308 3579 365 3H

319 455 449 524 ζων,
476 452 838 525 σφοδρότερον
865 452 1230 523 ἀπωδύρετο·
1258 455 1287 507 ὁ
1325 454 1493 523 πένης
1526 449 1837 515 ἐστέναξεν·
1873 448 1901 499 ὁ

2025 443 2483 514 liscerpebatque.
2530 439 2885 501 Adolescens,
2931 443 2986 492 et
3014 403 3124 504 qui
3163 430 3378 487 ﬂorenti
3420 437 3580 486 aetate

322 546 605 609 πλούσιος,
637 544 1036 614 ἐπιλαθόμενος
1069 544 1173 614 τῆς
1200 548 1440 616 τρυφῆς,
1473 546 1631 615 ἤσκει
1675 542 1772 613 τὴν
1806 558 1905 594 κα-

324 636 621 694 κοπάθειαν
674 635 754 699 ὡς
808 636 1087 706 σώφρονα.
1161 636 1218 691 Ὀ
1273 636 1525 707 βασιλεὺς
1579 633 1759 687 αὐτῶν
1806 630 1903 703 τὴν

324 728 685 800 λαμπρότητα
725 727 823 782 καὶ
845 727 949 797 τὴν
970 726 1126 793 δόξαν
1169 730 1247 792 εἰς
1282 728 1546 799 αἰσχύνην
1587 725 1902 798 μετέϐαλεν.

342 820 594 875 ’Δπέθετο
618 818 711 872 τὸν
740 820 1031 888 στέφανον,
1073 820 1165 873 καὶ
1184 820 1331 874 κόνιν
1358 820 1458 891 τῆς
1492 818 1736 888 κεφαλῆς
1774 833 1905 870 κατ-

327 913 512 982 εχέετο
532 910 645 982 (82)
664 927 681 942 ⁸
710 910 813 982 τὴν
848 911 1141 985 ἁλουργίδα
1168 911 1351 983 ῥίψας,
1377 910 1579 964 σάκκον
1598 907 1908 981 μετημφιά-

330 1021 492 1058 σατο·
540 1003 634 1057 τὸν
682 1002 873 1075 θρόνον
902 1003 995 1057 τὸν
1025 1002 1226 1074 ὑψηλὸν
1272 1003 1431 1073 ἀφεὶς
1472 1003 1568 1062 καὶ
1609 1001 1906 1074 μετέωρον,

328 1095 560 1159 ἐλεεινὸς
599 1098 666 1168 τῇ
720 1099 791 1167 τῇ
848 1095 1253 1168 προσεσύρετο·
1303 1096 1405 1168 τὴν
1452 1094 1757 1158 ἰδιάζουσαν
1813 1094 1908 1147 καὶ

327 1181 615 1254 βασιλικὴν
642 1182 959 1237 καταλιπὼν
990 1185 1305 1249 εὐπάθειαν,
1348 1184 1664 1255 συνεθρήνει
1701 1182 1779 1253 τῷ
1817 1183 1910 1254 δή·

327 1294 417 1347 μῳ
434 1292 450 1316 ε
480 1272 564 1340 εἷς
584 1277 802 1344 ἐγένετο
822 1277 933 1330 τῶν
966 1278 1197 1343 πολλῶν,
1231 1278 1321 1330 ὅτε
1352 1277 1445 1330 τὸν
1476 1280 1652 1331 κοινὸν
1690 1276 1909 1331 πάντων

324 1368 607 1439 Δεσπότην
635 1367 862 1421 ἔϐλεπεν
892 1367 1271 1440 ὀργιζόμενον.

391 1456 451 1510 4.
484 1456 659 1511 Τοῦτο
672 1458 871 1512 δούλων
887 1460 1223 1532 εὐαισθήτων
1246 1459 1519 1532 φρόνημα,
1537 1459 1772 1531 Τοιαύτη
1804 1459 1911 1514 τῶν

324 1549 628 1621 ἁμαρτίαις
661 1551 995 1623 ἐνεχομένων
1023 1554 1057 1624 ἡ
1089 1552 1576 1624 μετάνοια.Ἠμεῖς
1603 1552 1659 1606 δὲ
1685 1552 1783 1622 τὴν
1815 1552 1911 1623 μὲν

324 1641 606 1711 ἁμαρτίαν
626 1643 978 1715 ἐπιτελοῦμεν
1002 1644 1286 1708 συντόνως,
1313 1642 1591 1715 ὀλιγώρως
1612 1643 1669 1697 δὲ
1696 1643 1791 1696 καὶ
1813 1644 1911 1712 ρᾳ-

326 1730 520 1802 θύμως
548 1734 1001 1805 ἀναλαμϐάνομεν
1030 1734 1128 1806 τὴν
1164 1736 1472 1805 μετάνοιαν.
1491 1735 1586 1797 Τίς
1616 1733 1912 1804 εὐξάμενος

2005 548 2160 603 erat,
2227 534 2607 592 vehementius
2668 530 3072 588 lamentabatur
3119 542 3134 578 :
3192 524 3583 592 ingemiscebat

2007 644 2217 701 pauper
2249 647 2262 683 :
2295 628 2449 683 dives
2497 627 2819 682 deliciarum
2871 622 3095 684 oblitus,
3147 614 3480 672 aﬂlictationi
3521 623 3583 669 ut

2007 724 2167 779 bonae
2218 737 2277 777 se
2326 720 2576 776 dedebat.
2622 718 2738 773 Rex
2788 719 3035 788 ipsorum
3085 710 3432 782 splendorem
3474 707 3585 778 glo-

2007 815 2259 884 riamque
2308 812 2699 866 transmutavit
2756 810 2811 864 in
2860 805 3268 862 verecundiam.
3325 799 3582 869 Deposita

2007 922 2232 972 corona,
2282 913 2445 974 caput
2487 906 2673 959 cinere
2710 900 2974 970 inspersit
3020 917 3034 954 :
3071 909 3313 969 purpura
3346 892 3581 960 abjecta,

2009 1001 2186 1055 induit
2227 1013 2446 1054 saccum
2500 1016 2514 1052 :
2558 997 2761 1051 throno
2783 996 2894 1049 alto
2933 1000 2987 1047 et
3029 989 3246 1046 sublimi
3289 984 3580 1046 derelicto,

2008 1089 2308 1147 miserabili
2349 1088 2540 1143 habitu
2576 1087 2728 1142 humi
2775 1084 2997 1155 repebat
3051 1100 3066 1136 :
3110 1077 3411 1149 repudiatis
3458 1088 3587 1143 pro-

2010 1184 2146 1253 priis
2178 1197 2242 1236 ac
2288 1181 2456 1251 regiis
2488 1179 2721 1242 deliciis,
2759 1178 2975 1247 lugebat
3009 1187 3132 1227 eum
3180 1169 3405 1242 populo,
3442 1179 3587 1220 unus

2009 1288 2041 1329 e
2071 1273 2262 1328 multis
2307 1271 2488 1327 factus
2516 1278 2571 1326 et
2599 1268 2866 1340 plebeius,
2901 1263 3045 1337 quod
3093 1272 3440 1318 communem
3488 1255 3589 1310 Do-

2010 1366 2224 1420 minum
2251 1365 2496 1421 omnium
2525 1363 2735 1417 videret
2762 1362 2987 1414 iratum.

2082 1458 2138 1511 ὴ.
2180 1456 2307 1511 Haec
2363 1463 2448 1510 est
2497 1466 2785 1510 servorum
2830 1464 2996 1506 sensu
3045 1443 3398 1518 praeditorum
3448 1453 3587 1510 pru—

2012 1549 2195 1605 dentia
2233 1568 2245 1602 :
2288 1548 2415 1602 talis
2459 1545 2742 1600 hominum
2787 1540 3029 1612 peccatis
3055 1535 3442 1607 implicitorum
3473 1545 3589 1600 pce.

2013 1644 2268 1698 nitentia.
2311 1641 2421 1697 Nos
2456 1648 2640 1695 autem
2672 1641 2871 1693 acriter
2900 1652 2964 1690 ac
2999 1636 3107 1689 cito
3148 1643 3458 1702 peccamus,
3493 1624 3588 1679 sed

2017 1735 2354 1806 negligenter
2393 1733 2739 1804 segniterque
2782 1706 3157 1799 ptenitentiam
3184 1718 3586 1791 amplectimur.

327 1823 565 1894 ἀπορρεῖ
578 1824 830 1895 δάκρυον,
848 1825 915 1878 ἵν’
938 1825 1139 1896 ὄμϐρον
1159 1826 1299 1898 λάϐῃ
1328 1826 1424 1879 καὶ
1450 1825 1713 1893 σταγόνας
1731 1822 1915 1877 εὐχαί-

2025 1826 2152 1892 Quis
2184 1826 2461 1896 precando
2494 1825 2850 1894 lacrymatur,
2882 1828 2940 1874 ut
2973 1818 3201 1872 imbrem
3249 1829 3313 1868 ac
3351 1810 3587 1882 pluviam

330 1931 460 1986 ρους
477 1931 491 1978 ;
506 1915 603 1978 Τίς
613 1915 908 1985 ἐξαλείφων
922 1916 1215 1987 ἁμαρτίας,
1230 1914 1371 1968 κατὰ
1394 1908 1620 1986 μίμησιν
1640 1914 1732 1967 τοῦ
1750 1931 1919 1984 μακα-

332 2004 451 2075 ρίου
468 2003 654 2069 Δαϐὶδ,
678 2004 895 2077 θρήνοις
915 2005 1015 2076 τὴν
1035 2004 1220 2075 κοίτην
1249 2004 1469 2076 ἐϐρεξε;
1496 2003 1590 2067 Τίς
1616 2003 1781 2067 πόδας
1813 2004 1917 2055 ἀπ-

330 2096 531 2150 ἐπλυνε
565 2096 677 2169 (85)
709 2097 894 2164 ξένων,
928 2098 1025 2151 καὶ
1044 2099 1144 2169 τὴν
1172 2099 1321 2153 κόνιν
1350 2098 1451 2168 τῆς
1479 2096 1786 2166 ὁδοιπορίας
1812 2097 1918 2150 άπ-

329 2189 589 2252 ἐκλυσεν,
625 2188 691 2242 ἶν’
726 2191 786 2242 ἐν
816 2188 991 2259 καιρῷ
1019 2188 1314 2260 δυσωπήσῃ
1361 2188 1453 2241 τὸν
1491 2186 1657 2248 Θεὸν,
1703 2186 1914 2257 αὐχμοῦ

328 2278 492 2332 λύσιν
530 2276 745 2351 ζητῶν;
767 2278 863 2344 Τίς
889 2280 1087 2351 ἔθρεψε
1118 2280 1180 2333 τὸ
1208 2279 1417 2351 πατρὸς
1454 2278 1659 2350 ἔρημον
1686 2277 1914 2342 παιδίον,

334 2370 424 2424 ἶνα
452 2369 550 2424 νῦν
575 2373 708 2441 ἡμῖν
739 2372 768 2423 ό
799 2369 931 2434 Θεὸς
966 2369 1140 2444 θρέψῃ
1159 2369 1229 2424 τὰ
1249 2369 1391 2422 σιτία
1416 2368 1552 2440 (84),
1580 2369 1653 2433 ὠς
1684 2369 1917 2439 ὀρφανὸν

330 2464 401 2532 τῇ
426 2460 540 2517 τῶν
574 2461 795 2533 ἀνέμων
824 2462 1068 2533 ἀκρασία
1101 2459 1541 2531 κονδυλιζόμενον
1564 2477 1580 2525 ;
1606 2460 1701 2524 Τίς
1728 2460 1918 2530 ἐθερά-

333 2571 509 2607 πευσε
533 2556 711 2627 χήραν
738 2556 1133 2626 κεκακωμένην
1161 2557 1279 2618 ταῖς
1308 2552 1622 2616 δυσκολίαις
1650 2551 1743 2606 τοῦ
1777 2552 1915 2622 βίου,

335 2647 428 2703 ἴνα
447 2646 544 2699 νῦν
562 2650 655 2701 ἐπι
663 2648 905 2720 μετρηθῇ
927 2648 1026 2720 τὴν
1046 2647 1346 2717 ἀναγκαίαν
1368 2646 1573 2719 τροφήν
1592 2662 1605 2709 ;
1622 2644 1825 2715 Διάρρη
1834 2644 1919 2708 ξον

336 2744 723 2812 γραμματεῖον
748 2741 953 2805 ἄδικον,
999 2742 1063 2795 ἶν’
1088 2742 1257 2805 οὕτως
1280 2743 1313 2812 ἡ
1339 2740 1583 2811 ἁμαρτία
1605 2737 1761 2808 λυθῇ.
1803 2738 1921 2802 Ἐξ·

338 2832 561 2901 άλειψον
586 2832 904 2903 βαρυτάτων
924 2833 1099 2886 τόκων
1120 2832 1427 2903 ὁμολογίαν,
1453 2830 1537 2883 ἵνα
1563 2830 1698 2901 τέκῃ
1712 2829 1780 2882 τά
1800 2846 1923 2881 συν-

338 2924 449 2996 ήθη
483 2928 517 2996 ὴ
548 2926 644 2996 γῆ.
680 2926 895 2979 Χαλκοῦ
935 2926 1044 2997 γὰρ
1076 2926 1169 2979 καὶ
1197 2925 1400 2996 χρυσοῦ
1444 2926 1539 2978 καὶ
1578 2923 1685 2978 τῶν
1713 2925 1920 2991 ἀγόνων

342 3016 499 3086 παρὰ
542 3016 705 3086 φύσιν
760 3015 1075 3084 γεννώντων
1104 3059 1119 3081 ,
1166 3020 1199 3087 ἡ
1258 3018 1399 3072 κατὰ
1449 3017 1609 3085 φύσιν
1661 3016 1923 3070 τίκτουσα

339 3106 555 3174 γίνεται
578 3107 790 3180 στείρα,
819 3109 913 3164 καὶ
944 3109 1077 3178 πρὸς
1110 3109 1377 3180 τιμωρίαν
1409 3108 1519 3161 τῶν
1558 3107 1921 3161 ἐποικούντων

343 3198 718 3272 κατεδικάσθη
740 3201 840 3270 τὴν
872 3200 1170 3271 ἀκαρπίαν.
1185 3198 1526 3263 Δειξάτωσαν
1546 3199 1724 3252 τοίνυν
1748 3200 1796 3252 οἱ
1825 3199 1923 3269 τὴν

342 3291 664 3360 πλεονεξίαν
690 3292 979 3364 τιμῶντες,
1006 3295 1054 3346 οί
1078 3293 1168 3345 τὸν
1198 3292 1428 3346 πλοῦτον
1464 3294 1584 3363 μεθ’
1616 3291 1925 3364 ὑπερϐολῆς

348 3387 695 3454 συνάγοντες,
728 3386 813 3450 τίς
842 3389 875 3457 ὴ
902 3385 1133 3457 δύναμις
1158 3385 1266 3438 τῶν
1289 3383 1782 3455 θησαυρισθέντων,
1806 3382 1839 3453 ἢ
1873 3383 1927 3435 τί

347 3477 410 3529 τὸ
438 3476 654 3546 ὄφελος,
682 3474 749 3529 ἂν
774 3474 1047 3546 ὀργισθεὶς
1075 3477 1103 3527 ό
1121 3475 1251 3538 Θεὸς
1281 3475 1374 3527 ἐπὶ
1397 3473 1582 3526 πλεῖον
1608 3472 1928 3545 παρελκύσῃ

346 3569 451 3640 τὴν
477 3570 772 3641 τιμωρίαν.
811 3570 1117 3639 Ὠχρότεροι
1150 3568 1289 3637 τάχα
1318 3567 1412 3620 τοῦ
1435 3564 1639 3638 χρυσοῦ
1670 3566 1927 3637 γενήσον-

349 3677 440 3715 ται
465 3661 515 3713 οἱ
546 3660 737 3714 τοῦτον
769 3657 1102 3730 σωρεύοντες
1122 3695 1137 3721 ,
1187 3658 1283 3710 ἐὰν
1331 3655 1404 3727 μὴ
1455 3655 1548 3708 τὸν
1579 3655 1742 3725 ἄρτον
1762 3694 1776 3717 ,
1831 3653 1927 3723 μέ-

349 3771 444 3826 χρι
468 3753 582 3824 (85)
617 3752 747 3823 χθὲς
771 3752 866 3805 καὶ⁸
914 3749 1106 3821 πρώην
1139 3745 1650 3819 καταφρονούμενον
1703 3744 1791 3798 διὰ
1832 3744 1929 3815 τὴν

350 3844 647 3915 πρόχειρον
678 3842 927 3908 ἐξουσίαν
954 3843 1056 3912 τῆς
1098 3839 1374 3911 εὐθηνίας,
1408 3838 1598 3908 σχῶσι.
1626 3837 1723 3901 Δὸς
1758 3836 1822 3906 δὴ
1856 3836 1931 3907 μὴ

351 3932 497 3992 εἶναι
527 3937 624 3991 τὸν
648 3939 1052 4007 πιπράσκοντα,
1080 3933 1212 4005 μηδέ
1238 3933 1504 4003 ὑπάρχειν
1535 3934 1681 3985 σῖτον
1710 3930 1769 3983 ἐν
1796 3930 1933 3982 ἀπο-

353 4029 552 4101 θήκαις
578 4046 593 4060 ο
621 4030 717 4083 καὶ
735 4028 820 4093 τίς
840 4031 874 4099 ή
906 4029 1102 4102 χρῆσις
1122 4026 1231 4080 τῶν
1262 4024 1578 4098 βαρυτάτων
1602 4020 1930 4093 βαλαντίων;

354 4124 482 4177 εἰπέ
525 4140 639 4194 μοι.
667 4121 743 4176 Οὐ
799 4120 914 4192 μετ’
946 4120 1168 4173 ἐκείνων
1204 4118 1500 4191 χωσθήσῃ;
1528 4116 1604 4167 Οὺ
1642 4114 1712 4185 γῆ
1745 4114 1773 4165 ό
1798 4129 1945 4184 χρυ-.

360 4216 488 4280 αός;
514 4216 593 4269 Οὐ
626 4214 797 4287 πηλὸς
822 4215 1038 4285 ἀχρεῖος
1067 4212 1227 4282 πηλῷ
1251 4209 1329 4280 τῷ
1358 4208 1573 4280 σώματι
1612 4206 1936 4278 παρακείσε-

357 4325 484 4371 ται;
532 4308 723 4361 Πάντα
768 4307 1005 4375 ἐκτήσω,
1054 4305 1147 4357 καὶ
1195 4302 1252 4355 ἐν
1289 4302 1587 4370 ἀναγκαῖον
1635 4299 1735 4352 οὐκ
1767 4297 1932 4368 ἔχεις,

358 4399 592 4468 δύναμιν
614 4395 708 4450 τοῦ
739 4397 960 4468 τρέφειν
982 4394 1227 4448 σεαυτόν.
1261 4391 1353 4464 Τῷ
1380 4392 1541 4445 παντί
1585 4407 1677 4442 σου
1720 4386 1937 4456 πλούτῳ

2017 1923 2383 1986 opportunam
2458 1913 2746 1984 impetret?
2806 1910 2942 1976 Quis
3006 1914 3229 1978 peccata
3284 1901 3587 1957 deleturus.

2017 2006 2161 2061 beati
2186 2005 2401 2060 Davidis
2433 2002 2702 2071 exemplo,
2723 1999 2980 2071 lacrymis
3027 1998 3229 2051 lectum
3271 1990 3469 2063 rigavit
3497 1988 3590 2040 “1'

2017 2098 2151 2165 Quis
2193 2098 2466 2168 hospitum
2517 2095 2651 2149 lavit
2687 2093 2875 2163 pedes,
2901 2097 2957 2145 et
2986 2089 3263 2156 pulverem
3292 2099 3361 2138 ex
3395 2080 3591 2134 itinere

2017 2193 2304 2246 collectum
2340 2188 2622 2252 abstersit,
2653 2195 2734 2249 ut,
2757 2185 2887 2238 dum
2922 2181 3173 2237 siccitate
3214 2172 3436 2230 liberari
3493 2183 3592 2241 po-

2019 2286 2205 2348 stulat,
2230 2282 2399 2337 Deum
2422 2287 2729 2352 opportune
2760 2275 2972 2347 placet?
3005 2273 3140 2339 Quis
3169 2270 3317 2340 pavit
3340 2268 3592 2321 orbatum

2023 2383 2177 2446 patre
2215 2385 2465 2443 puerum,
2498 2378 2558 2423 ut
2598 2368 2744 2423 Deus
2773 2381 2921 2421 nunc
2954 2363 3116 2418 nobis
3144 2359 3332 2429 fruges
3360 2353 3590 2415 nutriat,

2019 2482 2129 2521 non
2174 2480 2333 2520 secus
2376 2476 2440 2516 ac
2473 2460 2778 2530 orphanum
2812 2456 2925 2529 66
2962 2460 3248 2508 ventorum
3279 2442 3595 2514 intemperie

2018 2555 2398 2628 etagitatum?
2426 2553 2560 2620 Quis
2614 2551 2747 2607 fovit
2780 2550 3036 2603 alIlietam
3065 2545 3249 2599 victus
3280 2538 3596 2595 diﬂicultale

2019 2652 2263 2713 viduam,
2300 2656 2361 2702 ut
2407 2662 2554 2703 nunc
2594 2646 2643 2700 ei
2674 2645 2952 2698 tribuatur
2978 2639 3298 2693 alimentum
3344 2643 3599 2687 necessa-

2021 2744 2205 2798 rium?
2240 2740 2496 2795 Diseinde
2528 2736 2844 2793 schedulam
2890 2733 3132 2803 iniquam
3153 2769 3172 2796 ,
3204 2736 3265 2783 ut
3303 2727 3386 2782 sic
3408 2737 3601 2796 pecea-

2022 2842 2138 2888 tum
2200 2832 2467 2887 solvatur.
2522 2829 2647 2884 Dele
2704 2825 3154 2898 gravissimorum
3206 2819 3457 2874 fenorum
3506 2829 3603 2883 pa-

2022 2934 2191 2989 ctum,
2228 2933 2288 2978 ut
2334 2934 2478 2979 terra
2523 2922 2701 2992 pariat
2735 2926 3002 2974 consueta
3062 2929 3126 2969 ac
3169 2911 3457 2984 producat.
3509 2904 3603 2959 Et-

2022 3019 2168 3074 enim
2210 3018 2341 3071 dum
2375 3033 2450 3071 aes
2491 3024 2544 3069 et
2577 3027 2795 3076 aurum,
2828 3020 2881 3065 et
2906 3025 2972 3065 ea
3016 3023 3139 3079 qum
3186 3003 3399 3061 sterilia
3452 3008 3599 3060 sunt,

3639 1796 3689 1979 gl

2025 3110 2251 3179 gignunt
2301 3114 2493 3177 prater
2530 3113 2806 3166 naturam,
2853 3108 3001 3155 terra
3058 3108 3242 3152 tamen
3277 3107 3400 3163 quae
3442 3098 3604 3144 natu-
3676 3104 3683 3109 ·

2025 3177 2208 3252 raliter
2241 3198 2381 3267 parit
2413 3206 2466 3250 et
2503 3193 2736 3249 fecunda
2794 3198 2898 3253 est,
2927 3189 3136 3243 sterilis
3161 3184 3429 3247 redditur,
3458 3187 3512 3234 et
3538 3177 3603 3230 ad

2026 3292 2233 3345 incolas
2277 3273 2582 3360 puniendos
2606 3286 2896 3340 damnatur
2930 3276 3360 3334 infecunditatis.
3417 3272 3609 3327 Osten-

2027 3382 2165 3436 dant
2192 3380 2359 3450 igitur
2386 3380 2481 3449 qui
2520 3383 2789 3447 quaestum
2818 3372 2874 3425 in
2908 3370 3084 3442 pretio
3117 3368 3341 3429 habent,
3373 3377 3436 3417 ac
3472 3360 3609 3415 divi—

2030 3475 2140 3528 tias
2166 3472 2311 3527 ultra
2347 3469 2572 3525 modum
2603 3472 2890 3538 aggerunt,
2929 3461 3063 3532 quid
3095 3460 3312 3513 valeant
3340 3451 3607 3510 reconditi

2030 3565 2308 3629 thesauri,
2358 3571 2453 3617 aut
2492 3576 2615 3630 quae
2652 3571 2845 3613 eorum
2890 3552 3189 3610 necessitas
3222 3550 3327 3611 sit,
3359 3547 3405 3602 si
3434 3546 3608 3600 iratus

2016 3656 2173 3713 -Deus
2212 3656 2437 3709 multam
2500 3666 2563 3704 ac
2602 3663 2821 3719 poenam
2861 3644 3091 3699 ulterius
3133 3638 3434 3712 protrahat.
3465 3634 3611 3690 Con-

2033 3747 2216 3808 festim
2271 3741 2407 3799 aur'o
2447 3741 2763 3815 pallidiores
2807 3738 2958 3800 ﬁent,
2991 3735 3085 3807 qui
3115 3734 3168 3789 id
3202 3736 3527 3801 congerunt,
3555 3727 3604 3782 si

2032 3855 2194 3913 pane,
2232 3838 2325 3909 qui
2363 3836 2482 3891 heri
2527 3846 2581 3890 et
2618 3830 3022 3887 nudiustertius
3059 3827 3132 3882 ob
3160 3831 3404 3895 paratam
3429 3834 3611 3890 prom-

2035 3911 2296 4001 ptamque
2356 3926 2570 3998 copiam
2634 3922 3109 3981 contemnebatur,
3162 3922 3408 3970 careant.
3461 3911 3611 3965 Pone

2036 4023 2152 4091 jam
2201 4035 2311 4076 non
2361 4033 2486 4073 esse
2526 4015 2898 4079 venditorem,
2944 4026 3045 4065 nec
3083 4006 3271 4064 haberi
3308 4006 3363 4060 in
3396 4002 3612 4059 horreis

2037 4111 2368 4166 frumentum
2402 4127 2416 4177 ;
2460 4107 2595 4179 quid
2637 4106 2881 4169 tandem,
2928 4116 3136 4173 quaeso,
3179 4098 3477 4171 proderunt
3513 4094 3613 4148 tibi

2036 4206 2314 4274 marsupia
2363 4199 2732 4275 gravissima?
2780 4197 2973 4253 Nonne
3018 4211 3127 4251 una
3182 4208 3307 4249 cum
3353 4190 3489 4262 ipsis
3512 4186 3616 4243 sub

2038 4297 2228 4351 eodem
2267 4310 2465 4366 aggere
2508 4292 2834 4363 sepelieris?
2864 4290 3056 4345 Nonne
3090 4298 3235 4342 terra
3274 4298 3469 4340 aurum
3497 4279 3620 4336 est?

2040 4390 2233 4445 Nonne
2270 4389 2463 4443 inutile
2502 4388 2679 4443 lutum
2725 4387 2840 4440 luto
2888 4382 3181 4454 adjacebit.
3219 4376 3437 4449 corpori
3472 4374 3619 4429 vitle-

360 4491 423 4545 ἓν
451 4464 614 4558 νέφος
652 4464 993 4558 ἀπεργασαι·
1020 4484 1217 4553 ὀλίγων
1247 4481 1496 4553 ψεκάδων
1526 4479 1811 4550 ἐπινόησον
1844 4476 1923 4530 πόι

2042 4482 2200 4537 lieet?
2239 4480 2495 4536 Possides
2518 4478 2703 4535 omnia
2738 4496 2750 4531 :
2792 4476 2885 4531 sed
2920 4489 3029 4528 una
3060 4489 3149 4527 res
3171 4478 3254 4527 est
3284 4464 3614 4526 necessaria,

2046 4588 2151 4642 qua
2210 4584 2401 4632 cares,
2451 4568 2679 4622 facultas
2737 4566 2978 4635 teipsum
3021 4560 3226 4616 alendi.
3281 4553 3502 4611 Conlice
3549 4566 3617 4605 ex
3686 4568 3693 4629 ί

366 4596 483 4654 ρονο
503 4579 723 4642 ἔπειξον
738 4579 820 4639 εἰς
847 4574 1219 4647 καρποφορίαν
1235 4572 1332 4644 τὴν
1353 4571 1459 4641 γῆν
1474 4588 1486 4603 ’
1505 4569 1665 4623 λῦσον
1678 4568 1757 4639 τῷ
1774 4569 1941 4637 ὑπερ-

362 4636 558 4746 ipim?
603 4636 702 4724 καὶ
746 4636 992 4723 σοϐοῦντι
1037 4636 1253 4735 πλούτῳ
1290 4636 1427 4736 ’τὴν
1449 4636 1756 4734 συμφοράν.
1789 4636 1923 4729 Τάχι

2047 4664 2303 4720 omnibus
2349 4664 2461 4717 tuis
2490 4661 2686 4732 opibus
2726 4659 2983 4713 nebulam
3025 4670 3187 4711 unam
3222 4670 3236 4715 ;
3274 4649 3359 4707 lac
3393 4647 3621 4702 descen—
3678 4636 3691 4739 gl
3738 4642 3741 4647 ’

363 4767 486 4821 τινὰ
503 4765 617 4819 τῶν
646 4761 888 4817 εὐλαὸὧν
922 4758 1324 4831 παρακαλέσεις
1346 4756 1479 4828 (86),
1506 4755 1572 4809 ἵν’
1595 4755 1781 4824 εὐχαῖς
1809 4752 1884 4815 ὡς
1913 4753 1942 4805 ὁ

365 4857 635 4928 Θεσῦίτης
666 4854 854 4916 Ἠλίας
888 4851 1072 4907 ἄνεσίν
1108 4867 1192 4903 σοι
1239 4849 1532 4920 χαρίσηται
1576 4846 1686 4899 τῶν
1729 4843 1939 4905 δεινῶν,

367 4950 652 5023 ἄνθρωπος
686 4948 972 5017 ἀκτήμων,
1002 4941 1217 5015 ὼχριῶν
1237 4982 1254 5008 ,
1283 4940 1628 5003 άνυπόδετος,
1667 4938 1939 5007 ἀοίκητος,

368 5042 635 5109 ᾁνέστιος,
663 5041 891 5111 ἄπορος,
923 5038 1005 5090 ἐνὶ
1040 5034 1228 5107 χιτῶνι
1260 5032 1613 5103 σκεπόμενος,
1641 5031 1717 5094 ὼς
1758 5029 1943 5091 Ἠλίας

442 5198 489 5243 ⁸³
526 5196 679 5254 Psal.
711 5212 801 5260 vr,
839 5196 891 5249 7.
967 5192 1013 5226 δ”
1052 5190 1121 5246 Ill
1154 5190 1290 5260 Reg.
1324 5204 1459 5247 xvm
1482 5229 1498 5256 ,
1527 5188 1619 5243 45.

442 5354 555 5425 (8‘2)
587 5353 772 5410 Editio
803 5359 1039 5420 utraque
1077 5346 1391 5417 κατεχέατο.
1434 5347 1505 5399 At
1548 5342 1791 5414 quinque
1810 5355 1943 5395 mss.

372 5426 729 5618 Ἑῗὲἓῖιί
760 5501 815 5549 et
839 5490 977 5561 Reg.
1004 5488 1201 5571 tertius
1246 5495 1300 5540 et
1336 5485 1489 5540 Colb.
1530 5484 1716 5537 itidem
1748 5481 1945 5534 tertius

561 5562 769 5618 έὸοεξε.
793 5561 932 5618 Rea.
956 5572 1166 5618 primus
1195 5557 1360 5618 πόδας
1394 5555 1561 5618 ἔνιψε.
1586 5552 1720 5618 Reg.
1752 5565 1945 5605 secun-

561 5562 769 5636 ἔϐρεξε.
788 5552 1166 5636 Regiprimus
1195 5557 1360 5636 πόδας
1394 5552 1720 5636 ἔνιψεκῐὶθε.
1752 5565 1948 5636 secun-

374 5637 478 5691 dus
692 5620 997 5689 ἇπέπλῦνὲ.
1026 5629 1154 5683 Scio
1174 5628 1393 5697 quidem
1423 5620 1537 5680 tres
1566 5620 1946 5699 hasleetiones

375 5706 515 5760 idem
542 5695 702 5776 plane
728 5704 955 5776 valere;
972 5699 1135 5776 ‘ma_lo
1166 5695 1347 5776 tamen
1386 5695 1683 5776 secundam
1718 5698 1812 5745 aut
1837 5699 1947 5744 ter—

375 5777 525 5843 tiam,
544 5766 558 5776 ’
580 5791 649 5832 ne
677 5775 907 5837 verbum
931 5769 1120 5843 ἔϐρεξε
1149 5768 1491 5833 continenter
1523 5766 1604 5821 bis
1651 5769 1945 5834 repetatur.

2050 4755 2183 4810 dant
2208 4762 2379 4826 guttae
2408 4768 2595 4824 pauca:
2626 4771 2640 4821 ;
2681 4766 2814 4822 urge
2841 4759 3044 4805 terram
3081 4745 3148 4801 ad
3180 4743 3414 4797 fructum
3445 4736 3623 4791 feren-

2050 4847 2221 4911 dum;
2261 4845 2623 4899 calamitatem
2673 4842 2926 4913 superbis
2994 4838 3102 4892 illis
3146 4849 3210 4888 ac
3262 4827 3623 4886 insolentibus

2050 4938 2257 4993 divitiis
2304 4937 2549 4991 amolire.
2606 4933 2862 4989 Fortasse
2901 4932 3048 5002 pium
3086 4927 3321 4995 aliquem
3374 4920 3622 4981 induces,

2050 5036 2111 5082 ut
2132 5027 2380 5103 exetuplo
2399 5024 2671 5083 Thesbita)
2695 5024 2824 5078 Elia:
2851 5022 2896 5052 ’⁸⁸
2926 5017 3305 5074 remissionem
3332 5011 3425 5066 tibi
3453 5009 3619 5063 malo-

2122 5334 2233 5406 (84)
2268 5331 2451 5406 Editio
2480 5323 2881 5406 Parisios“!
2908 5321 2997 5374 τὸν
3016 5322 3200 5406 Acri-50v.
3245 5315 3425 5406 Ιξάἰιίο
3460 5312 3629 5376 Basil.

2050 5418 2102 5460 οι
2128 5390 2273 5459 ".m’s.
2301 5397 2687 5456 Combeﬁsiani
2717 5390 2972 5447 enim.
3003 5390 3112 5445 Alii
3155 5398 3393 5460 quatuor
3452 5401 3483 5440 e
3528 5399 3625 5439 no-

2050 5477 2179 5533 stris
2209 5474 2279 5527 τὰ
2316 5472 2477 5526 σιτία.
2992 5530 2999 5533 Α
3066 5510 3088 5531 _

2121 5526 2233 5615 ('85)
2252 5526 2413 5615 iEyditi
2454 5540 2616 5615 ᾇρτον
2643 5537 2731 5615 τὸν
2758 5530 3043 5615 μέχρι;.Αι
3068 5526 3215 5586 ‘mss.
3253 5530 3415 5600 ἄρτον
3445 5526 3627 5597 μέχρι.

2055 5604 2173 5670 Mox
2207 5604 2362 5670 Colb.
2388 5604 2602 5683 primus
2629 5604 2908 5683 εὐθηνίαις
2932 5604 3134 5683 έχουσι.

2050 5758 2063 5769 ι
2095 5686 2235 5769 ,(86)
2273 5669 2413 5740 Ειίὶιῖ
2464 5669 2874 5750 παρακαλέσῃς.
2918 5669 2993 5730 At
3023 5688 3156 5731 mss.
3196 5669 3351 5725 multi
3378 5681 3629 5738 impexa-.-

2051 5773 2243 5819 Λεσεις.

3668 4742 3679 4797 f

3664 4916 3667 4925 κ

3660 4928 3669 4939 ,
