4052 6214
386 277 495 336 315

389 487 598 544 ceatus,
632 481 752 536 sine
780 483 962 547 domo,
998 484 1115 540 sine
1150 486 1283 548 lare,
1310 501 1536 556 egenus,
1570 486 1732 541 unica
1783 487 1969 541 tunica

389 582 721 643 coopertus,
775 575 923 629 velut
967 574 1114 629 Elias
1166 574 1306 645 pelle
1360 576 1560 639 ovilla,
1621 575 1787 630 simul
1842 589 1969 629 cum

390 666 646 734 precibus
715 660 1025 733 educatus,
1067 668 1279 738 jejunio
1343 669 1723 723 contubernaii
1779 675 1966 722 utens.

390 753 547 820 Quod
574 755 621 809 si
649 756 891 827 rogando
922 757 992 811 ab
1013 756 1284 825 ejusmodi
1318 758 1436 809 viro
1458 773 1614 826 opem
1645 757 1894 811 obtineas
1916 766 1970 810 et

391 846 737 916 praesidium,
778 863 961 902 nonne
1003 848 1223 902 divitias
1269 849 1465 904 multis
1501 850 1649 904 curis
1704 849 1972 902 obnoxias

390 938 547 991 valde
573 938 867 992 admodum
891 939 1204 994 deridebis?
1233 955 1413 995 nonne
1437 955 1631 993 aurum
1658 939 1973 1009 conspues?

392 1045 576 1084 nonne
627 1039 889 1101 tanquam
942 1038 1163 1088 stercus
1212 1048 1408 1086 aurum
1454 1032 1682 1101 abjicies
1736 1051 1747 1086 :
1803 1031 1971 1101 quod,

392 1121 613 1174 tametsi
682 1124 837 1192 prius
906 1124 1090 1177 omnia
1168 1131 1417 1198 poterat,
1486 1125 1973 1194 appellabaturque

393 1208 808 1279 charissimum,
853 1212 1033 1281 ipsum
1082 1221 1258 1267 tamen
1312 1216 1564 1284 cognoris
1601 1213 1877 1269 inﬁrmum
1917 1217 1974 1269 in

394 1302 726 1357 necessitate
781 1312 1076 1374 patronum
1119 1306 1276 1360 esse?
1314 1307 1493 1362 Causa
1529 1314 1622 1359 tua
1651 1306 1793 1361 hanc
1822 1308 1975 1361 cala-

395 1393 642 1449 mitatem
690 1394 832 1452 Deus
890 1397 1109 1460 intulit,
1173 1398 1317 1466 quod
1367 1413 1490 1452 cum
1551 1398 1806 1462 haberes,
1862 1414 1969 1452 non

399 1487 713 1556 erogaveris
745 1505 769 1553 ;.
796 1489 940 1558 quod
980 1489 1296 1545 esurientes
1341 1490 1700 1560 preterieris,
1748 1490 1891 1560 quod
1927 1498 1978 1544 te

393 1591 503 1629 non
542 1580 888 1635 converteris
929 1580 998 1634 ad
1041 1580 1331 1650 lugentes;
1371 1580 1516 1650 quod
1562 1579 1842 1641 adoratus,
1870 1597 1977 1633 non

392 1668 470 1722 sis
516 1670 829 1727 miseratus.
886 1672 1154 1726 Invadunt
1203 1673 1347 1727 enim
1404 1684 1628 1744 propter
1671 1687 1876 1742 paucos
1922 1672 1976 1724 in

392 1775 611 1814 omnem
656 1764 917 1832 populum
976 1764 1142 1828 mala,
1194 1779 1259 1819 ac
1307 1763 1570 1835 ﬂagitium
1619 1765 1785 1818 unius
1831 1764 1973 1832 plebi

1694 283 1750 338 S.
1794 284 2041 340 BASILII
2081 284 2300 341 MAGNI

388 402 511 442 rum
531 389 783 458 precibus
808 391 1082 461 impetret,
1108 392 1275 446 homo
1294 392 1473 462 inops,
1499 393 1757 463 pallidus,
1777 394 1980 449 discal-
2007 406 2053 459 Α

3551 286 3659 342 516

2081 397 2147 465 τῇ
2185 396 2427 465 μηλωτῇ,
2461 395 2558 465 τὴν
2592 395 2756 467 εὐχὴν
2801 396 2937 466 ἔχων
2982 380 3299 470 σύντροφον,
3331 397 3427 470 τὴν
3457 398 3661 471 ἐγκρά-

2069 504 2222 540 τειαν
2243 486 2573 557 ὁμοδίαιτον.
2603 488 2725 542 Κᾶν
2752 488 3016 560 ἐπιτύχῃς
3044 489 3144 559 τῆς
3183 490 3335 562 παρά
3360 489 3455 544 τοῦ
3485 491 3661 545 τοιού-

2069 593 2162 628 του
2202 575 2451 647 βοηθείας
2478 576 2586 647 (87)
2616 578 2890 648 δεόμενος,
2932 579 2992 631 οὐ
3035 578 3223 651 μακρά
3262 580 3660 649 καταγελάσεις

2072 668 2182 721 τῶν
2223 667 2657 739 πολυμερίμνων
2683 671 3017 741 κτημάτων;
3062 671 3123 723 οὐ
3172 671 3537 742 προσπτύσεις
3578 673 3661 743 τῷ

2072 760 2293 832 χρυσῷς
2337 759 2398 814 οὐ
2431 760 2740 832 stamen;
2789 763 2866 825 ὡς
2914 762 3117 833 κόπρον
3167 762 3258 816 τὸν
3309 763 3568 835 ἄργυρον,
3601 765 3660 819 ὃν

2075 851 2351 922 πρότερον
2385 852 2562 904 πάντα
2595 851 2895 923 δυνάμενον
2930 854 3022 906 καὶ
3068 852 3324 922 φίλτατον
3353 853 3655 925 ὀνομάζων,

2075 942 2282 1013 ἀδρανῆ
2335 943 2526 1014 βοηθὸν
2563 945 2653 996 ἐπὶ
2706 944 2805 1015 τῆς
2851 945 3039 1016 χρείας
3088 945 3423 1018 ὲγνὼρισας;
3457 947 3555 1001 Διὰ
3599 948 3660 1000 σὲ

2074 1037 2168 1089 καὶ
2200 1036 2301 1106 τὴν
2332 1035 2618 1108 συμφορὰν
2659 1037 2863 1107 ταύτην
2895 1026 3271 1101 κατεδίκασεν,
3303 1039 3490 1110 ἐπειδὴ
3520 1040 3660 1111 ἔχων

2072 1128 2171 1180 σῦκ
2193 1128 2378 1192 ἐδίδως
2412 1129 2521 1201 (88)
2544 1146 2557 1159 ·
2585 1130 2771 1200 ἐπειδὴ
2807 1131 3142 1202 παρέτρεχες
3173 1132 3298 1195 τοὺς
3324 1132 3655 1196 πεινῶνταςο

2073 1220 2261 1292 ἐπειδὴ
2319 1221 2453 1291 πρὸς
2521 1223 2648 1285 τούς
2707 1223 3064 1294 ὀδυρομένους
3130 1224 3229 1277 οὐκ
3284 1225 3656 1296 ἐπεστρέφου’

2074 1312 2264 1383 ἐπειδὴ
2294 1313 2771 1384 προσκυνούμενος
2790 1314 2903 1385 (89)
2933 1315 3034 1369 οὐκ
3064 1316 3264 1385 ἠλέεις.
3286 1318 3540 1389 Ἔρχεται
3565 1317 3661 1371 καὶ

2074 1402 2139 1456 δι’
2171 1404 2386 1472 ὀλίγους
2435 1406 2527 1457 ἐπὶ
2571 1405 2743 1475 δῆμον
2795 1407 2980 1471 κακὰ,
3033 1409 3127 1463 καὶ
3174 1408 3472 1481 μοχθηρίας
3516 1410 3661 1473 τινὸς

2077 1493 2481 1563 παραπήλαυσε
2517 1494 2708 1564 δῆμος.
2757 1497 2936 1567 ’Λχαρ
2984 1498 3320 1570 ἱεροσύλησε,
3354 1499 3449 1553 καὶ
3501 1499 3595 1570 ὅλη
3625 1501 3660 1570 ὴ

2077 1585 2383 1654 παράταξις
2434 1586 2779 1657 ὲμαστίζετο.
2819 1590 2880 1641 '0
2935 1591 3152 1661 Ζαμϐρὶ
3212 1591 3375 1645 πάλιν
3428 1594 3507 1656 εἰς
3562 1592 3661 1656 τὰς

2079 1674 2470 1740 Μαδιανίτιδας
2501 1676 2881 1748 ἐξεπόρνευσε,
2910 1681 3004 1733 καὶ
3035 1683 3063 1733 6
3088 1681 3301 1753 Ἰσραὴλ
3332 1682 3559 1736 ἔπιπτεν
3580 1685 3661 1747 είς

2080 1767 2255 1836 δίκην.

393 1856 491 1909 toti
538 1865 717 1912 nocet.
771 1859 954 1912 Achar
996 1859 1348 1925 sacrilegium
1402 1860 1702 1927 commisit,
1758 1868 1811 1913 ct
1859 1867 2006 1912 totus
2082 1835 2524 1932 castigatusest
2576 1867 2854 1922 exercitus
2907 1868 2973 1920 “.
3039 1868 3254 1925 Zambri
3334 1871 3661 1927 Madranitas

391 1958 667 2007 scortatus
694 1962 801 2018 est,
837 1962 891 2010 et
921 1955 1085 2011 Israel
1114 1970 1307 2026 poenas
1334 1956 1485 2010 dedit
1517 1955 1586 2011 ⁸⁸.

461 2042 513 2095 5.
543 2040 745 2100 Omnes
771 2045 933 2116 igitur
960 2054 1074 2101 tum
1116 2048 1370 2117 privatim
1393 2087 1409 2112 ,
1448 2058 1565 2102 tum
1608 2065 1661 2102 .n
1687 2062 1966 2104 communi
2000 2055 2041 2109 Β

389 2133 558 2187 vitam
584 2143 827 2190 nostram
868 2139 1262 2208 expendamus,
1306 2140 1451 2195 velut
1481 2141 1773 2211 paedagogo
1802 2149 1979 2194 atten-

391 2223 590 2278 damus
609 2227 866 2291 siccitati,
897 2245 1346 2300 unumquemque
1378 2233 1461 2285 sui
1493 2235 1702 2305 peccati
1730 2247 1978 2286 commo-

390 2314 712 2372 nefacienti.
746 2317 1099 2376 Proferamus
1126 2329 1180 2376 et
1209 2336 1311 2376 nos
1340 2322 1524 2378 animo
1550 2338 1687 2379 sano
1717 2324 1810 2378 illa
1840 2332 1980 2378 stre-

390 2409 482 2462 ηιιί
506 2407 624 2463 Jobi
658 2411 820 2466 verba
853 2432 865 2467 :
894 2411 1089 2469 Manus
1123 2414 1333 2469 Domini
1350 2426 1448 2474 est.
1470 2433 1588 2485 qua?
1614 2417 1785 2488 tetigit
1813 2433 1894 2470 me
1908 2418 1976 2471 ".

389 2498 747 2556 Potissimum
773 2512 954 2559 autem
989 2515 1044 2560 et
1076 2516 1202 2562 ante
1247 2509 1433 2562 omnia
1463 2510 1830 2565 calamitatem
1880 2526 1982 2563 no—

391 2601 564 2647 stram
598 2596 837 2664 peccatis
884 2599 1246 2655 ascribamus.
1273 2600 1427 2666 Quod
1462 2603 1508 2658 si
1531 2593 1796 2672 praeterea
1826 2603 1977 2659 aliud

392 2684 702 2741 addendum
740 2696 845 2753 est,
877 2688 937 2743 ﬁt
968 2705 1186 2760 quoque
1235 2692 1554 2763 aliquando,
1587 2702 1649 2750 ut
1687 2697 1821 2751 talia
1854 2700 1979 2752 vitae

392 2777 696 2832 infortunia
717 2779 1031 2851 irrogentur
1049 2782 1366 2838 hominibus
1400 2786 1466 2838 ad
1491 2787 1706 2842 animas
1735 2789 1945 2858 proban
1966 2819 1979 2829 -

391 2869 511 2931 das.
549 2882 609 2924 ut
638 2872 779 2926 inter
801 2872 1146 2928 difﬁcultates
1169 2874 1653 2946 deprehendantur
1697 2880 1791 2948 qui
1822 2881 1975 2949 probi

394 2963 526 3024 sint.
565 2964 675 3034 67
718 2963 834 3019 sive
869 2980 1160 3035 pauperes,
1191 2967 1307 3023 sive
1344 2969 1563 3035 divites,
1600 2986 1726 3026 cum
1761 2973 1981 3042 utrique

394 3072 493 3125 per
514 3057 834 3125 patientiam
863 3059 1024 3127 plane
1054 3060 1371 3129 probentur.
1405 3061 1473 3116 Et
1511 3064 1749 3120 maxime
1776 3065 1829 3119 id
1874 3066 1980 3120 hoc

394 3159 644 3215 tempore
695 3150 1032 3222 declaratur,
1061 3155 1205 3211 sitne
1235 3156 1327 3212 hic
1366 3157 1636 3221 liberalis,
1663 3168 1718 3214 et
1744 3157 1978 3215 fratrum

397 3257 591 3297 amans
623 3257 638 3295 :
689 3244 834 3299 sitne
871 3244 960 3300 ille
993 3256 1182 3316 gratus
1229 3256 1283 3303 et
1322 3248 1714 3303 beneficiorum
1745 3266 1975 3317 memor,

395 3341 451 3388 et
480 3334 601 3391 vice
630 3350 789 3391 versa
817 3353 929 3392 non
956 3338 1328 3409 blasphemus,
1361 3341 1521 3408 cujus
1546 3342 1763 3398 animus
1794 3344 1977 3398 statim

393 3427 520 3481 vita:
568 3427 1047 3483 vicissitudinibus
1106 3437 1368 3486 mutetur.
1418 3430 1556 3485 Novi
1609 3447 1709 3502 ego
1771 3434 1976 3487 multos

395 3520 532 3585 (non
554 3520 837 3576 auditione
863 3521 1070 3592 accepi,
1089 3522 1184 3578 sed
1204 3523 1539 3593 experientia
1572 3523 1689 3593 ipsa
1725 3524 1977 3579 homines

396 3619 561 3666 notos
588 3612 802 3682 habui),
832 3615 926 3684 qui
956 3631 1082 3670 cum
1114 3624 1428 3687 suppeteret
1451 3617 1557 3672 sibi
1589 3633 1769 3671 rerum
1796 3617 1975 3688 copia,

397 3710 453 3757 ct
500 3704 763 3760 secundis
815 3707 1013 3769 ventis,
1064 3708 1210 3777 quod
1241 3707 1352 3762 dici
1400 3709 1560 3774 solet,
1596 3724 1684 3762 res
1726 3707 1981 3777 procede-

397 3804 539 3860 rent,
569 3798 922 3859 mediocriter
937 3800 1151 3865 saltem,
1171 3801 1215 3856 si
1240 3817 1348 3856 non
1376 3800 1862 3871 perfecte,gratias
1894 3817 1981 3856 re-

397 3886 704 3956 penderent
738 3889 984 3946 beneﬁco
1019 3892 1298 3962 largitori;
1332 3894 1428 3948 sed
1483 3893 1530 3947 si
1579 3901 1884 3947 mutaretur
1924 3893 1980 3947 in

398 3979 743 4033 contrarium
792 3995 976 4035 rerum
1018 3989 1213 4046 status,
1245 3980 1509 4051 divesque
1555 3979 1707 4035 ﬁeret
1746 3996 1978 4051 pauper,

399 4077 454 4122 et
509 4070 681 4124 robur
732 4072 986 4142 corporis
1028 4080 1337 4128 verteretur
1389 4074 1443 4127 in
1493 4073 1772 4136 morbum,
1805 4073 1981 4143 gloria

399 4175 623 4232 quoque
673 4177 743 4217 ac
786 4163 1046 4232 splendor
1090 4165 1147 4219 in
1186 4165 1423 4220 dedecus
1461 4173 1517 4220 et
1567 4164 1926 4235 ignominiam
1964 4184 1977 4219 :

398 4260 535 4305 tunc
562 4251 1113 4323 deprehendebantur
1152 4255 1385 4326 ingrati,
1420 4257 1789 4326 loquebantur
1832 4256 1981 4311 blas-

400 4344 597 4413 phema
622 4383 638 4407 ,
675 4344 1064 4416 pigrescebant
1095 4346 1151 4400 in
1190 4346 1525 4415 precatione,
1553 4344 1724 4400 Deum
1756 4345 1983 4416 perinde

402 4436 561 4506 quasi
592 4445 945 4492 cunctantem
979 4438 1279 4493 debitorem
1310 4439 1535 4492 moleste
1563 4436 1836 4502 ferebant,
1880 4453 1981 4493 nec

403 4526 785 4582 adiciebantur
807 4542 941 4598 erga
972 4527 1262 4582 Dominum
1288 4537 1547 4598 tanquam
1580 4528 1977 4598 indignantem.

405 4615 514 4671 Sed
544 4631 737 4686 apage,
766 4624 821 4670 et
851 4618 1117 4672 submove
1166 4618 1234 4671 ab
1265 4618 1448 4671 animo
1474 4618 1743 4687 ejusmodi
1775 4620 1982 4688 cogita-

2140 2044 2174 2099 5
2212 2047 2419 2112 Πάντες
2440 2049 2619 2104 τοίνυν
2648 2051 2738 2105 καὶ
2772 2051 2877 2122 ἰδίᾳ
2900 2052 2994 2105 καὶ
3018 2055 3170 2125 κοινῇ
3198 2054 3324 2118 τούς
3359 2054 3507 2125 βίους
3535 2059 3661 2113 ἑαυ-

2079 2136 2188 2188 τῶν
2233 2137 2612 2209 ἐξετάσωμεν,
2670 2141 2747 2204 ὡς
2814 2142 3144 2214 παιδαγωγῷ
3204 2144 3532 2216 πρόσχωμεν
3587 2147 3663 2218 τῷ

2081 2229 2297 2299 αὐχμῷ,
2325 2230 2554 2285 ἕκαστον
2588 2233 2686 2302 τῆς
2706 2233 2841 2296 ἰδίας
2876 2235 3149 2306 ἁμαρτίας
3172 2237 3659 2311 ὑπομιμνήσκειντι·

2082 2321 2340 2391 Εἵπωμεν
2373 2322 2468 2375 καὶ
2518 2326 2684 2393 ἡμεῖς
2725 2324 2818 2377 τοῦ
2876 2325 3122 2392 γενναίου
3179 2323 3297 2378 Ἰὼϐ
3332 2326 3427 2398 τὴν
3481 2327 3663 2399 φωνὴν

2082 2413 2445 2484 εὐαισθήτως·
2496 2415 2633 2484 Χεὶρ
2683 2417 2903 2484 Κυρίου
2927 2417 3118 2479 ἐστὶν,
3152 2418 3189 2487 τ’)
3217 2417 3494 2488 ἁψαμένη
3518 2437 3662 2487 μου.

2081 2506 2194 2559 Καὶ
2227 2505 2465 2577 μάλιστα
2500 2507 2599 2577 μὲν
2630 2507 3003 2578 πρωτοτύπως
3035 2511 3145 2572 τοῖς
3174 2510 3530 2580 ἁμαρτήμασι
3566 2507 3664 2581 τὴν

2085 2598 2374 2670 συμφορὰν
2420 2598 2628 2653 ἑαυτῶν
2669 2598 3029 2669 λογισώμεθα.
3082 2600 3145 2652 Εἰ
3179 2600 3234 2653 δὲ
3276 2600 3356 2652 δεῖ
3410 2601 3503 2652 καὶ
3537 2599 3666 2653 ἄλλο

2083 2689 2418 2760 προσθεῖναι,
2447 2689 2593 2743 ἐστιν
2614 2690 2703 2742 ὅτε
2738 2691 2832 2743 καὶ
2857 2690 2997 2743 κατὰ
3025 2692 3220 2761 πεῖραν
3246 2692 3366 2753 ταῖς
3390 2689 3585 2762 ψυχαῖς
3608 2693 3662 2745 αἱ

2082 2780 2326 2834 τοιαῦται
2357 2779 2450 2833 τοῦ
2488 2780 2618 2850 βίου
2644 2781 2964 2853 δυσκληρίαι
2996 2784 3109 2845 τοῖς
3156 2780 3461 2852 ἀνθρώποις
3498 2798 3666 2852 προσ-

2082 2875 2325 2942 άγονται,
2363 2875 2429 2927 ἵν’
2464 2875 2555 2926 ἐπὶ
2576 2874 2674 2944 τῆς
2699 2875 2986 2937 δυσκολίας
3014 2873 3422 2944 ἀπελεγχθῶσιν
3453 2876 3499 2927 οἱ
3526 2872 3666 2927 δόκι-

2085 2984 2194 3037 μοι,
2220 2966 2329 3019 εἴτε
2361 2966 2591 3036 πένητες
2641 2968 2751 3019 εἴτε
2795 2967 3037 3019 πλούσιοι
3060 2984 3072 2996 °
3105 2967 3354 3038 ἑκάτεροι
3376 2965 3484 3038 γάρ
3508 2967 3666 3037 ἀκρι-

2082 3059 2191 3122 ὅῶς
2233 3059 2322 3114 διὰ
2367 3061 2466 3130 τῆς
2527 3060 2805 3130 ὑπομονῆς
2854 3058 3254 3130 δοκιμάζονται.
3326 3060 3443 3113 Κάν
3493 3058 3667 3130 τούτῳ

2085 3152 2322 3223 μάλιστα
2361 3151 2439 3221 τῷ
2468 3150 2663 3222 σκαιρῷ
2694 3151 3088 3205 διαδείκνυνται
3113 3154 3140 3204 6
3177 3152 3295 3222 μὲν,
3331 3153 3378 3203 εἰ
3422 3167 3665 3204 κοινωνι-

2082 3245 2175 3309 κὸς
2199 3245 2291 3297 καὶ
2334 3244 2657 3314 φιλάδελφος
2675 3283 2689 3307 ,
2712 3246 2739 3297 6
2762 3243 2838 3307 δὲ,
2867 3246 2914 3296 εί
2942 3245 3260 3314 εὐχάριστος
3292 3245 3385 3297 καὶ
3428 3242 3501 3314 μὴ
3541 3236 3663 3295 τούξ

2081 3336 2297 3388 ναντίον
2331 3334 2674 3404 βλάσφημος,
2711 3337 2830 3398 ταῖς
2854 3333 2948 3388 τοῦ
2996 3335 3107 3404 βίου
3147 3337 3468 3406 περιφοραῖς
3501 3331 3668 3398 ὀξέως

2083 3425 2553 3497 συμμεταϐάλλων
2582 3426 2642 3478 τὸ
2674 3425 2947 3496 φρόνημα.
2982 3420 3116 3478 Οἶδα
3145 3424 3255 3494 ἐγὼ
3287 3424 3510 3487 πολλοὺς
3547 3424 3668 3494 (οὐκ

2079 3523 2215 3591 ἀκοῇ
2252 3520 2460 3591 μαθὼν,
2500 3517 2637 3573 ἀλλὰ
2676 3521 2741 3590 τῇ
2772 3519 2938 3590 πείρᾳ
2956 3520 3082 3582 τοὺς
3111 3517 3429 3588 ἀνθρώπους
3464 3517 3664 3589 γνωρί-

2081 3610 2223 3676 σας),
2273 3611 2378 3675 ἓως
2415 3611 2576 3683 μέχρι
2619 3610 2716 3681 μὲν
2764 3611 2792 3661 ὀ
2842 3609 2956 3680 βίος
2991 3611 3173 3674 αὐτοῖς
3221 3610 3359 3682 πρὸς
3405 3609 3666 3681 εὐπορίαν

2079 3703 2474 3774 διαμετρεῖται,
2517 3702 2613 3756 καὶ
2651 3701 2710 3768 ἐξ
2759 3703 2966 3773 οὐρίας,
3014 3702 3074 3755 τὸ
3113 3701 3436 3772 λεγόμενον,
3476 3704 3662 3773 χωρεῖ,

2085 3794 2264 3864 μέσως
2295 3793 2446 3862 γοῦν,
2479 3793 2528 3845 εἰ
2561 3793 2655 3846 καὶ
2687 3793 2761 3866 μὴ
2792 3792 3034 3855 τελείως,
3062 3791 3139 3862 τῷ
3172 3793 3434 3863 εὐεργέτῃ
3472 3790 3666 3862 ὁμολο-

2084 3885 2314 3954 γοῦντας
2349 3886 2447 3957 τὴν
2479 3886 2674 3956 χάριν·
2712 3889 2761 3939 εἰ
2797 3886 2855 3939 δέ
2905 3903 3006 3938 που
3032 3884 3118 3939 διὰ
3156 3884 3255 3955 τὴν
3288 3883 3531 3938 ἐναντίαν
3561 3901 3664 3937 κα-

2081 3980 2343 4034 τάστασιν
2374 3978 2742 4053 περιτραπείη
2762 3980 2830 4032 τὰ
2861 3980 3181 4050 πράγματα,
3210 3979 3303 4031 καὶ
3330 3979 3358 4030 6
3389 3977 3485 4048 μὲν
3504 3976 3636 4029 πλού
3654 4006 3669 4018 ο

2084 4089 2197 4136 σιος
2228 4072 2454 4143 γένηται
2485 4071 2676 4143 πένης,
2707 4074 2741 4143 ἡ
2777 4072 2834 4125 δὲ
2872 4070 3030 4144 ῥώμη
3067 4069 3161 4123 τοῦ
3207 4069 3456 4140 σώματος
3489 4068 3663 4132 νόσος,

2082 4165 2116 4236 ἡ
2151 4164 2208 4216 δὲ
2248 4162 2377 4228 δόξα
2406 4164 2502 4217 καὶ
2537 4162 2859 4235 περιφάνεια
2894 4161 3121 4233 αἰσχύνη
3153 4163 3246 4217 καὶ
3294 4160 3507 4230 ἀτιμία,
3532 4161 3666 4231 ἀχα-

2087 4253 2428 4327 ριστοῦντας,
2457 4252 2756 4324 βλάσφημα
2787 4252 3210 4324 φθεγγομένους,
3238 4250 3535 4312 ὀκνοῦντας
3566 4248 3666 4319 τὴν

2083 4347 2429 4418 προσευχήν·
2471 4346 2547 4409 ὡς
2580 4346 2718 4418 πρὸς
2748 4344 3028 4417 χρεώστην
3061 4343 3389 4415 βραδύνοντα
3415 4341 3506 4394 τὸν
3533 4340 3666 4394 Θεὸν

2085 4435 2518 4506 σχετλιάζοντας,
2558 4436 2656 4505 οὐχ
2684 4435 2759 4498 ὡς
2786 4434 2921 4506 πρὸς
2954 4432 3230 4502 Δεσπότην
3254 4428 3665 4500 ἀγανακτοῦντα

2081 4524 2487 4594 διακειμένους.
2531 4523 2671 4577 Ἀλλ’
2696 4525 2873 4591 ἄπαγε
2914 4522 3020 4577 τῶν
3050 4521 3323 4593 λογισμῶν
3349 4520 3447 4591 τὴν
3480 4519 3664 4572 τοιαύ-

2082 4633 2181 4685 την
2216 4617 2456 4669 ἐννοιανί
2496 4616 2664 4670 Ὅταν
2684 4616 2741 4669 δὲ
2774 4615 2890 4689 ἴδῃς
2924 4615 3058 4667 Θεὸν
3090 4614 3164 4686 μὴ
3210 4612 3567 4684 χαριζόμενον
3595 4610 3663 4663 τά

403 4709 612 4763 tiones!
636 4708 699 4762 Et
728 4724 854 4763 cum
884 4709 1089 4764 videris
1122 4708 1288 4765 Deum
1318 4717 1581 4765 consueta
1616 4726 1726 4765 non
1749 4711 1979 4781 largien-

2090 4708 2316 4779 συνήθη,
2360 4706 2504 4761 οὕτω
2536 4707 2753 4776 λογίζου
2807 4705 2961 4778 παρὰ
3008 4704 3219 4776 σεαυτῷ
3239 4721 3252 4734 ·
3284 4705 3375 4774 Μὴ
3405 4702 3664 4766 ἀδύνατος

404 4807 538 4862 tem,
570 4800 652 4855 sic
686 4808 867 4855 tecum
903 4811 1093 4869 reputa
1122 4799 1291 4854 :Num
1321 4800 1475 4856 deest
1511 4801 1621 4855 Deo
1644 4802 1823 4856 victus
1845 4818 1977 4872 sup-

406 4889 687 4957 peditandi
713 4888 945 4945 facultas
966 4893 990 4943 ’ί
1016 4890 1302 4956 Quomodo
1322 4892 1466 4945 enim
1488 4892 1511 4944 ?
1530 4908 1655 4946 cum
1686 4893 1753 4947 sit
1789 4891 1975 4948 Domi-

474 5004 519 5035 "
552 5004 668 5060 Jos.
705 5023 809 5074 vn,
846 5008 869 5061 i
904 5023 1023 5077 ειμι.
1101 5008 1147 5039 κθ
1187 5006 1346 5061 Num.
1390 5024 1517 5071 xxv,
1552 5008 1585 5061 6
1625 5023 1746 5079 sqq.

475 5119 589 5193 (8?)
617 5120 773 5193 Colb.
811 5122 1027 5191 primus
1055 5121 1209 5193 παρά
1233 5120 1424 5181 τούτου
1450 5121 1723 5192 βοηθείας.

477 5191 590 5259 (88)
619 5191 846 5260 Antiqui
870 5193 980 5247 duo
1008 5191 1389 5254 Ιίὶπῖἐδίδους.

481 5260 587 5331 (89)
613 5260 752 5313 Editi
789 5268 842 5315 et
878 5278 1011 5316 mss.
1044 5262 1515 5333 προσκυνούμενος
1549 5280 1562 5317 :
1595 5277 1758 5333 quam
1796 5269 1979 5318 tamen

404 5347 592 5404 vocem
627 5341 938 5404 suspectam
973 5332 1178 5389 habens
1210 5332 1594 5396 Combeﬁsius,
1618 5332 1783 5404 putat
1823 5333 1978 5388 Basi-

402 5400 537 5474 lium
591 5401 881 5474 scripsisse
925 5408 1406 5474 προσαιτούμενος.
1445 5404 1550 5459 Sed
1604 5400 1725 5473 ejus
1771 5404 1980 5472 judicio

404 5472 755 5544 subscribere
786 5488 895 5544 non
921 5489 1079 5541 queo.
1102 5472 1240 5527 Nam
1269 5472 1643 5544 praeterquam
1660 5476 1807 5544 quod
1831 5475 1981 5529 illius

402 5542 719 5616 coiijectura
752 5542 903 5616 nullo
932 5544 1241 5597 testimonio
1259 5542 1606 5606 nititur,'vox
1640 5542 1980 5616 προσκυνού-

407 5628 567 5681 μενος
597 5612 672 5667 ita
701 5612 831 5665 huic
855 5614 973 5684 loco
1002 5616 1276 5671 convenit.
1308 5626 1365 5668 ut
1387 5616 1566 5683 potius
1582 5616 1652 5671 ob
1671 5612 1863 5670 oculos
1886 5630 1982 5684 po-

400 5690 496 5740 nat
518 5698 682 5754 quam
715 5683 985 5754 exprimat
1016 5693 1219 5739 statum
1250 5686 1506 5742 humilem
1539 5701 1860 5755 pauperum,
1889 5683 1980 5757 qui

2082 4801 2110 4852 6
2130 4800 2261 4864 Θεὸς
2281 4803 2536 4872 χορηγεῖν
2564 4800 2663 4871 τὴν
2684 4800 2916 4871 τροφήν;
2950 4799 3062 4851 Καὶ
3095 4798 3245 4862 πῶς;
3280 4797 3339 4860 ὃς
3370 4813 3434 4865 γε
3462 4794 3665 4866 Κύριός

2086 4895 2232 4946 ἐστιν
2267 4892 2496 4947 οὐοανοῦ
2539 4894 2633 4947 καὶ
2669 4892 2847 4963 πάσης
2884 4892 3313 4961 διακοσμήσεως,
3356 4889 3513 4961 ὡρῶν
3551 4886 3662 4960 (90)

1824 5010 1867 5040 ⁸⁷
1906 5007 2010 5065 Job
2036 5024 2162 5076 xxx,
2196 5008 2257 5063 2t

2085 5124 2432 5179 adorantium
2461 5125 2514 5178 in
2544 5124 2764 5177 modum
2799 5124 2995 5193 stipem
3030 5137 3060 5176 a
3085 5122 3351 5177 divitibus
3371 5129 3585 5193 rogant.

2155 5194 2266 5266 (90)
2291 5194 2411 5258 Illa,
2434 5194 2849 5266 διακοσμήσεως
2873 5190 3053 5266 ᾧρῷν,
3082 5194 3200 5247 sine
3234 5193 3345 5266 ulla
3376 5190 3662 5259 interpun-

2083 5262 2425 5346 ctionenlegit
2453 5262 2818 5346 Combeiisius
2838 5282 2867 5346 ;Δ
2887 5262 3307 5346 idcircoquesic
3333 5262 3660 5346 interpreta-

2084 5343 2174 5388 tur
2208 5354 2220 5389 :
2259 5334 2962 5406 Omniaquejtempestatum
2997 5334 3124 5406 anni
3167 5344 3323 5402 atque
3368 5342 3660 5400 temporum

2082 5406 2441 5467 distinctionis,
2458 5402 2666 5473 sapiens
2685 5402 3005 5459 moderator.
3030 5402 3162 5467 Nos,
3185 5406 3659 5473 multorumvete-

2085 5491 2207 5528 rum
2249 5471 2696 5530 librorumtidem
2745 5476 2940 5537 secuti,
2970 5476 3070 5530 bas
3094 5488 3258 5528 voces
3281 5471 3631 5526 distinximus

2084 5545 2284 5599 Parum
2327 5552 2508 5598 autem
2540 5545 2729 5610 refert,
2787 5552 2969 5598 utrum
3016 5559 3121 5597 vox
3165 5543 3521 5613 διακόσμησις
3552 5541 3648 5593 hor

2086 5616 2208 5669 loco
2242 5615 2492 5684 privatim
2523 5626 2770 5670 sumatur
2801 5630 2900 5685 pro
2938 5623 3133 5667 ornatu
3160 5614 3304 5677 coeli,
3339 5627 3406 5668 an
3431 5626 3656 5681 genera-

2087 5687 2181 5741 tim
2213 5702 2313 5758 pro
2342 5693 2538 5744 ornatu
2571 5685 2740 5743 totius
2772 5686 2920 5742 orbis
2948 5692 3236 5741 terrarum.
