  <div class='ocr_page' id='page_1' title='image "/cluster/home/n/w/nwhite01/storage/ocr_20150623/31/mdp.39015012934363/168.png"; bbox 0 0 4052 6214; ppageno 0'>
   <div class='ocr_carea' id='block_1_1' title="bbox 396 358 500 412">
    <p class='ocr_par' dir='ltr' id='par_1_1' title="bbox 396 358 500 412">
     <span class='ocr_line' id='line_1_1' title="bbox 396 358 500 412; baseline -0.029 0"><span class='ocrx_word' id='word_1_1' title='bbox 396 358 500 412; x_wconf 71' lang='grc' dir='ltr'><strong>ΞΠ</strong></span> 
     </span>
    </p>
   </div>
   <div class='ocr_carea' id='block_1_2' title="bbox 1210 366 2941 441">
    <p class='ocr_par' dir='ltr' id='par_1_2' title="bbox 1210 366 2941 441">
     <span class='ocr_line' id='line_1_2' title="bbox 1210 366 2941 441; baseline 0.01 -19"><span class='ocrx_word' id='word_1_2' title='bbox 1210 366 1499 425; x_wconf 67' lang='grc' dir='ltr'><strong>ΗΟΜΠΛΑ</strong></span> <span class='ocrx_word' id='word_1_3' title='bbox 1540 372 1746 428; x_wconf 79' lang='lat' dir='ltr'><strong>DICTA</strong></span> <span class='ocrx_word' id='word_1_4' title='bbox 1786 374 2115 431; x_wconf 78' lang='lat' dir='ltr'><strong>TEMPORE</strong></span> <span class='ocrx_word' id='word_1_5' title='bbox 2156 377 2365 434; x_wconf 59' lang='lat' dir='ltr'><strong>FAMIS</strong></span> <span class='ocrx_word' id='word_1_6' title='bbox 2406 380 2493 434; x_wconf 84' lang='lat' dir='ltr'><strong>ET</strong></span> <span class='ocrx_word' id='word_1_7' title='bbox 2535 381 2941 441; x_wconf 85' lang='lat' dir='ltr'><strong>SICClTATlS.</strong></span> 
     </span>
    </p>
   </div>
   <div class='ocr_carea' id='block_1_3' title="bbox 3579 391 3686 447">
    <p class='ocr_par' dir='ltr' id='par_1_3' title="bbox 3579 391 3686 447">
     <span class='ocr_line' id='line_1_3' title="bbox 3579 391 3686 447; baseline 0 -1"><span class='ocrx_word' id='word_1_8' title='bbox 3579 391 3686 447; x_wconf 76' lang='grc'><strong>518</strong></span> 
     </span>
    </p>
   </div>
   <div class='ocr_carea' id='block_1_4' title="bbox 396 474 1981 580">
    <p class='ocr_par' dir='ltr' id='par_1_4' title="bbox 396 474 1975 561">
     <span class='ocr_line' id='line_1_4' title="bbox 396 474 1975 561; baseline 0.011 -35"><span class='ocrx_word' id='word_1_9' title='bbox 396 476 495 528; x_wconf 73' lang='grc' dir='ltr'><strong>καὶ</strong></span> <span class='ocrx_word' id='word_1_10' title='bbox 524 474 734 550; x_wconf 75' lang='grc' dir='ltr'>καιρῶν</span> <span class='ocrx_word' id='word_1_11' title='bbox 750 480 915 548; x_wconf 71' lang='grc' dir='ltr'>σοφὸς</span> <span class='ocrx_word' id='word_1_12' title='bbox 929 484 1233 557; x_wconf 72' lang='grc' dir='ltr'><strong>οἰκονόμος,</strong></span> <span class='ocrx_word' id='word_1_13' title='bbox 1259 488 1600 561; x_wconf 78' lang='grc' dir='ltr'>κνὸερνήτης</span> <span class='ocrx_word' id='word_1_14' title='bbox 1622 490 1731 544; x_wconf 80' lang='grc' dir='ltr'><strong>τῶν</strong></span> <span class='ocrx_word' id='word_1_15' title='bbox 1758 492 1975 546; x_wconf 86' lang='grc' dir='ltr'>πάντων</span> 
     </span>
    </p>
   </div>
   <div class='ocr_carea' id='block_1_5' title="bbox 2085 474 3688 580">
    <p class='ocr_par' dir='ltr' id='par_1_5' title="bbox 2104 497 3688 580">
     <span class='ocr_line' id='line_1_5' title="bbox 2104 497 3688 580; baseline 0.007 -31"><span class='ocrx_word' id='word_1_16' title='bbox 2104 512 2207 550; x_wconf 86' lang='lat' dir='ltr'><strong>nus</strong></span> <span class='ocrx_word' id='word_1_17' title='bbox 2237 497 2361 551; x_wconf 79' lang='lat' dir='ltr'><strong>coeli</strong></span> <span class='ocrx_word' id='word_1_18' title='bbox 2390 499 2674 569; x_wconf 73' lang='lat' dir='ltr'><strong>tutiusque</strong></span> <span class='ocrx_word' id='word_1_19' title='bbox 2703 516 2896 555; x_wconf 82' lang='lat' dir='ltr'><strong>eorum</strong></span> <span class='ocrx_word' id='word_1_20' title='bbox 2933 510 3186 567; x_wconf 90' lang='lat' dir='ltr'><strong>ornatus,</strong></span> <span class='ocrx_word' id='word_1_21' title='bbox 3219 519 3344 559; x_wconf 89' lang='lat' dir='ltr'><strong>cum</strong></span> <span class='ocrx_word' id='word_1_22' title='bbox 3382 506 3454 562; x_wconf 90' lang='lat' dir='ltr'><strong>sit</strong></span> <span class='ocrx_word' id='word_1_23' title='bbox 3477 515 3688 580; x_wconf 82' lang='lat' dir='ltr'><strong>tempe-</strong></span> 
     </span>
    </p>
   </div>
   <div class='ocr_carea' id='block_1_6' title="bbox 397 568 1996 657">
    <p class='ocr_par' dir='ltr' id='par_1_6' title="bbox 397 568 1996 657">
     <span class='ocr_line' id='line_1_6' title="bbox 397 568 1996 657; baseline 0.012 -37"><span class='ocrx_word' id='word_1_24' title='bbox 397 568 589 641; x_wconf 82' lang='grc' dir='ltr'>ὥσπερ</span> <span class='ocrx_word' id='word_1_25' title='bbox 610 571 736 625; x_wconf 77' lang='grc' dir='ltr'>τινὰ</span> <span class='ocrx_word' id='word_1_26' title='bbox 764 575 928 645; x_wconf 85' lang='grc' dir='ltr'>χορὸν</span> <span class='ocrx_word' id='word_1_27' title='bbox 961 576 1224 633; x_wconf 73' lang='grc' dir='ltr'>εὔτακτον</span> <span class='ocrx_word' id='word_1_28' title='bbox 1254 581 1353 644; x_wconf 74' lang='grc' dir='ltr'><strong>τὰς</strong></span> <span class='ocrx_word' id='word_1_29' title='bbox 1378 583 1527 654; x_wconf 85' lang='grc' dir='ltr'>ὥρας</span> <span class='ocrx_word' id='word_1_30' title='bbox 1553 585 1760 648; x_wconf 74' lang='grc' dir='ltr'>καὶτὰς</span> <span class='ocrx_word' id='word_1_31' title='bbox 1788 586 1996 657; x_wconf 76' lang='grc' dir='ltr'>τροπὰς</span> 
     </span>
    </p>
   </div>
   <div class='ocr_carea' id='block_1_7' title="bbox 398 660 1995 747">
    <p class='ocr_par' dir='ltr' id='par_1_7' title="bbox 398 660 1995 747">
     <span class='ocr_line' id='line_1_7' title="bbox 398 660 1995 747; baseline 0.01 -34"><span class='ocrx_word' id='word_1_32' title='bbox 398 660 655 731; x_wconf 75' lang='grc' dir='ltr'><strong>ἀλλήλαις</strong></span> <span class='ocrx_word' id='word_1_33' title='bbox 690 663 999 737; x_wconf 79' lang='grc' dir='ltr'>ὑποχωρεῖν</span> <span class='ocrx_word' id='word_1_34' title='bbox 1037 671 1247 741; x_wconf 86' lang='grc' dir='ltr'>ὁρίσας,</span> <span class='ocrx_word' id='word_1_35' title='bbox 1285 672 1373 726; x_wconf 87' lang='grc' dir='ltr'><strong>ἴνα</strong></span> <span class='ocrx_word' id='word_1_36' title='bbox 1412 676 1476 744; x_wconf 86' lang='grc' dir='ltr'>τῇ</span> <span class='ocrx_word' id='word_1_37' title='bbox 1518 675 1727 728; x_wconf 74' lang='grc' dir='ltr'>ἑαυτῶν</span> <span class='ocrx_word' id='word_1_38' title='bbox 1754 676 1995 747; x_wconf 77' lang='grc' dir='ltr'><strong>ποικιλίᾳ</strong></span> 
     </span>
    </p>
   </div>
   <div class='ocr_carea' id='block_1_8' title="bbox 399 755 1993 837">
    <p class='ocr_par' dir='ltr' id='par_1_8' title="bbox 399 755 1993 837">
     <span class='ocr_line' id='line_1_8' title="bbox 399 755 1993 837; baseline 0.009 -30"><span class='ocrx_word' id='word_1_39' title='bbox 399 759 521 818; x_wconf 76' lang='grc' dir='ltr'>ταῖς</span> <span class='ocrx_word' id='word_1_40' title='bbox 554 755 828 828; x_wconf 71' lang='grc' dir='ltr'><strong>διαφόροις</strong></span> <span class='ocrx_word' id='word_1_41' title='bbox 876 761 1033 830; x_wconf 79' lang='grc' dir='ltr'>ἡμῶν</span> <span class='ocrx_word' id='word_1_42' title='bbox 1068 763 1417 834; x_wconf 82' lang='grc' dir='ltr'>ἐπαρκέσωσι</span> <span class='ocrx_word' id='word_1_43' title='bbox 1453 765 1667 837; x_wconf 75' lang='grc' dir='ltr'>χρείαις</span> <span class='ocrx_word' id='word_1_44' title='bbox 1702 766 1812 836; x_wconf 73' lang='grc'><strong>(91)</strong></span> <span class='ocrx_word' id='word_1_45' title='bbox 1844 784 1857 796; x_wconf 90' lang='grc'><strong>·</strong></span> <span class='ocrx_word' id='word_1_46' title='bbox 1900 769 1993 821; x_wconf 65' lang='grc' dir='ltr'><strong>κα)⁵</strong></span> 
     </span>
    </p>
   </div>
   <div class='ocr_carea' id='block_1_9' title="bbox 399 848 1992 929">
    <p class='ocr_par' dir='ltr' id='par_1_9' title="bbox 399 848 1992 929">
     <span class='ocr_line' id='line_1_9' title="bbox 399 848 1992 929; baseline 0.007 -29"><span class='ocrx_word' id='word_1_47' title='bbox 399 848 500 901; x_wconf 79' lang='grc' dir='ltr'><strong>νῦν</strong></span> <span class='ocrx_word' id='word_1_48' title='bbox 535 854 632 918; x_wconf 85' lang='grc' dir='ltr'>μὲν</span> <span class='ocrx_word' id='word_1_49' title='bbox 658 850 799 903; x_wconf 79' lang='grc' dir='ltr'>κατᾶ</span> <span class='ocrx_word' id='word_1_50' title='bbox 829 853 1022 925; x_wconf 74' lang='grc' dir='ltr'>καιρὸν</span> <span class='ocrx_word' id='word_1_51' title='bbox 1044 854 1106 906; x_wconf 86' lang='grc' dir='ltr'><strong>τὸ</strong></span> <span class='ocrx_word' id='word_1_52' title='bbox 1136 856 1301 927; x_wconf 79' lang='grc' dir='ltr'>ὑγρὸν</span> <span class='ocrx_word' id='word_1_53' title='bbox 1329 857 1719 929; x_wconf 75' lang='grc' dir='ltr'><strong>προσγένηται,</strong></span> <span class='ocrx_word' id='word_1_54' title='bbox 1751 854 1906 922; x_wconf 76' lang='grc' dir='ltr'>αὖθις</span> <span class='ocrx_word' id='word_1_55' title='bbox 1934 859 1992 911; x_wconf 81' lang='grc' dir='ltr'>δὲ</span> 
     </span>
    </p>
   </div>
   <div class='ocr_carea' id='block_1_10' title="bbox 399 941 1991 1019">
    <p class='ocr_par' dir='ltr' id='par_1_10' title="bbox 399 941 1991 1019">
     <span class='ocr_line' id='line_1_10' title="bbox 399 941 1991 1019; baseline 0.005 -26"><span class='ocrx_word' id='word_1_56' title='bbox 399 941 541 1012; x_wconf 73' lang='grc' dir='ltr'>λάϐῃ</span> <span class='ocrx_word' id='word_1_57' title='bbox 573 942 634 994; x_wconf 78' lang='grc' dir='ltr'>τὸ</span> <span class='ocrx_word' id='word_1_58' title='bbox 665 941 892 1014; x_wconf 70' lang='grc' dir='ltr'>θερμὸν,</span> <span class='ocrx_word' id='word_1_59' title='bbox 930 946 1026 997; x_wconf 81' lang='grc' dir='ltr'><strong>καὶ</strong></span> <span class='ocrx_word' id='word_1_60' title='bbox 1064 945 1126 998; x_wconf 84' lang='grc' dir='ltr'>τὸ</span> <span class='ocrx_word' id='word_1_61' title='bbox 1157 945 1363 1016; x_wconf 73' lang='grc' dir='ltr'>ψυχρὸν</span> <span class='ocrx_word' id='word_1_62' title='bbox 1409 947 1652 1019; x_wconf 81' lang='grc' dir='ltr'>ὲγκραθῇ</span> <span class='ocrx_word' id='word_1_63' title='bbox 1687 948 1765 1019; x_wconf 80' lang='grc' dir='ltr'>τῷ</span> <span class='ocrx_word' id='word_1_64' title='bbox 1806 949 1991 1002; x_wconf 85' lang='grc' dir='ltr'>ὲνιαυ-</span> 
     </span>
    </p>
   </div>
   <div class='ocr_carea' id='block_1_11' title="bbox 398 1035 1986 1111">
    <p class='ocr_par' dir='ltr' id='par_1_11' title="bbox 398 1035 1986 1111">
     <span class='ocr_line' id='line_1_11' title="bbox 398 1035 1986 1111; baseline 0.005 -24"><span class='ocrx_word' id='word_1_65' title='bbox 398 1035 497 1104; x_wconf 79' lang='grc' dir='ltr'><strong>τῷ,</strong></span> <span class='ocrx_word' id='word_1_66' title='bbox 556 1035 775 1089; x_wconf 77' lang='grc' dir='ltr'>καὶτοῦ</span> <span class='ocrx_word' id='word_1_67' title='bbox 828 1036 996 1108; x_wconf 81' lang='grc' dir='ltr'>ξηροῦ</span> <span class='ocrx_word' id='word_1_68' title='bbox 1047 1038 1149 1110; x_wconf 79' lang='grc' dir='ltr'><strong>τὴν</strong></span> <span class='ocrx_word' id='word_1_69' title='bbox 1199 1038 1383 1109; x_wconf 76' lang='grc' dir='ltr'>χρείαν</span> <span class='ocrx_word' id='word_1_70' title='bbox 1446 1039 1520 1110; x_wconf 83' lang='grc' dir='ltr'>μὴ</span> <span class='ocrx_word' id='word_1_71' title='bbox 1578 1041 1986 1111; x_wconf 81' lang='grc' dir='ltr'>ἁμοιρήσωμεν.</span> 
     </span>
    </p>
   </div>
   <div class='ocr_carea' id='block_1_12' title="bbox 397 1128 1991 1204">
    <p class='ocr_par' dir='ltr' id='par_1_12' title="bbox 397 1128 1991 1204">
     <span class='ocr_line' id='line_1_12' title="bbox 397 1128 1991 1204; baseline 0.003 -23"><span class='ocrx_word' id='word_1_72' title='bbox 397 1128 609 1182; x_wconf 74' lang='grc' dir='ltr'>Οὐκοῦν</span> <span class='ocrx_word' id='word_1_73' title='bbox 652 1130 878 1193; x_wconf 73' lang='grc' dir='ltr'>δυνατὸς</span> <span class='ocrx_word' id='word_1_74' title='bbox 915 1130 1127 1194; x_wconf 74' lang='grc' dir='ltr'>ὁθεόςο</span> <span class='ocrx_word' id='word_1_75' title='bbox 1161 1131 1257 1184; x_wconf 84' lang='grc' dir='ltr'><strong>τοῦ</strong></span> <span class='ocrx_word' id='word_1_76' title='bbox 1311 1132 1539 1185; x_wconf 79' lang='grc' dir='ltr'>δυνατοῦ</span> <span class='ocrx_word' id='word_1_77' title='bbox 1592 1132 1648 1185; x_wconf 77' lang='grc' dir='ltr'>δὲ</span> <span class='ocrx_word' id='word_1_78' title='bbox 1698 1133 1991 1204; x_wconf 65' lang='grc' dir='ltr'>προσόντος</span> 
     </span>
    </p>
   </div>
   <div class='ocr_carea' id='block_1_13' title="bbox 394 1221 1985 1297">
    <p class='ocr_par' dir='ltr' id='par_1_13' title="bbox 394 1221 1985 1297">
     <span class='ocr_line' id='line_1_13' title="bbox 394 1221 1985 1297; baseline 0.003 -22"><span class='ocrx_word' id='word_1_79' title='bbox 394 1224 494 1276; x_wconf 78' lang='grc' dir='ltr'><strong>καὶ</strong></span> <span class='ocrx_word' id='word_1_80' title='bbox 547 1224 1005 1294; x_wconf 71' lang='grc' dir='ltr'>ὁμολογουμὲιου,</span> <span class='ocrx_word' id='word_1_81' title='bbox 1052 1226 1127 1295; x_wconf 78' lang='grc' dir='ltr'>μὴ</span> <span class='ocrx_word' id='word_1_82' title='bbox 1167 1221 1274 1297; x_wconf 86' lang='grc' dir='ltr'>ἆρα</span> <span class='ocrx_word' id='word_1_83' title='bbox 1308 1225 1370 1278; x_wconf 77' lang='grc' dir='ltr'>τὸ</span> <span class='ocrx_word' id='word_1_84' title='bbox 1429 1226 1631 1295; x_wconf 85' lang='grc' dir='ltr'>ἀγαθὸν</span> <span class='ocrx_word' id='word_1_85' title='bbox 1678 1227 1985 1295; x_wconf 64' lang='grc' dir='ltr'>ἐνέλειψενς</span> 
     </span>
    </p>
   </div>
   <div class='ocr_carea' id='block_1_14' title="bbox 393 1308 1985 1390">
    <p class='ocr_par' dir='ltr' id='par_1_14' title="bbox 393 1308 1985 1390">
     <span class='ocr_line' id='line_1_14' title="bbox 393 1308 1985 1390; baseline 0.003 -22"><span class='ocrx_word' id='word_1_86' title='bbox 393 1314 533 1368; x_wconf 65' lang='grc' dir='ltr'><strong>Οὐδὲ</strong></span> <span class='ocrx_word' id='word_1_87' title='bbox 568 1308 725 1378; x_wconf 74' lang='grc' dir='ltr'>οὗτος</span> <span class='ocrx_word' id='word_1_88' title='bbox 773 1316 882 1386; x_wconf 71' lang='grc' dir='ltr'><strong>(ΟΞ)</strong></span> <span class='ocrx_word' id='word_1_89' title='bbox 923 1315 1170 1385; x_wconf 76' lang='grc' dir='ltr'>ἐφεστὼς</span> <span class='ocrx_word' id='word_1_90' title='bbox 1213 1320 1241 1370; x_wconf 87' lang='grc' dir='ltr'><strong>ὁ</strong></span> <span class='ocrx_word' id='word_1_91' title='bbox 1272 1317 1449 1385; x_wconf 74' lang='grc' dir='ltr'>λόγος.</span> <span class='ocrx_word' id='word_1_92' title='bbox 1498 1318 1594 1382; x_wconf 85' lang='grc' dir='ltr'><strong>Τίς</strong></span> <span class='ocrx_word' id='word_1_93' title='bbox 1623 1318 1732 1390; x_wconf 74' lang='grc' dir='ltr'><strong>γάρ</strong></span> <span class='ocrx_word' id='word_1_94' title='bbox 1773 1314 1985 1390; x_wconf 82' lang='grc' dir='ltr'>ἀνάγκη</span> 
     </span>
    </p>
   </div>
   <div class='ocr_carea' id='block_1_15' title="bbox 390 1407 1989 1483">
    <p class='ocr_par' dir='ltr' id='par_1_15' title="bbox 390 1407 1989 1483">
     <span class='ocr_line' id='line_1_15' title="bbox 390 1407 1989 1483; baseline 0.004 -24"><span class='ocrx_word' id='word_1_95' title='bbox 390 1407 488 1459; x_wconf 68' lang='grc' dir='ltr'>τὸν</span> <span class='ocrx_word' id='word_1_96' title='bbox 525 1408 602 1479; x_wconf 80' lang='grc' dir='ltr'><strong>μὴ</strong></span> <span class='ocrx_word' id='word_1_97' title='bbox 645 1408 849 1477; x_wconf 76' lang='grc' dir='ltr'>ἀγαθὸν</span> <span class='ocrx_word' id='word_1_98' title='bbox 905 1409 1123 1462; x_wconf 71' lang='grc' dir='ltr'>ἔπεισεν</span> <span class='ocrx_word' id='word_1_99' title='bbox 1179 1412 1236 1463; x_wconf 77' lang='grc' dir='ltr'>ἐν</span> <span class='ocrx_word' id='word_1_100' title='bbox 1272 1412 1413 1482; x_wconf 81' lang='grc' dir='ltr'>ἀρχῇ</span> <span class='ocrx_word' id='word_1_101' title='bbox 1461 1410 1863 1483; x_wconf 82' lang='grc' dir='ltr'>δημιουργῆσαι</span> <span class='ocrx_word' id='word_1_102' title='bbox 1897 1412 1989 1465; x_wconf 75' lang='grc' dir='ltr'>τὸν</span> 
     </span>
    </p>
   </div>
   <div class='ocr_carea' id='block_1_16' title="bbox 392 1498 2019 1573">
    <p class='ocr_par' dir='ltr' id='par_1_16' title="bbox 392 1498 2019 1573">
     <span class='ocr_line' id='line_1_16' title="bbox 392 1498 2019 1573; baseline 0.002 -22"><span class='ocrx_word' id='word_1_103' title='bbox 392 1499 717 1571; x_wconf 72' lang='grc' dir='ltr'>ἆνθρωπονς</span> <span class='ocrx_word' id='word_1_104' title='bbox 759 1498 853 1563; x_wconf 82' lang='grc' dir='ltr'><strong>Τίς</strong></span> <span class='ocrx_word' id='word_1_105' title='bbox 878 1499 936 1553; x_wconf 80' lang='grc' dir='ltr'>δὲ</span> <span class='ocrx_word' id='word_1_106' title='bbox 968 1502 997 1553; x_wconf 87' lang='grc' dir='ltr'>ὁ</span> <span class='ocrx_word' id='word_1_107' title='bbox 1030 1499 1354 1565; x_wconf 78' lang='grc' dir='ltr'>κατεπείξας</span> <span class='ocrx_word' id='word_1_108' title='bbox 1386 1499 1479 1552; x_wconf 79' lang='grc' dir='ltr'><strong>τὸν</strong></span> <span class='ocrx_word' id='word_1_109' title='bbox 1504 1500 1743 1572; x_wconf 85' lang='grc' dir='ltr'>Κτίστην</span> <span class='ocrx_word' id='word_1_110' title='bbox 1777 1502 1870 1554; x_wconf 74' lang='grc' dir='ltr'><strong>καὶ</strong></span> <span class='ocrx_word' id='word_1_111' title='bbox 1914 1501 2019 1573; x_wconf 68' lang='grc' dir='ltr'><strong>μὴ,</strong></span> 
     </span>
    </p>
   </div>
   <div class='ocr_carea' id='block_1_17' title="bbox 393 1591 1988 1665">
    <p class='ocr_par' dir='ltr' id='par_1_17' title="bbox 393 1591 1988 1665">
     <span class='ocr_line' id='line_1_17' title="bbox 393 1591 1988 1665; baseline 0.001 -19"><span class='ocrx_word' id='word_1_112' title='bbox 393 1591 729 1663; x_wconf 71' lang='grc' dir='ltr'>βουλόμενον</span> <span class='ocrx_word' id='word_1_113' title='bbox 758 1593 887 1665; x_wconf 87' lang='grc' dir='ltr'>χοῦν</span> <span class='ocrx_word' id='word_1_114' title='bbox 912 1594 1118 1656; x_wconf 80' lang='grc' dir='ltr'>λαϐεῖν,</span> <span class='ocrx_word' id='word_1_115' title='bbox 1147 1595 1241 1648; x_wconf 75' lang='grc' dir='ltr'>καὶ</span> <span class='ocrx_word' id='word_1_116' title='bbox 1282 1594 1521 1647; x_wconf 80' lang='grc' dir='ltr'>τοιοῦτον</span> <span class='ocrx_word' id='word_1_117' title='bbox 1552 1598 1617 1649; x_wconf 85' lang='grc' dir='ltr'>ὲκ</span> <span class='ocrx_word' id='word_1_118' title='bbox 1656 1594 1836 1663; x_wconf 79' lang='grc' dir='ltr'>πηλοῦ</span> <span class='ocrx_word' id='word_1_119' title='bbox 1860 1594 1988 1648; x_wconf 88' lang='grc' dir='ltr'>κάλ-</span> 
     </span>
    </p>
   </div>
   <div class='ocr_carea' id='block_1_18' title="bbox 390 1686 1988 1759">
    <p class='ocr_par' dir='ltr' id='par_1_18' title="bbox 390 1686 1988 1759">
     <span class='ocr_line' id='line_1_18' title="bbox 390 1686 1988 1759; baseline -0.001 -18"><span class='ocrx_word' id='word_1_120' title='bbox 390 1688 487 1751; x_wconf 85' lang='grc' dir='ltr'><strong>λος</strong></span> <span class='ocrx_word' id='word_1_121' title='bbox 535 1687 875 1757; x_wconf 65' lang='grc' dir='ltr'>είὼποιῆσαι</span> <span class='ocrx_word' id='word_1_122' title='bbox 927 1687 1069 1759; x_wconf 80' lang='grc'><strong>(95);</strong></span> <span class='ocrx_word' id='word_1_123' title='bbox 1117 1688 1262 1750; x_wconf 86' lang='grc' dir='ltr'>Τίςό</span> <span class='ocrx_word' id='word_1_124' title='bbox 1310 1687 1451 1759; x_wconf 81' lang='grc' dir='ltr'>πρὸς</span> <span class='ocrx_word' id='word_1_125' title='bbox 1496 1687 1746 1758; x_wconf 82' lang='grc' dir='ltr'>ἀνάγκην</span> <span class='ocrx_word' id='word_1_126' title='bbox 1795 1686 1988 1749; x_wconf 84' lang='grc' dir='ltr'>πείσας</span> 
     </span>
    </p>
   </div>
   <div class='ocr_carea' id='block_1_19' title="bbox 390 1777 1985 1852">
    <p class='ocr_par' dir='ltr' id='par_1_19' title="bbox 390 1777 1985 1852">
     <span class='ocr_line' id='line_1_19' title="bbox 390 1777 1985 1852; baseline -0.001 -19"><span class='ocrx_word' id='word_1_127' title='bbox 390 1782 517 1833; x_wconf 78' lang='grc' dir='ltr'>κατ’</span> <span class='ocrx_word' id='word_1_128' title='bbox 536 1780 725 1834; x_wconf 74' lang='grc' dir='ltr'>εἰκόνα</span> <span class='ocrx_word' id='word_1_129' title='bbox 762 1779 898 1833; x_wconf 86' lang='grc' dir='ltr'>ίδίαν</span> <span class='ocrx_word' id='word_1_130' title='bbox 919 1780 1011 1832; x_wconf 83' lang='grc' dir='ltr'><strong>τὸν</strong></span> <span class='ocrx_word' id='word_1_131' title='bbox 1040 1779 1195 1847; x_wconf 77' lang='grc' dir='ltr'>λόγον</span> <span class='ocrx_word' id='word_1_132' title='bbox 1223 1777 1301 1850; x_wconf 80' lang='grc' dir='ltr'>τῷ</span> <span class='ocrx_word' id='word_1_133' title='bbox 1332 1778 1604 1851; x_wconf 77' lang='grc' dir='ltr'>ἀνθρώπῳ</span> <span class='ocrx_word' id='word_1_134' title='bbox 1634 1779 1985 1852; x_wconf 87' lang='grc' dir='ltr'>χαρίσασθαι,</span> 
     </span>
    </p>
   </div>
   <div class='ocr_carea' id='block_1_20' title="bbox 2104 596 3688 672">
    <p class='ocr_par' dir='ltr' id='par_1_20' title="bbox 2104 596 3688 672">
     <span class='ocr_line' id='line_1_20' title="bbox 2104 596 3688 672; baseline 0.009 -29"><span class='ocrx_word' id='word_1_135' title='bbox 2104 596 2308 644; x_wconf 85' lang='lat' dir='ltr'><strong>statum</strong></span> <span class='ocrx_word' id='word_1_136' title='bbox 2346 602 2400 645; x_wconf 90' lang='lat' dir='ltr'><strong>et</strong></span> <span class='ocrx_word' id='word_1_137' title='bbox 2450 600 2759 664; x_wconf 82' lang='lat' dir='ltr'><strong>temporum</strong></span> <span class='ocrx_word' id='word_1_138' title='bbox 2801 597 3119 651; x_wconf 79' lang='lat' dir='ltr'><strong>moderator</strong></span> <span class='ocrx_word' id='word_1_139' title='bbox 3171 599 3411 669; x_wconf 82' lang='lat' dir='ltr'><strong>sapiens,</strong></span> <span class='ocrx_word' id='word_1_140' title='bbox 3450 617 3688 672; x_wconf 87' lang='lat' dir='ltr'><strong>cumque</strong></span> 
     </span>
    </p>
   </div>
   <div class='ocr_carea' id='block_1_21' title="bbox 2102 680 3686 759">
    <p class='ocr_par' dir='ltr' id='par_1_21' title="bbox 2102 680 3686 759">
     <span class='ocr_line' id='line_1_21' title="bbox 2102 680 3686 759; baseline 0.009 -27"><span class='ocrx_word' id='word_1_141' title='bbox 2102 680 2366 749; x_wconf 72' lang='lat' dir='ltr'><strong>gubernet</strong></span> <span class='ocrx_word' id='word_1_142' title='bbox 2405 684 2609 739; x_wconf 85' lang='lat' dir='ltr'><strong>omnia.</strong></span> <span class='ocrx_word' id='word_1_143' title='bbox 2639 683 2850 755; x_wconf 85' lang='lat' dir='ltr'><strong>Quippe</strong></span> <span class='ocrx_word' id='word_1_144' title='bbox 2878 695 3232 759; x_wconf 87' lang='lat' dir='ltr'><strong>tempestates</strong></span> <span class='ocrx_word' id='word_1_145' title='bbox 3271 704 3335 744; x_wconf 88' lang='lat' dir='ltr'><strong>ac</strong></span> <span class='ocrx_word' id='word_1_146' title='bbox 3360 691 3595 746; x_wconf 89' lang='lat' dir='ltr'><strong>solstitia</strong></span> <span class='ocrx_word' id='word_1_147' title='bbox 3627 691 3686 747; x_wconf 90' lang='lat' dir='ltr'><strong>in</strong></span> 
     </span>
    </p>
   </div>
   <div class='ocr_carea' id='block_1_22' title="bbox 2100 771 3684 845">
    <p class='ocr_par' dir='ltr' id='par_1_22' title="bbox 2100 771 3684 845">
     <span class='ocr_line' id='line_1_22' title="bbox 2100 771 3684 845; baseline 0.011 -22"><span class='ocrx_word' id='word_1_148' title='bbox 2100 771 2321 825; x_wconf 87' lang='lat' dir='ltr'><strong>modum</strong></span> <span class='ocrx_word' id='word_1_149' title='bbox 2366 773 2520 828; x_wconf 84' lang='lat' dir='ltr'><strong>ebori</strong></span> <span class='ocrx_word' id='word_1_150' title='bbox 2548 776 2834 845; x_wconf 78' lang='lat' dir='ltr'><strong>cuiusdam</strong></span> <span class='ocrx_word' id='word_1_151' title='bbox 2868 778 3266 835; x_wconf 82' lang='lat' dir='ltr'><strong>ordinatissimi</strong></span> <span class='ocrx_word' id='word_1_152' title='bbox 3312 782 3417 837; x_wconf 89' lang='lat' dir='ltr'><strong>sibi</strong></span> <span class='ocrx_word' id='word_1_153' title='bbox 3448 783 3684 840; x_wconf 82' lang='lat' dir='ltr'><strong>invicem</strong></span> 
     </span>
    </p>
   </div>
   <div class='ocr_carea' id='block_1_23' title="bbox 2100 865 3686 942">
    <p class='ocr_par' dir='ltr' id='par_1_23' title="bbox 2100 865 3686 942">
     <span class='ocr_line' id='line_1_23' title="bbox 2100 865 3686 942; baseline 0.009 -24"><span class='ocrx_word' id='word_1_154' title='bbox 2100 865 2396 921; x_wconf 82' lang='lat' dir='ltr'><strong>succedere</strong></span> <span class='ocrx_word' id='word_1_155' title='bbox 2431 869 2657 933; x_wconf 81' lang='lat' dir='ltr'><strong>statuit,</strong></span> <span class='ocrx_word' id='word_1_156' title='bbox 2698 878 2757 923; x_wconf 90' lang='lat' dir='ltr'><strong>ut</strong></span> <span class='ocrx_word' id='word_1_157' title='bbox 2786 886 2885 924; x_wconf 87' lang='lat' dir='ltr'><strong>sua</strong></span> <span class='ocrx_word' id='word_1_158' title='bbox 2934 871 3177 942; x_wconf 89' lang='lat' dir='ltr'><strong>ipsorum</strong></span> <span class='ocrx_word' id='word_1_159' title='bbox 3206 875 3473 931; x_wconf 71' lang='lat' dir='ltr'><strong>varietate</strong></span> <span class='ocrx_word' id='word_1_160' title='bbox 3514 877 3686 933; x_wconf 87' lang='lat' dir='ltr'><strong>variis</strong></span> 
     </span>
    </p>
   </div>
   <div class='ocr_carea' id='block_1_24' title="bbox 2098 958 3683 1034">
    <p class='ocr_par' dir='ltr' id='par_1_24' title="bbox 2098 958 3683 1034">
     <span class='ocr_line' id='line_1_24' title="bbox 2098 958 3683 1034; baseline 0.006 -25"><span class='ocrx_word' id='word_1_161' title='bbox 2098 958 2307 1013; x_wconf 82' lang='lat' dir='ltr'><strong>nostris</strong></span> <span class='ocrx_word' id='word_1_162' title='bbox 2347 961 2772 1017; x_wconf 82' lang='lat' dir='ltr'><strong>necessitatibus</strong></span> <span class='ocrx_word' id='word_1_163' title='bbox 2804 964 3164 1032; x_wconf 84' lang='lat' dir='ltr'><strong>epitulentur.</strong></span> <span class='ocrx_word' id='word_1_164' title='bbox 3200 962 3433 1034; x_wconf 72' lang='lat' dir='ltr'><strong>Jamjam</strong></span> <span class='ocrx_word' id='word_1_165' title='bbox 3459 966 3683 1021; x_wconf 81' lang='lat' dir='ltr'><strong>accedat</strong></span> 
     </span>
    </p>
   </div>
   <div class='ocr_carea' id='block_1_25' title="bbox 2097 1051 3684 1126">
    <p class='ocr_par' dir='ltr' id='par_1_25' title="bbox 2097 1051 3684 1126">
     <span class='ocr_line' id='line_1_25' title="bbox 2097 1051 3684 1126; baseline 0.009 -26"><span class='ocrx_word' id='word_1_166' title='bbox 2097 1051 2421 1119; x_wconf 80' lang='lat' dir='ltr'><strong>tempestive</strong></span> <span class='ocrx_word' id='word_1_167' title='bbox 2478 1052 2695 1117; x_wconf 81' lang='lat' dir='ltr'><strong>humor,</strong></span> <span class='ocrx_word' id='word_1_168' title='bbox 2754 1069 3059 1124; x_wconf 84' lang='lat' dir='ltr'><strong>rursusque</strong></span> <span class='ocrx_word' id='word_1_169' title='bbox 3108 1056 3260 1110; x_wconf 90' lang='lat' dir='ltr'><strong>calor</strong></span> <span class='ocrx_word' id='word_1_170' title='bbox 3310 1058 3592 1126; x_wconf 83' lang='lat' dir='ltr'><strong>succedat,</strong></span> <span class='ocrx_word' id='word_1_171' title='bbox 3628 1068 3684 1114; x_wconf 90' lang='lat' dir='ltr'><strong>et</strong></span> 
     </span>
    </p>
   </div>
   <div class='ocr_carea' id='block_1_26' title="bbox 2098 1142 3684 1217">
    <p class='ocr_par' dir='ltr' id='par_1_26' title="bbox 2098 1142 3684 1217">
     <span class='ocr_line' id='line_1_26' title="bbox 2098 1142 3684 1217; baseline 0.007 -25"><span class='ocrx_word' id='word_1_172' title='bbox 2098 1154 2277 1195; x_wconf 91' lang='lat' dir='ltr'><strong>annus</strong></span> <span class='ocrx_word' id='word_1_173' title='bbox 2300 1142 2371 1195; x_wconf 90' lang='lat' dir='ltr'><strong>sit</strong></span> <span class='ocrx_word' id='word_1_174' title='bbox 2397 1142 2603 1215; x_wconf 79' lang='lat' dir='ltr'><strong>frigore</strong></span> <span class='ocrx_word' id='word_1_175' title='bbox 2631 1144 2929 1210; x_wconf 87' lang='lat' dir='ltr'><strong>immistus,</strong></span> <span class='ocrx_word' id='word_1_176' title='bbox 2963 1154 3125 1217; x_wconf 85' lang='lat' dir='ltr'><strong>atque</strong></span> <span class='ocrx_word' id='word_1_177' title='bbox 3152 1147 3398 1203; x_wconf 84' lang='lat' dir='ltr'><strong>siccitate</strong></span> <span class='ocrx_word' id='word_1_178' title='bbox 3427 1164 3684 1205; x_wconf 81' lang='lat' dir='ltr'><strong>necessa-</strong></span> 
     </span>
    </p>
   </div>
   <div class='ocr_carea' id='block_1_27' title="bbox 2096 1230 3681 1308">
    <p class='ocr_par' dir='ltr' id='par_1_27' title="bbox 2096 1230 3681 1308">
     <span class='ocr_line' id='line_1_27' title="bbox 2096 1230 3681 1308; baseline 0.009 -27"><span class='ocrx_word' id='word_1_179' title='bbox 2096 1230 2177 1282; x_wconf 90' lang='lat' dir='ltr'><strong>ria</strong></span> <span class='ocrx_word' id='word_1_180' title='bbox 2214 1247 2322 1285; x_wconf 93' lang='lat' dir='ltr'><strong>non</strong></span> <span class='ocrx_word' id='word_1_181' title='bbox 2356 1248 2665 1289; x_wconf 77' lang='lat' dir='ltr'><strong>careamus.</strong></span> <span class='ocrx_word' id='word_1_182' title='bbox 2700 1233 2901 1292; x_wconf 87' lang='lat' dir='ltr'><strong>Potens</strong></span> <span class='ocrx_word' id='word_1_183' title='bbox 2925 1237 3092 1308; x_wconf 80' lang='lat' dir='ltr'><strong>igitur</strong></span> <span class='ocrx_word' id='word_1_184' title='bbox 3121 1237 3265 1295; x_wconf 84' lang='lat' dir='ltr'><strong>Deus</strong></span> <span class='ocrx_word' id='word_1_185' title='bbox 3290 1247 3372 1294; x_wconf 89' lang='lat' dir='ltr'><strong>est</strong></span> <span class='ocrx_word' id='word_1_186' title='bbox 3394 1257 3408 1295; x_wconf 88' lang='lat'>:</span> <span class='ocrx_word' id='word_1_187' title='bbox 3433 1241 3533 1295; x_wconf 83' lang='lat' dir='ltr'><strong>sed</strong></span> <span class='ocrx_word' id='word_1_188' title='bbox 3555 1256 3681 1296; x_wconf 90' lang='lat' dir='ltr'><strong>cum</strong></span> 
     </span>
    </p>
   </div>
   <div class='ocr_carea' id='block_1_28' title="bbox 2097 1324 3682 1398">
    <p class='ocr_par' dir='ltr' id='par_1_28' title="bbox 2097 1324 3682 1398">
     <span class='ocr_line' id='line_1_28' title="bbox 2097 1324 3682 1398; baseline 0.008 -23"><span class='ocrx_word' id='word_1_189' title='bbox 2097 1324 2414 1392; x_wconf 87' lang='lat' dir='ltr'><strong>suppetatei</strong></span> <span class='ocrx_word' id='word_1_190' title='bbox 2436 1333 2702 1395; x_wconf 84' lang='lat' dir='ltr'><strong>potestas,</strong></span> <span class='ocrx_word' id='word_1_191' title='bbox 2725 1328 2907 1398; x_wconf 88' lang='lat' dir='ltr'><strong>sitque</strong></span> <span class='ocrx_word' id='word_1_192' title='bbox 2930 1344 3020 1383; x_wconf 91' lang='lat' dir='ltr'><strong>res</strong></span> <span class='ocrx_word' id='word_1_193' title='bbox 3046 1330 3325 1396; x_wconf 83' lang='lat' dir='ltr'><strong>confessa,</strong></span> <span class='ocrx_word' id='word_1_194' title='bbox 3357 1348 3487 1387; x_wconf 89' lang='lat' dir='ltr'><strong>num</strong></span> <span class='ocrx_word' id='word_1_195' title='bbox 3509 1334 3561 1388; x_wconf 90' lang='lat' dir='ltr'><strong>ei</strong></span> <span class='ocrx_word' id='word_1_196' title='bbox 3583 1334 3682 1389; x_wconf 90' lang='lat' dir='ltr'><strong>bo-</strong></span> 
     </span>
    </p>
   </div>
   <div class='ocr_carea' id='block_1_29' title="bbox 2094 1412 3679 1489">
    <p class='ocr_par' dir='ltr' id='par_1_29' title="bbox 2094 1412 3679 1489">
     <span class='ocr_line' id='line_1_29' title="bbox 2094 1412 3679 1489; baseline 0.009 -24"><span class='ocrx_word' id='word_1_197' title='bbox 2094 1412 2244 1467; x_wconf 88' lang='lat' dir='ltr'><strong>nitas</strong></span> <span class='ocrx_word' id='word_1_198' title='bbox 2266 1412 2457 1469; x_wconf 84' lang='lat' dir='ltr'><strong>deest?</strong></span> <span class='ocrx_word' id='word_1_199' title='bbox 2477 1414 2664 1486; x_wconf 77' lang='lat' dir='ltr'><strong>Neque</strong></span> <span class='ocrx_word' id='word_1_200' title='bbox 2693 1423 2793 1471; x_wconf 87' lang='lat' dir='ltr'><strong>hoc</strong></span> <span class='ocrx_word' id='word_1_201' title='bbox 2816 1428 2967 1473; x_wconf 87' lang='lat' dir='ltr'><strong>stare</strong></span> <span class='ocrx_word' id='word_1_202' title='bbox 2993 1428 3193 1489; x_wconf 88' lang='lat' dir='ltr'><strong>potest.</strong></span> <span class='ocrx_word' id='word_1_203' title='bbox 3219 1419 3355 1475; x_wconf 89' lang='lat' dir='ltr'><strong>Nam</strong></span> <span class='ocrx_word' id='word_1_204' title='bbox 3375 1422 3481 1476; x_wconf 87' lang='lat' dir='ltr'><strong>nisi</strong></span> <span class='ocrx_word' id='word_1_205' title='bbox 3501 1422 3679 1480; x_wconf 85' lang='lat' dir='ltr'><strong>bonus</strong></span> 
     </span>
    </p>
   </div>
   <div class='ocr_carea' id='block_1_30' title="bbox 2094 1510 3680 1575">
    <p class='ocr_par' dir='ltr' id='par_1_30' title="bbox 2094 1510 3680 1575">
     <span class='ocr_line' id='line_1_30' title="bbox 2094 1510 3680 1575; baseline 0.006 -17"><span class='ocrx_word' id='word_1_206' title='bbox 2094 1514 2262 1569; x_wconf 87' lang='lat' dir='ltr'><strong>esset,</strong></span> <span class='ocrx_word' id='word_1_207' title='bbox 2288 1522 2397 1575; x_wconf 91' lang='lat' dir='ltr'><strong>qua</strong></span> <span class='ocrx_word' id='word_1_208' title='bbox 2445 1510 2777 1564; x_wconf 86' lang='lat' dir='ltr'><strong>necessitate</strong></span> <span class='ocrx_word' id='word_1_209' title='bbox 2824 1510 3095 1567; x_wconf 87' lang='lat' dir='ltr'><strong>adductus</strong></span> <span class='ocrx_word' id='word_1_210' title='bbox 3127 1512 3285 1567; x_wconf 79' lang='lat' dir='ltr'><strong>initio</strong></span> <span class='ocrx_word' id='word_1_211' title='bbox 3337 1514 3680 1571; x_wconf 84' lang='lat' dir='ltr'><strong>condidisset</strong></span> 
     </span>
    </p>
   </div>
   <div class='ocr_carea' id='block_1_31' title="bbox 2096 1597 3679 1669">
    <p class='ocr_par' dir='ltr' id='par_1_31' title="bbox 2096 1597 3679 1669">
     <span class='ocr_line' id='line_1_31' title="bbox 2096 1597 3679 1669; baseline 0.008 -19"><span class='ocrx_word' id='word_1_212' title='bbox 2096 1597 2405 1654; x_wconf 87' lang='lat' dir='ltr'><strong>hominem?</strong></span> <span class='ocrx_word' id='word_1_213' title='bbox 2435 1602 2570 1669; x_wconf 85' lang='lat' dir='ltr'><strong>Quis</strong></span> <span class='ocrx_word' id='word_1_214' title='bbox 2602 1613 2781 1658; x_wconf 90' lang='lat' dir='ltr'><strong>autem</strong></span> <span class='ocrx_word' id='word_1_215' title='bbox 2813 1603 3166 1660; x_wconf 85' lang='lat' dir='ltr'><strong>Conditorem</strong></span> <span class='ocrx_word' id='word_1_216' title='bbox 3193 1607 3275 1661; x_wconf 86' lang='lat' dir='ltr'><strong>vel</strong></span> <span class='ocrx_word' id='word_1_217' title='bbox 3314 1606 3544 1661; x_wconf 86' lang='lat' dir='ltr'><strong>invitum</strong></span> <span class='ocrx_word' id='word_1_218' title='bbox 3584 1623 3679 1662; x_wconf 86' lang='lat' dir='ltr'><strong>eo-</strong></span> 
     </span>
    </p>
   </div>
   <div class='ocr_carea' id='block_1_32' title="bbox 2098 1692 3679 1771">
    <p class='ocr_par' dir='ltr' id='par_1_32' title="bbox 2098 1692 3679 1771">
     <span class='ocr_line' id='line_1_32' title="bbox 2098 1692 3679 1771; baseline 0.007 -27"><span class='ocrx_word' id='word_1_219' title='bbox 2098 1692 2301 1761; x_wconf 82' lang='lat' dir='ltr'><strong>egisset</strong></span> <span class='ocrx_word' id='word_1_220' title='bbox 2330 1693 2555 1749; x_wconf 88' lang='lat' dir='ltr'><strong>bumum</strong></span> <span class='ocrx_word' id='word_1_221' title='bbox 2589 1713 2829 1766; x_wconf 88' lang='lat' dir='ltr'><strong>sumere,</strong></span> <span class='ocrx_word' id='word_1_222' title='bbox 2854 1698 3386 1769; x_wconf 88' lang='lat' dir='ltr'><strong>etpulchritudinem</strong></span> <span class='ocrx_word' id='word_1_223' title='bbox 3406 1700 3679 1771; x_wconf 82' lang='lat' dir='ltr'><strong>ejusmodi</strong></span> 
     </span>
    </p>
   </div>
   <div class='ocr_carea' id='block_1_33' title="bbox 2096 1782 3679 1856">
    <p class='ocr_par' dir='ltr' id='par_1_33' title="bbox 2096 1782 3679 1856">
     <span class='ocr_line' id='line_1_33' title="bbox 2096 1782 3679 1856; baseline 0.006 -21"><span class='ocrx_word' id='word_1_224' title='bbox 2096 1782 2213 1838; x_wconf 89' lang='lat' dir='ltr'><strong>suis</strong></span> <span class='ocrx_word' id='word_1_225' title='bbox 2243 1784 2498 1840; x_wconf 85' lang='lat' dir='ltr'><strong>manibus</strong></span> <span class='ocrx_word' id='word_1_226' title='bbox 2525 1802 2590 1841; x_wconf 83' lang='lat' dir='ltr'><strong>ex</strong></span> <span class='ocrx_word' id='word_1_227' title='bbox 2624 1788 2740 1841; x_wconf 89' lang='lat' dir='ltr'><strong>luto</strong></span> <span class='ocrx_word' id='word_1_228' title='bbox 2773 1788 3162 1843; x_wconf 82' lang='lat' dir='ltr'><strong>conformare?</strong></span> <span class='ocrx_word' id='word_1_229' title='bbox 3185 1788 3319 1856; x_wconf 83' lang='lat' dir='ltr'><strong>Quis</strong></span> <span class='ocrx_word' id='word_1_230' title='bbox 3361 1792 3679 1845; x_wconf 86' lang='lat' dir='ltr'><strong>necessario</strong></span> 
     </span>
    </p>
   </div>
   <div class='ocr_carea' id='block_1_34' title="bbox 392 1862 1981 1953">
    <p class='ocr_par' dir='ltr' id='par_1_34' title="bbox 392 1869 1981 1943">
     <span class='ocr_line' id='line_1_34' title="bbox 392 1869 1981 1943; baseline 0 -21"><span class='ocrx_word' id='word_1_231' title='bbox 392 1871 462 1923; x_wconf 79' lang='grc' dir='ltr'><strong>ἶν’</strong></span> <span class='ocrx_word' id='word_1_232' title='bbox 494 1869 709 1925; x_wconf 81' lang='grc' dir='ltr'>ἐκεῖθεν</span> <span class='ocrx_word' id='word_1_233' title='bbox 759 1870 1023 1942; x_wconf 81' lang='grc' dir='ltr'>ὁρμηθεὶς</span> <span class='ocrx_word' id='word_1_234' title='bbox 1067 1871 1272 1942; x_wconf 84' lang='grc' dir='ltr'>τεχνῶν</span> <span class='ocrx_word' id='word_1_235' title='bbox 1326 1872 1563 1943; x_wconf 86' lang='grc' dir='ltr'>μάθησιν</span> <span class='ocrx_word' id='word_1_236' title='bbox 1605 1871 1845 1941; x_wconf 75' lang='grc' dir='ltr'>δέξηται,</span> <span class='ocrx_word' id='word_1_237' title='bbox 1894 1870 1981 1924; x_wconf 74' lang='grc' dir='ltr'>καὶ</span> 
     </span>
    </p>
   </div>
   <div class='ocr_carea' id='block_1_35' title="bbox 2085 1862 3676 1953">
    <p class='ocr_par' dir='ltr' id='par_1_35' title="bbox 2092 1878 3676 1953">
     <span class='ocr_line' id='line_1_35' title="bbox 2092 1878 3676 1953; baseline 0.004 -24"><span class='ocrx_word' id='word_1_238' title='bbox 2092 1878 2387 1944; x_wconf 81' lang='lat' dir='ltr'><strong>persuasit,</strong></span> <span class='ocrx_word' id='word_1_239' title='bbox 2412 1888 2471 1933; x_wconf 91' lang='lat' dir='ltr'><strong>ut</strong></span> <span class='ocrx_word' id='word_1_240' title='bbox 2501 1881 2803 1935; x_wconf 82' lang='lat' dir='ltr'><strong>secundum</strong></span> <span class='ocrx_word' id='word_1_241' title='bbox 2835 1897 2989 1937; x_wconf 87' lang='lat' dir='ltr'><strong>suam</strong></span> <span class='ocrx_word' id='word_1_242' title='bbox 3033 1882 3207 1952; x_wconf 89' lang='lat' dir='ltr'><strong>ipsius</strong></span> <span class='ocrx_word' id='word_1_243' title='bbox 3253 1882 3547 1953; x_wconf 78' lang='lat' dir='ltr'><strong>imaginem</strong></span> <span class='ocrx_word' id='word_1_244' title='bbox 3582 1898 3676 1936; x_wconf 84' lang='lat' dir='ltr'><strong>ra-</strong></span> 
     </span>
    </p>
   </div>
   <div class='ocr_carea' id='block_1_36' title="bbox 393 1958 1985 2036">
    <p class='ocr_par' dir='ltr' id='par_1_36' title="bbox 393 1958 1985 2036">
     <span class='ocr_line' id='line_1_36' title="bbox 393 1958 1985 2036; baseline 0.002 -21"><span class='ocrx_word' id='word_1_245' title='bbox 393 1962 549 2034; x_wconf 73' lang='grc' dir='ltr'>μάθῃ</span> <span class='ocrx_word' id='word_1_246' title='bbox 574 1963 706 2035; x_wconf 79' lang='grc' dir='ltr'>περὶ</span> <span class='ocrx_word' id='word_1_247' title='bbox 736 1962 844 2016; x_wconf 83' lang='grc' dir='ltr'><strong>τῶν</strong></span> <span class='ocrx_word' id='word_1_248' title='bbox 869 1963 1128 2016; x_wconf 75' lang='grc' dir='ltr'>ἀνωτάτω</span> <span class='ocrx_word' id='word_1_249' title='bbox 1157 1963 1265 2033; x_wconf 66' lang='grc'><strong>(94)</strong></span> <span class='ocrx_word' id='word_1_250' title='bbox 1308 1964 1638 2033; x_wconf 77' lang='grc' dir='ltr'>φιλοσοφεῖν,</span> <span class='ocrx_word' id='word_1_251' title='bbox 1672 1958 1747 2018; x_wconf 82' lang='grc' dir='ltr'>ὧν</span> <span class='ocrx_word' id='word_1_252' title='bbox 1793 1964 1985 2036; x_wconf 86' lang='grc' dir='ltr'>αἰσθη-</span> 
     </span>
    </p>
   </div>
   <div class='ocr_carea' id='block_1_37' title="bbox 389 2055 1986 2130">
    <p class='ocr_par' dir='ltr' id='par_1_37' title="bbox 389 2055 1986 2130">
     <span class='ocr_line' id='line_1_37' title="bbox 389 2055 1986 2130; baseline 0.003 -24"><span class='ocrx_word' id='word_1_253' title='bbox 389 2056 505 2118; x_wconf 71' lang='grc' dir='ltr'>τῶς</span> <span class='ocrx_word' id='word_1_254' title='bbox 531 2057 634 2126; x_wconf 73' lang='grc' dir='ltr'><strong>οὐχ</strong></span> <span class='ocrx_word' id='word_1_255' title='bbox 657 2056 918 2121; x_wconf 82' lang='grc' dir='ltr'>ἆπτεται;</span> <span class='ocrx_word' id='word_1_256' title='bbox 947 2056 1091 2120; x_wconf 80' lang='grc' dir='ltr'><strong>Κᾶν,</strong></span> <span class='ocrx_word' id='word_1_257' title='bbox 1130 2055 1273 2109; x_wconf 73' lang='grc' dir='ltr'>οὕτω</span> <span class='ocrx_word' id='word_1_258' title='bbox 1291 2056 1658 2127; x_wconf 76' lang='grc' dir='ltr'>λογιζόμενος,</span> <span class='ocrx_word' id='word_1_259' title='bbox 1688 2055 1856 2129; x_wconf 75' lang='grc' dir='ltr'>εὕρῃς</span> <span class='ocrx_word' id='word_1_260' title='bbox 1886 2058 1986 2130; x_wconf 82' lang='grc' dir='ltr'>τὴν</span> 
     </span>
    </p>
   </div>
   <div class='ocr_carea' id='block_1_38' title="bbox 386 2148 1984 2223">
    <p class='ocr_par' dir='ltr' id='par_1_38' title="bbox 386 2148 1984 2223">
     <span class='ocr_line' id='line_1_38' title="bbox 386 2148 1984 2223; baseline 0.002 -22"><span class='ocrx_word' id='word_1_261' title='bbox 386 2148 710 2220; x_wconf 75' lang='grc' dir='ltr'>ἁγαθότητα</span> <span class='ocrx_word' id='word_1_262' title='bbox 745 2148 819 2220; x_wconf 83' lang='grc' dir='ltr'>τῷ</span> <span class='ocrx_word' id='word_1_263' title='bbox 851 2149 972 2220; x_wconf 85' lang='grc' dir='ltr'><strong>Θεῷ</strong></span> <span class='ocrx_word' id='word_1_264' title='bbox 996 2148 1284 2213; x_wconf 85' lang='grc' dir='ltr'>συνοῦσαν,</span> <span class='ocrx_word' id='word_1_265' title='bbox 1319 2151 1414 2203; x_wconf 77' lang='grc' dir='ltr'><strong>καὶ</strong></span> <span class='ocrx_word' id='word_1_266' title='bbox 1458 2150 1620 2221; x_wconf 79' lang='grc' dir='ltr'>μέχρι</span> <span class='ocrx_word' id='word_1_267' title='bbox 1659 2150 1754 2203; x_wconf 73' lang='grc' dir='ltr'><strong>καὶ</strong></span> <span class='ocrx_word' id='word_1_268' title='bbox 1783 2149 1877 2204; x_wconf 81' lang='grc' dir='ltr'><strong>νῦν</strong></span> <span class='ocrx_word' id='word_1_269' title='bbox 1910 2152 1984 2223; x_wconf 84' lang='grc' dir='ltr'><strong>μὴ</strong></span> 
     </span>
    </p>
   </div>
   <div class='ocr_carea' id='block_1_39' title="bbox 387 2245 1984 2320">
    <p class='ocr_par' dir='ltr' id='par_1_39' title="bbox 387 2245 1984 2320">
     <span class='ocr_line' id='line_1_39' title="bbox 387 2245 1984 2320; baseline 0.008 -24"><span class='ocrx_word' id='word_1_270' title='bbox 387 2245 940 2316; x_wconf 78' lang='grc' dir='ltr'>ἀπολιμπανομένην.</span> <span class='ocrx_word' id='word_1_271' title='bbox 989 2246 1142 2298; x_wconf 74' lang='grc' dir='ltr'>Ἐπεὶ</span> <span class='ocrx_word' id='word_1_272' title='bbox 1182 2245 1235 2299; x_wconf 86' lang='grc' dir='ltr'><strong>τί</strong></span> <span class='ocrx_word' id='word_1_273' title='bbox 1283 2245 1542 2311; x_wconf 79' lang='grc' dir='ltr'>ἐκώλυεν,</span> <span class='ocrx_word' id='word_1_274' title='bbox 1604 2247 1725 2299; x_wconf 82' lang='grc' dir='ltr'>εἰπέ</span> <span class='ocrx_word' id='word_1_275' title='bbox 1761 2264 1871 2318; x_wconf 79' lang='grc' dir='ltr'>μοι,</span> <span class='ocrx_word' id='word_1_276' title='bbox 1909 2247 1984 2320; x_wconf 87' lang='grc' dir='ltr'>μὴ</span> 
     </span>
    </p>
   </div>
   <div class='ocr_carea' id='block_1_40' title="bbox 387 2334 1983 2413">
    <p class='ocr_par' dir='ltr' id='par_1_40' title="bbox 387 2334 1983 2413">
     <span class='ocr_line' id='line_1_40' title="bbox 387 2334 1983 2413; baseline 0.002 -23"><span class='ocrx_word' id='word_1_277' title='bbox 387 2338 606 2409; x_wconf 73' lang='grc' dir='ltr'>αὐχμὸν</span> <span class='ocrx_word' id='word_1_278' title='bbox 635 2334 774 2392; x_wconf 81' lang='grc' dir='ltr'>εἶναι</span> <span class='ocrx_word' id='word_1_279' title='bbox 800 2339 862 2391; x_wconf 83' lang='grc' dir='ltr'><strong>τὸ</strong></span> <span class='ocrx_word' id='word_1_280' title='bbox 895 2336 1194 2411; x_wconf 78' lang='grc' dir='ltr'>ὁρώμενον,</span> <span class='ocrx_word' id='word_1_281' title='bbox 1228 2338 1363 2392; x_wconf 73' lang='grc' dir='ltr'>ἀλλὰ</span> <span class='ocrx_word' id='word_1_282' title='bbox 1389 2338 1603 2392; x_wconf 87' lang='grc' dir='ltr'>τελείαν</span> <span class='ocrx_word' id='word_1_283' title='bbox 1636 2339 1983 2413; x_wconf 76' lang='grc' dir='ltr'>ὲκπύρωσινς</span> 
     </span>
    </p>
   </div>
   <div class='ocr_carea' id='block_1_41' title="bbox 386 2430 1985 2503">
    <p class='ocr_par' dir='ltr' id='par_1_41' title="bbox 386 2430 1985 2503">
     <span class='ocr_line' id='line_1_41' title="bbox 386 2430 1985 2503; baseline 0.001 -20"><span class='ocrx_word' id='word_1_284' title='bbox 386 2432 487 2483; x_wconf 75' lang='grc' dir='ltr'><strong>καὶ</strong></span> <span class='ocrx_word' id='word_1_285' title='bbox 523 2432 721 2503; x_wconf 67' lang='grc' dir='ltr'>μικρὸν</span> <span class='ocrx_word' id='word_1_286' title='bbox 750 2430 1133 2495; x_wconf 75' lang='grc' dir='ltr'>ὑπαλλάξαντα</span> <span class='ocrx_word' id='word_1_287' title='bbox 1163 2431 1250 2484; x_wconf 79' lang='grc' dir='ltr'><strong>τὸν</strong></span> <span class='ocrx_word' id='word_1_288' title='bbox 1273 2431 1423 2502; x_wconf 76' lang='grc' dir='ltr'>ἣλιον</span> <span class='ocrx_word' id='word_1_289' title='bbox 1452 2433 1550 2502; x_wconf 87' lang='grc' dir='ltr'>τῆς</span> <span class='ocrx_word' id='word_1_290' title='bbox 1584 2431 1850 2502; x_wconf 74' lang='grc' dir='ltr'>συνήθους</span> <span class='ocrx_word' id='word_1_291' title='bbox 1888 2449 1985 2485; x_wconf 85' lang='grc' dir='ltr'>πο·</span> 
     </span>
    </p>
   </div>
   <div class='ocr_carea' id='block_1_42' title="bbox 385 2523 1983 2596">
    <p class='ocr_par' dir='ltr' id='par_1_42' title="bbox 385 2523 1983 2596">
     <span class='ocr_line' id='line_1_42' title="bbox 385 2523 1983 2596; baseline 0.003 -20"><span class='ocrx_word' id='word_1_292' title='bbox 385 2524 568 2595; x_wconf 82' lang='grc' dir='ltr'>ρείας,</span> <span class='ocrx_word' id='word_1_293' title='bbox 602 2523 983 2595; x_wconf 80' lang='grc' dir='ltr'>πλησιάσαντα</span> <span class='ocrx_word' id='word_1_294' title='bbox 1028 2525 1085 2577; x_wconf 83' lang='grc' dir='ltr'><strong>δὲ</strong></span> <span class='ocrx_word' id='word_1_295' title='bbox 1133 2526 1246 2587; x_wconf 86' lang='grc' dir='ltr'>τοῖς</span> <span class='ocrx_word' id='word_1_296' title='bbox 1284 2524 1585 2595; x_wconf 87' lang='grc' dir='ltr'>περιγείοις</span> <span class='ocrx_word' id='word_1_297' title='bbox 1625 2525 1892 2596; x_wconf 83' lang='grc' dir='ltr'>σώμασιν,</span> <span class='ocrx_word' id='word_1_298' title='bbox 1924 2528 1983 2580; x_wconf 76' lang='grc' dir='ltr'>ἐν</span> 
     </span>
    </p>
   </div>
   <div class='ocr_carea' id='block_1_43' title="bbox 381 2614 1983 2692">
    <p class='ocr_par' dir='ltr' id='par_1_43' title="bbox 381 2614 1983 2692">
     <span class='ocr_line' id='line_1_43' title="bbox 381 2614 1983 2692; baseline 0.001 -21"><span class='ocrx_word' id='word_1_299' title='bbox 381 2620 593 2689; x_wconf 84' lang='grc' dir='ltr'>ἀκαρεῖ</span> <span class='ocrx_word' id='word_1_300' title='bbox 642 2617 980 2687; x_wconf 77' lang='grc' dir='ltr'>καταφλέξαι</span> <span class='ocrx_word' id='word_1_301' title='bbox 1013 2618 1120 2671; x_wconf 72' lang='grc' dir='ltr'>πᾶν</span> <span class='ocrx_word' id='word_1_302' title='bbox 1152 2614 1213 2669; x_wconf 80' lang='grc' dir='ltr'>τὸ</span> <span class='ocrx_word' id='word_1_303' title='bbox 1247 2615 1556 2689; x_wconf 81' lang='grc' dir='ltr'>ὁρώμενον;</span> <span class='ocrx_word' id='word_1_304' title='bbox 1588 2617 1621 2689; x_wconf 83' lang='grc' dir='ltr'>ἢ</span> <span class='ocrx_word' id='word_1_305' title='bbox 1656 2617 1843 2690; x_wconf 79' lang='grc' dir='ltr'>βρέξαι</span> <span class='ocrx_word' id='word_1_306' title='bbox 1872 2619 1983 2692; x_wconf 90' lang='grc' dir='ltr'><strong>πῦρ</strong></span> 
     </span>
    </p>
   </div>
   <div class='ocr_carea' id='block_1_44' title="bbox 384 2709 1981 2783">
    <p class='ocr_par' dir='ltr' id='par_1_44' title="bbox 384 2709 1981 2783">
     <span class='ocr_line' id='line_1_44' title="bbox 384 2709 1981 2783; baseline 0.004 -24"><span class='ocrx_word' id='word_1_307' title='bbox 384 2709 455 2761; x_wconf 81' lang='grc' dir='ltr'>ἐκ</span> <span class='ocrx_word' id='word_1_308' title='bbox 485 2709 583 2763; x_wconf 87' lang='grc' dir='ltr'><strong>τοῦ</strong></span> <span class='ocrx_word' id='word_1_309' title='bbox 615 2710 868 2782; x_wconf 83' lang='grc' dir='ltr'>οὐρανοῦ,</span> <span class='ocrx_word' id='word_1_310' title='bbox 894 2709 1017 2765; x_wconf 90' lang='grc' dir='ltr'>καθ’</span> <span class='ocrx_word' id='word_1_311' title='bbox 1038 2711 1297 2782; x_wconf 84' lang='grc' dir='ltr'>ὁμοίωσιν</span> <span class='ocrx_word' id='word_1_312' title='bbox 1320 2709 1429 2765; x_wconf 82' lang='grc' dir='ltr'><strong>τῶν</strong></span> <span class='ocrx_word' id='word_1_313' title='bbox 1449 2711 1549 2783; x_wconf 73' lang='grc' dir='ltr'><strong>ἢδη</strong></span> <span class='ocrx_word' id='word_1_314' title='bbox 1577 2712 1851 2766; x_wconf 85' lang='grc' dir='ltr'>κολάσεων</span> <span class='ocrx_word' id='word_1_315' title='bbox 1874 2714 1981 2766; x_wconf 79' lang='grc' dir='ltr'><strong>τῶν</strong></span> 
     </span>
    </p>
   </div>
   <div class='ocr_carea' id='block_1_45' title="bbox 381 2803 1981 2877">
    <p class='ocr_par' dir='ltr' id='par_1_45' title="bbox 381 2803 1981 2877">
     <span class='ocr_line' id='line_1_45' title="bbox 381 2803 1981 2877; baseline 0.003 -21"><span class='ocrx_word' id='word_1_316' title='bbox 381 2803 768 2875; x_wconf 81' lang='grc' dir='ltr'>ἁμαρτωλῶν;</span> <span class='ocrx_word' id='word_1_317' title='bbox 817 2805 942 2858; x_wconf 71' lang='grc' dir='ltr'>Ἐπὶ</span> <span class='ocrx_word' id='word_1_318' title='bbox 994 2803 1191 2858; x_wconf 83' lang='grc' dir='ltr'>σαυτοῦ</span> <span class='ocrx_word' id='word_1_319' title='bbox 1246 2805 1343 2858; x_wconf 69' lang='grc' dir='ltr'><strong>κα)⁴</strong></span> <span class='ocrx_word' id='word_1_320' title='bbox 1396 2804 1505 2857; x_wconf 80' lang='grc' dir='ltr'><strong>τῶν</strong></span> <span class='ocrx_word' id='word_1_321' title='bbox 1554 2805 1662 2858; x_wconf 76' lang='grc' dir='ltr'>σῶν</span> <span class='ocrx_word' id='word_1_322' title='bbox 1705 2805 1981 2877; x_wconf 83' lang='grc' dir='ltr'>λογισμῶν</span> 
     </span>
    </p>
   </div>
   <div class='ocr_carea' id='block_1_46' title="bbox 382 2894 1977 2968">
    <p class='ocr_par' dir='ltr' id='par_1_46' title="bbox 382 2894 1977 2968">
     <span class='ocr_line' id='line_1_46' title="bbox 382 2894 1977 2968; baseline -0.001 -19"><span class='ocrx_word' id='word_1_323' title='bbox 382 2895 572 2964; x_wconf 80' lang='grc' dir='ltr'>γενοῦ,</span> <span class='ocrx_word' id='word_1_324' title='bbox 609 2896 900 2967; x_wconf 71' lang='grc' dir='ltr'>ἄνθρωπε*</span> <span class='ocrx_word' id='word_1_325' title='bbox 928 2896 1003 2966; x_wconf 81' lang='grc' dir='ltr'>μὴ</span> <span class='ocrx_word' id='word_1_326' title='bbox 1038 2896 1180 2948; x_wconf 86' lang='grc' dir='ltr'>ποίει</span> <span class='ocrx_word' id='word_1_327' title='bbox 1230 2895 1300 2949; x_wconf 84' lang='grc' dir='ltr'>τὰ</span> <span class='ocrx_word' id='word_1_328' title='bbox 1339 2894 1450 2948; x_wconf 84' lang='grc' dir='ltr'>τῶν</span> <span class='ocrx_word' id='word_1_329' title='bbox 1481 2896 1725 2968; x_wconf 81' lang='grc' dir='ltr'>ἀνοήτων</span> <span class='ocrx_word' id='word_1_330' title='bbox 1754 2896 1977 2963; x_wconf 78' lang='grc' dir='ltr'>παίδων,</span> 
     </span>
    </p>
   </div>
   <div class='ocr_carea' id='block_1_47' title="bbox 379 2986 1980 3061">
    <p class='ocr_par' dir='ltr' id='par_1_47' title="bbox 379 2986 1980 3061">
     <span class='ocr_line' id='line_1_47' title="bbox 379 2986 1980 3061; baseline 0.001 -20"><span class='ocrx_word' id='word_1_331' title='bbox 379 2991 457 3051; x_wconf 81' lang='grc' dir='ltr'>οἶ,</span> <span class='ocrx_word' id='word_1_332' title='bbox 518 2988 672 3061; x_wconf 83' lang='grc' dir='ltr'><strong>παρά</strong></span> <span class='ocrx_word' id='word_1_333' title='bbox 723 2986 1045 3041; x_wconf 78' lang='grc' dir='ltr'>διδασκάλου</span> <span class='ocrx_word' id='word_1_334' title='bbox 1093 2986 1545 3059; x_wconf 77' lang='grc' dir='ltr'>ὲπιτιμηθέντες,</span> <span class='ocrx_word' id='word_1_335' title='bbox 1606 2995 1705 3051; x_wconf 80' lang='grc' dir='ltr'>τὰς</span> <span class='ocrx_word' id='word_1_336' title='bbox 1762 2988 1980 3053; x_wconf 80' lang='grc' dir='ltr'>δέλτους</span> 
     </span>
    </p>
   </div>
   <div class='ocr_carea' id='block_1_48' title="bbox 381 3079 1980 3152">
    <p class='ocr_par' dir='ltr' id='par_1_48' title="bbox 381 3079 1980 3152">
     <span class='ocr_line' id='line_1_48' title="bbox 381 3079 1980 3152; baseline 0.002 -20"><span class='ocrx_word' id='word_1_337' title='bbox 381 3080 605 3134; x_wconf 78' lang='grc' dir='ltr'>ἐκείνου</span> <span class='ocrx_word' id='word_1_338' title='bbox 651 3079 1166 3152; x_wconf 73' lang='grc' dir='ltr'>καταρῤηγνῦουσιο</span> <span class='ocrx_word' id='word_1_339' title='bbox 1219 3082 1427 3151; x_wconf 85' lang='grc' dir='ltr'>πατρὸς</span> <span class='ocrx_word' id='word_1_340' title='bbox 1482 3080 1569 3148; x_wconf 83' lang='grc' dir='ltr'><strong>δὲ,</strong></span> <span class='ocrx_word' id='word_1_341' title='bbox 1604 3080 1671 3134; x_wconf 89' lang='grc' dir='ltr'>δι’</span> <span class='ocrx_word' id='word_1_342' title='bbox 1714 3081 1980 3152; x_wconf 81' lang='grc' dir='ltr'>ὠφέλειαν</span> 
     </span>
    </p>
   </div>
   <div class='ocr_carea' id='block_1_49' title="bbox 377 3172 1978 3247">
    <p class='ocr_par' dir='ltr' id='par_1_49' title="bbox 377 3172 1978 3247">
     <span class='ocr_line' id='line_1_49' title="bbox 377 3172 1978 3247; baseline 0.004 -26"><span class='ocrx_word' id='word_1_343' title='bbox 377 3174 486 3245; x_wconf 68' lang='grc' dir='ltr'>τὴν</span> <span class='ocrx_word' id='word_1_344' title='bbox 519 3172 729 3246; x_wconf 82' lang='grc' dir='ltr'>τροφὴν</span> <span class='ocrx_word' id='word_1_345' title='bbox 756 3172 1159 3243; x_wconf 76' lang='grc' dir='ltr'>ὑπερθεμένου.</span> <span class='ocrx_word' id='word_1_346' title='bbox 1200 3173 1301 3243; x_wconf 78' lang='grc' dir='ltr'>τὴν</span> <span class='ocrx_word' id='word_1_347' title='bbox 1342 3172 1543 3245; x_wconf 80' lang='grc' dir='ltr'>ἐσθῆτα</span> <span class='ocrx_word' id='word_1_348' title='bbox 1590 3175 1978 3247; x_wconf 83' lang='grc' dir='ltr'>κατασπαράτ-</span> 
     </span>
    </p>
   </div>
   <div class='ocr_carea' id='block_1_50' title="bbox 379 3263 1978 3337">
    <p class='ocr_par' dir='ltr' id='par_1_50' title="bbox 379 3263 1978 3337">
     <span class='ocr_line' id='line_1_50' title="bbox 379 3263 1978 3337; baseline 0.003 -19"><span class='ocrx_word' id='word_1_349' title='bbox 379 3284 597 3327; x_wconf 74' lang='grc' dir='ltr'>τουσιν,</span> <span class='ocrx_word' id='word_1_350' title='bbox 643 3265 677 3335; x_wconf 82' lang='grc' dir='ltr'><strong>ἢ</strong></span> <span class='ocrx_word' id='word_1_351' title='bbox 723 3263 786 3318; x_wconf 81' lang='grc' dir='ltr'><strong>τὸ</strong></span> <span class='ocrx_word' id='word_1_352' title='bbox 821 3263 924 3335; x_wconf 78' lang='grc' dir='ltr'>τῆς</span> <span class='ocrx_word' id='word_1_353' title='bbox 961 3263 1167 3336; x_wconf 83' lang='grc' dir='ltr'>μητρὸς</span> <span class='ocrx_word' id='word_1_354' title='bbox 1209 3265 1500 3337; x_wconf 81' lang='grc' dir='ltr'>πρόσωπον</span> <span class='ocrx_word' id='word_1_355' title='bbox 1545 3269 1659 3326; x_wconf 79' lang='grc' dir='ltr'>τοῖς</span> <span class='ocrx_word' id='word_1_356' title='bbox 1688 3267 1834 3332; x_wconf 76' lang='grc' dir='ltr'>ὄνυξι</span> <span class='ocrx_word' id='word_1_357' title='bbox 1879 3286 1978 3322; x_wconf 89' lang='grc' dir='ltr'>κα-</span> 
     </span>
    </p>
   </div>
   <div class='ocr_carea' id='block_1_51' title="bbox 379 3353 1979 3428">
    <p class='ocr_par' dir='ltr' id='par_1_51' title="bbox 379 3353 1979 3428">
     <span class='ocr_line' id='line_1_51' title="bbox 379 3353 1979 3428; baseline 0.004 -22"><span class='ocrx_word' id='word_1_358' title='bbox 379 3353 725 3417; x_wconf 71' lang='grc' dir='ltr'>ταξαίνουσι.</span> <span class='ocrx_word' id='word_1_359' title='bbox 754 3354 1112 3425; x_wconf 78' lang='grc' dir='ltr'>Κυόερνήτην</span> <span class='ocrx_word' id='word_1_360' title='bbox 1150 3354 1248 3426; x_wconf 81' lang='grc' dir='ltr'><strong>μὲν</strong></span> <span class='ocrx_word' id='word_1_361' title='bbox 1280 3354 1389 3427; x_wconf 77' lang='grc' dir='ltr'>γὰρ</span> <span class='ocrx_word' id='word_1_362' title='bbox 1435 3358 1465 3409; x_wconf 90' lang='grc' dir='ltr'>ὁ</span> <span class='ocrx_word' id='word_1_363' title='bbox 1501 3357 1730 3428; x_wconf 82' lang='grc' dir='ltr'>χειμὼν,</span> <span class='ocrx_word' id='word_1_364' title='bbox 1761 3359 1855 3413; x_wconf 77' lang='grc' dir='ltr'><strong>καὶ</strong></span> <span class='ocrx_word' id='word_1_365' title='bbox 1889 3361 1979 3413; x_wconf 77' lang='grc' dir='ltr'><strong>τὸν</strong></span> 
     </span>
    </p>
   </div>
   <div class='ocr_carea' id='block_1_52' title="bbox 383 3447 1977 3523">
    <p class='ocr_par' dir='ltr' id='par_1_52' title="bbox 383 3447 1977 3523">
     <span class='ocr_line' id='line_1_52' title="bbox 383 3447 1977 3523; baseline 0.002 -21"><span class='ocrx_word' id='word_1_366' title='bbox 383 3447 634 3519; x_wconf 77' lang='grc' dir='ltr'>ἀθλητὴν</span> <span class='ocrx_word' id='word_1_367' title='bbox 688 3447 750 3500; x_wconf 80' lang='grc' dir='ltr'>τὺ</span> <span class='ocrx_word' id='word_1_368' title='bbox 798 3448 1032 3510; x_wconf 82' lang='grc' dir='ltr'>στάδιον,</span> <span class='ocrx_word' id='word_1_369' title='bbox 1072 3448 1161 3501; x_wconf 74' lang='grc' dir='ltr'><strong>τὸν</strong></span> <span class='ocrx_word' id='word_1_370' title='bbox 1207 3450 1511 3520; x_wconf 82' lang='grc' dir='ltr'>στρατηγὸν</span> <span class='ocrx_word' id='word_1_371' title='bbox 1561 3452 1594 3522; x_wconf 80' lang='grc' dir='ltr'>ἡ</span> <span class='ocrx_word' id='word_1_372' title='bbox 1649 3452 1977 3523; x_wconf 79' lang='grc' dir='ltr'>παράταξις,</span> 
     </span>
    </p>
   </div>
   <div class='ocr_carea' id='block_1_53' title="bbox 383 3539 1980 3613">
    <p class='ocr_par' dir='ltr' id='par_1_53' title="bbox 383 3539 1980 3613">
     <span class='ocr_line' id='line_1_53' title="bbox 383 3539 1980 3613; baseline 0.003 -20"><span class='ocrx_word' id='word_1_373' title='bbox 383 3542 481 3593; x_wconf 65' lang='grc' dir='ltr'>τὶν</span> <span class='ocrx_word' id='word_1_374' title='bbox 516 3539 895 3611; x_wconf 65' lang='grc' dir='ltr'>μεγαλόψυχον</span> <span class='ocrx_word' id='word_1_375' title='bbox 927 3541 961 3611; x_wconf 85' lang='grc' dir='ltr'>ἡ</span> <span class='ocrx_word' id='word_1_376' title='bbox 986 3540 1261 3611; x_wconf 85' lang='grc' dir='ltr'>συμφορὰ,</span> <span class='ocrx_word' id='word_1_377' title='bbox 1294 3541 1386 3594; x_wconf 81' lang='grc' dir='ltr'><strong>τὸν</strong></span> <span class='ocrx_word' id='word_1_378' title='bbox 1408 3543 1733 3613; x_wconf 83' lang='grc' dir='ltr'>Χριστιανὸν</span> <span class='ocrx_word' id='word_1_379' title='bbox 1774 3545 1830 3596; x_wconf 76' lang='grc' dir='ltr'>δὲ</span> <span class='ocrx_word' id='word_1_380' title='bbox 1864 3563 1980 3597; x_wconf 83' lang='grc' dir='ltr'>πει-</span> 
     </span>
    </p>
   </div>
   <div class='ocr_carea' id='block_1_54' title="bbox 383 3632 1979 3708">
    <p class='ocr_par' dir='ltr' id='par_1_54' title="bbox 383 3632 1979 3708">
     <span class='ocr_line' id='line_1_54' title="bbox 383 3632 1979 3708; baseline 0.004 -23"><span class='ocrx_word' id='word_1_381' title='bbox 383 3633 605 3704; x_wconf 78' lang='grc' dir='ltr'>ρασμὸς</span> <span class='ocrx_word' id='word_1_382' title='bbox 643 3632 927 3704; x_wconf 73' lang='grc' dir='ltr'>δοκιμάζει</span> <span class='ocrx_word' id='word_1_383' title='bbox 961 3634 1054 3686; x_wconf 74' lang='grc' dir='ltr'><strong>καὶ</strong></span> <span class='ocrx_word' id='word_1_384' title='bbox 1089 3632 1390 3703; x_wconf 75' lang='grc' dir='ltr'>βασανίζει.</span> <span class='ocrx_word' id='word_1_385' title='bbox 1424 3635 1534 3688; x_wconf 71' lang='grc' dir='ltr'>Καὶ</span> <span class='ocrx_word' id='word_1_386' title='bbox 1577 3637 1632 3688; x_wconf 83' lang='grc' dir='ltr'><strong>αἱ</strong></span> <span class='ocrx_word' id='word_1_387' title='bbox 1684 3636 1852 3690; x_wconf 77' lang='grc' dir='ltr'>λύπαι</span> <span class='ocrx_word' id='word_1_388' title='bbox 1880 3638 1979 3708; x_wconf 74' lang='grc' dir='ltr'><strong>τὴν</strong></span> 
     </span>
    </p>
   </div>
   <div class='ocr_carea' id='block_1_55' title="bbox 380 3725 1980 3803">
    <p class='ocr_par' dir='ltr' id='par_1_55' title="bbox 380 3725 1980 3803">
     <span class='ocr_line' id='line_1_55' title="bbox 380 3725 1980 3803; baseline 0.004 -25"><span class='ocrx_word' id='word_1_389' title='bbox 380 3726 590 3797; x_wconf 59' lang='grc' dir='ltr'>ψυχὴν,</span> <span class='ocrx_word' id='word_1_390' title='bbox 620 3725 697 3789; x_wconf 87' lang='grc' dir='ltr'>ὡς</span> <span class='ocrx_word' id='word_1_391' title='bbox 738 3726 799 3779; x_wconf 88' lang='grc' dir='ltr'><strong>τὸ</strong></span> <span class='ocrx_word' id='word_1_392' title='bbox 829 3726 941 3798; x_wconf 85' lang='grc' dir='ltr'><strong>πῦρ</strong></span> <span class='ocrx_word' id='word_1_393' title='bbox 972 3726 1063 3780; x_wconf 80' lang='grc' dir='ltr'><strong>τὸν</strong></span> <span class='ocrx_word' id='word_1_394' title='bbox 1110 3728 1334 3799; x_wconf 71' lang='grc' dir='ltr'>χρυσὸν,</span> <span class='ocrx_word' id='word_1_395' title='bbox 1377 3729 1760 3800; x_wconf 84' lang='grc' dir='ltr'>ἁπελέγχουσι.</span> <span class='ocrx_word' id='word_1_396' title='bbox 1803 3732 1980 3803; x_wconf 78' lang='grc' dir='ltr'>Πένης</span> 
     </span>
    </p>
   </div>
   <div class='ocr_carea' id='block_1_56' title="bbox 381 3815 1979 3893">
    <p class='ocr_par' dir='ltr' id='par_1_56' title="bbox 381 3815 1979 3893">
     <span class='ocr_line' id='line_1_56' title="bbox 381 3815 1979 3893; baseline 0.003 -22"><span class='ocrx_word' id='word_1_397' title='bbox 381 3815 583 3891; x_wconf 77' lang='grc' dir='ltr'><strong>εἷ;Μὴ</strong></span> <span class='ocrx_word' id='word_1_398' title='bbox 606 3819 915 3893; x_wconf 73' lang='grc' dir='ltr'>ἀθυμήσης.</span> <span class='ocrx_word' id='word_1_399' title='bbox 955 3822 1022 3874; x_wconf 82' lang='grc' dir='ltr'><strong>Ἠ</strong></span> <span class='ocrx_word' id='word_1_400' title='bbox 1051 3826 1160 3893; x_wconf 80' lang='grc' dir='ltr'><strong>γάρ</strong></span> <span class='ocrx_word' id='word_1_401' title='bbox 1186 3822 1265 3885; x_wconf 83' lang='grc' dir='ltr'>εἰς</span> <span class='ocrx_word' id='word_1_402' title='bbox 1294 3823 1431 3890; x_wconf 79' lang='grc' dir='ltr'>ἄγαν</span> <span class='ocrx_word' id='word_1_403' title='bbox 1460 3826 1732 3893; x_wconf 76' lang='grc' dir='ltr'>κατήφεια</span> <span class='ocrx_word' id='word_1_404' title='bbox 1767 3822 1979 3892; x_wconf 83' lang='grc' dir='ltr'>γίνεται</span> 
     </span>
    </p>
   </div>
   <div class='ocr_carea' id='block_1_57' title="bbox 381 3913 1979 3987">
    <p class='ocr_par' dir='ltr' id='par_1_57' title="bbox 381 3913 1979 3987">
     <span class='ocr_line' id='line_1_57' title="bbox 381 3913 1979 3987; baseline 0.003 -22"><span class='ocrx_word' id='word_1_405' title='bbox 381 3913 486 3975; x_wconf 79' lang='grc' dir='ltr'>τῆς</span> <span class='ocrx_word' id='word_1_406' title='bbox 512 3915 792 3985; x_wconf 79' lang='grc' dir='ltr'>ἁμαρτίας</span> <span class='ocrx_word' id='word_1_407' title='bbox 812 3915 959 3967; x_wconf 82' lang='grc' dir='ltr'>αἰτία</span> <span class='ocrx_word' id='word_1_408' title='bbox 980 3932 993 3944; x_wconf 93' lang='grc'><strong>·</strong></span> <span class='ocrx_word' id='word_1_409' title='bbox 1028 3914 1128 3984; x_wconf 73' lang='grc' dir='ltr'>τῆς</span> <span class='ocrx_word' id='word_1_410' title='bbox 1158 3920 1255 3985; x_wconf 75' lang='grc' dir='ltr'><strong>μὲν</strong></span> <span class='ocrx_word' id='word_1_411' title='bbox 1282 3914 1459 3986; x_wconf 85' lang='grc' dir='ltr'>λύπης</span> <span class='ocrx_word' id='word_1_412' title='bbox 1489 3914 1858 3987; x_wconf 76' lang='grc' dir='ltr'>βαπτιζούσης</span> <span class='ocrx_word' id='word_1_413' title='bbox 1886 3916 1979 3969; x_wconf 74' lang='grc' dir='ltr'><strong>τὸν</strong></span> 
     </span>
    </p>
   </div>
   <div class='ocr_carea' id='block_1_58' title="bbox 381 4005 1977 4078">
    <p class='ocr_par' dir='ltr' id='par_1_58' title="bbox 381 4005 1977 4078">
     <span class='ocr_line' id='line_1_58' title="bbox 381 4005 1977 4078; baseline 0.001 -21"><span class='ocrx_word' id='word_1_414' title='bbox 381 4005 535 4069; x_wconf 82' lang='grc' dir='ltr'>νοῦν,</span> <span class='ocrx_word' id='word_1_415' title='bbox 593 4007 692 4059; x_wconf 74' lang='grc' dir='ltr'>καὶ</span> <span class='ocrx_word' id='word_1_416' title='bbox 739 4006 1053 4076; x_wconf 81' lang='grc' dir='ltr'>ἀμηχανίας</span> <span class='ocrx_word' id='word_1_417' title='bbox 1112 4006 1448 4078; x_wconf 79' lang='grc' dir='ltr'>ἐμποιούσης</span> <span class='ocrx_word' id='word_1_418' title='bbox 1499 4006 1728 4075; x_wconf 80' lang='grc' dir='ltr'>ἴλιγγον,</span> <span class='ocrx_word' id='word_1_419' title='bbox 1782 4006 1883 4076; x_wconf 75' lang='grc' dir='ltr'>τῆς</span> <span class='ocrx_word' id='word_1_420' title='bbox 1920 4006 1977 4060; x_wconf 76' lang='grc' dir='ltr'>δὲ</span> 
     </span>
    </p>
   </div>
   <div class='ocr_carea' id='block_1_59' title="bbox 381 4099 1974 4172">
    <p class='ocr_par' dir='ltr' id='par_1_59' title="bbox 381 4099 1974 4172">
     <span class='ocr_line' id='line_1_59' title="bbox 381 4099 1974 4172; baseline 0.001 -19"><span class='ocrx_word' id='word_1_421' title='bbox 381 4101 624 4171; x_wconf 81' lang='grc' dir='ltr'>ἀπορίας</span> <span class='ocrx_word' id='word_1_422' title='bbox 641 4099 752 4153; x_wconf 85' lang='grc' dir='ltr'><strong>τῶν</strong></span> <span class='ocrx_word' id='word_1_423' title='bbox 786 4099 1063 4171; x_wconf 58' lang='grc' dir='ltr'>λογίσμῶν</span> <span class='ocrx_word' id='word_1_424' title='bbox 1094 4099 1192 4171; x_wconf 82' lang='grc' dir='ltr'><strong>τὴν</strong></span> <span class='ocrx_word' id='word_1_425' title='bbox 1218 4100 1541 4172; x_wconf 80' lang='grc' dir='ltr'>ἀχαριστίαν</span> <span class='ocrx_word' id='word_1_426' title='bbox 1569 4100 1974 4171; x_wconf 82' lang='grc' dir='ltr'>ἁπογεννώσης.</span> 
     </span>
    </p>
   </div>
   <div class='ocr_carea' id='block_1_60' title="bbox 395 4191 1976 4266">
    <p class='ocr_par' dir='ltr' id='par_1_60' title="bbox 395 4191 1976 4266">
     <span class='ocr_line' id='line_1_60' title="bbox 395 4191 1976 4266; baseline 0.001 -21"><span class='ocrx_word' id='word_1_427' title='bbox 395 4192 541 4245; x_wconf 81' lang='grc' dir='ltr'>Ἀλλ’</span> <span class='ocrx_word' id='word_1_428' title='bbox 589 4191 683 4265; x_wconf 80' lang='grc' dir='ltr'>ἔχε</span> <span class='ocrx_word' id='word_1_429' title='bbox 715 4193 817 4264; x_wconf 81' lang='grc' dir='ltr'><strong>τὴν</strong></span> <span class='ocrx_word' id='word_1_430' title='bbox 861 4192 1054 4246; x_wconf 79' lang='grc' dir='ltr'>ἐλπίδα</span> <span class='ocrx_word' id='word_1_431' title='bbox 1102 4193 1240 4265; x_wconf 83' lang='grc' dir='ltr'>πρὸς</span> <span class='ocrx_word' id='word_1_432' title='bbox 1283 4194 1374 4247; x_wconf 84' lang='grc' dir='ltr'><strong>τὸν</strong></span> <span class='ocrx_word' id='word_1_433' title='bbox 1415 4192 1570 4249; x_wconf 86' lang='grc' dir='ltr'>Θεόν.</span> <span class='ocrx_word' id='word_1_434' title='bbox 1605 4194 1699 4265; x_wconf 84' lang='grc' dir='ltr'><strong>Μὴ</strong></span> <span class='ocrx_word' id='word_1_435' title='bbox 1728 4193 1840 4266; x_wconf 77' lang='grc' dir='ltr'><strong>γὰρ</strong></span> <span class='ocrx_word' id='word_1_436' title='bbox 1876 4195 1976 4247; x_wconf 83' lang='grc' dir='ltr'><strong>οὐκ</strong></span> 
     </span>
    </p>
   </div>
   <div class='ocr_carea' id='block_1_61' title="bbox 382 4286 1974 4359">
    <p class='ocr_par' dir='ltr' id='par_1_61' title="bbox 382 4286 1974 4359">
     <span class='ocr_line' id='line_1_61' title="bbox 382 4286 1974 4359; baseline 0.001 -20"><span class='ocrx_word' id='word_1_437' title='bbox 382 4286 674 4339; x_wconf 81' lang='grc' dir='ltr'>ὲπιϐλέπει</span> <span class='ocrx_word' id='word_1_438' title='bbox 701 4287 800 4358; x_wconf 83' lang='grc' dir='ltr'><strong>τὴν</strong></span> <span class='ocrx_word' id='word_1_439' title='bbox 835 4287 1133 4351; x_wconf 80' lang='grc' dir='ltr'>στένωσιν;</span> <span class='ocrx_word' id='word_1_440' title='bbox 1175 4286 1329 4356; x_wconf 85' lang='grc' dir='ltr'>Ἔχει</span> <span class='ocrx_word' id='word_1_441' title='bbox 1354 4287 1454 4357; x_wconf 80' lang='grc' dir='ltr'>τὴν</span> <span class='ocrx_word' id='word_1_442' title='bbox 1475 4286 1681 4358; x_wconf 79' lang='grc' dir='ltr'>τροφὴν</span> <span class='ocrx_word' id='word_1_443' title='bbox 1713 4288 1771 4339; x_wconf 81' lang='grc' dir='ltr'>ἐν</span> <span class='ocrx_word' id='word_1_444' title='bbox 1798 4289 1974 4359; x_wconf 74' lang='grc' dir='ltr'>χερσὶ,</span> 
     </span>
    </p>
   </div>
   <div class='ocr_carea' id='block_1_62' title="bbox 382 4377 1973 4451">
    <p class='ocr_par' dir='ltr' id='par_1_62' title="bbox 382 4377 1973 4451">
     <span class='ocr_line' id='line_1_62' title="bbox 382 4377 1973 4451; baseline -0.001 -19"><span class='ocrx_word' id='word_1_445' title='bbox 382 4380 479 4432; x_wconf 77' lang='grc' dir='ltr'><strong>καὶ</strong></span> <span class='ocrx_word' id='word_1_446' title='bbox 508 4378 776 4449; x_wconf 81' lang='grc' dir='ltr'>παρέλκει</span> <span class='ocrx_word' id='word_1_447' title='bbox 800 4378 898 4448; x_wconf 78' lang='grc' dir='ltr'><strong>τὴν</strong></span> <span class='ocrx_word' id='word_1_448' title='bbox 929 4377 1096 4440; x_wconf 85' lang='grc' dir='ltr'>δόσιν,</span> <span class='ocrx_word' id='word_1_449' title='bbox 1124 4377 1210 4431; x_wconf 79' lang='grc' dir='ltr'>ἵνα</span> <span class='ocrx_word' id='word_1_450' title='bbox 1235 4395 1329 4430; x_wconf 83' lang='grc' dir='ltr'><strong>σου</strong></span> <span class='ocrx_word' id='word_1_451' title='bbox 1361 4377 1633 4451; x_wconf 78' lang='grc' dir='ltr'>δοκιμάσῃ</span> <span class='ocrx_word' id='word_1_452' title='bbox 1655 4378 1715 4432; x_wconf 86' lang='grc' dir='ltr'><strong>τὸ</strong></span> <span class='ocrx_word' id='word_1_453' title='bbox 1737 4378 1973 4449; x_wconf 78' lang='grc' dir='ltr'>βέϐαιον,</span> 
     </span>
    </p>
   </div>
   <div class='ocr_carea' id='block_1_63' title="bbox 384 4471 1976 4543">
    <p class='ocr_par' dir='ltr' id='par_1_63' title="bbox 384 4471 1976 4543">
     <span class='ocr_line' id='line_1_63' title="bbox 384 4471 1976 4543; baseline -0.001 -17"><span class='ocrx_word' id='word_1_454' title='bbox 384 4476 474 4527; x_wconf 81' lang='grc' dir='ltr'>ἵνα</span> <span class='ocrx_word' id='word_1_455' title='bbox 507 4471 804 4543; x_wconf 80' lang='grc' dir='ltr'>καταμάθῃ</span> <span class='ocrx_word' id='word_1_456' title='bbox 826 4472 924 4543; x_wconf 85' lang='grc' dir='ltr'>τὴν</span> <span class='ocrx_word' id='word_1_457' title='bbox 942 4472 1189 4542; x_wconf 81' lang='grc' dir='ltr'>γνώμην,</span> <span class='ocrx_word' id='word_1_458' title='bbox 1217 4472 1266 4523; x_wconf 86' lang='grc' dir='ltr'>εἰ</span> <span class='ocrx_word' id='word_1_459' title='bbox 1291 4472 1366 4543; x_wconf 80' lang='grc' dir='ltr'>μὴ</span> <span class='ocrx_word' id='word_1_460' title='bbox 1386 4474 1455 4543; x_wconf 80' lang='grc' dir='ltr'>τῇ</span> <span class='ocrx_word' id='word_1_461' title='bbox 1484 4471 1689 4543; x_wconf 78' lang='grc' dir='ltr'><strong>(9ὂ-9ϐ)</strong></span> <span class='ocrx_word' id='word_1_462' title='bbox 1706 4471 1816 4525; x_wconf 80' lang='grc' dir='ltr'><strong>τῶν</strong></span> <span class='ocrx_word' id='word_1_463' title='bbox 1845 4472 1976 4525; x_wconf 86' lang='grc' dir='ltr'>ἁκο-</span> 
     </span>
    </p>
   </div>
   <div class='ocr_carea' id='block_1_64' title="bbox 2091 1966 3675 2043">
    <p class='ocr_par' dir='ltr' id='par_1_64' title="bbox 2091 1966 3675 2043">
     <span class='ocr_line' id='line_1_64' title="bbox 2091 1966 3675 2043; baseline 0.008 -24"><span class='ocrx_word' id='word_1_464' title='bbox 2091 1966 2293 2021; x_wconf 88' lang='lat' dir='ltr'><strong>tionem</strong></span> <span class='ocrx_word' id='word_1_465' title='bbox 2323 1968 2534 2024; x_wconf 84' lang='lat' dir='ltr'><strong>homini</strong></span> <span class='ocrx_word' id='word_1_466' title='bbox 2567 1972 2895 2043; x_wconf 83' lang='lat' dir='ltr'><strong>impertiret,</strong></span> <span class='ocrx_word' id='word_1_467' title='bbox 2916 1984 2996 2039; x_wconf 91' lang='lat' dir='ltr'><strong>ut,</strong></span> <span class='ocrx_word' id='word_1_468' title='bbox 3017 1973 3185 2029; x_wconf 88' lang='lat' dir='ltr'><strong>ducto</strong></span> <span class='ocrx_word' id='word_1_469' title='bbox 3219 1974 3347 2030; x_wconf 91' lang='lat' dir='ltr'><strong>inde</strong></span> <span class='ocrx_word' id='word_1_470' title='bbox 3368 1975 3546 2041; x_wconf 89' lang='lat' dir='ltr'><strong>initio,</strong></span> <span class='ocrx_word' id='word_1_471' title='bbox 3572 1974 3675 2031; x_wconf 82' lang='lat' dir='ltr'><strong>do-</strong></span> 
     </span>
    </p>
   </div>
   <div class='ocr_carea' id='block_1_65' title="bbox 2087 2064 3677 2138">
    <p class='ocr_par' dir='ltr' id='par_1_65' title="bbox 2087 2064 3677 2138">
     <span class='ocr_line' id='line_1_65' title="bbox 2087 2064 3677 2138; baseline 0.006 -25"><span class='ocrx_word' id='word_1_472' title='bbox 2087 2068 2306 2114; x_wconf 90' lang='lat' dir='ltr'><strong>eeretur</strong></span> <span class='ocrx_word' id='word_1_473' title='bbox 2355 2072 2524 2125; x_wconf 88' lang='lat' dir='ltr'><strong>artes,</strong></span> <span class='ocrx_word' id='word_1_474' title='bbox 2554 2071 2608 2117; x_wconf 90' lang='lat' dir='ltr'><strong>et</strong></span> <span class='ocrx_word' id='word_1_475' title='bbox 2644 2065 2712 2119; x_wconf 90' lang='lat' dir='ltr'><strong>de</strong></span> <span class='ocrx_word' id='word_1_476' title='bbox 2744 2064 2910 2120; x_wconf 91' lang='lat' dir='ltr'><strong>rebus</strong></span> <span class='ocrx_word' id='word_1_477' title='bbox 2940 2067 3229 2123; x_wconf 86' lang='lat' dir='ltr'><strong>altissimis</strong></span> <span class='ocrx_word' id='word_1_478' title='bbox 3256 2084 3378 2138; x_wconf 64' lang='lat' dir='ltr'><strong>quae</strong></span> <span class='ocrx_word' id='word_1_479' title='bbox 3420 2069 3524 2124; x_wconf 92' lang='lat' dir='ltr'><strong>sub</strong></span> <span class='ocrx_word' id='word_1_480' title='bbox 3549 2084 3677 2124; x_wconf 55' lang='lat' dir='ltr'><strong>seu»</strong></span> 
     </span>
    </p>
   </div>
   <div class='ocr_carea' id='block_1_66' title="bbox 2087 2156 3674 2227">
    <p class='ocr_par' dir='ltr' id='par_1_66' title="bbox 2087 2156 3674 2227">
     <span class='ocr_line' id='line_1_66' title="bbox 2087 2156 3674 2227; baseline 0.006 -22"><span class='ocrx_word' id='word_1_481' title='bbox 2087 2167 2208 2206; x_wconf 90' lang='lat' dir='ltr'><strong>sum</strong></span> <span class='ocrx_word' id='word_1_482' title='bbox 2246 2169 2354 2208; x_wconf 92' lang='lat' dir='ltr'><strong>non</strong></span> <span class='ocrx_word' id='word_1_483' title='bbox 2397 2156 2623 2221; x_wconf 86' lang='lat' dir='ltr'><strong>eadunt,</strong></span> <span class='ocrx_word' id='word_1_484' title='bbox 2655 2156 3032 2227; x_wconf 85' lang='lat' dir='ltr'><strong>philos0phari</strong></span> <span class='ocrx_word' id='word_1_485' title='bbox 3073 2158 3352 2215; x_wconf 84' lang='lat' dir='ltr'><strong>disceret?</strong></span> <span class='ocrx_word' id='word_1_486' title='bbox 3396 2157 3475 2213; x_wconf 88' lang='lat' dir='ltr'><strong>lta</strong></span> <span class='ocrx_word' id='word_1_487' title='bbox 3506 2161 3551 2215; x_wconf 90' lang='lat' dir='ltr'><strong>si</strong></span> <span class='ocrx_word' id='word_1_488' title='bbox 3577 2175 3674 2215; x_wconf 89' lang='lat' dir='ltr'><strong>eo-</strong></span> 
     </span>
    </p>
   </div>
   <div class='ocr_carea' id='block_1_67' title="bbox 2086 2246 3676 2322">
    <p class='ocr_par' dir='ltr' id='par_1_67' title="bbox 2086 2246 3676 2322">
     <span class='ocr_line' id='line_1_67' title="bbox 2086 2246 3676 2322; baseline 0.006 -24"><span class='ocrx_word' id='word_1_489' title='bbox 2086 2246 2365 2315; x_wconf 82' lang='lat' dir='ltr'><strong>gitaveris,</strong></span> <span class='ocrx_word' id='word_1_490' title='bbox 2402 2251 2710 2320; x_wconf 88' lang='lat' dir='ltr'><strong>comperies</strong></span> <span class='ocrx_word' id='word_1_491' title='bbox 2732 2251 3031 2305; x_wconf 87' lang='lat' dir='ltr'><strong>bonitatem</strong></span> <span class='ocrx_word' id='word_1_492' title='bbox 3060 2252 3242 2307; x_wconf 90' lang='lat' dir='ltr'><strong>inesse</strong></span> <span class='ocrx_word' id='word_1_493' title='bbox 3272 2253 3327 2306; x_wconf 92' lang='lat' dir='ltr'><strong>in</strong></span> <span class='ocrx_word' id='word_1_494' title='bbox 3354 2251 3485 2322; x_wconf 88' lang='lat' dir='ltr'><strong>Deo,</strong></span> <span class='ocrx_word' id='word_1_495' title='bbox 3520 2260 3575 2307; x_wconf 91' lang='lat' dir='ltr'><strong>et</strong></span> <span class='ocrx_word' id='word_1_496' title='bbox 3606 2268 3676 2308; x_wconf 84' lang='lat' dir='ltr'><strong>ne</strong></span> 
     </span>
    </p>
   </div>
   <div class='ocr_carea' id='block_1_68' title="bbox 2086 2338 3671 2414">
    <p class='ocr_par' dir='ltr' id='par_1_68' title="bbox 2086 2338 3671 2414">
     <span class='ocr_line' id='line_1_68' title="bbox 2086 2338 3671 2414; baseline 0.006 -26"><span class='ocrx_word' id='word_1_497' title='bbox 2086 2352 2232 2390; x_wconf 85' lang='lat' dir='ltr'><strong>nunc</strong></span> <span class='ocrx_word' id='word_1_498' title='bbox 2250 2338 2471 2408; x_wconf 88' lang='lat' dir='ltr'><strong>quidem</strong></span> <span class='ocrx_word' id='word_1_499' title='bbox 2489 2340 2537 2394; x_wconf 88' lang='lat' dir='ltr'><strong>ei</strong></span> <span class='ocrx_word' id='word_1_500' title='bbox 2554 2339 2766 2396; x_wconf 87' lang='lat' dir='ltr'><strong>deesse.</strong></span> <span class='ocrx_word' id='word_1_501' title='bbox 2783 2340 3039 2412; x_wconf 82' lang='lat' dir='ltr'><strong>Alioquin</strong></span> <span class='ocrx_word' id='word_1_502' title='bbox 3059 2343 3189 2412; x_wconf 90' lang='lat' dir='ltr'><strong>quid</strong></span> <span class='ocrx_word' id='word_1_503' title='bbox 3208 2351 3437 2408; x_wconf 77' lang='lat' dir='ltr'><strong>vetaret,</strong></span> <span class='ocrx_word' id='word_1_504' title='bbox 3462 2358 3671 2414; x_wconf 58' lang='lat' dir='ltr'><strong>quaso,</strong></span> 
     </span>
    </p>
   </div>
   <div class='ocr_carea' id='block_1_69' title="bbox 2085 2428 3674 2507">
    <p class='ocr_par' dir='ltr' id='par_1_69' title="bbox 2085 2428 3674 2507">
     <span class='ocr_line' id='line_1_69' title="bbox 2085 2428 3674 2507; baseline 0.005 -24"><span class='ocrx_word' id='word_1_505' title='bbox 2085 2438 2139 2483; x_wconf 91' lang='lat' dir='ltr'><strong>et</strong></span> <span class='ocrx_word' id='word_1_506' title='bbox 2164 2428 2471 2486; x_wconf 89' lang='lat' dir='ltr'><strong>siccitatem</strong></span> <span class='ocrx_word' id='word_1_507' title='bbox 2501 2447 2613 2487; x_wconf 90' lang='lat' dir='ltr'><strong>non</strong></span> <span class='ocrx_word' id='word_1_508' title='bbox 2661 2449 2786 2488; x_wconf 86' lang='lat' dir='ltr'><strong>esse</strong></span> <span class='ocrx_word' id='word_1_509' title='bbox 2834 2433 2888 2489; x_wconf 91' lang='lat' dir='ltr'><strong>id</strong></span> <span class='ocrx_word' id='word_1_510' title='bbox 2934 2434 3079 2504; x_wconf 92' lang='lat' dir='ltr'><strong>quod</strong></span> <span class='ocrx_word' id='word_1_511' title='bbox 3114 2435 3389 2500; x_wconf 76' lang='lat' dir='ltr'><strong>videmus,</strong></span> <span class='ocrx_word' id='word_1_512' title='bbox 3430 2437 3524 2491; x_wconf 90' lang='lat' dir='ltr'><strong>sed</strong></span> <span class='ocrx_word' id='word_1_513' title='bbox 3550 2453 3674 2507; x_wconf 84' lang='lat' dir='ltr'><strong>per-</strong></span> 
     </span>
    </p>
   </div>
   <div class='ocr_carea' id='block_1_70' title="bbox 2086 2517 3671 2596">
    <p class='ocr_par' dir='ltr' id='par_1_70' title="bbox 2086 2517 3671 2596">
     <span class='ocr_line' id='line_1_70' title="bbox 2086 2517 3671 2596; baseline 0.007 -25"><span class='ocrx_word' id='word_1_514' title='bbox 2086 2517 2290 2574; x_wconf 82' lang='lat' dir='ltr'><strong>fectum</strong></span> <span class='ocrx_word' id='word_1_515' title='bbox 2336 2520 2651 2577; x_wconf 84' lang='lat' dir='ltr'><strong>incendium</strong></span> <span class='ocrx_word' id='word_1_516' title='bbox 2682 2533 2738 2579; x_wconf 90' lang='lat' dir='ltr'><strong>et</strong></span> <span class='ocrx_word' id='word_1_517' title='bbox 2773 2524 3086 2595; x_wconf 80' lang='lat' dir='ltr'><strong>integrum?</strong></span> <span class='ocrx_word' id='word_1_518' title='bbox 3116 2534 3168 2579; x_wconf 90' lang='lat' dir='ltr'><strong>et</strong></span> <span class='ocrx_word' id='word_1_519' title='bbox 3189 2528 3357 2581; x_wconf 90' lang='lat' dir='ltr'><strong>solem</strong></span> <span class='ocrx_word' id='word_1_520' title='bbox 3391 2527 3671 2596; x_wconf 87' lang='lat' dir='ltr'><strong>paululum</strong></span> 
     </span>
    </p>
   </div>
   <div class='ocr_carea' id='block_1_71' title="bbox 2084 2616 3671 2689">
    <p class='ocr_par' dir='ltr' id='par_1_71' title="bbox 2084 2616 3671 2689">
     <span class='ocr_line' id='line_1_71' title="bbox 2084 2616 3671 2689; baseline 0.004 -22"><span class='ocrx_word' id='word_1_521' title='bbox 2084 2629 2115 2667; x_wconf 89' lang='lat' dir='ltr'><strong>a</strong></span> <span class='ocrx_word' id='word_1_522' title='bbox 2163 2629 2332 2671; x_wconf 90' lang='lat' dir='ltr'><strong>cursu</strong></span> <span class='ocrx_word' id='word_1_523' title='bbox 2382 2624 2652 2673; x_wconf 91' lang='lat' dir='ltr'><strong>consueto</strong></span> <span class='ocrx_word' id='word_1_524' title='bbox 2681 2616 3084 2679; x_wconf 82' lang='lat' dir='ltr'><strong>deﬂectentem,</strong></span> <span class='ocrx_word' id='word_1_525' title='bbox 3122 2625 3286 2689; x_wconf 87' lang='lat' dir='ltr'><strong>atque</strong></span> <span class='ocrx_word' id='word_1_526' title='bbox 3321 2619 3389 2672; x_wconf 86' lang='lat' dir='ltr'><strong>ad</strong></span> <span class='ocrx_word' id='word_1_527' title='bbox 3437 2634 3671 2689; x_wconf 86' lang='lat' dir='ltr'><strong>corpora</strong></span> 
     </span>
    </p>
   </div>
   <div class='ocr_carea' id='block_1_72' title="bbox 2082 2708 3672 2780">
    <p class='ocr_par' dir='ltr' id='par_1_72' title="bbox 2082 2708 3672 2780">
     <span class='ocr_line' id='line_1_72' title="bbox 2082 2708 3672 2780; baseline 0.004 -19"><span class='ocrx_word' id='word_1_528' title='bbox 2082 2717 2239 2763; x_wconf 73' lang='lat' dir='ltr'><strong>terra:</strong></span> <span class='ocrx_word' id='word_1_529' title='bbox 2278 2708 2589 2778; x_wconf 72' lang='lat' dir='ltr'><strong>adiacentia</strong></span> <span class='ocrx_word' id='word_1_530' title='bbox 2640 2710 2868 2780; x_wconf 89' lang='lat' dir='ltr'><strong>propius</strong></span> <span class='ocrx_word' id='word_1_531' title='bbox 2922 2708 3274 2765; x_wconf 88' lang='lat' dir='ltr'><strong>accedentem</strong></span> <span class='ocrx_word' id='word_1_532' title='bbox 3301 2751 3315 2775; x_wconf 95' lang='lat'><strong>,</strong></span> <span class='ocrx_word' id='word_1_533' title='bbox 3348 2726 3436 2765; x_wconf 91' lang='lat' dir='ltr'><strong>res</strong></span> <span class='ocrx_word' id='word_1_534' title='bbox 3481 2725 3672 2766; x_wconf 82' lang='lat' dir='ltr'><strong>omnes</strong></span> 
     </span>
    </p>
   </div>
   <div class='ocr_carea' id='block_1_73' title="bbox 2083 2802 3670 2874">
    <p class='ocr_par' dir='ltr' id='par_1_73' title="bbox 2083 2802 3670 2874">
     <span class='ocr_line' id='line_1_73' title="bbox 2083 2802 3670 2874; baseline 0.004 -24"><span class='ocrx_word' id='word_1_535' title='bbox 2083 2802 2329 2857; x_wconf 76' lang='lat' dir='ltr'><strong>visibiles</strong></span> <span class='ocrx_word' id='word_1_536' title='bbox 2359 2802 2414 2857; x_wconf 89' lang='lat' dir='ltr'><strong>in</strong></span> <span class='ocrx_word' id='word_1_537' title='bbox 2448 2805 2715 2874; x_wconf 90' lang='lat' dir='ltr'><strong>temporis</strong></span> <span class='ocrx_word' id='word_1_538' title='bbox 2745 2812 3027 2858; x_wconf 90' lang='lat' dir='ltr'><strong>momento</strong></span> <span class='ocrx_word' id='word_1_539' title='bbox 3065 2804 3331 2859; x_wconf 78' lang='lat' dir='ltr'><strong>exurere?</strong></span> <span class='ocrx_word' id='word_1_540' title='bbox 3359 2811 3453 2858; x_wconf 87' lang='lat' dir='ltr'><strong>aut</strong></span> <span class='ocrx_word' id='word_1_541' title='bbox 3490 2804 3670 2874; x_wconf 79' lang='lat' dir='ltr'><strong>ignem</strong></span> 
     </span>
    </p>
   </div>
   <div class='ocr_carea' id='block_1_74' title="bbox 2080 2892 3670 2967">
    <p class='ocr_par' dir='ltr' id='par_1_74' title="bbox 2080 2892 3670 2967">
     <span class='ocr_line' id='line_1_74' title="bbox 2080 2892 3670 2967; baseline 0 -20"><span class='ocrx_word' id='word_1_542' title='bbox 2080 2892 2148 2948; x_wconf 91' lang='lat' dir='ltr'><strong>de</strong></span> <span class='ocrx_word' id='word_1_543' title='bbox 2183 2895 2323 2949; x_wconf 85' lang='lat' dir='ltr'><strong>coelo</strong></span> <span class='ocrx_word' id='word_1_544' title='bbox 2352 2896 2565 2965; x_wconf 81' lang='lat' dir='ltr'><strong>pluere,</strong></span> <span class='ocrx_word' id='word_1_545' title='bbox 2598 2911 2664 2951; x_wconf 90' lang='lat' dir='ltr'><strong>eo</strong></span> <span class='ocrx_word' id='word_1_546' title='bbox 2700 2898 2884 2961; x_wconf 82' lang='lat' dir='ltr'><strong>modo,</strong></span> <span class='ocrx_word' id='word_1_547' title='bbox 2913 2912 3023 2967; x_wconf 90' lang='lat' dir='ltr'><strong>quo</strong></span> <span class='ocrx_word' id='word_1_548' title='bbox 3047 2896 3163 2965; x_wconf 88' lang='lat' dir='ltr'><strong>jam</strong></span> <span class='ocrx_word' id='word_1_549' title='bbox 3202 2904 3330 2951; x_wconf 89' lang='lat' dir='ltr'><strong>sunt</strong></span> <span class='ocrx_word' id='word_1_550' title='bbox 3364 2903 3522 2951; x_wconf 88' lang='lat' dir='ltr'><strong>antea</strong></span> <span class='ocrx_word' id='word_1_551' title='bbox 3567 2911 3670 2966; x_wconf 89' lang='lat' dir='ltr'><strong>pu-</strong></span> 
     </span>
    </p>
   </div>
   <div class='ocr_carea' id='block_1_75' title="bbox 2080 2988 3672 3058">
    <p class='ocr_par' dir='ltr' id='par_1_75' title="bbox 2080 2988 3672 3058">
     <span class='ocr_line' id='line_1_75' title="bbox 2080 2988 3672 3058; baseline 0 -17"><span class='ocrx_word' id='word_1_552' title='bbox 2080 2988 2177 3041; x_wconf 89' lang='lat' dir='ltr'><strong>niti</strong></span> <span class='ocrx_word' id='word_1_553' title='bbox 2203 2990 2564 3058; x_wconf 86' lang='lat' dir='ltr'><strong>peccatores?</strong></span> <span class='ocrx_word' id='word_1_554' title='bbox 2596 2989 2809 3046; x_wconf 82' lang='lat' dir='ltr'><strong>Rcdcas</strong></span> <span class='ocrx_word' id='word_1_555' title='bbox 2826 2990 2893 3044; x_wconf 90' lang='lat' dir='ltr'><strong>ad</strong></span> <span class='ocrx_word' id='word_1_556' title='bbox 2925 2999 2998 3054; x_wconf 91' lang='lat' dir='ltr'><strong>te,</strong></span> <span class='ocrx_word' id='word_1_557' title='bbox 3034 2990 3218 3054; x_wconf 91' lang='lat' dir='ltr'><strong>homo,</strong></span> <span class='ocrx_word' id='word_1_558' title='bbox 3247 2999 3301 3044; x_wconf 89' lang='lat' dir='ltr'><strong>et</strong></span> <span class='ocrx_word' id='word_1_559' title='bbox 3324 2990 3523 3045; x_wconf 89' lang='lat' dir='ltr'><strong>mentis</strong></span> <span class='ocrx_word' id='word_1_560' title='bbox 3551 2998 3672 3043; x_wconf 80' lang='lat' dir='ltr'><strong>esto</strong></span> 
     </span>
    </p>
   </div>
   <div class='ocr_carea' id='block_1_76' title="bbox 2079 3080 3671 3153">
    <p class='ocr_par' dir='ltr' id='par_1_76' title="bbox 2079 3080 3671 3153">
     <span class='ocr_line' id='line_1_76' title="bbox 2079 3080 3671 3153; baseline -0.002 -18"><span class='ocrx_word' id='word_1_561' title='bbox 2079 3095 2343 3150; x_wconf 89' lang='lat' dir='ltr'><strong>compos;</strong></span> <span class='ocrx_word' id='word_1_562' title='bbox 2384 3096 2517 3138; x_wconf 85' lang='lat' dir='ltr'><strong>cave</strong></span> <span class='ocrx_word' id='word_1_563' title='bbox 2563 3081 2739 3139; x_wconf 82' lang='lat' dir='ltr'><strong>facias</strong></span> <span class='ocrx_word' id='word_1_564' title='bbox 2782 3098 2903 3153; x_wconf 67' lang='lat' dir='ltr'><strong>qua:</strong></span> <span class='ocrx_word' id='word_1_565' title='bbox 2948 3081 3271 3152; x_wconf 85' lang='lat' dir='ltr'><strong>insipientes</strong></span> <span class='ocrx_word' id='word_1_566' title='bbox 3313 3081 3467 3153; x_wconf 89' lang='lat' dir='ltr'><strong>pueri</strong></span> <span class='ocrx_word' id='word_1_567' title='bbox 3513 3080 3671 3133; x_wconf 43' lang='lat' dir='ltr'><strong>facti.-</strong></span> 
     </span>
    </p>
   </div>
   <div class='ocr_carea' id='block_1_77' title="bbox 2082 3174 3671 3247">
    <p class='ocr_par' dir='ltr' id='par_1_77' title="bbox 2082 3174 3671 3247">
     <span class='ocr_line' id='line_1_77' title="bbox 2082 3174 3671 3247; baseline 0.001 -20"><span class='ocrx_word' id='word_1_568' title='bbox 2082 3181 2222 3238; x_wconf 90' lang='lat' dir='ltr'><strong>tant,</strong></span> <span class='ocrx_word' id='word_1_569' title='bbox 2254 3174 2373 3246; x_wconf 89' lang='lat' dir='ltr'><strong>qui,</strong></span> <span class='ocrx_word' id='word_1_570' title='bbox 2410 3191 2440 3230; x_wconf 88' lang='lat' dir='ltr'><strong>a</strong></span> <span class='ocrx_word' id='word_1_571' title='bbox 2493 3183 2831 3247; x_wconf 68' lang='lat' dir='ltr'><strong>praeceptore</strong></span> <span class='ocrx_word' id='word_1_572' title='bbox 2889 3176 3188 3246; x_wconf 80' lang='lat' dir='ltr'><strong>objurgati,</strong></span> <span class='ocrx_word' id='word_1_573' title='bbox 3249 3174 3469 3230; x_wconf 85' lang='lat' dir='ltr'><strong>tabulas</strong></span> <span class='ocrx_word' id='word_1_574' title='bbox 3525 3174 3671 3229; x_wconf 85' lang='lat' dir='ltr'><strong>illius</strong></span> 
     </span>
    </p>
   </div>
   <div class='ocr_carea' id='block_1_78' title="bbox 2082 3266 3667 3337">
    <p class='ocr_par' dir='ltr' id='par_1_78' title="bbox 2082 3266 3667 3337">
     <span class='ocr_line' id='line_1_78' title="bbox 2082 3266 3667 3337; baseline -0.001 -17"><span class='ocrx_word' id='word_1_575' title='bbox 2082 3266 2455 3337; x_wconf 75' lang='lat' dir='ltr'><strong>confringitnt,</strong></span> <span class='ocrx_word' id='word_1_576' title='bbox 2492 3283 2556 3321; x_wconf 89' lang='lat' dir='ltr'><strong>ac</strong></span> <span class='ocrx_word' id='word_1_577' title='bbox 2590 3277 2791 3322; x_wconf 84' lang='lat' dir='ltr'><strong>vestem</strong></span> <span class='ocrx_word' id='word_1_578' title='bbox 2829 3266 3089 3322; x_wconf 86' lang='lat' dir='ltr'><strong>scindunt</strong></span> <span class='ocrx_word' id='word_1_579' title='bbox 3151 3266 3345 3337; x_wconf 81' lang='lat' dir='ltr'><strong>patris,</strong></span> <span class='ocrx_word' id='word_1_580' title='bbox 3376 3268 3558 3320; x_wconf 90' lang='lat' dir='ltr'><strong>cibum</strong></span> <span class='ocrx_word' id='word_1_581' title='bbox 3598 3266 3667 3319; x_wconf 91' lang='lat' dir='ltr'><strong>ad</strong></span> 
     </span>
    </p>
   </div>
   <div class='ocr_carea' id='block_1_79' title="bbox 2082 3358 3672 3423">
    <p class='ocr_par' dir='ltr' id='par_1_79' title="bbox 2082 3358 3672 3423">
     <span class='ocr_line' id='line_1_79' title="bbox 2082 3358 3672 3423; baseline -0.003 -10"><span class='ocrx_word' id='word_1_582' title='bbox 2082 3373 2272 3413; x_wconf 89' lang='lat' dir='ltr'><strong>eorum</strong></span> <span class='ocrx_word' id='word_1_583' title='bbox 2306 3359 2596 3414; x_wconf 85' lang='lat' dir='ltr'><strong>utilitatem</strong></span> <span class='ocrx_word' id='word_1_584' title='bbox 2628 3358 2950 3423; x_wconf 76' lang='lat' dir='ltr'><strong>diﬂ‘crentis,</strong></span> <span class='ocrx_word' id='word_1_585' title='bbox 2990 3365 3085 3413; x_wconf 88' lang='lat' dir='ltr'><strong>aut</strong></span> <span class='ocrx_word' id='word_1_586' title='bbox 3118 3359 3311 3413; x_wconf 87' lang='lat' dir='ltr'><strong>matris</strong></span> <span class='ocrx_word' id='word_1_587' title='bbox 3346 3358 3536 3411; x_wconf 80' lang='lat' dir='ltr'><strong>faciem</strong></span> <span class='ocrx_word' id='word_1_588' title='bbox 3572 3372 3672 3410; x_wconf 89' lang='lat' dir='ltr'><strong>un-</strong></span> 
     </span>
    </p>
   </div>
   <div class='ocr_carea' id='block_1_80' title="bbox 2082 3450 3675 3523">
    <p class='ocr_par' dir='ltr' id='par_1_80' title="bbox 2082 3450 3675 3523">
     <span class='ocr_line' id='line_1_80' title="bbox 2082 3450 3675 3523; baseline -0.001 -17"><span class='ocrx_word' id='word_1_589' title='bbox 2082 3453 2282 3523; x_wconf 80' lang='lat' dir='ltr'><strong>guibus</strong></span> <span class='ocrx_word' id='word_1_590' title='bbox 2312 3452 2601 3507; x_wconf 80' lang='lat' dir='ltr'><strong>dilaniant.</strong></span> <span class='ocrx_word' id='word_1_591' title='bbox 2624 3451 2759 3506; x_wconf 77' lang='lat' dir='ltr'><strong>Nam</strong></span> <span class='ocrx_word' id='word_1_592' title='bbox 2785 3453 3105 3507; x_wconf 86' lang='lat' dir='ltr'><strong>nauclerum</strong></span> <span class='ocrx_word' id='word_1_593' title='bbox 3149 3460 3464 3521; x_wconf 87' lang='lat' dir='ltr'><strong>tempestas,</strong></span> <span class='ocrx_word' id='word_1_594' title='bbox 3499 3450 3675 3504; x_wconf 86' lang='lat' dir='ltr'><strong>athle-</strong></span> 
     </span>
    </p>
   </div>
   <div class='ocr_carea' id='block_1_81' title="bbox 2082 3542 3676 3616">
    <p class='ocr_par' dir='ltr' id='par_1_81' title="bbox 2082 3542 3676 3616">
     <span class='ocr_line' id='line_1_81' title="bbox 2082 3542 3676 3616; baseline 0 -19"><span class='ocrx_word' id='word_1_595' title='bbox 2082 3553 2193 3599; x_wconf 83' lang='lat' dir='ltr'><strong>tam</strong></span> <span class='ocrx_word' id='word_1_596' title='bbox 2229 3546 2490 3611; x_wconf 87' lang='lat' dir='ltr'><strong>stadium,</strong></span> <span class='ocrx_word' id='word_1_597' title='bbox 2518 3545 2900 3616; x_wconf 86' lang='lat' dir='ltr'><strong>imperatorem</strong></span> <span class='ocrx_word' id='word_1_598' title='bbox 2929 3545 3097 3608; x_wconf 86' lang='lat' dir='ltr'><strong>acies,</strong></span> <span class='ocrx_word' id='word_1_599' title='bbox 3122 3545 3533 3615; x_wconf 84' lang='lat' dir='ltr'><strong>magnanimum</strong></span> <span class='ocrx_word' id='word_1_600' title='bbox 3560 3542 3676 3613; x_wconf 76' lang='lat'><strong>68</strong></span> 
     </span>
    </p>
   </div>
   <div class='ocr_carea' id='block_1_82' title="bbox 2082 3633 3673 3705">
    <p class='ocr_par' dir='ltr' id='par_1_82' title="bbox 2082 3633 3673 3705">
     <span class='ocr_line' id='line_1_82' title="bbox 2082 3633 3673 3705; baseline -0.003 -14"><span class='ocrx_word' id='word_1_601' title='bbox 2082 3639 2260 3691; x_wconf 84' lang='lat' dir='ltr'><strong>virum</strong></span> <span class='ocrx_word' id='word_1_602' title='bbox 2313 3637 2621 3702; x_wconf 88' lang='lat' dir='ltr'><strong>calamitas,</strong></span> <span class='ocrx_word' id='word_1_603' title='bbox 2669 3636 3042 3692; x_wconf 88' lang='lat' dir='ltr'><strong>Christianum</strong></span> <span class='ocrx_word' id='word_1_604' title='bbox 3098 3637 3330 3691; x_wconf 89' lang='lat' dir='ltr'><strong>tentatio</strong></span> <span class='ocrx_word' id='word_1_605' title='bbox 3380 3633 3574 3705; x_wconf 91' lang='lat' dir='ltr'><strong>probat</strong></span> <span class='ocrx_word' id='word_1_606' title='bbox 3618 3641 3673 3687; x_wconf 76' lang='lat' dir='ltr'><strong>et</strong></span> 
     </span>
    </p>
   </div>
   <div class='ocr_carea' id='block_1_83' title="bbox 2081 3724 3674 3800">
    <p class='ocr_par' dir='ltr' id='par_1_83' title="bbox 2081 3724 3674 3800">
     <span class='ocr_line' id='line_1_83' title="bbox 2081 3724 3674 3800; baseline -0.003 -13"><span class='ocrx_word' id='word_1_607' title='bbox 2081 3730 2379 3787; x_wconf 83' lang='lat' dir='ltr'><strong>examinat.</strong></span> <span class='ocrx_word' id='word_1_608' title='bbox 2410 3729 2588 3800; x_wconf 85' lang='lat' dir='ltr'><strong>Atque</strong></span> <span class='ocrx_word' id='word_1_609' title='bbox 2644 3737 2702 3783; x_wconf 93' lang='lat' dir='ltr'><strong>ut</strong></span> <span class='ocrx_word' id='word_1_610' title='bbox 2752 3729 2895 3798; x_wconf 72' lang='lat' dir='ltr'><strong>ignis</strong></span> <span class='ocrx_word' id='word_1_611' title='bbox 2924 3743 3141 3791; x_wconf 92' lang='lat' dir='ltr'><strong>aurum,</strong></span> <span class='ocrx_word' id='word_1_612' title='bbox 3187 3728 3261 3781; x_wconf 91' lang='lat' dir='ltr'><strong>ita</strong></span> <span class='ocrx_word' id='word_1_613' title='bbox 3296 3742 3386 3783; x_wconf 83' lang='lat' dir='ltr'><strong>res</strong></span> <span class='ocrx_word' id='word_1_614' title='bbox 3430 3724 3674 3782; x_wconf 71' lang='lat' dir='ltr'><strong>adversa:</strong></span> 
     </span>
    </p>
   </div>
   <div class='ocr_carea' id='block_1_84' title="bbox 2082 3818 3667 3894">
    <p class='ocr_par' dir='ltr' id='par_1_84' title="bbox 2082 3818 3667 3894">
     <span class='ocr_line' id='line_1_84' title="bbox 2082 3818 3667 3894; baseline -0.004 -16"><span class='ocrx_word' id='word_1_615' title='bbox 2082 3824 2320 3878; x_wconf 90' lang='lat' dir='ltr'><strong>animam</strong></span> <span class='ocrx_word' id='word_1_616' title='bbox 2357 3824 2611 3894; x_wconf 85' lang='lat' dir='ltr'><strong>probant.</strong></span> <span class='ocrx_word' id='word_1_617' title='bbox 2663 3820 2874 3891; x_wconf 82' lang='lat' dir='ltr'><strong>Pauper</strong></span> <span class='ocrx_word' id='word_1_618' title='bbox 2900 3822 3005 3876; x_wconf 85' lang='lat' dir='ltr'><strong>es?</strong></span> <span class='ocrx_word' id='word_1_619' title='bbox 3041 3819 3187 3875; x_wconf 87' lang='lat' dir='ltr'><strong>Cave</strong></span> <span class='ocrx_word' id='word_1_620' title='bbox 3241 3819 3484 3874; x_wconf 89' lang='lat' dir='ltr'><strong>animum</strong></span> <span class='ocrx_word' id='word_1_621' title='bbox 3533 3818 3667 3888; x_wconf 88' lang='lat' dir='ltr'><strong>abji-</strong></span> 
     </span>
    </p>
   </div>
   <div class='ocr_carea' id='block_1_85' title="bbox 2081 3910 3669 3983">
    <p class='ocr_par' dir='ltr' id='par_1_85' title="bbox 2081 3910 3669 3983">
     <span class='ocr_line' id='line_1_85' title="bbox 2081 3910 3669 3983; baseline -0.003 -13"><span class='ocrx_word' id='word_1_622' title='bbox 2081 3917 2217 3973; x_wconf 90' lang='lat' dir='ltr'><strong>cias.</strong></span> <span class='ocrx_word' id='word_1_623' title='bbox 2262 3914 2400 3969; x_wconf 84' lang='lat' dir='ltr'><strong>Nam</strong></span> <span class='ocrx_word' id='word_1_624' title='bbox 2462 3914 2630 3969; x_wconf 90' lang='lat' dir='ltr'><strong>nimia</strong></span> <span class='ocrx_word' id='word_1_625' title='bbox 2676 3914 2899 3968; x_wconf 89' lang='lat' dir='ltr'><strong>tristitia</strong></span> <span class='ocrx_word' id='word_1_626' title='bbox 2935 3928 3104 3968; x_wconf 88' lang='lat' dir='ltr'><strong>causa</strong></span> <span class='ocrx_word' id='word_1_627' title='bbox 3154 3914 3215 3967; x_wconf 82' lang='lat' dir='ltr'><strong>ﬁt.</strong></span> <span class='ocrx_word' id='word_1_628' title='bbox 3262 3914 3490 3983; x_wconf 85' lang='lat' dir='ltr'><strong>peccati,</strong></span> <span class='ocrx_word' id='word_1_629' title='bbox 3523 3910 3669 3979; x_wconf 87' lang='lat' dir='ltr'><strong>quod</strong></span> 
     </span>
    </p>
   </div>
   <div class='ocr_carea' id='block_1_86' title="bbox 2081 4004 3669 4080">
    <p class='ocr_par' dir='ltr' id='par_1_86' title="bbox 2081 4004 3669 4080">
     <span class='ocr_line' id='line_1_86' title="bbox 2081 4004 3669 4080; baseline -0.003 -19"><span class='ocrx_word' id='word_1_630' title='bbox 2081 4008 2364 4080; x_wconf 79' lang='lat' dir='ltr'><strong>demergat</strong></span> <span class='ocrx_word' id='word_1_631' title='bbox 2409 4015 2647 4062; x_wconf 89' lang='lat' dir='ltr'><strong>mentem</strong></span> <span class='ocrx_word' id='word_1_632' title='bbox 2692 4020 2918 4071; x_wconf 72' lang='lat' dir='ltr'><strong>maeror,</strong></span> <span class='ocrx_word' id='word_1_633' title='bbox 2969 4004 3303 4075; x_wconf 88' lang='lat' dir='ltr'><strong>inducatque</strong></span> <span class='ocrx_word' id='word_1_634' title='bbox 3345 4004 3669 4074; x_wconf 78' lang='lat' dir='ltr'><strong>vertiginem</strong></span> 
     </span>
    </p>
   </div>
   <div class='ocr_carea' id='block_1_87' title="bbox 2080 4096 3669 4171">
    <p class='ocr_par' dir='ltr' id='par_1_87' title="bbox 2080 4096 3669 4171">
     <span class='ocr_line' id='line_1_87' title="bbox 2080 4096 3669 4171; baseline -0.003 -18"><span class='ocrx_word' id='word_1_635' title='bbox 2080 4099 2416 4171; x_wconf 87' lang='lat' dir='ltr'><strong>desperatio,</strong></span> <span class='ocrx_word' id='word_1_636' title='bbox 2446 4106 2502 4155; x_wconf 90' lang='lat' dir='ltr'><strong>et</strong></span> <span class='ocrx_word' id='word_1_637' title='bbox 2530 4099 2722 4154; x_wconf 88' lang='lat' dir='ltr'><strong>vitium</strong></span> <span class='ocrx_word' id='word_1_638' title='bbox 2777 4098 2977 4169; x_wconf 75' lang='lat' dir='ltr'><strong>ingrati</strong></span> <span class='ocrx_word' id='word_1_639' title='bbox 3013 4097 3183 4152; x_wconf 88' lang='lat' dir='ltr'><strong>animi</strong></span> <span class='ocrx_word' id='word_1_640' title='bbox 3237 4098 3415 4168; x_wconf 88' lang='lat' dir='ltr'><strong>pariat</strong></span> <span class='ocrx_word' id='word_1_641' title='bbox 3452 4096 3669 4152; x_wconf 86' lang='lat' dir='ltr'><strong>consilii</strong></span> 
     </span>
    </p>
   </div>
   <div class='ocr_carea' id='block_1_88' title="bbox 2080 4187 3665 4266">
    <p class='ocr_par' dir='ltr' id='par_1_88' title="bbox 2080 4187 3665 4266">
     <span class='ocr_line' id='line_1_88' title="bbox 2080 4187 3665 4266; baseline -0.004 -19"><span class='ocrx_word' id='word_1_642' title='bbox 2080 4193 2286 4266; x_wconf 92' lang='lat' dir='ltr'><strong>inopia.</strong></span> <span class='ocrx_word' id='word_1_643' title='bbox 2322 4192 2430 4249; x_wconf 86' lang='lat' dir='ltr'><strong>Sed</strong></span> <span class='ocrx_word' id='word_1_644' title='bbox 2465 4209 2617 4263; x_wconf 89' lang='lat' dir='ltr'><strong>spem</strong></span> <span class='ocrx_word' id='word_1_645' title='bbox 2666 4191 2866 4247; x_wconf 87' lang='lat' dir='ltr'><strong>habeto</strong></span> <span class='ocrx_word' id='word_1_646' title='bbox 2910 4192 2968 4245; x_wconf 88' lang='lat' dir='ltr'><strong>in</strong></span> <span class='ocrx_word' id='word_1_647' title='bbox 2999 4189 3194 4247; x_wconf 89' lang='lat' dir='ltr'><strong>Deum.</strong></span> <span class='ocrx_word' id='word_1_648' title='bbox 3228 4187 3489 4260; x_wconf 88' lang='lat' dir='ltr'><strong>Nunquid</strong></span> <span class='ocrx_word' id='word_1_649' title='bbox 3520 4188 3665 4243; x_wconf 82' lang='lat' dir='ltr'><strong>enin:</strong></span> 
     </span>
    </p>
   </div>
   <div class='ocr_carea' id='block_1_89' title="bbox 2079 4272 3663 4356">
    <p class='ocr_par' dir='ltr' id='par_1_89' title="bbox 2079 4272 3663 4356">
     <span class='ocr_line' id='line_1_89' title="bbox 2079 4272 3663 4356; baseline -0.006 -16"><span class='ocrx_word' id='word_1_650' title='bbox 2079 4304 2190 4341; x_wconf 87' lang='lat' dir='ltr'><strong>non</strong></span> <span class='ocrx_word' id='word_1_651' title='bbox 2239 4286 2389 4341; x_wconf 86' lang='lat' dir='ltr'><strong>videt</strong></span> <span class='ocrx_word' id='word_1_652' title='bbox 2440 4284 2787 4356; x_wconf 78' lang='lat' dir='ltr'><strong>angustiam?</strong></span> <span class='ocrx_word' id='word_1_653' title='bbox 2830 4281 3005 4339; x_wconf 73' lang='lat' dir='ltr'><strong>[labet</strong></span> <span class='ocrx_word' id='word_1_654' title='bbox 3046 4272 3332 4339; x_wconf 30' lang='lat' dir='ltr'><strong>cibum‘in</strong></span> <span class='ocrx_word' id='word_1_655' title='bbox 3364 4280 3663 4336; x_wconf 86' lang='lat' dir='ltr'><strong>manibus:</strong></span> 
     </span>
    </p>
   </div>
   <div class='ocr_carea' id='block_1_90' title="bbox 2079 4374 3663 4449">
    <p class='ocr_par' dir='ltr' id='par_1_90' title="bbox 2079 4374 3663 4449">
     <span class='ocr_line' id='line_1_90' title="bbox 2079 4374 3663 4449; baseline -0.004 -17"><span class='ocrx_word' id='word_1_656' title='bbox 2079 4378 2175 4432; x_wconf 90' lang='lat' dir='ltr'><strong>sed</strong></span> <span class='ocrx_word' id='word_1_657' title='bbox 2204 4377 2385 4433; x_wconf 74' lang='lat' dir='ltr'><strong>differt</strong></span> <span class='ocrx_word' id='word_1_658' title='bbox 2414 4377 2782 4449; x_wconf 74' lang='lat' dir='ltr'><strong>largitionem,</strong></span> <span class='ocrx_word' id='word_1_659' title='bbox 2810 4385 2868 4430; x_wconf 91' lang='lat' dir='ltr'><strong>ut</strong></span> <span class='ocrx_word' id='word_1_660' title='bbox 2886 4375 3077 4447; x_wconf 81' lang='lat' dir='ltr'><strong>probet</strong></span> <span class='ocrx_word' id='word_1_661' title='bbox 3096 4383 3244 4431; x_wconf 90' lang='lat' dir='ltr'><strong>tuam</strong></span> <span class='ocrx_word' id='word_1_662' title='bbox 3274 4374 3663 4435; x_wconf 88' lang='lat' dir='ltr'><strong>constantiam,</strong></span> 
     </span>
    </p>
   </div>
   <div class='ocr_carea' id='block_1_91' title="bbox 2080 4466 3664 4540">
    <p class='ocr_par' dir='ltr' id='par_1_91' title="bbox 2080 4466 3664 4540">
     <span class='ocr_line' id='line_1_91' title="bbox 2080 4466 3664 4540; baseline -0.006 -13"><span class='ocrx_word' id='word_1_663' title='bbox 2080 4483 2139 4526; x_wconf 91' lang='lat' dir='ltr'><strong>ut</strong></span> <span class='ocrx_word' id='word_1_664' title='bbox 2170 4471 2413 4524; x_wconf 90' lang='lat' dir='ltr'><strong>animum</strong></span> <span class='ocrx_word' id='word_1_665' title='bbox 2444 4480 2741 4540; x_wconf 73' lang='lat' dir='ltr'><strong>agnoscat,</strong></span> <span class='ocrx_word' id='word_1_666' title='bbox 2781 4471 2925 4525; x_wconf 91' lang='lat' dir='ltr'><strong>sitne</strong></span> <span class='ocrx_word' id='word_1_667' title='bbox 2964 4466 3458 4539; x_wconf 89' lang='lat' dir='ltr'><strong>intemperantihus</strong></span> <span class='ocrx_word' id='word_1_668' title='bbox 3497 4476 3549 4520; x_wconf 89' lang='lat' dir='ltr'><strong>et</strong></span> <span class='ocrx_word' id='word_1_669' title='bbox 3577 4466 3664 4518; x_wconf 81' lang='lat' dir='ltr'><strong>in-</strong></span> 
     </span>
    </p>
   </div>
   <div class='ocr_carea' id='block_1_92' title="bbox 381 4556 1981 4644">
    <p class='ocr_par' dir='ltr' id='par_1_92' title="bbox 381 4563 1971 4637">
     <span class='ocr_line' id='line_1_92' title="bbox 381 4563 1971 4637; baseline -0.002 -18"><span class='ocrx_word' id='word_1_670' title='bbox 381 4566 598 4620; x_wconf 79' lang='grc' dir='ltr'>λάστων</span> <span class='ocrx_word' id='word_1_671' title='bbox 624 4565 719 4618; x_wconf 80' lang='grc' dir='ltr'><strong>καὶ</strong></span> <span class='ocrx_word' id='word_1_672' title='bbox 750 4565 1081 4634; x_wconf 78' lang='grc' dir='ltr'>ἀγνωμόνων</span> <span class='ocrx_word' id='word_1_673' title='bbox 1104 4565 1251 4617; x_wconf 71' lang='grc' dir='ltr'>ἐστὶν</span> <span class='ocrx_word' id='word_1_674' title='bbox 1265 4564 1447 4634; x_wconf 82' lang='grc' dir='ltr'>ὁμοία.</span> <span class='ocrx_word' id='word_1_675' title='bbox 1477 4564 1587 4617; x_wconf 74' lang='grc' dir='ltr'>Καὶ</span> <span class='ocrx_word' id='word_1_676' title='bbox 1617 4563 1726 4637; x_wconf 78' lang='grc' dir='ltr'>γὰρ</span> <span class='ocrx_word' id='word_1_677' title='bbox 1755 4566 1971 4631; x_wconf 83' lang='grc' dir='ltr'>ἐκείνοι,</span> 
     </span>
    </p>
   </div>
   <div class='ocr_carea' id='block_1_93' title="bbox 2085 4556 3666 4644">
    <p class='ocr_par' dir='ltr' id='par_1_93' title="bbox 2085 4556 3666 4635">
     <span class='ocr_line' id='line_1_93' title="bbox 2085 4556 3666 4635; baseline -0.006 -17"><span class='ocrx_word' id='word_1_678' title='bbox 2085 4566 2251 4635; x_wconf 84' lang='lat' dir='ltr'><strong>gratis</strong></span> <span class='ocrx_word' id='word_1_679' title='bbox 2276 4563 2604 4619; x_wconf 88' lang='lat' dir='ltr'><strong>consimilis.</strong></span> <span class='ocrx_word' id='word_1_680' title='bbox 2644 4562 2707 4618; x_wconf 91' lang='lat' dir='ltr'><strong>lli</strong></span> <span class='ocrx_word' id='word_1_681' title='bbox 2740 4562 2911 4626; x_wconf 89' lang='lat' dir='ltr'><strong>enim,</strong></span> <span class='ocrx_word' id='word_1_682' title='bbox 2956 4561 3088 4617; x_wconf 90' lang='lat' dir='ltr'><strong>dum</strong></span> <span class='ocrx_word' id='word_1_683' title='bbox 3142 4560 3200 4615; x_wconf 90' lang='lat' dir='ltr'><strong>in</strong></span> <span class='ocrx_word' id='word_1_684' title='bbox 3246 4575 3342 4615; x_wconf 85' lang='lat' dir='ltr'><strong>ore</strong></span> <span class='ocrx_word' id='word_1_685' title='bbox 3371 4565 3500 4613; x_wconf 90' lang='lat' dir='ltr'><strong>sunt</strong></span> <span class='ocrx_word' id='word_1_686' title='bbox 3532 4556 3666 4621; x_wconf 83' lang='lat' dir='ltr'><strong>cibi,</strong></span> 
     </span>
    </p>
   </div>
   <div class='ocr_carea' id='block_1_94' title="bbox 383 4653 1977 4729">
    <p class='ocr_par' dir='ltr' id='par_1_94' title="bbox 383 4653 1977 4729">
     <span class='ocr_line' id='line_1_94' title="bbox 383 4653 1977 4729; baseline -0.001 -18"><span class='ocrx_word' id='word_1_687' title='bbox 383 4656 553 4729; x_wconf 75' lang='grc' dir='ltr'>μέχρι</span> <span class='ocrx_word' id='word_1_688' title='bbox 586 4656 686 4727; x_wconf 86' lang='grc' dir='ltr'><strong>μὲν</strong></span> <span class='ocrx_word' id='word_1_689' title='bbox 716 4656 778 4708; x_wconf 83' lang='grc' dir='ltr'><strong>ἐν</strong></span> <span class='ocrx_word' id='word_1_690' title='bbox 818 4654 898 4725; x_wconf 79' lang='grc' dir='ltr'>τῷ</span> <span class='ocrx_word' id='word_1_691' title='bbox 936 4654 1167 4725; x_wconf 84' lang='grc' dir='ltr'>στόματι</span> <span class='ocrx_word' id='word_1_692' title='bbox 1195 4653 1265 4707; x_wconf 83' lang='grc' dir='ltr'>τὰ</span> <span class='ocrx_word' id='word_1_693' title='bbox 1311 4655 1457 4707; x_wconf 82' lang='grc' dir='ltr'>σιτία</span> <span class='ocrx_word' id='word_1_694' title='bbox 1487 4656 1780 4726; x_wconf 86' lang='grc' dir='ltr'>τυγχάνει,</span> <span class='ocrx_word' id='word_1_695' title='bbox 1814 4657 1977 4727; x_wconf 82' lang='grc' dir='ltr'>εὐφη-</span> 
     </span>
    </p>
   </div>
   <div class='ocr_carea' id='block_1_95' title="bbox 385 4744 1976 4819">
    <p class='ocr_par' dir='ltr' id='par_1_95' title="bbox 385 4744 1976 4819">
     <span class='ocr_line' id='line_1_95' title="bbox 385 4744 1976 4819; baseline -0.001 -18"><span class='ocrx_word' id='word_1_696' title='bbox 385 4748 549 4819; x_wconf 80' lang='grc' dir='ltr'>μοῦσι</span> <span class='ocrx_word' id='word_1_697' title='bbox 572 4787 588 4811; x_wconf 92' lang='grc'><strong>,</strong></span> <span class='ocrx_word' id='word_1_698' title='bbox 638 4744 1060 4810; x_wconf 78' lang='grc' dir='ltr'>κολακεύουσιν,</span> <span class='ocrx_word' id='word_1_699' title='bbox 1108 4744 1622 4817; x_wconf 75' lang='grc' dir='ltr'>ὑπερθαυμάζουσιν</span> <span class='ocrx_word' id='word_1_700' title='bbox 1647 4760 1660 4774; x_wconf 91' lang='grc'><strong>·</strong></span> <span class='ocrx_word' id='word_1_701' title='bbox 1697 4746 1875 4815; x_wconf 83' lang='grc' dir='ltr'>ὀλίγον</span> <span class='ocrx_word' id='word_1_702' title='bbox 1918 4747 1976 4800; x_wconf 80' lang='grc' dir='ltr'>δὲ</span> 
     </span>
    </p>
   </div>
   <div class='ocr_carea' id='block_1_96' title="bbox 379 4837 1977 4912">
    <p class='ocr_par' dir='ltr' id='par_1_96' title="bbox 379 4837 1977 4912">
     <span class='ocr_line' id='line_1_96' title="bbox 379 4837 1977 4912; baseline 0 -19"><span class='ocrx_word' id='word_1_703' title='bbox 379 4841 486 4911; x_wconf 79' lang='grc' dir='ltr'>τῆς</span> <span class='ocrx_word' id='word_1_704' title='bbox 517 4838 802 4912; x_wconf 76' lang='grc' dir='ltr'>τραπέζης</span> <span class='ocrx_word' id='word_1_705' title='bbox 834 4837 1247 4909; x_wconf 82' lang='grc' dir='ltr'>ὑπερτεθείσης,</span> <span class='ocrx_word' id='word_1_706' title='bbox 1276 4838 1467 4909; x_wconf 81' lang='grc' dir='ltr'>ῶσπερ</span> <span class='ocrx_word' id='word_1_707' title='bbox 1497 4840 1608 4893; x_wconf 78' lang='grc' dir='ltr'>τισὶ</span> <span class='ocrx_word' id='word_1_708' title='bbox 1640 4838 1808 4902; x_wconf 84' lang='grc' dir='ltr'>λίθοις</span> <span class='ocrx_word' id='word_1_709' title='bbox 1856 4841 1977 4903; x_wconf 83' lang='grc' dir='ltr'>ταῖς</span> 
     </span>
    </p>
   </div>
   <div class='ocr_carea' id='block_1_97' title="bbox 383 4930 1976 5004">
    <p class='ocr_par' dir='ltr' id='par_1_97' title="bbox 383 4930 1976 5004">
     <span class='ocr_line' id='line_1_97' title="bbox 383 4930 1976 5004; baseline 0.001 -20"><span class='ocrx_word' id='word_1_710' title='bbox 383 4930 761 5003; x_wconf 80' lang='grc' dir='ltr'>βλασφημίαις</span> <span class='ocrx_word' id='word_1_711' title='bbox 793 4930 1076 5001; x_wconf 83' lang='grc' dir='ltr'>βάλλουσιν</span> <span class='ocrx_word' id='word_1_712' title='bbox 1102 4930 1195 4994; x_wconf 84' lang='grc' dir='ltr'><strong>οὓς</strong></span> <span class='ocrx_word' id='word_1_713' title='bbox 1226 4931 1601 5003; x_wconf 61' lang='grc' dir='ltr'>πρὸῇβραχὲως</span> <span class='ocrx_word' id='word_1_714' title='bbox 1631 4931 1721 4984; x_wconf 82' lang='grc' dir='ltr'><strong>ίσα</strong></span> <span class='ocrx_word' id='word_1_715' title='bbox 1745 4933 1865 5004; x_wconf 85' lang='grc' dir='ltr'><strong>Θεῷ</strong></span> <span class='ocrx_word' id='word_1_716' title='bbox 1888 4933 1976 4987; x_wconf 75' lang='grc' dir='ltr'>διὰ</span> 
     </span>
    </p>
   </div>
   <div class='ocr_carea' id='block_1_98' title="bbox 380 5025 1974 5098">
    <p class='ocr_par' dir='ltr' id='par_1_98' title="bbox 380 5025 1974 5098">
     <span class='ocr_line' id='line_1_98' title="bbox 380 5025 1974 5098; baseline 0.002 -21"><span class='ocrx_word' id='word_1_717' title='bbox 380 5028 480 5096; x_wconf 75' lang='grc' dir='ltr'><strong>τὴν</strong></span> <span class='ocrx_word' id='word_1_718' title='bbox 502 5025 700 5097; x_wconf 77' lang='grc' dir='ltr'>ἡδονὴν</span> <span class='ocrx_word' id='word_1_719' title='bbox 727 5025 1354 5097; x_wconf 79' lang='grc' dir='ltr'>προσεκύνουν.Ἔπελθε</span> <span class='ocrx_word' id='word_1_720' title='bbox 1387 5025 1486 5096; x_wconf 78' lang='grc' dir='ltr'>τὴν</span> <span class='ocrx_word' id='word_1_721' title='bbox 1516 5025 1759 5080; x_wconf 74' lang='grc' dir='ltr'>Παλαιὰν</span> <span class='ocrx_word' id='word_1_722' title='bbox 1774 5026 1974 5098; x_wconf 71' lang='grc' dir='ltr'>Διαθῆ-</span> 
     </span>
    </p>
   </div>
   <div class='ocr_carea' id='block_1_99' title="bbox 382 5114 1975 5189">
    <p class='ocr_par' dir='ltr' id='par_1_99' title="bbox 382 5114 1975 5189">
     <span class='ocr_line' id='line_1_99' title="bbox 382 5114 1975 5189; baseline 0.001 -21"><span class='ocrx_word' id='word_1_723' title='bbox 382 5134 508 5185; x_wconf 79' lang='grc' dir='ltr'>κην,</span> <span class='ocrx_word' id='word_1_724' title='bbox 534 5115 634 5188; x_wconf 78' lang='grc' dir='ltr'>τὴν</span> <span class='ocrx_word' id='word_1_725' title='bbox 661 5116 831 5181; x_wconf 78' lang='grc' dir='ltr'>Νέαν,</span> <span class='ocrx_word' id='word_1_726' title='bbox 859 5117 956 5169; x_wconf 77' lang='grc' dir='ltr'><strong>καὶ</strong></span> <span class='ocrx_word' id='word_1_727' title='bbox 983 5114 1209 5178; x_wconf 74' lang='grc' dir='ltr'>πολλοὺς</span> <span class='ocrx_word' id='word_1_728' title='bbox 1248 5116 1499 5187; x_wconf 80' lang='grc' dir='ltr'>εὑρήσεις</span> <span class='ocrx_word' id='word_1_729' title='bbox 1530 5118 1586 5167; x_wconf 71' lang='grc' dir='ltr'><strong>ἐν</strong></span> <span class='ocrx_word' id='word_1_730' title='bbox 1615 5116 1821 5189; x_wconf 79' lang='grc' dir='ltr'>ἑκάστῃ</span> <span class='ocrx_word' id='word_1_731' title='bbox 1849 5117 1975 5181; x_wconf 79' lang='grc' dir='ltr'>τοὺς</span> 
     </span>
    </p>
   </div>
   <div class='ocr_carea' id='block_1_100' title="bbox 381 5203 1972 5281">
    <p class='ocr_par' dir='ltr' id='par_1_100' title="bbox 381 5203 1972 5281">
     <span class='ocr_line' id='line_1_100' title="bbox 381 5203 1972 5281; baseline -0.002 -18"><span class='ocrx_word' id='word_1_732' title='bbox 381 5210 658 5281; x_wconf 74' lang='grc' dir='ltr'>διαφόρως</span> <span class='ocrx_word' id='word_1_733' title='bbox 688 5209 1015 5280; x_wconf 74' lang='grc' dir='ltr'>τραφέντας.</span> <span class='ocrx_word' id='word_1_734' title='bbox 1054 5208 1239 5262; x_wconf 86' lang='grc' dir='ltr'>Ἠλίαν</span> <span class='ocrx_word' id='word_1_735' title='bbox 1262 5203 1406 5279; x_wconf 78' lang='grc' dir='ltr'>εἶχεν</span> <span class='ocrx_word' id='word_1_736' title='bbox 1432 5209 1461 5259; x_wconf 84' lang='grc' dir='ltr'>ὁ</span> <span class='ocrx_word' id='word_1_737' title='bbox 1486 5208 1813 5280; x_wconf 76' lang='grc' dir='ltr'>Κάρμηλος,</span> <span class='ocrx_word' id='word_1_738' title='bbox 1848 5208 1972 5279; x_wconf 83' lang='grc' dir='ltr'>ὅρος</span> 
     </span>
    </p>
   </div>
   <div class='ocr_carea' id='block_1_101' title="bbox 383 5296 1972 5374">
    <p class='ocr_par' dir='ltr' id='par_1_101' title="bbox 383 5296 1972 5374">
     <span class='ocr_line' id='line_1_101' title="bbox 383 5296 1972 5374; baseline -0.002 -19"><span class='ocrx_word' id='word_1_739' title='bbox 383 5302 587 5374; x_wconf 62' lang='grc' dir='ltr'>ὑψηλὸν</span> <span class='ocrx_word' id='word_1_740' title='bbox 621 5302 719 5357; x_wconf 79' lang='grc' dir='ltr'><strong>καὶ</strong></span> <span class='ocrx_word' id='word_1_741' title='bbox 742 5302 1020 5373; x_wconf 82' lang='grc' dir='ltr'>ἀοίκητον,</span> <span class='ocrx_word' id='word_1_742' title='bbox 1047 5300 1252 5371; x_wconf 80' lang='grc' dir='ltr'>ἔρημος</span> <span class='ocrx_word' id='word_1_743' title='bbox 1267 5300 1498 5371; x_wconf 77' lang='grc' dir='ltr'>ἔρημον·</span> <span class='ocrx_word' id='word_1_744' title='bbox 1533 5300 1678 5370; x_wconf 72' lang='grc' dir='ltr'>ψυχὴ</span> <span class='ocrx_word' id='word_1_745' title='bbox 1713 5296 1858 5371; x_wconf 83' lang='grc' dir='ltr'>δὲῆν</span> <span class='ocrx_word' id='word_1_746' title='bbox 1891 5300 1972 5372; x_wconf 80' lang='grc' dir='ltr'>τῷ</span> 
     </span>
    </p>
   </div>
   <div class='ocr_carea' id='block_1_102' title="bbox 456 5454 1972 5532">
    <p class='ocr_par' dir='ltr' id='par_1_102' title="bbox 456 5454 1972 5532">
     <span class='ocr_line' id='line_1_102' title="bbox 456 5454 1972 5532; baseline 0.003 -19"><span class='ocrx_word' id='word_1_747' title='bbox 456 5460 571 5532; x_wconf 79' lang='grc'><strong>(91)</strong></span> <span class='ocrx_word' id='word_1_748' title='bbox 600 5457 678 5514; x_wconf 81' lang='lat' dir='ltr'><strong>Ea</strong></span> <span class='ocrx_word' id='word_1_749' title='bbox 709 5458 795 5515; x_wconf 81' lang='lat' dir='ltr'><strong>sic</strong></span> <span class='ocrx_word' id='word_1_750' title='bbox 836 5458 1144 5532; x_wconf 72' lang='lat' dir='ltr'><strong>vertenda:</strong></span> <span class='ocrx_word' id='word_1_751' title='bbox 1186 5454 1255 5510; x_wconf 85' lang='lat' dir='ltr'><strong>Ut</strong></span> <span class='ocrx_word' id='word_1_752' title='bbox 1294 5475 1392 5532; x_wconf 70' lang='lat' dir='ltr'><strong>sua</strong></span> <span class='ocrx_word' id='word_1_753' title='bbox 1435 5461 1672 5523; x_wconf 81' lang='lat' dir='ltr'><strong>ipsorum</strong></span> <span class='ocrx_word' id='word_1_754' title='bbox 1714 5461 1972 5518; x_wconf 78' lang='lat' dir='ltr'><strong>varietate</strong></span> 
     </span>
    </p>
   </div>
   <div class='ocr_carea' id='block_1_103' title="bbox 382 5530 1969 5604">
    <p class='ocr_par' dir='ltr' id='par_1_103' title="bbox 382 5530 1969 5604">
     <span class='ocr_line' id='line_1_103' title="bbox 382 5530 1969 5604; baseline 0.028 -21"><span class='ocrx_word' id='word_1_755' title='bbox 382 5530 775 5586; x_wconf 32' lang='lat' dir='ltr'><strong>variis’nostris</strong></span> <span class='ocrx_word' id='word_1_756' title='bbox 807 5530 1208 5604; x_wconf 62' lang='lat' dir='ltr'><strong>necessil_a‘il’_&quot;5</strong></span> <span class='ocrx_word' id='word_1_757' title='bbox 1240 5530 1583 5597; x_wconf 65' lang='grc' dir='ltr'><strong>οΡίίυίεπίηνν</strong></span> <span class='ocrx_word' id='word_1_758' title='bbox 1608 5548 1670 5584; x_wconf 71' lang='grc' dir='ltr'>αθ</span> <span class='ocrx_word' id='word_1_759' title='bbox 1692 5548 1829 5587; x_wconf 65' lang='lat' dir='ltr'><strong><em>&quot;unc</em></strong></span> <span class='ocrx_word' id='word_1_760' title='bbox 1848 5536 1969 5604; x_wconf 51' lang='lat' dir='ltr'><strong>qui-</strong></span> 
     </span>
    </p>
   </div>
   <div class='ocr_carea' id='block_1_104' title="bbox 382 5600 1970 5671">
    <p class='ocr_par' dir='ltr' id='par_1_104' title="bbox 382 5600 1970 5671">
     <span class='ocr_line' id='line_1_104' title="bbox 382 5600 1970 5671; baseline 0.004 -17"><span class='ocrx_word' id='word_1_761' title='bbox 382 5604 501 5655; x_wconf 79' lang='lat' dir='ltr'><strong>dem</strong></span> <span class='ocrx_word' id='word_1_762' title='bbox 530 5604 830 5671; x_wconf 70' lang='lat' dir='ltr'><strong>tempestive</strong></span> <span class='ocrx_word' id='word_1_763' title='bbox 873 5600 1091 5655; x_wconf 83' lang='lat' dir='ltr'><strong>accedat</strong></span> <span class='ocrx_word' id='word_1_764' title='bbox 1133 5600 1344 5666; x_wconf 84' lang='lat' dir='ltr'><strong>humor,</strong></span> <span class='ocrx_word' id='word_1_765' title='bbox 1378 5618 1566 5656; x_wconf 79' lang='lat' dir='ltr'><strong>rursus</strong></span> <span class='ocrx_word' id='word_1_766' title='bbox 1599 5612 1777 5657; x_wconf 85' lang='lat' dir='ltr'><strong>autem</strong></span> <span class='ocrx_word' id='word_1_767' title='bbox 1819 5600 1970 5661; x_wconf 69' lang='lat' dir='ltr'><strong>color</strong></span> 
     </span>
    </p>
   </div>
   <div class='ocr_carea' id='block_1_105' title="bbox 383 5671 1038 5737">
    <p class='ocr_par' dir='ltr' id='par_1_105' title="bbox 383 5671 1038 5737">
     <span class='ocr_line' id='line_1_105' title="bbox 383 5671 1038 5737; baseline -0.002 -9"><span class='ocrx_word' id='word_1_768' title='bbox 383 5674 651 5737; x_wconf 70' lang='lat' dir='ltr'><strong>sucredat,</strong></span> <span class='ocrx_word' id='word_1_769' title='bbox 682 5682 791 5728; x_wconf 88' lang='lat' dir='ltr'><strong>etc.</strong></span> <span class='ocrx_word' id='word_1_770' title='bbox 818 5671 1038 5727; x_wconf 69' lang='lat' dir='ltr'><strong>MARAN.</strong></span> 
     </span>
    </p>
   </div>
   <div class='ocr_carea' id='block_1_106' title="bbox 455 5742 1962 5813">
    <p class='ocr_par' dir='ltr' id='par_1_106' title="bbox 455 5742 1962 5813">
     <span class='ocr_line' id='line_1_106' title="bbox 455 5742 1962 5813; baseline 0.003 -14"><span class='ocrx_word' id='word_1_771' title='bbox 455 5745 568 5813; x_wconf 75' lang='lat'><strong>(99.)</strong></span> <span class='ocrx_word' id='word_1_772' title='bbox 599 5743 822 5800; x_wconf 82' lang='lat' dir='ltr'><strong>Veteres</strong></span> <span class='ocrx_word' id='word_1_773' title='bbox 838 5745 1053 5812; x_wconf 81' lang='lat' dir='ltr'><strong>aliquot</strong></span> <span class='ocrx_word' id='word_1_774' title='bbox 1074 5742 1195 5797; x_wconf 89' lang='lat' dir='ltr'><strong>libri</strong></span> <span class='ocrx_word' id='word_1_775' title='bbox 1218 5744 1341 5798; x_wconf 81' lang='grc' dir='ltr'>οὐδὲ</span> <span class='ocrx_word' id='word_1_776' title='bbox 1361 5742 1553 5809; x_wconf 77' lang='grc' dir='ltr'>οὕτως.</span> <span class='ocrx_word' id='word_1_777' title='bbox 1575 5742 1776 5800; x_wconf 88' lang='lat' dir='ltr'><strong>Ibidem</strong></span> <span class='ocrx_word' id='word_1_778' title='bbox 1805 5744 1962 5803; x_wconf 84' lang='lat' dir='ltr'><strong>Colb.</strong></span> 
     </span>
    </p>
   </div>
   <div class='ocr_carea' id='block_1_107' title="bbox 386 5813 1963 5889">
    <p class='ocr_par' dir='ltr' id='par_1_107' title="bbox 386 5813 1963 5889">
     <span class='ocr_line' id='line_1_107' title="bbox 386 5813 1963 5889; baseline 0.003 -21"><span class='ocrx_word' id='word_1_779' title='bbox 386 5818 580 5889; x_wconf 80' lang='lat' dir='ltr'><strong>tertius</strong></span> <span class='ocrx_word' id='word_1_780' title='bbox 609 5827 662 5873; x_wconf 88' lang='lat' dir='ltr'><strong>et</strong></span> <span class='ocrx_word' id='word_1_781' title='bbox 693 5827 926 5887; x_wconf 78' lang='lat' dir='ltr'><strong>utraque</strong></span> <span class='ocrx_word' id='word_1_782' title='bbox 955 5813 1124 5871; x_wconf 84' lang='lat' dir='ltr'><strong>editio</strong></span> <span class='ocrx_word' id='word_1_783' title='bbox 1156 5815 1363 5885; x_wconf 77' lang='grc' dir='ltr'>ἐφετὸς.</span> <span class='ocrx_word' id='word_1_784' title='bbox 1396 5814 1462 5871; x_wconf 80' lang='lat' dir='ltr'><strong>At</strong></span> <span class='ocrx_word' id='word_1_785' title='bbox 1493 5830 1626 5873; x_wconf 85' lang='lat' dir='ltr'><strong>mss.</strong></span> <span class='ocrx_word' id='word_1_786' title='bbox 1657 5817 1814 5874; x_wconf 87' lang='lat' dir='ltr'><strong>multi</strong></span> <span class='ocrx_word' id='word_1_787' title='bbox 1865 5820 1963 5889; x_wconf 80' lang='grc' dir='ltr'><strong>ἐφ-</strong></span> 
     </span>
    </p>
   </div>
   <div class='ocr_carea' id='block_1_108' title="bbox 385 5903 575 5953">
    <p class='ocr_par' dir='ltr' id='par_1_108' title="bbox 385 5903 575 5953">
     <span class='ocr_line' id='line_1_108' title="bbox 385 5903 575 5953; baseline 0.011 -13"><span class='ocrx_word' id='word_1_788' title='bbox 385 5903 575 5953; x_wconf 76' lang='grc' dir='ltr'>εστως.</span> 
     </span>
    </p>
   </div>
   <div class='ocr_carea' id='block_1_109' title="bbox 2078 4651 3659 4727">
    <p class='ocr_par' dir='ltr' id='par_1_109' title="bbox 2078 4651 3659 4727">
     <span class='ocr_line' id='line_1_109' title="bbox 2078 4651 3659 4727; baseline -0.006 -14"><span class='ocrx_word' id='word_1_789' title='bbox 2078 4658 2437 4720; x_wconf 82' lang='lat' dir='ltr'><strong>benedicunt,</strong></span> <span class='ocrx_word' id='word_1_790' title='bbox 2473 4657 2788 4721; x_wconf 88' lang='lat' dir='ltr'><strong>adulantur,</strong></span> <span class='ocrx_word' id='word_1_791' title='bbox 2821 4670 2986 4727; x_wconf 85' lang='lat' dir='ltr'><strong>supra</strong></span> <span class='ocrx_word' id='word_1_792' title='bbox 3022 4654 3242 4709; x_wconf 87' lang='lat' dir='ltr'><strong>modum</strong></span> <span class='ocrx_word' id='word_1_793' title='bbox 3279 4651 3659 4705; x_wconf 87' lang='lat' dir='ltr'><strong>admirantur:</strong></span> 
     </span>
    </p>
   </div>
   <div class='ocr_carea' id='block_1_110' title="bbox 2080 4741 3665 4820">
    <p class='ocr_par' dir='ltr' id='par_1_110' title="bbox 2080 4741 3665 4820">
     <span class='ocr_line' id='line_1_110' title="bbox 2080 4741 3665 4820; baseline -0.005 -18"><span class='ocrx_word' id='word_1_794' title='bbox 2080 4750 2361 4820; x_wconf 85' lang='lat' dir='ltr'><strong>paululum</strong></span> <span class='ocrx_word' id='word_1_795' title='bbox 2384 4764 2515 4802; x_wconf 87' lang='lat' dir='ltr'><strong>vero</strong></span> <span class='ocrx_word' id='word_1_796' title='bbox 2542 4747 2710 4802; x_wconf 88' lang='lat' dir='ltr'><strong>dilata</strong></span> <span class='ocrx_word' id='word_1_797' title='bbox 2740 4744 3322 4815; x_wconf 80' lang='lat' dir='ltr'><strong>mensa,blaspbcmiis</strong></span> <span class='ocrx_word' id='word_1_798' title='bbox 3352 4746 3499 4796; x_wconf 86' lang='lat' dir='ltr'><strong>velut</strong></span> <span class='ocrx_word' id='word_1_799' title='bbox 3529 4741 3665 4812; x_wconf 86' lang='lat' dir='ltr'><strong>lapi-</strong></span> 
     </span>
    </p>
   </div>
   <div class='ocr_carea' id='block_1_111' title="bbox 2078 4837 3661 4907">
    <p class='ocr_par' dir='ltr' id='par_1_111' title="bbox 2078 4837 3661 4907">
     <span class='ocr_line' id='line_1_111' title="bbox 2078 4837 3661 4907; baseline -0.003 -16"><span class='ocrx_word' id='word_1_800' title='bbox 2078 4840 2238 4893; x_wconf 87' lang='lat' dir='ltr'><strong>dibus</strong></span> <span class='ocrx_word' id='word_1_801' title='bbox 2286 4839 2555 4907; x_wconf 88' lang='lat' dir='ltr'><strong>impetunt</strong></span> <span class='ocrx_word' id='word_1_802' title='bbox 2585 4853 2681 4893; x_wconf 87' lang='lat' dir='ltr'><strong>eos</strong></span> <span class='ocrx_word' id='word_1_803' title='bbox 2714 4854 2855 4907; x_wconf 87' lang='lat' dir='ltr'><strong>quos</strong></span> <span class='ocrx_word' id='word_1_804' title='bbox 2902 4837 3187 4906; x_wconf 88' lang='lat' dir='ltr'><strong>aliquanto</strong></span> <span class='ocrx_word' id='word_1_805' title='bbox 3232 4841 3358 4888; x_wconf 90' lang='lat' dir='ltr'><strong>ante</strong></span> <span class='ocrx_word' id='word_1_806' title='bbox 3404 4847 3558 4902; x_wconf 70' lang='lat' dir='ltr'><strong>mque</strong></span> <span class='ocrx_word' id='word_1_807' title='bbox 3598 4847 3661 4886; x_wconf 90' lang='lat' dir='ltr'><strong>ac</strong></span> 
     </span>
    </p>
   </div>
   <div class='ocr_carea' id='block_1_112' title="bbox 2078 4922 3663 5002">
    <p class='ocr_par' dir='ltr' id='par_1_112' title="bbox 2078 4922 3663 5002">
     <span class='ocr_line' id='line_1_112' title="bbox 2078 4922 3663 5002; baseline -0.004 -18"><span class='ocrx_word' id='word_1_808' title='bbox 2078 4929 2248 4984; x_wconf 86' lang='lat' dir='ltr'><strong>Deum</strong></span> <span class='ocrx_word' id='word_1_809' title='bbox 2275 4939 2496 5002; x_wconf 90' lang='lat' dir='ltr'><strong>propter</strong></span> <span class='ocrx_word' id='word_1_810' title='bbox 2530 4930 2861 4999; x_wconf 80' lang='lat' dir='ltr'><strong>voluptatem</strong></span> <span class='ocrx_word' id='word_1_811' title='bbox 2895 4927 3169 4982; x_wconf 84' lang='lat' dir='ltr'><strong>colebant.</strong></span> <span class='ocrx_word' id='word_1_812' title='bbox 3196 4924 3466 4980; x_wconf 86' lang='lat' dir='ltr'><strong>Percurre</strong></span> <span class='ocrx_word' id='word_1_813' title='bbox 3493 4922 3663 4979; x_wconf 80' lang='lat' dir='ltr'><strong>Vetus</strong></span> 
     </span>
    </p>
   </div>
   <div class='ocr_carea' id='block_1_113' title="bbox 2078 5016 3663 5085">
    <p class='ocr_par' dir='ltr' id='par_1_113' title="bbox 2078 5016 3663 5085">
     <span class='ocr_line' id='line_1_113' title="bbox 2078 5016 3663 5085; baseline -0.003 -10"><span class='ocrx_word' id='word_1_814' title='bbox 2078 5038 2142 5075; x_wconf 83' lang='lat' dir='ltr'><strong>ac</strong></span> <span class='ocrx_word' id='word_1_815' title='bbox 2179 5020 2389 5075; x_wconf 71' lang='lat' dir='ltr'><strong>Novum</strong></span> <span class='ocrx_word' id='word_1_816' title='bbox 2441 5019 2876 5082; x_wconf 84' lang='lat' dir='ltr'><strong>Testamentum,</strong></span> <span class='ocrx_word' id='word_1_817' title='bbox 2904 5026 2959 5073; x_wconf 89' lang='lat' dir='ltr'><strong>et</strong></span> <span class='ocrx_word' id='word_1_818' title='bbox 2988 5017 3192 5071; x_wconf 90' lang='lat' dir='ltr'><strong>multos</strong></span> <span class='ocrx_word' id='word_1_819' title='bbox 3219 5016 3273 5069; x_wconf 90' lang='lat' dir='ltr'><strong>in</strong></span> <span class='ocrx_word' id='word_1_820' title='bbox 3304 5024 3538 5085; x_wconf 82' lang='lat' dir='ltr'><strong>utroque</strong></span> <span class='ocrx_word' id='word_1_821' title='bbox 3580 5032 3663 5070; x_wconf 84' lang='lat' dir='ltr'><strong>re-</strong></span> 
     </span>
    </p>
   </div>
   <div class='ocr_carea' id='block_1_114' title="bbox 2075 5108 3660 5185">
    <p class='ocr_par' dir='ltr' id='par_1_114' title="bbox 2075 5108 3660 5185">
     <span class='ocr_line' id='line_1_114' title="bbox 2075 5108 3660 5185; baseline -0.004 -18"><span class='ocrx_word' id='word_1_822' title='bbox 2075 5114 2254 5185; x_wconf 85' lang='lat' dir='ltr'><strong>peries</strong></span> <span class='ocrx_word' id='word_1_823' title='bbox 2298 5112 2475 5167; x_wconf 81' lang='lat' dir='ltr'><strong>modis</strong></span> <span class='ocrx_word' id='word_1_824' title='bbox 2515 5113 2682 5168; x_wconf 86' lang='lat' dir='ltr'><strong>variis</strong></span> <span class='ocrx_word' id='word_1_825' title='bbox 2734 5112 2996 5165; x_wconf 85' lang='lat' dir='ltr'><strong>nutritus.</strong></span> <span class='ocrx_word' id='word_1_826' title='bbox 3033 5109 3204 5162; x_wconf 67' lang='lat' dir='ltr'><strong>liliam</strong></span> <span class='ocrx_word' id='word_1_827' title='bbox 3258 5108 3493 5164; x_wconf 86' lang='lat' dir='ltr'><strong>habebat</strong></span> <span class='ocrx_word' id='word_1_828' title='bbox 3520 5108 3660 5163; x_wconf 79' lang='lat' dir='ltr'><strong>Car-</strong></span> 
     </span>
    </p>
   </div>
   <div class='ocr_carea' id='block_1_115' title="bbox 2079 5202 3661 5270">
    <p class='ocr_par' dir='ltr' id='par_1_115' title="bbox 2079 5202 3661 5270">
     <span class='ocr_line' id='line_1_115' title="bbox 2079 5202 3661 5270; baseline -0.004 -11"><span class='ocrx_word' id='word_1_829' title='bbox 2079 5208 2276 5270; x_wconf 85' lang='lat' dir='ltr'><strong>melus,</strong></span> <span class='ocrx_word' id='word_1_830' title='bbox 2308 5206 2559 5262; x_wconf 82' lang='lat' dir='ltr'><strong>excelsns</strong></span> <span class='ocrx_word' id='word_1_831' title='bbox 2588 5220 2746 5259; x_wconf 83' lang='lat' dir='ltr'><strong>muns</strong></span> <span class='ocrx_word' id='word_1_832' title='bbox 2776 5216 2825 5259; x_wconf 86' lang='lat' dir='ltr'><strong>et</strong></span> <span class='ocrx_word' id='word_1_833' title='bbox 2856 5202 3266 5266; x_wconf 82' lang='lat' dir='ltr'><strong>inhabitabilis,</strong></span> <span class='ocrx_word' id='word_1_834' title='bbox 3297 5202 3538 5258; x_wconf 86' lang='lat' dir='ltr'><strong>solitudo</strong></span> <span class='ocrx_word' id='word_1_835' title='bbox 3569 5216 3661 5257; x_wconf 76' lang='lat' dir='ltr'><strong>so-</strong></span> 
     </span>
    </p>
   </div>
   <div class='ocr_carea' id='block_1_116' title="bbox 2078 5295 3656 5366">
    <p class='ocr_par' dir='ltr' id='par_1_116' title="bbox 2078 5295 3656 5366">
     <span class='ocr_line' id='line_1_116' title="bbox 2078 5295 3656 5366; baseline -0.003 -14"><span class='ocrx_word' id='word_1_836' title='bbox 2078 5299 2321 5353; x_wconf 88' lang='lat' dir='ltr'><strong>litarium</strong></span> <span class='ocrx_word' id='word_1_837' title='bbox 2357 5315 2369 5349; x_wconf 94' lang='lat'>:</span> <span class='ocrx_word' id='word_1_838' title='bbox 2406 5314 2594 5353; x_wconf 82' lang='lat' dir='ltr'><strong>verum</strong></span> <span class='ocrx_word' id='word_1_839' title='bbox 2645 5298 2824 5351; x_wconf 86' lang='lat' dir='ltr'><strong>anima</strong></span> <span class='ocrx_word' id='word_1_840' title='bbox 2857 5307 2976 5351; x_wconf 87' lang='lat' dir='ltr'><strong>erat</strong></span> <span class='ocrx_word' id='word_1_841' title='bbox 3002 5297 3154 5366; x_wconf 83' lang='lat' dir='ltr'><strong>justo</strong></span> <span class='ocrx_word' id='word_1_842' title='bbox 3183 5296 3359 5351; x_wconf 88' lang='lat' dir='ltr'><strong>instar</strong></span> <span class='ocrx_word' id='word_1_843' title='bbox 3388 5295 3656 5357; x_wconf 88' lang='lat' dir='ltr'><strong>omnium,</strong></span> 
     </span>
    </p>
   </div>
   <div class='ocr_carea' id='block_1_117' title="bbox 2146 5451 3659 5532">
    <p class='ocr_par' dir='ltr' id='par_1_117' title="bbox 2146 5451 3659 5532">
     <span class='ocr_line' id='line_1_117' title="bbox 2146 5451 3659 5532; baseline -0.008 -18"><span class='ocrx_word' id='word_1_844' title='bbox 2146 5460 2258 5529; x_wconf 77' lang='lat'><strong>(95)</strong></span> <span class='ocrx_word' id='word_1_845' title='bbox 2291 5458 2468 5532; x_wconf 69' lang='lat' dir='ltr'><strong>Edjlio</strong></span> <span class='ocrx_word' id='word_1_846' title='bbox 2495 5466 2729 5532; x_wconf 80' lang='lat' dir='ltr'><strong>utraque</strong></span> <span class='ocrx_word' id='word_1_847' title='bbox 2753 5463 2966 5532; x_wconf 81' lang='lat' dir='ltr'><strong>et_t_nss.</strong></span> <span class='ocrx_word' id='word_1_848' title='bbox 2992 5454 3157 5532; x_wconf 71' lang='lat' dir='ltr'><strong>_multi</strong></span> <span class='ocrx_word' id='word_1_849' title='bbox 3187 5452 3384 5532; x_wconf 77' lang='grc' dir='ltr'>κάλλος</span> <span class='ocrx_word' id='word_1_850' title='bbox 3407 5451 3659 5532; x_wconf 58' lang='grc' dir='ltr'>ἰδιοποιῆτ</span> 
     </span>
    </p>
   </div>
   <div class='ocr_carea' id='block_1_118' title="bbox 2073 5524 3651 5596">
    <p class='ocr_par' dir='ltr' id='par_1_118' title="bbox 2073 5524 3651 5596">
     <span class='ocr_line' id='line_1_118' title="bbox 2073 5524 3651 5596; baseline -0.008 -12"><span class='ocrx_word' id='word_1_851' title='bbox 2073 5524 2184 5585; x_wconf 80' lang='grc' dir='ltr'>σαι.</span> <span class='ocrx_word' id='word_1_852' title='bbox 2229 5524 2300 5585; x_wconf 75' lang='lat' dir='ltr'><strong>At</strong></span> <span class='ocrx_word' id='word_1_853' title='bbox 2350 5530 2504 5586; x_wconf 88' lang='lat' dir='ltr'><strong>Colb.</strong></span> <span class='ocrx_word' id='word_1_854' title='bbox 2562 5524 2757 5584; x_wconf 74' lang='lat' dir='ltr'><strong>tertius</strong></span> <span class='ocrx_word' id='word_1_855' title='bbox 2783 5527 3161 5596; x_wconf 75' lang='grc' dir='ltr'>εἰδοποιῆσαιε</span> <span class='ocrx_word' id='word_1_856' title='bbox 3211 5524 3358 5595; x_wconf 87' lang='lat' dir='ltr'><strong>quod</strong></span> <span class='ocrx_word' id='word_1_857' title='bbox 3384 5524 3567 5577; x_wconf 82' lang='lat' dir='ltr'><strong>verius</strong></span> <span class='ocrx_word' id='word_1_858' title='bbox 3603 5529 3651 5572; x_wconf 67' lang='grc' dir='ltr'><strong>ιδ’</strong></span> 
     </span>
    </p>
   </div>
   <div class='ocr_carea' id='block_1_119' title="bbox 2071 5600 2691 5668">
    <p class='ocr_par' dir='ltr' id='par_1_119' title="bbox 2071 5600 2691 5668">
     <span class='ocr_line' id='line_1_119' title="bbox 2071 5600 2691 5668; baseline -0.008 -12"><span class='ocrx_word' id='word_1_859' title='bbox 2071 5603 2268 5656; x_wconf 88' lang='lat' dir='ltr'><strong>melius</strong></span> <span class='ocrx_word' id='word_1_860' title='bbox 2298 5600 2691 5668; x_wconf 86' lang='lat' dir='ltr'><strong>judicavimus.</strong></span> 
     </span>
    </p>
   </div>
   <div class='ocr_carea' id='block_1_120' title="bbox 2145 5660 3651 5742">
    <p class='ocr_par' dir='ltr' id='par_1_120' title="bbox 2145 5660 3651 5742">
     <span class='ocr_line' id='line_1_120' title="bbox 2145 5660 3651 5742; baseline -0.007 -16"><span class='ocrx_word' id='word_1_861' title='bbox 2145 5673 2258 5742; x_wconf 72' lang='grc'><strong>(94)</strong></span> <span class='ocrx_word' id='word_1_862' title='bbox 2294 5660 2431 5742; x_wconf 62' lang='lat' dir='ltr'><strong>Beg.</strong></span> <span class='ocrx_word' id='word_1_863' title='bbox 2486 5671 2699 5742; x_wconf 81' lang='lat' dir='ltr'><strong>primus</strong></span> <span class='ocrx_word' id='word_1_864' title='bbox 2748 5668 2857 5742; x_wconf 76' lang='grc' dir='ltr'><strong>τῷν</strong></span> <span class='ocrx_word' id='word_1_865' title='bbox 2896 5667 3209 5723; x_wconf 73' lang='grc' dir='ltr'>ἀνογτάτων.</span> <span class='ocrx_word' id='word_1_866' title='bbox 3260 5664 3460 5742; x_wconf 70' lang='lat' dir='ltr'><strong>Ibidem</strong></span> <span class='ocrx_word' id='word_1_867' title='bbox 3494 5660 3651 5742; x_wconf 57' lang='lat' dir='ltr'><strong>geli).</strong></span> 
     </span>
    </p>
   </div>
   <div class='ocr_carea' id='block_1_121' title="bbox 2067 5730 3656 5811">
    <p class='ocr_par' dir='ltr' id='par_1_121' title="bbox 2067 5730 3656 5811">
     <span class='ocr_line' id='line_1_121' title="bbox 2067 5730 3656 5811; baseline -0.006 -13"><span class='ocrx_word' id='word_1_868' title='bbox 2067 5730 2262 5799; x_wconf 77' lang='lat' dir='ltr'><strong>tertius</strong></span> <span class='ocrx_word' id='word_1_869' title='bbox 2286 5737 2360 5796; x_wconf 79' lang='grc' dir='ltr'>ὧν</span> <span class='ocrx_word' id='word_1_870' title='bbox 2379 5730 2741 5811; x_wconf 74' lang='grc' dir='ltr'>Ξύαἱσθητως.</span> <span class='ocrx_word' id='word_1_871' title='bbox 2762 5739 2884 5794; x_wconf 82' lang='lat' dir='ltr'><strong>Mox</strong></span> <span class='ocrx_word' id='word_1_872' title='bbox 2908 5755 3039 5794; x_wconf 81' lang='lat' dir='ltr'><strong>mss.</strong></span> <span class='ocrx_word' id='word_1_873' title='bbox 3071 5747 3302 5807; x_wconf 88' lang='lat' dir='ltr'><strong>quatuor</strong></span> <span class='ocrx_word' id='word_1_874' title='bbox 3320 5735 3473 5807; x_wconf 75' lang='grc' dir='ltr'>εὕρῃ.</span> <span class='ocrx_word' id='word_1_875' title='bbox 3494 5730 3656 5790; x_wconf 81' lang='lat' dir='ltr'><strong>Utra-</strong></span> 
     </span>
    </p>
   </div>
   <div class='ocr_carea' id='block_1_122' title="bbox 2069 5812 3181 5895">
    <p class='ocr_par' dir='ltr' id='par_1_122' title="bbox 2069 5812 3181 5895">
     <span class='ocr_line' id='line_1_122' title="bbox 2069 5812 3181 5895; baseline 0.024 -32"><span class='ocrx_word' id='word_1_876' title='bbox 2069 5812 2706 5895; x_wconf 38' lang='lat' dir='ltr'><strong>qtltLtltl‘l‘l‘lOS.BPn€-__-</strong></span> <span class='ocrx_word' id='word_1_877' title='bbox 2892 5881 2903 5892; x_wconf 91' lang='lat'><strong>.</strong></span> <span class='ocrx_word' id='word_1_878' title='bbox 2972 5883 2983 5893; x_wconf 85' lang='lat'><strong>.</strong></span> <span class='ocrx_word' id='word_1_879' title='bbox 3067 5879 3077 5895; x_wconf 90' lang='lat'><strong>.</strong></span> <span class='ocrx_word' id='word_1_880' title='bbox 3154 5879 3181 5890; x_wconf 87' lang='lat'><strong>-</strong></span> 
     </span>
    </p>
   </div>
   <div class='ocr_carea' id='block_1_123' title="bbox 2142 5882 3236 5956">
    <p class='ocr_par' dir='ltr' id='par_1_123' title="bbox 2142 5882 3236 5956">
     <span class='ocr_line' id='line_1_123' title="bbox 2142 5882 3236 5956; baseline 0.006 -21"><span class='ocrx_word' id='word_1_881' title='bbox 2142 5884 2359 5956; x_wconf 57' lang='lat' dir='ltr'><strong>(ﬂii-&#39;36)</strong></span> <span class='ocrx_word' id='word_1_882' title='bbox 2394 5882 2612 5955; x_wconf 76' lang='lat' dir='ltr'><strong>Antiqui</strong></span> <span class='ocrx_word' id='word_1_883' title='bbox 2645 5882 2903 5939; x_wconf 85' lang='lat' dir='ltr'><strong>treslibri</strong></span> <span class='ocrx_word' id='word_1_884' title='bbox 2940 5883 2984 5933; x_wconf 81' lang='grc' dir='ltr'>εξ</span> <span class='ocrx_word' id='word_1_885' title='bbox 3022 5882 3095 5951; x_wconf 74' lang='grc' dir='ltr'><strong>μὴ</strong></span> <span class='ocrx_word' id='word_1_886' title='bbox 3120 5882 3236 5946; x_wconf 74' lang='grc' dir='ltr'><strong>τῆς·</strong></span> 
     </span>
    </p>
   </div>
  </div>
