4052 6214
344 308 441 363 5‘21

1183 308 1469 364 HOMILIA
1511 307 1715 363 [ΜΕΤΑ
1751 308 2079 365 TEMPORE
2121 310 2332 364 FAMIS
2371 310 2457 363 ET
2500 309 2906 365 SlCClTATlS.

3512 312 3619 368 52?.

337 423 402 475 σὺ
432 423 534 492 τῆς
586 424 764 493 χήρας
807 423 909 489 τῆς
956 422 1213 488 Σιδωνίας
1263 425 1413 495 ῥῆμα
1449 426 1507 477 ὲν
1556 428 1667 488 τοῖς
1693 427 1918 497 ὁμοίοις,

2029 429 2186 500 rigis,
2220 429 2267 485 is
2318 444 2506 483 semen
2577 428 2667 483 fiet
2713 430 2936 499 segetis,
2982 428 3108 484 edet
3154 428 3368 484 fructus
3396 427 3616 495 uberes,

337 514 604 583 εὐκαίρως
631 512 732 583 τῆς
760 511 1005 582 ἱστορίας
1025 514 1395 583 μνημόνευσον
1415 531 1428 543 ⁸
1457 513 1544 581 Ζῇ
1569 515 1807 583 Κύριος,
1838 514 1930 567 ὅτι

335 601 552 655 τοῦτον
585 600 704 671 ἔχω
727 602 800 655 ἐν
820 600 899 670 τῇ
928 603 1090 671 οἰκίᾳ
1121 619 1242 671 μου
1268 605 1463 671 μόνον
1487 606 1575 670 εἰς
1600 603 1931 673 διατροφὴν

336 695 464 765 ἐμοὶ
496 693 595 748 καὶ
627 692 752 759 τοῖς
773 693 1039 760 παιδίοις
1073 693 1167 765 (4).
1200 694 1322 747 Κᾶν
1350 693 1459 765 δῷς
1507 696 1571 747 ὲκ
1601 694 1695 749 τοῦ
1726 695 1933 749 λείπον-

337 806 453 850 τος,
488 787 628 853 ἕξεις
652 786 750 839 καὶ
786 786 853 839 σὺ
878 786 971 839 τὸν
1000 786 1298 857 καμψάκην
1326 786 1422 838 τοῦ
1445 786 1625 839 ἐλαίου
1650 788 1717 857 τῇ
1748 787 1930 858 χάριτι

339 880 600 951 βρύονταο
633 879 734 950 τὴν
764 879 958 948 ὑδρίαν
978 877 1086 931 τῶν
1115 878 1358 949 ἀλεύρων
1384 879 1458 949 (Ξί)
1481 878 1771 933 άκένωτον.
1809 881 1933 933 Ἐπὶ

338 973 449 1044 γὰρ
467 973 577 1025 τῶν
612 970 822 1024 πιστῶν
854 971 1142 1041 φιλότιμος
1185 972 1217 1041 ή
1250 970 1345 1023 τοῦ
1375 969 1512 1024 Θεοῦ
1553 971 1713 1042 χάρις
1744 975 1932 1042 μιμεῖ-

334 1084 427 1119 ται
456 1066 524 1118 τὰ
552 1066 786 1136 φρέατα,
827 1065 897 1117 τὰ
930 1065 1020 1117 ἀεὶ
1055 1064 1379 1134 κενούμενα.
1421 1063 1515 1117 καὶ
1549 1063 1624 1135 μὴ
1653 1064 1934 1129 ἐξαντλού-

339 1177 501 1229 μενα,
530 1161 592 1213 τὸ
632 1159 854 1213 διπλοῦν
888 1160 1304 1228 ἀντεισάγουσα.
1344 1159 1621 1223 Δάνεισον,
1657 1161 1685 1212 ό
1708 1158 1931 1231 ἄπορος,

332 1254 414 1324 τῷ
448 1255 693 1324 πλουσίῳ
730 1252 871 1323 θεῷ.
906 1253 1204 1306 Πίστευσον
1256 1251 1336 1322 τῷ
1370 1252 1457 1305 ἀεὶ
1506 1254 1587 1315 εἰς
1644 1254 1935 1324 πρόσωπον

335 1342 470 1396 ἴδιον
493 1343 637 1415 ὑπὲρ
666 1343 764 1396 τού
808 1343 1132 1415 θλιϐομένου
1185 1342 1540 1413 λαμϐάνοντι,
1595 1344 1690 1397 καὶ
1726 1343 1935 1397 οἴκοθεν

331 1435 643 1489 ἀποδιδόντι
677 1435 774 1507 τὴν
816 1436 1002 1507 χάριν.
1058 1435 1395 1500 ’Δξιόπιστος
1455 1436 1750 1508 ἐγγυητὴς,
1805 1455 1937 1490 παν-

328 1527 499 1597 ταχοῦ
530 1528 640 1598 γῆς
674 1529 769 1582 καὶ
799 1527 1073 1601 Θαλάττης
1101 1529 1460 1601 ήπλωμένους
1494 1527 1635 1597 ἔχων
1677 1530 1804 1593 τοὺς
1836 1529 1935 1601 θη-

2032 520 2269 575 arrhabo
2292 522 2396 575 erit
2428 520 2785 585 cibariorum,
2822 520 3218 575 misericordia:
3266 519 3618 576 conciliator.

2034 607 2129 664 Dic
2155 617 2211 664 et
2240 617 2299 664 tu
2329 610 2555 665 verbum
2604 627 2635 666 a
2669 611 2833 664 vidua
2868 610 3095 664 Sidonia
3135 611 3189 665 in
3218 611 3414 667 iisdem
3442 624 3620 682 angu-

2032 703 2152 758 stiis
2185 704 2493 773 prolatum;
2519 705 2617 760 tibi
2643 712 2951 775 opportune
2982 708 3037 759 in
3070 704 3389 759 memoriam
3422 715 3622 758 revoca

2034 796 2319 851 historiam
2360 812 2374 847 :
2425 795 2562 850 Vivit
2601 796 2884 861 Dominus,
2924 796 3050 866 quia
3086 794 3224 848 hunc
3265 793 3441 848 solum
3476 792 3621 847 domi

2034 889 2197 942 habeo
2240 892 2307 942 ad
2351 889 2690 942 nutriendum
2741 905 2821 942 mc
2854 898 2903 942 et
2934 887 3128 941 liberos
3156 886 3224 940 “.
3277 884 3435 950 Quod
3474 886 3521 939 si
3552 900 3617 939 ex

2037 982 2263 1053 penuria
2308 991 2399 1034 tua
2446 981 2686 1045 dederis,
2746 980 2974 1035 habebis
2998 990 3052 1035 et
3103 986 3160 1032 tu
3189 993 3286 1031 vas
3316 976 3444 1041 olei,
3471 975 3616 1047 quod

2037 1075 2299 1127 seaturiet
2327 1088 2422 1141 per
2450 1074 2679 1143 gratiam
2716 1091 2728 1126 :
2758 1072 3009 1142 liydriam
3043 1071 3230 1125 itidem
3266 1069 3622 1138 fariute,quz

2036 1166 2311 1219 exhauriri
2338 1181 2443 1219 non
2474 1167 2693 1235 poterit.
2722 1165 2932 1219 Etenim
2971 1164 3062 1217 Dei
3092 1162 3473 1226 leueﬁeentia,
3498 1175 3622 1231 qua

2036 1256 2246 1309 scilicet
2270 1256 2494 1326 duplum
2518 1255 2729 1318 reddat,
2755 1269 2881 1325 erga
2910 1254 3093 1308 fideles
3114 1250 3402 1322 magnifice
3425 1259 3622 1321 puteos

2039 1347 2304 1413 imitatur,
2335 1347 2429 1420 qui
2455 1347 2721 1401 continuo
2761 1347 2980 1411 hausti,
3024 1359 3372 1415 nequaquam
3412 1344 3621 1400 exhau-

2038 1440 2278 1494 riuntur.
2316 1438 2428 1494 Deo
2460 1439 2613 1494 diviti
2648 1438 2951 1501 faenerare,
2985 1437 3239 1507 quisquis
3273 1436 3433 1505 inops
3471 1449 3533 1490 es
3565 1442 3621 1489 et

2034 1547 2262 1605 pauper.
2299 1531 2472 1585 Crede
2499 1529 2570 1595 ei,
2593 1530 2690 1598 qui
2720 1530 2867 1599 quod
2897 1530 2951 1581 in
2983 1540 3309 1598 oppressum
3342 1524 3620 1579 hominem

331 1621 594 1691 σαυρούς.
620 1622 733 1674 Καὶ
757 1620 936 1674 πλέων
963 1623 1059 1674 ἐὰν
1081 1622 1389 1692 ἁπαιτήσῃς
1409 1620 1472 1672 τὸ
1487 1619 1773 1691 δάνεισμα,
1793 1622 1918 1695 λήψῃ

2039 1625 2361 1687 contuleris,
2396 1624 2447 1678 id
2470 1664 2484 1686 ,
2520 1622 2745 1693 perinde
2783 1621 2941 1691 quasi
2993 1618 3319 1688 sibimetipsi
3358 1618 3620 1671 collatum

328 1715 425 1765 ἐπὶ
460 1715 630 1784 μέσου
661 1714 933 1782 πελάγους
965 1716 1061 1767 σὺν
1089 1715 1269 1777 τόκοις
1299 1712 1360 1765 τὸ
1381 1712 1699 1781 κεφάλαιον.
1726 1713 1936 1765 Φιλοτι-

332 1810 515 1876 μεῖται
542 1806 656 1877 γὰρ
684 1808 741 1859 ἐν
768 1810 885 1870 ταῖς
920 1806 1282 1877 προσθήκαις.

2040 1716 2131 1777 sit,
2166 1715 2380 1784 recipit,
2416 1728 2591 1781 exque
2624 1715 2741 1767 suis
2790 1711 3037 1781 rependit
3071 1710 3321 1781 gratiam.
3357 1707 3490 1763 Fide
3535 1707 3620 1761 di-

1960 1796 2002 1849 Β
2027 1823 2167 1875 gnus
2184 1816 2267 1860 est
2294 1820 2548 1876 sponsor,
2574 1820 2667 1873 per
2684 1818 2905 1857 onmem
2929 1815 3130 1856 terram
3154 1816 3219 1855 ac
3247 1815 3397 1854 mare
3419 1814 3620 1868 expas—

326 1918 423 1957 sos
462 1903 676 1957 habens
714 1902 1029 1957 thesauros.
1075 1900 1233 1967 Quod
1276 1901 1322 1956 si
1374 1901 1522 1956 inter
1549 1898 1917 1971 navigandum
1961 1911 2208 1955 mutuum
2248 1909 2488 1971 repetas,
2536 1902 2589 1954 iu
2632 1898 2814 1953 medio
2839 1898 2959 1968 ipso
3025 1897 3167 1950 mari
3223 1910 3331 1949 una
3380 1908 3507 1948 cum
3540 1892 3619 1946 fe-

325 2013 463 2053 nore
493 2006 703 2053 sortem
732 1997 993 2068 recipies.
1025 1996 1119 2051 Est
1147 1999 1294 2051 enim
1341 1997 1396 2050 in
1441 1996 1692 2051 addendo
1742 1996 2091 2052 ambitiosus.
3549 1982 3553 1987 ’

394 2092 455 2147 7.
477 2092 555 2144 Τδ
587 2092 685 2144 τοῦ
721 2091 1082 2161 λιμώποντος
1108 2092 1341 2162 νόσημα,
1372 2092 1549 2161 λιμὸς,
1580 2091 1796 2161 οἰκτρὸν
1813 2091 1917 2144 πά-

325 2183 419 2247 θος
461 2184 600 2237 ἐστί.
634 2185 809 2254 Λιμὸς
843 2184 1200 2255 ἀνθρωπίνων
1243 2185 1539 2256 συμφορῶν
1577 2185 1813 2254 ὑπάρχει
1854 2185 1916 2236 τὸ

322 2276 625 2344 κεφάλαιον
644 2316 658 2339 ,
691 2277 910 2329 πάντων
942 2277 1187 2329 θανάτων
1223 2276 1622 2347 μοχθηρότερον
1649 2275 1799 2339 τέλος
1825 2268 1916 2327 οὗ·

322 2385 440 2431 τος.
490 2368 617 2420 Ἐπὶ
660 2367 761 2438 μὲν
804 2367 915 2438 γὰρ
963 2366 1070 2419 τῶν
1115 2366 1289 2420 ἄλλων
1318 2365 1610 2429 κινδύνων,
1655 2366 1688 2436 ἢ
1730 2365 1916 2434 ξίφους

317 2461 476 2531 ἀκμὴ
498 2460 601 2526 τὴν
621 2458 878 2530 τελευτὴν
914 2457 1083 2523 ὀξέως
1107 2456 1409 2528 ἐφίστησιν,
1432 2457 1466 2529 ἢ
1491 2457 1660 2529 πυρὸς
1676 2458 1820 2528 ὁρμὴ
1842 2458 1913 2527 (ti)

320 2552 608 2622 συντόμως
636 2552 700 2604 τὸ
734 2550 835 2621 ζῇν
864 2550 1280 2613 ἁποσϐέννυσιν,
1310 2550 1342 2621 ἣ
1378 2549 1563 2621 θηρία,
1594 2552 1708 2612 τοῖς
1733 2549 1915 2601 ὀδοῦσι

316 2642 775 2713 διασπαράξαντα
811 2644 913 2696 ὅσα
948 2641 1136 2713 καίρια
1163 2642 1272 2694 τῶν
1308 2641 1507 2713 μελῶν,
1546 2643 1607 2695 οὐ
1641 2646 1917 2713 συγχωρεῖ

314 2740 385 2806 τῇ
424 2735 675 2806 παρολκῇ
702 2737 797 2806 τῆς
822 2734 1013 2805 ὀδύνης
1040 2733 1439 2805 τιμωρηθῆναι.
1474 2734 1646 2804 Λιμὸς
1667 2734 1721 2786 δὲ
1747 2735 1913 2805 ἀργὸν

319 2828 433 2899 ἔχει
458 2828 522 2881 τὸ
562 2828 764 2889 κακὸν,
797 2827 1178 2897 παρέλκουσαν
1211 2827 1309 2897 τὴν
1342 2825 1645 2897 ἀλγηδόνα,
1677 2827 1915 2897 ἐγκαθη-

320 2921 492 2991 μένην
532 2920 633 2991 τὴν
689 2920 844 2973 νόσον
898 2920 991 2973 καὶ
1048 2918 1505 2990 ἐμφωλεύουσαν,
1548 2919 1776 2974 θάνατον
1828 2922 1915 2975 ἀεὶ

318 3014 603 3083 παρέντα,
650 3011 746 3065 καὶ
783 3012 871 3065 ἀεὶ
905 3011 1251 3083 βραδύνοντα.
1309 3011 1384 3065 Τὸ
1427 3012 1537 3083 γὰρ
1576 3012 1717 3066 κατὰ
1752 3016 1914 3082 φύσιν

319 3104 489 3175 ὑγρὸν
530 3103 848 3175 ὲκδαπανᾷ·
906 3103 968 3156 τὸ
1010 3102 1210 3174 θερμὸν
1249 3102 1586 3173 καταψύχειο
1635 3104 1726 3156 τὸν
1750 3104 1915 3173 ὄγκον

320 3194 635 3248 συστέλλεν
685 3194 785 3268 τὴν
838 3194 1064 3265 δύναμιν
1112 3198 1232 3248 κατ’
1290 3196 1470 3265 ὀλίγον
1520 3197 1909 3268 ἀπομαραίνει.

327 3287 397 3340 Ἠ
448 3286 587 3356 σὰρξ
626 3286 706 3349 ὡς
753 3285 1013 3357 ἀράχνιον
1052 3287 1165 3348 τοῖς
1206 3286 1415 3349 ὀστέοις
1456 3286 1785 3356 περίκειται.
1853 3285 1913 3338 Ὀ

2098 2094 2147 2147 7.
2194 2092 2505 2146 Εςιιτὶειηιίε
2540 2090 2808 2153 morbus,
2860 2088 3033 2143 fames
3077 2086 3324 2149 scilicet,
3381 2084 3618 2138 misera-

2026 2184 2155 2239 bilis
2198 2184 2413 2238 afl‘cctio
2450 2190 2555 2237 est.
2601 2181 2982 2235 Humanarum
3024 2178 3406 2232 calamitatum
3448 2179 3616 2242 caput

2022 2289 2109 2333 est
2162 2278 2357 2331 fames.
2410 2275 2555 2330 Mors
2610 2274 2858 2329 omnium
2912 2268 3227 2325 miserrima
3277 2273 3392 2330 est,
3455 2264 3618 2318 finem

2025 2371 2172 2425 hunc
2228 2370 2436 2424 sortiri.
2483 2368 2618 2421 Nam
2671 2367 2726 2420 in
2779 2365 2904 2420 aliis
2954 2362 3253 2433 periculis,
3305 2367 3400 2423 aut
3451 2356 3618 2427 gladii

2023 2463 2172 2517 acies
2226 2462 2338 2514 cito
2385 2460 2662 2514 accelerat
2716 2464 2990 2516 mortem,
3040 2460 3135 2505 aut
3184 2451 3326 2520 ignis
3377 2449 3620 2518 impetus

2022 2555 2174 2609 brevi
2211 2553 2381 2606 vitam
2413 2549 2757 2619 exstinguit,
2793 2556 2888 2602 aut
2920 2547 3108 2601 bestia‘
3134 2543 3411 2615 praecipua
3444 2554 3620 2594 mem-

2023 2645 2122 2698 bra
2171 2645 2428 2698 dentibus
2476 2642 2840 2700 dilaniantcs,
2880 2653 2983 2691 nos
3035 2650 3146 2690 non
3192 2635 3383 2688 sinunt
3426 2629 3619 2684 dolore

2021 2736 2115 2790 diu
2150 2743 2434 2805 protracto
2470 2732 2675 2802 puniri.
2703 2730 2902 2783 Fames
2945 2744 3076 2782 vero
3108 2722 3617 2793 alfertsupplicinm

2022 2829 2230 2884 lentum
2258 2868 2272 2891 ,
2307 2828 2556 2880 dolorem
2593 2827 2855 2896 longum,
2894 2821 3145 2874 morbum
3183 2818 3331 2872 intus
3366 2814 3616 2870 insiden-

2021 2928 2130 2976 tem
2162 2935 2226 2975 ae
2259 2920 2675 2981 delitescentem
2697 2958 2713 2982 ,
2756 2921 2990 2967 mortem
3032 2926 3247 2980 semper
3285 2912 3614 2979 pra'seutem

2019 3024 2070 3069 et
2114 3029 2333 3083 semper
2371 3011 2707 3065 tardantem.
2749 3006 3067 3061 Naturalem
3121 3015 3362 3072 namque
3417 2998 3617 3053 humo.

2021 3123 2135 3163 rem
2171 3106 2452 3167 absumit,
2489 3103 2778 3172 refrigerat
2816 3100 3057 3154 calorem
3080 3137 3094 3158 ,
3129 3095 3329 3149 niolem
3361 3088 3616 3161 corporis

2021 3201 2335 3264 contrahit,
2370 3199 2520 3252 vires
2553 3194 2818 3267 paulatim
2856 3191 3062 3246 exedit.
3102 3189 3247 3243 Caro
3281 3199 3498 3241 aranea
3529 3182 3616 3239 in-

2022 3302 2137 3348 star
2180 3292 2538 3360 circumjacet
2582 3286 2830 3342 ossibus.
2879 3282 3001 3337 Non
3044 3279 3146 3336 llos
3192 3280 3339 3333 inest
3374 3277 3430 3331 in
3461 3281 3611 3331 cute.

319 3377 486 3449 χροῦς
507 3377 671 3441 ἄνθος
705 3379 805 3431 οὐκ
831 3377 1053 3448 ἔχει(7).
1093 3378 1165 3429 Τὸ
1192 3377 1290 3447 μὲν
1309 3378 1416 3448 γὰρ
1441 3376 1671 3447 ἐρυθρὸν
1697 3375 1908 3445 φεύγει,

2022 3383 2175 3450 Nam,
2208 3390 2537 3451 consumpto
2566 3379 2871 3449 sanguine,
2894 3374 3034 3445 fugit
3066 3372 3273 3438 rubor;
3309 3385 3419 3425 non
3454 3368 3613 3436 ades;

321 3470 698 3541 ὲκτηκομένου
740 3468 833 3522 τοῦ
872 3470 1139 3539 αἵματος
1183 3469 1244 3521 τὸ
1291 3468 1487 3521 λευκὸν
1526 3469 1626 3520 οὐκ
1658 3467 1806 3531 ἐστι,
1844 3471 1910 3539 τῇ

324 3564 602 3635 ἰσχνότητι
633 3562 737 3633 τῆς
763 3562 1088 3632 ἐπιφανείας
1120 3561 1514 3632 μελαινομένης
1535 3578 1547 3589 ·
1585 3559 1830 3612 πελιδνὸν
1854 3560 1914 3613 δὲ

320 3654 381 3707 τὺ
414 3654 611 3725 σῶμα,
642 3654 917 3726 ὠχρότητι
958 3655 1054 3708 καὶ
1092 3654 1169 3725 τῷ
1208 3654 1398 3726 μέλανι
1435 3652 1682 3715 ἐλεεινῶς
1725 3655 1789 3705 ὲκ
1818 3651 1911 3705 τοῦ

320 3746 531 3810 πάθους
564 3747 902 3819 κιρνώμενον
922 3746 1018 3817 (8)'
1055 3748 1257 3815 γόνατα
1283 3747 1343 3799 ού
1377 3744 1717 3816 βαστάζοντα
1736 3784 1750 3808 ,
1778 3743 1913 3797 ἀλλὰ

322 3838 461 3909 πρὸς
514 3838 641 3909 βίαν
696 3838 984 3908 ἑλκόμενα.
1049 3839 1204 3909 Φωνὴ
1254 3838 1427 3907 λεπτὴ
1476 3836 1571 3890 καὶ
1632 3836 1868 3908 ἀδρανής
1894 3852 1907 3866 ’

321 3930 592 4001 ὀφθαλμοὶ
613 3930 1032 3994 ἑνασθενοῦντες
1070 3934 1188 3992 ταῖς
1232 3930 1569 4001 κοιλότησιν,
1625 3931 1747 4001 εἰκῆ
1793 3933 1913 3994 ταῖς

323 4020 516 4093 θήκαις
538 4020 978 4091 ὲναποκείμενοι,
1010 4021 1086 4082 ὡς
1105 4021 1173 4074 τὰ
1196 4024 1309 4084 τοῖς
1333 4021 1578 4093 ἐλύτροις
1600 4021 1913 4091 ἐμψυγέντα

320 4114 427 4166 τῶν
469 4112 813 4186 ἀκροδρύων.
862 4113 1079 4185 Γαστὴρ
1124 4115 1256 4184 κενὴ
1305 4115 1400 4167 καὶ
1449 4118 1909 4185 συμπεπτωκυῖα,

323 4207 416 4257 καὶ
438 4204 721 4276 ἄμορφος,
756 4204 858 4257 οὒκ
878 4203 1041 4271 ὄγκον
1058 4245 1072 4269 ,
1100 4205 1160 4256 ού
1188 4204 1424 4276 φυσικὴν
1453 4205 1562 4258 τῶν
1587 4206 1913 4276 σπλάγχνων

322 4297 576 4348 ἐπίτασιν
603 4295 832 4365 ἔχουσα,
869 4299 979 4359 τοῖς
1012 4295 1219 4359 ὀστέοις
1251 4296 1308 4349 δὲ
1340 4296 1434 4349 τοῦ
1472 4296 1643 4350 νώτου
1674 4314 1913 4369 προσπε-

321 4388 631 4459 πλασμένη.
686 4388 741 4440 ὐ
760 4384 854 4441 οὖν
880 4387 1123 4441 τοιοῦτον
1155 4387 1313 4459 σῶμα
1339 4388 1705 4459 παρατρέχων
1730 4389 1911 4444 πόσων

322 4481 599 4535 κολάσεων
631 4480 815 4546 ἄξιοςς
846 4481 967 4533 τίνα
999 4480 1057 4533 δὲ
1093 4480 1377 4550 ὠμότητος
1409 4481 1715 4553 ὑπερϐολὴν
1744 4498 1913 4535 κατα-

320 4574 528 4645 higher;
567 4573 688 4636 πῶς
713 4572 771 4625 δὲ
796 4574 897 4626 οὐκ
920 4572 1069 4640 ἄξιος
1096 4575 1209 4636 τοῖς
1244 4572 1539 4644 ἀνημέροις
1567 4571 1676 4625 τῶν
1707 4573 1911 4644 θηρίων

322 4661 779 4736 συναριθμεῖσθαι
798 4702 813 4727 ,
846 4662 1081 4735 ὁρᾶσθαι
1120 4663 1178 4716 δὲ
1206 4664 1406 4733 ἐναγὴς
1436 4664 1529 4715 καὶ
1556 4663 1907 4733 ἁνδροφόνος;

2014 3478 2188 3543 albor,
2222 3476 2515 3545 superficie
2547 3489 2642 3543 per
2691 3470 2923 3524 maciem
2971 3467 3362 3537 nigrescente;
3409 3474 3614 3531 corpus

2012 3571 2146 3624 livet
2164 3610 2178 3631 ,
2210 3569 2417 3638 pallore
2444 3573 2611 3635 atque
2637 3561 2978 3633 nigritudine
3004 3572 3103 3629 per
3130 3556 3383 3613 morbum
3411 3554 3613 3608 misere

2014 3661 2295 3725 admistis;
2346 3671 2523 3729 genua
2564 3671 2677 3710 non
2720 3658 3075 3711 sustentant,
3119 3646 3217 3702 sed
3260 3645 3313 3698 vi
3359 3652 3415 3699 et
3464 3656 3612 3712 argve

2012 3751 2327 3805 trahuntur.
2366 3746 2485 3801 Vox
2523 3745 2709 3799 tenuis
2740 3750 2795 3797 et
2832 3739 3093 3810 languida
3123 3755 3138 3803 ;
3174 3736 3321 3790 oculi
3361 3735 3415 3788 in
3452 3732 3609 3787 cavis

2013 3842 2133 3899 suis
2158 3839 2461 3904 debilitati,
2490 3838 2695 3893 frustra
2727 3836 2785 3889 in
2814 3832 2990 3888 thecis
3018 3845 3082 3883 ac
3108 3826 3341 3881 valvulis
3369 3825 3607 3889 inclusi,

2014 3944 2277 4004 tanquam
2328 3932 2488 3986 nucei
2542 3930 2759 3984 fructus
2811 3927 2957 3980 intra
3017 3919 3302 3992 putamina
3355 3916 3607 4004 arefacti.

2014 4002 2219 4078 Venter
2250 4033 2462 4076 vacuus
2484 4059 2498 4082 ,
2533 4022 2858 4071 contractus
2881 4053 2896 4077 ,
2940 4007 3222 4071 informis,
3263 4004 3385 4061 sine
3425 4002 3608 4065 mole,

2012 4115 2133 4170 sine
2168 4113 2405 4167 naturali
2441 4111 2717 4165 viscerum
2763 4103 3138 4165 distensione,
3184 4097 3412 4154 ossibus
3456 4093 3609 4149 dorsi

2014 4206 2419 4261 adhaerescens.
2450 4202 2555 4269 Qui
2592 4201 2761 4270 igitur
2789 4212 2993 4267 corpus
3022 4189 3297 4263 ejusmodi
3328 4186 3568 4259 preter“
3587 4224 3604 4248 ,

2012 4300 2236 4369 quantis
2287 4295 2577 4367 suppliciis
2615 4293 2815 4360 dignus
2862 4287 2992 4344 est?
3034 4285 3169 4357 quid
3216 4283 3267 4338 ei
3309 4278 3486 4337 deerit
3535 4275 3607 4331 ad

2013 4389 2358 4445 crudelitatis
2385 4384 2715 4441 cumulum?
2745 4380 3024 4453 quomodo
3055 4385 3151 4431 aut
3186 4390 3297 4429 non
3335 4383 3607 4427 annume-

2013 4479 2228 4535 rabitur
2255 4479 2382 4548 jure
2408 4491 2474 4532 ac
2501 4476 2699 4531 merito
2728 4474 2873 4528 inter
2900 4466 3337 4524 immanissimas
3368 4460 3603 4522 belluas,

2013 4577 2109 4624 aut
2141 4583 2251 4623 non
2284 4567 2578 4622 habebitur
2610 4581 2711 4636 pro
2744 4564 2982 4618 scelesto
3013 4567 3069 4615 et
3103 4552 3426 4611 homicida?
3463 4549 3600 4602 Nam

2013 4666 2107 4734 qui
2150 4671 2332 4735 potest
2379 4662 2526 4716 malo
2573 4660 2777 4715 mederi
2807 4699 2823 4718 .
2860 4657 2955 4713 sed
2988 4661 3193 4726 sponte
3216 4657 3270 4704 et
3306 4647 3379 4702 ob
3422 4645 3605 4699 avari-

331 4758 389 4811 Ὀ
427 4759 542 4829 γὰρ
582 4756 723 4827 ἔχων
758 4759 815 4810 ὲν
857 4755 1078 4827 ἐξουσίᾳ
1102 4755 1202 4825 τὴν
1242 4754 1337 4807 τοῦ
1369 4753 1540 4807 κακοῦ
1589 4753 1906 4824 θεραπείαν,

2022 4758 2145 4810 tiam
2186 4754 2403 4816 differt,
2435 4768 2545 4808 non
2592 4751 2801 4820 injuria
2832 4749 2983 4803 velut
3030 4742 3308 4799 homicida
3341 4736 3604 4791 condem-

322 4849 461 4903 ἒκὼν
485 4849 547 4903 δὲ
570 4850 668 4902 καί
692 4848 827 4919 πρὸς
857 4846 1171 4913 πλεονεξίαν
1191 4845 1613 4916 ὑπερτιθέμενος
1633 4885 1646 4904 ,
1683 4846 1908 4909 εἰκότως

320 4943 384 4995 ἂν
412 4943 471 4997 ἐν
502 4941 585 5012 τῷ
613 4941 715 5011 ἴσῳ
743 4940 850 4993 τῶν
880 4938 1214 5010 αὐτοχείρων
1241 4936 1674 5001 καταδικάζοιτο.
1709 4937 1781 4989 Τὸ
1811 4937 1906 4990 τοῦ

320 5033 478 5104 λιμοῦ
512 5033 686 5095 πάθος
707 5030 1097 5102 κατηνάγκασε
1123 5028 1351 5093 πολλοὺς
1378 5027 1640 5091 πολλάκις
1662 5028 1757 5081 καὶ
1781 5029 1908 5092 τοὺς

388 5187 434 5218 ⁸¹
472 5184 543 5241 ΠΙ
574 5185 709 5257 Reg.
747 5199 893 5249 xvn,
927 5183 1014 5238 12.

417 5413 468 5481 5)
502 5404 629 5482 Reg.
651 5404 866 5482 primus
894 5404 998 5482 ro'ii
1011 5408 1263 5479 ἀλεύρου.
1289 5404 1586 5477 Aliquanto
1617 5411 1741 5477 post
1762 5404 1906 5460 idem

425 5479 489 5536 ex
524 5479 744 5535 διπλοῦν
780 5479 1195 5549 ἀντεισάγοντα.

392 5553 468 5639 (θ)
488 5553 642 5639 Qolb.
660 5553 877 5622 primus
894 5545 1069 5621 πυρὸς
1097 5549 1341 5620 ἀφορμή.
1375 5546 1529 5604 Alius
1550 5545 1722 5602 codex
1750 5546 1908 5601 Colb.

324 5625 673 5711 πρδςέρτή·
762 5692 775 5705 .
1134 5688 1166 5699 ..
1681 5686 1714 5700 ..

397 5696 473 5763 (7)
503 5694 656 5748 (.olb.
691 5706 914 5763 primus
970 5696 1028 5763 et
1077 5687 1169 5741 alii
1225 5688 1512 5763 duo‘m‘ss.
1562 5686 1716 5763 Begu
1751 5685 1911 5763 χροιὰ

326 5757 482 5829 ἄνθος
509 5765 607 5818 οὐκ
637 5757 769 5836 ἔχει,
802 5762 957 5817 color
985 5759 1170 5828 ﬂorem
1204 5775 1309 5813 non
1346 5758 1519 5828 habet,
1555 5759 1714 5814 male.
1750 5757 1908 5813 Colb.

412 5341 466 5404 ὁ)
497 5339 636 5412 Reg.
669 5340 886 5411 primus
917 5338 1043 5408 ἐμοὶ
1065 5336 1161 5391 καὶ
1182 5337 1297 5401 τοῖς
1324 5336 1535 5399 τέκνοις
1569 5352 1693 5406 μου.

324 5341 468 5539 et’35)
502 5411 629 5482 Reg.
651 5412 866 5492 primus
894 5409 993 5462 τοῦ
1011 5408 1263 5479 ἀλεύρου.
1289 5408 1586 5477 Aliquanto
1617 5422 1693 5477 po

425 5498 489 5536 ex
524 5482 744 5535 διπλουν
780 5479 1195 5539 ἀντεισάγοντα.

2013 4847 2134 4902 nari
2171 4846 2281 4916 7o
2313 4846 2537 4916 poterit.
2583 4844 2778 4913 Coegit
2818 4857 2927 4896 non
2973 4850 3181 4904 paucos
3224 4840 3606 4899 saepenumero

2017 4938 2178 4992 famis
2210 4939 2500 5007 angustia,
2536 4936 2809 4989 terminos
2843 4932 3009 4986 etiam
3051 4934 3263 4982 natura:
3303 4929 3601 4980 excutere,

2015 5030 2407 5101 hominemque
2449 5028 2599 5085 vesci
2644 5025 2932 5081 tribulium
2982 5018 3347 5089 corporibus,
3385 5022 3441 5067 et
3483 5023 3602 5065 rna-

2009 5332 2206 5387 tertius
2233 5332 2393 5404 χροιᾶ
2430 5331 2711 5404 βάθοςούκ
2740 5330 2873 5400 ἕχει,
2901 5328 3056 5404 color
3084 5341 3185 5379 non
3213 5325 3368 5379 habet
3406 5325 3602 5380 altitu-

2012 5405 2208 5463 dinem,
2235 5398 2641 5473 'iiejuSIEditio
2669 5398 2903 5473 utraque
2933 5398 3012 5451 uti
3044 5398 3096 5473 in
3120 5405 3405 5473 contextu.

2083 5475 2161 5545 (8)
2193 5466 2435 5541 Utraque
2480 5471 2648 5545 editio
2671 5480 2732 5545 _et
2761 5466 2920 5545 Colb.
2948 5469 3148 5545 tertius
3191 5466 3397 5545 πάθους
3417 5480 3600 5535 κρινοιι

2016 5538 2197 5615 μενον,
2229 5538 2643 5615 όθριῖιινειεηΑῑ
2671 5541 2829 5612 Regii
2859 5538 3221 5615 secu_mlus_e_t
3252 5538 3449 5615 tertius
3469 5548 3599 5591 cum

2013 5606 2166 5685 Colb.
2204 5606 2370 5685 tertio
2407 5606 2779 5685 xzpvdiusvov;
2801 5607 3274 5685 emendate._Mox
3314 5606 3427 5685 duo
3456 5620 3595 5685 mea:

2014 5684 2166 5756 φωνὴ
2218 5683 2278 5756 δὲ
2320 5676 2509 5756 λεπτὴ.
2551 5676 2797 5741 Subinde
2846 5681 3003 5738 Colb.
3057 5679 3271 5750 primus
3323 5676 3597 5746 ὀφθαλμοὶ

2014 5754 2389 5819 ἀσθενοῦντες.
