4052 6214
375 290 481 347 323

1729 290 1791 347 S.
1834 290 2079 346 BASlLll
2120 291 2337 348 MAGNI

3551 292 3658 346 524

376 414 515 463 trem
552 405 720 459 lilium
755 421 917 476 quem
952 422 1017 463 ex
1053 413 1243 463 ventre
1274 406 1523 476 protulit,
1554 413 1747 464 vent‘re
1775 423 1972 464 rursus

2076 409 2231 480 ὄρους
2250 407 2470 478 κινῆσαι
2494 407 2594 478 τῆς
2612 407 2826 478 φύσεως
2846 425 2859 438 ·
2884 406 3123 477 ἅψασθαι
3146 405 3244 478 μὲν
3276 404 3561 475 ἄνθρωπον
3580 402 3655 474 (9)

378 497 631 568 improbe
673 498 947 567 excipere.
1002 498 1208 568 Utique
1251 498 1522 568 tragicum
1570 498 1724 553 illum
1780 507 1965 553 actum

377 587 606 644 Judaica
643 587 876 644 historia
924 604 955 642 a
987 588 1237 660 diligenti
1274 589 1394 644 viro
1428 588 1664 659 Josepho
1699 588 1796 660 (8‘)
1834 603 1967 643 con-

380 683 586 752 scripta
614 690 1044 748 commemorat,
1076 697 1203 736 cum
1234 680 1447 736 scilicet
1481 682 1641 736 malis
1671 680 1810 736 diris
1842 680 1968 735 llie-

377 778 718 851 rosolymitae
764 786 1167 848 premerentur,
1207 778 1512 849 pendentes
1560 778 1861 847 impietatis
1910 778 1968 831 in

381 868 675 925 Dominum
711 884 824 926 suae
856 870 1081 925 meritas
1114 885 1328 940 pmnas.
1351 867 1519 924 Vides
1547 876 1601 922 et
1633 869 1813 938 ipsum
1862 885 1967 925 no-

382 972 558 1021 strum
594 965 799 1032 Deum,
830 966 1128 1036 praeteritis
1159 981 1269 1019 non
1315 979 1446 1019 raro
1498 964 1625 1019 aliis
1666 965 1970 1019 incommo-

380 1059 504 1122 dis,
540 1059 853 1114 esurientes
883 1058 1201 1114 condolenti
1248 1059 1439 1113 animo
1484 1058 1758 1112 miserari.
1806 1056 1970 1111 Mise-

379 1160 502 1199 reor
530 1146 670 1200 enim
690 1186 717 1225 ,_
740 1147 947 1217 inquit,
992 1146 1157 1201 turbae
1188 1148 1255 1202 ".
1302 1145 1486 1214 Quare
1528 1156 1583 1203 et
1622 1148 1681 1202 in
1721 1154 1970 1203 extremo

375 1234 622 1305 judicio,
657 1236 752 1291 ubi
779 1237 1012 1293 advocat
1044 1239 1228 1307 justos
1271 1237 1574 1301 Dominus,
1630 1239 1813 1292 locum
1857 1238 1971 1307 pri-

381 1344 533 1384 mum
565 1338 803 1402 occupat
835 1332 930 1403 qui
961 1334 1148 1405 largus
1187 1332 1293 1388 fuit
1314 1347 1380 1387 ac
1412 1334 1654 1390 liberalis
1683 1349 1698 1400 ;
1732 1333 1972 1388 nutritor

383 1421 590 1491 primas
654 1429 801 1479 tenet
863 1425 1008 1478 inter
1058 1439 1157 1482 eos
1210 1427 1414 1496 quibus
1457 1427 1683 1497 praemia
1734 1426 1969 1493 dantur;

383 1531 579 1585 panem
614 1517 710 1587 qui
742 1517 1114 1583 ministravit,
1153 1529 1384 1573 vocatur
1418 1526 1545 1574 ante
1590 1534 1826 1585 omnes;
1874 1520 1985 1590 qui'

384 1606 661 1679 benignus
695 1606 798 1663 fuit
830 1617 884 1664 et
915 1609 1198 1674 liberalis,
1234 1620 1363 1664 ante
1392 1611 1638 1682 reliquos
1683 1611 1865 1680 justos
1905 1613 1970 1666 ad

383 1699 554 1754 vitam
577 1697 961 1753 transmittitur
975 1699 1041 1756 ⁸³.
1068 1697 1173 1766 Qui
1204 1701 1493 1756 illiberalis
1525 1702 1737 1757 exstitit
1767 1709 1822 1757 et
1848 1718 1971 1758 sor-

386 1790 576 1855 didus,
606 1800 736 1848 ante
765 1808 959 1849 omnes
988 1800 1309 1863 peccatores
1336 1793 1447 1864 igni
1490 1794 1729 1849 traditur
1757 1794 1823 1848 '5.
1853 1792 1971 1847 Jain

387 1893 441 1940 te
470 1884 539 1939 ad
572 1894 805 1942 matrem
838 1887 1229 1942 mandatorum
1264 1887 1386 1958 ipsa
1418 1889 1684 1959 temporis
1714 1896 1975 1958 opportu-

384 1975 531 2030 nitas
571 1984 773 2042 vocat;
818 1992 994 2048 eoque
1028 1993 1359 2048 magnopere
1408 1992 1582 2042 cura,
1628 1994 1700 2038 ne
1745 1986 1798 2033 te
1836 1992 1976 2047 prae-

385 2074 560 2121 tereat
598 2068 968 2123 nundinarum
1016 2070 1269 2134 occasio,
1295 2079 1457 2140 atque
1491 2069 1973 2125 commerciorum.

385 2157 530 2214 Fluit
563 2161 708 2214 enim
744 2171 994 2231 tempus,
1038 2177 1139 2217 nec
1179 2169 1460 2232 exspectat
1498 2171 1801 2216 morantem
1831 2180 1843 2215 :
1893 2159 1975 2215 fe-

387 2251 598 2305 stinant
626 2251 778 2316 dies,
810 2268 1032 2323 segnem
1083 2253 1634 2324 pratergrediuntur.
1678 2253 1748 2307 Et
1779 2268 1974 2324 quem—

387 2341 681 2397 admodum
731 2341 880 2397 ﬂuvii
940 2359 1165 2398 cursum
1215 2344 1413 2400 sistere
1462 2360 1575 2400 non
1624 2344 1810 2409 datur,
1868 2341 1976 2401 nisi

384 2433 511 2504 quis
562 2434 715 2488 illum
763 2436 818 2489 in
860 2435 1037 2506 primo
1077 2449 1316 2491 occursu
1365 2451 1430 2491 ac
1473 2438 1713 2493 transitu
1744 2439 1975 2494 interci-

385 2525 579 2596 piens,
616 2542 756 2597 aqua
785 2539 1092 2597 opportune
1119 2536 1346 2596 utatur;
1396 2528 1478 2584 sic
1520 2537 1740 2600 tempus
1784 2546 1976 2586 neces-

387 2618 549 2673 sariis
600 2620 1059 2683 conversionibus
1108 2622 1408 2693 impulsum
1461 2637 1640 2692 neque
1686 2622 1969 2687 cohiberi,

388 2726 568 2780 neque
598 2711 935 2781 praeteritum
966 2718 1118 2767 retro
1147 2712 1398 2768 revocari
1430 2721 1642 2783 potest,
1673 2715 1781 2768 nisi
1810 2714 1936 2785 quis
1956 2755 1971 2779 ,

388 2817 514 2856 cum
557 2802 805 2866 advenit,
853 2803 1251 2873 apprehendat.
1301 2804 1384 2859 0b
1433 2804 1598 2874 idque
1651 2807 1974 2861 mandatum

386 2892 537 2947 velut
576 2891 788 2963 fugiens
839 2893 1023 2948 detiue
1075 2908 1141 2949 ac
1170 2895 1414 2983 confice,
1462 2904 1517 2977 et
1561 2896 1843 2953 undelibet
1886 2913 1977 2951 ar-

2065 499 2174 551 τῶν
2200 499 2490 569 ὁμοφύλων
2520 500 2791 569 σωμάτων
2806 537 2821 561 ,
2855 498 3065 569 μητέρα
3084 498 3141 551 δὲ
3164 496 3330 550 παῖδα
3351 535 3366 558 ,
3395 495 3539 553 ὄνέκ
3560 496 3661 566 τῆς

2066 591 2304 663 γαστρὸς
2333 592 2618 663 προήγαγε
2639 631 2654 655 ,
2686 591 2848 645 πάλιν
2872 594 2938 662 τῇ
2967 591 3167 661 γαστρὶ
3190 588 3376 653 κακῶς
3399 587 3660 655 ὐποδέξα-

2070 684 2213 737 σθαι.
2266 685 2375 737 Καὶ
2418 684 2574 736 τοῦτο
2619 683 2681 736 τὸ
2727 683 2911 754 δρᾶμα
2971 680 3236 753 Ἰουδαῖκὴ
3278 679 3661 752 ἐτραγῴδησεν

2071 776 2279 846 ἱστορία
2298 817 2312 841 ,
2344 777 2410 847 ἢν
2449 774 2711 845 Ἰώσηπος
2740 776 2870 846 ἡμῖν
2893 777 2922 827 6
2951 774 3236 837 σπουδαῖος
3259 771 3659 844 συνεγράψατο,

2068 869 2158 922 ὅτε
2180 869 2249 923 τὰ
2274 867 2427 923 δεινὰ
2448 869 2595 941 πάθη
2618 870 2745 931 τοὺς
2783 865 3214 937 Ἱεροσολυμίτας
3237 864 3528 928 κατέλαϐε,
3559 864 3661 934 τῆς

2070 963 2151 1025 εἰς
2177 962 2270 1015 τὸν
2299 961 2502 1033 Κύριον
2529 960 2847 1022 δυσσεϐείας
2881 960 3122 1022 ἐνδίκους
3156 958 3429 1028 τιμωρίας
3455 956 3663 1010 τιννύνο

2069 1067 2169 1114 τας
2189 1050 2323 1122 (10).
2374 1051 2535 1122 Ὁρᾷς
2559 1051 2653 1104 καὶ
2684 1049 2850 1103 αὐτὸν
2882 1048 2975 1101 τὸν
3005 1049 3269 1118 ἡμέτερον
3303 1046 3434 1100 Θεὸν
3458 1046 3527 1099 τὰ
3560 1046 3660 1116 μὲν

2071 1143 2207 1197 ἄλλα
2235 1143 2344 1198 τῶν
2370 1144 2558 1198 παθῶν
2585 1143 2847 1207 πολλάκις
2872 1141 3291 1213 παρατρέχοντα
3312 1180 3327 1204 ,
3352 1140 3444 1192 ἐπὶ
3465 1139 3521 1192 δὲ
3547 1141 3660 1201 τοῖς

2073 1233 2302 1288 πεινῶσι
2335 1233 2639 1305 συμπαθῶς
2682 1233 3180 1303 σπλαγχνιζόμενον
3210 1246 3222 1259 ’
3259 1227 3655 1299 Σπλαγχνίζο-

2068 1341 2176 1394 μαι
2212 1325 2352 1394 γὰρ,
2392 1325 2556 1396 φησὶν
2575 1364 2590 1388 ,
2636 1324 2735 1377 ἐπὶ
2767 1324 2874 1377 τὸν
2899 1323 3106 1392 ὄχλον.
3141 1322 3232 1375 Διὸ
3262 1321 3356 1374 καὶ
3386 1322 3443 1373 έν
3479 1324 3544 1391 τῇ
3570 1337 3661 1373 τε-

2073 1416 2297 1489 λευταίᾳ
2336 1417 2554 1489 κρίσει,
2596 1415 2723 1469 ἔνθα
2757 1415 3148 1487 προσκαλεῖται
3190 1414 3317 1477 τοὺς
3356 1412 3597 1476 δικαίους
3631 1413 3660 1465 6

2073 1508 2313 1581 Κύριος,
2347 1509 2446 1579 τὴν
2485 1506 2710 1579 πρώτην
2737 1507 2890 1571 τάξιν
2914 1509 2944 1559 6
2975 1504 3326 1577 μεταδοτικὸς
3362 1504 3547 1574 ἐπέχει
3576 1520 3588 1531 '
3631 1505 3661 1557 6

2071 1602 2307 1673 τροφεὺς
2360 1602 2750 1674 πρωτοστάτης
2786 1598 2899 1671 (Η)
2938 1599 3049 1654 τῶν
3093 1598 3456 1669 τιμωμένων
3503 1598 3532 1649 6
3568 1595 3660 1649 τὸν

2075 1694 2237 1765 ἄρτον
2278 1694 2593 1764 χορηγήσας
2634 1693 2739 1764 πρὸ
2781 1692 3000 1746 πάντων
3035 1691 3322 1744 καλεῖται’
3360 1688 3390 1740 6
3425 1685 3662 1758 χρηστὸς

2076 1788 2170 1839 καὶ
2202 1786 2557 1856 εὐμετάδοτος
2589 1785 2697 1858 πρὸ
2724 1784 2834 1838 τῶν
2868 1783 3042 1838 ἄλλων
3069 1783 3295 1836 δικαίων
3323 1784 3388 1853 τῇ
3417 1778 3529 1850 ζωῇ
3564 1797 3663 1831 πα-

2080 1878 2450 1948 ραπέμπεται.
2503 1878 2561 1932 Ὀ
2597 1876 2961 1948 ἀκοινώνητος
2994 1876 3089 1928 καὶ
3119 1873 3376 1943 φειδωλὸς
3402 1873 3512 1945 (12)
3555 1872 3664 1945 πρὸ

2076 1970 2294 2024 πάντων
2326 1969 2665 2042 ἁμαρτωλῶν
2696 1968 2774 2040 τῷ
2808 1971 2941 2041 πυρὶ
2976 1968 3355 2040 παραδίδοται.
3406 1967 3529 2020 Ἐπὶ
3560 1966 3663 2037 τὴν

2080 2061 2296 2133 μητέρα
2332 2078 2391 2114 σε
2418 2062 2528 2114 τῶν
2551 2059 2781 2114 ἐντολῶν
2808 2060 2838 2112 ὁ
2871 2060 3063 2129 καιρὸς
3094 2057 3284 2111 καλεῖ·
3328 2057 3422 2110 καὶ
3455 2055 3664 2128 σφόδρα

2079 2153 2446 2225 μερίμνησον,
2483 2153 2571 2206 ἴνα
2608 2169 2667 2205 σε
2709 2152 2786 2223 μὴ
2820 2151 3066 2222 παρέλθῃ
3096 2152 3124 2204 ὁ
3170 2151 3271 2222 τῆς
3302 2150 3662 2222 πανηγύρεως

2077 2248 2173 2300 καὶ
2203 2246 2312 2298 τῶν
2343 2244 2807 2316 συναλλαγμάτων
2841 2244 3052 2315 καιρός.
3101 2234 3216 2296 Ῥεῖ
3241 2242 3350 2315 γὰρ
3383 2243 3412 2295 ὁ
3445 2242 3661 2313 χρόνος,

2077 2337 2171 2389 καὶ
2194 2336 2294 2389 οὐκ
2321 2335 2598 2406 ἐκδέχεται
2616 2336 2708 2388 τὸν
2730 2333 3063 2406 βραδύνοντα
3083 2351 3096 2364 '
3122 2333 3434 2401 ἐπείγονται
3454 2334 3509 2384 αἱ
3532 2330 3666 2401 ἡμέ-

2081 2445 2170 2500 ραι
2196 2469 2210 2494 ,
2252 2427 2345 2480 τὸν
2395 2427 2626 2498 ὀκνηρὸν
2661 2426 3101 2498 παρατρέχουσιν
3124 2423 3258 2496 (15).
3304 2424 3415 2478 Καὶ
3456 2423 3532 2486 ὡς
3561 2423 3664 2474 οὐκ

2075 2521 2191 2573 ἔστι
2232 2518 2412 2592 ῥεῦμα
2442 2518 2688 2590 ποταμοῦ
2744 2518 2982 2589 στῆσαι,
3015 2520 3063 2571 εί
3108 2522 3181 2589 μή
3220 2533 3302 2581 τις
3326 2554 3341 2579 ,
3391 2515 3533 2597 κατά
3562 2514 3664 2585 τὴν

2076 2613 2301 2684 πρώτην
2335 2612 2573 2677 ἔντευξιν
2594 2612 2689 2666 καὶ
2720 2611 3026 2684 προσϐολὴν
3052 2609 3374 2681 ἀνελόμενος
3393 2649 3407 2674 ,
3435 2608 3515 2670 εἰς
3542 2605 3663 2659 δέον

2075 2703 2155 2775 τῷ
2187 2705 2339 2758 ὕδατι
2365 2707 2631 2778 χρήσαιτο
2648 2725 2662 2737 “
2696 2704 2871 2768 οὕτως
2891 2704 3012 2757 οὐδὲ
3036 2704 3126 2756 τὸν
3149 2702 3338 2775 χρόνον
3360 2704 3478 2765 ταῖς
3498 2701 3665 2768 ἀναγ-

2077 2798 2365 2859 καστικαῖς
2395 2796 2666 2866 περιόδοις
2694 2794 3051 2865 ἐλαυνόμενον
3078 2794 3341 2861 ἐπισχεῖν,
3376 2789 3497 2844 οὐδὲ
3525 2805 3667 2858 παρα

2077 2889 2301 2942 ελθόντα
2352 2886 2615 2941 ἀναλῦσαι
2660 2885 2771 2957 (14)
2823 2887 2904 2950 είς
2943 2885 3007 2939 τὸ
3064 2886 3331 2949 κατόπιν,
3377 2884 3426 2935 εὶ
3470 2881 3545 2953 μή
3579 2897 3665 2942 τις

389 2991 604 3054 reptum
655 2985 806 3041 ulnis
863 2986 1212 3056 amplectere.
1264 2973 1402 3043 Dato
1442 2973 1650 3058 pauca,
1698 2998 1754 3045 ct
1801 2992 1976 3045 multa

2080 2982 2448 3055 προσάγοντος
2480 2979 2715 3034 λάϐοιτο.
2755 2980 2866 3032 Καὶ
2898 2977 2987 3032 διὰ
3013 2977 3172 3031 τοῦτο
3209 2976 3307 3048 τὴν
3339 2973 3555 3045 ἐντολὴν
3588 2973 3666 3036 ὡς

389 3084 746 3148 comparato;
769 3078 1042 3134 exsolvito
1069 3080 1457 3152 primigenium
1488 3089 1794 3152 peccatum,
1825 3084 1977 3138 ciba-

2082 3074 2394 3146 φεύγουσαν
2430 3073 2674 3143 κάτασχε
2721 3073 2818 3126 καὶ
2859 3070 3170 3124 ὲπιτέλεσον
3193 3111 3207 3135 ,
3242 3070 3336 3122 καὶ
3369 3066 3667 3137 λαϐόμενος

2312 3166 2355 3181 η.
2454 3169 2467 3181 .
2604 3169 2628 3181 ..
2695 3166 2708 3181 .
2811 3164 2852 3181 η
3099 3164 3142 3181 η.
3223 3162 3248 3181 ,-
3373 3160 3460 3181 η-
3489 3158 3638 3181 λυ-.-

391 3169 602 3223 riorum
631 3169 939 3240 largitione.
981 3170 1454 3237 Quemadmodum
1495 3173 1644 3227 enim
1670 3174 1845 3229 Adam
1875 3176 1977 3229 im-

2082 3166 2421 3238 πανταχόθεν
2450 3169 2510 3219 ὲν
2535 3169 2658 3229 ταῖς
2684 3164 2954 3233 ἀγκάλαις
2983 3162 3327 3236 περίδραξαι.
3362 3160 3461 3224 Δὸς
3485 3158 3663 3227 ὀλίγα,

391 3259 562 3328 probo
584 3275 681 3315 esu
709 3269 992 3331 peccatum
1017 3262 1321 3318 transmisit
1347 3302 1363 3328 ,
1389 3262 1475 3325 sic
1499 3280 1600 3321 nos
1628 3265 1977 3322 insidiantem

2082 3258 2177 3311 καὶ
2226 3255 2398 3310 πολλὰ
2440 3257 2680 3327 κτῆσαι·
2738 3255 2902 3309 λῦσον
2944 3255 3043 3326 τὴν
3091 3253 3446 3327 πρωτότυπον
3487 3250 3667 3320 ἁμαρ-

391 3368 572 3409 escam
598 3354 880 3410 abolentus
899 3394 916 3421 ,
946 3356 995 3411 si
1026 3353 1216 3411 fratris
1246 3356 1634 3413 necessitatem
1666 3357 1977 3430 famemque

2077 3347 2199 3400 τίαν
2226 3346 2335 3418 (15)
2373 3349 2439 3418 τῇ
2476 3345 2577 3416 τῆς
2604 3348 2812 3417 τροφῆς
2846 3344 3152 3417 μεταδόσει·
3204 3344 3290 3406 Ὠς
3325 3341 3434 3413 γάρ
3471 3339 3663 3409 mi"

393 3461 674 3501 curamus.
2078 3439 2266 3502 κακῶς
2310 3438 2535 3509 φαγὼν,
2583 3438 2684 3510 τὴν
2730 3438 3010 3509 ἁμαρτίαν
3059 3434 3453 3508 παρέπεμψεν,
3491 3430 3664 3494 οὕτως

376 3530 382 3541 ’
2078 3529 2432 3602 ἐξαλείφομεν
2457 3531 2619 3600 ἡμεῖς
2647 3529 2746 3600 τὴν
2770 3528 3055 3583 ἐπίϐουλον
3085 3526 3287 3600 βρῶσιν
3308 3565 3323 3589 ,
3352 3525 3445 3578 ἐὰν
3474 3521 3665 3594 χρείαν

2082 3619 2315 3689 ἀδελφοῦ
2347 3620 2441 3672 καὶ
2469 3618 2628 3689 λιμὸν
2656 3617 3105 3689 θεραπεύσωμεν.

2152 3711 2208 3765 8.
2236 3712 2393 3778 Λαοὶ,
2439 3711 2710 3766 ἀκούσατε
2741 3728 2755 3741 ·
2784 3711 3103 3783 Χριστιανοὶ
3128 3750 3142 3775 ,
3174 3706 3505 3762 ἐνωτίσασθε
3531 3723 3547 3737 ο
3580 3705 3664 3758 ὅτι

2081 3803 2207 3857 τάδε
2235 3802 2388 3872 λέγει
2423 3802 2629 3875 Κύριος
2648 3842 2663 3867 ,
2712 3804 2773 3855 οὐ
2802 3801 3131 3873 δημηγορῶν
3153 3800 3265 3873 (16)
3316 3798 3661 3870 αὑτοφώνως.

462 3706 514 3760 8.
528 3705 741 3777 Populi,
759 3707 946 3764 audite
962 3707 1311 3776 :Clirisliani,
1332 3710 1561 3767 auribus
1575 3711 1836 3782 accipite:
1856 3711 1972 3765 haec

393 3797 528 3853 dicit
549 3798 837 3866 Dominus,
860 3817 973 3857 non
997 3817 1099 3858 sua
1122 3804 1297 3873 ipsius
1320 3817 1454 3858 voce
1476 3803 1842 3867 concionans,
1871 3803 1970 3858 sed

468 3942 515 3986 δ’
553 3953 742 4011 Matth.
776 3972 870 4020 xv,
908 3956 998 4012 52.
1074 3957 1121 3989 ⁵³
1158 3957 1356 4012 Matth.
1394 3973 1521 4019 xxv,
1559 3957 1649 4012 54.
1726 3958 1772 3989 ⁸⁸
1815 3957 1947 4012 ibid.
1983 3958 2075 4013 41.

484 4108 564 4181 8‘)
584 4108 680 4181 _De
706 4108 840 4181 bello
862 4107 994 4181 Iud.
1017 4109 1113 4164 lib.
1139 4127 1237 4173 vn,
1264 4125 1314 4164 c.
1347 4110 1401 4165 8.

463 4146 1462 4251 liiic‘éﬁé:
1492 4196 1617 4234 cum
1651 4179 1814 4235 editis
1840 4179 1972 4250 ἄψα-

398 4248 519 4305 σθαι
550 4250 647 4322 μὲν
672 4248 997 4322 ἀνθρώπων,
1028 4251 1190 4304 male.
1217 4253 1285 4303 At
1310 4250 1442 4322 Reg.
1470 4250 1748 4306 secundus
1773 4248 1975 4322 ἄνθρω-

397 4338 518 4383 πον,
554 4319 708 4394 bene.
735 4319 847 4375 Nec
876 4320 952 4373 ita
975 4322 1145 4376 multo
1164 4331 1288 4391 post
1314 4321 1471 4376 Colb.
1510 4321 1707 4377 tertius
1736 4319 1976 4394 γαστρὸς

396 4392 769 4465 προσήγαγεν.

468 4449 1056 4545 giﬂl'Uiraque'editio
1091 4464 1158 4545 τῇ
1202 4463 1281 4525 εἰς
1322 4462 1412 4545 τὲν
1448 4461 1651 4545 Κῦριον
1689 4460 1978 4543 δυσσεϐεῖς.
2009 4449 2055 4504 Ι)

395 4531 643 4603 ἐνδίκους
674 4532 942 4603 τιμωρίας
996 4531 1293 4596 τιννύντας.
1342 4531 1472 4602 Reg.
1527 4531 1719 4587 tertius
1759 4531 1972 4603 τῆς.....

394 4602 743 4668 δυσσεϐείας
769 4602 901 4672 etc.,
936 4607 994 4655 ut
1027 4618 1217 4671 supra.
1244 4605 1314 4656 At
1336 4612 1575 4670 quatuor
1596 4618 1728 4657 mss.
1760 4602 1974 4672 τῆς.....

394 4673 711 4735 δυσσεϐείας
746 4674 803 4726 ὲν
828 4671 956 4742 δίκῃ
978 4672 1249 4742 τιμωρίαν
1285 4672 1581 4734 τιννύντας.

467 4744 579 4815 (ll)
614 4743 793 4797 Editio
822 4741 998 4796 Paris.
1030 4741 1266 4815 τροφεὺς
1308 4744 1636 4813 προστάτης.
1668 4741 1849 4797 Editio
1875 4741 1980 4796 Ba-

397 4812 491 4871 sil.‘
511 4812 568 4870 et
591 4829 683 4883 sex
720 4828 855 4869 mss.
897 4812 1308 4883 πρωτοστάτης.

469 4885 580 4957 (1‘2)
621 4882 736 4957 Vox_
782 4881 1037 4957 φειδωλός
1058 4881 1322 4957 sumitur
1344 4881 1592 4957 quidem
1611 4950 1622 4957 _
1643 4882 1844 4957 usitate
1878 4895 1979 4950 pro

399 4950 607 5035 parco:
638 4955 755 5016 scd,
792 4954 898 5009 nisi
948 4951 1106 5007 valde
1134 4952 1313 5018 fallor,
1344 4952 1430 5006 hic
1484 4950 1623 5006 sumi
1670 4952 1832 5007 debet
1878 4967 1979 5021 pro

402 5042 584 5081 avaro.

468 5097 579 5167 (l5)
608 5093 854 5167 Utraque
891 5092 1059 5148 editio
1087 5093 1572 5167 ,παρα-τρέχουσαι.
1592 5092 1689 5167 _At
1734 5092 1979 5167 quinque

400 5162 535 5221 mss.
562 5162 1043 5236 παρατρέχουσιν.
1087 5162 1237 5236 Mox.
1263 5162 1420 5236 σου».
1453 5163 1687 5236 _tertiu_s_
1728 5162 1975 5236 ποταμοῦ

399 5237 612 5304 στῆναι.
659 5230 1070 5304 [θὶᾱὲιιίξοάὶιίο
1099 5232 1277 5287 Paris.
1310 5235 1358 5286 εξ
1398 5234 1471 5304 μή
1511 5249 1615 5296 τις.
1646 5230 1850 5304 Vocula
1875 5230 1977 5294 ’τις

398 5302 554 5362 abest
589 5304 830 5360 editione
866 5302 1031 5359 Basil.
1063 5312 1118 5358 et
1147 5318 1178 5356 a
1209 5302 1483 5358 veteribus
1508 5305 1752 5372 quinque
1797 5303 1973 5357 libris.

404 5375 648 5432 Subinde
680 5374 980 5430 Colbertini
1004 5373 1215 5444 primus
1237 5383 1291 5428 et
1323 5375 1518 5427 tertius
1553 5375 1647 5444 καὶ
1680 5373 1973 5444 προϐολήν.

474 5447 583 5519 (ίρ)
625 5445 803 5519 ΕιΙὶιὶο
830 5442 1019 5519 Paris.
1031 5443 1371 5515 παρελθόντα
1390 5442 1742 5519 ἀνακαλέσαι.
1771 5445 1852 5519 At
1867 5442 1979 5496 edi-

401 5513 491 5573 tio'
526 5513 689 5573 B'asil.
742 5525 797 5571 et
839 5517 1080 5588 quinque
1114 5513 1260 5572 mss.
1314 5513 1653 5588 παρελθόντα
1686 5513 1973 5576 ἀναλῦσαι,

398 5588 584 5643 eadem
615 5588 776 5656 plane
800 5586 1097 5656 sententia.

470 5658 579 5729 (15)
611 5653 766 5724 Quod
798 5655 904 5729 hoc
945 5654 1067 5729 loco
1112 5654 1188 5729 ait
1222 5655 1481 5711 Basilius.
1531 5653 1833 5729 solvendum
1856 5670 1976 5729 esse

396 5725 668 5801 peccatum
702 5725 1094 5799 primigenium,
1122 5726 1179 5783 id
1199 5736 1345 5785 certe
1376 5734 1570 5784 uolatu
1602 5734 1686 5784 est
1719 5725 1975 5784 diuitissi-

2083 4127 2230 4183 t_num
2252 4130 2266 4179 ;
2291 4120 2454 4182 atque
2477 4113 2620 4168 haud
2652 4114 2767 4169 scio
2782 4129 2850 4168 an
2877 4115 3086 4169 nullum
3117 4113 3489 4169 testimonium
3517 4115 3661 4183 apud

2082 4180 2275 4237 Patres
2300 4180 2524 4238 Graacos
2564 4192 2740 4239 exstet
2771 4192 2864 4238 aut
2904 4185 3174 4255 insignius
3213 4192 3306 4238 aut
3331 4180 3566 4239 validius
3593 4186 3664 4239 ad

2084 4264 2368 4321 peccatum
2403 4255 2670 4323 originale
2712 4256 3203 4325 comprobandum.
3237 4257 3450 4325 Etenim
3493 4255 3540 4308 si
3568 4271 3665 4308 ne-

2085 4330 2354 4395 cessciest
2386 4325 2543 4377 nobis
2566 4324 2853 4395 peccatum
2888 4327 3116 4395 originis
3139 4326 3372 4388 solvere,
3396 4324 3516 4389 ejus
3540 4339 3666 4378 con-

2086 4393 2187 4447 scii
2222 4394 2395 4448 simus
2421 4404 2659 4463 Oportet.
2690 4393 2858 4450 Nemo
2879 4393 3021 4449 enim
3047 4398 3191 4465 qimd
3218 4411 3324 4449 non
3352 4396 3531 4465 debet.
3555 4397 3665 4450 sol-

2085 4479 2225 4536 vere
2267 4480 2507 4536 unquam
2557 4475 2781 4519 coactus
2822 4474 2926 4520 est.
2975 4464 3143 4530 Illud,
3190 4465 3266 4528 ὡς
3296 4464 3421 4536 -γὰρ
3467 4466 3660 4532 Ἀδὰμ,

2077 4533 2288 4607 κακῶς-
2312 4533 2523 4602 φαγὼν,
2565 4535 2663 4602 τὴν
2699 4537 2975 4607 αμαρτίαν
3017 4533 3400 4607 παρέπεμψεν.
3430 4536 3502 4589 ita
3527 4552 3665 4607 Avcr-

2078 4612 2217 4658 terat
2249 4602 2638 4675 Volaterranus
2662 4625 2673 4659 :
2693 4602 2841 4659 Sicut
2865 4610 3003 4659 enim
3034 4602 3172 4660 male
3199 4602 3399 4660 edendo
3429 4605 3666 4675 maleque

2078 4674 2438 4745 ciboiulendo
2492 4675 2667 4728 Adam
2726 4688 2998 4744 peccatum
3040 4678 3285 4733 incurrit.
3342 4676 3448 4731 Sed
3505 4674 3666 4745 longe

2080 4744 2228 4798 aliud
2256 4754 2638 4816 estpcccatum
2663 4746 2968 4811 incurrere,
2992 4747 3138 4801 aliud
3175 4756 3458 4816 peccatum
3479 4744 3663 4801 trans-

2080 4817 2315 4869 mittere.
2356 4816 2433 4868 lta
2479 4815 2854 4885 interpretari,
2904 4824 2987 4873 est
3020 4817 3095 4870 ita
3123 4815 3419 4873 obscurare
3446 4817 3661 4885 gravis-

2080 4885 2274 4958 simam
2302 4887 2661 4958 sententiam,
2697 4900 2756 4941 ut
2779 4903 2865 4951 ea,
2900 4887 3007 4958 nisi
3040 4887 3421 4958 intelligantur
3446 4885 3659 4948 Graeca,

2079 4956 2316 5027 perspici
2348 4956 2497 5027 nullo
2528 4955 2690 5011 modo
2723 4959 2917 5026 possit.
2945 4957 3055 5011 Nec
3082 4955 3412 5027 queinquam
3442 4972 3663 5012 movere

2079 5024 2261 5097 debet,
2297 5024 2776 5097 quodipeccatuin
2822 5024 3206 5097 primigenium
3260 5024 3399 5083 solvi
3448 5029 3665 5083 dicatur

2079 5095 2412 5177 cibariorum
2443 5095 2780 5177 largitione.
2820 5095 2946 5177 cum
2999 5095 3285 5177 tamenuid
3333 5099 3664 5177 baptismate

2080 5166 2215 5221 solvi
2245 5174 2479 5238 constet.
2513 5166 2606 5220 Sic
2644 5169 2787 5223 enim
2823 5168 3053 5238 loquens
3086 5168 3346 5232 Basilius,
3399 5166 3664 5238 catechu-

2079 5251 2272 5308 menoﬁs
2298 5237 2393 5307 qui
2427 5244 2557 5291 tunc
2584 5238 2725 5292 inter
2745 5236 2981 5294 alios‘in
3010 5241 3375 5294 concionibus
3410 5236 3662 5308 frequen-

2078 5307 2436 5379 tesaderant,
2464 5323 2562 5379 pro
2584 5308 2730 5362 virili
2758 5309 3099 5375 hortabatur,
3125 5317 3183 5364 ut
3211 5325 3332 5365 sese
3358 5307 3525 5379 stipis
3540 5324 3664 5363 ero-

2078 5377 2296 5449 gatione
2311 5378 2378 5431 ad
2396 5378 2707 5447 primigenii
2726 5380 2937 5448 peccati
2958 5380 3145 5434 ellicax
3165 5377 3492 5442 remedium,
3513 5378 3663 5449 quod

2078 5447 2363 5522 baptisma
2383 5455 2488 5515 est,
2526 5447 2920 5519 praepararent.
2966 5449 3154 5507 Codex
3184 5449 3435 5507 Combef.
3473 5447 3663 5522 ἁμαρ-

2077 5517 2199 5589 τίαν
2227 5518 2438 5589 παρέπε
2447 5535 2607 5589 μπεν.

2150 5588 2263 5657 (16)
2292 5588 2517 5665 Veteres
2549 5591 2793 5665 quinque
2831 5590 2957 5665 libri
2989 5590 3195 5665 Κύριος
3236 5592 3265 5644 6
3307 5588 3663 5665 δημηγορῶν.

2084 5658 2324 5731 Utraque
2351 5659 2521 5717 editio
2552 5658 2755 5732 Κύριος
2793 5662 2853 5715 οὐ
2884 5658 3230 5735 δημηγορῶν.
