4052 6214
332 317 431 373 525

390 439 412 451 υ

1140 320 1426 377 ΗΟΜΙΗΛ
1464 322 1670 377 υἷΩΤΛ
1718 322 2044 378 TEMPORE
2084 322 2293 379 FAMIS
2335 323 2422 378 ET
2465 319 2865 378 SlCClTATlS.

3512 317 3616 373 526

328 439 441 498 τοῖς
488 435 545 489 δὲ
576 435 686 488 τῶν
719 435 927 488 δούλων
981 437 1238 505 στόμασιν
1286 436 1493 507 ἐνηχῶν
1539 437 1614 500 ὡς
1653 439 1922 508 ὀργάνοις.

2035 453 2320 491 servorum
2351 453 2448 493 ore
2483 447 2746 508 tanquam
2782 443 3158 492 instrumento
3190 453 3479 493 resonans.
3505 439 3616 494 Nos

330 529 424 598 Μὴ
447 528 700 599 φανῶμεν
720 531 769 581 oi
785 529 1000 596 λογικοὶ
1021 528 1128 581 τῶν
1150 529 1361 597 ἀλόγων
1385 529 1674 598 ὠμότεροι.
1715 529 1930 583 Ἐκεῖνα

332 624 446 694 γὰρ
493 623 604 684 τοῖς
655 623 722 675 ἐκ
768 622 872 692 τῆς
905 622 1014 691 γῆς
1061 622 1350 692 φυομένοις
1389 620 1542 692 παρὰ
1576 623 1674 690 τῆς
1713 620 1928 689 φύσεως

334 717 412 778 ὡς
437 715 543 784 (Π)
582 716 736 783 κοινῇ
779 713 1101 784 κέχρηνται.
1159 715 1268 766 Καὶ
1303 712 1595 784 προϐάτων
1637 712 1830 781 ἀγέλαι
1869 713 1926 764 ἐν

338 810 437 861 καὶ
455 810 514 862 τὸ
549 809 678 862 αὐτὸ
703 808 1138 861 καταϐόσκονται
1171 807 1296 878 ὅρος
1315 825 1328 836 '
1378 808 1539 860 ἵπποι
1569 808 1626 860 δὲ
1662 807 1925 878 παμπλη-

338 901 452 964 Θεῖς
483 899 608 970 μίαν
637 900 732 953 καὶ
767 899 866 970 τὴν
894 899 1067 969 αὐτὴν
1101 899 1500 970 κατανέμονται
1534 898 1793 952 πεδιάδα·
1832 899 1927 951 καὶ

338 993 516 1046 πάντα
549 992 614 1045 τά
651 991 772 1044 καθ’
820 991 1054 1044 ἕκαστον
1104 991 1274 1054 οὕτως
1326 991 1576 1062 ἀλλήλοις
1619 991 1924 1062 ἀντιπαρα-

337 1083 633 1156 χωρεῖῌὸ)
667 1083 767 1152 τῆς
803 1083 1107 1151 ἀναγκαίας
1146 1082 1254 1135 τῶν
1293 1082 1496 1153 χρειῶν
1529 1082 1881 1145 ἀπολαύσεως
1907 1099 1920 1112 °

336 1179 500 1247 ἡμεῖς
533 1177 619 1237 δὲ,
656 1174 1098 1246 ἐγκολπιξὸμεθα
1130 1174 1197 1228 τὰ
1231 1175 1386 1228 κοινὰ.
1406 1215 1420 1238 ,
1469 1176 1540 1228 τά
1575 1175 1682 1228 τῶν
1714 1175 1927 1227 πολλῶν

336 1269 494 1338 μόνοι
550 1268 765 1338 ἔχομεν.
823 1267 1173 1337 Αίδεσθῶμεν
1239 1267 1505 1338 Ἑλλήνων
1566 1265 1925 1338 φιλάνθρωπα

331 1361 673 1430 διηγήματα.
712 1359 871 1430 Παρά
904 1377 1046 1412 τισιν
1084 1359 1306 1412 ἐκείνων
1343 1359 1506 1430 νόμος
1547 1357 1925 1429 φιλάνθρωπος

337 1455 468 1524 μίαν
499 1453 810 1524 τράπεζαν,
842 1455 936 1506 καὶ
963 1452 1118 1506 κοινὰ
1147 1452 1216 1504 τὰ
1245 1453 1388 1505 σιτία
1407 1492 1421 1516 ,
1455 1453 1582 1522 μίαν
1609 1452 1791 1503 ἑστίαν
1813 1451 1923 1521 (19)

336 1547 526 1616 σχεδὸν
571 1547 662 1599 τῖον
701 1545 1128 1617 πολυάνθρωπον
1166 1546 1336 1615 δῆμον
1378 1545 1770 1616 ἀπεργάζεται.
1809 1545 1924 1598 Κα-

331 1640 683 1710 ταλείιξωμεν
701 1641 826 1702 τοὺς
853 1639 1071 1704 ἔξωθεν,
1099 1639 1192 1691 καὶ
1224 1637 1542 1708 ἐπέλθωμεν
1568 1637 1625 1690 τὸ
1646 1637 1754 1689 τῶν
1779 1653 1926 1708 τρισ-

334 1732 523 1801 χιλίων
558 1731 892 1802 ὑπόδειγμα·
944 1731 1005 1783 τὸ
1049 1731 1262 1803 πρῶτον
1294 1730 1402 1782 τῶν
1435 1728 1780 1798 Χριστιανῶν
1829 1728 1923 1799 ζη-

332 1823 601 1894 λὼσωμεν
637 1824 955 1894 σύνταγμα·
991 1823 1139 1884 ὅπως
1171 1817 1239 1892 ἦν
1278 1822 1462 1884 αὐτοῖς
1497 1822 1715 1875 ἅπαντα
1744 1821 1920 1884 κοινὰ,
1960 1801 2002 1854 Β

331 1920 361 1969 ὀ
411 1915 561 1984 βίος,
620 1919 653 1988 ἡ
697 1915 874 1986 ψυχὴ,
925 1918 959 1987 ἡ
996 1915 1316 1986 συμφωνία,
1366 1917 1399 1983 ἡ
1450 1914 1697 1984 τράπεζα
1747 1912 1920 1984 κοινὴ,

331 2008 639 2076 ἀδιαίρετος
672 2007 966 2078 ἀδελφότης
992 2047 1006 2071 ,
1044 2008 1227 2078 ἀγάπη
1261 2006 1625 2077 ἀνυπόκριτος
1645 2047 1659 2070 ,
1694 2005 1762 2058 τὰ
1791 2001 1921 2059 πολ-

330 2100 402 2152 λα
433 2101 663 2170 σώματα
694 2101 750 2154 ἐν
781 2101 1123 2172 ἐργαζομένη
1149 2115 1160 2128 ⁸
1189 2101 1286 2162 τας
1311 2100 1602 2172 διαφόρους
1629 2101 1808 2171 ψυχὰς
1844 2102 1924 2164 εἰς

335 2193 468 2262 μίαν
504 2192 758 2262 ὁμόνοιαν
792 2193 1103 2263 ἁρμόζουσα
1130 2191 1259 2262 (‘20).
1315 2190 1492 2243 Πολλὰ
1539 2191 1640 2258 τῆς
1681 2190 1925 2260 φιλαδελ-

333 2287 462 2352 φίας
492 2285 638 2355 ἔχεις
670 2287 732 2337 ἐκ
763 2286 1005 2348 Παλαιέἰς
1036 2284 1310 2356 Διαοήκης
1344 2284 1436 2337 καὶ
1463 2286 1526 2336 ἐκ
1553 2286 1654 2354 τῆς
1682 2285 1828 2348 Νέας
1856 2285 1924 2339 τὰ

334 2378 726 2447 ὐπώείγματα.
766 2376 1088 2448 Πρεσϐύτην
1113 2375 1205 2428 ἐὰν
1237 2376 1352 2449 ἴδῃς
1374 2375 1730 2446 λιμώττοντα,
1765 2379 1924 2445 μετά·

333 2471 543 2523 στειλαι
576 2471 669 2522 καὶ
699 2469 894 2540 Ορέψον
915 2511 928 2530 ,
960 2468 1034 2531 ὡς
1080 2468 1277 2537 Ἰωσὴφ
1308 2469 1398 2521 τὸν
1437 2467 1651 2521 Ἰακώϐ.
1699 2468 1922 2538 Ἐχθρὸν

331 2563 430 2614 ὲαν
458 2562 628 2633 εὕρῃς
658 2561 1032 2630 στενοὺμενον,
1062 2560 1136 2631 μὴ
1165 2559 1430 2630 ἐπιϐάλῃς
1457 2562 1520 2630 τῇ
1540 2559 1676 2630 ὀργῇ
1699 2563 1763 2630 τῇ
1799 2577 1924 2612 κατ-

331 2658 534 2728 εχοὺσῃ
575 2657 673 2726 τὴν
718 2655 963 2725 ἄμυναν·
1013 2653 1147 2706 ἀλλὰ
1181 2653 1380 2725 Ορέψον
1432 2654 1507 2715 ὡς
1557 2654 1765 2716 ἐκεῖνος
1797 2655 1922 2717 τοὺς

330 2748 596 2817 ἀδελφοὺς
641 2747 769 2810 τοὺς
816 2747 1192 2818 τ’ωλήσαντας.
1247 2745 1374 2798 Ἐὰν
1411 2745 1640 2818 ἐντύχῃς
1672 2747 1922 2816 νεωτέρῳ

331 2841 827 2912 καταπονουμένῳ,
845 2840 988 2892 οὕτω
1015 2839 1301 2910 δακρυσον,
1333 2839 1407 2902 ὡς
1438 2841 1644 2901 ἐκεῖνος
1667 2839 1756 2890 τὸν
1788 2839 1922 2890 Βεν-

333 2934 489 3003 ιαμὶν
538 2933 630 2984 τὸν
693 2931 788 2983 τοῦ
844 2931 1032 3001 γήρως
1082 2930 1192 2982 υἱόν
1224 2928 1358 3000 (21).
1409 2927 1671 2999 Πειράζει
1725 2929 1819 2981 καὶ
1862 2929 1921 2980 σὲ

329 3025 493 3095 τυχὸν
524 3026 558 3095 ἡ
593 3022 904 3088 πλεονεξία,
929 3023 1004 3085 ὡς
1026 3021 1116 3076 τὸν
1153 3022 1349 3092 Ἰωσὴφ
1376 3023 1408 3092 ἡ
1441 3020 1698 3074 δέσποινα
1717 3038 1728 3050 ·
1770 3019 1919 3073 ἓλκει

333 3135 391 3170 σε
430 3117 541 3169 τῶν
575 3115 836 3186 ἱματίων,
862 3115 948 3168 ἵνα
982 3114 1082 3183 τῆς
1108 3113 1327 3182 ἐντολῆς
1355 3114 1794 3186 καταφρονήσῃς,
1827 3115 1920 3166 καὶ

333 3208 568 3279 φιλήσῃς
606 3207 807 3277 μᾶλλον
839 3207 1054 3276 ἐκείνην
1085 3205 1178 3276 τὴν
1214 3206 1538 3275 φιλόχρυσον
1576 3207 1670 3258 καί
1707 3206 1920 3274 φιλόκο-

335 3318 469 3371 σμον
507 3300 662 3371 παρὰ
703 3299 764 3352 τὸ
811 3298 904 3351 τοῦ
951 3298 1221 3351 Δεσπὸτου
1257 3299 1607 3368 πρόσταγμα.
1651 3299 1818 3349 Ὅταν
1855 3297 1918 3368 δὴ

333 3393 460 3465 ἑλοῃ
500 3392 765 3462 λογισμὸς
813 3394 878 3460 τῇ
921 3390 1107 3460 ἐντολῇ
1144 3391 1324 3462 ἐκείνῃ
1358 3389 1607 3460 πολεμῶν
1628 3429 1641 3450 ,
1690 3390 1783 3442 καὶ
1830 3389 1919 3442 τὸν

334 3483 587 3553 σώφρονα
637 3481 763 3534 νοῦν
819 3483 897 3543 εὶς
947 3479 1044 3549 τὴν
1101 3479 1464 3548 φιλαργυρίαν
1515 3477 1916 3548 ἐπισπώμενος,

332 3574 434 3643 τῆς
460 3571 817 3644 φιλαδελςςίας
871 3570 1302 3640 καταναγκάζων
1348 3571 1601 3642 ἀμελεῖν,
1657 3572 1750 3623 καὶ
1790 3589 1920 3624 κατ-

334 3667 469 3736 έχων
501 3667 637 3736 πρὸς
666 3665 855 3735 αὐτὴν,
887 3665 1184 3735 πρόσριψον
1211 3666 1304 3717 καὶ
1334 3665 1397 3717 σὺ
1425 3664 1491 3716 τὰ
1527 3664 1738 3735 ἱμάτια,
1769 3663 1921 3733 ὀργι-

335 3762 478 3823 σθεὶς
528 3762 922 3830 ἀναχωρησον⁶
975 3757 1206 3825 φύλαξον
1238 3757 1316 3827 τῷ
1355 3756 1544 3827 Κυρίῳ
1581 3757 1679 3824 τὴν
1715 3756 1915 3822 πίστιν,

332 3853 404 3914 ὡς
435 3856 645 3914 ἐκεῖνος
678 3850 756 3922 τῷ
786 3852 1070 3921 Πεντεφρῇ
1092 3867 1103 3878 ·
1142 3850 1199 3901 ἐν
1230 3851 1311 3902 ἐνὶ
1338 3849 1569 3918 ἐνιαυτῷ
1590 3847 1688 3919 τὴν
1713 3847 1920 3901 ἔνδειαν

332 3946 693 4016 οἰκονόμησον
711 3985 726 4008 ,
754 3944 829 4008 ὡς
861 3946 1068 4006 ἐκεῖνος
1095 3945 1152 3996 ἐν
1179 3945 1291 4005 τοῖς
1322 3943 1480 3994 ἑπτά.
1522 3941 1612 4010 Μὴ
1646 3941 1712 3994 τὰ
1741 3940 1920 3994 πάντα

331 4043 394 4108 τῇ
427 4038 590 4108 ἡδονῇ
616 4079 630 4102 ,
677 4037 765 4100 δός
799 4055 851 4090 τι
884 4038 977 4089 καὶ
1006 4039 1072 4107 τῇ
1107 4035 1271 4105 ψυχῇ.
1310 4035 1419 4087 Καὶ
1448 4034 1542 4086 δύο
1575 4050 1656 4086 σοι
1698 4033 1919 4103 νόμισον

333 4128 469 4183 εἶναι
501 4130 812 4201 Θυγατὲρας
829 4146 843 4160 ⁸
875 4131 975 4200 τὴν
1002 4128 1296 4182 εὐπάθειαν
1323 4127 1420 4198 τὴν
1449 4127 1637 4180 ἐνθάδε
1654 4167 1668 4191 ,
1701 4127 1796 4179 καὶ
1821 4126 1918 4197 τὴν

333 4219 476 4290 (etv
504 4219 606 4290 τὴν
637 4221 695 4270 ἐν
723 4222 837 4282 τοῖς
865 4220 1132 4288 οὐρανοῖς.
1173 4219 1234 4270 Ei
1270 4217 1344 4289 μὴ
1380 4218 1613 4289 Θελήσῃς
1648 4217 1715 4270 τὰ
1741 4217 1917 4270 πάντα

330 4311 509 4365 δοῦναι
531 4316 600 4383 τῇ
620 4312 921 4382 κρείττονι,
956 4313 1181 4383 μέρισον
1211 4311 1340 4380 γοῦν
1371 4309 1431 4374 ἐξ
1461 4310 1585 4382 ἴσης
1606 4313 1671 4382 τῇ
1703 4328 1761 4363 τε
1789 4312 1919 4362 ἁκο-

329 4407 512 4473 λάστνρ
543 4404 697 4456 παιδί
723 4404 817 4456 καὶ
843 4407 908 4474 τῇ
940 4402 1196 4476 σώφρονι.
1232 4403 1324 4472 Μὴ
1351 4402 1446 4474 τὴν
1468 4403 1699 4456 ἐνταῦθα
1722 4405 1919 4470 διαγω-

2039 532 2135 600 qui
2169 532 2384 586 ratione
2420 531 2637 600 praediti
2669 545 2898 594 sumus.
2933 546 3002 585 ne
3031 531 3209 584 brutis
3242 533 3615 588 animantibus

2032 623 2316 678 videamur
2367 623 2749 677 immaniorcs.
2782 621 2878 675 Illa
2924 622 3069 676 enim
3119 621 3190 676 iis
3221 638 3340 691 qum
3372 640 3440 679 ex
3467 634 3615 680 terra

2031 717 2356 771 naturaliter
2385 723 2712 783 nascuntur,
2746 715 2908 786 quasi
2945 715 3316 769 communiter
3356 725 3606 773 utuntur.

2030 807 2210 862 Unum
2265 816 2320 864 et
2377 808 2630 863 eumdem
2694 815 2937 862 montem
2992 807 3368 877 depascuntur
3421 824 3614 879 greges

2028 903 2209 956 ovium
2237 921 2249 956 :
2273 902 2400 972 equi
2428 901 2820 972 quamplurimi
2850 901 2906 955 in
2939 916 3050 956 uno
3093 901 3396 971 eodemque
3420 916 3615 972 campo

2029 1001 2244 1064 pastum
2280 1001 2602 1063 capessunt.
2652 993 2898 1064 Denique
2930 994 3148 1064 singula
3178 995 3480 1051 necessarii
3512 1010 3613 1065 pa-

2029 1089 2140 1142 buli
2180 1103 2339 1142 nsum
2391 1089 2464 1141 ita
2520 1087 2624 1143 sibi
2669 1087 2904 1141 invicem
2953 1086 3176 1141 cedunt.
3225 1085 3337 1142 Nos
3384 1095 3612 1151 contra,

2026 1196 2147 1250 quae
2178 1187 2308 1235 sunt
2335 1179 2650 1234 communia
2677 1219 2689 1242 ,
2722 1179 2825 1248 71
2854 1177 3107 1234 abdimus
3133 1179 3187 1233 in
3213 1179 3376 1234 sinu:
3404 1193 3467 1234 ea
3493 1195 3616 1249 quas

2027 1271 2322 1323 multorum
2349 1276 2507 1336 sunt,
2528 1269 2874 1338 possidemus
2903 1269 3028 1324 soli.
3061 1270 3194 1336 Quae
3225 1270 3292 1324 de
3317 1271 3614 1342 gentilibus

2025 1369 2286 1414 narratur
2315 1362 2664 1430 humanitas,
2695 1362 2928 1415 incutiat
2962 1362 3120 1418 nobis
3162 1364 3447 1432 pudorem.
3494 1362 3608 1419 Lex

2029 1450 2390 1508 humanitatis
2437 1452 2599 1522 plena
2653 1451 2796 1522 apud
2846 1453 3114 1522 quosdam
3160 1455 3413 1520 illorum,
3446 1472 3612 1510 unam

2029 1560 2314 1610 mensam,
2352 1560 2671 1600 communes
2703 1545 2892 1611 cibos,
2925 1555 2977 1600 et
3010 1562 3174 1600 unam
3207 1548 3318 1602 fere
3351 1548 3613 1601 familiam

2026 1639 2287 1708 populum
2320 1637 2662 1708 frequentem
2694 1636 2877 1693 eilicit.
2909 1636 3306 1709 Relinquamus
3331 1648 3609 1704 externos,

2025 1738 2078 1784 et
2105 1732 2390 1784 veniamus
2418 1729 2485 1783 ad
2515 1731 2680 1784 trium
2713 1731 2946 1784 millium
2989 1734 3300 1802 exemplum
3331 1775 3343 1786 .
3391 1734 3612 1788 aemule-

2028 1838 2150 1877 mur
2183 1824 2417 1893 primum
2446 1832 2649 1878 emtum
2682 1824 3124 1879 Christianorum
3146 1865 3160 1887 ,
3194 1841 3318 1880 cum
3349 1826 3430 1882 eis
3459 1842 3612 1880 com-

2027 1917 2215 1971 munia
2265 1928 2452 1972 essent
2499 1918 2684 1972 omnia
2723 1917 2793 1985 ⁸⁸,
2831 1917 2979 1983 vita,
3035 1920 3251 1986 anima,
3306 1935 3612 1975 consensus

2027 2023 2170 2063 unus
2192 2048 2207 2072 ,
2238 2011 2549 2064 communis
2582 2025 2807 2076 mensa,
2855 2009 3175 2068 fraternitas
3217 2011 3492 2078 indivisa;
3527 2013 3613 2066 di-

2026 2102 2188 2156 lectio
2219 2117 2327 2156 non
2363 2103 2510 2166 ﬁcta,
2542 2117 2776 2171 corpora
2805 2103 2975 2156 multa
3009 2119 3178 2156 unum
3201 2103 3462 2167 efﬁciens,
3495 2106 3612 2158 auio

2026 2210 2144 2248 mas
2201 2194 2451 2250 diversas
2508 2195 2576 2247 ad
2631 2210 2963 2249 consensum
3022 2211 3190 2249 unum
3250 2211 3607 2265 componens.

2026 2284 2202 2340 [labes
2234 2301 2339 2339 non
2370 2301 2543 2356 pauca
2581 2292 2696 2339 tum
2729 2301 2793 2339 ex
2829 2285 3045 2348 Veteri,
3080 2295 3194 2339 tum
3227 2303 3294 2340 ex
3325 2285 3475 2342 Novo
3508 2287 3611 2342 Te-

2026 2385 2332 2440 stamento,
2382 2377 2609 2432 fraterni
2659 2378 2865 2432 amoris
2910 2377 3178 2447 exempla.
3224 2376 3426 2432 Senem
3471 2380 3612 2434 fame

2026 2469 2366 2522 laborantem
2399 2469 2445 2524 si
2480 2469 2717 2535 videris,
2753 2484 2974 2523 accerse
3007 2469 3220 2538 ipsum,
3253 2478 3307 2523 et
3338 2471 3422 2525 ale
3464 2472 3612 2525 velut

2023 2559 2223 2630 Joseph
2254 2559 2427 2615 Jaeob
2456 2562 2526 2616 ⁸⁸.
2560 2560 2848 2617 Inimicum
2885 2562 2930 2616 si
2958 2562 3231 2630 repereris
3261 2563 3314 2615 in
3342 2563 3612 2633 angustiis

2025 2656 2294 2724 positum,
2327 2673 2394 2709 ne
2425 2655 2666 2724 adjunge
2697 2655 2764 2709 ad
2812 2655 2948 2708 iram
2995 2670 3103 2724 qua
3147 2657 3479 2724 occuparis,
3527 2657 3613 2709 nl-

2025 2748 2226 2802 tionem
2257 2767 2271 2812 ;
2307 2749 2399 2802 sed
2429 2748 2512 2802 ale
2541 2749 2686 2801 velut
2720 2749 2811 2802 ille
2845 2749 3042 2802 fratres
3072 2749 3116 2780 ⁶⁷
3149 2763 3179 2802 a
3205 2749 3409 2819 quibus
3435 2750 3611 2805 fuerat

2023 2840 2276 2896 venditus
2310 2841 2376 2892 ⁸⁸.
2411 2838 2469 2894 Si
2518 2840 2783 2894 incideris
2827 2839 2880 2893 in
2924 2840 3204 2908 juniorem
3249 2841 3606 2903 amictatum,

2023 2927 2095 2980 ita
2141 2941 2266 2980 eum
2314 2925 2548 2989 defleto,
2600 2928 2680 2981 uti
2727 2928 2817 2982 ille
2866 2927 3155 2996 Benjamin
3199 2931 3501 2984 senectutis
3551 2932 3612 2984 li-

2024 3018 2154 3070 lium
2185 3017 2455 3072 ”.Tentat
2482 3027 2534 3073 te
2560 3021 2726 3076 etiam
2753 3020 2988 3074 fortasse
3016 3021 3268 3084 avaritia,
3294 3020 3611 3077 velutJose-

2025 3111 2189 3179 phum
2225 3111 2356 3164 hera
2386 3129 2398 3174 ;
2435 3111 2601 3165 trahit
2633 3119 2686 3166 te
2717 3114 2828 3167 tuis
2860 3115 3204 3169 vestimentis
3233 3114 3276 3145 ⁶⁰
3297 3154 3312 3179 ,
3349 3123 3407 3167 ut
3455 3131 3612 3169 man-

2024 3202 2212 3255 datum
2245 3219 2506 3272 spernas,
2547 3204 2830 3273 ipsamque
2856 3207 2974 3259 auri
3008 3205 3308 3275 mundique
3338 3216 3610 3261 amantem

2022 3309 2135 3366 prze
2165 3295 2424 3349 mandato
2453 3295 2668 3349 Domini
2701 3297 2921 3367 diligas.
2955 3296 3058 3350 Ubi
3089 3298 3350 3367 cogitatio
3379 3298 3612 3353 subierit

2025 3387 2152 3441 huic
2208 3387 2466 3441 mandato
2529 3404 2883 3458 repugnans,
2946 3390 3309 3460 alliciensque
3366 3391 3608 3445 animum

2023 3477 2160 3533 bene
2210 3489 2484 3532 moratum
2541 3481 2607 3534 ad
2660 3481 2983 3545 avaritiam.
3035 3491 3090 3537 et
3132 3483 3456 3538 cliaritatein
3495 3483 3610 3537 fra-

2025 3579 2235 3626 ternam
2283 3573 2556 3642 negligere
2591 3589 2831 3644 cogens,
2882 3582 3045 3645 teque
3087 3592 3276 3630 secum
3316 3578 3607 3644 detinens,

2023 3663 2200 3732 abjice
2237 3674 2291 3718 et
2330 3673 2384 3717 tu
2416 3666 2778 3730 vestimenta,
2813 3667 2988 3722 iratus
3030 3669 3226 3723 secede
3265 3688 3277 3723 :
3315 3670 3472 3724 fidem
3504 3668 3612 3723 Do-

2022 3756 2205 3819 mino,
2244 3756 2393 3810 velut
2428 3756 2518 3810 ille
2550 3756 2902 3826 Penteplirze,
2937 3771 3155 3813 servato
3187 3761 3226 3791 ⁶¹
3259 3779 3270 3814 :
3308 3777 3405 3830 per
3440 3777 3610 3815 unum

2023 3863 2256 3912 annum,
2290 3848 2368 3900 uti
2401 3847 2490 3902 ille
2521 3864 2616 3917 per
2646 3858 2886 3918 septem,
2925 3849 3053 3904 fami
3086 3852 3310 3920 provide
3343 3863 3396 3906 et
3437 3869 3600 3922 penu-

2023 3938 2136 3990 riae.
2173 3936 2449 4007 Voluptati
2487 3953 2594 3991 non
2641 3940 2862 4002 omnia,
2906 3939 3002 3994 sed
3049 3943 3245 3996 anima:
3281 3944 3446 3997 etiam
3497 3959 3608 3997 non

2022 4030 2158 4084 nihil
2189 4029 2279 4085 da.
2313 4031 2493 4099 Atque
2521 4031 2662 4085 duas
2695 4032 2792 4085 tibi
2828 4032 2968 4087 ﬁlias
3000 4050 3124 4088 esse
3168 4045 3330 4105 puta,
3382 4051 3611 4105 prospe-

2023 4123 2238 4175 ritatem
2282 4131 2642 4192 praesentem,
2685 4131 2739 4176 et
2783 4124 2950 4176 vitam
2998 4126 3303 4180 cmlcstem.
3333 4125 3529 4180 Omnia
3561 4127 3607 4181 si

2021 4215 2164 4269 nolis
2192 4214 2324 4269 dare
2353 4217 2723 4284 praaslantiori
2744 4259 2758 4280 ,
2792 4218 2999 4288 partire
3031 4226 3181 4273 certe
3227 4234 3293 4274 ex
3336 4234 3494 4289 atquo
3525 4221 3608 4273 in-

2023 4315 2104 4361 ter
2133 4307 2567 4362 incontinentem
2623 4309 2823 4373 filiam,
2880 4317 2934 4364 et
2983 4311 3260 4380 pudicam.
3308 4309 3506 4366 Astare
3555 4319 3608 4366 te

2021 4399 2274 4465 Christo,
2329 4410 2384 4454 et
2443 4400 2499 4454 in
2555 4410 2911 4471 conspectum
2967 4403 3173 4470 judicis
3229 4404 3418 4457 venire
3478 4419 3606 4458 cum

330 4499 433 4569 γὴν
479 4496 854 4568 ὕπέρπλουτον
902 4495 1112 4568 δείξῃς,
1162 4496 1375 4566 γυμνὴν
1417 4495 1473 4547 δὲ
1502 4495 1600 4565 τὴν
1627 4494 1790 4564 ἄλλην
1825 4496 1918 4548 καὶ

2025 4489 2362 4560 oportuerit,
2407 4505 2475 4545 ne
2521 4489 2662 4544 hanc
2709 4494 2875 4545 vitam
2925 4493 3069 4546 ultra
3113 4491 3336 4546 modum
3377 4493 3604 4546 dilatam

331 4591 549 4661 ῥακίοις
581 4587 970 4658 ἠμφιεσμένην
989 4628 1003 4652 ,
1040 4587 1201 4658 ἡνίκα
1234 4586 1427 4657 ἂνθίὶ)
1463 4587 1556 4659 δέῃ
1585 4604 1644 4640 σε
1673 4587 1749 4657 τῷ
1779 4588 1914 4657 Χρι-

330 4682 443 4752 στῷ
488 4681 872 4752 παραστῆναι,
924 4679 1019 4732 καὶ
1065 4681 1144 4741 εἰς
1191 4678 1311 4748 ὄψιν
1357 4679 1530 4731 ἐλθεῖν
1568 4678 1660 4731 τοῦ
1697 4677 1912 4750 κριτοῦ,

328 4774 551 4844 νύμςης
580 4773 810 4843 ἔχουσαν
845 4770 1032 4841 σχῆμα
1051 4809 1066 4833 ,
1094 4769 1186 4822 καὶ
1218 4771 1410 4840 κλῆσιν
1441 4771 1541 4842 τὴν
1568 4772 1686 4822 κατ’
1718 4771 1918 4841 ἀρετὴν

329 4864 477 4936 ζωήν
506 4863 643 4934 (‘25).
687 4864 778 4935 Μὴ
811 4863 991 4915 τοίνυν
1030 4861 1276 4932 ἄμορφον
1319 4863 1415 4916 καὶ
1459 4863 1699 4932 ἄκοσμον
1738 4878 1917 4932 παρα-

1599 5018 1642 5048 ⁵⁷
1684 5017 1815 5073 ibid.

400 5024 446 5056 ⁸³
486 5025 610 5076 Act.
651 5038 722 5086 ιι,
764 5019 850 5074 Η.
928 5017 1187 5075 “Cenes.
1223 5034 1399 5084 van,
1433 5017 1522 5072 η.

333 5096 420 5149 12.
500 5095 544 5125 ⁶¹
588 5093 717 5147 ibid.
756 5090 908 5146 8-12.

403 5208 515 5277 (Π)
554 5204 817 5259 Voculam
861 5202 938 5266 ὡς
979 5214 1048 5256 ex
1088 5197 1299 5253 nostris
1338 5198 1583 5269 quinque
1627 5194 1916 5255 codicibus

333 5278 666 5332 addidimus.

400 5349 515 5416 (18)
555 5347 701 5401 Editi
746 5347 1085 5415 παραχωρεῖ.
1132 5341 1200 5395 At
1237 5341 1480 5411 quinque
1513 5354 1646 5395 mss.
1689 5343 1917 5396 ἀντιπα-

338 5421 592 5490 Persei:

406 5479 516 5556 (19')
554 5486 798 5557 Utraque.
827 5487 997 5557 editio
1030 5485 1158 5556 μίαν
1183 5479 1641 5557 ἐστίανί-νθζθιέε
1670 5485 1917 5557 quinque

338 5551 458 5613 libri
498 5551 594 5628 μία
626 5551 800 5612 ἑστία.
855 5556 994 5626 Lege
1031 5551 1320 5628 'Ducaaum.
1368 5551 1521 5628 Haud
1575 5551 1916 5628 multo‘post

336 5624 509 5683 editio
526 5639 757 5698 utraque
781 5624 1106 5698 ἀπέλθωμεν
1140 5624 1328 5698 είς-τό.
1353 5624 1423 5676 At
1453 5637 1586 5698 mss.
1619 5633 1732 5698 tres
1757 5625 1917 5676 ἁπέλ-

339 5700 516 5770 θωμεν
545 5701 627 5752 τό.
667 5691 823 5770 Colb.
854 5691 1063 5767 primus
1083 5695 1408 5770 ﬁmémwpsv
1433 5693 1513 5744 τό.
1543 5691 1914 5770 Deniqneco-

336 5765 437 5826 dei
469 5771 635 5827 Coisl.
686 5780 741 5826 et
792 5765 922 5842 Reg.
965 5767 1166 5824 tertius
1210 5765 1534 5836 ἐπέλθωμεν
1568 5765 1648 5836 τό,
1682 5767 1908 5824 rectius.

1894 5017 1938 5048 ⁸⁸
1977 5015 2113 5071 Gen.
2151 5031 2360 5082 xxxvn,
2395 5015 2486 5070 28.

2023 4579 2284 4634 exhibeas
2311 4595 2514 4649 :neque
2544 4582 2714 4634 vitam
2743 4583 2970 4636 alteram
2989 4622 3004 4645 ,
3038 4598 3161 4652 quae
3191 4599 3257 4637 ex
3286 4583 3606 4652 praescripto

2023 4673 2241 4726 virtutis
2273 4673 2562 4738 instituta,
2610 4673 2842 4728 formam
2888 4689 3203 4743 nomenque
3249 4689 3466 4743 sponsze
3509 4675 3606 4726 ha-

2025 4765 2145 4829 bet,
2180 4764 2382 4819 nudam
2413 4772 2468 4819 ct
2498 4765 2696 4819 laceris
2733 4765 3044 4835 panniculis
3070 4773 3384 4832 conpertam
3417 4772 3605 4818 osten-

2027 4860 2145 4915 das.
2178 4860 2321 4916 Cave
2352 4861 2518 4931 igitur
2544 4860 2844 4915 deformem
2877 4875 2940 4914 ac
2985 4861 3295 4914 inornatam
3345 4874 3603 4928 sponsam

2567 5015 2611 5046 ³⁸³
2639 5013 2772 5071 Gen.
2805 5030 2962 5079 XLIII,
3003 5015 3088 5068 13.
3166 5013 3211 5045 ⁸⁸
3241 5014 3378 5070 Cen.
3415 5031 3602 5082 χχχιι,

2099 5200 2208 5270 (20)
2244 5200 2466 5270 Antiqui
2517 5201 2627 5274 duo
2677 5201 2800 5256 libri
2845 5210 2899 5256 et
2931 5202 3061 5256 editi
3115 5201 3450 5274 ἁρμόζουσα.
3497 5205 3602 5260 Alii

2022 5279 2136 5324 tres
2170 5287 2303 5325 mss.
2334 5273 2766 5342 συναρμόζουσα.

2237 5343 2332 5417 §i_c
2366 5341 2521 5417 μηδὲ.
2542 5359 2755 5417 trames.
2803 5341 2943 5395 Editi
2983 5342 3075 5395 τὸν
3109 5343 3438 5417 τοῧνγήρους
3467 5348 3598 5400 υἱόν.

2093 5413 2204 5486 (9.2)
2237 5412 2606 5486 EditioBasil.
2634 5423 2686 5467 et
2708 5422 2946 5482 quatuor
2971 5429 3105 5470 mss.
3141 5412 3449 5486 ἡνίκαέάν.
3475 5417 3604 5471 Edi-

2019 5483 2096 5536 tio
2132 5483 2305 5537 Paris.
2341 5483 2501 5537 ἡνίκα
2531 5483 2617 5536 ἄν.

2089 5502 2096 5532 ι
2132 5484 2305 5537 Paris.
2341 5484 2501 5605 Ἷνίκα
2531 5484 2617 5536 ἄν.
3163 5484 3169 5486 “

2089 5552 2356 5628 (πλΝῇιὶ
2420 5553 2474 5606 in
2510 5553 2747 5628 vulgatis
2787 5557 3156 5628 mutavimus;
3201 5572 3229 5610 a
3282 5557 3481 5628 quibus
3520 5566 3603 5611 ta-

2019 5639 2143 5697 men
2177 5625 2303 5697 libri
2337 5634 2560 5697 »veteres
2593 5625 2933 5697 discrepant.
2966 5626 3174 5696 Quippe
3201 5625 3354 5682 Colb.
3390 5630 3600 5697 primus

2016 5697 2088 5768 ita
2123 5695 2305 5768 habet,
2334 5693 2551 5768 Exoqu
2572 5695 2752 5765 σχῆμα
2777 5693 2896 5768 καί
2921 5693 3122 5768 κλῆσιν
3142 5701 3206 5767 τῇ
3249 5701 3369 5751 κατ’
3391 5693 3596 5768 άρετὴν

2018 5766 2197 5831 ζῶσαν
2225 5765 2423 5837 ψυχήν.
2473 5765 2586 5836 Μή,
2636 5774 2740 5822 etc.
2777 5764 2840 5820 Et
2886 5766 2959 5822 ita
2988 5764 3208 5839 quoque
3260 5771 3419 5824 habet
3440 5764 3595 5824 alius
