4052 6214
344 296 445 351 52⁸1

1687 282 1745 336 s.
1786 280 2026 337 nasum
2067 265 2279 338 MAch

3503 282 3610 339 528

345 417 511 471 sistas
540 423 764 481 sponso,
796 415 850 460 ut
886 420 973 467 ne,
1001 421 1063 461 ea
1094 414 1414 477 conspecta,
1453 407 1647 461 faciem
1683 412 1922 468 avertat,

2059 407 2234 478 τήσῃς
2263 403 2340 476 τῷ
2369 405 2585 475 νυμφίῳ
2625 404 2722 475 τὴν
2753 403 2970 475 νύμφην
2992 442 3006 467 ,
3037 402 3121 456 ἵνα
3160 400 3234 473 μὴ
3277 400 3613 473 θεασάμενος

345 515 400 561 et
428 506 602 559 visam
634 500 763 555 odio
795 499 1027 562 habeat,
1066 499 1385 569 abnuatque
1417 499 1786 569 complexum.
1826 495 1930 551 Ve-

346 612 467 652 rum
495 595 817 649 instructam
857 593 1032 660 ipsam
1074 599 1277 645 ornatu
1322 591 1579 653 decenti,
1631 589 1931 645 formosam

347 703 568 746 asserva
612 687 679 740 ad
724 685 1055 756 praefinitum
1106 701 1285 755 usque
1320 685 1633 751 nuptiarum
1681 691 1931 753 tempus,

348 792 407 839 ut
441 784 558 853 ipsa
607 794 827 851 quoque
876 794 985 832 una
1035 793 1162 833 cum
1217 778 1588 847 prudentibus
1626 777 1935 847 virginibus

346 875 655 945 lampadem
696 873 961 927 accendat
1000 872 1068 937 δ’,
1104 871 1192 926 cui
1228 872 1441 925 scilicet
1470 878 1726 940 suppetat
1756 869 1939 924 scien-

348 972 437 1022 tire
488 968 854 1021 inexstinctus
904 966 1084 1036 ignis,
1117 979 1219 1019 nec
1250 966 1299 1019 ei
1336 967 1516 1018 oleum
1570 970 1720 1018 recte
1766 962 1939 1015 facto—

353 1078 474 1119 rum
521 1062 702 1128 desit;
744 1062 980 1131 denique
1020 1068 1079 1113 ut
1123 1074 1183 1114 re
1226 1059 1342 1128 ipsa
1378 1065 1497 1112 rata
1546 1057 1616 1112 sit
1650 1055 1939 1127 prophetia

351 1153 541 1208 divina
561 1192 576 1217 ,
610 1152 915 1221 animmque
944 1157 1050 1203 tua:
1077 1158 1345 1219 congruat
1377 1148 1521 1219 quod
1553 1147 1760 1201 dictum
1808 1152 1891 1200 est
1919 1165 1930 1199 :

351 1247 535 1301 Astitit
573 1246 755 1315 regina
798 1262 831 1299 α
864 1242 1064 1297 dextris
1099 1243 1201 1295 mis
1244 1242 1296 1294 in
1331 1241 1518 1295 vestitu
1551 1241 1808 1293 deaurato
1834 1240 1937 1291 cir-

352 1340 697 1406 cumamicta,
728 1338 1020 1407 variegata.
1053 1333 1194 1387 Audi
1219 1374 1232 1396 ,
1264 1333 1402 1404 ﬁlia,
1425 1343 1475 1386 et
1496 1334 1631 1396 vide,
1661 1341 1711 1386 et
1736 1332 1939 1385 inclina

354 1447 534 1484 aurem
574 1440 761 1493 tuam;
796 1440 851 1485 ει
908 1428 1240 1496 concupiscet
1282 1441 1373 1480 rex
1412 1425 1653 1478 decorem
1688 1434 1833 1478 mum
1873 1422 1940 1475 ⁸³.

356 1517 481 1573 lbec
506 1519 725 1589 quidem
756 1520 809 1571 in
840 1519 1157 1573 universum
1190 1515 1582 1587 prmnuntiavit
1610 1513 1899 1570 Psalmista
1921 1553 1937 1579 ,

360 1627 483 1663 cum
511 1614 761 1681 corporis
791 1609 1035 1680 generati
1065 1609 1272 1679 accepti
1302 1605 1622 1678 praediceret
1645 1606 1897 1662 decorem
1924 1622 1940 1659 :

363 1700 456 1754 sed
485 1708 669 1755 tamen
700 1700 920 1770 proprie
951 1700 1058 1769 '72
1092 1699 1253 1753 etiam
1286 1697 1723 1767 uniuscujusque
1748 1696 1944 1751 anitna:

2034 497 2299 569 ἀποκλίνῃ
2344 496 2405 549 τὸ
2440 496 2730 566 πρόσωπον
2751 534 2765 557 ,
2818 494 2914 547 καὶ
2966 492 3087 547 ἰδὼν
3123 493 3329 564 μισήσῃ
3350 532 3364 556 ,
3400 492 3493 546 καὶ
3515 493 3614 564 τὴν

2036 588 2329 656 συνάφειαν
2379 586 2784 657 ἀπαρνήσηται.
2838 582 2998 635 Ἀλλά
3049 582 3264 646 στείλας
3314 584 3486 655 αὐτὴν
3537 584 3616 654 τῷ

2036 680 2366 750 προσήκοντι
2398 678 2618 747 κόσμῳ,
2650 678 2889 748 τήρησον
2915 673 3189 745 εὔμορφον
3213 677 3278 747 τῇ
3307 675 3619 748 προθεσμίᾳ

2035 773 2145 827 τῶν
2181 772 2393 843 γάμων·
2431 770 2517 825 ἵνα
2556 770 2651 823 καὶ
2680 771 2817 840 αὐτὴ
2857 770 2997 839 μετά
3024 770 3132 825 τῶν
3165 769 3440 840 φρονίμων
3474 784 3620 838 παρ-

2039 863 2208 917 θένων
2234 863 2414 935 ἀνάψῃ
2447 862 2547 932 τὴν
2584 860 2845 932 λαμπάδα
2867 900 2881 923 ,
2918 859 3119 931 ἔχουσα
3142 860 3254 932 (24)
3287 859 3350 913 τὸ
3380 858 3494 929 πῦρ
3518 857 3622 927 τῆς

2038 954 2294 1025 γνώσεως
2321 955 2615 1017 ἄσϐεστον,
2658 954 2753 1008 καὶ
2787 955 2861 1026 μὴ
2901 954 3163 1007 λείπουσα
3193 952 3302 1005 τῶν
3339 949 3620 1021 κατορθω-

2045 1047 2229 1119 μάτων
2258 1047 2319 1100 τδ
2352 1047 2530 1101 ἔλαιον
2549 1063 2562 1077 ’
2605 1045 2671 1097 ἵν’
2706 1045 2941 1117 ἐργοιςή
2976 1043 3379 1116 θεοφορουμένη
3408 1059 3625 1113 προφη-

2040 1140 2160 1192 τεία
2210 1138 2481 1209 βεϐαιωθῇ
2508 1180 2522 1204 ,
2576 1137 2865 1208 ἐφαρμὸσῃ
2916 1137 2973 1190 δὲ
3018 1136 3111 1191 καὶ
3158 1138 3225 1207 τῇ
3272 1138 3340 1207 σῇ
3376 1135 3524 1206 ψυχῇ
3560 1132 3626 1187 τὸ

2041 1229 2229 1301 λεχθέν
2247 1247 2261 1259 ·
2299 1232 2575 1298 Παρέστη
2605 1230 2644 1297 ἡ
2663 1230 3013 1294 ,ϐασίλισσα
3042 1228 3111 1280 ἐκ
3144 1225 3360 1290 δεξιῶν
3382 1240 3520 1291 σου,
3554 1224 3628 1278 ἐν

2043 1320 2337 1392 ἱματισμῷ
2394 1321 2701 1390 διαχρύσῳ
2753 1318 3217 1388 περιϐεϐλημένη
3243 1358 3256 1382 ,
3316 1320 3627 1371 πεποικιλ-

2037 1413 2212 1486 μένη.
2254 1416 2580 1473 Ἄκουσον,
2608 1414 2879 1483 θύγατερ,
2911 1411 3009 1463 καί
3046 1410 3155 1475 ἴδε,
3197 1414 3296 1463 καὶ
3326 1408 3538 1462 κλῖνον
3559 1407 3628 1460 τὸ

2043 1505 2154 1575 οὖς
2182 1524 2297 1562 σου
2320 1506 2430 1578 (25)
2447 1534 2465 1572 ,
2485 1505 2585 1560 καὶ
2607 1505 2963 1574 ἐπιθυμήσει
2988 1507 3018 1557 ὁ
3032 1501 3331 1567 ,βασιλεὺς
3351 1500 3457 1554 τοῦ
3480 1499 3628 1554 κάλ-

2042 1605 2193 1667 λους
2240 1614 2378 1655 σου.
2442 1599 2630 1653 Ταῦτα
2668 1598 2778 1668 γὰρ
2831 1597 3066 1665 γενικῶς
3110 1594 3566 1667 προανεφώνησεν
3602 1594 3631 1645 ὁ

2051 1692 2387 1763 Ψαλμῳδὸς,
2422 1691 2515 1745 τοῦ
2546 1690 2764 1760 γενικοῦ
2808 1690 3063 1761 σώματος
3101 1687 3498 1760 προκηρύσσων
3529 1687 3632 1756 τὴν

356 1792 685 1847 convenient
715 1811 727 1845 :
767 1790 1037 1862 siquidem
1070 1789 1314 1845 Ecclesia
1360 1806 1427 1844 ex
1459 1788 1693 1860 singulis
1741 1797 1944 1843 emtum

2059 1783 2230 1856 'bpav'
2274 1785 2577 1855 ἐφαρμόσει
2614 1783 2672 1836 δὲ
2709 1783 2916 1854 κυρίως
2949 1782 3045 1835 καὶ
3078 1784 3144 1852 τῇ
3180 1781 3410 1835 ἑκάστου
3448 1778 3631 1850 ψυχῇ,

360 1883 590 1954 colligit.

430 2060 482 2114 9.
518 2059 788 2115 Consules
822 2058 984 2112 velim
1032 2058 1256 2113 cordate
1306 2057 1559 2127 praesenti
1612 2065 1668 2113 et
1718 2057 1948 2121 futuro',

362 2152 506 2228 quod
544 2167 675 2206 cave
699 2151 1004 2221 perdideris
1037 2152 1109 2205 ob
1152 2158 1311 2220 turpe
1356 2152 1591 2204 lucrum.
1639 2150 1864 2204 Deseret
1896 2156 1951 2205 te

361 2260 579 2314 corpus,
616 2244 749 2298 illud
783 2237 888 2297 tua:
919 2243 1043 2296 vita:
1089 2243 1305 2313 insigne
1360 2242 1707 2312 signumque.
1755 2241 1954 2297 Occlu-

362 2337 457 2392 des
480 2336 578 2389 tibi
612 2335 727 2404 ipse
758 2336 816 2388 in
849 2344 1147 2403 conspectu
1196 2334 1403 2405 judicis
1456 2334 1579 2403 ejus
1610 2334 1705 2404 qui
1753 2350 1953 2403 exspe-

362 2436 566 2494 ctatur,
600 2428 802 2496 quique
852 2426 996 2479 haud
1042 2425 1208 2479 dubie
1267 2435 1527 2480 venturus
1561 2433 1680 2489 est,
1728 2441 1825 2481 eos
1858 2426 1953 2496 qui

363 2518 641 2575 deferendi
698 2526 854 2572 erant
901 2518 1139 2571 honores
1171 2557 1185 2580 ,
1240 2518 1578 2586 gloriamque
1623 2518 1951 2572 caelestem:

364 2614 576 2682 aperies
605 2626 738 2665 vero
765 2611 943 2681 ignem
987 2612 1078 2680 qui
1135 2610 1410 2679 exstingui
1443 2626 1550 2663 non
1582 2612 1816 2680 poterit,
1862 2626 1957 2680 gen

364 2706 623 2769 bennam,
655 2702 1007 2772 supplicium,
1053 2703 1396 2756 amarule-nta
1431 2704 1486 2756 in
1528 2701 1817 2756 doloribus
1853 2718 1955 2755 s:e-

364 2795 510 2858 cuia,
535 2809 635 2863 pro
666 2794 827 2863 longa
856 2808 919 2847 ac
951 2793 1107 2846 beata
1149 2793 1281 2846 vita.
1333 2792 1507 2845 Nolim
1553 2793 1838 2847 existimes
1871 2808 1956 2848 me

365 2889 515 2943 velut
541 2896 769 2940 matrem
793 2886 1031 2956 aliquam
1061 2894 1153 2939 ant
1175 2887 1443 2941 nutricem
1467 2926 1480 2948 ,
1510 2885 1644 2941 falsa
1672 2888 1956 2940 terricula-

367 2987 546 3033 menta
581 2976 675 3031 tibi
712 2975 953 3044 objicere
988 2991 1052 3030 ac
1079 2975 1310 3039 minari;
1347 2974 1813 3044 quemadmodum
1850 2976 1956 3029 illa:

366 3085 494 3138 erga
520 3068 757 3123 infantes
781 3068 963 3122 facere
994 3067 1214 3122 solent:
1253 3082 1375 3136 qua!
1421 3067 1551 3121 dum
1583 3066 1956 3137 lacrymantur

2049 1877 2209 1949 εἴπερ
2264 1880 2330 1931 ὲκ
2378 1877 2486 1930 τῶν
2538 1876 2657 1930 καθ’
2708 1875 2938 1929 ’ἑκαστον
2984 1873 3096 1945 ἔχει
3145 1874 3179 1944 ὴ
3235 1870 3531 1943 Ἐκκλησία
3570 1869 3634 1923 τὸ

2053 1971 2330 2041 σύστημα.

2124 2065 2176 2122 9.
2205 2061 2514 2135 Προνόησόν
2542 2079 2633 2133 μοι
2653 2060 2887 2130 λογικῶς
2918 2060 2980 2112 τὸ
3013 2058 3190 2131 παρὸν
3218 2056 3315 2112 καὶ
3332 2057 3394 2111 τὸ
3417 2054 3636 2128 μέλλον,

2051 2160 2079 2212 ὃ
2117 2159 2190 2231 μὴ
2236 2158 2326 2212 διὰ
2377 2157 2564 2229 κέρδος
2618 2153 2845 2226 αἰσχρὸν
2907 2153 3141 2224 προδῷς.
3183 2150 3515 2220 Καταλείψει
3575 2166 3638 2204 σε

2055 2252 2234 2322 σῶμα,
2288 2250 2349 2303 τὺ
2403 2252 2494 2303 σὸν
2545 2247 2836 2320 γνώρισμα
2880 2245 2958 2317 τῷ
2999 2245 3101 2316 βίῳ
3139 2244 3273 2316 (26).
3308 2244 3404 2308 El;
3443 2242 3507 2315 δὴ
3537 2242 3638 2314 τὴν

2054 2343 2377 2411 ἐπιφάνειαν
2408 2338 2500 2393 τοῦ
2538 2338 2990 2411 προσδοκωμένου
3026 2335 3238 2408 κριτοῦ,
3275 2335 3372 2389 καὶ
3399 2335 3640 2405 ἀναμφι-

2054 2434 2226 2497 ϐόλως
2255 2433 2495 2504 ἥξοντος,
2539 2430 2885 2493 ἀποκλείσεις
2915 2429 3011 2500 μὲν
3047 2426 3256 2498 σεαυτῷ
3284 2428 3383 2496 τὴν
3414 2427 3524 2480 τῶν
3552 2444 3640 2479 τι·

2058 2528 2173 2599 μῶν
2222 2527 2367 2581 δόσιν
2399 2527 2509 2597 (27)
2546 2526 2639 2578 κα)⁹
2683 2525 2784 2596 τὴν
2816 2523 3138 2595 ἐπουράνιον
3184 2521 3363 2586 δόξαν,
3408 2519 3643 2586 ἀνοίξεις

2053 2620 2110 2672 δὲ
2144 2617 2255 2689 πῦρ
2282 2616 2561 2681 ἄσϐεστον,
2611 2615 2703 2668 καὶ
2728 2613 2972 2683 γέενναν,
3010 2613 3105 2666 καὶ
3137 2612 3489 2684 κολαστήρια,
3542 2610 3639 2665 καὶ

2058 2712 2288 2782 πικροὺς
2340 2711 2398 2761 ἐν
2444 2708 2657 2771 ὀδύναις
2702 2706 2923 2770 αἰῶνας,
2961 2705 3083 2758 ἀντὶ
3130 2705 3349 2775 μακρᾶς
3397 2701 3492 2757 καὶ
3535 2719 3642 2772 μα-

2057 2804 2251 2876 καρίας
2282 2803 2444 2874 ζωῆς.
2476 2803 2566 2872 Μή
2599 2818 2666 2871 με
2702 2800 2955 2874 νομίσῃς,
2992 2798 3181 2869 ὥσπερ
3218 2795 3430 2868 μητέρα
3456 2795 3577 2848 τινὰ
3605 2794 3640 2866 ἢ

2055 2896 2272 2966 τροφὸν,
2330 2894 2500 2964 ψευδῆ
2551 2912 2632 2948 σοι
2670 2891 3045 2964 μορμολύκεια
3103 2889 3387 2952 ἐπισείειν,
3452 2887 3644 2958 ὥσπερ

2058 2982 2262 3034 ἐκεῖναι
2297 2984 2469 3035 ποιεῖν
2502 2981 2630 3052 περὶ
2660 2982 2785 3044 τοὺς
2815 2980 3041 3052 νηπίους
3076 2978 3185 3031 τῶν
3214 2977 3419 3033 παίδων
3449 2975 3647 3030 εἰώθα-

2061 3090 2143 3126 σιν
2162 3089 2175 3101 ’
2231 3072 2357 3124 ὅταν
2389 3071 2661 3143 θρηνῶσιν
2702 3071 2912 3124 ἄτακτα
2945 3069 3040 3123 καὶ
3092 3070 3392 3141 ἀπέραντα,
3424 3067 3491 3121 δι’
3522 3069 3644 3120 ἐπι-

369 3159 726 3215 immoderate
752 3166 809 3215 et
837 3158 1232 3222 indesinenter,
1284 3159 1436 3228 ipsos
1488 3172 1586 3228 per
1633 3159 1953 3212 commenti-

2063 3165 2313 3220 πλάστων
2364 3162 2716 3233 διηγημάτων
2758 3161 3217 3231 κατασιγάξουσιν
3266 3159 3399 3232 (28).
3455 3159 3643 3212 Ταῦτα

322 3269 335 3282 ’
373 3253 478 3308 tias
506 3253 851 3306 narrationes
876 3250 1090 3320 quietos
1120 3249 1357 3305 reddunt
1384 3257 1438 3304 et
1468 3249 1690 3303 tacitos.
1719 3248 1846 3302 llam
1877 3248 1961 3303 fa-

371 3342 502 3398 bula
534 3358 640 3396 non
672 3350 821 3405 sunt,
849 3342 944 3396 sed
975 3341 1140 3394 verba
1175 3350 1306 3395 sunt
1336 3355 1471 3395 voce
1514 3340 1697 3394 veraci
1747 3341 1957 3410 pridem

371 3437 605 3508 prolata.
622 3436 800 3505 Atque
816 3434 958 3488 scias
971 3448 1070 3504 pro
1091 3442 1241 3489 certo
1258 3451 1320 3489 ex
1341 3436 1655 3505 evangelica
1675 3437 1957 3498 vaticinio,

375 3535 487 3584 tota
520 3544 689 3582 unum
727 3536 822 3581 aut
857 3542 1024 3581 unum
1056 3527 1267 3596 apicem
1297 3540 1403 3581 non
1440 3528 1822 3582 transiturum.
1856 3529 1961 3582 Sed

377 3630 431 3676 et
454 3636 656 3691 corpus
686 3621 742 3675 in
770 3621 966 3676 loculis
986 3627 1374 3690 consumptum
1402 3628 1667 3690 resurget,
1693 3630 1745 3675 et
1779 3623 1961 3674 anima

376 3709 563 3766 eadem
588 3727 707 3781 quae
734 3727 832 3781 per
856 3718 1088 3765 mortem
1121 3717 1371 3779 separata
1417 3708 1617 3776 fuerat,
1645 3711 1699 3765 in
1732 3727 1962 3783 corpore

379 3819 573 3859 rursus
602 3804 890 3859 habitabit.
932 3804 1074 3870 Quin
1103 3803 1264 3857 etiam
1301 3806 1541 3861 actiones
1567 3814 1769 3860 nostrae
1800 3807 1958 3875 plane

379 3904 433 3951 et
458 3905 644 3968 aperte
675 3899 955 3967 patebunt,
995 3912 1103 3951 non
1138 3898 1260 3953 aliis
1307 3898 1683 3952 testimonium
1736 3897 1962 3953 ferenti-

381 3991 506 4056 bus,
541 3990 636 4045 sed
687 3992 803 4060 ipsa
839 3991 1173 4045 conscientia
1215 3999 1524 4046 attestante.
1576 3990 1960 4061 Unumqueni-

381 4097 488 4152 que
520 4084 699 4136 autem
732 4096 830 4150 pro
854 4081 1049 4134 merito
1068 4079 1235 4148 judex
1258 4082 1442 4148 justus
1469 4083 1915 4135 remunerabitur
1943 4099 1956 4132 :

381 4188 543 4242 quem
587 4172 742 4225 decet
774 4171 968 4241 gloria,
1004 4178 1244 4240 potestas
1269 4182 1323 4227 et
1356 4172 1636 4237 adoratio,
1676 4173 1729 4226 in
1762 4175 1961 4228 saecula

383 4265 730 4319 saeculorum.
759 4266 952 4319 Amen.

458 4461 501 4493 ⁶²
536 4461 727 4515 Matth.
765 4478 891 4528 xxv,
927 4462 979 4517 ἆ.
1059 4463 1103 4493 ⁸³
1133 4460 1278 4518 Psal.
1317 4481 1463 4529 κων,
1500 4464 1566 4518 10
1590 4507 1604 4531 ,
1643 4464 1731 4520 ll.

381 4644 556 4716 codex
585 4643 767 4706 Colb.,
793 4644 898 4716 nisi
939 4643 1093 4714 quod
1124 4645 1178 4698 in
1204 4659 1275 4716 eo
1316 4642 1445 4716 'pro
1475 4648 1541 4716 τῇ
1582 4645 1780 4716 legitur
1806 4645 1953 4716 πῆς.
1989 4655 2034 4711 ι)

2064 3257 2122 3310 δὲ
2152 3257 2212 3309 οὐ
2257 3254 2444 3326 μῦθος,
2490 3255 2627 3308 ἀλλὰ
2659 3255 2819 3324 λόγος
2862 3254 3085 3324 ἀψευδεῖ
3126 3253 3647 3324 προκεκηρυγμένος

2068 3351 2240 3418 φωνῇ.
2277 3347 2387 3400 Καὶ
2421 3347 2529 3401 ἴσθι
2573 3364 2636 3415 γε
2682 3346 2927 3417 ἀκριϐῶς
2959 3345 3103 3399 κατὰ
3152 3345 3250 3415 τὴν
3284 3343 3645 3414 εὐαγγελικὴν

2070 3443 2392 3512 πρόρρησιν,
2428 3440 2561 3493 ἰῶτα
2598 3437 2656 3493 ἓν
2688 3439 2721 3510 ἢ
2757 3439 2853 3509 μία
2904 3437 3102 3510 κεραία
3138 3439 3199 3491 οὐ
3251 3438 3326 3509 μὴ
3373 3436 3641 3510 παρέλθῃ.

2083 3533 2242 3585 Ἀλλά
2271 3535 2363 3586 καὶ
2394 3530 2554 3600 σῶμα
2590 3530 2652 3582 τὸ
2697 3531 2755 3582 ἐν
2784 3530 2978 3600 θήκαις
3018 3527 3314 3598 ἀφανισθὲν
3344 3529 3645 3600 ἀναστήσε-

2069 3643 2179 3688 ται,
2237 3624 2330 3676 ml.
2363 3622 2507 3693 ψυχὴ
2535 3624 2568 3692 ἡ
2620 3621 2760 3692 αὑτὴ
2802 3621 2835 3690 η
2881 3620 2960 3690 τῷ
3003 3620 3113 3691 (29)
3145 3619 3360 3688 θανάτῳ
3394 3617 3647 3672 ἀποκλει-

2071 3716 2279 3777 σθεῖσα,
2313 3713 2475 3766 πάλιν
2509 3713 2776 3783 ἐνοικήσει
2800 3710 2878 3782 τῷ
2912 3709 3143 3781 σώματι.
3180 3710 3290 3763 Καὶ
3316 3709 3426 3763 τῶν
3453 3709 3645 3781 βεϐιω-

2072 3806 2247 3879 μένων
2294 3804 2511 3873 ἔλεγχος
2549 3801 2782 3873 ἀκριϐὴς
2835 3803 3275 3873 παραστήσεται,
3326 3803 3425 3855 οὐκ
3472 3801 3649 3856 ἄλλων

2073 3895 2517 3969 μαρτυρούντων,
2546 3894 2663 3947 ἀλλ’
2691 3893 2863 3963 αὐτῆς
2910 3894 3296 3964 μαρτυρούσης
3337 3892 3435 3963 τῆς
3470 3909 3647 3945 συνει-

2069 3993 2294 4062 δήσεως.
2348 3989 2592 4060 Ἐκάστῳ
2640 3987 2793 4041 δὲτά
2840 3987 2977 4059 πρὸς
3022 3986 3179 4052 ἀξίαν
3239 3987 3390 4059 παρά
3433 3986 3524 4040 τοῦ
3570 3987 3649 4039 δι-

2072 4085 2229 4139 καίου
2281 4082 2467 4155 κριτοῦ
2515 4080 3062 4153 ἀντιμετρηθήσεται.
3112 4079 3269 4151 Αὐτῷ
3301 4078 3412 4152 (50)
3445 4079 3646 4150 πρέπει

2070 4174 2216 4240 δόξα,
2244 4174 2443 4244 κράτος
2488 4172 2580 4224 καὶ
2613 4165 3005 4242 προσκύνησις,
3041 4171 3122 4233 εἰς
3160 4168 3287 4231 τοὺς
3316 4166 3516 4229 αἰῶνας
3539 4164 3647 4218 τῶν

2073 4264 2302 4318 αἰώνων.
2346 4264 2402 4314 Ἀ
2411 4265 2536 4334 μήν.
2613 4274 2627 4290 ⁸

2134 4642 2636 4715 (26)]Καταλειψει
2666 4659 2740 4698 σε
2773 4646 2963 4714 σῶμα,
2995 4645 3060 4699 τὸ
3100 4644 3217 4699 σὸν
3244 4643 3549 4715 γνώρισμα
3569 4640 3653 4710 τῷ

383 4713 525 4787 Reg.
550 4700 825 4787 secundus
865 4700 1157 4787 ἔχουσαν...
1182 4700 1377 4787 ζῶσαν
1421 4700 1760 4787 ψυῇἡνθδεό
1796 4700 1953 4770 facile

2059 4700 2197 4782 βίῲ.
2230 4700 2395 4770 Verte
2424 4733 2436 4769 :
2468 4700 2681 4769 Deserat
2715 4725 2764 4787 te
2803 4700 3011 4783 corpus,
3048 4726 3197 4769 tuum
3242 4700 3297 4769 in
3327 4700 3434 4770 vita
3461 4700 3652 4784 ἱππεί-

381 4785 707 4841 crediderim
747 4785 903 4847 illud,
942 4785 1123 4856 ζῶσαν
1163 4786 1364 4856 ψυχήν,
1398 4785 1634 4854 positum
1675 4786 1848 4842 fuisse
1886 4787 1958 4840 ab

384 4856 589 4926 aliquo,
608 4857 708 4926 qui
741 4857 1069 4911 sententiam
1102 4855 1583 4926 Basilii’consequi
1608 4871 1717 4911 non
1747 4866 1952 4926 posset.

456 4920 567 4997 (24)
599 4920 731 4997 Reg.
764 4926 1038 4981 secundus
1082 4926 1381 4997 ἔχουσαν...
1430 4920 1764 4980 λείπουσανῖ
1795 4925 1953 4980 Colb.

382 4995 592 5065 primus
621 4995 915 5066 ἔχουσαν...
946 4996 1232 5049 λιποῦσαν.
1262 4995 1403 5051 Editi
1425 5005 1480 5053 et
1508 4997 1676 5051 tioisl.
1709 5005 1763 5050 et
1796 4996 1951 5066 Colb.

385 5064 580 5136 tertius
607 5064 872 5136 ἔχουσα...
912 5068 1196 5120 λείπουσα.
1243 5066 1448 5122 lbidem
1479 5067 1649 5122 editio
1687 5066 1865 5121 Paris.
1905 5064 1967 5119 τὸ

384 5135 582 5190 ἔλαιον.
607 5135 677 5190 At
697 5153 833 5193 mss.
859 5153 1051 5193 omnes
1070 5147 1166 5191 aut
1192 5138 1283 5192 τὸν
1307 5137 1509 5199 ἔλαιον,
1545 5148 1638 5191 aut
1664 5137 1755 5191 τὸν
1778 5136 1924 5191 ἔλεον
1949 5156 1961 5190 :

386 5207 477 5278 qui
496 5221 667 5261 'error
704 5207 829 5261 inde
857 5215 1037 5263 ortum
1064 5208 1276 5275 habuit,
1299 5207 1448 5278 quod
1479 5208 1740 5263 librarius
1760 5206 1964 5277 aliquis

386 5276 625 5347 primum
658 5279 943 5346 scripserit
974 5278 1067 5332 τὸν
1105 5278 1252 5332 ἔλεον
1288 5276 1437 5333 {alii
1464 5294 1616 5339 vero,
1651 5279 1767 5333 sive
1789 5276 1959 5340 ἔλεον,

388 5345 504 5400 sive
522 5345 700 5400 ἔλαιον
727 5345 1051 5414 scriberent,
1080 5348 1373 5404 articulum
1399 5348 1490 5402 τόν
1523 5350 1740 5403 incaute
1769 5363 1960 5402 omnes

388 5417 743 5489 servajerint.
799 5418 1042 5473 Subinde
1091 5435 1226 5475 mss.
1273 5420 1523 5474 nonnulli
1568 5418 1856 5489 ὲφαρμόσῃ
1902 5418 1959 5471 δὲ

387 5485 507 5559 καί.
525 5486 1016 5559 Εᾱὶιὶθὲφαρμόσει.

454 5557 574 5636 μβ)
598 5555 750 5636 (ξοιῠζ
782 5555 1248 5636 pr'imus_ub_erius
1289 5555 1382 5636 οῦς
1424 5576 1546 5636 σου,
1571 5560 1665 5612 καὶ
1697 5556 1957 5636 ἐπιλάθου

389 5626 485 5679 τοῦ
515 5626 646 5680 λαοῦ
681 5626 903 5699 σουίκαὶ
941 5629 1034 5681 τοῦ
1062 5629 1210 5683 οἴκου
1248 5630 1341 5683 τοῦ
1374 5630 1581 5699 πατρός
1612 5646 1729 5695 σου,
1759 5639 1808 5686 et
1835 5629 1963 5687 obli-

391 5699 583 5769 viscere
607 5698 856 5770 populum
887 5709 1058 5766 tuum,
1088 5713 1137 5756 et
1166 5700 1378 5756 domum
1411 5698 1578 5769 patris
1614 5701 1715 5758 tui.

1830 5800 1990 5814 ..Ἆρ’

2063 4800 2224 4857 puum
2270 4796 2663 4857 argumentum.
2709 4785 3005 4857 Gregorius
3050 4787 3454 4849 Nazianzenus,
3503 4797 3647 4857 orat.

2063 4855 2154 4927 20,
2185 4855 2380 4927 eadem
2418 4870 2553 4927 voce
2592 4856 2764 4910 utitur
2801 4854 2868 4911 de
2907 4855 3158 4913 Caesarea
3209 4859 3459 4927 loquens,
3491 4858 3558 4927 τῇ
3590 4854 3649 4907 δὲ

2064 4925 2213 4998 λόγοι
2239 4925 2640 4998 τδ-γνώρισμα.
2678 4927 2892 4981 ΜΑιιΑιιι.

2134 4997 2252 5069 (27)
2285 4995 2456 5051 υηιιε
2474 4996 2651 5069 codex
2678 4998 2837 5052 Colb.
2876 4998 3074 5069 τιμίων
3104 4996 3271 5059 δόσιν.
3307 4998 3649 5069 praemiorum

2071 5065 2427 5140 largitionem.
2474 5065 2587 5121 Nec
2619 5069 2696 5122 ita
2745 5069 2919 5123 multo
2938 5065 3078 5139 ’post
3119 5070 3251 5140 editi
3302 5065 3520 5140 μακρᾶς
3554 5066 3652 5119 καὶ

2068 5138 2431 5211 αἰωνίας-κ-αι
2454 5153 2584 5207 μακ.
2619 5140 2689 5192 At
2719 5153 2855 5211 mss.
2891 5138 3108 5211 μακρᾶς
3143 5139 3237 5193 καὶ
3271 5138 3567 5211 μακαρίας.

2140 5207 2251 5278 (28)
2290 5208 2433 5280 Editi
2456 5205 2962 5279 ‘xacactydgouoéu.
3003 5205 3226 5265 Veteres
3254 5205 3494 5280 quatuor
3523 5205 3650 5262 libri

2065 5277 2545 5346 κατασιγάςουσιν.

2064 5419 2076 5431 ο
2130 5348 2243 5419 (29)
2276 5348 2420 5431 Editi
2449 5348 2594 5422 ψυχῇ
2630 5352 2665 5421 η
2693 5349 2792 5422 τῷ.
2820 5350 2887 5406 At
2922 5366 3058 5407 mss.
3086 5351 3336 5421 plerique
3366 5363 3559 5404 omnes
3589 5352 3653 5401 ut

2064 5429 2120 5473 in
2164 5429 2443 5474 contextu.

2131 5489 2242 5560 (50)
2270 5489 2455 5545 Codex
2481 5506 2624 5546 unus
2649 5497 2701 5544 et
2730 5491 2861 5562 editi
2889 5492 2971 5546 ὅτι
2995 5490 3165 5562 αὐτῷ.
3202 5490 3316 5545 Vox
3337 5490 3421 5562 ὅτι
3446 5488 3501 5562 in
3524 5484 3653 5562 aliis

2066 5556 2305 5631 quatuor
2326 5576 2462 5615 mss.
2481 5576 2590 5631 non
2615 5561 2830 5630 legitur.
2849 5561 3054 5618 lbidem
3080 5556 3310 5631 utraque
3328 5560 3499 5615 editio
3516 5556 3654 5628 κρά-

2068 5630 2290 5712 τοςεκαὶ
2337 5629 2739 5712 προσκύνησις,
2770 5641 2878 5686 etc.
2917 5632 3117 5690 Vocem
3159 5629 3410 5687 ultimam
3448 5631 3507 5685 in
3545 5641 3653 5685 ιιοο

2074 5703 2207 5758 stris
2239 5715 2376 5757 mss.
2412 5717 2523 5756 non
2554 5703 2891 5759 invenimus.
