4052 6214
471 658 708 711 οΜΙΛΙΑ
765 654 882 707 ΟΤΙ
936 654 1079 714 ΟΥΚ
1130 652 1331 704 ΕΣΤΙΝ
1389 650 1614 703 ΑῙΤΙΟΣ
1662 649 1793 700 ΤΩΝ

868 769 1121 823 ΚΑΚΩΝ
1146 769 1186 819 0
1216 765 1408 818 ΘΕΟΣ.

422 908 470 961 1.
491 905 680 959 Πολλοὶ
702 904 800 974 τῆς
826 901 1178 962 διδασκαλίας
1205 897 1478 969 οίτρόποι,
1499 898 1544 948 οἱ
1569 894 1656 948 διὰ
1679 893 1918 966 ἱεροιῖνάλ-

344 1017 436 1052 του
464 998 623 1051 Δασιδ
655 997 806 1065 παρὰ
834 993 930 1047 τοῦ
963 991 1309 1063 ἐνεργοῦντος
1340 991 1396 1041 ὲν
1423 987 1570 1057 αὑτῷ
1604 986 1917 1056 Πνεύματος

346 1088 746 1158 ὑποδειχθὲντες
777 1089 930 1157 ἡμῖν.
967 1084 1106 1138 Ποτὲ
1151 1083 1246 1152 μὲν
1278 1081 1407 1152 γὰρ,
1437 1081 1505 1132 τὰ
1547 1081 1720 1131 οἰκεῖα
1768 1077 1914 1146 πάθη

340 1181 694 1252 διηγούμενος
725 1182 862 1248 ἡμῖν
902 1180 931 1231 ὁ
973 1177 1287 1249 προφήτης,
1317 1175 1412 1227 καὶ
1439 1174 1585 1236 ὅπως
1613 1173 1811 1243 ἤνεγκε
1849 1172 1918 1223 τά

342 1274 724 1342 συμπίπτοντα
768 1269 1052 1338 γενναίως,
1104 1268 1190 1322 διὰ
1237 1266 1328 1320 τοῦ
1382 1266 1502 1319 καθ’
1546 1264 1736 1318 ἑαυτὸν
1784 1266 1916 1316 ὑπο-

339 1365 632 1435 δείγματος
670 1362 1020 1415 διδασκαλίαν
1062 1362 1191 1430 ἡμῖν
1237 1359 1639 1429 ἐναργεστάτην
1674 1357 1784 1428 (51)
1818 1358 1918 1425 τῆς

340 1457 620 1527 ὑπομονῆς
656 1454 1083 1523 καταλιμπάνει,
1133 1452 1206 1512 ὡς
1237 1451 1365 1504 ὅταν
1405 1449 1536 1520 λέγῃ
1561 1465 1574 1479 °
1619 1451 1817 1516 Κύριε,
1862 1449 1918 1500 τί

339 1546 818 1614 ἐπληθύνθησαν
843 1546 895 1596 οἱ
937 1541 1240 1606 θλίϐοντές
1269 1556 1377 1610 με;
1419 1541 1546 1593 ποτὲ
1575 1539 1629 1592 δὲ
1654 1539 1752 1610 τὴν
1781 1542 1918 1606 ἀγα-

341 1637 542 1706 Θὰητα
575 1637 855 1706 συνίστησι
897 1635 990 1689 τοῦ
1023 1634 1179 1696 Θεοῦ,
1211 1634 1301 1687 καὶ
1337 1633 1398 1686 τὸ
1431 1633 1592 1702 τάχος
1627 1631 1789 1685 αὑτοῦ
1820 1632 1917 1701 τῆς

341 1727 705 1798 ἀντιλήψεως,
738 1730 804 1798 ἦν
835 1728 1128 1798 παρέχεται
1157 1728 1266 1788 τοῖς
1295 1724 1561 1795 ἀληθινῶς
1597 1723 1917 1793 ἐκζητοῦσιν

342 1818 525 1881 αὑτὸν,
558 1818 762 1886 λέγων·
810 1819 914 1872 Ἐν
942 1817 1021 1882 τῷ
1046 1817 1458 1870 ἐπικαλεῖσθαὶ
1478 1833 1555 1884 με
1587 1813 1917 1884 εὶσήκουσέ

336 1925 456 1977 μου
489 1911 522 1960 d
573 1909 718 1973 Θεὸς
744 1905 855 1974 τῆς
887 1907 1278 1972 δικαιοσύνης
1300 1923 1419 1974 μου
1440 1921 1453 1934 ·
1494 1903 1916 1974 ἰσοδυναμοῦντα

340 1999 421 2069 τῷ
452 2001 708 2070 προφήτῃ
765 1999 1133 2070 φθεγγόμενος
1194 1997 1271 2068 τῷ
1335 1996 1573 2050 εἰπόντι·
1635 1999 1764 2050 Ἔτι
1817 1999 1916 2049 λα·
1947 2033 1987 2087 Β

339 2092 600 2157 λοῦπός
629 2108 768 2155 σου,
802 2091 952 2158 ἐρεῖ·
989 2091 1142 2144 Ἰδοὺ
1174 2089 1427 2157 πάρειμι.
1463 2089 1768 2142 Τουτέστιψ
1803 2089 1917 2140 Οὐκ

341 2184 512 2253 ἔφθην
555 2184 1039 2252 ἐπικαλεσάμενος,
1095 2185 1187 2235 καὶ⁸
1233 2180 1499 2252 προέλαϐε
1533 2181 1595 2232 τὸ
1635 2181 1786 2242 τέλος
1815 2181 1916 2249 τῆς

342 2275 686 2344 ἐπικλήσεως
710 2276 742 2342 ἠ
777 2273 912 2343 ἀκοὴ
940 2273 1034 2324 τοῦ
1065 2272 1217 2326 Θεοῦ.
1253 2270 1418 2324 Πάλιν
1447 2268 1724 2340 ἱκετηρίας
1751 2283 1917 2338 προσ-

344 2369 526 2438 φέρων
569 2365 647 2436 τῷ
693 2365 810 2435 Θεῷ
866 2366 962 2418 καὶ
1007 2365 1239 2436 δεήσεις,
1278 2362 1582 2416 ἐκδιδάσκει
1617 2362 1764 2432 ἡμᾶς
1796 2360 1916 2413 τίνα

341 2458 545 2528 τρόπον
572 2457 815 2527 προσῆκε
841 2459 968 2520 τοὺς
995 2459 1052 2509 ὲν
1081 2456 1374 2526 ἁμαρτίαις
1393 2455 1553 2518 ὄντας
1581 2452 1916 2518 ὲξιλεοῦσθαι

342 2552 435 2602 τὸν
466 2549 601 2603 Θεόν
629 2550 743 2618 (5'2)
768 2567 782 2578 ·
806 2551 1003 2617 Κύριε,
1024 2549 1109 2618 μὴ
1129 2547 1209 2614 τῷ
1225 2548 1384 2617 θυμῷ
1406 2564 1521 2602 σου
1551 2546 1803 2616 ἐλέγξῃς
1815 2555 1911 2615 με,

341 2644 493 2714 μηδὲ
539 2644 616 2711 τῇ
653 2642 800 2712 ὀργῇ
837 2659 953 2697 σου
991 2643 1320 2710 παιδεύσῃς
1367 2659 1460 2711 με.
1512 2642 1600 2694 Ἑν
1629 2641 1684 2695 δὲ
1713 2641 1790 2710 τῷ
1815 2641 1917 2692 δω-

342 2732 554 2802 δεκάτῳ
605 2731 806 2802 ψαλμῷ
845 2732 1151 2804 παράτασὶν
1180 2750 1300 2785 τινα
1333 2730 1638 2802 πειρασμοῦ
1686 2731 1918 2796 ἐνδειξά-

345 2842 504 2895 μενος
531 2827 591 2877 ὲν
623 2824 703 2894 τῷ
734 2825 913 2892 λέγειν
934 2843 946 2854 ·
986 2826 1133 2891 Ἕως
1173 2825 1334 2888 πότε,
1389 2823 1586 2891 Κύριε,
1651 2823 1916 2892 ἐπιλήσῃ

338 2934 458 2984 μου
507 2919 598 2981 εἰς
628 2917 840 2981 τέλος;
891 2917 983 2970 καὶ
1033 2916 1099 2969 δι’
1132 2917 1252 2969 ὅλου
1308 2917 1402 2970 τοῦ
1451 2915 1667 2985 ψαλμοῦ
1700 2913 1917 2978 διδάξας

343 3009 490 3078 ἡμεῖς
545 3007 620 3078 μὴ
650 3010 907 3060 ἐκκακείν
940 3009 998 3060 ὲν
1027 3010 1144 3070 ταῖς
1175 3007 1435 3075 θλίψεσιν,
1470 3007 1582 3060 ἀλλ’
1627 3006 1918 3076 ἀναμένειν

342 3101 438 3170 τὴν
471 3100 790 3169 ἀγαθὸτητα
821 3098 914 3152 τοῦ
950 3099 1106 3162 Θεοῦ,
1137 3101 1230 3152 καὶ
1256 3099 1473 3163 εἰδέναι,
1519 3100 1601 3152 ὅτι
1636 3098 1918 3169 οἰκονομίᾳ

343 3193 448 3244 τινί
479 3192 850 3263 παραδίδωσιν
887 3192 1034 3261 ἡμᾶς
1069 3193 1186 3254 ταῖς
1227 3191 1456 3261 θλίψεσι,
1490 3191 1632 3244 κατὰ
1663 3193 1761 3260 τὴν
1789 3194 1920 3245 ἀνα-

344 3284 531 3351 λογίαν
567 3285 666 3354 τῆς
693 3283 1102 3354 ἐνυπαρχούσης
1133 3282 1346 3354 ἑκάστῳ
1373 3284 1605 3346 πίστεως
1638 3284 1699 3336 τὸ
1724 3285 1920 3355 μέτρον

1152 322 1318 378 HOM.
1357 321 1543 389 QUOD
1582 317 1762 374 DECS
1799 315 1935 372 NON
1974 314 2102 370 EST
2142 311 2423 370 AUCTOR
2463 306 2822 365 MALORUM.

1948 655 1995 707 A

2264 636 2452 704 QUOD
2493 634 2672 689 DEUS
2711 633 2845 688 NON
2886 633 3014 689 EST
3063 631 3344 689 AUCTOR

2602 747 2960 804 MALORUM.

2089 887 2140 941 1.
2179 886 2369 943 Plures
2410 885 2640 942 docendi
2675 885 2822 940 modi
2873 885 3032 940 nobis
3064 901 3160 956 per
3188 900 3406 940 sacrum
3440 883 3589 956 psal-

2017 991 2106 1036 ten
2135 979 2301 1034 David
2331 981 2673 1050 almperante
2695 979 2748 1032 in
2787 981 2906 1049 ipso
2933 979 3140 1052 Spiritu
3167 982 3585 1036 commonstrati

2019 1080 2165 1127 sunt.
2209 1071 2343 1124 Nam
2386 1070 2676 1140 aliquando
2715 1072 2873 1127 nobis
2899 1087 3130 1128 narrans
3157 1073 3420 1141 propheta
3457 1086 3590 1128 suas

2019 1164 2192 1234 ipsius
2221 1178 2494 1218 aerumnas
2537 1179 2600 1217 ac
2633 1163 2972 1218 calamitates
2995 1203 3010 1226 ,
3057 1172 3110 1217 ct
3141 1165 3413 1233 quomodo
3467 1179 3589 1232 quae

2018 1257 2354 1318 acciderant,
2395 1266 2617 1308 strenue
2642 1255 2947 1324 pertulerit,
2979 1256 3226 1324 exemplo
3259 1271 3358 1310 suo
3397 1256 3590 1311 claris-

2018 1349 2215 1402 simum
2252 1348 2412 1401 nobis
2462 1347 2735 1415 patientiae
2776 1346 3163 1401 documentum
3196 1347 3495 1416 relinquit:
3529 1355 3590 1403 ut

2016 1456 2139 1495 cum
2171 1439 2305 1492 dicit
2333 1460 2343 1492 :
2380 1438 2620 1500 Domine,
2649 1437 2772 1505 quid
2815 1437 3154 1504 multiplicati
3199 1447 3322 1491 sunt
3366 1439 3456 1508 qui
3485 1439 3588 1492 tri-

2016 1533 2200 1586 bulant
2227 1549 2307 1586 me
2349 1533 2774 1602 °‘?.Aliquando
2805 1547 2934 1585 vero
2988 1530 3085 1586 Dei
3135 1531 3432 1588 bonitatem
3459 1573 3474 1594 ,
3533 1539 3589 1586 et

2015 1625 2135 1694 ejus
2159 1626 2349 1679 auxilii
2374 1625 2729 1690 celeritatem,
2764 1623 2910 1694 quod
2940 1639 3062 1677 vere
3083 1622 3263 1691 ipsum
3305 1624 3584 1692 inquiren-

2016 1718 2162 1773 tibus
2186 1718 2407 1789 pracbet,
2433 1717 2794 1778 commendat,
2833 1716 3021 1772 dicens
3047 1732 3061 1768 :
3104 1716 3235 1770 Cum
3267 1717 3584 1778 invocarem,

2013 1808 2281 1864 exaudivit
2309 1825 2386 1862 me
2428 1808 2567 1862 Deus
2609 1807 2836 1877 justitiw
2884 1824 3011 1861 mea:
3043 1806 3107 1859 “.
3149 1807 3281 1872 Quae
3319 1808 3588 1862 sententia

2015 1901 2202 1957 eodem
2236 1901 2428 1954 recidit
2459 1908 2622 1970 atque
2648 1899 2780 1954 illud
2811 1898 3087 1969 propheta:
3115 1898 3322 1952 dictum
3354 1916 3367 1951 :
3402 1896 3589 1950 Adhuc

2017 2003 2063 2047 te
2088 1993 2346 2063 loquente,
2385 1992 2520 2046 dicet
2549 2007 2568 2045 :
2602 1990 2737 2046 Ecce
2761 1991 2948 2045 adsum
2982 1990 3044 2044 ⁸⁸.
3077 1989 3192 2046 Hoc
3217 2002 3322 2055 est,
3347 1988 3589 2043 nondum

2019 2084 2302 2138 invocandi
2351 2082 2582 2138 feceram
2622 2083 2818 2148 linem;
2883 2080 3024 2138 Deus
3074 2089 3299 2148 tamen,
3354 2080 3592 2135 necdum

2017 2174 2262 2230 absoluta
2297 2174 2673 2237 invocatione,
2709 2171 3011 2227 exaudivit.
3073 2171 3287 2228 Rursus
3323 2171 3452 2226 dum
3480 2169 3592 2225 Deo

2016 2261 2327 2334 supplicat,‘
2360 2279 2658 2334 precesque
2692 2262 2936 2326 adhibet,
2974 2263 3164 2317 edocet
3197 2278 3298 2317 nos
3329 2261 3593 2332 quemad-

2016 2356 2235 2411 modum
2270 2371 2362 2412 eos
2393 2358 2487 2426 qui
2521 2357 2576 2410 in
2609 2358 2846 2426 peccatis
2883 2363 3203 2421 versantur,
3255 2353 3424 2410 Deum
3475 2356 3592 2426 pla-

2015 2463 2140 2502 care
2166 2463 2262 2517 par
2292 2449 2364 2502 sit
2394 2466 2406 2501 :
2443 2446 2695 2510 Domine,
2731 2464 2790 2500 ne
2824 2448 2879 2500 in
2918 2447 3096 2515 furore
3138 2455 3226 2500 tuo
3255 2463 3448 2516 arguas
3488 2463 3590 2513 me,

2017 2556 2177 2609 neque
2207 2541 2261 2592 in
2286 2541 2366 2592 ira
2387 2549 2476 2592 tua
2505 2540 2762 2606 corripias
2798 2554 2878 2590 me
2904 2538 2967 2591 ⁸⁷.
3005 2537 3074 2590 At
3099 2552 3227 2590 vero
3276 2539 3332 2589 in
3376 2535 3589 2590 duode-

2017 2634 2160 2686 cimo
2196 2632 2426 2703 psalmo,
2462 2631 2552 2685 ubi
2596 2631 2858 2701 prolixam
2910 2628 3199 2699 quamdam
3231 2628 3590 2682 tentationem

2017 2725 2285 2790 ostendit,
2317 2724 2402 2779 bis
2430 2723 2611 2778 verbis
2643 2739 2655 2774 :
2696 2722 2972 2792 Usquequo
2997 2761 3012 2785 ,
3053 2721 3294 2786 Domine,
3320 2721 3594 2776 oblivisce-

2019 2819 2092 2872 ris
2119 2834 2200 2872 me
2223 2818 2274 2870 in
2303 2817 2457 2885 ﬁnem
2491 2816 2569 2868 '5‘?
2594 2822 2648 2870 et
2671 2815 2762 2869 ubi
2793 2831 2888 2886 per
2915 2822 3086 2869 totum
3112 2816 3380 2883 psalmum
3406 2815 3592 2868 docuit

2019 2925 2118 2965 nos
2145 2910 2374 2964 deﬁcere
2405 2923 2512 2962 non
2551 2909 2747 2964 debere
2779 2908 2832 2961 in
2888 2909 3148 2962 aerumnis
3175 2947 3188 2970 ,
3240 2907 3337 2962 sed
3369 2905 3463 2960 Dei
3496 2921 3593 2960 ex-

2019 3010 2266 3072 spectare
2290 3002 2586 3056 bonitatem
2611 3015 2674 3056 ac
2695 3015 2878 3063 nosse,
2899 3001 3043 3070 quod
3077 2999 3415 3070 providentia
3444 3013 3593 3068 quaa-

2019 3093 2144 3147 dam
2179 3094 2340 3148 dedat
2371 3109 2470 3149 nos
2498 3093 2904 3158 afﬂictionibus,
2936 3093 3040 3162 73
3069 3103 3233 3162 atque
3252 3109 3350 3162 pro
3386 3091 3595 3145 ratione

2021 3186 2141 3240 ﬁdei
2177 3187 2608 3255 uniuscujusque
2659 3187 2988 3240 tentationes
3029 3184 3378 3239 admetiatur.
3432 3182 3595 3238 Post-

2020 3293 2182 3347 quam
2218 3277 2381 3348 igitur
2406 3277 2612 3331 dictum
2643 3287 2726 3332 est
2756 3277 2885 3330 illud
2921 3297 2932 3332 :
2997 3275 3293 3348 Usquequo,
3334 3275 3551 3331 Domine
3574 3317 3593 3342 ,

347 3376 569 3443 ἐπάγων
598 3375 706 3428 τῶν
745 3375 1194 3446 βασανιστηρίων.
1251 3377 1402 3428 Ἐπεὶ
1445 3372 1536 3428 οὖν
1590 3375 1802 3446 εἴρηται
1836 3376 1916 3440 τὸ,

2022 3368 2339 3421 Oblivisceris
2385 3384 2464 3421 me
2494 3369 2548 3420 in
2582 3369 2782 3436 ﬁnem?
2823 3374 2904 3431 et,
2951 3366 3224 3439 Usquequo
3259 3369 3449 3422 avertis
3503 3367 3594 3435 fa-

349 3470 495 3535 Ἕως
522 3471 689 3530 πότε,
715 3470 909 3536 Κύριε,
941 3468 1202 3537 ἐπιλήσῃ
1224 3487 1341 3537 μου
1362 3472 1448 3534 είς
1474 3468 1646 3534 τέλος
1662 3486 1679 3532 ;
1713 3469 1806 3521 καὶ
1839 3469 1917 3533 τὸ,

349 3560 501 3628 Ἕως
556 3563 702 3614 πότε
748 3561 1145 3630 ἀποστρέφεις
1189 3561 1254 3615 τὸ
1284 3564 1609 3629 πρόσωπόν
1657 3578 1772 3616 σου
1821 3564 1920 3616 ἀπ’

344 3651 527 3720 eam};
570 3653 730 3715 εὐθὺς
767 3653 1080 3722 μεταϐαίνει
1106 3654 1194 3706 ἐπὶ
1246 3653 1305 3706 τὸ
1335 3652 1442 3705 τῶν
1505 3653 1676 3706 ἀθέων
1713 3655 1880 3707 κακόν
1903 3672 1916 3685 ·

344 3747 414 3810 οἳ,
449 3749 582 3801 ὅταν
612 3747 808 3818 μικρὸν
841 3748 1022 3810 αὐτοῖς
1069 3765 1119 3799 τι
1148 3746 1253 3798 τῶν
1301 3746 1443 3800 κατά
1467 3748 1558 3799 τὸν
1594 3747 1704 3818 βίον
1748 3765 1920 3818 προσ-

344 3839 576 3910 κρούσῃ,
606 3839 682 3909 μὴ
709 3839 964 3909 φέροντες
985 3839 1082 3902 τὰς
1111 3838 1512 3909 δυσκολωτέρας
1535 3838 1645 3892 τῶν
1667 3839 1922 3910 πραγμά-

343 3949 451 3984 των
516 3932 906 4003 περιστάσεις,
951 3929 1111 3993 εὐθὺς
1163 3930 1452 4000 ἀμφίϐολοι
1506 3931 1745 3998 γίνονται
1801 3933 1920 3996 ταῖς

341 4017 629 4082 διανοίαις,
676 4018 725 4068 εί
764 4016 877 4069 ἔστι
923 4015 1055 4078 Θεὸς
1088 4015 1517 4086 ἐπιμελούμενος
1550 4015 1656 4068 τῶν
1688 4016 1836 4086 τῇδε,
1873 4019 1921 4070 εί

343 4109 617 4180 ἐφορᾷ-τά
645 4108 768 4162 καθ’
798 4110 1043 4172 ἕκαστον,
1087 4110 1136 4160 εἰ
1161 4109 1402 4179 διανέμει
1434 4109 1649 4179 ἑκάστῳ
1685 4109 1753 4161 τά
1785 4109 1922 4179 πρὸς

343 4201 524 4264 ἀξίαν.
561 4197 719 4257 Εἶτα.
751 4203 876 4254 ὅταν
924 4202 1018 4254 ἐπὶ
1064 4201 1244 4254 πλεῖον
1273 4201 1454 4254 ἴδωσιν
1485 4201 1711 4265 ἑαυτοὺς
1741 4217 1920 4272 παρα-

341 4291 694 4361 τεινομένους
722 4294 780 4343 ὲν
819 4292 930 4353 τοῖς
974 4289 1310 4360 ἀϐουλήτοις,
1345 4289 1650 4359 βεϐαιοῦσιν
1693 4292 1750 4343 ἐν
1799 4291 1922 4343 ἑαυ-

340 4386 457 4444 τοῖς
501 4382 566 4434 τὸ
609 4381 845 4452 πονηρὸν
893 4381 1084 4450 δόγμα,
1138 4381 1227 4433 καὶ
1278 4381 1666 4448 ἀποφαίνονται
1713 4383 1769 4433 ὲν
1801 4383 1922 4443 ταῖς

342 4475 599 4543 καρδίαις
645 4474 844 4536 αὐτῶν,
896 4474 976 4526 ὃτι
1011 4474 1124 4526 Οὐκ
1169 4473 1281 4526 ἔστι
1311 4474 1462 4536 Θεός.
1509 4469 1693 4525 Elite?
1721 4473 1923 4541 ἄφρων

340 4567 418 4620 ἐν
467 4566 684 4634 καρδίᾳ
737 4564 957 4618 αὐτοῦ’
1019 4567 1140 4617 Οὐκ
1189 4565 1319 4617 ἐστι
1382 4564 1544 4628 Θεός.
1612 4564 1722 4617 Καὶ
1765 4563 1922 4616 τοῦτο

344 4658 755 4727 ὲμῦαλλόμενος
798 4659 876 4718 είς
924 4657 1015 4708 τὸν
1046 4655 1240 4708 ἑαυτοῦ
1278 4654 1422 4718 νοῦν,
1463 4654 1699 4724 ἀφειδῶς
1736 4653 1921 4708 λοιπὸν

2025 3459 2152 3511 ciem
2177 3467 2321 3512 tuam
2354 3475 2386 3511 a
2409 3475 2487 3511 me
2514 3459 2596 3512 ⁸θῖ
2626 3459 2810 3514 statim
2851 3460 2916 3513 ad
2959 3458 3220 3529 ﬂagitium
3254 3461 3452 3514 transit
3491 3459 3595 3512 im-

2021 3549 2257 3618 piorum,
2291 3550 2382 3619 qui
2417 3560 2768 3620 posteaquam
2806 3550 2857 3602 in
2895 3551 3002 3603 vita
3047 3566 3156 3604 non
3206 3551 3341 3604 nihil
3385 3550 3595 3619 experti

2020 3649 2148 3696 sunt
2168 3641 2400 3707 adversi,
2431 3657 2609 3696 rerum
2643 3643 2984 3697 molestiores
3014 3658 3177 3698 casus
3199 3659 3306 3697 non
3333 3641 3589 3704 ferentes,

2022 3733 2169 3786 illico
2203 3733 2438 3804 pendent
2468 3733 2658 3796 animi,
2702 3750 2768 3788 an
2802 3735 2873 3788 sit
2907 3733 3050 3789 Deus
3081 3736 3174 3805 qui
3208 3750 3296 3790 res
3325 3735 3594 3791 humanas

2021 3833 2194 3890 curet,
2221 3840 2286 3878 an
2313 3825 2527 3894 singula
2551 3825 2824 3896 inspiciat,
2852 3841 2919 3878 an
2947 3827 3238 3896 unicuique
3268 3842 3366 3897 pro
3391 3829 3589 3882 merito

2021 3916 2336 3972 distribuat.
2365 3916 2568 3972 Deinde
2595 3918 2685 3972 ubi
2717 3919 2772 3971 in
2803 3917 3048 3973 adversis
3079 3919 3358 3973 immorari
3387 3934 3446 3974 se
3475 3917 3590 3972 diu-

2022 4010 2132 4065 tius
2161 4009 2416 4073 viderint,
2449 4010 2736 4064 stabiliunt
2780 4011 2833 4065 in
2887 4011 3194 4081 semetipsis
3237 4010 3433 4081 dogma
3477 4026 3594 4081 pra-

2020 4117 2168 4167 vum,
2195 4111 2354 4172 atque
2378 4103 2431 4156 in
2456 4103 2715 4157 cordibus
2744 4105 2859 4158 suis
2885 4103 3024 4158 hanc
3063 4103 3346 4174 proferunt
3368 4113 3591 4159 senten-

2021 4193 2150 4248 tiam
2186 4210 2198 4248 :
2237 4192 2352 4247 Non
2379 4201 2465 4248 est
2496 4193 2672 4248 Deus:
2708 4193 2861 4246 Dixit
2892 4195 3141 4263 insipiens
3179 4196 3233 4247 in
3269 4197 3423 4249 corde
3445 4211 3540 4249 suo
3574 4211 3593 4248 :

2024 4284 2148 4338 Non
2181 4297 2256 4340 est
2281 4285 2419 4339 Deus
2445 4287 2510 4342 πθ.
2560 4286 2624 4340 Et
2653 4303 2776 4342 cum
2811 4289 2980 4343 semel
3010 4288 3113 4341 hoc
3144 4288 3198 4341 in
3238 4288 3480 4342 animum
3509 4289 3597 4342 in-

2022 4379 2196 4442 duxit,
2236 4387 2347 4432 tum
2376 4380 2593 4434 licentia
2625 4382 2773 4434 omni
2801 4381 3050 4451 graditur
3087 4397 3184 4450 per
3225 4393 3446 4451 peccata
3477 4397 3597 4435 om-

2022 4471 2132 4525 nia.
2167 4472 2377 4526 Etenim
2408 4473 2454 4527 si
2491 4488 2600 4526 non
2627 4481 2710 4527 est
2735 4475 2825 4542 qui
2855 4474 3151 4538 intueatur,
3177 4475 3222 4529 si
3253 4490 3361 4528 non
3389 4481 3473 4529 est
3495 4475 3592 4544 qui

2023 4563 2290 4618 retribuat
2321 4566 2520 4633 cuique
2555 4580 2654 4634 pro
2676 4566 2800 4618 vitae
2828 4567 3044 4631 merito,
3077 4567 3208 4636 quid
3235 4575 3380 4622 vetat
3410 4567 3594 4636 oppri-

2025 4669 2172 4708 mere
2205 4670 2496 4725 pauperem
2525 4697 2540 4722 ,
2600 4658 2834 4726 pupillos
2887 4659 3197 4715 interimere
3221 4701 3235 4724 ,
3287 4658 3506 4714 viduam
3540 4666 3596 4713 et

342 4750 434 4802 διὰ
489 4751 672 4817 πάσης
727 4746 1000 4816 ἁμαρτίας
1040 4749 1224 4816 χωρεῖ.
1285 4746 1346 4798 El
1395 4745 1502 4816 γὰρ
1549 4747 1646 4798 οὐκ
1697 4745 1842 4798 ἔστιν
1891 4747 1918 4797 ὁ

2023 4746 2284 4801 advenam
2313 4764 2573 4811 enecare,
2608 4753 2894 4806 scelestum
2928 4739 3088 4806 omne
3121 4752 3324 4804 factum
3367 4750 3590 4814 audere,

346 4840 686 4903 ἐπισκοπῶν,
723 4841 771 4891 εί
803 4839 902 4890 οὐκ
945 4837 1089 4890 ἐστιν
1120 4840 1148 4890 ὁ
1176 4837 1473 4900 ἀντιδιδοὺς
1519 4837 1734 4908 ἑκάστῳ
1779 4839 1918 4891 κατὰ

344 4933 444 5002 τὴν
495 4931 652 4994 ἀξίαν
701 4931 810 4982 τῶν
859 4930 1225 5000 βεϐιωμένων,
1276 4929 1327 4981 τί
1377 4929 1573 4982 κωλύει
1622 4930 1923 4982 καταδυνα-

348 5023 560 5076 στεύειν
601 5023 695 5075 τὸν
737 5021 944 5092 πένητα
976 5022 1106 5092 (55),
1139 5022 1406 5093 ὀρφανοὺς
1449 5021 1713 5089 φονεύειν,
1744 5023 1919 5092 χήραν

348 5116 442 5170 καί
465 5115 803 5186 προσήλυτον
823 5115 1182 5176 ἀποκτείνειν,
1211 5113 1392 5185 πάσης
1414 5114 1634 5178 ἀνοσίας
1664 5113 1917 5184 πράξεως

351 5208 717 5278 κατατολμᾷν,
765 5206 1093 5277 ἀκαθάρτοις
1124 5207 1217 5258 καὶ
1248 5205 1554 5276 βδελυκτοῖς
1593 5205 1787 5260 πάθεσι
1827 5207 1920 5259 καὶ

419 5363 466 5392 ⁸⁵
501 5361 645 5415 Psal.
684 5375 778 5424 in,
813 5359 867 5413 2.
945 5359 990 5392 ⁸⁸
1029 5357 1171 5414 Psal.
1211 5374 1285 5425 iv,
1319 5357 1374 5413 2.
1452 5360 1498 5390 “
1537 5357 1640 5414 lsa.
1676 5373 1840 5427 LVIII,
1873 5359 1924 5414 9.
2003 5361 2046 5392 "
2081 5357 2226 5416 Psal.
2263 5377 2350 5427 v1,
2387 5362 2442 5416 2.
2522 5363 2566 5393 ⁸⁸
2604 5360 2747 5417 Psal.
2785 5377 2898 5426 xn,
2937 5362 2986 5416 ί.

353 5446 482 5496 xm,
523 5431 574 5484 1.
651 5431 696 5462 τι
737 5431 868 5486 ibid.

427 5585 531 5656 (51)
567 5585 790 5669 Antiqui
826 5595 939 5640 tres
981 5584 1106 5638 libri
1147 5583 1485 5637 διδασκάλων
1537 5584 1665 5707 ἡμῖν
1694 5584 1914 5666 ἐνεργέ-

427 5675 564 5707 ατον-
608 5659 763 5707 Alius
797 5673 893 5707 nro
941 5655 1282 5707 διδασκάλων
1333 5655 1495 5707 habet
1527 5653 1573 5704 δι
1607 5657 1910 5707 ασκαΑεῖον.

359 5653 564 5712 στατον.
608 5653 763 5712 Alius
797 5673 893 5726 pro
941 5655 1282 5726 διδασκάλων
1333 5653 1910 5726 ὴιιὺειγδιδασκαλεῖον.

358 5728 459 5781 Atii
488 5727 591 5785 duo
626 5738 678 5782 et
703 5724 831 5782 editi
858 5725 1262 5797 ἐναργεστάτην
1295 5726 1425 5796 ἡμῖν
1450 5724 1810 5780 διδασκαλίαν.

666 5825 940 5886 Ρηιιοι..
971 5823 1094 5883 Gn.
1139 5822 1380 5885 XXXI.

2026 4837 2256 4907 impuris
2284 4847 2337 4891 et
2366 4839 2745 4896 abominandis
2778 4840 2920 4894 vitiis
2951 4855 3012 4894 ac
3054 4840 3306 4894 omnibus
3341 4838 3596 4894 belluinis

2027 4915 2420 4999 cupiditatibus
2458 4932 2842 5000 coinquinari?
2876 4932 3218 5000 Quapropter
3247 4931 3455 4999 prolata
3491 4931 3596 4984 hac

2028 5022 2315 5086 sententia,
2353 5021 2473 5076 Non
2496 5032 2574 5076 est
2620 5022 2762 5076 Deus
2789 5065 2803 5088 ,
2846 5023 2898 5075 id
2941 5031 3200 5087 tanquam
3251 5021 3378 5078 inde
3411 5037 3599 5078 conse«

2026 5129 2200 5182 quens
2227 5114 2508 5184 subjungit
2536 5134 2548 5169 :
2581 5114 2830 5184 Corrupti
2860 5123 3003 5182 sunt,
3025 5124 3072 5167 et
3107 5113 3484 5167 abominabiles
3512 5114 3597 5182 [αι

2025 5207 2097 5259 cti
2115 5215 2235 5260 sunt
2259 5207 2313 5260 in
2346 5209 2538 5261 studiis
2572 5209 2638 5262 τί.
2677 5207 2819 5262 Fieri
2849 5208 2992 5260 enim
3020 5221 3128 5260 non
3153 5213 3330 5277 potest
3359 5214 3416 5261 ut
3445 5222 3474 5260 a
3507 5207 3597 5260 via

3065 5363 3109 5394 ”
3152 5361 3286 5419 ibid.
3360 5363 3406 5394 '°
3445 5360 3593 5416 Psal.

2095 5584 2205 5654 (52)
2231 5584 2453 5653 Antiqui
2475 5584 2581 5637 duo
2610 5582 2732 5654 libri
2761 5581 3094 5654 ὲξιλεοῦσθαι
3120 5582 3212 5635 τὸν
3242 5581 3466 5652 Κύριον.

2094 5652 2204 5727 (55)
2240 5652 2610 5726 Βεδξρῐὶιῐιυε
2634 5652 2727 5706 τοῦ
2758 5653 3007 5726 πένητος.

3281 5815 3350 5872 11
