4052 6214
431 360 531 417 331

1767 349 1824 402 S.
1868 345 2112 402 BASILII
2155 347 2373 404 MAGNI

3577 322 3706 404 δεῖν.

431 482 579 558 iusta
609 487 935 550 detrectant,
975 483 1068 554 qui
1111 481 1168 536 in
1204 480 1319 538 suis
1364 479 1561 534 animis
1593 475 1685 533 Dei
1716 491 1825 530 non
1873 476 2006 530 obli-

2118 476 2318 539 πάσαις
2339 473 2664 546 κτηνώδεσιν
2680 473 3004 544 ἐπιθυμίαις,
3024 469 3346 544 μολύνεσθαι
3366 488 3380 536 ;
3405 471 3502 524 Διὰ
3528 473 3689 526 τοῦτο

433 578 744 632 viscuntur.

2113 569 2189 634 ὡς
2243 568 2506 638 ἑπόμενον
2572 567 2651 638 τῷ
2723 567 2796 637 μὴ
2853 563 2989 620 εἶναι
3054 566 3220 631 Θεὸν,
3289 567 3534 636 ἐπήγαγε
3590 565 3682 618 τό·

431 672 867 741 Διεερθάρησαν,
903 672 1000 725 καὶ
1041 662 2091 739 ἐϐδελύχθησαγένἐπιτηδεύμασιν.
2119 667 2422 738 Ἀμήχανον
2470 665 2581 734 γὰρ
2625 663 2960 735 ἐκτραπῆναι
3005 666 3102 734 τῆς
3155 663 3367 726 δικαίας
3418 663 3562 729 ὀδοῦ,
3611 661 3687 736 μὴ

431 767 601 840 λήθην
628 767 762 821 Θεοῦ
794 771 914 833 ταῖς
940 768 1140 838 ψυχαῖς
1165 769 1500 838 νοσήσαντας
1527 765 1660 836 (54).

501 884 556 936 2.
596 881 787 949 Unde,
815 899 1022 953 quaeso,
1067 881 1279 936 tradita:
1326 889 1454 936 sunt
1508 888 1698 950 gentes
1736 881 1789 935 in
1824 894 2009 950 repro-

431 975 563 1030 bum
601 991 850 1040 sensum,
897 984 950 1030 et
984 975 1192 1029 faciunt
1220 991 1338 1045 qua:
1361 990 1470 1028 nou
1498 976 1692 1028 decent
1712 973 1794 1026 "i
1818 972 2008 1028 Nonne

431 1068 561 1138 quia
591 1067 882 1122 dixerunt:
923 1065 1046 1120 Non
1083 1076 1162 1120 est
1207 1067 1388 1120 Deus?
1427 1065 1543 1120 Cur
1577 1072 1705 1119 sunt
1745 1065 1801 1118 in
1851 1063 2006 1134 igno-

433 1160 666 1214 miniosa
693 1159 823 1213 vitia
857 1161 1158 1230 prolapsas,
1219 1167 1272 1214 et
1325 1159 1537 1213 feminae
1587 1157 1805 1228 quidem
1862 1157 2006 1226 apud

433 1255 584 1323 ipsas
613 1262 1047 1308 trausmutarunt
1077 1253 1378 1306 naturalem
1412 1267 1569 1306 usum
1592 1291 1605 1315 ,
1662 1251 1715 1304 in
1747 1265 1870 1304 eum
1911 1250 2005 1320 qui

434 1356 518 1401 est
550 1353 746 1416 praeter
774 1354 1046 1407 naturam,
1070 1345 1296 1399 masculi
1317 1359 1444 1398 vero
1475 1346 1528 1397 in
1560 1344 1832 1398 masculos
1850 1341 2010 1395 feedi-

432 1445 599 1492 tatem
625 1445 936 1508 perpetrant
977 1438 1057 1489 "1’
1108 1435 1298 1491 Nonne
1339 1437 1597 1506 quoniam
1657 1441 2006 1490 mutaverunt

435 1530 661 1599 gloriam
695 1529 1126 1600 incorruptibilis
1159 1529 1251 1584 Dei
1296 1529 1348 1582 in
1396 1529 1809 1584 similitudinem
1845 1543 2005 1598 peco-

435 1637 576 1688 rum,
604 1621 1144 1691 quadrupedumque,
1170 1632 1224 1675 et
1259 1622 1534 1691 reptilium
1562 1622 1646 1675 7"?
1684 1623 1868 1691 Itaque
1911 1620 2005 1690 qui

433 1715 565 1768 dicit
592 1713 760 1768 Deum
792 1729 901 1767 non
935 1729 1088 1778 esse,
1133 1714 1396 1783 insipiens
1431 1721 1513 1768 est
1543 1722 1596 1769 et
1629 1714 1849 1777 stultus,
1880 1727 2004 1766 cum

433 1822 559 1861 vere
587 1813 766 1861 mente
798 1806 1042 1874 privatus
1082 1807 1151 1860 sit
1202 1817 1362 1875 atque
1392 1807 1694 1876 prudentia.
1731 1805 2081 1899 Assimilis.B

435 1908 612 1952 autem
649 1899 774 1952 huic
801 1908 906 1962 est,
936 1907 989 1952 et
1021 1899 1191 1951 nihilo
1221 1897 1521 1953 stoliditate
1552 1898 1778 1953 inferior
1804 1939 1818 1960 ,
1863 1898 2010 1970 quis:

433 1991 557 2056 quis
586 1987 717 2042 dicit
747 1987 914 2042 Deum
953 1987 1217 2040 malorum
1251 2002 1372 2042 esse
1407 1995 1710 2042 auctorem.
1773 1985 2007 2056 Aiquale

434 2096 668 2150 namque
705 2080 944 2149 ipsorum
983 2089 1264 2150 peccatum
1293 2095 1416 2134 esse
1451 2080 1627 2142 duco,
1677 2079 1824 2156 quod
1873 2081 2010 2133 utri-

435 2187 539 2241 que
571 2173 772 2240 pariter
808 2186 932 2225 eum
987 2173 1077 2240 qui
1122 2172 1298 2226 bonus
1355 2179 1438 2225 est
1493 2179 1725 2242 negant;
1762 2173 2010 2242 quando-

435 2264 652 2332 quidem
677 2264 813 2317 alter
840 2263 972 2318 dicit
991 2278 1114 2316 eum
1147 2263 1369 2316 omnino
1399 2279 1509 2317 non
1537 2279 1680 2327 esse,
1715 2263 1852 2318 alter
1879 2281 2009 2320 vero

433 2354 614 2423 ipsum
644 2356 845 2409 bonum
887 2370 994 2409 non
1027 2371 1148 2410 esse
1179 2357 1388 2409 statuit.
1420 2355 1554 2409 Nam
1604 2357 1650 2412 si
1693 2369 1885 2412 auctor
1924 2369 2009 2414 est

431 2448 734 2512 malorum,
772 2451 958 2519 utique
1001 2464 1101 2503 nec
1149 2449 1325 2502 bonus
1359 2457 1464 2511 est,
1493 2437 1723 2520 ideoque
1754 2453 2010 2523 utrinque

433 2549 665 2610 negatur
695 2541 855 2596 Deus.
909 2540 1066 2596 Unde
1096 2541 1290 2611 igitur,
1342 2541 1559 2611 inquit,
1615 2544 1833 2596 morbi?
1867 2545 2010 2600 unde

436 2641 641 2686 mortes
664 2631 1092 2702 intempestiva)?
1121 2632 1262 2686 unde
1288 2633 1500 2702 integra
1522 2633 1740 2688 urbium
1772 2636 2004 2702 excidia,

436 2722 938 2792 naufragiaybella,
975 2725 1188 2793 pestes?
1230 2723 1354 2778 Rrec
1400 2725 1546 2778 enim
1570 2766 1584 2789 ,
1642 2726 1837 2796 inquit,
1867 2728 2008 2782 mala

437 2823 587 2879 sunt,
623 2814 824 2885 Deique
852 2831 1014 2885 opera
1043 2815 1245 2870 omnia.
1301 2816 1481 2882 Quare
1511 2817 1565 2870 in
1595 2833 1756 2886 quem
1797 2818 1961 2872 alium
1992 2860 2006 2883 ,

436 2923 546 2962 non
580 2908 634 2962 in
669 2907 832 2962 Deum
853 2950 867 2976 ,
904 2924 1195 2977 possumus
1226 2923 1413 2962 eorum
1445 2924 1566 2978 qua:
1596 2910 1732 2962 fiunt
1779 2925 2005 2965 causam

436 2998 773 3053 transferre?
798 2997 907 3067 Age
938 3014 1087 3062 sane,
1117 2999 1336 3068 quando
1366 2999 1419 3052 in
1454 3000 1887 3070 vulgatissimam
1920 3002 2006 3054 in-

437 3093 670 3147 cidimus
699 3092 1051 3162 quaestionem
1074 3132 1089 3155 ,
1149 3108 1249 3146 nos
1271 3133 1285 3154 ,
1343 3093 1566 3148 redacto
1597 3095 1664 3147 ad
1695 3095 2006 3148 confessum

2166 877 2240 930 -2.
2258 876 2427 930 Πόθεν
2446 876 2514 930 τά
2531 875 2656 948 ἔθνη
2677 877 3034 949 παραδέδοται
3048 879 3128 942 είς
3143 878 3398 950 ἀδόκιμον
3425 878 3569 944 νοῦν,
3593 877 3687 934 καὶ

2115 973 2259 1023 ποιεῖ
2305 970 2373 1023 τά
2419 970 2494 1041 μὴ
2537 971 2880 1041 καθήκοντα;
2934 973 3047 1026 Οὐκ
3107 972 3292 1043 ἐπειδὴ
3339 968 3520 1027 εἶπον·
3563 976 3685 1027 Οὐκ

2116 1063 2247 1118 ἔστι
2284 1066 2425 1129 Θεός
2445 1082 2464 1129 ;
2500 1065 2671 1118 Πόθεν
2711 1065 3136 1136 ἐμπεπτώκασιν
3166 1067 3277 1138 (55)
3310 1069 3390 1130 εἰς
3417 1066 3486 1120 τὰ
3537 1067 3683 1137 πάθῃ

2112 1156 2211 1224 τῆς
2242 1157 2482 1226 ἀτιμίας,
2515 1156 2607 1208 καὶ
2647 1159 2701 1209 αί
2732 1157 2828 1227 μὲν
2856 1156 3065 1228 θήλειαι
3105 1160 3234 1225 παρ’
3264 1158 3465 1221 αὐτοῖς,
3489 1155 3685 1228 μετήλ-

2113 1249 2281 1312 λαξαν
2313 1249 2409 1320 τὴν
2453 1250 2688 1320 φυσικὴν
2721 1251 2916 1321 χρῆσιν
2948 1253 3027 1313 εἰς
3055 1251 3155 1323 τὴν
3197 1251 3355 1322 παρὰ,
3375 1252 3555 1320 φύσιν,
3585 1252 3684 1322 ἄῤ-

2116 1346 2267 1412 ρενες
2297 1343 2353 1396 δὲ
2389 1345 2446 1398 ἐν
2468 1344 2657 1414 ἄρσεσι
2682 1344 2778 1416 τὴν
2805 1345 3188 1416 ἀσχημοσύνην
3219 1345 3682 1416 κατεργάζονταις

2113 1435 2226 1486 Οὐκ
2272 1434 2456 1506 ἐπειδὴ
2482 1434 2725 1506 ἤλλαξαν
2771 1435 2868 1506 τὴν
2911 1435 3066 1502 δόξαν
3102 1436 3194 1489 τοῦ
3228 1436 3504 1506 ἀφθάρτου
3550 1435 3686 1488 Θεοῦ

2111 1527 2168 1578 ἐν
2201 1525 2504 1597 ὁμοιώματι
2531 1527 2740 1597 κτηνῶν
2773 1527 2889 1593 (56)
2915 1529 3007 1581 καὶ
3033 1530 3376 1599 τετραπόδων
3406 1531 3499 1582 καὶ
3524 1531 3686 1600 ἑρπε-

2112 1617 2254 1681 τῶν;
2291 1619 2514 1690 Ἀφρων
2550 1615 2664 1684 οὖν,
2707 1618 2783 1682 ὡς
2812 1618 3027 1690 ἀληθῶς
3075 1620 3435 1690 ἐστερημένος
3466 1619 3558 1673 νοῦ
3591 1621 3686 1674 καὶ

2115 1711 2446 1781 φρονήσεως,
2476 1713 2504 1764 ό
2549 1709 2741 1778 λέγων,
2779 1713 2860 1762 ὅτι
2888 1713 3000 1762 Οὐκ
3036 1710 3150 1763 ἐστι
3186 1710 3337 1774 Θεός.
3387 1710 3685 1782 Παραπλή-

2116 1816 2227 1864 σιος
2258 1801 2315 1854 δέ
2345 1802 2541 1872 τούτῳ,
2583 1803 2676 1855 καὶ⁹
2698 1802 2868 1855 -ούδέν
2911 1803 3051 1856 κατὰ
3084 1803 3180 1873 τὴν
3210 1802 3519 1874 ἀφροσύνην
3547 1804 3685 1856 ἀπο-

2111 1893 2447 1963 λειπόμενος,
2477 1893 2569 1946 καὶ
2613 1897 2640 1946 ὁ
2667 1893 2840 1962 λέγων
2885 1895 2993 1948 τῶν
3019 1894 3203 1947 κακῶν
3224 1895 3394 1948 αἴτιον
3427 1891 3566 1949 εἶναι
3593 1895 3685 1949 τὸν

2109 1985 2261 2040 Θεόν.
2296 1988 2584 2058 Ὀμότιμον
2617 1987 2724 2058 γὰρ
2753 1986 2930 2040 αὐτῶν
2960 1982 3096 2038 εἶναι
3128 1987 3348 2056 τίθεμαι
3373 1988 3472 2057 τὴν
3495 1989 3651 2060 ἁμαρ
3676 2023 3683 2030 ·

2109 2079 2248 2142 τίαν,
2303 2079 2437 2133 διότι
2489 2080 2738 2152 ἑκάτεροι
2787 2079 2988 2148 ὁμοίως
3045 2079 3334 2149 ἀρνοῦνται
3395 2081 3488 2133 τὸν
3541 2083 3680 2149 ἀγει-

2111 2167 2201 2222 θόν
2234 2170 2344 2240 (37)
2368 2187 2380 2199 ·
2433 2173 2461 2224 ὁ
2506 2170 2604 2240 μὲν
2632 2171 2731 2223 οὐκ
2776 2165 2915 2222 εἶναι
2963 2169 3023 2222 τὸ
3063 2173 3319 2241 παράπαν
3349 2171 3544 2240 λέγων,
3567 2175 3596 2225 ὁ
3622 2172 3684 2225 δὲ

2109 2261 2208 2313 οὐκ
2236 2261 2437 2331 ἀγαθὸν
2465 2261 2626 2315 αὑτὸν
2655 2257 2793 2315 εἶναι
2825 2260 3206 2333 διοριζόμενος.
3251 2264 3314 2316 Εἰ
3347 2262 3456 2333 γὰρ
3495 2261 3682 2316 κακῶν

2110 2355 2310 2418 αἴτιος,
2364 2354 2462 2407 οὐκ
2515 2353 2716 2422 ἀγαθὸς
2772 2354 3053 2424 δηλονότι·
3103 2354 3241 2409 ῶστε
3295 2357 3684 2429 ἀμφοτέρωθεν

2111 2447 2257 2498 ἐστιν
2295 2447 2523 2516 ἄρνησις
2567 2445 2663 2497 τοῦ
2697 2444 2831 2498 Θεοῦ
2867 2445 3000 2516 (58).
3052 2445 3222 2500 Πόθεν
3249 2443 3360 2512 οὖν,
3397 2450 3582 2518 φησιν,
3617 2451 3685 2502 αἱ

2075 2537 2291 2601 ¹νόσοι;
2343 2537 2506 2589 πόθεν
2564 2537 2620 2589 αἱ
2669 2535 2776 2588 τῶν
2825 2534 3068 2589 θανάτων
3124 2537 3357 2608 ἀωρίαις
3415 2536 3578 2590 πόθεν
3622 2540 3685 2591 αι

2110 2628 2477 2698 πανωλεθρίαι
2507 2629 2614 2682 τῶν
2649 2629 2893 2694 πόλεων;
2928 2629 2996 2683 τὰ
3035 2630 3288 2698 ναυάγια,
3340 2631 3390 2682 οἱ
3423 2629 3683 2700 πόλεμοι,

2108 2725 2156 2773 οἱ
2201 2720 2376 2791 λοιμοί
2423 2720 2566 2792 ('59);
2607 2722 2717 2774 Καὶ
2767 2721 2874 2792 γὰρ
2921 2722 3086 2785 κακὰ,
3135 2723 3298 2793 φησὶ,
3342 2722 3550 2786 ταῦτα,
3589 2722 3686 2775 καὶ⁵

2109 2815 2286 2867 πάντα
2331 2813 2468 2866 Θεοῦ
2499 2815 2797 2884 ποιήματα.
2830 2816 2990 2867 Ὥστε
3021 2815 3141 2868 τίνα
3173 2815 3369 2886 ἔχομεν
3397 2815 3556 2868 ἄλλον
3583 2817 3684 2868 καὶ

2108 2901 2228 2970 οὐχὶ
2266 2900 2356 2955 τὸν
2386 2900 2517 2954 Θεὸν
2549 2905 2657 2954 τῶν
2687 2903 2986 2973 γινομένων
3021 2905 3480 2970 ἐπαιτιάσασθαι;
3515 2905 3684 2976 Δεῦρο

2109 2992 2172 3062 δὴ
2207 2988 2319 3057 οὖν,
2360 2994 2543 3066 ἐπειδὴ
2577 2977 2656 3058 είς
2689 2995 2748 3047 τὸ
2780 2995 3210 3068 πολυθρύλλητον
3240 2997 3684 3068 ἐμπεπτώκαμεν

2110 3084 2346 3156 ζήτημα,
2395 3087 2487 3138 ἐπί
2539 3104 2659 3140 τινα
2706 3088 3142 3160 ὁμολογουμένην
3191 3089 3365 3162 ἀρχὴν
3403 3091 3494 3143 τὸν
3527 3090 3684 3158 λόγον

437 3184 672 3252 quodam
706 3183 1032 3254 principium
1073 3193 1390 3254 argumento
1412 3226 1426 3250 ,
1478 3185 1754 3253 problema
1780 3184 2006 3255 diligen-

2110 3178 2502 3246 ἀναγαγόντες,
2557 3179 2982 3252 φιλοπονώτερον
3045 3181 3389 3246 διαλαϐόντες
3439 3183 3500 3237 τὸ
3553 3185 3686 3255 πρό-

437 3277 550 3331 tius
571 3283 862 3330 tractatum
903 3275 1048 3329 clare
1073 3283 1126 3330 et
1157 3276 1294 3330 citra
1315 3275 1688 3332 confusionem
1715 3277 2008 3347 explanare

435 3383 719 3425 conemur.

509 3461 561 3516 5.
595 3459 778 3530 Itaque
810 3461 914 3516 hoc
945 3477 1109 3516 unum
1143 3461 1195 3514 in
1223 3471 1561 3517 antecessum
1593 3461 1650 3515 in
1675 3461 1879 3517 animis
1912 3478 2010 3517 no-

437 3555 568 3610 stris
598 3555 761 3608 fixum
783 3563 1072 3624 ratumque
1103 3556 1172 3609 sit
1193 3562 1422 3624 oportet,
1445 3555 1728 3625 quodcum
1746 3555 1854 3628 74
1869 3572 2007 3624 opus

435 3647 607 3703 cimus
636 3646 728 3702 Dei
761 3648 905 3712 boni,
945 3654 999 3702 et
1043 3648 1111 3701 ab
1153 3647 1270 3716 ipso
1327 3655 1749 3710 conservemur,
1812 3663 2008 3718 resque

435 3750 637 3794 nostra:
666 3739 1036 3809 gubernentur
1069 3739 1136 3792 ab
1174 3753 1237 3791 eo
1265 3747 1376 3791 tum
1411 3754 1608 3808 parvae,
1630 3745 1744 3792 tum
1776 3754 2005 3809 magnae,

433 3846 610 3901 neque
643 3833 848 3901 perpeti
882 3831 1176 3901 quidquam
1216 3845 1509 3898 possumus
1552 3838 1750 3899 praeter
1779 3828 1876 3884 Dei
1911 3846 2008 3885 νου

435 3923 931 3993 ιιιηιιιιεῐη,η·ηε(ιυε
961 3923 1256 3992 quidquam
1283 3937 1470 3976 eorum
1514 3937 1636 3991 qua:
1681 3921 2008 3990 perferimus

435 4012 656 4067 noxium
685 4022 772 4074 est
799 4021 852 4067 et
881 4013 1192 4075 exitiosum,
1219 4022 1314 4066 aut
1340 4013 1466 4075 tale,
1492 4019 1549 4066 ut
1578 4013 1773 4068 melius
1800 4014 2007 4084 aliquid

430 4107 516 4162 vel
547 4105 840 4175 excogitari
863 4106 1056 4175 possit.
1088 4104 1225 4159 Sunt
1260 4105 1480 4175 quidem
1509 4120 1574 4159 ex
1615 4104 1728 4160 Deo
1758 4115 2003 4163 mortes:

433 4199 529 4255 sed
562 4197 803 4268 profecto
831 4214 978 4254 mors
1005 4200 1202 4253 malum
1228 4214 1335 4252 non
1359 4206 1460 4264 est,
1489 4198 1593 4253 nisi
1619 4200 1744 4268 quis
1774 4208 2005 4256 martem

431 4291 735 4361 peccatoris
763 4290 929 4355 dicat,
956 4306 1078 4345 cum
1105 4291 1228 4343 hinc
1253 4290 1506 4360 migrare,
1528 4291 1924 4360 suppliciorum
1948 4292 2004 4346 in

432 4383 648 4437 inferno
676 4383 889 4437 initium
909 4382 958 4437 ei
988 4382 1078 4438 sit.
1110 4380 1325 4437 Rursus
1354 4390 1534 4436 autem
1561 4383 1677 4451 ipsa
1702 4381 2004 4436 inferorum

432 4475 573 4528 mala
600 4473 768 4530 Deum
807 4483 1084 4530 auctorem
1129 4490 1236 4528 non
1279 4474 1520 4539 habent,
1573 4473 1668 4528 sed
1701 4489 1800 4530 nos
1831 4474 2000 4543 ipsos.

2114 3268 2316 3340 ϐλημα,
2365 3272 2562 3342 τρανὴν
2606 3274 2698 3326 καὶ
2745 3274 3050 3343 ἀσύγχυτον
3101 3273 3199 3346 τὴν
3232 3277 3359 3348 περὶ
3399 3277 3564 3330 αὐτοῦ
3597 3275 3685 3341 ἐξ-

2111 3360 2307 3430 ήγησιν
2330 3362 2678 3433 πειραθῶμεν
2700 3365 3045 3436 ποιήσασθαι.

2178 3453 2230 3507 5.
2246 3454 2341 3507 Ἓν
2364 3454 2463 3525 μὲν
2478 3455 2541 3525 δὴ
2570 3455 2729 3510 τοῦτο
2757 3459 2900 3528 ἔχειν
2923 3460 3005 3513 δεῖ
3030 3462 3466 3534 προειλημμένον
3487 3464 3543 3516 ἐν
3562 3466 3686 3527 ταῖς

2107 3545 2369 3608 διανοίαις
2401 3548 2576 3617 ἡμῶν,
2621 3549 2723 3616 ὅτι,
2751 3553 2960 3622 ποίημα
2984 3553 3134 3617 ὄντες
3171 3554 3264 3607 τοῦ
3290 3555 3495 3624 ἀγαθοῦ
3521 3555 3681 3620 Θεοῦ,

2110 3644 2203 3694 καὶ
2231 3640 2320 3693 ὑπ’
2351 3641 2514 3694 αὑτοῦ
2547 3645 3023 3714 συγκροτούμενοι,
3058 3647 3230 3718 μικρά
3268 3665 3327 3701 τε
3375 3650 3468 3702 καὶ
3510 3648 3684 3718 μείζω

2109 3732 2236 3803 περὶ
2272 3734 2426 3803 ἡμᾶς
2451 3735 2878 3802 οίκονομοῦντος,
2907 3735 3031 3788 οὔτε
3079 3736 3347 3807 πάθοιμεν
3395 3739 3460 3792 ἀν
3501 3755 3574 3802 τι,
3606 3739 3683 3812 μὴ

2110 3824 2431 3896 βουλομένου
2481 3825 2636 3890 Θεοῦ,
2667 3826 2789 3881 οὔτε
2837 3827 2942 3899 μὴν
2982 3823 3056 3882 ὧν
3102 3830 3382 3901 πάσχομεν
3421 3831 3682 3903 βλαϐερόν

2107 3920 2158 3973 τί
2208 3923 2375 3985 ἐστιν,
2425 3921 2457 3992 ἢ
2506 3921 2768 3986 τοιοῦτον,
2799 3922 2940 3976 ὥστε
2992 3925 3191 3978 ἐνεῖναι
3224 3924 3430 3994 βέλτιόν
3476 3943 3530 3978 τι
3577 3926 3680 3980 κάν

2107 4013 2319 4085 ἐπινοίᾳ
2365 4013 2569 4068 λαϐεῖν.
2637 4014 2730 4067 Ἐκ
2779 4015 2915 4069 Θεοῦ
2947 4017 3043 4086 μὲν
3075 4017 3185 4088 γὰρ
3217 4019 3266 4070 oi
3315 4017 3562 4072 θάνατοι·
3617 4020 3679 4072 οὐ

2111 4109 2216 4180 μὴν
2267 4109 2500 4181 πονηρὸν
2551 4109 2768 4173 πάντως
2814 4112 2844 4162 ό
2893 4111 3140 4176 θάνατος,
3193 4112 3332 4183 πλὴν
3387 4114 3434 4165 εἰ
3480 4114 3554 4184 μή
3597 4131 3681 4177 τις

2105 4197 2251 4266 λέγοι
2283 4198 2374 4251 τὸν
2400 4197 2494 4251 τοῦ
2527 4199 2849 4270 ἀμαρτωλοῦ
2869 4217 2882 4230 ο
2929 4199 3063 4253 διότι
3105 4201 3213 4254 τῶν
3270 4203 3328 4255 ἐν
3361 4201 3486 4272 ᾅδου
3527 4203 3682 4257 κολάο

2107 4308 2244 4344 σεων
2269 4290 2410 4363 ἀρχὴ
2454 4291 2707 4362 τυγχάνει
2742 4295 2774 4364 ἡ
2805 4292 3093 4365 ἀπαλλαγὴ
3125 4293 3232 4347 τῶν
3259 4294 3531 4356 ἐντεῦθεν.
3567 4295 3680 4348 Πά⁹

2062 4458 2064 4460 γ
2105 4382 2187 4437 λιν
2210 4382 2268 4436 δέ
2298 4382 2366 4436 τὰ
2398 4385 2455 4435 ἐν
2485 4383 2611 4454 ᾅδου
2651 4384 2796 4437 κακὰ
2822 4385 2883 4438 οὐ
2909 4384 3040 4437 Θεὸν
3079 4385 3192 4456 ἔχει
3232 4387 3322 4440 τὸν
3348 4386 3538 4453 αἴτιον,
3563 4387 3679 4442 ἀλλ’

2105 4474 2255 4544 ἡμᾶς
2296 4474 2512 4537 αὐτούς.
2557 4475 2722 4546 Ἀρχὴ
2751 4475 2860 4547 γὰρ
2885 4477 2978 4529 καὶ
3013 4477 3140 4548 ῥίζα
3167 4479 3264 4550 τῆς
3301 4481 3575 4550 ἁμαρτίας
3617 4481 3680 4534 τὸ

430 4564 763 4635 Principium
800 4580 1032 4634 namque
1053 4580 1115 4619 ac
1144 4565 1296 4618 radix
1327 4572 1410 4619 est
1442 4566 1646 4632 peccati
1678 4566 1769 4618 illa
1799 4580 1920 4634 quae
1943 4566 1998 4619 in

2109 4567 2186 4634 ἐφ’
2219 4567 2350 4636 ἡμῖν
2388 4567 2482 4619 καὶ
2509 4567 2569 4620 τὸ
2598 4544 2963 4633 αὐτεξούσιον.
2997 4544 3092 4633 Dic
3118 4544 3230 4642 γάρ
3254 4544 3381 4642 ἐξῆν
3407 4544 3681 4642 ἀπεχομέ-

431 4660 588 4713 nobis
648 4659 788 4713 inest
847 4656 1079 4730 facultas
1129 4658 1467 4727 liberumque
1516 4657 1822 4712 arbitrium.
1887 4655 1996 4712 Nos

500 4837 544 4868 ⁷⁸
583 4834 743 4890 Rom.
775 4851 824 4900 t,
855 4834 945 4891 28.
1019 4835 1064 4866 ⁷³
1105 4834 1235 4890 ibid.
1273 4833 1361 4887 26.
1440 4833 1486 4865 ⁷⁸
1522 4833 1658 4888 ibid.
1690 4833 1781 4890 25.

499 4991 612 5062 (34)
635 4989 790 5046 Colb.
817 4991 1014 5062 tertius
1039 4990 1360 5061 νοσήσαντα.
1387 4988 1682 5060 Aliquanto
1707 4997 1830 5059 post
1854 4989 1993 5044 idem

427 5059 602 5132 eodex'
631 5063 815 5132 ἐπειδὴ
853 5059 1031 5122 εἶπαν.
1290 5128 1326 5132 __
1397 5113 1414 5126 ,

499 5130 611 5202 (55)
649 5127 823 5202 υῐιυεί
836 5149 965 5186 mss.
991 5139 1044 5186 et
1075 5129 1204 5186 editi
1235 5128 1394 5182 πόθεν
1423 5127 1858 5182 ἐκπεπτώκασιν.
1889 5128 1994 5182 Alii

428 5201 543 5256 tres
575 5201 1018 5270 ἐμπεπτώκασιν.
1271 5218 1276 5223 ·

501 5268 620 5342 (56)’
645 5272 750 5326 Pro
777 5272 1004 5342 κτηνῶν,
1034 5285 1299 5339 pecorum,
1336 5277 1491 5342 putat
1523 5268 1884 5342 Combelisius
1911 5269 1993 5323 le-

427 5339 663 5413 gendum
697 5358 838 5405 esse,
868 5339 932 5394 ex
974 5341 1163 5402 Paulo.
1208 5339 1490 5413 πετεινῶν,
1534 5340 1837 5413 volucrum;
1873 5355 1996 5408 quae

427 5410 531 5468 {viri
579 5413 882 5467 doctissimi
931 5413 1247 5481 conjectura
1303 5412 1460 5466 nobis
1511 5410 1742 5481 multum
1777 5411 1996 5477 placet;

427 5485 689 5554 quoniam
730 5491 908 5537 tamen
937 5491 990 5536 et
1018 5480 1071 5536 in
1098 5493 1326 5551 utraque
1355 5480 1593 5536 editione
1623 5490 1675 5534 et
1708 5480 1760 5554 in
1794 5483 1998 5554 nostris

426 5551 633 5624 septem
667 5553 1019 5624 mssalegitur
1039 5554 1268 5622 κτηνῶν,
1298 5568 1417 5606 eam
1445 5566 1632 5624 vocem
1655 5551 1996 5624 retinendam

426 5620 768 5680 censuimus.
801 5620 920 5676 Mox
951 5622 1083 5692 Reg.
1109 5620 1318 5692 primus
1342 5621 1720 5692 παραπλήσιος
1745 5620 1800 5673 δὲ
1824 5621 1996 5692 τούτῳ

428 5695 525 5749 καὶ
567 5695 706 5748 κατά
751 5695 924 5764 πάντα
961 5690 1142 5764 ὅμοιος
1173 5693 1360 5764 (αὐτῷ,
1405 5690 1498 5764 καὶ
1544 5690 1696 5764 οὐδὲν
1727 5690 1866 5745 κατά
1899 5692 1996 5764 τὴν

428 5765 737 5838 ἀφροσύνην
761 5765 853 5820 καὶ
883 5762 1066 5819 ἄνοιαν
1093 5763 1280 5817 τούτου
1307 5762 1749 5833 ἀπολειπόμενος.

2102 4674 2213 4720 νοις
2240 4655 2334 4710 τοῦ
2385 4657 2553 4711 κακοῦ
2592 4659 2758 4730 μηδὲν
2785 4659 2956 4713 δεινὸν
3001 4660 3166 4731 ἔχειν,
3198 4658 3346 4716 οὗτοι
3378 4663 3446 4717 δι’
3486 4665 3677 4735 ἡδονῆς

2171 4988 2282 5066 (37)
2314 4988 2681 5066 Antiqui_tr_es_
2715 4991 3194 5066 libri_etiutraque
3224 4997 3394 5052 editio
3423 4999 3515 5052 τὸν
3540 4999 3678 5066 ἀγα-

2099 5058 2209 5116 θόν.
2237 5058 2304 5112 Ᾱι
2334 5058 2502 5136 codex
2537 5061 2706 5136 Coisl.
2746 5063 2992 5136 et_Colb.
3031 5058 3306 5121 secundus
3349 5069 3408 5122 τὸ
3451 5058 3674 5136 ἀγαθόν,

2097 5131 2606 5204 ξιιηιῃιιιιημίιοηιιηι.
2643 5133 2768 5204 Mox
2803 5133 2935 5204 Reg.
2971 5137 3166 5192 tertius
3200 5138 3251 5189 in
3285 5131 3544 5194 contextu
3576 5139 3682 5193 ha-.

2098 5199 2691 5280 bet_§_top.t§6pevo;'uat
2721 5203 2776 5256 in
2806 5199 2923 5280 ora
2939 5205 3061 5280 libri
3085 5206 3390 5280 διαϐεϐαιού
3399 5226 3575 5280 μενος.

2170 5269 2775 5348 (€58).Veteresaliquot
2805 5274 2926 5348 libri
2944 5276 3181 5348 ﬁgi/not;
3212 5279 3306 5330 τοῦ
3332 5269 3558 5348 ἀγάθοῦ,
3583 5295 3674 5334 ne-

2097 5341 2418 5418 gatiqbqyi.
2450 5343 2558 5418 _Alii
2593 5344 2706 5418 _duo
2740 5353 2792 5397 et
2825 5346 2956 5399 editi
2976 5341 3216 5418 ἄρνησις
3247 5348 3340 5400 τοῦ
3377 5341 3535 5404 Θεοῦ.

2171 5413 2283 5481 (59)
2319 5410 2462 5465 Editi
2490 5421 2545 5466 et
2575 5413 2862 5490 duo‘mss.
2893 5410 3171 5490 oi‘lo'iuo'f,
3199 5410 3388 5490 pestes.
3418 5421 3524 5474 Alii
3545 5419 3674 5490 qui-

2099 5480 2222 5535 dam
2249 5497 2382 5556 mss.
2416 5497 2524 5536 non
2554 5485 2712 5556 pauci
2741 5487 2790 5556 οξ
2819 5485 2988 5556 λιμοί,
3025 5480 3213 5555 firmes.
3255 5488 3366 5543 Nec
3393 5491 3466 5543 ita
3500 5480 3675 5545 multo

2099 5551 2364 5674 Eostduo
2395 5568 2526 5607 mss.
2553 5551 2940 5637 Combefisia'ni
2969 5551 3266 5639 γινομένων
3295 5560 3670 5639 ἀπαιτιᾶσθαι.

2147 5624 2240 5674 dlll
2275 5622 2723 5674 απαιτιάσασθαι.
2765 5627 3059 5674 Almlmnm
3096 5629 3253 5674 Infra
3295 5630 3384 5674 "In
3433 5631 3487 5674 in
3532 5646 3670 5674 mm-

2147 5623 2240 5676 diti
2275 5622 2723 5695 ἀπαιτιάσασθαι.
2765 5622 3059 5695 Aliquanto
3093 5622 3256 5695 infra,
3295 5630 3386 5684 ubi
3433 5631 3488 5684 in
3532 5646 3670 5686 con-

2099 5699 2251 5769 textu
2303 5692 2501 5769 legitur
2537 5692 2989 5769 πολυθρύλλητον,
3037 5692 3303 5769 scriptum
3358 5702 3672 5758 invenimus

2098 5763 2154 5816 in
2184 5777 2278 5817 ora
2309 5761 2463 5818 Golb.
2491 5761 2722 5820 secundi
2743 5761 3177 5839 διαϐεϐοημένον.
