4052 6214
368 390 473 446 333

1164 387 1330 446 HOM.
1374 388 1564 457 QUOD
1604 385 1785 441 DEUS
1824 385 1959 441 NON
2002 384 2131 439 EST
2172 374 2857 439 AUCTOR'MALORUM.

3527 387 3634 443 334

365 506 449 569 εἰς
471 505 572 575 τὴν
600 504 881 575 ἁμαρτίαν
912 505 1306 571 δελεασθέντες,
1337 507 1460 559 τίνα
1480 505 1548 559 ἂν
1573 504 1820 574 εἴποιμεν
1841 503 1950 574 (40)

2064 503 2197 557 enim
2229 503 2431 571 quibus
2464 503 2683 567 licebat,
2718 504 2763 557 si
2809 502 2953 556 malo
2980 502 3461 569 abstinuissemus,
3497 506 3635 561 nihil

370 597 622 667 εὐπρεπῆ
682 596 861 665 λόγον,
908 598 969 651 τὸ
1025 598 1099 669 μὴ
1147 600 1268 669 ούχί
1316 600 1472 653 αὐτοὶ
1526 600 1739 660 ἑαυτοῖς
1789 598 1952 650 αἴτιοι

372 689 478 744 τῶν
516 688 779 757 ἀλγεινῶν
812 692 1174 762 γεγενῆσθαι;
1221 691 1408 744 Κακὸν
1435 692 1612 743 τοίνυν
1642 690 1703 743 τὸ
1752 691 1849 759 μὲν
1879 691 1954 753 ὡς

374 782 512 851 πρὸς
558 782 655 853 τὴν
702 784 981 853 ἡμετέραν
1019 783 1290 853 αἴσθησιν,
1340 785 1401 837 τὸ
1446 784 1503 837 δὲ
1548 784 1623 846 ὡς
1672 784 1808 853 πρὸς
1858 782 1956 851 τὴν

376 875 569 927 ἑαυτοῦ
622 876 803 944 φύσιν.
864 877 938 929 Τὸ
986 878 1082 947 μὲν
1130 874 1221 930 οὖν
1270 877 1426 946 φύσει
1467 876 1637 929 κακὸν
1690 876 1748 942 ἐξ
1798 875 1957 946 ἡμῶν

377 963 630 1033 ἤρτηται,
662 965 869 1030 ἀδικία,
896 967 1173 1036 ἀσέλγεια,
1203 967 1501 1038 ἀφροσύνη,
1532 966 1719 1030 δειλία,
1748 964 1952 1035 φθόνοι,

379 1061 562 1125 (fiunt,
614 1063 983 1129 φαρμακεῖαι,
1032 1060 1399 1131 ῥᾳδιουργίαι,
1447 1062 1541 1113 καὶ
1589 1060 1690 1112 ὅσα
1744 1058 1957 1121 τούτοις

376 1150 616 1220 συγγενῆ
665 1151 982 1222 παθήματα,
1033 1153 1129 1223 τὴν
1167 1155 1285 1205 κατ’
1324 1154 1509 1205 εἰκόνα
1547 1152 1641 1205 τοῦ
1672 1152 1956 1214 κτίσαντος

371 1244 745 1313 γεγενημένην
807 1244 985 1315 ψυχὴν
1045 1244 1591 1317 καταρῥυπαίνοντα,
1653 1246 1957 1296 ἐπισκοτεῖν

372 1334 547 1405 αὐτῆς
588 1336 668 1406 τῷ
700 1337 886 1390 κάλλει
930 1339 1163 1409 πέφυκε.
1211 1339 1379 1393 Πάλιν
1420 1339 1588 1393 κακὸν
1628 1339 1857 1409 λέγομεν
1896 1338 1959 1390 τὸ

370 1430 506 1497 ἡμῖν
536 1428 795 1483 ἐπίπονον
826 1432 919 1484 καὶ
947 1432 1207 1503 ὀδυνηρὸν
1251 1433 1387 1502 πρὸς
1427 1432 1526 1503 τὴν
1569 1433 1839 1502 αἴσθησιν,
1872 1431 1959 1483 νό-

375 1539 467 1575 σον
508 1521 781 1592 σώματος,
817 1525 913 1576 καὶ
946 1524 1160 1595 πληγὰς
1202 1523 1471 1594 σώματος,
1518 1524 1611 1577 καὶ
1646 1523 1755 1575 τῶν
1789 1525 1958 1590 ἀναγ-

373 1616 548 1668 καίων
576 1617 677 1687 τὴν
722 1618 946 1683 ἔνδειαν,
994 1620 1087 1672 καὶ
1122 1618 1355 1684 ἀδοξίας,
1402 1620 1498 1672 καὶ
1526 1620 1823 1690 χρημάτων
1860 1619 1957 1689 ζη-

376 1709 529 1776 μίας,
568 1711 664 1762 καὶ
698 1711 912 1763 οἰκείων
946 1709 1252 1774 ἀποϐολάς·
1297 1703 1374 1763 ὧν
1406 1710 1635 1764 ’ἑκαστον
1682 1713 1814 1781 ἡμῖν
1854 1707 1959 1762 ὑπὸ

372 1799 468 1853 τοῦ
503 1800 771 1871 φρονίμου
818 1802 912 1855 καὶ
945 1802 1152 1871 ἀγαθοῦ
1182 1803 1449 1855 Δεσπότου
1493 1802 1631 1873 πρὸς
1658 1802 1719 1855 τὸ
1750 1800 1958 1871 συμφέ-

2060 596 2171 663 pati
2202 596 2435 656 inolesti,
2471 595 2633 650 iidem
2669 596 2941 665 voluptate
2978 596 3047 649 ad
3081 598 3414 665 peccandum
3444 598 3636 664 illecti,

2060 703 2351 757 quamnam
2398 701 2693 757 possumus
2741 688 3045 757 speciosam
3101 687 3367 742 rationem
3403 688 3637 753 all‘erre,

2060 780 2193 850 quin
2229 781 2388 835 nobis
2420 781 2554 849 ipsis
2583 782 2926 835 miseriarum
2963 781 3135 836 simus
3178 782 3472 836 auctores?
3524 782 3638 835 Ma-

2064 873 2173 926 lum
2196 873 2380 941 itaque
2413 872 2560 926 aliud
2580 880 2665 927 est
2698 872 2883 926 habita
2915 872 3125 926 ratione
3152 871 3457 936 sentiendi,
3490 871 3639 926 aliud
3659 862 3671 871 ’

2063 980 2161 1020 sua
2189 967 2361 1036 ipsius
2387 975 2603 1022 natura.
2635 966 2790 1032 Quod
2822 967 2985 1036 igitur
3032 974 3229 1019 natura
3267 966 3471 1021 malum
3512 974 3637 1028 est,

2062 1076 2128 1114 ex
2153 1061 2310 1115 nobis
2346 1061 2563 1129 pendet,
2595 1062 2887 1131 injustitia,
2916 1061 3158 1125 lascivia,
3188 1061 3463 1125 vecordia,
3496 1060 3642 1129 igna-

2062 1151 2170 1215 via,
2202 1151 2439 1218 invidiae,
2474 1152 2670 1215 caedes,
2696 1152 2972 1213 veneﬁcia,
3009 1152 3227 1206 fallacia
3251 1192 3265 1213 ,
3319 1167 3384 1206 ac
3430 1150 3643 1221 reliqua

2062 1241 2303 1309 ejusdem
2329 1245 2541 1312 generis
2573 1245 2725 1308 vitia,
2757 1260 2878 1314 quae
2924 1245 3162 1298 animam
3210 1244 3277 1297 ad
3326 1243 3641 1298 Conditoris

2064 1334 2352 1404 imaginem
2386 1335 2586 1390 factam
2621 1338 2751 1390 dum
2804 1338 3222 1403 contaminant,
3275 1336 3643 1407 pulchritudi-

2064 1442 2187 1481 nem
2238 1427 2358 1496 ejus
2402 1444 2467 1482 ac
2513 1429 2763 1484 decorem
2809 1430 2989 1485 solent
3039 1432 3359 1487 obscurare.
3428 1428 3642 1484 Rursus

2063 1524 2267 1576 malum
2298 1524 2531 1577 dicimus
2573 1523 2622 1577 id
2648 1522 2795 1593 quod
2823 1523 2982 1579 nobis
3009 1524 3297 1579 molestum
3332 1530 3450 1586 est,
3488 1522 3642 1576 dolo-

2064 1630 2289 1685 remque
2310 1616 2474 1670 infert
2500 1617 2774 1680 sensibus,
2807 1618 3058 1670 morbum
3090 1616 3361 1686 eorporis,
3394 1616 3641 1685 ejusdem

2063 1708 2269 1778 plagas,
2300 1724 2482 1763 rerum
2508 1710 2939 1764 necessariarum
2964 1712 3266 1780 penuriam,
3293 1709 3640 1780 ignominias,

2063 1800 2421 1869 pecuniarum
2464 1802 2772 1870 jacturam,
2834 1803 3161 1857 familiarum
3214 1804 3539 1858 amissiones
3590 1811 3646 1856 et

376 1909 470 1961 ρον
506 1893 796 1961 ἐπάγεται.
831 1894 1064 1948 Πλοῦτον
1106 1896 1205 1965 μὲν
1236 1894 1344 1965 γὰρ
1377 1896 1692 1965 ἀφαιρεῖται
1721 1893 1828 1947 τῶν
1854 1910 1957 1945 κα-

2064 1894 2519 1948 necessariorum.
2556 1893 2687 1959 Quae
2716 1894 2933 1965 singula
2981 1895 3140 1949 nobis
3171 1910 3201 1949 a
3234 1895 3501 1965 prudente
3530 1892 3642 1948 Do—

372 1983 487 2047 κῶς
530 1984 907 2055 κεχρημένων,
950 1985 1011 2038 τὸ
1064 1985 1200 2057 πρὸς
1250 1985 1463 2039 ἀδικίαν
1502 1984 1683 2038 αὐτῶν
1727 1984 1958 2055 ὄργανον

372 2076 737 2148 διαφθείρων·
771 2078 924 2130 νόσον
956 2078 1011 2130 δὲ
1057 2079 1275 2146 ἐπάγει,
1316 2073 1393 2140 οἷς
1430 2077 1870 2148 λυσιτελέστερον
1899 2078 1960 2129 τὸ

372 2166 715 2236 πεπεδῆσθαι
760 2170 873 2231 τοῖς
930 2167 1167 2237 μέλεσιν,
1222 2168 1255 2238 ἢ
1322 2168 1630 2232 ἀκωλύτους
1675 2169 1818 2238 ἔχειν
1863 2169 1960 2231 τὰς

373 2257 514 2326 πρὸς
545 2258 607 2310 τὸ
639 2259 977 2330 ἁμαρτάνειν
1019 2260 1229 2330 όρμάς’
1280 2260 1500 2314 θάνατοι
1542 2260 1597 2313 δὲ
1640 2262 1956 2329 ἐπάγονται,

371 2349 482 2401 τῶν
515 2350 658 2420 ὅρων
711 2351 813 2421 τῆς
862 2352 1009 2421 ζωῆς
1063 2351 1477 2422 πληρωθέντων,
1527 2353 1620 2417 οὒς
1670 2354 1728 2418 ἐξ
1785 2353 1959 2423 ἀρχῆς

370 2444 505 2514 περὶ
541 2442 773 2497 ἕκαστον
829 2444 1031 2516 ἔτῃξεν
1076 2446 1108 2515 ἡ
1155 2446 1340 2499 δικαία
1398 2445 1493 2498 τοῦ
1552 2444 1687 2498 Θεοῦ
1756 2446 1956 2516 κρίσις,

374 2534 661 2605 πόρρωθεν
692 2536 752 2589 τὸ
790 2534 913 2606 περὶ
953 2537 1181 2590 ἕκαστον
1220 2537 1376 2607 ἡμῶν
1412 2538 1688 2608 συμφέρον
1726 2536 1957 2607 προϐλε-

372 2628 613 2697 πομένου
638 2645 652 2657 ·
686 2628 834 2699 λιμοὶ
875 2628 988 2701 (41)
1016 2630 1072 2682 δὲ
1110 2631 1203 2683 καὶ
1236 2630 1456 2700 αὐχμοὶ,
1507 2630 1600 2681 καὶ
1636 2628 1956 2700 ἐπομϐρίαι,

372 2720 552 2773 κοιναί
584 2720 727 2783 τινές
759 2723 865 2774 εἰσι
911 2720 1113 2790 πληγαὶ
1142 2720 1349 2773 πόλεων
1380 2720 1473 2773 καὶ
1514 2718 1705 2784 ἐθνῶν,
1734 2719 1828 2772 τοῦ
1859 2738 1957 2772 κα-

373 2810 473 2863 κοῦ
504 2810 605 2881 τὴν
641 2812 910 2883 ἀμετρίαν
940 2812 1285 2876 κολάζουσαι.
1335 2813 1424 2876 Ὠς
1472 2806 1564 2865 οὖν
1610 2812 1903 2881 εὐεργέτης
1933 2814 1961 2863 6

375 2902 582 2972 ίατρὸς,
614 2903 716 2956 κᾶν
757 2905 972 2969 πόνους,
1008 2906 1111 2959 κᾶν
1144 2904 1445 2976 ἀλγηδόνας
1486 2906 1688 2975 ἐμποιῇ
1738 2904 1818 2973 τῷ
1852 2904 1959 2955 σώ-

379 3014 509 3065 ματι
546 3000 633 3067 (τῇ
667 2998 806 3068 νόσῳ
838 2998 949 3070 γὰρ
980 2998 1232 3069 μάχεται,
1262 2998 1382 3069 οὐχὶ
1413 2997 1493 3068 τῷ
1521 2996 1802 3068 κάμνοντι)
1824 3014 1836 3026 ·
1869 2997 1960 3049 οῦ-

373 3105 482 3151 τως
518 3088 724 3156 ἀγαθὸς
766 3092 795 3142 6
832 3090 986 3154 Θεὸς,
1028 3093 1057 3143 6
1099 3091 1198 3162 τὴν
1245 3090 1521 3163 σωτηρίαν
1564 3089 1641 3159 τῷ
1680 3090 1840 3142 παντὶ
1873 3088 1963 3142 διὰ

372 3181 481 3234 τῶν
538 3183 783 3253 μερικῶν
832 3184 1105 3237 κολάσεων
1136 3183 1523 3254 διοικούμενος.
1572 3185 1643 3235 Συ
1677 3182 1733 3235 δὲ
1766 3181 1843 3251 τῷ
1880 3184 1961 3235 lato

374 3275 493 3345 τρῷ
705 3276 856 3329 οὐδὲν
902 3276 1169 3345 ἐγκαλεῖς,
1207 3276 1278 3329 τά
1333 3244 1431 3347 μὲν
1482 3244 1754 3346 τέμνοντι,
1798 3244 1866 3327 τὰ
1904 3275 1961 3327 δὲ
1989 3244 2031 3302 C

376 3369 611 3431 καίοντι,
663 3369 733 3421 τά
776 3369 832 3421 δὲ
878 3368 1156 3433 παντελῶς
1186 3368 1489 3441 ἐξαιροῦντι
1526 3369 1619 3421 τοῦ
1667 3367 1921 3438 σώματος
1947 3384 1958 3397 ·

378 3458 515 3511 ἀλλά
545 3461 640 3512 καὶ
684 3459 940 3530 χρήματά
960 3454 1062 3512 που
1097 3459 1396 3522 ὑποτελεῖς,
1417 3459 1509 3511 καὶ
1538 3458 1761 3527 σωτῆρα
1795 3473 1964 3528 προσ-

374 3553 686 3621 αγορεύεις,
713 3554 795 3605 ὅτι
818 3556 876 3606 ἐν
904 3554 1068 3624 ὀλίγῳ
1094 3553 1248 3623 μέρει
1274 3552 1369 3623 τὴν
1396 3553 1549 3605 νόσον
1580 3553 1780 3621 ἵστησι,
1834 3552 1963 3621 πρὶν

375 3648 454 3707 εἰς
493 3646 615 3698 ὅλον
670 3646 730 3698 τὸ
783 3646 939 3716 σῶμα
977 3648 1037 3699 τὸ
1083 3645 1251 3708 πάθος
1301 3644 1638 3714 διαχυθῆναι.
1697 3644 1863 3697 Ὅταν
1905 3643 1963 3696 δὲ

378 3736 495 3807 ῐδῃς
553 3736 709 3789 πόλιν
764 3724 1310 3790 ἐπικατασεισθεῖσαν
1364 3737 1477 3797 τοῖς
1534 3733 1871 3799 ἐνοικοῦσιν,
1928 3734 1960 3804 ἢ

378 3829 564 3882 πλοῖον
597 3829 895 3900 αὔτανδρον
926 3830 1066 3883 κατὰ
1097 3828 1371 3899 θαλάσσης
1394 3828 1663 3891 διαλυθὲν,
1702 3827 1844 3881 κατὰ
1868 3826 1961 3879 τοῦ

374 3921 634 3992 ἀληθινοῦ
662 3922 847 3992 ἰατροῦ
877 3923 971 3975 καὶ
997 3922 1242 3993 σωτῆρος
1262 3920 1511 3989 γλῶσσαν
1535 3922 1701 3973 κινεῖν
1727 3919 1964 3989 βλάσφη-

381 4034 480 4086 μον
535 4017 637 4069 οὐκ
670 4017 867 4079 ὀκνεῖς.
906 4015 1166 4082 Καίτοιγε
1213 4015 1379 4085 ἐχρῆν
1427 4013 1684 4076 συνιέναι,
1719 4014 1822 4073 ὅτι,
1876 4011 1966 4081 μέ-

376 4128 506 4181 τρια
556 4111 655 4180 μὲν
705 4110 1018 4180 καμνόντων
1052 4110 1146 4161 καὶ
1179 4109 1369 4177 ἰάσιμα
1402 4108 1509 4159 τῶν
1550 4105 1873 4177 ἀνθρώπων,
1908 4108 1962 4158 αἰ

378 4198 439 4263 ἐξ
470 4200 792 4269 ἐπιμελείας
832 4200 1090 4268 ὠφέλειαι
1140 4198 1691 4269 παραλαμϐάνονταιο
1738 4198 1865 4251 ὅταν
1905 4198 1963 4250 δὲ

378 4298 631 4365 κρεῖττον
654 4294 947 4363 ἀποδειχθῇ
970 4294 1069 4362 τῆς
1090 4292 1385 4363 θεραπείας
1399 4292 1458 4344 τὸ
1476 4291 1666 4355 πάθος,
1690 4290 1963 4359 ἀναγκαία

376 4385 591 4453 γίνεται
619 4384 717 4437 τοῦ
743 4384 1132 4455 ἀχρειωθέντος
1178 4385 1211 4455 ἡ
1260 4382 1629 4454 ἀλλοτρίωσις,
1661 4382 1736 4445 ὡς
1774 4383 1847 4453 μὴ
1876 4381 1964 4435 διὰ

381 4478 670 4547 συνεχείας
702 4478 800 4547 τὴν
830 4476 983 4529 νόσον
1013 4474 1332 4547 βαδίζουσαν
1367 4478 1459 4529 ἐπὶ
1491 4476 1560 4529 τὰ
1605 4476 1793 4547 καίρια
1839 4493 1965 4547 προ-

2060 1987 2211 2039 mino
2268 1992 2323 2041 et
2374 1986 2513 2039 bono
2564 1986 2631 2040 ad
2677 1999 2919 2041 nostram
2965 1987 3254 2042 utilitatem
3305 1988 3641 2058 irrogantur.

2060 2068 2289 2127 Divitias
2317 2075 2462 2127 enim
2494 2074 2673 2129 aufert
2701 2076 2841 2130 male
2872 2078 3172 2142 utentibus,
3208 2085 3267 2130 ut
3304 2076 3644 2132 instrumen-

2061 2169 2175 2216 tum
2210 2179 2319 2233 quo
2350 2165 2673 2235 iniustitiam
2708 2168 3114 2237 perpetrabant,
3158 2168 3438 2222 discutiat.
3495 2168 3644 2227 Mor-

2059 2252 2189 2307 bum
2241 2256 2486 2310 immittit
2537 2256 2604 2312 iis
2643 2259 2843 2328 quibus
2876 2260 3281 2316 conducibilius
3321 2271 3405 2314 est
3446 2260 3647 2315 habere

2060 2348 2305 2401 membra
2333 2349 2649 2418 praepedita,
2677 2368 2840 2421 quam
2890 2361 3111 2421 paratos
3154 2353 3546 2423 expeditosque
3576 2354 3645 2408 ad

2060 2440 2399 2508 peccandum
2444 2450 2642 2497 motus.
2679 2442 3019 2497 lnducuntur
3051 2457 3269 2512 quoque
3300 2452 3521 2507 mortes,
3548 2459 3646 2498 ex-

2060 2531 2225 2600 pletis
2256 2534 2382 2587 vita:
2420 2535 2701 2599 terminis,
2736 2551 2875 2605 quos
2906 2536 3201 2606 unicuique
3230 2536 3301 2592 ab
3324 2537 3482 2591 initio
3508 2552 3645 2593 con-

2062 2626 2241 2679 stituit
2264 2626 2530 2695 judicium
2564 2630 2776 2698 justum
2822 2629 2935 2694 Dei,
2972 2632 3104 2701 quid
3151 2632 3351 2703 cuique
3384 2610 3665 2688 nostrum‘

2061 2718 2353 2782 conducat,
2384 2720 2542 2790 longe
2577 2723 2980 2791 prospicientis.
3012 2722 3131 2777 Jam
3168 2740 3298 2780 vero
3330 2724 3522 2787 fames,
3543 2726 3647 2780 sic-

2061 2810 2275 2877 citates,
2326 2812 2530 2867 imbres
2572 2814 2743 2875 nimii,
2782 2817 2953 2885 plagae
2977 2816 3224 2886 quardam
3265 2824 3394 2871 sunt
3424 2816 3645 2871 urbium

2062 2917 2126 2955 ac
2156 2904 2398 2973 gentium
2432 2920 2771 2972 communes,
2805 2910 2931 2963 mali
2987 2910 3497 2965 immoderationem
3544 2928 3648 2982 pu-

2062 2996 2299 3051 nientes.
2331 2998 2801 3063 Quemadmodum
2855 3001 3019 3069 igitur
3049 3002 3325 3057 beneﬁcus
3352 3010 3438 3057 est
3475 3003 3648 3058 medi-

2062 3102 2179 3153 cus,
2211 3089 2325 3144 sive
2358 3090 2595 3155 labores,
2622 3092 2735 3147 sive
2763 3093 2982 3149 dolores
3013 3094 3210 3149 inferat
3240 3095 3456 3164 corpori
3496 3094 3646 3165 (nam

2064 3198 2187 3235 cum
2214 3184 2406 3237 morbo
2429 3193 2670 3255 pugnat,
2715 3201 2824 3240 non
2858 3201 2983 3240 cum
3036 3186 3355 3257 aegrotante)
3388 3208 3400 3240 :
3440 3190 3520 3242 sic
3549 3188 3648 3241 bo-

2067 3290 2170 3329 nus
2204 3283 2288 3330 est
2337 3274 2500 3342 Deus,
2524 3278 2616 3347 qui
2650 3278 2877 3347 privatis
2928 3280 3106 3348 pcenis
3142 3278 3363 3333 inﬂictis
3396 3280 3645 3333 omnium

2066 3368 2307 3423 consulit
2332 3369 2515 3423 saluti.
2554 3369 2635 3423 Tu
2664 3386 2794 3424 vero
2836 3371 3048 3425 medico
3093 3372 3310 3441 quidem
3352 3371 3489 3425 nihil
3538 3371 3649 3425 cri-

2065 3460 2200 3514 mini
2233 3461 2353 3525 das,
2394 3463 2601 3516 secanti
2639 3464 2764 3528 alia,
2797 3464 2902 3517 alia
2932 3464 3145 3526 urenti,
3202 3465 3307 3518 alia
3354 3464 3580 3518 omnino
3615 3478 3648 3519 ει

2066 3567 2296 3623 corpore
2324 3555 2595 3609 auferenti
2624 3574 2638 3611 ;
2672 3557 2782 3609 imo
2806 3573 3063 3611 numeras
3092 3558 3138 3611 ei
3162 3557 3542 3626 pecuniam,et
3561 3572 3648 3611 vo-

2066 3657 2161 3699 cas
2178 3653 2536 3710 servatorem,
2564 3648 2709 3717 quod
2741 3647 2795 3700 in
2818 3648 3013 3716 exigua
3040 3663 3191 3716 parte
3214 3649 3366 3717 prius
3393 3648 3644 3702 morbum

2067 3736 2244 3799 sistat,
2280 3753 2442 3806 quam
2486 3740 2633 3794 labes
2684 3741 2738 3793 in
2792 3748 2963 3793 totum
3022 3756 3222 3809 corpus
3284 3738 3643 3794 diffundatur.

2066 3826 2202 3881 Cum
2225 3837 2405 3884 autem
2441 3830 2643 3886 videris
2682 3832 2957 3886 civitatem
2999 3842 3156 3885 terra?
3207 3838 3356 3885 motu
3408 3846 3647 3887 concus-

2067 3937 2183 3977 sam
2208 3924 2483 3980 corruisse
2514 3926 2567 3979 in
2599 3925 2827 3988 incolas,
2858 3932 2950 3978 aut
2983 3940 3173 3977 navem
3216 3939 3321 3977 una
3353 3939 3477 3977 cum
3508 3923 3646 3993 ipsis

2065 4014 2201 4070 viris
2229 4017 2457 4085 periisse
2510 4017 2564 4070 in
2604 4016 2709 4087 75
2741 4018 2917 4082 mari,
2969 4034 3078 4070 non
3126 4016 3333 4071 vereris
3381 4015 3648 4069 adversus

2066 4108 2339 4163 medicum
2368 4124 2554 4163 verum
2576 4118 2629 4164 et
2652 4118 2983 4164 servatorem
3008 4110 3246 4180 linguam
3268 4109 3645 4178 blasphemam

2067 4215 2305 4256 movere.
2339 4201 2403 4254 Et
2435 4212 2615 4256 tamen
2645 4202 2947 4271 intelligere
2997 4209 3048 4255 te
3090 4201 3379 4272 oportebat
3420 4200 3649 4271 diligen-

2066 4292 2200 4345 tiam
2228 4293 2446 4362 quidem
2477 4302 2530 4347 et
2561 4309 2747 4347 curam
2782 4294 2971 4348 utilem
3004 4293 3271 4359 adhiberi,
3304 4295 3350 4347 si
3374 4301 3647 4363 aegrotan-

2067 4385 2200 4437 tium
2231 4384 2511 4439 hominum
2544 4386 2807 4455 :cgritudo
2840 4389 3116 4441 moderata
3148 4387 3219 4440 sit
3264 4395 3319 4440 et.
3346 4384 3650 4439 medicabi—

2066 4478 2179 4532 lis:
2216 4479 2309 4532 sed
2344 4494 2467 4533 cum
2509 4480 2675 4533 semel
2734 4478 2957 4532 morbus
3008 4478 3237 4531 validior
3274 4476 3436 4531 fuerit
3483 4490 3649 4544 quam

378 4569 940 4640 ελθεῖν(42).Ὥσπερ
970 4564 1063 4623 οὖν
1078 4570 1176 4639 τῆς
1194 4569 1366 4639 τομῆς
1390 4568 1422 4639 ἢ
1451 4568 1544 4621 τοῦ
1582 4569 1851 4639 καυτῆρος
1864 4569 1961 4639 οὐχ

2069 4578 2127 4624 ut
2157 4573 2337 4625 curari
2370 4572 2563 4640 possit,
2595 4580 2724 4626 tunc
2760 4588 2981 4627 necesse
3007 4587 3128 4627 esse
3159 4570 3426 4640 amputari
3480 4568 3649 4622 inuti-

378 4664 409 4716 6
440 4663 624 4733 ἰατρὸς
656 4662 847 4724 αἴτιος,
868 4662 981 4714 ἀλλ’
998 4664 1031 4732 ή
1052 4662 1206 4725 νόσος
1239 4678 1251 4691 ’
1270 4661 1412 4715 οὕτω
1431 4662 1523 4715 καί¹
1545 4662 1594 4713 οἰ
1626 4660 1733 4713 τῶν
1760 4660 1966 4713 πόλεων

380 4753 703 4822 ἀφανισμοὶ,
734 4754 798 4806 ἐκ
829 4752 925 4821 τῆς
950 4752 1216 4821 ἀμετρίας
1233 4752 1339 4805 τῶν
1372 4752 1833 4823 ἁμαρτανομένων
1870 4752 1966 4823 τὴν

380 4847 557 4917 ἀρχὴν
572 4849 809 4917 ἔχοντες,
822 4847 913 4899 τὸν
929 4846 1060 4901 Θεὸν
1091 4845 1307 4916 ἀπάσης
1340 4845 1599 4917 μέμψεως
1619 4844 1963 4900 ἀπολύουσιν.

382 4947 603 4998 urbium
674 4947 847 4999 ruina:
892 4960 958 4999 ex
1012 4952 1358 5014 peccatorum
1408 4943 1786 5013 magnitudine
1832 4953 2014 4997 ortum
2070 4944 2334 5001 habentes
2373 4987 2387 5010 ,

384 5037 654 5092 hensione
686 5037 942 5091 liberant.

453 5131 507 5184 4.
528 5129 667 5182 Ἀλλ’
684 5129 840 5199 εἴπερ
862 5130 1098 5192 ἀναίτιος
1118 5129 1224 5181 τῶν
1251 5127 1434 5183 κακῶν
1457 5130 1484 5181 6
1504 5128 1654 5191 Θεὸς,
1674 5126 1827 5199 φησί,
1849 5126 1966 5189 πῶς

462 5292 575 5362 (40)
608 5291 852 5360 Utraque
887 5289 1058 5345 editio
1089 5298 1148 5362 et
1177 5289 1353 5362 nostri
1384 5296 1588 5362 septem
1632 5302 1767 5341 mss.
1796 5286 1962 5362 εἴποι-

392 5380 489 5432 μεν
517 5358 661 5417 ·ἐε(1
696 5358 896 5415 in‘hac
940 5376 1071 5415 voce
1107 5361 1220 5413 vitii
1270 5358 1486 5432 aliquid
1530 5366 1683 5432 certo
1733 5358 1963 5432 subesse

387 5427 541 5486 ratus
566 5432 955 5493 Combefisius,
984 5432 1051 5484 de
1075 5446 1175 5485 suo
1205 5427 1538 5491 emendavit,
1570 5427 1963 5485 allirntavitaue

389 5518 489 5573 pro
517 5502 769 5571 ιῐποιμεν
799 5502 909 5573 legi
950 5501 1153 5573 debere
1195 5499 1419 5573 εἴποιενΓ
1450 5500 1527 5553 ita
1563 5500 1733 5573 enim,
1765 5499 1964 5566 inquit,

390 5570 525 5643 petit
559 5570 873 5628 contextus.
900 5572 1137 5626 Dixerim
1162 5580 1343 5625 tamen
1360 5570 1421 5643 id
1451 5570 1826 5643 necessarium
1855 5584 1964 5623 non

392 5639 582 5699 videri.
601 5643 788 5698 Potest
809 5643 956 5696 enim
984 5659 1083 5695 vox
1108 5644 1267 5703 ἡμεῖς
1292 5639 1598 5700 subaudiri,
1625 5642 1816 5703 sicque
1836 5656 1969 5693 con—

390 5715 527 5769 atrui
553 5714 757 5775 Graeca,
783 5716 945 5782 ἡμεῖς
968 5713 1075 5782 γὰρ
1102 5706 1183 5774 οἷς
1206 5712 1423 5781 ἐξῆν...,
1454 5706 1598 5765 οὗτοι
1624 5713 1803 5782 ἡμεῖς,
1833 5720 1964 5771 etc...

392 5784 475 5836 illi
496 5786 594 5850 ipsi
624 5802 739 5839 nos.
774 5780 925 5838 Hanc
960 5780 1335 5851 conjecturam
1360 5798 1469 5836 non
1494 5797 1685 5849 parum
1718 5780 1960 5847 adjuvat,

394 5855 538 5925 quod
570 5864 697 5911 ante
723 5866 775 5911 et
806 5860 931 5927 post
964 5855 1109 5909 hunc
1150 5855 1327 5908 locum
1360 5853 1535 5923 prima
1573 5866 1806 5922 persona
1841 5852 1963 5921 plu-

2074 4664 2177 4717 Iem
2222 4672 2451 4733 partem,
2482 4681 2548 4720 ne
2596 4666 2819 4721 morbus
2856 4681 2951 4735 per
2979 4665 3390 4720 continuitatem
3439 4674 3653 4731 proser-

2073 4773 2208 4827 pens
2239 4758 2307 4812 ad
2350 4758 2531 4812 vitalia
2573 4762 2867 4829 perveniat.
2932 4760 2999 4815 Ut
3054 4761 3217 4830 igitur
3249 4755 3507 4812 sectionis
3556 4761 3652 4807 aut

2075 4847 2332 4912 ustionis,
2356 4865 2466 4903 non
2498 4851 2740 4905 medicus
2766 4867 2932 4905 causa
2964 4858 3046 4905 est
3067 4890 3081 4911 ,
3128 4847 3220 4903 sed
3258 4846 3480 4899 morbus
3516 4861 3530 4898 :
3571 4844 3653 4896 sic

2458 4946 2624 5001 Deum
2670 4949 2739 5001 ab
2789 4949 2935 5001 omni
2981 4946 3212 4999 crimine
3267 4952 3428 5012 atque
3475 4954 3655 5009 repre-

2141 5126 2195 5179 4.
2239 5127 2399 5194 Atqui
2438 5126 2482 5179 si
2530 5124 2690 5190 Deus,
2722 5124 2918 5193 inquit,
2966 5123 3234 5176 malorum
3294 5131 3486 5177 auctor
3544 5140 3653 5179 non

2066 5286 2201 5341 ralis
2225 5284 2469 5339 adhibita
2504 5284 2594 5337 sit.
2631 5283 2708 5337 Ex
2736 5298 2802 5338 eo
2828 5284 2971 5337 enim
3006 5283 3283 5347 conjicere
3320 5284 3469 5346 licet,
3500 5299 3654 5337 eam-

2067 5358 2190 5410 dem
2225 5370 2517 5423 persunam
2545 5362 2599 5407 et
2631 5355 2719 5407 hic
2752 5369 2971 5423 quoque
3006 5356 3239 5422 positam
3272 5354 3463 5409 fuisse.

2140 5423 2251 5493 (41)
2282 5425 2507 5479 Veteres
2533 5424 2775 5493 quinque
2807 5424 2929 5477 libri
2958 5424 3134 5493 λοιμοὶ
3167 5424 3243 5485 δέ,
3280 5436 3469 5493 pestes.
3496 5423 3653 5477 Alius

2069 5512 2171 5552 ms.
2204 5506 2257 5549 et
2286 5496 2416 5550 editi
2445 5495 2615 5563 λιμοί,
2671 5494 2858 5563 fames.
2885 5494 3133 5548 Allinitas
3156 5496 3319 5548 unius
3344 5496 3497 5549 vocis
3525 5510 3649 5547 cum

2071 5568 2239 5621 altera
2274 5568 2386 5634 jam
2417 5566 2579 5635 paulo
2612 5573 2738 5619 ante
2776 5564 3004 5627 fecerat,
3034 5574 3091 5619 ut
3124 5567 3213 5617 alii
3247 5567 3458 5620 librarii
3492 5565 3653 5617 aliter

2073 5639 2399 5691 scriberent.
2433 5636 2539 5689 Sed
2572 5650 2678 5689 non
2712 5637 2940 5688 multum
2970 5635 3345 5695 laborandum.
3378 5651 3499 5705 qua:
3524 5649 3653 5690 vera

2074 5708 2141 5762 sit
2171 5709 2465 5775 scriptura,
2496 5721 2619 5776 cum
2646 5721 2833 5776 parum
2863 5707 3063 5776 referat
3086 5714 3209 5758 utro
3232 5708 3392 5759 modo
3419 5708 3653 5776 legatur.

2145 5778 2253 5845 (Η)
2287 5773 2443 5847 Unus
2476 5773 2930 5847 codex-conibef.
2973 5785 3025 5831 et
3060 5777 3150 5830 alii
3184 5778 3431 5831 nonnulli
3466 5773 3652 5847 καίρια

2074 5848 2371 5921 προελθεῖν.
2404 5846 2544 5902 Editi
2572 5846 2908 5915 προσελθεῖν.
