4052 6214
371 361 479 419 3'55

1701 360 1758 418 S.
1802 358 2046 416 BASlLll
2087 361 2306 421 MAGNI

3515 386 3618 442 336

365 487 472 548 est,
510 479 787 550 quomodo
826 480 1033 536 dictum
1075 489 1156 536 est
1189 481 1337 552 :Ego
1385 482 1474 551 qui
1499 479 1666 536 lucem
1709 479 1940 542 condidi,

2049 483 2259 553 εἴρηται
2294 483 2374 548 τὸ,
2421 487 2568 557 Ἐγὼ
2600 490 2632 544 ὀ
2659 493 3121 561 κατασκευάσας
3145 495 3288 566 φῶς,
3320 499 3417 550 καὶ
3447 504 3620 571 ποιή-

365 585 416 628 et
448 574 549 643 feci
574 574 811 628 tenebras
836 592 854 629 :
873 575 1073 645 faciens
1099 590 1299 644 pacem,
1318 585 1365 628 et
1389 591 1573 628 creans
1599 573 1739 627 mala
1756 575 1836 627 "1?
1867 573 1944 628 Ac

368 681 563 722 rursus
596 688 608 722 :
651 667 1062 726 Descenderam.
1116 668 1315 738 inquit,
1350 669 1494 721 mala
1535 684 1567 721 a
1599 667 1824 721 Domino
1849 683 1942 721 su-

255 756 266 765 “
365 773 458 826 per
492 767 672 827 portas
703 757 1004 812 Jerusalem
1032 760 1096 813 ⁷⁸.
1125 759 1190 812 Et
1217 779 1230 814 :
1275 759 1396 813 Non
1423 768 1502 813 est
1542 760 1752 813 malitia
1785 761 1839 813 in
1868 761 1945 813 ci-

366 849 546 911 uitate,
583 863 741 918 quam
793 848 1052 902 Dominus
1096 866 1197 902 non
1243 849 1423 918 fecerit
1453 849 1518 900 ⁷⁷.
1558 850 1622 903 Et
1667 851 1719 904 in
1749 864 1944 921 magno

366 939 460 992 illo
486 938 688 1010 Moysis
717 941 934 994 cantico
969 957 981 992 :
1021 940 1220 1006 Videte,
1254 941 1418 995 videte
1445 943 1567 1010 quia
1595 958 1688 1012 ego
1713 958 1827 996 sum
1853 958 1872 995 :
1895 951 1944 995 et

365 1047 471 1085 non
510 1041 589 1085 est
640 1033 780 1086 Deus
819 1042 1010 1102 prrrter
1044 1051 1124 1087 me
1153 1049 1171 1085 :
1230 1033 1340 1104 Ego
1392 1034 1652 1098 occidam,
1685 1045 1737 1088 et
1781 1038 1946 1090 vivere

365 1125 565 1194 faciam
594 1142 612 1178 :
645 1128 955 1194 percutiam,
989 1138 1037 1194 et
1064 1144 1155 1197 ego
1194 1129 1396 1182 sonabo
1425 1129 1492 1181 ⁷⁸.
1529 1127 1633 1183 Sed
1669 1129 1806 1183 nihil
1843 1129 1944 1182 ho-

364 1234 486 1273 rum
517 1219 660 1289 apud
689 1236 783 1275 eos
812 1220 905 1290 qui
939 1219 1238 1291 Scriptum
1275 1237 1494 1278 sensum
1525 1223 1744 1284 callent,
1777 1223 1944 1278 Deum

365 1311 649 1381 redarguit
681 1325 938 1384 tanquam
973 1322 1253 1370 auctorem
1299 1315 1564 1370 malorum
1615 1325 1777 1386 atque
1818 1316 1946 1371 eﬂ'e-

365 1413 592 1460 ct-orem.
628 1404 730 1471 Qui
773 1409 916 1460 enim
967 1408 1104 1460 dixit
1143 1425 1154 1460 :
1201 1406 1335 1478 Ego,
1371 1410 1460 1477 qui
1489 1408 1656 1462 condo
1682 1409 1870 1472 lucem,
1894 1417 1945 1463 et

366 1498 507 1566 facio
540 1498 799 1560 tenebras,
838 1513 936 1567 per
972 1499 1086 1552 hac
1117 1514 1176 1554 se
1205 1515 1390 1554 rerum
1420 1499 1668 1570 opiﬁcem
1687 1497 1945 1566 declarat,

366 1605 475 1644 non
525 1591 650 1643 mali
689 1592 854 1645 ullius
903 1590 1231 1647 elTectorem.
1292 1593 1477 1661 Itaque
1538 1607 1604 1646 ne
1663 1593 1944 1648 existimes

366 1683 532 1738 alium
583 1698 709 1738 esse
765 1684 902 1739 lucis
951 1693 1253 1751 auctorem,
1320 1685 1488 1739 alium
1549 1688 1941 1753 tenebrarum;

364 1775 504 1830 dixit
536 1790 616 1838 se,
670 1790 862 1829 eorum
898 1791 1020 1845 qua:
1059 1777 1111 1829 in
1165 1777 1330 1831 rebus
1371 1779 1570 1832 creatis
1609 1779 1712 1832 sibi
1749 1780 1941 1834 adver-

363 1867 477 1922 sari
500 1867 753 1921 videntur
772 1867 1084 1922 effectorem
1111 1884 1235 1922 esse
1263 1877 1314 1922 et
1335 1869 1582 1939 Opilicem
1603 1887 1618 1935 ;
1643 1886 1710 1924 ne
1727 1885 1938 1941 quaeras

363 1959 530 2013 alium
575 1959 736 2029 ignis,
787 1959 952 2013 alium
996 1975 1148 2030 aquae
1197 1961 1481 2026 artiﬁcem,
1545 1977 1719 2032 neque
1771 1963 1938 2016 alium

363 2051 529 2115 aeris,
577 2060 632 2106 et
682 2053 848 2105 alium
912 2061 1092 2116 terrae,
1156 2054 1302 2123 quod
1357 2055 1472 2108 haec
1533 2056 1718 2126 aliquo
1778 2056 1940 2111 modo

362 2144 514 2212 juxta
554 2145 879 2215 qualitatum
911 2147 1352 2202 contrarietatem
1395 2150 1538 2202 inter
1583 2165 1641 2204 se
1688 2149 1939 2220 opposita

361 2250 486 2291 esse
517 2237 826 2292 videantur.
866 2236 1022 2302 Quod
1074 2238 1202 2292 dum
1258 2242 1508 2295 nonnulli
1539 2241 1653 2312 jam
1706 2241 1936 2306 faciunt,

363 2327 496 2382 deos
554 2328 755 2384 multos
815 2327 1106 2384 admisere.
1171 2327 1322 2385 Facit
1369 2342 1549 2387 autem
1608 2348 1818 2404 pacem,
1881 2341 1941 2388 et

363 2425 516 2474 creat
550 2420 710 2474 mala.
745 2419 974 2474 Maxime
1005 2421 1222 2492 quidem
1249 2423 1303 2476 in
1334 2431 1384 2478 te
1415 2439 1602 2495 pacem
1628 2425 1779 2488 facit,
1813 2441 1939 2479 cum

363 2527 462 2582 per
510 2512 708 2566 bonam
770 2514 1079 2567 doctrinam
1150 2523 1386 2569 mentem
1445 2524 1594 2570 tuam
1643 2518 1942 2573 reddiderit

365 2603 738 2671 tranquillam,
777 2602 1110 2674 aﬂectusque
1149 2604 1204 2658 in
1252 2605 1486 2659 animam
1517 2607 1746 2662 rebelles
1775 2609 1938 2663 seda-

364 2695 456 2748 rit.
503 2693 666 2749 Crcat
701 2711 830 2750 vero
885 2695 1061 2762 mala;
1114 2696 1217 2750 hoc
1269 2706 1374 2759 est,
1416 2705 1748 2754 transmutat
1798 2701 1938 2770 ipsa,

362 2794 418 2840 et
453 2786 508 2840 in
541 2786 820 2840 meliorem
857 2793 1056 2841 statum
1085 2787 1324 2853 adducit,
1356 2797 1434 2853 ut,
1466 2805 1590 2844 cum
1623 2791 1763 2844 mala
1818 2806 1942 2847 esse

363 2877 648 2944 desierint,
686 2884 801 2931 tum
841 2878 969 2934 boni
1016 2887 1267 2933 naturam
1329 2880 1578 2936 induant.
1631 2880 1736 2936 Cor
1788 2899 1942 2937 mun-

363 2969 490 3022 dum
536 2985 656 3022 crea
680 2970 735 3022 in
783 2986 885 3034 me,
926 2969 1066 3024 Deus
1103 2972 1168 3026 ⁷⁹.
1208 2971 1323 3024 Non
1375 2988 1522 3028 nunc
1564 2988 1710 3036 crea,
1741 2974 1838 3030 sed
1872 2975 1941 3029 il-

365 3059 460 3114 lud
509 3076 606 3129 per
662 3061 920 3114 malitiam
983 3062 1344 3117 inveteratum
1409 3080 1629 3120 renova.
1689 3066 1756 3120 Et
1804 3087 1816 3120 :
1873 3066 1942 3121 Ut

2045 588 2162 638 σας
2211 575 2451 641 σκότος,
2507 576 2694 631 ποιῶν
2751 579 2999 648 εἰρήνην
3046 583 3142 636 καὶ
3179 582 3386 644 κτίζων
3434 588 3620 651 κακά;

2045 666 2155 720 Kal
2184 667 2374 722 πάλιν·
2407 669 2656 738 Κατέϐη,
2695 675 2846 743 φησὶ,
2879 675 3032 728 κακὰ
3065 677 3224 744 παρὰ
3259 680 3482 746 Κυρίου
3523 680 3623 734 ἐπὶ

2045 759 2245 825 πύλας
2285 760 2706 832 Ἰερουσαλήμ·
2745 765 2870 818 καί·
2898 769 3017 820 Οὐκ
3052 768 3186 821 ἔστι
3227 773 3403 824 κακία
3428 773 3496 825 ἐν
3517 773 3622 826 πό-

2045 851 2158 911 λει,
2216 849 2296 916 ῆν
2346 851 2559 920 Κύριος
2604 857 2713 908 οὐκ
2758 857 3027 925 ἐποίησε.
3060 861 3165 914 Kal
3209 863 3266 915 ἐν
3303 867 3368 934 τῇ
3411 865 3620 938 μεγάλῃ

2046 941 2154 1013 ᾠδῇ
2178 944 2272 997 τοῦ
2297 946 2576 1012 Μωῦσέως
2594 967 2606 977 ·
2642 949 2849 1014 Ἴδετε,
2879 952 3057 1018 Ζδετε,
3083 953 3174 1008 ὅτι
3205 956 3316 1027 (43)
3344 957 3458 1027 ἐγώ
3478 963 3618 1028 εἰμι,

2046 1036 2144 1089 καὶ
2197 1039 2308 1090 οὐκ
2364 1039 2495 1092 ἐστι
2531 1041 2674 1107 Θεὸς
2719 1042 2887 1111 πλὴν
2930 1045 3106 1114 ἐμοῦο
3143 1047 3258 1117 ἐγὼ
3290 1050 3619 1113 ἀποκτενῶ,

2047 1126 2145 1179 καὶ
2185 1123 2292 1194 ζῇν
2333 1128 2599 1197 ποιήσω·
2653 1131 2916 1197 πατάξω,
2969 1136 3132 1204 κάγὼ
3179 1136 3436 1208 ἰάσομαι.
3481 1141 3622 1194 Ἀλλ’

2046 1219 2198 1272 οὐδὲν
2237 1220 2441 1273 τούτων
2490 1220 2568 1292 τῷ
2630 1225 2862 1278 συνιέντι
2915 1225 3007 1280 τὸν
3062 1228 3186 1281 νοῦν
3242 1230 3342 1299 τῆς
3400 1232 3624 1304 Γραφῆς

2046 1313 2381 1381 κατηγορίαν
2410 1312 2523 1384 ἔχει
2552 1313 2711 1379 θεοῦ,
2734 1315 2809 1379 ὡς
2840 1317 3028 1371 κακῶν
3051 1320 3226 1372 αἰτίου
3246 1323 3354 1378 καὶ
3370 1324 3619 1395 ποιητοῦ’

2043 1402 2072 1453 ὁ
2113 1401 2220 1474 γὰρ
2270 1403 2460 1468 εἰπὼν,
2490 1405 2572 1458 ὃτι
2615 1405 2756 1476 Ἐγὼ
2789 1410 2821 1461 ό
2856 1410 3312 1471 κατασκευάζων
3344 1413 3489 1482 φῶς,
3522 1415 3624 1468 καὶ

2045 1497 2232 1552 ποιῶν
2257 1499 2497 1565 σκότος,
2537 1501 2636 1572 τῆς
2676 1500 2906 1566 κτίσεως
2937 1503 3271 1576 δημιουργὸν
3305 1508 3496 1561 ἑαυτὸν
3532 1509 3622 1563 διὰ

2043 1585 2249 1640 τούτοιν
2295 1590 2644 1660 παρίστησιν,
2685 1591 2807 1663 οὐχὶ
2837 1593 3010 1646 κακοῦ
3054 1613 3199 1660 τινος
3225 1600 3478 1669 ποιητήν.
3505 1601 3624 1654 Ἵνα

2044 1683 2225 1735 τοίνυν
2255 1683 2330 1754 μὴ
2359 1684 2585 1756 νομίσῃς
2617 1684 2774 1738 ἄλλον
2803 1686 2900 1756 μὲν
2927 1682 3064 1739 εἶναι
3093 1688 3186 1741 τοῦ
3220 1689 3395 1757 φωτὸς
3423 1691 3622 1754 αἴτιον,

2044 1771 2200 1827 ἄλλον
2249 1774 2307 1826 δὲ
2353 1774 2447 1827 τοῦ
2490 1776 2734 1839 σκότους,
2773 1777 2962 1830 ἑαυτὸν
3000 1774 3118 1831 εἷπε
3173 1780 3280 1834 τῶν
3318 1781 3624 1837 δοκούντων

2042 1868 2299 1931 ἐναντίως
2331 1868 2474 1938 ἔχειν
2509 1868 2650 1922 κατὰ
2699 1869 2798 1940 τὴν
2828 1869 3005 1923 κτίσιν
3040 1872 3268 1943 ποιητὴν
3309 1872 3405 1926 καὶ
3442 1876 3622 1945 τεχνί-

2041 1975 2163 2030 την,
2207 1959 2292 2012 ἵνα
2323 1959 2396 2030 μὴ
2424 1960 2667 2032 ζητήσῃς
2711 1960 2870 2014 ἄλλον
2903 1961 3016 2032 (44)
3063 1963 3235 2034 πυρὸς
3265 1965 3621 2036 δημιουργὸν,

2042 2051 2138 2102 καὶ
2167 2050 2324 2104 ἄλλον
2373 2051 2585 2117 ὓδατος,
2621 2053 2756 2124 μηδὲ
2781 2053 2940 2108 ἄλλον
2969 2054 3149 2126 ἀέρος,
3180 2056 3276 2108 καὶ
3296 2055 3452 2110 ἄλλον
3483 2058 3584 2127 γῆς
3606 2075 3622 2088 °

2043 2141 2229 2214 ἐπειδὴ
2253 2142 2400 2196 δοκεῖ
2427 2161 2542 2206 πως
2573 2143 2913 2198 ἀντικεῖσθαι
2945 2143 3196 2216 ἀλλήλοις
3229 2145 3371 2197 κατὰ
3387 2144 3486 2215 τὴν
3513 2144 3624 2197 τῶν

2044 2235 2348 2305 ποιοτήτων
2389 2234 2911 2308 ὲναντίωσιν.“οπερ
2934 2237 3034 2308 ήδη
3073 2237 3216 2300 τινὲς
3244 2236 3506 2300 παθόντες
3539 2239 3624 2300 εις

2043 2327 2330 2382 πολυθεΐαν
2373 2329 2708 2400 ἐτράπησαν.
2743 2331 2893 2384 Ποιεῖ
2931 2330 2986 2383 δὲ
3021 2331 3264 2402 εἰρήνην,
3313 2332 3405 2383 καὶ
3449 2331 3624 2395 κτίζει

2045 2423 2210 2476 κακά.
2240 2421 2490 2476 Μάλιστα
2549 2423 2646 2493 μὲν
2700 2423 2924 2494 εἰρήνην
2974 2427 3119 2476 ποιεῖ
3145 2425 3200 2475 ὲν
3235 2424 3336 2486 σοὶ,
3366 2424 3496 2476 ὃταν
3533 2423 3622 2476 διὰ
3655 2414 3664 2420 ’

2042 2517 2142 2586 τῆς
2175 2515 2344 2586 καλῆς
2381 2515 2729 2579 διδασκαλίας
2775 2516 3178 2588 κατειρηνεύσῃ
3221 2515 3311 2570 τὸν
3347 2515 3468 2568 νοῦν
3502 2532 3624 2579 σου,

2044 2608 2137 2660 καὶ
2172 2607 2427 2680 διαλλάξῃ
2472 2608 2541 2662 τὰ
2586 2608 2732 2678 πάθη
2769 2608 2837 2662 τὰ
2870 2609 3006 2679 πρὸς
3045 2608 3142 2680 τὴν
3175 2607 3352 2679 ψυχὴν
3397 2609 3618 2663 macta-

2044 2699 2231 2764 ζοντα·
2281 2698 2455 2763 κτίζει
2490 2700 2547 2752 δὲ
2587 2700 2764 2754 κακά·
2799 2702 3066 2764 τουτέστι,
3099 2704 3440 2772 μετακοσμεῖ
3482 2702 3626 2755 αὐτά

2045 2793 2140 2845 καὶ
2189 2794 2268 2855 εἰς
2317 2791 2596 2863 βελτίωσιν
2641 2791 2800 2861 ἄγει·
2846 2792 3007 2857 ὥστε,
3041 2792 3354 2864 ἀποθέμενα
3389 2793 3450 2845 τὸ
3481 2788 3622 2846 εἶναι

2044 2885 2211 2949 κακὰ,
2231 2885 2327 2957 τὴν
2349 2884 2446 2939 τοῦ
2477 2887 2642 2940 κοιλοῦ
2677 2887 2836 2956 φύσιν
2865 2886 3208 2957 μεταλαϐεῖν.
3232 2885 3625 2956 Καρδίανμῦ)

2045 2979 2309 3046 καθαρὰν
2343 2981 2558 3032 κτίσον
2587 2979 2658 3032 ὲν
2700 2979 2848 3048 ἐμοὶ,
2879 2982 2910 3032 d
2951 2981 3114 3045 Θεός.
3153 2977 3291 3048 Οὐχὶ
3328 2977 3423 3030 νῦν
3461 2978 3626 3048 δημι-

2045 3071 2335 3143 ούργησον,
2364 3070 2500 3126 ἀλλά
2521 3071 2620 3144 τὴν
2641 3073 2704 3124 ὲκ
2728 3071 2829 3141 τῆς
2852 3072 3050 3135 κακίας
3071 3071 3471 3125 παλαιωθεῖσαν
3493 3073 3626 3124 ἀνα-

363 3152 498 3206 duos
520 3163 653 3206 creet
683 3155 738 3206 in
778 3170 941 3206 unum
982 3171 1166 3207 novum
1209 3155 1469 3209 hominem
1500 3157 1566 3210 ⁸ο.
1621 3157 1939 3214 Adhibitum

2044 3167 2305 3220 καίνισον.
2338 3166 2468 3230 Kal,
2503 3165 2627 3218 Ἵνα
2664 3164 2806 3230 τοὺς
2828 3164 2938 3218 δύο
2963 3166 3144 3231 κτίσῃ
3169 3166 3256 3229 είς
3281 3163 3390 3217 ἕνα
3413 3163 3626 3216 καίνειν·

363 3253 446 3300 est
472 3244 577 3299 hoc
608 3247 855 3310 verbum,
884 3256 1040 3310 creet,
1077 3261 1184 3301 non
1223 3255 1282 3302 ut
1323 3265 1388 3303 ex
1441 3251 1615 3304 nihilo
1650 3253 1938 3320 producat,

364 3339 460 3394 sed
499 3348 558 3393 ut
591 3355 685 3395 eos
713 3341 938 3411 quijam
969 3342 1327 3407 exsistebant,
1372 3345 1751 3402 trausformet.
1785 3346 1939 3410 Item,

364 3431 426 3486 Si
452 3449 557 3503 qua
590 3434 643 3486 in
683 3432 893 3487 Christo
927 3443 1005 3487 est
1051 3452 1184 3488 nova
1213 3447 1461 3490 creatura
1490 3437 1559 3491 δ’.
1610 3437 1689 3492 Ac
1747 3454 1941 3494 rursus

364 3523 580 3596 Moyses
625 3544 637 3580 :
695 3524 884 3580 Nonne
923 3526 1004 3580 hic
1043 3528 1151 3596 ipse
1188 3539 1338 3596 pater
1375 3545 1494 3583 tunc
1524 3530 1752 3598 possedit
1785 3540 1852 3596 te,
1893 3540 1941 3583 et

365 3617 487 3686 fecit
524 3627 590 3676 te.
622 3627 671 3671 et
730 3618 923 3671 creavit
979 3627 1027 3671 te
1055 3618 1140 3671 °'?
1175 3618 1274 3674 llic
1329 3619 1475 3674 enim
1519 3620 1672 3686 illud,
1723 3622 1938 3684 creavit,

365 3709 512 3779 quod
555 3718 679 3780 post
739 3711 967 3766 verbum
1015 3711 1140 3780 fecit
1195 3713 1433 3781 positum
1485 3721 1593 3780 est,
1656 3715 1942 3784 perspicue

365 3817 466 3857 nos
486 3802 666 3866 docet,
709 3819 906 3859 nomen
949 3806 1248 3859 creationis
1281 3822 1379 3876 pro
1401 3807 1637 3876 quadam
1667 3807 1721 3860 in
1744 3809 1941 3862 melius

363 3895 666 3950 mutatione
697 3897 1016 3966 plerumque
1050 3898 1324 3966 usurpari.
1369 3899 1556 3969 Itaque
1585 3897 1810 3952 Faciem;
1851 3915 1943 3967 pa-

363 4002 496 4051 cem,
528 3987 602 4041 ita
647 4003 834 4056 pacem
876 3987 1026 4052 facit,
1077 3989 1330 4044 videlicet
1385 4006 1449 4044 ex
1485 4006 1550 4046 eo
1597 3991 1742 4061 quod
1792 4001 1942 4047 creat

363 4079 528 4142 mala,
557 4080 660 4134 hoc
677 4087 1122 4144 est,transmutat
1153 4091 1206 4134 et
1226 4084 1496 4138 emendat.
1525 4083 1727 4140 Deinde
1750 4087 1944 4140 etiam-

365 4171 412 4226 si
462 4187 650 4240 pacem
707 4173 979 4243 intelligas
1017 4175 1355 4229 vacationem
1408 4191 1437 4229 a
1475 4178 1651 4242 bellis,
1709 4180 1940 4234 malum-

364 4275 472 4329 que
501 4259 654 4316 dicas
688 4263 968 4317 molestias
1025 4280 1145 4334 qua:
1190 4266 1574 4335 belligerantes
1613 4278 1938 4339 sequuntur,

364 4352 737 4422 expeditiones
785 4355 1132 4426 longinquas,
1188 4358 1423 4426 labores,
1484 4361 1717 4432 vigilias,
1779 4363 1941 4418 timo-

364 4457 480 4508 res,
529 4444 781 4509 sudores,
831 4447 1079 4514 vulnera,
1134 4452 1331 4514 credes,
1376 4452 1594 4506 urbium
1664 4470 1943 4526 expugna-

365 4534 564 4599 tiones,
619 4538 962 4603 servitutem,
1010 4541 1224 4604 exsilia,
1281 4541 1594 4598 miseranda
1651 4554 1938 4616 captorum

363 4629 698 4698 spectacula,
729 4641 778 4684 et
819 4629 874 4684 in
900 4646 1132 4697 summa,
1165 4633 1508 4690 incommoda
1557 4639 1738 4692 omnia
1788 4654 1939 4709 quaa-

363 4734 582 4790 cunque
621 4721 758 4776 bella
786 4724 1149 4778 comitantur:
1203 4725 1440 4783 dicimus
1499 4729 1614 4784 ﬁeri
1653 4731 1766 4786 haec
1785 4732 1938 4800 justo

360 4810 570 4895 judicio
615 4812 730 4882 Dei,
771 4815 859 4882 iis,
908 4816 1001 4886 qui
1051 4818 1320 4888 supplicio
1364 4821 1513 4891 digni
1549 4832 1698 4889 sunt,
1746 4841 1938 4895 pmuas

449 5013 494 5043 "
535 5013 636 5070 lsa.
671 5031 794 5080 χιν,
835 5016 885 5070 7.

364 5097 434 5146 ll,
473 5084 560 5139 15.

649 5086 692 5116 ⁸⁸
735 5085 778 5138 ll
811 5087 934 5141 Cor.
980 5103 1032 5152 ν,
1070 5088 1159 5141 17.
1233 5089 1278 5120 ⁸³
1320 5089 1471 5145 Deut.
1509 5109 1690 5158 χχχιι,
1722 5094 1775 5148 6.

580 5220 802 5299 ῥηιίιιιιί
834 5232 945 5299 tres
978 5225 1104 5299 libri
1132 5217 1320 5299 Ἴδετε,
1354 5231 1539 5299 φησὶν,
1573 5232 1672 5287 ὅτι.

768 5297 972 5380 tertius
1027 5297 1112 5378 ἵνα
1149 5297 1223 5378 μή
1268 5291 1495 5380 νομίσῃς
1526 5291 1724 5380 ἀλλον,
1778 5314 1835 5380 ut
1875 5320 1939 5358 ne

362 5363 696 5444 existimares
727 5363 1046 5444 aliuin_esse
1088 5363 1225 5444 ignis
1259 5363 1517 5438 opificem.
1555 5369 1688 5440 Reg.
1712 5363 1938 5444 'primus

367 5431 852 5567 Ξῦῗωμῃθξίῃτήσῃς
897 5435 1054 5488 ἄλλον
1104 5431 1244 5505 τινά,
1290 5431 1357 5492 ἀἱ
1404 5457 1465 5494 ne
1511 5431 1744 5511 quwras.
1770 5445 1936 5496 ullum

437 5572 548 5652 (ιε)
582 5573 813 5652 codices
846 5573 1494 5652 (ξοηιιξφηείειειίκαρδίαν
1521 5579 1654 5652 γάρ.

439 5641 549 5713 (46)
587 5644 809 5724 Antiqui
851 5646 960 5724 duo
980 5647 1112 5724 libri
1139 5645 1292 5724 οὗτός
1316 5641 1464 5724 σου-ὁ
1499 5641 1699 5724 πατὴρ.
1732 5650 1937 5708 Ibidem

369 5721 606 5793 utraque
633 5714 800 5793 editio
824 5715 1052 5793 et_Col_b.
1083 5720 1297 5793 primus
1323 5729 1377 5773 et
1403 5719 1535 5793 Reg.
1563 5714 1761 5776 tertius
1788 5724 1942 5793 ἐκτή-

370 5782 496 5836 σατὸ
530 5801 611 5842 σε.
656 5786 749 5839 καὶ
781 5786 1004 5841 ἐποίησέ
1037 5782 1117 5848 σέ,
1153 5790 1245 5842 καὶ
1274 5790 1455 5844 ἓκτισέ
1487 5782 1569 5862 σε,
1605 5794 1833 5862 possedit
1868 5782 1934 5860 te,

979 5016 1026 5048 "
1064 5016 1226 5071 Mich.
1261 5035 1312 5081 i,
1357 5019 1442 5074 12.
1518 5023 1564 5054 ”
1604 5022 1772 5079 Amos
1811 5041 1908 5082 ιιι.
1945 5025 1999 5083 6.

2040 3258 2371 3327 ἄνθρωπον.
2405 3257 2498 3320 Τὸ,
2522 3258 2723 3325 κτίσῃ,
2758 3258 2856 3326 οὐχ
2887 3257 2972 3309 ἵνα
3005 3258 3070 3309 ἑκ
3100 3256 3194 3310 τοῦ
3217 3256 3292 3327 μὴ
3321 3256 3471 3318 ὄντος
3493 3271 3625 3325 παρ-

2041 3352 2244 3422 αγάγῃ,
2286 3350 2400 3403 ἀλλ’
2429 3350 2515 3404 ἵνα
2565 3351 2692 3413 τοὺς
2729 3349 2888 3412 ὄντας
2933 3350 3350 3420 μετακοσμήσῃ.
3397 3350 3526 3410 Kal,
3552 3348 3626 3400 El

2041 3459 2129 3506 τις
2156 3442 2226 3495 ἐν
2253 3439 2484 3508 Χριστῷ
2512 3439 2690 3508 καινὴ
2725 3441 2940 3506 κτίσις,
2972 3440 3083 3494 Kal
3109 3439 3270 3493 πάλιν
3299 3442 3327 3492 ὁ
3349 3441 3587 3509 Μωῦσῆς
3604 3456 3621 3470 ·

2044 3532 2187 3604 Οὐκ,
2201 3530 2383 3596 αὐτὸς
2406 3526 2586 3597 οὗτος
2609 3530 2642 3584 ὅ
2672 3545 2788 3584 σου
2819 3530 3015 3599 πατὴρ
3056 3529 3354 3596 ἑκτήσατό
3390 3547 3485 3594 σε,
3520 3530 3621 3584 καὶ

2039 3623 2289 3690 ἐποίησέ
2309 3637 2402 3686 σε,
2430 3622 2527 3676 καὶ
2548 3621 2752 3676 ἕκτισέ
2775 3637 2849 3676 σε
2873 3622 2984 3692 (46)
3006 3623 3233 3691 ;Σαφῶς
3265 3621 3371 3693 γὰρ
3389 3621 3624 3674 ἐνταῦθα

2044 3715 2183 3785 μετὰ
2208 3716 2306 3786 τὴν
2347 3715 2564 3784 ποίησιν
2598 3715 2644 3785 ἡ.
2665 3713 2843 3777 κτίσις
2875 3715 3134 3784 ταχθεῖσα
3169 3715 3408 3768 διδάσκει
3451 3715 3619 3784 ἡμᾶς,

2040 3810 2122 3860 ὅτι
2152 3809 2244 3861 ἐπὶ
2272 3807 2372 3878 τῆς
2403 3807 2740 3878 βελτιώσεως
2786 3806 3071 3872 τέτακται,
3097 3807 3171 3870 ὡς
3219 3806 3291 3859 τὰ
3336 3805 3527 3870 πολλὰ,
3557 3805 3624 3858 τὸ

2040 3902 2138 3972 τῆς
2189 3901 2418 3963 κτίσεως
2471 3899 2661 3970 ὄνομα.
2707 3901 2869 3952 Ὥστε
2921 3898 3116 3953 Ποιῶν
3164 3897 3430 3968 είρήνην,
3478 3896 3626 3950 οὕτω

2041 3992 2304 4064 ποιεῖτὴν
2337 3994 2581 4064 εἰρήνην,
2619 3993 2684 4045 ὲκ
2707 3990 2802 4044 τοῦ
2829 3991 2898 4044 τά
2925 3990 3069 4043 κακὰ
3099 3989 3323 4054 κτίζειν·
3353 3987 3621 4052 τουτέστι,

2044 4085 2378 4155 μεταποιεῖν,
2417 4084 2512 4137 καὶ
2541 4084 2620 4145 εἰς
2651 4080 2931 4151 βελτίωσιν
2960 4081 3132 4148 ἄγειν.
3157 4081 3384 4132 Ἔπειτα
3416 4080 3620 4150 μέντοι,

2042 4176 2144 4231 κᾶν
2171 4177 2392 4248 εἰρήνην
2426 4177 2625 4249 νοήσῃς
2658 4175 2753 4246 τὴν
2785 4177 2848 4228 ὲκ
2873 4175 2981 4228 τῶν
3010 4175 3261 4244 πολέμων
3291 4174 3496 4237 ἄδειαν,
3527 4172 3624 4227 καὶ

2041 4271 2211 4324 κακὸν
2266 4271 2424 4340 εἴπῃς
2458 4268 2527 4323 τὰ
2562 4266 2959 4322 ἀκολουθοῦντα
2990 4269 3104 4329 τοῖς
3141 4264 3468 4336 πολεμοῦσιν
3507 4263 3627 4316 ὲπί-

2043 4379 2201 4426 πονα,
2232 4361 2592 4432 ἐκστρατείας
2633 4359 2978 4430 ὑπερορίους,
3023 4358 3238 4423 πόνους,
3281 4355 3620 4427 ἀγρυπνίας,

2045 4456 2286 4526 ἀγωνίας
2333 4455 2467 4525 (47),
2498 4452 2749 4525 ἱδρῶτας,
2787 4452 3100 4524 τραύματα,
3139 4449 3374 4520 σφαγὰς,
3417 4448 3624 4502 πόλεων

2048 4548 2299 4612 ἁλώσεις,
2320 4547 2805 4619 ἀνδραποδισμοὺς,
2825 4543 3151 4612 ἀπαγωγὰς,
3181 4542 3250 4596 τὰ
3279 4540 3488 4595 ἐλεεινὰ
3515 4541 3625 4593 τῶν

2050 4641 2286 4694 ἁλόντων
2331 4640 2600 4710 θεάματα,
2631 4638 2724 4692 καὶ
2755 4637 2940 4700 ἀπλῶς
2967 4637 3067 4690 ὅσα
3093 4633 3313 4704 λυπηρὰ
3329 4636 3441 4697 τοῖς
3467 4631 3627 4686 πολέ-

2051 4752 2172 4806 μοις
2225 4731 2527 4798 ἀκολουθεῖ,
2563 4732 2792 4802 λέγομεν
2848 4730 3028 4803 κρίσει
3076 4727 3187 4798 (48)
3245 4725 3381 4778 Θεοῦ
3439 4725 3625 4795 δικαία

2046 4828 2322 4898 γενέσθαι,
2358 4829 2471 4891 τοῖς
2500 4824 2670 4892 ἀξίοις
2698 4823 2973 4886 κολάσεως
3000 4819 3086 4874 διὰ
3117 4817 3221 4873 τῶν
3244 4817 3497 4888 πολέμων
3526 4815 3626 4880 τὰς

2775 5023 2819 5054 ⁷⁸
2858 5018 3004 5075 Psal.
3039 5035 3105 5083 ι,
3148 5017 3234 5072 12.
3337 5019 3384 5052 ⁸⁸
3427 5017 3624 5089 Ephes.

2095 5028 2137 5059 ’⁸
2175 5027 2332 5082 Deut.
2369 5039 2561 5088 χχχιι,
2596 5021 2684 5077 59.

2045 5243 2094 5288 et
2122 5235 2241 5302 fecit
2272 5242 2339 5296 te,
2367 5242 2430 5306 et
2451 5231 2745 5306 creavit__te.
2772 5231 2832 5283 ln
2860 5229 3073 5306 ueteris
3097 5227 3316 5306 quidem
3341 5224 3500 5306 6011)ἶ
3521 5232 3630 5278 ter-

2045 5297 2158 5359 tiu's
2187 5303 2460 5359 consentit
2485 5317 2610 5354 cum
2643 5301 2713 5354 iis
2743 5315 2881 5369 quos
2909 5300 3149 5353 diximus
3173 5297 3329 5351 libris
3356 5316 3368 5350 :
3408 5297 3501 5369 sed
3529 5311 3627 5369 prq

2047 5374 2229 5427 ἔκτισε
2261 5374 2424 5426 habet
2455 5371 2678 5433 ἔπλασε,
2720 5364 2984 5438 formavit.
3018 5370 3124 5421 Alii
3157 5369 3265 5421 duo
3303 5383 3435 5438 mss.
3469 5364 3628 5438 Regii

2046 5452 2100 5499 et
2131 5444 2286 5498 Colb.
2327 5443 2598 5497 secundus
2631 5436 2886 5493 ἐκτίσατό
2925 5456 3004 5502 σε,
3037 5439 3131 5492 καὶ
3159 5437 3382 5505 ἐποίησέ
3414 5453 3492 5498 σε,
3530 5436 3627 5487 xa‘t

2047 5514 2250 5587 ἐπλασὲ
2267 5530 2362 5587 σε,
2395 5513 2589 5587 creavit
2614 5520 2688 5587 te,
2707 5519 2755 5563 et
2786 5511 3002 5587 fe_cit_te,
3036 5520 3085 5561 et
3113 5508 3361 5587 formavit
3393 5518 3458 5560 te.
3533 5575 3565 5587 η

2120 5584 2229 5654 (47)
2267 5582 2406 5639 Editi
2449 5575 3064 5654 ἀγρυπνίαςίάγῶνας,
3116 5580 3346 5654 uigilias,
3378 5575 3622 5654 _pra'lia.

2047 5649 2401 5732 At:nrss.‘se_x
2429 5649 2755 5732 ἀγρυπνίας,
2789 5651 3048 5732 ἀγωνίας,
3083 5651 3314 5732 uigiliqs,
3351 5649 3586 5732 timores.

2121 5723 2233 5848 (4εέ
2261 5724 2416 5777 Colb.
2442 5720 2654 5792 primus
2683 5721 2826 5788 λέγω
2857 5720 3055 5792 κρίσει.
3091 5720 3210 5774 Mox
3243 5720 3376 5789 Reg.
3411 5720 3624 5789 primus

2121 5812 2202 5847 ιεσ
2239 5811 2294 5848 αι
2320 5795 2428 5848 τοῖς
2455 5792 2625 5848 ἀξίοις
2652 5790 2945 5844 κολάσεων.

2048 5790 2294 5864 γίνεσθαι
2320 5790 2625 5858 τοίςῒάξίοις
2652 5790 2945 5844 κολάσεων.
