4052 6214
344 341 445 395 337

1166 344 1333 402 ΗΟΜ.
1374 346 1562 414 QUOD
1601 338 1783 404 DEUS
1820 347 1960 405 NON
2001 350 2133 407 EST
2178 353 2461 412 AUCTOR
2500 357 2854 415 MALOBUM.

3500 362 3605 417 338

352 457 618 528 τιμωρίας
648 460 972 528 ἐπάγοντος.
1005 463 1074 515 Ἦ
1106 464 1167 517 σὺ
1194 463 1413 517 ἐϐούλου
1440 466 1514 537 μὴ
1546 468 1937 537 καταπρησθῆ-

2055 487 2137 527 aer
2184 473 2320 528 bella
2364 476 2674 547 irrogantis.
2731 479 2813 532 An
2852 479 2959 549 76
3011 486 3069 532 tu
3125 495 3233 533 non
3285 480 3368 534 vis
3407 479 3605 534 tradita

354 564 443 603 ναι
468 549 535 601 τὰ
562 550 772 620 Σόδομα
804 556 947 621 μετα
978 554 1077 617 τὰς
1109 556 1486 626 ἀνοσιουργίας
1514 557 1728 621 ὲκείνας
1750 558 1821 629 ,ἢ
1859 558 1934 629 μὴ

357 644 806 712 καταστραφῆναι
841 645 943 713 τὴν
983 646 1354 717 Ἰερουσαλὴμ,
1405 648 1539 718 μηδὲ
1584 650 1937 720 ἐρημωθῆναι

355 731 446 783 τὸν
486 732 629 796 ναὸν,
683 734 821 803 μετὰ
863 737 967 806 τὴν
1010 740 1241 808 φρικτὴν
1284 740 1421 792 κατὰ
1462 740 1555 793 τοῦ
1584 742 1787 812 Κυρίου
1829 743 1937 798 τῶν

370 822 637 877 Ἰουδαίων
680 826 977 893 ἀπόνοιαν;
1022 830 1275 884 Γενέσθαι
1318 832 1373 885 δὲ
1407 832 1581 886 ταῦτα
1622 834 1738 897 πῶς
1767 834 1940 898 ἄλλως

360 913 563 967 δίκαιον
584 911 673 985 ἧν,
706 919 802 971 καὶ
831 920 953 989 οὐχὶ
986 921 1073 974 διὰ
1100 922 1207 975 τῶν
1247 924 1571 992 Ῥωμαϊκῶν
1602 926 1821 996 χειρῶν,
1852 924 1940 991 αἷς

364 1003 685 1073 παρέδωκαν
737 1008 828 1061 τὸν
869 1009 1072 1080 Κύριον
1121 1011 1277 1081 ἡμῶν
1322 1013 1373 1063 οἱ
1424 1012 1604 1084 ἐχθροὶ
1657 1014 1757 1083 τῆς
1801 1015 1945 1085 ζωῆς

365 1095 568 1149 ἑαυτῶν
593 1097 704 1168 (49)
751 1099 1019 1166 Ἰουδαῖοι;
1055 1103 1215 1155 Ὥστε
1262 1102 1375 1156 ἔστι
1422 1106 1551 1158 ποτὲ
1597 1108 1690 1159 καὶ
1721 1107 1945 1171 δικαίως

361 1188 429 1239 τά
456 1190 521 1241 ἐκ
551 1189 646 1241 τοῦ
674 1191 913 1261 πολέμου
941 1194 1085 1247 κακὰ
1109 1198 1218 1257 τοῖς
1241 1195 1411 1261 ἀξίοις
1434 1198 1812 1268 ἐπενεχθῆναι.
1834 1200 1945 1252 Καὶ

359 1279 441 1340 τὸ,
475 1280 617 1348 Ἐγὼ
649 1282 977 1349 ἀποκτενῶ,
1010 1287 1106 1339 καὶ
1144 1285 1254 1354 ζῇν
1285 1288 1536 1355 ποιήσω,
1563 1290 1719 1361 δέχου
1753 1292 1871 1361 μὲν,
1894 1294 1943 1345 εἰ

362 1370 564 1439 βούλει,
601 1375 741 1427 κατὰ
763 1376 821 1427 τὸ
847 1377 1132 1447 πρόχειρον
1162 1380 1260 1449 τῆς
1280 1381 1506 1443 ἑννοίας.
1525 1383 1811 1452 Οἰκοδομεῖ
1833 1384 1944 1455 γὰρ

359 1464 389 1516 ό
440 1463 608 1531 φόϐος
647 1468 774 1529 τοὺς
820 1467 1240 1540 ἁπλουστέρους.
1271 1472 1540 1536 Πατάξω,
1582 1473 1742 1543 κάγὼ
1779 1474 1943 1529 ἰάσο-

356 1565 486 1616 μαι.
530 1552 643 1605 Καὶ
691 1553 848 1606 τοῦτο
892 1557 1165 1627 χρήσιμον
1206 1559 1430 1612 αὐτόθεν
1477 1564 1790 1632 νοούμενον
1842 1565 1942 1634 τῆς

365 1640 465 1710 μὲν
502 1642 719 1713 πληγῆς
745 1646 1076 1717 ἐμποιούσης
1101 1650 1194 1702 τὸν
1224 1651 1407 1720 φόϐον,
1439 1654 1540 1724 τῆς
1564 1655 1620 1707 δὲ
1646 1656 1840 1720 ἰάσεως
1862 1660 1941 1722 είς

362 1732 461 1803 τὴν
496 1735 718 1805 ἀγάπην
753 1742 1220 1812 προ-τρεπομένης.
1250 1744 1465 1809 Ἔξεστί
1496 1763 1558 1813 γε
1601 1748 1707 1816 μήν
1742 1764 1823 1799 σοι
1847 1747 1941 1799 καὶ

2040 564 2209 620 fuisse
2240 566 2491 621 incendio
2518 566 2749 622 Sodoma
2784 579 2909 640 post
2936 570 3137 640 ﬂagitia
3160 572 3250 624 illa
3274 586 3337 625 ac
3366 572 3611 627 scelera?

2041 670 2107 710 an
2139 672 2245 710 non
2277 673 2519 713 eversam
2546 660 2715 716 fuisse
2738 660 3064 724 Jerusalem,
3104 676 3280 730 neque
3307 662 3608 718 desolatum

2040 748 2321 817 templum,
2364 758 2486 819 post
2527 751 2854 805 horrendam
2890 752 3038 804 illam
3076 750 3384 806 Iudaeorum
3421 753 3611 808 adver-

2042 855 2137 895 sus
2173 839 2458 894 Dominum
2489 844 2807 898 vesaniam?
2852 841 2977 896 Haec
3006 851 3185 897 autem
3222 844 3337 898 ﬁeri
3372 860 3609 915 quonam

2042 932 2150 984 alio
2172 932 2333 986 modo
2360 948 2573 1002 aequum
2594 942 2730 999 erat,
2752 933 2857 987 nisi
2883 946 2981 1002 per
3007 949 3199 988 manus
3220 934 3609 996 Romanorum,

2042 1024 2241 1092 quibus
2267 1023 2553 1078 Dominum
2587 1036 2835 1081 nostrum
2856 1025 3197 1081 tradiderunt
3250 1027 3459 1081 inimici
3502 1042 3615 1083 suae

2047 1116 2288 1186 ipsorum
2317 1118 2436 1171 vitae
2463 1116 2674 1173 Judaei?
2702 1120 3044 1190 Quapropter
3091 1120 3252 1173 etiam
3284 1120 3431 1187 juste
3472 1135 3611 1173 non-

2044 1225 2322 1279 nunquam
2359 1210 2486 1265 belli
2529 1212 2669 1265 mala
2722 1214 3041 1284 inﬂiguntur
3072 1213 3428 1268 merentibus.
3479 1210 3614 1264 Illud

2043 1316 2281 1371 quoque,
2320 1300 2430 1371 Ego
2477 1302 2711 1356 occidam
2763 1314 2813 1357 et
2853 1307 3016 1359 vivere
3060 1305 3276 1373 faciam,
3319 1302 3522 1371 accipe,
3567 1302 3614 1356 si

2043 1393 2146 1455 vis,
2182 1393 2341 1447 obvio
2372 1394 2761 1448 sensu.Timor
2796 1397 2939 1450 enim
2975 1397 3335 1465 simpliciores
3362 1393 3609 1449 aediﬁcat.

2045 1481 2369 1546 Percutiam,
2392 1496 2441 1538 et
2463 1502 2553 1555 ego
2584 1487 2804 1540 sanabo.
2848 1486 2912 1539 Et
2944 1488 3045 1541 hoc
3088 1497 3367 1555 acceptum
3403 1485 3470 1539 ad
3496 1500 3616 1539 ver-

2043 1575 2195 1641 bum,
2226 1578 2356 1632 utile
2382 1586 2467 1632 est
2498 1588 2550 1633 et
2579 1579 2945 1645 conducibile,
2993 1580 3149 1649 plaga
3180 1581 3427 1632 timorem
3464 1577 3618 1631 incu-

2042 1668 2230 1732 tiente,
2289 1670 2574 1725 sanatione
2622 1686 2752 1725 vero
2805 1672 2871 1724 ad
2936 1670 3283 1725 dilectionem
3332 1668 3613 1723 incitante.

2045 1758 2194 1815 Licet
2226 1769 2406 1815 tamen
2438 1762 2533 1815 tibi
2560 1762 2723 1815 etiam
2750 1763 2913 1817 altius
2943 1761 3010 1815 de
3034 1761 3118 1815 bis
3150 1775 3271 1830 quae
3292 1760 3436 1813 dicta
3463 1766 3637 1825 sunt,

363 1825 697 1897 ὑψηλότερον
725 1829 1072 1900 διανοηθῆναι
1102 1834 1228 1905 περὶ
1256 1836 1365 1888 τῶν
1400 1838 1726 1908 εἰρημένων.
1798 1838 1945 1907 Ἐγὼ

2055 1853 2272 1907 sentire.
2307 1852 2418 1921 Ego
2470 1852 2728 1915 occidam,
2761 1861 2985 1922 peccato
3019 1872 3031 1905 :
3089 1862 3137 1907 et
3173 1852 3339 1906 vivere
3391 1851 3615 1919 faciam,

362 1918 696 1983 ἀποκτενῶ,
743 1924 808 1991 τῇ
851 1924 1127 1996 ἁμαρτίᾳ·
1158 1927 1255 1980 καὶ
1305 1926 1413 1995 ζῇν
1458 1928 1710 1995 ποιήσω,
1765 1933 1831 2001 τῇ
1865 1930 1946 1983 δι-

364 2010 651 2081 καιοσύνῃ.
696 2012 886 2065 Ὅσον
936 2016 1043 2083 γὰρ
1074 2020 1105 2069 ὀ
1133 2017 1249 2081 ἔξω
1292 2019 1460 2087 ἡμῶν
1485 2019 1795 2087 ἄνθρωπος
1823 2020 1950 2073 δια-

364 2101 682 2169 φθείρεται,
745 2104 1037 2158 τοσοῦτον
1092 2111 1124 2161 ὁ
1171 2108 1291 2161 ἔσω
1346 2111 1791 2166 ἀνακαινοῦται.
1836 2112 1952 2166 Οὐκ

365 2190 525 2245 ἄλλον
553 2189 648 2245 οὖν
682 2195 1016 2261 ἀποκτείνει,
1043 2201 1135 2252 καὶ
1168 2201 1324 2254 ἄλλον
1367 2200 1620 2265 ζωοποιεῖ
1646 2205 1778 2276 (50)·
1817 2205 1954 2258 ἀλλὰ

365 2285 459 2336 τὸν
501 2285 689 2350 αὑτὸν,
739 2288 806 2339 δι’
838 2281 913 2341 ὧν
971 2291 1300 2357 ἀποκτείνει,
1348 2293 1632 2355 ζωοποιεῖ·
1664 2297 1757 2349 καὶ
1786 2297 1854 2350 δι’
1880 2291 1955 2351 ὧν

366 2379 661 2438 πατάσσει,
694 2381 859 2440 ἰᾶται,
901 2382 1043 2435 κατὰ
1080 2385 1175 2454 τὴν
1212 2386 1517 2457 Παροιμῐαν
1545 2389 1644 2457 τὴν
1668 2388 1953 2457 λέγουσαν,

365 2468 448 2520 ὃτι
483 2470 565 2521 Σὺ
590 2469 710 2537 μὲν
732 2472 1017 2539 πατάξειε·
1049 2475 1237 2529 αὐτὸν
1259 2477 1481 2544 ῥάϐδῳ,
1504 2480 1621 2546 τὴν
1641 2479 1709 2531 δὲ
1736 2481 1950 2549 ψυχὴν·

365 2562 555 2616 αὐτοῦ
595 2565 663 2616 ἐκ
708 2565 969 2620 θανάτου
1009 2569 1193 2635 ῥύσῃ.
1221 2569 1429 2622 Οὐκοῦν
1480 2573 1817 2625 πατάσσεται
1856 2573 1955 2643 μὲν

371 2652 529 2724 σὰρξ,
562 2655 651 2707 ἵνα
685 2656 809 2726 ἰαθῇ
853 2657 1030 2726 ψυχή’
1078 2659 1402 2713 θανατοῦται
1456 2660 1512 2713 δὲ
1561 2663 1831 2733 ἁμαρτία,
1866 2665 1954 2719 ἴνα.

368 2744 510 2817 ζήσῃ
543 2746 881 2820 δικαιοσύνη.
910 2751 983 2802 Τὸ
1011 2751 1089 2813 δὲ,
1116 2752 1339 2819 Κατέϐη
1358 2754 1527 2807 κακὰ
1556 2754 1712 2823 παρὰ
1737 2757 1956 2822 Κυρίου

365 2837 463 2889 ἐπὶ
488 2840 690 2901 πύλας
719 2838 1136 2910 Ἰερουσαλὴμ,
1162 2842 1384 2894 αὐτόθεν
1411 2842 1523 2912 ἔχει
1544 2843 1642 2913 τὴν
1674 2844 1951 2915 ἐξήγησιν.

368 2928 504 2980 Ποῖα
540 2930 723 2993 κακᾶς
759 2930 944 2999 Ψόιρος
969 2932 1229 3001 ἁρμάτων
1256 2934 1349 2985 καὶ
1387 2934 1748 2987 ἱππευόντων.
1784 2935 1957 2989 Ὅταν

367 3024 422 3076 δὲ
452 3024 718 3096 ἀκούσῃς,
754 3028 875 3079 Οὺκ
905 3025 1039 3078 ἐστι
1084 3027 1262 3080 κακία
1288 3028 1356 3079 ἐν
1396 3029 1591 3091 πόλει,
1638 3027 1717 3095 ἢν
1744 3030 1958 3098 Κύριος

368 3118 479 3169 οὐκ
531 3117 819 3183 ἐποίησε·
877 3118 988 3169 νόει
1041 3118 1138 3187 τῆς
1185 3118 1384 3181 κακίας
1418 3119 1475 3171 τὺ
1508 3119 1711 3189 ὄνομα·
1746 3120 1827 3172 ὅτι
1858 3122 1957 3191 τὴν

370 3208 791 3277 προσαγομένην
819 3208 1062 3261 κάκωσιν
1095 3212 1204 3273 τοῖς
1254 3211 1658 3281 ἁμαρτάνουσιν
1694 3213 1785 3264 ἐπὶ
1812 3212 1954 3283 διορ-

370 3298 534 3351 θώσει
564 3299 674 3351 τῶν
705 3300 1194 3371 πλημμελημάτων
1215 3304 1241 3354 ό
1264 3302 1420 3369 λόγος
1450 3302 1769 3355 αἰνίσσεται.
1789 3303 1957 3356 Ἐκά-

370 3408 537 3445 κωσα
588 3391 697 3462 γάρ
740 3409 835 3455 σε,
870 3395 1025 3464 φησὶ,
1055 3396 1149 3447 καί
1187 3396 1658 3466 ἐλιμαγχόνησα,
1683 3399 1767 3451 ἵνα
1797 3395 1854 3452 εὖ
1898 3416 1956 3452 σε

370 3484 615 3553 ποιήσω·
657 3484 786 3554 πρὶν
836 3487 917 3546 είς
956 3482 1195 3555 ἄμετρον
1250 3486 1545 3557 ἐκχυθῆναι
1599 3488 1697 3558 τὴν
1740 3488 1957 3542 ἀδικίαν

372 3572 536 3625 ἱστῶν
572 3572 706 3642 (51),
756 3573 945 3646 ῶσπερ
1002 3574 1178 3645 ῥεῦμα
1230 3575 1381 3646 ἕρκει
1424 3577 1529 3628 τινὶ
1576 3578 1824 3649 κρατερῷ
1865 3580 1959 3632 καὶ

368 3664 753 3735 διαφράγματι
779 3666 1163 3735 κατεχόμενον.

441 3757 493 3810 5.
535 3757 635 3809 Διὰ
659 3757 832 3810 ταῦτα
848 3757 994 3810 νόσοι
1012 3758 1219 3811 πόλεων
1245 3760 1338 3812 καὶ
1355 3759 1545 3824 ἐθνῶν,
1566 3760 1743 3832 ἀέρων
1758 3762 1959 3833 αὐχμοὶ

370 3849 467 3901 καὶ
508 3849 734 3917 ἁφορίαι
770 3852 892 3920 γῆς,
924 3850 1019 3903 καὶ
1059 3852 1114 3902 αἱ
1151 3851 1291 3903 κατὰ
1314 3852 1404 3903 τὸν
1441 3852 1554 3921 βίον
1583 3853 1798 3922 ἑκάστῳ
1829 3871 1959 3922 τρα-

372 3940 597 4011 χύτεραι
641 3942 1029 4011 περιπτώσεις,
1060 3942 1159 4011 τῆς
1192 3941 1388 4005 κακίας
1421 3943 1520 4013 τὴν
1550 3943 1775 4009 αὔξησιν
1801 3961 1957 4015 περι-

374 4034 697 4087 κόπτουσαι.
734 4034 894 4087 Ὥστε
958 4035 1027 4087 τά
1081 4034 1303 4088 τοιαῦτα
1333 4035 1477 4088 κακὰ
1522 4038 1669 4107 παρὰ
1699 4036 1834 4090 Θεοῦ
1878 4039 1960 4106 γί-

376 4143 551 4188 νεται,
580 4126 692 4177 τῶν
718 4125 984 4196 ἀληθινῶν
1022 4126 1205 4179 κακῶν
1237 4128 1336 4198 τὴν
1377 4128 1591 4196 γένεσιν
1622 4128 1957 4200 ἐξαιροῦντα.

377 4216 445 4268 Αἰ
494 4233 558 4268 τε
614 4216 726 4286 γὰρ
762 4218 901 4271 κατὰ
946 4218 1009 4269 τὸ
1060 4217 1218 4286 σῶμα
1252 4218 1542 4282 κακώσεις,
1571 4221 1665 4273 καὶ
1704 4220 1770 4273 τὰ
1805 4222 1962 4285 ἐκτὸς

380 4310 635 4365 ἐπίπονα.
682 4309 819 4380 πρὸς
874 4310 1076 4380 ἐποχὴν
1105 4309 1205 4378 τῆς
1253 4310 1527 4381 ἁμαρτίας
1569 4313 1958 4384 ὲπινενόηνται.

392 4403 636 4471 Ἀναιρεῖ
660 4401 837 4454 τοίνυν
870 4401 929 4453 τὸ
957 4401 1125 4454 κακὸν
1157 4403 1185 4454 ό
1218 4401 1371 4464 Θεός’
1397 4402 1517 4471 οὐχ)⁸
1543 4402 1599 4454 δὲ
1625 4402 1685 4456 τὺ
1711 4403 1875 4455 κακὸν
1900 4405 1963 4455 ὲκ

2044 1940 2291 2008 justitize.
2331 1941 2601 2005 Quantum
2642 1942 2778 1993 enim
2807 1951 3051 1994 externus
3086 1948 3261 1993 noster
3298 1940 3450 1992 homo
3502 1953 3621 1990 cor.

2048 2032 2329 2099 rumpitur,
2363 2040 2567 2083 tantum
2604 2033 2841 2085 internus
2870 2041 3151 2085 renovatur
3182 2030 3247 2083 ⁸³.
3286 2028 3405 2083 Non
3452 2030 3621 2098 igitur

2050 2123 2216 2175 alium
2248 2124 2471 2185 occidit,
2510 2124 2675 2177 aliutn
2700 2124 2972 2189 viviﬁcat;
3004 2123 3096 2177 sed
3124 2123 3399 2186 eumdem,
3433 2137 3530 2191 per
3553 2136 3618 2175 ea

2050 2214 2253 2283 quibus
2284 2214 2507 2279 occidit,
2538 2214 2820 2269 viviticat:
2874 2215 3113 2283 itemque
3169 2230 3264 2283 per
3314 2228 3377 2267 ea
3425 2212 3621 2282 quibus

2052 2307 2309 2375 percutit,
2346 2315 2521 2369 sanat,
2548 2322 2609 2361 ex
2640 2305 2938 2361 Pt'overbio
2975 2307 3068 2358 illo
3095 2326 3106 2359 :
3144 2306 3220 2360 Tu
3248 2304 3455 2375 quidem
3505 2320 3618 2373 ρεγ-

2051 2398 2214 2451 cuties
2247 2398 2415 2466 ipsum
2446 2399 2611 2468 virga,
2646 2400 2881 2451 animam
2912 2414 3027 2451 vero
3061 2399 3226 2465 ipsius
3274 2414 3305 2449 a
3355 2406 3527 2450 morte
3557 2396 3622 2448 Ii-

2052 2489 2256 2544 berabis
2287 2491 2356 2546 ⁸⁸.
2385 2490 2529 2545 Caro
2578 2492 2764 2561 itaque
2817 2491 3140 2559 percutitur,
3172 2496 3230 2542 ut
3254 2489 3432 2542 anima
3465 2503 3624 2541 saue-

2052 2586 2141 2633 tur
2175 2599 2186 2632 :
2225 2589 2504 2648 peccatum
2544 2596 2674 2635 vero
2734 2582 3042 2650 perimitur,
3081 2590 3139 2633 ut
3191 2579 3337 2632 vivat
3384 2579 3621 2648 justitia.

2052 2668 2190 2725 Illud
2225 2685 2375 2734 vero,
2419 2670 2803 2724 Descenderam:
2835 2671 2977 2725 mala
3011 2689 3042 2723 a
3075 2670 3302 2723 Domino
3328 2685 3482 2738 super
3500 2686 3622 2738 por-

2056 2773 2137 2817 tas
2183 2760 2504 2825 Jerusalem,
2544 2778 2639 2831 per
2702 2778 2827 2817 sese
2883 2764 3195 2832 exponitur.
3250 2761 3382 2827 Quae
3448 2758 3629 2813 mala?

2056 2853 2330 2923 Strepitus
2357 2870 2616 2909 curruum
2635 2864 2687 2909 et
2706 2854 2971 2923 equitum.
2991 2855 3125 2908 Cum
3152 2862 3331 2907 autem
3361 2852 3624 2913 audieris,

2058 2941 2181 2997 Non
2214 2952 2290 2997 est
2340 2944 2550 2998 malitia
2582 2944 2635 2996 in
2670 2944 2901 3006 civitate,
2933 2961 3090 3012 quam
3124 2943 3382 2996 Dominus
3414 2958 3517 2995 non
3548 2943 3626 3009 fe-

2056 3034 2207 3099 cerit,
2244 3034 2488 3103 intelligo
2519 3032 2867 3087 aﬂlictionem
2902 3034 3140 3102 aliquam
3187 3047 3307 3103 quae
3349 3031 3629 3099 peccanti-

2058 3126 2161 3180 bus
2192 3125 2259 3179 ad
2308 3135 2528 3196 peccata
2574 3125 2895 3196 corrigenda
2928 3126 3222 3195 inﬂigatur,
3259 3140 3291 3179 a
3348 3123 3630 3192 Scriptura

2058 3213 2278 3266 nomine
2307 3214 2525 3267 malitiae
2552 3214 2867 3283 signiﬁcari.
2903 3215 3081 3285 Amissi
3134 3216 3292 3278 enim,
3324 3214 3520 3283 inquit,
3558 3222 3625 3276 te,

2056 3314 2106 3357 et
2156 3304 2295 3373 fame
2340 3307 2672 3375 strangulavi
2700 3307 2768 3371 ⁸⁵,
2798 3306 2897 3360 tibi
2931 3315 2988 3359 ut
3015 3307 3351 3361 benefaciam
3383 3326 3394 3360 :
3430 3308 3627 3375 quippe

2059 3394 2385 3462 iujustitiam
2443 3396 2598 3463 prius
2642 3395 2787 3450 sistit
2826 3411 2887 3450 ac
2925 3406 3162 3459 coercet,
3212 3412 3371 3464 quam
3422 3397 3476 3450 in
3527 3397 3627 3449 im-

2057 3498 2302 3539 mensam
2333 3485 2696 3552 diil'undatur,
2728 3502 2793 3541 eo
2828 3487 2987 3541 modo
3020 3504 3128 3556 quo
3165 3484 3426 3541 ﬂuentum
3453 3486 3651 3553 valido,

2058 3577 2297 3646 quodam
2324 3577 2480 3632 obice
2513 3593 2576 3631 ac
2614 3585 2769 3648 septo
2798 3578 3105 3633 cohibetur.

2129 3762 2181 3815 5.
2225 3758 2361 3815 Hinc
2394 3760 2615 3813 urbium
2640 3760 2813 3814 morbi
2860 3760 3230 3830 gentiumque,
3270 3759 3411 3814 aeris
3449 3758 3618 3813 sicci-

2059 3859 2166 3915 tas,
2210 3851 2469 3907 sterilitas
2515 3857 2695 3913 terrm,
2747 3857 2909 3918 atque
2939 3850 3245 3920 asperiores
3279 3864 3398 3919 quae
3424 3849 3629 3919 cuique

2061 3943 2117 3996 in
2148 3941 2258 3994 vita
2306 3940 2561 3994 accidunt
2591 3939 2951 4003 calamitates,
2985 3938 3184 4008 quibus
3214 3938 3342 3991 mali
3380 3954 3635 4009 progres-

2062 4049 2157 4089 sus
2190 4033 2557 4103 intercipitur.
2597 4033 2778 4099 Quare
2810 4033 3122 4088 inferuntur
3152 4048 3184 4086 a
3215 4034 3325 4088 Deo
3363 4034 3635 4103 ejusmodi

2063 4130 2226 4191 mala,
2281 4133 2549 4181 malorum
2593 4141 2845 4181 verorum
2881 4134 3061 4179 ortum
3095 4125 3460 4194 prohibitura.
3497 4125 3632 4179 Nam

2062 4218 2311 4288 corporis
2340 4217 2658 4271 aiilictiones
2682 4231 2744 4270 ac
2774 4216 3036 4270 molestiae
3058 4223 3297 4269 externae
3318 4214 3386 4268 ad
3413 4223 3636 4284 peccata

2063 4308 2458 4380 compescenda
2482 4309 2800 4377 excogitatae
2831 4316 2979 4362 sunt.
3014 4306 3176 4361 Tollit
3211 4307 3376 4376 igitur
3434 4306 3636 4359 malum

2065 4401 2245 4470 Deus;
2284 4417 2393 4455 non
2426 4408 2604 4454 autem
2631 4414 2697 4453 ex
2722 4398 2833 4455 Deo
2855 4400 3055 4453 malum
3089 4406 3192 4455 est.
3222 4398 3355 4452 Nam
3385 4406 3439 4453 et
3466 4398 3637 4452 medi-

378 4493 475 4546 τοῦ
520 4492 657 4545 Θεοῦ
677 4510 688 4520 ·
724 4494 843 4545 ἐπεὶ
878 4493 970 4546 καὶ
998 4495 1026 4546 ό
1063 4494 1243 4564 ἰατρὸς
1274 4494 1482 4565 ἐξαιρεῖ
1515 4494 1614 4565 τὴν
1649 4495 1825 4559 νόσον,
1848 4496 1953 4548 ἁλλ⁴

2064 4511 2163 4550 cus
2200 4495 2340 4548 tollit
2378 4493 2650 4554 morbum,
2692 4508 2805 4545 non
2858 4492 3105 4546 morbum
3142 4491 3371 4546 accersit
3398 4487 3633 4557 corpori.

381 4584 504 4653 οὐχὶ
546 4584 701 4637 νόσον
736 4582 989 4652 ἐμϐάλλει
1041 4582 1118 4652 τῷ
1164 4581 1396 4651 σώματι.
1431 4584 1647 4637 Πόλεων
1673 4583 1728 4637 δὲ
1770 4586 1962 4653 ἀφανι-

388 4676 537 4743 σμοὶ,
584 4674 797 4742 σεισμοί
840 4689 896 4724 τε
941 4675 1035 4725 καὶ
1075 4673 1403 4737 ἐπικλύσεις,
1441 4676 1534 4727 καὶ
1584 4675 1962 4747 στρατοπέδων

388 4766 681 4831 ἀπώλειαι,
730 4766 824 4818 καὶ
877 4767 1131 4833 ναυάγια,
1178 4768 1269 4819 καὶ
1328 4769 1496 4821 πᾶσαι
1546 4768 1964 4839 πολυάνθρωποι

390 4858 606 4928 φθοραὶ,
637 4858 745 4911 εἴτε
776 4861 840 4911 ἐκ
872 4860 992 4927 γῆς,
1026 4858 1135 4910 εἴτε
1185 4862 1248 4911 ὲκ
1299 4858 1595 4930 θαλάσσης,
1630 4860 1737 4912 εἴτε
1788 4860 1846 4925 ἐξ
1874 4861 1966 4913 ἀέ-

395 4950 569 5020 ρος,ῆ
615 4951 809 5021 πυρὸς,
854 4951 886 5019 ἥ
923 4951 983 5015 ἐξ
1028 4952 1316 5003 ὁποιασοῦν
1358 4953 1535 5014 αἰτίας
1566 4952 1965 5023 ἐπιγινόμεναι,

391 5044 472 5104 εἰς
520 5043 612 5095 τὸν
657 5042 768 5095 τῶν
818 5042 1259 5113 ὑπολειπομένων
1295 5043 1671 5115 σωφρονισμὸν
1709 5045 1967 5113 γίνονται,

382 5131 491 5203 τὴν
530 5132 807 5205 πάνδημον
840 5134 1103 5204 πονηρίαν
1148 5135 1431 5204 δημοσίαις
1469 5136 1686 5206 μάστιξι
1722 5136 1814 5187 τοῦ
1836 5136 1969 5189 Θεοῦ

398 5224 840 5294 σωφρονίζοπηος.
880 5226 954 5279 Τὺ
989 5227 1087 5294 μὲν
1113 5222 1204 5279 οὖν
1240 5228 1443 5297 κυρίως
1464 5229 1631 5282 κακὸν
1653 5231 1684 5297 ή
1710 5228 1970 5296 ἁμαρτία,

395 5317 530 5387 ὅπερ
556 5316 791 5389 μάλιστά
814 5319 932 5371 ἐστι
964 5319 1061 5388 τῆς
1082 5319 1176 5371 τοῦ
1201 5319 1371 5371 κακοῦ
1404 5320 1773 5392 προσηγορίας
1800 5319 1975 5386 ἄξιον,

2069 4588 2139 4640 At
2160 4601 2290 4640 vero
2311 4584 2528 4638 urbium
2556 4584 2788 4645 excidia,
2818 4592 2974 4637 terra?
3008 4590 3209 4645 motus,
3234 4579 3634 4641 inundationes.

2068 4677 2411 4733 exercituum
2439 4676 2644 4739 clades,
2674 4674 2955 4745 naufragia
3002 4684 3054 4729 et
3114 4673 3292 4742 quivis
3339 4670 3635 4723 multorum

2069 4768 2354 4823 hominum
2386 4768 2664 4831 interitus,
2697 4768 2811 4822 sive
2857 4783 2923 4822 ex
2959 4773 3125 4829 terra,
3183 4764 3297 4818 sive
3341 4776 3412 4815 ex
3473 4760 3634 4825 mari,

2070 4860 2186 4916 sive
2222 4877 2289 4917 ex
2348 4874 2497 4923 aere,
2553 4868 2649 4914 aut
2703 4859 2847 4929 igne,
2898 4866 2993 4913 aut
3040 4873 3103 4911 ex
3152 4868 3503 4925 quacunque-
3533 4852 3638 4906 alia

2071 4967 2240 5006 causa
2303 4951 2609 5021 proveniat,
2649 4950 2765 5005 haec
2821 4950 2888 5003 ad
2931 4947 3288 5018 superstitum
3328 4944 3640 5013 castigatio-

2071 5058 2196 5098 nem
2228 5044 2771 5112 emendationemque
2795 5043 3156 5109 contingunt;
3196 5037 3307 5093 Deo
3339 5035 3639 5107 nequitiam

2073 5138 2347 5208 publicam
2380 5136 2613 5207 publicis
2647 5135 2831 5206 flagris
2857 5134 3178 5203 castigante.
3230 5129 3432 5185 Malum
3476 5129 3640 5199 igitur

2074 5227 2220 5298 quod
2256 5228 2475 5297 proprie
2510 5227 2735 5289 dicitur,
2769 5232 3052 5294 peccatum
3083 5222 3357 5285 videlicet,
3387 5221 3641 5291 quodque

2076 5319 2313 5373 maxime
2341 5318 2469 5372 mali
2504 5316 2725 5371 nomine
2760 5314 2981 5386 dignum
3031 5321 3133 5376 est,
3187 5309 3385 5381 pendet
3422 5325 3487 5363 ex
3537 5322 3638 5363 no.-

468 5469 514 5503 ⁸³
550 5469 591 5525 ll
623 5470 750 5527 Cor.
788 5488 864 5539 tv,
932 5470 1020 5526 16.
1096 5471 1142 5503 ⁸⁸
1180 5474 1339 5527 Prov.
1377 5488 1544 5535 χχιιι,
1581 5472 1668 5526 14.
1746 5472 1790 5504 ⁸⁸
1827 5471 1982 5527 Deut.
2022 5488 2117 5525 vui
2141 5512 2153 5533 ,
2190 5472 2242 5524 5.

471 5627 579 5693 (49)
607 5628 749 5684 Editi
780 5628 985 5684 αὐτῶν.
1017 5630 1083 5682 At
1116 5630 1268 5683 mttlti
1304 5646 1435 5685 mss.
1471 5630 1697 5683 ἑαυτῶν.

468 5693 561 5768 (50
609 5699 761 5757 Colb.
789 5700 990 5755 tertius
1017 5700 1171 5753 ἄλλον
1203 5699 1301 5769 ζῇν
1329 5702 1487 5752 ποιεῖ.

470 5698 581 5843 (Si;
608 5769 758 5827 Unus
792 5776 888 5824 aut
928 5770 1069 5823 alter
1113 5785 1219 5824 ms.
1266 5780 1320 5823 et
1365 5770 1487 5824 editi

470 5767 578 5837 (51)
608 5769 758 5827 Unus
792 5776 888 5824 aut
928 5770 1069 5823 alter
1113 5785 1219 5824 ms.
1243 5767 1320 5823 "et
1365 5770 1493 5824 editi
1524 5769 1736 5823 ἀδικίαν
1776 5767 1956 5823 ἱστῶν.

2071 5630 2173 5684 Alii
2217 5640 2452 5695 quatuor
2500 5629 2771 5692 ἱστῶντος.
2818 5624 3021 5684 ibidem
3064 5641 3173 5680 auo
3206 5639 3337 5678 mss.
3373 5616 3640 5675 Combeli-

2069 5700 2209 5757 siani
2240 5700 2406 5771 ἑρκίῳ
2439 5700 2561 5751 τινί.
