4052 6214
383 325 487 383 339

1737 319 1794 375 S.
1837 317 2078 373 BASILII
2118 316 2330 372 MAGNI

3530 310 3635 366 540

379 449 498 502 ειη
528 439 842 506 voluntate;
887 451 1012 492 cum
1038 451 1203 507 penes
1241 452 1343 492 nos
1379 437 1451 492 sit
1481 434 1893 498 aut_abstinere
1927 449 1957 486 a

2068 437 2125 488 ὲκ
2178 435 2278 504 τῆς
2329 432 2604 505 ἡμετέρας
2656 431 3028 505 προαιρέσεως
3066 430 3336 502 ἢρτηται,
3384 427 3469 496 ἐφ’
3511 429 3643 499 ἡμῖν

379 536 553 596 malo,
577 541 672 587 aut
703 532 846 586 mala
875 540 1218 600 perpetrare.
1245 528 1476 598 Reliqua
1521 541 1674 592 vero,
1712 526 1788 580 uti
1834 535 1962 580 sunt

380 625 710 688 certamina,
776 623 976 692 partim
1021 621 1090 675 ad
1139 619 1511 674 fortitudinem
1569 617 1960 674 ostendendam

383 720 721 788 irrogantur,
778 716 930 772 velut
974 713 1112 769 Jobo
1161 714 1456 768 liberorum
1511 713 1765 786 privatio,
1819 710 1961 765 divis

382 813 581 866 tiarum
621 809 870 863 omnium
908 807 964 862 in
1000 823 1110 862 uno
1159 807 1425 876 temporis
1476 813 1754 860 momento
1791 804 1960 859 amis-

382 903 488 964 sio,
546 901 706 972 plaga
758 900 1009 955 ulceris:
1048 901 1250 970 partim
1304 909 1563 969 tanquam
1611 906 1962 968 peccatorum

381 991 616 1055 medela,
661 989 742 1044 uti
790 989 982 1044 Davidi
1031 989 1316 1061 turpitudo
1355 988 1552 1043 domus
1602 997 1656 1043 et
1699 987 1959 1050 dedecus,

382 1083 633 1138 scelesta:
681 1081 1001 1151 cupiditatis
1037 1096 1227 1151 paenas
1260 1081 1364 1150 77
1421 1081 1594 1135 danti.
1643 1080 1722 1135 Ac
1764 1095 1960 1135 rursus

381 1175 639 1230 novimus
661 1174 811 1228 aliud
851 1173 1125 1245 quoddam
1164 1173 1433 1226 malorum
1471 1171 1818 1226 horribilium
1869 1185 1962 1240 ge-

382 1285 490 1324 nus
532 1283 563 1322 a
598 1269 752 1338 justo
780 1267 879 1324 Dei
915 1267 1128 1338 judicio
1182 1267 1390 1331 induci,
1426 1284 1536 1338 quo
1568 1267 1961 1322 moderatiores

382 1360 766 1430 cautioresque
812 1359 1004 1416 reddat
1032 1373 1151 1423 eos,
1183 1359 1277 1428 qui
1315 1358 1510 1413 lubrici
1564 1366 1694 1413 sunt
1741 1367 1793 1412 et
1834 1372 1962 1428 pro-

382 1452 555 1506 clives
611 1452 680 1506 ad
713 1463 1024 1521 peccatum,
1080 1458 1139 1504 ut
1181 1467 1305 1506 cum
1360 1451 1571 1505 Dathan
1605 1459 1659 1506 et
1687 1450 1893 1506 Abiron
1930 1466 1960 1504 a

383 1549 532 1596 terra
565 1541 810 1612 absorpti
837 1550 987 1604 sunt,
1019 1541 1294 1597 barathris
1325 1541 1676 1613 hiatibusque
1705 1549 1864 1597 terra:
1892 1541 1960 1596 ad

383 1646 481 1686 eos
528 1632 883 1702 excipiendos
932 1634 1137 1703 apertis
1166 1635 1232 1690 ⁸⁸.
1279 1633 1376 1688 Hic
1436 1635 1584 1689 enim
1638 1635 1744 1704 ipsi
1789 1633 1961 1688 nihilo

383 1721 645 1778 meliores
687 1723 790 1778 hoc
840 1725 1092 1795 supplicii
1153 1741 1353 1796 genere
1393 1725 1568 1781 effecti
1605 1735 1735 1782 sunt
1781 1725 1960 1796 (quo—

2065 528 2216 589 ὖντος
2268 525 2302 596 ἢ
2345 524 2640 594 ἀπέχεσθαι
2674 524 2774 594 τῆς
2817 525 3104 596 πονηρίας,
3138 524 3172 594 ἢ
3209 521 3500 592 μοχθηροῖς
3529 521 3642 593 (52)

2065 616 2232 673 εἷναιί·
2268 617 2377 671 τῶν
2427 617 2485 671 δὲ
2541 616 2743 670 λοιπῶν
2793 618 2862 670 τά
2909 617 3006 686 μὲν
3059 616 3135 679 ὡς
3181 613 3540 684 ἀγωνίσματα
3565 615 3646 676 εἰς

2064 709 2321 776 ἐπίδειξιν
2363 711 2614 781 ἀνδρείας
2662 710 3054 782 προϐάλλεται,
3081 709 3158 772 ὡς
3197 707 3275 778 τῷ
3315 705 3435 761 ’1ὼό
3478 705 3647 777 ἡτῶν

2064 804 2268 857 παίδων
2300 803 2556 875 στέρησις
2580 843 2594 866 ,
2623 803 2653 855 6
2683 801 2776 856 τοῦ
2813 801 3046 855 πλούτου
3085 801 3284 863 παντὸς
3307 802 3365 853 ὲν
3395 800 3492 871 μιᾷ
3524 816 3648 851 και-

2066 897 2160 966 ροῦ
2189 899 2327 967 ῥοπῇ
2355 895 2684 966 ἁφανισμὸς,
2709 897 2742 966 ἡ
2775 894 2864 948 διὰ
2891 894 2986 949 τοῦ
3019 893 3210 958 ἕλκους
3256 893 3460 964 πληγή·
3497 891 3564 945 τὰ
3590 891 3648 944 δὲ

2062 986 2138 1051 ὡς
2193 986 2458 1060 θεραπεία
2496 986 2604 1038 τῶν
2653 986 3094 1058 ἡμαρτημένων,
3142 985 3220 1050 ὡς
3280 984 3358 1056 τῷ
3410 983 3576 1037 Δαϐὶδ
3609 985 3644 1053 ἠ

2063 1079 2194 1150 περὶ
2223 1079 2315 1133 τὸν
2341 1076 2490 1133 οἷκον
2527 1078 2781 1151 αἰσχύνη,
2812 1081 3130 1152 παρανόμου
3162 1076 3455 1149 ἐπιθυμίας
3491 1076 3648 1140 δίκας

2062 1171 2427 1228 ἀποτιννύντι.
2458 1172 2570 1226 Καὶ
2603 1171 2765 1226 πάλιν
2799 1173 3207 1242 κατενοήσαμεν
3241 1169 3370 1223 ἄλλο
3413 1185 3468 1221 τι
3509 1164 3648 1230 εἶδος

2060 1267 2170 1322 τῶν
2221 1266 2469 1340 φοϐερῶν
2512 1266 2664 1340 παρά
2712 1267 2812 1338 τῆς
2859 1266 3074 1330 δικαίας
3107 1265 3200 1319 τοῦ
3239 1265 3373 1318 Θεοῦ
3415 1264 3650 1336 κρίσεως

2061 1361 2540 1431 έπαγόμενον,ὲπ“ι
2573 1359 2673 1430 τῷ
2732 1358 3204 1430 σωφρονεστέρους
3253 1359 3474 1428 ποιῆσαι
3522 1355 3651 1417 τοὺς

2062 1452 2200 1524 πρὸς
2225 1453 2503 1524 ἁμαρτίαν
2539 1451 2954 1522 εὐολισθήτους·
2987 1450 3063 1513 ὡς
3091 1450 3119 1501 6
3154 1448 3325 1503 Δαθάν
3359 1447 3452 1501 καὶ
3475 1445 3651 1499 Ἀϐει-

2063 1547 2173 1621 ρὼν
2207 1548 2312 1601 ὑπὸ
2333 1549 2433 1618 τῆς
2459 1548 2564 1618 γῆς
2587 1546 2992 1618 κατεπόθησαν,
3029 1545 3318 1618 βαράθρων
3344 1546 3526 1608 αὐτοῖς
3557 1544 3652 1597 καὶ

2039 1638 2356 1710 χασμάτων
2406 1638 2848 1710 ὑπορραγέντων.
2898 1635 3166 1690 Ἐνταῦθα
3203 1635 3312 1706 γὰρ
3357 1635 3458 1688 οὐκ
3498 1633 3652 1687 αὐτοί

2060 1746 2114 1782 τι
2161 1729 2239 1800 τῷ
2279 1729 2505 1800 τοιούτῳ
2543 1731 2730 1804 τρόπῳ
2765 1730 2863 1799 τῆς
2905 1728 3180 1791 κολάσεως
3216 1726 3458 1798 βελτίους
3495 1725 3655 1794 γεγό-

386 1815 550 1870 modo
585 1817 752 1880 enim,
790 1833 912 1872 cum
939 1820 992 1872 in
1034 1819 1305 1874 infernum
1351 1819 1830 1889 descenderint?),
1865 1818 1960 1874 sed

2068 1839 2185 1875 νασι
2233 1823 2372 1892 (πῶς
2401 1822 2510 1892 γὰρ
2548 1823 2598 1875 οἱ
2639 1821 2975 1885 καταϐάντες
3002 1819 3113 1892 (55)
3154 1823 3234 1884 εἰς
3274 1819 3483 1891 ᾂδου;),
3520 1818 3656 1872 ἀλλά

386 1916 567 1962 tamen
591 1909 832 1978 reliquos
861 1911 1109 1980 exemp-lo
1135 1925 1235 1964 suo
1255 1911 1635 1979 prudentiores
1656 1912 1962 1966 cautiores-

386 2015 494 2069 que
524 2000 831 2056 reddidere.
867 2000 956 2056 Sic
995 2010 1047 2056 et
1075 2001 1286 2057 Pharao
1314 2019 1437 2058 cum
1483 2011 1600 2058 toto
1631 2005 1872 2059 exercitu
1906 2003 1962 2056 in

385 2092 527 2144 mari
574 2092 894 2149 submersus
942 2104 1028 2149 est
1073 2095 1142 2148 ⁸⁷.
1195 2095 1286 2150 Sic
1317 2097 1666 2151 exterminati
1710 2105 1838 2152 sunt
1868 2097 1962 2166 qui

385 2181 731 2240 Palaestinam
762 2187 970 2256 pridem
1001 2187 1346 2243 habitabant.
1369 2179 1786 2253 Quare‘etiamsi
1813 2187 1961 2257 Apo-

385 2276 563 2333 stolus
601 2277 748 2332 dicat
787 2278 1102 2348 aliquando,
1152 2277 1292 2336 Vasa
1331 2281 1429 2335 irte
1467 2290 1652 2349 aptata
1705 2281 1759 2334 in
1795 2281 1963 2335 inter-

384 2369 518 2422 itum
545 2369 614 2435 ⁸⁸,
642 2371 784 2425 absit
804 2378 981 2427 tamen
1014 2380 1073 2425 ut
1115 2387 1255 2442 opus
1292 2373 1564 2442 quoddam
1598 2373 1798 2427 malum
1826 2371 1964 2426 Pha-

384 2474 608 2516 raonem
648 2477 771 2518 esse
801 2464 1175 2518 exiStimemus
1219 2464 1338 2534 (ita
1393 2464 1538 2519 enim
1578 2465 1736 2535 culpa
1767 2465 1965 2535 potiori

381 2552 506 2621 jure
535 2556 930 2613 transferretur
949 2559 1003 2612 in
1031 2558 1279 2628 opiﬁcem
1310 2566 1350 2628 );
1382 2576 1570 2614 verum
1600 2560 1690 2614 ubi
1723 2560 1966 2617 audieris

396 2645 558 2711 Vasa,
619 2648 860 2720 intellige
916 2665 1362 2720 unumquemque
1393 2660 1640 2707 nostrum
1691 2652 1860 2706 fuisse
1898 2650 1966 2704 ad

385 2739 666 2810 quidpiam
706 2743 839 2796 utile
879 2742 1185 2798 conditum.
1219 2742 1285 2796 Et
1333 2751 1391 2797 ut
1422 2745 1478 2798 iu
1527 2759 1724 2814 magna
1780 2743 1965 2807 domo,

383 2830 532 2884 aliud
575 2847 672 2887 vas
717 2841 802 2888 est
830 2849 1077 2899 aureum,
1111 2834 1257 2889 aliud
1300 2844 1640 2906 argenteum,
1687 2836 1834 2891 aliud
1887 2842 1970 2890 te-

384 2931 653 2988 staceum,
710 2927 858 2980 aliud
911 2926 1149 2996 ligneum
1185 2927 1230 2958 ⁸⁵
1295 2926 1501 2998 (habet
1560 2935 1739 2982 autem
1787 2927 1973 2982 unius-

383 3016 653 3085 cujusque
682 3017 912 3073 liberum
947 3019 1236 3074 arbitrium
1267 3021 1464 3074 harum
1498 3021 1855 3075 materiarum
1893 3021 1968 3075 si-

385 3108 783 3178 militudinem;
836 3120 890 3165 et
928 3126 1154 3166 aureum
1185 3113 1406 3180 quidem
1457 3127 1555 3168 vas
1605 3123 1689 3168 est
1725 3112 1831 3176 his,
1878 3113 1970 3182 qui

2063 1916 2192 1979 τοὺς
2239 1915 2461 1978 λοιποὺς
2512 1915 2987 1986 σωφρονεστέρους
3038 1913 3116 1986 τῷ
3173 1913 3529 1983 ὑποδείγματι
3564 1927 3656 1964 πε-

2065 2010 2378 2079 ποιήκασιν.
2419 2008 2575 2061 Οὕτω
2606 2009 2700 2061 καί
2727 2005 2928 2076 Φαραὼ
2959 2004 3354 2074 κατεποντίσθη
3377 2019 3654 2074 πανστρα-

2062 2103 2174 2173 τιᾷ.
2195 2100 2384 2164 Οὕτως
2401 2099 2758 2172 έξετρίϐησαν
2786 2101 2836 2153 οἱ
2868 2096 3312 2171 προενοικοῦντες
3337 2095 3435 2167 τὴν
3457 2095 3657 2149 Παλαι-

2065 2197 2270 2267 στίνην.
2313 2195 2497 2259 Ὥστε,
2542 2193 2646 2248 κᾶν
2693 2194 2830 2267 λέγῃ
2860 2194 2992 2248 ποτὲ
3015 2197 3044 2248 6
3080 2191 3424 2256 Ἀπόστολος,
3455 2191 3652 2256 Σκεύη

2065 2286 2251 2356 ὀργῆς
2291 2282 2731 2354 κατηρτισμένα
2759 2283 2870 2356 (54)
2896 2285 2984 2349 εὶς
3017 2282 3340 2346 ἀπώλειαν,
3374 2280 3449 2352 μὴ
3483 2295 3655 2334 κατα-

2067 2380 2270 2450 σκευήν
2315 2394 2436 2431 τινα
2486 2375 2731 2445 πονηρὰν
2793 2374 3068 2448 οἰηθῶμεν
3118 2369 3256 2428 εἶναι
3311 2372 3406 2425 τοῦ
3451 2371 3654 2441 Φαραὼ

2067 2471 2230 2544 (οὕτω
2272 2471 2380 2542 γὰρ
2429 2470 2523 2522 ἐπὶ
2571 2467 2664 2522 τὸν
2705 2467 3193 2522 κατασκευάσαντα
3235 2464 3569 2534 δικαιότερον
3614 2464 3648 2532 ἡ

2066 2565 2213 2620 αἰτία
2265 2561 2763 2636 μετενεχθήσεται)·
2795 2561 2912 2614 ἀλλ’
2964 2562 3094 2613 ὅταν
3150 2557 3390 2630 ἀκούσῃς
3436 2555 3650 2621 σκεύη,

2067 2660 2292 2723 νόει,ὃτι
2319 2657 2456 2729 πρός
2480 2675 2533 2710 τι
2559 2658 2826 2727 χρήσιμον
2853 2653 2964 2725 (55)
2986 2654 3218 2714 ἕκαστος
3243 2649 3407 2722 ἡμῶν
3430 2646 3654 2716 πεποίη-

2069 2769 2180 2806 ται.
2214 2750 2327 2804 Καὶ
2357 2749 2548 2819 ὥσπερ
2580 2749 2735 2817 ὲν·τῇ
2766 2743 2978 2818 μεγάλῃ
3001 2743 3150 2812 οἰκίᾳ
3186 2741 3247 2794 τὸ
3279 2739 3378 2810 μέν
3405 2755 3488 2791 τοι
3521 2754 3653 2808 χρυ-

2071 2844 2198 2899 σοῦν
2223 2845 2339 2896 ἐστι
2386 2841 2602 2904 σκεῦος,
2634 2839 2696 2892 τὸ
2718 2839 2775 2891 δὲ
2810 2835 3106 2910 ἀργυροῦν,
3137 2835 3198 2888 τὸ
3225 2834 3283 2887 δὲ
3311 2831 3650 2904 όστράκινον,

2068 2934 2130 2988 τὺ
2151 2934 2208 2985 δὲ
2233 2933 2440 3000 ξύλινον
2465 2933 2585 3002 (τῆς
2613 2931 2984 3002 προαιρέσεως
3015 2927 3244 2981 ἑκάστου
3270 2925 3370 2997 τὴν
3395 2923 3531 2994 πρὸς
3555 2921 3655 2985 τὰς

2073 3027 2204 3090 ὔλας
2249 3026 2543 3097 ὁμοιότητα
2572 3022 2973 3096 παρεχομένης·
3001 3021 3093 3075 καὶ
3124 3017 3360 3091 χρυσοῦν
3395 3016 3492 3088 μὲν
3533 3015 3652 3067 ἔστι

2074 3116 2268 3179 σκεῦος
2307 3118 2334 3169 6
2384 3114 2622 3186 καθαρὸς
2658 3115 2748 3167 τὸν
2790 3114 2988 3185 τρόπον
3016 3111 3110 3165 καὶ
3142 3108 3344 3172 ἄδολοςσ
3378 3105 3655 3178 ἀργυροῦν

385 3201 543 3270 puris
596 3208 651 3256 et
703 3203 927 3258 minime
983 3203 1345 3261 fraudulentis
1400 3205 1644 3260 moribus
1705 3205 1964 3274 praeditus

2068 3209 2142 3273 δὲ,
2171 3210 2199 3261 ὁ
2225 3207 2614 3278 ὑποδεέστερος
2643 3205 2852 3258 ἐκείνου
2887 3203 3027 3257 κατὰ
3064 3203 3162 3272 τὴν
3187 3200 3363 3265 ἀξίαν·
3395 3196 3654 3269 ὀστράκι-

385 3300 504 3356 est;
539 3300 856 3363 argenteum
885 3311 1036 3362 vero,
1081 3298 1177 3368 qui
1222 3297 1416 3352 merito
1449 3313 1513 3351 ac
1566 3298 1829 3368 dignitate
1878 3299 1963 3352 in-

385 3382 557 3437 ferior
590 3384 684 3440 illo
713 3394 829 3454 est;
857 3394 1158 3444 testaceum
1191 3398 1397 3453 autem,
1430 3391 1522 3460 qui
1550 3398 1766 3446 terrena
1797 3390 1962 3460 sapit,

383 3483 440 3530 et
462 3483 548 3531 est
573 3477 803 3535 idoneus
825 3480 920 3549 qui
943 3490 1297 3548 conteratur;
1325 3484 1563 3554 ligneum
1588 3483 1844 3554 denique,
1871 3484 1964 3555 qui

385 3569 549 3627 facile
578 3581 805 3642 peccato
837 3575 1247 3645 coinquinatur,
1283 3587 1336 3632 et
1388 3578 1616 3632 materia
1671 3577 1730 3631 ﬁt
1762 3587 1967 3633 aeterno

386 3660 524 3733 igni)
556 3664 668 3720 :ita
691 3665 784 3720 irae
801 3681 899 3721 vas
929 3675 1034 3732 est,
1069 3669 1159 3737 qui
1187 3684 1404 3724 omnem
1431 3669 1632 3724 diaboli
1652 3678 1966 3740 suggestum

392 3755 570 3808 instar
594 3757 742 3811 vasis
771 3758 987 3829 recipit,
1018 3775 1119 3814 nec
1169 3767 1350 3830 potest
1393 3761 1628 3832 amplius
1682 3763 1754 3816 ob
1809 3777 1968 3816 acce-

392 3844 611 3901 dentem
647 3847 754 3903 sibi
803 3865 870 3905 ex
907 3853 1260 3926 corruptione
1314 3853 1543 3908 fetorem
1591 3853 1658 3906 ad
1691 3869 1852 3908 usum
1887 3854 1971 3908 ul-

391 3938 510 3991 lum
535 3939 807 4004 adhiberi,
837 3943 932 3998 sed
990 3943 1215 4000 interitu
1257 3946 1376 3999 solo
1428 3961 1493 4000 ac
1539 3946 1707 4001 exitio
1765 3947 1968 4017 dignus

385 4033 496 4085 est.
526 4025 895 4096 Quamobrem
927 4034 1185 4101 quoniam
1209 4035 1420 4088 conteri
1445 4034 1783 4091 Pharaonem
1807 4052 1968 4106 opor-

2065 3320 2155 3355 νον
2179 3301 2257 3366 δὲ,
2287 3302 2315 3353 6
2339 3299 2406 3353 τὰ
2429 3299 2593 3370 γήινα
2623 3296 2834 3369 φρονῶν
2861 3296 2955 3349 καὶ
2983 3295 3118 3367 πρὸς
3147 3291 3438 3363 συντριϐὴν
3463 3288 3655 3359 ἐπιτή-

2067 3395 2240 3458 δειοςο
2293 3393 2390 3446 καὶ
2429 3392 2657 3458 ξύλινον,
2716 3392 2744 3443 6
2805 3389 3043 3452 εὐκόλως
3097 3387 3185 3440 διὰ
3218 3385 3318 3455 τῆς
3378 3383 3653 3455 ἁμαρτίας

2070 3483 2422 3557 καταρρυπού
2432 3500 2590 3554 μενος
2607 3483 2700 3536 καὶ
2721 3481 2822 3552 ὕλη
2837 3481 3120 3552 γινόμενος
3138 3476 3218 3548 τῷ
3239 3475 3440 3544 αίωνίῳ
3461 3473 3614 3544 πυρὶ)
3633 3489 3650 3503 ο

2070 3576 2213 3630 οὕτω
2246 3577 2341 3630 καὶ
2381 3575 2551 3647 ὀργῆς
2603 3574 2818 3637 σκεῦος,
2842 3576 2870 3627 6
2920 3573 3101 3625 πᾶσαν
3136 3571 3234 3640 τὴν
3265 3567 3360 3621 τοῦ
3403 3565 3651 3620 διαϐόλου

2069 3670 2370 3739 ἐνέργειαν,
2405 3667 2592 3737 ὥσπερ
2609 3668 2860 3736 ἀγγεῖον,
2885 3666 3165 3737 χωρήσας,
3202 3663 3296 3715 καὶ
3323 3659 3411 3714 διὰ
3431 3659 3530 3730 τὴν
3558 3660 3652 3726 ὲγ-

2069 3761 2369 3832 γενομένην
2429 3759 2578 3830 αύτῷ
2633 3752 2698 3813 ἐκ
2752 3760 2852 3829 τῆς
2902 3757 3108 3829 φθορᾶς
3163 3753 3422 3808 δυσωδίαν
3469 3750 3654 3804 οὐκέτι

2069 3853 2300 3924 ἀχθῆναι
2320 3853 2455 3924 πρὸς
2476 3853 2669 3923 χρῆσιν
2693 3851 3006 3921 δυνάμενος,
3021 3848 3136 3903 ἀλλ’
3157 3842 3465 3915 ἀφανισμοῦ
3489 3843 3651 3912 μόνου

2071 3945 2164 3998 καὶ
2203 3943 2494 4006 ἀπωλείας·
2506 3943 2674 4009 ἄξιος.
2700 3943 2918 4013 Διόπερ,
2947 3939 3135 4009 ἐπειδὴ
3165 3937 3270 3990 ἔδει
3304 3933 3652 4004 συντριϐῆναι

2070 4039 2254 4102 αὑτὸν,
2269 4039 2297 4090 ὁ
2322 4039 2585 4110 φρόνιμος
2614 4038 2707 4090 καὶ
2728 4034 2890 4106 σοφὸς
2912 4035 3019 4089 τῶν
3035 4030 3220 4103 ψυχῶν
3235 4028 3516 4099 οἰκονόμος
3538 4026 3651 4095 (56)

465 4183 512 4216 “
551 4183 710 4242 Num.
750 4203 874 4250 xvt,
910 4187 1006 4245 51..
1074 4188 1122 4220 ⁸⁷
1163 4187 1334 4245 Exod.
1369 4207 1479 4255 xw,
1514 4190 1603 4247 28.
1681 4192 1728 4224 ⁸⁸
1765 4191 1923 4247 Rom.
1957 4209 1965 4247 ι

2075 4193 2164 4248 22.
2242 4194 2298 4226 ⁸⁹·
2325 4193 2367 4247 ll
2399 4193 2539 4248 Tim.
2581 4209 2654 4259 ιι,
2688 4193 2780 4248 20.

471 4352 582 4422 (52)
615 4352 796 4428 codex
829 4353 1000 4428 Coisl,
1033 4362 1087 4410 et
1109 4354 1219 4428 duo
1246 4354 1546 4428 Colbertinﬁi
1579 4357 1611 4426 ἢ
1644 4357 1968 4428 μοχθηρούς.

2081 4358 2384 4426 aperiretur
2423 4354 2714 4426 inciderit;
2763 4362 2938 4426 atque
2971 4353 3027 4426 in
3079 4366 3144 4406 eo
3192 4349 3335 4403 libro
3385 4355 3650 4426 scriptum

387 4418 1538 4520 “EE-}?E‘l‘1§.fffd“i.iiiztbffiiﬂﬂi’f‘
1586 4418 1970 4520 aeriam
2005 4466 2048 4520 1)
2079 4418 2310 4520 (ιίιίάθιη.
2339 4427 2511 4520 Fuisse
2557 4418 2782 4507 ιοίὲἀετη
2832 4418 3070 4520 έγ¹¹³ίί³
3097 4418 3430 4520 σξξξίὶανὶῗῗ
3466 4420 3652 4520 ila-‘5."

388 4494 514 4582 esse
545 4509 641 4565 per
670 4494 921 4564 ﬁguram,
973 4494 1137 4564 quam
1178 4494 1520 4566 grammatici
1567 4494 1767 4552 vocant
1798 4506 1970 4553 attra-

390 4581 628 4625 ctronem
641 4606 653 4619 .

487 4637 585 4702 53)-
611 4634 836 4704 Antiqui
861 4634 972 4688 duo
1001 4635 1125 4691 libri
1163 4637 1602 4701 καταϐαίνοντες.

487 4701 578 4776 54)
605 4701 952 4761 [Ιηιιεόοιίοιι
974 4706 1650 4779 (Ζοηιὺθίηκαταρτισμένα
1670 4726 1682 4740 °
1703 4710 1798 4766 sed
1823 4717 1972 4765 certe

391 4777 554 4860 culpa
576 4785 666 4860 est
699 4790 1013 4860 operarum,
1048 4777 1493 4860 nop"viri_do’cti,
1517 4777 1617 4848 'qui
1656 4780 1775 4860 s_i_n_e
1806 4781 1972 4860 dubio

392 4845 617 4918 scripsit
654 4846 1086 4918 κατηρτισμένα.
1123 4845 1194 4918 U_t
1222 4855 1282 4902 ut
1307 4848 1422 4902 haec
1451 4845 1598 4911 sun—t,
1623 4851 1754 4905 editi
1783 4859 1837 4905 et
1865 4849 1970 4905 Re-

394 4923 467 4991 gii
496 4916 608 4974 t‘res
641 4933 775 4971 mss.
805 4916 865 4992 et
887 4916 1115 4992 totidem
1148 4916 1449 4992 Cplbgrtini
1482 4919 1680 4992 habent
1715 4938 1974 4992 κατηρτυ-

397 4987 596 5061 ξτμένα,
635 4987 926 5061 ηορῃιιΙίιοτ
966 4987 1165 5061 legitur
1197 4987 1540 5061 inAVulgata.
1573 4989 1677 5055 Qui
1715 4987 1874 5046 locus
1897 4992 1972 5044 ita

392 5057 586 5115 Latine
626 5057 776 5112 reddi
821 5057 1039 5126 potest,
1073 5057 1216 5111 Vasa
1251 5059 1345 5112 ira:
1377 5069 1562 5128 aptata
1591 5063 1645 5113 in
1677 5063 1966 5115 interitum.

392 5130 496 5184 llic
533 5129 731 5200 mirum
782 5128 954 5182 videri
1002 5137 1209 5198 potest,
1257 5129 1315 5181 in
1357 5127 1591 5199 Vulgata
1637 5131 1828 5185 Latina
1867 5146 1971 5200 pro

396 5209 584 5268 aptata
603 5199 708 5265 legi
740 5207 888 5266 apta,
907 5213 1031 5252 cum
1050 5213 1212 5254 nemo
1238 5213 1347 5254 non
1375 5201 1557 5254 videat
1578 5203 1808 5257 verbum
1839 5199 1972 5254 κατ-

363 5275 365 5279 ’
394 5267 705 5341 αρτίζεσθαι
723 5284 859 5341 voce
871 5269 1002 5341 _h_ac_
1022 5280 1147 5337 apta
1171 5269 1403 5341 exprimi
1426 5271 1578 5324 nullo
1599 5271 1762 5325 modo
1785 5286 1966 5341 posse.

396 5339 505 5395 Sed
541 5339 702 5393 facile
733 5339 1064 5392 crediderim
1094 5339 1349 5394 mendum
1386 5355 1508 5395 esse
1539 5339 1971 5408 alicujus‘libra-

394 5412 485 5475 rii,
515 5410 632 5482 qui,
663 5423 787 5462 cum
825 5410 1113 5482 scriberet,
1156 5409 1227 5482 ob
1255 5410 1447 5482 oculos
1479 5411 1713 5467 habebat
1745 5411 1976 5482 aliquod.

394 5479 698 5548 exemplar,
739 5479 883 5548 quod
920 5479 1206 5552 commode
1233 5481 1433 5552 aperiri
1470 5498 1580 5536 non
1612 5479 1855 5552 poterat,
1888 5483 1968 5538 sic

394 5559 457 5605 ut
485 5552 754 5623 cujusque
779 5566 972 5623 versus
1000 5549 1204 5623 ultimae
1235 5551 1429 5607 litterae
1458 5553 1550 5606 vix
1580 5549 1968 5623 conspiceren-

391 5628 507 5694 t_ur.
543 5621 827 5694 Ejusmodi
878 5629 1059 5694 autem
1118 5619 1295 5694 libros
1341 5639 1482 5692 smpe
1516 5619 1750 5694 inveniri
1782 5624 1966 5694 quoti-

395 5692 555 5746 diana
588 5688 943 5761 experientia
979 5692 1157 5761 docet.
1192 5688 1330 5745 Puto
1366 5688 1529 5761 igitur
1570 5693 1774 5747 factum
1800 5688 1963 5755 'esse,

395 5773 452 5818 ut
484 5760 686 5835 aliquis
713 5762 975 5817 librarius
1009 5760 1060 5814 in
1093 5760 1366 5828 ejusmodi
1393 5760 1594 5820 librum
1627 5765 1722 5834 qui
1750 5763 1966 5820 diﬂicile

2077 4489 2226 4562 men,
2255 4506 2314 4550 ut
2337 4498 2391 4550 in
2426 4497 2532 4552 fine
2559 4497 2725 4550 unius
2751 4489 2948 4550 versus
2980 4495 3254 4564 legeretur
3295 4499 3458 4564 apta,
3491 4489 3652 4564 initio

2074 4585 2208 4623 vero
2233 4568 2461 4622 alterius
2488 4567 2752 4635 scriptum
2781 4573 2928 4621 esset
2956 4561 3142 4618 tafEx
3174 4576 3284 4635 quo
3311 4561 3562 4630 contigit,
3591 4570 3653 4615 ut

2074 4638 2354 4702 librarius,
2405 4640 2498 4707 qui
2537 4633 2770 4707 mediam
2821 4635 3083 4707 syllabam
3133 4642 3187 4686 ta
3226 4633 3298 4686 ob
3319 4646 3454 4707 eam
3484 4647 3649 4707 quam

2074 4709 2185 4764 dixi
2219 4703 2440 4762 causam
2472 4721 2581 4761 non
2617 4703 2865 4771 videret,
2890 4713 3015 4774 apta
3057 4703 3370 4774 necessario
3409 4704 3651 4774 scripse-

2075 4780 2169 4833 rit.
2201 4779 2376 4846 Quam
2412 4786 2593 4832 autem
2633 4776 2794 4831 facile
2836 4772 2932 4839 sit,
2961 4790 3226 4834 errorem,
3260 4772 3360 4846 qui
3393 4772 3559 4846 semel
3594 4773 3650 4826 in

2075 4843 2246 4904 unum
2269 4849 2470 4918 librum
2495 4848 2800 4916 irrepserit,
2830 4847 2885 4899 in
2907 4847 3046 4918 alios
3066 4843 3650 4918 permultostransire,

2074 4927 2264 4974 notum
2296 4931 2398 4973 est.
2438 4917 2558 4972 Duo
2607 4913 2788 4970 autem
2832 4933 2920 4972 me
2942 4913 3244 4970 'moverunt
3280 4915 3346 4969 ad
3377 4913 3432 4967 id
3467 4913 3650 4982 suspi-

2075 4989 2332 5045 candum.
2349 4987 2619 5049 Primum,
2653 4987 2800 5055 quod
2819 5003 2946 5051 vox,
2966 4993 3151 5054 aptata
3175 4983 3242 5039 ad
3263 4985 3489 5040 verbum
3514 5001 3647 5037 κατ-

2073 5057 2387 5131 αρτίζεσθαι
2423 5057 2839 5131 exprimendum
2887 5058 3126 5131 maxime
3169 5056 3362 5131 idonea
3391 5056 3483 5114 sit,
3507 5069 3646 5131 pum

2074 5123 2267 5185 contra
2301 5144 2403 5183 vox
2437 5123 2563 5197 apta
2595 5129 2812 5197 quidvis
2841 5128 3026 5197 potius
3059 5141 3222 5196 quam
3249 5125 3472 5197 verbum
3500 5123 3648 5178 Grae-

2074 5215 2199 5256 cum
2235 5195 2536 5268 exprimat;
2573 5195 3018 5267 alterum,'quod
3059 5195 3116 5251 in
3159 5195 3384 5268 optimis
3410 5203 3464 5248 et
3491 5203 3648 5268 vetu-

2072 5265 2334 5327 stissimis
2369 5271 2584 5325 duobus
2628 5269 2790 5323 libris
2820 5265 3046 5340 syllabis
3085 5267 3309 5340 totidem
3349 5274 3536 5340 aptata
3571 5265 3646 5340 le-

2073 5351 2266 5411 gatur:
2291 5356 2526 5411 quorum
2556 5341 2822 5411 librorum
2851 5333 2990 5411 alter
3018 5339 3074 5391 in
3100 5333 3428 5411 bibliothecis
3455 5333 3642 5411 Regia,

2072 5404 2211 5467 alter
2239 5404 2522 5466 in'nostra
2564 5409 2982 5480 diligentissime
3020 5416 3290 5480 servatur.
3327 5404 3558 5461 Monere
3579 5405 3648 5480 li-

2072 5483 2164 5537 bet
2202 5483 2483 5552 antiquam
2521 5477 2805 5551 Vulgatam
2838 5495 2904 5552 ei;
2933 5479 3150 5552 duobus
3183 5479 3271 5552 his
3315 5477 3658 5547 pervetustis,

2072 5549 2358 5608 codicibus
2384 5567 2414 5605 a
2444 5549 2650 5607 nostris
2683 5549 2995 5620 propediem
3025 5549 3293 5620 edendam
3323 5562 3480 5602 esse-

2142 5623 2254 5692 (55)
2289 5622 2424 5692 Reg.
2454 5623 2664 5693 primus
2685 5619 2826 5693 πρὶς
2849 5619 2914 5693 τὸ
2943 5619 3232 5693 χρήσιμον.

2143 5637 2254 5692 (55)
2290 5637 2424 5692 Reg.
2454 5637 2664 5693 primus
2691 5639 2732 5673 π
2769 5637 2826 5683 (ς
2853 5637 2914 5671 το
2943 5637 3232 5690 χρησιμον.

2143 5693 2254 5762 (56)
2284 5694 2438 5748 Colb.
2489 5693 2683 5745 tertius
2726 5637 2913 5758 ιῑυχῶν
2966 5690 3145 5761 ἰατρὸς
3197 5689 3288 5742 καὶ
3341 5688 3658 5762 οἰκονόμος,

2074 5758 2374 5822 animarum
2405 5764 2636 5818 medicus
2671 5772 2718 5816 et
2760 5769 2948 5816 rector.
3059 5758 3081 5765 ”’
3526 5758 3550 5764 “’
