4052 6214
327 328 424 386 ω

1115 333 1283 392 ΗΟΜ.
1328 336 1518 404 QUOD
1560 337 1743 396 DEUS
1779 340 1918 396 NON
1959 339 2407 396 E8T"AUCTOR
2449 338 2812 398 MALORUM.

3485 340 3592 396 342

328 447 652 538 διωκήσατο.
708 449 874 504 αὐτὸν
935 455 1208 524 περιφανῆ
1283 456 1534 524 γενέσθαι
1597 459 1692 512 καὶ
1753 461 1918 512 πᾶσιν

2038 460 2190 524 ebat,
2230 459 2474 530 prudens
2523 475 2587 513 ac
2621 461 2844 528 sapiens
2899 473 3204 512 animarum
3257 458 3594 538 gubernator

336 535 680 600 ἐξάκουστον,
719 540 808 592 ἵνα
858 540 1039 605 ἀλλοις
1088 544 1220 612 γοῦν
1262 545 1537 616 ὠφέλιμος
1566 548 1655 601 διὰ
1685 548 1780 601 τοῦ
1810 550 1917 603 πά-

339 629 462 691 θους
518 629 780 700 γένηται,
839 633 1027 706 ἐπειδὴ
1077 637 1236 700 αὑτὸς
1289 638 1394 690 ὑπὸ
1451 641 1552 710 τῆς
1612 642 1750 709 ἄγαν
1818 660 1919 696 κα-

339 721 462 786 κίας
506 723 722 786 ἀνίατος
756 721 846 796 ἦν.
906 727 1232 800 Ἐσκλήρυνε
1272 731 1329 782 δὲ
1369 731 1550 795 αὑτὸν,
1597 735 1662 803 τῇ
1714 751 1923 804 μακρο-

341 815 512 888 θυμίᾳ
541 817 634 870 καὶ
659 821 726 889 τῇ
758 819 859 890 τῆς
888 822 1157 892 τιμωρίας
1179 823 1412 895 ἀναϐολῇ
1441 825 1722 879 ἐπιτείνων
1755 827 1920 880 αὑτοῦ

341 908 439 979 τὴν
464 910 680 976 κακίαν,
699 911 808 977 ἵνα,
844 915 925 977 είς
956 914 1047 967 τὸν
1067 914 1291 985 ἔσχατον
1313 917 1438 987 ὅρον
1458 918 1571 988 (57)
1593 920 1920 992 αὐξηθείσης

343 1001 504 1055 αὑτοῦ
533 1002 635 1073 τῆς
678 1006 968 1076 πονηρίας,
1005 1006 1066 1059 τὸ
1094 1008 1297 1061 δίκαιον
1338 1013 1424 1063 ἐπ’
1456 1011 1603 1081 αὑτῷ
1638 1013 1736 1083 τῆς
1773 1013 1924 1077 Θείας

342 1094 577 1165 κρίσεως
618 1097 876 1170 διαφανῇ.
931 1100 1029 1153 Διά
1086 1102 1243 1155 τοῦτο
1282 1104 1390 1156 ἀπὸ
1422 1106 1762 1177 μικροτέρων
1789 1107 1924 1179 πλη-

340 1189 453 1256 γῶν
486 1189 574 1242 ἀεὶ
602 1192 918 1260 προστιθεὶς
946 1195 1040 1246 καὶ
1058 1195 1344 1248 ἐπιτείνων
1367 1196 1464 1260 τὰς
1501 1198 1790 1268 μάστιγας,
1823 1201 1923 1253 οὑκ

341 1280 613 1349 ἐμάλαξεν
640 1281 804 1334 αὑτοῦ
834 1283 894 1334 τὸ
925 1285 1318 1349 ἀνυπότακτον,
1340 1288 1454 1340 ἀλλ’
1477 1288 1730 1359 εὕρισκεν
1762 1293 1923 1345 αὑτὸν

341 1373 438 1425 καὶ
464 1374 563 1442 τῆς
589 1375 790 1444 ἀνοχῆς
825 1376 918 1428 τοῦ
968 1376 1102 1429 Θεοῦ
1164 1381 1628 1450 καταφρονοῦντα,
1671 1385 1764 1438 καὶ
1812 1390 1924 1452 τοῖς

340 1466 706 1535 ἐπαγομένοις
736 1467 882 1537 αὑτῷ
914 1468 1106 1532 δεινοῖς
1153 1471 1256 1522 ὑπὸ
1281 1471 1380 1541 τῆς
1422 1473 1708 1543 συνηθείας
1751 1477 1924 1547 ἐμμε-

341 1556 656 1626 λετήσαντα
684 1558 816 1628 (58).
851 1560 960 1612 Καὶ
991 1561 1109 1612 οὐδὲ
1145 1560 1315 1626 οὑτως
1343 1564 1504 1618 αὑτὸν
1534 1567 1817 1638 παρέδωκε
1845 1567 1924 1636 τῷ

343 1650 585 1720 θανάτῳ,
599 1651 705 1714 ἓως
722 1653 882 1716 αὑτὸς
899 1655 1090 1706 ἑαυτὸν
1102 1655 1352 1725 ἐποίησεν
1375 1659 1758 1732 ὑποᾶρὺχριον,
1772 1663 1830 1714 ὲν
1856 1664 1921 1731 τῇ

344 1741 700 1814 ὑπερηφανία
733 1747 831 1814 τῆς
862 1745 1088 1817 καρδίας
1107 1747 1268 1800 αὑτοῦ
1299 1748 1400 1817 τῆς
1429 1749 1538 1801 τῶν
1575 1750 1796 1804 δικαίων
1826 1770 1925 1805 πο-

346 1832 501 1900 ρείας
539 1835 978 1905 κατατολμήσας,
1010 1838 1101 1891 καὶ
1127 1841 1354 1909 νομίσας
1379 1841 1569 1914 ὥσπερ
1599 1843 1676 1914 τῷ
1702 1844 1815 1914 λαῷ
1833 1847 1925 1898 τοῦ
1956 1819 1998 1872 Β

343 1925 504 1989 Θεοῦ,
536 1926 681 1980 οὕτω
707 1931 802 1981 καὶ
833 1929 978 2000 αὐτῷ
1003 1930 1232 2002 βάσιμον
1278 1933 1498 1988 ἔσεσθαι
1523 1936 1621 2006 τὴν
1665 1939 1929 2010 Ἐρυθρὰν

345 2015 645 2070 θάλασσαν.
679 2016 862 2072 Ταῦτα
880 2019 944 2089 δὴ
973 2016 1065 2073 οὖν
1087 2020 1241 2085 εἰδὼς
1271 2023 1421 2094 παρὰ
1443 2025 1598 2090 Θεοῦ,
1632 2027 1721 2080 καὶ
1740 2026 1930 2100 διῃρη-

351 2107 490 2177 μένα
545 2109 684 2179 ἔχων
725 2112 874 2181 παρὰ
939 2113 1150 2184 σεαυτῷ
1211 2115 1303 2168 τοῦ
1339 2117 1509 2171 κακοῦ
1548 2119 1616 2172 τὰ
1661 2121 1796 2190 εἴδη,
1831 2124 1927 2175 καὶ

346 2199 503 2263 εἰδὼς
536 2201 589 2252 τί
624 2203 724 2271 μὲν
755 2204 812 2256 τὸ
836 2204 1006 2267 ὅντως
1039 2207 1227 2270 κακὸν,
1281 2209 1361 2262 ὃτι
1397 2213 1428 2279 ἡ
1467 2211 1733 2282 ἁμαρτία,
1769 2208 1835 2284 ἧς
1869 2215 1930 2266 τὸ

346 2291 501 2354 τέλος
517 2293 783 2346 ἀπῶλειω
815 2295 868 2346 τί
897 2295 953 2347 δὲ
982 2297 1042 2348 τὸ
1086 2299 1274 2352 δοκοῦν
1312 2302 1408 2368 μὲν
1435 2303 1602 2354 κακὸν
1629 2303 1717 2355 διὰ
1742 2304 1800 2356 τὸ
1821 2305 1928 2375 τῆς

349 2384 658 2454 αἰσθήσεως
685 2387 956 2454 ἀλγεινὸν,
991 2390 1194 2458 ἀγαθοῦ
1229 2392 1282 2444 δὲ
1304 2392 1532 2464 δύναμιν
1559 2395 1702 2466 ἕχον,
1743 2399 1819 2461 ὡς
1873 2402 1930 2451 αἱ

349 2474 625 2541 κακώσεις
659 2479 716 2531 αἱ
749 2478 887 2548 πρὸς
913 2481 1115 2552 ἐποχὴν
1149 2484 1244 2552 τῆς
1267 2486 1543 2555 ἁμαρτίας
1568 2489 1928 2559 ἐπαγόμεναι,

348 2561 424 2620 ῶν
451 2571 501 2620 οἱ
529 2571 732 2642 καρποὶ
768 2575 1011 2645 σωτηρία
1042 2575 1228 2645 ψυχῶν
1259 2577 1370 2648 (59)
1429 2579 1644 2645 αἰώνιος
1670 2600 1682 2612 ι
1722 2585 1931 2640 παῦσαι

347 2659 850 2733 δυσαρεστούμενος
895 2671 1018 2730 ταῖς
1067 2668 1236 2733 θείαις
1273 2673 1628 2741 οἰκονομίαις
1693 2675 1830 2738 ὅλως
1874 2677 1930 2730 δὲ

353 2753 489 2822 μήτε
515 2751 650 2805 Θεὸν
683 2752 856 2808 αἴτιον
888 2758 1022 2826 ἡγοῦ
1042 2759 1139 2828 τῆς
1157 2760 1442 2829 ὑπάρξεως
1461 2762 1552 2815 τοῦ
1579 2765 1772 2829 κακοῦ,
1794 2768 1931 2838 μήτε

354 2841 492 2896 ἰδίαν
535 2845 833 2900 ὑπόστασιν
887 2849 982 2901 τοῦ
1013 2853 1182 2905 κακοῦ
1216 2849 1355 2907 εἶναι
1396 2856 1688 2924 φαντάζου.
1722 2860 1796 2911 Oti
1827 2861 1934 2932 γάρ

352 2937 502 2989 ἔστιν
537 2937 806 3005 ὑφεστὼς,
837 2941 1027 3013 ὥσπερ
1055 2961 1120 2995 τι
1154 2944 1311 3009 ζῶον,
1344 2949 1376 3017 ἡ
1412 2951 1665 3020 πονηρία·
1689 2949 1811 3004 οὔτε
1845 2954 1934 3006 οὑ-

353 3030 478 3084 σίαν
510 3033 684 3103 αὐτῆς
709 3035 1074 3090 ὲνυπόστατον
1103 3043 1450 3112 παραστῆσαι
1479 3043 1691 3114 ἔχομεν.
1732 3048 1934 3119 Στέρη-

2019 553 2211 606 statuit
2230 568 2354 606 cum
2381 552 2646 606 illustrem
2679 552 2816 615 ﬁeri,
2859 561 2911 606 et
2941 550 3084 621 apud
3115 565 3303 606 omnes
3323 551 3592 606 celebrem

2020 651 2079 697 ut
2108 643 2412 697 infortunio
2438 657 2540 697 suo
2569 643 2800 713 reliquis
2823 642 3015 697 saltem
3052 642 3202 697 utilis
3251 623 3413 707 foret,
3465 658 3593 697 cum

2019 744 2166 792 esset
2198 736 2316 805 ipse
2341 736 2411 790 ob
2449 736 2674 789 nimiam
2713 735 2976 788 malitiam
3007 734 3344 789 insanabilis.
3373 733 3597 788 Indura-

2020 831 2098 882 vit
2135 836 2318 882 autem
2353 844 2499 889 eum,
2525 827 2814 882 tolerantia
2845 842 2906 881 ac
2937 841 3109 896 preme
3137 826 3396 881 dilatione
3439 827 3596 880 mali-

2020 923 2152 974 tiam
2185 920 2361 990 ipsius
2393 921 2690 988 adaugens,
2743 927 2802 972 ut
2848 919 3101 988 nequitia
3127 918 3261 987 .ejus
3302 917 3370 971 ad
3416 927 3596 973 extre-

2021 1027 2170 1066 mum
2227 1026 2401 1080 usque
2453 1010 2734 1065 cumulum
2811 1001 3105 1080 provecta,
3169 1009 3365 1078 judicii
3426 1008 3595 1062 divini

2021 1105 2249 1175 aequitas
2278 1105 2334 1157 in
2363 1118 2429 1157 eo
2459 1102 2759 1172 effulgeret.
2810 1101 2996 1171 quue
3045 1116 3076 1154 a
3125 1101 3432 1155 minoribus
3479 1100 3599 1170 pla-

2022 1199 2104 1268 gis
2145 1197 2301 1250 initio
2327 1196 2516 1257 ducto,
2541 1194 2754 1264 ﬂagella
2787 1208 3001 1262 semper
3029 1192 3241 1247 addens
3272 1206 3337 1245 ae
3366 1207 3596 1260 augens,

2023 1295 2424 1349 contumaciam
2457 1294 2576 1362 ejus
2607 1308 2716 1346 non
2761 1290 3027 1345 emollivit
3072 1289 3212 1344 :sed
3262 1288 3468 1342 invenit
3517 1287 3598 1357 ip-

2023 1402 2145 1441 sum
2194 1395 2248 1441 ct
2283 1386 2377 1441 Dei
2432 1385 2750 1456 patientiam
2797 1389 3262 1446 contemnentem,
3314 1389 3370 1434 et
3412 1379 3596 1442 talem,

2025 1479 2186 1548 cujus
2218 1486 2366 1534 esset
2388 1479 2605 1533 animus
2638 1477 2694 1529 in
2726 1475 2887 1530 malis
2919 1474 3021 1528 sibi
3048 1474 3225 1527 illatis.
3254 1486 3362 1541 pra:
3408 1485 3600 1526 assue-

2024 1573 2214 1627 tudine
2242 1571 2597 1626 exercitatus.
2632 1568 2698 1622 Et
2727 1584 2796 1622 ne
2828 1569 2909 1622 sic
2938 1565 3161 1635 quidem
3205 1580 3328 1619 eum
3377 1561 3602 1617 tradidit

2025 1662 2210 1724 morti,
2240 1661 2412 1715 donec
2443 1675 2502 1716 se
2543 1659 2666 1730 ipse
2689 1657 3005 1731 submersit,
3040 1655 3180 1708 viam
3207 1654 3484 1723 justorum
3513 1653 3601 1706 iu-

2026 1755 2176 1825 gredi
2226 1769 2395 1808 ausus
2437 1752 2636 1807 mentis
2681 1765 2794 1805 sua:
2844 1749 3124 1818 superbia,
3184 1756 3240 1801 et
3300 1755 3360 1800 ut
3399 1745 3602 1816 populo

2031 1851 2146 1914 Dei,
2199 1851 2275 1904 ita
2309 1849 2414 1905 sibi
2447 1863 2666 1918 quoque
2711 1862 2863 1902 mare
2891 1845 3138 1899 Rubrum
3179 1841 3424 1912 pervium
3487 1839 3606 1893 fore

2029 1932 2203 1998 ratus.
2236 1941 2362 1996 Haec
2395 1942 2559 2011 igitur
2605 1955 2634 1993 a
2657 1939 2766 1995 Deo
2796 1937 3044 1997 edoctus,
3077 1943 3133 1989 et
3162 1934 3422 1988 distincta
3459 1929 3605 2000 apud

2029 2037 2374 2106 temetipsum
2405 2033 2531 2088 mali
2574 2047 2770 2103 genera
2800 2031 3028 2093 habens,
3075 2027 3188 2098 78
3215 2040 3316 2080 nec
3345 2025 3605 2095 ignorans

2029 2129 2163 2199 quid
2194 2144 2322 2184 vere
2357 2127 2561 2180 malum
2604 2127 2698 2190 sit,
2724 2133 3009 2194 peccatum
3048 2121 3325 2182 videlicet,
3361 2118 3520 2184 cujus
3552 2115 3608 2169 ﬁ-

2030 2222 2116 2277 nis
2150 2220 2424 2281 interitus,
2469 2217 2599 2287 quid
2630 2231 2760 2271 vero
2803 2216 3004 2268 malum
3035 2213 3301 2267 duntaxat
3327 2222 3595 2278 apparens

2029 2314 2100 2367 ob
2155 2311 2449 2366 excitatum
2495 2310 2552 2362 in
2604 2307 2858 2362 sensibus
2917 2304 3184 2367 dolorem,
3237 2301 3348 2354 vim
3404 2297 3609 2366 alioqui

2031 2405 2161 2458 boni
2191 2403 2420 2466 habens,
2447 2402 2593 2455 velut
2619 2408 2748 2454 sunt
2775 2398 2992 2452 mulctae
3025 2403 3079 2450 et
3113 2392 3458 2448 incommoda
3484 2405 3608 2460 quae

2031 2496 2099 2550 ad
2129 2495 2433 2551 cohibenda
2466 2501 2685 2564 peccata
2731 2490 3060 2553 inferuntur,
3118 2501 3352 2557 quorum
3392 2485 3610 2539 fructus

2032 2589 2181 2644 salus
2225 2587 2528 2642 animarum
2567 2592 2790 2644 aeterna,
2836 2579 2922 2634 fac
2963 2578 3182 2634 desinas
3236 2575 3476 2645 regimen
3525 2571 3610 2626 di-

2031 2682 2218 2733 vinum
2270 2692 2412 2748 aegre
2459 2676 2621 2731 ferre.
2672 2673 2795 2728 Uno
2825 2671 3014 2734 verbo,
3047 2683 3223 2739 neque
3265 2665 3434 2720 Deum
3477 2662 3612 2718 sub-

2031 2772 2245 2828 stantia
2290 2770 2416 2824 mali
2472 2778 2749 2821 auctorem
2795 2779 2918 2819 esse
2986 2769 3144 2831 putes
3189 2778 3202 2813 :
3241 2771 3418 2827 neque
3480 2754 3611 2808 mali

2035 2865 2200 2916 ullam
2256 2876 2381 2916 esse
2437 2860 2714 2930 propriam
2773 2855 3184 2912 subsistentiam
3245 2849 3440 2918 ﬁngas.
3491 2844 3614 2900 Non

2035 2956 2180 3009 enim
2241 2953 2515 3014 subsistit,
2553 2951 2698 3006 velut
2741 2948 2940 3002 animal
2994 2944 3290 3016 quoddam,
3327 2939 3608 3011 pravitas:

2037 3063 2212 3117 neque
2244 3047 2392 3100 illius
2422 3044 2719 3100 essentiam
2769 3056 2896 3096 vere
2928 3039 3279 3094 exsistentem
3307 3046 3508 3104 ponere
3542 3032 3614 3084 ob

355 3143 438 3188 σις
461 3126 575 3218 γὰρ
601 3128 808 3195 ἀγαθοῦ
859 3133 975 3183 ἐστι
1004 3131 1066 3184 τὸ
1115 3135 1303 3187 κακόν.
1338 3136 1646 3207 Ὀςρθαλμὸς
1677 3140 1896 3211 ἐκτίσθη
1919 3157 1931 3169 ·

2038 3141 2228 3194 oculos
2283 3152 2594 3209 possumus.
2647 3133 2780 3186 Nam
2834 3132 2960 3186 boni
2993 3127 3224 3199 privatio
3274 3124 3477 3178 malum
3507 3129 3611 3175 est.

353 3217 628 3287 τυφλότης
641 3218 700 3270 δὲ
717 3223 784 3290 τῇ
803 3221 1048 3292 ἀπωλείᾳ
1063 3223 1166 3275 τῶν
1182 3223 1349 3292 ὀνρθαλ
1356 3226 1472 3294 μῶν
1489 3228 1780 3296 ἐπεγένετο
1801 3229 1932 3298 (60).

359 3310 546 3372 Ὥστε,
578 3313 628 3364 εί
663 3311 739 3382 μὴ
768 3307 834 3382 ἦν
865 3314 1111 3384 φθαρτῆς
1147 3315 1360 3384 φύσεως
1399 3320 1428 3370 ὁ
1483 3320 1780 3392 ὀφθαλμὸς,
1837 3324 1938 3374 οὑκ

357 3401 424 3454 ἂν
453 3401 616 3472 ἔσχεν
648 3404 681 3474 ἡ
709 3403 979 3474 τυφλότης
1009 3407 1382 3476 παρείσδυσιν.
1412 3407 1570 3462 Οὕτω
1597 3410 1692 3462 καὶ
1745 3410 1806 3462 τὸ
1841 3429 1939 3462 κα-

358 3495 453 3547 κὸν
480 3497 584 3548 οὐκ
621 3499 680 3549 ὲν
712 3497 819 3568 ίδίᾳ
854 3498 1083 3568 ὑπάρξει
1113 3500 1282 3561 ἐστὶν,
1312 3500 1448 3554 ἀλλά
1474 3506 1586 3564 τοῖς
1631 3504 1727 3572 τῆς
1763 3502 1939 3573 ψυχῆς

358 3587 696 3658 ⁸πηρώμιῑισιν
746 3589 1071 3658 ἐπιγίνεται.
1107 3591 1240 3643 Οὔτε
1296 3593 1404 3663 γὰρ
1466 3595 1758 3664 ἀγέννητον
1830 3596 1939 3664 (61)

358 3677 534 3738 ἔστιν,
593 3677 670 3740 ὼς
701 3677 860 3730 ὁτῶν
908 3679 1120 3732 ἀσεϐῶν
1183 3681 1361 3749 λόγος,
1417 3684 1678 3754 ὁμότιμον
1730 3685 1946 3737 ποιούν-

357 3786 468 3822 των
519 3773 587 3840 τῇ
639 3771 818 3843 ἀγαθῇ
873 3772 1034 3840 φύσει
1099 3774 1197 3844 τὴν
1253 3777 1517 3848 πονηρὰν,
1560 3776 1718 3848 εἴπερ
1764 3779 1944 3848 ἀμφό-

360 3878 496 3933 τερα
515 3863 728 3934 ἀναρχα
784 3867 878 3918 καὶ
946 3866 1213 3935 γενέσεώς
1267 3871 1414 3921 ἐστιν
1476 3869 1761 3941 ἀνώτεραο
1819 3871 1942 3925 οὔτε

363 3953 476 4024 μὴν
532 3955 811 4024 γεννητόν.
871 3956 935 4008 Εἰ
996 3955 1103 4027 γὰρ
1164 3959 1342 4012 πάντα
1395 3960 1460 4012 ἐκ
1515 3959 1608 4013 τοῦ
1627 3961 1784 4025 Θεοῦ,
1828 3961 1945 4025 πῶς

361 4046 450 4100 τὸ.
491 4049 666 4100 κακὸν
713 4050 777 4100 ἐκ
827 4049 921 4101 τοῦ
981 4050 1217 4118 ἀγαθοῦς
1267 4053 1401 4104 osse
1440 4052 1549 4124 γὰρ
1600 4055 1660 4106 τὸ
1719 4056 1944 4126 αἰσχρὸν

366 4139 479 4209 (62)
509 4140 619 4193 ἀπό
668 4142 760 4194 τοῦ
819 4142 1009 4210 καλοῦ,
1061 4143 1184 4197 οὔτε
1229 4145 1460 4216 ἡκακία
1509 4147 1617 4200 ἀπὸ
1673 4148 1774 4216 τῆς
1818 4149 1946 4220 ἀρε-

365 4234 487 4301 τῆς.
562 4232 858 4300 ’Δνάγνωθι
910 4235 1012 4304 τὴν
1075 4236 1460 4305 κοσμοποιίαν,
1515 4238 1608 4289 καὶ
1658 4238 1943 4308 εὑρήσεις,

368 4323 451 4375 ὅτι
479 4326 600 4376 ἐκεῖ
625 4324 830 4377 Πάντα
852 4329 1034 4385 καλὰ,
1067 4327 1165 4379 καὶ
1198 4327 1354 4380 καλὰ
1386 4329 1545 4381 λίαν.
1575 4330 1650 4382 Οὑ
1673 4329 1851 4382 τοίνυν
1886 4329 1948 4382 τὸ

367 4416 543 4468 κακὸν
593 4420 706 4480 τοῖς
749 4417 932 4480 καλοῖς
971 4419 1312 4489 συνεκτίσθη.
1363 4420 1502 4472 Ἀλλ’
1551 4421 1669 4474 οὑδὲ
1712 4424 1744 4492 ἡ
1782 4423 1944 4494 νοητὴ

2041 3233 2270 3286 Creatus
2319 3229 2660 3288 oculusest,
2707 3223 2802 3279 sed
2845 3221 3021 3276 oculis
3053 3217 3271 3273 amissis
3300 3212 3615 3285 supervenit

2040 3323 2279 3377 caecitas.
2327 3319 2481 3375 Unde
2529 3318 2574 3372 si
2611 3315 2752 3370 oculi
2785 3321 2983 3367 natura
3032 3326 3141 3364 non
3180 3307 3373 3361 fuisset
3422 3318 3615 3358 corru-

2042 3415 2212 3486 ptioni
2246 3412 2500 3475 obnoxia,
2550 3424 2659 3463 non
2712 3407 2976 3477 patuisset
3011 3403 3192 3456 aditus
3235 3397 3486 3454 caecitati.
3524 3393 3617 3448 Sic

2042 3509 2204 3562 etiam
2256 3506 2455 3558 malum
2504 3517 2609 3555 non
2665 3500 2717 3552 in
2762 3498 2977 3567 propria
3018 3490 3328 3547 substantia
3375 3486 3613 3544 exsistit,

2045 3599 2140 3655 sed
2169 3614 2234 3652 ex
2283 3596 2478 3650 animae
2529 3592 2844 3648 laesionibus
2871 3587 3101 3642 accedit.
3130 3583 3313 3652 Neque
3343 3580 3489 3635 enim
3534 3579 3618 3632 in-

2045 3691 2284 3762 genitum
2320 3696 2425 3751 est,
2462 3686 2607 3740 velut
2660 3684 2850 3736 dicunt
2898 3679 3046 3748 impii
3081 3677 3174 3747 qui
3209 3681 3461 3728 naturam
3501 3684 3618 3722 ma-

2045 3784 2151 3837 lam
2192 3781 2348 3836 buna:
2380 3779 2642 3848 acquaiem
2695 3773 3058 3835 constituunt,
3105 3769 3151 3822 si
3196 3764 3413 3835 quidem
3470 3767 3625 3814 utra-

2045 3890 2152 3944 que
2197 3871 2469 3944 principio
2519 3875 2690 3930 caret,
2753 3861 3133 3929 anteceditque
3180 3855 3621 3927 generationem;

2047 3943 2226 4037 neque
2258 3965 2500 4036 genitum
2528 3968 2633 4015 est.
2677 3957 2887 4011 Etenim
2919 3953 2964 4007 si
2993 3968 3058 4005 ex
3108 3950 3215 4004 Deo
3255 3955 3383 4001 sunt
3411 3943 3618 4004 omnia,

2047 4057 2324 4126 quomodo
2353 4054 2556 4107 malum
2595 4067 2657 4106 ex
2708 4049 2850 4102 bono
2899 4045 3021 4099 est?
3047 4041 3232 4111 Neque
3261 4040 3404 4094 enim
3463 4044 3624 4103 turpe

2047 4165 2112 4204 ex
2140 4150 2372 4202 honesto
2398 4152 2503 4207 est,
2535 4157 2710 4212 neque
2733 4141 2921 4193 vitium
2955 4153 3017 4190 ex
3045 4135 3265 4188 virtute.
3301 4129 3438 4199 Lege
3475 4141 3625 4181 crea-

2049 4245 2248 4296 tionem
2313 4237 2542 4298 muudi,
2601 4243 2655 4289 et
2712 4231 2957 4285 invenies
3006 4225 3119 4280 illic
3159 4223 3363 4280 Cuncta
3401 4220 3537 4274 bona
3571 4227 3622 4269 et

2051 4309 2185 4388 bona
2235 4333 2386 4388 valde
2410 4332 2478 4383 °°.
2535 4327 2652 4381 Non
2711 4325 2876 4394 igitur
2909 4321 3111 4375 malum
3163 4332 3271 4370 una
3301 4330 3424 4368 cum
3463 4310 3625 4366 bonis
3665 4361 3674 4369 _

2051 4434 2294 4482 creatum
2335 4431 2451 4478 est.
2515 4419 2620 4474 Sed
2666 4432 2842 4486 neque
2898 4411 3201 4483 spiritualis
3252 4413 3503 4462 creatura
3557 4403 3629 4462 ab

368 4511 572 4572 κτίσις,
607 4511 872 4581 γενομένη
911 4511 1065 4582 παρὰ
1121 4510 1213 4564 τοῦ
1241 4513 1622 4582 (Δημιουργοῦ,
1673 4491 1936 4584 ἀναμεμιέ

2049 4516 2252 4586 Opiﬁce
2278 4513 2519 4576 condita,
2549 4512 2604 4563 in
2633 4523 2814 4563 rerum
2854 4514 3103 4560 naturam
3143 4513 3266 4553 cum
3312 4497 3491 4564 aliqua
3523 4491 3634 4544 sibi.
3670 4526 3676 4552 ._

368 4602 550 4673 γμένη
587 4605 653 4673 τῇ
695 4603 804 4672 (65)
836 4604 1072 4675 πονηρία
1103 4607 1180 4658 εἰς
1202 4605 1261 4656 τὸ
1285 4601 1424 4657 εἶναι
1443 4606 1720 4677 παρήχθη.
1752 4607 1815 4658 Εἰ
1841 4606 1948 4677 γὰρ

367 4693 437 4746 τὰ
472 4695 764 4764 σωματικὰ
787 4697 886 4750 οὑκ
906 4696 1062 4766 ἔσχεν
1091 4699 1148 4749 ὲν
1177 4698 1388 4762 ἑαυτοῖς
1424 4699 1484 4752 τὸ
1522 4699 1688 4751 κακὸν
1737 4715 1952 4766 συγκτι-

431 4836 480 4866 ὀ
512 4831 650 4889 Gen.
693 4851 732 4898 ι,
764 4835 850 4889 51.

443 4948 557 5018 (57)
587 4949 744 5019 com.
791 4949 985 5003 tertius
1024 4933 1148 5019 ορον
1190 4945 1374 5000 αὑτοῦ.
1411 4945 1534 5019 Mox
1569 4946 1704 5003 editi
1746 4944 1954 4998 δίκαιον

370 5017 462 5073 ἐπί
491 5018 679 5072 αὑτοῦ.
712 5021 778 5071 At
810 5017 1216 5089 quinque—mss.
1249 5020 1334 5070 ἐπ’
1362 5017 1530 5086 αὑτῷ.

467 5089 560 5160 58)
590 5091 745 5144 Colb.
788 5091 1001 5158 primus
1040 5089 1500 5160 ὲκμελετήσαντα.

467 5155 557 5230 59)
593 5155 819 5228 Antiqui
851 5160 959 5214 duo
987 5155 1120 5213 libri
1138 5155 1380 5229 σωτηρία
1398 5158 1596 5230 ψυχῆς.
1626 5156 1830 5230 Ibidem
1862 5155 1956 5230 ali-

372 5227 509 5301 quot
540 5227 694 5284 'mss.
745 5227 1132 5284 Combelisiani
1179 5227 1382 5301 eadem.
1431 5227 1588 5284 Colb.
1638 5228 1838 5283 tertius
1889 5227 1949 5279 οὐ

375 5303 790 5372 ιιι-,αὑσῃμηοηηε
822 5301 1072 5372 desines?

467 5368 560 5441 60)
587 5371 720 5441 Reg.
757 5373 954 5442 tertius
975 5370 1269 5440 ὀφθαλμῶν
1303 5368 1678 5442 προσεγένετο.

471 5443 559 5513 61)
593 5442 691 5496 Hic
717 5450 771 5496 et
809 5440 975 5504 infra,
1016 5442 1111 5495 ubi
1143 5456 1245 5494 vox
1268 5440 1609 5513 ΑόὟέννητος,
1637 5447 1731 5492 aut
1757 5453 1953 5513 γεννη-

377 5509 468 5576 τός
497 5509 759 5574 occurrit,
789 5513 1012 5565 variant
1044 5519 1160 5566 turn
1199 5509 1411 5565 calamo
1441 5510 1637 5572 notati,
1674 5520 1787 5562 tum
1813 5509 1956 5578 typis

379 5584 635 5652 descripti
665 5583 812 5638 libri.
837 5580 949 5636 Nec
977 5582 1032 5636 id
1061 5582 1316 5651 cuiquam
1343 5581 1538 5652 mirum
1569 5579 1753 5652 videri,
1771 5579 1956 5642 debet,

380 5668 503 5706 cum
531 5651 610 5708 ha:
641 5669 810 5708 voces
845 5654 900 5706 in
933 5653 1172 5706 diversis
1198 5651 1605 5718 exemplaribus
1635 5651 1797 5703 modo
1829 5665 1955 5703 cum

381 5723 541 5778 unico
569 5743 598 5777 ν
627 5725 966 5784 scribantur,
1000 5723 1166 5777 modo
1196 5737 1318 5775 cum
1355 5720 1586 5773 duobus.
1618 5719 1798 5782 Certe,
1830 5733 1958 5772 cum

382 5790 447 5850 de
472 5795 671 5853 divinis
703 5795 876 5850 rebus
900 5794 1103 5865 agitur,
1141 5793 1372 5847 multum
1404 5790 1624 5862 quidem
1658 5790 1828 5845 refert
1861 5789 1970 5844 hoc

2057 4606 2289 4660 admista
2323 4602 2591 4674 pravitate
2632 4597 2899 4668 producta
2927 4601 3034 4649 est.
3094 4589 3150 4643 Si
3184 4588 3329 4643 enim
3360 4595 3626 4651 corporea

2059 4713 2166 4751 non
2214 4697 2478 4749 haberent
2524 4693 2580 4746 in
2629 4689 2828 4760 seipsis
2862 4687 3064 4741 malum
3099 4696 3205 4737 una
3236 4690 3423 4732 secum
3476 4685 3632 4726 crea-

2060 4960 2130 4998 an
2163 4943 2259 4998 illo
2289 4939 2455 4995 modo
2485 4940 2714 5009 legatur,
2745 4925 3632 5009 ἀγέννητος.Μεκὰχξγητοςιῖῗῖῗ

2060 4992 2253 5084 iit-3E;
2273 4992 2372 5066 aut
2389 4992 2646 5080 ἧὲνῆἕόξξ
2673 4992 2738 5062 Et
2769 4992 2898 5063 vero
2927 4992 3192 5084 ncias‘est
3224 4992 3632 5084 Filium-dicme

2061 5071 2373 5155 ingenitum,
2400 5071 2560 5151 quem
2591 5071 2774 5155 tamen
2799 5091 2925 5130 vere
2953 5071 3269 5155 proﬁtemur
3296 5071 3630 5155 increatumﬁi

2063 5138 2212 5217 item,
2244 5138 2377 5207 ﬁdes
2410 5138 2570 5205 docet
2610 5149 2808 5202 Filium
2841 5138 3240 5217 essegenitum,
3273 5149 3433 5217 quem
3472 5138 3634 5217 negat

2061 5201 2188 5281 esse
2199 5201 2441 5293 ’[ἇόιῖἶηιί
2455 5201 2569 5275 's'éd
2589 5201 2631 5275 si
2656 5201 2836 5293 sermo
2859 5221 2931 5269 sit
2960 5201 3027 5267 de
3055 5201 3634 5293 rebus‘creat‘istrliih—i‘l

2060 5273 2529 5362 ἱὲῐὲιαὶῐιῖὀᾱυιέ
2547 5273 3039 5362 ὶῐιόιίο]εεειι,έιιιῐη
3062 5296 3160 5350 pro
3183 5294 3290 5362 una
3313 5273 3632 5362 vocealiatn

2057 5349 2260 5436 saepius
2287 5349 2429 5419 sumi
2455 5368 2689 5436 constet.
2721 5349 2861 5436 Lege
2889 5349 3172 5436 .Ducaaul‘n:
3206 5349 3280 5436 De
3301 5353 3635 5436 [cieterpﬂef

2055 5416 2424 5505 ﬁdebam,”
2443 5430 2736 5505 non__videt
2761 5416 3204 5505 b'lvzuiic'hmos‘hic
3233 5435 3262 5472 a
3301 5416 3635 5505 Basilicam:-

2057 5480 3037 5590 ίῖυνέηξιῑίε·δίςςέξελξψξξεξξέψξεφςξι
3058 5491 3154 5564 τὴν
3495 5480 3641 5538 ευδ-

2058 5568 2185 5633 inde
2211 5577 2352 5646 idem
2379 5573 2550 5646 codex
2580 5568 3048 5646 xaiysvvilcsmgi‘
3171 5631 3182 5646 ἱ
3305 5629 3316 5646 9

2133 5626 2894 5718 (θέῆξεε.ιπὶῐῐιιιεέάγαθοῦ·
2928 5626 3092 5688 Οὑδὲν
3119 5631 3231 5718 γὰρ
3265 5626 3508 5718 αἰσχρόν.

2134 5701 2246 5788 (65)
2277 5701 2447 5770 (ΙΟῘΜ
2463 5701 2742 5774 secundus
2768 5703 3240 5780 ,ἁναμεμιγμένως
3265 5701 3350 5771 τῇ.
