4052 6214
425 291 530 351 ΞΒ

1744 274 1807 330 S.
1841 269 2087 328 BASlLll
2121 269 2338 327 MAGNI
2446 316 2449 319 Α

3550 265 3653 320 εει

426 413 576 469 tum;
611 397 883 470 quomodo
914 393 1220 468 spiritualia
1252 393 1410 464 longe
1438 390 1678 461 puritate
1702 401 1766 442 ac
1787 385 1985 442 sancti-

2091 383 2338 454 ζόμενον,
2372 382 2489 447 πῶς
2514 382 2581 436 ἂν
2606 381 2675 437 τά
2702 393 2889 453 νοητα,
2919 370 3169 435 τοσοῦτον
3209 376 3534 449 καθαρότητι
3561 379 3655 431 καὶ

424 498 538 547 tate
566 488 898 561 praestantia,
960 497 1304 541 communem
1333 496 1458 537 cum
1512 480 1655 535 malo
1685 478 1990 534 subsisten-

425 566 563 637 tiam’
593 578 961 635 habuissent?
1023 577 1129 632 Sed
1179 586 1363 631 tamen
1412 572 1612 628 malum
1663 579 1770 635 est,
1810 579 1865 625 et
1907 571 1991 624 vis

424 674 545 743 ejus
589 671 645 725 id
674 686 782 725 non
819 685 1009 740 parum
1062 683 1159 739 per
1186 681 1402 722 omnem
1427 665 1594 719 vitam
1629 662 1858 729 diﬂ‘undi
1891 661 1990 715 de—

425 775 711 820 monstrat.
767 761 923 816 Unde
969 775 1098 830 ergo
1140 760 1301 813 habet
1349 757 1495 828 quod
1543 762 1648 819 est,
1708 756 1755 810 si
1814 768 1991 823 neque

426 857 695 926 principio
736 862 944 918 careat,
997 852 1201 924 inquit,
1256 866 1434 921 neque
1471 849 1673 906 factum
1714 864 1778 904 ac
1830 862 1988 903 crea-

425 957 542 1002 tum
569 946 678 1003 sit?
1100 938 1113 953 '

494 1038 553 1094 6.
612 1035 867 1092 Vicissim
930 1036 1332 1107 interrogentur
1376 1034 1471 1105 qui
1519 1033 1649 1087 talia
1699 1037 1984 1103 quarunt:

426 1129 585 1184 Unde
633 1129 853 1183 morbi?
906 1129 1049 1183 unde
1080 1129 1326 1199 corporis
1355 1126 1544 1182 oblzesi
1589 1124 1759 1181 vitia?
1802 1122 1988 1193 Neque

423 1227 569 1281 enim
618 1225 839 1281 morbus
882 1224 1156 1279 increatus
1207 1230 1332 1289 est,
1378 1236 1555 1292 neque
1617 1218 1781 1275 etiam
1830 1218 1986 1288 opili-

422 1319 570 1373 cium
618 1317 733 1373 Dei.
773 1317 877 1373 Sed
918 1323 1100 1371 creata
1133 1314 1350 1386 quidem
1403 1323 1532 1369 sunt
1559 1312 1812 1368 animalia
1857 1325 1984 1366 cum

421 1411 779 1466 conveniente
823 1410 927 1465 sibi
960 1416 1234 1464 structura
1268 1407 1567 1462 secundum
1608 1416 1876 1468 naturam,
1922 1417 1986 1457 ac

421 1503 647 1573 integris
695 1500 1068 1571 absolutisque
1106 1499 1365 1555 membris
1388 1497 1642 1569 prodiere
1674 1498 1730 1550 in
1761 1497 1933 1550 lucem
1965 1513 1981 1561 ;

419 1592 517 1648 sed
557 1600 739 1647 tamen
782 1599 1180 1665 azgrotaverunt
1228 1604 1258 1645 e
1308 1589 1547 1644 naturali
1597 1595 1743 1643 statu
1781 1592 1978 1641 emota.

420 1679 693 1735 Amittunt
723 1681 868 1736 enim
907 1681 1195 1737 sanitatem
1227 1688 1322 1733 aut
1362 1686 1583 1750 pr0pter
1613 1678 1828 1733 diaetam
1863 1692 1982 1730 ma-

420 1770 551 1833 lam,
585 1778 679 1823 aut
700 1785 797 1840 per
818 1784 1199 1840 quamcunque
1226 1769 1387 1822 aliam
1418 1782 1539 1838 quae
1567 1768 1818 1821 morbum
1851 1765 1979 1821 aﬂ‘e-

421 1866 508 1913 rat
534 1873 780 1917 causam.
810 1859 953 1929 Ergo
987 1874 1183 1928 corpus
1222 1857 1426 1912 creavit
1476 1856 1644 1922 Deus;
1691 1872 1798 1911 non
1834 1870 1982 1910 mor-

419 1949 587 2018 bum;
646 1957 700 2005 et
731 1949 966 2004 animam
996 1963 1213 2020 quoque
1246 1946 1376 2003 fecit
1413 1946 1585 2012 Deus,
1627 1962 1736 2001 non
1790 1960 1982 2016 pecca—

417 2053 534 2099 tum
565 2064 578 2099 :
613 2045 802 2099 vitiata
834 2052 1014 2099 tamen
1047 2052 1133 2101 est
1162 2043 1366 2107 anima,
1390 2057 1421 2097 e
1454 2042 1691 2097 naturali
1724 2051 1870 2097 statu
1897 2039 1984 2095 de-

413 2135 582 2207 jecta.
605 2135 890 2203 Quodnam
918 2145 1097 2192 autem
1130 2142 1248 2192 erat
1278 2135 1381 2205 ipsi
1403 2134 1734 2206 prmeipuum
1779 2133 1982 2188 bonum

421 2225 598 2281 illud?
618 2226 907 2281 Adhmrere
933 2225 1063 2289 Deo.
1096 2226 1253 2295 eique
1277 2240 1372 2295 per
1402 2225 1724 2279 charitatem
1752 2222 1983 2292 conjun-

417 2315 471 2387 gi
497 2335 511 2371 :
541 2331 572 2371 a
600 2332 707 2388 qua
746 2317 838 2375 ubi
866 2317 1086 2383 excidit,
1111 2317 1279 2373 variis
1299 2317 1506 2373 morbis
1541 2332 1604 2372 ac
1628 2316 1857 2371 diversis
1903 2315 1982 2369 vi-

419 2407 553 2461 tiata
584 2414 690 2463 est.
724 2406 864 2472 Quid
891 2414 975 2463 est
1003 2417 1182 2463 autem
1223 2407 1370 2479 quod
1397 2408 1623 2463 omnino
1653 2407 1783 2462 mali
1809 2422 1981 2477 capax

420 2499 536 2555 sit?
570 2498 836 2566 Quoniam
866 2500 1092 2571 praedita
1120 2510 1205 2557 est
1226 2501 1399 2556 libero
1431 2500 1681 2565 arbitrio,
1711 2499 1855 2569 quod
1885 2514 1982 2554 na-

419 2601 555 2647 turae
604 2592 835 2648 rationis
866 2593 1103 2664 compoti
1159 2592 1268 2663 79
1312 2593 1547 2648 maxime
1575 2591 1845 2661 congruit.
1881 2588 1983 2644 So-

418 2682 533 2736 luta
564 2696 800 2753 namque
829 2684 1010 2736 anima
1056 2683 1382 2739 necessitate
1434 2684 1603 2746 omni,
1647 2683 1983 2753 liberamque

419 2779 477 2827 et
494 2772 551 2826 in
579 2787 678 2828 sua
705 2779 972 2843 potestate
995 2773 1155 2828 sitam
1196 2774 1357 2828 vitam
1388 2788 1418 2828 a
1443 2772 1735 2828 Conditore
1767 2774 1979 2836 sortita,

420 2862 565 2932 quod
596 2862 664 2917 ad
693 2862 785 2918 Dei
815 2863 1101 2934 imaginem
1131 2863 1271 2920 facta
1301 2866 1392 2931 sit,
1424 2865 1624 2920 bonum
1646 2865 1863 2935 quidem
1898 2865 1983 2919 in-

420 2953 614 3024 telligit
639 2953 867 3025 ejusque
890 2955 1287 3025 jucunditatem
1322 2956 1473 3011 novit
1502 2977 1516 3011 :
1550 2965 1604 3013 et
1632 2956 1763 3011 dum
1786 2972 1983 3028 specu-

2088 472 2346 541 ἁγιασμῷ
2370 471 2713 544 διαφέροντα,
2747 472 2929 542 κοινὴν
2960 470 3026 525 ἂν
3051 470 3176 541 ἔσχε
3215 468 3350 539 πρὸς
3383 466 3443 520 τὸ
3487 467 3655 521 κακὸν

2088 570 2186 638 τὴν
2234 568 2567 633 ὑπόστασιν;
2613 566 2775 621 Ἀλλὰ
2816 567 2921 638 μὴν
2976 565 3090 618 ἔστι
3132 564 3196 620 τὸ
3223 563 3411 627 κακὸν,
3474 563 3567 616 καὶ
3617 564 3651 635 ὴ

2086 659 2336 732 ἐνέργεια
2359 658 2598 711 δείκνυσι
2621 658 2757 711 πολὺ
2788 656 2931 711 κατά
2976 653 3072 709 τοῦ
3106 654 3222 725 βίου
3258 653 3460 715 παντὸς
3490 668 3657 721 κεχυ-
3680 696 3693 721 ,

2091 752 2271 822 μένον.
2299 751 2469 806 Πόθεν
2489 747 2582 805 οὖν
2622 750 2771 822 αὐτῷ
2806 749 2869 803 τὸ
2919 745 3076 814 εἶναι,
3129 750 3178 802 εἰ
3223 749 3359 818 μήτε
3398 745 3644 816 ἄναρχόν

2088 847 2224 917 ἐστι,
2257 847 2410 917 φησὶ,
2440 846 2577 916 μήτε
2593 842 2921 915 πεποίηται;

2157 1040 2211 1096 6.
2258 1041 2775 1113 Ἀντερωτάσθωσαν
2796 1041 2847 1094 oi
2883 1040 2952 1094 τά
2971 1037 3193 1092 τοιαῦτα
3222 1034 3602 1107 ἐπιζητοῦντες
3628 1050 3647 1066 ο

2087 1135 2256 1188 Πόθεν
2284 1136 2428 1188 νόσοι
2450 1133 2591 1204 (64);
2624 1132 2789 1187 πόθεν
2820 1134 2877 1186 αί
2932 1131 3207 1202 πηρώσεις
3237 1129 3332 1183 τοῦ
3362 1128 3648 1200 σώματος;

2086 1225 2224 1279 Οὔτε
2244 1224 2353 1296 γὰρ
2376 1225 2669 1296 ἀγέννητος
2701 1224 2929 1296 ἠνόσος,
2964 1222 3088 1275 οὕτε
3126 1222 3234 1293 ’μὴν
3264 1220 3650 1292 δημιούργημα

2083 1319 2177 1372 τοῦ
2209 1318 2365 1374 Θεοῦ.
2399 1318 2539 1371 Ἀλλ’
2571 1317 2792 1389 ἐκτίσθη
2817 1317 2912 1388 μὲν
2939 1314 3010 1369 τὰ
3041 1313 3156 1381 ζῶα
3184 1312 3320 1385 μετά
3362 1313 3465 1381 τῆς
3517 1326 3652 1384 πρε-

2085 1410 2294 1479 πούσης
2348 1410 2532 1474 αὐτοῖς
2565 1410 2911 1480 κατασκευῆς
2949 1408 3089 1463 κατὰ
3140 1407 3320 1476 φύσιν,
3377 1406 3469 1459 καὶ
3518 1420 3654 1477 παρ-

2084 1504 2223 1576 ήχθη
2257 1503 2367 1574 (65)
2394 1503 2531 1573 πρὸς
2557 1503 2654 1574 τὴν
2688 1501 2830 1573 ζωὴν
2856 1501 3235 1574 ἀπηρτισμένα
3267 1502 3380 1563 τοῖς
3414 1498 3650 1569 μέλεσιν,

2083 1596 2304 1665 ἐνόσησε
2334 1595 2391 1648 δέ
2425 1594 2518 1648 τοῦ
2554 1594 2694 1648 κατά
2728 1594 2889 1663 φύσιν
2924 1593 3372 1665 παρατραπέντα.
3407 1589 3654 1656 Ἐξίστα-

2082 1708 2170 1744 ται
2195 1690 2304 1760 γὰρ
2343 1691 2440 1761 τῆς
2486 1689 2694 1757 ὑγιείας
2740 1688 2773 1760 ἢ
2821 1687 2911 1741 διὰ
2955 1686 3201 1757 πονηρὰν
3252 1684 3463 1738 δίαιταν
3514 1683 3648 1753 ἢδι⁹

2084 1782 2419 1853 ησδηποτοῦν
2442 1779 2721 1835 νοσοποιοῦ
2741 1779 2918 1842 αίτίας
2952 1778 3085 1847 (66).
3128 1776 3335 1831 Οὐκοῦν
3365 1775 3521 1845 σῶμα
3552 1774 3652 1845 μὲν

2083 1872 2293 1928 ἔκτισεν
2320 1873 2348 1924 ὁ
2373 1873 2526 1936 Θεὸς,
2556 1873 2675 1944 οὐχὶ
2694 1873 2847 1925 νόσον
2880 1885 2896 1901 ⁸
2925 1870 3019 1925 καὶ
3048 1869 3227 1939 ψυχὴν
3248 1866 3425 1921 τοίνυν
3457 1866 3651 1938 ἐποίη-

2085 1983 2175 2021 σεν
2203 1968 2231 2020 ό
2271 1965 2421 2029 Θεὸς,
2446 1965 2566 2035 οὐχὶ
2591 1965 2648 2018 δὲ
2695 1963 2999 2035 ἁμαρτίανο
3046 1959 3301 2030 ἐκακώθη
3329 1958 3385 2011 δέ
3415 1959 3449 2030 ὴ
3480 1956 3649 2029 ψυχὴ,

2085 2062 2510 2133 παρατραπεῖσα
2554 2057 2650 2112 τοῦ
2696 2057 2839 2111 κατά
2878 2054 3057 2124 φύσιν.
3097 2054 3162 2106 Τί
3207 2051 3264 2106 δὲ
3305 2047 3368 2121 ἦν
3420 2051 3555 2121 αὐτῇ
3590 2049 3653 2102 τὸ

2085 2152 2494 2226 προηγούμενον
2517 2150 2748 2219 ἀγαθόν;
2778 2150 2844 2203 Ἦ
2867 2145 3193 2221 προσεδρεία
3231 2143 3327 2198 τοῦ
3354 2143 3512 2208 Θεοῦ,
3557 2142 3652 2197 καὶ

2082 2244 2235 2316 ἡδιά
2266 2246 2364 2316 τῆς
2413 2244 2633 2315 ἀγάπης
2684 2243 2980 2312 συνάφεια·
3028 2236 3095 2312 ἧς
3156 2235 3492 2300 ἐκπεσοῦσα,
3532 2237 3646 2298 τοῖς

2085 2337 2348 2402 ποικίλοις
2375 2337 2470 2391 καὶ
2500 2335 2855 2405 πολυτρόποις
2890 2333 3001 2403 (67)
3034 2330 3460 2404 ἀρρωστήμασιν
3515 2328 3647 2380 ἐκα-

2083 2430 2257 2500 κώθη.
2308 2429 2407 2483 Διά
2439 2428 2493 2481 τί
2540 2427 2597 2483 δὲ
2649 2427 2784 2487 ὅλως
2830 2424 3052 2494 δεκτικὴ
3091 2423 3185 2476 τοῦ
3213 2419 3532 2486 κακοῦςΔιά
3552 2418 3652 2490 τὴν

2082 2521 2426 2587 αὐτεξούσιον
2477 2519 2672 2591 ὁρμὴν,
2706 2517 2940 2589 μάλιστα
2994 2515 3305 2587 πρέπουσαν
3331 2512 3519 2582 λογικῇ
3551 2510 3653 2580 φύ-

2085 2632 2186 2668 σει.
2211 2613 2492 2684 Λελυμένη
2523 2610 2631 2683 γάρ
2662 2610 2841 2681 πάσης
2870 2609 3133 2679 ἀνάγκης,
3191 2608 3285 2661 κα).
3330 2605 3651 2675 αὐθαίρετον

2084 2706 2229 2778 ζωὴν
2258 2705 2498 2759 λαϐοῦσα
2529 2703 2680 2774 παρά
2711 2702 2804 2755 τοῦ
2845 2703 3148 2763 κτίσαντος,
3195 2698 3284 2752 διὰ
3312 2698 3375 2751 τὸ
3422 2697 3542 2750 κατ’
3569 2697 3648 2750 εί·

2085 2798 2219 2853 κὸνα
2246 2795 2572 2866 γεγενῆσθαι
2610 2793 2767 2859 Θεοῦ,
2800 2795 2912 2846 νοεῖ
2947 2793 3043 2863 μὲν
3064 2792 3125 2844 τὸ
3152 2790 3374 2860 ἀγαθὸν,
3394 2788 3489 2842 καὶ
3510 2783 3651 2841 οἶδεν

2085 2887 2249 2941 αὐτοῦ
2281 2887 2381 2959 τὴν
2402 2886 2718 2951 ἀπόλαυσιν,
2743 2884 2838 2937 καὶ
2870 2883 2982 2954 ἔχει
3016 2881 3262 2948 ἐξουσίαν
3286 2881 3381 2933 καὶ
3399 2878 3648 2948 δύναμιν,

2085 2979 2419 3050 ἐπιμένουσα
2447 2979 2512 3048 τῇ
2542 2975 2637 3030 τοῦ
2681 2974 2845 3029 καλοῦ
2887 2974 3088 3045 θεωρία
3144 2971 3238 3025 καὶ
3260 2974 3325 3042 τῇ
3357 2968 3651 3023 ἀπολαύσει

418 3043 525 3098 lari
549 3045 773 3112 bonum,
804 3060 868 3100 ac
906 3046 1281 3117 spiritualibus
1314 3047 1419 3103 frui
1447 3056 1778 3118 perseverat,
1813 3057 1874 3103 ut
1900 3047 1981 3102 fa-

2085 3043 2197 3124 τῶν
2258 3043 2903 3142 νοητῶνξδιαφυλάσσειν
2941 3043 3111 3135 αύτῆς
3164 3064 3260 3133 τὴν
3302 3062 3442 3116 κατά
3490 3060 3651 3129 φύσιν

421 3138 681 3193 cultatem
712 3147 1143 3211 potestatemque
1165 3141 1328 3197 habet
1367 3157 1499 3206 sum,
1533 3157 1654 3213 quae
1686 3143 1985 3198 secundum

420 3238 674 3285 naturam
714 3239 819 3295 est,
864 3233 989 3288 vitae
1036 3233 1450 3299 conservandae,
1496 3235 1571 3288 ita
1613 3250 1830 3305 quoque
1890 3249 1988 3304 po-

421 3328 675 3381 testatem
722 3323 885 3380 habet
912 3325 1221 3381 declinandi
1257 3325 1552 3396 aliquando
1593 3341 1624 3381 a
1655 3326 1818 3381 bono.
1872 3323 1988 3380 Hoc

421 3420 603 3468 autem
647 3414 699 3468 ei
743 3416 1032 3487 contingit,
1056 3432 1181 3472 cum
1226 3417 1381 3473 beata
1424 3417 1783 3473 delectatione
1827 3432 1981 3474 exsa-

421 3504 577 3570 tiata,
605 3513 660 3562 et
703 3507 846 3562 velut
875 3523 1070 3579 sopore
1116 3510 1349 3580 quodam
1381 3517 1623 3580 gravata,
1654 3516 1708 3564 et
1733 3523 1763 3562 a
1793 3524 1984 3579 super-

421 3595 511 3653 nis
535 3595 803 3663 dilabens,
825 3598 1174 3654 fruendarum
1197 3598 1438 3670 turpium
1461 3600 1797 3671 voluptatum
1821 3614 1987 3654 causa

425 3703 550 3746 sese
577 3691 730 3746 carni
759 3690 1128 3747 admiscuerit.

498 3780 548 3836 7.
588 3780 719 3836 Erat
750 3782 1044 3852 aliquando
1085 3782 1257 3837 Adam
1292 3783 1349 3837 in
1386 3782 1661 3853 supernis,
1702 3797 1814 3838 non
1841 3783 1985 3850 loco,

423 3872 521 3927 sed
547 3871 751 3939 animo,
801 3888 926 3929 cum
961 3873 1144 3930 statim
1175 3884 1395 3945 accepta
1428 3875 1629 3939 anima,
1681 3875 1988 3945 erectisque

424 3963 483 4017 in
511 3964 709 4019 coelum
738 3966 936 4031 oculis,
975 3967 1138 4021 rebus
1171 3967 1481 4036 conspectis
1507 3965 1667 4021 valde
1716 3965 1988 4022 exhilara-

422 4062 536 4122 tus,
585 4056 924 4126 diligensque
974 4057 1209 4113 maxime
1239 4056 1483 4112 datorem
1520 4057 1845 4122 beneﬁcum,
1893 4056 1987 4129 qui

422 4145 593 4200 vitam
622 4153 882 4202 aeternam
925 4144 1211 4202 fruendam
1242 4145 1494 4215 largitus,
1527 4146 1732 4201 locarat
1772 4160 1896 4202 eum
1930 4145 1987 4200 in

423 4234 641 4290 deliciis
679 4234 938 4306 paradisi,
986 4236 1191 4307 quique
1228 4243 1352 4307 post
1383 4235 1642 4291 traditum
1679 4237 1730 4292 ei
1764 4237 1989 4306 perinde

421 4333 485 4382 ut
514 4327 721 4398 angelis
766 4327 1129 4399 principatum
1151 4366 1169 4393 ,
1228 4327 1483 4383 effecerat
1513 4330 1692 4399 ipsum
1742 4327 1987 4397 ejusdem

2087 3160 2260 3235 ζωήν·
2290 3162 2403 3233 ἔχει
2429 3161 2486 3215 δὲ
2516 3160 2762 3227 ἐξουσίαν
2810 3159 2905 3212 καὶ
2935 3156 3230 3211 ἀπονεῦσαί
3261 3171 3392 3208 ποτε
3426 3152 3518 3206 τοῦ
3547 3169 3651 3205 κα-

2083 3251 2197 3306 λοῦ.
2230 3252 2400 3305 Τοῦτο
2420 3250 2475 3304 δὲ
2508 3250 2792 3320 συμϐαίνει
2837 3249 2998 3319 αὐτῇ,
3048 3248 3195 3311 ὅταν,
3228 3245 3387 3318 κόρον
3412 3242 3652 3295 λαϐοῦσα

2083 3344 2182 3415 τῆς
2212 3343 2486 3415 μακαρίας
2513 3342 2773 3415 τέρψεως,
2809 3342 2903 3395 καὶ
2926 3335 3035 3394 οἷον
3060 3336 3355 3408 νυσταγμῷ
3405 3352 3509 3389 τινι
3550 3334 3649 3404 βα-

2088 3435 2340 3508 ρυνθεῖσα
2367 3436 2461 3488 κα)¹
2482 3434 2818 3507 ἀπορρυεῖσα
2871 3432 2980 3485 τῶν
3011 3430 3235 3492 ἀνωθεν,
3269 3431 3334 3500 τῇ
3374 3426 3537 3498 σαρκὶ
3562 3424 3653 3479 διὰ

2085 3528 2184 3592 τὰς
2203 3527 2431 3599 αίσχράς
2462 3526 2570 3580 τῶν
2595 3525 2798 3596 ἡδονῶν
2821 3522 3147 3586 ἀπολαύσεις
3176 3518 3472 3591 ἀναμιχθῇ.

2154 3785 2322 3845 7.'Hv
2345 3805 2474 3841 ποτε
2490 3789 2519 3840 ὁ
2533 3785 2703 3856 Ἀδὰμ
2722 3786 2853 3849 ἀνω,
2873 3787 2934 3838 ού
2950 3784 3119 3855 τόπῳ,
3141 3781 3277 3837 ἀλλά
3305 3783 3370 3852 τῇ
3391 3778 3650 3852 προαιρέ-

2087 3902 2190 3948 σει,
2217 3884 2327 3947 ὅτε,
2359 3882 2485 3954 ἄρτι
2508 3878 2780 3950 ψυχωθεὶς
2822 3882 2917 3932 καὶ
2951 3876 3259 3946 ἀναϐλέψας
3303 3874 3440 3946 πρὸς
3483 3873 3651 3942 οὐρα-

2085 3977 2175 4031 νδν
2195 3974 2327 4047 (68),
2351 3972 2655 4046 περιχαρὴς
2680 3973 2797 4036 τοῖς
2820 3969 3117 4043 ὁρωμένοις
3139 3967 3448 4037 γενόμενος,
3483 3965 3652 4033 ὑπερ·

2080 4067 2312 4138 ἀγαπῶν
2337 4067 2429 4120 τὸν
2455 4065 2771 4137 εὐεργέτην,
2811 4062 2955 4133 ζωῆς
2990 4061 3088 4132 μὲν
3112 4060 3328 4114 αἰωνίου
3357 4056 3650 4111 ἀπόλαυσιν

2086 4159 2469 4232 χαρισάμενον,
2503 4156 2733 4227 τρυφαῖς
2755 4153 2811 4206 δέ
2835 4150 3165 4223 παραδείσου
3184 4146 3649 4209 ἐναναπαύσαντα,

2086 4252 2260 4325 ἀρχὴν
2280 4251 2338 4305 δέ
2358 4250 2516 4303 δόντα
2549 4246 2691 4302 κατά
2716 4245 2815 4317 τὴν
2836 4244 2944 4298 τῶν
2967 4243 3231 4312 ἀγγέλων,
3263 4241 3357 4295 καὶ
3377 4238 3620 4310 ἀρχαγγέ
3635 4268 3650 4278 -

2085 4343 2198 4407 λοις
2231 4339 2391 4397 αὑτὸν
2415 4339 2715 4409 ποιήσαντα
2745 4334 3071 4406 ὁμοδίαιτον,
3127 4333 3222 4386 καὶ
3270 4330 3452 4400 φωνῆς
3503 4327 3653 4392 θείας

424 4431 551 4471 cum
578 4415 920 4488 archangelis
944 4416 1122 4473 victus
1154 4417 1495 4488 participem,
1529 4428 1584 4472 et
1606 4417 1756 4473 vocis
1787 4417 1984 4473 divinae

2086 4434 2362 4506 ἀκροατήν
2382 4448 2395 4461 ο
2430 4431 2524 4483 ἐπὶ
2554 4430 2689 4483 πᾶσι
2716 4426 2924 4488 τούτοις
2951 4423 3456 4496 ύπερασπιξόμενος
3502 4418 3654 4491 παρὰ

425 4508 773 4564 auditorem:
802 4515 998 4579 praeter
1040 4509 1156 4564 inec
1202 4510 1387 4564 omnia
1442 4517 1725 4580 protectus
1753 4524 1784 4563 a
1825 4509 1937 4566 Deo
1969 4549 1984 4575 ,

421 4601 652 4671 ejusque
697 4601 857 4657 bonis
894 4600 1116 4666 fruitus,
1168 4601 1351 4657 statim
1389 4610 1570 4657 tamen
1616 4602 1702 4657 his
1734 4602 1989 4659 omnibus

422 4699 796 4758 exsaturatus,
839 4700 892 4748 et
928 4706 1040 4762 pra:
1089 4692 1378 4756 satietate,
1429 4693 1586 4762 quasi
1623 4692 1985 4756 conviciatus,

422 4783 568 4853 quod
602 4786 818 4839 carneis
844 4784 1019 4840 oculis
1036 4783 1339 4854 jucundum
1368 4783 1672 4849 videbatur,
1705 4785 1757 4839 id
1789 4791 1990 4854 praetu-

424 4875 490 4933 lit
519 4878 788 4948 spirituali
814 4877 1245 4949 pulchritudini,
1294 4890 1359 4931 ac
1401 4877 1607 4933 ventris
1648 4877 1989 4933 saturitatem

496 5035 612 5159 (ϐξ)
630 5036 773 5120 ξιιὶῐὶ
803 5036 966 5090 πόθεν
993 5038 1050 5091 αἱ
1084 5038 1249 5091 νόσοι.
1284 5034 1440 5091 Colb.
1475 5038 1688 5108 primus
1717 5036 1879 5090 πόθεν
1902 5034 1990 5091 νό-

497 5124 532 5159 ι.
617 5109 670 5159 ln
698 5116 940 5159 otiatuor
968 5123 1103 5159 mss.
1133 5106 1297 5159 πόθεν
1325 5109 1499 5159 νόσος.

429 5106 543 5178 σοι,
562 5106 671 5178 _Alij
698 5116 940 5178 quatuor
968 5123 1103 5163 mss.
1133 5106 1297 5178 πόθεν
1325 5106 1499 5170 νόσοςζ

499 5175 611 5246 (65)
642 5174 797 5248 Regii
838 5178 1048 5248 primus
1088 5175 1462 5248 etsecundus
1492 5184 1561 5248 (et
1594 5174 1751 5231 Colb.
1790 5176 1990 5232 tertius

421 5247 789 5319 κατασκευῆς,
814 5247 910 5301 καὶ
939 5248 1079 5302 κατὰ
1107 5247 1269 5319 φύσιν
1294 5247 1568 5319 παρήχθη.
1593 5248 1697 5301 Alii
1719 5255 1833 5319 tres
1853 5262 1987 5304 mss.

427 5323 482 5371 ει
506 5317 1007 5390 βέιέιῑςκρέταςκευῆς
1030 5317 1174 5390 κατὰ
1202 5317 1384 5390 φῦσιν.
1418 5317 1511 5370 καὶ
1537 5317 1816 5390 mnen-

453 5458 464 5469 ι
499 5384 784 5471 (6.6)¹
805 5388 850 5470 ἢ.
868 5389 939 5471 δι’.
962 5384 1300 5471 ἀσδηποτοῦν
1320 5384 1631 5454 νοσοποιοὺς
1657 5384 1855 5452 αἰτίας.
1879 5389 1990 5443 An—

428 5459 565 5527 tiqui
593 5459 701 5512 duo
730 5459 853 5513 libri
885 5466 946 5512 ut
969 5460 1024 5512 in
1048 5466 1329 5514 contextu.

499 5526 611 5599 (67)
653 5526 880 5585 Veteres
924 5528 1033 5584 duo
1080 5529 1206 5584 libri
1259 5527 1521 5592 ποικίλοις
1572 5530 1663 5582 καὶ
1718 5528 1993 5584 πολυπλόε

432 5600 810 5741 Ιοὶἓϐῗρίἰοη).
854 5669 1066 5741 primus
1111 5672 1189 5735 είς
1242 5670 1483 5742 οὐρανόν.
1533 5669 1824 5741 Aliquanto
1868 5680 1990 5743 post

2087 4524 2244 4588 Θεοῦ,
2277 4525 2370 4577 καὶ
2391 4520 2677 4577 ἀπολαύων
2700 4519 2808 4574 τῶν
2855 4516 3018 4572 αὑτοῦ
3061 4515 3279 4585 ἀγαθῶν
3336 4513 3468 4585 (69),
3514 4512 3653 4583 ταχὺ

2088 4614 2304 4667 πάντων
2329 4607 2712 4680 ἀναπλησθεὶς,
2749 4607 2843 4661 καὶ
2862 4601 2972 4660 οἷον
2999 4604 3286 4676 ἐξυϐρίσας
3309 4602 3387 4673 τῷ
3411 4601 3575 4673 κόρῳ,
3592 4600 3654 4653 τὸ

2087 4705 2200 4767 τοῖς
2228 4699 2501 4773 σαρκίνοις
2546 4696 2846 4767 ὀφθαλμοῖς
2878 4694 3041 4763 φανὲν
3071 4691 3301 4763 τερπνὸν
3332 4688 3426 4743 τοῦ
3461 4686 3653 4759 νοητοῦ

2089 4793 2422 4866 προετίμησε
2452 4790 2699 4855 κάλλους,
2730 4788 2822 4842 καὶ
2837 4787 2936 4858 τὴν
2953 4783 3264 4857 πλησμονὴν
3295 4783 3393 4853 τῆς
3420 4778 3654 4852 γαστρὸς

2087 4886 2196 4941 τῶν
2256 4881 2641 4955 πνευματικῶν
2697 4879 3048 4935 ἀπολαύσεων
3098 4875 3428 4947 τιμιωτέραν
3480 4872 3650 4925 ἔθετο.

2090 5042 2429 5130 idem‘codex‘
2450 5041 2611 5130 δόντα
2634 5038 2732 5110 τὴν
2751 5035 2879 5091 τῶν.
2906 5035 3109 5090 Ibidem
3136 5039 3371 5104 quatuor
3397 5042 3532 5084 mss.
3557 5025 3651 5079 καὶ

2088 5114 2339 5185 ἀγγέλοις
2372 5112 2552 5167 αὐτόν.
3504 5167 3530 5178 _

2163 5184 2271 5255 (69)
2288 5184 2484 5255 (Editio
2516 5178 2702 5255 Paris._
2717 5175 3218 5255 ὑπερασπιςόμενος
3239 5165 3652 5255 «alligauit?!

2090 5236 2441 5310 ἀπολαύσεων
2471 5250 2607 5320 ταχὺ
2635 5236 2847 5301 πάντων
2868 5236 3248 5320 ἀναπλησθείς.
3278 5236 3456 5320 Editio
3479 5236 3647 5320 Dasil.

2091 5323 2376 5379 ἀπολαύων
2396 5342 2409 5376 :
2428 5309 2622 5377 caetera
2638 5333 2768 5373 vero
2788 5326 2848 5372 ut
2868 5309 3231 5385 suprafColb.
3254 5309 3651 5385 primus_01tsp-

2091 5376 2466 5463 ἀσπαζόμενος
2487 5390 2618 5463 Θερν
2637 5388 2730 5463 ita}
2752 5376 3037 5463 ἀπολαύων
3061 5385 3127 5438 τά
3144 5376 3382 5463 βριστοῦ
3402 5379 3495 5463 καξι

2088 5448 2198 5520 των
2240 5448 2625 5532 ἀναπλησθείς.
2689 5456 2842 5532 Beg._
2878 5457 3074 5532 tertius
3137 5448 3654 5532 ὑπερασπαζόμενρς

2089 5535 2208 5606 Θεῷ
2245 5534 2337 5589 καὶ
2376 5521 2683 5596 ἀπολαύων,
2708 5521 2868 5600 ταγύ,
2902 5537 3007 5583 etc.
3036 5524 3171 5596 Reg.
3204 5521 3477 5579 secundus
3507 5521 3653 5572 utin

2089 5613 2368 5664 contextu.
