4052 6214
308 366 404 421 315

1097 366 1264 423 ΗΟΜ.
1309 365 1496 434 QUOD
1537 363 1718 423 DEUS
1759 365 1894 423 NON
1927 369 2056 425 EST
2097 371 2378 427 AUCTOR
2422 373 2781 429 MALORUM.

3467 378 3571 432 546

314 481 451 547 Ἔξω
483 480 581 551 μὲν
614 481 782 545 εὐθὺς
827 477 897 552 ἦν
932 481 1024 535 τοῦ
1062 482 1408 553 παραδείσου,
1440 482 1542 548 ἔξω
1570 482 1625 534 δὲ
1656 483 1754 553 τῆς
1789 501 1892 552 μα-

1999 486 2562 557 ἀυιὶιαερὶτίιυεὶὶῠυε
2608 489 2820 543 deliciis
2853 489 3139 558 potiorem.
3173 491 3351 556 Quare
3384 493 3570 548 statim

313 576 498 647 κυρίας
529 577 749 648 ἐκείνης
806 576 1091 645 διαγωγῆς
1113 615 1128 640 ,
1164 579 1263 629 οὐκ
1316 577 1375 640 ἐξ
1407 577 1652 645 ἀνάγκης
1705 578 1894 639 κακὸς,

314 665 421 719 ἀλλ’
457 666 516 730 ἐξ
549 666 835 732 ἀϐουλίας,
869 669 1179 738 γενόμενος.
1213 666 1311 719 Διά
1353 667 1510 718 τοῦτο
1555 667 1651 720 καὶ
1678 668 1894 738 ἥμαρτε

321 757 410 826 μὲν
452 756 536 809 διὰ
567 757 856 828 μοχθηρὰν
915 758 1255 828 προαίρεσιν,
1312 755 1549 809 ἀπέθανε
1592 756 1647 809 δὲ
1679 757 1766 810 διὰ
1796 759 1896 828 τὴν

319 851 601 919 ἁμαρτίαν·
631 851 710 904 Τὰ
737 851 849 920 γὰρ
881 850 1113 918 ὀψώνια
1143 849 1252 917 τῆς
1290 849 1581 918 ἁμαρτίας
1617 848 1892 914 θάνατος.

323 944 478 995 Ὅσον
501 944 608 1014 γὰρ
637 945 908 1012 ἀφίστατο
941 945 1040 1014 τῆς
1074 944 1238 1013 ζωῆς,
1274 942 1526 996 τοσοῦτον
1555 942 1894 1014 προσήγγιξε

319 1034 390 1103 τῷ
411 1035 645 1106 θανάτῳ.
673 1035 797 1106 Ζωὴ
847 1037 958 1108 γὰρ
983 1038 1011 1089 6
1058 1036 1207 1098 Θεός·
1243 1035 1496 1106 στέρησις
1544 1035 1600 1088 δὲ
1625 1035 1724 1106 τῆς
1753 1035 1896 1106 ζωῆς

319 1127 558 1192 θάνατος.
582 1130 748 1182 ’Ὥστε
777 1129 957 1200 ἐαυτῷ
1007 1130 1097 1182 τὸν
1147 1129 1374 1182 θάνατον
1419 1132 1448 1182 6
1480 1128 1647 1198 Ἀδὰμ
1680 1127 1771 1180 διὰ
1797 1129 1896 1198 τῆς

316 1224 714 1293 ἀναχωρήσεως
747 1223 843 1275 τοῦ
897 1221 1031 1275 Θεοῦ
1062 1220 1454 1285 κατεσκεύασε,
1506 1220 1648 1273 κατά
1703 1219 1763 1272 τὸ
1804 1236 1896 1286 γε-

315 1318 653 1387 γραμμένον,
684 1317 768 1369 ὅτι
810 1316 956 1370 Ἰδοὺ
985 1319 1037 1368 οἱ
1059 1316 1470 1385 μακρύνοντες
1502 1312 1755 1377 ἑαυτοὺς
1777 1310 1895 1364 ἀπὸ

314 1410 450 1472 σοῦ,
473 1408 869 1464 ἀπολοῦνται.
907 1409 1094 1472 οὕτως
1129 1409 1247 1478 οὐχ).
1272 1408 1403 1470 Θεὸς
1438 1407 1616 1460 ἔκτισε
1645 1405 1892 1468 θάνατον,

316 1503 427 1556 ἀλλ’
451 1505 613 1573 ἡμεῖς
640 1505 853 1566 ἑαυτοῖς
892 1505 957 1556 ὲκ
1004 1505 1244 1573 πονηρᾶς
1293 1500 1519 1571 γνώμης
1578 1497 1895 1552 ὲπεσπασά-

322 1594 478 1665 μεθα.
513 1596 587 1649 Οὐ
635 1595 740 1665 μὴν
793 1595 916 1648 οὐδὲ
958 1594 1198 1647 ἐκώλυσε
1235 1595 1334 1664 τὴν
1383 1594 1626 1646 διάλυσιν
1669 1592 1757 1644 διὰ
1796 1590 1895 1652 τὰς

319 1688 725 1757 προειρημένας
748 1688 946 1750 αἰτίας,
973 1689 1059 1740 ἵνα
1096 1689 1167 1757 μὴ
1195 1688 1461 1740 ἀθάνατον
1489 1687 1620 1755 ἡμῖν
1661 1684 1761 1754 τὴν
1797 1684 1896 1753 διρο

320 1777 550 1848 ρωστίαν
582 1778 906 1849 διατηρήσῃ.
937 1779 1146 1848 Ὠσπερ
1174 1778 1239 1831 ἂν
1268 1779 1424 1841 εἴτις
1451 1775 1642 1838 σκεῦος
1673 1774 1894 1845 πήλινον

313 1869 566 1942 διαρρυὲν
602 1872 676 1942 μὴ
735 1871 1083 1940 καταδέχοιτο
1136 1869 1470 1942 παραδοῦναι
1517 1868 1670 1938 πυρὶ,
1697 1868 1801 1930 ἓως
1827 1865 1892 1919 ἂν

313 1963 372 2013 τὸ
389 1963 698 2033 ἐνυπάρχον
731 1961 879 2032 αὐτῷ
926 1962 1094 2025 πάθος
1129 1962 1212 2015 διὰ
1235 1964 1334 2033 τῆς
1366 1960 1720 2023 άναπλὰσεως
1745 1959 1891 2025 ἐξιά-

317 2071 468 2107 σαιτο
513 2055 648 2124 (70).
689 2055 854 2107 Ἀλλὰ
896 2054 982 2106 διὰ
1027 2055 1078 2107 τί
1126 2054 1224 2107 οὐκ
1266 2057 1321 2107 ὲν
1361 2058 1427 2124 τῇ
1468 2054 1779 2121 κατασκευῇ
1831 2050 1894 2103 τὸ

316 2149 701 2218 ἀναμάρτητον
733 2147 986 2219 ἔσχομεν,
1030 2149 1212 2218 φησιν,
1255 2147 1394 2199 ὥστε
1447 2146 1580 2216 μηδὲ
1634 2143 1891 2215 βουλομέ-

314 2258 421 2302 νοις
448 2243 586 2311 ἡμῖν
609 2241 877 2312 ὑπάρχειν
897 2243 958 2294 τὸ
989 2243 1352 2314 άμαρτάνεινς
1378 2242 1500 2293 Ὅτι
1540 2239 1633 2291 καὶ
1668 2239 1731 2290 σὺ
1769 2238 1894 2300 τοὺς

315 2332 551 2394 οἰκέτας,
578 2333 679 2402 οὐχ
701 2333 826 2385 ὅταν
854 2333 1110 2404 δεσμίους
1140 2333 1288 2403 ἔχῃς,
1340 2331 1525 2395 εὔνους
1577 2329 1894 2399 ὑπολαμϐά-

317 2441 448 2487 νεις,
485 2423 602 2477 ἀλλ’
637 2425 767 2476 ὅταν
798 2425 1057 2487 ἑκουσίως
1086 2425 1199 2494 ἴδῃς
1234 2421 1682 2493 ἀποπληροῦντάς
1717 2438 1796 2473 σοι
1827 2420 1892 2472 τὰ

314 2514 644 2584 καθήκοντα.
681 2515 794 2568 Καὶ
821 2514 939 2585 Θεῷ
966 2518 1144 2568 τοίνυν
1177 2517 1234 2568 ού
1256 2516 1314 2568 τὸ
1347 2513 1758 2584 ἠναγκασμένον
1803 2513 1893 2580 φί-

315 2604 422 2668 λον,
455 2605 597 2658 ἀλλὰ
630 2607 692 2658 τὸ
720 2606 780 2671 ἐξ
805 2607 1006 2676 ἀρετῆς
1040 2606 1488 2678 κατορθούμενον.
1539 2605 1731 2676 Ἀρετὴ
1757 2604 1812 2656 δὲ
1831 2607 1895 2657 ἐκ

314 2697 713 2768 προαιρέσεως,
747 2700 842 2750 καὶ
868 2698 967 2750 οὐκ
998 2697 1058 2762 ἐξ
1089 2698 1330 2768 ἀνάγκης
1361 2697 1586 2765 γίνεται.
1625 2695 1892 2766 Προαίρε·

315 2805 394 2850 σις
421 2788 479 2841 δὲ
504 2788 614 2840 τῶν
649 2791 734 2859 ἐφ’
759 2791 886 2859 ἡμῖν
922 2791 1170 2860 ἤρτηται.
1207 2789 1279 2842 Τὸ
1315 2789 1371 2842 δὲ
1406 2789 1488 2859 ἐφ’
1519 2790 1653 2859 ἡμῖν
1685 2791 1802 2840 ἐστι
1833 2787 1896 2840 τὸ

311 2878 679 2943 αὐτεξούσιον.
741 2880 798 2932 Ὀ
831 2878 1010 2932 τοίνυν
1062 2878 1407 2949 μεμφόμενος
1438 2880 1529 2932 τὸν
1564 2879 1791 2950 ποιητὴν
1819 2877 1895 2941 ὡς

315 2976 386 3045 μὴ
422 2975 678 3044 φυσικῶς
727 2973 1213 3028 κατασκευάσαντα
1252 2975 1400 3044 ἡμᾶς
1450 2975 1892 3044 ἀναμαρτήτους,

309 3070 458 3123 οὐδὲν
484 3071 676 3140 ἕτερον
705 3071 739 3140 ἢ
781 3071 880 3139 τὴν
909 3069 1102 3138 ἄλογον
1145 3069 1306 3138 φύσιν
1348 3068 1450 3138 τῆς
1491 3069 1715 3138 λογικῆς
1762 3084 1897 3139 προ-

1996 580 2206 649 ejectus
2231 596 2260 634 e
2285 583 2560 652 paradiso,
2587 583 2742 636 beata
2781 582 2871 635 illa
2902 583 3010 637 vita
3037 584 3279 652 privatus
3307 584 3427 650 fuit,
3461 600 3573 640 non

1994 687 2062 726 ex
2109 674 2456 736 necessitate,
2503 672 2597 728 sed
2640 689 2705 728 ex
2753 673 3072 744 insipientia
3105 675 3282 729 malus
3325 675 3568 731 effectus.

1996 763 2360 829 Quamobrem
2396 766 2640 834 peccavit
2689 766 2908 835 quidem
2942 767 3012 820 ob
3064 781 3286 836 pravam
3319 768 3572 821 volunta-

1996 865 2138 911 tem:
2173 857 2265 912 sed
2298 865 2548 912 mortuus
2578 867 2659 912 est
2688 859 2757 913 ob
2781 867 3086 928 peccatum.
3127 859 3402 929 Stipendia
3435 860 3572 913 enim

1995 952 2193 1018 peccati
2253 953 2482 1005 mors".
2520 951 2795 1018 Quantum
2839 954 2982 1007 enim
3041 953 3327 1008 secedebat
3375 968 3405 1006 a
3438 952 3570 1020 vita,

1995 1051 2206 1096 tantum
2237 1045 2709 1115 appropinquabat
2742 1045 2807 1098 ad
2841 1053 3091 1099 mortem.
3121 1042 3252 1097 Nam
3286 1046 3394 1099 vita
3429 1043 3572 1100 Deus

1993 1143 2101 1201 est,
2137 1137 2262 1191 vitae
2294 1153 2424 1191 vero
2456 1138 2690 1208 privatio
2724 1153 2894 1192 mors.
2938 1136 3119 1204 Quare
3149 1139 3392 1193 Adamus
3421 1154 3576 1194 sece-

1995 1229 2173 1284 dendo
2220 1245 2249 1282 a
2297 1229 2407 1284 Deo
2435 1239 2662 1285 mortem
2689 1231 2955 1286 conscivit
2987 1231 3089 1286 sibi
3145 1232 3268 1300 ipsi,
3319 1232 3473 1300 juxta
3519 1231 3574 1286 id

1994 1323 2139 1392 quod
2181 1324 2446 1391 scriptum
2477 1331 2560 1376 est
2589 1343 2600 1376 :
2637 1321 2768 1375 Ecce
2807 1324 2896 1393 qui
2925 1325 3172 1392 elongant
3202 1338 3254 1374 se
3290 1338 3322 1375 a
3354 1331 3422 1384 te,
3455 1336 3576 1390 per-

1994 1411 2141 1465 ibunt
2169 1412 2235 1468 ".
2275 1411 2366 1468 Sic
2415 1428 2522 1466 non
2561 1415 2768 1468 creavit
2809 1411 2952 1468 Deus
3003 1422 3268 1474 mortem,
3323 1411 3417 1466 sed
3473 1427 3574 1466 nos

1992 1505 2153 1559 nobis
2182 1505 2315 1574 ipsis
2353 1521 2419 1560 ex
2462 1521 2624 1578 prava
2654 1515 2834 1561 mente
2871 1521 2991 1560 eam
3022 1505 3434 1560 accersivimus.
3472 1503 3576 1558 Ne-

1994 1611 2099 1665 que
2131 1611 2258 1650 vero
2299 1597 2524 1651 dissolvi
2557 1611 2656 1651 nos
2698 1596 2975 1666 prohibuit
3021 1598 3087 1648 oh
3115 1611 3209 1650 cas
3251 1611 3388 1664 quas
3420 1595 3574 1664 prius

1993 1687 2234 1742 diximus
2262 1702 2475 1751 causas,
2514 1695 2573 1740 ut
2629 1704 2696 1741 ne
2728 1687 3090 1741 immortalem
3121 1689 3174 1740 in
3207 1687 3366 1740 nobis
3415 1686 3576 1754 aegri-

1995 1782 2240 1836 tudinem
2297 1789 2668 1836 conservaret.
2717 1779 3190 1846 Quemadmodum
3247 1779 3292 1833 si
3347 1777 3471 1848 quis
3515 1775 3576 1828 fl-

1995 1875 2121 1931 ctile
2153 1873 2423 1946 quoddam
2453 1874 2677 1928 efﬂuens
2700 1888 2795 1928 vas
2831 1873 2939 1943 igni
2968 1872 3258 1926 admovere
3283 1871 3439 1935 nolit,
3472 1871 3574 1924 do--

1995 1985 2095 2024 nec
2121 1968 2560 2024 reconcinnando
2587 1968 2775 2021 vitium
2803 1968 2948 2021 illius
2972 1967 3252 2021 resarciat.
3301 1964 3407 2018 Sed
3453 1978 3572 2026 cur,

1996 2062 2194 2132 inquit,
2250 2077 2355 2115 non
2388 2063 2460 2115 ita
2511 2060 2716 2114 conditi
2757 2076 2968 2124 sumus,
3019 2067 3078 2112 ut
3112 2074 3340 2129 peccare
3376 2066 3576 2110 natura

1995 2169 2103 2206 non
2158 2152 2462 2222 possimus,
2515 2151 2652 2204 adeo
2679 2159 2737 2204 ut
2776 2166 2844 2204 ne
2875 2150 3184 2204 volentibus
3214 2149 3433 2218 quidem
3477 2163 3576 2202 no-

1994 2244 2078 2298 bis
2131 2242 2368 2297 facultas
2401 2243 2605 2297 inesset
2634 2240 2932 2311 peccandi?
2962 2239 3100 2306 Quia
3129 2247 3184 2292 et
3216 2248 3271 2292 tu
3309 2238 3568 2304 famulos,

1996 2351 2104 2388 non
2129 2349 2252 2388 cum
2285 2335 2496 2387 vinctos
2528 2331 2761 2393 detines,
2793 2331 3086 2384 benevolos
3114 2337 3296 2399 putas,
3330 2328 3422 2384 sed
3447 2343 3574 2382 cum

1990 2440 2090 2478 eos
2121 2424 2354 2477 libenter
2391 2437 2488 2475 sua
2531 2422 2584 2475 in
2622 2429 2675 2474 te
2707 2420 2879 2474 officia
2937 2419 3135 2474 videris
3183 2419 3418 2487 explere.
3475 2429 3577 2471 tta-

1997 2531 2102 2585 que
2129 2531 2305 2583 neque
2339 2513 2450 2568 Deo
2497 2521 2708 2584 gratum
2752 2521 2836 2567 est
2865 2511 3010 2582 quod
3045 2521 3292 2565 coactum
3328 2519 3432 2579 est,
3478 2510 3575 2566 sed

1996 2608 2141 2678 quod
2178 2608 2375 2661 virtute
2410 2611 2635 2676 geritur.
2679 2604 2864 2659 Virtus
2923 2613 3102 2657 autem
3146 2619 3209 2658 ex
3274 2604 3572 2663 voluntate,

1996 2717 2104 2754 non
2140 2717 2202 2754 ex
2257 2700 2582 2753 necessitate
2620 2699 3005 2768 proﬁciscitur.
3039 2695 3156 2750 Jam
3193 2710 3325 2749 vero
3377 2695 3574 2748 volun-

1996 2801 2078 2848 tas
2110 2793 2264 2847 exiis
2295 2809 2414 2862 qua:
2448 2808 2612 2861 penes
2655 2806 2754 2845 nos
2797 2799 2946 2856 sunt,
2975 2787 3258 2859 dependet.
3301 2784 3454 2852 Quod
3479 2801 3578 2838 au-

1999 2894 2106 2937 tem
2136 2887 2190 2936 in
2241 2883 2399 2936 nobis
2427 2883 2593 2936 situm
2625 2888 2732 2943 est,
2766 2879 2922 2933 liberi
2963 2879 3176 2932 arbitrii
3209 2877 3439 2931 facultas
3466 2885 3574 2930 est.

1997 2976 2237 3031 Proinde
2272 2976 2364 3047 qui
2412 2975 2662 3044 Opificem
2705 2971 3076 3043 reprehendit,
3126 2971 3270 3040 quod
3318 2984 3419 3023 nos
3464 2983 3574 3022 non

1998 3068 2303 3122 condiderit
2338 3077 2532 3120 natura
2557 3067 2695 3119 tales
2731 3076 2788 3119 ut
2831 3078 3061 3134 peccare
3094 3075 3455 3132 nequeamus,
3494 3061 3578 3114 ni-

310 3163 461 3232 τιμᾷ,
503 3161 602 3214 καὶ
634 3161 734 3230 τὴν
767 3161 1022 3231 ἀκίνητον
1054 3161 1144 3212 καὶ
1173 3161 1477 3230 ἀνόρμητον
1503 3161 1602 3230 τῆς
1636 3176 1895 3230 προαιρε-

2001 3161 2075 3214 hil
2102 3161 2246 3213 aliud
2278 3159 2428 3222 facit,
2480 3158 2585 3212 nisi
2617 3165 2870 3211 naturam
2902 3155 3276 3209 irrationalcm
3321 3151 3577 3206 rationali

310 3256 468 3324 τικῆς
504 3254 600 3307 καὶ
622 3254 968 3323 ὲμπράκτου.
1002 3253 1187 3307 Ταῦτα
1215 3257 1263 3306 εί
1301 3255 1394 3307 καὶ
1450 3251 1892 3324 παρεκὸατικῶς,

311 3347 425 3400 ἀλλ’
464 3347 788 3414 ἀναγκαίως
818 3346 1054 3417 εἴρηται,
1103 3347 1190 3399 ἵνα
1226 3345 1320 3416 μὴ,
1353 3348 1431 3408 εἰς
1464 3344 1622 3415 βυθὸν
1663 3344 1899 3412 διαλογι-

311 3440 462 3509 σμῶν
491 3438 779 3509 ἐμπεσὼν,
816 3439 953 3509 πρὸς
983 3441 1050 3508 τῇ
1084 3441 1334 3509 στερήσει
1371 3438 1480 3491 τῶν
1532 3435 1899 3508 περισπουδὰ-

312 3548 473 3594 στων,
503 3533 588 3583 ἔτι
618 3531 715 3582 καὶ
736 3529 871 3583 Θεοῦ
899 3531 1154 3601 στέρησιν
1194 3531 1511 3602 ὑπομείνῃς.
1552 3527 1897 3598 Παυσὼμεθα

310 3621 400 3677 οὖν
432 3623 906 3695 ἐπανορθούμενοι
942 3623 1036 3677 τὸν
1072 3623 1252 3692 σοφόν.
1284 3621 1630 3694 Παυσὼμεθα
1687 3622 1748 3675 τὸ
1779 3619 1899 3691 βέλ-

310 3734 420 3770 τιον
463 3717 577 3769 τῶν
615 3717 749 3787 παρ’
776 3714 940 3769 αὑτοῦ
965 3716 1263 3784 γινομένων
1287 3714 1685 3786 ἐπιζητοῦντες.
1707 3715 1770 3766 El
1791 3712 1898 3782 γὰρ

315 3810 406 3863 καὶ
433 3809 547 3863 τῶν
574 3809 722 3861 κατά
786 3808 948 3879 μέρος
991 3808 1456 3878 οἰκονομουμένων
1517 3805 1897 3874 διαφεύγουσιν

315 3904 459 3970 ἡμᾶς
486 3903 540 3954 οἱ
580 3901 754 3968 λόγοι,
780 3901 892 3953 ἀλλ’
941 3901 998 3952 ἓν
1040 3917 1102 3969 γε
1141 3901 1315 3953 ἐκεῖνο
1341 3900 1516 3970 δόγμα
1547 3901 1666 3962 ταῖς
1701 3899 1897 3968 ψυχαῖς

310 3993 468 4062 ἡμῶν
496 3991 875 4062 ὲνυπαρχέτω,
903 3992 984 4056 τὸ,
1025 3991 1190 4063 μηδὲν
1231 3992 1400 4046 κακὸν
1441 3991 1590 4062 παρὰ
1627 3990 1721 4043 τοῦ
1757 3992 1898 4057 ἀγα-

312 4085 407 4140 θοῦ
431 4086 706 4140 γίνεσθαι.

380 4266 433 4319 8.
485 4263 903 4334 Ἐπεισέρχεται
929 4261 986 4315 δὲ
1013 4262 1205 4332 τούτῳ,
1247 4260 1389 4314 κατὰ
1407 4261 1466 4314 τὸ
1487 4259 1777 4314 ἀκόλουθον
1799 4261 1896 4332 τῆς

314 4357 551 4420 ἑννοίας,
593 4356 691 4408 καὶ
723 4355 786 4408 τὺ
819 4356 947 4424 περὶ⁸
975 4354 1065 4406 τοῦ
1100 4353 1345 4406 διαϐόλου
1376 4352 1616 4424 ζήτημα.
1675 4351 1844 4404 Πόθεν
1871 4353 1898 4404 6

315 4448 582 4510 διάϐολος,
614 4448 772 4516 εἰμὴ
807 4447 960 4514 παρὰ
997 4445 1130 4497 Θεοῦ
1175 4445 1287 4514 (71)
1331 4444 1400 4497 τὰ
1453 4445 1631 4509 κακὰς
1695 4444 1759 4496 Τί
1804 4439 1897 4496 οὖν

1998 3263 2052 3309 et
2077 3253 2407 3308 immobilem
2446 3251 2844 3322 appetendique
2885 3251 3224 3318 incapacem,
3256 3247 3440 3302 liberte
3495 3253 3577 3298 at-

1999 3368 2105 3422 que
2151 3361 2389 3406 actuosa
2427 3349 2668 3419 prafert.
2719 3347 2830 3416 80
2869 3342 2994 3398 Haec
3037 3343 3142 3398 etsi
3166 3357 3262 3411 per
3290 3337 3581 3409 digressio-

1999 3461 2144 3505 nem.
2173 3443 2485 3500 necessario
2517 3450 2702 3495 tamen
2739 3439 2884 3492 dicta
2931 3444 3084 3500 sunt,
3131 3442 3192 3488 ut
3218 3449 3285 3488 ne
3315 3434 3371 3486 in
3419 3430 3580 3501 abys-

1999 3555 2119 3595 sum
2147 3539 2539 3608 cogitationum
2590 3533 2835 3587 inanium
2879 3531 3068 3600 lapsus
3095 3534 3289 3599 praeter
3321 3524 3580 3596 privatio-

1997 3647 2122 3686 nem
2154 3645 2343 3685 eorum
2376 3642 2612 3698 quorum
2648 3625 2832 3679 studio
2877 3623 3100 3682 teneris,
3155 3619 3335 3672 adhuc
3383 3623 3436 3670 et
3468 3614 3579 3668 Deo

1999 3725 2118 3792 ipso
2173 3721 2425 3790 priveris.
2476 3717 2798 3772 Desinamus
2843 3715 3012 3783 igitur
3054 3711 3331 3778 corrigere
3361 3707 3578 3775 sapien-

1996 3827 2126 3869 tem.
2175 3813 2500 3867 Desinamus
2538 3809 2836 3880 quidquam
2869 3806 3062 3860 melius
3097 3816 3262 3872 quam
3288 3814 3410 3869 qua:
3433 3797 3572 3850 fece-

1997 3906 2089 3970 rit,
2130 3903 2405 3973 iudagare.
2443 3901 2556 3956 Etsi
2583 3902 2726 3954 enim
2761 3897 3107 3968 singulorum
3144 3909 3266 3963 quae
3298 3892 3418 3959 ejus
3452 3903 3578 3957 pro-

2009 3997 2252 4052 videntia
2299 4010 2364 4050 ac
2399 3994 2631 4049 consilio
2683 3992 2838 4057 fiunt,
2876 3989 3118 4044 rationes
3149 4001 3248 4040 nos
3287 3984 3483 4047 latent;
3523 3987 3579 4032 at

1997 4099 2146 4144 certe
2189 4104 2358 4142 unum
2405 4087 2538 4140 illud
2584 4088 2782 4154 dogma
2835 4091 3013 4138 ratum
3063 4081 3336 4147 ﬁxumque
3380 4074 3438 4128 in
3481 4085 3594 4142 no-_

1997 4179 2127 4234 stris
2157 4179 2354 4231 animis
2382 4179 2474 4241 sit,
2509 4177 2719 4230 nullum
2748 4174 2949 4228 malum
2980 4187 3010 4226 a
3041 4171 3186 4225 bono
3213 4165 3350 4220 fieri.

2066 4274 2120 4329 8.
2155 4272 2293 4326 Huic
2328 4281 2509 4326 autem
2534 4268 2824 4340 quaastioni
2877 4267 2984 4319 alia
3030 4263 3099 4317 de
3140 4259 3362 4314 diabolo
3385 4269 3451 4308 ex
3484 4267 3581 4307 co-

1997 4367 2288 4438 gitatorum
2329 4365 2471 4421 serie
2504 4362 2736 4418 accedit.
2770 4359 2926 4414 Unde
2973 4359 3042 4412 sit
3081 4354 3358 4414 diabolus,
3390 4350 3436 4403 si
3468 4362 3576 4400 non

1999 4469 2126 4512 sunt
2177 4473 2206 4510 a
2235 4457 2346 4510 Deo
2376 4454 2560 4509 mala?
2610 4453 2752 4519 Quid
2800 4451 2966 4522 igitur
3011 4445 3278 4501 dicimus?
3312 4441 3580 4496 rationem

315 4557 541 4611 ςαμεν;
573 4540 700 4591 Ὅτι
733 4541 760 4591 6
791 4539 955 4601 αὐτὸς
978 4540 1106 4608 ἡμῖν
1132 4538 1353 4607 ἀρκέσει
1386 4537 1629 4608 καὶπερὶ
1666 4535 1758 4589 τοῦ
1801 4533 1895 4606 ζη-

2000 4548 2244 4602 eamdem
2273 4562 2436 4616 quam
2460 4546 2574 4615 jam
2615 4543 2681 4599 de
2716 4543 2996 4596 hominum
3031 4537 3298 4608 pravitate
3335 4526 3578 4584 reddidi-

312 4635 564 4704 τήματος
589 4631 785 4684 τούτου
817 4630 994 4698 λόγος,
1025 4633 1053 4683 6
1085 4631 1178 4684 καὶ
1215 4630 1465 4701 περὶτῆς
1507 4632 1562 4682 έν
1591 4629 1894 4700 ἀνθρώποις

314 4727 585 4797 πονηρίας
612 4723 914 4785 ἀποδοθείς.
951 4723 1120 4776 Πόθεν
1138 4723 1246 4795 γάρ
1268 4725 1500 4796 πονηρὸς
1524 4725 1552 4776 6
1577 4724 1861 4794 ἄνθρωπος
1883 4739 1897 4788 ;

324 4819 423 4871 Ἐκ
454 4817 559 4887 τῆς
589 4817 800 4878 οἰκείας
827 4815 991 4868 αὐτοῦ
1015 4816 1126 4886 (72)
1155 4816 1548 4887 προαιρέσεως.
1577 4815 1747 4868 Πόθεν
1794 4829 1895 4867 και-

310 4911 406 4973 κὸς
451 4912 482 4962 ὁ
525 4909 803 4973 διάϐολος
840 4909 936 4961 Ἐκ
987 4909 1086 4977 τῆς
1129 4910 1298 4978 αὐτῆς
1348 4909 1545 4971 αἰτίας,
1579 4907 1898 4979 αὐθαίρετον

309 5003 452 5072 ἔχων
477 5003 573 5056 καὶ
604 5003 769 5064 αὐτὸς
791 5000 889 5072 τὴν
923 5000 1089 5070 ζωὴν,
1122 5003 1214 5054 καὶ
1242 5002 1326 5054 ἐπ’
1351 5000 1498 5071 αὐτῷ
1515 5001 1774 5071 κειμένην
1801 4999 1899 5070 τὴν

310 5095 584 5157 ἐξουσίαν,
629 5093 664 5164 ἢ
705 5093 1045 5165 παραμένειν
1097 5093 1175 5164 τῷ
1225 5093 1365 5163 θεῷ,
1407 5092 1897 5164 ἢάλλοτριωθῆναι

308 5187 405 5238 τοῦ
438 5184 670 5254 ἀγαθοῦ.
727 5185 970 5257 Γαόριὴλ
1017 5185 1265 5253 ἄγγελος,
1309 5186 1402 5238 καὶ
1458 5185 1772 5256 παρέστηκε
1820 5184 1898 5256 τῷ

309 5277 433 5349 Θεῷ
449 5278 733 5349 διηνεκῶς.
781 5277 839 5331 '0
863 5277 1107 5340 Σατανᾶς
1133 5277 1379 5346 ἄγγελος,
1413 5277 1509 5331 καὶ
1541 5277 1766 5342 ἐξέπεσε
1797 5277 1898 5347 τῆς

310 5372 520 5435 οἰκείας
541 5371 747 5435 τάξεως
783 5368 1083 5432 παντελῶς.
1111 5369 1378 5423 Κάκεῖνον
1406 5371 1439 5439 ἠ
1467 5369 1786 5442 προαίρεσις
1820 5369 1898 5421 δι-

385 5529 431 5560 ⁹¹
474 5528 627 5583 Rom.
663 5546 752 5594 vi,
788 5527 883 5581 25.
959 5529 1006 5559 ⁹²
1047 5525 1190 5582 Psal.
1228 5542 1377 5580 uxu
1401 5567 1417 5592 ,
1452 5527 1542 5580 ΕΠ.

389 5686 499 5755 (70)
531 5686 684 5740 Cnlb.
731 5684 948 5756 primus
979 5683 1301 5756 ἐξιάσηται.
1336 5680 1724 5756 ᾃΙὺίάοιηῃβᾶίιὶ
1756 5681 1892 5734 ἀλλά

313 5760 411 5809 καὶ
438 5753 542 5809 δέά.
580 5753 783 5811 Vocula
816 5756 912 5807 καί
941 5755 1096 5808 abest
1125 5769 1155 5805 a
1181 5754 1382 5808 nostris
1409 5753 1714 5806 codicibus.

394 5829 497 5899 (τι)
532 5827 671 5883 Editi
723 5826 876 5896 παρὰ
918 5823 1012 5876 τοῦ
1061 5823 1217 5879 Θεοῦ.
1268 5824 1550 5878 Articulus
1596 5824 1652 5877 in
1689 5822 1892 5878 nostris

1999 4656 2140 4705 mus,
2181 4639 2339 4694 nobis
2400 4654 2500 4708 pro
2546 4637 2648 4690 hac
2692 4649 2912 4706 quoque
2956 4631 3259 4701 quaestione
3302 4621 3573 4677 sufﬁcere.

2001 4731 2160 4786 Unde
2192 4732 2339 4786 enim
2379 4731 2557 4784 malus
2589 4737 2670 4783 est
2698 4726 2901 4782 homo?
2945 4739 3010 4779 ex
3045 4736 3142 4776 sua
3172 4718 3343 4787 ipsius
3385 4712 3579 4766 volun-

1998 4832 2131 4878 tate.
2168 4821 2323 4876 Unde
2347 4824 2524 4877 malus
2556 4819 2853 4875 diabolus?
2880 4816 2958 4869 Ex
2992 4813 3180 4870 eadem
3219 4820 3419 4870 causa;
3452 4817 3578 4855 cum

1998 4922 2054 4967 et
2085 4915 2201 4982 ipse
2242 4913 2472 4967 liberam
2515 4913 2681 4965 vitam
2717 4909 2966 4970 haberet,
3022 4920 3086 4957 ac
3116 4913 3284 4971 penes
3329 4911 3386 4949 se
3433 4898 3580 4948 esset

2004 5007 2088 5060 vel
2117 5005 2227 5058 Deo
2257 5011 2675 5074 perseveranter
2714 5001 3010 5058 adhaerere,
3051 4993 3133 5048 vel
3177 5008 3208 5044 a
3257 4990 3401 5042 bono
3431 4998 3583 5039 sece-~

2002 5096 2151 5151 dere.
2214 5095 2432 5151 Gabriel
2488 5096 2714 5165 angelus
2757 5100 2862 5157 est,
2899 5099 2952 5145 et
2990 5089 3101 5142 Deo
3148 5082 3352 5154 jugiter
3380 5075 3574 5131 astitit.

2003 5186 2236 5243 Satanas
2288 5197 2407 5242 erat
2439 5189 2664 5257 angelus
2708 5197 2946 5253 quoque,
3001 5178 3095 5233 sed
3140 5191 3209 5230 ev
3244 5187 3342 5227 suo
3384 5168 3580 5224 ordine

2000 5278 2221 5344 penitus
2246 5278 2470 5332 excidit.
2515 5277 2578 5330 Et
2607 5277 2759 5329 illum
2800 5271 3028 5326 retinuit
3057 5270 3109 5323 in
3158 5263 3314 5320 caelis
3348 5261 3578 5316 liberum

1999 5371 2308 5437 arbitrium,
2339 5381 2392 5425 et
2418 5371 2562 5423 hunc
2590 5367 2792 5436 dejecit
2819 5362 3113 5420 voluntatis
3143 5360 3387 5415 libertas.
3421 5351 3581 5406 Pote-

2000 5697 2160 5744 mss.,
2187 5696 2296 5734 non
2323 5679 2620 5732 invenitur.

2073 5743 2184 5823 (72)
2216 5752 2436 5820 Antiqui
2467 5761 2578 5804 tres
2605 5748 2728 5803 libri
2756 5746 2963 5809 οἰκείας
2996 5743 3210 5800 ἑαυτοῦ.
