4052 6214
438 347 540 402 547

1790 348 1850 408 S.
1881 349 2129 407 BASILII
2167 346 2381 404 ΜΑοΝι

3581 345 3688 403 348

438 472 522 519 rat
566 477 801 533 namque
830 470 885 520 et
914 464 1004 520 ille
1031 465 1362 532 desciscere,
1399 478 1452 524 et
1474 470 1564 526 hic
1598 487 1707 526 non
1735 472 1865 529 labi.
1898 471 2003 527 Sed

2139 470 2372 541 φύλαξεν
2399 467 2511 539 (73)
2543 469 2601 521 ἐν
2629 470 2742 533 τοῖς
2758 468 2895 533 ἄνευ,
2925 467 3020 522 καὶ
3039 467 3231 522 τοῦτον
3256 465 3556 538 κατέρριψε
3588 465 3688 537 τῆς

439 558 588 611 illum
637 558 875 612 servavit
904 557 999 615 Dei
1044 560 1266 617 dilectio
1300 563 1646 630 insatiabilis,
1693 565 1839 620 hunc
1882 580 2014 621 vero

440 648 731 719 reprohum
764 649 893 706 fecit
920 666 1055 708 suus
1084 668 1115 706 a
1146 654 1258 709 Deo
1287 670 1558 711 recessus.
1593 654 1707 712 Hoc
1755 664 1841 712 est
1898 672 2015 711 ma-

440 740 575 806 lum,
600 740 928 798 ahalienatio
958 759 988 799 a
1016 742 1148 799 Deo.
1185 744 1357 801 Parva
1378 747 1522 802 oeuli
1546 748 1833 804 conversio
1857 748 2012 813 facit,

441 841 503 888 ut
550 844 644 888 aut
675 850 801 889 cum
856 836 991 901 sole,
1026 845 1121 890 aut
1163 853 1288 891 cum
1317 838 1575 907 corporis
1612 839 1787 894 nostri
1819 839 2017 893 umbra

439 927 635 983 simus.
694 926 762 980 Et
791 924 920 983 illuc
948 928 1170 999 quidem
1220 930 1269 985 si
1322 931 1609 1000 respicias,
1664 939 1914 1002 prompte
1954 946 2019 985 ac

440 1019 553 1074 cito
589 1018 887 1076 illustraris
923 1039 936 1074 :
967 1022 1034 1076 ad
1068 1023 1316 1077 umbram
1348 1037 1491 1078 vero.
1530 1024 1576 1078 si
1609 1023 1872 1087 deelines,
1922 1037 2022 1077 ne-

443 1112 687 1168 cessario
711 1112 863 1183 degis
894 1113 950 1167 in
978 1114 1239 1171 tenebris.
1270 1114 1428 1168 Hunc
1480 1114 1547 1168 ad
1588 1114 1811 1169 modum
1840 1114 2020 1169 malus

444 1212 532 1260 est
560 1204 833 1271 diabolus,
862 1222 927 1261 ex
952 1206 1234 1261 voluntate
1254 1207 1774 1271 habens-malitiam,
1809 1222 1921 1262 non
1953 1206 2022 1261 il-

447 1295 558 1352 lius
597 1303 796 1351 natura
842 1295 1165 1352 adversatur
1192 1297 1359 1353 bono.
1411 1297 1569 1353 Unde
1616 1298 1782 1370 igitur
1825 1298 1875 1352 ei
1920 1296 2020 1351 ad-

443 1402 640 1443 versus
695 1402 800 1442 nos
844 1388 1045 1443 bellum
1079 1389 1104 1442 ?
1140 1388 1280 1455 Quia
1338 1404 1464 1444 cum
1520 1389 1592 1444 sit
1643 1389 2025 1459 cujuscunque

445 1478 672 1535 malitia
702 1481 1132 1550 receptaculum,
1159 1485 1365 1551 recepit
1391 1496 1611 1552 quoque
1642 1481 1865 1536 invidia:
1884 1495 2025 1535 mor:-

443 1568 598 1635 bum,
633 1578 689 1625 et
738 1571 933 1626 invidit
963 1572 1125 1626 nobis
1172 1566 1455 1626 honorem.
1486 1570 1605 1626 Non
1655 1572 1808 1627 enim
1849 1569 2026 1640 potuit

446 1660 614 1715 vitam
645 1667 888 1715 nostram
919 1661 976 1715 in
1025 1661 1282 1733 paradiso
1320 1662 1457 1716 citra
1504 1677 1794 1717 maerorem
1843 1668 2021 1715 actam

445 1750 593 1807 ferre
626 1766 641 1804 :
679 1767 803 1807 nam
831 1752 972 1809 dolis
1002 1768 1067 1807 ac
1115 1754 1378 1809 versutiis
1420 1754 1693 1808 hominem
1723 1752 2021 1822 decipiens,

447 1856 622 1912 eaque
639 1843 959 1913 cupiditate,
997 1858 1105 1913 qua
1147 1844 1264 1914 ipse
1294 1842 1412 1899 ﬁeri
1440 1843 1549 1898 Deo
1586 1841 1784 1897 similis
1805 1849 2024 1910 expete-

451 1933 569 1996 bat,
602 1935 671 1990 ad
699 1934 994 1990 fallendum
1035 1936 1187 1990 illum
1215 1952 1370 2000 usus,
1407 1936 1613 2006 lignum
1644 1933 1931 1995 ostendit,‘
1959 1946 2025 1987 ac

448 2026 702 2096 promisit
729 2026 996 2093 futurum,
1038 2036 1098 2083 ut
1123 2028 1167 2081 si
1197 2044 1262 2084 eo
1292 2035 1626 2092 vesceretur,
1678 2042 1804 2083 eum
1849 2024 2028 2080 eﬂice-

449 2128 536 2174 ret
564 2120 799 2175 similem
828 2120 957 2176 Deo.
985 2120 1046 2176 Si
1077 2122 1236 2186 enim,
1262 2122 1463 2189 inquit,
1492 2120 1847 2185 comederitis,
1877 2119 2026 2173 eritis

451 2209 589 2264 sicut
607 2210 706 2278 dii,
753 2212 971 2267 scientes
1016 2212 1208 2266 bonum
1245 2221 1295 2267 et
1339 2212 1538 2266 malum
1563 2213 1630 2266 “.
1679 2211 1796 2266 Non
1860 2211 2030 2281 igitur

450 2300 711 2354 conditus
741 2310 827 2355 est
857 2302 1120 2356 inimicus
1156 2302 1317 2356 nobis
1352 2321 1367 2356 :
1414 2301 1508 2356 sed
1534 2317 1602 2355 ex
1646 2301 1851 2355 invidia
1905 2298 2032 2356 ell‘e-

451 2399 576 2447 ctus
604 2400 690 2448 est
720 2391 880 2447 nobis
926 2392 1204 2449 inimicus.
1247 2392 1385 2447 Nam
1432 2408 1556 2448 cum
1596 2392 1802 2447 videret
1852 2407 1912 2446 se
1963 2408 2032 2447 ex

452 2485 775 2554 angelorum
833 2492 982 2543 coetu
1032 2485 1375 2556 projectum,
1411 2492 1546 2539 tunc
1589 2484 1864 2539 hominem
1889 2524 1905 2551 ,
1938 2486 2038 2557 qui.

451 2575 738 2629 terrestris
778 2584 917 2639 erat,
969 2571 1389 2645 ad'angelorum
1421 2574 1750 2647 dignitatem
1813 2591 1916 2631 suo
1977 2577 2033 2631 in

453 2663 657 2719 virtute
680 2665 926 2735 profectu
953 2666 1251 2721 exaltatum
1293 2665 1482 2720 videre
1513 2680 1623 2721 non
1653 2666 1931 2723 sustinuit.

525 2865 579 2920 9.
621 2864 893 2933 Quoniam
942 2867 1109 2939 igitur
1160 2868 1418 2925 inimicus
1471 2868 1654 2925 factus
1707 2877 1812 2934 est,
1855 2870 2037 2925 inimi-

455 2956 644 3013 citiam
698 2959 858 3015 nobis
912 2958 1053 3014 Deus
1103 2959 1373 3016 adversus
1416 2962 1570 3016 illum
1627 2961 1863 3025 indidit,
1913 2977 2036 3017 cum

2114 563 2340 635 γνώμης
2362 562 2425 616 τὸ
2456 559 2821 627 αὐτεξούσιον.
2860 560 3114 614 Ἐδύνατο
3141 559 3252 630 γὰρ
3278 561 3528 622 κάκεῖνος
3554 560 3691 612 ἀπο-

2116 656 2401 727 στατῆσαι,
2437 657 2531 709 καὶ
2575 652 2729 720 οὗτος
2784 655 2859 727 μὴ
2911 658 3183 710 ἐκπεσεῖν.
3225 653 3385 708 Ἀλλά
3439 653 3531 707 τὸν
3591 652 3691 724 μὲν

2114 747 2412 801 διεσώσατο
2441 748 2541 818 τῆς
2575 747 2796 818 ἀγάπης
2825 746 2923 800 τοῦ
2969 746 3104 800 Θεοῦ
3145 745 3209 799 τὸ
3237 745 3528 816 ἀκόρεστον
3547 760 3564 777 ο
3600 743 3693 796 τὸν

2115 835 2174 889 δὲ
2205 836 2509 908 ἀπόϐλητον
2532 836 2732 904 ἔδειξεν
2774 838 2808 907 ή
2835 838 2899 890 ἐκ
2932 836 3068 890 Θεοῦ
3122 834 3488 908 ἀναχώρησις.
3523 832 3694 887 Τοῦτό

2116 928 2235 981 ἐστι
2266 928 2330 981 τὸ
2353 928 2543 993 κακὸν,
2567 931 2600 999 ἡ
2629 929 2724 982 τοῦ
2754 927 2895 982 Θεοῦ
2920 929 3291 998 ἀλλοτρίωσις.
3322 926 3509 998 Μικρὰ
3536 942 3693 997 περι-

2121 1017 2328 1090 στροφή
2354 1017 2634 1089 ὀφθαλμοῦ
2666 1018 2709 1088 ἢ.
2734 1017 2874 1088 μετὰ
2911 1018 3059 1089 ἡλίου
3104 1019 3253 1088 ἡμᾶς
3285 1011 3424 1069 εἶναι
3462 1018 3623 1079 ποιεῖ,
3658 1013 3692 1084 ἦ

2124 1108 2264 1179 μετά
2298 1111 2397 1182 τῆς
2422 1112 2581 1175 σκιᾶς
2602 1110 2696 1164 τοῦ
2734 1111 2986 1179 σώματος
3010 1108 3186 1182 ἡμῶν.
3236 1109 3412 1163 Κάκεῖ
3442 1108 3539 1178 μὲν
3564 1107 3699 1160 ἀνα·

2121 1200 2380 1272 ϐλέψαντι
2400 1202 2615 1273 ἕτοιμον
2635 1201 2698 1256 τὸ
2720 1202 3079 1273 φωτισθῆναι,
3114 1201 3470 1256 ἀπονεύσαντι
3485 1199 3542 1254 δέ
3559 1198 3698 1271 πρὸς

2119 1293 2219 1365 τὴν
2265 1294 2422 1349 σκιὰν
2466 1295 2739 1364 ἀναγκαία
2771 1297 2804 1365 ἡ
2841 1294 3127 1358 σκότωσις.
3172 1293 3330 1347 Οὕτω
3378 1292 3615 1363 πονηρὸς
3667 1293 3699 1344 6

2122 1385 2385 1453 διάϐολος,
2414 1389 2479 1441 ἐκ
2513 1386 2886 1459 προαιρέσεως
2913 1385 3052 1457 ἔχων
3079 1386 3177 1457 τὴν
3198 1384 3482 1456 πονηρίαν,
3512 1383 3573 1437 οὑ
3590 1382 3697 1452 φύ-

2126 1496 2211 1544 σις
2236 1480 2584 1551 ἀντικειμένη
2612 1479 2690 1549 τῷ
2734 1479 2944 1551 ἀγαθῷ.
2974 1478 3144 1532 Πόθεν
3199 1474 3292 1532 οὖν
3321 1475 3469 1548 αὐτῷ
3504 1478 3533 1530 ό
3564 1475 3703 1547 πρὸς

2124 1572 2275 1641 ἡμᾶς
2298 1570 2579 1641 πόλεμος;.
2604 1572 2746 1635 Ὅτι,
2778 1570 2983 1640 δοχεῖον
3027 1567 3103 1624 ὢν
3147 1570 3326 1640 πάσης
3349 1554 3566 1631 κακίας,
3590 1566 3705 1620 ἐδέα

2128 1663 2255 1728 ξατο
2287 1665 2382 1718 καὶ
2412 1664 2517 1717 τοῦ
2545 1662 2736 1734 φθόνου
2770 1662 3066 1734 τὴνινόσον,
3110 1663 3205 1717 καὶ
3236 1660 3536 1731 ἐδάσκηνεν
3568 1660 3705 1730 ἡμῖν

2127 1756 2225 1825 τῆς
2248 1753 2436 1825 τιμῆς.
2463 1755 2538 1808 Ού
2569 1752 2680 1825 γάρ
2715 1753 2946 1825 ἤνεγκεν
2982 1751 3138 1823 ἡμῶν
3161 1752 3261 1822 τὴν
3300 1750 3504 1805 ἄλυπον
3556 1748 3707 1819 ζωὴν

2124 1847 2232 1917 τὴν
2245 1849 2303 1900 ἐν
2324 1846 2404 1917 τῷ
2427 1846 2755 1918 παραδείσῳ·
2781 1846 2953 1909 δόλοις
2984 1845 3041 1898 δὲ
3067 1845 3163 1899 καὶ
3200 1846 3469 1915 μηχαναῖς
3501 1841 3708 1907 ἐξαπα-

2124 1943 2297 2010 τήσας
2338 1939 2428 1992 τὸν
2453 1938 2759 2009 ἄνθρωπον,
2802 1938 2897 1990 καὶ
2941 1936 3040 2008 τὴν
3071 1935 3367 2006 ἐπιθυμίαν
3413 1932 3602 1997 αὐτοῦ,
3637 1934 3707 2004 ἢν

2128 2032 2255 2102 ἐσχε
2291 2031 2426 2103 πρὸς
2467 2031 2527 2084 τὸ
2553 2028 2886 2101 ὁμοιωθῆναι
2917 2029 2995 2099 τῷ
3045 2027 3186 2098 Θεῷ,
3225 2026 3398 2100 ταύτῃ
3429 2025 3563 2098 πρὸς
3607 2025 3709 2094 τὴν

2128 2122 2354 2193 ἀπάτην
2371 2119 2849 2191 ἀποχρησάμενος,
2883 2118 3053 2182 ἔδειξε
3086 2118 3149 2172 τδ
3180 2116 3356 2182 ξύλονν
3391 2117 3485 2171 καὶ
3534 2116 3710 2184 ἐπηγ-

2129 2214 2346 2283 γείλατο
2368 2213 2575 2284 διάιτῆς
2605 2212 2857 2285 βρώσεως
2880 2210 3044 2265 αὐτοῦ
3071 2212 3256 2281 ὅμοιον
3294 2208 3374 2280 τῷ
3425 2205 3546 2277 Θεῷ
3596 2206 3709 2278 (74)

2131 2304 2518 2374 καταστήσειν.
2542 2303 2685 2357 Ἐὰν
2724 2304 2835 2372 τὰρ
2862 2300 3110 2372 φάγητε,
3144 2301 3328 2372 φησιν,
3360 2299 3577 2353 ἔσεσθε
3628 2297 3713 2363 ὠς

2133 2394 2697 2465 θεοὶ,.γινώσκοντες
2719 2393 2914 2448 καλὸν
2934 2393 3034 2447 καὶ
3059 2392 3344 2460 πονηρόν.
3366 2389 3480 2444 Ούκ
3518 2386 3713 2459 ἐχθρὸς

2133 2489 2463 2558 τοίνυνήμῖν
2498 2485 2932 2558 κατεσκευάσθη,
2967 2484 3083 2540 ἀλλ’
3126 2487 3190 2538 ἐκ
3226 2481 3555 2556 ζηλοτυπίας
3584 2481 3715 2552 ἡμῖν

2134 2582 2216 2645 είς
2226 2579 2425 2652 ἔχθραν
2437 2580 2797 2651 ἀντικατέστη
2809 2618 2822 2633 .
2839 2578 3011 2649 Ὁρῶν
3024 2576 3135 2649 γὰρ
3149 2576 3343 2629 ἑαυτὸν
3355 2576 3419 2627 ἐκ
3431 2574 3539 2627 τῶν
3555 2573 3719 2642 ἀγγέο

2134 2674 2243 2726 λων
2276 2673 2706 2746 καταρῤιφέντα,
2732 2674 2835 2726 οὐκ
2863 2672 3024 2743 ἔφερε
3064 2669 3281 2741 βλέπειν
3294 2668 3385 2723 τὸν
3404 2669 3591 2738 γήϊνον
3622 2668 3719 2721 ἐπὶ

2135 2764 2234 2836 τὴν
2266 2764 2423 2830 ἀξίαν
2456 2765 2566 2818 τῶν
2591 2763 2838 2833 ἀγγέλων
2869 2763 2959 2816 διὰ
3004 2762 3291 2835 προκοτέὴς
3320 2759 3714 2831 ἀνυψούμενον.

2203 2856 2257 2911 9.
2276 2858 2403 2910 Ἐπε
2412 2856 2493 2929 [δὴ
2509 2852 2603 2910 οὖν
2619 2857 2842 2927 γέγονεν
2857 2854 3070 2927 ἐχθρὸς,
3095 2852 3355 2924 ἐφύλαξεν
3378 2852 3512 2924 ἡμῖν
3537 2852 3565 2904 ὁ
3586 2849 3720 2915 Θεὸς

2136 2971 2235 3043 τὴν
2270 2969 2407 3041 πρὸς
2443 2971 2607 3025 αὐτὸν
2642 2970 2979 3033 ἐναντίωσιν,
3022 2968 3092 3022 δι’
3139 2962 3215 3022 ὧν
3268 2966 3346 3038 τῷ
3377 2967 3722 3039 ὑπηρετησά-

456 3060 766 3122 serpentem
807 3051 970 3121 cujus
1008 3068 1175 3122 opera
1213 3069 1350 3110 usus
1390 3052 1590 3117 fuerat,
1643 3053 1726 3109 sic
1764 3053 2033 3110 allocutus

2143 3062 2289 3134 μένῳ
2313 3061 2461 3131 αὐτῷ
2487 3061 2660 3133 θηρίῳ
2695 3060 2984 3129 διελέγετο,
3025 3057 3166 3130 πρὸς
3215 3056 3377 3111 αὐτὸν
3431 3055 3722 3127 ἀναφέρων

457 3151 573 3208 est,
615 3151 675 3198 ut
712 3143 891 3201 minas
926 3145 995 3199 ad
1035 3146 1313 3201 diabolum
1346 3144 1578 3201 referret
1621 3164 1645 3200 :.
1682 3146 1886 3200 Portam
1931 3146 2033 3199 ini-

2139 3157 2239 3225 τὴν
2268 3155 2500 3227 ἀπειλήν
2518 3172 2532 3185 ·
2559 3156 2642 3209 ὅτι
2672 3155 2933 3223 Ἔχθραν
2952 3152 3127 3217 θήσω
3152 3149 3462 3220 ἁναμέσογ
3480 3147 3601 3202 σοῦ
3622 3147 3725 3201 και

457 3236 720 3291 micitiam
753 3239 894 3292 inter
928 3247 977 3293 te
1012 3247 1063 3293 et
1093 3239 1231 3293 inter
1265 3255 1441 3295 semen
1470 3239 1619 3293 illius
1647 3238 1715 3294 “.
1760 3237 1915 3294 Nam:
1959 3254 2033 3294 re.

2149 3249 2457 3320 ἀναμέσον
2475 3249 2582 3303 τοῦ
2609 3247 2950 3317 σπέρματος
2977 3244 3185 3313 αὐτῆς.
3212 3243 3303 3314 Τῷ
3329 3244 3443 3297 όντι
3464 3241 3575 3314 γὰρ
3605 3240 3726 3312 βλαο

455 3334 576 3403 ipsa
620 3341 819 3389 nocent
852 3333 1107 3389 amicitia:
1128 3349 1267 3398 ,cum
1306 3333 1515 3390 malitia
1554 3335 1722 3402 initae,
1771 3335 2033 3405 siquidem

2150 3339 2308 3413 δεραὶ
2337 3343 2393 3394 αἱ
2415 3340 2552 3412 πρὸς
2581 3340 2679 3411 τὴν
2712 3338 2910 3392 κακίαν
2932 3335 3298 3403 καταλλαγαίο
3331 3333 3517 3405 ἐπειδὴ
3560 3333 3727 3404 νόμος

458 3424 563 3478 ista
613 3425 875 3479 amicitiae
933 3426 1019 3480 lex
1071 3426 1217 3481 inter
1289 3427 1618 3497 conjunctos
1674 3443 1740 3482 ex
1809 3428 2033 3497 quadam

2148 3429 2303 3498 οὗτος
2360 3432 2543 3503 φιλίας
2572 3432 2683 3503 (75)
2726 3430 2792 3485 δι’
2841 3429 3409 3502 ὁμοιότητος-πέφυκε
3455 3428 3568 3489 τοῖς
3601 3439 3727 3477 aw-

459 3517 822 3574 similitudine
877 3522 1016 3574 solet
1076 3518 1453 3575 intercedere.
1526 3517 1684 3575 Unde
1746 3529 1899 3575 recte
1967 3520 2033 3574 di-

2149 3526 2473 3595 απτομένοις
2526 3522 2857 3593 ἐγγίνεσθαι.
2909 3520 3071 3574 Ὀθεν
3105 3518 3280 3590 ὀρθῶς
3305 3517 3418 3588 ἔχει
3444 3516 3525 3580 τὸ,
3557 3514 3728 3569 Φθει-

457 3615 607 3662 ctum
663 3616 748 3665 est
794 3629 805 3664 :
864 3608 1223 3679 Corrumpunt
1298 3627 1471 3665 mares
1550 3609 1711 3666 bonos
1773 3610 2033 3682 colloquia

2141 3630 2362 3685 ρουσιν
2386 3614 2500 3684 ἤθη
2526 3613 2759 3684 χρηστά
2792 3613 3016 3682 ὁμιλίαι
3044 3610 3344 3671 κακαι.ῗος
3385 3607 3580 3678 γὰρ-ἐν
3613 3607 3727 3667 τοῖς

458 3704 688 3758 mala”.
730 3702 1200 3770 Quemadmodum
1243 3705 1387 3761 enim
1444 3705 1501 3760 in
1544 3705 1925 3776 pestilentibus
1962 3706 2033 3758 lo-

2148 3707 2448 3772 νόσοποιοίς
2500 3706 2721 3778 χωρίοις
2756 3706 2785 3758 ό
2810 3704 2952 3759 κατά
2987 3704 3151 3775 μέρος
3180 3701 3579 3770 ἀναπνεόμενος
3619 3697 3729 3767 ἀὴρ

458 3794 541 3851 cis
564 3811 659 3851 aer
692 3796 897 3852 sensim
926 3796 1125 3866 spiritu
1158 3796 1357 3851 ductus
1390 3798 1649 3852 latentem
1679 3799 1928 3853 morbum
1955 3799 2033 3852 in.

2147 3798 2512 3853 λανθάνουσαν
2539 3798 2693 3851 νόσον
2721 3799 2832 3861 τοῖς
2853 3794 3285 3866 ἐνδιαιτωμὲνοις
3313 3789 3726 3846 ἐναποτίθετατ’

459 3886 600 3941 colis
636 3888 920 3958 ingenerat
952 3906 966 3942 :
999 3886 1082 3943 sic
1118 3888 1253 3943 inita
1292 3904 1416 3942 cum
1459 3889 1619 3945 malis
1661 3890 1767 3960 8],
1802 3904 2043 3944 consue-

459 3978 594 4033 tudo
624 3981 825 4034 animis
875 3980 1041 4035 infert
1084 3981 1228 4035 mala
1274 3996 1384 4035 non
1427 3996 1612 4051 parva.
1645 3982 1861 4037 tametsi
1900 3996 2044 4035 noxa

461 4084 574 4124 non
632 4073 818 4125 statim
869 4072 1127 4128 sentitur.
1183 4071 1527 4142 Quapropter
1570 4073 1931 4143 implacabilis
1960 4081 2045 4128 est

459 4162 730 4220 adversus
764 4170 1072 4234 serpentem
1095 4164 1404 4219 inimicitia.
1432 4163 1587 4230 Quod
1621 4164 1667 4218 si
1706 4165 2044 4218 instrumen-

462 4263 578 4309 tum
623 4254 751 4309 odio
797 4262 950 4308 tanto
995 4254 1217 4325 dignum
1260 4261 1366 4316 est,
1396 4264 1658 4324 quantam
1698 4253 2040 4307 inimicitiam

459 4358 590 4400 cum
621 4344 973 4400 instrumenti
1009 4354 1220 4400 motore
1256 4359 1447 4415 gerere
1482 4359 1582 4401 nos
1614 4345 1906 4400 convenit?
1934 4342 2041 4400 Sed

462 4449 586 4502 cur,
614 4436 812 4506 inquit,
842 4444 962 4491 erat
988 4435 1195 4505 lignum
1236 4435 1290 4489 in
1325 4436 1602 4506 paradiso,
1635 4453 1733 4507 per
1759 4437 1908 4508 quod
1943 4452 2039 4507 ag-

2149 3888 2321 3954 οὕτως
2367 3891 2401 3960 ἡ
2431 3889 2568 3962 πρὸς
2589 3888 2659 3941 τὰ
2681 3887 2861 3957 φαῦλα
2896 3884 3166 3958 συνήθειαΔ
3189 3881 3574 3956 μεγάλακακά
3607 3882 3730 3943 ταῖς

2148 3980 2351 4052 ψυχαξ
2376 3981 2646 4050 ἐναφίησι,
2674 3980 2777 4035 κᾶν
2792 3981 2892 4050 τὴν
2915 3978 3228 4050 παραυτίκα
3246 3974 3499 4044 αἴσθησιν
3521 3972 3582 4026 τὸ
3605 3971 3705 4043 βλα
3720 4001 3732 4011 -

2149 4075 2309 4146 6ερδν
2334 4073 2622 4146 διαφεύγῃ.
2672 4072 2773 4128 Διά
2812 4071 2971 4125 τοῦτο
3015 4067 3423 4137 ἀδιάλλακτοςὴ
3454 4065 3591 4135 πρὸς
3612 4110 3615 4113 .
3637 4063 3730 4117 τὸν

2148 4166 2270 4236 ὅφιν
2294 4165 2482 4239 ἔχθρα.
2514 4166 2578 4217 Et
2610 4164 2668 4218 δέ
2695 4162 2757 4217 τὸ
2791 4162 3020 4234 δργανον
3047 4160 3298 4214 τοσούτου
3333 4159 3523 4230 μίσους
3558 4156 3729 4222 ἀξιον,

2151 4259 2325 4312 πόσον
2356 4256 2661 4329 ἐχθραίνειν
2700 4256 2848 4326 ἡμᾶς
2895 4253 2973 4325 τῷ
3020 4254 3372 4325 ἐνεργήσαντι
3419 4247 3728 4320 προσῆκεν;

2161 4349 2322 4403 Ἀλλά
2360 4350 2456 4402 καῖ
2505 4347 2594 4401 διὰ
2623 4343 2771 4418 τίῆν
2805 4346 2865 4399 τὸ
2900 4344 3074 4411 ξύλον,
3107 4347 3295 4415 φησιν,
3334 4340 3496 4412 ἐντῷ
3554 4357 3733 4411 παρα-

2147 4443 2328 4512 δείσῳ,
2361 4441 2427 4494 δι’
2452 4434 2513 4493 οὗ
2546 4439 2625 4511 τῷ
2653 4439 2885 4510 διαϐόλῳ
2907 4438 3099 4510 ἔμελλε
3133 4433 3579 4506 προχωρήσεινή
3609 4430 3732 4484 καθ’

463 4543 758 4600 gressurus
791 4544 894 4583 nos
937 4539 1055 4583 erat
1090 4527 1391 4583 diabolus?
1436 4528 1653 4584 Etenim
1713 4530 1761 4584 si
1810 4529 2033 4584 fallacia

2142 4535 2302 4607 ἡμῶν
2353 4532 2727 4605 ἐπιχείρησις;
2775 4533 2840 4585 Et
2868 4530 2976 4602 γάρ
3029 4529 3104 4601 μὴ
3130 4524 3243 4599 εἶχε
3276 4528 3375 4596 τῆς
3426 4525 3642 4591 ἀπάτης
3672 4523 3735 4575 τὸ

465 4621 782 4676 illecebram
815 4635 927 4675 non
970 4620 1274 4686 habuisset,
1305 4621 1581 4691 quomodo
1604 4637 1705 4678 nos
1733 4639 1830 4693 per
1858 4622 2048 4677 inohe-

465 4711 731 4767 dientiam
776 4713 1089 4768 induxisset
1133 4713 1191 4767 in
1240 4714 1512 4767 mortem?
1558 4713 1698 4780 Quia
1764 4713 2046 4784 probanda

464 4813 585 4859 erat
639 4806 950 4861 obedientia
996 4813 1185 4860 nostra
1232 4820 1329 4876 per
1375 4814 1726 4875 praeceptum.
1786 4805 1917 4860 Eam
1975 4804 2049 4860 ob

463 4911 690 4952 causam
734 4899 918 4968 planta
955 4907 1075 4953 erat
1129 4898 1504 4971 speciosorum
1549 4897 1827 4951 fructuum
1873 4895 2045 4960 ferax,

469 4994 533 5040 ut
592 5002 688 5057 per
743 4987 1139 5043 abstinentiam
1181 4987 1484 5058 voluptatis
1528 4986 1789 5041 virtutem
1844 4995 2050 5055 tempe-

467 5082 661 5135 rantiae
690 5081 1066 5143 ostendentes,
1107 5080 1330 5136 coronis
1359 5080 1639 5151 patientia:
1664 5079 1860 5134 merito
1885 5077 2051 5131 dona-

469 5187 674 5227 remur.
718 5173 1098 5231 Cnmesturam
1132 5182 1313 5228 autem
1360 5182 1547 5229 secuta
1594 5178 1680 5227 est
1721 5185 1834 5225 non
1888 5168 2051 5223 modo

467 5264 694 5320 violatio
722 5272 1000 5337 praecepti,
1026 5268 1122 5323 sed
1157 5267 1424 5323 nuditatis
1450 5267 1616 5322 etiam
1650 5265 1913 5335 cognitio.
1945 5262 2050 5319 Co-

468 5356 742 5412 mederunt
785 5360 945 5425 enim,
978 5361 1178 5430 inquit,
1207 5369 1256 5414 el
1287 5359 1458 5427 aperti
1497 5367 1621 5412 sunt
1654 5356 1796 5411 oculi
1840 5372 2046 5419 eorum,

537 5472 583 5503 "
621 5470 757 5526 Gen.
795 5488 877 5539 ιιι,
913 5474 965 5529 5.
1041 5474 1088 5505 ³⁸
1126 5473 1258 5528 ibid.
1295 5472 1385 5527 15.
1461 5473 1508 5505 ⁸⁵
1549 5470 1727 5525 lCor.
1769 5484 1859 5534 xv,
1890 5468 1980 5525 35.

539 5610 655 5682 (75)
691 5609 836 5682 Editi
863 5611 1114 5680 ἐφύλαξε.
1142 5611 1213 5664 At
1244 5625 1379 5666 mss.
1402 5616 1528 5682 tres
1559 5605 1868 5682 διεφύλαξε.

542 5678 656 5754 (74)
691 5680 828 5754 Reg.
862 5678 1074 5754 primus
1112 5682 1297 5754 ὅμοιον
1334 5680 1429 5734 τοῦ
1462 5678 1618 5754 Θεοῦ.
1650 5678 1779 5754 Mox
1815 5685 2051 5754 utraque

468 5746 648 5808 editio
676 5746 896 5806 ἔσεσθαι
928 5751 1004 5816 ὡς
1038 5746 1171 5806 θεοί.
1212 5750 1281 5804 At
1321 5766 1456 5806 mss.
1506 5749 1662 5803 multi
1694 5746 1902 5801 ἔσεσθε.
1940 5747 2051 5802 Nec

473 5823 549 5881 ita
583 5824 755 5880 multo
791 5822 937 5880 infra
977 5829 1218 5894 quatuor
1252 5837 1388 5879 mss.
1422 5820 1620 5892 ἔχθραν
1655 5818 2045 5890 ἀντεκατέστη.

2151 4627 2366 4698 δέλεαρ,
2402 4624 2519 4689 πῶς
2533 4624 2597 4678 ἂν
2626 4625 2773 4695 ἡμᾶς
2803 4622 2890 4675 διὰ
2913 4622 3012 4693 τῆς
3043 4618 3331 4693 παρακοῆς
3355 4618 3433 4681 εἰς
3459 4616 3734 4669 τὸνθάνα-

2152 4736 2245 4772 τον
2287 4716 2631 4789 ύπηγάγετος
2664 4716 2787 4770 Ὀτι
2847 4713 2956 4767 ἔδει
3008 4707 3148 4766 εἶναι
3185 4708 3403 4780 ἐντολὴν
3449 4709 3550 4777 τὴν
3586 4705 3735 4759 δοκι-

2157 4805 2436 4879 μάζουσαν
2460 4805 2612 4878 ἡμῶι
2657 4805 2720 4859 τὸ
2771 4805 3036 4875 ὑπήκοον.
3095 4802 3194 4856 Διά
3240 4800 3400 4853 τοῦτο
3448 4795 3517 4870 ἦν
3568 4797 3739 4866 φυτὸν

2154 4895 2373 4967 ὡραίων
2390 4894 2620 4968 καρπῶν
2649 4893 2900 4965 εὔφορον..
2936 4894 3024 4946 ἵνα
3051 4893 3108 4944 ὲν
3140 4893 3205 4962 τῇ
3236 4891 3415 4960 ἀποχῇ
3439 4887 3533 4941 τοῦ
3555 4885 3736 4958 ἡδέος,

2154 4985 2216 5039 τὸ
2264 4986 2363 5056 τῆς
2401 4984 2728 5056 ἐγκρατείας
2779 4983 2942 5036 καλὸν
2988 4979 3410 5051 ἐπιδειξάμενοι,
3467 4976 3575 5032 τῶν
3636 4976 3742 5045 τῆς

2157 5077 2434 5148 ὑπομονῆς
2462 5077 2744 5145 στεφάνων
2768 5073 2994 5138 δικαίως
3029 5071 3372 5143 ἀξιωθῶμεν.
3405 5067 3752 5140 Ἐπηκολού-ι

2156 5168 2291 5238 θησε
2311 5168 2369 5221 δὲ
2388 5169 2454 5239 τῇ
2492 5166 2691 5240 βρώσει
2719 5168 2780 5220 ού
2831 5164 3082 5237 παρακοὴ
3110 5163 3270 5235 μόνον
3305 5160 3416 5232 (76)
3454 5159 3555 5229 τῆς
3588 5160 3751 5210 ἐντοοη

2155 5258 2276 5328 λῆς,
2306 5257 2439 5311 ἀλλά
2469 5259 2562 5311 καὶ
2597 5260 2631 5327 ἡ
2677 5257 2973 5325 ἐπίγνωσις
3011 5256 3111 5326 τῆς
3164 5253 3522 5326 γυμνότητος.
3560 5250 3742 5317 Ἔφα-

2154 5370 2265 5422 τον
2290 5353 2421 5423 γὰρ,
2451 5354 2605 5423 φησὶ,
2648 5352 2748 5407 καὶ
2775 5351 3207 5421 διηνοίχθησαν
3233 5345 3501 5403 αὐτῶνοί
3523 5344 3744 5415 6500M-

2156 5604 2264 5659 Alii
2299 5604 2410 5659 duo
2439 5618 2575 5660 mss.
2606 5611 2660 5658 et
2686 5601 2817 5658 editi
2840 5599 3228 5669 ἀντικατέστη.

2227 5674 2342 5743 (75)
2376 5674 2528 5730 Colb.
2567 5675 2779 5743 primus
2807 5666 2960 5733 οὗτος
2995 5666 3423 5743 φιλανθρωπίας.

2228 5739 2343 5818 (76)
2382 5746 2537 5802 Coll).
2566 5739 2781 5815 primus
2816 5739 3066 5813 παρακοὴ
3096 5739 3250 5811 μόνη.
