4052 6214
312 369 414 423 369
1109 370 1275 427 HOM.
1317 370 1506 437 QUOD
1548 371 1729 427 DEUS
1768 373 1906 428 NON
1946 373 2075 428 EST
2116 374 2400 431 AUCTOR
2442 376 2804 435 MALORUM.
3470 385 3574 439 350

306 488 427 559 μοι.
471 487 570 541 καὶ
636 487 942 557 ἔγνωσαν,
969 490 1058 544 ὅτι
1086 493 1301 560 γυμνοί
1320 495 1499 545 εἰσιν.
1541 493 1689 546 Ἔδει
1722 494 1777 546 δὲ
1814 495 1891 563 μὴ

1994 504 2042 546 et
2072 506 2420 564 cognoverunt
2456 498 2593 567 quod
2625 499 2755 551 nudi
2789 508 2959 553 essent
2986 500 3051 555 ".
3115 501 3218 556 Par
3246 514 3428 558 autem
3456 513 3574 559 erat

309 577 598 646 γινώσκειν
616 577 714 647 τὴν
744 578 1050 649 γύμνωσιν,
1104 580 1193 632 ἵνα
1240 581 1314 651 μὴ
1353 582 1384 632 6
1408 580 1531 644 νοῦς
1563 580 1657 633 τοῦ
1686 581 1894 652 ἀνθρώ-

1997 601 2097 639 eos
2127 603 2235 640 non
2274 590 2563 657 agnovisse
2594 590 2925 655 nuditatem,
2963 607 3032 645 ne
3054 608 3210 649 mens
3245 595 3481 651 hominis
3504 595 3573 651 ad

310 688 414 723 που
448 672 782 740 περιεσπᾶτο
820 671 959 741 πρὸς
989 672 1089 741 τὴν
1120 670 1216 723 τοῦ
1245 672 1522 736 λείποντος
1568 674 1893 744 ἀναπλήρω-

1996 680 2358 747 supplendum
2392 683 2538 751 quod
2573 682 2783 750 deerat,
2812 683 3233 750 distraheretur,
3257 686 3573 743 indumenta

312 779 417 826 σιν,
443 760 805 831 ἀμφιέσματα
834 761 1012 831 ἐαυτῷ
1048 762 1141 814 καὶ
1171 762 1272 831 τῆς
1332 763 1667 832 γυμνὼητος
1722 781 1895 834 παρα-

1994 772 2371 843 nuditatisque
2431 776 2626 829 solatia
2678 778 2782 831 sibi
2832 780 3173 849 excogitans,
3214 788 3269 833 et
3304 795 3372 833 ne
3425 788 3572 835 totus

313 853 511 923 μυθίαν
540 851 797 918 ἐπινοῶν,
831 854 925 905 καὶ
958 854 1093 917 ὅλως
1132 856 1197 923 τῇ
1240 854 1341 924 τῆς
1372 856 1577 925 σαρκὸς
1603 855 1892 927 ἐπιμελείᾳ

1994 865 2178 918 carnis
2227 880 2378 919 cura:
2434 867 2780 934 incumbens,
2833 886 2862 923 a
2903 872 3165 925 continua
3204 869 3296 925 Dei
3327 879 3571 925 contem-

309 947 409 1015 τῆς
446 945 580 1017 πρὸς
605 945 743 998 Θεὸν
770 947 1124 1010 ἐνατενίσεως
1180 947 1572 1017 ἀφελκόμενος.
1603 949 1700 1001 Διά
1755 949 1806 1001 τί
1833 950 1889 1003 δὲ

1994 959 2238 1027 platione
2293 969 2650 1015 avocaretur.
2703 961 2815 1017 Cur
2848 970 3028 1017 autem
3079 978 3190 1017 non
3230 962 3411 1018 Statim
3462 977 3570 1016 una

307 1040 407 1092 οὐκ
432 1039 594 1103 εὐθὺς
617 1039 770 1109 αὐτῷ
800 1040 1313 1111 συγκατεσκευάσθη
1344 1042 1439 1093 καὶ
1474 1040 1544 1093 τὰ
1578 1042 1887 1112 ἐνδύματας

1992 1066 2116 1104 cum
2159 1053 2278 1121 ipso
2312 1052 2628 1107 indumenta
2655 1054 2818 1107 etiam
2862 1063 3176 1111 constructa
3210 1055 3379 1108 sunt?
3424 1052 3570 1119 Quo-

309 1132 432 1184 ὐτι
456 1131 582 1185 οὔτε
607 1133 812 1200 φυσικά
840 1132 1077 1207 ἔπρεπεν
1101 1128 1241 1185 εἶναι
1274 1132 1468 1196 ταῦτα,
1516 1132 1639 1186 οὔτε
1691 1137 1755 1186 ἐκ
1796 1135 1888 1187 τέ-

1991 1142 2139 1195 niam
2174 1158 2351 1213 neque
2400 1144 2670 1198 naturalia
2703 1160 2766 1199 ea
2800 1161 2923 1201 esse
2953 1147 3339 1210 conveniebat,
3391 1163 3570 1217 neque

304 1242 455 1295 χνης.
488 1225 571 1278 Τὰ
621 1226 718 1296 μὲν
749 1226 857 1296 γάρ
890 1226 1094 1294 φυσικὰ
1146 1226 1252 1279 ῐδια
1299 1226 1408 1278 τῶν
1447 1227 1659 1294 ἀλόγων
1706 1227 1883 1279 ἐστίν·

1990 1247 2054 1285 ex
2092 1241 2229 1289 arte.
2269 1234 2403 1287 Nam
2445 1237 2719 1289 naturalia
2760 1237 3046 1290 brutorum
3091 1238 3407 1291 animalium
3440 1244 3570 1293 sunt

302 1313 415 1372 οἷον
444 1320 647 1390 πτερὰ,
682 1320 777 1372 καὶ
821 1320 1027 1390 τρίχες.
1081 1320 1174 1372 καὶ
1227 1320 1511 1390 δερμάτων
1556 1319 1885 1389 παχύτητες,

1989 1324 2233 1392 propria,
2276 1325 2422 1378 velut
2471 1341 2681 1395 perime,
2739 1328 2856 1396 pili,
2907 1328 3074 1397 pelles
3113 1343 3335 1392 crassae,
3392 1329 3475 1383 sic
3510 1338 3571 1384 ut

302 1414 519 1479 στέγειν
546 1413 647 1482 μὲν
667 1412 966 1482 χειμῶνας,
1003 1413 1187 1483 φέρειν
1221 1412 1277 1464 δὲ
1321 1411 1609 1474 καύσωνας
1653 1412 1889 1483 δυναμέ-τ

1990 1416 2225 1471 hiemem
2256 1433 2467 1482 arcere,
2499 1426 2553 1473 et
2592 1429 2786 1475 azstum
2824 1421 2968 1477 ferre
2999 1425 3231 1493 possint.
3266 1425 3324 1479 In
3365 1425 3568 1495 quibus

299 1521 427 1557 νων.
474 1504 565 1557 Ἐν
593 1499 677 1568 οἷς
708 1506 865 1558 οὐδὲν
895 1506 955 1558 τὸ
978 1506 1163 1576 ἕτερον
1216 1504 1307 1558 τοῦ
1338 1505 1527 1576 ἐτέρου
1557 1506 1883 1576 διενήνοχεν,

1988 1508 2221 1562 alterum
2253 1510 2322 1564 ab
2351 1510 2524 1566 altero
2560 1512 2699 1566 nihil
2736 1513 2941 1578 differt,
2966 1530 3089 1568 cum
3119 1532 3218 1585 par
3247 1524 3301 1572 et
3335 1518 3564 1589 aqualis

300 1596 566 1666 όμοτίμου
602 1599 738 1649 πᾶσι
788 1598 885 1668 τῆς
917 1597 1129 1665 φύσεως
1165 1597 1553 1667 ὑπαρχούσης·
1616 1596 1886 1668 ἀνθρώπῳ

1987 1604 2187 1651 natura
2212 1599 2342 1654 insit
2365 1602 2622 1657 omnibus
2653 1622 2665 1656 :
2705 1604 2797 1657 sed
2830 1604 3039 1658 homini
3069 1621 3168 1675 pro
3198 1608 3412 1663 ratione
3449 1623 3564 1663 sua:

298 1690 354 1743 δὲ
398 1690 635 1761 ἔπρεπε,
661 1690 801 1744 κατά
830 1691 931 1760 τὴν
964 1689 1253 1758 ἀναλογίαν
1283 1690 1381 1757 τῆς
1422 1692 1558 1759 πρὸς
1594 1690 1725 1743 Θεὸν
1751 1690 1888 1758 ἁγά-

1988 1690 2043 1743 in
2082 1689 2251 1744 Deum
2299 1691 2611 1749 dilectionis
2670 1695 2901 1749 retribui
2954 1696 3183 1752 decebat
3230 1699 3373 1753 bona
3422 1682 3564 1770 prae.-

299 1800 430 1853 πης,
482 1783 953 1854 παρηλλαγμένας
1010 1781 1119 1835 τῶν
1173 1782 1392 1851 ἀγαθῶν
1444 1784 1546 1846 τὰς
1590 1783 1884 1846 ἀντιδόσεις

1986 1782 2271 1835 stantiora.
2350 1779 2561 1837 Rursus
2613 1784 2811 1837 artium
2858 1786 3038 1839 studia
3095 1788 3326 1856 negotiis
3375 1803 3563 1845 ansam

297 1843 589 1947 ὑπάρχειν..
622 1843 689 1928 Ᾰί
722 1843 867 1929 δέιὲκ
884 1843 1082 1947 τέχνης
1110 1843 1486 1946 ἐπιτηδεύσεις
1527 1843 1791 1947 ἀσχολίας
1818 1843 1884 1929 ἂν

1985 1872 2269 1929 dedissent
2314 1884 2367 1930 et
2406 1876 2753 1931 occasionem
2799 1890 2813 1931 :
2855 1870 2998 1947 quod
3054 1879 3296 1935 maxime
3348 1879 3562 1951 fugien-

295 1968 551 2035 ἐγένοντο
574 1968 855 2039 πρόξενοι·
888 1968 917 2020 ὃ
948 1970 1179 2039 μάλιστα
1208 1970 1440 2037 φευκτὸν
1488 1966 1555 2041 ἦν
1588 1970 1662 2032 ὡς
1696 1968 1886 2038 βλαϐε-

1985 1964 2115 2018 dum
2148 1975 2286 2029 erat,
2318 1973 2377 2019 ut
2407 1966 2614 2020 homini
2649 1966 2960 2021 exitiosum.
3005 1967 3187 2033 Quare
3214 1980 3265 2024 et
3298 1969 3562 2026 Dominus

297 2062 394 2132 ρὸν
414 2061 497 2130 τῷ
525 2060 824 2130 ἀνθρώπῳ.
867 2061 958 2113 Διὸ
1004 2062 1153 2114 καὶὸ
1178 2061 1404 2132 Κύριος,
1450 2064 1529 2124 εἰς
1560 2063 1665 2131 τὴν
1711 2064 1768 2115 ἐν
1805 2061 1884 2131 τῷ

1986 2073 2085 2112 nos
2120 2058 2185 2112 ad
2215 2059 2456 2128 paradisi
2502 2060 2670 2113 vitam
2707 2076 2995 2123 revocans,
3036 2078 3104 2117 ex
3156 2063 3339 2116 animo
3371 2079 3560 2117 curam

297 2153 622 2224 παραδείσῳ
656 2152 799 2222 ζωὴν
836 2154 983 2222 ἡμᾶς
1010 2154 1468 2223 ἀνακαλούμενος,
1502 2154 1753 2208 ἐκϐάλλει
1784 2154 1883 2225 τὴν

1985 2166 2049 2204 ac
2085 2150 2513 2205 sollicitudinem
2542 2152 2785 2221 expellit,
2817 2153 2905 2208 his
2942 2154 3122 2209 verbis
3167 2170 3180 2205 :
3226 2153 3309 2208 Ne
3342 2155 3564 2209 solliciti

296 2244 575 2315 μέριμναν
600 2244 711 2296 τῶν
741 2245 950 2313 ψυχῶν,
970 2245 1143 2313 λέγων
1166 2262 1181 2276 ε
1201 2248 1259 2299 Μ
1266 2245 1298 2312 ὴ
1319 2243 1638 2315 μεριμνᾶτε
1665 2246 1776 2315 (77)
1810 2244 1883 2314 τῇ

1984 2245 2100 2297 sitis
2129 2244 2322 2295 anima:
2354 2252 2557 2305 vestrm,
2589 2244 2715 2311 quid
2746 2244 3109 2308 manducetis;
3146 2263 3306 2316 neque
3354 2247 3563 2316 corpori

294 2334 469 2404 φινχῇ
486 2335 680 2405 ὑμῶν,
708 2337 765 2388 τί
788 2335 1019 2405 φάγητε
1038 2356 1051 2367 ·
1081 2337 1236 2407 μηδὲ
1261 2337 1341 2403 τῷ
1369 2338 1597 2407 σώματι
1623 2335 1808 2406 ὑμῶν,
1828 2338 1885 2390 τί

1984 2345 2174 2399 vestro,
2204 2336 2331 2405 quid
2365 2336 2660 2387 induamini
2697 2338 2764 2389 ⁸⁷.
2818 2336 3004 2406 Neque
3036 2338 3201 2407 igitur
3233 2356 3295 2392 ex
3341 2349 3557 2402 natura,

290 2429 663 2495 ἐνδύσησθε.
685 2428 824 2483 Οῦτε
846 2425 940 2481 οὖν
970 2431 1034 2483 ἐκ
1059 2429 1272 2500 φύσεως
1299 2430 1539 2500 ἔπρεπεν
1567 2430 1712 2499 αύτῷ
1741 2429 1883 2501 ἔχειν

1983 2443 2159 2496 neque
2190 2443 2255 2482 ex
2289 2433 2405 2480 arte
2438 2427 2638 2480 habere
2666 2442 2788 2479 eum
2817 2437 3127 2498 tegumenta
3152 2428 3377 2484 decebat
3410 2447 3423 2481 :
3462 2432 3560 2486 sed

290 2522 359 2575 τὰ
408 2522 799 2593 σκεπάσματα,
855 2521 980 2575 οὔτε
1020 2525 1084 2575 ἐκ
1140 2524 1371 2594 τέχνης*
1438 2523 1550 2577 ἀλλ’
1602 2523 1765 2594 ἓτερα
1814 2518 1884 2594 ἦν

1984 2522 2239 2574 virtutem
2278 2519 2325 2574 si
2360 2518 2717 2581 ostendisset,
2748 2527 3009 2588 apparata
3034 2530 3189 2574 erant
3218 2521 3342 2586 alia,
3375 2521 3431 2575 in
3465 2521 3562 2577 ho-

287 2615 734 2687 ηύτρεπισμένα,
764 2614 1157 2686 ἐπιδειξαμένῳ
1183 2615 1281 2686 τὴν
1315 2614 1533 2686 ἀρετὴν,
1568 2615 1636 2668 τὰ
1687 2617 1752 2668 ἐκ
1783 2617 1883 2685 τῆς

1986 2611 2134 2664 mine
2165 2625 2231 2662 ex
2264 2607 2358 2662 Dei
2390 2623 2615 2662 munere
2658 2608 2982 2671 emicatura,
3028 2617 3082 2664 et
3114 2609 3296 2664 lucido
3324 2610 3560 2679 quodam

286 2705 383 2759 τοῦ
417 2706 556 2759 Θεοῦ
586 2707 808 2778 χάριτος
846 2707 1099 2759 ἐπανθεῖν
1133 2706 1210 2777 τῷ
1246 2706 1538 2778 ἀνθρώπῳ,
1594 2709 1686 2761 καὶ
1730 2725 1884 2779 περι-

1984 2702 2160 2761 cultu,
2192 2699 2374 2769 qualis
2415 2700 2731 2768 angelorum
2782 2706 2886 2761 est,
2935 2712 3315 2764 coruscatura,
3364 2701 3560 2757 ﬂorum

288 2798 624 2869 ἀστράπτειν
664 2798 923 2869 μέλλοντα
960 2804 1245 2868 φωτειναῖς
1277 2818 1387 2853 τισι
1418 2800 1879 2872 περιδολαῖς(78),

1984 2792 2324 2853 varietatem,
2374 2790 2766 2858 stellarumque
2826 2791 3135 2845 claritatem
3167 2799 3227 2845 ut
3290 2792 3558 2863 fulgorem

286 2894 471 2944 ὁποῖαι
501 2894 564 2943 αἱ
602 2891 714 2944 τῶν
757 2891 1023 2959 ἀγγέλων,
1072 2892 1209 2964 ὑπὲρ
1244 2892 1344 2961 τὴν
1381 2893 1488 2945 τῶν
1522 2893 1728 2947 ἀνθέων
1766 2910 1883 2946 ποι-

1983 2893 2329 2955 superatura.
2382 2882 2552 2952 Igitur
2582 2899 2691 2935 non
2717 2884 2768 2937 ei
2810 2881 2965 2939 fuere
2997 2885 3184 2939 statim
3214 2885 3341 2939 data
3399 2886 3562 2939 indu-

289 2981 488 3047 κιλίαν,
524 2983 669 3052 ὑπὲρ
687 2982 787 3051 τὴν
817 2982 927 3035 τῶν
962 2983 1205 3055 ἀστέρων
1234 2982 1565 3054 φαιδρότητα
1611 2985 1705 3037 καὶ
1736 2984 1877 3036 στιλ-

1984 2985 2189 3038 menta,
2225 2973 2373 3045 quod
2413 2973 2635 3028 virtutis
2668 2974 2889 3043 praemia
2942 2981 3128 3029 essent
3153 2973 3360 3027 homini
3397 2988 3559 3043 repo-

286 3073 515 3145 δάσητα.
552 3073 657 3127 Διὰ
678 3074 836 3127 τοῦτο
864 3071 957 3129 οῦν
983 3076 1082 3128 οὐκ
1108 3075 1267 3139 εὐθὺς
1296 3074 1443 3145 αὐτῷ
1480 3075 1549 3128 τὰ
1582 3074 1877 3146 ἐνδύματα,

1983 3073 2086 3127 sita
2112 3088 2125 3137 ;
2161 3086 2282 3141 qua
2312 3072 2573 3140 consequi
2604 3069 2806 3123 diaboli
2831 3069 3044 3124 insidia:
3074 3084 3183 3124 non
3216 3069 3412 3124 sivere.
3438 3067 3561 3121 Dia-

285 3164 475 3233 ἐπειδὴ
515 3161 660 3217 ἆθλα
709 3160 777 3235 ἦν
824 3166 1029 3237 ἀρετῆς
1072 3166 1408 3236 ἀποκείμενα
1456 3166 1535 3235 τῷ
1586 3166 1876 3238 ἀνθρώπῳ,

1982 3167 2140 3221 holus
2173 3166 2336 3235 igitur
2368 3165 2715 3219 adversarius
2760 3170 2947 3217 noster
2987 3170 3091 3226 est,
3138 3161 3207 3217 ob
3238 3176 3427 3215 casum
3462 3176 3560 3214 no-

284 3260 365 3320 ιὶς
412 3255 450 3310 ἃ
486 3256 696 3324 φθάσαι
748 3259 851 3310 ὑπὸ
909 3258 1007 3327 τῆς
1046 3258 1305 3329 ἐπηρείας
1348 3257 1442 3310 τοῦ
1493 3259 1737 3312 διαϐόλου
1782 3261 1881 3313 οὐκ

1982 3261 2067 3315 bis
2092 3259 2220 3313 olim
2274 3273 2370 3327 per
2401 3258 2547 3311 illius
2582 3256 2815 3311 insidias
2854 3257 3149 3322 invectum,
3196 3252 3428 3307 Domino
3477 3254 3561 3307 lu-

282 3351 599 3420 ἐπετράπη.
656 3350 985 3421 Ἀγωνιστὴς
1021 3350 1197 3403 τοίνυν
1225 3352 1455 3421 ἔστηκεν
1480 3353 1614 3421 ἡμῖν
1638 3354 1666 3404 6
1698 3351 1878 3405 6idﬁo-

1982 3361 2127 3407 ctam
2165 3352 2326 3405 nobis
2357 3350 2623 3406 adversus
2660 3365 2783 3405 eum
2818 3349 3211 3409 constituente,
3257 3356 3315 3400 ut
3370 3344 3557 3399 redin-

281 3439 487 3504 ‘Ao;6i&
520 3442 582 3493 τὸ
625 3441 685 3507 ἐξ
718 3442 983 3513 ἐπηρείας
1018 3442 1181 3494 πάλαι
1220 3442 1510 3511 γενόμενον
1549 3445 1681 3512 ἡμῖν
1735 3442 1881 3495 πτῶ-

1982 3454 2188 3515 tegrata
2227 3461 2323 3514 per
2360 3444 2726 3499 obedientiam
2768 3443 2936 3505 lucta,
2987 3440 3055 3497 de
3098 3440 3322 3494 inimico
3365 3438 3560 3493 tritum

286 3549 391 3602 μα,
424 3530 522 3584 τοῦ
555 3532 763 3603 Κυρίου
794 3534 1245 3605 οἰκονομήσαντος
1268 3537 1401 3605 ἡμῖν
1429 3536 1525 3606 τὴν
1559 3536 1694 3606 πρὸς
1719 3536 1880 3589 αὑτὸν

1982 3539 2230 3608 phemus.
2259 3535 2479 3591 Utinam
2502 3535 2722 3605 quidem
2758 3534 2935 3589 factus
2974 3549 3082 3585 non
3114 3540 3259 3586 esset
3284 3530 3557 3593 diabolus,

282 3624 487 3694 πάλην,
510 3622 655 3677 ὥστε
682 3624 770 3677 διὰ
789 3628 887 3695 τῆς
913 3626 1157 3695 ὑπακοῆς
1182 3627 1547 3679 ἀναπαλαῐσαι
1572 3629 1718 3696 ἡμᾶς
1742 3628 1875 3697 (79),

1982 3631 2077 3684 sed
2110 3632 2161 3682 in
2212 3646 2277 3684 eo
2311 3630 2429 3698 ipso
2457 3629 2670 3692 ordine,
2704 3629 2758 3680 in
2793 3643 2901 3697 quo
2949 3626 3123 3680 fuerat
3174 3626 3330 3678 initio
3361 3623 3430 3677 ab
3469 3637 3562 3676 or-

283 3719 381 3771 καὶ
446 3718 1008 3787 καταστεφανωθῆναι
1071 3718 1163 3771 τοῦ
1231 3719 1522 3773 ἀντιδίκου.
1584 3720 1710 3772 Εἴθε
1780 3720 1879 3789 μὲν

1980 3722 2231 3775 dinatore
2279 3722 2601 3786 collocatus,
2634 3720 3022 3775 remansisset!
3063 3717 3167 3772 Sed
3200 3724 3558 3786 posteaquam

281 3808 396 3877 γὰρ
426 3809 503 3879 μὴ
542 3808 784 3876 ἐγεγόνει
829 3808 1091 3873 διάϐολος,
1120 3809 1235 3863 ἀλλ’
1263 3810 1476 3880 ἐμεινεν
1512 3813 1569 3863 ἐν
1611 3814 1677 3881 τῇ
1705 3812 1877 3877 τάξει,

1983 3815 2235 3870 desertor
2265 3812 2443 3869 factus
2474 3822 2578 3875 est,
2610 3821 2719 3867 tam
2752 3812 2845 3867 Dei
2872 3828 3034 3883 quam
3065 3812 3345 3865 hominum
3370 3809 3463 3880 qui
3491 3807 3560 3863 ad

283 3895 406 3971 ἐνῇ
458 3899 523 3963 ἐξ
554 3901 732 3971 ἀρχῆς
770 3900 973 3971 ἐτάχθη
1017 3902 1167 3975 παρὰ
1198 3902 1290 3955 τοῦ
1331 3903 1653 3975 ταξιάρχουῑ
1691 3904 1879 3976 ἐπειδὴ

1981 3905 2075 3961 Dei
2108 3908 2397 3979 imaginem
2420 3907 2627 3962 conditi
2653 3914 2803 3970 sunt,
2836 3905 3091 3960 inimicus
3115 3904 3237 3959 fuit.
3267 3902 3403 3956 Nam
3437 3902 3558 3955 ideo

280 3991 339 4045 δὲ
375 3993 603 4061 γέγονεν
647 3993 981 4064 ἀποστάτης,
1023 3995 1215 4067 ἐχθρὸς
1256 3997 1351 4066 μέν
1398 3997 1555 4060 Θεοῦ,
1600 3997 1792 4069 ἐχθρὸς
1823 3997 1879 4049 δὲ

1980 4001 2254 4054 hominem
2292 4002 2420 4055 odio
2454 4001 2832 4071 prosequitur,
2867 4000 3013 4068 quod
3040 3998 3213 4067 ipsius
3260 3998 3421 4052 etiam
3463 3993 3560 4047 Dei

282 4084 597 4154 ἀνθρώπων
632 4085 743 4137 τῶν
777 4087 895 4137 κατ’
933 4086 1115 4137 εἰκόνα
1156 4085 1289 4137 Θεοῦ
1333 4086 1713 4154 γεγενημένων
1773 4086 1877 4152 (διὰ

1981 4092 2212 4146 exsistat
2260 4091 2460 4147 hostis.
2493 4090 2559 4145 Et
2589 4092 2704 4146 odit
2744 4090 2961 4161 quidem
2991 4105 3093 4145 nos
3148 4100 3402 4159 tanquam
3448 4084 3556 4139 Do-

280 4174 445 4229 τοῦτο
488 4176 601 4245 γάρ
643 4177 759 4228 ἐστι
812 4176 1228 4246 μισάνθρωπος,
1260 4176 1393 4229 διότι
1443 4178 1536 4229 καὶ
1576 4176 1874 4245 θεομάχος-

1980 4184 2116 4236 mini
2148 4184 2517 4237 hatreditatem
2547 4203 2560 4237 :
2598 4183 2709 4238 odit
2738 4191 2791 4238 et
2825 4193 3081 4252 tanquam
3123 4182 3412 4251 imaginem
3437 4176 3556 4232 Dei.

279 4269 384 4323 ui.
412 4270 564 4337 μισεῖ
601 4269 698 4336 μὲν
743 4270 891 4337 ἡμᾶς
937 4267 1012 4331 ὡς
1042 4269 1297 4337 κτήματα
1327 4267 1419 4319 τοῦ
1449 4267 1717 4319 Δεσπότου
1742 4267 1875 4337 (80),

1978 4273 2169 4344 Itaque
2200 4276 2420 4344 sapiens
2461 4275 2551 4329 ille
2580 4289 2643 4327 ac
2669 4274 2928 4343 providus
2972 4288 3154 4327 rerum
3191 4272 3554 4325 humanarum

283 4364 439 4430 μισεί
479 4361 537 4413 δὲ
560 4360 635 4423 ὡς
667 4361 989 4430 ὁμοιώματα
1020 4360 1111 4412 τοῦ
1152 4360 1341 4430 Θεοῦ)’
1378 4362 1748 4431 συνεχρήσατο
1785 4357 1877 4414 οὖν

1980 4365 2293 4419 moderator
2321 4364 2671 4433 improbitate
2705 4363 2853 4417 illius
2879 4371 2932 4416 et
2965 4362 3177 4415 animas
3201 4368 3421 4414 nostras
3448 4359 3557 4428 82

286 4450 458 4505 αὐτοῦ
484 4454 554 4521 τῇ
584 4452 820 4522 πονηρία
837 4455 915 4514 εἰς
935 4453 1233 4522 γυμνάσιον
1251 4451 1361 4505 τῶν
1387 4453 1672 4523 ἡμετέρων
1690 4452 1877 4523 ψυχῶν

1978 4456 2321 4511 exercendas
2373 4470 2508 4511 usus
2549 4463 2658 4518 est,
2705 4454 2932 4523 perinde
2971 4460 3134 4524 atque
3173 4451 3419 4507 medicus
3476 4450 3558 4503 vi-

277 4546 309 4596 6
346 4543 532 4611 σοφῶς
560 4544 656 4596 καὶ
691 4544 1065 4614 προνοητικῶς
1101 4543 1395 4613 οἰκονομῶν
1437 4544 1506 4597 τὰ
1538 4544 1871 4615 ἀνθρώπινα,

1979 4563 2122 4617 ρει-ιε
2146 4562 2417 4602 venenum
2451 4546 2521 4600 ad
2560 4544 2822 4601 salutaria
2854 4544 3095 4615 paranda
3143 4543 3433 4613 pharmaca
3461 4541 3558 4593 ad—

276 4638 473 4707 ῶσπερ
507 4635 692 4706 ίατρδς
721 4635 798 4706 τῷ
826 4638 923 4706 τῆς
946 4636 1159 4707 ἐχίδνης
1207 4636 1269 4707 ἰῷ
1303 4640 1381 4700 είς
1415 4638 1697 4709 σωτηρίων
1733 4658 1871 4713 φαρ-

1978 4636 2147 4692 hibet.
2204 4636 2340 4702 Quis
2390 4637 2556 4707 igitur
2615 4641 2736 4689 erat
2778 4632 3071 4689 diabolus?
3112 4639 3166 4687 et
3212 4631 3335 4702 quis
3383 4629 3556 4698 ipsius

282 4728 485 4796 μάκων
529 4728 879 4797 κατασκευὴν
917 4726 1325 4798 ἀποχρώμενος.
1352 4729 1447 4791 Τίς
1479 4725 1569 4782 οὖν
1596 4726 1664 4799 ἦν
1693 4729 1803 4800 (81)
1842 4731 1870 4782 6

1977 4729 2152 4783 ordo?
2200 4738 2255 4784 et
2308 4745 2429 4800 quae
2464 4728 2748 4799 dignitas?
2796 4734 2850 4782 et
2902 4725 3047 4780 unde
3101 4732 3281 4777 tamen
3323 4722 3556 4776 Satanas

277 4818 564 4883 διάϐολος
608 4820 703 4872 καὶ
732 4818 816 4881 τίς
857 4822 890 4889 ἡ
922 4820 1109 4885 τάξιςς
1146 4822 1240 4873 καὶ
1281 4821 1333 4872 τί
1375 4822 1434 4873 τὸ
1473 4821 1720 4891 digitum;
1775 4823 1869 4875 καὶ

1976 4823 2283 4893 appellatus
2325 4822 2452 4877 est?
2496 4820 2728 4877 Satanas
2762 4828 2879 4874 erat
2914 4819 3153 4889 quidem,
3188 4815 3333 4885 quod
3366 4814 3554 4868 adver—

280 4911 447 4965 πόθεν
493 4911 632 4975 ὅλως
674 4913 920 4976 Σατανᾶς
966 4914 1401 4984 προσηγόρευται
1445 4914 1590 4983 (82);
1626 4917 1867 4978 Σατανᾶς

1975 4924 2130 4970 satur
2190 4916 2355 4968 bono.
2413 4913 2526 4969 Hoc
2575 4916 2719 4969 enim
2764 4912 3036 4983 significat
3084 4925 3187 4963 vox
3251 4907 3551 4970 Hebraica,

282 5006 387 5073 μὲν
426 5001 543 5063 οὖν,
580 5005 669 5059 διὰ
717 5005 777 5057 τὸ
813 5006 1150 5059 ἀντικεῖσθαι
1203 5006 1282 5076 τῷ
1328 5007 1545 5077 ἀγαθῷ·
1583 5007 1725 5060 οῦτω
1762 5006 1868 5076 γὰρ

1977 5017 2038 5063 ut
2076 5025 2142 5063 ex
2176 5008 2489 5078 Regnorum
2522 5008 2677 5063 libris
2706 5006 3000 5061 didicimus
3035 5018 3047 5052 :
3084 5000 3369 5055 Susciiavii
3391 5000 3549 5064 enim,

282 5097 543 5164 σημαίνει
573 5097 607 5167 ἡ
647 5096 798 5167 φωνὴ
849 5096 961 5149 τῶν
999 5098 1287 5169 Ἐϐραίων,
1326 5098 1400 5162 ὡς
1443 5102 1500 5153 ἐν
1548 5101 1668 5163 ταῖς
1702 5100 1865 5152 Βασι-

1977 5101 2181 5171 inquit,
2231 5100 2491 5155 Dominus
2524 5099 2799 5155 Salomoni
2832 5096 3023 5157 Satan,
3058 5093 3197 5147 Ader
3228 5109 3396 5163 regem
3447 5091 3551 5162 Sy-

351 5249 397 5279 “
433 5246 573 5303 Gen.
613 5266 716 5316 ιιι,
751 5251 801 5305 7.
878 5252 922 5283 ’⁷
966 5250 1153 5307 Matth.
1190 5268 1245 5305 vr
1269 5294 1282 5315 ,
1318 5252 1409 5307 ‘25.

354 5401 641 5489 1:17)‘Re.g.
689 5404 1025 5489 ργίηιιιετμὴ
1061 5409 1453 5489 μεριμνήσητε.
1506 5408 1663 5489 [laud
1704 5412 1865 5482 longe

2001 5411 2149 5489 __(79)
2184 5410 2340 5467 Colb.
2376 5412 2587 5489 primus
2620 5411 2877 5489 ὑπακοῆς.
2892 5409 3201 5489 ἀναπλάσαι
3234 5410 3399 5489 ημᾶς..
3427 5409 3548 5463 Mox

281 5472 670 5555 Coiﬁ'ktertius
692 5472 874 5555 ’ἕτερα
909 5472 978 5547 ἦν
1012 5472 1621 5555 αύτῷ-ηὐτρεπισμένα.
1694 5550 1725 5555 _

1968 5472 2341 5555 aliquotlnss.
2368 5472 2615 5555 Fidisi‘év
2744 5472 2877 5555 Illud
2914 5485 2978 5555 év_
3002 5497 3030 5533 a
3068 5472 3302 5555 vulgatis
3338 5480 3545 5555 aberat.

356 5544 465 5613 (78)
504 5545 730 5621 Yeteres
772 5544 1021 5621 quinque
1068 5544 1351 5621 libricuin
1400 5544 1644 5605 editione
1694 5550 1860 5606 Basirl.

2040 5544 2150 5621 (30)
2186 5552 2325 5607 Editi
2351 5552 2426 5615 ὡς
2450 5544 2770 5621 κτίσμα”τοῦ
2804 5552 3093 5605 Δεσπότου.
3122 5544 3251 5618 Βὲε.
3273 5549 3548 5605 secundus

284 5614 539 5692 gerum!
562 5634 706 5679 τινες
732 5614 1045 5692 ξπριὸολαί.
1064 5618 1168 5692 Alii
1193 5620 1302 5672 duo
1318 5634 1450 5692 mss.
1468 5636 1603 5692 cum
1624 5622 1862 5676 editione

1968 5614 2358 5692 ὡς’κτίσματα.
2386 5614 2491 5676 Alii
2515 5614 2757 5692 quinque
2787 5639 2945 5685 mss.,
2978 5622 3022 5677 si
3058 5638 3165 5674 non
3193 5614 3396 5689 imm-‘5’
3416 5621 3548 5691 κτίΓ

284 5642 538 5682 Vanum:
562 5642 703 5679 τινες
737 5642 1045 5687 περιυωιαι.
1064 5642 1167 5671 mu
1193 5642 1302 5672 uuu
1318 5642 1450 5675 mss.
1476 5642 1599 5674 cum
1624 5642 1862 5676 cultione

284 5683 455 5762 Paris.
492 5689 783 5762 φωτειναῖς
814 5705 925 5762 τισι
964 5688 1297 5762 περιϐολαῖςἒ
1332 5688 1536 5762 Statim
1580 5690 1710 5762 Reg.
1752 5694 1863 5759 pri-

1624 5642 1862 5676 ραιιιοηθ
1968 5642 2042 5686 ως
2066 5642 2190 5675 κτισ
2238 5642 2358 5675 ατα.
2386 5642 2491 5676 AIII
2515 5642 2757 5692 QUIDQIIC
2787 5642 2945 5685 mss.,
2978 5642 3022 5677 SI
3058 5642 3165 5674 11011
3193 5642 3222 5689 ρ

1627 5708 1710 5762 eg.
1752 5694 1863 5759 pri-
1973 5710 2137 5745 ιιατα.
2174 5642 2538 5762 έῗιιιὶιῐυηδε.
2576 5694 2823 5747 nonnulli
2856 5693 2930 5756 ὡς
2954 5692 3224 5762 ὁμοίωμα.

287 5771 405 5809 mus
427 5756 668 5834 ἀστέρων
702 5756 1052 5834 τερπνότητα
1082 5759 1537 5834 καὶ-στιλϐότητα.
1570 5756 1723 5819 (loli).
1753 5756 1863 5834 pri-

1718 5804 1723 5814 .
1753 5756 1863 5834 pri-
2039 5764 2153 5830 (81)
2187 5762 2344 5827 Illud,
2377 5760 2463 5834 ἦν,
2498 5779 2562 5818 ex
2596 5764 2781 5818 multis
2814 5780 2947 5818 mss.
2986 5756 3318 5817 addidimus.

288 5840 406 5881 mus
434 5828 675 5899 ἀστέρων
702 5828 1060 5900 τερπνὸτητα.
1103 5828 1200 5883 Διά
1225 5829 1405 5895 τοῦτο,
1436 5828 1548 5886 etc.
1753 5828 1775 5834 ’

1482 5842 1548 5886 Lc.
1753 5828 1775 5834 ’
2040 5828 2148 5905 (3‘2)
2185 5834 2337 5889 Colb.
2374 5828 2569 5891 tertius
2603 5834 3082 5907 προσαγορεύεται.

786 5917 804 5941 ἱ
