4052 6214
445 329 542 387 351

1771 331 1830 387 S.
1871 332 2116 389 BASILII
2152 334 2372 390 MAGNI

3579 344 3688 400 351

447 462 628 500 rerum
650 445 694 477 "
718 484 731 499 .
769 443 1029 504 Diabolus
1057 465 1207 514 vero,
1249 449 1395 520 quod
1425 449 1566 505 idem
1598 452 1809 522 peccati
1843 454 2016 508 nostri

2120 455 2289 518 λείαις
2321 454 2748 526 μεμαθήκαμεν·
2797 456 3099 528 Ἐ’ξήγειρε
3129 458 3259 528 γὰρ,
3287 460 3441 529 φησὶ,
3478 462 3691 530 Κύριος

445 537 670 607 adjutor
702 547 787 595 est
825 548 882 596 et
921 551 1233 605 accusator,
1267 542 1511 612 gaudens
1562 542 1780 612 quidem
1827 553 2017 598 nostro

2119 546 2197 612 τῷ
2213 545 2551 616 Σολομῶντι
2573 547 2793 615 Σατᾶν,
2827 549 3001 617 Ἀὃερ
3025 549 3132 603 τὸν
3152 549 3417 613 βασιλέα
3435 549 3554 606 τῶν
3580 554 3691 607 Σύ-

444 631 692 696 interitu,
718 636 788 688 ob
817 650 881 690 ea
908 650 1039 691 vero
1062 648 1183 705 qua).
1210 635 1544 704 patravimus
1564 632 1862 690 traducens
1894 652 2014 692 nos.

2120 654 2269 708 ρων·
2303 637 2548 701 διάϐολος
2572 637 2682 709 (85)
2712 628 2789 702 δέ,
2825 640 3012 710 ἐπειδὴ
3039 641 3067 692 ὁ
3098 639 3260 704 αὐτὸς
3309 642 3403 695 καὶ
3436 643 3693 714 συνεργὸς

446 721 714 779 Caeterum
757 733 954 781 natura
995 727 1114 797 ejus
1148 726 1466 795 incorporea
1514 732 1620 789 est,
1668 725 1824 795 juxta
1868 724 2017 795 Apo-

449 816 647 870 stolum
672 817 944 874 dicentem
986 837 998 873 :
1036 816 1160 871 Non
1192 826 1268 871 est
1299 816 1450 872 nobis
1492 818 1801 872 colluctatio
1834 819 2016 872 adver-

446 920 539 958 sus
561 908 868 976 sanguinem
894 918 944 962 et
980 924 1215 970 carnem,
1251 907 1342 961 sed
1373 918 1560 962 contra
1588 909 1902 977 spiritualia
1930 927 2020 964 ne-

444 997 698 1064 quitia”.
732 997 975 1069 Dignitas
1006 1014 1134 1053 vero
1162 1006 1246 1052 est
1276 998 1627 1068 imperatoria
1666 1018 1685 1053 ι
1709 999 1843 1053 dicit
1873 1014 2023 1053 nam-

445 1102 574 1156 que,
626 1089 889 1146 Adversus
918 1092 1269 1161 principatus,
1298 1100 1358 1147 et
1389 1100 1694 1159 potestates,
1740 1100 1791 1146 et
1837 1090 2021 1145 mundi

361 1208 367 1217 -
446 1189 674 1236 rectores
706 1183 1039 1238 tenebrarum
1065 1184 1251 1237 Irarum
1283 1186 1322 1238 ¹.
1366 1183 1545 1240 Locus
1587 1192 1768 1239 autem
1816 1183 2020 1253 princi-

448 1279 610 1341 patus
648 1275 786 1337 situs
819 1284 904 1332 est
930 1278 986 1331 in
1027 1291 1155 1332 aere
1192 1277 1355 1331 sicuti
1383 1276 1525 1332 idem
1557 1277 1635 1330 ait
1671 1291 1685 1327 :
1717 1274 2019 1330 Secundum

444 1368 734 1436 principem
777 1372 1051 1438 potestatis
1085 1372 1247 1433 aeris,
1283 1371 1501 1438 spiritus
1529 1370 1620 1439 qui
1649 1386 1787 1424 nunc
1837 1386 2022 1439 opera-

449 1465 538 1510 tur
571 1459 628 1511 in
663 1459 790 1527 ﬁliis
837 1461 1203 1515 inobedientiw
1243 1462 1285 1513 ¹.
1320 1460 1531 1515 Idcirco
1579 1461 1765 1514 mundi
1802 1475 2021 1531 quoque

448 1548 702 1618 princeps
726 1550 948 1613 dicitur,
981 1551 1130 1621 quod
1170 1553 1378 1605 circum
1410 1552 1596 1607 orbem
1631 1559 1903 1605 terrarum
1936 1557 2020 1606 est

446 1639 620 1708 ipsius
662 1641 1019 1710 principatus.
1062 1643 1137 1696 lta
1185 1657 1402 1712 quoque
1447 1641 1711 1698 Dominus
1742 1642 2017 1711 loquitur:

448 1726 607 1782 Nunc
659 1731 927 1798 judicium
986 1742 1063 1787 est
1118 1734 1301 1787 mundi
1349 1734 1548 1801 hujus,
1604 1750 1741 1787 nunc
1784 1735 2017 1803 princeps

2115 730 2217 800 τῆς
2245 731 2517 801 ἁμαρτίας
2541 731 2699 801 ἡμῶν
2744 732 2841 784 καὶ
2887 733 3190 803 κατήγορος
3220 732 3459 800 γίνεται·
3490 734 3695 805 χαίρων

2121 823 2219 892 μὲν
2251 822 2385 894 (85⁸)
2422 823 2579 893 ἡμῶν
2610 822 2873 894 ἀπωλείᾳ,
2904 823 3420 894 παραδειγματίζων
3463 826 3519 878 δὲ
3550 826 3696 895 ἡμᾶς

2118 911 2211 964 ἐπὶ
2248 914 2360 975 τοῖς
2406 912 2832 984 πεπραγμένοις.
2878 912 3042 975 Φύσις
3073 912 3130 966 δὲ
3180 913 3696 985 αὺτοῦ-ἀσώματος,

2120 1001 2263 1056 κατὰ
2290 1003 2381 1057 τὸν
2397 1004 2737 1066 Ἀπόστολον,
2761 1002 2854 1058 τὸν
2884 1004 3126 1058 εἰπόντα·
3148 1007 3270 1059 Οὐκ
3293 1005 3463 1059 ἔστιν
3483 1004 3626 1073 ἡμῖν
3654 1007 3695 1074 ή

2120 1095 2282 1163 πάλη
2314 1095 2462 1163 πρὸς
2486 1090 2629 1164 αἷμα
2665 1095 2762 1149 καί
2792 1096 3008 1164 σάρκα,
3042 1096 3201 1150 ἀλλὰ
3228 1094 3377 1164 πρὸς
3411 1095 3481 1150 τὰ
3517 1109 3698 1151 πνευ-

2113 1186 2330 1256 ματικὰ
2380 1185 2491 1253 τῆς
2526 1186 2835 1256 πονηρίας.
2875 1185 3115 1255 Ἀξίωμα
3163 1186 3220 1240 δὲ
3249 1187 3495 1258 ἀρχικόν·
3540 1188 3699 1256 Πρὸς

2118 1278 2227 1350 γὰρ
2254 1277 2361 1343 τὰς
2381 1277 2590 1345 ἀρχὰς,
2620 1278 2772 1347 φησὶ,
2809 1278 2909 1332 καὶ
2945 1279 3051 1346 τὰς
3073 1279 3378 1345 ἐξουσίας,
3414 1278 3510 1332 καί
3554 1279 3699 1346 τοὺς

2119 1369 2604 1438 κοσμοκράτορας
2624 1369 2730 1424 τοῦ
2757 1371 3021 1437 σκότους
3046 1372 3281 1426 τούτου.
3311 1371 3484 1434 Τόπος
3511 1370 3569 1425 δὲ
3596 1372 3699 1441 τῆς

2118 1461 2294 1535 ἀρχῆς
2341 1463 2369 1514 ό
2418 1460 2681 1531 ἐναέριος,
2720 1460 2797 1524 ὣς
2842 1478 3009 1531 φησιν
3060 1462 3089 1513 ὁ
3135 1461 3326 1526 αὐτός’·
3375 1461 3540 1516 Κατὰ
3587 1462 3699 1515 τὸν

2119 1552 2381 1622 ἄρχοντα
2419 1551 2530 1619 τεῆς
2559 1551 2844 1620 ἐξουσίας
2873 1553 2982 1608 τοῦ
3010 1554 3206 1622 ἀέρος,
3237 1553 3345 1607 τοῦ
3359 1554 3700 1622 πνεύματος

2119 1645 2224 1699 τοῦ
2281 1644 2398 1699 νῦν
2442 1644 2825 1714 ἐνεργοῦντος
2881 1646 2952 1698 ἐν
3001 1644 3123 1712 τοῖς
3162 1644 3314 1711 υἱοῖς
3371 1643 3482 1711 τῆς
3529 1644 3700 1698 ἀπει-

2120 1736 2301 1802 θείας.
2342 1736 2441 1789 Διὰ
2475 1735 2631 1789 τοῦτο
2675 1736 2770 1788 καὶ
2801 1739 3007 1807 κόσμου
3041 1738 3222 1810 ἄρχων
3241 1736 3480 1805 λέγεται,
3506 1734 3698 1805 ἐπειδὴ

447 1823 631 1876 mundi
656 1823 812 1893 hujus
851 1827 1090 1895 ejicietur
1105 1826 1251 1896 foras
1276 1828 1317 1881 ³.
1351 1828 1414 1881 Et
1436 1842 1666 1882 rursus:
1703 1824 1849 1880 Venit
1867 1829 2017 1894 prin-

2125 1830 2394 1899 περίγειος
2429 1827 2593 1882 αὐτοῦ
2637 1830 2783 1881 ἐστιν
2836 1830 2870 1899 ἡ
2920 1830 3083 1900 ἀρχή.
3123 1830 3233 1882 Καὶ
3268 1827 3439 1891 οὕτως
3474 1825 3635 1896 φησὶν
3666 1825 3701 1878 6

446 1930 563 1982 ceps
591 1918 774 1969 mundi
806 1917 985 1987 hujus,
1005 1929 1053 1971 et
1084 1919 1137 1971 in
1172 1936 1252 1974 me
1284 1937 1385 1973 non
1404 1921 1624 1974 inveniet
1658 1918 1946 1989 quidquam
1969 1918 2010 1973 ⁸⁵.

2120 1918 2323 1991 Κύριος
2340 1935 2353 1948 ·
2390 1918 2521 1972 Νῦν
2548 1919 2750 1987 κρίσις
2779 1918 2913 1972 ἐστὶ
2940 1918 3043 1973 τοῦ
3072 1919 3303 1987 κόσμου
3323 1918 3558 1981 τούτου,
3580 1914 3704 1970 νῦν·

446 2005 482 2057 ὀ
522 2002 722 2072 ἅρχων
768 2006 873 2060 τοῦ
909 2009 1142 2076 κόσμου
1175 2009 1390 2063 τούτου
1428 2009 1867 2078 ἐκϐληθήσεται
1908 2008 2019 2081 (84)
2055 2007 2192 2075 ἔξω.
2229 2009 2342 2063 Καὶ
2394 2006 2591 2063 πάλιν·
2629 2010 2905 2078 Ἔρχεται
2964 2012 2998 2064 ό
3065 2008 3266 2079 ἄρχων
3304 2006 3410 2063 τοῦ
3468 2009 3701 2076 κόσμον

444 2095 683 2160 τούτου,
706 2097 803 2151 καὶ
840 2099 909 2151 ἐν
943 2099 1072 2167 ἐμοὶ
1100 2100 1343 2167 εὑρήσει
1370 2100 1571 2157 οὐδέν.

517 2186 606 2242 10.
646 2188 910 2253 Quoniam
950 2199 1131 2246 autem
1168 2193 1235 2247 de
1276 2193 1519 2248 exercitu
1561 2192 1767 2248 diaboli
1808 2193 2019 2248 dictum

445 2287 535 2336 est
563 2298 576 2335 :
602 2277 919 2347 Spiritualia
963 2295 1092 2337 sunt
1121 2284 1368 2354 nequitiae
1400 2285 1456 2339 in
1490 2284 1785 2339 caelestibus
1803 2286 1847 2351 ⁵,
1878 2286 2021 2341 scire

446 2384 631 2441 cperze
663 2374 896 2441 pretium
944 2383 1029 2429 est
1072 2389 1275 2440 aerem,
1330 2382 1388 2429 ut
1428 2390 1548 2431 mos
1596 2383 1703 2438 est,
1746 2376 1945 2431 coelum
1992 2388 2024 2428 a

448 2460 735 2532 Scriptura
776 2465 980 2519 vocari.
1012 2463 1261 2536 Exempli
1311 2481 1518 2523 causa:
1556 2466 1812 2522 Volatilia
1845 2467 2021 2532 cteli‘,

445 2563 522 2618 et,
555 2556 855 2610 Ascendunt
895 2574 1057 2628 usque
1093 2558 1160 2611 ad
1196 2562 1350 2614 caelos
1379 2561 1398 2591 ⁷
1427 2580 1441 2614 :
1474 2561 1578 2615 hoc
1611 2568 1716 2627 est,
1752 2562 1808 2615 in
1840 2576 2020 2616 aerem

448 2649 557 2702 alte
589 2651 977 2704 sustolluntur.
1014 2652 1144 2705 Eam
1176 2653 1247 2705 ob
1273 2666 1500 2707 causam
1540 2662 1594 2709 et
1625 2651 1889 2708 Dominus
1916 2651 2022 2708 Sa-

449 2748 631 2793 tanam
676 2742 805 2796 vidit
848 2743 984 2796 sicut
1022 2743 1203 2813 fulgur
1254 2743 1318 2797 de
1353 2742 1481 2797 coelo
1525 2744 1838 2799 cadentem”
1871 2764 1883 2798 :
1920 2745 2025 2798 hoc

449 2838 556 2895 est,
602 2847 668 2887 ex
702 2849 803 2887 suo
848 2834 1161 2904 principatu
1207 2836 1547 2906 prolapsum,
1594 2843 1646 2889 ct
1682 2837 1737 2890 in
1785 2820 1910 2891 imis
1935 2836 2024 2905 ja-

450 2933 698 2990 centem;
732 2933 792 2978 ut
828 2925 897 2979 ab
934 2926 1003 2980 iis
1038 2926 1131 2995 qui
1168 2926 1223 2980 in
1264 2925 1485 2981 Christo
1514 2942 1664 2996 spem
1708 2942 2021 2997 rcposuere,

2190 2188 2278 2242 10.
2297 2186 2515 2259 Ἐπειδὴ
2543 2187 2599 2240 δὲ
2615 2185 2828 2259 εἴρηται
2850 2187 2977 2258 περὶ
2994 2187 3092 2258 τῆς
3119 2188 3378 2259 στρατιᾶς
3402 2186 3494 2240 τοῦ
3512 2187 3701 2246 διασό-

2120 2279 2237 2347 λου,
2263 2280 2344 2333 ὅτι
2382 2279 2764 2348 Πνευματικά
2808 2279 2940 2333 ἐστι
2987 2277 3097 2348 τῆς
3124 2280 3415 2347 πονηρίας
3455 2279 3526 2333 ἐν
3574 2281 3703 2348 τοῖς

2120 2372 2525 2440 ἐπουρανίοις,
2549 2370 2745 2424 εἰδέναι
2785 2370 2930 2441 χρὴ,
2970 2371 3053 2424 ὅτι
3095 2372 3321 2443 οὐρανὸν
3372 2371 3617 2441 συνήθως
3662 2374 3702 2445 ἡ

2123 2466 2314 2537 Γραφὴ
2361 2464 2452 2517 τὸν
2493 2463 2632 2536 ἀέρα
2663 2463 2829 2532 λέγει,
2856 2464 2932 2526 ὼς
2971 2463 3051 2529 τὸ,
3088 2466 3164 2518 Τὰ
3196 2465 3437 2519 πετεινὰ
3467 2464 3571 2519 τοῦ
3598 2468 3705 2521 οὐ-

2113 2557 2307 2627 ρανοῦ
2323 2573 2338 2589 ·
2371 2557 2463 2611 καὶ
2488 2556 2573 2621 τὸ,
2617 2556 3073 2611 Ἀναϐαἰνουσιν
3107 2555 3218 2623 ἕως
3244 2554 3365 2610 τῶν
3388 2555 3661 2625 οὐρανῶν
3680 2574 3698 2588 ·

2121 2648 2415 2711 τουτέστιν,
2453 2647 2545 2700 ἐπὶ
2587 2646 2721 2699 πολὺ
2752 2645 2846 2699 τοῦ
2876 2647 3038 2719 ἀέρος
3080 2645 3360 2716 accaym.
3404 2647 3503 2699 Διὰ
3538 2646 3702 2702 τοῦτο

2121 2742 2215 2795 καὶ
2245 2743 2273 2794 ό
2312 2740 2512 2810 Κύριος
2542 2735 2678 2792 Ellis
2709 2738 2815 2791 τόν
2854 2736 3131 2794 Σατανᾶν
3167 2739 3248 2803 ὠς
3284 2737 3604 2807 ἀστραπὴν
3625 2740 3699 2795 ἐκ

2121 2831 2229 2886 τοῦ
2249 2831 2507 2902 οὐρανοῦ
2536 2831 2803 2884 πεσόντα
2820 2847 2833 2860 ·
2866 2831 3135 2894 τουτέστι,
3161 2830 3260 2900 τῆς
3288 2830 3493 2894 οἰκείας
3520 2830 3702 2901 ἀρχῆς

2124 2925 2426 2978 ἐκπεσόντα
2448 2963 2463 2987 ,
2499 2923 2593 2977 καὶ
2627 2922 2778 2976 κάτω
2816 2923 3108 2993 γενόμενον
3132 2962 3147 2987 ,
3195 2922 3283 2976 ἵνα
3313 2923 3549 2994 πατῆται
3593 2921 3704 2975 ὑπὸ

449 3017 819 3072 conculcetur.
865 3015 1134 3071 Nimirum
1167 3017 1317 3073 dedit
1356 3018 1643 3089 discipulis
1689 3021 1806 3075 suis
1855 3021 2023 3075 virtu-

2126 3016 2233 3070 τῶν
2254 3018 2334 3081 εἰς
2355 3016 2589 3087 Χριστὸν
2614 3016 2920 3084 ὴλπικότων
2952 3015 3086 3087 (85).
3109 3014 3315 3068 Ἔδωκε
3344 3014 3453 3087 γὰρ
3471 3014 3702 3085 δύναμιν

450 3116 558 3162 tem
583 3109 829 3162 calcandi
857 3123 1025 3179 super
1047 3119 1330 3180 serpentes
1350 3116 1405 3164 et
1426 3112 1766 3181 scorpiones,
1788 3121 1840 3166 et
1861 3128 2023 3183 super

2123 3113 2235 3173 τοῖς
2263 3109 2457 3163 ἑαυτοῦ
2494 3108 2763 3180 μαθηταῖς
2806 3108 2900 3162 τοῦ
2946 3112 3137 3163 πατεῖν
3176 3108 3359 3162 ἐπάνω
3395 3094 3569 3175 δφεων
3604 3107 3706 3160 καὶ⁵

450 3214 669 3254 omnem
697 3200 955 3256 virtutem
989 3201 1199 3259 inimici
1222 3202 1265 3255 ⁸.
1296 3200 1532 3257 Proinde
1579 3217 1704 3257 cum
1752 3202 2022 3274 ﬂagitiosa

2127 3201 2425 3272 σκορπίων,
2460 3202 2555 3254 καὶ
2606 3200 2701 3253 ἐπὶ
2731 3201 2911 3255 πᾶσαν
2941 3200 3040 3270 τὴν
3070 3200 3299 3272 δύναμιν
3341 3199 3436 3253 τοῦ
3478 3197 3701 3270 ἐχθροῦ.

449 3291 574 3362 ejus
612 3294 863 3364 tyrannis
894 3294 1068 3361 ejecta
1105 3294 1196 3357 sit,
1235 3294 1502 3364 locusque
1532 3301 1694 3351 terra:
1732 3296 2023 3367 circumja-

2137 3294 2290 3348 Ἐπεὶ
2339 3289 2432 3348 οὖν
2466 3292 2726 3365 ἐξεϐλήθη
2771 3294 2805 3363 ἡ
2835 3292 3048 3363 πονηρὰ
3087 3292 3252 3347 αὐτοῦ
3296 3290 3566 3362 τυραννὶς,
3606 3288 3705 3343 καὶ

449 3397 584 3439 cens
606 3384 902 3439 mundatus
927 3385 1019 3449 sit,
1055 3400 1152 3454 per
1185 3384 1479 3440 salutarem
1509 3385 1821 3456 passionem
1856 3386 2023 3455 illius,

2124 3385 2399 3458 ἐκαθάρθη
2435 3385 2546 3456 (86)
2583 3388 2611 3440 ὁ
2649 3385 2925 3457 περίγειος
2964 3383 3128 3448 τόπος
3168 3382 3259 3439 διὰ
3302 3380 3396 3437 τοῦ
3432 3379 3703 3453 σωτηρίου

448 3476 544 3546 qui
581 3475 884 3546 paciﬁcavit
926 3492 1047 3546 qua:
1080 3484 1209 3532 sunt
1245 3492 1408 3546 super
1457 3487 1684 3546 terram,
1724 3486 1780 3533 et
1810 3494 1931 3550 quae
1969 3480 2023 3534 in

2126 3479 2353 3543 πάθους,
2387 3479 2479 3532 τοῦ
2511 3477 2924 3550 είρηνεὺσαντος
2948 3476 3020 3530 τὰ
3047 3477 3139 3531 ἐπὶ
3164 3477 3265 3548 τῆς
3294 3476 3396 3547 γῆς
3427 3476 3522 3530 καὶ
3547 3475 3616 3528 τὰ
3637 3477 3702 3528 ἐν

450 3569 606 3623 εωιίε
632 3570 697 3632 ¹⁰,
729 3578 843 3623 tum
874 3568 1093 3624 demum
1126 3585 1353 3640 regnum
1382 3570 1649 3625 caelorum
1685 3571 1844 3626 nobis
1883 3586 2025 3642 prae-

448 3660 684 3715 dicatur.
715 3660 925 3730 Quippe
953 3659 1192 3715 Joannes
1225 3661 1446 3730 quidem
1482 3663 1595 3718 ait:
1629 3664 2027 3733 Appropinqua-

450 3752 520 3804 eit
551 3767 767 3820 regnum
790 3750 1039 3804 caelorum
1065 3752 1105 3782 ”
1134 3768 1147 3804 :
1178 3749 1440 3805 Dominus
1468 3766 1597 3805 vero
1618 3752 1876 3821 praedicat
1906 3750 2024 3805 ubi-

451 3857 557 3911 que
601 3843 945 3913 evangelium
990 3843 1162 3911 regni.
1209 3841 1387 3912 Atquc
1433 3843 1598 3897 etiam
1642 3843 1795 3913 prius
1848 3843 2024 3912 angeli

451 3936 786 4000 clamabant,
847 3933 1033 3989 Gloria
1084 3936 1138 3988 in
1178 3934 1458 3989 altissimis
1496 3934 1626 4001 Deo,
1681 3942 1731 3988 et
1783 3935 1837 3987 in
1886 3943 2027 3988 terra

449 4043 560 4098 pax
587 4029 652 4081 η.
685 4028 749 4081 Et
779 4028 873 4095 qui
905 4027 958 4081 in
997 4027 1251 4096 ingressu
1279 4026 1492 4080 Domini
1521 4028 1693 4082 nostri
1725 4026 1779 4081 in
1807 4024 2026 4081 Jerusa-

449 4117 557 4172 lem
599 4117 971 4181 exsultabant,
1027 4115 1471 4170 vociferabantur
1508 4131 1722 4186 quoque
1763 4118 1927 4168 ερατ
1971 4115 2026 4168 in

450 4209 617 4271 caelis,
654 4217 704 4262 et
734 4207 907 4278 gloria
949 4208 1005 4261 in
1037 4207 1317 4261 altissimis
1344 4206 1407 4261 ιδ.
1456 4204 1521 4260 Ει
1564 4207 1620 4260 in
1667 4220 1904 4271 summa,
1944 4209 2028 4260 ln-

450 4315 693 4356 numera:
719 4307 846 4353 sunt
867 4299 1086 4369 epinicii
1112 4308 1295 4361 voCes.
1329 4312 1450 4368 quae
1483 4298 1689 4353 inimici
1724 4306 2023 4353 extremam

450 4395 667 4450 ruinam
698 4402 994 4459 testantur,
1025 4393 1298 4458 videlicet,
1329 4393 1474 4465 quod
1510 4394 1652 4447 lucta
1700 4393 1870 4460 nulla,
1902 4394 2020 4447 nul-

2123 3574 2236 3635 τοῖς
2274 3573 2554 3641 οὐρανοῖς,
2591 3570 2926 3640 κηρύσσεται
2968 3569 3099 3640 ἡμῖν
3146 3567 3331 3621 λοιπὸν
3380 3569 3413 3639 ἡ
3448 3566 3701 3637 βασιλεία

2123 3664 2229 3718 τῶν
2266 3665 2544 3734 οὐρανῶν·
2591 3663 2840 3717 Ἰωάννου
2891 3663 2987 3735 μὲν
3031 3662 3307 3731 λέγοντος·
3338 3662 3614 3732 Ἤγγικεν
3655 3663 3700 3729 ἠ

2119 3759 2407 3825 ,βασιλεία
2454 3757 2570 3813 τῶν
2613 3755 2914 3825 οὐρανῶν·
2946 3754 3041 3808 τοῦ
3088 3753 3295 3824 Κυρίου
3330 3753 3387 3806 δὲ
3421 3751 3701 3823 πανταχοῦ

2122 3851 2187 3904 τὸ
2220 3847 2551 3917 Εὐαγγέλιω
2599 3847 2697 3917 τῆς
2731 3844 3009 3917 βασιλείας
3060 3844 3469 3915 κηρύσσοντος·
3491 3841 3702 3901 καὶ,ἔτι

2125 3943 2388 4013 πρότερον
2416 3939 2524 3993 τῶν
2553 3939 2797 4009 ἀγγέλων
2828 3936 3074 4009 βοώντων
3096 3952 3112 3968 ·
3146 3935 3299 4000 Δόξα
3321 3935 3390 3989 ἐν
3413 3934 3703 4003 ὑψίστοις

2124 4032 2264 4098 Θεῷ,
2307 4031 2406 4085 καὶ
2440 4030 2539 4084 ἐπὶ
2578 4028 2692 4099 γῆς
2727 4028 2968 4098 εἰρήνη·
3005 4028 3099 4081 καὶ
3137 4026 3245 4079 τῶν
3279 4024 3705 4097 ἀγαλλιωμένων

2125 4124 2219 4176 ἐπὶ
2242 4125 2308 4192 τῇ
2339 4124 2417 4185 είς
2445 4120 2799 4192 Ἰερουσαλὴμ
2816 4118 3005 4190 εἰσόδῳ
3028 4116 3122 4172 τοῦ
3152 4118 3360 4190 Κυρίου
3392 4121 3425 4188 ἡ
3436 4116 3572 4188 μῶν,
3599 4119 3703 4172 καὶ

2127 4211 2473 4284 κραζόντων·
2529 4208 2749 4278 Εἰρήνη
2802 4209 2872 4262 ἐν
2918 4206 3230 4276 οὐρανοῖς,
3278 4207 3373 4262 καὶ
3422 4206 3570 4271 δόξα
3629 4207 3708 4260 ἐν

2127 4305 2431 4373 ὑψίστοις.
2463 4303 2571 4356 Καὶ
2603 4301 2759 4365 ὅλως,
2803 4300 2996 4371 μυρίαι
3044 4300 3152 4352 elo!
3190 4299 3296 4352 τῶν
3330 4298 3605 4352 ἐπινικίων
3642 4302 3707 4353 αι

2129 4396 2327 4465 φωναὶ,
2358 4396 2458 4466 τὴν
2507 4399 2585 4459 είς
2611 4395 2764 4459 τέλος
2806 4393 3126 4465 καθαίρεσιν
3170 4392 3264 4446 eo?)
3327 4390 3523 4463 ἐχθροῦ
3562 4409 3710 4463 παρ-

450 4487 674 4558 lumque
717 4495 997 4543 certamen
1041 4488 1199 4543 nobis
1232 4486 1286 4541 in
1328 4486 1584 4557 supernis
1629 4487 1886 4555 supersit,
1923 4502 2023 4541 nec

2128 4487 2377 4551 ιστῶσαι,
2410 4488 2485 4553 ὼς
2524 4487 2782 4558 οὐδεμιᾶς
2823 4486 3020 4555 πάλης,
3063 4485 3185 4538 οὐδέ
3231 4484 3439 4552 ἀγῶνος
3485 4487 3541 4537 ἐν
3586 4487 3709 4551 τοῖς

451 4580 635 4650 sitqui
658 4581 882 4636 resistat
900 4579 1079 4643 nobis,
1109 4588 1162 4634 et
1181 4588 1391 4633 avertat
1410 4594 1512 4634 nos
1530 4594 1559 4632 a
1583 4578 1740 4633 beata
1758 4580 1869 4632 vita
1893 4598 1905 4632 :
1928 4579 2023 4634 sed

2125 4580 2239 4634 ἄνω
2267 4579 2700 4650 ὑπολειπομένου
2754 4579 2921 4649 ἡμῖν,
2956 4577 3078 4630 οὐδέ
3117 4594 3261 4640 τινος
3308 4576 3707 4647 ἀνθισταμένου

449 4672 622 4728 simus
644 4670 903 4740 deinceps
933 4670 1231 4740 jucundam
1263 4684 1327 4723 ac
1355 4669 1581 4723 hilarem
1617 4669 2021 4725 successionem

2122 4673 2216 4725 καὶ
2246 4671 2690 4743 παρατρέποντος
2720 4672 2866 4743 ἡμᾶς
2915 4669 3016 4741 τῆς
3068 4667 3341 4740 μακαρίας
3367 4669 3529 4741 ζωῆς,
3559 4667 3709 4734 ἀλλ’,

524 4834 572 4908 ξι
595 4833 671 4908 ἰιι
711 4834 843 4904 Reg,
869 4850 958 4908 ξι,
1003 4835 1210 4908 ιμ’-³³
1246 4834 1568 4908 Ephesum,
1602 4834 1688 4908 12.
1715 4904 1742 4908 _
1770 4837 1785 4866 ⁸
1828 4836 1956 4890 ibid.

2120 4835 2312 4908 Ephes.
2354 4853 2390 4891 ιι
2408 4877 2423 4897 ,
2457 4836 2516 4892 2.

451 4903 473 4937 ³
510 4903 711 4972 Ephes.
750 4903 822 4963 vt.
862 4905 946 4959 12.
1049 4905 1069 4936 ⁵
1110 4903 1305 4958 Matth;
1346 4922 1420 4969 vr,
1454 4905 1542 4959 26.
1648 4907 1668 4937 '
1709 4904 1854 4959 Psal.
1890 4921 1998 4971 cvi,

2120 4903 2173 4959 .’
2227 4908 2249 4938 ⁸
2287 4906 2418 4961 Luc.
2470 4905 2660 4973 x,18.

452 4975 497 5009 “
536 4974 725 5031 Matth.
763 4990 859 5041 ιιι,
933 4973 989 5030 2.
1067 4976 1111 5007 "
1149 4975 1283 5030 Luc.
1320 4991 1381 5029 ιιι
1433 4976 1521 5032 14.
1600 4976 1645 5008 ⁸⁸
1682 4973 1816 5031 Luc.
1853 4992 1982 5042 nx,
2016 4977 2106 5033 58.

3204 4831 3226 4863 ’⁵
3264 4846 3424 4885 .oan.
3459 4845 3571 4895 xw,
3606 4827 3706 4885 50.

3190 4902 3234 4934 “
3271 4902 3492 4957 Coloss.
3528 4917 3571 4966 ι,
3602 4899 3702 4956 20.

2608 4836 2630 4867 ⁸
2669 4833 2827 4891 Joan.
2861 4849 2937 4888 χιι
2960 4872 2977 4898 ,
3011 4833 3102 4887 51.

2766 4906 2806 4937 ⁹“
2828 4904 2961 4959 ibid.
2997 4904 3086 4959 19.

524 5118 631 5186 (8'5)
663 5117 844 5190 Codex
871 5116 1053 5190 _Coisl.
1096 5118 1290 5190 etduo
1316 5116 1615 5172 Colbertini
1652 5117 1877 5189 βασιλέα
1908 5119 2019 5173 τῶν

2198 5119 2331 5190 (85‘)
2342 5118 2708 5190 iDesideratur
2730 5120 2819 5189 τῇ,
2834 5117 2930 5190 ivel
2944 5116 3051 5190 ἐπὶ
3066 5118 3163 5190 τῇ.
3189 5115 3346 5190 Eutr.

463 5180 1063 5261 'aoeaplmvetdﬁolog.
1090 5189 1211 5261 _Alii
1256 5180 1663 5261 quatuorinss:
1695 5194 1750 5242 et
1792 5196 2023 5261 utraque

2199 5180 2565 5261 (84)'Veteres
2595 5180 2814 5261 aliquot
2834 5188 2956 5242 libri
2986 5180 3177 5261 τούτου
3209 5184 3556 5257 βληθήσεται.
3587 5180 3714 5261 Nec

450 5254 877 5331 βᾱίιίοβασιλέα
898 5259 1007 5331 τῷν
1032 5259 1238 5331 Σύρων.
1264 5254 1377 5331 1ωο
1408 5259 1563 5331 (loli).
1602 5260 1901 5331 secundus,
1927 5254 2021 5329 qui

2129 5254 2400 5316 ita'multo
2430 5271 2554 5331 post
2577 5254 2708 5316 editi
2738 5260 2876 5331 ἀέρα
2925 5256 3098 5313 καλεῖ.
3131 5254 3217 5309 At
3246 5254 3377 5310 mss.
3412 5268 3509 5308 sex
3548 5260 3608 5306 ut
3642 5254 3709 5310 in

455 5326 618 5399 habet
641 5328 865 5399 quidem
893 5329 1070 5397 prima
1102 5326 1263 5383 manu
1310 5328 1628 5399 Ἀσσυρίων,
1659 5328 1819 5399 habet
1842 5326 2023 5384 tamen
2129 5339 2406 5387 contextu.

452 5398 647 5473 e_t__ipse
661 5391 909 5473 secunda
936 5415 1099 5473 manu
1126 5407 1180 5453 et
1208 5398 1437 5473 minutis
1460 5391 1668 5473 _l'itteris
1688 5397 1893 5468 Σύρων.
1926 5399 2027 5454 Ba-
2164 5472 2175 5473 ί
2203 5400 2318 5473 (85)
2354 5400 2487 5471 Reg.
2534 5400 2745 5473 primus
2798 5405 2853 5473 et
2887 5396 2997 5473 Quo
3046 5396 3142 5473 _alii
3174 5391 3577 5473 Eombensiani-
3618 5393 3713 5457 εις

455 5467 634 5543 silius,
680 5470 827 5543 quod
874 5477 929 5523 et
972 5470 1106 5543 ipsis
1157 5469 1558 5543 suntmis‘viris
1595 5483 1705 5522 non
1742 5461 2023 5537 nunquam

2131 5461 2365 5543 Χριστὸν
2386 5461 2767 5543 πῖστεύόντωμν,
2792 5468 2856 5543 σί)
2882 5470 2946 5522 iis
2970 5467 3058 5537 qui
3084 5466 3138 5518 in
3166 5463 3432 5543 Christum
3456 5461 3708 5543 credunt.

455 5531 744 5610 contingit,
781 5531 1044 5610 memoria
1080 5541 1185 5593 hoc
1230 5540 1352 5610 loco
1386 5537 1559 5610 falsus
1588 5546 1702 5610 est;
1738 5531 2027 5593 cum'con-
2134 5531 2318 5596 Lectio
2354 5542 2578 5610 optima.
2622 5540 2739 5610 Alii
2755 5531 2997 5610 quinque
3034 5551 3167 5590 mss.
3208 5542 3263 5590 et
3306 5533 3435 5587 editi
3467 5531 3706 5602 ἠλπικό-

456 5614 565 5680 s_tet
594 5622 659 5660 ex
687 5608 782 5663 lib.
812 5606 877 5680 lll
915 5607 1044 5680 Reg.
1082 5625 1161 5675 ιι,
1186 5609 1278 5673 22,
1316 5609 1596 5680 Ader_non
1639 5608 1810 5680 fuisse
1839 5624 2021 5680 regem

460 5677 745 5750 Syrorum,
778 5679 872 5734 sed
897 5677 1217 5748 populorum
1254 5687 1411 5734 terrae
1441 5677 1631 5735 Edom.
1670 5678 1848 5735 Ducrei
1882 5677 2020 5750 pra:-

459 5746 661 5802 claram
695 5755 879 5805 notam
900 5746 1055 5819 legas
1087 5749 1266 5807 velim.

2130 5628 2257 5675 των,
2294 5610 2358 5664 ab
2392 5608 2462 5665 iis
2493 5611 2583 5680 qui
2612 5610 2668 5663 in
2702 5608 2970 5680 Christum
2999 5621 3143 5680 spent
3164 5618 3467 5680 Imposuere.

2208 5671 2321 5753 (86)
2348 5671 2574 5737 Veteres
2604 5680 2809 5750 aliquot
2842 5678 2966 5732 libri
2999 5671 3092 5730 καὶ
3126 5671 3463 5746 ἐξεκαθάρθη
