4052 6214
299 398 390 452 555
1415 401 1701 456 HOMILIA
1741 402 2114 460 ADVERSUS
2152 404 2426 461 lRATOS.
3433 413 3536 470 534

299 511 493 565 ἀλυπον
535 509 692 579 ἡμῶν
725 509 828 580 τὴν
883 512 1133 583 διαδοχὴν
1179 512 1409 583 ἑχόντων
1457 514 1591 584 πρὸς
1621 513 1681 566 τὸ
1723 513 1868 585 ἑξῆς,

1935 517 2235 584 .habituri,
2277 517 2566 588 aejugiter
2600 519 2748 590 ligno
2780 520 2903 575 vita:
2952 519 3192 586 fruituri,
3238 536 3397 591 cuius
3434 538 3535 582 nos

301 603 387 658 καὶ
436 601 817 655 ἀπολαυόντων
847 603 1007 674 ἡμῶν
1030 603 1121 656 τοῦ
1171 603 1327 668 ξύλου
1359 604 1457 674 τῆς
1510 603 1654 675 ζωῆς
1693 608 1772 670 εἰς
1806 608 1866 660 τὸ

1974 610 2131 663 initio
2165 611 2457 680 participes
2490 625 2613 666 esse
2645 613 2856 667 insidia:
2888 615 3154 682 serpentis
3183 614 3533 682 prohibuere.

300 695 554 763 διηνεκὲς,
577 685 637 744 οὗ
671 697 969 763 μετασχεῖν
1004 694 1063 758 ἐξ
1095 695 1267 765 ἀρχῆς
1310 695 1396 747 διὰ
1429 697 1526 766 τὴν
1570 697 1664 749 τοῦ
1694 696 1868 766 ὄφεως

1973 702 2160 756 Posuit
2185 705 2322 756 enim
2353 703 2490 757 Deus
2520 706 2818 772 ﬂammeum
2850 705 3089 775 gladium
3129 707 3195 758 ad
3241 707 3535 761 custodien-

302 786 586 856 ἐπιϐουλὴν
641 785 1020 858 ἐκωλύθημεν.
1072 788 1285 852 Ἕταξε
1333 788 1442 856 γὰρ
1481 791 1513 841 ὀ
1568 788 1712 854 Θεὸς
1755 788 1868 854 τὴν

1972 795 2095 847 dam
2131 795 2266 848 viam
2318 796 2445 866 ligni
2496 797 2614 849 vita:
2641 796 2682 826 “'
2713 817 2723 850 :
2756 813 2864 866 quo
2909 799 3046 852 citra
3092 797 3536 868 impedimentum

301 881 592 947 φλογίνην
642 881 955 948 ,ῥομφαίαν
1011 878 1358 948 φυλάσσεν
1410 880 1524 946 τὴν
1577 881 1721 934 ὁδὸν
1763 881 1868 935 τοῦ

1973 897 2250 956 superam,
2285 889 2492 942 utinam
2525 890 2673 944 intus
2701 890 2808 960 83
2827 889 3074 955 admissi,
3103 891 3262 945 bonis
3288 890 3536 959 perfrua-

303 969 486 1034 ξύλου
514 971 693 1038 ζωῆς·
728 973 796 1041 ῆν
848 972 1212 1043 παρελθόντες
1256 971 1570 1036 ἀκωλύτως,
1616 972 1745 1025 εἴσω
1778 989 1870 1040 γε-

1970 991 2114 1040 mur,
2163 979 2219 1031 in
2249 978 2468 1034 Christo
2492 979 2616 1034 Jesu
2650 980 2878 1036 Domino
2911 989 3120 1047 nostro,
3164 983 3251 1038 cui
3283 981 3454 1052 gloria
3480 989 3531 1037 et

302 1061 518 1133 νοίμεθα
555 1062 665 1132 (87)
693 1063 793 1132 τῆς
819 1062 1172 1127 ἀπολαύσεως
1205 1063 1312 1116 τῶν
1349 1063 1530 1117 καλῶν
1561 1066 1618 1116 ὲν
1650 1063 1869 1135 Χριστῷ

1239 1063 1312 1116 ῶν
1349 1063 1530 1117 καλῶν
1561 1066 1618 1116 ὲν
1650 1063 1869 1135 Χριστῷ
1971 1068 2259 1137 imperium
2293 1071 2346 1125 in
2387 1075 2604 1127 saecula.
2647 1073 2836 1127 Amen.

311 1152 480 1222 ἰησηῦ
626 1154 814 1222 Κυρίῳ
849 1153 1028 1223 ἡμῶν,
1067 1149 1110 1222 ᾧ
1137 1156 1170 1225 ὴ
1200 1153 1323 1218 δόξα
1355 1153 1448 1206 καὶ
1479 1153 1541 1205 τὸ
1570 1154 1767 1224 κράτος
1790 1156 1869 1216 εἰς

297 1243 418 1306 τοὺς
446 1243 673 1306 αἰῶνας.
715 1245 910 1315 Ἀμήν.

900 1476 1146 1531 ΟΜΙΛΙΑ
1184 1476 1242 1534 ι’.

2557 1474 2840 1530 HOMILIA
2876 1474 2941 1529 Χ.

708 1589 868 1643 Κατὰ
897 1589 1281 1660 ὀργιζομένων
1311 1590 1444 1662 (88).
1581 1613 1590 1618 -

1581 1613 1590 1618 -
2318 1586 2577 1641 Adversus
2603 1605 2688 1640 eos
2716 1588 2803 1658 qui
2832 1589 3155 1644 irascuntur.

360 1705 637 1774 1.Ὦσπερ
662 1703 755 1756 ἐπὶ
786 1703 893 1756 τῶν
922 1703 1178 1773 ἰατρικῶν
1200 1705 1703 1776 παραγγελμάτων,
1735 1705 1861 1760 ὅταν

2039 1698 2088 1752 Ι.
2133 1697 2597 1764 Quemaomouum
2622 1714 2676 1751 in
2709 1697 3041 1752 medicorum
3071 1701 3374 1770 praeceptis,
3403 1716 3529 1758 cura

290 1795 562 1864 εὖστόχως
606 1795 701 1846 καὶ
750 1797 892 1847 κατά
937 1792 1028 1845 τὸν
1065 1793 1220 1861 λόγον
1263 1795 1361 1864 τῆς
1416 1795 1612 1866 τέχνης
1670 1797 1863 1866 γίγνη-

1929 1793 2207 1861 ιιιρροδίιε
2251 1797 2305 1845 et
2348 1806 2412 1844 ex
2462 1790 2597 1843 artis
2644 1791 2856 1844 ratione
2891 1792 3046 1854 linnt,
3087 1799 3210 1860 post
3241 1794 3529 1864 experien-

288 1905 375 1941 ται
402 1887 539 1955 (89),
593 1886 732 1955 μετά
779 1886 876 1957 τὴν
931 1888 1124 1955 πεῖραν
1169 1887 1400 1956 μάλιστα
1448 1888 1508 1940 τὸ
1547 1889 1640 1940 ἀπ’
1683 1888 1860 1941 αὐτῶν

1965 1885 2093 1936 tiam
2141 1883 2374 1937 maxime
2418 1896 2607 1935 eorum
2651 1881 2855 1936 utilitas
2890 1883 3028 1936 solet
3066 1884 3275 1937 ostendi
3308 1903 3320 1938 :
3357 1885 3436 1940 sic
3476 1887 3527 1940 in

290 1980 564 2050 ὠφέλιμον
592 1977 956 2030 διαδείκνυται
976 1995 990 2008 ο
1022 1976 1192 2042 οὕτως
1222 1979 1314 2030 ἐπὶ
1344 1979 1451 2031 τῶν
1475 1979 1860 2050 πνευματικῶν

1966 1971 2342 2041 spiritualibus
2385 1971 2882 2033 exhortationibus,
2922 1971 3010 2024 ubi
3049 1974 3280 2028 maxime
3325 1974 3528 2028 monita

289 2071 688 2143 παραινέσεων,
723 2068 939 2122 ἐπειδὰν
973 2069 1206 2139 μάλιστα
1248 2069 1345 2141 τὴν
1389 2070 1611 2124 ἔκϐασιν
1658 2089 1862 2143 μαρτυο

1963 2081 2025 2118 ac
2068 2073 2334 2134 praecepta
2371 2063 2574 2118 fuerint
2619 2065 2769 2117 exitu
2803 2071 2998 2118 testata
3043 2068 3525 2136 comprobataque,

289 2160 486 2231 ροῦσαν
519 2159 664 2230 λάϐῃ
694 2160 761 2212 τὰ
796 2158 1248 2231 παραγγέλματα,
1269 2161 1390 2214 τότε
1419 2161 1477 2214 τὸ
1502 2161 1660 2230 σοφὸν
1686 2161 1863 2214 αὐτῶν

1963 2165 2093 2210 tunc
2117 2171 2180 2209 ea
2213 2155 2487 2224 sapienter
2515 2153 2825 2222 utiliterque
2855 2154 2919 2205 ad
2949 2155 3070 2207 vitae
3094 2155 3526 2210 emendationem

289 2256 377 2307 καὶ
402 2254 688 2323 ὠφέλιμον
729 2253 866 2322 πρὸς
904 2252 1002 2323 τὴν
1057 2252 1426 2324 ἐπανόρθωσιν
1453 2254 1548 2307 τοῦ
1605 2254 1720 2325 βίου
1768 2255 1862 2307 καὶ

1965 2256 2126 2317 atque
2178 2248 2245 2301 ad
2295 2245 2787 2315 obtemperantium
2848 2245 3234 2313 perfectionem
3286 2248 3527 2302 adhibita

287 2343 380 2412 τὴν
400 2342 510 2394 τῶν
543 2341 886 2410 πειθομένων
908 2341 1186 2394 τελείωσιν
1219 2343 1592 2410 ἀναφαίνεται.
1624 2343 1864 2396 Ἀκούον-

1965 2340 2132 2394 fuisse
2159 2348 2399 2409 apparet.
2433 2338 2641 2392 Etenim
2674 2353 2794 2391 eum
2834 2337 3249 2393 Proverbiorum
3276 2342 3528 2395 audimus

285 2450 371 2497 τες
397 2433 500 2504 μὲν
535 2433 649 2503 γὰρ
682 2431 790 2486 τῶν
820 2433 1138 2504 Παροιμιῶν
1165 2433 1457 2506 διαρρήδην
1493 2436 1860 2506 ἀποφαινομέ-

1963 2426 2226 2481 disertam
2282 2429 2608 2482 sententiam
2638 2445 2650 2480 :
2680 2425 2776 2480 Ira
2821 2427 2990 2494 perdit
3032 2435 3080 2480 et
3130 2429 3407 2497 prudentes
3438 2431 3527 2499 ης

286 2543 409 2583 νων,
437 2523 521 2576 ὃτι
571 2522 750 2592 Ὀργὴ
785 2523 1093 2578 ἀπόλλυσι
1127 2524 1222 2577 καὶ
1251 2526 1608 2594 φρονίμουςε
1642 2528 1862 2580 ἀκούον-

1962 2533 2157 2573 rursus
2195 2533 2317 2572 cum
2363 2517 2614 2574 audimus
2655 2519 2985 2589 apostolicas
3030 2521 3524 2578 commonitiones:

283 2631 370 2677 τες
407 2614 463 2667 δὲ
509 2615 608 2666 καὶ
640 2613 1018 2666 ἀποστολικῶν
1053 2616 1455 2687 παραινέσεων·
1499 2617 1671 2670 Πᾶσα
1715 2616 1859 2686 ὀργὴ

1965 2608 2147 2663 Omnis
2172 2611 2252 2662 ira
2294 2619 2342 2662 et
2374 2611 2666 2680 indignatio
2703 2620 2751 2664 et
2797 2611 2999 2664 clamor
3033 2612 3256 2664 tollatur
3289 2631 3321 2666 a
3359 2613 3524 2677 vobis,

283 2707 378 2758 καὶ
425 2705 620 2775 θυμὸς
650 2707 752 2759 καὶ
805 2706 1034 2774 κραυγὴ
1089 2707 1315 2775 ἀρθήτω
1375 2707 1476 2776 ἀφ’
1523 2708 1690 2778 ὑμῶν
1742 2708 1862 2763 σὺν

1963 2718 2079 2754 cum
2103 2703 2244 2754 omni
2271 2702 2476 2755 malitia
2501 2703 2577 2768 ‘5;
2604 2703 2727 2756 item
2755 2701 3040 2756 Dominum
3069 2703 3266 2773 ipsum,
3286 2705 3376 2774 qui
3400 2721 3525 2760 eum

285 2798 448 2864 πάσῃ
481 2798 702 2866 κακὶᾳο
741 2799 832 2850 καὶ
879 2797 974 2850 τοῦ
1009 2799 1212 2870 Κυρίου
1258 2801 1501 2869 λέγοντος
1538 2801 1625 2854 τὸν
1653 2802 1863 2873 ὀργιζό-

1963 2793 2052 2862 qui
2087 2791 2240 2846 fratri
2281 2810 2381 2848 suo
2414 2803 2615 2848 temere
2639 2795 2918 2859 irascitur,
2953 2811 3102 2848 reum
3134 2812 3255 2851 esse
3289 2798 3363 2852 ait
3385 2797 3528 2866 judi-

287 2907 442 2960 μενον
477 2888 608 2959 εἰκῆ
633 2888 713 2959 τῷ
744 2889 959 2960 ἀδελφῷ
984 2891 1146 2943 αὐτοῦ
1179 2891 1360 2962 ἔνοχον
1382 2889 1520 2947 εἶναι
1552 2897 1616 2965 τῇ
1645 2896 1824 2965 κρίσει
1845 2913 1856 2923 ·

1963 2887 2032 2939 cii
2058 2886 2097 2917 ’τ
2131 2905 2142 2938 :
2180 2901 2302 2939 cum
2342 2886 2575 2955 denique
2605 2885 2813 2956 experti
2851 2886 3115 2941 fuerimus
3139 2887 3352 2952 vitium,
3381 2888 3525 2957 quod

283 2981 372 3032 νῦν
400 2983 489 3033 ὅτε
528 2983 613 3042 εἰς
643 2983 841 3051 πεῖραν
869 2981 1104 3051 ἤλθομεν
1131 2982 1222 3035 τοῦ
1252 2983 1475 3049 πάθους,
1511 2987 1609 3038 οὐκ
1642 2989 1698 3040 ὲν
1728 2988 1861 3057 ἡμῖν

1963 2979 2016 3032 in
2051 2978 2208 3032 nobis
2253 2993 2358 3031 non
2395 2978 2654 3048 gignitur,
2687 2979 2780 3032 sed
2820 2977 3122 3034 forinsecus
3167 2981 3222 3033 in
3267 2995 3369 3035 nos
3403 2989 3523 3034 tan-

281 3069 574 3138 γενομένου
597 3108 612 3130 ,
649 3068 764 3122 ἀλλ’
811 3068 1008 3133 ἔξωθεν
1050 3074 1178 3142 ἡμῖν
1231 3075 1630 3144 προσπεσόντος
1675 3075 1861 3148 ὥσπερ

1962 3084 2123 3140 quam
2185 3070 2477 3139 improvisa
2539 3071 2784 3139 quaedam
2832 3072 3069 3140 procella
3133 3071 3326 3136 irruit,
3397 3082 3527 3128 tunc

280 3161 596 3227 καταιγίδος
640 3161 789 3224 τινος
838 3161 1142 3232 ἀδοκήτου,
1191 3165 1312 3218 τότε
1349 3167 1579 3232 μάλιστα
1627 3167 1688 3220 τὸ
1740 3168 1862 3221 θαυ-

1923 3190 1928 3242 ι
1961 3161 2196 3215 maxime
2226 3160 2989 3241 divinarumpraeceptionum
3029 3164 3219 3215 miram
3251 3165 3523 3219 excellen-

282 3253 484 3320 μαστὸν
519 3251 633 3304 τῶν
673 3252 834 3304 θείων
874 3255 1347 3326 παραγγελμάτων
1383 3259 1859 3328 ἐπέγνωμεν.Δόν-

1964 3249 2093 3302 tiam
2140 3265 2554 3320 cognoscemus.
2601 3250 2753 3316 Quod
2796 3251 2843 3304 si
2884 3251 2984 3322 ipsi
3018 3251 3112 3305 irae
3145 3253 3324 3307 locum
3361 3255 3525 3309 veluti

276 3361 364 3406 τες
391 3345 493 3413 μὲν
524 3344 686 3397 αὐτοὶ
723 3347 790 3416 τῇ
823 3345 958 3415 ὀργῇ
993 3347 1174 3410 τόπον,
1207 3346 1393 3420 ῶσπερ
1427 3349 1656 3420 ῥεύματι
1701 3351 1858 3423 βιαίῳ

1959 3339 2162 3396 fluento
2194 3343 2498 3397 vehementi
2542 3343 2746 3396 exitum
2786 3359 3023 3412 unquam
3053 3344 3322 3410 dedimus,
3363 3362 3426 3400 ac
3461 3347 3527 3402 si-

275 3435 507 3500 διέξοδον
531 3475 547 3497 ,
597 3437 1109 3506 καταμανθάνοντες
1140 3438 1195 3490 δὲ
1237 3441 1292 3490 ὲν
1331 3441 1527 3512 ἠσυχίᾳ
1566 3441 1662 3513 τὴν
1693 3445 1858 3515 ἀσχή-

1959 3431 2125 3484 lentio
2154 3432 2444 3487 didicimus
2487 3448 2677 3487 eorum
2718 3433 2808 3502 qui
2847 3434 2947 3487 hoc
2977 3436 3104 3488 vitio
3145 3444 3396 3490 tenentur
3441 3440 3525 3492 in-

278 3545 413 3598 μονα
450 3528 702 3599 ταραχὴν
753 3528 861 3580 τῶν
912 3529 1016 3582 ὑπὸ
1055 3530 1150 3582 τοῦ
1197 3531 1400 3595 πάθους
1455 3535 1854 3604 κατεχομένων,

1958 3523 2211 3577 decoram
2257 3524 2745 3593 perturbationem,
2801 3534 2914 3578 tum
2958 3527 3138 3594 reipsa
3187 3536 3521 3596 perspectam

274 3621 604 3691 ἐπέγνωμεν
631 3621 725 3672 ἐπὶ
753 3619 860 3672 τῶν
893 3620 1069 3692 ἔργων
1102 3623 1200 3692 τὴν
1235 3623 1519 3693 εὐστοχίαν
1550 3625 1642 3677 τοῦ
1677 3627 1858 3695 ῥήμα-

1955 3615 2248 3669 habuimus
2272 3616 2402 3669 dicti
2439 3616 2602 3684 hujus
2637 3616 2936 3680 solertiam,
2974 3619 3225 3672 videlicet
3255 3619 3399 3689 quod
3433 3620 3524 3674 Vir

272 3728 394 3773 τος⁶
429 3714 515 3764 ὅτι
567 3711 753 3780 Ἀνὴρ
779 3711 1054 3780 θυμώδης
1090 3715 1200 3766 οὐκ
1225 3715 1565 3783 εὐσχήμων.
1609 3717 1857 3770 Ἐπειδὰν

1955 3708 2240 3760 iracundus
2271 3708 2412 3772 haud
2443 3708 2687 3762 honestus
2712 3718 2788 3762 est
2823 3710 2883 3761 ιδ.
2915 3708 3209 3780 Postquam
3240 3713 3386 3767 enim
3419 3713 3522 3768 hoc

272 3801 379 3873 γὰρ
423 3801 580 3865 ἅπαξ
638 3802 1037 3872 παρωσάμενον
1079 3802 1205 3865 τοὺς
1257 3803 1550 3872 λογισμοὺς
1583 3803 1643 3857 τὸ
1687 3804 1857 3868 πάθος

1955 3801 2167 3862 vitium,
2208 3799 2432 3867 depulsa
2485 3801 2716 3860 ratione,
2768 3799 3066 3854 dominium
3117 3803 3311 3858 animae
3354 3804 3521 3859 semel

273 3894 405 3946 αὐτὸ
455 3893 557 3964 τὴν
607 3893 930 3946 δυναστείαν
960 3893 1056 3963 τὴν
1087 3894 1265 3964 ψυχῆς
1311 3894 1621 3967 παραλάϐῃ,
1653 3895 1856 3965 ἀποθη-

1955 3893 2323 3963 usurpaverit,
2349 3892 2620 3946 hominem
2647 3908 2873 3961 prorsus
2895 3895 3162 3949 convertit
3185 3896 3239 3948 in
3262 3896 3520 3963 belluam,

276 3984 378 4050 ριοῖ
432 3981 720 4044 παντελῶς
771 3981 863 4033 τὸν
914 3981 1217 4053 ἄνθρωπον,
1269 3984 1362 4035 καὶ
1402 3983 1521 4036 οὐδὲ
1573 3983 1856 4054 ἄνθρωπον

1955 3997 2006 4039 et
2036 4002 2100 4039 ne
2135 3985 2409 4039 hominem
2436 3984 2654 4053 quidem
2696 4001 2818 4040 esse
2849 3986 2998 4049 sinit,
3031 4000 3155 4039 cum
3192 3988 3396 4042 auxilio
3430 4003 3520 4041 ra-

273 4067 413 4126 εἷναι
479 4074 797 4142 συγχωρεῖ,
846 4074 1026 4125 οὐκέτι
1063 4073 1253 4144 ἔχοντα
1302 4075 1398 4146 τὴν
1444 4077 1508 4127 ἐκ
1553 4073 1644 4127 τοῦ
1696 4075 1853 4143 λόγου

1955 4078 2120 4130 tionis
2155 4077 2416 4146 privetur.
2450 4075 2605 4141 Quod
2639 4078 2781 4130 enim
2807 4078 3088 4132 venenatis
3117 4094 3384 4133 venenum
3414 4089 3518 4146 est,

275 4162 553 4235 βοήθειαν.
575 4166 756 4233 Ὅπερ
789 4165 897 4234 γὰρ
929 4169 1043 4228 τοῖς
1080 4165 1301 4229 ίοϐόλοις
1337 4167 1480 4220 ἐστὶν
1515 4169 1542 4218 ὁ
1578 4167 1672 4230 ἰὸς,
1697 4168 1856 4220 τοῦτο

1954 4167 2058 4222 hoc
2091 4168 2232 4221 idem
2281 4168 2360 4220 ira
2389 4177 2472 4222 est
2512 4169 2867 4237 exasperatis.
2911 4167 3071 4222 Fiunt
3103 4171 3274 4223 rabidi
3321 4187 3520 4226 canum

273 4259 384 4319 τοῖς
425 4256 846 4326 παροξυνθεῖσιν
892 4257 919 4308 ὁ
964 4256 1132 4327 θυμὸς
1164 4257 1390 4325 γίνεται.
1433 4259 1716 4313 Λυσσῶσιν
1743 4259 1853 4330 (90)

1955 4260 2010 4314 in
2038 4276 2266 4325 morem,
2306 4260 2555 4314 insiliunt
2587 4269 2644 4313 ut
2675 4260 2897 4329 scorpii,
2930 4260 3182 4315 mordent
3210 4269 3269 4315 ut
3295 4278 3520 4333 serpen-

273 4345 468 4418 ésmp
495 4348 546 4398 οἱ
571 4347 750 4410 κύνες,
771 4347 1022 4418 ᾄττουσιν
1049 4347 1236 4420 ῶσπερ
1257 4351 1306 4401 οἱ
1337 4350 1603 4420 σκορπίοι,
1632 4351 1856 4404 δάκνου-

1954 4359 2057 4407 tes.
2090 4352 2252 4406 Novit
2281 4360 2333 4406 et
2380 4353 2661 4422 Scriptura
2705 4368 2798 4408 eos
2826 4354 2916 4422 qui
2945 4353 3078 4408 vitio
3110 4355 3294 4424 aliquo
3330 4363 3519 4411 tenen-

275 4458 359 4492 σιν
390 4440 586 4509 ῶσπερ
617 4441 667 4492 οἱ
704 4440 874 4509 δφεις.
908 4435 1029 4493 Οἵδε
1073 4442 1224 4512 καὶή
1255 4441 1446 4512 Γραφὴ
1480 4443 1604 4506 τοὺς
1633 4443 1738 4495 ὑπὸ
1760 4442 1852 4496 τοῦ

1954 4453 2062 4505 tur,
2110 4445 2403 4498 bestiarum
2453 4444 2761 4498 nominibus
2791 4460 3007 4510 vocare,
3043 4447 3369 4516 quibuscum
3421 4464 3519 4504 ne-

270 4532 483 4596 πάθους
527 4532 971 4602 κεκρατημένους
1009 4534 1128 4595 ταῖς
1185 4532 1289 4585 τῶν
1327 4531 1528 4604 θηρίων
1585 4551 1854 4605 προσηγο-

1919 4535 2340 4620 ὀεεείιυᾶὶηειη
2397 4533 2816 4604 aliinitatemque
2871 4551 2966 4604 per
3027 4539 3323 4606 nequitiam
3389 4553 3519 4592 con-

271 4626 417 4694 ρίαις
455 4624 778 4685 ἀποκαλεῖν,
809 4619 889 4687 οἷς
919 4625 1144 4686 ἑαυτοὺς
1168 4623 1256 4676 διὰ
1280 4624 1378 4694 τῆς
1406 4625 1668 4695 πονηρίας
1706 4625 1848 4696 ᾠκε-

1917 4619 1920 4623 ’
1955 4631 2190 4677 traxere.
2244 4623 2378 4676 Nam
2431 4639 2594 4678 canes
2640 4626 2902 4689 mutos",
2934 4637 3233 4696 serpentes,
3276 4628 3517 4683 sobolem

272 4717 462 4770 [ωσαν.
506 4717 697 4779 Κύνας
728 4716 835 4788 γὰρ
878 4717 1087 4780 ὲννεοὺς
1113 4757 1126 4780 ,
1176 4717 1268 4769 καὶ
1312 4716 1463 4785 ὄφεις
1488 4758 1501 4780 ,
1538 4720 1849 4788 γεννήματα

1955 4715 2259 4784 viperarum
2285 4716 2350 4778 ὀ,
2381 4723 2434 4770 et
2465 4717 2737 4771 similibus
2785 4718 3096 4773 nominibus
3134 4720 3283 4790 ipsos
3333 4720 3517 4789 appel-

266 4808 518 4877 ἐχιδνῶν,
557 4808 656 4860 καὶ
677 4807 745 4859 τὰ
772 4806 996 4860 τοιαῦτα
1022 4808 1433 4878 προσαγορεύει.
1476 4809 1538 4859 οι
1569 4807 1678 4878 γάρ
1711 4809 1850 4861 ἒτοι-

1955 4806 2049 4860 lat.
2076 4806 2175 4872 Qui
2212 4807 2354 4862 enim
2385 4807 2451 4861 ad
2495 4819 2744 4862 mutuum
2779 4811 3029 4871 exitium,
3065 4819 3119 4864 et
3143 4812 3210 4864 ad
3239 4810 3515 4864 tribulium

273 4915 365 4968 μοι
387 4899 528 4970 rapo;
547 4899 650 4969 τὴν
670 4899 790 4951 κατ’
803 4897 1046 4969 ἀλλήλων
1073 4899 1296 4970 φθορὰν,
1331 4900 1425 4951 καὶ
1449 4899 1547 4970 τὴν
1575 4899 1716 4953 κατά
1741 4899 1848 4953 τῶν

1955 4914 2179 4953 suorum
2207 4899 2502 4968 perniciem
2536 4902 2706 4969 parati
2742 4908 2889 4965 sunt,
2917 4913 3149 4970 possunt
3190 4917 3289 4956 nec
3316 4901 3517 4970 injuria

343 5053 390 5086 ¹¹⁵
428 5052 569 5108 Gen.
613 5069 709 5112 in.
746 5053 834 5109 24.
941 5053 984 5084 ¹⁸
1022 5051 1185 5107 Prov.
1224 5070 1310 5115 xv,
1353 5054 1402 5108 1.
1509 5054 1552 5084 ¹⁶
1593 5053 1788 5123 Ephes.
1834 5069 1906 5118 iv,

1949 5053 2038 5109 51.
2118 5055 2158 5084 ¹⁷
2200 5052 2386 5106 Matth.
2422 5071 2474 5119 ν,
2515 5053 2609 5109 25.
2733 5056 2776 5086 ²⁸
2815 5053 2972 5107 Prov.
3010 5069 3096 5118 xi,
3133 5053 3224 5108 25.
3330 5055 3372 5085 ¹⁹
3413 5053 3514 5110 lsa.

265 5138 390 5189 Lrt,
431 5124 520 5178 10.
601 5125 647 5155 ⁸ο
687 5123 875 5177 Matth.
914 5139 1082 5187 xxiii,
1118 5124 1208 5176 55.

340 5239 456 5306 (87)
489 5237 624 5308 Reg.
659 5239 872 5309 primus
898 5239 1030 5290 εῐσω
1059 5237 1361 5309 γενώμεθα.
1467 5307 1475 5309 _
1585 5308 1589 5309 ί

1467 5307 1475 5309 _
1585 5308 1589 5309 ,
2023 5239 2134 5308 (89)
2163 5237 2296 5307 Reg.
2329 5241 2538 5308 primus
2573 5240 2765 5309 τέχνης
2798 5254 3019 5309 γενηται

339 5309 454 5377 (88)
481 5306 630 5388 .Edi'ti
658 5306 712 5363 et
733 5319 1129 5388 quatuorimss.
1166 5306 1315 5388 κατὰ.
1336 5307 1722 5388 ὀργιζομένων,
1750 5309 1847 5361 ad-

2156 5306 2298 5388 Editi
2328 5306 2557 5388 γίνεται,
2584 5306 2814 5388 ὁρμῶσι,
2845 5307 3073 5377 πηδῶσι,
3098 5306 3516 5388 λυσσῶσιν-δρᾶ

263 5396 448 5432 tersus
477 5381 776 5433 irascentes.
806 5379 1178 5450 Colb.tertius
1202 5379 1325 5450 περὶ
1349 5379 1539 5450 ὀργῆς,
1566 5380 1701 5450 προς
1726 5395 1846 5431 τινα

1951 5379 2043 5434 illa
2077 5381 2207 5440 dno,
2244 5380 2475 5450 ὁρμῶσι,
2522 5379 2853 5450 rtemann]
2904 5393 3035 5450 mss.
3082 5394 3189 5431 non
3213 5379 3517 5450 leguntur;

261 5449 860 5520 εὐεμπτώτωςεὲχοντα
889 5449 1032 5520 πρὸς
1066 5447 1125 5500 τὸ
1149 5444 1338 5510 πάθος,
1369 5444 1434 5500 de
1458 5444 1560 5512 ira,
1596 5444 1844 5520 adversus

1951 5467 2051 5505 nec
2086 5450 2214 5503 inihi
2250 5444 2496 5512 dubium,
2525 5444 2674 5520 quin
2697 5449 2931 5520 debeant
2956 5449 3167 5520 abesse.
3205 5444 3378 5520 ﬂecte
3414 5444 3517 5518 ἰδῇ

259 5517 550 5586 querudnm
575 5519 664 5587 qui
697 5517 762 5572 ad
795 5521 893 5572 hoc
943 5519 1126 5572 vitium
1155 5534 1351 5589 pronus
1385 5528 1531 5580 erat;
1560 5534 1659 5571 nec
1691 5519 1846 5571 aliter
1951 5529 2060 5580 tur.
2095 5521 2309 5589 opinor,
2343 5517 2625 5572 admonuit
2645 5518 3026 5589 Cornbelisius,
3057 5519 3155 5571 has
3187 5517 3324 5571 duas
3353 5534 3518 5573 voces

261 5589 436 5644 habet
467 5589 620 5642 Colb.
653 5593 884 5659 primus,
920 5589 1027 5659 nisi
1064 5587 1208 5656 quod
1248 5590 1526 5659 ineoipro
1555 5589 1840 5649 εὐεμπτώ-
1950 5592 2005 5644 in
2038 5587 2278 5644 ora‘libri
2305 5590 2371 5643 ad
2404 5604 2589 5642 vocem
2623 5588 2840 5659 ᾄττουσι
2867 5589 3246 5642 declarandam
3283 5589 3516 5656 primum

261 5676 374 5721 τως
407 5661 607 5729 legitur
631 5657 892 5722 ε’ὑόπτως.
923 5658 1096 5729 Coisl.
1139 5657 1272 5729 περὶ
1303 5658 1488 5727 ὀργῆς,
1529 5659 1666 5727 πρός
1693 5676 1844 5729 τινας

1954 5663 2158 5728 positas
2190 5676 2309 5714 esse
2336 5678 2346 5712 :
2378 5659 2570 5713 deinde
2603 5657 2734 5729 vero
2778 5660 2830 5712 in
2877 5660 3051 5726 ipsum
3079 5669 3390 5715 contextum
3419 5659 3516 5713 ob-

259 5727 632 5802 εὺεμπτώτως
656 5731 780 5800 περὶ
823 5728 890 5802 τά
928 5727 1100 5802 πάθος
1133 5727 1489 5802 ἐχόντωνηαε
1519 5729 1623 5794 ira,
1661 5728 1846 5782 adver—

1521 5729 1623 5794 ira,
1661 5728 1846 5782 adver—
1955 5727 2211 5802 repsisse,
2240 5733 2295 5784 in
2326 5744 2499 5786 eoaue
2531 5728 2672 5785 male
2701 5729 2907 5786 locatas
2936 5729 3121 5784 fuisse.

263 5797 667 5869 sus'quosdam,
699 5797 787 5871 qui
818 5798 890 5854 ad
921 5802 1020 5854 hoc
1050 5797 1232 5851 vitium
1263 5797 1414 5865 proni
1436 5808 1606 5853 erant.
