4052 6214
271 431 376 487 557

1411 425 1691 482 HOMILIA
1735 423 2104 483 ADVERSUS
2134 422 2410 479 lRATOS.

3420 412 3524 466 358

275 546 371 602 τοῦ
403 544 732 616 πνεύματος.
780 545 944 617 Φωνὴ
984 548 1211 617 τραχεῖα
1237 587 1249 609 ,
1288 545 1382 597 καὶ
1409 541 1855 614 ὑπερτεινομένη,

1987 537 2271 601 listinctus,
2322 547 2375 590 et
2421 545 2621 589 temere
2669 533 2892 599 cadens,
2944 548 3050 587 non
3101 533 3382 602 paulatim,
3424 548 3525 588 nec

279 642 375 692 καί
402 640 431 691 6
455 639 610 707 λόγος
640 639 913 710 ἄναρθρος
940 642 1029 692 καί
1055 641 1174 709 εἰκῆ
1198 639 1605 710 προεκπίπτων,
1627 639 1686 690 οὐ
1718 639 1857 691 κατὰ

287 731 469 801 μέρος,
490 731 611 782 οὐδὲ
641 731 947 793 εὐτάκτως,
980 732 1098 783 οὐδὲ
1140 731 1392 799 εὐσήμως
1421 730 1644 802 προϊών.
1681 731 1858 782 Ἐπει-

284 821 380 874 δάν
404 822 460 873 δὲ
486 824 564 884 εἰς
587 822 651 874 τὸ
679 822 789 891 (99)
818 824 1137 893 ἀνήκεστον,
1164 822 1351 893 ὥσπερ
1371 821 1501 891 φλὸξ
1536 822 1665 891 ὕλης
1695 822 1859 890 ἀφθο-

286 915 397 984 νία,
430 917 538 977 τοῖς
569 916 965 985 παροξύνουσιν
993 915 1219 985 ἐξαφθῇ,
1263 916 1383 967 τότε
1408 914 1469 986 δὴ
1497 915 1615 967 τότε
1645 916 1712 969 τὰ
1739 914 1860 968 οὔτε

290 1005 433 1075 λόγῳ
466 1008 603 1078 ρητά
623 1007 747 1060 οὔτε
790 1007 937 1078 ἔργῳ
964 1008 1175 1079 φορητά
1200 1008 1401 1059 ἐπιδεῖν
1430 1008 1545 1059 ἐστι
1578 1007 1825 1078 θεάματα
1845 1026 1858 1039 ·

293 1101 477 1169 χεῖρας
511 1100 608 1167 μὲν
633 1099 932 1169 διηρμένας
970 1100 1107 1153 κατά
1135 1098 1240 1152 τῶν
1273 1099 1580 1169 ὁμοφύλων,
1605 1100 1698 1152 καὶ
1733 1103 1865 1153 πᾶσι

294 1190 486 1258 μέρεσι
510 1188 607 1241 τοῦ
631 1188 881 1259 σώματος
913 1191 1332 1259 ἐπιφερομένας,
1358 1191 1522 1254 πόδας
1550 1192 1606 1243 δὲ
1632 1192 1866 1261 ἀφειδῶς

287 1285 403 1343 τοῖς
460 1285 842 1350 καιριωτάτοις
898 1283 1321 1352 ἐναλλομένους,
1359 1286 1463 1336 πᾶν
1507 1284 1563 1337 δὲ
1608 1285 1667 1337 τὸ
1702 1286 1866 1353 φανὲν

290 1372 457 1426 δπλον
478 1377 542 1443 τῇ
576 1376 740 1445 μανία
762 1375 1063 1444 γινόμενον.
1083 1376 1208 1428 Ἑάν
1230 1376 1283 1428 δὲ
1306 1377 1398 1428 καὶ
1418 1378 1482 1428 ἐκ
1504 1376 1596 1429 τοῦ
1626 1377 1866 1430 ἐναντίου

288 1466 356 1517 τὸ
405 1468 519 1518 ἴσον
571 1468 735 1519 κακὸν
788 1468 1339 1538 ἀντιστρατευόμενον
1404 1466 1654 1537 εὕρωσιν,
1698 1468 1867 1539 ὀργὴν

291 1556 463 1626 ἀλλην
487 1559 580 1610 καὶ
611 1558 805 1627 μανίαν
830 1560 1091 1628 ὁμότιμον
1110 1576 1124 1590 ·
1153 1559 1293 1611 οὕτω
1322 1560 1383 1631 δὴ
1403 1563 1476 1632 (Ι)
1503 1562 1871 1631 συμπεσόντες

294 1648 533 1719 ἔδρασαν
567 1648 827 1720 ἀλλήλους
880 1653 973 1703 καὶ
1020 1651 1247 1713 ἔπαθον,
1280 1653 1378 1705 ὅσα
1419 1654 1565 1718 εἰκὸς
1602 1656 1726 1717 τοὺς
1768 1656 1872 1707 ὑπὸ

293 1739 528 1811 τοιούτῳ
568 1743 777 1813 δαίμονι
813 1746 1319 1816 στρατηγουμένους
1350 1748 1560 1801 παθεῖν.
1590 1748 1873 1820 Πηρὼσεις

297 1826 409 1896 γάρ
441 1827 620 1896 μελῶν
651 1830 683 1899 ἢ
714 1832 806 1883 καὶ
836 1831 1098 1896 θανάτους
1129 1835 1387 1900 πολλάκις
1410 1833 1547 1891 ἆθλα
1577 1838 1675 1907 τῆς
1706 1839 1874 1909 ὀργῆς

1958 630 2168 693 ordine,
2202 645 2301 683 nec
2337 628 2707 698 signiﬁcanter
2733 626 3055 696 procedens.
3097 627 3391 697 Postquam
3430 643 3528 681 au-

1958 730 2067 776 tem
2096 724 2177 775 ira
2209 722 2429 791 gravius
2461 720 2807 789 atrociusque
2836 721 3103 773 exarserit
3133 720 3202 773 ob
3233 736 3296 774 ea
3325 721 3528 789 quibus

1960 815 2176 867 animus
2204 824 2576 882 exasperatur,
2611 813 2753 865 haud
2785 828 2943 867 secus
2972 827 3035 865 ac
3066 811 3278 865 ﬂamma
3310 814 3381 866 ob
3414 828 3531 866 ma-

1962 905 2112 959 teriae
2144 906 2375 973 copiam,
2411 912 2526 957 tum
2554 904 2771 957 demum
2808 919 2984 973 neque
3016 904 3194 958 verbis
3226 906 3531 974 explicabi-

1964 993 2056 1056 lia,
2092 1008 2268 1061 neque
2298 992 2443 1045 factu
2477 992 2779 1046 tolerabilia
2811 994 3125 1061 spectacula
3159 995 3343 1051 videre
3364 996 3531 1051 licet:

1965 1101 2161 1139 manus
2200 1086 2373 1139 attolli
2404 1084 2673 1140 adversus
2699 1086 2949 1148 tribules,
2982 1100 3044 1139 ac
3074 1086 3223 1156 injici
3256 1088 3309 1141 in
3343 1104 3533 1144 omnes

1965 1180 2213 1245 corporis
2260 1190 2461 1247 partes.
2494 1177 2660 1247 pedes
2704 1179 2757 1231 in
2792 1181 3065 1247 praecipua
3110 1180 3351 1234 membra
3395 1181 3533 1235 citra

1966 1268 2261 1323 discrimen
2303 1271 2543 1331 insilire,
2588 1271 2822 1339 denique
2871 1270 3139 1339 quidquid
3192 1272 3247 1324 iu
3305 1287 3538 1342 conspe-

1968 1373 2115 1416 ctum
2148 1365 2318 1427 venit,
2369 1364 2419 1415 id
2468 1364 2637 1417 furori
2680 1378 2743 1416 ac
2775 1365 3003 1419 insaniae
3043 1380 3142 1435 pro
3192 1367 3362 1421 armis
3391 1382 3533 1422 esse.

1969 1452 2123 1518 Quod
2156 1455 2201 1507 si
2242 1470 2307 1506 ex
2351 1455 2581 1507 adverso
2612 1454 2818 1523 aequale
2862 1456 3065 1507 malum
3100 1456 3343 1512 renitens
3385 1474 3541 1528 repe-

1971 1547 2164 1609 rerint,
2217 1546 2376 1598 aliam
2422 1546 2672 1601 videlicet
2721 1547 2854 1600 iram
2902 1554 2954 1601 et
2998 1563 3183 1615 parem
3234 1549 3536 1614 insaniam;

1972 1640 2045 1691 ita
2076 1640 2290 1692 demum
2325 1640 2465 1692 inter
2493 1656 2549 1694 se
2570 1643 2834 1706 conserti,
2868 1651 3059 1695 mutuo
3088 1642 3294 1696 faciunt
3320 1658 3384 1697 ac
3418 1660 3545 1713 per-

1973 1730 2254 1799 petiuntur
2307 1745 2427 1799 quae
2470 1746 2685 1801 aequum
2734 1742 2817 1786 est
2862 1738 3231 1802 perpeti'eos,
3282 1736 3376 1805 qui
3437 1736 3544 1791 sub

1973 1821 2243 1889 ejusmodi
2267 1823 2510 1878 daamone
2536 1825 2789 1879 militant.
2816 1824 2947 1879 Nam
2976 1827 3349 1882 mutilationes
3372 1843 3545 1881 mem-

297 1918 347 1968 οἱ
390 1919 689 1987 μαχόμενοι
723 1922 1119 1991 ἀπηνέγκαντο.
1149 1921 1322 1996 Ἦρξε
1359 1928 1557 1997 χειρῶν
1598 1929 1818 1993 ἀδίκων,
1847 1931 1874 1982 6

1987 1919 2221 1976 brorum,
2256 1924 2349 1967 aut
2378 1916 2542 1971 etiam
2577 1916 2898 1986 plerumque
2942 1926 3172 1972 mortem
3208 1922 3425 1989 praemia
3452 1921 3546 1975 ira:

298 2008 358 2061 δέ
395 2010 680 2080 ἠμύνατο·
713 2015 740 2066 6
780 2014 836 2067 δὲ
880 2016 1297 2087 ἀντεπήνεγκεν,
1340 2022 1367 2072 6
1410 2020 1465 2072 δὲ
1495 2022 1592 2091 οὐχ
1635 2022 1870 2090 ὑφίεται.

300 2102 412 2155 Καὶ
452 2103 512 2155 τὸ
555 2105 654 2174 μὲν
694 2105 852 2174 σῶμα
884 2109 1003 2170 ταῖς
1053 2108 1286 2178 πληγαῖς
1328 2110 1707 2173 διακόπτεται,
1748 2115 1775 2165 6
1818 2113 1875 2165 δὲ

302 2193 478 2264 θυμὸς
510 2194 607 2248 τοῦ
636 2197 885 2265 ἀλγεινοῦ
910 2199 1005 2270 τὴν
1028 2200 1276 2271 αἴσθησιν
1300 2208 1645 2275 παραιρεῖται
1678 2205 1771 2276 (2).
1800 2207 1873 2259 Οὐ

300 2286 414 2357 γὰρ
434 2287 631 2354 ἄγουσι
660 2289 852 2361 σχολὴν
875 2292 1010 2361 πρὸς
1034 2293 1129 2363 τὴν
1153 2287 1226 2346 ὧν
1248 2296 1576 2349 πεπόνθασιν
1604 2298 1875 2368 αἴσθησιν,

302 2379 430 2450 ὅλης
466 2382 650 2443 αὐτοῖς
683 2383 784 2452 τῆς
825 2383 1003 2455 ψυχῆς
1036 2386 1170 2456 πρὸς
1214 2388 1312 2457 τὴν
1345 2388 1556 2459 ἄμυναν
1589 2389 1683 2442 τοῦ
1722 2390 1877 2443 λελυ-

305 2473 551 2541 πηκότος
578 2474 965 2547 κεκινημένης.

385 2650 439 2703 3.
471 2652 563 2723 Μὴ
594 2652 661 2723 δὴ
695 2654 851 2724 κακῷ
876 2654 936 2708 τὸ
966 2657 1135 2710 κακὸν
1169 2658 1341 2720 ἰᾶσθε,
1374 2659 1505 2731 μηδέ
1556 2661 1882 2731 ἐπιχειρεῖτε

307 2743 575 2814 ἀλλήλους
594 2747 945 2817 ὑπερϐαίνειν
976 2753 1097 2812 ταῖς
1125 2767 1186 2802 συ
1196 2753 1445 2821 μφοραῖς.
1477 2752 1565 2805 Ἐν
1593 2752 1701 2823 γάρ
1725 2754 1884 2824 ἁμίλ-

309 2836 433 2899 λαις
460 2842 725 2909 πονηραῖς
754 2840 825 2908 (5)
857 2839 1179 2911 ἀθλιώτερος
1205 2845 1233 2895 6
1263 2843 1509 2915 νικήσας,
1542 2842 1675 2896 διότι
1714 2845 1887 2917 ἀπέρ-

310 2939 467 2992 χεται
494 2924 554 2976 τὸ
579 2924 762 2977 πλεῖον
796 2926 934 2997 ἔχων
965 2929 1063 2999 τῆς
1100 2930 1391 3002 ἁμαρτίας.
1422 2933 1513 3003 Μὴ
1550 2934 1728 2986 τοίνυν
1755 2935 1886 3005 γένῃ

312 3013 488 3067 κακοῦ
528 3015 817 3087 πληρωτὴς
852 3019 1044 3087 ἐράνου
1065 3059 1079 3081 ,
1120 3022 1253 3092 μηδὲ
1289 3023 1521 3093 πονηροῦ
1552 3024 1761 3078 δανείου
1795 3044 1890 3078 πο-

312 3106 611 3177 νηρότερος
650 3110 921 3181 ἐκτιστής.
956 3112 1213 3183 ’Ὑϐρισεν
1250 3114 1561 3186 όργισθείς;
1602 3119 1797 3187 στῆσον
1823 3121 1888 3190 τῇ

1979 2004 2223 2058 referunt
2259 2015 2613 2075 pugnatores.
2648 2008 2746 2063 llic
2773 2010 2939 2080 ccepit
2973 2011 3206 2079 injustas
3230 2027 3426 2067 manus
3462 2014 3549 2068 in-

1974 2094 2141 2159 ferre,
2176 2097 2265 2151 ille
2307 2100 2505 2168 repulit
2534 2120 2545 2153 :
2575 2102 2664 2154 hic
2710 2118 2904 2157 rursus
2938 2103 3140 2169 intulit,
3188 2104 3275 2157 ille
3318 2120 3427 2159 non
3460 2121 3552 2160 ce-

1978 2187 2075 2242 dit.
2122 2188 2185 2242 Et
2218 2205 2422 2260 corpus
2458 2193 2676 2261 quidem
2708 2196 2881 2263 plagis
2902 2195 3010 2265 85
3042 2198 3400 2252 contunditur
3430 2217 3445 2252 :
3472 2198 3552 2253 fu-

1980 2296 2071 2333 ror
2100 2297 2226 2337 vero
2258 2284 2449 2337 adimit
2483 2286 2689 2340 doloris
2727 2302 2968 2340 sensum.
2998 2287 3184 2357 Neque
3209 2289 3356 2343 enim
3391 2300 3552 2345 vacat

1980 2373 2083 2429 sibi
2142 2391 2331 2429 eorum
2388 2393 2510 2445 quae
2554 2379 2956 2448 perpetiuntur,
3007 2380 3250 2435 dolorem
3307 2383 3549 2450 sentire,

1982 2475 2097 2519 toto
2126 2482 2314 2521 eorum
2348 2469 2531 2523 animo
2564 2471 2628 2523 ad
2662 2471 3031 2525 ulciscendum
3064 2473 3326 2528 molestiae
3361 2482 3553 2529 aucto-

1980 2573 2095 2611 rem
2131 2567 2425 2614 commoto.

2055 2648 2109 2707 5.
2151 2648 2349 2704 Malum
2399 2652 2539 2706 malo
2589 2668 2657 2707 ne
2704 2654 2929 2713 curetis.
2978 2670 3156 2725 neque
3204 2656 3554 2713 contendatis

1985 2754 2082 2793 vos
2130 2751 2319 2795 mutuo
2370 2741 2673 2799 inferendis
2714 2744 2930 2800 damnis
2991 2762 3271 2815 superare.
3313 2746 3447 2802 Nam
3498 2749 3553 2803 in

1985 2834 2144 2887 malis
2196 2834 2391 2903 pugnis
2432 2836 2684 2890 miserior
2724 2846 2808 2891 est
2838 2837 2929 2906 qui
2983 2838 3133 2902 vicit,
3186 2841 3388 2910 quippe
3429 2842 3558 2910 quia

1987 2937 2108 2975 cum
2153 2925 2343 2994 majori
2372 2934 2595 2995 peccato
2628 2928 2755 2982 abit.
2802 2926 2877 2982 Ne
2906 2928 3069 2997 igitur
3096 2930 3299 2985 referas
3330 2932 3555 2998 malum,

1988 3024 2166 3077 neque
2191 3008 2431 3065 debitum
2456 3014 2657 3067 malum
2691 3015 2846 3084 pejus
2876 3018 3179 3086 persolvas.
3215 3018 3558 3075 Contumelia

1991 3108 2043 3155 te
2084 3100 2263 3157 aﬂ'ecit
2290 3104 2500 3158 iratus?
2539 3103 2681 3161 Siste
2719 3107 2937 3161 silentio
2977 3111 3201 3165 malum.
3238 3108 3319 3165 Tu
3345 3120 3556 3174 contra,

313 3204 497 3271 σιωπῇ
531 3201 593 3253 τὸ
625 3204 815 3258 κακόν.
870 3206 941 3258 Σὺ
984 3205 1040 3258 δὲ
1085 3205 1272 3278 ὥσπερ
1324 3209 1500 3279 ρεὖμα
1540 3210 1637 3281 τὴν
1681 3210 1886 3263 ἐκείνου

1994 3192 2128 3245 iram
2176 3194 2320 3249 illius
2372 3197 2517 3251 velut
2572 3198 2843 3267 quoddam
2896 3199 3157 3256 ﬂuentum
3211 3202 3267 3256 in
3315 3202 3558 3257 animum

312 3292 486 3362 ὀργὴν
522 3295 603 3357 εἰς
658 3296 758 3365 τὴν
815 3297 946 3349 ἰδίαν
1006 3271 1251 3369 καρδίαν.
1282 3271 1712 3371 ὑποδεξάμενος,
1765 3305 1886 3366 τοὺς

1995 3290 2146 3336 tuum
2179 3286 2505 3354 suscipiens,
2535 3296 2728 3342 ventos
2762 3289 3014 3354 imitaris,
3041 3294 3154 3361 qui,
3181 3293 3325 3362 quod
3347 3294 3559 3348 illatum

314 3381 556 3451 ἀνέμους
594 3387 757 3455 μιμῇ,
791 3385 879 3438 διὰ
917 3388 1016 3458 τῆς
1059 3390 1371 3454 ἀντιπνοίας
1420 3391 1783 3455 ἀντιδιδόντας
1832 3393 1893 3445 τὸ

315 3472 563 3541 ἐνεχθὲν.
603 3475 696 3542 Μὴ
745 3475 1049 3547 διδασκάλῳ
1092 3481 1266 3551 χρήσῃ
1309 3479 1386 3551 τῷ
1436 3481 1651 3551 ἐχθρῷ,
1703 3481 1836 3552 μηδέ
1866 3482 1895 3533 ὃ

319 3566 522 3631 μισεῖς,
552 3563 709 3617 τοῦτο
738 3565 1006 3638 ζηλώσῃς,
1040 3570 1189 3638 Μηδὲ
1215 3570 1344 3641 γένῃ
1372 3570 1558 3641 ὥσπερ
1590 3573 1895 3642 κάτοπτρον

314 3654 414 3709 τοῦ
446 3656 690 3725 ὀργίλου,
722 3659 819 3728 τὴν
854 3660 1061 3712 ἐκείνου
1097 3663 1309 3732 μορφὴν
1332 3665 1389 3715 ὲν
1428 3663 1635 3733 σεαυτῷ
1658 3662 1891 3727 δεικνύς.

331 3749 596 3821 Ἐρυθρὸς
630 3753 865 3813 ἐκεῖνος·
906 3754 969 3806 σὺ
1008 3752 1063 3804 δέ
1090 3755 1190 3806 οὐκ
1230 3755 1566 3825 ἐφοινίχθηςς
1602 3755 1898 3826 Ὀφθαλμοὶ

319 3840 588 3912 ὕφαιμοι·
625 3847 676 3896 οἱ
711 3844 767 3896 δὲ
804 3846 906 3910 σοὶ,
938 3848 1059 3899 είπέ
1092 3865 1181 3917 μοι
1212 3848 1307 3919 (4),
1340 3848 1578 3919 γαλήνην
1609 3849 1894 3918 βλέπουσις

319 3936 477 4005 Φωνὴ
504 3939 763 4005 τραχεία’
798 3938 830 4006 ὴ
870 3937 926 3990 δέ
970 3938 1035 4007 σὴ
1074 3939 1245 4007 furia;
1274 3940 1407 3993 Οὑδέ
1447 3943 1479 4011 ἡ
1522 3942 1579 3993 ἐν
1620 3944 1739 4003 ταῖς
1771 3942 1900 4012 ἐρη-

327 4028 482 4097 μίαις
506 4026 627 4096 ηχὼ
647 4027 819 4091 οὕτως
858 4030 1162 4102 ἀνεκλάσθη
1190 4032 1423 4103 ἀκεραία
1451 4033 1586 4102 πρὸς
1613 4034 1701 4086 τὸν
1735 4032 1899 4101 φθεγ-

326 4118 583 4188 ξάμενον,
619 4121 697 4182 ὼς
726 4122 817 4173 ἐπὶ
860 4121 951 4173 τὸν
976 4121 1211 4194 λοίδορον
1257 4127 1309 4177 αἱ
1344 4125 1528 4195 ’ὕϐρεις
1570 4126 1902 4196 ἐπαναστρέ-

326 4229 509 4281 φουσι.
545 4214 760 4266 Μᾶλλον
786 4214 840 4266 δὲ
872 4215 901 4264 ὁ
932 4216 1029 4285 μὲν
1057 4211 1189 4286 ἦχος
1221 4217 1249 4268 6
1280 4218 1439 4281 αὐτὸς
1470 4218 1704 4290 ἀπεδόθη
1727 4234 1739 4247 ·
1774 4221 1805 4289 ἡ
1846 4218 1901 4271 δὲ

326 4304 567 4375 λοιδορία
588 4307 725 4375 μετά
759 4308 1075 4379 προσθήκης
1117 4309 1415 4362 ἐπάνεισιν.
1449 4304 1552 4363 Οἷα
1586 4310 1695 4381 γὰρ
1734 4310 1902 4379 ἀλλή-

327 4393 453 4457 λους
500 4395 887 4466 ἐφυϐρίζοντες
946 4395 1430 4466 ἀντιφθέγγονται;
1486 4398 1543 4451 Ὀ
1604 4400 1703 4469 μὲν
1751 4394 1903 4451 εἶπεν

328 4486 549 4556 ἀφανῆ,
599 4489 697 4540 καὶ
754 4488 813 4553 ἐξ
870 4488 1089 4558 ἀφανῶν
1122 4505 1135 4519 ·
1188 4491 1216 4542 6
1268 4490 1324 4544 δὲ
1374 4490 1711 4545 άπεκάλεσεν
1761 4492 1903 4543 οίκο-

1992 3384 2097 3440 est,
2137 3374 2189 3429 id
2223 3375 2412 3431 renutu
2442 3380 2730 3447 repellunt.
2776 3379 2851 3435 Ne
2884 3382 3107 3437 inimico
3143 3385 3404 3454 magistro
3442 3397 3563 3440 uta-

1993 3469 2091 3530 ris,
2135 3484 2313 3539 neque
2342 3470 2485 3540 quod
2533 3472 2659 3525 odio
2714 3472 2899 3537 habes,
2946 3476 3418 3531 zemuleriszcave
3465 3478 3562 3532 ﬁas

1995 3559 2116 3613 irati
2152 3562 2309 3630 quasi
2351 3562 2655 3632 speculum,
2684 3563 2914 3617 formam
2944 3567 3063 3634 ejus
3096 3567 3360 3621 exhibens
3394 3567 3448 3621 in
3491 3576 3567 3622 te-

1995 3653 2244 3722 metipso.
2273 3652 2449 3707 Rubet
2489 3655 2612 3718 ille;
2654 3671 2721 3708 an
2750 3670 2856 3710 non
2888 3666 2941 3710 tu
2978 3658 3291 3714 rubefactus
3315 3661 3411 3714 es?
3438 3658 3564 3714 Suf-

1999 3747 2105 3801 fusi
2156 3748 2421 3817 sanguine
2457 3757 2583 3802 sunt
2616 3749 2758 3803 oculi
2796 3750 2977 3816 illius;
3012 3752 3181 3817 tuine,
3213 3767 3418 3822 quaeso,
3448 3754 3566 3821 plu-

1996 3838 2118 3892 cide
2158 3840 2381 3893 vident?
2413 3838 2525 3894 Vox
2562 3840 2736 3909 ipsius
2772 3856 2964 3911 aspera
2997 3850 3101 3906 est,
3140 3858 3267 3895 num
3301 3850 3391 3896 tua
3427 3844 3565 3898 lenis

1998 3944 2062 3984 ac
2092 3930 2241 3985 mitis
2266 3930 2386 3985 est?
2408 3930 2483 3985 Ne
2509 3933 2647 3985 echo
2668 3931 2885 4001 quidem
2912 3932 2965 3986 in
2990 3933 3221 3987 desertis
3257 3934 3391 3988 locis
3412 3949 3567 4003 aeque

2001 4018 2209 4089 integra
2257 4020 2575 4091 refringitur
2604 4024 2671 4076 ad
2718 4023 3049 4091 loquentem,
3085 4032 3247 4093 atque
3286 4032 3571 4077 contume-

2000 4111 2086 4165 liae
2125 4113 2192 4167 ad
2225 4116 2645 4169 conviciatorem
2680 4123 3047 4169 revertuntur.
3074 4114 3169 4170 Vel
3194 4116 3375 4186 potius
3398 4130 3570 4170 sonus

2002 4205 2218 4274 quidem
2263 4206 2401 4261 idem
2429 4206 2674 4262 redditur
2712 4227 2725 4261 :
2762 4208 2857 4262 sed
2890 4210 3196 4264 convicium
3230 4224 3356 4263 cum
3386 4223 3572 4263 acces-

2004 4297 2158 4352 sione
2198 4298 2357 4351 redit.
2400 4297 2593 4364 Qualia
2633 4301 2777 4354 enim
2813 4300 3194 4355 contumeliosi
3244 4300 3380 4353 alter
3410 4299 3571 4354 alteri

2002 4390 2248 4446 vicissim
2294 4391 2602 4460 objiciunt?
2629 4392 2782 4447 Alter
2823 4394 3051 4446 alterum
3086 4392 3223 4447 dixit
3249 4393 3568 4454 obscurum,

2005 4491 2059 4539 et
2089 4500 2152 4539 ex
2199 4484 2455 4539 obscuris
2504 4484 2797 4539 oriundum
2829 4506 2842 4540 :
2876 4485 2964 4539 hic
3003 4484 3156 4538 illum
3186 4498 3409 4539 vernam
3450 4497 3572 4537 ver-

330 4576 533 4647 τρίϐων
585 4579 893 4649 οἰκότριϐα·
944 4573 1099 4644 οὗτος
1140 4582 1366 4653 πένητα,
1416 4585 1621 4647 ἐκεῖνος
1663 4583 1867 4655 ἀλήτην

2009 4591 2200 4629 narum
2239 4576 2486 4631 vicissim
2525 4577 2761 4647 appellat
2788 4596 2800 4631 :
2832 4577 2919 4631 hic
2953 4592 3269 4647 pauperem,
3298 4576 3387 4630 ille
3419 4589 3574 4629 erro-

326 4660 484 4730 οὖτος
534 4668 745 4738 ἀμαθῆ,
790 4672 995 4732 ἐκεῖνος
1038 4672 1405 4742 παραπλῆγα·
1449 4673 1553 4735 ἓως
1597 4673 1663 4726 ἂν
1723 4675 1905 4737 αὐτοῖς

330 4762 389 4813 αἱ
417 4759 635 4831 ὕϐρεις,
660 4760 849 4833 ὥσπερ
880 4764 1203 4836 τοξεύματα,
1242 4765 1591 4818 ἐπιλείπωσιν
1622 4765 1717 4837 (5).
1752 4761 1903 4830 Εἶτα,

330 4854 553 4907 ἐπειδάν
585 4856 763 4908 πᾶσαν
793 4856 1058 4927 λοιδορίαν
1094 4859 1181 4913 διά
1212 4859 1312 4929 τῆς
1339 4859 1583 4930 γλώττης
1616 4861 1904 4929 ἐκσιρενδο-

333 4950 603 5013 νήσωσιν,
650 4947 796 5001 οὕτω
860 4948 1044 5003 λοιπὸν
1100 4950 1237 5020 πρὸς
1282 4951 1380 5023 τὴν
1435 4952 1522 5006 διὰ
1573 4952 1680 5005 τῶν
1732 4953 1906 5023 ἔργων

334 5041 604 5113 χωραῖηιν
632 5044 867 5113 ἄμυναν.
903 5043 1082 5113 Θυμὸς
1132 5045 1231 5114 μὲν
1270 5046 1377 5115 γὰρ
1434 5046 1637 5116 ἐγείρει
1688 5047 1865 5118 μάχην
1890 5089 1904 5112 ,

406 5242 709 5315 (99)_Colb.
741 5246 950 5313 primus
982 5247 1073 5299 ἐπὶ
1104 5248 1184 5300 τό.

406 5313 483 5383 (1)
515 5313 657 5368 Editi
687 5318 832 5370 οὔτω
864 5317 928 5369 δὴ
971 5318 1082 5370 καί.
1116 5317 1446 5387 Conjunctio
1475 5318 1567 5370 καί
1608 5319 1662 5372 in
1702 5320 1908 5375 nostris

337 5400 470 5441 mss.
502 5388 681 5441 deest.

408 5456 481 5525 (Ξ)
516 5455 669 5529 βόὶιί
702 5456 890 5529 etduo
919 5459 1110 5529 saltem
1135 5457 1339 5526 antiqui
1378 5458 1502 5513 libri
1542 5462 1905 5529 παραιτεῖται.

335 5524 405 5578 At
433 5524 605 5600 codex
625 5526 799 5600 rCoisl.
834 5538 887 5581 et
910 5527 1019 5582 duo
1049 5524 1348 5582 Colbert‘ini
1381 5524 1748 5600 παραιρεῖται.
1792 5530 1908 5584 Pri.

336 5610 480 5667 Inan
512 5598 800 5652 lectionem
829 5606 1196 5666 contemptam
1218 5599 1387 5652 nolim
1416 5598 1656 5667 quidem.
1685 5600 1778 5654 sed
1806 5602 1910 5654 alia

337 5666 469 5739 mihi
507 5668 681 5721 multo
714 5669 887 5739 magis
931 5668 1214 5739 probatur.
1247 5666 1609 5724 Graeci’enim
1646 5670 1699 5723 in
1741 5671 1912 5739 signi-

339 5732 593 5809 ﬁcatione
635 5732 947 5809 aufereindi,‘
983 5738 1151 5793 verbo
1177 5740 1483 5807 posteriore
1523 5742 1704 5808 potius
1744 5732 1910 5809 quam

342 5808 518 5898 priore
548 5810 626 5890 uti
652 5810 852 5898 solent.
884 5807 1078 5898 Statim
1100 5809 1232 5863 editi
1264 5819 1317 5898 et
1342 5825 1474 5863 mss.
1501 5807 1910 5895 nonnulli—p.116:

347 5879 671 5950 ἑπιχειρῆτε.
709 5880 814 5933 Alii
852 5880 1076 5951 quidam
1110 5894 1243 5935 mss.
1273 5882 1620 5950 ἐπιχειρεῖτε.

2009 4688 2133 4726 nem
2166 4671 2293 4725 :hic
2338 4671 2637 4734 indoctum,
2690 4672 2780 4725 ille
2829 4672 3119 4737 insanum;
3178 4669 3360 4739 idque,
3396 4667 3576 4737 quoad

2008 4764 2353 4817 contumelia:
2382 4764 2530 4817 velut
2557 4762 2767 4833 spicula
2794 4778 2889 4817 eos
2910 4762 3181 4816 deﬁciant.
3210 4758 3415 4813 Deinde
3440 4772 3577 4811 con-

2008 4857 2164 4910 viciis
2194 4857 2447 4911 omnibus
2472 4871 2570 4926 per
2601 4856 2841 4925 linguam
2872 4856 3013 4909 velut
3044 4868 3140 4923 per
3168 4850 3391 4905 fundam
3411 4849 3580 4904 emis-

2010 4948 2107 5010 sis,
2156 4956 2267 4999 tum
2302 4946 2519 5000 demum
2554 4945 2621 4999 ad
2651 4945 2951 5000 vindictam
2994 4958 3052 4998 re
3099 4942 3215 5011 ipsa
3248 4937 3575 5009 procedunt.

2010 5036 2142 5092 Nam
2173 5038 2372 5092 excitat
2397 5038 2475 5091 ira
2507 5037 2699 5103 rixam,
2730 5038 2846 5091 rixa
2878 5033 3304 5107 paritconvicia,
3328 5032 3579 5086 convicia

2083 5240 2158 5309 (5)
2189 5239 2411 5307 Antiqui
2456 5237 2727 5309 duoplibri
2762 5236 3014 5309 ἁμίλλαις
3052 5230 3345 5309 πονηρίας...
3375 5229 3579 5285 Ibidem

2010 5303 2148 5380 Reg.
2188 5303 2396 5379 primus
2434 5307 2755 5380 ἀθλιώτερος
2851 5304 3050 5380 νικῶνς
3100 5303 3207 5380 sed
3227 5303 3469 5380 additum
3502 5310 3587 5380 est

2013 5384 2067 5435 in
2095 5375 2203 5434 ora
2236 5380 2358 5432 libri
2391 5397 2480 5448 τρ.
2530 5379 2620 5430 καὶ
2650 5375 2678 5430 6
2707 5378 2956 5448 νικήσας.
3000 5375 3112 5429 Nec
3146 5376 3220 5427 ita
3257 5375 3430 5427 multo
3460 5378 3585 5441 past

2011 5452 2143 5519 Reg.
2180 5446 2497 5517 prirnusetg
2527 5450 2626 5518 τὴν
2656 5450 2754 5515 σὴν
2786 5446 3035 5519 καρδίαν.

2083 5510 2159 5589 (4)
2182 5510 2327 5574 Ἐιιίιὶ
2355 5529 2409 5575 et
2439 5510 2595 5574 Ci)le
2640 5510 2832 5589 tertius
2862 5510 2910 5570 οἱ
2950 5516 3006 5569 δὲ
3038 5517 3143 5581 σοὶ,
3188 5514 3308 5589 εἰπέ
3334 5525 3456 5589 Δμοι·
3489 5510 3585 5589 sed

2012 5581 2168 5657 illud,
2202 5591 2319 5643 εἰπέ
2357 5608 2466 5662 μοι,
2499 5587 2908 5662 in_quibusda_m
2932 5603 3073 5662 mss.
3095 5602 3217 5662 _non
3246 5581 3460 5662 legitur.
3500 5581 3587 5633 ln-

2013 5666 2096 5718 fra
2150 5653 2531 5731 mss.ialiquot
2563 5653 2695 5730 ἦχος
2736 5660 2764 5711 6
2812 5658 2992 5731 αὑτός.
3044 5656 3221 5731 Abest
3254 5653 3525 5731 articulus
3557 5665 3586 5701 a

2011 5723 2537 5806 vulgati_s._ASubi'nde
2568 5723 2676 5785 diio
2708 5745 2841 5806 mss.
2874 5723 2974 5781 Οἷα
3008 5728 3115 5799 γὰρ
3142 5724 3421 5806 ἀλλήλοις..
3470 5791 3482 5805 .

2085 5804 2162 5871 (5)
2198 5802 2340 5858 Editi
2382 5802 2723 5855 ἐπιλίπωσιν.
2779 5799 2998 5856 Veteres
3029 5796 3267 5869 quatuor
3302 5796 3424 5849 lihri
3467 5796 3590 5846 ἐπι-

2014 5876 2293 5928 λείπωσιν.
