4036 6236
456 351 559 407 359

1826 344 1886 399 S.
1927 341 2170 398 BASlLil
2209 343 2423 399 MAGNI

3597 355 3704 413 5C0

453 466 705 529 verbera,
750 465 975 520 verbera
1016 475 1196 520 autem
1238 464 1463 518 vulnera
1491 480 1503 515 :
1529 463 1766 533 denique
1811 478 1879 517 ex
1910 461 2028 515 vul-

2137 461 2280 533 μάχη
2308 462 2365 516 δὲ
2403 465 2570 535 γεννᾷ
2599 464 2883 537 λοιδορίας,
2910 468 2967 520 αί
3003 466 3059 521 δὲ
3093 468 3351 540 λοιδορίαι
3385 469 3617 540 πληγὰς,
3645 472 3704 525 αι

454 559 680 614 neribus
724 572 872 611 mors
916 558 1032 626 ipsa
1084 557 1404 626 plerumque
1439 555 1706 624 sequitur.
1756 552 1955 608 Malum
2000 568 2030 607 ιι

455 653 628 723 prima
663 651 873 722 origine
899 651 1274 712 cohibeamus,
1314 649 1450 703 iram
1482 656 1600 703 arte
1631 647 1779 701 οηιιιί
1810 663 1876 701 ex
1913 646 2032 700 ani-

455 744 564 800 mis
595 744 878 814 pellentes.
910 744 992 796 Ita
1022 742 1165 796 enim
1202 741 1343 795 mala
1373 741 1607 811 plurima
1637 754 1748 794 una
1778 754 1902 793 cum
1925 737 2031 794 hoc

454 839 614 904 vitio,
645 847 907 906 tanquam
942 850 1067 889 cum
1092 835 1277 890 radice
1301 842 1463 904 atque
1488 833 1779 904 principio,
1814 830 2031 887 exscin-

454 932 583 986 dere
617 928 935 998 poterimus.
972 925 1279 981 Maledixit?
1325 924 1407 979 Tu
1450 924 1763 980 benedicas.
1799 922 2031 977 Percus-

455 1023 566 1080 sit?
594 1023 674 1076 Tu
710 1020 941 1077 sustine.
977 1019 1235 1089 Despicit,
1268 1027 1425 1087 teque
1453 1016 1584 1072 facit
1607 1017 1801 1071 nihili?
1840 1015 1919 1070 Tu
1951 1024 2031 1071 te-

454 1130 581 1172 cum
632 1114 812 1184 cogita
864 1118 1121 1166 constare
1172 1118 1224 1164 te
1279 1125 1342 1163 ex
1402 1117 1568 1172 terra,
1614 1123 1677 1162 ac
1722 1122 1917 1162 rursus
1974 1107 2030 1161 in

457 1212 659 1260 terram
718 1216 1067 1258 reversurum
1090 1200 1156 1253 ἰ.
1210 1198 1473 1268 Quisquis
1529 1197 1675 1253 enim
1723 1197 2030 1251 rationibus

455 1296 724 1367 ejusmodi
782 1291 1154 1365 praemunierit
1208 1291 1601 1360 semetipsum,
1677 1288 2028 1357 ignominiam

455 1403 841 1460 quamcunque
896 1385 1199 1455 comperiet
1267 1383 1498 1437 veritate
1546 1380 1883 1435 inferiorem.
1940 1379 2031 1434 Sic

456 1496 693 1550 namque
733 1494 799 1534 eo
846 1478 1010 1532 etiam
1055 1476 1333 1546 redigetur
1386 1473 1664 1535 inimicus,
1723 1480 1783 1526 ut
1838 1470 2031 1525 ulcisci

455 1589 517 1632 se
547 1574 699 1627 nullo
730 1570 891 1625 modo
919 1569 1115 1640 possit,
1160 1582 1283 1621 cum
1325 1577 1376 1621 te
1411 1566 1489 1622 sis
1520 1564 1868 1620 contumeliis
1894 1577 2029 1616 con-

453 1666 720 1735 viciisque
768 1663 1169 1717 invulneratum
1222 1657 1765 1727 exhibiturus:quin
1813 1663 1867 1709 et
1914 1654 2032 1724 ipse

456 1771 710 1829 magnam
758 1755 979 1826 parabis
1028 1751 1308 1823 patientiae
1338 1765 1622 1813 coronam,
1673 1748 1764 1819 qui
1807 1748 2031 1802 alterius

456 1849 725 1905 insmiam
774 1845 1119 1901 occasionem
1168 1853 1272 1898 tua:
1316 1839 1679 1913 philosophiae
1719 1836 2034 1894 exercenda:

456 1941 653 1997 facias.
684 1938 887 2005 Quare,
921 1937 967 1992 si
1015 1935 1150 1990 mihi
1185 1934 1341 1988 fidem
1372 1932 1564 1994 habes.
1613 1931 1780 1986 illatis
1818 1929 1917 1984 tibi
1946 1930 2033 1983 iu-

451 2034 614 2104 juriis
642 2029 843 2100 aliquid
882 2029 1046 2083 etiam
1096 2025 1285 2081 addes.
1331 2023 1638 2079 Obscurum
1679 2030 1733 2077 te
1762 2021 1919 2085 dixit,
1951 2022 2035 2075 in-

453 2128 796 2200 gloriumque
824 2132 876 2177 et
904 2120 1061 2176 nihili
1091 2119 1390 2180 hominem,
1434 2115 1527 2185 qui
1565 2114 1753 2168 inlimo
1781 2114 1901 2168 loco
1936 2128 2036 2167 na-

454 2230 543 2277 tus
580 2216 687 2272 sit?
719 2213 801 2276 Tu
845 2213 1078 2282 teipsum
1110 2217 1312 2264 terram
1355 2222 1421 2261 ac
1470 2205 1709 2259 cinerem
1744 2204 1930 2259 dicito.
1966 2204 2038 2259 ιι-

453 2311 683 2368 lustrior
713 2321 822 2361 non
871 2320 931 2360 es
960 2311 1115 2374 patre
1156 2307 1344 2356 nostro
1367 2299 1666 2358 Abraham,
1711 2295 1803 2365 qui
1835 2311 1893 2351 se
1922 2298 2038 2366 ipse

452 2404 529 2458 ita
563 2401 856 2472 appellavit
880 2400 948 2453 ²².
985 2397 1268 2452 indoctum
1314 2404 1368 2451 et
1398 2407 1697 2465 pauperem
1742 2400 1797 2446 et
1831 2389 2038 2443 nullius

454 2496 617 2566 pretii
647 2504 701 2548 te
731 2491 905 2547 dixit?
938 2490 1019 2545 Tu
1057 2498 1107 2544 te
1140 2490 1296 2544 dicas
1324 2502 1589 2549 vermem,
1620 2490 1784 2553 teque
1807 2498 1873 2537 ex
1901 2493 2040 2537 ster-

453 2584 821 2641 core~habere
864 2580 1154 2651 originem,
1200 2577 1427 2632 Davidis
1459 2575 1625 2630 verba
1673 2571 2035 2641 usurpans”.

455 2676 557 2734 His
598 2677 761 2733 etiam
811 2675 1137 2745 praeclarum
1174 2672 1286 2742 86
1320 2668 1523 2741 Moysis
1579 2667 1796 2722 facinus
1839 2664 2036 2734 adjice.

453 2768 551 2825 Ille
572 2770 641 2822 ab
691 2768 875 2821 Aaron
913 2775 967 2821 et
1001 2764 1172 2819 Maria
1225 2761 1532 2817 maledictis
1573 2760 1886 2822 lacessitus,
1930 2773 2039 2812 non

453 2861 627 2917 Deum
663 2859 926 2916 adversus
959 2874 1054 2913 eos
1081 2855 1469 2925 interpellavit,
1505 2851 1598 2907 sed
1637 2866 1737 2921 pro
1785 2850 1867 2906 eis
1908 2865 2040 2905 ora-

453 2952 622 3006 vit“.
669 2950 911 3017 Quorum
960 2949 1139 3003 mavis
1176 2961 1300 3004 esse
1346 2944 1674 3014 discipulus,
1723 2942 2042 2997 virorumne

455 3045 569 3101 Deo
609 3052 890 3113 gratorum
940 3042 1464 3109 beatorumque,‘an
1508 3037 1789 3092 hominum
1840 3035 2037 3105 Spiritu

2129 555 2187 609 δὲ
2239 556 2445 626 πληγαὶ
2497 558 2807 629 τραύματα,
2861 563 2925 614 ἐκ
2956 561 3013 614 δὲ
3065 563 3398 633 τραυμάτων
3446 562 3706 628 πολλάκις

2132 649 2371 703 θάνατοι.
2420 651 2553 704 Ἀπὸ
2573 652 2672 722 τῆς
2708 651 2931 725 πρώτης
2964 653 3142 724 ἀρχῆς
3171 654 3233 707 τὸ
3274 653 3443 707 κακὸν
3470 654 3708 725 ἐπίσχωρ

2133 759 2252 812 μεν,
2287 744 2386 814 τὴν
2416 745 2587 815 ὀργὴν
2615 746 2762 817 πάσῃ
2807 749 3020 818 μηχανῇ
3050 747 3159 801 τῶν
3186 746 3374 818 ψυχῶν
3409 746 3705 814 ἐξελόντες.

2130 833 2288 888 Οὕτω
2326 834 2436 907 γὰρ
2477 836 2544 889 ἂν
2587 836 2948 909 δυνηθείημεν
2991 838 3061 892 τὰ
3103 839 3329 893 πλεῖστα
3360 838 3468 892 τῶν
3496 837 3704 900 κακῶν,

2129 921 2317 994 ὥσπερ
2350 924 2471 995 ῥίζῃ
2496 925 2603 978 τινὶ
2624 926 2718 980 καλ⁵
2750 927 2915 998 ἀρχῇ,
2950 926 3029 997 τῷ
3058 928 3220 982 πάθει
3253 928 3427 997 τούτῳ
3456 944 3708 982 συνεκτε-

2134 1016 2276 1083 μεῖν.
2318 1014 2689 1087 Ἐλοιδόρησε;
2725 1016 2789 1068 σὺ
2818 1017 2876 1070 δὲ
2909 1017 3223 1088 εὐλόγησον.
3259 1017 3597 1088 Ἐτύπτησε;
3638 1018 3706 1071 σὺ

2127 1107 2185 1160 δὲ
2218 1108 2528 1178 ὑπόμεινον.
2562 1110 2947 1163 Διαπτύεικαὶ
2981 1111 3042 1163 τὸ
3070 1111 3236 1181 μηδὲν
3265 1110 3477 1181 ἡγεῖταί
3507 1126 3602 1176 σε;
3641 1111 3708 1163 σὺ

2130 1199 2187 1253 δὲ
2227 1198 2434 1253 ἔννοιαν
2458 1200 2589 1253 λάϐε
2619 1201 2869 1266 σεαυτοῦ,
2904 1203 2987 1255 ὅτι
3018 1205 3084 1256 ὲκ
3126 1204 3230 1273 γῆς
3257 1184 3572 1273 ὑφέστηκας
3602 1200 3706 1272 (6),

2130 1289 2224 1345 καὶ
2272 1291 2354 1353 εἰς
2382 1289 2487 1360 γῆν
2527 1291 2687 1345 πάλιν
2733 1290 3067 1364 ἀναλυθήσῃ.
3112 1292 3171 1345 '0
3206 1291 3314 1362 γὰρ
3358 1292 3564 1355 τούτοις
3596 1292 3708 1351 τοῖς

2128 1384 2310 1452 λόγοις
2333 1384 2523 1438 ἑαυτὸν
2560 1384 2957 1455 προκατασχὼν
2991 1386 3175 1438 πᾶσαν
3200 1385 3424 1455 ἀτιμίαν
3450 1384 3711 1438 ἐλάττονα

2130 1476 2352 1546 εὑρήσει
2380 1475 2479 1545 τῆς
2507 1474 2782 1545 ἀληθείας.
2809 1474 2966 1529 Οὕτω
2990 1475 3100 1546 γὰρ
3129 1476 3224 1529 καὶ
3250 1475 3329 1546 τῷ
3362 1473 3541 1546 ἐχθρῷ
3565 1473 3713 1544 ἁμή-

2132 1585 2293 1639 χανον
2325 1568 2757 1633 κατασκευάσεις
2796 1570 2895 1641 τὴν
2935 1568 3171 1640 ἄμυναν,
3214 1568 3458 1639 ἄτρωτον
3485 1564 3712 1620 σεαυτὸν

2131 1661 2252 1724 ταῖς
2305 1660 2589 1732 λοιδορίαις
2651 1661 2900 1725 δεικνύς·
2958 1661 3053 1714 καὶ
3107 1658 3319 1731 σεαυτῷ
3374 1659 3546 1730 μέγαν
3611 1659 3713 1727 τῆς

2133 1752 2411 1824 ὑπομονῆς
2438 1754 2789 1825 προξενήσεις
2818 1754 2911 1808 τὸν
2944 1754 3226 1823 στέφανον,
3248 1752 3346 1824 τὴν
3379 1753 3566 1824 ἑτέρου
3607 1769 3713 1822 μα-

2135 1846 2254 1899 νίαν
2288 1845 2541 1918 ἀφορμὴν
2569 1846 2776 1910 οἰκείας
2812 1846 3131 1916 φιλοσοφίας
3162 1844 3708 1915 ποιούμενος.Ὦστε,

2135 1938 2201 1993 ἂν
2227 1940 2351 2009 ἐμοὶ
2376 1939 2562 2011 πείθῃ,
2581 1939 2675 1993 καὶ
2700 1938 3090 2010 ἐπιδαψιλεύσῃ
3123 1938 3231 1991 τῶν
3253 1937 3480 2021 ρϐρεων.
3507 1936 3710 2005 Ἀφανῆ

2137 2051 2198 2087 σε
2241 2030 2383 2096 εἶπε,
2425 2035 2519 2088 καὶ
2556 2033 2762 2100 ἄδοξον,
2787 2034 2882 2087 καὶ
2917 2033 3122 2104 μηδένα
3158 2030 3502 2104 μηδαμόθεν;
3552 2031 3616 2083 σὺ
3652 2028 3710 2083 δᾶ

2136 2127 2240 2196 γῆν
2275 2127 2393 2181 είπὲ
2432 2127 2527 2180 καὶ
2561 2126 2754 2181 σποδὸν
2791 2125 3033 2179 σεαυτόν.
3058 2125 3173 2178 Οὐκ
3196 2120 3247 2177 εἳ
3269 2122 3591 2193 σεμνότερος
3615 2118 3713 2173 τοῦ

2138 2237 2247 2273 πατ
2259 2220 2348 2289 pb;
2380 2219 2538 2291 ἡμῶν
2570 2217 2858 2291 Ἀϐραὰμ,
2895 2218 2953 2282 δς
2996 2218 3185 2271 ἑαυτὸν
3224 2215 3397 2271 ταῦτα
3426 2214 3711 2268 ἀπεκάλει.

2152 2313 2363 2383 Ἀμαθῆ
2397 2313 2494 2366 καὶ
2543 2312 2755 2382 πτωχὸν
2798 2311 2892 2365 καὶ
2923 2309 3016 2364 τοῦ
3050 2308 3278 2381 μηδενὸς
3312 2307 3492 2372 ἄξιον;
3541 2306 3605 2359 σὺ
3654 2304 3718 2359 δέε

2141 2403 2399 2474 σκώληκα
2428 2403 2650 2457 σεαυτὸν
2677 2401 2829 2467 είπὲ,
2864 2403 2960 2455 καὶ
3009 2400 3118 2456 ἀπὸ
3147 2398 3380 2472 κοπρίας
3426 2398 3568 2467 ἔχειν
3612 2397 3716 2469 τὴν

2139 2496 2377 2565 γένεσιν,
2410 2494 2477 2548 τὰ
2503 2494 2596 2548 τοῦ
2623 2494 2785 2548 Δαϐὶδ
2809 2494 2982 2563 λέγων
3023 2494 3088 2564 ῥή
3099 2509 3263 2564 ματα.
3302 2490 3524 2553 Τούτοις
3544 2487 3718 2560 πρόσ-

2141 2589 2233 2652 θες
2256 2589 2350 2641 καὶ
2374 2588 2435 2640 τὸ
2454 2586 2548 2641 τοῦ
2575 2588 2858 2650 Μωῠσέως
2884 2585 3069 2640 καλόν.
3095 2585 3348 2646 Ἐκεῖνος,
3372 2581 3477 2635 ὑπὸ
3503 2577 3715 2650 Ἀαρὼν

2140 2682 2236 2735 καὶ
2255 2682 2475 2753 Μαρίας
2502 2679 2858 2752 λοιδορηθεὶς,
2876 2679 2935 2731 οὑ
2968 2676 3290 2745 κατενέτυχε
3314 2672 3393 2744 τῷ
3421 2672 3558 2743 Θεῷ,
3579 2669 3718 2724 ἀλλὰ

2141 2773 2482 2846 προσηύχετο
2506 2773 2644 2843 ὑπὲρ
2670 2770 2870 2825 αὑτῶν.
2892 2770 3065 2823 Τίνων
3098 2767 3275 2838 βούλει
3302 2764 3550 2837 μαθητὴς
3572 2757 3716 2816 εῖναι

2144 2865 2364 2939 μᾶλλον,
2395 2865 2504 2919 τῶν
2537 2862 2797 2933 θεοφιλῶν
2828 2862 2923 2916 καὶ
2965 2859 3249 2931 μακαρίων
3282 2856 3508 2928 ἀνδρῶν,
3548 2853 3716 2926 ῆτῶν

2142 2957 2247 3011 ὑπὸ
2282 2955 2377 3009 τοῦ
2427 2953 2736 3023 πνεύματος
2778 2950 2880 3021 τῆς
2928 2950 3192 3021 πονηρίας
3230 2945 3713 3017 πεπληρωμένωνς

2145 3051 2310 3103 Ὅταν
2344 3064 2425 3100 σοι
2475 3043 2671 3116 κινηθῇ
2720 3042 2821 3113 τῆς
2867 3039 3132 3111 λοιδορίας
3172 3038 3497 3109 πειρασμὸς,
3527 3032 3717 3105 νόμιζε

456 3137 711 3207 nequitia:
753 3132 1136 3204 expletorum?
1193 3129 1330 3186 Cum
1384 3128 1646 3184 invaserit
1699 3137 1751 3182 te
1804 3126 2034 3181 conviici

2140 3139 2423 3212 κρίνεσθαι
2478 3138 2736 3201 σεαυτὸν,
2768 3135 2998 3207 πότερον
3043 3131 3132 3187 διὰ
3181 3130 3284 3201 τῆς
3337 3125 3718 3202 μακροθυμίας

456 3230 742 3301 ingerendi
786 3228 1037 3289 tentatio,
1094 3232 1227 3297 puta
1280 3224 1515 3294 teipsum
1568 3220 1808 3292 probari,
1854 3226 2038 3274 utrum

459 3339 557 3394 per
590 3321 910 3392 patientiam
944 3318 1011 3373 ad
1044 3317 1214 3373 Deum
1239 3315 1492 3377 accedas,
1524 3328 1593 3367 an
1622 3328 1718 3383 per
1741 3312 1879 3366 iram
1909 3326 2040 3365 con-

388 3452 394 3457 .
459 3410 640 3480 fugias
669 3408 739 3463 ad
770 3407 1170 3464 adversarium.
1207 3404 1284 3459 Da
1307 3404 1733 3475 cogitationibus
1765 3403 1876 3457 tuis
1901 3409 2038 3456 tem-

457 3517 562 3574 pus
594 3509 806 3571 partem
852 3500 1123 3570 optimam
1163 3496 1417 3568 eligendi.
1448 3495 1555 3550 Aut
1585 3495 1730 3550 enim
1766 3492 2039 3565 profueris

458 3593 541 3651 illi
574 3610 670 3666 per
696 3592 1135 3649 mansuetudinis
1178 3590 1489 3660 exemplum
1520 3607 1535 3643 :
1571 3598 1687 3654 aut,
1731 3588 1863 3642 dum
1903 3600 2039 3641 con-

458 3695 701 3753 temnes,
747 3703 871 3743 eum
897 3685 1123 3758 gravius
1149 3683 1438 3739 ulciscere.
1471 3680 1612 3749 Quid
1643 3682 1788 3737 enim
1816 3680 2039 3735 inimico

457 3780 712 3837 acerbius
754 3794 878 3835 esse
912 3786 1110 3850 potest,
1139 3793 1302 3849 quam
1349 3778 1396 3832 si
1428 3777 1712 3833 inimicum
1761 3793 1921 3832 suum
1951 3776 2037 3831 vi-

457 3872 585 3929 deat
613 3873 829 3941 injuriis
875 3887 936 3926 ac
971 3872 1320 3927 contumeliis
1368 3870 1743 3940 superiorem?
1778 3869 2035 3923 Animum

458 3975 530 4015 ne
565 3959 819 4027 abjicias,
875 3974 1055 4029 neque
1091 3959 1320 4029 patiaris
1353 3960 1522 4013 ullum
1561 3958 1628 4013 ad
1663 3967 1717 4013 te
1753 3973 2036 4014 accessum

457 4051 923 4106 conviciatoribus
974 4060 1180 4121 patere.
1230 4050 1360 4105 Siue
1403 4066 1528 4105 eum
1573 4050 1775 4105 frustra
1820 4060 1869 4106 te
1904 4052 2039 4105 alla-

459 4150 630 4207 trare,
669 4141 1050 4211 disrumpatur
1082 4143 1136 4196 in
1166 4143 1487 4212 semetipso.
1524 4142 1594 4195 Ut
1627 4142 1772 4195 enim
1800 4143 1893 4212 qui
1923 4158 2038 4197 ver-

457 4233 613 4290 berat
654 4249 821 4289 sensu
872 4244 1171 4296 carentem,
1233 4233 1337 4288 sibi
1390 4233 1508 4302 ipse
1567 4233 1770 4304 irrogat
1819 4248 2033 4302 poenam

458 4324 610 4395 (nam
642 4339 744 4381 nec
777 4324 991 4382 hostem
1030 4325 1339 4388 ulciscitur,
1387 4338 1491 4378 nec
1532 4322 1669 4377 iram
1721 4324 1931 4393 sedat):
1961 4324 2035 4377 ita

456 4418 713 4489 quisquis
758 4418 1033 4473 hominem
1071 4418 1165 4489 qui
1209 4418 1423 4487 injuriis
1453 4431 1564 4472 non
1608 4424 1876 4480 movetur,
1908 4432 2036 4486 pro-

2142 3233 2484 3303 προσχωρεῖς
2512 3229 2589 3301 τῷ
2612 3230 2688 3300 (7)
2716 3228 2856 3300 Θεῷ,
2883 3229 2917 3300 ἢ
2956 3227 3044 3281 διὰ
3070 3228 3171 3298 τῆς
3200 3225 3367 3297 ὀργῆς
3394 3223 3714 3294 ἀποτρέχεις

2140 3325 2275 3396 πρὸς
2309 3324 2399 3376 τὸν
2425 3323 2711 3378 ἀντίδικον.
2741 3323 2840 3386 Δὸς
2864 3322 3057 3393 καιρὸν
3084 3322 3197 3382 τοῖς
3234 3319 3514 3388 λογισμοῖς
3553 3332 3720 3368 σεαυ-

2138 3417 2231 3472 τοῦ
2261 3416 2358 3488 τὴν
2381 3415 2587 3486 ἀγαθὴν
2610 3414 2930 3480 ἐκλέξασθαι
2957 3413 3169 3486 μερίδα.
3207 3412 3275 3464 Ἦ
3301 3412 3408 3481 γὰρ
3428 3406 3720 3478 ὠφέλησάς

2138 3527 2191 3562 τι
2224 3511 2476 3562 κάκεῖνον
2507 3507 2584 3579 τῷ
2625 3507 2984 3577 ὑποδείγματι
3007 3506 3107 3575 τῆς
3140 3503 3468 3576 πραότητος,
3493 3500 3528 3570 ἢ
3553 3499 3718 3569 χαλε-

2140 3600 2388 3673 πώτερον
2418 3601 2610 3671 ἡμύνω
2655 3599 2743 3652 διὰ
2782 3599 2883 3669 τῆς
2921 3596 3238 3669 ὑπεροψίας.
3272 3595 3336 3648 Τί
3374 3592 3482 3663 γάρ
3511 3592 3576 3646 ἂν
3617 3590 3717 3660 γέ-

2138 3711 2282 3748 νοιτο
2319 3692 2703 3764 ὀδυνηρότερον
2732 3690 2812 3761 τῷ
2845 3688 3045 3761 ἐχθρῷ,
3077 3689 3111 3760 ἦ
3162 3688 3250 3741 τὸν
3294 3685 3486 3757 ἐχθρὸν
3520 3682 3719 3736 ἑαυτοῦ

2137 3785 2269 3854 ὁρᾷν
2320 3780 2531 3852 ὕϐρεων
2573 3781 2940 3851 ὑψηλότερον;
2991 3778 3082 3849 Μὴ
3132 3775 3443 3847 καταϐάλῃς
3489 3771 3720 3845 σεαυτοῦ

2136 3876 2235 3947 τὴν
2280 3874 2527 3946 γνώμην,
2584 3872 2719 3944 μηδὲ
2760 3872 2968 3943 ἀνάσχῃ
3010 3868 3265 3939 γενέσθαι
3329 3866 3551 3939 ὲφικτὸς
3602 3867 3723 3927 τοῖς

2139 3966 2473 4038 ὑϐρίζουσιν.
2525 3964 2725 4017 Ἔασον
2772 3962 2935 4017 αὑτὸν
2998 3961 3259 4032 άπρακτά
3309 3977 3401 4012 σου
3456 3957 3532 4029 (8)
3579 3955 3720 4009 καθ-

2137 4058 2415 4111 υλακτεῖψ
2466 4056 2550 4126 ἐφ’
2591 4054 2769 4126 ἐαυτῷ
2813 4051 3247 4124 διαρρηγνύσθω.
3297 4050 3508 4119 Ὥσπερ
3539 4047 3648 4116 γὰρ
3684 4048 3722 4100 ὁ

2137 4148 2355 4201 τύπτων
2389 4147 2478 4199 τὸν
2520 4145 2594 4217 μὴ
2638 4143 2909 4212 ἀλγοῦντα
2958 4143 3151 4196 ἑαυτὸν
3189 4141 3514 4211 τιμωρεῖται
3561 4135 3721 4207 (οὔτε

2136 4241 2246 4312 γάρ
2294 4240 2386 4293 τὸν
2419 4238 2614 4311 ἐχθρὸν
2655 4236 2930 4309 ἠμύνατο,
2977 4237 3069 4289 καὶ
3115 4234 3205 4287 τὸν
3249 4231 3417 4302 θυμὸν
3476 4230 3575 4283 οὐκ
3621 4230 3725 4283 άνο

2136 4336 2372 4387 ἐπαυσεν
2394 4333 2413 4399 )
2432 4349 2446 4363 ο
2481 4329 2655 4393 οὑτως
2687 4334 2715 4384 ὁ
2743 4330 2835 4384 τὸν
2862 4328 3205 4399 ἀλοιδόρητον
3232 4322 3506 4387 ὀνειδίζων
3535 4335 3721 4391 παρα-

2141 4424 2337 4496 μυθίαν
2371 4423 2550 4492 εὑρεῖν
2581 4421 2677 4476 τοῦ
2734 4420 2940 4484 πάθους
2978 4419 3038 4472 ού
3089 4416 3336 4472 δύναται.
3391 4410 3720 4466 Τοὺναντίον

456 4509 575 4564 bris
624 4522 689 4565 ac
737 4508 1046 4564 maledictis
1096 4510 1338 4571 lacessit,
1393 4507 1440 4563 is
1477 4506 1831 4577 cupiditatem
1879 4524 2032 4563 suam

2143 4515 2242 4586 μὲν
2274 4510 2389 4576 οὖν,
2430 4514 2568 4584 ὅπερ
2596 4513 2753 4582 ἔφην,
2789 4514 2883 4565 καὶ
2912 4510 3244 4581 διαπρίεται.
3293 4505 3469 4568 Εὐθὺς
3502 4504 3610 4576 γὰρ
3647 4504 3720 4556 ἐκ

458 4600 627 4655 solari
658 4613 720 4654 ac
749 4600 965 4654 mollire
992 4614 1100 4654 non
1139 4607 1340 4668 potest.
1374 4597 1600 4664 Contra,
1645 4600 1723 4652 uti
1755 4598 1891 4665 dixi,
1921 4598 2033 4655 dis-

456 4693 751 4764 rumpitur.
777 4689 951 4757 Quale
981 4691 1128 4747 enim
1162 4706 1360 4746 nomen
1389 4696 1623 4760 uterque
1654 4699 1896 4747 vestrum
1929 4699 2035 4746 sta-

455 4785 555 4840 tim
603 4786 672 4857 ab
720 4784 788 4839 iis
840 4784 934 4854 qui
976 4784 1196 4851 absunt,
1243 4783 1638 4854 consequitur?
1679 4783 1772 4838 l'lle
1810 4782 2031 4853 quidem

455 4875 890 4930 contumeliosus
945 4872 1138 4940 audit,
1191 4883 1246 4928 tu
1296 4890 1426 4930 vero
1474 4874 1897 4945 magnanimus;
1944 4872 2033 4925 ille

456 4965 752 5022 iracundus
791 4973 846 5020 et
883 4981 1159 5029 morosus,
1205 4975 1264 5020 tu
1308 4966 1523 5037 patiens
1571 4973 1625 5020 et
1653 4966 1800 5020 mitis
1832 4984 1845 5019 :
1878 4964 2030 5019 illum

455 5058 739 5127 ptenitebit
785 5056 1082 5122 dictorum,
1135 5065 1189 5113 te
1237 5073 1368 5114 vero
1408 5074 1687 5129 nunquam
1743 5059 2031 5129 paenitebit

454 5149 696 5204 virtutis.
1166 5161 1172 5168 '

523 5239 580 5293 4.
618 5236 761 5303 Quid
787 5238 983 5293 attinet
1017 5239 1173 5309 plura
1208 5239 1432 5295 dicere?
1461 5239 1600 5295 Huic
1641 5242 2026 5297 maledicentia

452 5328 660 5386 claudit
705 5345 935 5401 regnum
990 5333 1297 5398 caelorum,
1358 5333 1558 5404 quippe
1611 5332 1867 5388 Haledici
1917 5336 2028 5389 Iuv-

2134 4604 2241 4658 τῶν
2271 4603 2554 4674 παρόντων
2585 4598 2672 4656 οἷα
2707 4603 2968 4673 ἑκάτερος
3008 4599 3163 4671 ὑμῶν
3210 4595 3671 4671 προσαγορεύεται
3698 4610 3716 4661 ;

2145 4701 2205 4752 Ὀ
2240 4699 2339 4770 μὲν
2370 4696 2640 4767 λοίδορος,
2678 4699 2743 4750 σὺ
2770 4696 2828 4750 δὲ
2872 4693 3271 4766 μεγαλόψυχος·
3302 4693 3330 4744 ὁ
3361 4690 3460 4759 μὲν
3494 4687 3721 4760 ὀργίλος

2134 4791 2232 4843 καὶ
2256 4789 2513 4860 χαλεπὸς,
2563 4789 2627 4841 σὺ
2661 4787 2719 4841 δὲ
2774 4784 3128 4857 μακρόθυμος
3166 4783 3263 4836 καὶ
3307 4782 3515 4851 πρᾶος·
3553 4780 3583 4830 ὁ
3614 4777 3720 4848 μὲν

2139 4881 2548 4954 μεταγνώσεται
2603 4880 2686 4948 ἐφ’
2738 4873 2821 4941 οἷς
2867 4875 3199 4947 ἐφθέγξατο,
3232 4873 3298 4926 σὺ
3346 4872 3406 4924 δὲ
3456 4869 3721 4924 οὐδέποτε

2143 4971 2494 5045 μεταμελήσῃ
2523 4970 2597 5041 (9)
2628 4969 2731 5039 τῆς
2762 4967 2983 5039 ἀρετῆς.

2203 5243 2258 5296 4.
2282 5242 2347 5295 Τί
2368 5242 2448 5296 δεῖ
2472 5240 2543 5295 τὰ
2568 5239 2741 5294 πολλὰ
2769 5239 2947 5308 λέγειν
2971 5254 2986 5301 ;
3025 5236 3115 5307 Τῷ
3148 5233 3247 5307 μὲν
3287 5230 3578 5287 ἀπέκλεισε
3612 5229 3725 5302 τὴν

2133 5335 2242 5389 τῶν
2284 5333 2525 5409 οὐρανῶν
2564 5333 2835 5405 βασιλείαν
2879 5333 2913 5403 ὴ
2965 5328 3233 5402 λοιδορία·
3284 5323 3557 5395 Λοίδοροι
3603 5325 3733 5386 γὰο

519 5488 565 5520 ’ί
604 5487 739 5545 Gen.
778 5505 873 5555 tu,
911 5489 999 5545 l9.
1075 5491 1122 5523 ²¹
1159 5489 1292 5547 Gen.
1331 5508 1500 5557 xvm,
1535 5491 1627 5550 27.
1700 5492 1747 5523 ’³
1784 5493 1930 5550 Psal.
1968 5509 2034 5548 xx

2137 5494 2182 5549 7.
2260 5495 2305 5526 “
2341 5492 2504 5550 Num.
2546 5508 2646 5561 xu,
2679 5494 2706 5549 1
2743 5508 2897 5563 seqq.

520 5641 597 5716 (θ)
628 5641 763 5716 ﬁeg.
795 5602 1004 5714 primus
1032 5647 1097 5700 ὲκ
1123 5646 1224 5716 γῆς
1252 5647 1508 5716 ὑπέστης.

520 5665 597 5713 ιο)
632 5665 763 5712 neg.
796 5665 1004 5714 pI'IIIIIIS
1032 5665 1097 5700 εκ
1123 5665 1224 5716 γης
1252 5665 1420 5702 υπεστ
1463 5665 1508 5710 ς,

625 5712 1159 5797 §icintss.'plerique
1189 5732 1398 5797 omnes.
1421 5665 1891 5797 ἓᾶξςίπροχωρεῖς
1917 5718 2015 5797 τῷ.

519 5782 597 5855 (8)
625 5782 779 5841 Colb.
823 5782 1033 5858 primus
1062 5782 1321 5858 ἄπρακιιά
1350 5804 1449 5844 σοι.
1499 5782 1883 5862 Ιίιίὀέιιῖιῖἒεζ
1907 5782 2017 5862 pri-

2126 5666 2250 5707 mus
2281 5650 2367 5718 ὲφ’
2396 5650 2612 5705 ἑαυτοῦ.

2196 5720 2272 5793 (9)
2300 5722 2429 5791 Reg.
2453 5722 2663 5792 primus
2686 5720 2942 5777 οὐδέποτε
2978 5718 3421 5792 μεταμελητήσῃ.
