4036 6236
333 369 432 427 561

1470 366 1756 424 ΗΟΜΙΜΑ
1788 364 2157 421 ABVERSUS
2195 363 2465 420 lRATOS.

3485 367 3590 424 362

334 486 663 554 ,ϐασιλείαν
696 486 843 540 Θεοῦ
890 488 962 540 οὐ
991 485 1520 555 κληρονομήσουσι
1545 504 1557 515 ·
1587 487 1669 539 σοὶ
1696 485 1753 538 δὲ
1776 485 1923 555 ἡτοί-

2034 483 2304 536 reditatem
2346 485 2490 553 regni
2530 481 2627 536 Dei
2681 498 2783 536 non
2828 490 3204 553 consequentur
3232 484 3279 515 “
3309 501 3324 537 :
3359 483 3459 539 tibi
3508 485 3591 540 si-

344 594 484 648 μασι
503 577 602 647 τὴν
632 576 910 646 βασιλείαν
930 579 963 647 ἡ
994 578 1169 648 σιωπή
1193 577 1327 647 (10).
1371 578 1433 631 '0
1450 577 1561 647 γὰρ
1591 578 1919 647 ὑπομείνας

338 669 429 732 εις
478 669 667 735 τέλος,
700 664 879 735 οὗτος
925 668 1278 735 σωθήσεται.
1335 671 1697 741 Ἀμυνόμενος
1738 669 1794 722 δὲ
1825 669 1920 722 καὶ

341 758 424 818 εἰς
452 756 561 808 ἴσον
594 756 1113 827 ἀντικαθισταμενος
1136 758 1214 829 τῷ
1239 758 1481 831 λοιδόρῳ,
1511 761 1564 813 τί
1602 759 1697 813 καὶ⁸
1722 759 1917 812 ἀπολο-

344 847 673 917 γήσηςὍτι
717 847 1010 920 παρώξυνε
1064 849 1380 922 κατάρξας;
1429 853 1537 905 Καὶ
1567 854 1726 918 ποίας
1763 852 1920 909 τοῦτο

347 944 675 1011 συγγνώμης
706 941 890 1007 ἀξιονς
928 943 1064 997 υύδὲ
1094 943 1202 1016 γὰρ
1226 946 1255 997 6
1280 944 1499 1015 πόρνος,
1531 946 1625 998 ἐπὶ
1650 945 1747 1017 τὴν
1782 948 1921 1000 ἑταί-

348 1049 449 1102 ραν
500 1034 597 1104 τὴν
650 1034 831 1088 αἰτίαν
860 1036 1173 1105 μετατιθεὶς
1214 1038 1290 1100 ὡς
1322 1038 1460 1109 πρὸς
1510 1037 1610 1109 τὴν
1644 1039 1919 1109 ἁμαρτίαν

342 1124 740 1196 διερεθίσασαν,
763 1122 928 1198 ἧττον
968 1129 1067 1200 τῆς
1108 1131 1484 1202 κατακρίσεως
1507 1132 1620 1202 (11)
1651 1131 1915 1197 ἀξιοῦται.

341 1216 483 1271 Οὔτε
524 1220 777 1288 στέφανοι
818 1223 993 1293 χωρὶς
1023 1224 1458 1291 ἀνταγωνιστῶν,
1494 1225 1615 1278 οὔτε
1652 1226 1920 1298 πτώματα

339 1309 516 1379 χωρὶς
536 1311 868 1366 ἀντιπάλων.
930 1314 1130 1367 ¹Ἄκουε
1164 1314 1260 1368 τοῦ
1293 1316 1458 1369 Δαὸὶδ
1495 1316 1776 1384 λέγοντος⁸
1825 1319 1921 1371 Ἐν

340 1399 423 1464 τῷ
458 1402 767 1471 συστῆναι
794 1403 906 1457 τὸν
946 1405 1297 1474 ἁμαρτωλὸν
1327 1408 1608 1461 ἐναντίον
1626 1426 1768 1478 μου,
1797 1411 1920 1480 οὐχὶ

343 1491 738 1563 παρωξύνθην,
785 1496 910 1549 οὐδὲ
937 1497 1250 1568 ἠμυνάμην,
1281 1499 1397 1551 ἀλλ’
1444 1500 1791 1570 Έκωφώθην
1821 1503 1917 1556 καὶ

337 1581 767 1652 ὲταπεινώθην,
794 1587 893 1640 καὶ
929 1587 1194 1657 ὲσίτησα
1216 1589 1286 1654 ἐξ
1315 1590 1570 1658 ἀγαθῶν.
1602 1593 1674 1646 Σὺ
1706 1592 1762 1645 δὲ
1783 1610 1921 1665 παρ-

339 1672 508 1745 οξύνῃ
541 1676 641 1747 μὲν
665 1676 744 1740 ὡς
762 1678 857 1732 ἐπὶ
884 1678 1063 1751 φαύλῃ
1100 1683 1167 1751 τῇ
1193 1680 1429 1753 λοιδορίᾳ
1451 1699 1465 1713 ·
1502 1687 1641 1754 μιμῇ
1675 1683 1733 1737 δὲ
1757 1685 1918 1739 πάλιν

339 1767 419 1829 ὡς
462 1767 691 1834 ἀγαθόν.
742 1769 874 1823 Ἰδοὺ
906 1771 1017 1843 γὰρ
1046 1771 1245 1836 ἔπαθες
1267 1772 1303 1826 ἁ
1331 1774 1602 1842 ἐγκαλεῖς.
1630 1776 1700 1828 Ἦ
1737 1776 1798 1829 τὸ
1823 1778 1921 1845 μὲν

2026 576 2251 631 lentium
2300 590 2525 644 regnum
2574 577 2917 646 praeparavit.
2949 574 3054 639 Qui
3097 576 3237 628 enim
3281 576 3592 631 sustinuerit

2025 685 2187 738 usque
2232 667 2306 721 ad
2344 670 2521 737 ﬁnem,
2569 668 2654 721 hic
2686 668 2864 722 salvus
2889 669 2990 722 erit
3011 667 3076 721 “.
3113 666 3318 733 Quodsi
3346 682 3445 738 par
3472 670 3592 738 pari

2025 758 2253 825 referas,
2299 769 2354 814 et
2399 776 2465 814 ex
2512 776 2669 829 :rquo
2713 760 2968 830 insurgas
3012 759 3275 816 adversus
3324 762 3594 815 convicia-

2025 860 2234 917 torem,
2292 868 2456 923 quam
2518 852 2738 907 tandem
2790 851 3093 924 praetendes
3151 854 3595 909 excusationem?

2026 942 2182 1008 Quod
2226 952 2278 999 te
2320 946 2469 1014 prior
2508 944 2575 997 ad
2631 932 2768 998 iram
2806 944 3158 1015 provocavit?
3187 942 3294 1001 Sed
3342 945 3445 1001 hoc
3484 961 3594 1017 qua

2025 1034 2183 1089 venia
2219 1034 2482 1104 dignum?
2526 1032 2711 1105 Neque
2755 1037 2900 1090 enim
2941 1044 3211 1090 scortator
3241 1038 3332 1107 qui
3365 1038 3594 1108 .culpam

2026 1126 2081 1180 in
2123 1127 2460 1182 meretricem
2500 1126 2781 1191 transfert,
2825 1135 3082 1197 tanquam
3126 1144 3247 1198 quae
3294 1130 3361 1184 ad
3400 1144 3594 1199 pecca-

2027 1226 2141 1272 tum
2174 1219 2469 1289 impulerit,
2501 1220 2788 1275 remissius
2818 1220 3231 1274 condemnatur.
3267 1219 3455 1292 Neque
3502 1236 3599 1277 co-

2025 1324 2173 1364 ronae
2227 1310 2497 1364 habentur
2555 1311 2674 1365 sine
2728 1310 3094 1374 adversariis,
3156 1327 3332 1382 neque
3384 1321 3597 1381 strages

2026 1404 2145 1455 sine
2174 1400 2446 1457 hostibus.
2503 1399 2643 1455 Audi
2677 1400 2847 1455 David
2897 1400 3207 1457 dicentem:
3255 1402 3395 1456 Dum
3424 1405 3598 1458 consi-

2024 1502 2182 1547 steret
2213 1504 2456 1561 peccator
2482 1494 2757 1548 adversum
2792 1510 2893 1558 me,
2917 1510 3025 1547 non
3060 1509 3180 1549 sum
3205 1503 3594 1565 exasperatus,

2024 1599 2126 1638 nec
2147 1584 2291 1638 ultus
2315 1600 2457 1647 sum,
2503 1584 2600 1640 sed
2653 1583 2905 1638 Obmutui
2951 1595 3001 1639 et
3038 1584 3346 1640 humiliatus
3382 1602 3520 1654 sum,
3546 1595 3599 1641 et

2025 1676 2213 1732 siluia
2242 1676 2388 1731 bonis
2439 1678 2506 1731 ".
2562 1676 2643 1731 Tu
2687 1692 2816 1732 vero
2863 1676 3208 1733 exacerbaris
3260 1677 3477 1748 quidem
3526 1679 3599 1733 ob

2026 1770 2335 1824 convicium
2415 1768 2563 1823 velut
2625 1769 2828 1822 malum
2882 1786 2896 1821 :
2956 1766 3053 1824 sed
3110 1775 3291 1822 tamen
3367 1769 3599 1825 imitaris

338 1857 625 1929 ἀλλότριον
655 1861 825 1914 κακὸν
858 1863 1132 1933 ἐπιμελῶς
1164 1864 1639 1931 καταϐλέπεις;τὺ
1668 1867 1727 1921 δὲ
1759 1884 1923 1920 σεαυ-

2034 1861 2157 1916 ιιιυά
2215 1862 2292 1916 uti
2351 1862 2575 1916 bonum.
2618 1860 2758 1916 Ecce
2813 1860 2959 1913 enim
3011 1859 3146 1915 facis
3202 1861 3348 1930 quod
3409 1876 3598 1931 repre-

338 1950 437 2003 τοῦ
480 1953 708 2023 αἰσχρὸν
765 1954 1004 2026 οὐδαμοῦ
1074 1956 1284 2023 τιθεῖς;
1339 1958 1583 2029 Πονηρὸν
1645 1960 1680 2029 ἡ
1728 1958 1920 2028 ὓϐρις;

341 2042 517 2111 φεῦγε
549 2044 659 2115 (12)
688 2047 789 2117 τὴν
812 2049 1066 2121 μίμησιν.
1097 2050 1171 2102 Οὐ
1188 2050 1297 2121 γὰρ
1318 2050 1382 2123 δὴ
1415 2053 1477 2104 τὸ
1492 2051 1678 2122 ἕτερον
1717 2054 1923 2123 κατάρ-

342 2128 434 2193 ξαι
480 2132 664 2185 ἰκανὸν
707 2136 790 2198 είς
819 2137 1170 2208 παραίτησιν.
1201 2139 1549 2211 Δικαιότερον
1573 2142 1672 2212 μὲν
1700 2138 1814 2205 οὖν,
1848 2142 1924 2206 ὡς

342 2222 585 2289 ἐμαυτὸν
648 2224 851 2291 πείθω,
899 2227 994 2281 καὶ
1053 2231 1314 2284 ἐπιτεῖναι
1364 2231 1462 2302 τὴν
1518 2233 1921 2302 ἀγανάκτησιν,

342 2312 481 2366 διότι
516 2317 544 2366 6
576 2315 675 2385 μὲν
712 2318 809 2371 οὐκ
830 2314 944 2389 εἶχε
977 2321 1038 2373 τὸ
1089 2322 1420 2393 σωφρονίζον
1468 2324 1775 2395 ὑπόδειγμα
1798 2343 1810 2354 ·
1858 2327 1923 2379 σὺ

340 2404 422 2470 δὲ,
446 2405 664 2475 βλέπων
690 2410 1105 2480 ἀσχημονοῦντα
1130 2414 1222 2466 τὸν
1268 2415 1639 2486 ὀργιζόμενον,
1670 2418 1770 2471 οὐκ
1793 2419 1924 2486 ἐφυ-

341 2496 492 2561 λάξω
520 2500 686 2553 αὑτοῦ
708 2500 807 2572 τὴν
833 2503 1114 2573 ὁμοίωσιν,
1146 2505 1261 2558 ἀλλ’
1290 2507 1617 2575 ἀγανακτεῖς
1639 2510 1732 2563 καὶ
1760 2510 1923 2579 χαλε-

342 2589 563 2653 παίνεις
588 2594 684 2644 καὶ
707 2593 1003 2666 ἀντοργίζῃ
1029 2610 1043 2623 ·
1069 2597 1160 2649 καὶ
1188 2596 1395 2665 γίνεταί
1424 2616 1516 2652 σου
1537 2600 1648 2671 (15)
1673 2600 1734 2653 τὸ
1753 2599 1925 2663 πάθος

340 2681 614 2751 ἀπολογία
645 2684 739 2737 τοῦ
768 2686 1151 2758 προλαϐόντος.
1210 2691 1404 2754 Δύτοῖς
1460 2692 1569 2764 γὰρ
1606 2690 1688 2756 οἷς
1729 2695 1923 2755 ποιεῖς,

341 2776 600 2829 κάκεῖνον
637 2778 815 2842 αἰτίας
849 2780 1037 2848 ἀφίης,
1075 2782 1169 2834 καὶ
1203 2783 1425 2837 σεαυτὸν
1455 2783 1824 2854 κατακρίνεις.
1862 2788 1924 2839 Εἰ

345 2866 449 2934 μὲν
479 2867 592 2939 γάρ
623 2870 860 2940 πονηρὸν
879 2871 907 2921 6
927 2870 1118 2941 θυμὸς,
1145 2873 1195 2925 τί
1220 2874 1319 2926 οὐκ
1345 2875 1622 2939 ὲξέκλινας
1638 2876 1699 2929 τὸ
1725 2877 1923 2943 κακόν;

342 2958 396 3008 εί
454 2957 515 3009 δὲ
574 2960 905 3030 συγγνώμης
944 2961 1115 3026 ἄξιον,
1155 2965 1207 3017 τί
1246 2964 1590 3034 χαλεπαίνεις
1619 2966 1698 3037 τῷ
1724 2966 1927 3038 θυμου-

345 3045 537 3116 μένῳ;
562 3048 749 3114 "ﬂore,
780 3051 829 3102 εἰ
868 3049 1118 3122 δεύτερος
1154 3048 1315 3122 ἦλθες
1353 3054 1489 3125 πρὸς
1514 3054 1616 3125 τὴν
1637 3056 1925 3119 ἀντίδοσιν,

342 3135 501 3190 οὐδέν
531 3154 591 3192 σε
615 3138 774 3193 τοῦτο
803 3142 1007 3211 ὀνήσει.
1044 3144 1176 3196 Οὐδὲ
1204 3144 1313 3216 γὰρ
1341 3148 1399 3197 ὲν
1432 3148 1544 3208 τοῖς
1582 3148 1927 3217 στεφανίταις

345 3232 561 3296 ἀγῶσιν
596 3232 627 3283 6
658 3232 934 3302 κατάρξας
973 3234 1082 3287 τῶν
1114 3235 1528 3307 παλαισμάτων,
1571 3238 1687 3291 ἀλλ’
1716 3243 1743 3292 ὁ
1769 3241 1929 3314 ύπερ-
1956 3217 1997 3274 C

344 3323 684 3392 ϐαλλόμενος
752 3325 864 3393 (14)
926 3328 1301 3396 στεφανοῦται.
1360 3330 1470 3382 Καὶ
1542 3333 1929 3402 κατακρίνεται

345 3412 533 3464 τοίνυν
555 3413 678 3483 οὐχὶ
722 3415 882 3483 μόνον
921 3418 950 3468 6
979 3417 1436 3489 καθηγησάμενος
1471 3420 1566 3473 τοῦ
1591 3420 1786 3485 δεινοῦ,
1816 3424 1930 3477 ἀλλ’

348 3504 382 3555 6
409 3505 508 3557 καί
535 3505 755 3576 ταινηρῷ
778 3508 1007 3578 ἡγεμόνι
1042 3511 1177 3581 πρὸς
1207 3511 1306 3581 τὴν
1338 3512 1613 3583 ἁμαρτίαν
1640 3513 1931 3578 ἐξακολου-

354 3597 554 3668 θήσας.
615 3597 741 3652 Ἐάν
804 3599 1015 3670 πένητὰ
1064 3618 1122 3654 σε
1178 3604 1472 3675 προσείπῃ,
1515 3606 1565 3658 εἰ
1617 3606 1717 3675 μὲν
1758 3608 1933 3680 ἀληθῆ

350 3687 530 3755 λέγει,
578 3689 868 3755 καταδεξαι
901 3692 999 3763 τὴν
1037 3691 1322 3764 ἀληθειαν·
1383 3696 1433 3747 εί
1469 3694 1526 3748 δὲ
1567 3695 1844 3764 ψεύδεται,
1882 3700 1933 3751 τί

348 3780 490 3850 πρὸς
532 3781 593 3833 σὲ
619 3782 682 3833 τὸ
702 3782 1024 3852 λεγόμενον;
1049 3786 1201 3856 Μήτε
1218 3785 1352 3855 πρὸς
1372 3787 1624 3851 ἐπαίνους
1652 3788 1934 3860 χαυνωθῇς

346 3876 476 3938 τοὺς
504 3875 651 3944 ὐάρ
674 3875 774 3947 τὴν
793 3875 1084 3947 ἀλήθειαν·
1119 3879 1254 3950 μήτε
1280 3878 1416 3950 πρὸς
1444 3878 1631 3951 ὕϐρεις
1663 3881 1935 3952 ἀγριανῇς

349 3967 450 4029 τὰς
474 3968 576 4037 οὐχ
598 3968 912 4038 ἁπτομένας
938 3985 1055 4024 σου.
1079 3970 1193 4041 Οὐχ
1210 3971 1343 4042 ὁρᾷς
1359 3970 1787 4061 τὰιτοξεύματα,
1818 3974 1935 4037 πῶς

350 4058 460 4112 τῶν
499 4060 599 4131 μὲν
621 4059 870 4132 στερρὦν
897 4061 992 4115 καὶ
1016 4063 1321 4115 ἀντιτύπων
1343 4058 1553 4131 πέφυκε
1574 4063 1934 4131 διεκπίπτειν,

349 4150 412 4203 ὲν
427 4151 486 4203 δὲ
505 4154 621 4216 τοῖς
646 4152 876 4216 ἁπαλοῖς
902 4155 997 4206 καὶ
1011 4153 1403 4227 ὑπείκουσιτὴν
1419 4157 1596 4227 ὁρμὴν
1610 4157 1897 4211 ὑπεκλύειν
1919 4176 1935 4224 ;

352 4240 608 4295 Τοιοῦτον
658 4242 723 4313 δή
757 4260 811 4296 τι
848 4244 1039 4314 νόμιζε
1081 4240 1221 4298 εἶναι
1269 4246 1452 4300 καὶτὸ
1497 4247 1593 4318 τῆς
1647 4246 1934 4319 λοιδορίας.

366 4334 427 4384 '0
459 4335 563 4404 μὲν
587 4335 917 4390 ἀντιϐαίνων
960 4340 1040 4399 είς
1066 4338 1256 4392 ἑαυτὸν
1292 4338 1652 4409 καταδέχεται
1671 4356 1686 4371 ·
1714 4341 1743 4392 6
1770 4340 1826 4394 δὲ
1862 4342 1941 4393 ὲν-

351 4425 533 4488 διδοὺς
552 4427 650 4479 καὶ
677 4427 921 4480 ὑπείκων
942 4426 1001 4480 ὲν
1046 4431 1110 4499 τῇ
1144 4428 1446 4498 ἁπαλότητι
1486 4428 1582 4482 τοῦ
1606 4430 1809 4496 τρόπου
1844 4429 1941 4500 τὴν

2030 1954 2242 2009 hendis.
2309 1954 2392 2008 An
2456 1954 2694 2007 alienum
2754 1951 2956 2005 malum
3002 1951 3289 2022 diligenter
3327 1952 3599 2008 intueris?

2030 2046 2186 2101 ducis
2217 2059 2347 2099 vero
2396 2060 2496 2116 pro
2536 2045 2707 2099 nihilo
2758 2051 2904 2098 tuam
2947 2044 3119 2113 ipsius
3163 2046 3603 2116 turpitudinem?

2029 2136 2221 2192 Nonne
2242 2138 2445 2191 malum
2469 2135 2843 2191 contumelia?
2869 2136 3014 2192 Cave
3053 2138 3306 2194 imiteris.
3334 2138 3469 2194 Nam
3508 2140 3600 2194 in-

2029 2230 2242 2299 cepisse
2281 2229 2470 2291 alium,
2504 2242 2614 2283 non
2654 2226 2852 2283 sufﬁcit
2897 2228 2965 2282 ad
3003 2229 3431 2285 excusationem.
3485 2228 3602 2286 lmo

2030 2336 2161 2376 vero
2189 2321 2400 2390 aequius
2439 2326 2544 2383 est,
2572 2328 2631 2373 ut
2661 2318 2794 2372 mihi
2832 2318 3156 2387 persuadeo,
3186 2320 3396 2376 intendi
3435 2322 3602 2377 etiam

2032 2412 2320 2468 adversum
2350 2420 2403 2466 te
2436 2410 2753 2481 querelam,
2801 2410 2945 2480 quod
2996 2410 3087 2466 ille
3134 2412 3441 2483 exemplum
3492 2428 3602 2483 quo

2031 2505 2442 2567 emendaretur,
2480 2517 2823 2574 nequaquam
2853 2502 3120 2558 habuerit.
3184 2501 3267 2557 Tu
3307 2511 3488 2558 tamen
3522 2509 3603 2558 vi-

2032 2597 2168 2652 dens
2201 2598 2399 2653 iratum
2422 2594 2679 2651 indecore
2698 2608 2758 2649 se
2779 2602 3074 2662 gerentem,
3104 2609 3215 2648 non
3246 2595 3392 2651 illius
3417 2596 3603 2650 vitasti

2033 2688 2445 2743 similitudinem
2475 2705 2490 2742 :
2523 2685 2619 2741 sed
2641 2684 2962 2755 indignaris,
2987 2693 3042 2740 et
3069 2700 3211 2755 aegre
3236 2685 3348 2742 fers
3369 2726 3384 2751 ,
3436 2696 3490 2743 et
3522 2689 3605 2741 vi-

2033 2780 2218 2836 cissim
2254 2779 2513 2836 irasceris
2538 2796 2553 2845 ;
2587 2776 2818 2848 ideoque
2844 2785 2939 2832 tua
2962 2777 3137 2848 ipsius
3156 2778 3494 2848 perturbatio
3516 2794 3605 2850 ag-

2031 2870 2329 2943 gredientis
2356 2867 2799 2938 exordientisque
2825 2866 3071 2923 defensio
3108 2867 3167 2921 ﬁt
3195 2874 3249 2923 et
3298 2870 3602 2924 excusatio.

2033 2964 2167 3019 Nam
2202 2978 2298 3033 per
2321 2977 2384 3016 ea
2417 2977 2538 3032 qua:
2566 2963 2682 3031 ipse
2714 2962 2870 3022 facis,
2903 2969 3016 3013 tum
3059 2960 3169 3030 87
3206 2960 3359 3015 illum
3406 2961 3605 3016 liberas

2034 3054 2215 3123 culpa,
2254 3063 2369 3106 tum
2400 3060 2452 3107 te
2481 3054 2598 3122 ipse
2626 3052 2976 3106 condemnas.
3036 3050 3245 3105 Etenim
3297 3053 3345 3107 si
3400 3055 3604 3107 malum

2036 3146 2114 3198 ira
2148 3152 2251 3207 est,
2280 3159 2380 3199 cur
2398 3145 2599 3199 malum
2619 3162 2728 3201 non
2752 3145 3075 3201 declinasti?
3113 3144 3208 3200 Sin
3241 3157 3419 3203 autem
3442 3149 3605 3219 quid-

2032 3236 2176 3305 piam
2205 3245 2289 3292 est
2321 3237 2480 3292 venia
2508 3238 2755 3309 dignum,
2792 3253 2894 3293 cur
2923 3239 3171 3294 infensus
3217 3255 3275 3295 es
3308 3240 3564 3297 irascenti
3586 3244 3612 3283 ν

2033 3326 2213 3394 Quare
2246 3329 2350 3385 etsi
2386 3332 2659 3400 posterior
2693 3347 2792 3403 par
2822 3333 2937 3403 pari
2986 3333 3223 3390 retulisti
3247 3376 3262 3400 ,
3312 3336 3447 3390 nihil
3481 3337 3609 3392 inde

2034 3419 2219 3490 capies
2244 3422 2618 3477 emolumenti.
2651 3422 2839 3493 Neque
2859 3424 3003 3479 enim
3040 3425 3096 3480 in
3131 3428 3521 3484 certaminibus
3549 3430 3607 3483 in

2034 3511 2236 3581 quibus
2287 3513 2569 3583 praemium
2615 3528 2818 3568 corona
2870 3515 3231 3585 proponitur,
3289 3517 3607 3574 certaminis

2038 3604 2320 3674 inceptor,
2377 3605 2471 3659 sed
2530 3606 2706 3660 victor
2762 3614 3075 3661 coronatur.
3130 3606 3446 3678 Idcircoque
3499 3626 3604 3664 non

2036 3696 2213 3751 solum
2243 3696 2335 3767 qui
2364 3697 2493 3751 mali
2523 3706 2717 3750 auctor
2761 3695 2887 3763 fuit,
2917 3697 3012 3753 sed
3044 3698 3209 3753 etiam
3260 3699 3353 3769 qui
3402 3698 3606 3752 malum

2034 3788 2226 3843 ducem
2255 3789 2320 3843 ad
2348 3797 2632 3857 peccatum
2663 3797 2883 3843 secutus
2924 3796 3009 3843 est
3033 3829 3047 3852 ,
3093 3791 3506 3845 condemnatur.
3540 3788 3598 3844 Si

2036 3887 2090 3932 te
2121 3893 2412 3948 pauperem
2444 3878 2814 3948 appellaverit,
2847 3877 2892 3933 si
2923 3894 3108 3934 verum
3138 3880 3423 3949 loquatur,
3472 3894 3599 3949 per-

2038 3969 2119 4025 fer
2149 3973 2471 4037 veritatem;
2500 3971 2586 4027 sin
2616 3972 2898 4034 mentitur,
2922 3971 3052 4041 quid
3084 3971 3151 4025 ad
3185 3979 3238 4025 te
3260 3970 3405 4041 quod
3430 3969 3607 4025 dixit?

2036 4060 2223 4132 Neque
2252 4062 2498 4119 eﬂ’eraris
2519 4062 2591 4117 ob
2612 4077 2706 4117 eas
2732 4077 2854 4133 quae
2876 4077 3063 4117 verum
3087 4061 3358 4117 excedunt
3385 4062 3608 4128 laudes;

2038 4169 2214 4223 neque
2242 4154 2312 4208 ob
2341 4153 2704 4208 contumelias
2754 4168 2875 4223 qua:
2909 4160 2960 4207 te
3015 4168 3123 4207 non
3166 4154 3439 4223 attingunt
3464 4192 3478 4215 ,
3515 4167 3613 4206 ex-

2039 4245 2332 4315 aspereris.
2364 4243 2446 4298 An
2469 4259 2579 4317 non
2630 4243 2782 4299 vides
2810 4243 3083 4315 quomodo
3111 4245 3321 4314 sagittae
3350 4245 3572 4299 duriora
3592 4281 3609 4307 ,

2039 4349 2087 4393 et
2120 4354 2240 4409 qua:
2290 4338 2622 4404 renituntur,
2656 4338 2866 4393 soleant
2906 4348 3213 4408 penetrare,
3248 4340 3302 4394 in
3357 4339 3612 4395 mollibus

2038 4446 2169 4486 vero
2197 4440 2251 4485 et
2277 4446 2398 4501 quae
2419 4430 2637 4493 cedant,
2672 4431 2931 4499 impetum
2962 4446 3120 4486 suum
3151 4431 3435 4501 frangere?
3469 4432 3613 4486 Con-

356 4519 445 4571 ἑπ⁴
490 4517 655 4570 αὐτὸν
716 4519 1026 4590 φερομένην
1090 4520 1354 4591 πονηρίαν
1400 4519 1630 4574 διέλυσε.
1678 4521 1744 4574 Τί
1790 4521 1848 4574 δέ
1881 4539 1929 4575 σε

2047 4523 2222 4577 simile
2249 4521 2507 4593 quiddam
2530 4561 2543 4585 ,
2576 4522 2881 4575 convicium
2912 4537 3034 4577 esse
3076 4532 3224 4593 puta.
3270 4523 3373 4590 Qui
3421 4531 3613 4577 contra

354 4610 620 4679 ταράσσει
654 4610 689 4679 ἡ
720 4609 1064 4679 προσηγορία
1096 4608 1189 4662 τοῦ
1219 4610 1482 4678 πένητος;
1520 4610 1805 4682 Μνήσθητι
1840 4612 1939 4680 τῆς

357 4701 576 4768 φύσεως
605 4700 831 4755 σεαυτοῦ
855 4719 867 4732 ο
896 4703 978 4754 ὃτι
1003 4702 1206 4772 γυμνὸς
1226 4704 1305 4765 είς
1320 4702 1409 4754 τὸν
1440 4702 1643 4772 κόσμον
1670 4701 1937 4773 εἰσῆλθες,

356 4795 563 4862 γυμνὸς
594 4795 693 4847 καὶ
728 4792 1026 4866 ἀπελεύσῃ.
1063 4794 1127 4845 Τί
1168 4793 1222 4846 δὲ
1268 4793 1479 4863 γυμνοῦ
1524 4794 1934 4865 πενιχρότερον;

359 4885 527 4939 Οὐδὲν
544 4885 784 4956 ἤκουσας
803 4885 994 4950 δεινὸν,
1018 4884 1113 4937 ὲάν
1143 4885 1218 4956 μὴ
1264 4882 1476 4954 σεαυτῷ
1509 4883 1796 4955 οἱκειὼσῃς
1827 4885 1939 4955 (15)

2048 4613 2242 4679 tendit,
2274 4613 2329 4667 id
2361 4613 2416 4667 in
2447 4627 2506 4666 se
2528 4612 2720 4681 recipit
2749 4631 2764 4664 ι
2816 4613 2908 4682 qui
2937 4628 3069 4667 vero
3114 4614 3343 4668 remisse
3391 4614 3500 4683 agit
3551 4628 3614 4666 ac

2048 4705 2221 4765 cedit,
2258 4719 2471 4757 morum
2503 4703 2724 4757 lenitate
2755 4703 2957 4757 illatam
3000 4704 3101 4757 είιή
3128 4704 3378 4773 iniuriam
3414 4704 3613 4757 dissol-

2048 4795 2146 4848 vit.
2180 4792 2321 4867 Quid
2365 4799 2544 4846 autem
2594 4800 2645 4845 te
2678 4793 2959 4861 perturbat
2989 4795 3243 4862 pauperis
3277 4791 3615 4861 cognomen?

2046 4885 2103 4937 in
2132 4891 2366 4937 mentem
2394 4882 2575 4936 veniat
2604 4892 2709 4936 tute
2739 4892 2969 4949 natura',
3017 4882 3160 4951 quod
3193 4881 3372 4936 nudus
3409 4881 3618 4953 ingres-

432 5041 479 5072 “
518 5038 536 5091 l
568 5038 700 5094 Cor.
738 5055 824 5100 τι,
862 5040 949 5093 10.
1027 5040 1073 5070 ³⁸
1111 5037 1300 5093 Matth.
1339 5055 1404 5104 ς,
1436 5035 1526 5092 22.
1603 5038 1646 5071 ³⁷
1686 5036 1831 5093 Psal.
1870 5054 1929 5090 xx

2043 5052 2113 5099 Il,
2144 5036 2214 5101 2,
2251 5036 2304 5089 5.

434 5152 545 5224 (10)
582 5152 716 5222 Reg.
747 5152 959 5221 primus
996 5152 1256 5223 ἡτοίμασε
1278 5151 1378 5221 τὴν
1414 5150 1687 5222 σωτηρίαν
1721 5152 1776 5220 ἡ,
1798 5166 1937 5219 μνω-

334 5191 351 5269 ὶ
434 5191 546 5234 νυ,
582 5191 716 5222 ..νιν
750 5191 959 5221 νηηηω
1000 5191 1243 5223 φωρ.-.

364 5232 570 5290 parum
598 5225 849 5275 salutem.
1234 5251 1243 5261 -

435 5292 548 5362 (H)
584 5292 767 5347 Codex
812 5293 984 5347 Coisl.
1034 5300 1089 5345 et
1119 5290 1273 5345 Colb.
1312 5290 1510 5345 tertius
1552 5290 1651 5360 τῆς
1681 5287 1934 5362 κρίσεως.

366 5360 561 5417 Statim
593 5363 685 5415 ubi
721 5372 775 5417 et
810 5364 865 5415 in
911 5363 1075 5416 editis
1104 5371 1159 5416 et
1197 5362 1251 5414 iu
1305 5376 1436 5415 mss.
1470 5376 1666 5429 magno
1705 5360 1847 5412 inter
1879 5376 1939 5413 se

364 5446 640 5488 consensu
670 5434 867 5502 legitur
898 5431 1187 5502 πτώματα,
1206 5430 1552 5502 _legi_debere
1578 5429 1814 5502 τρόπαια
1843 5445 1939 5483 su-

365 5504 610 5572 spicatur
655 5499 746 5557 vir
785 5499 1143 5558 doctissimus
1191 5499 1552 5572 Combefisius
1579 5519 1591 5553 :
1617 5499 1808 5572 ‘cujus
1839 5515 1939 5572 nos

365 5569 765 5642 conjecturam.
804 5574 909 5627 nisi
955 5573 1080 5642 libri
1117 5579 1328 5642 veteres
1367 5570 1742 5640 prohiberent,
1795 5569 1939 5642 haud

367 5640 522 5697 inviti
553 5658 927 5712 sequeremur.
974 5640 1525 5712 Quodsiquispiam,
1546 5640 1944 5694 reluctantibus

367 5711 649 5769 veteribus
688 5714 866 5776 libris,
905 5713 1147 5783 τρόπαια
1183 5711 1371 5783 legere
1404 5711 1578 5783 malit.
1616 5712 1944 5783 sicrvertere

368 5786 590 5855 poterit,
626 5800 786 5854 neque
809 5779 1008 5852 tropaea
1036 5783 1149 5834 sine
1173 5779 1427 5836 hostibus.
1456 5779 1656 5836 Ibidem
1684 5782 1793 5833 duo
1820 5780 1945 5834 Col—

649 5877 918 5936 PATROL.
963 5874 1083 5933 Gn.
1123 5872 1362 5932 XXXI.

2043 5149 2241 5204 bertini
2274 5149 2459 5203 ἄκουε.

2116 5219 2226 5288 (12)
2261 5217 2400 5288 Editi
2432 5219 2587 5288 φύγε.
2622 5221 2681 5271 At
2718 5235 2850 5273 mss.
2884 5218 3128 5288 nonnulli
3163 5216 3351 5284 φεῦγε.

2119 5287 2232 5361 (15⁷)
2266 5287 2356 5361 §ic
2398 5287 2551 5343 multi
2580 5290 2701 5361 libri
2736 5298 2964 5361 veteres.
3002 5287 3145 5341 Editi
3171 5287 3380 5361 γίνεταί
3409 5304 3510 5342 σοι.

2118 5357 2231 5429 (Η)
2264 5357 2399 5429 Reg.
2436 5361 2644 5429 primus
2675 5358 3131 5429 ὑπερϐαλόμενος.
3160 5358 3455 5426 Aliquanto
3498 5371 3621 5429 post

2045 5427 2181 5484 mss.
2209 5427 2456 5483 nonnulli
2480 5427 2592 5482 ἀλλ’
2625 5432 2653 5481 6
2682 5427 3046 5498 καὶπονηρῷ.
3074 5429 3354 5482 Articulus
3381 5430 3433 5481 in
3461 5427 3624 5482 editis

2048 5516 2155 5622 gon
2180 5501 2476 5554 invenitur.
2512 5498 2755 5553 Subinde
2783 5500 2892 5551 duo
2935 5516 3067 5554 mss.
3101 5499 3375 5569 ἁμαρτίαν
3396 5499 3626 5552 ἀκολου-

2084 5587 2238 5622 ησας.
3421 5618 3425 5622 .

2121 5587 2238 5633 σας.
3410 5618 3429 5633 ,ι

2265 5637 2404 5691 Editi
2432 5636 2707 5710 omnem.
2738 5637 2805 5691 At
2830 5654 2959 5692 mss.
2986 5655 3092 5692 non
3125 5639 3281 5708 pauci
3311 5618 3623 5710 οἰκὲιώσῃς.

2053 5708 2175 5764 Mox
2201 5710 2356 5763 Colb.
2395 5709 2603 5778 primus
2631 5708 2815 5779 φέρειν
2849 5711 3128 5777 γενναίως.

3315 5862 3388 5921 12
