4036 6236
387 330 493 390 355
1706 329 1764 385 S.
1806 326 2049 382 BASILH
2084 324 2296 380 MAGNI
3524 317 3630 373 εει

385 457 483 500 sus
512 457 572 499 es
603 443 661 499 in
701 444 1001 514 mundum,
1056 448 1345 521 nudusque
1398 462 1458 502 cs
1507 460 1830 516 egressurus
1886 444 1949 495 ".

2064 442 2125 496 τὰ
2152 442 2432 514 είρημένα.
2470 439 2563 502 Τίς
2594 455 2723 492 ποτε
2750 436 2969 508 ἀπήχθη
2987 435 3072 488 διὰ
3086 433 3274 486 πενίαν
3307 434 3387 496 είς
3417 432 3630 503 δεσμω-

385 533 526 601 Quid
565 541 747 591 autem
774 539 923 593 nudo
952 540 1245 609 pauperius
1273 539 1396 594 est?
1436 536 1581 591 Nihil
1608 552 1772 607 grave
1799 534 1956 590 audi-

2064 537 2275 606 τήριον;
2327 534 2400 587 Οὐ
2446 532 2507 586 τὸ
2562 530 2818 585 πένεσθαι
2862 529 3245 589 ἐπονείδιστον,
3288 524 3425 579 ἀλλά
3463 523 3525 577 τὸ
3556 524 3633 595 μὴ

383 623 536 689 visti,
565 626 672 681 nisi
700 627 846 696 quod
889 643 956 684 ea
991 643 1115 699 quae
1154 630 1301 685 dicta
1361 637 1518 694 sunt,
1570 638 1663 683 tua
1696 627 1868 683 solius
1903 634 1958 681 et

2064 626 2242 695 φέρειν
2266 623 2498 690 εὐγενῶς
2523 622 2620 693 τὴν
2646 622 2858 675 πενίαν.
2888 620 3176 691 Μνήσθητι
3201 617 3295 671 τοῦ
3326 616 3597 670 Δεσπότου
3616 632 3630 646 ·

383 718 607 788 propria
633 716 878 774 duxeris.
908 719 1042 787 Quis
1070 736 1311 793 unquam
1341 722 1411 776 ob
1457 729 1830 791 paupertatem
1860 719 1957 774 ab-

2064 717 2141 770 ὕτι
2168 717 2467 779 Πλούσιος
2484 713 2587 779 ὢν,
2611 712 2952 783 ἐπτώχευσε
2973 712 3044 764 δι’
3069 709 3245 780 ἡμᾶς.
3278 708 3402 762 Ἐὰν
3424 706 3637 777 ἄφρονά

383 805 582 863 ductus
610 816 695 864 est
726 808 781 863 in
829 812 1149 867 carcerem?
1182 810 1482 883 Pauper-em
1522 827 1646 867 esse
1676 826 1785 866 non
1825 827 1955 881 pro-

2064 825 2118 861 σε
2169 809 2263 861 καὶ
2308 805 2493 877 ἅμαθῆ
2566 804 3019 877 προσαγορεύσῃ,
3078 800 3461 873 ὑπομνήσθητι
3525 799 3639 850 τῶν

382 898 607 954 brosum
646 907 754 965 est,
778 902 875 957 sed
913 912 1286 973 paupertatem
1319 917 1584 974 generose
1630 918 1738 958 non
1791 903 1952 958 ferre.

2072 899 2373 953 Ἰουδαϊκῶν
2404 898 2634 970 ὕϐρεων,
2675 892 2763 960 αἷς
2791 897 2888 968 τὴν
2917 894 3178 966 ἀληθινὴν
3214 890 3404 962 σοφίαν
3430 889 3634 942 ἐλοιδο-

384 984 593 1045 Memor
616 996 735 1047 esto
766 990 1017 1058 Domini,
1074 992 1180 1059 Qui
1220 1008 1343 1047 cum
1363 991 1504 1047 dives
1531 1001 1700 1058 esset,
1750 1003 1958 1062 propter

2064 993 2322 1064 ρήσαντο·
2346 990 2709 1065 Σαμαρείτης
2729 983 2803 1051 εἷ,
2833 989 2930 1042 καὶ
2961 987 3272 1056 δαιμόνιον
3289 986 3469 1053 ἔχεις.
3509 981 3638 1035 Ἐὰν

383 1095 478 1136 nos
513 1097 703 1151 egenus
736 1082 907 1152 factus
933 1092 1015 1139 est
1043 1084 1109 1138 “.
1163 1082 1401 1140 Stultum
1437 1090 1491 1140 te
1517 1092 1571 1140 et
1598 1084 1878 1139 indoctum
1909 1085 1957 1141 si

2064 1087 2159 1157 μὲν
2208 1081 2301 1138 οὖν
2353 1083 2633 1155 ὀργισθῇς,
2686 1080 3023 1145 ἐϐεϐαίωσας
3067 1078 3139 1132 τὰ
3194 1076 3405 1147 ὀνείδη⁹
3439 1074 3493 1128 τί
3526 1072 3635 1142 γὰρ

385 1173 703 1243 appellarit,
742 1176 1059 1233 memineris
1085 1192 1274 1232 earum
1321 1192 1442 1247 quae
1475 1192 1505 1231 a
1534 1175 1738 1232 Iudaeis
1775 1177 1831 1231 in
1859 1192 1955 1232 ve-

2064 1177 2225 1248 ὀργῆς
2252 1174 2680 1246 ἀφρονέστερον;
2708 1171 2803 1225 ἐάν
2833 1171 2891 1224 δὲ
2922 1170 3110 1242 μείνῃς
3142 1169 3430 1239 ἀόργητος,
3465 1166 3638 1237 ᾔσχυ-

382 1282 501 1322 ram
538 1269 863 1341 sapientiam
896 1270 1058 1341 iactae
1090 1277 1275 1337 sunt,‘
1301 1272 1627 1342 injuriarum
1659 1289 1673 1326 :
1711 1269 1957 1327 Samari-

2064 1287 2153 1334 νας
2179 1269 2270 1323 τὸν
2310 1267 2627 1340 ὑϐρίσαντα,
2656 1265 2801 1338 ἔργῳ
2828 1264 2927 1336 τὴν
2962 1263 3314 1335 σωφροσύνην
3363 1258 3637 1325 ἐπιδειξά-

384 1369 541 1414 tanus
577 1377 630 1415 es
650 1401 666 1425 ,
697 1370 747 1416 et
783 1360 1102 1416 dtemonium
1122 1362 1280 1419 habes
1312 1363 1378 1417 ³⁰.
1416 1361 1571 1428 Quod
1596 1362 1642 1419 si
1665 1361 1955 1427 irasceris,

2064 1376 2239 1432 μενος.
2258 1357 2660 1431 Ἐρῤαπίσθηςς
2694 1357 2787 1410 καὶ
2810 1355 2920 1427 γὰρ
2944 1354 3040 1410 καὶ
3064 1356 3093 1407 6
3126 1353 3350 1424 Κύριος.
3381 1350 3637 1405 Ἐνεπτύ-

383 1451 719 1508 conﬁrmasti
754 1454 975 1523 probra.
1028 1453 1239 1525 Ecquid
1272 1454 1417 1511 enim
1458 1454 1681 1511 stultius
1709 1462 1794 1508 est
1835 1453 1960 1507 ira?

2064 1453 2225 1523 σθης;
2253 1450 2471 1523 καὶγὰρ
2493 1453 2522 1503 6
2549 1448 2826 1519 Δεσπότης
2845 1448 3022 1517 ἡμῶν.
3044 1447 3127 1500 Οὐ
3158 1443 3267 1516 γὰρ
3292 1442 3638 1508 ἀπέστρεψε

385 1536 482 1596 Sin
505 1549 687 1599 autem
718 1544 1046 1616 tranquillus
1075 1553 1130 1601 et
1176 1546 1296 1603 sine
1328 1546 1411 1601 ira
1455 1545 1844 1617 permanseris,
1875 1545 1959 1600 in-

2064 1547 2126 1600 τὸ
2164 1546 2489 1616 πρόσωπον
2533 1541 2644 1615 (16)
2670 1541 2790 1597 ἀπὸ
2824 1539 3127 1610 αἰσχύνης
3175 1534 3634 1608 ἐμπτυσμάτιινν.

382 1633 527 1689 cutis
564 1634 829 1704 pudorem
872 1636 1262 1705 conviciatori,
1313 1653 1438 1694 cum
1494 1636 1837 1708 prudentiam
1868 1652 1956 1693 re-

2071 1637 2541 1709 Ἐσυκοφαντήθης
2563 1653 2578 1703 ;
2602 1637 2696 1691 καὶ
2716 1634 2826 1707 γάρ
2853 1632 2949 1688 καὶ
2967 1635 2996 1688 6
3026 1631 3238 1703 κριτής.
3258 1625 3638 1701 Περιέρῤηξάν

382 1724 502 1795 ipsa
525 1724 830 1782 ostenderis
861 1735 1026 1798 atque
1056 1728 1404 1785 modestiam.
1444 1727 1634 1785 Caesus
1663 1728 1835 1798 alapis
1864 1728 1959 1784 es?

2064 1749 2155 1785 σου
2183 1730 2275 1786 τὸν
2305 1731 2660 1801 χιτωνίσκον;
2696 1728 2997 1783 Ἀπέδυσάν
3029 1743 3130 1798 μου
3160 1725 3255 1779 καὶ
3282 1723 3375 1777 τὸν
3409 1720 3637 1794 Κύριον,

381 1815 454 1871 At
478 1817 624 1871 enim
654 1816 919 1875 Dominus
948 1834 1185 1891 quoque.
1246 1819 1483 1877 lnl‘ectus
1511 1835 1571 1877 es
1604 1819 1818 1891 sputis?
1849 1818 1957 1876 Sed

2064 1825 2155 1879 καὶ
2178 1823 2551 1896 διεμερίσαντο
2570 1822 2639 1875 τὰ
2669 1822 2858 1893 ἱμάτια
2880 1818 3043 1874 αὑτοῦ
3068 1817 3301 1879 ἑαυτοῖς.
3324 1812 3491 1867 Οὕπω
3506 1828 3638 1866 κατ-

384 1916 441 1964 et
464 1907 728 1965 Dominus
758 1918 964 1968 noster.
998 1910 1121 1967 Non
1149 1913 1299 1969 enim
1346 1914 1535 1969 avertit
1559 1912 1752 1983 faciem
1804 1929 1958 1967 suam

2064 1915 2320 1987 εκρίθης,
2358 1914 2511 1969 οὕπω
2536 1911 2905 1984 ἐσταυρώθης.
2942 1909 3120 1964 Πολλά
3170 1924 3253 1961 σοι
3299 1906 3475 1959 λείπει
3498 1943 3513 1969 ,
3549 1903 3637 1957 ἴνα

386 2020 422 2058 a
451 2006 756 2075 confusione
802 2020 1076 2078 sputorum
1105 2010 1172 2065 ⁸¹.
1216 2009 1453 2065 Structa:
1503 2009 1602 2064 tibi
1637 2016 1767 2065 sunt
1798 2024 1957 2080 syco-

2065 2009 2280 2081 φθάσῃς
2312 2007 2478 2062 αὐτοῦ
2511 2008 2649 2078 πρὸς
2682 2005 2780 2075 τὴν
2815 2005 3066 2076 μίμησιν.

385 2092 656 2167 phahtiae?
689 2097 886 2171 Utique
933 2111 991 2158 et
1031 2101 1224 2171 judici.
1264 2100 1610 2157 Disciderunt
1639 2110 1785 2155 tuam
1820 2101 2106 2155 tunicam?
2154 2100 2437 2156 Etuerunt
2477 2100 2642 2154 etiam
2694 2096 2985 2152 Dominum
3052 2106 3256 2154 meum.
3324 2099 3380 2145 et
3436 2087 3641 2144 divise-

385 2201 513 2248 runt
542 2193 685 2249 inter
713 2209 774 2250 se
817 2195 937 2264 ejus
996 2196 1318 2252 vestimenta
1349 2195 1418 2249 ".
1470 2194 1724 2251 Nondum
1787 2196 2182 2254 condemnatus
2219 2212 2309 2262 es,
2371 2195 2613 2251 nondum
2677 2192 2995 2247 cruciﬁxus.
3039 2188 3248 2246 Desunt
3295 2185 3393 2239 tibi
3444 2183 3639 2246 multa,

388 2295 446 2341 ut
477 2287 762 2357 pervenias
788 2287 855 2342 ad
879 2288 1053 2360 ipsius
1082 2288 1461 2343 imitationem.

455 2382 509 2438 5.
541 2382 785 2439 Subeant
808 2383 1051 2438 animum
1081 2392 1234 2437 tuum
1266 2383 1462 2438 herum
1500 2382 1712 2454 singula
1733 2422 1747 2447 ,
1793 2389 1956 2452 atque

2131 2380 2184 2435 5.
2241 2379 2458 2433 Τούτων
2528 2377 2761 2431 ἕκαστον
2826 2373 3174 2446 ὑποτρεχέτω
3235 2388 3328 2425 σου
3378 2371 3479 2443 τὴν
3524 2369 3643 2424 διά-

383 2474 894 2532 cxcandescentiam
941 2490 1006 2532 ac
1058 2485 1328 2532 tumorem
1372 2476 1756 2547 comprimant.
1800 2475 1960 2545 Ejus-

2064 2489 2209 2527 νοιαν
2248 2469 2383 2542 (17),
2401 2469 2497 2523 καὶ
2516 2465 2928 2523 καταστελλέτω
2953 2465 3054 2534 τήν
3081 2463 3411 2534 φλεγμονὴν.
3439 2463 3505 2515 At
3530 2461 3643 2533 γὰρ

349 2563 531 2630 ,modi
572 2566 717 2620 enim
770 2566 1194 2636 praeparationes
1248 2565 1673 2637 affectionesque
1699 2605 1714 2631 ,
1777 2567 1961 2622 cordis

2064 2564 2306 2619 τοιαῦται
2364 2559 2813 2636 προπαρασκευαὶ
2866 2558 2962 2612 καὶ
3002 2555 3292 2619 διαθέσεις,
3324 2549 3434 2609 οἷον
3463 2553 3641 2624 πηδή-

385 2657 548 2725 quasi
573 2657 747 2713 saltus
787 2671 853 2712 ac
885 2658 1077 2729 pulsus
1131 2657 1546 2725 rescindentes,
1602 2665 1839 2713 mentem
1890 2657 1957 2712 ad

2065 2673 2212 2727 ματα
2265 2654 2364 2724 τῆς
2411 2652 2638 2724 καρδίας
2689 2651 2783 2704 καὶ¹
2823 2649 3106 2720 σφυγμοὺς
3165 2645 3518 2718 ἀφαιροῦσαι,
3561 2646 3643 2707 είς

386 2748 753 2804 constantiam
799 2763 864 2804 ac
909 2750 1365 2820 tranquillitatem
1405 2751 1697 2808 reducunt.
1734 2749 1798 2803 Et
1826 2765 1961 2806 sane

2064 2745 2386 2800 εὐστάθειαν
2418 2744 2513 2798 καὶ
2531 2743 2771 2813 γαλήνην
2804 2741 2929 2804 τοὺς
2955 2740 3252 2812 λογισμοὺς
3280 2738 3641 2806 ἐπανάγουσι.

385 2837 493 2894 hoc
515 2846 601 2895 est
621 2839 765 2910 quod
793 2840 1003 2895 dictum
1043 2850 1129 2896 est
1171 2856 1200 2896 a
1235 2839 1438 2897 Davide
1477 2860 1490 2896 :
1529 2840 1766 2895 Paratus
1803 2858 1957 2906 sum,

385 2939 437 2987 et
468 2947 574 2986 non
604 2948 720 2987 sum
751 2932 995 2987 turbatus
1025 2933 1090 2989 ³³.
1131 2933 1357 3005 Oportet
1402 2934 1567 3005 igitur
1611 2950 1961 3006 compescere

387 3030 443 3075 te
470 3021 721 3076 insanum
751 3036 818 3078 ac
842 3023 1132 3079 vecordem
1173 3024 1339 3078 animi
1393 3033 1602 3081 motum
1623 3066 1639 3091 ,
1692 3028 1964 3097 exemplo-

385 3124 511 3167 rum
551 3128 673 3183 quse
708 3127 742 3168 a
786 3114 962 3171 beatis
997 3115 1133 3172 viris
1188 3116 1380 3173 relicta
1436 3125 1587 3184 sunt,
1619 3134 1956 3175 memorem:

2064 2840 2175 2893 Καὶ
2205 2836 2365 2893 τοῦτό
2397 2836 2546 2889 ἐστιν
2592 2833 2701 2906 ἄρα
2730 2832 2792 2887 τὸ
2815 2832 2920 2887 ὑπὸ
2947 2831 3042 2886 τοῦ
3077 2830 3188 2902 (18)
3222 2830 3386 2883 Δαϐὶδ
3412 2827 3642 2899 εἰρημέ-

2064 2948 2180 2987 νον·
2239 2931 2322 2984 ὅτι
2387 2927 2798 2997 Ὴτοιμάσθην,
2847 2925 2944 2979 καὶ
2989 2926 3101 2979 οὐκ
3144 2922 3503 2991 ἐταράχθην.
3550 2921 3645 2975 Δεῖ

2063 3023 2240 3076 τοίνυν
2265 3020 2327 3074 τὸ
2367 3019 2593 3092 μανικὸν
2633 3019 2729 3072 καὶ
2760 3016 3066 3089 ἔκπληκτον
3090 3014 3296 3085 κίνημα
3328 3013 3429 3083 τῆς
3462 3011 3642 3083 ψυχῆς

2065 3112 2447 3170 καταστέλλειν
2493 3114 2561 3183 τῇ
2592 3113 2780 3184 μνήμῃ
2806 3110 2915 3163 τῶν
2946 3108 3230 3181 μακαρίων
3270 3107 3476 3179 ἀνδρῶν
3509 3107 3642 3160 ὑπο-

385 3204 661 3275 quomodo
707 3205 916 3261 scilicet
959 3221 1192 3278 magnus
1245 3207 1337 3263 ille
1387 3206 1556 3263 David
1605 3210 1961 3280 petulantiam

2064 3207 2399 3280 δειγμᾶπων·
2435 3204 2552 3269 πῶς
2580 3206 2609 3258 6
2641 3203 2814 3275 μέγας
2848 3202 3012 3255 Δαϐὶδ
3032 3201 3223 3272 πράως
3255 3199 3499 3271 ἠνείχετο
3541 3199 3642 3269 τῆς

387 3292 571 3350 Semei
599 3303 882 3353 mansuete
902 3299 1211 3369 pertulerit.
1235 3296 1356 3353 Non
1385 3299 1533 3355 enim
1560 3306 1778 3372 tempus
1800 3300 1965 3356 dabat

384 3387 871 3456 commotioniirae,
896 3388 1168 3460 siquidem
1191 3390 1580 3460 cogitationem
1611 3407 1764 3447 suam
1788 3399 1966 3449 trans-

387 3477 598 3533 ferebat
624 3478 684 3535 in
717 3477 912 3536 Deum.
945 3481 1037 3536 Ait
1067 3482 1373 3538 nimirum:
1409 3482 1669 3539 Dominus
1699 3486 1835 3538 dixit
1868 3484 1965 3540 Se-

385 3569 511 3636 mei,
535 3578 595 3623 ut
619 3570 951 3628 malediceret
996 3572 1191 3630 Doridi
1237 3576 1303 3631 “.
1352 3574 1696 3648 Quapropter
1722 3591 1846 3633 cum
1875 3595 1967 3635 vo-

385 3667 606 3717 caretur
636 3662 721 3717 vir
747 3664 1102 3734 sanguinum,
1135 3666 1250 3737 88
1295 3674 1351 3723 et
1392 3668 1478 3721 vir
1502 3668 1725 3738 iniquus
1744 3709 1760 3737 ,
1790 3669 1965 3725 haud-

384 3767 660 3824 quaquam
685 3755 737 3810 ei
766 3758 1116 3813 succensuit:
1170 3758 1268 3813 sed
1325 3774 1386 3816 se
1434 3761 1553 3831 ipse
1599 3760 1959 3828 bumiliabat,

383 3844 545 3914 quasi
567 3844 692 3916 jure
724 3860 790 3902 ac
822 3849 1021 3903 merito
1049 3849 1358 3910 maledictis
1397 3853 1855 3923 contumeliisque
1887 3854 1965 3908 la-

384 3934 643 3992 cessitus.
672 3932 795 3990 Jam
837 3952 970 3993 vero
999 3938 1111 3994 duo
1143 3940 1259 3994 haec
1312 3955 1380 3995 ex
1409 3941 1592 3995 animo
1619 3948 1715 3996 tuo
1743 3942 1920 3996 exime
1943 3980 1958 4006 ,

384 4042 489 4084 nec
513 4029 749 4099 teipsum
771 4030 1105 4099 iudicaveris
1133 4037 1346 4105 magnis
1388 4036 1555 4091 rebus
1585 4035 1832 4107 dignum,
1862 4052 1963 4093 nec

384 4135 714 4190 quemquam
765 4122 1046 4179 hominum
1098 4125 1325 4183 duxeris
1353 4128 1449 4183 tibi
1496 4129 1761 4200 dignitate
1806 4131 1964 4200 longe

384 4211 699 4268 inferiorem
732 4212 999 4271 esse.Sic
1031 4216 1200 4283 enim,
1235 4218 1363 4275 licet
1390 4219 1686 4290 ignominia
1713 4221 1985 4293 appetiti,

386 4317 664 4374 nunquam
687 4307 754 4361 ad
785 4307 922 4362 iram
945 4309 1365 4366 concitabimur.
1398 4310 1573 4368 Grave
1593 4313 1811 4383 quidem
1842 4313 1963 4369 fuc-

323 4434 330 4440 ε
385 4398 480 4462 rit,
505 4396 784 4453 hominem
816 4399 1094 4474 beneﬁciis
1123 4399 1398 4469 affectum,
1436 4402 1704 4475 donisque
1737 4420 1802 4461 ac
1839 4421 1964 4476 gra-

386 4487 478 4544 tiis
505 4488 759 4547 maximis
785 4489 1107 4562 obligatum,
1131 4498 1330 4562 praeter
1350 4494 1550 4563 ingrati
1575 4495 1743 4549 animi
1768 4496 1960 4551 vitium

2066 3299 2351 3374 παροινίας
2371 3297 2464 3352 τοῦ
2488 3296 2701 3368 Σεμεεί.
2732 3296 2807 3349 Οὐ
2846 3293 2955 3367 γὰρ
2981 3294 3149 3348 ἐδίδου
3188 3293 3381 3365 καιρὸν
3406 3294 3472 3364 τῇ
3501 3292 3639 3363 ὀργῇ

2066 3391 2372 3465 κινηθῆναι,
2390 3389 2528 3465 πρὸς
2542 3390 2632 3444 τὸν
2648 3387 2781 3441 Θεὸν
2799 3387 3122 3459 μεταφέρων
3145 3386 3246 3457 τὴν
3270 3384 3478 3438 ἔννοιαν
3504 3383 3640 3454 (19)⁶

2064 3487 2145 3540 ὅτι
2173 3485 2389 3554 Κύριος
2418 3479 2569 3546 εἷπε,
2604 3481 2760 3552 φησὶ,
2793 3478 2875 3545 τῷ
2909 3477 3111 3548 Σεμεεὶ
3143 3476 3507 3547 καταρᾶσθαι
3534 3476 3646 3529 τὸν

2064 3576 2263 3631 Δαϐίδ.
2312 3576 2511 3645 Διόπερ
2568 3571 2781 3627 ἀκούων
2827 3570 3077 3642 αἱμάτων
3132 3570 3294 3641 ἀνὴρ,
3359 3569 3455 3622 καὶ
3501 3568 3643 3637 ἀνὴρ

2064 3668 2404 3743 παράνομος,
2462 3665 2563 3719 οὐκ
2614 3664 2810 3734 ἐκείνῳ
2850 3662 3245 3734 ἐχαλέπαινεν,
3280 3661 3397 3715 ἀλλ’
3447 3661 3643 3714 ἑαυτὸν

2064 3757 2372 3823 ἐταπείνου,
2430 3756 2507 3821 ὡς
2556 3755 2697 3810 κατὰ
2738 3753 2837 3825 τήν
2881 3753 3038 3818 ἀξίαν
3086 3752 3237 3824 αὐτῷ
3280 3752 3383 3823 τῆς
3432 3751 3646 3823 ὕϐρεως

2063 3849 2394 3921 ἀπαντώσης
2424 3848 2559 3920 (ευ).
2626 3845 2731 3900 Δύο
2785 3845 2850 3916 δὴ
2895 3844 3070 3898 ταῦτα
3119 3843 3339 3916 περίελε
3388 3841 3641 3902 σεαυτοῦ.

2067 3945 2204 4015 μήτε
2231 3955 2455 3996 σεαυτον
2492 3940 2743 4012 μεγάλων
2765 3937 2914 4003 ἀξιον
2931 3937 3147 4011 κρίνῃς,
3178 3937 3313 4008 μήτε
3338 3934 3644 4007 ἀνθρώπων

2063 4036 2186 4091 τινὰ
2239 4038 2389 4107 παρὰ
2439 4034 2574 4088 πολὺ
2629 4030 2979 4087 ἐλαττοῦσθαί
3033 4045 3124 4082 σου
3162 4029 3303 4083 κατὰ
3342 4028 3442 4100 τὴν
3484 4024 3644 4091 ἀξίαν

2063 4133 2314 4206 νομίσῃς.
2371 4129 2528 4184 Οὕτω
2567 4127 2674 4200 γὰρ
2706 4125 2965 4182 οὐδέποτε
2995 4127 3024 4179 6
3057 4123 3229 4195 θυμὸς
3274 4124 3334 4177 ἐν
3377 4125 3499 4185 ταῖς
3537 4124 3642 4175 ἐπ-

2063 4222 2360 4294 αγομέναις
2392 4222 2523 4291 ἡμῖν
2556 4218 2802 4288 ἀτιμίαις
2830 4216 3284 4287 ἐπαναστήσεται.
3323 4212 3502 4266 Δεινὸν
3543 4211 3644 4281 μὲν

2062 4311 2154 4367 τὸν
2177 4308 2624 4381 εὐεργετηθέντα,
2653 4309 2747 4361 καὶ
2769 4308 2891 4370 ταῖς
2921 4305 3208 4377 μεγίσταις
3234 4303 3516 4374 ὑπόχρεων
3544 4301 3645 4372 χά-

2066 4421 2199 4475 ρισι,
2226 4401 2364 4474 πρὸς
2395 4399 2473 4472 τῷ
2493 4400 2775 4472 ἀχαρίστῳ
2805 4398 2886 4452 ἔτι
2915 4398 3012 4452 καὶ
3044 4395 3256 4468 ὕϐρεως
3286 4398 3384 4449 καὶ
3419 4393 3644 4464 ἀτιμίας

2064 4494 2356 4567 κατάρξαι.
2392 4492 2573 4547 Δεινδν
2624 4492 2746 4563 μὲν,
2788 4489 2924 4543 ἀλλά
2944 4489 3023 4561 τῷ
3042 4487 3282 4542 ποιοῦντι
3321 4484 3503 4558 μεῖζόν
3524 4489 3643 4539 ἐστι

383 4580 565 4636 adhuc
593 4595 810 4652 quoque
834 4583 902 4637 ad
935 4585 1239 4640 convicium
1276 4594 1439 4656 atque
1472 4587 1541 4641 ad
1562 4587 1956 4657 ignominiam,

2064 4589 2231 4643 κακὸν
2258 4589 2293 4660 ἢ
2321 4586 2400 4659 τῷ
2425 4587 2711 4657 πάσχοντι.
2762 4584 2998 4647 Ἐκεῖνος
3032 4580 3300 4652 ὑϐριζέτω
3319 4597 3333 4610 ·
3368 4580 3434 4633 σὺ
3476 4578 3533 4631 δὲ
3566 4578 3643 4648 μὴ

386 4671 624 4743 priorem
656 4686 961 4729 recurrere.
993 4672 1170 4730 Grave
1188 4675 1365 4746 [plane
1395 4686 1480 4732 est
1507 4694 1521 4732 :
1558 4678 1651 4733 sed
1680 4678 1813 4734 illud
1840 4695 1959 4734 ma-

2064 4678 2310 4751 ὑϐρίζον.
2355 4677 2659 4749 Γυμνάσιόν
2712 4692 2794 4730 σοι
2844 4674 2981 4745 πρὸς
3023 4672 3341 4742 φιλοσοφίαν
3387 4670 3528 4724 ἔστω
3573 4669 3646 4722 τὰ

454 4827 501 4859 ³⁸
536 4825 726 4902 Job__l,
757 4829 848 4902 2_l_.
877 4827 1052 4902 __”_l'.
1082 4826 1209 4884 Cor.
1245 4846 1360 4902 vin,
1397 4832 1451 4888 9.
1528 4832 1573 4864 ³⁸
1610 4830 1769 4888 Joan.
1804 4849 1924 4899 vni,
1959 4869 1963 4879 ι

2126 4835 2171 4868 ³⁸
2213 4832 2317 4890 lsa.
2353 4849 2385 4889 l.
2413 4874 2427 4898 ,
2464 4834 2518 4888 6.
2596 4833 2640 4866 "
2681 4832 2873 4887 Matth.
2911 4846 3083 4896 xxvn,
3116 4831 3207 4895 5|,
3245 4830 3334 4885 55.
3410 4829 3457 4861 ³⁸
3495 4828 3641 4882 Psal.

382 4912 590 4962 cxvm,
623 4895 719 4955 60.
793 4899 838 4931 ³⁸
877 4895 919 4952 ll
952 4895 1085 4968 Reg.
1125 4915 1244 4964 ενι,
1283 4900 1369 4954 10.

482 4991 569 5069 i6)
597 4991 728 5069 Reg.
748 4993 968 5069 primus
991 4993 1283 5066 πρόσωπον
1312 4992 1500 5049 αὐτοῦ.
1531 4991 1657 5047 Mox
1687 4990 1830 5069 idem
1855 5006 1960 5047 ms.

387 5062 556 5134 πολλα
575 5080 656 5134 σοι
678 5062 871 5134 λείψει.

457 5132 569 5215 ίίἹ)
603 5131 827 5205 Antiqui
856 5134 966 5189 duo
993 5134 1120 5191 libri
1147 5133 1376 5215 ἕκαστον
1405 5132 1704 5205 ὑποτρέχον
1745 5148 1841 5184 σου
1862 5131 1962 5203 τὴν

384 5203 824 5397 διῗῖἒῖῖίειετθδ
849 5273 1054 5345 aliquot
1076 5274 1199 5329 libri
1227 5272 1379 5345 παρὰ
1402 5271 1517 5327 τοῦ.
1545 5271 1655 5327 Nec
1682 5272 1756 5326 ita
1786 5272 1960 5327 multo

384 5355 509 5397 post
577 5358 646 5397 uo
678 5358 813 5397 mss.
842 5346 934 5397 καὶ
956 5345 1267 5397 ἔμπληκτον
1295 5344 1415 5397 κίνη
1428 5361 1520 5397 μα.
1551 5341 1797 5397 Subinde
1825 5343 1959 5397 editi

380 5341 509 5414 post
537 5341 646 5398 duo
678 5358 813 5425 mss.
842 5341 1267 5415 καῖἒμπληκτον
1295 5341 1520 5425 κίνημα.
1551 5341 1797 5397 Subinde
1825 5343 1959 5397 editi

384 5424 439 5486 ot
465 5413 618 5486 Colb.
650 5423 851 5471 tertius
878 5423 933 5486 et
956 5413 1126 5470 Coisl.
1160 5416 1345 5486 μνήμῃ
1378 5432 1485 5467 των
1524 5413 1809 5485 μακαρίων
1840 5414 1965 5466 ὐπο-

383 5484 717 5556 δειγμάτων,
754 5485 1116 5539 recordatione
1160 5484 1433 5556 beatorum
1477 5484 1858 5556 exemplorum.
1896 5488 1965 5537 At

384 5553 518 5628 vero
553 5553 707 5609 Colb.
737 5556 947 5628 primus
978 5564 1033 5610 et
1077 5555 1188 5610 duo
1220 5555 1370 5628 Regii
1406 5557 1594 5628 μνήμῃ
1630 5555 1738 5607 τῶν
1784 5571 1964 5628 μακα-

386 5625 520 5694 ρίων
548 5623 1041 5697 παραγγελμάτων,
1088 5623 1453 5697 τεεονάαῖίοιιε
1495 5623 1962 5697 ὄεᾶεοηιηι-ᾱοσιι-

386 5694 979 5767 ιπεηιοναὴιζυθιῂρυε
1012 5697 1166 5751 Colb.
1198 5696 1474 5752 secundus
1500 5698 1688 5767 μνήμῃ
1723 5695 1831 5767 τῶν
1860 5711 1963 5763 μα-

386 5765 590 5830 καρίων
604 5764 812 5836 ἀνδρῶν
826 5764 1047 5834 ὑποδειγ
1055 5767 1261 5837 μάτων,
1278 5764 1640 5824 recordatione
1657 5764 1958 5821 relictorum

2070 5009 2106 5117 3
2131 4993 2296 5076 beatis
2322 4995 2449 5048 viris
2474 4995 2874 5064 exemplorum:
2902 5010 3024 5065 qua:
3045 4995 3320 5064 scriptura
3348 4993 3529 5048 verior
3557 4993 3641 5046 vi-

2109 5080 2187 5117 eri
2215 5072 2414 5117 potest.

2109 5066 2187 5118 eri
2215 5072 2414 5119 potest.

2140 5081 2468 5204 ἷίῶοὲιῗίίίο
2496 5134 2665 5189 Basil.
2701 5141 2756 5189 et
2796 5133 2972 5190 nostri
3002 5143 3209 5204 septem
3246 5148 3380 5188 mss.
3410 5132 3649 5204 μεταφέ-

2151 5202 2178 5258 ν
2210 5202 2308 5276 τὴν
2346 5205 2575 5269 ἔννοιαν,
2605 5205 2981 5276 cogitationem
3010 5202 3332 5276 transferens
3365 5202 3423 5256 in
3450 5202 3643 5257 Deum.

2068 5221 2178 5328 ἕων
2210 5221 2308 5276 την
2346 5221 2575 5269 εννοιαν,
2605 5221 2981 5275 cogitationem
3010 5221 3332 5272 transierens
3365 5221 3419 5256 in
3450 5221 3643 5257 ueunt.

2115 5275 2246 5330 ditio
2269 5277 2442 5328 Paris.
2471 5275 2788 5345 μεταφέρων
2807 5274 2904 5345 τὴν
2921 5276 3116 5339 αἰτίαν,
3140 5275 3217 5327 rei
3233 5290 3451 5326 causam
3468 5284 3650 5345 tralia:

2067 5345 2240 5414 ferens
2272 5348 2327 5399 in
2364 5340 2530 5399 Deum
2554 5363 2572 5399 :
2616 5340 2763 5413 quod
2798 5340 2994 5399 melius
3023 5360 3147 5400 esse
3186 5360 3309 5414 non
3340 5358 3497 5412 nego.
3536 5340 3647 5395 Sed

2066 5412 2177 5485 quo
2204 5417 2395 5470 melior
2424 5423 2507 5469 est
2553 5412 2666 5468 haec
2701 5415 2881 5480 lectio,
2918 5430 2984 5469 eo
3019 5415 3191 5485 magis
3221 5412 3353 5468 mihi
3387 5425 3647 5485 suspecta

2064 5482 2169 5541 est.
2204 5485 2407 5540 Vereor
2432 5487 2599 5550 enim,
2627 5500 2694 5539 ne
2726 5485 3049 5557 typographi
3078 5482 3264 5557 vocem
3294 5499 3401 5537 non
3438 5485 3511 5535 ita
3533 5482 3650 5536 ido-

2065 5571 2226 5611 neam
2254 5557 2358 5610 alia
2393 5567 2448 5611 et
2498 5558 2724 5612 meliore
2752 5555 2816 5610 et
2850 5557 3059 5624 aptiore
3082 5555 3163 5610 .de
3212 5567 3313 5610 suo
3341 5560 3647 5609 commuta-

2066 5628 2195 5682 rint.

2136 5697 2247 5770 (20)
2277 5695 2432 5752 Colb.
2461 5695 2672 5766 primus
2703 5694 3047 5768 ὑπαντώσης.
