4036 6236
368 370 472 427 365

1496 364 1783 426 HOMI‘LIA
1810 364 2182 427 ADVERSUS
2214 370 2491 427 lRATOS.

3516 380 3622 435 566

374 493 613 559 ῥήματα.
659 486 785 539 Ἐὰν
814 488 888 558 μὴ
919 488 1142 558 δηχθῇς,
1180 487 1421 558 ἄτρωτος
1450 485 1519 542 εἷ.
1567 491 1689 543 Ἐὰν
1748 492 1803 543 δὲ
1857 492 1943 544 καὶ

2054 491 2163 543 lum
2200 490 2377 558 majus
2406 498 2491 545 est
2521 489 2740 545 facienti
2772 507 2934 563 quam
2971 493 3217 564 patienti.
3269 494 3623 551 Convicietur

373 582 553 654 πάθῃς
578 598 628 632 τι
657 581 753 648 τὴν
782 578 981 649 ψυχὴν,
1006 582 1061 631 ὲν
1080 580 1289 649 σεαυτῷ
1323 579 1560 650 κάτασχε
1588 581 1649 633 τὸ
1682 582 1945 653 λυπηρόν.

386 674 619 741 Ἐνέμοὶ
650 673 780 743 γὰρ,
801 674 988 742 φησιν,
1019 671 1310 739 ἐταράχθη
1331 673 1368 739 ἡ
1388 672 1599 740 κάρδὶα
1618 691 1735 741 μου
1757 692 1769 705 ο
1801 691 1950 726 τουτ-

375 765 541 827 έστιν,
595 767 655 817 οὐ
697 766 907 833 διεδόθη
966 765 1101 835 πρὸς
1136 765 1195 816 τὸ
1232 764 1336 830 ἔξω
1368 766 1428 817 τὸ
1461 766 1650 829 πάθος,
1694 762 1947 819 ἀλλ’·οἷόν

376 871 429 905 τι
464 856 614 925 κῦμα
646 855 775 907 εἴσω
796 856 905 908 τῶν
930 856 1189 924 αἰγιαλῶν
1214 855 1589 909 κατακλασθεν
1623 858 1939 927 ἐστορέσθη.

378 949 774 1019 Καθησύχασόν
796 968 886 1020 μοι
906 951 1005 1020 τὴν
1025 949 1247 1019 καρδίαν
1264 950 1601 1004 ὑλακτοῦσαν
1616 953 1709 1003 καὶ
1739 952 1947 1021 ἀγριαί-

379 1058 595 1093 νουσαν.
637 1040 898 1093 Αίδείσθω
918 1045 986 1093 τά
1017 1041 1160 1110 πάθη
1186 1039 1278 1092 τοῦ
1316 1044 1373 1094 ὲν
1406 1041 1488 1093 σοὶ
1521 1041 1678 1109 λόγου
1712 1042 1807 1111 τὴν
1831 1044 1949 1095 ἐπι-

379 1135 628 1200 φάνειαν,
663 1132 812 1185 ῶσπε
821 1150 853 1203 ρ
880 1133 939 1185 τὸ
962 1134 1018 1184 ἐν
1058 1132 1243 1185 παισὶν
1268 1131 1499 1185 ἄτακτον
1529 1133 1718 1203 ἀνδρὸς
1753 1132 1949 1185 αἰδεσί-

377 1244 480 1295 μου
509 1225 830 1296 παρουσίαν.
881 1226 1005 1287 Πῶς
1054 1225 1117 1278 ἂν
1146 1221 1238 1278 οὖν
1273 1225 1604 1295 ἐκφύγοιμεν
1631 1227 1729 1294 τὴν
1756 1228 1820 1278 ἐκ
1856 1225 1948 1277 τοῦ

373 1317 689 1385 ὀργίζεσθαι
755 1317 996 1386 βλάϐην;
1064 1318 1187 1370 Ἐὰν
1234 1317 1511 1385 πείσωμεν
1542 1316 1632 1369 τὸν
1677 1317 1845 1387 θυμὸν
1876 1317 1948 1386 μὴ

373 1406 786 1478 προλαμϐάνειν
816 1408 942 1469 τοὺς
987 1406 1297 1475 λογισμοὺς,
1343 1404 1480 1458 ἀλλὰ
1521 1404 1708 1457 τούτου
1738 1405 1950 1476 πρῶτον

372 1494 783 1563 ἐπιμελώμεθα,
807 1492 880 1556 ὡς
914 1492 1179 1563 μηδέποτε
1232 1491 1392 1543 αὑτὸν
1432 1492 1817 1562 προεκτρέχειν
1851 1490 1951 1558 τῆς

370 1585 643 1647 διανοίας·
703 1585 915 1655 ἔχωμεν
988 1585 1045 1637 δὲ
1106 1583 1297 1653 ὥσπερ
1337 1584 1501 1635 ἵππον
1549 1582 1949 1653 ὑπεζευγμένον

372 1680 527 1746 ἡμῖν,
558 1679 653 1731 καὶ
682 1674 790 1731 οἷον
821 1678 1020 1748 χαλινῷ
1055 1695 1157 1730 τινι
1189 1676 1266 1747 τῷ
1297 1677 1439 1745 λόγῳ
1488 1677 1814 1747 καταπειθῆ,
1844 1695 1948 1746 μη-

371 1770 547 1839 δαμοῦ
582 1770 683 1839 τῆς
705 1770 908 1834 τάξεως
937 1769 1257 1823 ἐκϐαίνοντα
1292 1770 1390 1839 τῆς
1432 1771 1656 1834 οἰκείας,
1688 1770 1950 1839 ἀγόμενον

2050 581 2177 634 ille:
2210 587 2268 633 tu
2312 596 2441 635 vero
2488 598 2555 636 ne
2594 584 2919 639 conviciare.
2978 574 3099 638 Sint
3133 584 3232 639 tibi
3288 586 3407 654 ejus
3458 587 3623 641 verba

2052 670 2368 725 exercitatio
2397 672 2464 725 ad
2498 673 2917 743 philosophiam.
2968 674 3023 728 Si
3073 677 3261 747 iniquo
3303 679 3484 733 animo
3510 693 3623 734 non

2053 758 2226 823 feras,
2260 761 2457 815 vulnus
2488 762 2698 815 nullum
2736 765 3032 833 accepisti;
3072 765 3157 820 sin
3191 766 3470 836 quidpiam
3502 768 3623 822 ani-

2052 864 2140 903 mo
2186 852 2406 919 pateris,
2471 853 2746 907 tristitiam
2790 855 2934 909 intra
2980 858 3212 926 teipsum
3260 860 3499 915 contine.
3554 860 3624 914 Ia

2054 958 2153 1006 me,
2176 943 2343 1006 enim,
2370 943 2583 1013 inquit,
2623 946 2889 999 turbatum
2922 958 2999 1001 est
3027 966 3119 1003 cor
3152 967 3323 1004 meum
3366 950 3409 982 ³⁸
3446 970 3460 1006 :
3516 952 3623 1008 hoc

2052 1040 2152 1095 est,
2185 1048 2292 1085 non
2341 1031 2487 1088 foras
2529 1034 2729 1104 prodiit
2767 1036 2992 1093 affectus
3016 1079 3030 1104 ,
3081 1041 3175 1096 sed
3210 1043 3367 1110 quasi
3423 1040 3622 1099 ﬂuctus

2050 1122 2270 1192 quidam
2317 1125 2458 1179 intra
2509 1126 2693 1181 littora
2734 1127 3014 1186 diﬂ‘ractus
3052 1134 3320 1187 consedit.
3352 1132 3625 1190 Allatran-

2051 1221 2159 1268 tem
2178 1223 2231 1270 et
2248 1218 2631 1272 exacerbatum
2660 1221 2899 1275 animum
2925 1223 3085 1277 velim
3114 1224 3290 1281 sedes.
3312 1224 3625 1283 Reverean—

2053 1313 2142 1359 tur
2192 1306 2418 1363 affectus
2466 1311 2547 1364 tui
2593 1321 2871 1380 aspectum
2921 1316 3172 1381 rationis,
3206 1331 3314 1371 non
3366 1333 3526 1375 secus
3558 1334 3624 1375 ac

2052 1398 2226 1465 pueri,
2260 1399 2307 1453 si
2338 1401 2719 1459 immodestius
2772 1420 2831 1460 se
2883 1415 3104 1475 gerant,
3149 1408 3253 1463 viri
3296 1396 3624 1469 venerabilis

2054 1490 2419 1555 praesentiam.
2449 1490 2552 1555 Qui
2607 1494 2773 1563 igitur
2824 1495 3119 1553 iracundiae
3150 1514 3347 1556 noxam
3387 1494 3625 1572 effugere

2053 1580 2391 1646 poterimus?
2430 1582 2486 1635 Si
2540 1585 2636 1638 ira:
2693 1587 3062 1652 suaserimus,
3120 1601 3179 1646 ut
3229 1607 3299 1647 ne
3356 1594 3623 1649 rationem

2054 1678 2360 1737 praevertat,
2386 1676 2495 1727 imo
2539 1675 2595 1728 in
2650 1677 2885 1747 primum
2942 1696 3128 1735 curam
3183 1682 3624 1755 diligentiamque

2053 1776 2341 1830 ponamus,
2378 1773 2437 1817 ut
2473 1782 2750 1837 nunquam
2785 1782 3086 1837 praecurrat
3118 1783 3374 1841 mentem,
3410 1778 3504 1832 sed
3534 1793 3625 1847 po-

368 1859 424 1912 δὲ
460 1862 568 1913 ὑπὸ
590 1861 683 1914 τοῦ
712 1862 890 1929 λόγου,
939 1863 1024 1930 ἐφ’
1059 1862 1191 1931 ὅπερ
1214 1860 1279 1914 ἂν
1310 1861 1614 1932 καθηγῆται
1647 1862 1779 1931 (21).
1828 1863 1943 1915 Ἔτι

2050 1855 2159 1909 tius
2188 1854 2485 1912 habeamus
2510 1859 2654 1914 illam
2676 1863 2840 1916 veluti
2871 1880 3068 1933 equum
3102 1868 3259 1922 nobis
3289 1869 3619 1940 subjectum,

370 1953 482 2022 γὰρ
505 1952 644 2023 πρὸς
696 1954 866 2007 πολλὰ
912 1954 1022 2006 τῶν
1062 1954 1163 2023 τῆς
1200 1954 1398 2023 ἀρετῆς
1438 1954 1613 2025 ἔργων
1648 1955 1949 2025 ἐπιτήδειον

370 2043 530 2111 ἡμῶν
558 2044 658 2113 τῆς
681 2044 859 2115 ψυχῆς
876 2046 936 2097 τὸ
959 2045 1255 2115 θυμοειδὲς,
1286 2048 1435 2110 ὅταν,
1470 2045 1658 2117 ὥσπερ
1678 2064 1761 2109 τις
1788 2064 1950 2117 στρα-

369 2134 590 2205 τιώτης,
622 2138 772 2207 παρά
786 2136 865 2205 τῷ
890 2136 1179 2208 στρατηγῷ
1195 2136 1263 2189 τὰ
1288 2137 1425 2189 ὅπλα
1449 2136 1692 2206 θέμενος,
1720 2137 1949 2207 ἑτοίμως

368 2227 462 2278 ἐπὶ
494 2226 563 2279 ea
588 2228 1074 2299 παραγγελλόμενα
1097 2230 1195 2291 τὰς
1218 2228 1469 2299 βοηθείας
1491 2229 1817 2299 παρέχηται,
1855 2232 1949 2282 καὶ

369 2322 659 2389 σύμμαχος
781 2320 861 2390 τῷ
888 2322 1032 2392 λόγῳ
1080 2321 1223 2375 κατὰ
1265 2322 1367 2391 τῆς
1413 2321 1706 2391 ἁμαρτίας.
1741 2322 1948 2392 Νεῦρον

368 2410 479 2481 γάρ
516 2411 632 2463 ἐστι
683 2412 784 2482 τῆς
829 2412 1010 2483 ψυχῆς
1035 2414 1063 2464 ὁ
1090 2413 1281 2484 θυμὸς,
1316 2414 1470 2467 τόνον
1512 2414 1648 2484 αὐτῇ
1683 2414 1818 2484 πρὸς
1852 2414 1947 2484 τὴν

365 2502 479 2555 τῶν
505 2502 687 2556 καλῶν
725 2503 973 2557 ἔνστασιν
998 2505 1261 2575 ἐμποιῶν.
1296 2506 1358 2557 Εἰ
1379 2506 1485 2576 γάρ
1508 2523 1636 2558 ποτε
1672 2506 1823 2559 λάϐοι
1851 2508 1947 2559 αὑ-

365 2595 469 2663 τὴν
498 2596 589 2663 ὑφ’
625 2596 818 2666 ἡδονῆς
848 2595 1189 2661 ὲκλυθεῖσαν,
1218 2597 1382 2649 οἱονεὶ
1411 2598 1553 2668 βαφῇ
1586 2597 1800 2671 σιδήρου
1837 2598 1945 2669 (22)

370 2689 679 2757 στομώσας,
709 2688 989 2759 αὐστηρὰν
1015 2688 1183 2759 αὐτὴν
1207 2688 1301 2741 καί¹
1328 2687 1577 2758 ἀνδρείαν
1604 2689 1668 2740 ἐκ
1700 2688 1948 2759 μαλακῆς

366 2781 507 2843 ἄγαν
557 2780 652 2831 καὶ
688 2780 977 2850 ἀνειμένης
1029 2780 1301 2850 ἐποίησεν.
1350 2781 1423 2832 Οὐ
1464 2780 1595 2851 γὰρ,
1642 2784 1690 2834 εί
1722 2784 1795 2853 μὴ
1831 2782 1943 2851 (25)

366 2870 679 2940 θυμωθείης
738 2870 880 2923 κατά
902 2871 997 2924 τοῦ
1046 2871 1306 2942 πονηροῦ,
1339 2873 1562 2925 δυνατόν
1605 2891 1685 2927 σοι
1720 2877 1945 2944 μισῆσαι

366 2963 532 3014 αὐτὸν
562 2964 686 3015 ὅσον
718 2962 889 3026 ἄξιον.
928 2965 1022 3015 Δεῖ
1064 2963 1190 3036 γὰρ,
1218 2962 1391 3035 οἶμαι,
1426 2967 1523 3037 τὴν
1558 2966 1677 3036 ἴσην
1709 2968 1945 3039 σπουδὴν

365 3054 513 3125 ἔχειν
560 3054 688 3125 περί
743 3071 801 3107 τε
835 3055 931 3123 τὴν
963 3056 1182 3125 ἀγάπην
1236 3058 1334 3127 τῆς
1370 3056 1569 3127 ἀρετῆς
1604 3060 1698 3110 καὶ
1727 3060 1854 3128 περὶ
1885 3059 1946 3111 τὸ

369 3150 527 3215 μῖσος
556 3147 658 3215 τῆς
713 3146 1008 3217 ἁμαρτίας.
1046 3147 1187 3217 Πρὸς
1224 3149 1359 3221 ὅπερ
1399 3150 1633 3218 μάλιστα
1677 3153 1945 3221 χρήσιμος

364 3243 394 3292 δ
422 3240 596 3309 θυμός
618 3256 631 3270 ·
664 3239 882 3291 ἐπειδὰν
925 3238 1035 3292 οἷον
1068 3240 1212 3293 κύων
1241 3242 1481 3311 ποιμένι,
1516 3242 1687 3306 οὕτως
1720 3244 1748 3295 ό
1775 3242 1943 3314 θυμὸς

365 3329 445 3397 τῷ
476 3327 722 3398 λογισμῷ
756 3328 1149 3399 παρεπόμενος,
1182 3330 1356 3399 πρᾶος
1390 3330 1523 3399 μένῃ
1559 3329 1671 3400 (24)
1701 3330 1793 3382 καὶ
1827 3347 1941 3398 χει-

368 3420 570 3491 ροήθης
587 3423 700 3483 τοῖς
734 3419 1024 3487 ὠφελοῦσι,
1050 3421 1142 3473 καὶ
1162 3420 1526 3491 εὐανάκλητος
1564 3420 1642 3489 τῷ
1671 3421 1939 3492 λογισμῷ,

366 3511 509 3578 πρὸς
565 3510 665 3577 μὲν
716 3508 814 3578 τὴν
859 3508 1144 3579 ἀλλοτρίαν
1173 3510 1266 3562 καὶ
1306 3512 1488 3581 φωνὴν
1536 3514 1630 3566 καὶ
1676 3512 1798 3580 ὄψιν
1852 3512 1939 3577 ἐξ-

367 3598 753 3670 αγριούμενος,
786 3599 889 3652 κάν
924 3599 1217 3669 θεραπείαν
1242 3600 1383 3670 ἔχειν
1414 3601 1564 3671 δοκῇ,
1593 3602 1686 3655 τοῦ
1732 3602 1787 3654 δὲ
1820 3618 1943 3653 συν-

365 3694 534 3761 ήθους
567 3691 717 3762 αὐτῷ
775 3692 869 3744 καὶ
915 3691 1069 3758 φίλου
1125 3692 1508 3761 ἐμϐοήσαντος,
1559 3694 1939 3763 ὑποπτήσσων.

366 3784 519 3855 Αὕτη
545 3775 744 3854 ἀρίστῆ
766 3785 881 3837 ἐστὶ
904 3785 996 3837 καὶ
1024 3785 1294 3855 ἔμμετρος
1321 3785 1431 3855 (25)
1460 3785 1539 3855 τῷ
1572 3785 1818 3856 φρονίμῳ
1843 3788 1941 3856 τῆς

366 3876 549 3944 ψυχῆς
576 3874 732 3945 μέρει
761 3874 915 3945 παρά
934 3873 1028 3927 τοῦ
1058 3874 1369 3944 θυμοειδοῦς
1397 3877 1429 3946 ἡ
1454 3876 1728 3947 συνεργία.
1758 3877 1813 3929 Ὀ
1834 3876 1940 3946 γὰρ

366 3965 611 4028 τοιοῦτος
636 3965 986 4027 ἀδιάλλακτος
1003 3965 1153 4020 ἔσται
1174 3970 1284 4029 τοῖς
1305 3966 1609 4029 ἐπιϐούλοις
1630 3969 1721 4019 καὶ
1750 3970 1942 4021 ἄσπον-

367 4058 456 4119 δος
477 4077 490 4087 ·
523 4057 794 4127 μηδέποτε
837 4058 932 4127 τὴν
972 4058 1105 4128 πρὸς
1134 4059 1194 4110 τὺ
1239 4058 1471 4128 βλάπτον
1505 4060 1685 4128 φιλίαν
1715 4060 1939 4112 καταδε-

369 4148 621 4217 χόμενος,
677 4147 813 4200 ἀλλά
857 4148 953 4218 τὴν
1012 4149 1293 4202 ἐπίϐουλον
1346 4151 1538 4220 ἡδονὴν
1587 4151 1774 4222 ὥσπερ
1822 4152 1943 4205 τινά

370 4238 534 4291 λύκον
567 4239 815 4291 ὑλακτῶν
854 4241 939 4292 ἀεὶ
978 4241 1071 4293 καὶ
1101 4242 1450 4312 σπαράσσων.
1469 4242 1732 4308 λΤοιοῦτον
1758 4243 1855 4312 μὲν
1878 4243 1941 4313 δὴ

370 4328 430 4378 τὸ
451 4327 561 4381 ἀπὸ
583 4326 761 4398 θυμοῦ
784 4329 1057 4399 ὠφέλιμον
1089 4332 1199 4393 τοῖς
1237 4331 1398 4383 εἰδόσι
1450 4333 1936 4403 μεταχειρίζεσθαι.

384 4420 538 4472 Ἐπεὶ
597 4421 690 4472 καὶ
736 4421 843 4473 τῶν
894 4422 1066 4475 ἄλλων
1114 4422 1393 4491 δυνάμεων
1437 4423 1639 4494 ἑκάστη
1670 4425 1821 4495 παρά
1852 4427 1941 4478 τὸν

2050 1958 2103 2001 et
2132 1949 2330 2003 rationi
2379 1963 2637 2021 tanquam
2672 1956 2887 2009 cuidam
2936 1958 3091 2013 freno
3133 1960 3621 2031 obtemperantem,

2050 2055 2152 2094 nec
2172 2057 2402 2111 usquam
2427 2054 2578 2099 extra
2595 2061 2754 2100 suum
2776 2048 2948 2118 ipsius
2968 2051 3213 2106 ordinem
3234 2054 3619 2123 egredientem,

2051 2132 2143 2185 sed
2172 2146 2202 2184 a
2244 2135 2479 2200 ratione,
2513 2138 2926 2209 quoviscunque
2974 2154 3203 2210 praecat,
3240 2145 3435 2201 abduci
3464 2163 3523 2202 se
3549 2150 3624 2203 si-

2049 2232 2286 2280 nentem.
2325 2225 2455 2279 Nam
2487 2228 2653 2282 animi
2687 2232 2858 2285 nostri
2894 2232 2974 2285 ira
3004 2234 3196 2289 idonea
3241 2245 3326 2291 est
3375 2246 3429 2292 et
3463 2240 3615 2295 utilis

2051 2316 2118 2368 ad
2149 2318 2319 2370 multa
2374 2319 2589 2374 virtutis
2639 2335 2826 2390 opera,
2859 2338 2983 2376 cum
3033 2327 3243 2381 scilicet
3284 2330 3434 2383 velut
3462 2332 3621 2387 miles

2052 2409 2270 2476 aliquis,
2304 2410 2567 2479 depositis
2594 2413 2737 2481 apud
2761 2413 2954 2469 ducem
2995 2417 3182 2483 armis,
3208 2432 3471 2490 prompte,
3510 2439 3619 2493 quo

2051 2510 2380 2570 praeceptum
2402 2501 2588 2567 fuerit,
2627 2507 2836 2560 venerit
2868 2509 3182 2577 suppetias,
3217 2518 3271 2564 et
3294 2514 3492 2568 rationi
3527 2516 3618 2570 ad-

2048 2606 2239 2648 versus
2284 2603 2566 2661 peccatum
2627 2612 2783 2665 opem
2834 2598 3039 2653 tulerit.
3081 2598 3178 2656 Est
3221 2603 3366 2656 enim
3425 2607 3620 2662 animae

2049 2700 2249 2739 nervus
2281 2687 2381 2749 ira,
2415 2687 2581 2741 robur
2603 2690 2651 2742 ei
2679 2698 2731 2742 et
2762 2691 2904 2746 vires
2933 2691 3000 2744 ad
3033 2691 3203 2748 bonas
3237 2710 3326 2749 res
3355 2696 3622 2753 instanter

2048 2788 2564 2849 perseveranterque
2609 2780 2843 2850 agendas
2875 2782 3216 2841 ministrans.
3268 2784 3534 2843 Nimirum
3571 2790 3624 2847 si

2048 2869 2265 2937 quando
2300 2871 2533 2924 animam
2587 2887 2696 2940 prae
2734 2872 3007 2942 voluptate
3039 2878 3347 2931 exsolutam
3375 2879 3620 2937 offende-

2049 2963 2137 3025 rit,
2164 2976 2281 3016 eam
2315 2963 2665 3019 consolidans
2711 2964 2838 3019 ferri
2883 2968 3040 3036 quasi
3069 2968 3308 3024 tinctura
3350 2974 3581 3041 quadam
3601 2970 3625 3041 ,’

2046 3063 2318 3109 austeram
2344 3065 2397 3111 et
2431 3056 2621 3111 fortem
2669 3074 2736 3113 ex
2780 3060 2937 3115 valde
2985 3062 3135 3115 molli
3165 3078 3340 3133 exque
3392 3070 3619 3122 remissa

2047 3147 2243 3203 reddit.
2274 3147 2460 3218 Neque
2492 3150 2636 3204 enim
2666 3190 2679 3212 ,
2714 3152 2819 3206 nisi
2856 3153 2935 3205 ira
2965 3154 3325 3212 excandueris
3356 3156 3621 3214 adversus

2048 3239 2341 3301 diabolum,
2379 3240 2492 3294 ﬁeri
2521 3257 2759 3311 unquam
2796 3252 2993 3312 potest,
3027 3252 3087 3298 ut
3129 3262 3253 3300 eum
3286 3262 3386 3316 pro
3426 3250 3623 3305 merito

2045 3330 2246 3384 oderis.
2276 3329 2501 3401 Oportet
2530 3334 2696 3396 enim,
2722 3335 2939 3404 opinor,
2974 3344 3126 3392 tanto
3163 3340 3344 3393 studio
3362 3340 3620 3397 virtutem

2046 3423 2237 3486 amari,
2272 3430 2478 3491 quanto
2502 3424 2629 3478 odio
2654 3432 2870 3494 Oportet
2904 3438 3185 3496 peccatum
3208 3430 3416 3483 haberi.
3445 3431 3619 3497 Quam

2046 3512 2100 3565 in
2135 3529 2244 3567 rem
2277 3514 2357 3567 ira
2386 3515 2535 3570 utilis
2564 3523 2648 3570 est
2672 3521 2943 3582 maxime;
2978 3534 3100 3573 cum
3141 3529 3199 3573 ut
3243 3522 3397 3575 canis
3436 3531 3625 3592 pasto.

2045 3622 2179 3671 rem,
2206 3607 2280 3659 ita
2320 3608 2397 3661 ira
2430 3609 2693 3663 rationem
2730 3618 2915 3663 secuta
2938 3651 2953 3675 ,
2987 3612 3135 3666 mitis
3163 3622 3515 3681 permaneat,
3564 3623 3621 3669 et

2045 3699 2308 3768 morigera
2332 3699 2668 3767 iuvantibus,
2699 3701 2982 3770 possitque
3009 3702 3166 3756 facile
3206 3717 3235 3755 a
3281 3703 3491 3758 ratione
3530 3718 3619 3759 re-

2044 3791 2167 3844 duci
2197 3809 2207 3842 :
2240 3799 2429 3844 contra
2474 3792 2541 3843 ad
2568 3791 2799 3845 alienam
2842 3803 2956 3847 tum
3007 3807 3191 3847 vocem
3217 3833 3232 3857 ,
3266 3800 3381 3846 tum
3422 3793 3617 3848 faciem

2044 3890 2413 3950 exasperetur,
2443 3882 2654 3937 etiamsi
2707 3889 2940 3951 utraque
2997 3882 3323 3951 obsequiosa
3367 3897 3489 3937 esse
3534 3884 3619 3936 vi-

2044 3971 2254 4024 deatur.
2286 3970 2392 4024 Sed
2420 3972 2465 4024 si
2492 3972 2747 4025 inclamet
2791 3971 3077 4025 familiaris
3107 3980 3160 4025 et
3197 3972 3428 4037 amicus,
3460 3982 3620 4042 pavet

2046 4061 2433 4133 formidatque.
2491 4061 2765 4132 Optimum
2797 4072 2960 4133 atque
2988 4063 3100 4133 89
3143 4062 3392 4131 prudenti
3425 4066 3620 4119 anime

2043 4154 2182 4221 parti
2216 4154 2844 4210 accommodatissimum
2881 4162 2965 4207 est
3001 4154 3262 4207 auxilium
3307 4152 3439 4207 illud
3469 4154 3617 4222 quod

2044 4248 2112 4300 ab
2137 4246 2406 4302 irascente
2453 4248 2622 4302 animi
2668 4256 2821 4317 parte
2870 4246 3170 4301 confertur.
3206 4244 3341 4299 Nam
3371 4245 3462 4315 qui
3492 4245 3618 4299 talis

2045 4340 2226 4406 fuerit,
2255 4357 2535 4410 nunquam
2569 4356 2695 4393 cum
2727 4340 3114 4395 insidiantibus
3162 4342 3219 4393 in
3270 4341 3499 4410 gratiam
3553 4353 3618 4392 ac

2043 4432 2391 4485 concordiam
2413 4431 2722 4495 reducetur,
2755 4431 2958 4485 nullam
2990 4447 3231 4501 unquam
3258 4446 3381 4485 cum
3414 4445 3473 4484 re
3507 4430 3616 4483 ulla

370 4512 570 4582 τρόπον
583 4513 685 4582 τῆς
716 4515 964 4584 χρήσεως
989 4514 1022 4583 ἦ
1049 4514 1263 4584 κακὸνῆ
1292 4515 1493 4582 ἀγαθὸν
1518 4516 1597 4585 τῷ
1619 4519 1939 4588 κεκτημένῳ

2048 4524 2204 4577 noxia
2239 4523 2535 4577 amicitiam
2569 4523 2879 4585 admittens,
2900 4524 2993 4577 sed
3026 4524 3344 4577 insidiosam
3367 4523 3615 4591 volupta-

369 4602 603 4668 γίνεται.
648 4600 793 4668 υἷον,
837 4606 915 4675 τῷ
963 4606 1341 4676 ἐπιθυμητικῷ
1398 4609 1495 4677 τῆς
1555 4606 1732 4677 ψυχῆς
1764 4611 1792 4661 ὁ
1840 4609 1937 4678 μὲν

368 4697 449 4758 εἰς
495 4695 795 4749 ἀπόλαυσιν
848 4700 1047 4768 σαρκὸς
1092 4700 1183 4751 καὶ
1216 4699 1323 4753 τῶν
1365 4700 1688 4770 ἀκαθάρτων
1739 4702 1938 4772 ἡδονῶν

367 4790 825 4859 ἀποχρησάμενος
886 4790 1167 4859 βδελυκτδς
1195 4792 1288 4844 καὶ
1327 4792 1641 4855 ἀκόλαστος,
1676 4796 1705 4846 ό
1731 4794 1788 4845 δὲ
1849 4795 1939 4845 ἐπὶ

364 4883 462 4948 τὴν
494 4883 716 4952 ἀγάπην
748 4882 839 4936 τοῦ
893 4883 1029 4937 Θεοῦ
1083 4885 1306 4955 τρέψας,
1350 4887 1442 4939 καὶ
1476 4887 1572 4957 τὴν
1612 4886 1791 4956 ὄρεξιν
1832 4889 1939 4942 τῶν

438 5037 483 5067 ³³
522 5035 669 5092 Psal.
702 5052 881 5102 chu,
916 5039 969 5091 4.

437 5192 550 5265 (2!)
587 5192 813 5270 Veteres
861 5196 1070 5270 aliquot
1117 5196 1345 5270 libriav
1392 5197 1725 5270 καθηγῆται.
1782 5199 1935 5253 Alius

364 5273 467 5338 ms.
500 5273 559 5338 et
603 5266 736 5338 editi
787 5267 1128 5338 καθηγεῖται.
1163 5267 1362 5321 Ibidem
1392 5266 1537 5338 Reg.
1572 5266 1782 5333 primus
1822 5270 1936 5323 ἔστι

362 5330 597 5409 75139ng
628 5330 1205 5409 πρόςηϐοιὶίζρτῇῐηυε
1240 5338 1353 5390 ἐστι
1382 5330 1499 5408 γὰῤ
1513 5330 1668 5409 πρός.

438 5403 547 5475 122)
580 5404 637 5458 1η
671 5403 920 5477 editione
959 5403 1133 5461 Paris.
1177 5403 1473 5462 oscitantia
1497 5403 1784 5477 operarum
1812 5424 1937 5464 cor-

362 5484 521 5595 marite
564 5477 763 5546 legitur
816 5476 1054 5547 σίδηρον,
1100 5477 1193 5533 ubi
1235 5494 1302 5532 ex
1352 5494 1484 5533 mss.
1525 5476 1808 5550 legendum
1854 5491 1939 5535 est

376 5560 419 5594 3t
450 5561 601 5595 τοου.

376 5547 480 5612 τιδὴ
488 5561 579 5612 pou
589 5588 601 5598 .

434 5561 736 5683 ξὲἷῖδίιιιιά,
758 5616 821 5669 οὐ
842 5617 951 5690 γάρ
984 5619 1033 5668 εἱ
1056 5618 1152 5690 μή,
1180 5626 1310 5679 etc.,
1340 5619 1419 5673 sic
1441 5620 1826 5690 interpretatus
1850 5629 1931 5674 est

371 5682 797 5760 Volaterranus;
843 5682 957 5741 Nec
983 5682 1193 5760 enim'si
1222 5698 1403 5743 contra
1434 5682 1763 5760 iniquitatem
1796 5692 1929 5745 desit

364 5755 651 5824 indignatio
680 5768 729 5812 et
761 5759 868 5819 ira,
910 5759 1044 5811 satis
1066 5774 1188 5829 eam
1218 5760 1342 5811 odio
1373 5777 1473 5827 quo
1518 5755 1663 5813 deut
1697 5765 1930 5829 persequi

364 5829 549 5893 poteris
579 5844 594 5881 :
626 5829 831 5899 quibus
866 5843 934 5883 ex
966 5828 1148 5885 verbis
1176 5838 1322 5899 patet
1350 5831 1703 5902 interpretem
1742 5848 1926 5889 vocem

2046 4623 2151 4668 tem
2186 4614 2342 4682 quasi
2372 4614 2559 4682 lupum
2599 4615 2888 4684 quemdam
2914 4615 3115 4683 jugiter
3147 4616 3437 4677 allatrans,
3476 4613 3614 4667 dila-

2046 4706 2331 4776 niansque.
2391 4705 2516 4762 Haec
2550 4716 2633 4762 est
2664 4707 2829 4777 igitur
2857 4708 2952 4761 irae
2984 4707 3190 4761 utilitas
3241 4708 3342 4770 iis',
3376 4706 3469 4775 qui
3501 4712 3615 4759 tra-

2047 4807 2195 4851 ctare
2222 4813 2338 4851 eam
2370 4813 2433 4852 ac
2462 4798 2731 4853 moderari
2780 4800 3052 4853 noverint.
3105 4797 3238 4851 Nam
3284 4807 3339 4852 et
3384 4798 3612 4850 aliarum

2051 4887 2365 4945 facultatum
2397 4892 2645 4961 quaelibet
2677 4906 2775 4962 pro
2800 4891 2984 4947 utendi
3011 4891 3173 4949 modo
3204 4899 3298 4944 aut
3327 4890 3488 4954 male,
3520 4897 3616 4945 aut

2044 5198 2281 5270 πονηροῦ
2313 5198 2632 5270 sumpsisse
2673 5213 2772 5270 pro
2802 5212 2861 5270 re
2884 5197 3024 5249 mala
3046 5202 3103 5251 et
3130 5195 3338 5270 iniqua.
3372 5192 3477 5270 Sed
3508 5209 3616 5251 non

2044 5265 2543 5324 animadvertit—vir
2570 5265 2770 5337 alioqui
2814 5267 3007 5321 doctus
3047 5281 3235 5321 vocem
3276 5265 3457 5337 αὐτόν,
3497 5282 3618 5337 qua

2044 5348 2098 5417 et
2127 5340 2182 5417 in
2207 5339 2370 5395 editis
2394 5348 2448 5394 et
2474 5340 2528 5393 in
2550 5336 2938 5417 mssfleg’itur,
2953 5337 3108 5417 aliud
3124 5337 3373 5391 suadere.
3399 5336 3619 5417 Etenim

2047 5411 2092 5463 si
2127 5411 2231 5464 hoc
2262 5412 2383 5465 loco
2420 5425 2523 5463 vox
2564 5408 2800 5479 πονηροῦ
2815 5407 2999 5479 accipi
3017 5408 3461 5479 deberetprom
3508 5405 3619 5479 ini-

2045 5495 2175 5550 qua,
2211 5480 2362 5542 αὐτό,
2400 5475 3224 5550 nonanimi}scriptumfuisset.
3254 5476 3488 5550 Dubium
3525 5475 3619 5546 igi-

2038 5546 2129 5603 tur
2161 5565 2269 5604 non
2300 5561 2405 5615 est,
2442 5549 2574 5618 quin
2607 5563 2738 5601 voce
2770 5548 3008 5617 πονηροῦ
3040 5548 3272 5618 intelligi
3305 5546 3503 5603 debeat
3528 5554 3613 5599 to-

2037 5622 2147 5675 tius
2176 5621 2478 5687 iniquitatis
2499 5633 2695 5688 parens
2724 5618 2995 5671 diabolus.

2110 5691 2221 5761 (at)
2250 5690 2690 5763 Editioiutraque
2727 5689 2898 5760 πρᾶος
2932 5690 3089 5763 μένῃ.
3121 5688 3348 5745 Veteres
3375 5694 3617 5759 quatuor

2039 5757 2160 5816 libri
2192 5763 2362 5831 πρᾶος
2395 5762 2490 5831 μὲν
2625 5812 2631 5817 ,

2109 5832 2220 5903 (25)
2242 5830 2376 5904 Reg.
2403 5830 2610 5903 primus
2641 5833 2734 5886 καὶ
2765 5830 3048 5903 εὔμετρος.
