4036 6236
393 385 500 442 367

1700 382 1758 436 S.
1800 378 2044 434 BASILII
2084 380 2301 435 MAGNI

3534 379 3643 434 368

396 502 532 559 bene
581 499 726 558 cedit
778 498 1102 570 possidenti.
1158 497 1402 568 Exempli
1454 513 1654 563 causa,
1712 498 1963 568 quisquis

2079 500 2296 551 ιὶωνίων
2344 499 2586 567 ἀγαθῶν,
2624 498 2859 569 ζηλωτὸς
2908 500 3000 554 καὶ
3056 498 3321 572 μακάριος
3364 497 3499 567 (Ξϐ).
3530 494 3646 551 Καὶ

394 587 802 662 concupiscenti
831 590 997 644 animi
1025 598 1178 659 parte
1219 589 1287 643 ad
1335 591 1519 645 carnis
1550 590 1961 645 delectationem

395 690 449 739 et
473 684 539 739 ad
568 683 903 754 impurarum
926 683 1267 753 voluptatum
1301 699 1460 739 usum
1485 684 1726 738 abutitur
1746 724 1759 746 ,
1814 697 1965 737 exse-

396 775 617 831 crabilis
644 783 726 831 est
761 782 814 830 et
842 775 1179 844 impudicus;
1213 777 1307 846 qui
1360 790 1489 830 vero
1527 791 1646 830 eam
1674 775 1741 829 ad
1766 774 1861 828 Dei
1889 773 1967 826 di-

397 866 685 924 lectionem
707 867 953 930 verterit,
973 876 1027 922 et
1051 866 1118 921 ad
1144 876 1473 923 aeternorum
1500 867 1772 923 bonorum
1807 880 1966 935 appe-

2070 588 2230 642 πάλιν
2290 589 2351 641 τὸ
2400 590 2702 657 λογιστικὸν
2730 592 2758 642 6
2787 591 2885 661 μὲν
2926 591 3105 655 καλῶς
3132 588 3648 663 μεταχειριζόμενος

2070 679 2327 752 φρόνιμός
2358 682 2471 733 ἐστι
2504 682 2598 733 καὶ
2626 681 2843 745 συνετός
2869 699 2882 711 ·
2913 683 2941 735 6
2965 682 3021 735 δὲ
3045 684 3139 735 ἐπὶ
3170 682 3343 753 βλάϐῃ
3369 682 3479 736 τῶν
3510 681 3649 752 πλη-

2072 770 2182 823 σίον
2231 773 2569 843 ἠκονημένας
2628 772 2717 826 τὸν
2760 772 2905 838 νοῦν,
2958 774 3331 845 κακεντρεχής
3385 775 3500 826 ἐστι
3552 773 3649 825 καὶ

2072 878 2396 932 κακοῦργος.

397 965 667 1029 titionem,
693 964 740 1019 is
769 964 965 1035 dignus
996 975 1080 1021 est
1108 965 1481 1029 aemulatione,
1538 973 1593 1019 et
1644 965 1859 1020 beatus.
1902 960 1968 1013 Et
2001 973 2196 1012 rursus
2230 960 2325 1028 qui
2389 960 2709 1015 rationalem
2756 960 2923 1015 animi
2997 968 3205 1031 partem
3258 961 3426 1031 probe
3476 959 3650 1027 regit,

399 1055 641 1128 prudens
665 1062 748 1112 est
782 1071 845 1112 ac
881 1056 1127 1128 sapiens;
1159 1057 1253 1128 qui
1285 1072 1414 1111 vero
1441 1059 1493 1111 in
1523 1057 1753 1127 proximi
1816 1051 2109 1125 perniciem
2141 1058 2376 1106 mentem
2423 1060 2641 1105 acutam
2694 1052 2893 1119 habet,
2926 1054 3078 1107 vafer
3126 1060 3210 1107 est
3239 1058 3293 1106 et
3342 1050 3647 1108 maleficus.

469 1169 523 1226 6.
551 1168 708 1226 Absit
750 1169 935 1241 igitur,
973 1178 1033 1225 ut
1057 1185 1119 1226 ea
1147 1185 1268 1240 quae
1299 1169 1459 1226 nobis
1487 1170 1613 1224 data
1647 1178 1773 1226 sunt
1796 1167 1863 1221 ad
1892 1181 1971 1219 sa-

401 1266 568 1321 lutem
603 1278 634 1318 a
656 1262 971 1327 Conditore,
1001 1263 1345 1317 occasionem
1380 1262 1538 1317 nobis
1580 1261 1717 1331 ipsis
1760 1260 1971 1331 peccati

403 1356 699 1413 faciamus!
735 1352 810 1408 ita
840 1354 919 1408 ira
939 1368 1155 1425 quoque
1184 1368 1307 1407 cum
1334 1361 1549 1424 oportet
1582 1362 1637 1409 et
1665 1360 1724 1406 ut
1759 1358 1972 1423 oportet

400 1456 692 1513 commota,
723 1446 885 1503 elIicit
913 1448 1099 1522 robur,
1128 1447 1552 1517 patientiamque
1591 1453 1644 1502 et
1686 1446 1971 1501 continen-

399 1543 533 1599 tiam
563 1559 576 1595 :
617 1538 712 1595 sed
736 1553 859 1594 cum
890 1538 1001 1608 agit
1048 1546 1242 1608 prater
1272 1550 1474 1593 rectam
1509 1538 1795 1602 rationem,
1823 1537 1973 1592 insa-

402 1632 495 1687 nia
529 1631 606 1685 fit.
644 1631 987 1699 QuaprOpter
1028 1644 1128 1684 nos
1173 1630 1337 1684 etiam
1388 1628 1639 1685 Psalmus
1671 1629 1967 1683 admonet:

2146 1162 2197 1215 6.
2250 1162 2340 1234 Μὴ
2372 1163 2435 1235 δὴ
2492 1158 2587 1217 οὖν
2629 1163 2696 1216 τὰ
2728 1164 2862 1235 πρὸς
2910 1164 3184 1235 σωτηρίαν
3229 1167 3358 1235 ἡμῖν
3390 1163 3651 1234 δεδομένα

2079 1254 2227 1325 παρὰ
2258 1254 2349 1307 τοῦ
2383 1256 2665 1320 κτίσαντος
2694 1255 2944 1328 ἀφορμὴν
2962 1257 3170 1319 ἑαυτοῖς
3185 1255 3458 1327 ἁμαρτίας
3491 1257 3652 1327 ποιή-

2080 1361 2277 1414 σωμεν.
2296 1345 2450 1399 Οὕτω
2465 1346 2527 1417 δὴ
2545 1348 2637 1400 καὶ
2651 1349 2678 1400 ὁ
2694 1346 2881 1417 θυμὸς,
2914 1348 3003 1401 ὅτε
3025 1348 3123 1411 δεῖ,
3159 1349 3252 1401 καὶ
3279 1349 3354 1412 ὼς
3368 1349 3448 1401 δεῖ
3470 1347 3652 1402 κινού-

2080 1452 2259 1506 μενος,
2286 1437 2507 1509 ἀνδρίαν
2557 1442 2702 1492 ποιεῖ
2724 1440 2817 1494 καὶ
2856 1440 3131 1512 ὑπομονὴν
3163 1441 3257 1495 καὶ
3284 1442 3611 1512 ἐγκράτειαν
3630 1458 3644 1470 ·

2077 1528 2224 1599 παρὰ
2252 1529 2307 1581 δὲ
2349 1530 2438 1583 τὸν
2481 1530 2639 1601 ὀρθὸν
2686 1531 2844 1599 λόγον
2890 1532 3148 1604 ἐνεργῶν,
3201 1533 3368 1603 μανία
3417 1534 3645 1603 γίνεται.

2076 1619 2175 1671 Διά
2211 1619 2369 1671 τοῦτο
2396 1620 2489 1672 καὶ
2514 1622 2660 1691 ἡμᾶς
2691 1623 2719 1674 6
2745 1621 2974 1692 Ψαλμὸς
3004 1621 3243 1675 νουθετεῖ
3267 1621 3377 1693 (27)
3398 1639 3411 1652 ’
3467 1624 3647 1691 Ὀργί-

404 1721 744 1786 Irascimini,
779 1733 827 1777 et
865 1724 1025 1778 nolite
1078 1739 1290 1792 peccare
1323 1722 1389 1778 ³⁸.
1453 1721 1593 1789 Quin
1626 1731 1680 1777 et
1708 1720 1971 1775 Dominus

2079 1711 2263 1777 (ἵεσθε,
2319 1713 2416 1766 καὶ
2464 1714 2549 1783 μὴ
2589 1714 2970 1783 ἁμαρτάνετε.
3000 1717 3110 1768 Καὶ
3142 1717 3170 1768 6
3198 1716 3402 1786 Κύριος
3441 1716 3518 1787 τῷ
3550 1717 3647 1787 μὲν

401 1825 464 1870 ut
498 1814 702 1872 frustra
728 1814 982 1870 irascenti
1007 1816 1271 1885 judicium
1307 1816 1590 1870 minitatur
1618 1814 1661 1846 ⁸⁷
1695 1832 1706 1867 :
1748 1815 1827 1867 sic
1862 1812 1965 1875 ira,

2079 1802 2409 1873 ὀργιζομένῳ
2462 1804 2582 1873 εἰκῆ
2627 1804 2722 1874 τὴν
2751 1804 2930 1875 κρίσιν
2984 1806 3392 1860 ὲπανατείνεται
3422 1820 3435 1833 ·
3484 1806 3549 1860 τὸ
3588 1807 3646 1860 δὲ

403 1912 464 1958 ut
492 1905 569 1958 ita
597 1903 797 1969 dicam,
846 1905 963 1960 vice
992 1903 1369 1959 medicamenti
1404 1905 1472 1957 ad
1502 1919 1565 1958 ea
1595 1918 1716 1973 qua:
1741 1911 1970 1972 oportet,

403 1993 485 2048 uti
524 2008 635 2049 non
678 1995 945 2064 prohibet.
983 1993 1122 2050 Illud
1168 1995 1348 2050 enim:
1386 1995 1731 2050 Inimicitiam
1783 2013 1976 2065 ponam

402 2087 540 2140 inter
573 2092 621 2139 te
652 2094 701 2139 et
731 2096 1015 2154 serpentem
1047 2086 1127 2153 ’3;
1184 2087 1311 2140 item
1367 2085 1498 2140 illud
1530 2105 1541 2139 :
1594 2085 1808 2140 Inimici
1856 2087 1973 2140 sitis

404 2176 722 2232 Hadianitis
753 2180 828 2244 ",
862 2178 1107 2234 docentis
1141 2188 1256 2242 est,
1305 2178 1590 2233 iracundia
1625 2181 1771 2233 velut
1806 2180 1974 2233 armis

404 2271 666 2327 utendum
698 2286 841 2326 esse.
890 2269 1070 2337 Quare
1128 2271 1340 2342 Moyses
1402 2272 1682 2326 hominum
1729 2272 1972 2327 omnium

405 2361 884 2417 mansuetissimus
912 2361 977 2428 “‘,
1004 2362 1367 2418 idololatriam
1398 2363 1635 2427 ulturus,
1665 2361 1973 2418 Levitarum

406 2467 603 2508 manus
637 2454 704 2508 ad
733 2452 959 2508 fratrum
988 2455 1189 2510 caedem
1222 2457 1473 2511 armavit.
1514 2455 1718 2519 Ponat,
1764 2457 1971 2526 inquit,

406 2547 760 2617 unusquisque
788 2546 1027 2617 gladium
1058 2563 1211 2616 super
1236 2547 1406 2617 femur
1428 2563 1617 2615 suum,
1671 2557 1719 2602 et
1753 2548 1975 2601 transite

407 2654 442 2692 α
470 2647 625 2708 porta
654 2637 723 2692 ad
746 2648 977 2708 portam,
1008 2648 1056 2693 et
1094 2640 1257 2694 redite
1304 2655 1396 2708 per
1423 2650 1602 2693 castra
1630 2656 1647 2694 :
1684 2649 1734 2694 et
1758 2639 1976 2694 occidite

405 2731 759 2800 unusquisque
804 2731 1025 2801 fratrem
1053 2747 1227 2793 suum,
1267 2742 1315 2785 et
1356 2732 1709 2802 unusquisque
1761 2735 1976 2801 propin-

404 2839 565 2895 quum
600 2839 775 2888 suum,
817 2830 867 2877 et
912 2824 1263 2893 unusquisque
1293 2823 1593 2892 proximum
1628 2839 1782 2876 suum
1809 2822 1876 2876 "'.
1912 2820 1976 2874 Et

404 2916 569 2985 paulo
599 2920 756 2985 post,
803 2914 872 2969 Et
927 2915 1062 2970 dixit
1087 2917 1342 2987 ,inquit,
1377 2914 1627 2986 Moyses:
1659 2913 1975 2985 lmplevistis

409 3020 597 3060 manus
623 3014 821 3059 vestras
850 3005 1000 3059 hodie
1023 3006 1269 3070 Domino,
1301 3008 1657 3077 unusquisque
1679 3009 1730 3060 in
1755 3006 1891 3077 ﬁlio,
1923 3018 1970 3060 et

407 3098 464 3151 in
485 3096 654 3167 fratre
688 3113 805 3162 suo,
837 3107 893 3151 ut
925 3096 1078 3151 detur
1110 3113 1263 3167 super
1289 3114 1375 3152 vos
1402 3096 1691 3152 benedictio
1725 3096 1793 3151 δ’.
1834 3095 1973 3162 Quid
2002 3131 2045 3189 ο

407 3203 537 3244 vero
560 3189 801 3246 Phineen
825 3189 1175 3259 justiﬁcavit?
1205 3188 1395 3245 Nonne
1423 3189 1573 3260 justa
1603 3189 1684 3243 ira
1713 3189 1977 3243 adversus

408 3281 780 3349 scortatores?
806 3285 897 3351 qui
928 3281 1129 3351 alioqui
1162 3296 1422 3352 perquam
1453 3281 1602 3335 mitis
1630 3295 1693 3334 ac
1735 3295 1981 3335 mansue-

408 3382 522 3439 tus,
546 3385 897 3445 posteaquam
946 3373 1164 3430 Zambri
1216 3389 1340 3430 cum
1392 3383 1574 3429 scorto
1630 3372 1978 3428 Madianitide

408 3468 583 3537 palam
604 3474 660 3524 et
683 3468 803 3524 sine
819 3468 1151 3523 verecundia
1173 3475 1462 3524 coeuntem
1508 3468 1733 3523 vidisset
1765 3506 1782 3531 ,
1841 3466 1978 3521 adeo

409 3565 471 3611 ut
495 3573 563 3614 ne
591 3565 939 3629 contegerent
984 3558 1205 3629 quidem
1250 3559 1604 3630 turpitudinis
1635 3575 1746 3614 sua:
1776 3558 1981 3613 infame

410 3651 801 3721 spectaculum,
824 3651 929 3706 hoc
964 3666 1075 3706 non
1098 3650 1398 3722 perferens,
1422 3652 1501 3705 ira
1524 3662 1826 3722 opportune
1847 3666 1980 3707 usus

409 3755 514 3809 est,
549 3753 781 3815 utroque
809 3745 964 3800 hasta
989 3745 1250 3800 transfixo
1272 3745 1336 3798 ⁸³.
1373 3744 1590 3800 Samuel
1615 3753 1795 3800 autem
1832 3744 1981 3815 Agag

408 3852 595 3909 regem
624 3837 864 3901 Amalec,
897 3852 928 3891 a
957 3837 1119 3892 Saulc
1147 3844 1341 3907 praeter
1366 3838 1685 3892 mandatum
1723 3836 1817 3891 Dei
1867 3852 1981 3891 ser—

410 3935 618 3993 vatum,
642 3944 823 3985 nonne
844 3930 900 3984 in
922 3928 1158 3984 medium
1182 3927 1505 3998 productum
1527 3930 1607 3982 ira
1629 3927 1778 3998 justa
1811 3928 1980 3981 inter-

412 4022 543 4075 emit
569 4021 653 4074 “?
683 4022 775 4076 Sic
803 4022 884 4076 ira
907 4021 1227 4091 plerumque
1258 4021 1529 4075 actionum
1588 4020 1855 4075 bonarum
1898 4024 1982 4074 est

412 4110 686 4169 ministra.
746 4111 962 4169 Rursus
993 4113 1195 4168 zelotes
1234 4113 1324 4169 ille
1357 4112 1507 4169 Elias
1553 4112 1979 4183 quadringentos

413 4200 811 4272 quinquaginta
838 4201 987 4257 viros
1014 4201 1337 4271 confusionis
1366 4203 1711 4270 sacerdotes,
1761 4213 1816 4259 et
1846 4218 1982 4273 qua-

412 4292 733 4364 dringentos
774 4294 922 4350 viros
976 4293 1289 4351 sacerdotes
1328 4296 1596 4360 lucorum,
1621 4311 1866 4351 mensam
1893 4293 1983 4350 Je—

2076 1893 2160 1961 ὲφ’
2204 1893 2239 1947 ἀ
2269 1894 2348 1946 δεῖ
2374 1896 2671 1966 κεχρῆσθαι
2694 1900 2759 1968 τῇ
2794 1897 2951 1969 ὀργῇ,
2982 1898 3055 1961 ὡς
3102 1899 3160 1951 ἐν
3191 1899 3481 1971 φαρμάκου
3516 1899 3647 1954 εἴδει

2076 1986 2137 2036 οὐ
2168 1990 2529 2056 παραιτεῖται.
2567 1988 2641 2040 Τὸ
2679 1990 2807 2060 γὰρ,
2844 1991 3107 2059 Ἕχθραν
3136 1990 3301 2058 θήσω
3322 1992 3437 2046 ἀνὰ
3452 1993 3649 2061 μέσον

2077 2092 2192 2132 σου
2219 2080 2440 2134 καὶτοῦ
2469 2082 2657 2150 ὄφεως
2678 2101 2689 2112 ·
2723 2084 2815 2136 καὶ
2844 2084 2924 2147 τὸ,
2983 2087 3349 2155 Ἑχθραίνετε
3373 2088 3494 2153 τοῖς
3525 2090 3649 2141 Ma-

2076 2168 2384 2237 διηναίοις,
2446 2172 2786 2238 διδάσκοντος
2840 2177 2956 2229 ἐστι
3009 2178 3306 2249 κεχρῆσθαι
3356 2179 3433 2249 τῷ
3492 2177 3648 2251 θυμῷ

2076 2258 2260 2332 ὥσπερ
2291 2262 2458 2333 ὅπλῳ.
2478 2264 2575 2315 Διὰ
2611 2265 2765 2317 τοῦτο
2790 2267 3029 2338 Μωῦσῆς
3057 2271 3084 2321 ὁ
3108 2268 3323 2321 πάντων
3347 2268 3647 2342 ἀνθρώπων

2077 2353 2400 2421 πραότατος,
2465 2355 2692 2408 ἐκδικῶν
2725 2357 2821 2429 τὴν
2868 2358 3324 2431 είδωλολατρείαν,
3384 2362 3483 2424 τὰς
3538 2361 3649 2414 τῶν

2078 2444 2318 2497 Λευῐτῶν
2364 2448 2549 2518 χεῖρας
2585 2448 2740 2519 -πρὸς
2784 2449 2872 2502 τὸν
2914 2450 3023 2504 τῶν
3059 2451 3305 2522 ἀδελφῶν
3348 2454 3506 2521 φόνον
3554 2454 3645 2522 ἐξ-

2078 2535 2299 2591 ώπλισε.
2342 2537 2559 2605 Θέσθω,
2594 2541 2748 2611 φησὶ,
2780 2540 2894 2611 τὴν
2920 2545 3224 2613 ῥομφαίαν
3255 2545 3510 2612 ἕκαστος
3547 2549 3646 2602 ἐπὶ

2079 2632 2183 2683 τὸν·
2202 2631 2400 2699 μηρὸν
2418 2631 2623 2697 αὑτοῦ,
2658 2632 2756 2686 καὶ
2776 2633 3035 2689 διέλθετε
3057 2636 3173 2690 ἀπὸ
3209 2641 3410 2707 πύλης
3427 2641 3512 2705 είς
3533 2642 3648 2694 πύ-

2076 2724 2215 2789 λην,
2234 2723 2329 2775 καὶ
2344 2722 2732 2792 ἀνακάμψατε
2746 2723 2842 2778 διὰ
2857 2724 2964 2794 τῆς
2974 2728 3372 2797 παρεμϐολῆς
3394 2730 3489 2786 καὶ
3503 2731 3649 2786 ἀπο-

2078 2814 2346 2867 κτείνατε
2369 2814 2628 2882 ἕκαστος
2644 2816 2752 2870 τὸν
2767 2817 3252 2889 ἀδελφόναὺτοῦ,
3277 2822 3374 2876 καὶ
3392 2822 3648 2889 ἕκαστος

2078 2907 2185 2959 τὸν
2211 2909 2481 2975 πλησίον
2513 2910 2719 2975 αὑτοῦ,
2748 2912 2845 2965 καὶ
2865 2912 3123 2980 ἕκαστος
3142 2915 3247 2968 τὸν
3271 2915 3519 2986 ἔγγιστα
3535 2917 3649 2987 (28)

2077 3000 2283 3055 αὺτοῦ.
2312 3000 2421 3054 Καὶ
2476 3003 2591 3072 μετ’
2624 3002 2777 3072 ὀλίγα
2797 3022 2808 3034 ·
2859 3005 2969 3061 Καὶ
2993 3002 3142 3070 εἷπε,
3178 3008 3331 3077 φησὶ,
3353 3005 3613 3075 Μωϋσῆς
3632 3025 3645 3037 ·

2093 3092 2511 3161 Ἐπληρώσατε
2552 3094 2660 3161 τὰς
2706 3095 2908 3165 χεῖρας
2940 3097 3107 3166 ὑμῶν
3139 3097 3249 3169 (99)
3278 3098 3544 3168 σήμερον
3570 3097 3650 3165 τῷ

2077 3183 2293 3252 Κυρίῳ,
2357 3185 2613 3252 ἕκαστος
2657 3187 2726 3239 ἐν
2781 3187 2861 3252 τῷ
2902 3189 3009 3255 υἱῷ
3062 3189 3269 3254 αὐτοῦ,
3322 3191 3417 3243 καὶ
3469 3190 3539 3243 ἐν
3570 3190 3653 3257 τῷ

2078 3274 2317 3344 ἀδελφῷ
2340 3277 2545 3342 αὑτοῦ,
2575 3277 2819 3347 δοθῆναι
2851 3280 2942 3348 ἐφ’
2965 3278 3120 3349 ὑμᾶς
3146 3282 3449 3352 εὐλογίαν.
3484 3283 3547 3336 Τί
3594 3283 3653 3337 δὲ

2079 3367 2169 3421 τὸν
2190 3368 2374 3432 Φινεὲς
2412 3369 2751 3437 ἐδικαίωσενς
2785 3373 2895 3443 Οὐχ
2926 3375 2958 3443 ή
2987 3374 3168 3427 δικαία
3200 3374 3338 3445 ὀργὴ
3371 3375 3513 3429 κατὰ
3539 3375 3653 3428 τῶν

2081 3460 2520 3531 πορνευσάντων;
2552 3461 2628 3527 ὃς,
2654 3462 2721 3516 τὰ
2755 3464 2922 3518 πολλά
2953 3466 3198 3539 ἐπιεικὴς
3227 3466 3302 3520 ὣν
3335 3469 3426 3522 καὶ
3455 3471 3651 3541 πρᾶος,

2079 3553 2267 3624 ἐπειδὴ
2291 3550 2395 3607 εἶδε
2417 3554 2515 3625 τὴν
2550 3555 2805 3625 πορνείαν
2831 3556 2923 3609 τοῦ
2953 3558 3169 3629 Ζαμὸρὶ
3202 3560 3293 3613 καὶ
3316 3560 3415 3631 τῆς
3442 3561 3655 3615 Μαδια-

2079 3645 2273 3710 νίτιδος
2304 3647 2606 3716 ἀναφανδὸν
2648 3649 2740 3700 καὶ
2783 3649 3315 3721 ἀπηρυθριασμένως
3338 3653 3651 3723 γινομένην,

2080 3737 2197 3791 οὐδὲ
2221 3739 2705 3807 συγκαλυπτόντων
2731 3741 2910 3794 αὐτῶν
2940 3742 3037 3812 τῆς
3068 3741 3329 3813 αἰσχύνης
3358 3743 3456 3815 τὴν
3482 3745 3657 3815 ἀσχή-

2084 3848 2220 3901 μονα
2252 3830 2398 3895 θέαν,
2436 3831 2536 3884 οὐκ
2580 3832 2967 3902 ἀνασχόμενος,
3011 3834 3089 3895 εἰς
3118 3833 3234 3886 δέον
3269 3834 3540 3905 ἐχρήσατο
3575 3835 3658 3905 τῷ

2082 3921 2258 3993 θυμῷ,
2282 3922 2348 3976 δι’
2373 3925 2575 3993 ἀμφοῖν
2622 3924 2821 3986 ἐλάσας
2849 3923 2939 3977 τὸν
2982 3925 3364 3996 σειρομάστην.
3397 3926 3655 3996 Σαμουὴλ

2081 4013 2135 4067 δὲ
2163 4006 2254 4069 τὸν
2280 4015 2449 4084 Ἀγάγ
2471 4016 2562 4069 τὸν
2585 4015 2809 4087 βασιλέα
2831 4017 2924 4070 τοῦ
2959 4017 3206 4088 Ἀμαλὴκ
3226 4018 3332 4071 ὑπὸ
3358 4016 3452 4070 τοῦ
3482 4018 3655 4071 Σαοὺλ

2082 4108 2233 4180 παρά
2261 4108 2320 4162 τὸ
2371 4110 2697 4181 πρόσταγμα
2723 4110 2817 4163 τοῦ
2851 4111 2984 4165 Θεοῦ
3022 4110 3390 4182 περισωθέντα
3416 4110 3512 4181 οὐχ
3549 4110 3658 4165 ὑπὸ

2081 4199 2295 4265 δικαίας
2347 4201 2515 4273 ὀργῆς
2566 4203 2646 4266 εἰς
2717 4203 2879 4273 μέσον
2933 4203 3157 4273 ἀγαγὼν
3218 4203 3649 4271 κατεφόνευσεν;

2083 4294 2239 4350 Οὕτω
2284 4296 2492 4364 γίνεται
2548 4293 2808 4359 πολλάκις
2843 4300 2872 4350 6
2908 4296 3080 4368 θυμὸς
3128 4298 3348 4369 ἀγαθῶν
3397 4297 3651 4371 πράξεων

414 4386 568 4443 zabel
620 4387 1003 4455 comedentes,
1062 4389 1467 4445 consultissima
1513 4405 1576 4443 ac
1620 4388 1853 4459 sapienti
1899 4389 1977 4443 ira

2084 4389 2382 4461 ὑπηρέτης.
2450 4386 2633 4451 Ἠλίας
2689 4389 2747 4442 δὲ
2792 4390 2821 4442 6
2865 4388 3143 4462 ζηλωτὴς,
3178 4393 3510 4463 πεντήκοντα
3562 4391 3659 4445 καὶ

414 4481 473 4536 in
505 4479 674 4536 totius
701 4477 917 4536 lsraelis
948 4481 1292 4536 commodum
1337 4480 1607 4537 interfecit
1631 4481 1697 4534 ⁸⁸.
1729 4480 1811 4536 Tu
1850 4496 1977 4537 vero

2082 4479 2462 4552 τετρακοσίους
2486 4477 2680 4549 ἄνδρας
2699 4478 2861 4549 ἱερεῖς
2878 4479 2981 4549 τῆς
3008 4482 3326 4551 αἰσχύνης,
3350 4483 3442 4535 καὶ
3464 4498 3659 4552 τετρα-

413 4571 570 4628 fratri
594 4579 688 4627 tuo
717 4572 973 4629 irasceris
1001 4580 1225 4637 temere,
1245 4588 1308 4628 ac
1327 4574 1448 4630 sine
1476 4588 1661 4629 causa.
1694 4572 1979 4640 Quomodo

411 4664 559 4720 enim
586 4664 705 4721 sine
725 4680 1072 4730 causa,cum,
1089 4668 1260 4722 altero
1286 4667 1500 4722 amante
1529 4681 1592 4722 ac
1625 4678 1974 4737 provocante,

413 4754 572 4810 alteri
602 4760 785 4835 tamen
814 4760 876 4809 tu
914 4756 1278 4810 succenseas?
1323 4756 1497 4827 Atque
1528 4759 1672 4828 quod
1703 4773 1867 4814 canes
1899 4759 1980 4812 fa-

414 4847 629 4912 ctitant,
662 4845 798 4903 facis
827 4866 840 4902 :
876 4848 968 4920 qui
1000 4848 1205 4917 lapides
1228 4848 1496 4914 mordent,
1525 4865 1648 4904 cum
1674 4867 1782 4906 non
1812 4852 1978 4906 attin—

413 4944 544 5007 gant
576 4938 971 5008 projicientem.
1003 4939 1105 5004 Qui
1148 4940 1461 5011 instigatur,
1492 4942 1819 4998 miserabilis
1850 4953 1933 4999 est
1960 4961 1973 5008 ;

486 5117 531 5148 ³⁸
567 5117 711 5173 Psal.
749 5136 822 5183 tv,
860 5121 911 5174 5.
1009 5119 1051 5150 ³⁷
1091 5117 1280 5173 Matth.
1315 5135 1370 5183 ν,
1401 5118 1490 5172 22.

1586 5118 1631 5152 ³⁸
1668 5119 1803 5175 Gen.
1853 5136 1946 5180 In.
1989 5121 2077 5175 15.

2085 4573 2301 4635 κοσίους
2344 4570 2542 4641 ἄνδρας
2590 4570 2754 4641 ἱερεῖς
2794 4569 2902 4624 τῶν
2954 4570 3153 4638 ἀλσῶν,
3216 4572 3491 4636 ἐσθίοντας
3542 4571 3656 4643 (30)

2084 4663 2362 4737 τράπεζαν
2409 4659 2664 4726 Ἰεζάϐελ,
2692 4660 3060 4735 λελογισμένῳ
3089 4663 3245 4734 θυμῷ
3287 4663 3381 4717 καὶ
3417 4662 3655 4734 σώφρονι

2085 4760 2166 4821 είς
2210 4757 2398 4826 ὄφελος
2452 4757 2649 4821 παντὸς
2696 4755 2790 4809 τοῦ
2858 4754 3071 4827 Ἰσραὴλ
3118 4755 3444 4811 ἐθανάτωσε.
3487 4756 3557 4808 Σὺ
3599 4754 3657 4808 δὲ

2084 4850 2276 4924 ὀργίζῃ
2305 4849 2382 4920 τῷ
2404 4849 2619 4922 ἀδελφῷ
2636 4866 2728 4901 σου
2761 4848 2904 4918 εἰκῆ.
2937 4847 3061 4911 Πῶς
3075 4848 3182 4919 γὰρ
3197 4847 3296 4900 οὐκ
3315 4847 3463 4917 εἰκῆ,
3493 4846 3656 4900 ἄλλου

2083 4941 2449 5014 ἐνεργοῦντος,
2476 4941 2621 5012 ἄλλῳ
2650 4941 2990 5015 χαλεπαίνων
3014 4940 3210 5005 aut-6;;
3246 4940 3356 4993 Kal.
3397 4941 3570 5001 ποιεῖς
3594 4938 3659 4991 τὸ

3398 5117 3442 5148 δι
3483 5115 3657 5175 Exod.

2171 5121 2214 5151 ³⁸
2249 5117 2410 5172 Num.
2447 5134 2574 5175 xxv,
2610 5118 2678 5170 Π
2722 5104 2732 5109 ’
2805 5117 2848 5149 ⁸ο
2886 5114 3045 5169 Num.
3096 5132 3203 5180 κη,
3239 5117 3292 5170 5.

414 5203 588 5253 nm,
623 5188 713 5245 27.
789 5190 832 5221 δ’
874 5189 1006 5244 ibid.
1040 5188 1130 5245 29.
1207 5188 1253 5226 ⁸³
1286 5188 1446 5243 Νυπι.
1482 5206 1610 5255 xxv,
1646 5190 1699 5244 8.
1774 5191 1819 5222 “
1860 5190 1877 5243 I
1914 5192 1977 5245 Re

2081 5207 2167 5256 xv,
2199 5190 2287 5243 35.
2363 5188 2407 5221 ⁸⁵
2447 5187 2514 5240 ιιι
2548 5186 2680 5259 Reg.
2721 5203 2883 5253 XVIII,
2922 5186 3113 5240 22-40.

415 5363 595 5489 “$316)
626 5363 780 5420 Colb.
816 5367 1008 5421 tertius
1039 5366 1132 5420 καὶ
1163 5366 1519 5438 μακαριστός,
1562 5367 1742 5421 beatus
1785 5367 1982 5435 prwdi-

557 5452 639 5489 us.

557 5452 618 5489 αδ
628 5474 639 5485 .

490 5504 603 5575 (27)
633 5504 763 5574 Reg.
788 5504 998 5573 primus
1030 5515 1083 5559 et
1105 5505 1257 5562 Colb.
1284 5507 1477 5562 tertius
1515 5507 1613 5561 Διὰ
1647 5505 1807 5559 τοῦτο
1840 5508 1934 5560 καὶ
1955 5510 1983 5559 6

413 5573 730 5648 Ῡαλμῳδὸς
760 5577 905 5646 ἡμᾶς
946 5576 1186 5631 νουθετεῖ
1220 5576 1551 5648 ὀργίζεσθαι,
1583 5578 1676 5631 καὶ
1709 5576 1782 5648 μὴ
1801 5578 1982 5648 ἀμαρ-

415 5645 733 5796 Sic
763 5730 907 5796 mss._
931 5715 1177 5796 plerique
1208 5684 1417 5796 omnes.
1453 5717 1593 5771 Editi
1629 5717 1854 5796 ἀδελφὸν
1885 5717 1983 5796 αἰέ-

414 5785 512 5843 τὸῦ
540 5785 783 5857 πλησίον,
826 5787 919 5840 καὶ
956 5786 1184 5851 ἕκαστος
1213 5788 1299 5842 τὸν
1343 5788 1565 5858 ἔγγιστα
1593 5806 1605 5843 :
1642 5789 1790 5859 quod
1821 5788 1986 5843 muti-

2088 5368 2198 5421 lum
2229 5375 2347 5422 erat
2379 5372 2432 5420 et
2465 5382 2740 5421 mancum.

2160 5437 2271 5506 (29;
2297 5436 2454 5510 Hunc
2480 5438 2682 5510 locum,
2731 5435 3112 5509 Ἐπληρώσατε
3133 5437 3230 5499 τὰς
3264 5440 3449 5510 χεῖρας
3478 5438 3671 5510 ὑμῶν,’

2089 5517 2219 5570 etc.,
2244 5508 2546 5577 implevistis
2565 5523 2751 5561 manus
2775 5508 2996 5571 vestras,
3024 5518 3153 5573 etc.,
3174 5508 3413 5563 illustrat
3428 5508 3663 5567 Duczeus

2092 5582 2146 5633 in
2177 5579 2293 5633 suis
2327 5579 2491 5632 notis.

2162 5648 2274 5716 (30)
2305 5646 2461 5720 Regii
2496 5648 2607 5720 duo
2633 5656 2689 5702 et
2731 5646 2884 5720 Colb.
2934 5649 3152 5720 primus,
3188 5650 3525 5720 πεντήκοντα
3560 5648 3659 5704 καὶ

2089 5717 2469 5791 τετρακοσίους
2499 5718 2695 5791 ἀνδρας
2724 5717 3071 5791 ίερέωνἏεῶν
3110 5719 3307 5791 ἀλσῶν,
3345 5717 3659 5787 ἐσθίοντας.

2090 5782 2201 5844 Alii
2229 5789 2339 5844 duo
2366 5803 2499 5845 mss.
2528 5782 2738 5847 et'editi
2767 5782 2826 5845 ut
2850 5791 2902 5845 in
2933 5799 3209 5859 contextu,
3244 5782 3439 5849 fusius.
3611 5782 3626 5787 ⁷
3662 5782 3674 5799 ⁸
