4036 6236
339 384 446 444 369

1487 386 1772 443 HOMILIA
1808 388 2177 446 ADVERSUS
2203 389 2455 447 lRATOS

3496 390 3604 453 310

348 499 457 553 τῶν
485 496 669 551 κυνῶν
692 515 707 528 ·
754 499 806 552 οἳ
855 500 982 564 τοὺς
1013 499 1191 564 λίθους
1225 500 1498 566 δάκνουσι,
1530 501 1624 555 τοῦ
1655 502 1938 573 βάλλοντος

2056 506 2133 576 lui
2154 521 2282 561 vero
2305 505 2688 577 instigat,’odio
2701 514 2785 563 est
2804 504 3105 562 habendus.
3124 505 3256 561 illuc
3276 505 3604 563 iramtrans-

355 594 415 646 οὺ
461 591 934 662 πτοσαπτόμενοι.
981 592 1040 645 Ὁ
1078 591 1465 662 ὲνεργούμενος
1507 591 1774 656 ὲ).εεινός’
1820 596 1849 647 ὁ
1879 595 1937 647 δὲ

358 683 596 755 ἐνεργῶν
621 685 879 755 μισητός.
938 686 1083 737 Ἐκεῖ
1127 683 1216 737 τὸν
1249 682 1417 754 θυμὸν
1447 684 1676 753 μετάθες
1708 686 1801 738 ἐπὶ
1848 685 1940 740 τὸν

363 776 834 849 ἀνθρωποκτόνον,
856 776 950 829 τὸν
964 776 1058 829 τοῦ
1074 776 1300 845 ψεύδους
1323 777 1556 847 πατέρα,
1582 777 1674 829 τὸν
1703 778 1940 850 ἐργάτην

363 870 463 938 τῆς
483 868 757 939 ἁμαρτίας
782 887 797 899 ο
832 867 912 939 τῷ
940 870 998 921 δὲ
1049 866 1261 938 ἀδελφῷ
1304 870 1399 922 καὶ
1430 868 1807 940 συμπάθησον,
1833 871 1935 937 δτι,

368 961 461 1015 ὲάν
483 962 741 1035 ὲπιμείνη
793 964 861 1033 τῇ
901 962 1166 1033 ἁμαρτία,
1193 961 1331 1031 μετά
1361 961 1456 1014 τοῦ
1484 960 1728 1014 διαϐόλου
1763 978 1942 1032 παρα-

365 1053 648 1123 δοθήσεται
693 1054 775 1125 τῷ
823 1055 1027 1125 αἰωνίῳ
1078 1056 1232 1126 πυρί.
1259 1056 1467 1126 Ὠσπερ
1502 1055 1559 1108 δὲ
1601 1054 1669 1108 τὰ
1703 1054 1941 1125 ὀνόματα

363 1144 593 1215 διάφορα
612 1145 786 1216 θυμοῦ
809 1147 905 1198 καὶ
928 1146 1116 1218 ὀργῆς,
1150 1145 1290 1199 οὕτω
1317 1147 1409 1198 καὶ
1422 1145 1490 1198 τά
1517 1146 1606 1197 ὑπ’
1634 1144 1812 1199 αὐτῶν
1842 1162 1941 1216 ση-

367 1239 672 1308 μαινόμενα
725 1238 977 1290 πλεῖστον
1013 1238 1258 1309 ἀλλήλων
1308 1237 1577 1309 διαφέρει.
1629 1238 1786 1290 Ἐστι
1832 1237 1943 1308 γὰρ

363 1328 536 1400 θυμὸς
568 1330 669 1400 μὲν
699 1323 811 1382 οἷον
836 1330 1022 1399 secet;
1047 1346 1131 1392 τις
1161 1331 1256 1383 καὶ
1295 1329 1655 1399 ἀναθυμίασις
1678 1328 1825 1393 ὀξεῖα
1849 1328 1941 1381 τοῦ

363 1419 607 1483 πάθουςσ
668 1419 808 1489 δργὴ
836 1420 893 1472 δὲ
949 1418 1183 1490 ἔμμονος
1211 1419 1354 1491 λύπη
1397 1420 1491 1472 καὶ
1530 1420 1673 1491 ὁρμὴ
1717 1419 1944 1491 διαρκὴς

364 1510 502 1580 πρὸς
520 1510 622 1579 τὴν
642 1511 751 1562 τῶν
775 1511 1113 1581 ἠδικηκότων
1144 1510 1431 1574 ἀντίδοσιν,
1462 1511 1651 1583 ὥσπερ
1692 1510 1944 1583 ὀργώσης

362 1602 465 1672 τῆς
488 1603 671 1672 ψυχῆς
708 1603 843 1674 πρὸς
891 1603 991 1674 τὴν
1048 1603 1282 1673 ἄμυναν.
1336 1604 1547 1658 Είδέναι
1587 1601 1679 1658 οὖν
1711 1604 1840 1675 χρὴ,
1863 1606 1946 1658 δτι

362 1693 484 1746 κατ’
515 1692 835 1764 ἀμφοτέρας
881 1694 979 1756 τὰς
1008 1692 1277 1757 διαθέσεις
1321 1693 1730 1765 πλημμελοῦσιν
1759 1696 1807 1767 οξ
1848 1684 1943 1750 iv?-

2040 597 2122 654 fer
2144 598 2200 652 in
2230 598 2576 662 homicidam,
2613 597 2879 653 mendacii
2912 605 3144 665 patrem,
3181 596 3442 651 artiﬁcem
3476 610 3604 666 pec-

2040 691 2178 757 cati;
2219 689 2404 746 fratris
2465 705 2595 746 vero
2647 691 2828 761 potius
2883 689 3334 756 commiseresce,
3376 688 3488 759 90
3535 703 3604 745 eo

2039 782 2185 851 quod
2214 782 2261 837 si
2292 784 2346 837 in
2384 790 2609 855 peccato
2636 782 2994 854 permanserit
3019 819 3036 846 ,
3082 796 3189 836 una
3220 796 3346 836 cum
3386 780 3604 836 diabolo

2042 873 2151 943 igni
2188 883 2390 930 aeterno
2437 874 2738 929 tradendus
2777 873 2867 928 sit.
2907 870 3375 939 Quemadmodum
3420 878 3603 926 autem

2042 967 2257 1022 diversa
2295 974 2424 1022 sunt
2457 966 2843 1037 indignationis
2873 974 2926 1020 et
2958 964 3053 1019 irae
3079 964 3300 1019 nomina
3326 982 3343 1019 :
3371 964 3445 1017 ita
3477 977 3607 1033 quo-

2042 1072 2148 1127 que
2178 1058 2436 1127 subjectae
2467 1057 2640 1128 ipsius
2682 1058 2929 1113 notiones
2954 1094 2970 1120 ,
3025 1055 3319 1126 plurimum
3376 1055 3517 1109 inter
3547 1069 3608 1109 se

2042 1144 2322 1201 dill‘erunt.
2361 1145 2666 1217 Indignatio
2694 1145 2838 1201 enim
2863 1144 3024 1214 quasi
3062 1143 3310 1214 quaedam
3355 1142 3608 1197 incensio

2042 1245 2128 1292 est
2152 1254 2212 1291 ac
2237 1240 2519 1308 repentina
2556 1238 2782 1294 affectus
2807 1236 3117 1303 exhalatio;
3149 1235 3229 1289 ira
3267 1249 3422 1298 vero,
3450 1233 3609 1289 dolor

2043 1338 2327 1397 constans,
2356 1339 2759 1402 perpetuusque
2791 1331 3061 1402 appetitus
3084 1326 3225 1383 vicis
3253 1322 3610 1397 rependenda

2044 1423 2402 1491 nocentibus,
2435 1424 2616 1477 anima
2649 1424 2795 1479 velut
2847 1423 2903 1477 in
2952 1420 3251 1476 vindictam
3303 1419 3606 1490 pruriente.

2047 1512 2200 1569 Scire
2230 1514 2415 1585 itaque
2444 1529 2623 1586 operte
2659 1514 2893 1586 pretium
2925 1520 3031 1578 est,
3059 1511 3204 1582 quod
3227 1508 3424 1564 aﬂ'ectu
3450 1515 3607 1563 utro-

2044 1623 2152 1678 que
2173 1617 2403 1679 peccant
2431 1609 2703 1673 homines,
2739 1615 2833 1662 aut
2869 1607 3075 1662 furiose
3104 1620 3167 1661 ac
3190 1611 3396 1659 temere
3422 1601 3611 1657 adver-

2047 1715 2142 1755 sus
2168 1700 2450 1757 irritantes
2490 1700 2770 1764 commoti,
2803 1709 2897 1754 aut
2930 1714 3027 1770 per
3070 1697 3225 1753 dolos
3273 1709 3336 1749 ac
3380 1690 3610 1748 insidias

365 1785 578 1855 θρωποι
600 1800 616 1815 ο
647 1786 681 1854 ἢ
716 1784 957 1854 μανικῶς
993 1785 1087 1838 καὶ
1118 1786 1445 1857 ἐμπλήκτως
1475 1786 1617 1840 κατά
1644 1787 1751 1839 τῶν
1802 1804 1945 1857 παρ-

2056 1805 2146 1847 eos
2176 1792 2269 1862 qui
2288 1792 2422 1862 ipsis
2439 1793 2743 1849 molestiam
2771 1791 3050 1852 exhibent.
3079 1784 3608 1845 circumvenientes:

363 1852 801 1944 ξυνόντων-(31)
832 1852 1163 1945 κινούμενοι,
1202 1875 1235 1946 ἢ
1276 1852 1504 1947 δολερῶς
1534 1877 1625 1930 καὶ
1655 1852 1951 1941 ἐπιϐούλως

2056 1896 2172 1953 quae
2193 1886 2301 1939 duo
2330 1885 2569 1941 cavenda
2598 1884 2758 1940 nobis
2788 1891 2967 1952 sunt.,

364 1969 492 2031 τοὺς
511 1968 862 2039 λυπήσαντας
881 1969 1265 2039 ἐνεδρεύοντες
1296 1970 1438 2041 ἅπερ
1466 1970 1750 2042 ἀμφότερα
1784 1971 1951 2040 φυλα-

367 2064 525 2117 κτέον
555 2065 711 2133 ἡμῖν.
1500 2068 1505 2073 ’

439 2160 492 2212 7.
527 2158 655 2221 Πῶς
677 2160 743 2211 ἂν
763 2152 855 2211 οὖν
888 2159 962 2229 μὴ
992 2160 1191 2212 κινοῖτο
1216 2158 1352 2230 πρὸς
1371 2158 1407 2213 ἃ.
1428 2161 1501 2232 μὴ
1534 2161 1616 2214 δεῖ
1643 2162 1704 2215 τὸ
1737 2162 1941 2229 1:de;

368 2249 528 2313 Πῶςς
565 2251 631 2301 Εἰ
664 2249 1116 2320 προπαιδευθείης
1156 2249 1265 2321 ('52)
1294 2251 1392 2319 τὴν
1422 2254 1944 2326 ταπεινοφροσύνην,

368 2343 437 2412 ἢν
465 2343 494 2393 ὁ
531 2340 736 2410 Κύριος
756 2340 852 2391 καὶ
880 2339 1020 2409 λόγῳ
1052 2340 1354 2405 διετάξατο,
1382 2341 1476 2393 καὶ
1508 2340 1652 2411 ἔργῳ
1669 2342 1941 2407 ὑπέδειξεο

369 2430 468 2483 νῦν
496 2430 595 2500 μὲν
640 2430 816 2497 λέγων
839 2446 852 2459 ·
901 2430 962 2482 '0
1005 2429 1194 2483 θέλων
1236 2430 1305 2483 ἐν
1341 2430 1483 2500 ὑμῖν
1528 2427 1680 2485 εἶναι
1718 2432 1948 2500 πρῶτος

370 2523 527 2576 ἔστω
545 2520 790 2575 πάντων
815 2523 1078 2590 ἔσχατος
1098 2539 1112 2553 ο
1144 2521 1238 2575 νῦν
1263 2522 1319 2575 δὲ
1338 2523 1526 2595 πράως
1559 2525 1653 2577 καὶ
1676 2526 1948 2595 ἀκινήτως

370 2612 468 2666 τοῦ
499 2611 797 2676 τύπτοντος
825 2613 1166 2682 ἀνεχόμενος.
1204 2613 1260 2666 '0
1290 2613 1396 2684 γὰρ
1442 2614 1670 2686 ούρανοῦ
1707 2615 1801 2667 καὶ
1846 2615 1951 2683 γῆς

374 2707 605 2777 ποιητὴς
658 2706 756 2758 καὶ
806 2704 1104 2775 δεσπότης,
1150 2708 1177 2758 ὁ
1214 2706 1365 2776 παρὰ
1399 2708 1577 2777 πάσης
1613 2708 1712 2778 τῆς
1754 2712 1951 2779 νοητῆς

373 2798 472 2850 καὶ
504 2796 772 2867 αἰσθητῆς
799 2798 1027 2861 κτίσεως
1062 2798 1552 2870 προσκυνούμενος,
1587 2802 1614 2853 ὁ
1653 2800 1851 2867 Φέρων
1879 2800 1951 2854 τὰ

375 2891 705 2958 σύμπαντα
746 2887 827 2953 τῷ
850 2888 1066 2957 ῥήματι
1117 2889 1227 2957 τῆς
1258 2890 1563 2959 δυνάμεως
1599 2893 1708 2962 (35)
1741 2892 1947 2957 αὑτοῦ,

374 2982 497 3050 οὐχὶ
546 2981 728 3045 ζῶντα
782 2981 1022 3052 ἔπεμψεν
1071 2982 1228 3035 αὐτὸν
1275 2985 1351 3046 είς
1387 2984 1477 3036 τὸν
1524 2984 1676 3055 ᾅδην,
1711 2984 1812 3053 τῆς
1847 2985 1952 3054 γῆς

377 3071 789 3141 ὑπορῤαγείσης
804 3071 880 3140 τῷ
895 3071 1162 3134 δυσσεϐεῖ,
1182 3072 1317 3125 ἀλλὰ
1332 3073 1569 3125 νουθετεῖ
1579 3075 1670 3127 καὶ
1689 3073 1949 3127 διδςὶισκει⁸

2121 2161 2172 2214 ’7.
2204 2159 2307 2226 Qui
2354 2157 2521 2230 igitur
2563 2156 2681 2211 fieri
2735 2156 2974 2226 poterit,
3010 2162 3072 2209 ut
3122 2154 3469 2212 turbulentus
3523 2155 3616 2214 illo

2049 2250 2276 2306 affectus
2326 2248 2393 2302 ad
2438 2262 2501 2302 ea
2546 2260 2666 2317 quae
2717 2260 2824 2301 non
2876 2252 3125 2316 oportet,
3191 2259 3302 2300 non
3360 2245 3617 2302 cieatur?

2050 2340 2371 2407 Quomodo?
2422 2337 2479 2392 Si
2521 2336 2690 2392 fueris
2738 2336 2893 2406 prius
2942 2334 3300 2390 humilitatem
3327 2334 3612 2403 fedoctus,

2050 2449 2213 2504 quam
2243 2431 2504 2485 Dominus
2554 2436 2609 2484 et
2653 2430 2837 2485 verbis
2866 2429 3145 2499 praecepit,
3174 2436 3229 2484 et
3263 2443 3322 2483 re
3352 2428 3614 2484 ostendit.

2052 2524 2260 2594 Quippe
2283 2523 2444 2578 modo
2468 2523 2601 2577 dicit
2632 2542 2645 2577 :
2688 2521 2791 2588 Qui
2828 2522 2933 2576 vult
2973 2521 3111 2575 inter
3139 2537 3228 2575 vos
3259 2522 3460 2588 primus
3481 2537 3613 2587 esse,

2055 2620 2126 2671 sit
2156 2617 2390 2671 omnium
2419 2624 2709 2686 postremus
2748 2615 2794 2646 “
2828 2632 2845 2669 :
2878 2614 3041 2669 modo
3072 2628 3204 2668 vero
3231 2613 3483 2668 toleravit
3513 2628 3619 2667 ca:—

2055 2709 2273 2764 dentem
2308 2708 2414 2764 leni
2446 2706 2630 2760 animo
2655 2714 2820 2774 atque
2849 2705 3078 2759 immoto
3105 2703 3173 2760 ‘7.
3199 2702 3335 2758 Nam
3365 2704 3488 2758 caeli
3516 2710 3627 2775 ter-q

2054 2813 2237 2866 neque
2264 2796 2514 2851 conditor
2560 2810 2623 2850 ac
2666 2795 2941 2858 dominus,
2988 2795 3081 2865 qui
3117 2809 3148 2849 a
3184 2801 3438 2849 creatura
3467 2793 3619 2847 omni

2056 2901 2164 2946 tam
2194 2888 2457 2960 spirituali
2508 2902 2671 2958 quam
2722 2888 2775 2941 in
2804 2902 3025 2942 sensum
3055 2884 3272 2941 cadenti
3322 2882 3578 2940 adorator
3598 2924 3615 2947 ,

2057 2981 2293 3035 Portans
2320 2980 2497 3033 omnia
2534 2977 2685 3032 uerbo
2714 2977 2924 3030 virtutis
2969 2991 3082 3029 sua:
3111 2975 3190 3039 ⁸⁸,
3238 2989 3620 3045 percussorem

2057 3090 2167 3130 non
2199 3074 2350 3128 misit
2379 3072 2558 3126 vivum
2593 3072 2648 3125 in
2691 3069 2934 3135 inferos,
2986 3076 3132 3124 terra
3161 3067 3228 3122 ad
3271 3067 3494 3137 impium
3525 3065 3620 3121 de-

375 3163 448 3217 El
472 3159 670 3226 κακῶς
690 3161 988 3228 ἐλάλησα,
1014 3164 1401 3231 μαρτύρησον
1431 3165 1562 3232 περὶ
1598 3164 1704 3217 τοῦ
1730 3165 1946 3219 κακοῦ·

2058 3166 2391 3238 glutiendum
2426 3164 2759 3227 dehiscente,
2792 3161 2888 3216 sed
2942 3158 3362 3215 commonefacit
3401 3173 3466 3212 ac
3521 3156 3621 3211 do-

378 3255 432 3307 el
449 3250 517 3304 δὲ
534 3252 757 3317 καλῶς,
789 3254 846 3305 τί
856 3269 933 3321 με
958 3252 1175 3321 δέρεις;
1214 3255 1338 3307 Ἐὰν
1350 3254 1459 3326 γὰρ
1489 3255 1709 3327 ἐθισθῇς
1736 3257 1952 3310 πάντων

2056 3265 2141 3313 cet
2172 3277 2183 3312 :
2219 3257 2281 3313 Si
2308 3257 2445 3310 male
2474 3257 2676 3309 loculus
2718 3270 2870 3317 sum,
2917 3251 3269 3305 testimonium
3310 3248 3515 3319 perhibe
3558 3249 3622 3304 de

378 3344 610 3413 ⁴ἔσχατος
654 3338 794 3395 εἶναι
836 3344 977 3398 κατά
1026 3346 1123 3415 τὴν
1164 3345 1381 3416 ἐντολὴν
1414 3345 1507 3399 τοῦ
1548 3348 1774 3417 Κυρίου,
1825 3348 1954 3400 πότε

380 3437 785 3505 ἀγανακτήσεις
810 3434 885 3499 ὡς
910 3437 1060 3507 παρά
1082 3437 1179 3507 τὴν
1198 3437 1351 3501 ἀξίαν
1374 3438 1804 3509 καθυϐρισμένος
1821 3439 1954 3508 (54);

381 3526 552 3579 Ὅταν
576 3542 635 3577 σε
660 3526 875 3579 παιδίον
895 3528 1087 3597 νήπιον
1113 3529 1420 3601 λοιδορήσῃ,
1449 3530 1681 3598 γέλωτος
1706 3532 1957 3602 ἀφορμὴν

379 3622 509 3688 ποιῇ
548 3618 621 3670 τὰ
649 3618 1045 3690 λοιδορήματα·
1077 3623 1170 3673 καὶ
1214 3623 1341 3675 ὅταν
1390 3622 1494 3675 ὑπὸ
1520 3621 1817 3691 φρενίτιδος
1876 3622 1960 3688 ἐξ-

384 3711 637 3781 εστηκὼς
684 3711 786 3782 τὴν
841 3712 1077 3766 διάνοιαν
1123 3713 1427 3785 φθέγγηται
1465 3717 1681 3785 ῥήματα
1703 3715 1958 3786 ἀτιμίας,

383 3802 618 3856 ἐλεεινὸν
644 3801 753 3873 ἡγῇ
780 3795 1028 3877 μᾶλλονῆ
1059 3804 1247 3875 μίσους
1276 3806 1442 3871 ἀξιον.
1464 3804 1542 3860 Ob
1573 3806 1752 3860 τοίνυν
1773 3807 1840 3859 τὰ
1866 3809 1962 3880 ρήο

390 3911 537 3963 ματα
572 3895 786 3964 πέφυκε
817 3897 915 3960 τὰς
942 3896 1117 3960 λύπας
1139 3901 1325 3962 κινεῖν,
1361 3898 1474 3952 ἀλλ’
1501 3901 1533 3970 ἡ
1566 3899 1704 3953 κατά
1732 3899 1825 3953 τοῦ
1851 3899 1959 3952 λοι-

385 3987 718 4058 δορήσαντος
743 3990 889 4059 ἡμᾶς
927 3990 1217 4059 ὑπεροψία,
1244 3992 1384 4061 καὶὴ
1418 3991 1646 4045 ἑκάστου
1673 3995 1799 4064 περὶ
1839 3995 1963 4045 ἑαυ-

387 4079 478 4133 τὸν
502 4079 964 4145 φαντασίαπὶστε
984 4080 1047 4133 ἂν
1067 4081 1269 4151 ἀφέλῃς
1288 4083 1385 4152 τῆς
1402 4081 1592 4135 ἑαυτοῦ
1612 4084 1718 4153 (55)
1732 4084 1964 4147 διανοίας

386 4171 594 4223 τούτων
615 4172 895 4240 ἑκάτερον,
913 4172 1082 4242 ψόφος
1104 4174 1248 4226 ἐστὶν
1265 4173 1439 4238 ἄλλως
1461 4175 1711 4245 διακενῆς
1731 4176 1875 4246 ἠχῶν
1898 4178 1965 4231 τὰ

390 4263 690 4332 φερόμενα.
724 4264 955 4317 Παῦσαι
986 4260 1079 4318 οὖν
1111 4265 1229 4318 ἀπὸ
1252 4265 1451 4334 ὀργῆς,
1487 4266 1584 4320 καὶ
1609 4266 1968 4337 ἐγκατάλιπε

2056 3350 2195 3403 malo
2218 3365 2237 3412 ;
2265 3348 2312 3402 si
2340 3356 2513 3401 autem
2539 3347 2695 3409 bene,
2741 3342 2864 3415 quid
2908 3358 2989 3395 me
3020 3340 3177 3395 credis
3207 3339 3291 3394 ὀἳ
3329 3338 3542 3393 Etenim
3573 3338 3622 3394 si

2051 3442 2206 3510 juxta
2236 3446 2564 3510 prteceptum
2605 3436 2817 3491 Domini
2869 3443 3179 3505 postremus
3209 3431 3451 3487 omnium
3500 3444 3624 3486 esse

2058 3532 2386 3595 assueveris,
2413 3527 2760 3600 quandonam
2794 3524 3165 3595 indignabere,
3195 3522 3351 3592 quasi
3387 3521 3464 3574 sis
3488 3532 3625 3589 pm-

2059 3631 2142 3678 ter
2184 3622 2500 3691 dignitatem
2551 3616 2900 3677 contumeliis
2954 3612 3277 3668 divexatus?
3323 3609 3461 3665 Cum
3490 3622 3625 3678 puer

2059 3716 2318 3788 parvulus
2355 3714 2451 3768 tibi
2500 3710 2881 3773 conviciatur,
2935 3706 3182 3762 convicia
3224 3702 3361 3758 facis
3406 3701 3625 3757 ridendi

2061 3808 2385 3862 materiam:
2431 3802 2729 3874 quinetiam
2791 3814 2914 3854 cum
2974 3798 3098 3868 quis
3155 3811 3266 3866 pra:
3320 3791 3626 3865 pbrenitide

2062 3908 2245 3955 mente
2288 3900 2495 3967 lapsus,
2530 3895 2694 3950 verba
2727 3892 3087 3964 ignominiosa
3139 3887 3419 3957 loquitur,
3469 3884 3628 3938 ducis

2064 3992 2216 4045 illum
2247 3988 2621 4043 misericordia
2660 4001 2821 4056 quam
2864 3983 2990 4038 odio
3028 3981 3349 4052 digniorem.
3377 3976 3496 4033 Non
3529 3976 3629 4047 igi-

2064 4094 2153 4138 tur
2180 4081 2340 4135 verba
2368 4080 2506 4148 ipsa,
2541 4078 2635 4132 sed
2668 4077 2958 4145 insurgens
2997 4072 3259 4127 adversus
3291 4068 3626 4125 conviciato-

2065 4188 2179 4228 rem
2215 4170 2488 4240 superbia,
2519 4176 2572 4224 et
2603 4167 2872 4237 cujusque
2914 4165 2981 4220 de
3023 4179 3083 4219 se
3136 4164 3256 4233 ipso
3291 4159 3627 4216 existimatio

2066 4264 2371 4319 molestiam
2400 4276 2463 4315 ac
2493 4260 2769 4331 negotium
2804 4258 2981 4313 solent
3010 4256 3301 4311 facessere.
3353 4253 3535 4320 Quare
3579 4250 3628 4306 si

389 4356 605 4422 θυμὸν,
629 4354 718 4407 ἴνα
746 4355 920 4428 φύγῃς
950 4356 1050 4426 τῆς
1083 4356 1253 4427 ὀργῆς
1281 4356 1378 4427 τὴν
1406 4360 1622 4429 πεῖραν,
1649 4358 1750 4428 τῆς
1797 4360 1952 4414 Ἀπο-

2067 4368 2359 4426 utrumque
2391 4355 2584 4409 horum
2615 4370 2681 4407 ex
2714 4354 2895 4407 animo
2927 4351 3229 4416 exemeris;
3272 4364 3335 4404 ea
3360 4362 3480 4419 quae
3506 4361 3631 4416 pro-

390 4446 855 4513 καλυπτομένης
881 4446 982 4500 ἀπ’
1007 4446 1267 4515 οὐρανοῦ
1303 4448 1400 4501 ἐπί
1438 4448 1644 4503 πᾶσαν
1686 4450 1952 4504 ἀσέϐειαν

2071 4453 2337 4513 feruntur,
2368 4448 2443 4503 nil
2474 4446 2620 4501 aliud
2650 4451 2808 4508 sunt,
2844 4445 2949 4499 nisi
2986 4443 3199 4499 sonitus
3225 4441 3428 4496 frustra
3462 4454 3526 4492 ac
3556 4445 3636 4492 te-

389 4537 491 4591 καὶ
516 4536 757 4591 ἀδικίαν
782 4536 1125 4605 ἀνθρώπων.
1170 4540 1292 4593 Ἐὰν
1324 4540 1434 4611 γὰρ
1461 4540 1707 4613 λογισμῷ
1736 4542 1945 4614 σῶφρον

2070 4557 2216 4597 mere
2246 4540 2448 4596 editus.
2482 4537 2673 4592 Desine
2696 4537 2863 4608 igitur
2894 4534 2960 4589 ab
3001 4535 3105 4596 ira,
3131 4543 3180 4587 et
3217 4532 3513 4599 derelinque
3544 4530 3636 4597 fu-

391 4633 648 4701 ὲκτεμεῖν
673 4628 905 4700 δυνηθῇς
927 4630 1025 4700 τὴν
1052 4631 1253 4700 πικρὰν
1276 4632 1430 4705 ῥίζαν
1454 4633 1547 4686 τοῦ
1573 4634 1765 4704 θυμοῦ,
1797 4633 1952 4688 πολλέ

2073 4651 2244 4689 rorem
2271 4634 2359 4687 "z
2393 4640 2452 4686 ut
2473 4632 2565 4685 irae
2596 4630 2896 4701 periculum
2926 4626 3178 4698 effugias,
3212 4640 3330 4694 qua:
3383 4622 3459 4675 De
3506 4622 3636 4675 caelo

390 4722 505 4776 τῶν
539 4722 729 4776 παθῶν
771 4725 838 4793 τῇ
876 4723 1017 4793 ἀρχῇ
1049 4723 1217 4797 ταύτῃ
1250 4729 1678 4797 συναναιρήσεις.
1712 4728 1821 4780 Καὶ
1860 4726 1967 4799 γὰρ

396 4815 461 4868 τὺ
486 4815 703 4887 δολερὸν
729 4816 822 4868 καὶ
864 4816 1123 4883 ὕποπτον,
1160 4818 1251 4871 καί⁸
1292 4820 1519 4873 ἄπιστον
1548 4820 1641 4873 καὶ
1668 4820 1935 4891 κακόηθες
1954 4858 1969 4883 ,

395 4907 492 4960 καὶ
516 4906 802 4960 ἐπίϐουλον
840 4909 935 4960 καὶ
988 4908 1183 4979 θρασὺ,
1217 4913 1311 4963 καὶ¹
1353 4913 1461 4963 πᾶν
1487 4909 1548 4963 τὸ
1579 4909 1687 4964 τῶν
1716 4910 1971 4964 τοιούτων

468 5061 515 5094 ⁸⁸
547 5060 715 5116 Marc.
759 5079 814 5116 ix
836 5104 852 5126 ,
885 5065 975 5119 54.

1077 5063 1121 5095 ⁴⁷
1160 5063 1313 5121 Joan.
1351 5081 1481 5120 mn
1503 5106 1518 5132 ,
1552 5066 1653 5130 2‘2,
1683 5067 1774 5122 9.3.

398 5132 444 5164 ⁸⁸
483 5131 640 5187 Rom.
679 5149 729 5197 ι,
766 5134 859 5190 18.

472 5287 584 5362 (ξῖί)
622 5288 850 5362 1Antiqui
883 5289 996 5343 duo
1024 5288 1145 5343 libri
1173 5287 1603 5362 παροξυνάντων.

473 5357 585 5427 (52)
621 5357 713 5412 Sic
743 5357 799 5413 in
831 5367 1071 5428 quatuor
1095 5374 1225 5413 mss.
1252 5357 1482 5428 'legitur,
1507 5359 1558 5412 in
1585 5357 1749 5412 editis
1775 5373 1902 5412 vero
1928 5359 1975 5409 εί

406 5429 771 5499 παιδευθείης.
811 5429 934 5483 Mox
968 5430 1101 5499 Reg.
1126 5431 1337 5498 primus
1366 5429 1473 5499 καὶ,
1492 5430 1691 5499 ἔργοις.

476 5500 584 5569 (53)
616 5497 864 5570 Utraque
887 5497 1129 5570 editio'et
1165 5500 1330 5553 Coisl.
1363 5497 1597 5570 etColb.
1619 5499 1817 5570 tertius
1851 5512 1974 5570 per-

406 5569 528 5640 inde
567 5567 624 5623 ιιι
651 5567 834 5626 textus
865 5584 1027 5640 sacer
1064 5568 1142 5639 τῷ
1160 5572 1361 5640 ῥήματι
1385 5569 1482 5639 τῆς
1506 5569 1802 5637 δυνάμεως,
1825 5567 1974 5640 uerbo

408 5639 609 5695 virtutis
636 5657 767 5696 sum.
801 5645 871 5694 At
897 5639 1055 5709 Regii
1076 5638 1347 5695 secundus
1366 5646 1420 5692 et
1442 5638 1647 5691 tertius
1673 5655 1795 5691 cum
1819 5638 1970 5691 Coll).

411 5711 578 5780 primo
608 5712 684 5782 τῷ
712 5712 947 5782 νεύματι
985 5710 1086 5779 τῆς
1119 5709 1414 5779 δυνάμεως,
1449 5718 1575 5762 nutu
1612 5710 1815 5762 virtutis
1848 5725 1977 5771 smt‘,

408 5793 507 5837 seu
529 5786 773 5850 potentia’
806 5798 939 5835 sua’.

1876 5067 1920 5125 ε’
1957 5064 2120 5121 Hebr.
2158 5080 2213 5129 ι,
2248 5064 2302 5119 5.

2076 4728 2335 4781 revelatur
2378 4740 2532 4793 super
2561 4738 2763 4777 onmem
2818 4721 3168 4788 impietatem,
3220 4726 3267 4769 et
3322 4713 3639 4783 injustitiam

2077 4817 2340 4871 hominum
2367 4817 2430 4869 ".
2476 4815 2606 4869 Nam
2640 4814 2686 4869 si
2726 4812 2957 4867 consilio
2989 4809 3243 4880 prudenti
3274 4819 3515 4860 amaram
3543 4805 3641 4858 ira

2078 4909 2316 4962 radicem
2356 4904 2675 4961 exscindere
2715 4901 2949 4973 poteris,
3006 4900 3139 4953 vitia
3177 4911 3286 4951 non
3321 4909 3492 4966 pauca
3534 4908 3640 4948 una

2423 5062 2468 5094 δ’
2505 5059 2660 5115 Joan.
2699 5074 2864 5123 amri,
2900 5055 2988 5110 25.
3094 5055 3140 5085 '°
3179 5052 3326 5109 Psal.
3360 5067 3549 5117 xxzm,
3584 5050 3637 5107 8.

2152 5288 2264 5357 (54)
2290 5288 2421 5356 Reg.
2446 5286 2653 5357 primus
2673 5283 2829 5357 ἀξίαν
2851 5281 3327 5357 καθυϐριζόμενος,
3351 5279 3645 5357 Aliquanto

2082 5349 2211 5437 post
2240 5349 2396 5411 ἴϐειιῖ
2434 5349 2606 5410 codex
2644 5353 2872 5407 ἐλεεινὸν
2920 5349 3162 5424 ἥγησαι.’
3192 5354 3324 5424 Reg.
3368 5349 3646 5407 secundus

2153 5445 2235 5479 ου.

2078 5431 2264 5566 ἡγῗέδ)
2293 5495 2428 5551 Tres
2456 5497 2645 5550 saltem
2690 5494 2896 5566 antiqui
2926 5493 3048 5548 libri
3090 5492 3187 5561 τῆς
3220 5490 3465 5566 σεαυτοῦ.
3502 5488 3645 5566 Editi

2080 5575 2134 5620 et
2161 5561 2295 5633 'lie'g.
2331 5567 2524 5621 tertius
2556 5563 2767 5617 ἑαυτοῦ.
2791 5564 2911 5618 Mox
2940 5580 3084 5619 unus
3111 5578 3213 5616 ms.
3240 5561 3448 5633 Παῦσαι
3468 5561 3645 5633 τοίνυν

2081 5637 2206 5689 ἀπό.
2246 5629 2448 5689 ibidem
2474 5636 2627 5690 Colb.
2658 5635 2850 5689 tertius
2880 5635 2971 5687 καὶ
3002 5634 3378 5701 ὲγκατάλειπε.
3405 5629 3647 5701 Subinde.

2086 5708 2223 5791 idem
2257 5706 2442 5788 ,φθόαι
2490 5715 2542 5761 et
2592 5704 2724 5776 Reg.
2762 5706 2970 5775 primus
3019 5698 3540 5773 ἀποκαλυπτομένης
3587 5698 3653 5765 QE

2080 5792 2340 5848 ουρανων.
