4036 6236
289 302 395 359 375

1641 312 1698 370 S.
1739 314 1825 370 BA
1835 314 1984 371 SlLll
2016 316 2233 373 HAGNI

3445 326 3552 385 376

288 420 440 493 poris
471 429 564 477 aut
584 424 795 491 “robur,
824 433 880 481 ct
928 428 1125 483 bonam
1157 429 1532 487 habitudinem
1557 442 1682 503 post
1716 450 1857 489 mor-

1967 434 2158 506 ρώμην
2188 436 2284 489 καὶ
2322 435 2422 507 τὴν
2454 436 2667 503 εὐεξίαν
2702 437 2840 507 μετά
2877 438 2975 502 τάς
3002 439 3189 503 νόσους
3216 441 3427 496 ἐπαινεῖ
3456 446 3554 500 καὶ

290 514 391 569 bos
420 513 606 569 laudat
645 524 699 571 et
738 519 967 573 extollit.
1014 519 1081 574 Et
1131 521 1187 575 in
1239 535 1485 587 summa,
1514 537 1706 577 eorum
1738 539 1862 594 qua:

287 614 605 677 suppetunt,
642 609 899 666 inimicus
925 620 1043 678 est;
1069 629 1261 668 eorum
1300 628 1422 684 quae
1452 616 1684 685 periere,
1718 616 1861 670 ami.

288 711 411 753 cus.

356 811 411 866 5.
450 809 592 877 Quid
652 813 820 883 igitur
856 814 961 869 hac
1004 817 1093 872 lue
1139 820 1428 875 exitiosius
1477 827 1601 877 esse
1654 822 1866 890 p'ossn?

287 899 607 974 Corruptela
629 906 775 969 vitaz,
794 908 1066 976 pernicies
1096 923 1324 975 naturae,
1356 927 1544 967 eorum
1562 928 1683 983 quae
1705 912 1864 969 nobis

286 1006 320 1045 a
342 990 451 1049 Deo
477 993 605 1048 data
634 1006 762 1051 sunt
788 997 1055 1054 bonorum
1078 1002 1287 1068 odium,
1308 1004 1539 1062 adversa
1563 1004 1674 1062 Deo
1706 1007 1858 1062 indo-

288 1084 392 1141 les.
422 1083 567 1152 Quid
598 1088 867 1144 malorum
902 1102 1181 1149 auctorem
1210 1094 1513 1154 dmmonem
1563 1098 1631 1153 ad
1659 1099 1863 1155 bellum

287 1175 555 1234 adversus
572 1177 821 1237 homines
850 1188 1006 1239 tanto
1038 1199 1164 1241 cum
1195 1185 1380 1243 furore
1400 1188 1863 1260 impulit?Nonne

287 1266 533 1323 invidia?
554 1282 653 1340 per
683 1287 848 1343 quam
872 1280 1076 1331 etcum
1124 1275 1236 1333 Deo
1268 1279 1388 1350 ipso
1412 1296 1658 1350 pugnare
1682 1282 1862 1352 palam

285 1355 664 1429 deprehensus
714 1372 819 1420 est.
856 1364 962 1432 Qui
1019 1365 1268 1426 infensus
1310 1371 1531 1441 quidem
1586 1370 1697 1427 Deo
1745 1381 1863 1428 erat

288 1458 514 1520 propter
542 1452 973 1511 munificentiam
1011 1473 1141 1530 erga
1195 1459 1469 1517 hominem
1505 1482 1518 1519 :
1552 1462 1648 1519 sed
1684 1464 1863 1518 homi-

288 1553 435 1602 nem,
476 1555 602 1595 cum
631 1541 801 1599 Deum
848 1562 958 1601 non
988 1557 1195 1617 posset,
1231 1550 1625 1607 ulciscebatur.
1661 1551 1861 1608 Eadem

287 1635 341 1683 ct
363 1628 494 1683 (Iain
524 1630 719 1689 fecisse
740 1634 1077 1705 perhibetur,
1102 1639 1313 1708 primus
1347 1641 1437 1695 ille
1464 1641 1665 1698 diaboli
1696 1644 1862 1701 disci-

287 1721 470 1791 pulus,
493 1723 720 1782 edoctus
759 1728 829 1783 ab
852 1728 972 1798 ipso
1000 1738 1055 1785 et
1101 1731 1363 1787 invidiam
1396 1742 1450 1789 et
1485 1735 1709 1802 caedem,
1739 1755 1860 1808 ger-

1969 526 2193 599 ἐξαίρει.
2246 528 2356 581 Καὶ
2378 527 2536 591 ὅλως,
2580 528 2774 599 ἐχθρὸς
2810 530 2910 599 μέν
2938 532 3053 583 ἐστι
3094 531 3204 585 τῶν
3242 535 3551 605 παρόντων,

1968 620 2118 688 φίλος
2141 619 2199 672 δέ
2224 619 2335 672 τῶν
2360 620 2769 691 ἀπολλυμένων.

2037 822 2091 877 5.
2110 821 2175 874 Τί
2193 820 2259 876 ἂν
2286 816 2378 877 οὗν
2397 822 2608 892 γένοιτο
2626 824 2725 891 τῆς
2740 823 2895 877 νόσου
2913 825 3112 896 ταύτης
3130 824 3513 898 όλεθριώτερον
3531 845 3549 894 ;

1963 914 2143 985 Φθορά
2171 915 2271 987 τῆς
2296 915 2460 986 ζωῆς,
2486 914 2629 987 λύμη
2654 916 2765 985 τῆς
2792 915 3027 985 φύσεως,
3060 916 3227 987 ἔχθρα
3259 916 3365 970 τῶν
3396 919 3550 990 παρὰ

1964 1005 2099 1059 Θεοῦ
2126 1006 2421 1075 δεδομένων
2444 1008 2596 1078 ἡμῖν,
2642 1007 2955 1070 ἐναντίωσις
2983 1007 3121 1080 πρὸς
3152 1008 3305 1065 Θεόν.
3352 1010 3416 1062 Τί
3458 1010 3551 1063 τὸν

1965 1096 2273 1169 ἀρχέκακον
2305 1095 2533 1167 δαίμονα
2561 1098 2640 1161 είς
2684 1098 2778 1150 τὸν
2811 1097 2950 1151 κατά
2982 1097 3286 1169 ἀνθρώπων
3317 1097 3548 1169 ἐξέμηνε

1966 1188 2228 1259 πόλεμον;
2251 1189 2363 1259 Οὐχ
2390 1190 2418 1242 ὁ
2440 1187 2665 1257 φθόνος;
2692 1187 2759 1241 δι’
2789 1183 2849 1243 οὗ
2888 1190 2982 1243 καὶ
3008 1189 3274 1260 θεομάχος
3300 1191 3551 1261 φανερῶς

1964 1281 2305 1357 ἀπηλέγχθη,
2332 1281 2630 1353 ἀχθόμενος
2664 1281 2762 1351 μὲν
2790 1280 2909 1351 Θεῷ
2946 1281 3039 1334 sui.
3065 1284 3130 1353 τῇ
3167 1281 3548 1353 μεγαλοδωρεᾷ

1963 1374 2029 1443 τῇ
2058 1374 2138 1435 είς
2170 1373 2259 1425 τὸν
2305 1373 2611 1444 ἄνθρωπον,
2651 1373 2742 1425 τὸν
2784 1370 3068 1444 ἄνθρωπον
3099 1373 3156 1425 δὲ
3187 1373 3546 1443 ἀμυνόμενος,

1964 1462 2151 1533 ἐπειδὴ
2178 1461 2311 1515 Θεὸν
2342 1464 2442 1517 οὐκ
2476 1462 2723 1533 ἠδύνατο.
2774 1462 2855 1516 Τά
2905 1462 3047 1517 αὐτά
3088 1464 3145 1516 δὲ
3182 1463 3356 1517 ταῦτα
3380 1463 3549 1517 ποιῶν

1964 1551 2059 1604 καὶ
2084 1551 2113 1602 ὁ
2150 1551 2290 1604 Κάῖν
2314 1552 2608 1617 δείκνυται,
2641 1554 2669 1604 ὁ
2697 1551 2913 1624 πρῶτος
2949 1554 3194 1625 μαθητὴς
3230 1554 3323 1608 τοῦ
3368 1554 3550 1609 διαδό-

1964 1642 2077 1705 λου,
2105 1642 2199 1696 καὶ
2228 1641 2420 1710 φθόνον
2448 1644 2543 1697 καὶ⁸
2571 1644 2730 1713 φόνον
2760 1646 2892 1715 παρ’
2920 1644 3084 1698 αὐτοῦ
3126 1644 3415 1715 διδαχθεὶς,
3447 1645 3547 1709 τὰς

1965 1733 2196 1802 ἀδελφὰς
2220 1734 2493 1803 ἀνομίας,
2523 1736 2589 1799 ἃς
2610 1735 2707 1788 καὶ
2731 1734 2940 1799 Παῦλος
2969 1736 3309 1802 συνέζευξεν,
3335 1736 3505 1792 εἰπών
3527 1755 3541 1768 ·

286 1829 448 1867 mana
477 1817 706 1883 scelera,
745 1833 866 1888 qua
891 1830 945 1875 et
975 1821 1177 1879 Paulus
1197 1825 1486 1895 conjunxit
1517 1828 1603 1885 his
1633 1832 1816 1887 verbis
1844 1852 1857 1887 :

1964 1825 2237 1891 Μεστσὺς
2268 1828 2515 1895 φθόνου,
2562 1828 2773 1896 φόνου.
2819 1828 2885 1879 Τί
2928 1824 3020 1881 οὖν
3066 1825 3135 1899 ἦν
3182 1829 3211 1881 δ
3254 1829 3543 1899 ὲποίησεν;
3626 1848 3629 1849 ν

285 1902 479 1962 Plenas
523 1909 742 1974 invidia,
773 1912 1053 1970 homicidio
1082 1916 1151 1973 “.
1185 1917 1327 1985 Quid
1361 1920 1529 1991 igitur
1557 1933 1676 1978 erat
1716 1926 1863 1994 quod

285 1995 447 2052 fecit?
475 1997 625 2054 Vidit
672 2002 914 2058 delatum
966 2021 998 2060 a
1047 2006 1159 2063 Deo
1212 2011 1512 2078 honorem,
1547 2023 1602 2069 et
1659 2018 1864 2073 exarsit

283 2092 654 2159 annulatione,
682 2095 993 2168 occiditque
1028 2099 1375 2168 honoratum,
1413 2104 1774 2161 honorantem
1802 2114 1863 2163 ut

284 2183 695 2255 perstringeret.
736 2185 872 2241 Nam
910 2205 1035 2244 cum
1080 2191 1371 2251 imbecillis
1405 2204 1551 2253 esset
1590 2198 1658 2253 ad
1690 2198 1862 2255 Deum

283 2273 731 2345 impugnandum,
758 2278 813 2333 in
844 2278 1135 2337 fraternam
1165 2285 1365 2343 caedem
1397 2288 1638 2344 animum
1681 2298 1863 2348 trans-

281 2365 434 2452 tulit.
485 2363 808 2439 Fugiamus,
838 2370 1058 2438 fratres,
1093 2375 1473 2446 aagritudinem
1507 2381 1628 2451 ejus
1659 2398 1780 2452 qua:
1803 2384 1860 2438 in

279 2451 456 2541 peum
485 2456 546 2510 fit
579 2473 773 2529 pugnae
800 2462 1139 2533 magistram,
1170 2464 1453 2522 homicidii
1478 2451 1727 2536 matrem,
1763 2488 1860 2527 na-

281 2550 419 2599 tura:
468 2545 885 2614 confusionem,
944 2552 1371 2609 necessitudinis
1426 2554 1856 2625 ignorationem,

282 2634 587 2691 molestiam
608 2638 1082 2697 absurdissimam.
1114 2642 1225 2698 Cur
1254 2644 1552 2715 alﬂictaris,
1585 2649 1748 2704 homo
1774 2651 1860 2704 ni-

282 2725 361 2783 hil
395 2741 559 2797 grave
591 2733 828 2798 passus?
853 2734 985 2803 quid
1017 2734 1160 2790 bello
1201 2737 1343 2806 petis
1393 2736 1663 2795 fruentem
1699 2741 1859 2797 bonis

282 2814 576 2886 aliquibus,
632 2818 879 2891 nihilque
911 2822 979 2878 de
1007 2822 1117 2879 tuis
1166 2824 1622 2883 imminuentem?
1651 2828 1857 2896 Quodsi

280 2908 368 2962 vel
400 2909 682 2967 beneficiis
703 2911 931 2970 affectus
957 2915 1281 2987 indignaris,
1310 2935 1493 2975 nonne
1526 2923 1703 2991 palam
1747 2924 1857 2979 tuis

279 2998 400 3069 ipse
429 3002 731 3059 commodis
777 3004 885 3077 93
920 3006 1170 3064 invides?
1203 3008 1485 3079 Ejusmodi
1533 3011 1664 3068 Saul
1716 3024 1852 3080 erat,

280 3091 371 3146 cui
419 3092 806 3150 beneﬁciorum
867 3099 1188 3169 magnitudo
1235 3102 1438 3159 bellum
1479 3103 1669 3163 Davidi
1718 3108 1853 3163 infe-

281 3181 434 3237 rendi
462 3197 594 3239 ansa
616 3194 816 3243 eratet
864 3190 1036 3260 origo.
1072 3190 1314 3249 Primum
1368 3197 1586 3266 quidem
1614 3200 1857 3254 modula-

281 3273 495 3328 tissima
543 3274 636 3329 illa
669 3291 733 3331 ac
780 3276 963 3332 divina
991 3282 1197 3337 musica
1225 3271 1292 3337 ab
1320 3283 1536 3340 insania
1563 3287 1852 3355 liberatus,

279 3365 583 3420 conabatur
617 3368 825 3438 accepti
864 3369 1111 3426 beneficii
1141 3383 1419 3430 auctorem
1446 3376 1606 3433 hasta
1639 3381 1855 3435 transfi-

282 3468 428 3522 gere.
478 3454 683 3512 Deinde
735 3473 845 3512 una
887 3474 1011 3514 cum
1058 3461 1179 3531 ipso
1216 3468 1461 3521 exercitu
1499 3483 1567 3523 ex
1615 3469 1854 3525 hostium

282 3542 535 3599 manibus
573 3544 862 3602 incolumis
881 3556 1126 3619 ereptus,
1154 3560 1209 3605 et
1236 3566 1303 3607 eo
1332 3554 1428 3624 qui
1459 3569 1490 3608 a
1521 3554 1738 3611 Goliath
1772 3559 1857 3613 in-

281 3633 543 3689 urebatur
566 3635 832 3694 dedecore
863 3639 1147 3705 liberatus,
1181 3658 1307 3721 cum
1335 3650 1520 3701 tamen
1546 3648 1854 3705 saltatriccs

280 3727 528 3797 quaedam
561 3727 947 3801 decemplicem
973 3742 1182 3803 partem
1215 3751 1396 3791 rerum
1430 3749 1708 3806 gestarum
1750 3742 1855 3795 Da-

279 3817 392 3872 vidi
418 3819 471 3874 in
489 3820 743 3891 epiniciis
773 3824 1096 3891 tribuerent,
1130 3837 1416 3893 canentes,
1441 3830 1719 3889 Percussit
1748 3834 1850 3890 Da-

280 3907 368 3961 vid
391 3910 444 3963 in
463 3910 638 3966 decem
665 3912 918 3980 millibus,
951 3924 1002 3970 et
1037 3915 1172 3972 Saul
1201 3920 1257 3973 in
1285 3920 1519 3975 millibus
1556 3924 1666 3978 suis
1691 3924 1760 3990 ⁸⁸,
1784 3927 1855 3980 ob

279 4014 443 4055 unam
474 4001 616 4059 hanc
648 4020 859 4071 vocem,
895 4014 952 4062 et
979 4009 1051 4065 ob
1079 4009 1351 4065 redditum
1380 4013 1448 4067 ab
1477 4014 1594 4083 ipsa
1625 4017 1855 4072 veritate

277 4094 675 4158 testimonium,
717 4100 954 4168 primum
993 4116 1094 4156 sua
1140 4117 1263 4157 eum
1300 4119 1467 4159 manu
1517 4106 1849 4171 interimere,

279 4195 446 4257 atque
467 4188 684 4244 insidiis
706 4190 773 4246 de
803 4191 984 4248 medio
1016 4194 1209 4250 tollere
1232 4209 1489 4265 agressus
1516 4208 1631 4252 est:
1659 4200 1854 4255 exinde

277 4278 483 4335 Davide
533 4282 588 4337 in
639 4282 821 4355 fugam
867 4295 1011 4351 acto,
1044 4304 1114 4343 ne
1158 4289 1237 4344 sic
1267 4291 1487 4360 quidem
1519 4292 1649 4346 odio
1690 4293 1852 4348 linem

277 4374 559 4443 imposuit,
591 4374 688 4431 sed
738 4384 1074 4447 postremum
1128 4382 1476 4451 expeditione
1505 4398 1630 4438 cum
1674 4385 1852 4441 tribus

1963 1910 2083 1967 Εἷδε
2107 1913 2207 1985 τὴν
2238 1913 2389 1985 παρά
2411 1914 2545 1968 Θεοῦ
2567 1915 2754 1986 τιμὴν,
2784 1915 2879 1967 καὶ
2901 1914 3167 1986 ἐξεκαύθη
3195 1916 3333 1986 πρὸς
3362 1914 3544 1986 ζῆλον,

1960 2000 2055 2053 καὶ
2084 1999 2259 2052 ἀνεῖλε
2298 2000 2388 2053 τὸν
2435 2000 2753 2072 τιμηθέντα,
2793 2001 2881 2053 ἴνα
2917 2000 3229 2073 καθάψηται
3258 2001 3353 2055 τοῦ
3379 2004 3546 2074 τιμή-

1963 2105 2172 2153 σαντος.
2199 2090 2343 2161 Πρὸς
2369 2089 2478 2161 γὰρ
2502 2090 2603 2161 τὴν
2633 2090 2930 2161 θεομαχίαν
2959 2090 3254 2155 ἀδυνατῶν,
3279 2093 3360 2155 είς
3394 2091 3548 2145 ἀδελ-

1961 2181 2249 2249 φοκτονίαν
2306 2182 2593 2249 μετέπεσε.
2635 2182 2924 2252 Φύγωμεν,
2965 2182 3202 2251 ἀδελφοὶ,
3247 2184 3400 2238 νόσον
3428 2184 3548 2238 θεο-

1963 2271 2165 2342 μαχίας
2212 2271 2551 2338 διδάσκαλον,
2596 2273 2949 2345 ἀνδροφονίας
2998 2274 3241 2346 μητέρα,
3286 2276 3545 2346 σύγχυσιν

1960 2362 2193 2430 φύσεως,
2217 2363 2551 2435 οἰκειότητος
2583 2364 2826 2434 ἄγνοιαν,
2859 2365 3143 2438 συμφορὰν
3172 2367 3541 2437 ἀλογωτάτην.

1960 2451 2028 2506 Τί
2052 2453 2219 2525 λυπῇ,
2252 2454 2527 2526 ἄνθρωπε,
2563 2456 2728 2527 μηδὲν
2773 2455 2945 2510 δεινδν
2994 2457 3311 2523 πεπονθὼς;
3353 2458 3403 2511 τί
3447 2476 3545 2512 πο-

1958 2541 2145 2613 λεμεῖς
2190 2542 2269 2614 τῷ
2315 2546 2373 2597 ἐν
2422 2543 2648 2613 ἀγαθοῖς
2706 2543 2817 2615 (46)
2863 2561 3006 2598 τισιν
3054 2544 3189 2607 δντι,
3227 2545 3393 2615 μηδὲν
3436 2545 3543 2597 τῶν

1960 2633 2070 2688 σῶν
2110 2633 2509 2701 ἐλαττώσαντις
2552 2635 2679 2689 Ἐἀν
2733 2637 2790 2690 δὲ
2831 2636 2895 2708 δὴ
2946 2636 3041 2690 καὶ
3091 2635 3543 2708 εὐεργετούμενος

1959 2726 2292 2799 ἀγανακτῇς,
2324 2727 2425 2780 οὐκ
2447 2728 2706 2799 ἄντικρυς
2760 2728 2861 2799 τῆς
2903 2727 3098 2782 ἑαυτοῦ
3139 2729 3406 2797 ὠφελείας
3444 2727 3542 2798 βα·-

1959 2817 2233 2883 σκαίνεις;
2274 2818 2484 2883 Ὀποῖος
2532 2814 2601 2890 ἦν
2647 2822 2677 2873 ὁ
2723 2819 2915 2884 Σαοὺλ,
2960 2820 3020 2884 δς
3065 2819 3173 2873 τῶν
3211 2820 3541 2893 εὐεργεσιῶν

1956 2909 2055 2973 τὰς
2082 2911 2387 2982 ὑπερϐολὰς
2430 2911 2684 2983 ἀφορμὴν
2728 2912 2823 2965 τοῦ
2871 2912 3111 2984 πολέμου
3147 2912 3242 2966 τοῦ
3281 2913 3419 2985 πρὸς
3449 2913 3545 2967 τὸν

1957 3002 2121 3055 Δαὸὶδ
2152 3003 2464 3073 ἐποιήσατο.
2502 3003 2726 3074 Πρῶτον
2777 3003 2876 3075 μὲν
2903 3004 3032 3075 γὰρ,
3078 3008 3144 3075 τῇ
3188 3006 3542 3077 παναρμονίῳ

1958 3093 2143 3166 ἐκείνῃ
2191 3095 2287 3148 καὶ
2335 3094 2456 3166 θείᾳ
2508 3098 2740 3167 μουσικῇ
2792 3095 2894 3165 τῆς
2948 3096 3144 3167 μανίας
3184 3097 3542 3166 ἀπαλλαγεὶς,

1957 3187 2215 3258 ἐπειρᾶτο
2254 3187 2437 3258 δόρατι
2493 3187 2766 3260 διαπεῖραι
2818 3188 2910 3241 τὸν
2968 3189 3295 3263 εὐεργέτηνο
3351 3189 3542 3245 ἔπειτα

1960 3278 2056 3330 σὺν
2082 3277 2228 3349 αὐτῷ
2268 3278 2345 3349 τῷ
2385 3278 2599 3350 στρατῷ
2626 3281 2690 3332 ἐκ
2719 3278 2830 3332 τῶν
2884 3279 3157 3351 πολεμίων
3189 3281 3539 3353 περισωθεὶς,

1955 3369 2051 3421 καὶ¹
2090 3369 2189 3439 τῆς
2237 3368 2331 3421 ἐπὶ
2368 3368 2446 3439 τῷ
2486 3370 2597 3439 (47)
2633 3368 2824 3422 Γολιάθ
2864 3371 3128 3443 αἰσχύνης
3183 3373 3538 3443 ἀπαλλαγεὶς,

1954 3458 2106 3529 ὅμως
2136 3458 2321 3530 ἐπειδὴ
2360 3462 2418 3512 ἐν
2458 3463 2568 3522 τοῖς
2599 3460 2885 3523 ἐπινικίοις
2927 3461 2988 3514 τὸ
3037 3462 3401 3517 δεκαπλάσιον
3438 3464 3541 3533 τῆς

1954 3549 2062 3602 τῶν
2095 3550 2417 3621 συμϐάντων
2442 3551 2619 3614 αἰτίας
2655 3551 2735 3621 τῷ
2781 3552 2945 3605 Δαϐιδ
2976 3553 3237 3607 ἀνέθεσαν
3267 3556 3323 3607 αἱ
3350 3554 3539 3624 χορεύ-

1954 3657 2131 3695 ουσαν
2167 3640 2458 3705 Ἐπάταξε
2487 3642 2666 3695 Δαϐὶδ
2699 3643 2770 3697 ἐν
2795 3644 3068 3711 μιιοιάσι,
3100 3645 3199 3698 καὶ
3236 3646 3436 3700 Σαοὺλ
3468 3646 3541 3699 ὲν

1955 3730 2223 3800 χιλιάσιν
2253 3732 2471 3786 αὐτοῦ’
2511 3732 2601 3785 διά
2648 3734 2775 3803 μίαν
2820 3734 3025 3806 ταύτην
3063 3737 3279 3807 φωνὴν,
3310 3739 3402 3789 καὶ
3439 3738 3540 3806 τὴν

1956 3823 2016 3889 ἐξ
2043 3824 2215 3893 αὐτῆς
2249 3824 2349 3894 τῆς
2377 3823 2634 3894 ἀληθείας
2667 3824 2985 3897 ὑπάρξασαν
3030 3826 3356 3898 μαρτυρίαν,
3389 3824 3537 3896 πρῶ-

1954 3931 2046 3968 τον
2081 3915 2336 3988 αὐτόχειρ
2365 3915 2639 3983 γενέσθαι,
2683 3915 2775 3969 καὶ
2821 3916 2880 3981 ἐξ
2924 3916 3145 3989 ἐνέδρας
3194 3916 3403 3971 ἀνελεῖν
3440 3919 3538 3968 ἐπ-

1955 4005 2239 4076 εχείρησεν
2264 4022 2277 4036 ’
2310 4002 2429 4058 εἶτα
2467 4006 2679 4074 φυγάδα
2718 4008 3091 4078 καταστήσας,
3121 4007 3243 4060 οὐδὲ
3266 4007 3409 4060 οὕτω
3435 4008 3536 4077 τὴν

1953 4091 2154 4163 ἔχθραν
2194 4090 2443 4165 ἔστησεν,
2486 4093 2622 4147 ἀλλά
2663 4094 2725 4146 τὸ
2778 4094 3084 4149 τελευταῖον
3137 4094 3538 4167 ἐκστρατεύσας

1950 4186 2041 4237 ἐπ’
2081 4185 2244 4238 αὐτὸν
2274 4184 2389 4257 (48)
2429 4185 2747 4257 τρισχιλίοις
2784 4186 2996 4255 λογάσι,
3042 4185 3142 4251 τὰς
3184 4186 3421 4258 ἐρημίας
3458 4185 3536 4237 δι-

1955 4278 2242 4346 ηρευνᾶτο.
2267 4277 2331 4329 Εἰ
2364 4276 2421 4328 δέ
2452 4277 2710 4347 ἠρωτήθη
2737 4277 2830 4330 τοῦ
2860 4277 3098 4347 πολέμου
3124 4277 3223 4349 τὴν
3245 4277 3535 4348 πρόφασιν,

1954 4361 2107 4419 εἶπεν
2125 4366 2191 4420 ἂν
2230 4367 2446 4429 πάντως
2460 4366 2559 4430 τὰς
2582 4366 2675 4419 τοῦ
2701 4368 2895 4439 ἀνδρὸς
2909 4368 3174 4431 εὐποιίας.
3196 4369 3295 4432 Ὃς
3310 4385 3376 4437 γε
3403 4370 3535 4439 παρ’

275 4462 576 4519 electorum
607 4467 848 4523 millibus
872 4470 1133 4526 adversus
1163 4472 1315 4526 illum
1334 4483 1613 4544 suscepta,
1634 4475 1848 4531 deserta

1961 4459 2116 4512 αὐτὸν
2132 4459 2222 4512 τὸν
2250 4457 2439 4529 καιρὸν
2465 4458 2564 4527 τῆς
2587 4457 2821 4523 διώξεως
2840 4459 3116 4513 καθεύδων
3141 4460 3533 4532 καταληφθεὶς,

275 4554 398 4611 loca
420 4559 868 4627 pet-scrutabatur
897 4561 962 4614 ".
1006 4562 1211 4628 Quodsi
1243 4563 1436 4620 fuisset
1460 4565 1588 4622 belli
1623 4582 1848 4622 causam

1961 4549 2170 4619 ἕτοιμος
2202 4549 2282 4611 είς
2299 4546 2512 4617 σφαγὴν
2540 4548 2902 4618 προκείμενος
2928 4548 3005 4619 τῷ
3020 4548 3220 4619 ἐχθρῷ,
3245 4549 3340 4602 καὶ
3372 4548 3534 4602 πάλιν

278 4643 666 4715 interrogatus,
702 4649 1078 4718 respondisset
1120 4652 1281 4721 plane
1334 4653 1433 4707 viri
1479 4669 1604 4709 esse
1644 4655 1849 4710 benefi-

1961 4638 2277 4710 περισωθεὶς
2288 4638 2394 4691 ὑπὸ
2405 4638 2496 4691 τοῦ
2511 4638 2740 4702 δικαίου,
2764 4640 3063 4707 ἐπαγαγεῖν
3078 4639 3226 4709 αὐτῴ
3237 4641 3334 4703 τὰς
3347 4642 3533 4711 χεῖρας

275 4735 531 4792 centiam.
570 4735 665 4792 llle
723 4740 934 4795 scilicet
989 4742 1109 4812 ipso
1152 4745 1554 4812 persecutionis
1600 4755 1848 4818 tempore

1961 4729 2470 4801 φυλαξαμένου,οῶ’
2485 4730 2590 4783 ὐπὸ
2601 4730 2801 4800 ταύτης
2814 4732 2916 4803 τῆς
2927 4734 3242 4804 εὐεργεσίας
3252 4735 3530 4806 ἐκάμφθη·

273 4840 398 4880 cum
429 4826 706 4883 dormiens
751 4829 1125 4899 deprehensus
1177 4832 1409 4899 fuisset,
1442 4844 1740 4906 possetque
1778 4838 1848 4893 ab

1961 4820 2090 4875 ἀλλά
2113 4820 2207 4875 καὶ
2237 4820 2398 4874 πάλιν
2416 4822 2815 4892 ἐστρατολόγει,
2842 4824 2938 4877 καὶ
2961 4825 3125 4879 πάλιν
3140 4826 3379 4880 ἐδίωκεν·
3404 4827 3531 4891 ἕως,

273 4917 431 4985 lioste
455 4916 614 4976 facile
634 4919 835 4985 occidi,
860 4929 914 4977 et
946 4935 1070 4976 cum
1102 4923 1297 4977 iterum
1335 4938 1365 4978 a
1413 4924 1567 4993 justo
1593 4927 1685 4995 qui
1721 4927 1850 4997 inji-

1961 4913 2049 4966 καὶ
2079 4911 2330 4984 δεύτερον
2369 4913 2530 4977 ἀλοὺς
2562 4912 2669 4966 ὑπὸ
2694 4912 2787 4966 τοῦ
2838 4916 3003 4969 αὐτοῦ
3048 4917 3106 4969 ἐν
3144 4916 3224 4986 τῷ
3259 4917 3531 4987 σπηλαίῳ,

272 5024 398 5066 rere
430 5011 484 5065 in
518 5026 643 5066 eum
680 5028 874 5068 manus
899 5013 1140 5077 nolebat,
1176 5021 1430 5070 servatus
1455 5022 1604 5071 esset
1633 5016 1848 5070 incolu-

1961 5003 2048 5057 τοῦ
2085 5004 2185 5075 μὲν
2225 5004 2325 5075 τὴν
2361 5005 2563 5077 ἀρετὴν
2594 5004 2976 5077 λαμπροτέραν
3008 5008 3306 5074 ἀπέδειξεν,
3338 5008 3532 5061 ἑαυτοῦ

272 5102 378 5158 mis
404 5100 475 5166 ⁸⁷,
506 5116 852 5172 nequaquam
885 5102 1057 5158 flexus
1076 5111 1161 5159 est
1193 5104 1298 5159 hoc
1322 5104 1589 5160 beneﬂcio
1621 5125 1634 5160 :
1664 5106 1758 5163 sed
1792 5115 1847 5162 et

1961 5097 2011 5150 δὲ
2042 5097 2140 5167 τὴν
2166 5096 2432 5168 πονηρίαν
2482 5099 2960 5167 καταφανεστέραν
2992 5099 3234 5171 ἐποίησε.
3260 5104 3535 5171 Δυσμετα-

273 5205 466 5247 rnrsus
495 5192 786 5262 colligebat
812 5195 1206 5261 exercitum,et
1227 5210 1431 5251 rursus
1472 5196 1626 5249 illum
1660 5211 1846 5265 perse-

1961 5190 2353 5260 χειριστότατον
2403 5187 2600 5259 ἔχθρας
2633 5185 2769 5252 εἶδος
2806 5191 2835 5242 ό
2874 5190 3084 5259 φθόνος.
3118 5193 3255 5255 Τοὺς
3299 5193 3397 5263 μὲν
3424 5191 3533 5261 γὰρ

268 5281 563 5352 quebatur,
608 5282 792 5352 quoad
819 5283 1016 5337 iterum
1052 5284 1121 5337 ab
1151 5284 1342 5340 eodem
1376 5286 1432 5339 in
1458 5284 1722 5355 spelunca
1762 5285 1845 5339 in-

1961 5279 2127 5343 ἄλλως
2164 5279 2446 5350 δυσμενεῖς
2485 5280 2867 5351 ἡμερωτέρους
2903 5282 3148 5336 ποιοῦσιν
3175 5285 3232 5337 αί
3256 5282 3528 5337 εὐποιίαι·

343 5458 393 5493 ⁸⁸
429 5456 587 5515 Rom.
628 5473 678 5525 ι,
715 5458 803 5515 29.
880 5461 927 5490 "
967 5459 985 5513 l
1018 5459 1149 5531 Reg.
1187 5477 1350 5529 xvm,
1389 5461 1439 5514 7.
1515 5462 1561 5493 ⁸⁴
1603 5459 1621 5513 l
1658 5461 1787 5532 Reg.
1826 5478 1857 5515 ι

1961 5505 1975 5531 ,
2012 5463 2065 5516 3.
2143 5464 2186 5493 ⁸⁷
2227 5461 2247 5515 l
2283 5461 2413 5533 Reg.
2452 5479 2605 5527 nm,
2644 5463 2698 5521 7.

2027 5618 2138 5687 (47)
2170 5617 2304 5689 Reg.
2339 5617 2549 5687 primus
2581 5619 2675 5672 καὶ
2702 5617 2802 5686 τῆς
2830 5619 2923 5670 ἐπὶ
2948 5615 3068 5689 τού1
3363 5687 3369 5689 _
3534 5664 3541 5671 .

2028 5689 2137 5756 (48)
2170 5687 2347 5743 Editio
2368 5696 2611 5759 utraque
2650 5689 2769 5741 κατ’
2807 5687 2992 5741 αὐτοῦ.
3028 5687 3247 5745 Veteres
3280 5687 3525 5759 quinque

1968 5758 2094 5813 libri
2128 5760 2212 5809 ἐπ’
2247 5758 2430 5824 αὐτόν,
2457 5760 2642 5815 eadem
2668 5759 2824 5829 plane
2860 5759 3144 5813 sententia.

338 5614 449 5685 (46)
482 5613 635 5669 Colb.
668 5614 861 5668 tertius
892 5612 984 5685 τῷ
1018 5615 1101 5667 ἐπ’
1128 5616 1375 5684 ἀγαθοῖς.
1407 5616 1530 5673 Mox
1557 5617 1711 5674 "mss.
1741 5619 1845 5673 ali-

266 5683 401 5756 quot
435 5686 814 5758 ἀγανακτῇς...
854 5683 1185 5758 τῇς-ἑαυτοῦ
1220 5687 1503 5756 ὠφελείας.
1538 5688 1679 5744 Editi
1713 5692 1848 5758 ἀγα-

269 5754 559 5820 νακτεῖς...
592 5757 658 5826 τῇ
693 5754 918 5807 σεαυτοῦ
953 5754 1204 5825 ὠφελείᾳ.
