  <div class='ocr_page' id='page_1' title='image "/cluster/home/n/w/nwhite01/storage/ocr_20150623/31/mdp.39015012934363/198.png"; bbox 0 0 4036 6236; ppageno 0'>
   <div class='ocr_carea' id='block_1_1' title="bbox 241 304 1838 395">
    <p class='ocr_par' dir='ltr' id='par_1_1' title="bbox 241 322 1832 395">
     <span class='ocr_line' id='line_1_1' title="bbox 241 322 1832 395; baseline -0.011 -1"><span class='ocrx_word' id='word_1_1' title='bbox 241 338 331 395; x_wconf 73' lang='lat'><strong>377</strong></span> <span class='ocrx_word' id='word_1_2' title='bbox 1545 322 1832 382; x_wconf 69' lang='lat' dir='ltr'><strong>HOMILIA</strong></span> 
     </span>
    </p>
   </div>
   <div class='ocr_carea' id='block_1_2' title="bbox 1942 304 2291 395">
    <p class='ocr_par' dir='ltr' id='par_1_2' title="bbox 1942 304 2291 378">
     <span class='ocr_line' id='line_1_2' title="bbox 1942 304 2291 378; baseline -0.003 -1"><span class='ocrx_word' id='word_1_3' title='bbox 1942 322 1962 377; x_wconf 75' lang='grc' dir='ltr'><strong>ι</strong></span> <span class='ocrx_word' id='word_1_4' title='bbox 1999 304 2291 378; x_wconf 69' lang='grc' dir='ltr'>ιΝγωιΑῖ</span> 
     </span>
    </p>
   </div>
   <div class='ocr_carea' id='block_1_3' title="bbox 3407 327 3571 405">
    <p class='ocr_par' dir='ltr' id='par_1_3' title="bbox 3407 327 3571 405">
     <span class='ocr_line' id='line_1_3' title="bbox 3407 327 3571 405; baseline 0.006 -24"><span class='ocrx_word' id='word_1_5' title='bbox 3407 327 3518 383; x_wconf 76' lang='lat'><strong>373</strong></span> <span class='ocrx_word' id='word_1_6' title='bbox 3567 398 3571 405; x_wconf 23' lang='lat'><em>.</em></span> 
     </span>
    </p>
   </div>
   <div class='ocr_carea' id='block_1_4' title="bbox 234 436 1838 518">
    <p class='ocr_par' dir='ltr' id='par_1_4' title="bbox 234 438 1829 518">
     <span class='ocr_line' id='line_1_4' title="bbox 234 438 1829 518; baseline -0.009 -14"><span class='ocrx_word' id='word_1_7' title='bbox 234 451 324 504; x_wconf 78' lang='grc' dir='ltr'><strong>τὸν</strong></span> <span class='ocrx_word' id='word_1_8' title='bbox 355 447 627 518; x_wconf 71' lang='grc' dir='ltr'>βάσκανον</span> <span class='ocrx_word' id='word_1_9' title='bbox 653 444 712 498; x_wconf 76' lang='grc' dir='ltr'>δὲ</span> <span class='ocrx_word' id='word_1_10' title='bbox 740 443 837 498; x_wconf 84' lang='grc' dir='ltr'><strong>καὶ</strong></span> <span class='ocrx_word' id='word_1_11' title='bbox 866 442 1117 515; x_wconf 77' lang='grc' dir='ltr'><strong>κακοήθη</strong></span> <span class='ocrx_word' id='word_1_12' title='bbox 1141 442 1202 495; x_wconf 85' lang='grc' dir='ltr'>τὺ</span> <span class='ocrx_word' id='word_1_13' title='bbox 1239 440 1416 505; x_wconf 81' lang='grc' dir='ltr'>καλῶς</span> <span class='ocrx_word' id='word_1_14' title='bbox 1451 440 1644 494; x_wconf 81' lang='grc' dir='ltr'>παθεῖν</span> <span class='ocrx_word' id='word_1_15' title='bbox 1668 438 1829 491; x_wconf 84' lang='grc' dir='ltr'>πλέον</span> 
     </span>
    </p>
   </div>
   <div class='ocr_carea' id='block_1_5' title="bbox 1942 436 3517 518">
    <p class='ocr_par' dir='ltr' id='par_1_5' title="bbox 1942 436 3517 509">
     <span class='ocr_line' id='line_1_5' title="bbox 1942 436 3517 509; baseline 0.001 -16"><span class='ocrx_word' id='word_1_16' title='bbox 1942 444 2231 508; x_wconf 70' lang='lat' dir='ltr'><strong>terceptus,</strong></span> <span class='ocrx_word' id='word_1_17' title='bbox 2253 446 2309 493; x_wconf 88' lang='lat' dir='ltr'><strong>et</strong></span> <span class='ocrx_word' id='word_1_18' title='bbox 2340 436 2461 507; x_wconf 86' lang='lat' dir='ltr'><strong>ejus</strong></span> <span class='ocrx_word' id='word_1_19' title='bbox 2496 438 2752 495; x_wconf 75' lang='lat' dir='ltr'><strong>virtutem</strong></span> <span class='ocrx_word' id='word_1_20' title='bbox 2786 438 3101 509; x_wconf 69' lang='lat' dir='ltr'><strong>praestiterit</strong></span> <span class='ocrx_word' id='word_1_21' title='bbox 3133 439 3517 508; x_wconf 74' lang='lat' dir='ltr'><strong>illustriorem,</strong></span> 
     </span>
    </p>
   </div>
   <div class='ocr_carea' id='block_1_6' title="bbox 240 529 1830 609">
    <p class='ocr_par' dir='ltr' id='par_1_6' title="bbox 240 529 1830 609">
     <span class='ocr_line' id='line_1_6' title="bbox 240 529 1830 609; baseline -0.006 -17"><span class='ocrx_word' id='word_1_22' title='bbox 240 536 612 609; x_wconf 75' lang='grc' dir='ltr'>προσερεθίςει</span> <span class='ocrx_word' id='word_1_23' title='bbox 630 554 645 566; x_wconf 64' lang='grc'><strong><em>⁸</em></strong></span> <span class='ocrx_word' id='word_1_24' title='bbox 674 536 769 588; x_wconf 81' lang='grc' dir='ltr'><strong>καὶ</strong></span> <span class='ocrx_word' id='word_1_25' title='bbox 796 535 1026 607; x_wconf 78' lang='grc' dir='ltr'>ὅσῳπερ</span> <span class='ocrx_word' id='word_1_26' title='bbox 1048 534 1114 588; x_wconf 83' lang='grc' dir='ltr'><strong>ἂν</strong></span> <span class='ocrx_word' id='word_1_27' title='bbox 1157 532 1419 605; x_wconf 78' lang='grc' dir='ltr'><strong>μειζόνων</strong></span> <span class='ocrx_word' id='word_1_28' title='bbox 1457 531 1616 604; x_wconf 78' lang='grc' dir='ltr'>τύχῃ,</span> <span class='ocrx_word' id='word_1_29' title='bbox 1648 529 1830 600; x_wconf 78' lang='grc' dir='ltr'>μειζό-</span> 
     </span>
    </p>
   </div>
   <div class='ocr_carea' id='block_1_7' title="bbox 240 623 1831 698">
    <p class='ocr_par' dir='ltr' id='par_1_7' title="bbox 240 623 1831 698">
     <span class='ocr_line' id='line_1_7' title="bbox 240 623 1831 698; baseline -0.005 -15"><span class='ocrx_word' id='word_1_30' title='bbox 240 649 338 693; x_wconf 82' lang='grc' dir='ltr'><strong>νως</strong></span> <span class='ocrx_word' id='word_1_31' title='bbox 362 631 662 698; x_wconf 83' lang='grc' dir='ltr'>ἀγανακτεί</span> <span class='ocrx_word' id='word_1_32' title='bbox 700 628 794 682; x_wconf 84' lang='grc' dir='ltr'><strong>καὶ</strong></span> <span class='ocrx_word' id='word_1_33' title='bbox 832 628 1077 681; x_wconf 80' lang='grc' dir='ltr'>ἀνιᾶται.</span> <span class='ocrx_word' id='word_1_34' title='bbox 1108 627 1203 679; x_wconf 86' lang='grc' dir='ltr'><strong>καὶ</strong></span> <span class='ocrx_word' id='word_1_35' title='bbox 1240 625 1600 697; x_wconf 86' lang='grc' dir='ltr'>δυσχεραίνει.</span> <span class='ocrx_word' id='word_1_36' title='bbox 1638 623 1831 676; x_wconf 86' lang='grc' dir='ltr'>Πλεῖον</span> 
     </span>
    </p>
   </div>
   <div class='ocr_carea' id='block_1_8' title="bbox 241 715 1832 793">
    <p class='ocr_par' dir='ltr' id='par_1_8' title="bbox 241 715 1832 793">
     <span class='ocr_line' id='line_1_8' title="bbox 241 715 1832 793; baseline -0.005 -17"><span class='ocrx_word' id='word_1_37' title='bbox 241 724 344 792; x_wconf 77' lang='grc' dir='ltr'><strong>γάρ</strong></span> <span class='ocrx_word' id='word_1_38' title='bbox 378 720 606 793; x_wconf 76' lang='grc' dir='ltr'>ἄχθεται</span> <span class='ocrx_word' id='word_1_39' title='bbox 635 723 700 792; x_wconf 80' lang='grc' dir='ltr'>τῇ</span> <span class='ocrx_word' id='word_1_40' title='bbox 732 720 963 791; x_wconf 79' lang='grc' dir='ltr'><strong>δυνάμει</strong></span> <span class='ocrx_word' id='word_1_41' title='bbox 996 719 1091 773; x_wconf 84' lang='grc' dir='ltr'>τοῦ</span> <span class='ocrx_word' id='word_1_42' title='bbox 1125 719 1434 790; x_wconf 81' lang='grc' dir='ltr'>εὐεργέτου,</span> <span class='ocrx_word' id='word_1_43' title='bbox 1466 716 1499 787; x_wconf 83' lang='grc' dir='ltr'>ἢ</span> <span class='ocrx_word' id='word_1_44' title='bbox 1526 716 1686 786; x_wconf 84' lang='grc' dir='ltr'>χάριν</span> <span class='ocrx_word' id='word_1_45' title='bbox 1715 715 1832 786; x_wconf 74' lang='grc' dir='ltr'>ἔχει</span> 
     </span>
    </p>
   </div>
   <div class='ocr_carea' id='block_1_9' title="bbox 241 808 1828 881">
    <p class='ocr_par' dir='ltr' id='par_1_9' title="bbox 241 808 1828 881">
     <span class='ocr_line' id='line_1_9' title="bbox 241 808 1828 881; baseline -0.004 -15"><span class='ocrx_word' id='word_1_46' title='bbox 241 817 348 876; x_wconf 81' lang='grc' dir='ltr'>τοῖς</span> <span class='ocrx_word' id='word_1_47' title='bbox 372 815 452 875; x_wconf 80' lang='grc' dir='ltr'><strong>είς</strong></span> <span class='ocrx_word' id='word_1_48' title='bbox 483 814 644 867; x_wconf 74' lang='grc' dir='ltr'>αὐτὸν</span> <span class='ocrx_word' id='word_1_49' title='bbox 673 812 1003 881; x_wconf 77' lang='grc' dir='ltr'><strong>γινομένοις.</strong></span> <span class='ocrx_word' id='word_1_50' title='bbox 1043 812 1202 864; x_wconf 90' lang='grc' dir='ltr'>Ποῖον</span> <span class='ocrx_word' id='word_1_51' title='bbox 1230 810 1289 862; x_wconf 79' lang='grc' dir='ltr'><strong>οὐ</strong></span> <span class='ocrx_word' id='word_1_52' title='bbox 1322 808 1515 863; x_wconf 84' lang='grc' dir='ltr'>νικῶσι</span> <span class='ocrx_word' id='word_1_53' title='bbox 1544 808 1733 880; x_wconf 78' lang='grc' dir='ltr'>θηρίον</span> <span class='ocrx_word' id='word_1_54' title='bbox 1759 810 1828 878; x_wconf 85' lang='grc' dir='ltr'>τῇ</span> 
     </span>
    </p>
   </div>
   <div class='ocr_carea' id='block_1_10' title="bbox 243 898 1832 973">
    <p class='ocr_par' dir='ltr' id='par_1_10' title="bbox 243 898 1832 973">
     <span class='ocr_line' id='line_1_10' title="bbox 243 898 1832 973; baseline -0.006 -17"><span class='ocrx_word' id='word_1_55' title='bbox 243 904 563 973; x_wconf 71' lang='grc' dir='ltr'><strong>χαλεπότητι</strong></span> <span class='ocrx_word' id='word_1_56' title='bbox 585 904 693 956; x_wconf 82' lang='grc' dir='ltr'><strong>τῶν</strong></span> <span class='ocrx_word' id='word_1_57' title='bbox 716 902 968 973; x_wconf 82' lang='grc' dir='ltr'>τρόπων;</span> <span class='ocrx_word' id='word_1_58' title='bbox 993 901 1059 954; x_wconf 93' lang='grc' dir='ltr'>Τί</span> <span class='ocrx_word' id='word_1_59' title='bbox 1088 900 1195 954; x_wconf 82' lang='grc' dir='ltr'><strong>τῶν</strong></span> <span class='ocrx_word' id='word_1_60' title='bbox 1220 900 1513 970; x_wconf 84' lang='grc' dir='ltr'><strong>ἀνημέρων</strong></span> <span class='ocrx_word' id='word_1_61' title='bbox 1544 900 1643 969; x_wconf 89' lang='grc' dir='ltr'>οὐχ</span> <span class='ocrx_word' id='word_1_62' title='bbox 1671 898 1832 968; x_wconf 79' lang='grc' dir='ltr'>ὑπερ-</span> 
     </span>
    </p>
   </div>
   <div class='ocr_carea' id='block_1_11' title="bbox 245 987 1829 1066">
    <p class='ocr_par' dir='ltr' id='par_1_11' title="bbox 245 987 1829 1066">
     <span class='ocr_line' id='line_1_11' title="bbox 245 987 1829 1066; baseline -0.006 -17"><span class='ocrx_word' id='word_1_63' title='bbox 245 996 525 1050; x_wconf 83' lang='grc' dir='ltr'>ϐάλλουσιν</span> <span class='ocrx_word' id='word_1_64' title='bbox 560 996 879 1066; x_wconf 84' lang='grc' dir='ltr'>ἀγριότητι;</span> <span class='ocrx_word' id='word_1_65' title='bbox 914 995 978 1048; x_wconf 86' lang='grc' dir='ltr'>Οί</span> <span class='ocrx_word' id='word_1_66' title='bbox 1010 993 1169 1056; x_wconf 83' lang='grc' dir='ltr'>κύνες</span> <span class='ocrx_word' id='word_1_67' title='bbox 1201 990 1523 1063; x_wconf 79' lang='grc' dir='ltr'>τρεφόμενοι</span> <span class='ocrx_word' id='word_1_68' title='bbox 1556 987 1829 1062; x_wconf 76' lang='grc' dir='ltr'>ἡμεροῦν-</span> 
     </span>
    </p>
   </div>
   <div class='ocr_carea' id='block_1_12' title="bbox 241 1084 1823 1160">
    <p class='ocr_par' dir='ltr' id='par_1_12' title="bbox 241 1084 1823 1160">
     <span class='ocr_line' id='line_1_12' title="bbox 241 1084 1823 1160; baseline -0.004 -18"><span class='ocrx_word' id='word_1_69' title='bbox 241 1103 356 1144; x_wconf 78' lang='grc' dir='ltr'>ται·</span> <span class='ocrx_word' id='word_1_70' title='bbox 397 1091 447 1142; x_wconf 83' lang='grc' dir='ltr'><strong>οἱ</strong></span> <span class='ocrx_word' id='word_1_71' title='bbox 492 1089 704 1151; x_wconf 84' lang='grc' dir='ltr'>λέοντες</span> <span class='ocrx_word' id='word_1_72' title='bbox 748 1088 1052 1160; x_wconf 82' lang='grc' dir='ltr'>χειροήθεις</span> <span class='ocrx_word' id='word_1_73' title='bbox 1079 1087 1318 1156; x_wconf 88' lang='grc' dir='ltr'>γίνονται</span> <span class='ocrx_word' id='word_1_74' title='bbox 1363 1084 1823 1156; x_wconf 83' lang='grc' dir='ltr'>θεραπευόμενοι·</span> 
     </span>
    </p>
   </div>
   <div class='ocr_carea' id='block_1_13' title="bbox 242 1173 1828 1250">
    <p class='ocr_par' dir='ltr' id='par_1_13' title="bbox 242 1173 1828 1250">
     <span class='ocr_line' id='line_1_13' title="bbox 242 1173 1828 1250; baseline -0.004 -16"><span class='ocrx_word' id='word_1_75' title='bbox 242 1183 290 1234; x_wconf 75' lang='lat' dir='ltr'><strong>oi</strong></span> <span class='ocrx_word' id='word_1_76' title='bbox 343 1179 399 1232; x_wconf 80' lang='grc' dir='ltr'>δὲ</span> <span class='ocrx_word' id='word_1_77' title='bbox 466 1179 729 1250; x_wconf 73' lang='grc' dir='ltr'><strong>βάσκανοι</strong></span> <span class='ocrx_word' id='word_1_78' title='bbox 792 1181 914 1243; x_wconf 87' lang='grc' dir='ltr'>ταῖς</span> <span class='ocrx_word' id='word_1_79' title='bbox 975 1176 1292 1250; x_wconf 77' lang='grc' dir='ltr'>θεραπείαις</span> <span class='ocrx_word' id='word_1_80' title='bbox 1340 1174 1501 1229; x_wconf 85' lang='grc' dir='ltr'>πλέον</span> <span class='ocrx_word' id='word_1_81' title='bbox 1551 1173 1828 1245; x_wconf 79' lang='grc' dir='ltr'>ἐξαγριαί-</span> 
     </span>
    </p>
   </div>
   <div class='ocr_carea' id='block_1_14' title="bbox 243 1288 442 1326">
    <p class='ocr_par' dir='ltr' id='par_1_14' title="bbox 243 1288 442 1326">
     <span class='ocr_line' id='line_1_14' title="bbox 243 1288 442 1326; baseline 0.005 -2"><span class='ocrx_word' id='word_1_82' title='bbox 243 1288 442 1326; x_wconf 78' lang='grc' dir='ltr'>νονται.</span> 
     </span>
    </p>
   </div>
   <div class='ocr_carea' id='block_1_15' title="bbox 1936 529 3523 601">
    <p class='ocr_par' dir='ltr' id='par_1_15' title="bbox 1936 529 3523 601">
     <span class='ocr_line' id='line_1_15' title="bbox 1936 529 3523 601; baseline 0.004 -17"><span class='ocrx_word' id='word_1_83' title='bbox 1936 537 1991 584; x_wconf 89' lang='lat' dir='ltr'><strong>et</strong></span> <span class='ocrx_word' id='word_1_84' title='bbox 2021 544 2176 583; x_wconf 88' lang='lat' dir='ltr'><strong>suam</strong></span> <span class='ocrx_word' id='word_1_85' title='bbox 2223 529 2398 599; x_wconf 82' lang='lat' dir='ltr'><strong>ipsius</strong></span> <span class='ocrx_word' id='word_1_86' title='bbox 2444 532 2747 601; x_wconf 74' lang='lat' dir='ltr'><strong>nequitiam</strong></span> <span class='ocrx_word' id='word_1_87' title='bbox 2796 531 3228 588; x_wconf 87' lang='lat' dir='ltr'><strong>manifestiorem</strong></span> <span class='ocrx_word' id='word_1_88' title='bbox 3271 532 3523 590; x_wconf 81' lang='lat' dir='ltr'><strong>reddide-</strong></span> 
     </span>
    </p>
   </div>
   <div class='ocr_carea' id='block_1_16' title="bbox 1928 620 3521 694">
    <p class='ocr_par' dir='ltr' id='par_1_16' title="bbox 1928 620 3521 694">
     <span class='ocr_line' id='line_1_16' title="bbox 1928 620 3521 694; baseline 0.003 -19"><span class='ocrx_word' id='word_1_89' title='bbox 1928 622 2019 677; x_wconf 85' lang='lat' dir='ltr'><strong>rit.</strong></span> <span class='ocrx_word' id='word_1_90' title='bbox 2054 620 2648 679; x_wconf 83' lang='lat' dir='ltr'><strong>lmmansuetissimum</strong></span> <span class='ocrx_word' id='word_1_91' title='bbox 2670 622 2781 677; x_wconf 90' lang='lat' dir='ltr'><strong>odii</strong></span> <span class='ocrx_word' id='word_1_92' title='bbox 2815 638 2988 694; x_wconf 88' lang='lat' dir='ltr'><strong>genus</strong></span> <span class='ocrx_word' id='word_1_93' title='bbox 3009 623 3215 677; x_wconf 86' lang='lat' dir='ltr'><strong>invidia</strong></span> <span class='ocrx_word' id='word_1_94' title='bbox 3245 632 3353 679; x_wconf 89' lang='lat' dir='ltr'><strong>est.</strong></span> <span class='ocrx_word' id='word_1_95' title='bbox 3383 623 3521 679; x_wconf 86' lang='lat' dir='ltr'><strong>Nam</strong></span> 
     </span>
    </p>
   </div>
   <div class='ocr_carea' id='block_1_17' title="bbox 1930 713 3520 787">
    <p class='ocr_par' dir='ltr' id='par_1_17' title="bbox 1930 713 3520 787">
     <span class='ocr_line' id='line_1_17' title="bbox 1930 713 3520 787; baseline 0.001 -18"><span class='ocrx_word' id='word_1_96' title='bbox 1930 713 2294 769; x_wconf 89' lang='lat' dir='ltr'><strong>beneﬁcentia</strong></span> <span class='ocrx_word' id='word_1_97' title='bbox 2324 721 2554 770; x_wconf 66' lang='lat' dir='ltr'><strong>caeteros</strong></span> <span class='ocrx_word' id='word_1_98' title='bbox 2587 714 2807 785; x_wconf 85' lang='lat' dir='ltr'><strong>quidem</strong></span> <span class='ocrx_word' id='word_1_99' title='bbox 2838 715 2933 785; x_wconf 90' lang='lat' dir='ltr'><strong>qui</strong></span> <span class='ocrx_word' id='word_1_100' title='bbox 2966 715 3125 771; x_wconf 87' lang='lat' dir='ltr'><strong>nobis</strong></span> <span class='ocrx_word' id='word_1_101' title='bbox 3159 717 3404 787; x_wconf 87' lang='lat' dir='ltr'><strong>alioquin</strong></span> <span class='ocrx_word' id='word_1_102' title='bbox 3431 719 3520 771; x_wconf 85' lang='lat' dir='ltr'><strong>in-</strong></span> 
     </span>
    </p>
   </div>
   <div class='ocr_carea' id='block_1_18' title="bbox 1930 804 3519 879">
    <p class='ocr_par' dir='ltr' id='par_1_18' title="bbox 1930 804 3519 879">
     <span class='ocr_line' id='line_1_18' title="bbox 1930 804 3519 879; baseline 0.003 -20"><span class='ocrx_word' id='word_1_103' title='bbox 1930 804 2075 861; x_wconf 87' lang='lat' dir='ltr'><strong>fensi</strong></span> <span class='ocrx_word' id='word_1_104' title='bbox 2117 814 2266 870; x_wconf 90' lang='lat' dir='ltr'><strong>sunt,</strong></span> <span class='ocrx_word' id='word_1_105' title='bbox 2306 807 2556 862; x_wconf 90' lang='lat' dir='ltr'><strong>mitiores</strong></span> <span class='ocrx_word' id='word_1_106' title='bbox 2612 809 3126 879; x_wconf 87' lang='lat' dir='ltr'><strong>mansuetioresque</strong></span> <span class='ocrx_word' id='word_1_107' title='bbox 3156 808 3376 863; x_wconf 84' lang='lat' dir='ltr'><strong>reddit:</strong></span> <span class='ocrx_word' id='word_1_108' title='bbox 3422 811 3519 863; x_wconf 89' lang='lat' dir='ltr'><strong>sed</strong></span> 
     </span>
    </p>
   </div>
   <div class='ocr_carea' id='block_1_19' title="bbox 1930 900 3518 972">
    <p class='ocr_par' dir='ltr' id='par_1_19' title="bbox 1930 900 3518 972">
     <span class='ocr_line' id='line_1_19' title="bbox 1930 900 3518 972; baseline 0.001 -18"><span class='ocrx_word' id='word_1_109' title='bbox 1930 900 2217 962; x_wconf 76' lang='lat' dir='ltr'><strong>collatajn</strong></span> <span class='ocrx_word' id='word_1_110' title='bbox 2265 900 2514 954; x_wconf 89' lang='lat' dir='ltr'><strong>invidum</strong></span> <span class='ocrx_word' id='word_1_111' title='bbox 2559 908 2614 956; x_wconf 89' lang='lat' dir='ltr'><strong>et</strong></span> <span class='ocrx_word' id='word_1_112' title='bbox 2659 902 2958 971; x_wconf 81' lang='lat' dir='ltr'><strong>malignum</strong></span> <span class='ocrx_word' id='word_1_113' title='bbox 3002 902 3290 965; x_wconf 89' lang='lat' dir='ltr'><strong>beneﬁcia,</strong></span> <span class='ocrx_word' id='word_1_114' title='bbox 3338 902 3518 972; x_wconf 88' lang='lat' dir='ltr'><strong>ipsum</strong></span> 
     </span>
    </p>
   </div>
   <div class='ocr_carea' id='block_1_20' title="bbox 1936 991 3522 1064">
    <p class='ocr_par' dir='ltr' id='par_1_20' title="bbox 1936 991 3522 1064">
     <span class='ocr_line' id='line_1_20' title="bbox 1936 991 3522 1064; baseline 0.003 -20"><span class='ocrx_word' id='word_1_115' title='bbox 1936 991 2173 1061; x_wconf 83' lang='lat' dir='ltr'><strong>amplius</strong></span> <span class='ocrx_word' id='word_1_116' title='bbox 2196 992 2435 1047; x_wconf 82' lang='lat' dir='ltr'><strong>irritant.</strong></span> <span class='ocrx_word' id='word_1_117' title='bbox 2468 992 2535 1046; x_wconf 89' lang='lat' dir='ltr'><strong>Et</strong></span> <span class='ocrx_word' id='word_1_118' title='bbox 2567 1001 2775 1063; x_wconf 87' lang='lat' dir='ltr'><strong>quanto</strong></span> <span class='ocrx_word' id='word_1_119' title='bbox 2800 994 3010 1062; x_wconf 83' lang='lat' dir='ltr'><strong>majora</strong></span> <span class='ocrx_word' id='word_1_120' title='bbox 3037 995 3332 1064; x_wconf 89' lang='lat' dir='ltr'><strong>acceperit,</strong></span> <span class='ocrx_word' id='word_1_121' title='bbox 3368 1003 3522 1049; x_wconf 91' lang='lat' dir='ltr'><strong>tanto</strong></span> 
     </span>
    </p>
   </div>
   <div class='ocr_carea' id='block_1_21' title="bbox 1934 1082 3521 1154">
    <p class='ocr_par' dir='ltr' id='par_1_21' title="bbox 1934 1082 3521 1154">
     <span class='ocr_line' id='line_1_21' title="bbox 1934 1082 3521 1154; baseline 0.003 -19"><span class='ocrx_word' id='word_1_122' title='bbox 1934 1082 2111 1153; x_wconf 84' lang='lat' dir='ltr'><strong>magis</strong></span> <span class='ocrx_word' id='word_1_123' title='bbox 2150 1084 2486 1153; x_wconf 79' lang='lat' dir='ltr'><strong>indignatur,</strong></span> <span class='ocrx_word' id='word_1_124' title='bbox 2536 1085 2793 1154; x_wconf 87' lang='lat' dir='ltr'><strong>doletque</strong></span> <span class='ocrx_word' id='word_1_125' title='bbox 2837 1095 2891 1138; x_wconf 90' lang='lat' dir='ltr'><strong>et</strong></span> <span class='ocrx_word' id='word_1_126' title='bbox 2924 1087 3318 1141; x_wconf 88' lang='lat' dir='ltr'><strong>stomachatur.</strong></span> <span class='ocrx_word' id='word_1_127' title='bbox 3351 1086 3521 1154; x_wconf 70' lang='lat' dir='ltr'><strong>Magis</strong></span> 
     </span>
    </p>
   </div>
   <div class='ocr_carea' id='block_1_22' title="bbox 1932 1166 3522 1246">
    <p class='ocr_par' dir='ltr' id='par_1_22' title="bbox 1932 1166 3522 1246">
     <span class='ocr_line' id='line_1_22' title="bbox 1932 1166 3522 1246; baseline 0 -18"><span class='ocrx_word' id='word_1_128' title='bbox 1932 1175 2077 1228; x_wconf 89' lang='lat' dir='ltr'><strong>enim</strong></span> <span class='ocrx_word' id='word_1_129' title='bbox 2101 1173 2393 1229; x_wconf 87' lang='lat' dir='ltr'><strong>alllictatur</strong></span> <span class='ocrx_word' id='word_1_130' title='bbox 2422 1176 2491 1229; x_wconf 90' lang='lat' dir='ltr'><strong>de</strong></span> <span class='ocrx_word' id='word_1_131' title='bbox 2519 1176 2761 1244; x_wconf 88' lang='lat' dir='ltr'><strong>potentia</strong></span> <span class='ocrx_word' id='word_1_132' title='bbox 2791 1166 3206 1235; x_wconf 83' lang='lat' dir='ltr'><strong>benefacientis,</strong></span> <span class='ocrx_word' id='word_1_133' title='bbox 3230 1191 3392 1245; x_wconf 89' lang='lat' dir='ltr'><strong>quam</strong></span> <span class='ocrx_word' id='word_1_134' title='bbox 3421 1191 3522 1246; x_wconf 89' lang='lat' dir='ltr'><strong>pro</strong></span> 
     </span>
    </p>
   </div>
   <div class='ocr_carea' id='block_1_23' title="bbox 1932 1262 3519 1337">
    <p class='ocr_par' dir='ltr' id='par_1_23' title="bbox 1932 1262 3519 1337">
     <span class='ocr_line' id='line_1_23' title="bbox 1932 1262 3519 1337; baseline 0.002 -20"><span class='ocrx_word' id='word_1_135' title='bbox 1932 1262 2077 1318; x_wconf 87' lang='lat' dir='ltr'><strong>datis</strong></span> <span class='ocrx_word' id='word_1_136' title='bbox 2104 1265 2211 1319; x_wconf 89' lang='lat' dir='ltr'><strong>sibi</strong></span> <span class='ocrx_word' id='word_1_137' title='bbox 2257 1266 2538 1322; x_wconf 87' lang='lat' dir='ltr'><strong>beneﬁciis</strong></span> <span class='ocrx_word' id='word_1_138' title='bbox 2574 1268 2806 1337; x_wconf 79' lang='lat' dir='ltr'><strong>gratiam</strong></span> <span class='ocrx_word' id='word_1_139' title='bbox 2839 1269 3024 1324; x_wconf 83' lang='lat' dir='ltr'><strong>habet.</strong></span> <span class='ocrx_word' id='word_1_140' title='bbox 3067 1267 3239 1335; x_wconf 84' lang='lat' dir='ltr'><strong>Quam</strong></span> <span class='ocrx_word' id='word_1_141' title='bbox 3279 1268 3519 1323; x_wconf 89' lang='lat' dir='ltr'><strong>belluam</strong></span> 
     </span>
    </p>
   </div>
   <div class='ocr_carea' id='block_1_24' title="bbox 240 1358 3519 1433">
    <p class='ocr_par' dir='ltr' id='par_1_24' title="bbox 240 1358 3519 1433">
     <span class='ocr_line' id='line_1_24' title="bbox 240 1358 3519 1433; baseline -0.001 -15"><span class='ocrx_word' id='word_1_142' title='bbox 240 1378 346 1418; x_wconf 88' lang='lat' dir='ltr'><strong>non</strong></span> <span class='ocrx_word' id='word_1_143' title='bbox 376 1370 637 1433; x_wconf 85' lang='lat' dir='ltr'><strong>superant</strong></span> <span class='ocrx_word' id='word_1_144' title='bbox 669 1377 884 1417; x_wconf 88' lang='lat' dir='ltr'><strong>morum</strong></span> <span class='ocrx_word' id='word_1_145' title='bbox 908 1359 1408 1426; x_wconf 84' lang='lat' dir='ltr'><strong>aeerbitate?Quas</strong></span> <span class='ocrx_word' id='word_1_146' title='bbox 1430 1358 1573 1416; x_wconf 86' lang='lat' dir='ltr'><strong>feras</strong></span> <span class='ocrx_word' id='word_1_147' title='bbox 1629 1358 1847 1414; x_wconf 90' lang='lat' dir='ltr'><strong>feritate</strong></span> <span class='ocrx_word' id='word_1_148' title='bbox 1884 1372 1996 1412; x_wconf 88' lang='lat' dir='ltr'><strong>non</strong></span> <span class='ocrx_word' id='word_1_149' title='bbox 2054 1358 2322 1413; x_wconf 86' lang='lat' dir='ltr'><strong>vincunt?</strong></span> <span class='ocrx_word' id='word_1_150' title='bbox 2349 1361 2528 1416; x_wconf 84' lang='lat' dir='ltr'><strong>Canes</strong></span> <span class='ocrx_word' id='word_1_151' title='bbox 2575 1361 2835 1416; x_wconf 87' lang='lat' dir='ltr'><strong>alimento</strong></span> <span class='ocrx_word' id='word_1_152' title='bbox 2865 1362 3051 1416; x_wconf 89' lang='lat' dir='ltr'><strong>oblato</strong></span> <span class='ocrx_word' id='word_1_153' title='bbox 3101 1368 3519 1426; x_wconf 87' lang='lat' dir='ltr'><strong>mansuescunt,</strong></span> 
     </span>
    </p>
   </div>
   <div class='ocr_carea' id='block_1_25' title="bbox 241 1448 3083 1522">
    <p class='ocr_par' dir='ltr' id='par_1_25' title="bbox 241 1448 3083 1522">
     <span class='ocr_line' id='line_1_25' title="bbox 241 1448 3083 1522; baseline 0.001 -17"><span class='ocrx_word' id='word_1_154' title='bbox 241 1452 421 1505; x_wconf 84' lang='lat' dir='ltr'><strong>leones</strong></span> <span class='ocrx_word' id='word_1_155' title='bbox 454 1467 580 1506; x_wconf 91' lang='lat' dir='ltr'><strong>cum</strong></span> <span class='ocrx_word' id='word_1_156' title='bbox 618 1461 906 1513; x_wconf 87' lang='lat' dir='ltr'><strong>curantur,</strong></span> <span class='ocrx_word' id='word_1_157' title='bbox 938 1448 1251 1503; x_wconf 87' lang='lat' dir='ltr'><strong>tractabiles</strong></span> <span class='ocrx_word' id='word_1_158' title='bbox 1294 1449 1431 1502; x_wconf 87' lang='lat' dir='ltr'><strong>ﬁunt</strong></span> <span class='ocrx_word' id='word_1_159' title='bbox 1457 1468 1471 1503; x_wconf 89' lang='lat'><strong>:</strong></span> <span class='ocrx_word' id='word_1_160' title='bbox 1501 1448 1598 1505; x_wconf 86' lang='lat' dir='ltr'><strong>sed</strong></span> <span class='ocrx_word' id='word_1_161' title='bbox 1646 1448 1820 1503; x_wconf 85' lang='lat' dir='ltr'><strong>invidi</strong></span> <span class='ocrx_word' id='word_1_162' title='bbox 1849 1448 2132 1517; x_wconf 86' lang='lat' dir='ltr'><strong>obsequiis</strong></span> <span class='ocrx_word' id='word_1_163' title='bbox 2163 1456 2217 1502; x_wconf 88' lang='lat' dir='ltr'><strong>et</strong></span> <span class='ocrx_word' id='word_1_164' title='bbox 2249 1450 2440 1505; x_wconf 84' lang='lat' dir='ltr'><strong>olliciis</strong></span> <span class='ocrx_word' id='word_1_165' title='bbox 2467 1452 2707 1506; x_wconf 84' lang='lat' dir='ltr'><strong>evadunt</strong></span> <span class='ocrx_word' id='word_1_166' title='bbox 2732 1454 3083 1522; x_wconf 88' lang='lat' dir='ltr'><strong>agrestiores.</strong></span> 
     </span>
    </p>
   </div>
   <div class='ocr_carea' id='block_1_26' title="bbox 305 1543 1833 1617">
    <p class='ocr_par' dir='ltr' id='par_1_26' title="bbox 305 1543 1833 1617">
     <span class='ocr_line' id='line_1_26' title="bbox 305 1543 1833 1617; baseline -0.003 -17"><span class='ocrx_word' id='word_1_167' title='bbox 305 1546 360 1600; x_wconf 72' lang='grc'>4.</span> <span class='ocrx_word' id='word_1_168' title='bbox 388 1547 457 1599; x_wconf 82' lang='grc' dir='ltr'>Τί</span> <span class='ocrx_word' id='word_1_169' title='bbox 496 1546 589 1599; x_wconf 73' lang='grc' dir='ltr'>τὸν</span> <span class='ocrx_word' id='word_1_170' title='bbox 631 1548 879 1615; x_wconf 83' lang='grc' dir='ltr'>γενναῖον</span> <span class='ocrx_word' id='word_1_171' title='bbox 926 1543 1123 1615; x_wconf 81' lang='grc' dir='ltr'>Ἰωσὴφ</span> <span class='ocrx_word' id='word_1_172' title='bbox 1170 1543 1356 1597; x_wconf 80' lang='grc' dir='ltr'>δοῦλον</span> <span class='ocrx_word' id='word_1_173' title='bbox 1396 1545 1683 1617; x_wconf 78' lang='grc' dir='ltr'>ἐποίησενς</span> <span class='ocrx_word' id='word_1_174' title='bbox 1719 1544 1833 1614; x_wconf 80' lang='grc' dir='ltr'><strong>Οὐχ</strong></span> 
     </span>
    </p>
   </div>
   <div class='ocr_carea' id='block_1_27' title="bbox 242 1634 1832 1707">
    <p class='ocr_par' dir='ltr' id='par_1_27' title="bbox 242 1634 1832 1707">
     <span class='ocr_line' id='line_1_27' title="bbox 242 1634 1832 1707; baseline 0 -18"><span class='ocrx_word' id='word_1_175' title='bbox 242 1639 271 1689; x_wconf 91' lang='lat'><strong>6</strong></span> <span class='ocrx_word' id='word_1_176' title='bbox 302 1636 497 1706; x_wconf 79' lang='grc' dir='ltr'>φθόνος</span> <span class='ocrx_word' id='word_1_177' title='bbox 526 1634 638 1690; x_wconf 79' lang='grc' dir='ltr'>τῶν</span> <span class='ocrx_word' id='word_1_178' title='bbox 688 1634 971 1704; x_wconf 75' lang='grc' dir='ltr'>ἀδελφῶνς</span> <span class='ocrx_word' id='word_1_179' title='bbox 1015 1634 1184 1689; x_wconf 88' lang='grc' dir='ltr'>Ἔνθα</span> <span class='ocrx_word' id='word_1_180' title='bbox 1229 1637 1324 1689; x_wconf 87' lang='grc' dir='ltr'><strong>καὶ</strong></span> <span class='ocrx_word' id='word_1_181' title='bbox 1368 1635 1647 1707; x_wconf 80' lang='grc' dir='ltr'>θαυμάσαι</span> <span class='ocrx_word' id='word_1_182' title='bbox 1684 1634 1832 1700; x_wconf 79' lang='grc' dir='ltr'>ἀξιον</span> 
     </span>
    </p>
   </div>
   <div class='ocr_carea' id='block_1_28' title="bbox 242 1726 1834 1799">
    <p class='ocr_par' dir='ltr' id='par_1_28' title="bbox 242 1726 1834 1799">
     <span class='ocr_line' id='line_1_28' title="bbox 242 1726 1834 1799; baseline -0.001 -18"><span class='ocrx_word' id='word_1_183' title='bbox 242 1727 334 1799; x_wconf 77' lang='grc' dir='ltr'>τὴν</span> <span class='ocrx_word' id='word_1_184' title='bbox 363 1726 591 1796; x_wconf 77' lang='grc' dir='ltr'><strong>ἀλογίαν</strong></span> <span class='ocrx_word' id='word_1_185' title='bbox 620 1728 721 1796; x_wconf 73' lang='grc' dir='ltr'>τῆς</span> <span class='ocrx_word' id='word_1_186' title='bbox 746 1727 925 1789; x_wconf 82' lang='grc' dir='ltr'>νόσου.</span> <span class='ocrx_word' id='word_1_187' title='bbox 961 1726 1292 1796; x_wconf 79' lang='grc' dir='ltr'>Φοϐηθέντες</span> <span class='ocrx_word' id='word_1_188' title='bbox 1341 1727 1449 1799; x_wconf 82' lang='grc' dir='ltr'>γὰρ</span> <span class='ocrx_word' id='word_1_189' title='bbox 1486 1728 1594 1780; x_wconf 79' lang='grc' dir='ltr'><strong>τῶν</strong></span> <span class='ocrx_word' id='word_1_190' title='bbox 1621 1726 1834 1798; x_wconf 83' lang='grc' dir='ltr'>ὀνειρά-</span> 
     </span>
    </p>
   </div>
   <div class='ocr_carea' id='block_1_29' title="bbox 2008 1540 3525 1615">
    <p class='ocr_par' dir='ltr' id='par_1_29' title="bbox 2008 1540 3525 1615">
     <span class='ocr_line' id='line_1_29' title="bbox 2008 1540 3525 1615; baseline -0.001 -18"><span class='ocrx_word' id='word_1_191' title='bbox 2008 1544 2064 1597; x_wconf 69' lang='lat'><strong>4.</strong></span> <span class='ocrx_word' id='word_1_192' title='bbox 2096 1542 2237 1610; x_wconf 87' lang='lat' dir='ltr'><strong>Quid</strong></span> <span class='ocrx_word' id='word_1_193' title='bbox 2284 1560 2613 1613; x_wconf 89' lang='lat' dir='ltr'><strong>generosum</strong></span> <span class='ocrx_word' id='word_1_194' title='bbox 2645 1547 2799 1600; x_wconf 93' lang='lat' dir='ltr'><strong>illum</strong></span> <span class='ocrx_word' id='word_1_195' title='bbox 2829 1545 3030 1615; x_wconf 81' lang='lat' dir='ltr'><strong>Joscph</strong></span> <span class='ocrx_word' id='word_1_196' title='bbox 3062 1546 3274 1615; x_wconf 82' lang='lat' dir='ltr'><strong>redegit</strong></span> <span class='ocrx_word' id='word_1_197' title='bbox 3307 1545 3363 1599; x_wconf 83' lang='lat' dir='ltr'><strong>in</strong></span> <span class='ocrx_word' id='word_1_198' title='bbox 3405 1540 3525 1599; x_wconf 80' lang='lat' dir='ltr'><strong>ser-</strong></span> 
     </span>
    </p>
   </div>
   <div class='ocr_carea' id='block_1_30' title="bbox 1939 1633 3518 1691">
    <p class='ocr_par' dir='ltr' id='par_1_30' title="bbox 1939 1633 3518 1691">
     <span class='ocr_line' id='line_1_30' title="bbox 1939 1633 3518 1691; baseline -0.002 -2"><span class='ocrx_word' id='word_1_199' title='bbox 1939 1634 2167 1689; x_wconf 80' lang='lat' dir='ltr'><strong>vitutem</strong></span> <span class='ocrx_word' id='word_1_200' title='bbox 2196 1634 2279 1688; x_wconf 62' lang='lat'><strong>5‘?</strong></span> <span class='ocrx_word' id='word_1_201' title='bbox 2301 1633 2495 1690; x_wconf 83' lang='lat' dir='ltr'><strong>Nonne</strong></span> <span class='ocrx_word' id='word_1_202' title='bbox 2534 1636 2739 1691; x_wconf 88' lang='lat' dir='ltr'><strong>invidia</strong></span> <span class='ocrx_word' id='word_1_203' title='bbox 2784 1635 3063 1690; x_wconf 76' lang='lat' dir='ltr'><strong>fratrum?</strong></span> <span class='ocrx_word' id='word_1_204' title='bbox 3097 1634 3198 1690; x_wconf 89' lang='lat' dir='ltr'><strong>Ubi</strong></span> <span class='ocrx_word' id='word_1_205' title='bbox 3231 1644 3287 1689; x_wconf 91' lang='lat' dir='ltr'><strong>et</strong></span> <span class='ocrx_word' id='word_1_206' title='bbox 3329 1634 3518 1688; x_wconf 86' lang='lat' dir='ltr'><strong>mirari</strong></span> 
     </span>
    </p>
   </div>
   <div class='ocr_carea' id='block_1_31' title="bbox 1938 1726 3514 1794">
    <p class='ocr_par' dir='ltr' id='par_1_31' title="bbox 1938 1726 3514 1794">
     <span class='ocr_line' id='line_1_31' title="bbox 1938 1726 3514 1794; baseline 0 -15"><span class='ocrx_word' id='word_1_207' title='bbox 1938 1740 2118 1794; x_wconf 72' lang='lat' dir='ltr'><strong>operae</strong></span> <span class='ocrx_word' id='word_1_208' title='bbox 2164 1727 2403 1794; x_wconf 84' lang='lat' dir='ltr'><strong>pretium</strong></span> <span class='ocrx_word' id='word_1_209' title='bbox 2449 1735 2536 1782; x_wconf 91' lang='lat' dir='ltr'><strong>est</strong></span> <span class='ocrx_word' id='word_1_210' title='bbox 2592 1728 2770 1782; x_wconf 90' lang='lat' dir='ltr'><strong>morbi</strong></span> <span class='ocrx_word' id='word_1_211' title='bbox 2824 1729 3139 1783; x_wconf 83' lang='lat' dir='ltr'><strong>stultitiam.</strong></span> <span class='ocrx_word' id='word_1_212' title='bbox 3178 1726 3315 1781; x_wconf 87' lang='lat' dir='ltr'><strong>Nam</strong></span> <span class='ocrx_word' id='word_1_213' title='bbox 3351 1727 3514 1782; x_wconf 83' lang='lat' dir='ltr'><strong>veriti</strong></span> 
     </span>
    </p>
   </div>
   <div class='ocr_carea' id='block_1_32' title="bbox 242 1818 1838 1904">
    <p class='ocr_par' dir='ltr' id='par_1_32' title="bbox 242 1818 1833 1890">
     <span class='ocr_line' id='line_1_32' title="bbox 242 1818 1833 1890; baseline -0.001 -18"><span class='ocrx_word' id='word_1_214' title='bbox 242 1836 345 1873; x_wconf 87' lang='grc' dir='ltr'><strong>των</strong></span> <span class='ocrx_word' id='word_1_215' title='bbox 396 1819 500 1890; x_wconf 74' lang='grc' dir='ltr'><strong>τὴν</strong></span> <span class='ocrx_word' id='word_1_216' title='bbox 539 1819 785 1884; x_wconf 78' lang='grc' dir='ltr'>ἔκϐασιν,</span> <span class='ocrx_word' id='word_1_217' title='bbox 825 1818 1013 1872; x_wconf 83' lang='grc' dir='ltr'>δοῦλον</span> <span class='ocrx_word' id='word_1_218' title='bbox 1058 1820 1274 1873; x_wconf 75' lang='grc' dir='ltr'>ἐποίουν</span> <span class='ocrx_word' id='word_1_219' title='bbox 1324 1820 1416 1873; x_wconf 80' lang='grc' dir='ltr'><strong>τὸν</strong></span> <span class='ocrx_word' id='word_1_220' title='bbox 1459 1819 1704 1888; x_wconf 80' lang='grc' dir='ltr'>ἀδελφὸν,</span> <span class='ocrx_word' id='word_1_221' title='bbox 1757 1818 1833 1882; x_wconf 84' lang='grc' dir='ltr'>ὡς</span> 
     </span>
    </p>
   </div>
   <div class='ocr_carea' id='block_1_33' title="bbox 1942 1818 3520 1904">
    <p class='ocr_par' dir='ltr' id='par_1_33' title="bbox 1942 1818 3520 1883">
     <span class='ocr_line' id='line_1_33' title="bbox 1942 1818 3520 1883; baseline 0.001 -12"><span class='ocrx_word' id='word_1_222' title='bbox 1942 1818 2280 1873; x_wconf 87' lang='lat' dir='ltr'><strong>somniorum</strong></span> <span class='ocrx_word' id='word_1_223' title='bbox 2304 1820 2535 1883; x_wconf 83' lang='lat' dir='ltr'><strong>exitum,</strong></span> <span class='ocrx_word' id='word_1_224' title='bbox 2562 1820 2786 1875; x_wconf 82' lang='lat' dir='ltr'><strong>fratrem</strong></span> <span class='ocrx_word' id='word_1_225' title='bbox 2811 1821 2866 1875; x_wconf 90' lang='lat' dir='ltr'><strong>in</strong></span> <span class='ocrx_word' id='word_1_226' title='bbox 2890 1821 3210 1875; x_wconf 82' lang='lat' dir='ltr'><strong>servitutem</strong></span> <span class='ocrx_word' id='word_1_227' title='bbox 3240 1819 3520 1883; x_wconf 82' lang='lat' dir='ltr'><strong>addixere,</strong></span> 
     </span>
    </p>
   </div>
   <div class='ocr_carea' id='block_1_34' title="bbox 242 1910 1836 1982">
    <p class='ocr_par' dir='ltr' id='par_1_34' title="bbox 242 1910 1836 1982">
     <span class='ocr_line' id='line_1_34' title="bbox 242 1910 1836 1982; baseline -0.001 -18"><span class='ocrx_word' id='word_1_228' title='bbox 242 1912 340 1964; x_wconf 68' lang='grc' dir='ltr'>οὐκ</span> <span class='ocrx_word' id='word_1_229' title='bbox 375 1912 442 1966; x_wconf 80' lang='grc' dir='ltr'><strong>άν</strong></span> <span class='ocrx_word' id='word_1_230' title='bbox 486 1928 619 1964; x_wconf 84' lang='grc' dir='ltr'>ποτε</span> <span class='ocrx_word' id='word_1_231' title='bbox 662 1911 851 1964; x_wconf 87' lang='grc' dir='ltr'>δούλου</span> <span class='ocrx_word' id='word_1_232' title='bbox 877 1910 1366 1982; x_wconf 85' lang='grc' dir='ltr'>προσκυνηθέντος.</span> <span class='ocrx_word' id='word_1_233' title='bbox 1415 1912 1609 1964; x_wconf 81' lang='grc' dir='ltr'>Καίτοι</span> <span class='ocrx_word' id='word_1_234' title='bbox 1648 1913 1698 1963; x_wconf 88' lang='grc' dir='ltr'>εἰ</span> <span class='ocrx_word' id='word_1_235' title='bbox 1736 1911 1836 1980; x_wconf 84' lang='grc' dir='ltr'>μὲν</span> 
     </span>
    </p>
   </div>
   <div class='ocr_carea' id='block_1_35' title="bbox 242 2002 1836 2074">
    <p class='ocr_par' dir='ltr' id='par_1_35' title="bbox 242 2002 1836 2074">
     <span class='ocr_line' id='line_1_35' title="bbox 242 2002 1836 2074; baseline -0.001 -18"><span class='ocrx_word' id='word_1_236' title='bbox 242 2002 413 2073; x_wconf 79' lang='grc' dir='ltr'>ἀληθῆ</span> <span class='ocrx_word' id='word_1_237' title='bbox 460 2003 530 2055; x_wconf 87' lang='grc' dir='ltr'><strong>τά</strong></span> <span class='ocrx_word' id='word_1_238' title='bbox 588 2003 858 2067; x_wconf 75' lang='grc' dir='ltr'>ἐνύπνια,</span> <span class='ocrx_word' id='word_1_239' title='bbox 902 2003 987 2066; x_wconf 89' lang='grc' dir='ltr'><strong>τίς</strong></span> <span class='ocrx_word' id='word_1_240' title='bbox 1042 2004 1259 2073; x_wconf 78' lang='grc' dir='ltr'>μηχανὴ</span> <span class='ocrx_word' id='word_1_241' title='bbox 1311 2003 1385 2074; x_wconf 83' lang='grc' dir='ltr'>μὴ</span> <span class='ocrx_word' id='word_1_242' title='bbox 1440 2003 1562 2074; x_wconf 84' lang='grc' dir='ltr'>οὐχὶ</span> <span class='ocrx_word' id='word_1_243' title='bbox 1618 2004 1836 2066; x_wconf 87' lang='grc' dir='ltr'>πάντως</span> 
     </span>
    </p>
   </div>
   <div class='ocr_carea' id='block_1_36' title="bbox 244 2095 1834 2167">
    <p class='ocr_par' dir='ltr' id='par_1_36' title="bbox 244 2095 1834 2167">
     <span class='ocr_line' id='line_1_36' title="bbox 244 2095 1834 2167; baseline -0.001 -18"><span class='ocrx_word' id='word_1_244' title='bbox 244 2096 469 2165; x_wconf 68' lang='grc' dir='ltr'>ἐκϐῆναι</span> <span class='ocrx_word' id='word_1_245' title='bbox 502 2095 574 2148; x_wconf 79' lang='grc' dir='ltr'><strong>τά</strong></span> <span class='ocrx_word' id='word_1_246' title='bbox 624 2095 1040 2167; x_wconf 76' lang='grc' dir='ltr'>προρρηθέντα;</span> <span class='ocrx_word' id='word_1_247' title='bbox 1070 2098 1121 2149; x_wconf 86' lang='grc' dir='ltr'><strong>εί</strong></span> <span class='ocrx_word' id='word_1_248' title='bbox 1157 2096 1219 2149; x_wconf 82' lang='grc' dir='ltr'>δὲ</span> <span class='ocrx_word' id='word_1_249' title='bbox 1240 2095 1453 2165; x_wconf 74' lang='grc' dir='ltr'>ψευδεῖς</span> <span class='ocrx_word' id='word_1_250' title='bbox 1477 2098 1532 2148; x_wconf 90' lang='grc' dir='ltr'><strong>αί</strong></span> <span class='ocrx_word' id='word_1_251' title='bbox 1562 2095 1670 2149; x_wconf 83' lang='grc' dir='ltr'><strong>τῶν</strong></span> <span class='ocrx_word' id='word_1_252' title='bbox 1693 2097 1834 2149; x_wconf 82' lang='grc' dir='ltr'>ὀνει-</span> 
     </span>
    </p>
   </div>
   <div class='ocr_carea' id='block_1_37' title="bbox 246 2187 1836 2259">
    <p class='ocr_par' dir='ltr' id='par_1_37' title="bbox 246 2187 1836 2259">
     <span class='ocr_line' id='line_1_37' title="bbox 246 2187 1836 2259; baseline 0 -20"><span class='ocrx_word' id='word_1_253' title='bbox 246 2188 421 2259; x_wconf 81' lang='grc' dir='ltr'>ράτων</span> <span class='ocrx_word' id='word_1_254' title='bbox 465 2187 641 2257; x_wconf 66' lang='grc' dir='ltr'>ὄψεις,</span> <span class='ocrx_word' id='word_1_255' title='bbox 684 2188 808 2239; x_wconf 83' lang='grc' dir='ltr'>ἀντὶ</span> <span class='ocrx_word' id='word_1_256' title='bbox 858 2188 1005 2251; x_wconf 81' lang='grc' dir='ltr'>τίνος</span> <span class='ocrx_word' id='word_1_257' title='bbox 1053 2188 1369 2257; x_wconf 81' lang='grc' dir='ltr'>βασκαίνετε</span> <span class='ocrx_word' id='word_1_258' title='bbox 1408 2187 1486 2257; x_wconf 78' lang='grc' dir='ltr'>τῷ</span> <span class='ocrx_word' id='word_1_259' title='bbox 1530 2187 1836 2258; x_wconf 77' lang='grc' dir='ltr'>σφαλλομέ-</span> 
     </span>
    </p>
   </div>
   <div class='ocr_carea' id='block_1_38' title="bbox 152 2278 1834 2350">
    <p class='ocr_par' dir='ltr' id='par_1_38' title="bbox 152 2278 1834 2350">
     <span class='ocr_line' id='line_1_38' title="bbox 152 2278 1834 2350; baseline 0.001 -19"><span class='ocrx_word' id='word_1_260' title='bbox 152 2280 159 2289; x_wconf 87' lang='grc'><em>’</em></span> <span class='ocrx_word' id='word_1_261' title='bbox 244 2296 352 2349; x_wconf 77' lang='grc' dir='ltr'>νῳς</span> <span class='ocrx_word' id='word_1_262' title='bbox 383 2279 525 2332; x_wconf 81' lang='grc' dir='ltr'>Νυνὶ</span> <span class='ocrx_word' id='word_1_263' title='bbox 562 2279 623 2331; x_wconf 85' lang='grc' dir='ltr'>δὲ</span> <span class='ocrx_word' id='word_1_264' title='bbox 649 2278 755 2331; x_wconf 81' lang='grc' dir='ltr'>ὑπὸ</span> <span class='ocrx_word' id='word_1_265' title='bbox 795 2279 895 2349; x_wconf 82' lang='grc' dir='ltr'>τῆς</span> <span class='ocrx_word' id='word_1_266' title='bbox 924 2279 1021 2333; x_wconf 80' lang='grc' dir='ltr'>τοῦ</span> <span class='ocrx_word' id='word_1_267' title='bbox 1068 2278 1202 2332; x_wconf 77' lang='grc' dir='ltr'><strong>Θεοῦ</strong></span> <span class='ocrx_word' id='word_1_268' title='bbox 1236 2280 1546 2349; x_wconf 79' lang='grc' dir='ltr'>οἰκονομίας</span> <span class='ocrx_word' id='word_1_269' title='bbox 1585 2281 1834 2350; x_wconf 83' lang='grc' dir='ltr'>περιτρέ-</span> 
     </span>
    </p>
   </div>
   <div class='ocr_carea' id='block_1_39' title="bbox 250 2368 1831 2441">
    <p class='ocr_par' dir='ltr' id='par_1_39' title="bbox 250 2368 1831 2441">
     <span class='ocr_line' id='line_1_39' title="bbox 250 2368 1831 2441; baseline 0.001 -18"><span class='ocrx_word' id='word_1_270' title='bbox 250 2388 404 2423; x_wconf 80' lang='grc' dir='ltr'>πεται</span> <span class='ocrx_word' id='word_1_271' title='bbox 439 2372 631 2435; x_wconf 81' lang='grc' dir='ltr'>αὐτοῖς</span> <span class='ocrx_word' id='word_1_272' title='bbox 670 2370 733 2424; x_wconf 83' lang='grc' dir='ltr'><strong>τὸ</strong></span> <span class='ocrx_word' id='word_1_273' title='bbox 774 2372 958 2440; x_wconf 79' lang='grc' dir='ltr'>σοφόν.</span> <span class='ocrx_word' id='word_1_274' title='bbox 997 2372 1073 2423; x_wconf 88' lang='grc' dir='ltr'><strong>Δι’</strong></span> <span class='ocrx_word' id='word_1_275' title='bbox 1111 2368 1184 2423; x_wconf 85' lang='grc' dir='ltr'><strong>ὧν</strong></span> <span class='ocrx_word' id='word_1_276' title='bbox 1224 2372 1332 2441; x_wconf 78' lang='grc' dir='ltr'>γὰρ</span> <span class='ocrx_word' id='word_1_277' title='bbox 1368 2370 1615 2441; x_wconf 77' lang='grc' dir='ltr'>ἐνόμιζον</span> <span class='ocrx_word' id='word_1_278' title='bbox 1658 2373 1831 2441; x_wconf 80' lang='grc' dir='ltr'>ἐμπο-</span> 
     </span>
    </p>
   </div>
   <div class='ocr_carea' id='block_1_40' title="bbox 246 2459 1834 2532">
    <p class='ocr_par' dir='ltr' id='par_1_40' title="bbox 246 2459 1834 2532">
     <span class='ocr_line' id='line_1_40' title="bbox 246 2459 1834 2532; baseline 0 -20"><span class='ocrx_word' id='word_1_279' title='bbox 246 2459 407 2524; x_wconf 74' lang='grc' dir='ltr'>δίζειν</span> <span class='ocrx_word' id='word_1_280' title='bbox 472 2463 539 2530; x_wconf 80' lang='grc' dir='ltr'>τῇ</span> <span class='ocrx_word' id='word_1_281' title='bbox 596 2461 938 2530; x_wconf 72' lang='grc' dir='ltr'>προρρήσει,</span> <span class='ocrx_word' id='word_1_282' title='bbox 990 2460 1080 2512; x_wconf 75' lang='grc' dir='ltr'>διὰ</span> <span class='ocrx_word' id='word_1_283' title='bbox 1127 2459 1332 2514; x_wconf 80' lang='grc' dir='ltr'>τούτων</span> <span class='ocrx_word' id='word_1_284' title='bbox 1386 2462 1663 2532; x_wconf 69' lang='grc' dir='ltr'>ἐφάνησαν</span> <span class='ocrx_word' id='word_1_285' title='bbox 1715 2460 1834 2513; x_wconf 67' lang='grc' dir='ltr'><strong>ἀεῖ-ος-</strong></span> 
     </span>
    </p>
   </div>
   <div class='ocr_carea' id='block_1_41' title="bbox 250 2550 1835 2624">
    <p class='ocr_par' dir='ltr' id='par_1_41' title="bbox 250 2550 1835 2624">
     <span class='ocr_line' id='line_1_41' title="bbox 250 2550 1835 2624; baseline 0.001 -18"><span class='ocrx_word' id='word_1_286' title='bbox 250 2551 532 2615; x_wconf 80' lang='grc' dir='ltr'>ποιοῦντες</span> <span class='ocrx_word' id='word_1_287' title='bbox 564 2550 666 2622; x_wconf 74' lang='grc' dir='ltr'><strong>τὴν</strong></span> <span class='ocrx_word' id='word_1_288' title='bbox 694 2550 943 2604; x_wconf 79' lang='grc' dir='ltr'>ἔκϐασιν.</span> <span class='ocrx_word' id='word_1_289' title='bbox 990 2552 1055 2605; x_wconf 77' lang='lat' dir='ltr'><strong>Ei</strong></span> <span class='ocrx_word' id='word_1_290' title='bbox 1087 2552 1195 2624; x_wconf 84' lang='grc' dir='ltr'><strong>γὰρ</strong></span> <span class='ocrx_word' id='word_1_291' title='bbox 1246 2553 1319 2623; x_wconf 82' lang='grc' dir='ltr'>μὴ</span> <span class='ocrx_word' id='word_1_292' title='bbox 1369 2554 1606 2623; x_wconf 78' lang='grc' dir='ltr'>ἐπράθη,</span> <span class='ocrx_word' id='word_1_293' title='bbox 1637 2554 1738 2606; x_wconf 85' lang='grc' dir='ltr'>οὑκ</span> <span class='ocrx_word' id='word_1_294' title='bbox 1768 2553 1835 2607; x_wconf 85' lang='grc' dir='ltr'>ἂν</span> 
     </span>
    </p>
   </div>
   <div class='ocr_carea' id='block_1_42' title="bbox 248 2640 1836 2714">
    <p class='ocr_par' dir='ltr' id='par_1_42' title="bbox 248 2640 1836 2714">
     <span class='ocr_line' id='line_1_42' title="bbox 248 2640 1836 2714; baseline 0.001 -19"><span class='ocrx_word' id='word_1_295' title='bbox 248 2640 408 2712; x_wconf 75' lang='grc' dir='ltr'>ἦλθεν</span> <span class='ocrx_word' id='word_1_296' title='bbox 454 2644 538 2705; x_wconf 86' lang='grc' dir='ltr'><strong>είς</strong></span> <span class='ocrx_word' id='word_1_297' title='bbox 590 2641 890 2709; x_wconf 75' lang='grc' dir='ltr'>Αἴγυπτον,</span> <span class='ocrx_word' id='word_1_298' title='bbox 925 2642 1027 2695; x_wconf 83' lang='grc' dir='ltr'><strong>οὐκ</strong></span> <span class='ocrx_word' id='word_1_299' title='bbox 1074 2642 1140 2696; x_wconf 84' lang='grc' dir='ltr'><strong>ἂν</strong></span> <span class='ocrx_word' id='word_1_300' title='bbox 1189 2642 1277 2696; x_wconf 87' lang='grc' dir='ltr'><strong>διά</strong></span> <span class='ocrx_word' id='word_1_301' title='bbox 1312 2642 1667 2714; x_wconf 77' lang='grc' dir='ltr'>σωφροσύνην</span> <span class='ocrx_word' id='word_1_302' title='bbox 1714 2647 1836 2708; x_wconf 84' lang='grc' dir='ltr'>ταῖς</span> 
     </span>
    </p>
   </div>
   <div class='ocr_carea' id='block_1_43' title="bbox 250 2733 1835 2807">
    <p class='ocr_par' dir='ltr' id='par_1_43' title="bbox 250 2733 1835 2807">
     <span class='ocr_line' id='line_1_43' title="bbox 250 2733 1835 2807; baseline 0.001 -20"><span class='ocrx_word' id='word_1_303' title='bbox 250 2733 563 2799; x_wconf 79' lang='grc' dir='ltr'>ἐπιϐουλαῖς</span> <span class='ocrx_word' id='word_1_304' title='bbox 596 2736 699 2805; x_wconf 81' lang='grc' dir='ltr'>τῆς</span> <span class='ocrx_word' id='word_1_305' title='bbox 732 2735 1035 2789; x_wconf 79' lang='grc' dir='ltr'>ἀκολάστου</span> <span class='ocrx_word' id='word_1_306' title='bbox 1066 2737 1321 2802; x_wconf 70' lang='grc' dir='ltr'>γυναικὸς</span> <span class='ocrx_word' id='word_1_307' title='bbox 1357 2735 1705 2807; x_wconf 78' lang='grc' dir='ltr'>περιέπεσεν,</span> <span class='ocrx_word' id='word_1_308' title='bbox 1734 2736 1835 2789; x_wconf 80' lang='grc' dir='ltr'><strong>οὐκ</strong></span> 
     </span>
    </p>
   </div>
   <div class='ocr_carea' id='block_1_44' title="bbox 252 2828 1834 2899">
    <p class='ocr_par' dir='ltr' id='par_1_44' title="bbox 252 2828 1834 2899">
     <span class='ocr_line' id='line_1_44' title="bbox 252 2828 1834 2899; baseline -0.002 -17"><span class='ocrx_word' id='word_1_309' title='bbox 252 2829 315 2882; x_wconf 80' lang='grc' dir='ltr'><strong>ἂν</strong></span> <span class='ocrx_word' id='word_1_310' title='bbox 339 2829 545 2899; x_wconf 76' lang='grc' dir='ltr'>ἐϐλήθη</span> <span class='ocrx_word' id='word_1_311' title='bbox 580 2831 663 2892; x_wconf 88' lang='grc' dir='ltr'><strong>είς</strong></span> <span class='ocrx_word' id='word_1_312' title='bbox 694 2829 1092 2899; x_wconf 82' lang='grc' dir='ltr'>δεσμωτήριον,</span> <span class='ocrx_word' id='word_1_313' title='bbox 1127 2830 1226 2882; x_wconf 81' lang='grc' dir='ltr'>οὐκ</span> <span class='ocrx_word' id='word_1_314' title='bbox 1254 2829 1320 2882; x_wconf 83' lang='grc' dir='ltr'>ἂν</span> <span class='ocrx_word' id='word_1_315' title='bbox 1349 2829 1565 2896; x_wconf 78' lang='grc' dir='ltr'>ἐγένετο</span> <span class='ocrx_word' id='word_1_316' title='bbox 1597 2828 1834 2899; x_wconf 76' lang='grc' dir='ltr'>συνήθης</span> 
     </span>
    </p>
   </div>
   <div class='ocr_carea' id='block_1_45' title="bbox 250 2918 1836 2992">
    <p class='ocr_par' dir='ltr' id='par_1_45' title="bbox 250 2918 1836 2992">
     <span class='ocr_line' id='line_1_45' title="bbox 250 2918 1836 2992; baseline -0.001 -18"><span class='ocrx_word' id='word_1_317' title='bbox 250 2925 360 2983; x_wconf 81' lang='grc' dir='ltr'>τοῖς</span> <span class='ocrx_word' id='word_1_318' title='bbox 398 2921 711 2992; x_wconf 76' lang='grc' dir='ltr'>ὑπηρέταις</span> <span class='ocrx_word' id='word_1_319' title='bbox 758 2920 854 2973; x_wconf 77' lang='grc' dir='ltr'>τοῦ</span> <span class='ocrx_word' id='word_1_320' title='bbox 901 2918 1123 2992; x_wconf 81' lang='grc' dir='ltr'>Φαραὼ,</span> <span class='ocrx_word' id='word_1_321' title='bbox 1168 2920 1277 2974; x_wconf 79' lang='grc' dir='ltr'>οὐδ’</span> <span class='ocrx_word' id='word_1_322' title='bbox 1333 2921 1399 2974; x_wconf 83' lang='grc' dir='ltr'><strong>ἂν</strong></span> <span class='ocrx_word' id='word_1_323' title='bbox 1455 2919 1716 2974; x_wconf 86' lang='grc' dir='ltr'>συνέϐαλε</span> <span class='ocrx_word' id='word_1_324' title='bbox 1768 2919 1836 2972; x_wconf 79' lang='grc' dir='ltr'><strong>τά</strong></span> 
     </span>
    </p>
   </div>
   <div class='ocr_carea' id='block_1_46' title="bbox 249 3010 1835 3088">
    <p class='ocr_par' dir='ltr' id='par_1_46' title="bbox 249 3010 1835 3088">
     <span class='ocr_line' id='line_1_46' title="bbox 249 3010 1835 3088; baseline -0.004 -19"><span class='ocrx_word' id='word_1_325' title='bbox 249 3017 524 3088; x_wconf 74' lang='grc' dir='ltr'>ὀνείρατα,</span> <span class='ocrx_word' id='word_1_326' title='bbox 546 3014 673 3067; x_wconf 80' lang='grc' dir='ltr'>ὅθεν</span> <span class='ocrx_word' id='word_1_327' title='bbox 702 3012 799 3083; x_wconf 79' lang='grc' dir='ltr'>τὴν</span> <span class='ocrx_word' id='word_1_328' title='bbox 824 3013 999 3083; x_wconf 83' lang='grc' dir='ltr'>ἀρχὴν</span> <span class='ocrx_word' id='word_1_329' title='bbox 1030 3011 1248 3076; x_wconf 78' lang='grc' dir='ltr'>ἐδέξατο</span> <span class='ocrx_word' id='word_1_330' title='bbox 1282 3012 1380 3080; x_wconf 79' lang='grc' dir='ltr'>τῆς</span> <span class='ocrx_word' id='word_1_331' title='bbox 1409 3011 1709 3079; x_wconf 81' lang='grc' dir='ltr'>Αίγύπτου,</span> <span class='ocrx_word' id='word_1_332' title='bbox 1740 3010 1835 3064; x_wconf 82' lang='grc' dir='ltr'><strong>καὶ</strong></span> 
     </span>
    </p>
   </div>
   <div class='ocr_carea' id='block_1_47' title="bbox 250 3100 1833 3178">
    <p class='ocr_par' dir='ltr' id='par_1_47' title="bbox 250 3100 1833 3178">
     <span class='ocr_line' id='line_1_47' title="bbox 250 3100 1833 3178; baseline -0.006 -16"><span class='ocrx_word' id='word_1_333' title='bbox 250 3109 330 3161; x_wconf 71' lang='grc' dir='ltr'>διὰ</span> <span class='ocrx_word' id='word_1_334' title='bbox 371 3109 472 3178; x_wconf 77' lang='grc' dir='ltr'>τὴν</span> <span class='ocrx_word' id='word_1_335' title='bbox 506 3105 774 3158; x_wconf 69' lang='grc' dir='ltr'>σιτοδείαν</span> <span class='ocrx_word' id='word_1_336' title='bbox 814 3104 917 3156; x_wconf 81' lang='grc' dir='ltr'>ὑπὸ</span> <span class='ocrx_word' id='word_1_337' title='bbox 948 3102 1057 3155; x_wconf 77' lang='grc' dir='ltr'><strong>τῶν</strong></span> <span class='ocrx_word' id='word_1_338' title='bbox 1091 3102 1334 3170; x_wconf 75' lang='grc' dir='ltr'>ἀδελφῶν</span> <span class='ocrx_word' id='word_1_339' title='bbox 1366 3101 1533 3156; x_wconf 76' lang='grc' dir='ltr'>αὐτοῦ</span> <span class='ocrx_word' id='word_1_340' title='bbox 1567 3102 1704 3174; x_wconf 85' lang='grc' dir='ltr'>πρὸς</span> <span class='ocrx_word' id='word_1_341' title='bbox 1731 3100 1833 3153; x_wconf 68' lang='lat' dir='ltr'><strong>as-</strong></span> 
     </span>
    </p>
   </div>
   <div class='ocr_carea' id='block_1_48' title="bbox 1936 1909 3519 1981">
    <p class='ocr_par' dir='ltr' id='par_1_48' title="bbox 1936 1909 3519 1981">
     <span class='ocr_line' id='line_1_48' title="bbox 1936 1909 3519 1981; baseline 0.004 -21"><span class='ocrx_word' id='word_1_342' title='bbox 1936 1909 2095 1976; x_wconf 89' lang='lat' dir='ltr'><strong>quasi</strong></span> <span class='ocrx_word' id='word_1_343' title='bbox 2138 1924 2332 1964; x_wconf 84' lang='lat' dir='ltr'><strong>servus</strong></span> <span class='ocrx_word' id='word_1_344' title='bbox 2378 1910 2448 1964; x_wconf 91' lang='lat' dir='ltr'><strong>ab</strong></span> <span class='ocrx_word' id='word_1_345' title='bbox 2478 1910 2561 1964; x_wconf 88' lang='lat' dir='ltr'><strong>eis</strong></span> <span class='ocrx_word' id='word_1_346' title='bbox 2612 1926 2894 1981; x_wconf 84' lang='lat' dir='ltr'><strong>nunquam</strong></span> <span class='ocrx_word' id='word_1_347' title='bbox 2946 1912 3146 1967; x_wconf 85' lang='lat' dir='ltr'><strong>fuisset</strong></span> <span class='ocrx_word' id='word_1_348' title='bbox 3184 1911 3519 1966; x_wconf 88' lang='lat' dir='ltr'><strong>adorandus.</strong></span> 
     </span>
    </p>
   </div>
   <div class='ocr_carea' id='block_1_49' title="bbox 1939 1997 3524 2072">
    <p class='ocr_par' dir='ltr' id='par_1_49' title="bbox 1939 1997 3524 2072">
     <span class='ocr_line' id='line_1_49' title="bbox 1939 1997 3524 2072; baseline 0.001 -18"><span class='ocrx_word' id='word_1_349' title='bbox 1939 1997 2045 2054; x_wconf 88' lang='lat' dir='ltr'><strong>Sed</strong></span> <span class='ocrx_word' id='word_1_350' title='bbox 2081 1999 2127 2054; x_wconf 89' lang='lat' dir='ltr'><strong>si</strong></span> <span class='ocrx_word' id='word_1_351' title='bbox 2152 2016 2280 2055; x_wconf 87' lang='lat' dir='ltr'><strong>vera</strong></span> <span class='ocrx_word' id='word_1_352' title='bbox 2323 2009 2455 2055; x_wconf 91' lang='lat' dir='ltr'><strong>sunt</strong></span> <span class='ocrx_word' id='word_1_353' title='bbox 2489 2005 2725 2066; x_wconf 88' lang='lat' dir='ltr'><strong>somnia,</strong></span> <span class='ocrx_word' id='word_1_354' title='bbox 2761 2018 2871 2072; x_wconf 90' lang='lat' dir='ltr'><strong>qua</strong></span> <span class='ocrx_word' id='word_1_355' title='bbox 2923 2013 3041 2056; x_wconf 89' lang='lat' dir='ltr'><strong>arte</strong></span> <span class='ocrx_word' id='word_1_356' title='bbox 3079 2003 3192 2057; x_wconf 84' lang='lat' dir='ltr'><strong>fieri</strong></span> <span class='ocrx_word' id='word_1_357' title='bbox 3229 2004 3424 2072; x_wconf 83' lang='lat' dir='ltr'><strong>possit,</strong></span> <span class='ocrx_word' id='word_1_358' title='bbox 3461 2010 3524 2056; x_wconf 93' lang='lat' dir='ltr'><strong>ut</strong></span> 
     </span>
    </p>
   </div>
   <div class='ocr_carea' id='block_1_50' title="bbox 1936 2094 3522 2165">
    <p class='ocr_par' dir='ltr' id='par_1_50' title="bbox 1936 2094 3522 2165">
     <span class='ocr_line' id='line_1_50' title="bbox 1936 2094 3522 2165; baseline 0.002 -19"><span class='ocrx_word' id='word_1_359' title='bbox 1936 2108 2048 2147; x_wconf 88' lang='lat' dir='ltr'><strong>non</strong></span> <span class='ocrx_word' id='word_1_360' title='bbox 2075 2094 2302 2148; x_wconf 90' lang='lat' dir='ltr'><strong>omnino</strong></span> <span class='ocrx_word' id='word_1_361' title='bbox 2334 2094 2588 2148; x_wconf 82' lang='lat' dir='ltr'><strong>eveniant</strong></span> <span class='ocrx_word' id='word_1_362' title='bbox 2612 2097 3024 2165; x_wconf 63' lang='lat' dir='ltr'><strong>prwnuntiata?</strong></span> <span class='ocrx_word' id='word_1_363' title='bbox 3047 2096 3145 2150; x_wconf 79' lang='lat' dir='ltr'><strong>Sin</strong></span> <span class='ocrx_word' id='word_1_364' title='bbox 3177 2104 3360 2149; x_wconf 86' lang='lat' dir='ltr'><strong>autem</strong></span> <span class='ocrx_word' id='word_1_365' title='bbox 3385 2095 3522 2151; x_wconf 88' lang='lat' dir='ltr'><strong>falsa</strong></span> 
     </span>
    </p>
   </div>
   <div class='ocr_carea' id='block_1_51' title="bbox 1937 2184 3525 2249">
    <p class='ocr_par' dir='ltr' id='par_1_51' title="bbox 1937 2184 3525 2249">
     <span class='ocr_line' id='line_1_51' title="bbox 1937 2184 3525 2249; baseline 0.001 -9"><span class='ocrx_word' id='word_1_366' title='bbox 1937 2184 2277 2240; x_wconf 88' lang='lat' dir='ltr'><strong>somniorum</strong></span> <span class='ocrx_word' id='word_1_367' title='bbox 2301 2185 2438 2249; x_wconf 90' lang='lat' dir='ltr'><strong>visa,</strong></span> <span class='ocrx_word' id='word_1_368' title='bbox 2463 2200 2563 2239; x_wconf 89' lang='lat' dir='ltr'><strong>cur</strong></span> <span class='ocrx_word' id='word_1_369' title='bbox 2588 2187 2848 2242; x_wconf 83' lang='lat' dir='ltr'><strong>invidetis</strong></span> <span class='ocrx_word' id='word_1_370' title='bbox 2871 2188 3150 2243; x_wconf 86' lang='lat' dir='ltr'><strong>aberranti</strong></span> <span class='ocrx_word' id='word_1_371' title='bbox 3170 2188 3193 2239; x_wconf 85' lang='lat'><strong>?</strong></span> <span class='ocrx_word' id='word_1_372' title='bbox 3213 2186 3369 2242; x_wconf 85' lang='lat' dir='ltr'><strong>Nunc</strong></span> <span class='ocrx_word' id='word_1_373' title='bbox 3392 2201 3525 2241; x_wconf 90' lang='lat' dir='ltr'><strong>vero</strong></span> 
     </span>
    </p>
   </div>
   <div class='ocr_carea' id='block_1_52' title="bbox 1935 2276 3526 2349">
    <p class='ocr_par' dir='ltr' id='par_1_52' title="bbox 1935 2276 3526 2349">
     <span class='ocr_line' id='line_1_52' title="bbox 1935 2276 3526 2349; baseline 0.001 -19"><span class='ocrx_word' id='word_1_374' title='bbox 1935 2276 2110 2331; x_wconf 88' lang='lat' dir='ltr'><strong>solers</strong></span> <span class='ocrx_word' id='word_1_375' title='bbox 2143 2277 2363 2331; x_wconf 90' lang='lat' dir='ltr'><strong>illorum</strong></span> <span class='ocrx_word' id='word_1_376' title='bbox 2392 2277 2686 2331; x_wconf 87' lang='lat' dir='ltr'><strong>consilium</strong></span> <span class='ocrx_word' id='word_1_377' title='bbox 2712 2277 2807 2334; x_wconf 85' lang='lat' dir='ltr'><strong>Dei</strong></span> <span class='ocrx_word' id='word_1_378' title='bbox 2847 2279 3195 2349; x_wconf 73' lang='lat' dir='ltr'><strong>providentia</strong></span> <span class='ocrx_word' id='word_1_379' title='bbox 3223 2280 3277 2331; x_wconf 88' lang='lat' dir='ltr'><strong>in</strong></span> <span class='ocrx_word' id='word_1_380' title='bbox 3305 2286 3526 2332; x_wconf 59' lang='lat' dir='ltr'><strong>contra-</strong></span> 
     </span>
    </p>
   </div>
   <div class='ocr_carea' id='block_1_53' title="bbox 1937 2368 3527 2442">
    <p class='ocr_par' dir='ltr' id='par_1_53' title="bbox 1937 2368 3527 2442">
     <span class='ocr_line' id='line_1_53' title="bbox 1937 2368 3527 2442; baseline 0.002 -22"><span class='ocrx_word' id='word_1_381' title='bbox 1937 2369 2078 2421; x_wconf 91' lang='lat' dir='ltr'><strong>rium</strong></span> <span class='ocrx_word' id='word_1_382' title='bbox 2106 2368 2241 2438; x_wconf 89' lang='lat' dir='ltr'><strong>ipsis</strong></span> <span class='ocrx_word' id='word_1_383' title='bbox 2268 2372 2522 2425; x_wconf 87' lang='lat' dir='ltr'><strong>vertitur.</strong></span> <span class='ocrx_word' id='word_1_384' title='bbox 2557 2369 2771 2436; x_wconf 87' lang='lat' dir='ltr'><strong>Quibus</strong></span> <span class='ocrx_word' id='word_1_385' title='bbox 2804 2373 2947 2425; x_wconf 78' lang='lat' dir='ltr'><strong>ettim</strong></span> <span class='ocrx_word' id='word_1_386' title='bbox 2999 2372 3268 2442; x_wconf 86' lang='lat' dir='ltr'><strong>putabant</strong></span> <span class='ocrx_word' id='word_1_387' title='bbox 3297 2386 3357 2426; x_wconf 92' lang='lat' dir='ltr'><strong>se</strong></span> <span class='ocrx_word' id='word_1_388' title='bbox 3384 2371 3495 2424; x_wconf 88' lang='lat' dir='ltr'><strong>vati</strong></span> <span class='ocrx_word' id='word_1_389' title='bbox 3514 2400 3527 2411; x_wconf 67' lang='grc' dir='ltr'><em>α</em></span> 
     </span>
    </p>
   </div>
   <div class='ocr_carea' id='block_1_54' title="bbox 1935 2457 3525 2531">
    <p class='ocr_par' dir='ltr' id='par_1_54' title="bbox 1935 2457 3525 2531">
     <span class='ocr_line' id='line_1_54' title="bbox 1935 2457 3525 2531; baseline 0.001 -20"><span class='ocrx_word' id='word_1_390' title='bbox 1935 2457 2140 2512; x_wconf 85' lang='lat' dir='ltr'><strong>ciuium</strong></span> <span class='ocrx_word' id='word_1_391' title='bbox 2172 2459 2565 2531; x_wconf 88' lang='lat' dir='ltr'><strong>impedituros,</strong></span> <span class='ocrx_word' id='word_1_392' title='bbox 2595 2460 2789 2515; x_wconf 89' lang='lat' dir='ltr'><strong>iisdem</strong></span> <span class='ocrx_word' id='word_1_393' title='bbox 2824 2462 2971 2514; x_wconf 89' lang='lat' dir='ltr'><strong>viam</strong></span> <span class='ocrx_word' id='word_1_394' title='bbox 3004 2462 3223 2515; x_wconf 81' lang='lat' dir='ltr'><strong>eventui</strong></span> <span class='ocrx_word' id='word_1_395' title='bbox 3257 2462 3525 2515; x_wconf 86' lang='lat' dir='ltr'><strong>stravisse</strong></span> 
     </span>
    </p>
   </div>
   <div class='ocr_carea' id='block_1_55' title="bbox 1937 2553 3526 2623">
    <p class='ocr_par' dir='ltr' id='par_1_55' title="bbox 1937 2553 3526 2623">
     <span class='ocr_line' id='line_1_55' title="bbox 1937 2553 3526 2623; baseline 0 -17"><span class='ocrx_word' id='word_1_396' title='bbox 1937 2555 2205 2623; x_wconf 88' lang='lat' dir='ltr'><strong>comperti</strong></span> <span class='ocrx_word' id='word_1_397' title='bbox 2230 2566 2380 2609; x_wconf 90' lang='lat' dir='ltr'><strong>sunt.</strong></span> <span class='ocrx_word' id='word_1_398' title='bbox 2416 2554 2628 2611; x_wconf 86' lang='lat' dir='ltr'><strong>Etenim</strong></span> <span class='ocrx_word' id='word_1_399' title='bbox 2653 2558 2700 2610; x_wconf 92' lang='lat' dir='ltr'><strong>si</strong></span> <span class='ocrx_word' id='word_1_400' title='bbox 2725 2555 2985 2609; x_wconf 87' lang='lat' dir='ltr'><strong>venditus</strong></span> <span class='ocrx_word' id='word_1_401' title='bbox 3021 2569 3129 2607; x_wconf 89' lang='lat' dir='ltr'><strong>non</strong></span> <span class='ocrx_word' id='word_1_402' title='bbox 3167 2553 3381 2618; x_wconf 80' lang='lat' dir='ltr'><strong>fuisset,</strong></span> <span class='ocrx_word' id='word_1_403' title='bbox 3412 2567 3526 2607; x_wconf 89' lang='lat' dir='ltr'><strong>non</strong></span> 
     </span>
    </p>
   </div>
   <div class='ocr_carea' id='block_1_56' title="bbox 1936 2644 3525 2717">
    <p class='ocr_par' dir='ltr' id='par_1_56' title="bbox 1936 2644 3525 2717">
     <span class='ocr_line' id='line_1_56' title="bbox 1936 2644 3525 2717; baseline 0.001 -20"><span class='ocrx_word' id='word_1_404' title='bbox 1936 2645 2176 2700; x_wconf 82' lang='lat' dir='ltr'><strong>venisset</strong></span> <span class='ocrx_word' id='word_1_405' title='bbox 2199 2646 2254 2700; x_wconf 90' lang='lat' dir='ltr'><strong>in</strong></span> <span class='ocrx_word' id='word_1_406' title='bbox 2270 2646 2586 2717; x_wconf 66' lang='lat' dir='ltr'><strong>IEgyptum,</strong></span> <span class='ocrx_word' id='word_1_407' title='bbox 2610 2662 2722 2701; x_wconf 87' lang='lat' dir='ltr'><strong>non</strong></span> <span class='ocrx_word' id='word_1_408' title='bbox 2751 2647 2825 2701; x_wconf 92' lang='lat' dir='ltr'><strong>ob</strong></span> <span class='ocrx_word' id='word_1_409' title='bbox 2854 2646 3176 2716; x_wconf 86' lang='lat' dir='ltr'><strong>pudicitiam</strong></span> <span class='ocrx_word' id='word_1_410' title='bbox 3205 2646 3259 2698; x_wconf 89' lang='lat' dir='ltr'><strong>in</strong></span> <span class='ocrx_word' id='word_1_411' title='bbox 3291 2644 3525 2699; x_wconf 86' lang='lat' dir='ltr'><strong>insidias</strong></span> 
     </span>
    </p>
   </div>
   <div class='ocr_carea' id='block_1_57' title="bbox 1938 2737 3526 2809">
    <p class='ocr_par' dir='ltr' id='par_1_57' title="bbox 1938 2737 3526 2809">
     <span class='ocr_line' id='line_1_57' title="bbox 1938 2737 3526 2809; baseline -0.003 -17"><span class='ocrx_word' id='word_1_412' title='bbox 1938 2739 2230 2809; x_wconf 64' lang='lat' dir='ltr'><strong>impudica:</strong></span> <span class='ocrx_word' id='word_1_413' title='bbox 2258 2740 2507 2794; x_wconf 90' lang='lat' dir='ltr'><strong>mulieris</strong></span> <span class='ocrx_word' id='word_1_414' title='bbox 2535 2739 2839 2802; x_wconf 88' lang='lat' dir='ltr'><strong>incidisset,</strong></span> <span class='ocrx_word' id='word_1_415' title='bbox 2864 2753 2974 2792; x_wconf 92' lang='lat' dir='ltr'><strong>non</strong></span> <span class='ocrx_word' id='word_1_416' title='bbox 3004 2738 3292 2806; x_wconf 76' lang='lat' dir='ltr'><strong>conjectus</strong></span> <span class='ocrx_word' id='word_1_417' title='bbox 3327 2737 3526 2791; x_wconf 88' lang='lat' dir='ltr'><strong>fuisset</strong></span> 
     </span>
    </p>
   </div>
   <div class='ocr_carea' id='block_1_58' title="bbox 1936 2827 3527 2896">
    <p class='ocr_par' dir='ltr' id='par_1_58' title="bbox 1936 2827 3527 2896">
     <span class='ocr_line' id='line_1_58' title="bbox 1936 2827 3527 2896; baseline -0.003 -12"><span class='ocrx_word' id='word_1_418' title='bbox 1936 2830 1991 2884; x_wconf 91' lang='lat' dir='ltr'><strong>in</strong></span> <span class='ocrx_word' id='word_1_419' title='bbox 2011 2846 2311 2896; x_wconf 87' lang='lat' dir='ltr'><strong>carcerem,</strong></span> <span class='ocrx_word' id='word_1_420' title='bbox 2333 2845 2443 2885; x_wconf 90' lang='lat' dir='ltr'><strong>non</strong></span> <span class='ocrx_word' id='word_1_421' title='bbox 2469 2829 2762 2885; x_wconf 77' lang='lat' dir='ltr'><strong>familiaris</strong></span> <span class='ocrx_word' id='word_1_422' title='bbox 2792 2831 3061 2884; x_wconf 81' lang='lat' dir='ltr'><strong>evasisset</strong></span> <span class='ocrx_word' id='word_1_423' title='bbox 3090 2829 3361 2882; x_wconf 86' lang='lat' dir='ltr'><strong>ministris</strong></span> <span class='ocrx_word' id='word_1_424' title='bbox 3379 2827 3527 2881; x_wconf 79' lang='lat' dir='ltr'><strong>Plia-</strong></span> 
     </span>
    </p>
   </div>
   <div class='ocr_carea' id='block_1_59' title="bbox 1936 2920 3518 2993">
    <p class='ocr_par' dir='ltr' id='par_1_59' title="bbox 1936 2920 3518 2993">
     <span class='ocr_line' id='line_1_59' title="bbox 1936 2920 3518 2993; baseline -0.003 -16"><span class='ocrx_word' id='word_1_425' title='bbox 1936 2923 2142 2987; x_wconf 89' lang='lat' dir='ltr'><strong>raonis,</strong></span> <span class='ocrx_word' id='word_1_426' title='bbox 2189 2938 2368 2993; x_wconf 85' lang='lat' dir='ltr'><strong>neque</strong></span> <span class='ocrx_word' id='word_1_427' title='bbox 2420 2923 2759 2978; x_wconf 90' lang='lat' dir='ltr'><strong>somniorum</strong></span> <span class='ocrx_word' id='word_1_428' title='bbox 2790 2920 2987 2976; x_wconf 88' lang='lat' dir='ltr'><strong>fuisset</strong></span> <span class='ocrx_word' id='word_1_429' title='bbox 3022 2921 3306 2990; x_wconf 85' lang='lat' dir='ltr'><strong>conjector</strong></span> <span class='ocrx_word' id='word_1_430' title='bbox 3326 2960 3341 2981; x_wconf 97' lang='lat'><strong>,</strong></span> <span class='ocrx_word' id='word_1_431' title='bbox 3370 2920 3518 2973; x_wconf 91' lang='lat' dir='ltr'><strong>unde</strong></span> 
     </span>
    </p>
   </div>
   <div class='ocr_carea' id='block_1_60' title="bbox 1936 3010 3527 3086">
    <p class='ocr_par' dir='ltr' id='par_1_60' title="bbox 1936 3010 3527 3086">
     <span class='ocr_line' id='line_1_60' title="bbox 1936 3010 3527 3086; baseline -0.003 -18"><span class='ocrx_word' id='word_1_432' title='bbox 1936 3014 2304 3085; x_wconf 81' lang='lat' dir='ltr'><strong>principatum</strong></span> <span class='ocrx_word' id='word_1_433' title='bbox 2324 3013 2547 3086; x_wconf 64' lang='lat' dir='ltr'><strong>Egypti</strong></span> <span class='ocrx_word' id='word_1_434' title='bbox 2579 3013 2839 3077; x_wconf 90' lang='lat' dir='ltr'><strong>obtinuit,</strong></span> <span class='ocrx_word' id='word_1_435' title='bbox 2870 3020 2926 3067; x_wconf 79' lang='lat' dir='ltr'><strong>et</strong></span> <span class='ocrx_word' id='word_1_436' title='bbox 2952 3027 2983 3066; x_wconf 89' lang='lat' dir='ltr'><strong>a</strong></span> <span class='ocrx_word' id='word_1_437' title='bbox 3016 3012 3133 3066; x_wconf 88' lang='lat' dir='ltr'><strong>suis</strong></span> <span class='ocrx_word' id='word_1_438' title='bbox 3158 3011 3422 3065; x_wconf 85' lang='lat' dir='ltr'><strong>fratribus</strong></span> <span class='ocrx_word' id='word_1_439' title='bbox 3455 3010 3527 3063; x_wconf 87' lang='lat' dir='ltr'><strong>ob</strong></span> 
     </span>
    </p>
   </div>
   <div class='ocr_carea' id='block_1_61' title="bbox 1936 3101 3528 3177">
    <p class='ocr_par' dir='ltr' id='par_1_61' title="bbox 1936 3101 3528 3177">
     <span class='ocr_line' id='line_1_61' title="bbox 1936 3101 3528 3177; baseline -0.003 -16"><span class='ocrx_word' id='word_1_440' title='bbox 1936 3106 2196 3161; x_wconf 87' lang='lat' dir='ltr'><strong>frumenti</strong></span> <span class='ocrx_word' id='word_1_441' title='bbox 2244 3107 2484 3177; x_wconf 86' lang='lat' dir='ltr'><strong>inopiam</strong></span> <span class='ocrx_word' id='word_1_442' title='bbox 2532 3106 2601 3160; x_wconf 88' lang='lat' dir='ltr'><strong>ad</strong></span> <span class='ocrx_word' id='word_1_443' title='bbox 2656 3121 2718 3162; x_wconf 89' lang='lat' dir='ltr'><strong>se</strong></span> <span class='ocrx_word' id='word_1_444' title='bbox 2765 3104 3224 3160; x_wconf 88' lang='lat' dir='ltr'><strong>convenientibus</strong></span> <span class='ocrx_word' id='word_1_445' title='bbox 3262 3101 3528 3157; x_wconf 87' lang='lat' dir='ltr'><strong>adoratus</strong></span> 
     </span>
    </p>
   </div>
   <div class='ocr_carea' id='block_1_62' title="bbox 248 3192 1838 3267">
    <p class='ocr_par' dir='ltr' id='par_1_62' title="bbox 248 3194 1836 3267">
     <span class='ocr_line' id='line_1_62' title="bbox 248 3194 1836 3267; baseline -0.004 -14"><span class='ocrx_word' id='word_1_446' title='bbox 248 3201 337 3253; x_wconf 67' lang='grc' dir='ltr'>τὸν</span> <span class='ocrx_word' id='word_1_447' title='bbox 385 3199 657 3251; x_wconf 73' lang='grc' dir='ltr'>ἐλθόντων</span> <span class='ocrx_word' id='word_1_448' title='bbox 704 3195 1110 3267; x_wconf 81' lang='grc' dir='ltr'>προσεκυνήθη.</span> <span class='ocrx_word' id='word_1_449' title='bbox 1168 3196 1398 3249; x_wconf 86' lang='grc' dir='ltr'>Μετάϐα</span> <span class='ocrx_word' id='word_1_450' title='bbox 1440 3195 1519 3265; x_wconf 84' lang='grc' dir='ltr'>τῷ</span> <span class='ocrx_word' id='word_1_451' title='bbox 1562 3194 1705 3265; x_wconf 82' lang='grc' dir='ltr'>λόγῳ</span> <span class='ocrx_word' id='word_1_452' title='bbox 1742 3194 1836 3246; x_wconf 77' lang='grc' dir='ltr'><strong>ἐπὶ</strong></span> 
     </span>
    </p>
   </div>
   <div class='ocr_carea' id='block_1_63' title="bbox 1942 3192 3527 3267">
    <p class='ocr_par' dir='ltr' id='par_1_63' title="bbox 1942 3195 3527 3258">
     <span class='ocr_line' id='line_1_63' title="bbox 1942 3195 3527 3258; baseline -0.006 -1"><span class='ocrx_word' id='word_1_453' title='bbox 1942 3210 2042 3258; x_wconf 89' lang='lat' dir='ltr'><strong>est.</strong></span> <span class='ocrx_word' id='word_1_454' title='bbox 2079 3200 2278 3256; x_wconf 79' lang='lat' dir='ltr'><strong>Transi</strong></span> <span class='ocrx_word' id='word_1_455' title='bbox 2337 3201 2521 3255; x_wconf 90' lang='lat' dir='ltr'><strong>animo</strong></span> <span class='ocrx_word' id='word_1_456' title='bbox 2577 3199 2643 3254; x_wconf 89' lang='lat' dir='ltr'><strong>ad</strong></span> <span class='ocrx_word' id='word_1_457' title='bbox 2691 3198 2953 3254; x_wconf 83' lang='lat' dir='ltr'><strong>invidiam</strong></span> <span class='ocrx_word' id='word_1_458' title='bbox 2997 3198 3147 3251; x_wconf 87' lang='lat' dir='ltr'><strong>illam</strong></span> <span class='ocrx_word' id='word_1_459' title='bbox 3203 3195 3527 3254; x_wconf 71' lang='lat' dir='ltr'><strong>maximam,</strong></span> 
     </span>
    </p>
   </div>
   <div class='ocr_carea' id='block_1_64' title="bbox 248 3287 1833 3361">
    <p class='ocr_par' dir='ltr' id='par_1_64' title="bbox 248 3287 1833 3361">
     <span class='ocr_line' id='line_1_64' title="bbox 248 3287 1833 3361; baseline -0.003 -17"><span class='ocrx_word' id='word_1_460' title='bbox 248 3292 337 3344; x_wconf 74' lang='grc' dir='ltr'><strong>τὸν</strong></span> <span class='ocrx_word' id='word_1_461' title='bbox 394 3291 659 3361; x_wconf 78' lang='grc' dir='ltr'>μέγιστον</span> <span class='ocrx_word' id='word_1_462' title='bbox 702 3287 916 3355; x_wconf 78' lang='grc' dir='ltr'>φθόνον,</span> <span class='ocrx_word' id='word_1_463' title='bbox 967 3288 1062 3340; x_wconf 77' lang='grc' dir='ltr'><strong>καὶ</strong></span> <span class='ocrx_word' id='word_1_464' title='bbox 1094 3287 1187 3340; x_wconf 80' lang='grc' dir='ltr'><strong>ἐπὶ</strong></span> <span class='ocrx_word' id='word_1_465' title='bbox 1219 3287 1498 3358; x_wconf 85' lang='grc' dir='ltr'>μεγίστοις</span> <span class='ocrx_word' id='word_1_466' title='bbox 1539 3288 1833 3351; x_wconf 80' lang='grc' dir='ltr'>συστάντα,</span> 
     </span>
    </p>
   </div>
   <div class='ocr_carea' id='block_1_65' title="bbox 248 3377 1837 3449">
    <p class='ocr_par' dir='ltr' id='par_1_65' title="bbox 248 3377 1837 3449">
     <span class='ocr_line' id='line_1_65' title="bbox 248 3377 1837 3449; baseline -0.003 -15"><span class='ocrx_word' id='word_1_467' title='bbox 248 3382 306 3445; x_wconf 73' lang='grc' dir='ltr'>ὃς</span> <span class='ocrx_word' id='word_1_468' title='bbox 335 3384 400 3434; x_wconf 77' lang='grc' dir='ltr'>ὲκ</span> <span class='ocrx_word' id='word_1_469' title='bbox 435 3381 543 3449; x_wconf 78' lang='grc' dir='ltr'>τῆς</span> <span class='ocrx_word' id='word_1_470' title='bbox 585 3378 859 3432; x_wconf 82' lang='grc' dir='ltr'>Ἰουδαίων</span> <span class='ocrx_word' id='word_1_471' title='bbox 908 3378 1103 3449; x_wconf 86' lang='grc' dir='ltr'>μανίας</span> <span class='ocrx_word' id='word_1_472' title='bbox 1131 3378 1274 3432; x_wconf 85' lang='grc' dir='ltr'>κατὰ</span> <span class='ocrx_word' id='word_1_473' title='bbox 1301 3377 1395 3430; x_wconf 74' lang='grc' dir='ltr'><strong>τοῦ</strong></span> <span class='ocrx_word' id='word_1_474' title='bbox 1430 3377 1684 3449; x_wconf 75' lang='grc' dir='ltr'>Σωτῆρος</span> <span class='ocrx_word' id='word_1_475' title='bbox 1712 3378 1837 3446; x_wconf 77' lang='grc' dir='ltr'>ἐγέ-</span> 
     </span>
    </p>
   </div>
   <div class='ocr_carea' id='block_1_66' title="bbox 249 3469 1839 3541">
    <p class='ocr_par' dir='ltr' id='par_1_66' title="bbox 249 3469 1839 3541">
     <span class='ocr_line' id='line_1_66' title="bbox 249 3469 1839 3541; baseline -0.003 -13"><span class='ocrx_word' id='word_1_476' title='bbox 249 3491 386 3528; x_wconf 81' lang='grc' dir='ltr'>νετο.</span> <span class='ocrx_word' id='word_1_477' title='bbox 431 3473 536 3526; x_wconf 86' lang='grc' dir='ltr'>Διά</span> <span class='ocrx_word' id='word_1_478' title='bbox 575 3470 633 3524; x_wconf 86' lang='grc' dir='ltr'><strong>τί</strong></span> <span class='ocrx_word' id='word_1_479' title='bbox 676 3469 983 3539; x_wconf 82' lang='grc' dir='ltr'>ὲφθονεῖτο;</span> <span class='ocrx_word' id='word_1_480' title='bbox 1031 3470 1130 3524; x_wconf 86' lang='grc' dir='ltr'>Διά</span> <span class='ocrx_word' id='word_1_481' title='bbox 1168 3469 1237 3523; x_wconf 85' lang='grc' dir='ltr'>τὰ.</span> <span class='ocrx_word' id='word_1_482' title='bbox 1281 3469 1553 3541; x_wconf 52' lang='grc' dir='ltr'>θαύματα.</span> <span class='ocrx_word' id='word_1_483' title='bbox 1600 3470 1754 3533; x_wconf 85' lang='grc' dir='ltr'>Τίνες</span> <span class='ocrx_word' id='word_1_484' title='bbox 1782 3470 1839 3524; x_wconf 81' lang='grc' dir='ltr'><strong>δὲ</strong></span> 
     </span>
    </p>
   </div>
   <div class='ocr_carea' id='block_1_67' title="bbox 248 3561 1836 3638">
    <p class='ocr_par' dir='ltr' id='par_1_67' title="bbox 248 3561 1836 3638">
     <span class='ocr_line' id='line_1_67' title="bbox 248 3561 1836 3638; baseline -0.001 -20"><span class='ocrx_word' id='word_1_485' title='bbox 248 3561 385 3638; x_wconf 78' lang='grc' dir='ltr'>ἦσαν</span> <span class='ocrx_word' id='word_1_486' title='bbox 439 3566 503 3618; x_wconf 87' lang='grc' dir='ltr'><strong>αί</strong></span> <span class='ocrx_word' id='word_1_487' title='bbox 554 3562 1018 3633; x_wconf 76' lang='grc' dir='ltr'>θαυματοποιίαις</span> <span class='ocrx_word' id='word_1_488' title='bbox 1078 3563 1328 3634; x_wconf 88' lang='grc' dir='ltr'>Σωτηρία</span> <span class='ocrx_word' id='word_1_489' title='bbox 1371 3564 1479 3617; x_wconf 83' lang='grc' dir='ltr'>τῶν</span> <span class='ocrx_word' id='word_1_490' title='bbox 1533 3563 1836 3635; x_wconf 82' lang='grc' dir='ltr'>δεομένων’</span> 
     </span>
    </p>
   </div>
   <div class='ocr_carea' id='block_1_68' title="bbox 249 3653 1837 3730">
    <p class='ocr_par' dir='ltr' id='par_1_68' title="bbox 249 3653 1837 3730">
     <span class='ocr_line' id='line_1_68' title="bbox 249 3653 1837 3730; baseline -0.003 -19"><span class='ocrx_word' id='word_1_491' title='bbox 249 3658 544 3730; x_wconf 73' lang='grc' dir='ltr'>ἐτρέφοντο</span> <span class='ocrx_word' id='word_1_492' title='bbox 594 3655 647 3709; x_wconf 76' lang='lat' dir='ltr'><strong>oi</strong></span> <span class='ocrx_word' id='word_1_493' title='bbox 695 3653 1009 3718; x_wconf 82' lang='grc' dir='ltr'>πεινῶντες,</span> <span class='ocrx_word' id='word_1_494' title='bbox 1042 3655 1136 3708; x_wconf 87' lang='grc' dir='ltr'><strong>καὶ</strong></span> <span class='ocrx_word' id='word_1_495' title='bbox 1174 3657 1204 3708; x_wconf 98' lang='lat'><strong>6</strong></span> <span class='ocrx_word' id='word_1_496' title='bbox 1234 3656 1455 3726; x_wconf 78' lang='grc' dir='ltr'>τρέφων</span> <span class='ocrx_word' id='word_1_497' title='bbox 1484 3655 1802 3726; x_wconf 76' lang='grc' dir='ltr'>ἐπολεμεῖτο</span> <span class='ocrx_word' id='word_1_498' title='bbox 1821 3671 1837 3686; x_wconf 72' lang='grc' dir='ltr'><strong><em>ο</em></strong></span> 
     </span>
    </p>
   </div>
   <div class='ocr_carea' id='block_1_69' title="bbox 250 3747 1838 3821">
    <p class='ocr_par' dir='ltr' id='par_1_69' title="bbox 250 3747 1838 3821">
     <span class='ocr_line' id='line_1_69' title="bbox 250 3747 1838 3821; baseline -0.003 -17"><span class='ocrx_word' id='word_1_499' title='bbox 250 3750 537 3821; x_wconf 80' lang='grc' dir='ltr'>ἠγείροντο</span> <span class='ocrx_word' id='word_1_500' title='bbox 569 3750 623 3802; x_wconf 87' lang='grc' dir='ltr'><strong>οἱ</strong></span> <span class='ocrx_word' id='word_1_501' title='bbox 672 3747 877 3819; x_wconf 85' lang='grc' dir='ltr'>νεκροὶ,</span> <span class='ocrx_word' id='word_1_502' title='bbox 925 3748 1021 3801; x_wconf 82' lang='grc' dir='ltr'><strong>καὶ</strong></span> <span class='ocrx_word' id='word_1_503' title='bbox 1048 3747 1076 3799; x_wconf 90' lang='lat'><strong>6</strong></span> <span class='ocrx_word' id='word_1_504' title='bbox 1126 3747 1406 3811; x_wconf 80' lang='grc' dir='ltr'>ζωοποιῶν</span> <span class='ocrx_word' id='word_1_505' title='bbox 1451 3747 1838 3802; x_wconf 82' lang='grc' dir='ltr'>ὲϐασκαίνετο·</span> 
     </span>
    </p>
   </div>
   <div class='ocr_carea' id='block_1_70' title="bbox 248 3839 1844 3915">
    <p class='ocr_par' dir='ltr' id='par_1_70' title="bbox 248 3839 1844 3915">
     <span class='ocr_line' id='line_1_70' title="bbox 248 3839 1844 3915; baseline -0.004 -17"><span class='ocrx_word' id='word_1_506' title='bbox 248 3844 507 3915; x_wconf 85' lang='grc' dir='ltr'>δαίμονες</span> <span class='ocrx_word' id='word_1_507' title='bbox 563 3840 974 3910; x_wconf 81' lang='grc' dir='ltr'>ἀπηλαύνοντο,</span> <span class='ocrx_word' id='word_1_508' title='bbox 1020 3840 1116 3893; x_wconf 83' lang='grc' dir='ltr'><strong>καὶ</strong></span> <span class='ocrx_word' id='word_1_509' title='bbox 1159 3843 1189 3893; x_wconf 93' lang='lat'><strong>6</strong></span> <span class='ocrx_word' id='word_1_510' title='bbox 1248 3840 1558 3893; x_wconf 74' lang='grc' dir='ltr'>ἐπιτάσσων</span> <span class='ocrx_word' id='word_1_511' title='bbox 1613 3839 1844 3892; x_wconf 80' lang='grc' dir='ltr'>ἐπεϐου-</span> 
     </span>
    </p>
   </div>
   <div class='ocr_carea' id='block_1_71' title="bbox 251 3928 1844 4000">
    <p class='ocr_par' dir='ltr' id='par_1_71' title="bbox 251 3928 1844 4000">
     <span class='ocr_line' id='line_1_71' title="bbox 251 3928 1844 4000; baseline -0.003 -13"><span class='ocrx_word' id='word_1_512' title='bbox 251 3933 471 3987; x_wconf 75' lang='grc' dir='ltr'>λεύετο·</span> <span class='ocrx_word' id='word_1_513' title='bbox 528 3930 727 4000; x_wconf 80' lang='grc' dir='ltr'>λεπροὶ</span> <span class='ocrx_word' id='word_1_514' title='bbox 768 3929 1176 4000; x_wconf 77' lang='grc' dir='ltr'>ὲκαθαρίζοντο,</span> <span class='ocrx_word' id='word_1_515' title='bbox 1229 3929 1325 3982; x_wconf 82' lang='grc' dir='ltr'><strong>καὶ</strong></span> <span class='ocrx_word' id='word_1_516' title='bbox 1358 3928 1523 3998; x_wconf 85' lang='grc' dir='ltr'>χωλοὶ</span> <span class='ocrx_word' id='word_1_517' title='bbox 1577 3929 1844 4000; x_wconf 87' lang='grc' dir='ltr'>περιεπά-</span> 
     </span>
    </p>
   </div>
   <div class='ocr_carea' id='block_1_72' title="bbox 250 4021 1844 4096">
    <p class='ocr_par' dir='ltr' id='par_1_72' title="bbox 250 4021 1844 4096">
     <span class='ocr_line' id='line_1_72' title="bbox 250 4021 1844 4096; baseline -0.005 -15"><span class='ocrx_word' id='word_1_518' title='bbox 250 4044 394 4088; x_wconf 82' lang='grc' dir='ltr'>τουν,</span> <span class='ocrx_word' id='word_1_519' title='bbox 429 4027 615 4094; x_wconf 69' lang='grc' dir='ltr'>κωφοὶ</span> <span class='ocrx_word' id='word_1_520' title='bbox 663 4026 880 4096; x_wconf 72' lang='grc' dir='ltr'>ἢκουον,</span> <span class='ocrx_word' id='word_1_521' title='bbox 939 4023 1034 4078; x_wconf 84' lang='grc' dir='ltr'><strong>καὶ</strong></span> <span class='ocrx_word' id='word_1_522' title='bbox 1076 4022 1267 4094; x_wconf 81' lang='grc' dir='ltr'>τυφλοὶ</span> <span class='ocrx_word' id='word_1_523' title='bbox 1316 4021 1639 4085; x_wconf 87' lang='grc' dir='ltr'>ἀνέϐλεπον,</span> <span class='ocrx_word' id='word_1_524' title='bbox 1687 4023 1782 4074; x_wconf 87' lang='grc' dir='ltr'><strong>καὶ</strong></span> <span class='ocrx_word' id='word_1_525' title='bbox 1814 4023 1844 4073; x_wconf 92' lang='lat'><strong>6</strong></span> 
     </span>
    </p>
   </div>
   <div class='ocr_carea' id='block_1_73' title="bbox 253 4111 1845 4186">
    <p class='ocr_par' dir='ltr' id='par_1_73' title="bbox 253 4111 1845 4186">
     <span class='ocr_line' id='line_1_73' title="bbox 253 4111 1845 4186; baseline -0.003 -18"><span class='ocrx_word' id='word_1_526' title='bbox 253 4116 555 4186; x_wconf 74' lang='grc' dir='ltr'>εὐεργέτης</span> <span class='ocrx_word' id='word_1_527' title='bbox 588 4113 976 4183; x_wconf 73' lang='grc' dir='ltr'>ἐφυγαδεύετο.</span> <span class='ocrx_word' id='word_1_528' title='bbox 1026 4113 1134 4166; x_wconf 83' lang='grc' dir='ltr'>Καὶ</span> <span class='ocrx_word' id='word_1_529' title='bbox 1177 4112 1236 4165; x_wconf 83' lang='grc' dir='ltr'><strong>τὸ</strong></span> <span class='ocrx_word' id='word_1_530' title='bbox 1278 4112 1585 4166; x_wconf 84' lang='grc' dir='ltr'>τελευταῖον</span> <span class='ocrx_word' id='word_1_531' title='bbox 1627 4111 1845 4182; x_wconf 80' lang='grc' dir='ltr'>θανάτῳ</span> 
     </span>
    </p>
   </div>
   <div class='ocr_carea' id='block_1_74' title="bbox 257 4202 1846 4278">
    <p class='ocr_par' dir='ltr' id='par_1_74' title="bbox 257 4202 1846 4278">
     <span class='ocr_line' id='line_1_74' title="bbox 257 4202 1846 4278; baseline -0.004 -17"><span class='ocrx_word' id='word_1_532' title='bbox 257 4207 586 4278; x_wconf 75' lang='grc' dir='ltr'>παρέδωκαν</span> <span class='ocrx_word' id='word_1_533' title='bbox 619 4206 714 4257; x_wconf 77' lang='grc' dir='ltr'><strong>τὸν</strong></span> <span class='ocrx_word' id='word_1_534' title='bbox 754 4205 853 4275; x_wconf 72' lang='grc' dir='ltr'><strong>τὴν</strong></span> <span class='ocrx_word' id='word_1_535' title='bbox 885 4202 1030 4272; x_wconf 81' lang='grc' dir='ltr'>ζωὴν</span> <span class='ocrx_word' id='word_1_536' title='bbox 1059 4202 1450 4273; x_wconf 84' lang='grc' dir='ltr'>χαρισάμενον,</span> <span class='ocrx_word' id='word_1_537' title='bbox 1492 4203 1588 4256; x_wconf 81' lang='grc' dir='ltr'><strong>καὶ</strong></span> <span class='ocrx_word' id='word_1_538' title='bbox 1618 4202 1846 4272; x_wconf 75' lang='grc' dir='ltr'>ἐμαστί-</span> 
     </span>
    </p>
   </div>
   <div class='ocr_carea' id='block_1_75' title="bbox 253 4292 1848 4369">
    <p class='ocr_par' dir='ltr' id='par_1_75' title="bbox 253 4292 1848 4369">
     <span class='ocr_line' id='line_1_75' title="bbox 253 4292 1848 4369; baseline -0.004 -16"><span class='ocrx_word' id='word_1_539' title='bbox 253 4318 384 4369; x_wconf 81' lang='grc' dir='ltr'>γουν</span> <span class='ocrx_word' id='word_1_540' title='bbox 411 4298 507 4352; x_wconf 78' lang='grc' dir='ltr'><strong>τὸν</strong></span> <span class='ocrx_word' id='word_1_541' title='bbox 539 4296 914 4368; x_wconf 80' lang='grc' dir='ltr'>ὲλευθερωτὴν</span> <span class='ocrx_word' id='word_1_542' title='bbox 945 4295 1052 4348; x_wconf 83' lang='grc' dir='ltr'>τῶν</span> <span class='ocrx_word' id='word_1_543' title='bbox 1088 4293 1411 4366; x_wconf 85' lang='grc' dir='ltr'>ἀνθρώπων,</span> <span class='ocrx_word' id='word_1_544' title='bbox 1440 4294 1535 4347; x_wconf 87' lang='grc' dir='ltr'><strong>καὶ</strong></span> <span class='ocrx_word' id='word_1_545' title='bbox 1563 4292 1848 4347; x_wconf 81' lang='grc' dir='ltr'>κατεδίκα-</span> 
     </span>
    </p>
   </div>
   <div class='ocr_carea' id='block_1_76' title="bbox 255 4384 1846 4462">
    <p class='ocr_par' dir='ltr' id='par_1_76' title="bbox 255 4384 1846 4462">
     <span class='ocr_line' id='line_1_76' title="bbox 255 4384 1846 4462; baseline -0.004 -17"><span class='ocrx_word' id='word_1_546' title='bbox 255 4391 347 4455; x_wconf 68' lang='lat' dir='ltr'><strong>(av</strong></span> <span class='ocrx_word' id='word_1_547' title='bbox 392 4390 489 4443; x_wconf 78' lang='grc' dir='ltr'><strong>τὸν</strong></span> <span class='ocrx_word' id='word_1_548' title='bbox 532 4387 731 4462; x_wconf 82' lang='grc' dir='ltr'>κριτὴν</span> <span class='ocrx_word' id='word_1_549' title='bbox 779 4386 873 4440; x_wconf 80' lang='grc' dir='ltr'>τοῦ</span> <span class='ocrx_word' id='word_1_550' title='bbox 927 4387 1156 4457; x_wconf 85' lang='grc' dir='ltr'>κόσμου.</span> <span class='ocrx_word' id='word_1_551' title='bbox 1204 4384 1362 4438; x_wconf 78' lang='grc' dir='ltr'>Οὕτω</span> <span class='ocrx_word' id='word_1_552' title='bbox 1412 4386 1574 4457; x_wconf 89' lang='grc' dir='ltr'>μέχρι</span> <span class='ocrx_word' id='word_1_553' title='bbox 1629 4384 1846 4439; x_wconf 87' lang='grc' dir='ltr'>πάντων</span> 
     </span>
    </p>
   </div>
   <div class='ocr_carea' id='block_1_77' title="bbox 254 4474 1845 4552">
    <p class='ocr_par' dir='ltr' id='par_1_77' title="bbox 254 4474 1845 4552">
     <span class='ocr_line' id='line_1_77' title="bbox 254 4474 1845 4552; baseline -0.006 -16"><span class='ocrx_word' id='word_1_554' title='bbox 254 4480 507 4552; x_wconf 69' lang='grc' dir='ltr'>διεξῆλθε</span> <span class='ocrx_word' id='word_1_555' title='bbox 542 4479 656 4549; x_wconf 70' lang='grc'><strong>(49)</strong></span> <span class='ocrx_word' id='word_1_556' title='bbox 691 4476 761 4531; x_wconf 87' lang='grc' dir='ltr'><strong>τά</strong></span> <span class='ocrx_word' id='word_1_557' title='bbox 800 4476 896 4531; x_wconf 79' lang='grc' dir='ltr'>τοῦ</span> <span class='ocrx_word' id='word_1_558' title='bbox 927 4478 1125 4546; x_wconf 85' lang='grc' dir='ltr'>φθόνου</span> <span class='ocrx_word' id='word_1_559' title='bbox 1171 4477 1339 4532; x_wconf 85' lang='grc' dir='ltr'>κακά.</span> <span class='ocrx_word' id='word_1_560' title='bbox 1390 4477 1503 4531; x_wconf 81' lang='grc' dir='ltr'>Καὶ</span> <span class='ocrx_word' id='word_1_561' title='bbox 1551 4476 1633 4530; x_wconf 77' lang='grc' dir='ltr'>ἑνὶ</span> <span class='ocrx_word' id='word_1_562' title='bbox 1670 4474 1845 4546; x_wconf 79' lang='grc' dir='ltr'>τούτῳ</span> 
     </span>
    </p>
   </div>
   <div class='ocr_carea' id='block_1_78' title="bbox 252 4568 1844 4643">
    <p class='ocr_par' dir='ltr' id='par_1_78' title="bbox 252 4568 1844 4643">
     <span class='ocr_line' id='line_1_78' title="bbox 252 4568 1844 4643; baseline -0.004 -18"><span class='ocrx_word' id='word_1_563' title='bbox 252 4573 407 4643; x_wconf 74' lang='grc' dir='ltr'>ὅπλῳ</span> <span class='ocrx_word' id='word_1_564' title='bbox 438 4572 552 4625; x_wconf 79' lang='grc' dir='ltr'><strong>ἀπὸ</strong></span> <span class='ocrx_word' id='word_1_565' title='bbox 585 4568 891 4640; x_wconf 80' lang='grc' dir='ltr'>καταϐολῆς</span> <span class='ocrx_word' id='word_1_566' title='bbox 920 4568 1223 4640; x_wconf 82' lang='grc' dir='ltr'>ἀρξάμενος</span> <span class='ocrx_word' id='word_1_567' title='bbox 1258 4568 1465 4639; x_wconf 84' lang='grc' dir='ltr'>κόσμου</span> <span class='ocrx_word' id='word_1_568' title='bbox 1509 4568 1672 4638; x_wconf 80' lang='grc' dir='ltr'>μέχρι</span> <span class='ocrx_word' id='word_1_569' title='bbox 1717 4584 1844 4620; x_wconf 89' lang='grc' dir='ltr'>συν-</span> 
     </span>
    </p>
   </div>
   <div class='ocr_carea' id='block_1_79' title="bbox 252 4659 1846 4732">
    <p class='ocr_par' dir='ltr' id='par_1_79' title="bbox 252 4659 1846 4732">
     <span class='ocr_line' id='line_1_79' title="bbox 252 4659 1846 4732; baseline -0.006 -13"><span class='ocrx_word' id='word_1_570' title='bbox 252 4666 474 4727; x_wconf 83' lang='grc' dir='ltr'>τελείας</span> <span class='ocrx_word' id='word_1_571' title='bbox 505 4662 707 4726; x_wconf 83' lang='grc' dir='ltr'>αίῶνος</span> <span class='ocrx_word' id='word_1_572' title='bbox 754 4662 961 4724; x_wconf 86' lang='grc' dir='ltr'>πάντας</span> <span class='ocrx_word' id='word_1_573' title='bbox 1000 4660 1293 4732; x_wconf 82' lang='grc' dir='ltr'>τιτρώσκει</span> <span class='ocrx_word' id='word_1_574' title='bbox 1327 4661 1421 4713; x_wconf 83' lang='grc' dir='ltr'><strong>καὶ</strong></span> <span class='ocrx_word' id='word_1_575' title='bbox 1454 4659 1785 4713; x_wconf 87' lang='grc' dir='ltr'>καταϐάλλει</span> <span class='ocrx_word' id='word_1_576' title='bbox 1816 4660 1846 4710; x_wconf 92' lang='lat'><strong>6</strong></span> 
     </span>
    </p>
   </div>
   <div class='ocr_carea' id='block_1_80' title="bbox 254 4741 1845 4830">
    <p class='ocr_par' dir='ltr' id='par_1_80' title="bbox 254 4741 1845 4830">
     <span class='ocr_line' id='line_1_80' title="bbox 254 4741 1845 4830; baseline -0.004 -18"><span class='ocrx_word' id='word_1_577' title='bbox 254 4758 479 4830; x_wconf 80' lang='grc' dir='ltr'>λυμεὼν</span> <span class='ocrx_word' id='word_1_578' title='bbox 527 4758 632 4828; x_wconf 83' lang='grc' dir='ltr'>τῆς</span> <span class='ocrx_word' id='word_1_579' title='bbox 690 4754 835 4826; x_wconf 84' lang='grc' dir='ltr'>ζωῆς</span> <span class='ocrx_word' id='word_1_580' title='bbox 878 4741 1352 4825; x_wconf 55' lang='grc' dir='ltr'>ἡμῶνδιάϐολος,</span> <span class='ocrx_word' id='word_1_581' title='bbox 1405 4756 1434 4806; x_wconf 94' lang='lat'><strong>6</strong></span> <span class='ocrx_word' id='word_1_582' title='bbox 1481 4753 1687 4823; x_wconf 88' lang='grc' dir='ltr'>χαίρων</span> <span class='ocrx_word' id='word_1_583' title='bbox 1732 4751 1845 4821; x_wconf 73' lang='lat'><strong>(50)</strong></span> 
     </span>
    </p>
   </div>
   <div class='ocr_carea' id='block_1_81' title="bbox 258 4843 1848 4921">
    <p class='ocr_par' dir='ltr' id='par_1_81' title="bbox 258 4843 1848 4921">
     <span class='ocr_line' id='line_1_81' title="bbox 258 4843 1848 4921; baseline -0.004 -18"><span class='ocrx_word' id='word_1_584' title='bbox 258 4851 420 4921; x_wconf 70' lang='grc' dir='ltr'>ἡμῶν</span> <span class='ocrx_word' id='word_1_585' title='bbox 445 4852 515 4920; x_wconf 83' lang='grc' dir='ltr'>τῇ</span> <span class='ocrx_word' id='word_1_586' title='bbox 540 4846 811 4918; x_wconf 76' lang='grc' dir='ltr'>ἀπωλείᾳ,</span> <span class='ocrx_word' id='word_1_587' title='bbox 849 4848 880 4900; x_wconf 91' lang='lat'><strong>6</strong></span> <span class='ocrx_word' id='word_1_588' title='bbox 906 4843 1229 4899; x_wconf 86' lang='grc' dir='ltr'>καταπεσὼν</span> <span class='ocrx_word' id='word_1_589' title='bbox 1262 4845 1352 4898; x_wconf 91' lang='grc' dir='ltr'><strong>διά</strong></span> <span class='ocrx_word' id='word_1_590' title='bbox 1377 4843 1470 4899; x_wconf 80' lang='grc' dir='ltr'>τοῦ</span> <span class='ocrx_word' id='word_1_591' title='bbox 1504 4845 1720 4915; x_wconf 83' lang='grc' dir='ltr'>φθόνου,</span> <span class='ocrx_word' id='word_1_592' title='bbox 1754 4846 1848 4899; x_wconf 84' lang='grc' dir='ltr'><strong>καὶ</strong></span> 
     </span>
    </p>
   </div>
   <div class='ocr_carea' id='block_1_82' title="bbox 260 4937 1843 5011">
    <p class='ocr_par' dir='ltr' id='par_1_82' title="bbox 260 4937 1843 5011">
     <span class='ocr_line' id='line_1_82' title="bbox 260 4937 1843 5011; baseline -0.001 -17"><span class='ocrx_word' id='word_1_593' title='bbox 260 4943 412 5011; x_wconf 72' lang='grc' dir='ltr'>ἡμᾶς</span> <span class='ocrx_word' id='word_1_594' title='bbox 461 4940 644 5010; x_wconf 77' lang='grc' dir='ltr'>ἑαυτῷ</span> <span class='ocrx_word' id='word_1_595' title='bbox 677 4939 769 4994; x_wconf 78' lang='grc' dir='ltr'><strong>διὰ</strong></span> <span class='ocrx_word' id='word_1_596' title='bbox 803 4937 899 4992; x_wconf 80' lang='grc' dir='ltr'>τοῦ</span> <span class='ocrx_word' id='word_1_597' title='bbox 940 4938 1055 4992; x_wconf 85' lang='grc' dir='ltr'>ίσου</span> <span class='ocrx_word' id='word_1_598' title='bbox 1104 4937 1310 5001; x_wconf 79' lang='grc' dir='ltr'>πάθους</span> <span class='ocrx_word' id='word_1_599' title='bbox 1358 4938 1843 5006; x_wconf 83' lang='grc' dir='ltr'>συγκαταϐάλλων.</span> 
     </span>
    </p>
   </div>
   <div class='ocr_carea' id='block_1_83' title="bbox 259 5027 1848 5103">
    <p class='ocr_par' dir='ltr' id='par_1_83' title="bbox 259 5027 1848 5103">
     <span class='ocr_line' id='line_1_83' title="bbox 259 5027 1848 5103; baseline -0.002 -16"><span class='ocrx_word' id='word_1_600' title='bbox 259 5033 433 5101; x_wconf 43' lang='lat' dir='ltr'><strong>Decb;</strong></span> <span class='ocrx_word' id='word_1_601' title='bbox 464 5034 575 5101; x_wconf 76' lang='grc' dir='ltr'>ἄρα</span> <span class='ocrx_word' id='word_1_602' title='bbox 597 5027 666 5103; x_wconf 79' lang='grc' dir='ltr'>ἦν</span> <span class='ocrx_word' id='word_1_603' title='bbox 699 5032 729 5084; x_wconf 91' lang='lat'><strong>6</strong></span> <span class='ocrx_word' id='word_1_604' title='bbox 759 5030 838 5101; x_wconf 83' lang='grc' dir='ltr'>τῷ</span> <span class='ocrx_word' id='word_1_605' title='bbox 870 5030 1128 5101; x_wconf 86' lang='grc' dir='ltr'>βασκάνῳ</span> <span class='ocrx_word' id='word_1_606' title='bbox 1155 5029 1311 5101; x_wconf 85' lang='grc' dir='ltr'>ἀνδρὶ</span> <span class='ocrx_word' id='word_1_607' title='bbox 1349 5030 1483 5102; x_wconf 81' lang='grc' dir='ltr'>μηδὲ</span> <span class='ocrx_word' id='word_1_608' title='bbox 1513 5030 1848 5086; x_wconf 85' lang='grc' dir='ltr'>συνδειπνεῖν</span> 
     </span>
    </p>
   </div>
   <div class='ocr_carea' id='block_1_84' title="bbox 261 5120 1848 5196">
    <p class='ocr_par' dir='ltr' id='par_1_84' title="bbox 261 5120 1848 5196">
     <span class='ocr_line' id='line_1_84' title="bbox 261 5120 1848 5196; baseline 0 -19"><span class='ocrx_word' id='word_1_609' title='bbox 261 5124 581 5195; x_wconf 76' lang='grc' dir='ltr'>ἐπιτρέπων</span> <span class='ocrx_word' id='word_1_610' title='bbox 602 5140 619 5154; x_wconf 73' lang='grc' dir='ltr'><strong><em>ο</em></strong></span> <span class='ocrx_word' id='word_1_611' title='bbox 662 5122 775 5177; x_wconf 82' lang='grc' dir='ltr'>ἀπὸ</span> <span class='ocrx_word' id='word_1_612' title='bbox 800 5123 901 5193; x_wconf 84' lang='grc' dir='ltr'>τῆς</span> <span class='ocrx_word' id='word_1_613' title='bbox 949 5123 1010 5175; x_wconf 85' lang='grc' dir='ltr'>ὲν</span> <span class='ocrx_word' id='word_1_614' title='bbox 1062 5120 1140 5192; x_wconf 84' lang='grc' dir='ltr'>τῷ</span> <span class='ocrx_word' id='word_1_615' title='bbox 1166 5122 1367 5194; x_wconf 84' lang='grc' dir='ltr'>δείπνῳ</span> <span class='ocrx_word' id='word_1_616' title='bbox 1400 5123 1685 5187; x_wconf 87' lang='grc' dir='ltr'>συνουσίας</span> <span class='ocrx_word' id='word_1_617' title='bbox 1719 5125 1848 5196; x_wconf 84' lang='grc' dir='ltr'>περὶ</span> 
     </span>
    </p>
   </div>
   <div class='ocr_carea' id='block_1_85' title="bbox 265 5212 1845 5287">
    <p class='ocr_par' dir='ltr' id='par_1_85' title="bbox 265 5212 1845 5287">
     <span class='ocr_line' id='line_1_85' title="bbox 265 5212 1845 5287; baseline -0.001 -17"><span class='ocrx_word' id='word_1_618' title='bbox 265 5217 448 5286; x_wconf 78' lang='grc' dir='ltr'>πάσης</span> <span class='ocrx_word' id='word_1_619' title='bbox 472 5215 611 5287; x_wconf 80' lang='grc' dir='ltr'>ὁμοῦ</span> <span class='ocrx_word' id='word_1_620' title='bbox 639 5216 741 5285; x_wconf 79' lang='grc' dir='ltr'>τῆς</span> <span class='ocrx_word' id='word_1_621' title='bbox 768 5214 911 5268; x_wconf 88' lang='grc' dir='ltr'><strong>κατά</strong></span> <span class='ocrx_word' id='word_1_622' title='bbox 948 5213 1042 5266; x_wconf 79' lang='grc' dir='ltr'>τὸν</span> <span class='ocrx_word' id='word_1_623' title='bbox 1076 5212 1190 5283; x_wconf 82' lang='grc' dir='ltr'>βίον</span> <span class='ocrx_word' id='word_1_624' title='bbox 1217 5214 1501 5277; x_wconf 86' lang='grc' dir='ltr'>κοινωνίας</span> <span class='ocrx_word' id='word_1_625' title='bbox 1527 5214 1845 5285; x_wconf 88' lang='grc' dir='ltr'>διαλεγόμε-</span> 
     </span>
    </p>
   </div>
   <div class='ocr_carea' id='block_1_86' title="bbox 262 5305 1848 5379">
    <p class='ocr_par' dir='ltr' id='par_1_86' title="bbox 262 5305 1848 5379">
     <span class='ocr_line' id='line_1_86' title="bbox 262 5305 1848 5379; baseline -0.001 -18"><span class='ocrx_word' id='word_1_626' title='bbox 262 5325 372 5372; x_wconf 85' lang='grc' dir='ltr'>νος.</span> <span class='ocrx_word' id='word_1_627' title='bbox 407 5309 621 5379; x_wconf 81' lang='grc' dir='ltr'>Ὠσπερ</span> <span class='ocrx_word' id='word_1_628' title='bbox 667 5306 778 5379; x_wconf 86' lang='grc' dir='ltr'><strong>γάρ</strong></span> <span class='ocrx_word' id='word_1_629' title='bbox 808 5307 912 5377; x_wconf 83' lang='grc' dir='ltr'>τὴν</span> <span class='ocrx_word' id='word_1_630' title='bbox 943 5306 1397 5377; x_wconf 83' lang='grc' dir='ltr'>εὐκατάπρηστον</span> <span class='ocrx_word' id='word_1_631' title='bbox 1426 5305 1559 5376; x_wconf 81' lang='grc' dir='ltr'>ὓλην</span> <span class='ocrx_word' id='word_1_632' title='bbox 1588 5308 1848 5378; x_wconf 78' lang='grc' dir='ltr'>ἐπιμελὲς</span> 
     </span>
    </p>
   </div>
   <div class='ocr_carea' id='block_1_87' title="bbox 268 5397 1850 5473">
    <p class='ocr_par' dir='ltr' id='par_1_87' title="bbox 268 5397 1850 5473">
     <span class='ocr_line' id='line_1_87' title="bbox 268 5397 1850 5473; baseline 0 -19"><span class='ocrx_word' id='word_1_633' title='bbox 268 5402 397 5473; x_wconf 74' lang='grc' dir='ltr'>ἡμῖν</span> <span class='ocrx_word' id='word_1_634' title='bbox 437 5401 521 5454; x_wconf 80' lang='grc' dir='ltr'>ὅτι</span> <span class='ocrx_word' id='word_1_635' title='bbox 558 5401 900 5472; x_wconf 74' lang='grc' dir='ltr'>πορρωτάτω</span> <span class='ocrx_word' id='word_1_636' title='bbox 946 5397 1042 5451; x_wconf 79' lang='grc' dir='ltr'><strong>τοῦ</strong></span> <span class='ocrx_word' id='word_1_637' title='bbox 1087 5398 1257 5469; x_wconf 82' lang='grc' dir='ltr'>πυρὸς</span> <span class='ocrx_word' id='word_1_638' title='bbox 1284 5399 1655 5464; x_wconf 80' lang='grc' dir='ltr'>ἀποτίθεσθαι,</span> <span class='ocrx_word' id='word_1_639' title='bbox 1707 5400 1850 5455; x_wconf 73' lang='grc' dir='ltr'>οὕτω</span> 
     </span>
    </p>
   </div>
   <div class='ocr_carea' id='block_1_88' title="bbox 336 5551 1585 5620">
    <p class='ocr_par' dir='ltr' id='par_1_88' title="bbox 336 5551 1585 5620">
     <span class='ocr_line' id='line_1_88' title="bbox 336 5551 1585 5620; baseline -0.002 -8"><span class='ocrx_word' id='word_1_640' title='bbox 336 5557 382 5589; x_wconf 83' lang='grc'>⁸⁸</span> <span class='ocrx_word' id='word_1_641' title='bbox 418 5554 557 5612; x_wconf 81' lang='lat' dir='ltr'><strong>Gen.</strong></span> <span class='ocrx_word' id='word_1_642' title='bbox 594 5569 823 5620; x_wconf 76' lang='lat' dir='ltr'><strong>xxxvii,</strong></span> <span class='ocrx_word' id='word_1_643' title='bbox 860 5552 958 5607; x_wconf 78' lang='lat'><strong>28.</strong></span> <span class='ocrx_word' id='word_1_644' title='bbox 1034 5553 1082 5585; x_wconf 79' lang='lat'>&quot;</span> <span class='ocrx_word' id='word_1_645' title='bbox 1122 5551 1283 5607; x_wconf 84' lang='lat' dir='ltr'><strong>Prov.</strong></span> <span class='ocrx_word' id='word_1_646' title='bbox 1322 5568 1493 5617; x_wconf 76' lang='lat' dir='ltr'><strong>mn,</strong></span> <span class='ocrx_word' id='word_1_647' title='bbox 1532 5552 1585 5609; x_wconf 87' lang='lat'><em>6.</em></span> 
     </span>
    </p>
   </div>
   <div class='ocr_carea' id='block_1_89' title="bbox 338 5707 1388 5783">
    <p class='ocr_par' dir='ltr' id='par_1_89' title="bbox 338 5707 1388 5783">
     <span class='ocr_line' id='line_1_89' title="bbox 338 5707 1388 5783; baseline -0.01 -12"><span class='ocrx_word' id='word_1_648' title='bbox 338 5712 445 5777; x_wconf 73' lang='grc'><strong>(49)</strong></span> <span class='ocrx_word' id='word_1_649' title='bbox 473 5712 627 5768; x_wconf 79' lang='lat' dir='ltr'><strong>Coll).</strong></span> <span class='ocrx_word' id='word_1_650' title='bbox 657 5712 880 5783; x_wconf 87' lang='lat' dir='ltr'><strong>primus</strong></span> <span class='ocrx_word' id='word_1_651' title='bbox 905 5708 1133 5783; x_wconf 75' lang='grc' dir='ltr'>πάντων</span> <span class='ocrx_word' id='word_1_652' title='bbox 1155 5707 1388 5783; x_wconf 72' lang='grc' dir='ltr'>διῆλθεν.</span> 
     </span>
    </p>
   </div>
   <div class='ocr_carea' id='block_1_90' title="bbox 338 5776 1844 5857">
    <p class='ocr_par' dir='ltr' id='par_1_90' title="bbox 338 5776 1844 5857">
     <span class='ocr_line' id='line_1_90' title="bbox 338 5776 1844 5857; baseline -0.003 -18"><span class='ocrx_word' id='word_1_653' title='bbox 338 5776 444 5857; x_wconf 80' lang='lat'><strong>(50)</strong></span> <span class='ocrx_word' id='word_1_654' title='bbox 472 5785 623 5842; x_wconf 75' lang='lat' dir='ltr'><strong>Colb.</strong></span> <span class='ocrx_word' id='word_1_655' title='bbox 654 5776 875 5854; x_wconf 80' lang='lat' dir='ltr'><strong>primus</strong></span> <span class='ocrx_word' id='word_1_656' title='bbox 898 5782 928 5833; x_wconf 88' lang='lat'><strong>6</strong></span> <span class='ocrx_word' id='word_1_657' title='bbox 947 5776 1268 5848; x_wconf 68' lang='grc' dir='ltr'>ἐπικαίρων.</span> <span class='ocrx_word' id='word_1_658' title='bbox 1292 5776 1401 5834; x_wconf 80' lang='lat' dir='ltr'><strong>Nec</strong></span> <span class='ocrx_word' id='word_1_659' title='bbox 1431 5777 1504 5833; x_wconf 91' lang='lat' dir='ltr'><strong>ita</strong></span> <span class='ocrx_word' id='word_1_660' title='bbox 1529 5777 1700 5834; x_wconf 92' lang='lat' dir='ltr'><strong>multo</strong></span> <span class='ocrx_word' id='word_1_661' title='bbox 1722 5786 1844 5846; x_wconf 86' lang='lat' dir='ltr'><strong>post</strong></span> 
     </span>
    </p>
   </div>
   <div class='ocr_carea' id='block_1_91' title="bbox 1938 3288 3529 3365">
    <p class='ocr_par' dir='ltr' id='par_1_91' title="bbox 1938 3288 3529 3365">
     <span class='ocr_line' id='line_1_91' title="bbox 1938 3288 3529 3365; baseline -0.006 -16"><span class='ocrx_word' id='word_1_662' title='bbox 1938 3295 2308 3365; x_wconf 76' lang='lat' dir='ltr'><strong>maximisque</strong></span> <span class='ocrx_word' id='word_1_663' title='bbox 2339 3295 2393 3348; x_wconf 90' lang='lat' dir='ltr'><strong>in</strong></span> <span class='ocrx_word' id='word_1_664' title='bbox 2431 3294 2594 3349; x_wconf 86' lang='lat' dir='ltr'><strong>rebus</strong></span> <span class='ocrx_word' id='word_1_665' title='bbox 2622 3294 2807 3355; x_wconf 88' lang='lat' dir='ltr'><strong>sitam,</strong></span> <span class='ocrx_word' id='word_1_666' title='bbox 2844 3307 2965 3363; x_wconf 66' lang='lat' dir='ltr'><strong>quae</strong></span> <span class='ocrx_word' id='word_1_667' title='bbox 3000 3307 3066 3346; x_wconf 77' lang='lat' dir='ltr'><strong>ex</strong></span> <span class='ocrx_word' id='word_1_668' title='bbox 3095 3289 3410 3344; x_wconf 63' lang='lat' dir='ltr'><strong>Iudaeorum</strong></span> <span class='ocrx_word' id='word_1_669' title='bbox 3445 3288 3529 3341; x_wconf 90' lang='lat' dir='ltr'><strong>in-</strong></span> 
     </span>
    </p>
   </div>
   <div class='ocr_carea' id='block_1_92' title="bbox 1939 3377 3532 3442">
    <p class='ocr_par' dir='ltr' id='par_1_92' title="bbox 1939 3377 3532 3442">
     <span class='ocr_line' id='line_1_92' title="bbox 1939 3377 3532 3442; baseline -0.006 0"><span class='ocrx_word' id='word_1_670' title='bbox 1939 3388 2092 3442; x_wconf 90' lang='lat' dir='ltr'><strong>sania</strong></span> <span class='ocrx_word' id='word_1_671' title='bbox 2121 3395 2314 3442; x_wconf 89' lang='lat' dir='ltr'><strong>contra</strong></span> <span class='ocrx_word' id='word_1_672' title='bbox 2340 3384 2691 3441; x_wconf 88' lang='lat' dir='ltr'><strong>Servatorem</strong></span> <span class='ocrx_word' id='word_1_673' title='bbox 2721 3384 2969 3439; x_wconf 89' lang='lat' dir='ltr'><strong>emersit.</strong></span> <span class='ocrx_word' id='word_1_674' title='bbox 3003 3384 3117 3437; x_wconf 87' lang='lat' dir='ltr'><strong>Cur</strong></span> <span class='ocrx_word' id='word_1_675' title='bbox 3139 3377 3532 3436; x_wconf 75' lang='lat' dir='ltr'><strong>invidebatur?</strong></span> 
     </span>
    </p>
   </div>
   <div class='ocr_carea' id='block_1_93' title="bbox 1941 3470 3532 3544">
    <p class='ocr_par' dir='ltr' id='par_1_93' title="bbox 1941 3470 3532 3544">
     <span class='ocr_line' id='line_1_93' title="bbox 1941 3470 3532 3544; baseline -0.006 -10"><span class='ocrx_word' id='word_1_676' title='bbox 1941 3478 2023 3534; x_wconf 89' lang='lat' dir='ltr'><strong>Ob</strong></span> <span class='ocrx_word' id='word_1_677' title='bbox 2054 3480 2342 3533; x_wconf 89' lang='lat' dir='ltr'><strong>miracula.</strong></span> <span class='ocrx_word' id='word_1_678' title='bbox 2372 3479 2506 3544; x_wconf 63' lang='lat' dir='ltr'><strong>Quae</strong></span> <span class='ocrx_word' id='word_1_679' title='bbox 2539 3493 2667 3532; x_wconf 82' lang='lat' dir='ltr'><strong>vero</strong></span> <span class='ocrx_word' id='word_1_680' title='bbox 2696 3483 2855 3531; x_wconf 89' lang='lat' dir='ltr'><strong>erant</strong></span> <span class='ocrx_word' id='word_1_681' title='bbox 2902 3491 2967 3529; x_wconf 90' lang='lat' dir='ltr'><strong>ea</strong></span> <span class='ocrx_word' id='word_1_682' title='bbox 3007 3473 3313 3528; x_wconf 77' lang='lat' dir='ltr'><strong>miracula?</strong></span> <span class='ocrx_word' id='word_1_683' title='bbox 3359 3470 3532 3524; x_wconf 87' lang='lat' dir='ltr'><strong>Salus</strong></span> 
     </span>
    </p>
   </div>
   <div class='ocr_carea' id='block_1_94' title="bbox 1941 3562 3531 3642">
    <p class='ocr_par' dir='ltr' id='par_1_94' title="bbox 1941 3562 3531 3642">
     <span class='ocr_line' id='line_1_94' title="bbox 1941 3562 3531 3642; baseline -0.008 -15"><span class='ocrx_word' id='word_1_684' title='bbox 1941 3572 2217 3642; x_wconf 75' lang='lat' dir='ltr'><strong>egentium</strong></span> <span class='ocrx_word' id='word_1_685' title='bbox 2252 3586 2266 3621; x_wconf 93' lang='lat'>:</span> <span class='ocrx_word' id='word_1_686' title='bbox 2294 3572 2680 3625; x_wconf 87' lang='lat' dir='ltr'><strong>nutriebantur</strong></span> <span class='ocrx_word' id='word_1_687' title='bbox 2706 3568 3036 3630; x_wconf 85' lang='lat' dir='ltr'><strong>esurientes,</strong></span> <span class='ocrx_word' id='word_1_688' title='bbox 3072 3564 3185 3636; x_wconf 63' lang='grc'><strong>94</strong></span> <span class='ocrx_word' id='word_1_689' title='bbox 3210 3572 3265 3619; x_wconf 90' lang='lat' dir='ltr'><strong>et</strong></span> <span class='ocrx_word' id='word_1_690' title='bbox 3295 3562 3389 3633; x_wconf 91' lang='lat' dir='ltr'><strong>qui</strong></span> <span class='ocrx_word' id='word_1_691' title='bbox 3423 3577 3531 3616; x_wconf 81' lang='lat' dir='ltr'><strong>nu—</strong></span> 
     </span>
    </p>
   </div>
   <div class='ocr_carea' id='block_1_95' title="bbox 1943 3656 3528 3732">
    <p class='ocr_par' dir='ltr' id='par_1_95' title="bbox 1943 3656 3528 3732">
     <span class='ocr_line' id='line_1_95' title="bbox 1943 3656 3528 3732; baseline -0.007 -15"><span class='ocrx_word' id='word_1_692' title='bbox 1943 3664 2165 3724; x_wconf 89' lang='lat' dir='ltr'><strong>triebat,</strong></span> <span class='ocrx_word' id='word_1_693' title='bbox 2212 3660 2636 3732; x_wconf 79' lang='lat' dir='ltr'><strong>oppugnabatur</strong></span> <span class='ocrx_word' id='word_1_694' title='bbox 2677 3679 2691 3714; x_wconf 89' lang='lat'><strong>:</strong></span> <span class='ocrx_word' id='word_1_695' title='bbox 2729 3659 3138 3715; x_wconf 87' lang='lat' dir='ltr'><strong>suscitabantur</strong></span> <span class='ocrx_word' id='word_1_696' title='bbox 3191 3656 3426 3717; x_wconf 91' lang='lat' dir='ltr'><strong>mortui,</strong></span> <span class='ocrx_word' id='word_1_697' title='bbox 3476 3662 3528 3707; x_wconf 87' lang='lat' dir='ltr'><strong>et</strong></span> 
     </span>
    </p>
   </div>
   <div class='ocr_carea' id='block_1_96' title="bbox 1943 3746 3526 3823">
    <p class='ocr_par' dir='ltr' id='par_1_96' title="bbox 1943 3746 3526 3823">
     <span class='ocr_line' id='line_1_96' title="bbox 1943 3746 3526 3823; baseline -0.009 -12"><span class='ocrx_word' id='word_1_698' title='bbox 1943 3755 2248 3811; x_wconf 82' lang='lat' dir='ltr'><strong>invidiosus</strong></span> <span class='ocrx_word' id='word_1_699' title='bbox 2279 3760 2398 3808; x_wconf 90' lang='lat' dir='ltr'><strong>erat</strong></span> <span class='ocrx_word' id='word_1_700' title='bbox 2428 3753 2519 3823; x_wconf 86' lang='lat' dir='ltr'><strong>qui</strong></span> <span class='ocrx_word' id='word_1_701' title='bbox 2567 3767 2665 3807; x_wconf 85' lang='lat' dir='ltr'><strong>eos</strong></span> <span class='ocrx_word' id='word_1_702' title='bbox 2708 3760 2993 3806; x_wconf 87' lang='lat' dir='ltr'><strong>revocarat</strong></span> <span class='ocrx_word' id='word_1_703' title='bbox 3039 3748 3105 3802; x_wconf 89' lang='lat' dir='ltr'><strong>ad</strong></span> <span class='ocrx_word' id='word_1_704' title='bbox 3138 3749 3342 3810; x_wconf 85' lang='lat' dir='ltr'><strong>vitam;</strong></span> <span class='ocrx_word' id='word_1_705' title='bbox 3379 3746 3526 3815; x_wconf 62' lang='lat' dir='ltr'><strong>fuga-</strong></span> 
     </span>
    </p>
   </div>
   <div class='ocr_carea' id='block_1_97' title="bbox 1943 3837 3521 3912">
    <p class='ocr_par' dir='ltr' id='par_1_97' title="bbox 1943 3837 3521 3912">
     <span class='ocr_line' id='line_1_97' title="bbox 1943 3837 3521 3912; baseline -0.007 -12"><span class='ocrx_word' id='word_1_706' title='bbox 1943 3846 2148 3900; x_wconf 91' lang='lat' dir='ltr'><strong>bantur</strong></span> <span class='ocrx_word' id='word_1_707' title='bbox 2169 3844 2467 3907; x_wconf 65' lang='lat' dir='ltr'><strong>daemones,</strong></span> <span class='ocrx_word' id='word_1_708' title='bbox 2501 3849 2555 3898; x_wconf 89' lang='lat' dir='ltr'><strong>et</strong></span> <span class='ocrx_word' id='word_1_709' title='bbox 2581 3844 2672 3912; x_wconf 89' lang='lat' dir='ltr'><strong>qui</strong></span> <span class='ocrx_word' id='word_1_710' title='bbox 2703 3843 2783 3896; x_wconf 84' lang='lat' dir='ltr'><strong>eis</strong></span> <span class='ocrx_word' id='word_1_711' title='bbox 2820 3842 3142 3911; x_wconf 81' lang='lat' dir='ltr'><strong>imperabat,</strong></span> <span class='ocrx_word' id='word_1_712' title='bbox 3176 3837 3395 3892; x_wconf 88' lang='lat' dir='ltr'><strong>insidiis</strong></span> <span class='ocrx_word' id='word_1_713' title='bbox 3420 3851 3521 3906; x_wconf 82' lang='lat' dir='ltr'><strong>pe-</strong></span> 
     </span>
    </p>
   </div>
   <div class='ocr_carea' id='block_1_98' title="bbox 1944 3930 3529 4007">
    <p class='ocr_par' dir='ltr' id='par_1_98' title="bbox 1944 3930 3529 4007">
     <span class='ocr_line' id='line_1_98' title="bbox 1944 3930 3529 4007; baseline -0.006 -16"><span class='ocrx_word' id='word_1_714' title='bbox 1944 3938 2198 4003; x_wconf 88' lang='lat' dir='ltr'><strong>tebatur;</strong></span> <span class='ocrx_word' id='word_1_715' title='bbox 2230 3936 2433 4007; x_wconf 91' lang='lat' dir='ltr'><strong>leprosi</strong></span> <span class='ocrx_word' id='word_1_716' title='bbox 2465 3935 2896 3997; x_wconf 86' lang='lat' dir='ltr'><strong>mundabantur,</strong></span> <span class='ocrx_word' id='word_1_717' title='bbox 2925 3931 3354 3987; x_wconf 84' lang='lat' dir='ltr'><strong>obambulabant</strong></span> <span class='ocrx_word' id='word_1_718' title='bbox 3371 3930 3529 3983; x_wconf 79' lang='lat' dir='ltr'><strong>clau-</strong></span> 
     </span>
    </p>
   </div>
   <div class='ocr_carea' id='block_1_99' title="bbox 1945 4023 3531 4095">
    <p class='ocr_par' dir='ltr' id='par_1_99' title="bbox 1945 4023 3531 4095">
     <span class='ocr_line' id='line_1_99' title="bbox 1945 4023 3531 4095; baseline -0.004 -13"><span class='ocrx_word' id='word_1_719' title='bbox 1945 4027 2024 4091; x_wconf 88' lang='lat' dir='ltr'><strong>di,</strong></span> <span class='ocrx_word' id='word_1_720' title='bbox 2080 4028 2235 4083; x_wconf 91' lang='lat' dir='ltr'><strong>surdi</strong></span> <span class='ocrx_word' id='word_1_721' title='bbox 2284 4029 2616 4090; x_wconf 89' lang='lat' dir='ltr'><strong>audiebant,</strong></span> <span class='ocrx_word' id='word_1_722' title='bbox 2653 4027 2911 4081; x_wconf 86' lang='lat' dir='ltr'><strong>videbant</strong></span> <span class='ocrx_word' id='word_1_723' title='bbox 2944 4025 3113 4087; x_wconf 49' lang='lat' dir='ltr'><strong>caeci,</strong></span> <span class='ocrx_word' id='word_1_724' title='bbox 3151 4031 3207 4078; x_wconf 92' lang='lat' dir='ltr'><strong>et</strong></span> <span class='ocrx_word' id='word_1_725' title='bbox 3236 4023 3531 4095; x_wconf 82' lang='lat' dir='ltr'><strong>fugabatur</strong></span> 
     </span>
    </p>
   </div>
   <div class='ocr_carea' id='block_1_100' title="bbox 1946 4114 3528 4190">
    <p class='ocr_par' dir='ltr' id='par_1_100' title="bbox 1946 4114 3528 4190">
     <span class='ocr_line' id='line_1_100' title="bbox 1946 4114 3528 4190; baseline -0.003 -17"><span class='ocrx_word' id='word_1_726' title='bbox 1946 4121 2039 4190; x_wconf 90' lang='lat' dir='ltr'><strong>qui</strong></span> <span class='ocrx_word' id='word_1_727' title='bbox 2067 4119 2181 4174; x_wconf 75' lang='lat' dir='ltr'><strong>inec</strong></span> <span class='ocrx_word' id='word_1_728' title='bbox 2220 4119 2488 4175; x_wconf 89' lang='lat' dir='ltr'><strong>beneﬁcia</strong></span> <span class='ocrx_word' id='word_1_729' title='bbox 2542 4119 2885 4174; x_wconf 85' lang='lat' dir='ltr'><strong>conferebat.</strong></span> <span class='ocrx_word' id='word_1_730' title='bbox 2936 4116 3016 4172; x_wconf 82' lang='lat' dir='ltr'><strong>Ac</strong></span> <span class='ocrx_word' id='word_1_731' title='bbox 3050 4124 3329 4186; x_wconf 86' lang='lat' dir='ltr'><strong>postremo</strong></span> <span class='ocrx_word' id='word_1_732' title='bbox 3360 4114 3528 4169; x_wconf 89' lang='lat' dir='ltr'><strong>morti</strong></span> 
     </span>
    </p>
   </div>
   <div class='ocr_carea' id='block_1_101' title="bbox 1945 4208 3532 4283">
    <p class='ocr_par' dir='ltr' id='par_1_101' title="bbox 1945 4208 3532 4283">
     <span class='ocr_line' id='line_1_101' title="bbox 1945 4208 3532 4283; baseline -0.006 -15"><span class='ocrx_word' id='word_1_733' title='bbox 1945 4214 2071 4268; x_wconf 62' lang='lat' dir='ltr'><strong>vitae</strong></span> <span class='ocrx_word' id='word_1_734' title='bbox 2112 4213 2428 4283; x_wconf 79' lang='lat' dir='ltr'><strong>largitorem</strong></span> <span class='ocrx_word' id='word_1_735' title='bbox 2463 4210 2827 4273; x_wconf 87' lang='lat' dir='ltr'><strong>tradiderunt,</strong></span> <span class='ocrx_word' id='word_1_736' title='bbox 2875 4208 3063 4279; x_wconf 77' lang='lat' dir='ltr'><strong>ﬂagris</strong></span> <span class='ocrx_word' id='word_1_737' title='bbox 3117 4208 3400 4261; x_wconf 78' lang='lat' dir='ltr'><strong>caedebant</strong></span> <span class='ocrx_word' id='word_1_738' title='bbox 3435 4208 3532 4260; x_wconf 85' lang='lat' dir='ltr'><strong>ho-</strong></span> 
     </span>
    </p>
   </div>
   <div class='ocr_carea' id='block_1_102' title="bbox 1946 4296 3527 4366">
    <p class='ocr_par' dir='ltr' id='par_1_102' title="bbox 1946 4296 3527 4366">
     <span class='ocr_line' id='line_1_102' title="bbox 1946 4296 3527 4366; baseline -0.004 -9"><span class='ocrx_word' id='word_1_739' title='bbox 1946 4305 2155 4358; x_wconf 87' lang='lat' dir='ltr'><strong>minum</strong></span> <span class='ocrx_word' id='word_1_740' title='bbox 2181 4304 2554 4366; x_wconf 88' lang='lat' dir='ltr'><strong>liberatorem,</strong></span> <span class='ocrx_word' id='word_1_741' title='bbox 2579 4300 3019 4356; x_wconf 81' lang='lat' dir='ltr'><strong>condemnabam</strong></span> <span class='ocrx_word' id='word_1_742' title='bbox 3048 4296 3235 4352; x_wconf 88' lang='lat' dir='ltr'><strong>mundi</strong></span> <span class='ocrx_word' id='word_1_743' title='bbox 3261 4297 3527 4365; x_wconf 79' lang='lat' dir='ltr'><strong>judicent.</strong></span> 
     </span>
    </p>
   </div>
   <div class='ocr_carea' id='block_1_103' title="bbox 1947 4388 3535 4464">
    <p class='ocr_par' dir='ltr' id='par_1_103' title="bbox 1947 4388 3535 4464">
     <span class='ocr_line' id='line_1_103' title="bbox 1947 4388 3535 4464; baseline -0.006 -13"><span class='ocrx_word' id='word_1_744' title='bbox 1947 4395 2040 4451; x_wconf 86' lang='lat' dir='ltr'><strong>Sic</strong></span> <span class='ocrx_word' id='word_1_745' title='bbox 2076 4396 2296 4451; x_wconf 70' lang='lat' dir='ltr'><strong>invidia:</strong></span> <span class='ocrx_word' id='word_1_746' title='bbox 2347 4395 2490 4448; x_wconf 89' lang='lat' dir='ltr'><strong>mala</strong></span> <span class='ocrx_word' id='word_1_747' title='bbox 2524 4393 2794 4464; x_wconf 84' lang='lat' dir='ltr'><strong>pertigere</strong></span> <span class='ocrx_word' id='word_1_748' title='bbox 2830 4391 2898 4445; x_wconf 87' lang='lat' dir='ltr'><strong>ad</strong></span> <span class='ocrx_word' id='word_1_749' title='bbox 2938 4390 3144 4445; x_wconf 89' lang='lat' dir='ltr'><strong>omnia.</strong></span> <span class='ocrx_word' id='word_1_750' title='bbox 3184 4390 3363 4457; x_wconf 81' lang='lat' dir='ltr'><strong>Atque</strong></span> <span class='ocrx_word' id='word_1_751' title='bbox 3406 4388 3535 4442; x_wconf 85' lang='lat' dir='ltr'><strong>unis</strong></span> 
     </span>
    </p>
   </div>
   <div class='ocr_carea' id='block_1_104' title="bbox 1947 4481 3530 4554">
    <p class='ocr_par' dir='ltr' id='par_1_104' title="bbox 1947 4481 3530 4554">
     <span class='ocr_line' id='line_1_104' title="bbox 1947 4481 3530 4554; baseline -0.008 -14"><span class='ocrx_word' id='word_1_752' title='bbox 1947 4486 2036 4543; x_wconf 90' lang='lat' dir='ltr'><strong>bis</strong></span> <span class='ocrx_word' id='word_1_753' title='bbox 2065 4486 2256 4548; x_wconf 89' lang='lat' dir='ltr'><strong>armis,</strong></span> <span class='ocrx_word' id='word_1_754' title='bbox 2283 4501 2312 4538; x_wconf 91' lang='lat' dir='ltr'><strong>a</strong></span> <span class='ocrx_word' id='word_1_755' title='bbox 2335 4485 2501 4554; x_wconf 77' lang='lat' dir='ltr'><strong>jactis</strong></span> <span class='ocrx_word' id='word_1_756' title='bbox 2532 4484 2720 4538; x_wconf 89' lang='lat' dir='ltr'><strong>mundi</strong></span> <span class='ocrx_word' id='word_1_757' title='bbox 2746 4481 3118 4536; x_wconf 86' lang='lat' dir='ltr'><strong>fundamentis</strong></span> <span class='ocrx_word' id='word_1_758' title='bbox 3146 4492 3398 4538; x_wconf 81' lang='lat' dir='ltr'><strong>exorsus,</strong></span> <span class='ocrx_word' id='word_1_759' title='bbox 3433 4492 3530 4529; x_wconf 89' lang='lat' dir='ltr'><strong>us-</strong></span> 
     </span>
    </p>
   </div>
   <div class='ocr_carea' id='block_1_105' title="bbox 1948 4568 3533 4649">
    <p class='ocr_par' dir='ltr' id='par_1_105' title="bbox 1948 4568 3533 4649">
     <span class='ocr_line' id='line_1_105' title="bbox 1948 4568 3533 4649; baseline -0.008 -18"><span class='ocrx_word' id='word_1_760' title='bbox 1948 4594 2056 4649; x_wconf 89' lang='lat' dir='ltr'><strong>que</strong></span> <span class='ocrx_word' id='word_1_761' title='bbox 2103 4577 2172 4632; x_wconf 88' lang='lat' dir='ltr'><strong>ad</strong></span> <span class='ocrx_word' id='word_1_762' title='bbox 2213 4578 2398 4632; x_wconf 70' lang='lat' dir='ltr'><strong>saeculi</strong></span> <span class='ocrx_word' id='word_1_763' title='bbox 2428 4575 2960 4630; x_wconf 88' lang='lat' dir='ltr'><strong>consummationem</strong></span> <span class='ocrx_word' id='word_1_764' title='bbox 2997 4585 3191 4627; x_wconf 88' lang='lat' dir='ltr'><strong>omnes</strong></span> <span class='ocrx_word' id='word_1_765' title='bbox 3225 4568 3437 4622; x_wconf 88' lang='lat' dir='ltr'><strong>sauciat</strong></span> <span class='ocrx_word' id='word_1_766' title='bbox 3478 4575 3533 4619; x_wconf 87' lang='lat' dir='ltr'><strong>et</strong></span> 
     </span>
    </p>
   </div>
   <div class='ocr_carea' id='block_1_106' title="bbox 1947 4659 3539 4740">
    <p class='ocr_par' dir='ltr' id='par_1_106' title="bbox 1947 4659 3539 4740">
     <span class='ocr_line' id='line_1_106' title="bbox 1947 4659 3539 4740; baseline -0.01 -15"><span class='ocrx_word' id='word_1_767' title='bbox 1947 4669 2138 4740; x_wconf 85' lang='lat' dir='ltr'><strong>dejicit</strong></span> <span class='ocrx_word' id='word_1_768' title='bbox 2169 4670 2417 4740; x_wconf 87' lang='lat' dir='ltr'><strong>perditor</strong></span> <span class='ocrx_word' id='word_1_769' title='bbox 2455 4668 2583 4723; x_wconf 70' lang='lat' dir='ltr'><strong>vita:</strong></span> <span class='ocrx_word' id='word_1_770' title='bbox 2628 4675 2833 4723; x_wconf 66' lang='lat' dir='ltr'><strong>nostra:</strong></span> <span class='ocrx_word' id='word_1_771' title='bbox 2857 4663 3130 4726; x_wconf 76' lang='lat' dir='ltr'><strong>diabolus,</strong></span> <span class='ocrx_word' id='word_1_772' title='bbox 3162 4660 3255 4730; x_wconf 93' lang='lat' dir='ltr'><strong>qui</strong></span> <span class='ocrx_word' id='word_1_773' title='bbox 3310 4659 3539 4713; x_wconf 76' lang='lat' dir='ltr'><strong>interitu</strong></span> 
     </span>
    </p>
   </div>
   <div class='ocr_carea' id='block_1_107' title="bbox 1950 4750 3535 4832">
    <p class='ocr_par' dir='ltr' id='par_1_107' title="bbox 1950 4750 3535 4832">
     <span class='ocr_line' id='line_1_107' title="bbox 1950 4750 3535 4832; baseline -0.01 -15"><span class='ocrx_word' id='word_1_774' title='bbox 1950 4770 2144 4817; x_wconf 90' lang='lat' dir='ltr'><strong>nostro</strong></span> <span class='ocrx_word' id='word_1_775' title='bbox 2185 4762 2408 4832; x_wconf 87' lang='lat' dir='ltr'><strong>gaudet,</strong></span> <span class='ocrx_word' id='word_1_776' title='bbox 2436 4761 2530 4831; x_wconf 93' lang='lat' dir='ltr'><strong>qui</strong></span> <span class='ocrx_word' id='word_1_777' title='bbox 2558 4775 2655 4830; x_wconf 91' lang='lat' dir='ltr'><strong>per</strong></span> <span class='ocrx_word' id='word_1_778' title='bbox 2688 4758 2951 4813; x_wconf 81' lang='lat' dir='ltr'><strong>invidiam</strong></span> <span class='ocrx_word' id='word_1_779' title='bbox 2989 4756 3199 4826; x_wconf 82' lang='lat' dir='ltr'><strong>lapsus,</strong></span> <span class='ocrx_word' id='word_1_780' title='bbox 3225 4766 3326 4804; x_wconf 89' lang='lat' dir='ltr'><strong>nos</strong></span> <span class='ocrx_word' id='word_1_781' title='bbox 3365 4750 3535 4804; x_wconf 86' lang='lat' dir='ltr'><strong>etiam</strong></span> 
     </span>
    </p>
   </div>
   <div class='ocr_carea' id='block_1_108' title="bbox 1952 4845 3532 4923">
    <p class='ocr_par' dir='ltr' id='par_1_108' title="bbox 1952 4845 3532 4923">
     <span class='ocr_line' id='line_1_108' title="bbox 1952 4845 3532 4923; baseline -0.012 -14"><span class='ocrx_word' id='word_1_782' title='bbox 1952 4853 2116 4909; x_wconf 89' lang='lat' dir='ltr'><strong>simul</strong></span> <span class='ocrx_word' id='word_1_783' title='bbox 2142 4868 2240 4923; x_wconf 92' lang='lat' dir='ltr'><strong>per</strong></span> <span class='ocrx_word' id='word_1_784' title='bbox 2270 4854 2412 4908; x_wconf 90' lang='lat' dir='ltr'><strong>idem</strong></span> <span class='ocrx_word' id='word_1_785' title='bbox 2461 4852 2655 4905; x_wconf 88' lang='lat' dir='ltr'><strong>vitium</strong></span> <span class='ocrx_word' id='word_1_786' title='bbox 2688 4853 2903 4905; x_wconf 88' lang='lat' dir='ltr'><strong>sternit.</strong></span> <span class='ocrx_word' id='word_1_787' title='bbox 2940 4845 3174 4914; x_wconf 87' lang='lat' dir='ltr'><strong>Sapiens</strong></span> <span class='ocrx_word' id='word_1_788' title='bbox 3216 4855 3347 4909; x_wconf 88' lang='lat' dir='ltr'><strong>ergo</strong></span> <span class='ocrx_word' id='word_1_789' title='bbox 3389 4846 3532 4901; x_wconf 85' lang='lat' dir='ltr'><strong>erat,</strong></span> 
     </span>
    </p>
   </div>
   <div class='ocr_carea' id='block_1_109' title="bbox 1950 4927 3531 5013">
    <p class='ocr_par' dir='ltr' id='par_1_109' title="bbox 1950 4927 3531 5013">
     <span class='ocr_line' id='line_1_109' title="bbox 1950 4927 3531 5013; baseline -0.011 -17"><span class='ocrx_word' id='word_1_790' title='bbox 1950 4944 2045 5013; x_wconf 89' lang='lat' dir='ltr'><strong>qui</strong></span> <span class='ocrx_word' id='word_1_791' title='bbox 2079 4958 2203 4997; x_wconf 89' lang='lat' dir='ltr'><strong>cum</strong></span> <span class='ocrx_word' id='word_1_792' title='bbox 2236 4941 2424 4996; x_wconf 90' lang='lat' dir='ltr'><strong>invido</strong></span> <span class='ocrx_word' id='word_1_793' title='bbox 2454 4941 2573 4995; x_wconf 90' lang='lat' dir='ltr'><strong>viro</strong></span> <span class='ocrx_word' id='word_1_794' title='bbox 2603 4957 2672 4995; x_wconf 82' lang='lat' dir='ltr'><strong>ne</strong></span> <span class='ocrx_word' id='word_1_795' title='bbox 2705 4953 2929 4993; x_wconf 77' lang='lat' dir='ltr'><strong>camare</strong></span> <span class='ocrx_word' id='word_1_796' title='bbox 2958 4932 3179 5005; x_wconf 90' lang='lat' dir='ltr'><strong>quidem</strong></span> <span class='ocrx_word' id='word_1_797' title='bbox 3213 4928 3429 4985; x_wconf 90' lang='lat' dir='ltr'><strong>sinebat</strong></span> <span class='ocrx_word' id='word_1_798' title='bbox 3459 4927 3531 4993; x_wconf 78' lang='grc'>⁸³,</span> 
     </span>
    </p>
   </div>
   <div class='ocr_carea' id='block_1_110' title="bbox 1951 5019 3533 5105">
    <p class='ocr_par' dir='ltr' id='par_1_110' title="bbox 1951 5019 3533 5105">
     <span class='ocr_line' id='line_1_110' title="bbox 1951 5019 3533 5105; baseline -0.013 -16"><span class='ocrx_word' id='word_1_799' title='bbox 1951 5036 2027 5090; x_wconf 90' lang='lat' dir='ltr'><strong>ita</strong></span> <span class='ocrx_word' id='word_1_800' title='bbox 2060 5050 2158 5105; x_wconf 87' lang='lat' dir='ltr'><strong>per</strong></span> <span class='ocrx_word' id='word_1_801' title='bbox 2195 5050 2370 5089; x_wconf 74' lang='lat' dir='ltr'><strong>omna:</strong></span> <span class='ocrx_word' id='word_1_802' title='bbox 2399 5034 2741 5088; x_wconf 88' lang='lat' dir='ltr'><strong>consortium</strong></span> <span class='ocrx_word' id='word_1_803' title='bbox 2777 5032 2844 5085; x_wconf 92' lang='lat' dir='ltr'><strong>de</strong></span> <span class='ocrx_word' id='word_1_804' title='bbox 2885 5026 3034 5082; x_wconf 88' lang='lat' dir='ltr'><strong>omni</strong></span> <span class='ocrx_word' id='word_1_805' title='bbox 3069 5021 3233 5079; x_wconf 88' lang='lat' dir='ltr'><strong>simul</strong></span> <span class='ocrx_word' id='word_1_806' title='bbox 3279 5019 3404 5073; x_wconf 69' lang='lat' dir='ltr'><strong>vita:</strong></span> <span class='ocrx_word' id='word_1_807' title='bbox 3444 5036 3533 5072; x_wconf 85' lang='lat' dir='ltr'><strong>so-</strong></span> 
     </span>
    </p>
   </div>
   <div class='ocr_carea' id='block_1_111' title="bbox 1950 5114 3536 5190">
    <p class='ocr_par' dir='ltr' id='par_1_111' title="bbox 1950 5114 3536 5190">
     <span class='ocr_line' id='line_1_111' title="bbox 1950 5114 3536 5190; baseline -0.011 -8"><span class='ocrx_word' id='word_1_808' title='bbox 1950 5129 2149 5182; x_wconf 81' lang='lat' dir='ltr'><strong>cietate</strong></span> <span class='ocrx_word' id='word_1_809' title='bbox 2182 5127 2540 5182; x_wconf 89' lang='lat' dir='ltr'><strong>submonens.</strong></span> <span class='ocrx_word' id='word_1_810' title='bbox 2575 5120 3045 5190; x_wconf 87' lang='lat' dir='ltr'><strong>Quemadmodum</strong></span> <span class='ocrx_word' id='word_1_811' title='bbox 3076 5114 3220 5169; x_wconf 89' lang='lat' dir='ltr'><strong>enim</strong></span> <span class='ocrx_word' id='word_1_812' title='bbox 3256 5126 3403 5165; x_wconf 78' lang='lat' dir='ltr'><strong>cura:</strong></span> <span class='ocrx_word' id='word_1_813' title='bbox 3437 5125 3536 5164; x_wconf 82' lang='lat' dir='ltr'><strong>no-</strong></span> 
     </span>
    </p>
   </div>
   <div class='ocr_carea' id='block_1_112' title="bbox 1950 5205 3532 5288">
    <p class='ocr_par' dir='ltr' id='par_1_112' title="bbox 1950 5205 3532 5288">
     <span class='ocr_line' id='line_1_112' title="bbox 1950 5205 3532 5288; baseline -0.011 -15"><span class='ocrx_word' id='word_1_814' title='bbox 1950 5220 2036 5275; x_wconf 88' lang='lat' dir='ltr'><strong>bis</strong></span> <span class='ocrx_word' id='word_1_815' title='bbox 2065 5227 2151 5274; x_wconf 90' lang='lat' dir='ltr'><strong>est</strong></span> <span class='ocrx_word' id='word_1_816' title='bbox 2176 5219 2465 5275; x_wconf 89' lang='lat' dir='ltr'><strong>materiam</strong></span> <span class='ocrx_word' id='word_1_817' title='bbox 2494 5232 2617 5288; x_wconf 67' lang='lat' dir='ltr'><strong>quae</strong></span> <span class='ocrx_word' id='word_1_818' title='bbox 2666 5214 2829 5269; x_wconf 88' lang='lat' dir='ltr'><strong>facile</strong></span> <span class='ocrx_word' id='word_1_819' title='bbox 2862 5215 3039 5280; x_wconf 89' lang='lat' dir='ltr'><strong>ignem</strong></span> <span class='ocrx_word' id='word_1_820' title='bbox 3076 5205 3338 5273; x_wconf 88' lang='lat' dir='ltr'><strong>concipit,</strong></span> <span class='ocrx_word' id='word_1_821' title='bbox 3368 5217 3532 5272; x_wconf 87' lang='lat' dir='ltr'><strong>quam</strong></span> 
     </span>
    </p>
   </div>
   <div class='ocr_carea' id='block_1_113' title="bbox 1955 5295 3533 5382">
    <p class='ocr_par' dir='ltr' id='par_1_113' title="bbox 1955 5295 3533 5382">
     <span class='ocr_line' id='line_1_113' title="bbox 1955 5295 3533 5382; baseline -0.011 -18"><span class='ocrx_word' id='word_1_822' title='bbox 1955 5311 2275 5382; x_wconf 86' lang='lat' dir='ltr'><strong>longissime</strong></span> <span class='ocrx_word' id='word_1_823' title='bbox 2308 5313 2377 5367; x_wconf 91' lang='lat' dir='ltr'><strong>ab</strong></span> <span class='ocrx_word' id='word_1_824' title='bbox 2406 5312 2530 5382; x_wconf 84' lang='lat' dir='ltr'><strong>igne</strong></span> <span class='ocrx_word' id='word_1_825' title='bbox 2572 5309 2900 5364; x_wconf 78' lang='lat' dir='ltr'><strong>submovere</strong></span> <span class='ocrx_word' id='word_1_826' title='bbox 2936 5322 2948 5356; x_wconf 89' lang='lat'><strong>:</strong></span> <span class='ocrx_word' id='word_1_827' title='bbox 2982 5301 3063 5356; x_wconf 80' lang='lat' dir='ltr'><strong>sic.</strong></span> <span class='ocrx_word' id='word_1_828' title='bbox 3094 5313 3271 5368; x_wconf 73' lang='lat' dir='ltr'><strong>opera:</strong></span> <span class='ocrx_word' id='word_1_829' title='bbox 3301 5295 3533 5365; x_wconf 77' lang='lat' dir='ltr'><strong>pretium</strong></span> 
     </span>
    </p>
   </div>
   <div class='ocr_carea' id='block_1_114' title="bbox 1955 5386 3532 5473">
    <p class='ocr_par' dir='ltr' id='par_1_114' title="bbox 1955 5386 3532 5473">
     <span class='ocr_line' id='line_1_114' title="bbox 1955 5386 3532 5473; baseline -0.013 -16"><span class='ocrx_word' id='word_1_830' title='bbox 1955 5409 2061 5467; x_wconf 88' lang='lat' dir='ltr'><strong>est,</strong></span> <span class='ocrx_word' id='word_1_831' title='bbox 2094 5402 2274 5473; x_wconf 82' lang='lat' dir='ltr'><strong>quoad</strong></span> <span class='ocrx_word' id='word_1_832' title='bbox 2300 5403 2421 5472; x_wconf 83' lang='lat' dir='ltr'><strong>ejus</strong></span> <span class='ocrx_word' id='word_1_833' title='bbox 2453 5401 2566 5457; x_wconf 86' lang='lat' dir='ltr'><strong>fieri</strong></span> <span class='ocrx_word' id='word_1_834' title='bbox 2588 5403 2785 5469; x_wconf 88' lang='lat' dir='ltr'><strong>potest,</strong></span> <span class='ocrx_word' id='word_1_835' title='bbox 2822 5393 3091 5448; x_wconf 89' lang='lat' dir='ltr'><strong>amicitias</strong></span> <span class='ocrx_word' id='word_1_836' title='bbox 3119 5406 3184 5444; x_wconf 80' lang='lat' dir='ltr'><strong>ex</strong></span> <span class='ocrx_word' id='word_1_837' title='bbox 3218 5386 3532 5442; x_wconf 89' lang='lat' dir='ltr'><strong>invidorum</strong></span> 
     </span>
    </p>
   </div>
   <div class='ocr_carea' id='block_1_115' title="bbox 1950 5682 3534 5769">
    <p class='ocr_par' dir='ltr' id='par_1_115' title="bbox 1950 5682 3534 5769">
     <span class='ocr_line' id='line_1_115' title="bbox 1950 5682 3534 5769; baseline -0.003 -11"><span class='ocrx_word' id='word_1_838' title='bbox 1950 5705 2123 5760; x_wconf 77' lang='lat' dir='ltr'><strong>codex</strong></span> <span class='ocrx_word' id='word_1_839' title='bbox 2163 5703 2414 5758; x_wconf 83' lang='lat' dir='ltr'><strong>Cnmbef.</strong></span> <span class='ocrx_word' id='word_1_840' title='bbox 2463 5700 2921 5769; x_wconf 85' lang='grc' dir='ltr'>συγκαταϐάλλοι.</span> <span class='ocrx_word' id='word_1_841' title='bbox 2954 5700 3061 5758; x_wconf 85' lang='lat' dir='ltr'><strong>Alii</strong></span> <span class='ocrx_word' id='word_1_842' title='bbox 3090 5709 3205 5759; x_wconf 77' lang='lat' dir='ltr'><strong>trcs</strong></span> <span class='ocrx_word' id='word_1_843' title='bbox 3236 5715 3369 5757; x_wconf 84' lang='lat' dir='ltr'><strong>mss.</strong></span> <span class='ocrx_word' id='word_1_844' title='bbox 3398 5682 3534 5767; x_wconf 63' lang='grc' dir='ltr'>συγὲ</span> 
     </span>
    </p>
   </div>
   <div class='ocr_carea' id='block_1_116' title="bbox 1952 5771 2984 5844">
    <p class='ocr_par' dir='ltr' id='par_1_116' title="bbox 1952 5771 2984 5844">
     <span class='ocr_line' id='line_1_116' title="bbox 1952 5771 2984 5844; baseline -0.006 -14"><span class='ocrx_word' id='word_1_845' title='bbox 1952 5775 2321 5831; x_wconf 78' lang='grc' dir='ltr'>καταϐάλλων.</span> <span class='ocrx_word' id='word_1_846' title='bbox 2361 5773 2504 5829; x_wconf 80' lang='lat' dir='ltr'><strong>Editi</strong></span> <span class='ocrx_word' id='word_1_847' title='bbox 2542 5771 2984 5844; x_wconf 81' lang='grc' dir='ltr'>συγκαταϐαλών.</span> 
     </span>
    </p>
   </div>
  </div>
