4036 6236
487 284 552 340 79
1822 275 1879 332 S.
1924 272 2171 331 BASILII
2212 273 2426 331 MAGNl
3598 273 3721 332 580

449 397 851 457 consuetudine
888 395 1219 459 subducere,
1246 404 1308 452 ut
1331 403 1487 453 extra
1519 395 1737 451 invidia
1764 397 1873 451 tela
1899 410 2031 449 con-

2138 394 2257 465 χρὴ,
2292 393 2413 447 καθ’
2455 393 2579 446 ὅσον
2611 387 2722 445 οἷ’ὁν
2760 408 2840 455 τε,
2888 392 2984 462 τῆς
3025 391 3133 445 τῶν
3172 390 3457 461 βασκάνων
3488 391 3717 463 ὁμιλίας

448 492 766 549 stituamur.
793 489 979 560 Neque
1005 491 1152 544 enim
1186 490 1299 545 fieri
1321 499 1515 560 potest,
1546 497 1608 544 ut
1635 489 1793 543 aliter
1822 487 2026 543 invidia

2138 486 2225 551 τὰς
2260 486 2443 556 φιλίας
2476 487 2730 555 ἀπάγειν,
2759 486 2865 553 ἔξω
2885 485 2993 540 τῶν
3015 484 3108 539 τοῦ
3148 486 3342 555 φθόνου
3375 486 3544 556 βελῶν
3578 490 3712 541 ἑαυ-

448 584 787 645 irretiamur.
815 583 921 637 nisi
950 597 1047 653 per
1089 581 1519 637 familiaritatem
1546 579 2029 636 consuetudinem-

2138 578 2253 641 τοὺς
2286 577 2593 641 ποιοῦντας.
2625 576 2762 632 Οὐδὲ
2791 577 2897 649 γὰρ
2928 577 3100 642 ἄλλως
3128 577 3348 631 δυνατὸν
3379 579 3711 651 συμπλακῆ-

448 692 559 746 que
577 675 649 730 ad
680 691 802 731 eam
826 675 1250 731 accesserimus.
1279 674 1514 740 Etenim,
1534 674 1691 745 juxta
1718 671 2029 728 Salomonis

451 768 806 832 sententiam,
832 766 958 822 Viro
987 768 1259 822 aemulatio
1285 785 1319 821 a
1346 767 1520 821 sodali
1539 767 1704 835 ipsius
1727 764 1792 818 °°.
1813 763 1879 817 Et
1900 777 2030 818 vero

451 859 534 914 sic
567 873 628 913 se
657 873 745 914 res
774 859 958 914 habet.
991 857 1250 930 Egyptio
1296 857 1498 930 Scytha
1524 873 1635 914 non
1665 858 1894 924 invidet,
1933 854 2030 911 sed

450 951 838 1021 unusquisque
889 952 1118 1007 habenti
1155 953 1435 1007 nationem
1473 951 1762 1015 eamdem;
1799 959 1855 1005 et
1888 950 2031 1003 inter

452 1037 699 1094 nationis
742 1038 986 1108 ejusdem
1034 1041 1266 1105 incolas,
1317 1041 1521 1110 ignotis
1577 1057 1687 1095 non
1732 1040 2028 1104 invidetur,

455 1127 554 1183 sed
590 1129 1036 1187 familiarissimis
1069 1150 1081 1186 :
1116 1139 1171 1185 et
1204 1132 1343 1186 inter
1375 1130 1693 1196 familiares,
1726 1131 1945 1195 vicinis,
1977 1138 2033 1185 et

453 1218 701 1275 eamdem
752 1232 926 1277 artem
963 1223 1374 1284 exercentibus,
1408 1230 1502 1276 aut
1539 1223 1642 1277 alia
1683 1222 1878 1293 quavis
1929 1239 2032 1278 ne-

455 1312 788 1369 cessitudine
814 1314 1150 1383 conjunctis,
1181 1315 1291 1370 imo
1322 1318 1466 1369 inter
1493 1315 1595 1371 bos
1629 1330 2031 1379 rursum,coa—-

456 1404 658 1468 taneis,
700 1405 1255 1476 consanguineisque,
1288 1417 1341 1461 et
1382 1406 1667 1461 fratribus.
1702 1405 1769 1460 Et
1802 1406 1855 1461 in
1884 1422 2034 1461 sum-

456 1504 647 1560 ma,ut
679 1480 874 1567 rubigo
907 1498 1025 1553 lues
1063 1507 1147 1554 est
1184 1497 1440 1552 frumenti
1491 1498 1746 1569 propria;
1783 1499 1862 1554 sic
1893 1498 2033 1553 invi-

457 1587 549 1642 dia
574 1587 830 1643 amicitia
856 1590 1100 1645 morbus.
1134 1588 1269 1644 Illud
1301 1597 1479 1644 tamen
1512 1590 1568 1643 in
1603 1590 1707 1643 hoc
1736 1591 1881 1644 malo
1915 1590 2035 1643 lauo

457 1680 591 1736 dare
621 1681 745 1751 quis
773 1683 995 1752 poterit,
1026 1683 1172 1753 quod
1203 1691 1411 1753 quanto
1433 1682 1811 1738 vehementius
1830 1682 2028 1747 cietur,

2128 683 2216 721 ναι
2248 667 2327 739 τῷ
2359 667 2557 739 φθόνῳ,
2597 668 2671 740 μὴ
2718 669 2784 721 δι’
2833 670 3163 739 οἰκειότητος
3212 670 3362 742 αὐτῷ
3411 673 3717 744 προσεγγί-

2130 776 2319 815 σαντα.
2376 760 2637 832 Ἐπείπερ
2687 759 2828 814 κατὰ
2871 761 2962 816 τὸν
3007 762 3352 833 Σολομῶντος
3400 764 3576 832 λόγον,
3622 765 3709 831 Τῷ

2128 850 2300 919 ἀνδρί
2332 854 2364 905 ὀ
2394 850 2573 920 ζῆλος
2603 852 2761 919 παρὰ
2792 853 2897 907 τοῦ
2928 854 3164 922 ἑταίρου
3193 856 3399 910 αὐτοῦ.
3454 859 3566 911 Καὶ
3595 857 3709 928 γὰρ

2128 941 2302 1006 οὕτως
2329 943 2460 1011 ἔχει.
2492 943 2602 1012 (51)
2633 944 2767 1014 Οὐχί
2790 943 2869 1015 τῷ
2896 946 3177 1018 Αἰγυπτίῳ
3206 947 3485 1017 βασκαίνει
3513 952 3541 1002 ὀ
3568 949 3711 1003 Σκύ-

2130 1032 2252 1105 θης,
2288 1033 2422 1087 ἀλλὰ
2458 1034 2536 1105 τῷ
2568 1036 2813 1107 ὁμοεθνεί
2836 1037 3097 1103 ἕκαστος’
3132 1042 3229 1093 καὶ
3255 1043 3313 1093 ἐν
3350 1042 3428 1113 τῷ
3459 1043 3721 1113 ὁμοεθνεῖ

2134 1127 2316 1197 μέντοι
2350 1127 2411 1179 οὐ
2444 1129 2557 1190 τοῖς
2580 1128 2965 1199 ἀγνοουμένοις
2994 1129 3214 1199 φθονεῖ,
3261 1133 3399 1187 ἀλλὰ
3430 1137 3543 1198 τοῖς
3579 1151 3711 1187 συν-

2128 1214 2445 1285 ηθεστάτοις
2467 1234 2481 1249 ·
2504 1217 2727 1272 καὶτῶν
2753 1219 2999 1289 συνήθων
3023 1223 3136 1286 τοῖς
3163 1223 3368 1291 γείτοσι
3400 1225 3494 1277 καὶ
3514 1225 3714 1296 ὁμοτέ-

2130 1326 2307 1379 χνοις,
2346 1311 2441 1364 xui.
2461 1313 2573 1375 τοῖς
2605 1311 2778 1376 ἄλλως
2809 1313 3031 1378 οἰκείοις
3065 1315 3176 1386 (52)
3194 1333 3206 1345 ·
3231 1316 3333 1370 κάν
3363 1317 3573 1381 τούτοις
3601 1319 3714 1372 πά-

2130 1397 2232 1463 λιν,
2291 1401 2605 1472 ἡλικιώταις
2649 1405 2741 1457 καὶ
2792 1406 3077 1475 συγγενέσι
3124 1406 3219 1461 καὶ
3278 1408 3546 1478 ἀδελφοῖς.
3595 1411 3711 1464 Καὶ

2129 1490 2284 1555 ὅλως,
2318 1491 2506 1564 ὥσπερ
2537 1495 2570 1565 ὴ
2599 1495 2823 1568 ἐρυσίϐη
2860 1496 2988 1550 ἴδιόν
3020 1499 3139 1551 ἐστι
3165 1498 3260 1552 τοῦ
3292 1500 3438 1554 σίτου
3469 1501 3707 1572 νόσημα,

2130 1582 2302 1648 οὕτως
2331 1586 2359 1637 ὀ
2393 1584 2584 1654 φθόνος
2613 1587 2794 1656 φιλίας
2828 1589 2975 1641 ἐστὶν
3003 1588 3362 1661 ἀρῤώστημα.
3414 1591 3619 1644 Ἑκεῖνό
3643 1608 3713 1660 γε

2135 1674 2242 1746 μὴν
2290 1676 2394 1729 κᾶν
2445 1678 2751 1732 ἐπαινέσειέ
2786 1697 2870 1744 τις
2914 1680 3009 1733 τοῦ
3043 1680 3236 1746 κακοῦ,
3270 1682 3353 1735 ὅτι
3383 1683 3602 1755 ὅσῳπερ
3641 1682 3711 1737 ἂν

457 1779 614 1827 tanto
635 1749 845 1828 homini
892 1775 984 1843 qui
1016 1749 1082 1829 eo
1115 1749 1346 1837 laborat,
1378 1775 1597 1845 gravius
1621 1784 1724 1831 est.
1758 1773 2030 1841 Quemad-

2138 1766 2488 1839 σφοδρότερος
2533 1769 2749 1841 κινηθῇ,
2783 1771 3023 1842 τοσούτῳ
3066 1771 3441 1844 χαλεπώτερός
3464 1749 3599 1827 ’ἐστι
3628 1774 3709 1844 τῷ

459 1864 683 1919 modum
706 1864 852 1920 enim
876 1865 1055 1935 jacula
1082 1866 1285 1936 ingenti
1322 1868 1372 1919 vi
1398 1866 1621 1928 emissa,
1658 1866 1750 1920 ubi
1782 1867 1835 1920 in
1868 1867 2032 1936 quid-

459 1958 605 2026 piam
636 1955 833 2010 durum
876 1972 939 2009 ac
974 1958 1219 2012 renitens
1254 1957 1567 2021 inciderint,
1602 1964 1946 2012 revertuntur
1976 1957 2033 2011 in

456 2046 812 2115 jaculatorem
843 2065 857 2113 ;
893 2048 968 2101 ita
999 2064 1218 2118 quoque
1271 2048 1488 2103 invidia
1528 2057 1708 2102 motus
1763 2048 1900 2102 nihil
1943 2049 2035 2103 la-

458 2137 652 2195 dentes
685 2155 811 2195 eum
850 2135 940 2194 c‘ui
995 2140 1288 2203 invidetur,
1335 2140 1504 2209 plaga
1552 2140 1687 2193 liunt
1718 2140 2033 2197 invidentis.

460 2228 597 2300 Quis
623 2232 790 2295 enim,
826 2228 972 2300 quod
1010 2245 1067 2285 se
1092 2227 1390 2297 angoribus
1417 2226 1599 2293 dedat,
1632 2227 1773 2281 bona
1803 2227 2037 2297 proximi

462 2342 705 2397 unquam
748 2322 1059 2379 imminuit?
1099 2321 1205 2376 Sed
1244 2334 1480 2376 marore
1529 2320 1944 2384 contabescens,
1977 2334 2036 2374 se

461 2421 581 2490 ipse
619 2416 876 2475 confecit.
905 2414 1026 2469 Jam
1082 2429 1214 2469 vero
1246 2413 1339 2483 qui
1389 2411 1605 2466 invidia
1658 2411 1846 2466 morbo
1890 2411 2038 2465 labo-

461 2519 627 2572 rant,
680 2507 817 2577 ipsis
868 2506 1033 2561 etiam
1087 2504 1368 2559 venenatis
1416 2503 1605 2558 bestiis
1655 2503 2039 2557 existimantur

461 2597 807 2653 exitiosiores
836 2611 960 2650 esse
1004 2613 1016 2648 :
1064 2593 1335 2664 siquidem
1391 2593 1495 2647 illa
1551 2593 1777 2647 vulnere
1828 2592 2035 2649 inflicto

461 2687 952 2744 iu‘uuittuntvirus.
985 2693 1040 2740 et
1065 2700 1371 2739 conuuorsa
1397 2699 1524 2754 pars
1554 2684 1813 2754 paulatim
1845 2691 2035 2752 putre-

462 2774 589 2828 dine
615 2775 886 2829 exeditur.
920 2772 1139 2827 lnvidos
1167 2788 1298 2826 vero
1321 2779 1514 2841 putant
1546 2773 1765 2841 quidam
1794 2774 1878 2826 vel
1903 2773 2036 2827 solis

463 2864 639 2919 oculis
671 2865 845 2919 labem
899 2863 1123 2926 inferre,
1160 2863 1297 2916 adeo
1332 2872 1391 2916 ut
1424 2877 1656 2932 corpora
1692 2863 1834 2917 bona
1881 2863 2036 2916 babi-

462 2958 652 3012 tudine
693 2955 938 3027 praedita,
966 2963 1019 3009 et
1063 2970 1129 3009 ex
1174 2956 1353 3009 atatis
1386 2954 1572 3024 vigore
1616 2955 1853 3009 maxime
1897 2956 2039 3010 elllo-

462 3050 755 3110 reseeutia,
813 3062 909 3117 per
960 3061 1148 3101 eorum
1201 3045 1458 3100 invidiam
1507 3046 1823 3110 tabescaut,
1853 3048 2038 3101 conci-

463 3143 663 3210 datque
713 3140 1002 3195 confestim
1057 3139 1228 3193 moles
1282 3139 1494 3200 omnis,
1526 3138 1761 3192 exitiose
1799 3144 2034 3208 quodam

465 3233 622 3301 quasi
663 3232 865 3286 lluento
893 3248 956 3285 ex
994 3230 1304 3285 invidorum
1338 3229 1514 3289 oculis
1541 3230 1841 3293 difﬂuente,
1874 3240 1928 3285 et
1960 3242 2041 3284 ta.-

466 3323 770 3379 bel‘aciente
819 3329 983 3393 atque
1010 3330 1418 3392 corrumpente.
1451 3320 1563 3391 Ego
1585 3331 1767 3377 tamen
1798 3323 1939 3377 banc
1970 3322 2040 3375 fu-

467 3414 652 3470 bulam
693 3413 884 3481 rejicio
916 3419 976 3466 ut
1021 3412 1359 3481 popularem,
1397 3418 1567 3480 utque
1596 3412 1665 3465 ab
1694 3411 1926 3465 aniculis
1959 3414 2041 3464 iu-

464 3508 779 3562 troductam
828 3506 882 3560 in
940 3506 1230 3560 mulierum
1271 3513 1474 3559 catum
1514 3524 1529 3560 :
1567 3504 1663 3559 sed
1711 3503 1843 3559 illud
1891 3504 2038 3568 dico,

467 3600 745 3656 damoncs
778 3598 906 3653 boni
928 3597 1035 3667 95
1073 3597 1319 3667 cujusvis
1362 3612 1572 3659 osores,
1599 3597 1691 3650 ubi
1729 3597 2039 3651 voluntates

467 3690 575 3746 sibi
605 3689 899 3744 familiares
930 3705 994 3743 ac
1024 3689 1429 3744 necessitudine
1465 3687 1792 3758 conjunctas
1835 3702 2043 3756 repere-

467 3783 601 3844 rint,
625 3782 802 3836 modis
833 3780 1090 3835 omnibus
1123 3780 1199 3834 uti
1226 3781 1306 3835 eis
1331 3780 1398 3834 ad
1433 3765 1591 3833 suum
1624 3778 1931 3839 arbitrium,
1961 3778 2041 3831 sic

471 3873 696 3940 utipsos
729 3874 892 3925 etiam
921 3869 1226 3923 invidorum
1259 3870 1451 3924 oculos
1475 3868 1767 3921 adhibeant
1794 3882 1906 3921 sua
1946 3882 2044 3919 vo-

469 3957 697 4011 luntatis
744 3958 1046 4011 ministros.
1090 3954 1239 4010 ltaue
1264 3972 1393 4010 vero
1426 3972 1534 4010 non
1584 3956 1774 4010 horres
1805 3955 2040 4024 teipsum

469 4049 689 4105 exitiosi
719 4048 983 4102 damonis
1030 4048 1420 4103 administrum
1451 4048 1805 4110 constituere,
1834 4048 1928 4101 sed
1961 4047 2041 4099 vi-

469 4140 608 4195 tium
639 4139 902 4200 adniittis.
935 4154 1043 4208 quo
1069 4155 1258 4195 eorum
1288 4139 1383 4209 qui
1425 4149 1478 4193 te
1505 4139 1711 4209 injuria
1737 4140 1886 4193 nulla
1914 4138 2043 4193 affee

472 4246 618 4294 cere,
649 4229 865 4283 futurus
888 4230 965 4285 sis
984 4231 1258 4296 inimicus,
1285 4230 1394 4284 imo
1416 4229 1589 4286 hostis
1606 4229 1721 4294 Dei,
1747 4231 1840 4300 qui
1867 4230 2044 4284 bonus

472 4330 577 4386 est,
600 4329 654 4376 et
673 4322 853 4376 omnis
884 4323 1103 4377 invidia
1127 4322 1362 4393 erpers?

543 4504 597 4559 5.
632 4502 931 4575 Fugiamus
983 4506 1176 4559 vitium
1232 4503 1595 4559 intolerabile.
1632 4501 1913 4573 Serpentis
1964 4513 2048 4557 est

473 4596 884 4661 documentum,
916 4596 1220 4650 damonum
1266 4596 1565 4657 inventum,
1616 4595 1755 4649 satio
1816 4595 2046 4660 inimici,

473 4688 711 4744 arrhabo
762 4689 1049 4758 supplicii,
1083 4689 1301 4759 pietatis
1352 4687 1835 4759 impedimentum,
1863 4687 1949 4740 via
1979 4686 2045 4740 ad

473 4777 799 4845 gehennam,
834 4777 1067 4847 privatio
1110 4779 1279 4848 regni.
1311 4776 1580 4831 Caterum
1620 4776 1785 4832 invidi
1811 4778 1893 4830 vel
1930 4779 2045 4847 ipsa

475 4867 613 4921 facie
660 4868 949 4923 manifesto
990 4877 1380 4938 agnoscuntur.
1414 4867 1510 4922 His
1563 4869 1707 4922 oeuli
1753 4876 1880 4924 sunt
1908 4868 2046 4922 aridi

473 4968 528 5012 et
559 4958 799 5023 obscuri,
831 4974 968 5029 gena
999 4960 1258 5023 demissa,
1288 4959 1641 5029 supercilium
1676 4968 2041 5024 contractum,

548 5114 592 5144 ‘°
630 5112 810 5170 Eccle.
849 5130 922 5180 iv,
956 5116 1010 5169 4.

548 5267 661 5340 (51)
699 5268 853 5335 Quod
893 5270 970 5325 ait
996 5270 1253 5331 Basilius,
1284 5272 1482 5325 vicinos
1513 5271 1721 5335 vicinis,
1753 5269 2046 5340 familiares

478 5337 835 5410 familiaribus
867 5341 1115 5401 invidere.
1147 5342 1268 5410 ejus
1301 5357 1410 5395 non
1439 5341 1733 5396 dissimilia
1754 5337 1902 5410 apud
1942 5339 2047 5395 He-

478 5408 777 5478 slodumin
802 5408 1023 5478 Operib.
1055 5408 1285 5465 inveniri
1322 5415 1529 5465 nutavit
1565 5408 1812 5465 Ducausi

551 5478 664 5547 (52)
700 5477 831 5549 Reg.
855 5477 1078 5549 primus
1108 5482 1202 5533 καὶ
1232 5484 1340 5544 τοῖς
1375 5481 1553 5544 ἄλλοις
1577 5481 1817 5543 οἰκείοις.

556 5548 665 5622 (55)
684 5548 837 5622 ldein
854 5552 1030 5622 codex
1055 5552 1146 5603 ἐπὶ
1170 5550 1259 5604 τὸν
1283 5551 1620 5622 προϊέμενον.
1650 5552 1756 5604 Alii
1783 5552 1890 5605 dun
1913 5565 2043 5604 mss.

481 5626 537 5677 et
566 5620 696 5690 editi
732 5621 1048 5690 npoéptavov.

557 5688 670 5760 (54)
702 5688 920 5762 Antiqui
944 5692 1053 5745 duo
1081 5692 1201 5745 libri
1233 5691 1434 5763 βλάϐην
1465 5690 1771 5762 ἐμϐάλλειν.

2133 1859 2469 1930 κεκτημένῳ.
2506 1861 2716 1934 Ὥσπερ
2746 1864 2854 1934 γὰρ
2883 1862 2989 1916 τῶν
3022 1863 3192 1933 βελῶν
3217 1863 3285 1918 τὰ
3315 1847 3504 1935 βιαίως
3531 1866 3715 1936 φερό-

2136 1966 2292 2020 μενα,
2317 1951 2533 2004 ἐπειδὰν
2565 1953 2816 2031 καρτερῤ
2836 1971 2941 2008 τινι
2969 1955 3062 2008 xui.
3086 1955 3366 2027 ἀντιτύπῳ
3395 1956 3709 2031 προσπέσῃ,

2131 2015 2228 2093 επὶ
2268 2039 2359 2093 τὸν
2403 2015 2702 2113 προέμενον
2738 2015 2864 2115 ’(55)
2899 2044 3288 2117 ὲπανέρχεται’
3336 2015 3483 2101 οὕτω
3515 2015 3711 2103 xui.

2131 2131 2225 2184 τοῦ
2256 2131 2449 2201 φθόνου
2479 2135 2776 2205 κινήματα,
2808 2136 2959 2190 οὐδὲν
2989 2137 3263 2192 λυποῦντα
3293 2138 3383 2192 τὸν
3421 2139 3714 2209 βασκαινό-

2137 2240 2316 2294 μενον,
2366 2222 2533 2277 αὐτοῦ
2586 2224 2792 2294 πληγαὶ
2842 2225 3080 2295 γίνονται
3135 2226 3230 2281 τοῦ
3265 2226 3556 2297 βασκάνου.
3612 2227 3715 2291 Τίς

2134 2313 2243 2385 γὰρ
2304 2313 2641 2384 λυπούμενος
2695 2315 2973 2385 ἠλάττωσε
3035 2334 3166 2371 ποτε
3215 2317 3284 2371 τὰ
3335 2319 3429 2371 τοῦ
3481 2319 3716 2392 πλησίον

2135 2403 2308 2469 καλά;
2348 2404 2569 2459 Ἑαυτὸν
2605 2404 2785 2476 μέντοι
2818 2407 3204 2477 προσανάλωσε
3231 2411 3353 2472 ταῖς
3383 2407 3577 2474 λύπαις
3609 2427 3720 2464 κα-

2135 2496 2524 2567 τατηκόμενος.
2565 2496 2703 2568 Ἤδη
2743 2496 2800 2551 δὲ
2846 2499 2943 2551 xui.
2985 2498 3094 2553 τῶν
3140 2499 3358 2555 ἰοϐόλων
3388 2500 3566 2554 αὐτῶν
3594 2500 3716 2554 ὀλε-

2137 2585 2422 2658 θριώτεροι
2467 2584 2605 2641 εἶναι
2636 2590 2684 2641 οἱ
2717 2588 2997 2652 νοσοῦντες
3048 2589 3145 2661 τὴν
3177 2589 3473 2659 βασκανίαν
3520 2592 3721 2645 ὑπονε-

2134 2679 2386 2749 νόηνται·
2420 2680 2593 2752 ξείπερ
2623 2679 2692 2733 τὰ
2728 2680 2825 2751 μὲν
2856 2680 2946 2734 διὰ
2987 2681 3200 2753 πληγῆς
3245 2682 3417 2754 ἐνίησι
3463 2683 3555 2736 τὸν
3611 2684 3714 2747 ἰὸν,

2136 2772 2231 2823 xui.
2279 2769 2423 2823 κατᾶ
2454 2771 2649 2842 μικρὸν
2699 2771 2956 2842 σηπεδόσι
3009 2772 3069 2825 τὸ
3108 2772 3301 2844 δηχθὲν
3352 2773 3714 2845 ἐπινέμεταιο

2136 2862 2262 2924 τοὺς
2304 2862 2361 2915 δὲ
2393 2862 2683 2933 φθονεροὺς
2727 2879 2871 2925 τινες
2923 2864 3121 2917 οἴονται
3163 2865 3257 2918 καὶ
3305 2865 3371 2918 δι’
3422 2863 3721 2935 ὀφθαλμῶν

2142 2951 2316 3021 μόνων
2380 2952 2481 3022 τὴν
2521 2952 2726 3023 βλάϐην
2778 2953 3085 3007 ἐπιϐάλλειν
3131 2954 3274 3024 (54)·
3329 2955 3469 3009 ὥστε
3507 2954 3574 3008 τὰ
3623 2957 3723 3008 εὐ-

2143 3041 2337 3095 ικτικὰ
2369 3042 2617 3113 σώματα,
2652 3044 2746 3096 καὶ
2768 3044 2832 3096 ὲκ
2862 3044 2960 3114 τῆς
2991 3044 3131 3098 κατά
3158 3044 3254 3116 τὴν
3285 3045 3501 3115 ἠλικίαν
3527 3045 3724 3116 ἀκμῆς

2141 3135 2222 3195 εἰς
2250 3134 2348 3205 τὴν
2388 3132 2562 3202 ἄκραν
2601 3133 2749 3205 ὥραν
2780 3134 3248 3207 ὑπερανθήσαντα,
3295 3136 3557 3208 τήκεσθαι
3582 3136 3721 3208 παρ’

2141 3224 2321 3278 αὐτῶν
2362 3225 2931 3296 καταϐασκαινόμενα,
2962 3226 3055 3280 καὶ
3082 3227 3200 3279 ὅλον
3227 3227 3437 3299 ἁθρόως
3463 3244 3724 3280 συναναι-

2141 3314 2349 3386 ρεῖσθαι
2398 3316 2507 3386 (55)
2559 3317 2651 3371 τὸν
2695 3316 2879 3386 ὄγκον,
2927 3312 3041 3371 οἷον
3091 3318 3361 3389 ῥεύματός
3402 3336 3545 3382 τινος
3595 3319 3718 3374 ὀλε-

2140 3409 2291 3480 θρίου
2318 3411 2383 3462 ὲκ
2410 3408 2520 3461 τῶν
2557 3409 2835 3481 φθονερῶν
2883 3409 3175 3481 ὀφθαλμῶν
3204 3411 3581 3483 ἀπορρέοντος,
3617 3413 3721 3464 καὶ

2139 3499 2536 3571 λυμαινομένου
2593 3502 2688 3554 καὶ
2747 3500 3167 3572 διαφθείροντος.
3233 3501 3373 3571 Ἐγὼ
3414 3502 3471 3556 δὲ
3525 3501 3724 3556 τοῦτον

2145 3590 2243 3660 μὲν
2280 3589 2369 3643 τὸν
2413 3590 2569 3658 λόγον
2602 3591 3021 3661 ἀποπέμπομαι,
3053 3591 3129 3654 ὡς
3153 3590 3372 3662 δημώδη
3399 3591 3492 3645 καὶ
3520 3593 3587 3662 τῇ
3618 3608 3727 3659 γυ-

2141 3682 2467 3735 ναικωνίτιδι
2500 3683 2933 3755 παρεισαχθέντα
2967 3683 3071 3736 ὑπὸ
3114 3683 3407 3755 γραϊδίωνο
3445 3684 3618 3736 ἐκεῖνο
3655 3683 3722 3736 δέ

2142 3791 2303 3844 φημι,
2348 3775 2429 3826 ὅτι
2479 3775 2529 3826 οἰ
2585 3775 2867 3845 μισόκαλοι
2918 3774 3189 3845 δαίμονες,
3243 3773 3460 3827 ἐπειδὰν
3509 3774 3725 3837 οἰκείας

2141 3866 2353 3929 ἑαυτοῖς
2391 3863 2593 3936 εὕρωσι
2641 3866 3006 3937 προαιρέσεις,
3048 3864 3314 3929 παντοίως
3344 3865 3535 3929 αὐταῖς
3575 3863 3721 3936 πρὸς

2140 3955 2202 4007 τὸ
2263 3955 2391 4008 ἴδιον
2450 3954 2855 4028 ἁποκέχρηνται
2908 3956 3188 4028 βούλημα’
3248 3955 3390 4009 ὥστε
3453 3956 3545 4009 καὶ
3600 3958 3722 4019 τοῖς

2143 4047 2438 4119 ὀφθαλμοῖς
2469 4048 2579 4101 τῶν
2608 4048 2888 4118 βασκάνων
2922 4051 3001 4112 εἰς
3018 4049 3319 4120 ὑπηρεσίαν
3352 4048 3581 4120 χρῆσθαι
3599 4047 3725 4119 (56)

2142 4139 2236 4193 τοῦ
2296 4141 2426 4195 ἰδίου
2480 4141 2802 4213 θελήματος.
2852 4137 2985 4195 Εἶτα
3035 4143 3094 4195 οὐ
3144 4143 3392 4213 φρίσσεις
3433 4140 3723 4213 ὑπηρέτην

2146 4233 2370 4286 σεαυτὸν
2396 4233 2566 4288 ποιῶν
2599 4234 2849 4305 δαίμονος
2881 4234 3146 4305 ὀλεθρίου,
3195 4234 3308 4287 ἀλλ’
3342 4234 3575 4305 ὑποδέχῃ
3611 4250 3721 4287 κα-

2147 4325 2262 4388 κδν,
2310 4324 2376 4377 δι’
2410 4318 2469 4379 οῦ
2504 4324 2696 4397 ἐχθρὸς
2740 4325 2837 4395 μὲν
2874 4328 3078 4396 γενήσῃ
3110 4325 3218 4378 τῶν
3264 4325 3428 4397 μηδὲν
3470 4324 3729 4378 ἀδικούν-

2069 4427 2113 4481 ι)
2141 4435 2270 4479 των,
2303 4416 2494 4488 ἐχθρὸς
2526 4417 2584 4469 δὲ
2614 4416 2750 4471 Θεοῦ
2778 4416 2872 4471 τοῦ
2902 4417 3107 4486 ἀγαθοῦ
3142 4417 3236 4471 xui.
3275 4416 3540 4485 ἀφθόνου;

2221 4508 2273 4562 5.
2295 4508 2558 4577 Φύγωμεν
2580 4507 2747 4560 κακὸν
2777 4508 3068 4578 ἀφόρητον.
3093 4505 3306 4575 Ὄφεως
3320 4508 3433 4559 ἐστι
3460 4506 3725 4576 δίδαγμα,

2148 4602 2416 4672 δαιμόνων
2457 4598 2695 4670 εὕρημα,
2749 4599 2944 4671 ἐχθροῦ
3002 4597 3291 4670 ἐπισπορά,
3321 4596 3575 4668 ἀρραϐὼν
3628 4614 3733 4649 κο-

2150 4691 2375 4753 λάσεως,
2411 4690 2666 4759 ἐμπόδιον
2705 4690 3003 4753 εὐσεϐείας,
3034 4689 3150 4753 ὁδὸς
3185 4689 3280 4741 ἐπὶ
3308 4688 3550 4756 γέενναν,
3596 4689 3726 4739 στι-Ξ-

2153 4798 2311 4851 ρησις
2345 4779 2641 4849 βασιλείας.
2673 4781 2833 4849 Δῆλοι
2879 4781 2935 4835 δέ
2982 4798 3097 4842 πως
3145 4780 3239 4832 xui
3271 4778 3418 4849 αὐτῷ
3447 4778 3524 4849 τῷ
3554 4794 3731 4849 προσ-

2149 4869 2282 4939 ὡπῳ
2316 4867 2428 4940 (57)
2459 4871 2812 4940 τυγχάνουσιν
2843 4872 2892 4924 οἱ
2925 4870 3262 4940 φθονοῦντες.
3294 4871 3487 4939 Ὄμμα
3511 4868 3728 4930 τούτοις

2152 4961 2312 5033 ξηρὸν
2342 4962 2434 5016 xui.
2462 4962 2733 5033 ἀλαμπὲς,
2766 4964 2966 5035 παρειά
2996 4963 3264 5034 κατηφὴς,
3311 4961 3481 5033 ὀφρῦς
3513 4976 3729 5028 συμπε-

2219 5267 2332 5338 (55)
2367 5264 2676 5338 ln_duobu_s
2705 5279 2838 5318 mss.
2870 5261 3135 5338 scripturn
3166 5258 3478 5338 invenimus
3503 5258 3731 5338 Ξὶθρόῳς

2149 5327 2536 5407 συναιρεῖσθαι.
2581 5335 2875 5404 Aliquanto
2917 5327 3040 5401 post
3079 5327 3211 5400 Reg.
3252 5329 3464 5397 primus
3497 5327 3730 5403 δημώδη

2149 5408 2240 5457 καὶ
2268 5405 2595 5457 γυναικώδη.

2147 5408 2240 5460 xui.
2268 5405 2595 5460 γυναικώδη.

2224 5422 2240 5458 ι
2268 5422 2595 5475 γυναικωοη.

2218 5477 2330 5547 (56)
2360 5475 2516 5547 Quill).
2546 5472 2741 5547 tertius
2767 5470 3092 5547 χρήσασθαι..

2220 5537 2334 5615 (57)
2369 5545 2507 5599 Editi
2546 5553 2611 5615 et
2634 5537 3176 5615 Reg."tertius_u€mp
3209 5538 3286 5607 τῷ
3319 5537 3728 5615 προσώπῳ.υΑῑ

2148 5591 2740 5673 mss".-lCoiilbi-lisiani3
2763 5626 2870 5664 uno
2903 5609 3069 5664 verbo
3107 5591 3577 5677 αῦτοπροσὼπωςί
3609 5606 3724 5663 Nec

2146 5690 2218 5744 ita
2252 5687 2421 5743 multo
2448 5690 2569 5758 post
2603 5682 2728 5752 Reg.
2760 5682 2966 5754 primus
2996 5678 3215 5752 nupsisti.
3248 5680 3530 5749 κατηφεῖς.
