4036 6236
295 353 382 411 531
1584 348 1864 407 HOMILIA
1904 349 1991 404 DE
2027 349 2273 407 lNVlDlA
2286 395 2298 407 .

3446 357 3552 410 38!

296 474 555 534 πτωκυῖα,
612 471 647 542 ἠ
683 469 833 540 ψυχὴ
889 467 970 540 τῷ
1026 467 1185 522 πάθει
1241 466 1642 538 συγκεχυμένη,
1679 467 1739 519 τὸ
1770 467 1858 536 τῆς

1971 466 2187 521 animus
2239 466 2557 522 turbulento
2591 464 2786 521 aﬂ'ectu
2836 466 3229 537 perturbatus,
3265 481 3460 524 carens
3490 469 3548 522 in

296 564 548 636 ἀληθείας
580 563 867 634 κριτήριον
901 561 1121 615 ἐπὶτῶν
1155 560 1497 631 πραγμάτων
1525 557 1625 611 οὐκ
1651 556 1868 628 ἔχουσα.

297 658 367 711 Οὐ
418 654 613 729 πρᾶξις
660 655 783 707 κατ’
816 653 1017 724 ἀρετὴν
1051 651 1306 721 ἐπαινετὴ
1351 650 1482 721 παρ’
1521 649 1771 711 ἐκείνοις,
1809 648 1869 701 οὐ

297 750 454 820 λόγου
486 750 711 819 δύναμις
752 746 1044 818 σεμνότητι
1077 744 1461 816 κεκοσμημένη
1508 742 1603 798 κιιῖ¹
1631 742 1868 814 χάρισιν,

297 843 396 897 οὐκ
444 842 569 897 ἄλλο
613 860 667 894 τι
713 839 823 893 τῶν
853 837 1111 908 ζηλωτῶν
1144 836 1237 890 καὶ
1272 834 1645 906 περιϐλέπτων
1693 832 1865 886 οὐδέν.

299 933 510 1003 Ὥσπερ
537 932 594 986 δὲ
620 933 669 985 οἱ
713 931 890 1000 γῦπες
920 930 1056 1000 πρὸς
1088 929 1158 982 τὰ
1189 927 1399 997 δυσώδη
1433 926 1712 999 φέρονται,
1748 925 1871 978 πολ-

296 1024 420 1086 λοὺς
472 1022 570 1091 μὲν
620 1020 915 1091 λειμῶνας,
966 1018 1194 1080 πολλοὺς
1239 1017 1298 1070 δὲ
1332 1016 1480 1087 ἡδεῖς
1513 1015 1608 1068 καὶ
1646 1013 1869 1078 εὐώδεις

292 1115 488 1178 τύπους
519 1114 985 1185 ὐπεριπτάμενοιο
1020 1111 1112 1165 καὶ
1142 1110 1199 1162 αἱ
1231 1112 1381 1180 μυῖαι
1411 1106 1470 1160 τὸ
1506 1106 1605 1177 μὲν
1628 1108 1868 1174 ὑγιαῖνον

290 1204 716 1278 παρατρέχουσι,
761 1204 899 1276 πρὸς
925 1201 982 1254 δὲ
1011 1200 1072 1253 τὸ
1111 1199 1267 1261 ἕλκος
1305 1198 1617 1266 ἐπείγονται
1640 1213 1654 1226 ’
1694 1195 1866 1260 οὕτως

289 1297 337 1350 οἱ
373 1295 641 1366 βάσκανοι
671 1295 773 1357 τὰς
804 1294 904 1365 μὲν
935 1292 1028 1347 τοῦ
1059 1291 1174 1362 βίου
1218 1288 1608 1360 λαμπρότητας
1662 1289 1756 1341 καὶ
1797 1287 1868 1341 τὰ

292 1389 496 1460 μεγέθη
524 1389 635 1442 τῶν
672 1384 1123 1458 κατορθουμένων
1153 1382 1274 1435 οὐδὲ
1303 1381 1720 1452 προσϐλέπουσι,
1754 1384 1867 1445 τοῖς

286 1482 342 1535 δὲ
374 1481 595 1552 σαθροῖς
636 1479 966 1533 ἐπιτίθενται
986 1493 997 1504 ·
1036 1475 1136 1528 κᾶν
1165 1492 1215 1527 τι
1245 1475 1614 1543 προσπταῖσαι
1661 1472 1862 1542 συμϐῇ,

284 1564 371 1624 οἷα
422 1569 595 1624 πολλά
641 1568 712 1622 τὰ
758 1565 1095 1637 ἀνθρώπινα,
1136 1562 1295 1617 τοῦτο
1322 1560 1727 1633 δημοσιεύουσι,
1769 1561 1865 1613 καὶ

286 1663 392 1716 ἀπὺ
454 1661 665 1714 τούτων
726 1660 852 1722 τοὺς
922 1657 1122 1727 ἄνδρας
1184 1652 1470 1725 γνωρίζειν
1544 1651 1823 1722 βούλονται
1849 1665 1863 1677 ·

285 1755 473 1825 ὥσπερ
497 1754 548 1806 oi
576 1752 691 1822 (58)
722 1749 947 1820 πονηροὶ
975 1748 1081 1801 τῶν
1108 1746 1412 1817 ζωγράφων
1435 1744 1543 1800 ἀπὸ
1564 1745 1662 1814 τῆς
1690 1745 1864 1797 ἐνδια-

1976 559 2140 614 rebus
2165 560 2417 615 veritatis
2436 559 2665 630 judicio.
2700 558 2886 629 Neque
2925 574 3057 614 vero
3087 560 3357 617 laudabile
3385 561 3549 614 fuerit

1971 651 2112 721 apud
2137 652 2259 707 illos
2287 652 2458 707 ullum
2495 652 2715 707 virtutis
2741 667 2900 722 opus,
2929 666 3104 721 neque
3132 652 3345 707 dicendi
3377 653 3549 707 facul-

1971 750 2056 797 tas
2076 743 2202 797 licet
2218 743 2489 812 gravitate
2506 758 2570 798 ac
2595 744 2770 815 gratia
2799 750 3015 803 ornata,
3045 756 3222 812 neque
3246 740 3545 812 quidquam

1970 830 2117 884 aliud
2140 847 2205 886 ex
2233 833 2301 887 iis
2332 849 2454 903 quae
2484 834 2724 903 optanda
2748 842 2878 889 sunt
2905 841 2961 887 et
2991 834 3305 903 spectanda.
3343 830 3553 899 Quem—

1970 920 2259 976 admodum
2309 931 2492 977 autem
2541 925 2786 979 vultures
2833 932 2988 993 prata
3031 925 3221 985 multa,
3265 924 3551 992 multaque

1971 1012 2089 1067 loca
2119 1029 2333 1069 amoena
2358 1023 2412 1069 et
2443 1015 2670 1070 odorata
2699 1018 3166 1086 praetervolantes,
3197 1016 3447 1071 feruntur
3475 1016 3549 1073 ad

1968 1105 2372 1172 graveolentia;
2415 1115 2471 1160 et
2508 1106 2969 1175 quemadmodum
3010 1120 3215 1161 muscae
3256 1105 3403 1175 quod
3452 1119 3545 1159 sa-

1967 1212 2097 1250 num
2127 1206 2210 1253 est
2238 1206 2652 1268 praetereuntes,
2677 1198 2742 1252 ad
2769 1199 2953 1253 ulcera
2977 1208 3273 1268 properant
3308 1214 3322 1250 :
3351 1198 3426 1251 ita
3459 1197 3549 1250 in-

1965 1287 2076 1341 vidi
2110 1289 2234 1343 vita:
2267 1290 2636 1359 splendorem,
2668 1297 2723 1344 et
2746 1296 2894 1345 recte
2916 1290 3184 1345 factorum
3213 1289 3544 1359 magnitudi-

1965 1393 2089 1432 nem
2114 1394 2183 1433 ne
2212 1381 2487 1450 aspiciunt
2510 1380 2756 1451 quidem;
2781 1380 2877 1436 sed
2895 1381 2949 1435 in
2974 1381 3216 1436 marcida
3237 1388 3292 1435 et
3322 1380 3543 1450 putrida

1964 1469 2217 1535 irruunt;
2240 1480 2294 1526 et
2322 1473 2368 1527 si
2403 1474 2457 1527 in
2481 1473 2669 1543 aliquo
2696 1485 2935 1527 erratum
2959 1474 3031 1528 sit
3052 1472 3381 1544 (cuiusmodi
3412 1488 3544 1528 sunt

1964 1577 2053 1617 res
2093 1562 2377 1617 hominum
2419 1579 2529 1618 non
2574 1567 2807 1633 paucae),
2854 1563 3094 1634 idipsum
3149 1563 3454 1634 divulgant,
3485 1574 3542 1617 et

1962 1663 2025 1708 ex
2060 1653 2145 1710 his
2174 1654 2325 1710 viros
2355 1655 2470 1709 fieri
2520 1663 2680 1709 notos
2710 1656 2932 1721 volunt;
2963 1669 3074 1709 non
3108 1668 3269 1709 secus
3302 1668 3367 1707 ac
3406 1655 3536 1707 mali

1963 1745 2225 1816 pictores,
2260 1747 2353 1817 qui
2385 1763 2452 1801 ex
2490 1747 2723 1802 distorto
2765 1762 2928 1811 naso,
2958 1754 3054 1801 aut
3104 1747 3175 1801 ab
3213 1746 3399 1817 aliquo
3447 1754 3539 1800 tu-

287 1847 519 1919 στρόφου
563 1844 731 1917 ῥινὸς,
765 1842 797 1913 ἢ
843 1842 951 1896 ἀπό
978 1858 1124 1903 τινος
1164 1839 1327 1908 οὐλῆς
1376 1837 1410 1909 ἢ
1458 1836 1858 1908 κολοϐὡματος,

1963 1839 2112 1901 bere,
2145 1846 2240 1893 aut
2288 1839 2635 1894 mutilatione
2665 1846 2862 1893 natura
2899 1854 2994 1893 seu
3023 1853 3157 1892 casu
3188 1836 3332 1892 facta
3362 1838 3541 1908 pictu-

286 1944 347 1993 ἐκ
375 1939 595 2007 φύσεως
634 1936 667 2005 ἧ
710 1936 775 1987 ἐκ
821 1932 1027 1995 πάθους
1058 1927 1481 1999 ὲπισυμὸάντος,
1516 1927 1615 1989 τὰς
1648 1928 1862 1998 μορφὰς

283 2032 391 2085 τῶν
417 2028 779 2101 γραφομένων
815 2023 1297 2095 ἀποσημαίνοντες,
1346 2020 1517 2074 Δεινοὶ
1549 2021 1607 2074 δὲ
1634 2024 1754 2084 ταῖς
1782 2022 1861 2084 είς

286 2125 348 2179 τὸ
390 2126 577 2195 χεῖρον
607 2122 985 2192 παρατροπαῖς
1017 2117 1077 2170 τὸ
1111 2116 1390 2169 ἐπαινετὸν
1426 2114 1737 2178 διαπτύσαι,
1768 2116 1861 2166 καὶ

287 2214 349 2265 ἐκ
371 2212 475 2278 τῆς
498 2208 738 2277 γείτονος
760 2205 961 2269 κακίας
980 2205 1079 2276 τὴν
1102 2205 1300 2277 ἀρετὴν
1326 2203 1620 2258 διαϐαλεῖν.
1646 2203 1860 2274 (θρασὺν

288 2304 383 2374 μὲν
414 2301 524 2373 γὰρ
548 2300 767 2368 λέγουσι
797 2297 889 2351 τὸν
935 2296 1197 2368 ἀνδρεῖον,
1228 2297 1528 2366 ἀνάλγητον
1555 2296 1611 2349 δὲ
1640 2297 1729 2350 τὸν
1763 2295 1862 2349 σώ-

283 2409 455 2462 φρονα
474 2408 488 2422 ·
514 2391 607 2444 τὸν
629 2390 837 2444 δίκαιον
866 2389 1051 2460 ἀπηνῆ
1071 2406 1084 2419 ·
1120 2388 1427 2459 κακοῦργον
1458 2390 1547 2442 τὸν
1577 2389 1855 2459 φρόνιμον.

282 2486 395 2537 Καὶ
446 2484 539 2536 τὸν
589 2481 981 2553 μεγαλοπρεπῆ
1025 2480 1123 2551 μὲν
1168 2481 1242 2543 ὡς
1290 2480 1554 2551 βάναυσον
1588 2479 1698 2550 (59)
1741 2479 1859 2532 δια-

284 2575 564 2639 ϐάλλουσι,
616 2575 707 2627 τὸν
752 2574 1060 2645 ἐλευθέριον
1106 2572 1161 2625 δὲ
1194 2574 1269 2637 ὼς
1299 2572 1538 2625 ἄσωτον-
1576 2571 1735 2625 πάλιν
1766 2571 1859 2623 τὸν

283 2667 625 2738 οἰκονομικὸν
655 2666 936 2735 φειδωλόν.
973 2666 1086 2719 Καὶ
1110 2664 1266 2728 ὅλως,
1305 2665 1481 2717 πάντα
1514 2664 1580 2717 τὰ
1616 2664 1713 2733 τῆς
1742 2664 1862 2731 ἀρε-

280 2760 380 2831 ⁴τῆς
425 2758 540 2828 εῐδη
582 2760 683 2811 οὐκ
729 2760 930 2829 ἀπορεῖ
961 2757 1091 2827 παρ’
1135 2758 1317 2819 αὐτοῖς
1360 2757 1620 2826 ὀνόματος
1651 2757 1715 2808 ἐκ
1760 2754 1859 2823 τῆς

281 2847 666 2917 ἀντικειμένης
696 2846 896 2909 κακίας
937 2846 1363 2916 μετενεχθέντος.
1408 2846 1473 2898 Τί
1514 2840 1642 2910 οὗν;
1685 2845 1743 2895 ἐν
1790 2847 1856 2913 τῇ

282 2939 590 3010 κατηγορίᾳ.
645 2938 760 3009 (60)
812 2937 910 2991 τοῦ
969 2938 1138 2991 κακοῦ
1199 2939 1290 2991 τὸν
1347 2937 1503 3005 λόγον
1553 2938 1856 3007 στήσομενς

295 3029 457 3084 Ἀλλὰ
484 3029 645 3083 τοῦτο
672 3029 863 3100 ῶσπερ
890 3028 1060 3100 ἥμισύ
1088 3029 1138 3081 τί
1164 3029 1276 3099 (61)
1309 3030 1423 3081 ἐστι
1463 3028 1561 3098 τῆς
1594 3026 1856 3097 ἰατρείας.

280 3119 353 3175 Τδ
382 3121 485 3191 μὲν
516 3120 625 3191 γὰρ
655 3120 826 3184 δεῖξαι
866 3119 945 3189 τῷ
974 3120 1234 3189 κάμνοντι
1271 3118 1370 3189 τῆς
1408 3119 1564 3171 νόσου
1605 3117 1665 3169 τὸ
1697 3116 1858 3187 μέγε-

279 3212 405 3277 θος,
460 3211 604 3265 ῶστε
652 3212 810 3276 ἀξίαν
853 3211 1146 3281 ἐμποιῆσαι
1204 3209 1351 3280 αὐτῴ
1396 3209 1488 3262 τοῦ
1534 3207 1704 3262 κακοῦ
1759 3207 1857 3278 τὴν

280 3303 559 3373 φροντίδα,
588 3302 688 3354 οὐκ
722 3302 996 3372 ἄχρηστον
1016 3317 1028 3331 ·
1067 3300 1129 3353 τὸ
1159 3300 1214 3353 δὲ
1240 3301 1367 3373 ἄχρι
1405 3300 1596 3352 τούτου
1635 3297 1859 3352 καταλι-

277 3398 423 3460 πεῖν,
476 3396 553 3467 μὴ
607 3395 742 3466 πρὸς
771 3394 869 3465 τὴν
912 3395 1121 3462 ὐγίειαν
1162 3394 1665 3465 χειραγωγήσαντα,
1705 3391 1859 3445 οὐδὲν

275 3488 464 3560 ἕτερόν
515 3489 669 3541 ἐστιν
718 3488 751 3557 ἢ
803 3487 1018 3539 ἔκδοτον
1060 3487 1277 3555 ἀςεῖναι
1320 3488 1386 3556 τῇ
1437 3485 1719 3556 ἀρρωστίᾳ
1766 3483 1857 3536 τὸν

276 3583 580 3653 κάμνοντα.
613 3581 679 3634 Τί
708 3576 837 3644 οὗνς
884 3580 1004 3643 πῶς
1042 3579 1107 3633 ἂν
1155 3580 1229 3651 μὴ
1275 3577 1545 3649 πάθοιμεν
1575 3577 1633 3643 ἐξ
1681 3576 1855 3647 ἀρχῆς

274 3675 375 3744 τὴν
422 3674 599 3736 νόσον,
652 3672 686 3742 ἢ
741 3672 1072 3742 ὑπαχθέντες
1120 3671 1486 3742 ἐκφύγοιμεν;
1532 3669 1596 3724 Εἰ
1638 3669 1854 3741 πρῶτον

280 3766 380 3835 μὲν
430 3763 601 3834 μηδὲν
650 3762 812 3831 μέγα,
862 3760 997 3832 μηδὲ
1042 3760 1317 3832 ὑπερφυὲς
1355 3760 1463 3812 τῶν
1502 3758 1854 3830 ἀνθρωπίνων

275 3857 561 3929 κρίνοιμεν
600 3854 712 3925 (6'2)
734 3871 748 3884 ·
782 3855 855 3924 μὴ
878 3853 1135 3924 εὐπορίαν
1156 3855 1255 3925 τὴν
1292 3855 1347 3904 ἐν
1374 3850 1681 3923 ἀνθρώποις
1704 3869 1716 3881 ·
1778 3852 1852 3922 μὴ

274 3949 436 4013 δόξαν
477 3947 578 4018 τὴν
610 3946 960 3999 ἀπανθοῦταν
990 3945 1132 4015 (65)·
1190 3945 1262 4016 μὴ
1314 3945 1564 4015 σώματος
1616 3943 1849 4009 εὐεξίαν.

276 4042 351 4094 Οὐ
386 4041 495 4110 γὰρ
535 4041 593 4091 ἐν
636 4041 749 4100 τοῖς
801 4037 1228 4108 παρερχομένοις
1268 4036 1561 4107 ὁριζόμεθα
1606 4031 1744 4089 εἶναι
1793 4037 1854 4089 τὸ

274 4132 504 4201 ἀγαθὸν,
537 4131 652 4185 ἀλλ’
672 4132 763 4183 ἐπὶ
792 4131 1027 4183 αἰωνίων
1055 4129 1273 4197 ἀγαθῶν
1304 4131 1397 4182 καὶ
1421 4127 1691 4199 ἀληθινῶν
1724 4145 1852 4198 μετ-

274 4224 465 4277 ουσίαν
524 4221 861 4293 κεκλήμεθα.
895 4222 1060 4273 ’Ὡστε
1092 4222 1120 4274 6
1150 4220 1392 4274 πλουτῶν
1420 4219 1571 4273 οὔπω
1614 4218 1852 4289 ζηλωτός

271 4315 391 4367 ἐστι
422 4311 512 4366 διὰ
535 4313 628 4365 τὸν
668 4311 894 4365 πλοῦτον
913 4329 926 4341 ·
956 4312 1054 4382 οὐχ
1094 4314 1122 4365 6
1152 4312 1418 4381 δυνάστης
1442 4312 1530 4366 διὰ
1571 4312 1661 4365 τὸν
1688 4312 1852 4379 ὄγκον

271 4405 369 4458 τοῦ
416 4403 747 4474 ἀξιώματος,
795 4404 891 4473 οὐχ
933 4407 962 4457 6
1015 4404 1231 4475 ἰσχυρὸς
1276 4403 1364 4457 διὰ
1394 4403 1490 4474 τὴν
1533 4403 1723 4475 ῥώμην
1756 4402 1848 4455 τοῦ

1963 1920 2149 1986 rarum
2180 1948 2406 1989 suarum
2444 1933 2652 1989 formas
2683 1933 2988 2004 insigniunt
3013 1932 3404 2004 eﬂinguntque.
3429 1933 3543 1987 Ad—

1963 2025 2078 2079 haac
2110 2027 2270 2096 periti
2303 2036 2431 2082 sunt
2459 2043 2574 2082 rem
2610 2027 2936 2082 laudabilem
2988 2028 3042 2080 in
3080 2027 3236 2097 pejus
3265 2029 3536 2083 detortam

1962 2115 2288 2187 despuendi,
2304 2133 2481 2189 exque
2505 2120 2688 2175 vicino
2711 2120 2843 2174 vitio
2863 2118 3120 2174 virtutem
3143 2118 3537 2173 calumniandi.

1963 2206 2181 2265 Fortem
2220 2211 2366 2266 enim
2398 2212 2590 2267 dicunt
2621 2213 2881 2268 audacem
2911 2219 2964 2267 et
2986 2213 3370 2276 temerarium;
3396 2219 3561 2267 tem-.

1960 2314 2269 2375 perantem,
2309 2306 2624 2376 stupidum;
2658 2307 2905 2377 justum,
2950 2306 3263 2369 crudelem;
3298 2306 3543 2375 pruden-

1961 2408 2096 2461 tem,
2143 2398 2573 2453 fraudulentum.
2606 2398 2670 2452 Et
2702 2401 3052 2469 magnificum
3093 2399 3314 2469 quidem
3347 2400 3539 2453 tradu-

1961 2497 2093 2545 cunt
2117 2492 2266 2545 velut
2311 2491 2525 2561 ineptos
2574 2501 2827 2562 sumptus
2865 2492 3182 2556 iacientem;
3228 2491 3533 2552 liberalem.

1961 2584 2109 2639 velut
2136 2585 2459 2655 prodigum;
2493 2599 2690 2640 rursus
2735 2585 2969 2654 peritum
2999 2584 3076 2638 rei
3109 2584 3395 2638 familiaris
3439 2584 3537 2637 ad-

1961 2678 2417 2743 ministratorem,
2446 2691 2669 2747 parcum
2693 2693 2709 2742 ;
2743 2676 2981 2747 denique
3008 2676 3290 2746 quodlibet
3315 2676 3537 2730 virtutis

1960 2781 2132 2835 genus
2157 2765 2299 2836 apud
2333 2765 2480 2835 ipsos
2522 2782 2719 2821 nomen
2770 2766 2983 2821 obtinet
3013 2768 3081 2820 ab
3112 2767 3365 2837 apposito
3405 2767 3540 2821 vitio

1960 2863 2290 2911 mutuatum.
2328 2857 2470 2923 Quid
2503 2857 2708 2927 igitur?
2738 2857 2790 2911 in
2840 2858 3189 2913 accusatione
3221 2859 3385 2927 hujus
3416 2860 3533 2913 vitii

1960 2947 2264 3003 orationem
2301 2949 2532 3004 sistam?
2559 2949 2664 3003 Sed
2706 2949 2820 3005 haac
2850 2961 2935 3005 est
2958 2952 3104 3005 velut
3128 2950 3351 3005 dimidia
3382 2966 3539 3005 cura-

1962 3040 2124 3095 tionis
2157 3054 2304 3110 pars.
2339 3039 2472 3093 Nam
2508 3039 2796 3096 ostendere
2823 3049 3028 3111 :egroto
3060 3041 3235 3096 morbi
3270 3042 3538 3113 magnitu—

1959 3126 2162 3195 dinem,
2203 3137 2263 3183 ut
2307 3129 2525 3201 dignam
2576 3146 2764 3185 curam
2810 3133 3077 3202 suscipiat
3130 3132 3350 3203 fug-andi
3382 3133 3532 3195 mali,

1959 3236 2069 3275 non
2096 3221 2260 3275 fuerit
2309 3221 2501 3277 inutile
2537 3241 2550 3276 :
2587 3223 2682 3278 sed
2711 3240 2835 3277 eum
2882 3223 3114 3279 necdqu
3146 3225 3211 3277 ad
3245 3224 3533 3279 sanitatem

1958 3310 2281 3381 perductum
2331 3312 2417 3366 hic
2466 3302 2883 3383 derelinquere,
2914 3314 3050 3368 nihil
3097 3313 3243 3367 aliud
3288 3322 3372 3369 est
3427 3313 3533 3368 nisi

1956 3410 2310 3473 aagrotantem
2354 3403 2548 3458 morbo
2592 3404 2837 3458 deditum
2878 3412 2932 3459 et
2970 3404 3322 3474 desperatum
3348 3403 3535 3458 dimit—

1956 3497 2093 3547 tere.
2125 3489 2267 3557 Quid
2305 3491 2513 3561 igitur?
2538 3493 2629 3562 qui
2655 3492 2768 3547 fieri
2796 3493 2997 3562 poterit
3023 3500 3082 3546 ut
3106 3492 3354 3545 morbum
3387 3491 3534 3545 hunc

1958 3592 2051 3637 aut
2072 3582 2232 3637 initio
2257 3599 2367 3637 non
2398 3585 2811 3647 contrahamus,
2845 3593 2938 3637 aut
2961 3598 3025 3639 eo
3051 3584 3309 3653 correpti,
3334 3598 3532 3638 cavea.

1957 3673 2120 3728 mus?
2151 3671 2395 3727 Primum
2427 3674 2646 3743 quidem
2686 3675 2732 3729 si
2766 3674 2901 3728 nihil
2929 3688 3206 3745 magnum,
3240 3674 3378 3727 nihil
3416 3675 3533 3727 exi-

1955 3765 2124 3819 mium
2153 3764 2207 3818 in
2239 3765 2403 3820 rebus
2426 3765 2679 3822 humanis
2705 3765 3097 3836 putaverimus,
3123 3780 3231 3819 non
3264 3765 3533 3821 humanas

1955 3871 2108 3927 opes,
2135 3872 2244 3910 non
2274 3857 2500 3927 gloriam
2531 3865 2983 3922 marcescentem,
3013 3872 3119 3911 non
3150 3857 3399 3927 corporis
3429 3857 3530 3912 bo-

1954 3963 2080 4001 nam
2134 3948 2533 4003 habitudinem.
2571 3947 2757 4018 Neque
2796 3949 2941 4004 enim
2978 3949 3032 4003 in
3077 3950 3240 4004 fluxis
3272 3949 3437 4004 rebus
3468 3963 3534 4002 ac

1956 4040 2182 4095 caducis
2211 4056 2485 4096 summum
2516 4041 2720 4096 bonum
2761 4041 3181 4096 constituimus:
3216 4040 3311 4096 sed
3340 4056 3533 4097 sumus

1952 4129 2064 4201 96
2091 4130 2154 4184 ad
2180 4139 2510 4185 aeternorum
2542 4147 2907 4201 verorumque
2932 4132 3197 4187 bonorum
3235 4132 3532 4201 participa-

1953 4222 2153 4277 tionem
2184 4224 2379 4276 vocati.
2399 4222 2578 4288 Quare
2593 4223 2746 4278 dives
2763 4223 3003 4277 nondum
3023 4223 3218 4278 beatus
3251 4221 3535 4277 habendus

1952 4322 2036 4369 est
2052 4316 2123 4369 ob
2140 4315 2358 4370 divitias
2381 4334 2391 4368 :
2413 4330 2521 4369 non
2542 4326 2734 4385 potens
2755 4323 2977 4387 propter
3000 4316 3341 4369 auctoritatis
3364 4314 3536 4384 digiti-

1954 4404 2190 4475 tatisque
2223 4406 2637 4476 amplitudinem
2675 4422 2686 4456 :
2714 4420 2823 4461 non
2853 4407 3010 4460 fortis
3041 4414 3264 4477 propter
3284 4406 3533 4475 corporis

275 4494 552 4565 σώματος,
586 4495 684 4564 οὐχ
733 4496 762 4547 6
810 4495 972 4563 σοφὸς
1020 4494 1106 4548 διὰ
1150 4495 1249 4567 τὴν
1295 4495 1386 4549 τοῦ
1430 4495 1590 4565 λόγου
1641 4513 1852 4566 περιου-

1959 4493 2122 4548 robur
2150 4513 2163 4547 :
2200 4509 2305 4549 non
2332 4495 2549 4565 sapiens
2577 4496 2648 4551 ob
2675 4497 2934 4552 eximiam
2952 4495 3171 4550 dicendi
3195 4496 3527 4551 facultatem.

272 4585 417 4638 σίαν.
455 4587 705 4655 Ὄργανα
747 4584 855 4657 γάρ
885 4587 1001 4638 ἐστι
1039 4585 1213 4639 ταῦτα
1232 4585 1333 4655 τῆς
1372 4587 1571 4658 ἀρετῆς
1608 4591 1719 4650 τοῖς
1761 4605 1854 4640 κα-

269 4673 380 4737 λῶς
406 4674 787 4746 κεχρημένοις,
822 4676 920 4729 οὐκ
947 4677 1085 4730 αὐτά
1116 4679 1174 4730 ἐν
1213 4680 1423 4741 ἑαυτοῖς
1444 4677 1633 4747 ἔχοντα
1665 4678 1726 4731 τὸ
1756 4695 1853 4748 μα-

271 4770 485 4839 κάριον.
526 4769 582 4821 Ὀ
620 4768 718 4838 μὲν
746 4764 839 4822 οὖν
872 4770 1055 4833 κακῶς
1080 4771 1260 4833 αὐτοῖς
1296 4770 1652 4840 κεχρημένος,
1692 4770 1852 4823 ἐλεει-

270 4861 382 4923 νὸς,
423 4860 499 4923 ὡς
528 4862 556 4912 ὀ
580 4861 659 4930 τῷ
701 4860 865 4930 ξίφει,
893 4862 922 4914 ὅ
951 4861 1109 4915 ἔλαϐε
1143 4862 1276 4932 πρὸς
1311 4862 1410 4933 τὴν
1443 4862 1548 4915 τῶν
1577 4862 1850 4932 πολεμίων

271 4952 509 5022 ἄμυναν,
536 4953 713 5022 τούτῳ
750 4954 1012 5017 ἑκουσίως
1043 4953 1232 5008 ἑαυτὸν
1267 4954 1721 5026 κατατιτρώσκων
1741 4973 1752 4985 ·
1799 4952 1849 5007 εξ

342 5148 458 5272 (58)
497 5148 629 5221 Reg.
662 5153 876 5220 primus
905 5150 1095 5221 ὥσπερ
1125 5152 1231 5223 γὰρ
1264 5152 1335 5207 οὶ.
1382 5151 1679 5222 Aliquanto
1729 5161 1851 5223 post

342 5221 426 5272 rb.
471 5224 686 5272 nrimus
729 5223 1216 5272 daoanuaivowm-
1252 5222 1385 5272 Rea.
1418 5226 1628 5272 primus
1655 5227 1847 5272 ἐπιση-

271 5220 426 5326 εον).
471 5220 686 5291 primus
729 5220 1217 5295 ἀποσημαίνονται.
1252 5222 1385 5293 Reg.
1418 5220 1628 5292 primus
1655 5220 1847 5296 ἐπιση-

276 5305 348 5326 ..η
373 5308 556 5326 ...ουκ-μ

274 5305 576 5359 μαινοντες.

342 5360 453 5433 (58)
486 5360 985 5433 νοεειηνβάναυσος
1019 5363 1179 5417 aliter
1210 5364 1279 5433 ab
1308 5364 1430 5419 aliis
1460 5365 1848 5433 interpretibus

274 5430 425 5484 reddi
471 5439 625 5486 notat
658 5430 744 5485 vir
776 5433 1190 5487 eruditissimus
1239 5432 1486 5497 Duezeus,
1540 5430 1619 5489 sic
1663 5445 1719 5488 ut
1756 5436 1845 5487 alii

271 5512 390 5553 eam
406 5503 696 5574 accipiant
742 5519 845 5573 pro
892 5503 1079 5574 inepte
1109 5505 1414 5573 magniﬁco.
1448 5506 1537 5558 alii
1570 5521 1667 5574 pro
1696 5523 1847 5559 arro-

270 5571 436 5644 ganti,
460 5574 553 5644 alii
584 5588 685 5644 pro
716 5571 962 5639 profuso,
995 5573 1085 5626 alii
1115 5571 1222 5625 alio
1246 5577 1428 5644 modo.

342 5639 449 5712 (60)
482 5639 615 5712 Ejus
647 5645 751 5697 loci
780 5644 895 5697 lure
917 5651 1003 5698 est
1022 5643 1312 5707 sententia,
1338 5645 1604 5697 Satisnon
1628 5660 1765 5707 esse,
1800 5647 1844 5700 si

272 5706 476 5783 invidia:
500 5706 726 5767 morbus
756 5714 1211 5783 reprehendatur.

339 5780 445 5849 (61)
472 5782 619 5842 Editi
649 5780 835 5857 ἣμισυ
862 5784 984 5859 τῆς.
1014 5785 1079 5839 At
1112 5800 1222 5839 mss
1277 5785 1351 5842 uti
1381 5786 1431 5841 in
1459 5792 1743 5847 rositcﬂu.

1954 4583 2082 4639 Haec
2115 4585 2258 4639 enim
2296 4585 2514 4641 virtutis
2561 4586 2928 4641 instrumenta
2961 4595 3090 4642 sunt
3131 4587 3198 4640 iis
3250 4586 3342 4656 qui
3384 4595 3533 4639 recte

1954 4684 2207 4740 utuntur,
2244 4692 2351 4730 non
2388 4688 2567 4730 autem
2601 4678 2717 4747 ipsa
2749 4679 2801 4731 in
2830 4678 3025 4747 seipsis
3057 4677 3366 4732 felicitatem
3397 4691 3532 4730 con-

1954 4774 2150 4825 tinent.
2187 4768 2451 4839 Quisquis
2481 4768 2649 4839 igitur
2694 4769 2834 4823 male
2858 4770 2938 4823 eis
2972 4767 3164 4828 utitur,
3199 4764 3531 4820 miserabilis

1952 4872 2055 4926 est,
2082 4877 2189 4915 non
2216 4863 2376 4915 aliter
2400 4878 2561 4930 quam
2586 4864 2676 4931 qui
2697 4869 2921 4928 accepto
2949 4860 3016 4913 ad
3052 4859 3235 4913 hostes
3261 4856 3530 4911 ulciscen-

1952 4954 2053 5009 dos
2094 4952 2295 5024 gladio,
2346 4953 2700 5024 semetipsum
2758 4967 2856 5008 sua
2915 4958 3109 5022 sponte
3148 4958 3202 5004 et
3252 4949 3532 5006 voluntate

1949 5156 1998 5200 Γ
2023 5155 2136 5227 (62)
2165 5154 2307 5210 Editi
2341 5173 2392 5209 τι
2424 5155 2722 5227 κρίνοιμεν.
2771 5155 2877 5211 Sed
2925 5154 3175 5227 voeulam
3210 5171 3295 5227 τι,
3319 5170 3440 5225 quae
3470 5155 3528 5210 in

1949 5224 2085 5281 mss.
2119 5224 2243 5280 'non
2294 5224 2513 5295 legitur,
2558 5224 2843 5280 delendam
2896 5226 3231 5279 censuimus.
3278 5224 3349 5279 ln’
3387 5241 3524 5279 mss.

1948 5297 2367 5353 Comheiisianis
2398 5306 2520 5365 post
2546 5297 2770 5365 verbum
2806 5295 3080 5365 κρίνοιμεν
3115 5295 3310 5365 legitur
3337 5296 3486 5348 ποτέ.

2021 5369 2132 5437 (ϋῦ)
2168 5366 2335 5437 Illud,
2354 5364 2512 5437 δόξαν
2552 5364 2649 5437 τὴν
2687 5364 3054 5437 ἁπανθοῦσαν,
3090 5364 3525 5437 ita’interpreta-

1950 5435 2038 5491 tus
2069 5448 2149 5492 est
2188 5435 2549 5491 Combelisius
2580 5454 2591 5488 :
2618 5435 2890 5502 ﬂorentem
2918 5436 3177 5504 gloriam;
3225 5436 3317 5490 sed
3350 5437 3523 5488 ἀπαν-

1949 5508 2081 5572 θεῖν,
2118 5514 2177 5561 ut
2208 5508 2288 5559 vel
2332 5521 2395 5558 ex
2433 5505 2621 5558 lexieis
2659 5516 2894 5569 constat,
2921 5521 3026 5559 non
3052 5515 3135 5561 est
3154 5506 3342 5574 ﬂorere
3372 5521 3390 5558 :
3415 5506 3524 5559 imo

1987 5580 2134 5631 otius
2169 5584 2252 5630 est
2296 5575 2636 5642 deﬂorescere
2678 5586 2732 5629 et
2767 5592 3102 5631 marcescere.
3145 5576 3311 5629 Docet
3358 5577 3524 5645 igitur

1987 5594 2134 5631 OllllS
2169 5594 2252 5630 CSl
2296 5594 2636 5642 deﬂorescere
2678 5594 2732 5629 ει
2767 5594 3102 5631 marcescere.
3146 5594 3311 5629 υοοιιι
3358 5594 3517 5645 ιειιητ

1951 5594 2185 5701 Basilius
2220 5646 2356 5698 nihil
2387 5645 2654 5699 eadm-mn
2685 5648 2862 5715 magni
2890 5646 3196 5700 faciendum
3228 5660 3371 5704 esse.
3410 5662 3517 5699 non

1949 5717 2403 5789 opesqhumanas,
2428 5731 2534 5769 non
2561 5717 2787 5789 gloriam
2815 5724 3267 5784 marcescentem,
3294 5733 3392 5773 nec
3416 5717 3520 5770 alia

1949 5787 2192 5861 ejusdem
2226 5786 2459 5858 generis.
