4036 6236
417 306 524 363 533
1751 307 1809 363 S.
1852 308 2098 363 BASILII
2130 307 2345 364 MAGNI
2390 318 2397 321 “
3556 305 3671 361 εει

416 426 648 481 sauciat.
669 424 824 492 Quod
850 426 895 481 si
922 426 1058 482 bene
1084 435 1135 482 et
1155 428 1310 497 juxta
1326 437 1530 484 rectam
1558 429 1824 483 rationem
1849 445 1986 499 prat-

2095 430 2141 482 Βὲ
2170 427 2345 490 καλῶς
2378 410 2473 479 καὶ
2504 423 2644 478 κατά
2675 422 2766 476 τὸν
2798 421 2956 492 ὀρθὸν
2992 419 3251 489 λόγοντά
3283 419 3525 490 παρόντα
3561 438 3665 489 με·

414 516 590 571 sentia
643 525 862 580 tractet,
897 517 1078 585 sitque
1116 517 1467 587 dispensator
1498 519 1765 572 bonorum
1812 533 1845 569 a
1874 517 1984 573 Deo

415 608 763 671 collatorum,
793 623 894 661 nec
925 624 1010 669 ea,
1045 609 1163 662 suis
1189 610 1363 679 ipsius
1390 610 1696 664 commodis
1739 622 1803 662 ac
1834 610 1986 663 volu—

418 697 549 764 ptati
577 696 963 759 inserviturus,
993 707 1274 767 congerat,
1310 698 1470 753 laude
1493 706 1548 754 et
1580 711 1765 753 amore
1789 696 1987 768 dignus

421 793 505 841 cst
537 786 608 842 ob
629 786 975 842 dilectionem
1006 788 1060 842 in
1093 789 1290 844 fratres
1313 805 1488 851 suam,
1513 804 1569 845 et
1599 793 1667 846 ob
1706 791 1985 847 liberalem

417 890 481 929 ac
516 875 815 930 beneficam
848 878 1106 933 indolem.
1133 877 1349 934 Rursus
1380 881 1578 951 aliquis
1603 891 1824 951 praestat
1865 897 1988 950 pru-

413 967 634 1030 dentia,
661 975 856 1037 estque
894 970 1288 1026 cohonestatus
1329 971 1591 1026 facultate
1639 972 1893 1044 loquendi
1921 971 1988 1025 de

415 1056 546 1121 Deo,
574 1067 628 1114 et
653 1062 976 1129 explanator
1020 1071 1105 1119 est
1151 1077 1433 1117 sacrorum
1460 1065 1826 1134 eloquiorum,
1856 1063 1987 1117 huic

415 1165 487 1206 ne
537 1150 811 1216 invideas;
848 1167 1025 1223 neque
1061 1153 1196 1208 velis
1229 1162 1286 1207 ut
1318 1161 1495 1209 taceat
1525 1170 1766 1225 unquam
1800 1169 1990 1210 sacra-

414 1256 537 1296 rum
594 1240 998 1311 Scripturarum
1049 1243 1357 1312 interpres,
1388 1243 1534 1312 quod
1579 1243 1729 1307 hinc,
1782 1240 1989 1312 Spiritu

413 1334 613 1389 dante.
667 1332 1195 1387 commendationem
1251 1333 1488 1404 aliquam
1547 1333 1871 1403 laudemque
1920 1332 1988 1388 ab

415 1424 766 1479 audientibus
810 1431 1197 1493 consequatur.
1242 1423 1420 1478 Tuum
1458 1424 1603 1479 enim
1647 1433 1733 1478 est
1762 1424 1988 1487 bonum,

380 1523 468 1577 _et
492 1516 587 1577 tibi
620 1513 850 1570 missum
878 1522 963 1569 est
996 1529 1091 1582 per
1120 1514 1344 1569 fratrem
1389 1514 1656 1570 doctrinae
1687 1530 1908 1577 munus,
1940 1513 1990 1569 si

416 1605 581 1661 modo
609 1606 893 1675 suscipere
924 1606 1078 1661 velis.
1118 1605 1340 1671 Adluec,
1372 1606 1576 1661 fontem
1603 1605 1990 1661 scaturientem

414 1698 636 1752 obturat
684 1711 868 1760 nemo,
917 1712 1018 1751 nec
1059 1698 1349 1768 quisquam
1381 1706 1486 1762 est,
1519 1700 1611 1768 qui
1647 1698 1760 1752 sole
1799 1698 1992 1752 illuce-

2085 518 2475 589 ταχειρίζεται,
2523 516 2618 568 καὶ
2666 514 2945 583 οἰκονόμος
2993 512 3109 564 ἐστὶ
3151 510 3261 563 τῶν
3307 510 3457 580 παρὰ
3499 510 3664 573 Θεοῦ,

2085 612 2203 681 οὑχ).
2220 611 2277 665 δὲ
2310 608 2447 679 πρὸς
2476 607 2609 660 ἰδίαν
2635 605 2930 658 ἀπόλαυσιν
2953 600 3290 673 θησαυρίζει,
3322 599 3685 687 ἐπαινεῖσθαι
3718 612 3721 613 ⁷

2085 703 2181 756 καὶ
2228 698 2545 769 ἀγαπᾶσθαι
2587 696 2792 759 δίκαιός
2827 697 2943 748 ἐστι
2987 694 3075 748 διὰ
3102 692 3164 746 τὸ
3201 691 3520 761 φιλάδελφον
3567 690 3668 745 καὶ

2086 791 2397 846 κοινωνικὸν
2441 788 2535 841 τοῦ
2574 787 2799 859 τρόπου.
2852 786 3019 839 Πάλιν
3052 786 3313 855 φρονήσει
3354 800 3438 845 τις
3475 780 3665 850 διαφέ-

2088 901 2192 956 ρει,
2221 884 2317 937 καὶ
2363 881 2505 953 λόγῳ
2535 879 2671 933 Θεοῦ
2713 879 3022 948 τετίμηται,
3061 878 3152 930 καὶ
3199 875 3471 945 ἐξηγητής
3513 877 3665 935 ἐστιν

2089 976 2249 1047 ιερῶν
2289 974 2482 1043 λογίων
2514 970 2624 1043 (64)
2651 987 2665 999 ⁸
2720 967 2795 1040 μὴ
2842 967 3116 1038 φθονήσῃς
3140 966 3217 1037 τῷ
3240 964 3487 1034 τοιούτῳ,
3524 963 3665 1034 μηδὲ

2089 1066 2352 1137 βουληθῇς
2382 1081 2511 1117 ποτε
2563 1061 2838 1130 σιωπῆσαι
2882 1058 2974 1111 τὸν
3004 1057 3113 1111 τῶν
3156 1056 3315 1129 ἱερῶν
3353 1057 3664 1127 ὑποφήτην,

2087 1159 2137 1210 εἰ
2168 1160 2232 1228 τῇ
2263 1157 2356 1209 τοῦ
2388 1153 2706 1225 Πνεύματος
2733 1151 2914 1222 χάριτι
2946 1148 3182 1219 ἀποδοχη
3210 1165 3292 1211 τις
3320 1148 3414 1200 κα).
3441 1146 3668 1225 ἔπαινος

2087 1250 2153 1303 ὲκ
2178 1248 2287 1301 τῶν
2321 1245 2624 1300 ἀκουόντων
2663 1240 2964 1295 ἀκολουθεῖ.
2999 1239 3097 1293 Σὸν
3130 1239 3239 1310 γάρ
3276 1239 3392 1290 ἐστι
3431 1236 3493 1290 τὸ
3524 1238 3668 1304 ἀγα-

2088 1339 2201 1404 θὸν,
2230 1339 2323 1393 καί
2354 1355 2436 1391 σοι
2471 1335 2724 1406 ὲπέμφθη
2750 1333 2839 1388 διὰ
2882 1332 2976 1386 τοῦ
3017 1328 3245 1399 ἀδελφοῦ
3286 1330 3384 1399 τῆς
3410 1329 3668 1388 διδασκατ

2088 1430 2206 1493 λίας
2230 1429 2291 1482 τὸ
2323 1428 2513 1500 δῶρον,
2536 1427 2632 1480 ἐὰν
2663 1424 3020 1490 ὑποδέξασθαι
3066 1422 3247 1494 θέλῃς.
3294 1418 3445 1485 Εἶτα,
3477 1419 3665 1489 πηγὴν

2093 1520 2192 1590 μὲν
2231 1519 2500 1591 βρύουσαν
2533 1517 2707 1582 οὐδεὶς
2748 1516 3087 1587 ὲμφράσσει’
3125 1516 3220 1569 καὶ
3245 1515 3394 1585 ἡλίου
3420 1504 3667 1585 λάμπον-

2089 1630 2182 1677 τος
2216 1612 2395 1675 οὑδεὶς
2437 1610 2537 1675 τάς
2584 1609 2735 1680 ὄψεις
2782 1609 3158 1672 ἐπικαλύπτει,
3206 1607 3329 1660 οὑδὲ
3382 1606 3665 1677 βασκαίνει

2092 1702 2316 1765 ἐκείνοις
2351 1699 2483 1770 (65),
2516 1699 2629 1753 ἀλλ’
2661 1697 2837 1768 ἐαυτῷ
2861 1696 3176 1767 συνεύχεται
3201 1696 3299 1767 τὴν
3327 1695 3660 1789 ἀπόλαυσιν

417 1797 603 1843 scente
631 1789 846 1843 obvelet
866 1789 1075 1854 oculos,
1096 1796 1188 1842 aut
1209 1790 1674 1858 conspicientibus
1700 1789 1942 1844 invideat
1972 1805 1987 1839 :

2095 1793 2249 1862 λόγου
2295 1768 2366 1847 δὲ.
2396 1790 2765 1862 πνευματικοῦ
2798 1793 2855 1842 ὲν
2910 1788 3202 1860 Ἐκκλησία
3247 1768 3519 1860 βρύοντος,
3564 1788 3666 1842 καὶ

417 1878 511 1933 sed
561 1887 815 1948 precatur
861 1886 919 1931 ut
956 1879 1060 1933 sibi
1087 1895 1307 1949 quoque
1352 1880 1514 1933 liceat
1552 1879 1639 1933 bis
1669 1879 1768 1932 uti.
1811 1877 1992 1948 Atque

417 1970 556 2023 adeo
580 1984 680 2024 cur
707 1968 979 2038 spirituali
1011 1986 1265 2025 sermone
1288 1972 1343 2024 in
1364 1969 1608 2025 Ecclesia
1636 1970 1988 2034 scaturicnte,

415 2059 615 2128 pioque
636 2060 803 2115 corde
831 2077 894 2115 ex
929 2060 1164 2131 Spiritus
1190 2064 1351 2118 donis
1379 2078 1438 2117 se
1468 2064 1521 2116 in
1564 2063 1784 2116 modum
1825 2062 1991 2117 fontis

416 2150 750 2216 attendente,
802 2167 911 2206 non
960 2155 1167 2222 praebes
1218 2168 1380 2209 aures
1423 2169 1545 2208 cum
1594 2154 1816 2209 laetitia?
1860 2153 1989 2223 quid

417 2248 573 2310 grato
603 2240 789 2296 animo
843 2255 952 2295 non
987 2244 1140 2311 capis
1181 2243 1506 2296 utilitatem?
1534 2242 1645 2296 lmo
1680 2251 1733 2297 te
1767 2243 1991 2312 plausus

415 2332 609 2401 pungit
644 2333 1008 2398 audientium,
1035 2334 1313 2403 vcllesque
1346 2349 1522 2405 neque
1555 2350 1678 2389 csse
1709 2336 1802 2406 qui
1838 2336 1989 2388 utili-

417 2429 584 2475 tatem
618 2423 943 2492 perciperet,
995 2438 1173 2492 neque
1226 2423 1321 2492 qui
1364 2422 1632 2477 laudaret.
1671 2424 1843 2490 Quam
1875 2425 1990 2480 haec

417 2511 667 2567 habitura
703 2523 830 2568 sunt
857 2515 1266 2569 excusationem
1311 2515 1456 2584 apud
1487 2515 1736 2570 cordium
1772 2528 1992 2572 nostro-

419 2617 539 2655 rum
587 2601 869 2672 judicent?
897 2603 1063 2674 Igitur
1090 2606 1287 2658 anilia:
1325 2606 1526 2660 bonum
1560 2616 1757 2660 natura
1788 2608 1989 2662 bonum

414 2707 537 2749 esse
567 2696 869 2763 putandum
901 2704 1005 2750 est.
1040 2697 1105 2749 At
1128 2713 1256 2750 vero
1281 2713 1404 2751 eum
1437 2700 1531 2767 qui
1559 2699 1766 2754 divitiis
1799 2700 1987 2765 afﬂuit,

416 2797 468 2838 et
497 2788 567 2840 ob
618 2788 913 2854 potentiam
968 2800 1019 2842 et
1067 2789 1316 2857 corporis
1370 2790 1567 2843 bonam
1619 2790 1987 2844 habitudinem

420 2892 677 2946 magnum
710 2879 966 2947 quiddam
1000 2882 1161 2951 sapit,
1193 2890 1356 2951 atque
1385 2884 1471 2938 his
1502 2900 1621 2953 quae
1639 2885 1801 2938 habet
1826 2886 1990 2953 probe

418 2972 614 3031 utitur,
646 2968 874 3039 diligere
907 2987 1005 3040 par
1034 2980 1119 3025 est
1161 2980 1216 3026 et
1253 2974 1569 3038 observare,
1595 2983 1652 3027 ut
1683 2976 1990 3029 communi-

420 3059 525 3114 bus
557 3061 677 3114 vitae
710 3060 1088 3117 instrumentis
1117 3064 1470 3130 instructum,
1503 3067 1546 3120 si
1597 3066 1757 3120 modo
1790 3067 1899 3120 haec
1922 3082 1987 3121 ex

420 3148 816 3208 recla'ratione
849 3154 1162 3224 dispenset:
1197 3157 1271 3211 ita
1299 3165 1357 3210 ut
1389 3159 1745 3226 pecuniarum
1798 3173 1991 3228 eroga-

419 3231 570 3301 tione
601 3245 843 3300 liberalis
861 3247 934 3302 sit
964 3247 1017 3300 in
1037 3263 1260 3316 egenos,
1286 3248 1627 3318 inﬁrmisque
1657 3250 1747 3304 det
1769 3264 1990 3320 operam

421 3350 676 3405 corpore,
711 3350 776 3390 ac
802 3344 973 3391 totam
1010 3338 1276 3408 reliquam
1315 3340 1705 3409 supellectilem
1733 3357 1841 3396 non
1871 3356 1991 3395 ma-

419 3429 505 3499 gis
550 3443 704 3483 suam
746 3443 868 3484 esse
903 3428 1068 3485 ducat
1097 3447 1262 3500 quam
1315 3432 1543 3487 alterius
1575 3433 1821 3503 cujusvis
1853 3434 1996 3489 indi-

424 3518 868 3589 gentis.Contra,
900 3521 1174 3576 hominem
1205 3523 1300 3592 qui
1332 3540 1441 3578 non
1466 3525 1540 3578 ita
1564 3541 1693 3595 erga
1727 3520 1840 3580 haec
1868 3527 1996 3580 alie-

426 3620 552 3668 ctus
574 3620 679 3673 cst,
713 3614 971 3668 miserum
992 3615 1175 3683 potius
1206 3632 1366 3684 quam
1391 3618 1593 3671 invidia
1618 3619 1840 3688 dignum
1875 3620 1995 3673 exi-

424 3703 651 3757 stimare
685 3704 963 3767 convenit,
1015 3704 1161 3773 quod
1190 3706 1257 3759 ad
1290 3706 1395 3760 hoc
1425 3715 1482 3760 ut
1510 3709 1707 3763 malus.
1727 3710 1799 3762 sit
1833 3709 1996 3764 habet

422 3796 744 3850 occasiones
773 3797 1027 3864 majores.
1055 3795 1168 3851 lloc
1197 3808 1279 3852 est
1303 3799 1446 3852 enim
1467 3815 1589 3852 cum
1619 3801 1810 3867 majori
1833 3816 1998 3871 appa-

426 3895 550 3940 ratu
577 3902 641 3941 ac
670 3888 854 3941 labore
883 3889 1083 3957 perire.
1122 3887 1333 3942 Etenim
1365 3890 1411 3943 si
1436 3890 1638 3944 divitia:
1667 3891 1997 3944 adminicula

420 3988 550 4031 sunt
588 3976 653 4029 ad
688 3976 1047 4044 injustitiam,
1084 3978 1413 4032 miserabilis
1437 3987 1520 4033 est
1555 3980 1743 4044 dives;
1779 3980 1864 4035 sin
1902 3995 1999 4033 au-

422 4076 531 4122 tem
563 4068 870 4122 inserviunt
902 4069 1093 4122 virtuti
1134 4070 1464 4134 excolendae,
1493 4071 1680 4125 nullus
1711 4079 1795 4126 est
1847 4072 1999 4125 locus

424 4158 664 4218 invidiae,
704 4172 827 4211 cum
862 4174 1058 4235 earum
1083 4159 1189 4229 97
1226 4161 1533 4214 communis
1572 4161 1781 4217 utilitas
1822 4162 2000 4215 omni-

424 4248 528 4302 bus
584 4256 947 4318 proponatur,
978 4250 1085 4304 nisi
1114 4251 1240 4320 quis
1282 4251 1424 4306 forte
1453 4260 1603 4305 tanta
1633 4253 1705 4306 sit
1749 4253 1999 4324 maligni-

425 4346 560 4397 tate.
627 4346 686 4392 ut
731 4339 892 4393 etiam
941 4341 1046 4395 sibi
1092 4343 1212 4411 ipsc
1261 4343 1402 4396 bona
1454 4343 1715 4398 invideat.
1768 4342 1834 4397 Et
1892 4358 2002 4398 uno

2090 1883 2317 1953 καρδίας
2341 1881 2596 1945 εὑσεδοῦς
2616 1883 2681 1933 ὲκ
2707 1878 2813 1932 τῶν
2847 1878 3201 1949 χαρισμάτων
3219 1877 3314 1929 τοῦ
3347 1875 3666 1946 Πνεύματος

2091 1973 2467 2046 πηγαζούσης,
2513 1973 2611 2043 οὑχ
2643 1970 2866 2041 ὑπέχεις
2908 1969 3008 2031 τάς
3045 1968 3214 2031 ἀκοὰς
3250 1967 3369 2042 μετῖ
3401 1967 3667 2038 εὐφροσύ-

2090 2082 2220 2136 νης;
2261 2065 2359 2118 οὑκ
2405 2063 2739 2136 εὐχαρίστως
2782 2062 3013 2133 ὑποδέχῃ
3062 2061 3174 2131 (66)
3222 2061 3320 2131 τὴν
3357 2060 3625 2130 ὠφέλειαν
3643 2076 3682 2126 ι

2104 2154 2264 2209 Ἀλλά
2289 2154 2474 2208 δάκνει
2504 2171 2564 2206 σε
2595 2155 2624 2206 ὁ
2664 2153 2855 2224 κρότος
2883 2150 2990 2203 τῶν
3023 2151 3349 2215 ἀκουόντων,
3391 2151 3484 2204 καὶ
3510 2150 3667 2203 ἐϐου-

2091 2246 2259 2316 λήθης
2284 2245 2348 2299 ἆν
2373 2247 2508 2316 μήτε
2530 2245 2621 2297 τὸν
2644 2242 3021 2313 ὠφελούμενον
3041 2238 3200 2304 εἶναι,
3233 2243 3366 2312 μήτε
3396 2243 3486 2294 τὸν
3512 2243 3670 2294 ἐπαι-

2091 2336 2301 2391 νοῦντα.
2343 2335 2479 2389 Τίνα
2522 2334 2692 2387 ταῦτα
2732 2333 3027 2400 ἀπολογίαν
3074 2332 3185 2398 ἔξει
3220 2332 3310 2384 ἐπὶ
3338 2330 3433 2383 τοῦ
3473 2329 3671 2402 κριτοῦ

2090 2427 2199 2478 τῶν
2252 2424 2484 2495 καρδιῶν
2537 2423 2729 2494 ἡμῶν;
2784 2423 2950 2475 Φύσει
3013 2422 3110 2491 μὲν
3167 2417 3258 2474 οὖν
3305 2417 3444 2474 εἶναι
3500 2421 3666 2474 καλὸν

2090 2516 2337 2588 ἡγεῖσθαι
2376 2515 2480 2586 χρὴ
2506 2515 2568 2568 τὸ
2601 2515 2700 2585 τῆς
2740 2514 2918 2584 ψυχῆς
2949 2513 3151 2599 ἀγαθός)
3172 2529 3184 2542 ·
3217 2513 3308 2565 τὸν
3338 2512 3396 2565 δὲ
3435 2514 3669 2595 ὑπερῦανο

2091 2608 2286 2661 θοὺντα
2329 2606 2406 2678 τῷ
2449 2606 2684 2677 πλούτῳ,
2733 2607 2828 2660 καὶ
2880 2604 3169 2676 δυναστείᾳ
3217 2605 3361 2675 μέγα
3403 2604 3666 2676 φρονοῦν-
3732 2618 3742 2628 ·

2089 2717 2158 2753 τα
2192 2699 2451 2770 (67),’καὶ
2490 2697 2683 2768 εὑεξίξι
2706 2695 2977 2767 σώματος,
3010 2699 3101 2752 καὶ
3127 2697 3306 2758 καλῶς
3335 2697 3441 2766 μὲν
3465 2714 3671 2768 κεχρη-

2094 2792 2253 2861 μένον
2290 2784 2373 2853 οἷς
2406 2788 2540 2858 ἔχει,
2571 2789 2797 2857 ἀγαπᾷν
2818 2790 2912 2840 καὶ
2955 2788 3259 2866 περιέπειν,
3286 2786 3361 2849 ὡς
3400 2770 3553 2839 κοινά
3596 2786 3670 2840 τὰ

2089 2882 2182 2934 τοῦ
2221 2881 2336 2947 βίου
2382 2881 2587 2950 ὄργανα
2621 2879 2975 2947 κεκτημένον,
3027 2876 3185 2948 εἴπερ
3224 2877 3286 2947 δὴ
3334 2877 3506 2930 ταῦτα
3549 2877 3664 2947 (68)
3731 2886 3738 2903 '

2091 2972 2234 3026 κατὰ
2277 2972 2368 3025 τὸν
2413 2971 2570 3043 ὀρθὸν
2617 2969 2774 3037 λόγον
2829 2967 3287 3039 μεταχειρίζοιτο·
3342 2969 3417 3031 ὡς
3454 2971 3518 3039 τῇ
3566 2970 3669 3039 μὲν

2091 3063 2196 3115 τῶν
2223 3062 2520 3133 χρημάτων
2549 3060 2780 3132 χορηγίᾳ
2805 3058 3034 3129 ἄφθονος
3063 3055 3202 3112 εἶναι
3230 3062 3341 3121 τοῖς
3372 3059 3666 3129 δεομένοις,

2091 3153 2169 3222 τῷ
2207 3153 2416 3223 σώματι
2449 3154 2507 3206 δὲ
2541 3152 2843 3225 ὑπηρεσίαν
2875 3154 3135 3224 παρέχειν
3181 3157 3295 3216 τοῖς
3344 3152 3663 3206 ἀσθενοῦσι-

2094 3245 2273 3296 πᾶσαν
2313 3244 2369 3296 δὲ
2412 3245 2511 3314 τὴν
2544 3244 2736 3315 λοιπὴν
2770 3245 3085 3314 περιουσίαν
3130 3245 3189 3296 οὑ
3226 3244 3424 3314 μᾶλλον
3469 3242 3685 3295 ἑαυτοῦ.

2092 3337 2353 3408 νομίζειν,
2383 3338 2415 3406 ἢ
2452 3341 2547 3391 καὶ
2573 3337 2879 3391 οὑτινοσοῦν
2906 3338 3013 3390 τῶν
3055 3338 3414 3408 ἑπιδεομένων
3434 3355 3447 3369 ·
3494 3339 3584 3390 τὸν
3612 3339 3668 3390 δὲ

2097 3431 2172 3500 μὴ
2218 3429 2360 3484 οὑτω
2412 3431 2548 3500 πρὸς
2587 3431 2759 3484 ταῦτα
2801 3430 3141 3500 διακείμενον
3195 3430 3374 3483 ἄθλιον
3426 3429 3683 3489 τίθεσθαι

2097 3522 2295 3591 μᾶλλον
2327 3522 2360 3591 ἢ
2389 3521 2696 3589 ἐπίφθονον,
2734 3524 2782 3574 εί
2820 3522 3073 3591 μείζονας
3115 3520 3228 3591 ἔχει
3277 3521 3383 3592 (69)
3430 3523 3565 3591 πρὸς
3610 3523 3672 3573 τὸ

2096 3613 2264 3675 κακὸς
2291 3608 2428 3664 εἷναι
2453 3612 2552 3675 τὰς
2594 3613 2867 3684 ἀφορμὰς.
2903 3612 3072 3665 Τοῦτο
3104 3612 3212 3684 γάρ
3234 3615 3380 3665 ἐστιν
3407 3615 3469 3665 ἐκ
3500 3613 3673 3666 πλείο-

2096 3721 2184 3766 νος
2217 3704 2315 3773 τῆς
2362 3704 2717 3774 παρασκευῆς
2759 3705 2852 3756 καὶ
2888 3704 3270 3774 πραγματείας
3311 3704 3668 3760 ἀπόλλυσθαι.

2095 3796 2160 3848 Εἰ
2196 3797 2291 3865 μὲν
2329 3794 2437 3865 γὰρ
2471 3795 2677 3862 ἑφόδιον
2701 3795 2835 3864 πρὸς
2862 3794 3072 3847 ἀδικίαν
3104 3798 3131 3848 ὁ
3166 3794 3411 3857 πλοῦτος,
3443 3794 3671 3858 ἐλεεινὸς

2097 3887 2127 3938 ὁ
2167 3884 2440 3937 πλουτῶν·
2492 3886 2540 3936 εἰ
2589 3884 2646 3936 δὲ
2686 3885 2955 3954 ὑπηρεσία
2999 3884 3135 3955 πρὸς
3170 3885 3388 3956 ἀρετὴν,
3423 3885 3521 3936 οὐκ
3555 3884 3672 3954 ἔχει

2098 3976 2281 4049 χώραν
2311 3979 2344 4048 ἡ
2394 3977 2682 4047 βασκανία,
2716 3978 2900 4048 κοινῆς
2926 3977 3026 4047 τῆς
3054 3979 3146 4031 ἀπ’
3189 3977 3367 4030 αὑτῶν
3406 3976 3671 4045 ὠφελείας

2099 4071 2269 4123 ἅπασι
2300 4070 2694 4141 προκειμένης·
2731 4069 2866 4139 πλὴν
2904 4072 2952 4122 εἰ
2990 4070 3063 4140 μή
3105 4086 3189 4130 τις
3224 4069 3331 4139 ἄρα
3359 4071 3425 4138 τῇ
3461 4085 3674 4140 περιου-

2102 4162 2193 4231 σία
2217 4161 2317 4229 τῆς
2351 4155 2613 4231 πονηρίας
2635 4161 2728 4213 καὶ
2773 4160 2950 4231 ἑαυτῴ
2982 4160 3260 4231 βασκαίνοι
3286 4160 3391 4212 τῶν
3423 4158 3668 4227 ἀγαθῶν.

2103 4253 2278 4315 ’Όλως
2308 4252 2387 4316 δὲ,
2423 4251 2741 4322 ὑπερκύψας
2766 4251 2843 4321 τῷ
2865 4250 3108 4321 λογισμῷ
3134 4251 3199 4302 τά
3220 4249 3551 4320 ἀνθρώπινα,
3577 4250 3675 4302 καὶ

2103 4345 2236 4414 πρὸς
2268 4344 2328 4397 τὸ
2354 4343 2522 4405 ὅντως
2560 4342 2722 4396 καλὸν
2766 4343 2857 4395 καὶ
2890 4340 3169 4394 ἐπαινετὸν
3198 4331 3435 4402 ἀπιδὼν,
3472 4337 3673 4391 πολλοῦ

428 4430 619 4494 verbo,
644 4439 823 4487 mente
851 4448 1017 4503 supra
1066 4449 1156 4488 res
1194 4434 1465 4489 humanas
1494 4446 1699 4497 evecta,
1735 4444 1899 4504 atque
1930 4436 1992 4491 ad

2101 4436 2167 4489 ἄν
2195 4454 2248 4488 τι
2290 4435 2428 4498 δέοις
2470 4433 2582 4502 (70)
2629 4433 2737 4486 τῶν
2789 4433 3040 4505 φθαρτῶν
3092 4433 3186 4486 καὶ
3239 4434 3443 4501 γηΐνων
3491 4448 3672 4501 μακα-

429 4535 616 4578 verum
657 4530 712 4577 et
737 4523 1011 4579 laudabile
1045 4525 1247 4580 bonum
1286 4525 1509 4581 intentis
1540 4527 1740 4589 oculis,
1767 4527 1997 4581 multum

428 4613 667 4668 abfuerit
708 4621 767 4668 ut
805 4615 1103 4686 quidquam
1142 4618 1506 4686 periturarum
1554 4634 1618 4671 ac
1657 4626 1999 4673 terrenarum

430 4721 613 4761 rerum
659 4706 876 4762 beatum
929 4723 992 4760 ac
1050 4708 1403 4762 invidendum
1442 4709 1674 4778 jndices.
1714 4708 1846 4762 Nam
1884 4711 1998 4763 fieri

432 4813 545 4851 non
580 4805 756 4868 potest
784 4808 842 4853 ut
865 4800 914 4854 is
939 4800 1030 4869 qui
1069 4800 1144 4853 ita
1168 4800 1441 4854 animatus
1463 4808 1566 4864 est,
1597 4816 1699 4856 nec
1730 4817 1816 4856 res
1844 4818 2003 4856 mun-

431 4890 604 4948 danas
653 4904 915 4963 tanquam
950 4893 1183 4948 eximias
1213 4892 1544 4960 admiratur,
1578 4910 1819 4965 unquam
1861 4894 2002 4948 invi-

504 5085 613 5159 (ξι)
634 5085 778 5159 _Reg.
803 5089 1016 5159 primus
1050 5090 1167 5142 ἐστὶ
1198 5088 1306 5141 τῶν
1338 5088 1495 5143 θείων
1531 5090 1645 5156 λογ.
1684 5088 1824 5142 Editi
1856 5091 2002 5144 ἐστὶν

434 5155 594 5230 ίερῶν
634 5155 829 5230 λογίων
868 5177 883 5213 :
930 5175 1031 5230 pro
1080 5175 1186 5229 qua
1215 5160 1409 5217 ultima
1439 5175 1572 5214 voce
1603 5155 1696 5212 alii
1729 5160 1837 5215 duo
1869 5179 1999 5215 mss.

434 5224 634 5279 habent
665 5227 858 5294 λόγων.

502 5294 615 5368 (65)
648 5296 804 5368 Illud,
835 5298 956 5350 οὑδὲ
995 5298 1276 5368 βασκαίνει
1308 5300 1556 5361 ἐκείνοις,
1584 5314 1759 5367 .ncque
1779 5299 1886 5352 illis
1917 5300 1993 5353 in-

433 5364 589 5438 ridet,
612 5364 1013 5438 subobscurum
1041 5368 1208 5422 videri
1232 5378 1442 5438 potest
1469 5369 1563 5422 sed
1585 5364 1835 5435 quisquis
1860 5370 2002 5424 hunc

433 5432 818 5507 locum_paulo
862 5440 1128 5493 attentius
1157 5432 1368 5507 legerit.
1410 5438 1569 5493 facile
1603 5432 1864 5507 intelliget
1899 5440 2000 5493 hoc

434 5501 597 5583 dicia
627 5501 847 5583 Basilio,
879 5513 1149 5563 neminem
1185 5501 1427 5563 invidere
1458 5510 1523 5564 iis
1552 5511 1645 5578 qui
1679 5501 1846 5564 solem
1873 5526 2004 5565 con-

435 5582 693 5643 spiciunt.
1562 5622 1567 5629 .

651 5643 782 5720 ξοδ.
815 5646 1023 5720 primus
1054 5648 1384 5720 εὐχαρίστως
1415 5649 1563 5720 δέχῃ.

509 5713 617 5782 (67)
649 5713 800 5769 (lolb.
834 5718 1027 5770 tertius
1063 5713 1579 5789 μεγαλοφρονοῦνέἀ.

2107 4528 2284 4599 ριστὸν
2333 4526 2445 4596 (7|)
2488 4528 2669 4595 κρῖναι
2719 4525 2815 4578 καὶ
2863 4524 3118 4594 ζηλωτόν.
3170 4523 3325 4575 Οὕτω
3374 4522 3429 4574 δὲ
3471 4523 3671 4590 ἔχοντι,

2102 4621 2195 4674 καὶ
2230 4620 2303 4690 μὴ
2336 4619 2411 4681 ὡς
2446 4619 2537 4671 ἐπὶ
2580 4618 2832 4688 μεγάλοις
2865 4615 3300 4686 ἐκπεπληγμένῳ
3342 4615 3455 4676 τοῖς
3486 4631 3675 4683 κοσμι-

2102 4714 2236 4775 κοῖς,
2280 4708 2559 4781 ἀμήχανόν
2595 4726 2724 4763 ποτε
2768 4707 3167 4779 παραγενέσθαι
3209 4706 3300 4758 τὸν
3351 4705 3557 4773 φθόνον.
3608 4707 3674 4757 Εἰ

2100 4805 2157 4857 δὲ
2204 4804 2423 4865 πάντως
2448 4802 2606 4872 δόξης
2653 4801 2958 4871 ἐπιθυμεῖς,
2991 4799 3085 4852 καὶ
3116 4797 3290 4871 βούλει
3328 4796 3435 4849 τῶν
3465 4795 3673 4848 πολλῶν

2104 4890 2553 4965 ὑπερφαίνεσθαι,
2585 4890 2680 4943 καὶ
2720 4889 2807 4942 διὰ
2854 4888 3010 4941 τοῦτο
3056 4888 3156 4940 οὑκ
3199 4885 3367 4958 ἀνέχῃ
3423 4884 3675 4955 δεύτερος

2176 5087 2288 5156 (68)
2324 5086 2464 5140 Editi
2493 5084 2745 5157 Efﬁspﬁ‘h
2770 5086 3023 5157 abzd._At
3051 5100 3183 5157 mss.
3208 5083 3365 5155 εἴπερ
3389 5081 3453 5157 δὴ
3475 5080 3671 5157 ταῦτα.

2106 5152 2451 5225 ΙῐιιίιόΊθηεθ
2481 5152 2868 5225 οάίιῖἄφθωσν
2898 5152 3054 5208 εἶναι.
3085 5155 3310 5225 Veteres
3335 5152 3579 5225 quinque
3609 5154 3670 5205 li-
3742 5184 3748 5188 -

2106 5229 2186 5301 hri
2233 5222 2481 5301 ἀφθονος.
2543 5222 2788 5283 Subinde
2850 5242 2991 5279 unus
3048 5240 3183 5281 mss.
3230 5224 3337 5276 τῶν
3384 5222 3672 5292 δεομένων·
3768 5295 3775 5301 .

2103 5298 2192 5350 τὸν
2228 5297 2307 5350 δέ.

2175 5366 2287 5435 (69)
2316 5366 2536 5436 Antiqui
2574 5365 2684 5436 duo
2711 5364 2851 5436 libri
2876 5364 3007 5436 ἔχοι.
3155 5397 3177 5436 __,

2176 5429 2288 5505 (70)
2312 5436 2444 5491 Cod.
2465 5429 2578 5489 ’476
2608 5435 2805 5505 πολλοῦ
2828 5429 3121 5505 ἀν’δεήσοι.
3145 5429 3677 5505 Οοί81.256πολλεὺς

2102 5500 2357 5569 ἀν’δέοις.
2392 5506 2595 5573 Scripsi
2631 5503 2820 5557 πολλοὺ
2864 5504 2929 5557 ἄν
2972 5500 3023 5556 τι
3063 5504 3220 5565 δέοις,
3254 5516 3349 5570 pro
3377 5500 3509 5555 vitio
3537 5500 3675 5553 Gar-

2107 5577 2329 5631 neriauo
2356 5575 2549 5628 πολλοῦ
2583 5577 2703 5628 ἀντὶ
2733 5574 2890 5636 δέοις.

2178 5647 2285 5713 (τί)
2321 5646 2463 5700 Cave
2493 5646 3084 5713 imiterisinterpretem
3109 5641 3483 5713 veterem,_qui
3509 5654 3674 5695 voces
3742 5662 3748 5666 ·
3836 5650 3841 5655 ‘

2109 5711 2439 5787 μακαριστόν
2472 5724 2522 5771 et
2556 5714 2789 5785 ζηλωτόν
2822 5711 2896 5769 de
2929 5713 3174 5783 personis
3203 5711 3427 5780 accepit.
