4036 6236
425 314 531 369 387

1781 309 1840 365 S.
1880 308 2124 362 BASILII
2161 307 2373 362 MAGNI

3570 308 3679 365 588

426 433 502 481 tia
528 436 691 497 captu
720 426 955 481 dilﬁcilis
994 427 1088 493 sit,
1122 426 1344 480 cuilibet
1386 425 1470 478 vel
1514 425 1793 494 paululum
1825 432 2001 477 atten-

2109 422 2243 486 ξεως
2289 420 2492 493 ταύτης
2533 422 2562 473 ό
2611 421 2754 485 νοῦς,
2807 419 2967 473 παντὶ
3013 418 3287 490 γνώριμον
3329 419 3408 490 τῷ
3446 421 3542 473 καὶ
3587 439 3683 492 μι-

426 519 575 575 denti
625 527 969 588 perspectum
1015 528 1118 573 est.
1168 517 1554 572 Verumtamen
1594 517 1714 570 sine
1760 531 1912 569 mora
1951 524 2004 569 et

424 610 773 663 cunctatione
821 618 1037 677 oportet
1079 625 1192 663 rem
1239 610 1482 678 aggredi,
1536 624 1632 677 spe
1679 608 1736 659 in
1776 605 2005 659 Domino

424 700 714 761 collocata,
744 699 837 767 qui
867 699 1106 767 pastoris
1130 699 1386 767 precibus
1419 698 1569 751 dabit
1606 697 1766 751 nobis
1798 710 2007 751 sermo-

428 806 553 847 nem
593 793 648 844 in
689 791 973 860 apertione
1021 793 1136 846 oris
1176 789 1420 843 nostri".
1460 786 1577 843 Non
1623 788 1855 858 amplius
1893 794 2005 841 tres

427 882 824 950 sapientissimi
866 881 1174 936 Salomonis
1220 882 1388 934 libros
1440 881 1713 945 novimus,
1771 878 2006 933 Prover-

426 975 664 1037 biorum,
691 972 1039 1027 Ecclesiastze
1061 981 1115 1027 et
1146 972 1358 1027 Cantiei
1399 973 1766 1038 canticorum,
1802 986 2005 1026 unum-

426 1079 698 1134 quemque
736 1065 801 1117 ad
851 1066 1132 1134 proprium
1177 1080 1401 1135 Scopum
1438 1072 2005 1135 spectantetn,quan-

424 1171 590 1223 quam
623 1171 813 1210 omnes
832 1155 943 1225 98
970 1156 1037 1210 ad
1068 1157 1349 1210 hominum
1380 1158 1669 1210 utilitatem
1709 1156 2004 1224 conscripti

424 1253 577 1302 sunt.
634 1245 991 1302 Proverbium
1050 1248 1197 1302 enim
1251 1264 1462 1302 morum
1504 1258 1588 1303 est
1634 1249 1927 1311 institutio,
1950 1259 2005 1301 et

425 1339 696 1393 correctio
720 1338 1048 1404 atl‘eetuum;
1078 1347 1134 1393 et
1157 1341 1213 1392 in
1252 1354 1488 1404 summa,
1547 1341 1674 1396 vitae
1707 1350 1793 1395 est
1835 1340 2004 1393 disci-

425 1429 596 1496 plina,
632 1444 821 1483 eorum
848 1444 968 1497 qua:
989 1429 1196 1498 agenda
1236 1437 1384 1495 sunt,
1416 1432 1811 1499 praeceptiones
1839 1445 2002 1485 sanas

424 1535 490 1573 ae
512 1519 768 1574 cordaias
799 1520 1187 1590 complectens.
1211 1520 1570 1577 Ecclesiastes
1610 1536 1741 1577 vero
1775 1521 2000 1593 physio-

425 1611 625 1680 logiam
653 1613 894 1682 attingit,
921 1612 1189 1682 nobisque
1217 1628 1405 1668 eorum
1432 1629 1552 1683 qua:
1571 1614 1627 1667 in
1651 1614 1757 1667 hoc
1795 1613 2002 1667 mundo

425 1715 553 1759 sunt
580 1704 874 1758 vanitatem
908 1704 1196 1773 patefacit;
1231 1712 1288 1758 ut
1318 1720 1386 1759 ne
1426 1712 1682 1773 putemus
1712 1719 1799 1759 res
1827 1703 2002 1758 ﬂuxas

2106 516 2364 585 κρὸν(78)
2414 516 2784 586 ἐπιστήσαντι.
2836 513 2982 584 Πλὴν
3024 514 3127 566 οὐκ
3166 512 3501 584 ἀποκνητέον
3538 517 3679 586 πρὸς

2103 607 2199 677 τὴν
2222 608 2530 677 ἐγχείρησιν
2549 646 2564 672 ,
2596 606 2692 677 τὴν
2724 607 2913 660 ἐλπίδα
2936 607 3197 678 θεμένους
3217 606 3309 659 ἐπὶ
3332 606 3424 660 τὸν
3448 608 3680 678 Κύριον,

2104 698 2194 760 ὃς,
2228 698 2315 751 διὰ
2356 698 2461 751 τῶν
2500 697 2820 769 προσευχῶν
2854 698 2948 752 τοῦ
2998 698 3284 769 ποιμένος,
3319 697 3476 750 δώσει
3517 696 3679 766 λόγον

2104 791 2234 860 ἡμῖν
2277 791 2334 842 ὲν
2374 789 2573 853 ἀνοίξει
2611 789 2703 843 τοῦ
2738 790 3003 861 στόματος
3034 789 3210 861 ἡμῶν.
3247 791 3408 860 Τρεῖς
3443 788 3543 852 τὰς
3573 789 3682 842 πά-

2106 898 2205 945 σας
2232 881 2477 953 ἔγνωμεν
2507 881 2889 954 πραγματείας
2922 882 3017 934 τοῦ
3052 882 3361 950 σοφωτάτου
3396 880 3681 952 Σολομῶν-

2103 991 2193 1038 τος
2211 991 2225 1003 ·
2259 975 2356 1043 τήν
2388 991 2448 1026 τε
2473 974 2579 1026 τῶν
2604 973 2921 1044 Παροιμιῶν
2947 972 3187 1037 τούτων,
3212 975 3306 1026 καὶ
3330 972 3428 1044 τὴν
3449 974 3543 1027 τοῦ
3571 975 3684 1028 Εκ-

2103 1064 2430 1136 κλησιαστοῦ
2449 1106 2466 1130 ,
2522 1066 2617 1118 καὶ
2654 1065 2752 1136 τὴν
2796 1064 2891 1117 τοῦ
2928 1064 3203 1135 ’ᾼσματος
3233 1064 3342 1117 τῶν
3372 1065 3635 1136 ᾀσμάτων
3665 1082 3680 1094 ·

2103 1161 2339 1227 ἑκάστην
2388 1158 2524 1229 πρὸς
2570 1156 2698 1210 ἴδιον
2746 1156 2947 1210 σκοπὸν
2981 1156 3449 1227 συντεταγμένην·
3502 1158 3682 1210 πᾶσαι

2106 1251 2289 1321 μέντοι
2321 1252 2407 1303 ἐπ’
2446 1247 2683 1319 ὠφελείᾳ
2721 1248 2832 1300 τῶν
2874 1245 3178 1319 ἀνθρώπων
3210 1248 3545 1319 ἐγράφησαν.
3610 1250 3682 1302 Ἠ

2107 1341 2207 1411 μὲν
2234 1341 2342 1412 γὰρ
2382 1340 2656 1412 Παροιμία
2688 1337 2964 1401 παίδευσίς
2989 1340 3138 1391 ἐστιν
3162 1338 3330 1407 ⁴Ινιθῶν,
3367 1341 3461 1393 καὶ
3488 1340 3682 1394 παθῶν

2103 1431 2501 1505 ἐπανόρθωσις,
2530 1430 2625 1485 καὶ
2646 1429 2782 1494 ὅλως
2808 1428 3126 1483 διδασκαλία
3143 1429 3259 1500 βίου
3281 1469 3297 1495 ,
3331 1430 3539 1494 πυκνὰς
3575 1432 3682 1495 τὰς

2103 1524 2382 1597 ὑποθήκας
2414 1524 2744 1594 περιέχουσα
2761 1520 2870 1593 (79)
2898 1521 3006 1575 τῶν
3050 1522 3339 1593 πρακτέων
3358 1538 3371 1552 °
3402 1522 3432 1574 ό
3453 1522 3511 1575 δὲ
3548 1524 3679 1576 Ἐκ·-

2102 1617 2436 1689 κλησιαστὴς
2471 1614 2818 1686 φυσιολογίας
2851 1614 3108 1681 ἅπτεται,
3161 1616 3255 1668 καὶ
3297 1614 3680 1669 ἀποκαλύπτει

2101 1710 2231 1779 ἡμῖν
2256 1706 2364 1761 τῶν
2394 1710 2450 1759 ὲν
2478 1706 2556 1778 τῷ
2583 1706 2772 1778 κόσμῳ
2799 1705 2973 1777 τούτῳ
2999 1706 3098 1786 τὴν
3131 1707 3464 1777 ματαιότητα
3481 1722 3495 1735 ·
3531 1705 3680 1759 ὥστε

425 1794 762 1863 expetendas
797 1802 1052 1859 esse,aut
1084 1795 1249 1847 animi
1284 1810 1449 1849 curas
1476 1796 1532 1848 in
1568 1810 1656 1850 res
1700 1793 1884 1849 futiles
1917 1795 1999 1848 in-

2104 1798 2178 1868 μὴ
2222 1796 2471 1867 ἡγεῖσθαι
2514 1798 2957 1869 περισπούδαστα
2989 1791 3129 1850 εἶναι
3165 1796 3237 1849 τὰ
3266 1797 3676 1868 παρερχόμενα,

427 1886 745 1942 sumendas.
803 1885 1086 1939 Canticum
1148 1893 1331 1940 autem
1391 1887 1730 1939 canticorum
1779 1887 2000 1940 modum

424 1977 662 2031 Ostendit
683 1975 984 2029 animarum
1005 1975 1478 2045 perficiendarum.
1502 1977 2002 2047 Continetnamque

425 2083 640 2137 sponsae
665 2077 718 2121 ct
750 2069 940 2137 sponsi
967 2068 1341 2127 concordiam.
1375 2068 1479 2123 hoc
1506 2077 1614 2132 est,
1657 2070 1852 2123 animai
1875 2084 1999 2123 cum

424 2157 537 2213 Deo
567 2156 744 2211 Verbo
771 2158 1199 2211 familiaritatem
1221 2173 1286 2212 ac
1307 2158 1778 2213 consuetudinem.
1802 2158 1907 2213 Sed
1933 2157 2000 2212 ad

426 2251 766 2321 propositum
797 2259 1151 2305 revertamur.

492 2430 548 2484 2.
581 2429 868 2483 Proverbia
912 2428 1214 2484 Salomonis
1251 2430 1355 2500 ﬁlii
1396 2430 1588 2496 David,
1632 2433 1721 2504 qui
1770 2433 2001 2503 regnavit

424 2526 480 2575 in
511 2520 756 2576 Israel“.
804 2521 1224 2577 Proverbiorum
1266 2538 1467 2578 nomen
1518 2526 1585 2578 ab
1634 2526 1876 2579 externis
1935 2527 2003 2579 de

424 2616 772 2667 sermonibus
796 2614 1197 2682 vulgatioribus
1241 2626 1565 2684 usurpatum
1598 2623 1703 2677 est,
1752 2628 1806 2669 et
1838 2615 1905 2669 de
1933 2617 2001 2669 iis

423 2723 547 2776 qua:
576 2708 632 2760 in
664 2708 765 2761 viis
796 2714 853 2759 ut
883 2708 1184 2776 plurimum
1211 2709 1489 2762 dicuntur.
1525 2707 1658 2761 Nam
1690 2709 1833 2778 apud
1853 2712 2001 2777 ipsos

424 2795 579 2867 οἰμος
614 2797 697 2849 via
723 2798 955 2860 dicitur;
995 2798 1137 2852 unde
1169 2798 1332 2852 etiam
1365 2799 1679 2863 ﬂaminiam
1712 2798 2000 2869 definiunt,

428 2892 650 2943 verbum
679 2890 897 2942 triviale
933 2890 1076 2960 vulgi
1108 2905 1210 2944 usu
1249 2892 1457 2955 tritum,
1491 2898 1544 2945 et
1577 2891 1724 2960 quod
1747 2906 1779 2943 a
1813 2891 2000 2960 paucis

427 2981 496 3033 ad
530 2981 686 3051 plura
729 2981 930 3034 similia
972 2981 1260 3036 transferri
1295 2991 1493 3051 potest.
1533 2981 1691 3052 Apud
1727 2997 1825 3037 nos
1873 2997 2002 3036 vero

429 3074 692 3142 partemin
712 3081 1003 3140 estsermo
1034 3075 1205 3139 utilis,
1242 3090 1366 3130 cum
1414 3083 1711 3144 temperata
1749 3075 1998 3130 obscuri-

2105 1889 2241 1961 μηδὲ
2272 1893 2382 1953 τοῖς
2432 1890 2681 1959 ματαίοις
2721 1889 3171 1961 προσαναλίσκειν
3218 1888 3316 1958 τῆς
3351 1889 3527 1959 ψυχῆς
3574 1889 3683 1953 τὰς

2102 1981 2407 2052 φροντίδας.
2443 1981 2517 2033 Τὸ
2556 1980 2614 2033 δὲ
2656 1977 2844 2051 ᾋσμα
2887 1981 2996 2034 τῶν
3046 1981 3304 2053 ᾲσμάτυξν
3345 1980 3435 2031 τῖον
3474 1981 3680 2051 τρόπον

2102 2072 2443 2125 ὑποδείκνυσι
2468 2072 2564 2142 τῆς
2579 2070 2908 2134 τελειώσεως
2929 2070 3038 2123 τῶν
3058 2067 3273 2139 ψυχῶν.
3294 2069 3542 2142 Περιέχει
3566 2073 3679 2142 γὰρ

2103 2164 2418 2233 συμφωνίαν
2450 2162 2667 2233 νύμφης
2701 2162 2795 2215 καὶ
2826 2162 3096 2232 νυμφίου·
3157 2160 3439 2223 τουτέστι,
3494 2159 3679 2229 ψυχῆς

2099 2254 2370 2308 οἰκείωσιν
2400 2254 2535 2324 πρὸς
2561 2253 2652 2305 τὸν
2680 2251 2811 2305 Θεὸν
2836 2252 3026 2320 Λόγον.
3075 2250 3214 2304 Ἀλλ’
3244 2250 3336 2303 ἐπὶ
3360 2249 3421 2302 τὸ
3446 2248 3684 2321 προκείιι

2104 2360 2264 2412 μενον
2291 2342 2673 2412 ἐπανέλθωμεν
2700 2342 2832 2411 (80).

2170 2434 2225 2490 2.
2250 2433 2552 2502 Παροιμίαι
2576 2431 2957 2501 Σολομῶντος
2979 2430 3109 2485 υἱοῦ
3128 2428 3323 2493 Δαϐίδ,
3349 2428 3416 2495 ὃς
3434 2427 3682 2481 Maeli-

2101 2527 2367 2580 ευσενέν
2393 2523 2639 2592 Ἰσραήλ
2658 2523 2791 2595 (8|).
2818 2523 2890 2576 Τὸ
2914 2523 3021 2576 τῶν
3056 2523 3364 2592 παροιμιῶν
3392 2523 3558 2592 όνομα
3578 2521 3680 2573 ἐπὶ

2101 2616 2209 2669 τῶν
2231 2613 2651 2686 δημωδεστέρων
2680 2613 2851 2681 λόγων
2878 2616 3025 2683 παρὰ
3045 2614 3153 2674 τοῖς
3176 2611 3372 2677 ἔξωθεν
3392 2610 3677 2671 τέτακται,

2102 2708 2196 2760 καὶ
2218 2707 2310 2758 ἐπὶ
2340 2706 2446 2758 τῶν
2472 2706 2528 2757 ὲν
2549 2708 2667 2768 ταῖς
2698 2706 2834 2768 ὁδοῖς
2866 2703 3232 2776 λαλουμένων,
3261 2703 3337 2766 ὡς
3365 2702 3432 2755 τὰ
3457 2702 3626 2756 πολλά
3658 2720 3671 2730 ·

2102 2796 2267 2867 οἶμος
2295 2798 2402 2867 γὰρ
2434 2800 2562 2869 παρ’
2596 2799 2779 2861 αὐτοῖς
2818 2800 2852 2868 ή
2880 2797 2994 2860 ὁδὸς
3026 2794 3379 2866 ὀνομάζεται,
3425 2794 3545 2847 ὅθεν
3578 2793 3680 2847 καὶ

2101 2893 2199 2961 τὴν
2220 2890 2538 2959 παροιμίαν
2554 2889 2663 2959 (82)
2687 2887 2963 2958 ιῦρίζοντο,
2988 2886 3141 2958 ῥῆμα
3175 2884 3429 2956 παρόδιον
3453 2898 3680 2955 τετριμ-

2106 2983 2262 3053 μένον
2291 2982 2348 3033 ὲν
2380 2985 2445 3052 τῇ
2475 2984 2667 3051 χρήσει
2693 2980 2800 3032 τῶν
2834 2979 3042 3032 πολλῶν
3063 3017 3079 3041 ,
3109 2978 3201 3029 καὶ
3227 2976 3335 3029 ἀπὸ
3358 2975 3548 3043 ὀλίγων
3577 2977 3681 3026 ἐπὶ

2102 3076 2321 3129 πλείονα
2374 3076 2535 3145 ὅμοια
2585 3070 2993 3144 μεταληφθῆναι
3038 3069 3353 3138 δυνάμενον.
3402 3063 3559 3137 Παρὰ
3611 3062 3678 3118 δὲ

427 3173 538 3220 tate
580 3181 898 3235 expressus,
943 3168 1241 3221 secundum
1278 3170 1448 3238 ipsam
1494 3169 1728 3222 litteram
1766 3169 1995 3222 multum

2102 3171 2228 3239 ἡμῖν
2250 3133 2516 3239 παροιμία
2542 3133 2656 3218 ἐστὶ
2676 3133 2829 3231 λόγος
2853 3133 3145 3230 ῶφέλιμος,
3176 3133 3298 3228 μετ’
3324 3133 3678 3229 ἐπικρύψεως

429 3257 796 3325 complectens
825 3258 1102 3322 utilitatis,
1141 3270 1195 3313 et
1225 3261 1453 3312 multum
1501 3260 1650 3314 intus
1688 3260 1999 3328 intelligen-

431 3348 837 3402 tiaeoccultans.
886 3348 1037 3404 Unde
1077 3351 1239 3404 etiam
1289 3347 1575 3416 Dominus,
1615 3350 1767 3416 llaec,
1796 3351 1993 3420 inquit,

2099 3259 2323 3331 μετρίας
2353 3259 2740 3329 ἐκδεδομένος,
2785 3256 2918 3309 πολὺ
2972 3257 3070 3326 μὲν
3104 3254 3165 3306 τὸ
3208 3251 3433 3304 αὐτόθεν
3479 3250 3682 3323 χρήσιο

2100 3370 2197 3423 μον
2244 3352 2509 3423 περιέχων
2534 3351 2675 3421 (85),
2723 3348 2921 3419 πολλὴν
2964 3346 3021 3399 δὲ
3057 3345 3150 3399 καὶ
3190 3344 3248 3397 ὲν
3279 3341 3357 3412 τῷ
3384 3339 3537 3413 βάθει
3569 3340 3677 3410 τὴν

429 3440 485 3489 in
500 3440 770 3504 parmmiis
792 3440 934 3493 vobis
969 3441 1171 3494 locutus
1205 3457 1343 3494 sum.
1388 3440 1537 3495 Venit
1564 3442 1716 3509 liora,
1749 3460 1866 3496 rum
1878 3443 1998 3512 jam

2102 3444 2334 3497 διάνοιαν
2362 3441 2777 3511 συγκαλύπτων.
2813 3439 2974 3492 Ὅθεν
3008 3438 3101 3490 καὶ
3132 3437 3160 3488 ὁ
3189 3436 3413 3506 Κύριος,
3450 3430 3676 3494 Ταῦτα,

430 3545 535 3581 non
570 3530 626 3582 in
668 3530 956 3597 partemiis,
989 3531 1080 3584 sed
1124 3533 1302 3599 palam
1355 3532 1543 3602 loquar
1582 3533 1810 3600 vobis";
1854 3534 1999 3603 quod

2102 3538 2295 3608 φησιν,
2347 3536 2418 3588 ἐν
2465 3534 2803 3603 παροιμίαις
2834 3531 2976 3601 ὑμῖν
3015 3527 3344 3594 λελάληκα.
3397 3526 3679 3592 Ἔρχεται

432 3635 613 3676 sermo
639 3624 731 3691 qui
772 3624 826 3675 in
852 3625 1170 3692 paimmiam
1205 3626 1392 3689 cessit,
1430 3639 1651 3680 sensum
1677 3633 1925 3694 apertum
1944 3632 2002 3678 et

432 3715 594 3784 vulgo
631 3725 820 3768 notum
854 3731 961 3769 non
992 3717 1175 3780 habet,
1201 3717 1293 3771 sed
1328 3717 1547 3788 oblique
1589 3718 2001 3791 intelligentiam

431 3820 589 3861 suam
627 3805 833 3859 indicat
875 3808 1264 3877 sagacior-ibus.
1307 3809 1577 3862 Parmmia
1616 3810 1799 3878 itaque
1847 3805 2001 3861 Salo-

435 3895 633 3959 monis,
667 3896 769 3949 lroe
794 3906 899 3959 est,
931 3913 1213 3953 sermones
1240 3899 1615 3962 exhortatorii,
1648 3902 1715 3954 ad
1739 3916 1899 3955 omne
1923 3900 2003 3953 vi—

433 3994 502 4036 tu:
531 3999 701 4053 genus
732 3999 796 4039 ac
831 3986 1141 4039 institutum
1168 3986 1349 4040 utiles.
1389 3987 1654 4056 Apposuit
1693 3994 1877 4040 antem
1906 4000 2002 4038 no-

436 4091 561 4129 men
591 4078 898 4145 scriptoris,
930 4086 987 4131 ut
1020 4093 1265 4147 personae
1302 4078 1550 4133 claritate
1580 4079 1819 4133 alliceret
1847 4078 2005 4132 audi-

436 4173 631 4218 torem.
654 4162 789 4217 Nam
810 4170 1111 4221 auctoritas
1129 4166 1377 4221 docentis
1403 4173 1457 4221 et
1495 4166 1751 4237 dignitas,
1794 4173 1852 4219 ut
1888 4180 2005 4220 ser-

435 4269 653 4309 monem
681 4256 843 4310 ellieit
885 4267 1108 4327 receptu
1151 4257 1389 4325 facilem,
1443 4258 1517 4311 ita
1567 4259 1888 4311 attentiores
1922 4257 2005 4311 di-

435 4348 675 4418 scipulos
725 4348 926 4403 reddit.
964 4348 1102 4403 Sunt
1144 4350 1310 4421 igitur
1347 4353 1624 4420 parcentia:
1672 4349 2001 4414 Salomonis,

2096 3626 2253 3693 ὥρα,
2303 3624 2401 3678 ὅτε
2439 3623 2636 3678 οὐκέτι
2674 3623 2743 3677 ἐν
2767 3623 3122 3690 παροιμίαις,
3167 3618 3328 3673 ἀλλὰ
3368 3613 3681 3682 παρρησίᾳ

2058 3715 2351 3789 ,λαλήσω
2396 3715 2565 3785 ὑμῖν
2620 3714 2695 3777 ὡς
2738 3714 2831 3766 τοῦ
2877 3708 3243 3783 παροιμιακοῦ
3286 3707 3443 3775 λόγου
3479 3701 3539 3757 τὸ
3573 3718 3679 3756 πει

2100 3808 2581 3881 παρρησιασμένον
2634 3808 2727 3860 καὶ
2773 3802 3253 3874 δεδημοσιευμένον
3294 3799 3395 3868 τῆς
3432 3795 3677 3858 διανοίας

2104 3900 2178 3970 μὴ
2204 3900 2417 3970 ἔχοντος
2435 3939 2449 3961 ο
2494 3896 2632 3951 ἀλλὰ
2677 3895 2919 3963 πλαγίως
2951 3891 3145 3946 ἑαυτοῦ
3179 3890 3241 3943 τὸ
3280 3887 3527 3960 βούλημα
3557 3887 3678 3947 τοῖς

2101 3989 2533 4060 ὲντρεχεστέροις
2561 3985 3012 4056 παραδηλοῦντος.
3052 3980 3351 4052 Παροιμίαι
3373 3978 3551 4031 τοίνυν
3581 3975 3680 4028 Σο-

2102 4081 2374 4151 λομῶντος
2396 4097 2410 4111 ·
2442 4080 2712 4139 τουτέστι,
2744 4077 2891 4145 λόγοι
2919 4072 3327 4147 προτρεπτικοὶ,
3376 4068 3527 4138 παρὰ
3561 4068 3677 4120 πᾶ-

2103 4192 2203 4228 σαν
2238 4191 2333 4227 του
2367 4172 2480 4243 βίου
2516 4173 2615 4244 τὴν
2640 4171 2756 4224 όδὸν
2795 4167 3240 4240 χρησιμεύοντες.
3273 4162 3585 4235 Προστίθηκε
3611 4158 3678 4212 δὲ

2102 4264 2165 4316 τὸ
2193 4265 2362 4334 ὄνομα
2385 4263 2479 4316 τοῦ
2510 4262 2895 4333 συγγραφέως,
2923 4260 3010 4313 ἵνα
3040 4261 3108 4329 τῇ
3137 4255 3231 4310 τοῦ
3255 4254 3547 4326 προσώπου
3578 4267 3681 4304 πε-

2106 4356 2360 4428 ριφανεία
2381 4356 2471 4409 τὸν
2492 4354 2763 4427 ἀκροατὴν
2784 4350 3169 4423 ὲφελκύσηται.
3212 4345 3542 4414 Ἀξιοπιστία
3563 4344 3679 4414 γὰρ

436 4437 749 4494 Salomonis
793 4440 942 4494 illius
989 4441 1058 4495 ad
1104 4458 1266 4511 quem
1311 4443 1449 4498 dixit
1504 4442 1768 4497 Dominus
1812 4461 1824 4496 :
1860 4442 1998 4496 Ecce

2102 4450 2191 4503 τοῦ
2242 4448 2579 4511 διδάσκοντος
2622 4445 3027 4517 εὐπαράδεκτον
3074 4443 3171 4515 μὲν
3212 4440 3303 4495 τὸν
3341 4440 3498 4508 λόγον
3540 4436 3681 4491 καθ-

433 4530 555 4583 dedi
599 4530 695 4584 tibi
722 4547 812 4585 cor
829 4531 1056 4599 prudens
1080 4541 1129 4585 et
1155 4534 1360 4600 sapiens
1389 4550 1407 4587 :
1440 4535 1574 4588 sicut
1606 4545 1683 4599 tu,
1741 4550 1845 4587 non
1894 4534 1996 4603 fuit

433 4632 557 4676 ante
585 4631 634 4676 te
667 4639 684 4674 :
706 4630 756 4676 et
782 4632 897 4688 post
927 4633 974 4676 te
1005 4640 1106 4677 non
1130 4634 1370 4695 exsurget
1392 4626 1581 4679 similis
1601 4626 1764 4679 tibi“.
1785 4627 1863 4680 Ac
1877 4641 2000 4679 rur-

434 4729 568 4770 sus:
606 4712 759 4768 Dedit
790 4715 1045 4769 Dominus
1083 4718 1395 4785 sapientiam
1433 4729 1481 4771 et
1530 4718 1862 4786 prudentiam
1901 4719 2002 4776 Sa-

505 4873 549 4903 “
586 4870 785 4943 Eplies.
825 4888 874 4926 vi
899 4912 914 4938 ,
953 4871 1040 4926 l9.
1116 4872 1161 4904 “
1199 4850 1360 4929 Prov.
1400 4890 1447 4940 ι,
1486 4877 1534 4929 1.
1612 4876 1657 4906 ⁸⁸
1694 4874 1850 4929 Joan.
1892 4893 2010 4941 xvi,

503 5026 615 5099 (i8)
639 5025 819 5099 Editio
854 5028 1027 5099 Paris.
1055 5027 1133 5098 τῷ
1159 5027 1261 5099 κᾶν
1293 5028 1507 5099 μικρόν.

505 5098 624 5169 ,79)-
648 5096 779 5169 Reg.
810 5097 1019 5167 primus
1044 5096 1323 5169 ὑποθήκας
1353 5096 1697 5167 ἔχουσα.Νει;
1725 5100 1798 5152 ita
1829 5100 2000 5155 multo

434 5165 702 5237 postduo
733 5165 1027 5222 Colbertini
1056 5167 1165 5220 τῶν
1191 5165 1248 5227 ἐν
1275 5168 1355 5237 τῷ
1382 5165 1502 5237 βίῳ,
1531 5170 1585 5222 in
1606 5169 1706 5222 hac
1737 5171 1867 5223 vita.

646 5237 878 5324 antiqui.
906 5245 1019 5324 tres
1060 5238 1182 5317 libri
1213 5235 1569 5324 προκείμενον
1598 5240 1927 5324 ἐπανίωμεν.

503 5306 723 5381 (βηᾼῖι
743 5308 832 5381 vi_r_
849 5307 1211 5381 doctissimus
1230 5306 1614 5381 Cmnbelisius,
1645 5325 1743 5381 pro
1784 5306 2002 5381 Ἰσραήλ

435 5373 760 5448 legidebere
800 5377 1179 5448 Ἰερουσαλήμ,
1202 5380 1256 5431 in
1282 5376 1615 5441 Jerusalem;
1644 5373 1697 5433 et
1725 5380 1798 5432 ita
1829 5373 1876 5433 ei
1904 5373 2003 5435 sua

433 5444 749 5513 conjectura
785 5444 980 5514 placet,
1006 5455 1064 5501 ut
1090 5444 1331 5502 'ailirmet
1363 5451 1719 5513 conﬁdenter,
1743 5449 1999 5504 Basilium

433 5530 547 5568 non
597 5515 752 5566 aliter
792 5517 1097 5585 scripsisse.
1131 5518 1237 5571 Sed
1269 5519 1314 5573 si
1340 5535 1441 5572 vox
1483 5519 1697 5643 Ἰσραηλ
1724 5522 1780 5574 in
1803 5519 2002 5574 Basilio

433 5583 758 5643 corrigenda
826 5598 931 5643 est.
980 5588 1356 5643 interpretatio
1430 5589 1570 5642 LXX
1664 5599 2000 5643 uterer-etum

433 5583 758 5681 corrigenda
826 5583 931 5649 est,
980 5588 1356 5655 interpretatio
1636 5583 2000 5681 lateret-etum

433 5662 739 5732 corrigatur
791 5671 1007 5732 quoque
1065 5673 1289 5732 necesse
1337 5668 1479 5732 est,
1509 5663 1562 5712 in
1605 5675 1713 5731 qua
1787 5661 2003 5732 Ἰσραήλ

433 5725 633 5795 legitur
664 5723 824 5781 Prov.
867 5723 983 5797 1,71
1013 5745 1028 5795 ;
1061 5728 1363 5800 corrigatur
1417 5723 1577 5787 etiam
1624 5723 1844 5802 oportet
1865 5723 2002 5788 ’νυὶ-

2105 4540 2281 4610 ίστησι
2304 4578 2320 4604 ,
2349 4538 2808 4609 προσεχεστέρους
2827 4537 2884 4590 δὲ
2910 4538 3035 4600 τοὺς
3057 4531 3471 4603 διδασκομένους
3496 4545 3681 4601 παρα-

2105 4629 2378 4694 σκευάζει.
2392 4630 2688 4701 Παροιμίαι
2699 4625 2791 4683 οὖν
2801 4628 3161 4700 Σολομῶντος,
3183 4622 3523 4695 Σολομῶντος
3538 4620 3683 4675 ὲκεί-

2107 4739 2197 4776 νου
2242 4721 2375 4793 πρὸς
2396 4721 2454 4773 ὃν
2486 4717 2635 4772 εἶπεν
2664 4722 2692 4774 ό
2717 4710 2918 4790 Κύρῖος
2936 4734 2951 4751 θ
2991 4717 3144 4773 Ἰδοὺ
3163 4714 3390 4769 δέδωκά
3415 4729 3513 4767 σοι
3535 4727 3683 4778 καρ-

2043 4877 2134 4931 25.
2212 4878 2257 4907 ⁸⁸
2292 4874 2354 4930 lll
2388 4874 2523 4948 Reg.
2566 4892 2625 4931 Ill
2650 4917 2665 4942 ,
2705 4876 2791 4930 12.

2101 5039 2248 5102 gata,
2289 5032 2345 5086 in
2398 5047 2507 5103 qua
2554 5031 2731 5103 ,lsrael
2768 5031 2999 5101 legimus
3041 5028 3232 5103 eodem
3272 5025 3527 5103 loco._Et
3567 5025 3681 5096 ipsi

2102 5098 2319 5172 quoque
2348 5098 2524 5157 nostri
2553 5102 2676 5155 libri
2699 5098 2906 5155 veteres
2927 5102 3305 5172 emendatione
3330 5098 3681 5172 indigebunt,

2101 5165 2159 5253 in
2198 5165 2399 5253 quibus
2443 5173 2699 5253 omnibus
2732 5172 2998 5253 scriptum
3032 5165 3592 5253 invenimus‘évﬂql,
3618 5168 3687 5253 in

2102 5239 2299 5363 Israel,
2357 5257 2468 5296 non
2512 5250 2696 5296 autem
2738 5243 2797 5292 ὲν
2848 5239 2996 5310 Ἶλῇν
3037 5239 3204 5310 quod,
3227 5246 3371 5294 esset
3422 5239 3475 5291 in
3514 5239 3685 5289 Jeru-

2104 5328 2165 5363 sa
2189 5330 2293 5363 em.

2104 5328 2293 5366 salem.

2176 5382 2289 5453 (82)
2326 5380 2500 5451 Vulgo
2538 5381 2821 5453 dicuntur
2863 5377 3158 5453 Proverbia
3209 5374 3539 5453 Salomonis,
3579 5373 3685 5429 sed

2108 5448 2329 5507 nomine
2342 5448 2600 5524 prouerbii
2629 5451 3027 5524 uti_noluimus,
3042 5449 3202 5524 cujus
3228 5450 3349 5503 loco
3373 5448 3458 5501 usi
3483 5459 3686 5524 sumus
3698 5456 3721 5524 ρ

2108 5537 2241 5576 voce
2268 5515 2554 5590 partemiw,
2588 5531 2648 5576 ut
2686 5520 2873 5577 Graeca
2906 5515 3316 5589 proverbiorum
3352 5515 3707 5589 etymologia'

2109 5594 2283 5663 magis
2314 5603 2618 5663 appareret.

2180 5609 2283 5714 l§ls
2314 5609 2618 5663 appareret.
3615 5654 3628 5667 _
3659 5656 3679 5668 .

2180 5667 2197 5730 (
2239 5663 2292 5732 3)
2320 5662 2473 5737 Coll):
2502 5665 2711 5737 primus
2725 5661 2993 5737 χρήσιμον
3009 5658 3168 5728 ἔχων.
3191 5654 3682 5737 Haudlongeediti

2109 5726 2325 5805 ἔρχεται
2352 5732 2407 5786 δὲ
2435 5726 2571 5803 ὥρα.
2604 5726 2907 5788 νοείιίιιδέ
2928 5726 3084 5790 aberit
3116 5744 3146 5783 a
3184 5726 3679 5809 veteribus’libris.
