4036 6236
241 362 341 421 389

1158 356 1447 415 HOMILIA
1480 357 1546 411 IN
1584 351 1985 410 PRINCIPIUM
2022 350 2590 407 PROVERBIOBUM.

3395 343 3501 400 590

240 481 373 533 δίαν
396 476 694 547 φρονίμην
728 493 825 530 και
859 474 1093 545 σοφήν⁸
1129 478 1207 543 ὠς
1227 476 1330 543 σὺ,
1358 479 1429 531 οὐ
1450 474 1697 545 γέγονεν
1719 478 1818 542 ἐμ·-

1927 470 2119 523 lomorsi
2177 469 2402 522 multam
2462 469 2628 530 valde,
2659 477 2706 520 et
2748 465 3083 520 latitudinem
3143 465 3316 520 cordis
3361 466 3505 520 velut

239 570 501 641 προσθέν
512 586 627 624 σου
642 586 657 599 ⁸
677 568 774 622 καὶ
797 569 950 637 μετὰ
966 569 1041 623 σὲ
1059 571 1170 623 οὐκ
1189 568 1595 637 ἀναστήσεται
1615 566 1813 636 ὅμοιός

238 681 335 720 σοι
351 681 367 694 ·
393 665 488 717 καὶ
516 663 706 717 πάλιν·
734 662 1009 717 Ἔδωκεν
1026 666 1059 717 ὁ
1088 664 1302 730 Κύριος
1315 663 1543 731 σοςρίαν
1561 661 1656 713 καὶ
1674 659 1815 727 ςρρό-

236 773 418 824 νησιν
442 755 521 821 τῷ
536 756 837 825 Σαλωμὼν
848 755 963 825 (84)
986 754 1228 823 πολλὴν
1246 754 1504 824 σφόδρα,
1533 753 1632 807 καὶ
1656 752 1817 822 χύμα

239 845 485 913 καρδίας
504 847 587 911 ὡς
612 848 650 913 ἠ
688 845 883 915 ἄμμος
921 847 961 914 ἡ
988 846 1145 915 παρὰ
1178 845 1292 914 τὴν
1325 845 1664 900 θάλασσαν.
1704 843 1816 898 Kal

239 938 585 1004 ἐπληθύνθη
625 936 666 1002 τ)
702 937 891 1004 σοφία
938 934 1235 1004 Σαλωμὼν
1261 937 1415 1003 ὑπὲρ
1442 935 1559 1003 τὴν
1590 932 1815 1003 φρόνη-

238 1041 343 1080 σιν
359 1024 604 1078 πάντων
620 1026 888 1093 ἀρχαίων
912 1024 1255 1093 ἀνθρώπων,
1285 1025 1386 1078 καὶ
1415 1023 1565 1092 ὑπὲρ
1586 1024 1817 1088 πάντας

239 1117 567 1185 φρονίμους
595 1118 916 1185 Αἰγύπτου.
966 1115 1152 1179 Οὕτως
1196 1116 1472 1185 ἀναγκαία
1509 1118 1541 1187 ἡ
1570 1115 1663 1168 τοῦ
1696 1114 1815 1166 ὀνό-

242 1224 409 1279 ματος
435 1206 724 1278 προσθήκη
744 1224 757 1235 ·
792 1206 1106 1275 Παροιμίαι
1132 1204 1520 1275 Σολομῶντος
1547 1205 1681 1257 υἱοῦ
1710 1207 1818 1259 Δα-

239 1299 348 1353 είδ.
385 1300 721 1370 Πρὸσκειται
753 1299 847 1350 καὶ
881 1301 910 1350 ὀ
951 1298 1131 1368 πατὴρ
1154 1337 1169 1359 ,
1200 1296 1340 1350 ὥστε
1376 1314 1436 1349 σε
1471 1296 1707 1364 γνῶναι,
1735 1297 1817 1350 ὅτι

241 1395 401 1460 σοφὸς
430 1386 502 1461 ἦν
533 1392 564 1443 6
589 1388 838 1460 Σολομὼν
865 1390 931 1441 ὲκ
956 1388 1121 1457 σοφοῦ
1148 1389 1239 1441 καὶ
1281 1389 1563 1460 προφήτου
1588 1387 1814 1458 πατρὸς,

240 1485 303 1534 ἐκ
346 1480 589 1552 βρέφους
626 1480 695 1534 τὰ
738 1480 858 1552 ἱερὰ
889 1480 1194 1550 γράμματα
1225 1479 1688 1550 πεπαιδευμένος,
1725 1478 1819 1531 καὶ

240 1575 356 1644 οὐχὶ
396 1574 592 1645 κλήρῳ
644 1572 744 1644 τὴν
793 1572 970 1644 ἀρχὴν
1010 1570 1186 1642 λαχὼν
1209 1571 1356 1642 (85),
1399 1571 1507 1625 οὐδ’
1558 1573 1638 1635 εὶς
1668 1570 1818 1623 οὐδὲν

242 1666 387 1737 αὐτῷ
409 1667 798 1737 προσήκουσαν
816 1666 916 1736 τὴν
937 1664 1208 1735 βασιλείαν
1227 1663 1660 1734 εἰσϐιασάμενος,
1682 1661 1817 1716 ἀλλὰ

244 1759 417 1831 κρίσει
464 1757 653 1828 δικαίᾳ
704 1756 945 1829 πατρὸς,
989 1756 1084 1810 καὶ
1115 1756 1278 1826 ψήφῳ
1307 1754 1444 1808 θεοῦ
1491 1754 1558 1808 τὰ
1590 1753 1821 1826 πατρῷα

247 1852 499 1923 σκῆπτρα
548 1849 902 1921 παραλαϐών.
952 1843 1121 1912 Οὗτος
1171 1847 1422 1918 βασιλεὺς
1465 1848 1684 1916 ἐγένετο
1722 1847 1822 1915 τῆς

253 1942 767 2015 Ἰερουσαλήμβθ).
813 1941 948 1995 Οὐδὲ
985 1941 1142 1994 τοῦτο
1186 1940 1385 2012 ἀργόν·
1440 1939 1674 2012 μάλιστα
1723 1938 1820 2009 μὲν

244 2038 377 2108 πρὸς
405 2036 508 2107 τὴν
537 2034 651 2088 τῶν
685 2032 1015 2105 ὁμωνυμιιῖνν
1047 2033 1349 2101 διάκρισιν,
1394 2031 1584 2085 ἔπειτα
1624 2031 1682 2084 δὲ
1725 2031 1821 2084 καὶ

242 2129 325 2182 διὰ
368 2129 471 2198 τὴν
517 2124 866 2196 κατασκευὴν
914 2125 1011 2177 τοῦ
1052 2123 1482 2195 πολυθρυλλήτου
1526 2121 1655 2175 ναοῦ
1675 2140 1688 2153 ·
1733 2122 1820 2175 ἵνα

243 2222 515 2292 γνωρίσῃς
546 2217 715 2272 αὐτοῦ
737 2218 827 2270 τὸν
858 2216 1208 2287 δημιουργὸν,
1230 2216 1324 2268 καὶ
1352 2215 1534 2283 πάσης
1558 2214 1656 2284 τῆς
1678 2214 1820 2267 κατὰ

238 2311 336 2380 τὴν
362 2309 517 2362 πόλιν
549 2306 865 2377 οἰκονομίας
887 2305 997 2376 (87)
1040 2307 1133 2358 καὶ
1172 2305 1279 2357 τῶν
1330 2303 1547 2373 θεσμῶν
1584 2303 1676 2355 καὶ
1721 2304 1820 2374 τῆς

245 2400 490 2466 εὐταξίας
515 2400 611 2454 τὸν
644 2400 837 2454 αἴτιον.
867 2399 1029 2465 Μέγα
1057 2397 1113 2450 δὲ
1150 2396 1517 2468 συμϐάλλεται
1548 2396 1697 2473 πρὸς¹
1720 2395 1819 2464 τὴν

242 2495 346 2547 τών
368 2491 755 2564 παραινέσεων
776 2489 1092 2561 παραδοχὴν
1118 2490 1213 2543 καὶ
1236 2489 1296 2541 τὸ
1320 2488 1543 2559 βασιλέα
1564 2484 1703 2541 εἶναι
1727 2488 1819 2541 τὸν

248 2587 568 2660 συγγραφέα
599 2585 694 2638 τοῦ
726 2584 906 2652 λόγου.
957 2585 1022 2636 Εἰ
1055 2583 1163 2655 γὰρ
1204 2582 1449 2653 βασιλεία
1492 2583 1640 2635 ἐστὶν
1675 2582 1820 2635 ἒννο-

248 2695 340 2746 μσς
368 2674 696 2739 ἐπιστασία,
727 2674 904 2745 δῆλον,
938 2675 1021 2727 ὅτι
1049 2677 1103 2727 αἱ
1121 2674 1230 2743 (88)
1266 2674 1418 2745 παρὰ
1446 2672 1710 2744 βασιλέως
1738 2673 1819 2726 δι-

245 2769 461 2838 δόμεναι
492 2765 794 2837 ὑποθῆκαι,
830 2764 926 2819 τοῦ
968 2783 1033 2835 γε
1064 2766 1138 2830 ὡς
1170 2766 1384 2837 ἀληθῶς
1419 2770 1518 2836 τῆς
1548 2783 1820 2839 προσηγο-

248 2861 362 2931 ρίας
391 2859 604 2930 ταύτης
627 2858 803 2926 ἀξίου,
837 2858 972 2912 πολὺ
1001 2859 1062 2911 τὸ
1083 2859 1311 2930 νόμιμον
1340 2858 1545 2929 έχουσι,
1573 2858 1635 2911 τὸ
1664 2860 1817 2929 κοινῇ

244 2953 375 3005 πᾶσι
402 2949 685 3013 λυσιτελὲς
712 2949 1031 3014 σκοποῦσαι,
1059 2951 1153 3004 καὶ
1178 2950 1299 3019 οὐχ).
1334 2949 1470 3020 πρὸς
1495 2949 1588 3003 τὸν
1618 2948 1819 3002 σκοπὸν

1917 580 2078 617 arena
2117 580 2232 633 qua:
2256 566 2421 631 juxta
2456 580 2619 616 mare.
2641 561 2708 615 Et
2749 560 3102 629 multiplicata
3128 570 3207 614 est
3239 550 3523 628 sapientia‘

1918 654 2218 708 Salomonis
2248 669 2404 722 super
2431 653 2765 721 prudentiam
2787 653 3021 705 omnium
3053 653 3391 719 antiquorum
3405 648 3501 703 Ito-

1916 748 2138 811 minum,
2183 756 2232 801 et
2261 761 2418 812 super
2445 762 2623 799 omnes
2654 743 2935 813 prudentes
2973 741 3262 813 JEgypti".
3289 740 3381 796 Sic
3407 758 3506 795 ne-

1916 855 2071 895 cesse
2107 838 2209 893 fuit
2237 854 2436 893 nomen
2464 839 2663 908 apponi
2696 858 2707 892 :
2738 837 3020 891 l’artemia:
3060 835 3367 891 Salomonis
3401 833 3504 903 ﬁlii

1916 930 2110 986 David.
2165 931 2396 985 Additur
2430 937 2482 984 et
2526 938 2701 999 pater,
2747 938 2805 982 ut
2847 942 3150 998 cognoscas
3199 929 3503 997 sapientem

1918 1021 2089 1077 fuisse
2119 1021 2466 1076 Salomonem
2498 1037 2564 1075 ex
2589 1023 2837 1090 sapiente
2868 1035 2931 1074 ac
2975 1020 3238 1090 prephcta
3268 1024 3441 1088 patre,
3469 1031 3502 1070 a

1916 1130 2088 1185 puero
2117 1116 2292 1170 sacris
2322 1114 2520 1168 litteris
2576 1113 2875 1175 eruditum,
2917 1128 3017 1165 nec
3059 1121 3209 1165 sorte
3246 1110 3503 1179 adeptum

1918 1205 2282 1274 principatum
2309 1224 2322 1258 :
2353 1219 2453 1259 nec
2486 1204 2539 1257 vi
2570 1203 2679 1257 ulla
2709 1205 2937 1272 potitum
2973 1218 3140 1271 regno
3170 1201 3238 1254 ad
3270 1215 3329 1255 se
3365 1198 3503 1254 nihil

1919 1297 2193 1360 attinenti,
2233 1295 2327 1351 sed
2357 1297 2509 1365 justo
2547 1295 2722 1365 patris
2753 1296 2963 1363 judicio
2992 1305 3044 1347 et
3093 1294 3184 1348 Dei
3240 1292 3502 1363 sull‘ragio

1919 1397 2147 1458 paterna
2201 1398 2414 1458 sceptra
2453 1397 2831 1442 consecutum.
2877 1385 2975 1440 llic
3001 1402 3095 1440 rex
3135 1394 3253 1440 erat
3280 1383 3504 1441 Jerusa—

1919 1478 2048 1533 lem.
2084 1476 2162 1532 Ne
2187 1478 2290 1532 hoc
2323 1479 2542 1548 quidem
2584 1480 2823 1533 otiosum
2852 1487 2955 1533 est.
3005 1478 3238 1531 Maxime
3278 1477 3503 1547 quidem

1920 1568 2052 1622 facit
2085 1568 2150 1622 ad
2176 1584 2365 1623 eorum
2409 1571 2502 1640 qui
2535 1570 2780 1639 ejusdem
2828 1569 3068 1624 nominis
3096 1576 3224 1625 sunt
3270 1569 3382 1640 99
3417 1568 3503 1623 di-

1921 1661 2306 1728 stinctionem;
2332 1661 2529 1717 deinde
2557 1663 2720 1715 etiam
2761 1662 3064 1715 adhibitum
3114 1668 3200 1715 est
3246 1661 3318 1716 ob
3354 1662 3502 1717 cele-

1922 1752 2146 1806 berrimi
2194 1754 2383 1823 templi
2439 1754 2881 1815 aediﬁcationem,
2931 1760 2991 1807 ut
3030 1761 3222 1807 notum
3268 1754 3503 1810 haberes

1854 1828 1896 1882 Β
1924 1845 2045 1915 ejus
2073 1845 2343 1914 opiﬁcem,
2395 1853 2449 1901 et
2497 1847 2668 1900 totius
2702 1846 2755 1900 in
2772 1846 2936 1900 'urbe
2977 1845 3391 1915 gubernationis
3432 1847 3505 1902 le-

1924 1950 2162 2005 gumque
2192 1943 2246 1988 et
2276 1935 2581 2005 disciplina:
2611 1943 2912 1990 auctorem.
2954 1935 3222 1990 Praeterea
3270 1936 3503 1991 multum

1928 2027 2188 2081 conducit
2218 2034 2278 2081 ut
2311 2028 2516 2082 monita
2549 2029 2945 2097 suscipiantur,
2994 2044 3175 2098 regem
3216 2044 3337 2085 esse
3376 2044 3505 2085 eum

1926 2122 2018 2190 qui
2048 2135 2355 2175 sermonem
2387 2120 2709 2175 conscribit.
2738 2119 2950 2173 Etenim
2984 2122 3029 2175 si
3060 2136 3288 2191 regnum
3335 2123 3506 2177 domi-

1926 2212 2077 2265 nium
2121 2222 2206 2267 est
2240 2210 2563 2281 legitimum,
2602 2212 2950 2280 perspicuum
2993 2220 3078 2266 est
3110 2214 3436 2269 documenta
3472 2228 3504 2267 ι

1928 2317 2054 2371 rege
2082 2302 2206 2355 data
2237 2300 2351 2371 (qui
2383 2302 2590 2356 scilicet
2632 2303 2736 2355 hoc
2777 2302 2999 2356 nomine
3032 2318 3159 2357 vere
3189 2304 3388 2374 dignus
3411 2306 3504 2376 sit)

1925 2394 2201 2464 a-quitatis
2231 2394 2461 2446 multum
2489 2405 2543 2446 et
2569 2392 2709 2461 juris
2734 2392 2970 2459 habere;
2998 2409 3121 2447 cum
3155 2395 3221 2448 ad
3258 2411 3507 2451 commu-

1925 2503 2051 2542 nem
2083 2486 2329 2540 omnium
2363 2485 2649 2539 utilitatem
2697 2493 2966 2554 spectent,
3014 2500 3122 2539 non
3170 2487 3236 2540 ad
3282 2490 3507 2556 privatae

1927 2580 2182 2634 utilitatis
2209 2593 2433 2647 scopum
2475 2576 2802 2631 referantur.
2839 2576 2974 2631 Nam
3008 2587 3274 2648 tyrannus
3317 2594 3348 2633 a
3379 2595 3507 2649 rege

1926 2670 1980 2724 in
2025 2671 2125 2724 hoc
2173 2668 2372 2731 differt,
2414 2668 2560 2739 quod
2605 2670 2694 2724 ille
2736 2670 3081 2743 commodum
3132 2685 3291 2724 suum
3334 2673 3507 2727 unde-

1925 2778 2143 2832 cunque
2171 2761 2406 2815 attendit
2439 2780 2452 2815 :
2487 2761 2576 2814 hic
2601 2776 2728 2814 vero
2760 2760 3102 2815 subditorum
3131 2764 3371 2817 consulit
3395 2763 3508 2818 uti-

1926 2854 2088 2908 litati.
2118 2852 2520 2908 Enumerantur
2548 2861 2729 2907 autem
2757 2862 2810 2906 et
2835 2854 2955 2907 libri
2997 2855 3278 2920 utilitates,
3311 2871 3432 2925 quae
3453 2867 3509 2912 et

1925 2953 2143 3016 quantae
2173 2946 2297 3000 inde
2329 2944 2594 3000 accedant
2623 2944 2986 3000 discentibus.

243 3044 337 3113 τῆς
379 3042 518 3105 ἰδίας
550 3040 824 3111 ὠφελείας
863 3040 1310 3111 συντεταγμέναι.
1358 3040 1530 3093 Τοῦτο
1571 3040 1681 3112 γὰρ
1738 3039 1851 3109 (89)
1884 3037 2131 3110 διαφέρει
2176 3037 2441 3109 τύραννος
2494 3036 2788 3107 βασιλέως,
2829 3038 2910 3090 ὅτι
2985 3040 3013 3092 6
3060 3041 3159 3110 μὲν
3199 3040 3261 3094 τὸ
3312 3042 3508 3099 ἑαυτοῦ

246 3137 586 3208 πανταχόθεν
629 3138 861 3199 σκοπεῖ,
905 3137 934 3189 6
980 3135 1038 3188 δὲ
1087 3136 1148 3188 τὸ
1196 3137 1309 3199 τοῖς
1365 3135 1692 3207 ἀρχομένοις
1752 3134 2029 3204 ὠφέλιμον
2082 3133 2384 3204 ὲκπορίζει.
2461 3132 2882 3204 ’Λπαριθμεῖται
2934 3133 2989 3186 δὲ
3035 3136 3129 3188 καὶ
3180 3136 3248 3189 τὰ
3294 3139 3357 3191 ὲκ
3407 3137 3509 3209 τῆς

245 3233 425 3307 βίϐλου
474 3235 761 3304 χρήσιμα,
812 3232 936 3285 τίνα
967 3233 1062 3284 καὶ
1092 3230 1232 3284 πόσα
1273 3233 1388 3294 τοῖς
1417 3230 1827 3302 διδασκομένοις
1866 3231 2240 3302 προσγίνεται.

305 3350 360 3403 3.
376 3347 494 3402 Kal.
518 3346 740 3417 πρῶτον
756 3345 938 3399 ἐκτῶν
953 3345 1270 3417 Παροιμιῶν
1288 3347 1403 3399 ἐστι
1419 3344 1618 3415 γνῶναι
1635 3345 1823 3415 σοφίαν

1997 3343 2049 3399 5.
2089 3343 2329 3397 Primum
2356 3342 2575 3413 quidem
2606 3341 2929 3411 sapientiam
2957 3350 3012 3396 et
3055 3341 3402 3413 disciplinam
3440 3359 3511 3399 ex

244 3439 335 3493 καὶ
363 3438 637 3493 παιδείαν.
674 3438 831 3490 Ἔστι
855 3437 913 3491 δὲ
948 3438 1109 3506 σοφία
1136 3439 1414 3510 ἐπιστήμη
1444 3437 1604 3491 θείων
1630 3455 1688 3491 τε
1710 3438 1821 3509 (90)

245 3531 333 3583 καὶ
356 3528 723 3601 ἀνθρωπίνων
743 3530 1102 3601 πραγμάτων,
1133 3531 1228 3582 καὶ
1250 3529 1356 3584 τῶν
1379 3529 1590 3593 τούτοις
1614 3529 1820 3581 αἰτιῶν.

255 3621 311 3674 ’0
350 3617 446 3677 οὖν
470 3622 588 3693 (91)
635 3621 1105 3703 ἐπιτετευγμένως
1134 3622 1399 3691 θεολογῶν
1437 3623 1578 3691 έγνω
1613 3623 1825 3692 σοφίαν,

246 3712 318 3774 ὡς
344 3712 442 3765 καὶ
486 3713 518 3764 6
564 3711 838 3781 μακάριος
868 3710 1078 3774 Παῦλος
1107 3710 1286 3779 λέγει·
1335 3710 1563 3779 Σοφίαν
1602 3708 1671 3761 δὲ
1703 3712 1826 3762 λα-

244 3801 472 3871 λοῦμεν
493 3800 568 3854 ἐν
604 3799 733 3866 τοῖς
758 3800 1036 3866 τελείοις-ο
1070 3800 1294 3869 σοφίαν
1327 3798 1397 3851 δὲ
1430 3801 1501 3852 οὐ
1542 3797 1646 3851 τοῦ
1686 3796 1821 3853 αἰῶ-

242 3910 348 3959 νος
379 3894 625 3955 τούτου,
662 3892 808 3946 οὐδὲ
828 3891 945 3945 τῶν
970 3893 1279 3960 ἀρχόντων
1306 3891 1412 3946 τοῦ
1444 3889 1657 3957 αἰῶνος
1688 3889 1824 3944 τού-

246 4004 349 4041 του
380 3985 505 4040 τῶν
536 3984 1037 4054 καταργουμένων
1056 4001 1069 4013 ·
1117 3983 1280 4038 ἀλλὰ
1313 3983 1619 4051 λαλοῦμεν
1677 3980 1826 4035 Θεοῦ

247 4081 473 4149 σοφίαν
507 4079 583 4131 ἐν
615 4077 961 4145 μυστηρίῳ,
1000 4074 1114 4142 τὴν
1145 4073 1708 4143 ἀποκεκρυμμένην,
1747 4072 1828 4139 ἦν

250 4169 589 4240 προώρισεν
613 4171 646 4222 ό
677 4166 822 4233 Θεὸς
854 4166 966 4234 πρὸ
993 4166 1112 4219 τῶν
1141 4166 1386 4222 αἰώνων.
1426 4165 1537 4219 Καὶ
1577 4167 1605 4219 6
1636 4168 1697 4218 ἐκ
1727 4166 1827 4236 τῆς

247 4261 342 4316 τοῦ
373 4262 589 4333 κόσμου
617 4260 676 4313 δὲ
721 4256 1062 4328 κατασκευῆς
1109 4257 1200 4311 τὸν
1242 4257 1568 4329 δημιουργὸν
1608 4256 1824 4323 ἐννοῶν,

1926 3436 2215 3491 Parmmiis
2250 3451 2582 3506 cognoscere
2633 3434 2829 3488 licet“.
2889 3432 2983 3486 Est
3039 3435 3186 3488 enim
3242 3434 3510 3503 sapientia

1930 3525 2160 3581 scicntia
2191 3525 2497 3579 divinarum
2529 3539 2593 3578 ac
2622 3524 2984 3577 humanarum
3008 3532 3285 3585 rerum,et
3315 3538 3511 3578 causa-

1932 3633 2052 3672 rum
2082 3617 2418 3671 earumdem.
2477 3617 2580 3682 Qui
2618 3617 2783 3686 igitur
2827 3616 3111 3686 theologia:
3156 3616 3250 3668 dat
3288 3631 3511 3684 operam

1933 3711 2035 3764 rite
2070 3725 2132 3763 ac
2160 3709 2411 3774 feliciter,
2464 3708 2616 3762 novit
2661 3708 3014 3779 sapientiam,
3073 3708 3149 3761 uti
3205 3715 3263 3761 et
3315 3709 3510 3761 beatus

1929 3800 2131 3856 Paulus
2163 3802 2296 3855 dicit
2325 3821 2337 3854 :
2370 3800 2697 3869 Sapientiam
2730 3811 2903 3853 autem
2938 3800 3201 3870 loquimur
3235 3801 3372 3854 inter
3390 3816 3511 3869 per-

1931 3893 2091 3961 fectos
2122 3908 2141 3945 :
2183 3893 2497 3961 sapientiam
2559 3909 2676 3946 vero
2732 3908 2834 3944 non
2888 3892 3072 3946 swculi
3118 3891 3297 3958 hujus,
3350 3906 3512 3962 neque

1931 3988 2234 4055 principum.
2253 3985 2410 4055 hujus
2437 3986 2639 4040 sa’culi.
2659 3986 2748 4055 qui
2791 3983 3137 4038 destruantur
3170 4000 3187 4037 :
3216 3984 3305 4037 sed
3339 3982 3509 4053 loqui-

1935 4094 2053 4132 mur
2074 4077 2171 4131 Dei
2201 4078 2512 4155 sapientiam
2539 4079 2592 4130 in
2624 4079 2894 4148 mysterio,
2924 4093 3041 4147 qua:
3071 4074 3381 4130 abscondita
3409 4082 3509 4136 est,

1931 4186 2088 4239 quam
2116 4170 2510 4239 pra'destinavit
2551 4169 2692 4223 Deus
2724 4180 2847 4223 ante
2878 4170 3145 4224 macula".
3185 4169 3292 4223 Sed
3321 4180 3375 4223 et
3415 4170 3511 4239 qui

1933 4273 2000 4313 ex
2033 4258 2220 4313 mundi
2256 4265 2532 4314 structura
2574 4259 2823 4329 opiﬁcem
2875 4259 3210 4323 considerat,
3262 4261 3413 4314 novit
3457 4265 3512 4313 et

320 4437 365 4468 ⁸⁷
403 4436 475 4491 ιιι
506 4435 647 4508 Reg.
685 4450 763 4501 ιν,
797 4433 895 4499 29,
931 4434 1020 4490 50.
1096 4433 1141 4466 ⁸⁸
1178 4432 1339 4488 Prov.
1376 4449 1429 4501 ι,
1466 4432 1523 4491 2.
1597 4433 1643 4466 ⁸⁸
1683 4432 1703 4486 l
1735 4434 1823 4490 σοι

1927 4450 1973 4499 ι,
2008 4434 2078 4500 6,
2113 4435 2166 4490 7.

324 4596 435 4667 (84)
458 4593 625 4667 Modo
640 4589 1339 4667 §a10ptbvuaut2almptbm
1362 4589 1524 4667 modo
1552 4587 1825 4658 Σολομὼν,
1860 4592 1905 4648 D

252 4669 311 4723 in
333 4659 585 4733 antiquis
616 4664 770 4718 libris
787 4659 1226 4733 scribitur-avos
1249 4661 1512 4733 ᾁρχαίων,
1539 4674 1661 4729 qua:
1701 4676 1829 4715 mox

253 4730 615 4807 sequiturﬁn
645 4749 792 4807 mss._
817 4731 1229 4807 combeﬁsianis
1255 4730 1426 4784 deest.

328 4799 441 4876 (85)
473 4805 621 4859 Editi
668 4804 843 4875 ἀρχὴν
883 4800 1081 4872 λαχών.
1133 4799 1358 4855 Veteres
1409 4801 1651 4871 quinque
1693 4799 1828 4855 libri

253 4879 427 4949 ἀρχὴν
457 4876 691 4949 491w»-

328 4940 443 5017 (86)
471 4940 707 5017 ιὶιῖὴοο,
731 4942 851 4997 loco
894 4940 1334 5017 habentyeteres
1387 4948 1500 4994 tum
1540 4955 1703 5017 manu
1730 4955 1827 4994 ex-

259 5011 549 5078 arandum
580 5014 726 5086 typis
766 5011 955 5086 excusi
1004 5012 1148 5086 libri,
1172 5026 1304 5086 cum
1344 5018 1533 5086 tamen
1563 5012 1839 5086 aliquanto

259 5097 381 5142 ante
422 5088 477 5139 in
531 5080 893 5139 iis'omnibus
942 5082 1204 5151 scriptum
1262 5082 1333 5134 sit
1382 5081 1439 5152 ἐν
1500 5080 1736 5152 Ἰσραήλ,
1780 5080 1837 5132 in

259 5155 450 5211 Israel.
480 5155 626 5224 Lege
653 5167 820 5224 unam
842 5158 1028 5224 notam
1050 5166 1080 5206 e
1110 5151 1516 5224 superioribus.

327 5227 436 5297 (87)
462 5217 712 5297 Codices
730 5221 1122 5297 Combelisiani
1159 5217 1315 5297 πόλιν
1341 5220 1668 5290 οἰκοδομίας.
1691 5217 1834 5273 Editi

252 5305 313 5349 et
335 5290 449 5351 duo
475 5294 779 5350 Colbertini
817 5290 1152 5361 οἰκονομίας,
1187 5292 1409 5361 rectius.

350 5369 439 5430 88)
474 5365 566 5420 Sic
590 5381 727 5420 mss.
757 5377 873 5416 non
901 5359 1081 5430 pauci.
1102 5361 1248 5430 lllud
1281 5363 1335 5412 ai
1368 5360 1553 5414 deerat
1587 5359 1644 5414 in
1681 5360 1831 5429 vulg.

350 5371 417 5421 88
474 5371 566 5420 Sic
590 5381 727 5420 mss.
757 5377 873 5416 non
901 5371 1081 5430 pauci.
1116 5371 1248 5413 Illud
1281 5371 1335 5412 αι
1368 5371 1553 5414 deerat
1587 5375 1644 5414 in
1681 5371 1831 5429 vulg.

350 5371 439 5511 89;
465 5436 607 5511 Editi
637 5445 690 5511 et
722 5434 835 5511 duo
866 5447 1003 5511 mss.
1214 5431 1341 5511 γᾴρ.
1370 5430 1472 5511 Alii
1505 5431 1615 5483 duo
1638 5430 1835 5511 τούτῳ,

260 5501 359 5561 nec
410 5501 563 5561 valde
612 5503 914 5561 admodum
956 5501 1150 5555 dubito
1197 5504 1329 5569 quin
1384 5508 1676 5569 utrumque
1728 5501 1835 5553 dici

262 5581 445 5647 possit.
487 5579 786 5647 Aliquanto
818 5580 950 5642 post
993 5570 1127 5642 Reg.
1160 5572 1370 5640 primus
1401 5573 1595 5623 σκοπεῖ
1648 5570 1832 5641 μόνον,

261 5651 477 5704 attendit
512 5649 803 5701 duntaxat.

329 5718 444 5802 (ρο),
483 5719 681 5773 Addita
729 5721 819 5772 est
864 5712 1066 5768 vocula
1098 5727 1159 5764 τε
1188 5710 1459 5768 extribus
1502 5710 1834 5769 Colbertinis

260 5789 554 5847 codicibus.

2005 4586 2118 4659 (9i)
2140 4587 2393 4653 Dircaeus,
2418 4604 2580 4659 quem
2608 4587 2969 4663 Gombelisius
2992 4591 3175 4663 ingsuo
3199 4588 3517 4663 Ecclesiaste

1934 4654 2123 4714 Graeco
2148 4668 2372 4714 secutus
2402 4654 2508 4723 est,
2541 4661 2855 4730 suspicatur
2882 4654 3169 4730 legendum
3196 4658 3516 4728 ἐπιτεταμέ-

1934 4745 2061 4793 νως,
2112 4729 2430 4783 vehementer
2484 4725 2792 4783 admodum.
2836 4725 2959 4785 Sed'
2988 4725 3170 4785 tainen
3205 4744 3328 4783 cum
3376 4725 3512 4785 mss.

1934 4805 1990 4852 et
2041 4800 2173 4853 editi
2217 4807 2543 4869 constanter,
2574 4798 2813 4854 habeant
2860 4799 3347 4869 ἐπιτετευγμένως,
3387 4812 3515 4869 eam

1933 4882 2127 4939 vocem
2160 4869 2500 4924 retinendam
2527 4868 2767 4937 judicavi
2804 4890 2815 4923 :
2851 4885 2916 4923 co
2959 4866 3163 4939 magis,
3201 4868 3347 4939 quod
3387 4866 3517 4939 huic

1939 4936 2060 5007 loco
2094 4953 2202 4993 non
2234 4940 2373 4993 male
2409 4936 2720 4993 conveniat.
2746 4938 2877 4992 Nam
2909 4936 3377 5007 ἐπιτετευγμένως
3399 4936 3520 4990 θεο-

1941 5006 2118 5076 λογεῖν
2160 5016 2243 5064 est
2292 5009 2831 5080 studere__theologiae
2877 5024 2998 5062 cum
3024 5006 3420 5080 _eo_sju¢cessu,
3456 5016 3518 5080 ut

1940 5092 2058 5131 eam
2092 5091 2470 5148 assequamur.
2504 5077 2658 5133 Unus
2685 5077 2853 5148 codex
2888 5077 3131 5148 Combei‘.
3155 5078 3520 5148 ἐπιτεταγμέ-

1940 5164 2065 5210 νως,
2090 5146 2444 5202 τεειοόνάίηε
2474 5164 2537 5200 ac
2568 5150 2684 5203 rite.
2705 5147 2822 5203 Jam
2847 5146 2991 5216 quod
3021 5148 3085 5201 ad
3115 5148 3235 5216 ejus
3256 5147 3358 5216 loci
3391 5146 3519 5201 sen-

1939 5218 2165 5271 tentiam
2212 5220 2467 5287 pertinet,
2516 5227 2669 5287 putat
2713 5221 2795 5271 vir
2832 5214 3522 5287 eruditissimus_Combe-

1939 5288 2112 5352 ﬁsius,
2139 5285 2458 5356 sapientiam
2484 5285 2647 5357 quam
2691 5290 2720 5341 6
2750 5285 3521 5357 émtstsuyuévwgbeokoyév

1940 5355 2242 5427 cognoscit,
2274 5355 2519 5411 Verbuui
2548 5367 2812 5427 aeternum
2863 5371 2987 5410 esse
3018 5355 3247 5409 :‘mundi
3272 5370 3401 5427 vero
3431 5371 3520 5409 sa-

1942 5426 2223 5496 pientiam,
2255 5443 2350 5497 per
2379 5442 2540 5497 quam
2588 5426 2753 5480 [leum
2795 5428 3181 5496 cognoscimus
3212 5441 3279 5480 ex
3306 5426 3522 5497 iisquae

1941 5500 2083 5551 facta
2134 5496 2284 5563 sunt,
2336 5496 2472 5551 nihil
2531 5498 2677 5550 aliud
2729 5512 2872 5559 esse,
2923 5511 3085 5565 quam
3139 5496 3522 5566 primordiale:

1940 5568 2203 5636 quasdam
2257 5569 2523 5632 rationes,
2559 5567 2859 5621 secundum
2893 5582 3032 5636 quas
3063 5581 3151 5622 res
3182 5582 3211 5618 a
3237 5566 3346 5621 Deo
3369 5579 3524 5620 ema-

1939 5646 2176 5703 narunt;
2210 5636 2518 5706 faleturquc
2551 5637 2824 5705 ejusmodi
2859 5638 3182 5707 sapientiam
3209 5651 3334 5691 esse
3364 5649 3523 5690 creu-

1938 5716 2072 5765 tam.
2098 5707 2263 5763 Plura
2307 5708 2401 5779 qui
2430 5708 2603 5779 cupit,
2638 5713 2824 5763 notam
2858 5707 3169 5765 Combellsii
3205 5707 3367 5781 legat.
