4036 6236
440 266 541 322 591

1794 260 1851 317 S.
1888 258 2134 314 BASILII
2174 254 2392 311 MAGNI

3607 263 3717 318 592

436 386 553 454 ipse
579 382 747 437 Deum
790 397 886 452 per
918 381 1102 435 mundi
1143 382 1489 452 sapientiam.
1550 381 1852 437 Invisibitia
1884 386 2021 437 enim

2147 382 2267 450 ζγνω
2291 380 2386 433 καὶ
2412 378 2573 442 αὐτὸς
2606 378 2694 432 διὰ
2727 379 2829 448 τῆς
2852 377 2947 431 τοῦ
2979 378 3186 448 κόσμου
3224 379 3415 448 σοφίας
3444 381 3534 432 τὸν
3558 382 3714 439 Θεόν.

435 477 623 543 ipsius,
660 492 692 527 α
716 477 991 546 creatione
1008 475 1211 537 mundi,
1246 490 1336 542 per
1358 491 1419 527 ea
1454 491 1571 544 qua:
1598 475 1743 545 facta
1783 486 1903 528 sunt
1944 477 2026 528 in—

438 564 667 629 tellecta,
691 564 1158 632 conspiciuntur".
1190 563 1431 620 Adducit
1478 576 1660 620 autem
1690 583 1790 622 nos
1828 566 1895 621 ad
1930 566 2024 620 Dei

436 658 826 727 cognitionem,
877 673 1002 710 eum
1058 657 1191 710 dicit
1224 676 1235 710 :
1267 656 1402 711 Deus
1466 659 1732 724 sapientia
1782 658 2026 727 fundavit

438 760 655 805 terram.
695 749 824 803 Item
857 769 868 803 :
906 749 1134 814 Quando
1180 749 1519 818 prwparabat
1558 751 1764 815 cadum,
1814 766 1934 803 cum
1969 768 2028 803 eo

436 840 630 894 eram"
651 858 666 905 ;
690 848 743 894 et
775 860 788 895 :
816 839 978 893 Eram
1010 841 1149 909 apud
1174 843 1343 910 ipsum
1362 854 1614 909 coaptans
1640 853 1724 906 ;et
1742 860 1834 914 ego
1859 859 2027 905 erant,

438 951 542 1003 qua
586 932 1022 986 delectabatur".
1056 931 1190 986 Nam
1236 933 1505 1001 effingens
1545 935 1708 988 nobis
1752 935 2033 1003 sapientiae

439 1039 757 1093 personam.
789 1024 903 1077 luce
937 1024 1123 1077 omnia
1175 1023 1242 1077 de
1283 1040 1344 1077 ea
1387 1026 1618 1093 profert,
1665 1032 1725 1079 ut
1762 1027 2032 1095 cognitio-

438 1133 561 1171 nem
589 1117 709 1187 ejus
744 1117 946 1170 claram
979 1132 1042 1170 ac
1072 1116 1428 1185 conspicuam
1476 1116 1684 1170 reddat.
1702 1116 1777 1170 Ac
1808 1118 2034 1171 omnino

440 1210 573 1263 illud
602 1230 614 1263 :
654 1209 907 1261 Dominus
944 1209 1142 1261 crearit
1167 1226 1246 1262 me
1275 1209 1481 1261 initium
1508 1211 1712 1261 viarum
1741 1213 2032 1275 suarum",

439 1302 507 1357 de
543 1303 809 1371 sapientia
847 1302 899 1353 in
933 1303 1139 1355 mundo
1185 1311 1482 1372 apparenle
1518 1304 1653 1357 dicit
1687 1322 1701 1358 :
1733 1320 1857 1374 qua:
1904 1322 2036 1362 voce

2132 476 2209 527 Τὰ
2246 471 2358 541 γὰρ
2400 471 2623 540 ἀόρατα
2650 471 2837 525 αὑτοῦ
2883 471 3003 525 ἀπὸ
3042 473 3293 538 κτίσεως
3322 475 3553 543 κόσμου
3592 478 3722 544 τοῖς

2129 565 2420 634 ποιήμασι
2473 565 2773 634 νοούμενα
2834 563 3176 632 καθορᾶται.
3236 566 3603 637 Προσϐιϐάζει
3660 569 3723 624 δὲ

2129 659 2277 729 ἡμᾶς
2313 660 2380 730 τῇ
2420 658 2547 728 περὶ
2585 657 2719 710 Θεοῦ
2755 657 2935 727 ἐννοίᾳ
2962 656 3109 729 (92),
3152 657 3219 710 δι’
3276 651 3351 711 ὧν
3402 676 3600 728 φησιν·
3657 660 3723 714 Ὀ

2133 749 2275 816 Θεὸς
2300 749 2372 818 τῇ
2402 750 2589 818 σοφίᾳ
2613 749 2974 819 ἐθεμελίωσε
3002 749 3119 817 τὴν
3141 749 3257 820 γῆν
3276 765 3289 779 ⁸
3322 753 3416 805 καὶ
3440 752 3523 814 τὸ,
3571 752 3724 806 Ήνίο

2133 859 2211 896 κα
2254 840 2529 911 rita/trade
2580 840 2688 895 τὸν
2731 843 3020 908 οὲῃοανὸν,
3072 843 3481 912 συμπαρήμην
3516 843 3681 909 αὐτῷ
3706 863 3720 876 ·

2135 935 2229 987 καὶ
2258 933 2340 996 τὸ,
2379 935 2578 1002 ’Ἡμην
2598 933 2733 1001 παρ’
2762 931 2924 998 αὐτῷ
2946 932 3284 1002 ἁρμόζουσα
3304 951 3317 963 ’
3346 933 3509 1004 κάγὼ
3535 934 3724 1004 ἢμην,

2136 1024 2174 1093 ᾗ
2201 1024 2583 1094 προσέχαιρε.
2617 1024 2802 1077 Ταῦτα
2840 1022 2950 1095 γὰρ
2979 1025 3191 1089 πάντα,
3229 1028 3729 1096 προσωποποιήσας

2136 1116 2266 1185 ἡμῖν
2291 1114 2388 1186 τὴν
2413 1116 2626 1183 σοφίαν,
2660 1116 2800 1185 ὑπὲρ
2832 1112 2927 1168 τοῦ
2961 1115 3209 1187 ἐναργῶς
3234 1117 3406 1185 αὐτῆς
3437 1117 3729 1188 παραστῆ-

2138 1223 2226 1259 σαι
2251 1208 2350 1277 τὴν
2382 1206 2584 1275 γνῶσιν
2606 1248 2620 1271 ,
2650 1208 2745 1260 ἀπ’
2778 1207 2950 1277 αὐτῆς
2972 1207 3304 1275 διαλέγεται.
3340 1209 3450 1261 Καὶ
3471 1209 3609 1273 ὅλως
3639 1210 3727 1273 τὸ,

2135 1300 2348 1367 Κύριος
2385 1297 2588 1353 ἐκτισέ
2635 1316 2713 1368 με
2740 1299 2852 1368 (95)
2887 1298 3087 1367 ἀρχὴν
3124 1298 3281 1353 ὁδῶν
3331 1300 3550 1364 αὑτοῦ,
3595 1300 3732 1372 περὶ

439 1412 538 1466 per
577 1412 638 1451 ea
668 1412 788 1466 quae
814 1395 1071 1449 videntur
1093 1404 1303 1449 tantum
1332 1411 1442 1449 non
1472 1398 1695 1464 emissa,
1730 1400 2037 1453 conclamat

2147 1389 2235 1473 ﬁs
2274 1389 2682 1459 ἐμφαινομένης
2718 1389 2906 1458 σοφίας
2928 1389 3005 1459 τῷ
3029 1388 3220 1460 κόσμῳ
3249 1392 3382 1459 φησὶ⁴
3401 1430 3416 1454 ,
3447 1393 3735 1463 μονονουχὶ

443 1488 641 1542 factam
680 1504 739 1542 se
788 1504 910 1541 esse
947 1504 976 1540 ιι
1044 1489 1173 1544 Deo.
1200 1505 1308 1542 non
1349 1498 1532 1543 autem
1566 1489 1620 1544 in
1654 1491 1720 1545 iis
1754 1507 1874 1561 quae
1906 1507 2039 1547 con-

2147 1477 2324 1549 φωνὴν
2356 1479 2609 1548 ἀφιείσης
2650 1478 2738 1530 διὰ
2766 1477 2874 1531 τῶν
2916 1477 3210 1549 ὁρωμένων
3230 1519 3245 1542 ,
3290 1480 3373 1532 ὅτι
3404 1481 3556 1551 παρὰ
3589 1480 3731 1535 Θεοῦ

440 1580 553 1633 dita
585 1588 732 1646 sunt,
762 1581 1089 1650 sapientiam
1118 1589 1324 1633 tantam
1355 1597 1488 1636 casu
1511 1583 1777 1637 relucere.
1806 1582 2038 1638 Utenim

2147 1569 2332 1638 γέγονε
2357 1609 2373 1635 ,
2422 1570 2517 1623 καὶ
2566 1570 2666 1622 οὐκ
2717 1571 3039 1643 αὐτομάτως
3082 1571 3116 1640 ἡ
3154 1570 3391 1640 τοσαύτη
3428 1571 3587 1639 σοφία
3614 1575 3735 1636 τοῖς

440 1668 850 1726 leienarrant
905 1674 1133 1742 gloriam
1180 1672 1299 1738 Dei,
1319 1683 1368 1726 et
1408 1689 1566 1742 opera
1622 1692 1874 1729 manuum
1927 1676 2039 1745 ejus

2147 1660 2582 1715 ἀποτελεσθεῖσαν
2612 1661 2909 1731 ἐμπρέπει.
2993 1662 3080 1725 Ὠς
3121 1660 3230 1731 γὰρ
3277 1663 3338 1713 Οἱ
3372 1660 3612 1727 οὐρανοὶ
3643 1659 3738 1713 δι-

442 1764 724 1817 unnnntiat
742 1766 1135 1831 ﬁrmamentum
1157 1766 1404 1830 (narrant
1435 1775 1617 1821 autem
1637 1768 1846 1837 absque
1861 1770 2036 1837 voce);

2147 1752 2429 1822 ηγοῦνται
2458 1752 2648 1815 δόξαν
2674 1753 2821 1806 Θεοῦ
2849 1792 2864 1813 ,
2921 1751 3020 1806 καὶ
3049 1753 3300 1821 ποίησιν
3352 1751 3470 1806 τῶν
3515 1753 3737 1823 χειρῶν

442 1871 546 1907 non
578 1866 699 1909 sunt
723 1857 867 1910 enim
904 1857 1145 1926 quuelw,
1177 1874 1338 1926 neque
1370 1876 1660 1921 sermones,
1695 1876 1917 1929 quorum
1937 1877 2041 1914 non

442 1946 735 2001 audiuntur
754 1966 900 2003 voces
920 1950 1151 2003 eorum”
1188 1970 1198 2004 :
1236 1952 1310 2004 ita
1344 1953 1566 2021 quidam
1591 1953 2043 2022 lOOsermones

443 2048 573 2092 sunt
605 2049 657 2094 et
694 2041 844 2096 illius
874 2043 1161 2111 sapientia:
1212 2043 1571 2113 primigenia,
1632 2046 1795 2113 cujus
1840 2043 2041 2098 funda-

443 2141 690 2186 mentum
711 2143 840 2188 ante
866 2136 1077 2205 reliqua
1109 2136 1379 2190 inmundi
1413 2137 1632 2206 opiﬁcio
1654 2153 1765 2190 una
1792 2153 1919 2192 cum
1954 2152 2044 2193 re-

442 2225 548 2281 bus
600 2228 801 2281 creatis
833 2228 1040 2295 jactum
1078 2238 1180 2283 est.
1220 2227 1347 2282 llaec
1388 2238 1577 2283 tacens
1610 2228 1811 2281 clamat
1856 2227 2046 2282 condi-

443 2326 618 2371 torem
656 2335 720 2373 ac
752 2319 1043 2373 Dominum
1078 2336 1263 2383 suum,
1300 2328 1359 2373 ut
1401 2336 1498 2391 per
1528 2320 1703 2390 ipsam
1735 2321 1805 2376 ad
1849 2320 2043 2390 cogni-

441 2408 647 2463 tionem
681 2410 821 2479 ejus,
848 2409 943 2479 qui
976 2410 1130 2465 solns
1151 2410 1373 2481 sapiens
1402 2420 1508 2473 est,
1551 2394 1829 2467 recurras.

518 2584 567 2638 4.
603 2585 697 2638 Est
726 2594 781 2639 et
803 2583 1041 2638 humana
1073 2584 1321 2654 quaalam
1351 2585 1641 2655 sapientia,
1680 2586 1798 2656 ipsa
1833 2587 2044 2647 scilicet

444 2689 630 2730 rerum
654 2674 719 2728 ad
748 2675 911 2728 vitam
944 2676 1671 2744 attinentiumexperientia,
1692 2676 1852 2745 juxta
1876 2693 2043 2747 quant

447 2768 729 2837 sapientes
763 2766 1005 2820 dicimus
1033 2782 1151 2829 eos,
1189 2766 1285 2837 qui
1332 2767 1535 2819 artium
1574 2767 1898 2836 quarumvis
1940 2770 2047 2823 uti-

446 2861 579 2912 lium
617 2858 774 2928 periti
832 2868 980 2913 sunt.
1037 2857 1382 2929 Quapropter
1422 2857 1588 2911 etiam
1641 2858 1878 2928 scriptor
1927 2874 2047 2921 mas

447 2967 608 3022 gnam
641 2952 763 3005 libri
798 2960 1010 3020 partem
1043 2952 1097 3005 in
1128 2952 1180 3005 id
1204 2952 1524 3021 insumpsit,
1553 2951 1695 3005 ntad
1721 2953 2044 3022 sapientiam

448 3045 857 3097 exhortaretur.
886 3041 1160 3110 Sapientia
1198 3043 1250 3096 in
1281 3043 1511 3097 exitibus
1553 3045 1760 3097 viarum
1791 3046 2029 3108 canitur,

448 3137 505 3189 in
544 3137 737 3206 plateis
788 3146 964 3189 autem
1016 3152 1137 3188 cum
1172 3135 1415 3195 libertate
1462 3139 1591 3207 agit,
1639 3146 1689 3191 et
1724 3140 1778 3191 in
1823 3139 2042 3192 summis

449 3226 704 3280 nicenibus
743 3228 1136 3294 prtedicatur”.
1179 3228 1315 3281 Cum
1346 3229 1491 3282 enim
1536 3229 1715 3283 videat
1763 3230 2081 3283 hominum~

450 3318 506 3371 in
536 3332 595 3372 se
629 3319 896 3381 studium,
930 3334 1141 3388 nosque
1172 3334 1366 3374 omnes
1409 3321 1530 3389 ejus
1562 3321 1910 3391 splendorem
1944 3337 2045 3374 na-

450 3410 704 3464 turaliter
730 3425 936 3475 amare,
972 3428 1067 3480 per
1093 3413 1379 3480 sapientia:
1421 3413 1612 3468 laudes
1644 3414 1858 3468 animas
1898 3415 2048 3469 exci-

452 3509 532 3555 tat
576 3500 642 3555 ad
679 3517 799 3555 eam
853 3502 1083 3572 impigre
1134 3503 1536 3574 diligenterque
1580 3505 2043 3574 consequendam.

454 3593 774 3649 Sermonem
812 3594 986 3664 ipsius
1023 3595 1223 3664 ubique
1264 3596 1497 3650 multum
1538 3612 1661 3652 esse
1709 3598 1785 3649 ait
1815 3599 1870 3651 in
1920 3598 2044 3663 viis,

452 3684 509 3738 in
543 3683 682 3750 foro,
720 3685 775 3739 in
824 3686 1047 3741 arcibus
1096 3686 1363 3741 civitatis.
1412 3686 1622 3742 ldeirco
1653 3688 1790 3743 dicit
1834 3697 2043 3757 portas,

453 3777 776 3848 plateasque
810 3787 865 3833 et
903 3761 1127 3843 moe'nia,
1166 3780 1247 3834 sic
1283 3791 1343 3833 ut
1376 3796 1475 3850 per
1507 3782 1690 3836 exitus
1730 3783 1951 3852 quidem
1983 3797 2048 3835 ac

454 3871 663 3940 plateas
703 3872 1009 3926 claritatem
1054 3872 1173 3940 ejus
1207 3873 1415 3928 indicet
1451 3891 1463 3927 :
1496 3889 1594 3943 per
1645 3875 1847 3927 moenia
1893 3888 2045 3933 vero.

456 3964 747 4018 utilitatem
786 3963 1032 4032 ejusdem
1057 3980 1122 4017 ac
1153 3971 1375 4026 ctetera,
1409 3980 1532 4035 qua:
1565 3964 1634 4019 ad
1672 3958 1890 4020 omnem
1923 3967 2048 4020 vita:

452 4055 806 4108 securitatem
855 4053 1154 4109 sufﬁciant.
1202 4054 1269 4110 Et
1303 4072 1428 4111 cum
1470 4058 1634 4111 vellet
1672 4073 1776 4113 nos
1822 4058 1872 4112 ei
1909 4072 2047 4111 con-

455 4144 744 4199 suetudine
773 4159 836 4198 ac
867 4146 1276 4200 necessitudine
1292 4146 1803 4218 conjungere:Dic,
1847 4149 2045 4217 inquit,

455 4236 772 4305 sapientiam
821 4247 967 4289 tuam
1013 4253 1249 4291 sororem
1298 4241 1480 4293 esse".
1515 4224 1593 4294 Ae
1647 4238 2045 4294 rursus:Ama

452 4336 655 4390 eam,et
682 4327 908 4380 servabit
943 4328 1058 4380 te".
1089 4327 1298 4383 Deinde
1338 4344 1686 4385 communem
1732 4331 1906 4401 ipsius
1938 4332 2045 4384 uti-

2144 1843 2329 1898 αὐτοῦ
2391 1843 2749 1914 ἀναγγέλλει
2807 1842 2873 1897 τὸ
2926 1843 3231 1913 στερέωμα
3283 1844 3614 1917 (διηγοῦνται
3673 1846 3737 1899 δὲ

2145 1936 2272 1991 ἄνευ
2307 1938 2510 2009 φωνῆς)
2533 1954 2545 1969 ι
2587 1939 2659 1990 οὺ
2688 1938 2796 2008 γάρ
2830 1938 2947 1990 εἱσι
2969 1936 3176 1992 λαλιαὶ
3195 1979 3210 2003 ,
3237 1937 3380 1991 οὐδὲ
3412 1939 3580 2008 λόγοι
3599 1977 3613 2001 ,
3643 1932 3741 1992 ὧν

2144 2029 2281 2099 οὐχὶ
2314 2030 2635 2083 ἀκούονται
2660 2029 2771 2099 (94)
2812 2032 2871 2082 αἱ
2919 2030 3110 2097 φωναὶ
3144 2029 3343 2085 αὐτῶν
3366 2045 3377 2059 ·
3420 2030 3589 2094 οὕτως
3622 2029 3740 2082 εἰσί

2145 2137 2289 2184 τινες
2317 2120 2411 2173 καὶ
2446 2121 2639 2189 σοφίας
2673 2120 2820 2187 λόγοι
2848 2118 2949 2189 τῆς
2988 2118 3283 2191 ἁρχεγόνου
3305 2160 3319 2184 ,
3354 2120 3452 2190 τῆς
3488 2121 3594 2191 πρὸ
3622 2121 3741 2175 τῶν

2145 2212 2319 2267 ἄλλων
2348 2214 2406 2265 ἐν
2437 2215 2503 2283 τῇ
2529 2212 2592 2283 δη
2601 2212 2861 2283 μιουργίᾳ
2887 2210 3422 2282 συγκαταὸληθείσης
3444 2215 3509 2282 τῇ
3535 2211 3740 2267 κτίσει.

2146 2302 2294 2375 Αὕτη
2328 2303 2592 2356 σιωπῶσαι
2623 2302 2720 2373 βοᾷ
2752 2304 2842 2357 τὸν
2872 2304 3072 2373 ἑαυτῆς
3115 2302 3338 2372 κτίστην
3371 2303 3465 2355 καὶ⁵
3505 2302 3743 2374 Κύριον,

2148 2397 2235 2451 ἵνα
2265 2397 2332 2449 δι’
2366 2396 2536 2468 αὐτῆς
2572 2396 2890 2468 ἁναδρὰμῃς
2925 2397 3018 2448 ἐπὶ
3060 2394 3155 2467 τὴν
3198 2395 3406 2449 ἔννοιαν
3443 2394 3535 2446 τοῦ
3569 2396 3742 2466 μόνου

2149 2490 2339 2557 σοφοῦ.

2218 2582 2272 2634 4.
2303 2582 2459 2635 Ἐστι
2491 2581 2550 2634 δέ
2583 2599 2671 2644 τις
2706 2581 2799 2634 καὶ
2831 2580 3147 2652 ἀνθρωπίνη
3182 2581 3375 2649 σοφία·
3406 2581 3439 2651 ἡ
3472 2580 3745 2651 ἐμπειρία

2147 2673 2255 2727 τῶν
2291 2673 2434 2727 κατὰ
2481 2674 2574 2726 τὸν
2617 2673 2729 2744 βίον
2770 2674 3136 2745 πραγμάτων,
3172 2674 3292 2727 καθ’
3330 2673 3397 2742 ἦν
3430 2673 3626 2742 σοφοὺς
3656 2672 3748 2725 λέ-

2147 2783 2319 2836 γομεν
2348 2767 2476 2829 τοὺς
2506 2766 2628 2819 καθ’
2663 2765 2901 2837 ἑκάστην
2930 2766 3040 2818 τῶν
3067 2766 3359 2835 ὠφελίμων
3390 2764 3593 2835 τεχνῶν
3616 2766 3747 2816 ἐπι-

2150 2859 2442 2927 στήμονας.
2474 2858 2675 2930 Διόπερ
2709 2860 2803 2911 καὶ
2831 2859 2893 2911 τὸ
2926 2858 3059 2912 πολὺ
3089 2859 3186 2929 τῆς
3218 2858 3399 2927 βίϐλου
3432 2859 3488 2909 ἐν
3518 2859 3587 2928 τῇ
3610 2857 3748 2927 περὶ

2148 2950 2245 3017 τῆς
2302 2949 2494 3017 σοφίας
2542 2952 2826 3021 προτροπῇ
2876 2948 2955 3020 τῷ
3004 2952 3312 3020 συγγραφεῖ
3337 2949 3743 3003 κατανάλωται.

2149 3041 2337 3108 Σοριά
2368 3041 2438 3093 ἐν
2483 3041 2717 3108 ἐξόδοις
2754 3042 3023 3112 ὑμνεῖται
3046 3042 3180 3113 (95),
3210 3042 3279 3095 ἐν
3317 3040 3386 3094 δὲ
3428 3042 3747 3108 πλατείαις

2149 3134 2495 3202 παρρησίαν
2540 3133 2702 3204 ἄγει·
2745 3135 2838 3187 ἐπ’
2898 3135 3098 3203 ἄκρων
3134 3133 3203 3186 δὲ
3234 3134 3476 3203 τειχέων
3510 3135 3744 3202 κηρύσ-

2148 3243 2337 3282 σεται.
2395 3226 2568 3298 Ὁρῶν
2604 3227 2711 3298 γὰρ
2743 3227 2806 3281 τὸ
2836 3227 3116 3299 φιλότιμον
3146 3226 3255 3280 τῶν
3297 3225 3619 3298 ἀνθρώπων,
3641 3225 3747 3280 καὶ

2147 3318 2229 3370 ὅτι
2259 3317 2461 3380 πάντες
2482 3317 2732 3387 φυσικῶς
2761 3318 2821 3371 τὸ
2841 3318 3142 3390 περιφανὲς
3161 3318 3333 3387 αὐτῆς
3357 3317 3744 3387 ἀσπαζόμεθα,

2146 3410 2233 3464 διὰ
2256 3411 2362 3463 τῶν
2387 3410 2622 3463 ἐπαίνων
2642 3412 2741 3481 τῆς
2766 3411 2957 3479 σοφίας
2982 3412 3259 3482 ἐπεγείρει
3289 3410 3385 3473 τὰς
3410 3409 3585 3479 ψυχὰς
3601 3409 3749 3479 πρὸς

2145 3504 2207 3555 τὸ
2238 3502 2312 3573 μὴ
2342 3502 2568 3575 νωθρῶς
2611 3504 2746 3575 μηδὲ
2788 3505 3083 3575 παρέργως
3109 3506 3282 3574 αὐτῆς
3320 3502 3745 3557 ἀντιποιεῖσθαι.

2149 3595 2434 3666 Πανταχοῦ
2481 3596 2653 3666 αὐτῆς
2706 3596 2875 3650 πολὺν
2922 3591 3065 3650 εἶναι
3110 3597 3202 3649 τὸν
3251 3595 3408 3664 λόγον
3448 3595 3633 3664 φησιν,
3683 3597 3749 3647 ἐν

2146 3690 2307 3753 ὁδοῖς,
2344 3692 2403 3743 ἐν
2451 3690 2698 3760 ἀγοραῖς,
2735 3691 2793 3741 ἐν
2841 3692 2956 3751 τοῖς
3000 3687 3320 3760 ὀχυρώμασι
3366 3687 3466 3758 τῆς
3506 3687 3744 3749 πᾴλεως.

2150 3782 2249 3835 Διὰ
2299 3781 2458 3835 τοῦτο
2502 3781 2678 3845 πύλας
2721 3781 2868 3850 λέγει
2905 3782 3001 3835 καὶ
3045 3781 3303 3843 πλατείας
3332 3780 3425 3833 καὶ
3448 3779 3623 3849 τείχη,
3649 3778 3748 3831 διὰ

2154 3872 2251 3942 μὲν
2279 3870 2389 3925 τῶν
2417 3871 2611 3937 ἐξόδων
2654 3873 2748 3925 καὶ
2776 3871 2883 3925 τῶν
2916 3870 3188 3924 πλατειῶν
3221 3871 3281 3923 τὸ
3312 3869 3609 3943 περιφανὲς
3640 3869 3741 3922 αὑ-

2149 3964 2250 4032 τῆς
2281 3964 2615 4032 ὑποφαίνων,
2642 3963 2730 4017 διὰ
2750 3963 2805 4016 δὲ
2830 3963 2940 4016 τῶν
2967 3962 3164 4033 τειχῶν
3194 3962 3254 4015 τὸ
3283 3964 3377 4018 ἀπ’
3406 3962 3573 4031 αὐτῆς
3592 3960 3745 4029 ὠφέ-

2151 4056 2331 4126 λιμον,
2348 4057 2443 4109 καὶ
2472 4057 2608 4128 πρὸς
2631 4050 2810 4110 πᾶσαν
2836 4056 3135 4125 ἀσφάλειαν
3171 4055 3265 4108 τοῦ
3300 4054 3414 4125 βίου
3442 4052 3746 4126 αὔταρκες.

2152 4150 2263 4201 Καὶ
2325 4149 2649 4220 βουλόμενος
2698 4151 2849 4219 ἡμᾶς
2893 4151 3030 4220 αὐτῇ
3068 4143 3747 4220 προσοικειῶσαιοεῖπον,

2154 4241 2309 4308 φησὶ,
2346 4240 2463 4306 τὴν
2500 4240 2730 4308 σοφίαν
2761 4240 2887 4306 σὴν
2917 4240 3193 4309 ἀδελφὴν
3218 4236 3371 4294 εἶναι
3390 4256 3404 4268 ·
3432 4238 3527 4291 καὶ
3554 4238 3745 4291 πάλιν·

2168 4330 2486 4399 Ἐράσθητι
2517 4330 2729 4398 αὐτῆς,
2761 4332 2860 4385 καὶ
2908 4332 3159 4401 τηρήσει
3185 4348 3279 4385 σε.
3305 4326 3438 4384 Εἶτα
3464 4329 3524 4383 τὺ
3551 4345 3750 4382 κοινω-

454 4422 660 4476 litatem
692 4419 1010 4487 ostendens,
1036 4420 1184 4491 quod
1219 4422 1431 4477 utilitas
1466 4423 1639 4493 ipsius
1691 4439 1752 4478 se
1795 4438 2039 4493 peruaque

2153 4426 2314 4494 φελὲς
2364 4424 2538 4494 αὐτῆς
2587 4426 3022 4494 ἐνδεικνύμενος,
3057 4426 3151 4479 καὶ
3204 4425 3282 4478 ὅτι
3340 4424 3504 4477 πᾶσιν
3538 4420 3749 4492 ὁμοίως

454 4512 524 4568 ad
535 4528 724 4568 omnes
737 4513 1024 4569 extendat:
1045 4512 1320 4578 Mactavit,
1343 4515 1541 4587 inquit,
1561 4516 1805 4570 victimas
1822 4514 2000 4570 suas"
2020 4532 2034 4567 :

507 4700 567 4739 -νο
609 4697 763 4752 Rom.
804 4714 854 4761 ι,
884 4698 973 4752 20.

450 4771 497 4803 "
536 4768 696 4824 Prov.
739 4785 791 4837 ι,
828 4769 915 4823 20.

1108 4701 1150 4729 '”
1196 4699 1354 4754 Prov.
1393 4717 1489 4763 ιιι,
1543 4702 1626 4755 19.

1028 4770 1074 4800 ⁷⁸
1112 4768 1274 4823 Prov.
1317 4787 1422 4835 vn,
1459 4774 1511 4827 ιι.
1593 4774 1637 4804 ⁷⁷
1679 4772 1841 4828 Prov.
1878 4790 1951 4837 Iv,
1989 4774 2042 4828 6.

526 4926 647 5001 (ίξτὶλ
681 4924 839 4981 Colb.
894 4927 1093 4981 tertius
1146 4925 1465 4998 προῦιόἀζει
1513 4927 1567 4981 δὲ
1605 4931 1739 4999 ἡμῖν
1771 4930 1871 4999 τὴν
1910 4931 2039 5001 περὶ

452 4997 588 5061 Θεοῦ
626 4997 859 5050 ἔννοιαν.

525 5068 634 5136 (95)
692 5066 782 5120 Sic.
835 5067 1055 5137 quidem
1106 5066 1312 5122 editum
1359 5069 1637 5123 invenitur
1674 5068 1818 5138 apud
1873 5068 2039 5135 LXX,

454 5136 637 5209 ἑκτισέ
681 5156 768 5207 με,
799 5136 994 5192 creavit
1034 5155 1155 5191 me:
1183 5138 1280 5195 sed
1325 5138 1470 5207 apud
1512 5138 1657 5209 alios
1703 5136 2029 5209 interpretes

455 5223 552 5278 pro
578 5208 758 5279 ἔκτισε
793 5209 992 5279 legitur
1019 5211 1304 5279 ἐκτήσατο,
1332 5207 1563 5276 possedit
1602 5226 1703 5273 me,
1738 5207 2032 5265 nec—secus

456 5276 619 5332 habet
647 5276 896 5347 Vulgata.
929 5276 1157 5334 Ducaeus
1189 5280 1357 5332 multa
1392 5280 1446 5332 in
1480 5280 1625 5332 hunc
1661 5280 1843 5334 locum
1871 5292 2031 5334 uota-

452 5349 569 5419 vit;
592 5361 877 5419 negcerte
907 5350 1292 5419 indigna_sunt
1324 5364 1444 5419 qua:
1478 5351 1743 5419 legantur.

527 5416 638 5488 (94)
679 5417 838 5488 Hunc
881 5413 1085 5484 locum,
1117 5412 1192 5473 ὧν
1231 5412 1356 5488 οὑχῐ
1373 5412 1684 5483 ἀκούονται,
1727 5426 1861 5482 etc.,
1911 5420 2035 5474 illu-

455 5487 639 5545 strans
701 5487 930 5544 Ducazus
973 5490 1032 5543 in
1089 5492 1206 5545 suis
1259 5487 1427 5553 notis,
1486 5491 1560 5542 ait
1594 5490 1669 5544 ita
1712 5492 2036 5545 vertendum

454 5574 576 5629 cisse
622 5573 749 5612 cum
796 5558 1054 5625 Conario,
1086 5574 1313 5628 quorum
1344 5561 1579 5629 ipsorum
1616 5575 1762 5614 voces
1802 5577 1902 5614 non
1934 5577 2037 5614 au-

454 5628 694 5696 diuntur,
728 5640 822 5682 aut
865 5640 1034 5693 certe,
1068 5632 1113 5684 si
1156 5628 1537 5686 HebraiSmum
1580 5638 1635 5684 et
1658 5631 2036 5700 pleonasmum

457 5713 675 5757 servare
702 5700 953 5770 velimus,
998 5700 1103 5754 hoc
1136 5701 1559 5771 modo,quorum
1596 5716 1700 5757 non
1745 5701 2038 5756 audiuntur

1778 4704 1823 4735 τ’
1864 4703 2023 4757 Prov.
2059 4719 2187 4766 \‘tll,
2229 4702 2424 4759 27-50.

2148 4520 2357 4571 ἀνεῖται
2386 4518 2447 4570 τὸ
2492 4520 2586 4572 ἀπ’
2619 4520 2791 4589 αὐτῆς
2820 4518 3116 4589 ὠφέλιμον·
3155 4516 3443 4586 Ἕσφαξε,
3477 4514 3632 4585 φησὶ,
3666 4514 3749 4568 τὰ

2552 4704 2600 4735 ⁷³
2638 4703 2768 4758 ibid.
2826 4702 2918 4759 22.
3060 4703 3105 4735 7"
3144 4701 3288 4758 l’sal.
3357 4715 3528 4761 xvm,
3577 4696 3644 4762 2,
3682 4704 3746 4752 4·

2121 4774 2165 4805 ⁷⁸
2206 4772 2365 4827 Prov.
2406 4790 2484 4839 ix,
2522 4772 2576 4827 2.

2146 4946 2293 4985 voces
2319 4947 2536 4993 eorum;
2578 4931 2757 5000 quasi,
2791 4930 2989 5001 inquit,
3029 4930 3176 4984 dicat
3205 4927 3376 4982 David
3409 4948 3421 4983 :
3456 4924 3580 4980 Non
3615 4935 3750 4979 sunt

2149 5001 2367 5069 loquela?
2411 5001 2664 5055 calorum
2715 5001 2862 5063 ullw,
2899 5016 3061 5070 neque
3086 5015 3374 5062 sermones,
3401 5006 3581 5065 utpote
3607 5013 3751 5065 quo-

2149 5086 2267 5123 rum
2313 5087 2459 5125 voces
2493 5088 2596 5125 non
2644 5071 2957 5133 audiuntur,
2989 5082 3040 5124 et
3091 5080 3265 5124 tamen
3300 5070 3354 5122 in
3394 5083 3599 5120 omnem
3630 5076 3749 5119 ter—

2139 5157 2258 5193 ram
2299 5142 2459 5195 exivit
2511 5158 2673 5196 sonus
2712 5158 2914 5196 eorum.
2950 5140 3018 5194 Et
3067 5156 3137 5194 ne
3190 5141 3304 5193 haec
3354 5137 3750 5207 interpretatio

2141 5226 2285 5264 nova
2316 5212 2590 5282 videatur,
2611 5213 2732 5281 ejus
2759 5213 2968 5282 profert
2996 5221 3212 5282 veteres
3239 5210 3380 5264 duos
3414 5223 3478 5262 ac
3510 5207 3747 5263 idoneos

2143 5292 2420 5344 auctores,
2451 5279 2888 5337 'l‘heodOtioiiem
2934 5290 2989 5335 et
3028 5279 3454 5335 Theodoretum.

2215 5350 2326 5421 (95)
2356 5350 2495 5429 Illa,_
2518 5353 2870 5429 ὑμνεῖταιπηη
2894 5350 3252 5429 κηρύσσεται,
3290 5349 3465 5403 active
3501 5346 3773 5429 alapas-5‘,

2146 5418 2263 5493 sive
2323 5418 2688 5491 accipiantur,
2737 5418 3080 5493 nihil,q'uod
3138 5420 3206 5493 ad
3260 5433 3487 5475 sensum
3516 5418 3746 5493 attipet,

2144 5491 2354 5545 referre
2378 5487 2735 5547 arbitramur.
2767 5487 2980 5547 Etenim
3010 5493 3057 5546 si
3083 5492 3259 5545 active
3293 5487 3745 5551 sumanturﬁwc

2145 5565 2250 5633 erit
2276 5564 2572 5627 sententia,
2589 5562 2869 5632 Sapientia
2900 5560 3399 5633 seipsamcanitac
3430 5559 3698 5633 pmd‘cat
3726 5576 3742 5612 :

2150 5632 2197 5685 si
2231 5633 2470 5701 passive,
2504 5625 2620 5686 haec
2664 5625 2845 5686 'verba
2894 5625 3366 5699 ita'intelligenda
3406 5625 3596 5697 erunt,
3632 5625 3744 5684 Sa—

2146 5702 2347 5772 pientia
2377 5703 2597 5760 canitur
2626 5718 2689 5758 ac
2720 5702 3048 5772 praedicatur
3072 5717 3102 5757 a
3136 5702 3446 5770 semetipsa.
