4036 6236
265 366 366 422 395

1184 360 1468 416 HOMILIA
1505 361 1573 418 IN
1607 356 2005 417 PRINCIPIUM
2044 356 2609 413 PROVERBIORUM.

3406 356 3515 415 σοι

266 476 484 544 ἑαυτῆς
505 476 755 545 θύματα*
782 476 1051 541 τουτέστι,
1083 475 1308 545 στερεὰν
1344 476 1547 547 τροφὴν
1579 476 1843 547 ἡτοίμασε

1967 490 2050 529 ioc
2080 482 2185 534 est,
2224 473 2460 529 solidum
2488 472 2670 527 cibum
2720 471 3035 542 prmparavit
3072 470 3160 534 iis,
3196 472 3288 540 qui
3323 477 3517 529 anima!

266 572 379 633 τοῖς
412 569 499 623 διὰ
527 569 625 641 τὴν
656 568 773 633 ἕξιν
796 568 1267 640 γεγυμνασμένοις
1294 569 1360 621 τὰ
1391 569 1720 639 αἰσθητήρια
1744 567 1845 637 τῆς

266 663 466 732 ψυχῆς.
506 659 829 729 Ἐκέρασεν
862 663 953 726 εις
985 660 1251 729 κρατῆρα
1280 659 1386 714 τὸν
1407 658 1627 728 ἑαυτῆς
1659 656 1847 722 οἶνον,

269 755 377 807 τὸν
403 753 806 822 εὐφραίνοντα
843 753 1097 820 καρδίαν
1133 751 1465 820 ἀνθρώπου.
1496 752 1760 822 Κρατῆρα
1795 751 1851 803 δὲ

269 847 421 912 λέγει
453 847 551 915 τὴν
580 846 765 915 κοινὴν
807 845 903 899 καὶ
934 845 1211 915 πάνδημον
1250 844 1357 897 τῶν
1390 844 1610 912 ἀγαθῶν
1660 860 1853 913 μετου-

272 940 415 990 σίαν·
452 937 571 990 ὅθεν
593 938 872 1007 όμοτίμως
904 938 1069 990 πᾶσιν
1096 936 1270 1000 ἔξεστι
1302 936 1362 988 τὸ
1390 936 1602 1005 ἑκάστῳ
1633 935 1853 989 δυνατὸν

272 1031 368 1079 καὶ
426 1027 735 1098 σύμμετρον
786 1024 1153 1094 ἀπαρύεσθαι.
1193 1024 1300 1079 Καὶ
1340 1024 1707 1095 ἡτοιμάσατο
1740 1025 1855 1091 τὴν

271 1118 495 1186 ἑαυτῆς
542 1116 854 1187 τράπεζαν.
907 1118 1091 1171 Πάντα
1136 1117 1203 1170 δι’
1241 1116 1533 1186 ἐμφάσεως
1564 1116 1735 1184 λέγει,
1768 1118 1855 1169 διὰ

271 1210 383 1261 τῶν
425 1208 756 1279 σωματικῶν
810 1207 878 1260 τὰ
932 1207 1276 1277 πνευματικά
1306 1211 1435 1277 ἡμῖν
1469 1208 1853 1278 παραδεικνύς.

272 1302 385 1371 Τὴν
412 1301 521 1371 γὰρ
542 1299 765 1369 λογικὴν
794 1300 1003 1369 τροφὴν
1032 1300 1132 1369 τῆς
1151 1298 1328 1369 ψυχῆς
1352 1296 1630 1369 τράπεζαν
1663 1298 1858 1367 ὀνομά-

272 1390 331 1456 ζε
341 1410 377 1454 ι,
411 1391 549 1460 πρὸς
568 1392 634 1460 ἢν
661 1388 925 1457 συγκαλεῖ
949 1388 1084 1458 μετά
1100 1388 1303 1458 ὑψηλοῦ
1318 1388 1689 1460 κηρύγματος,
1707 1405 1859 1440 τουτο

273 1485 411 1543 ἐστι,
461 1482 599 1551 μετά
647 1479 933 1549 δογμάτων
979 1479 1129 1531 οὐδὲν
1157 1480 1411 1532 ταπεινὸν
1458 1479 1579 1532 οὐδὲ
1622 1479 1856 1532 καταϐε-

274 1576 543 1646 ϐλημένον
591 1573 843 1642 ἐχόντων.
892 1572 1000 1637 ’⁸ος
1040 1572 1210 1627 ἐστιν
1260 1570 1481 1641 ἄφρων,
1530 1570 1859 1624 ἐκκλινάτω

274 1669 425 1736 πρὸς
450 1666 547 1735 μέ.
565 1666 654 1728 Ὧς
683 1664 791 1735 γὰρ
818 1665 867 1716 οἱ
892 1663 1243 1725 ἀσθενοῦντες
1269 1663 1557 1735 χρῄζουσιν
1586 1662 1855 1732 ἰατρικῆς,

273 1758 415 1809 οὕτω
438 1758 633 1825 σοφίας
649 1758 695 1808 oi
724 1756 958 1825 ἄφρονες
979 1754 1296 1807 ἐπιδὲονται.
1328 1754 1435 1807 Καὶ
1459 1754 1540 1807 τὸ’
1558 1752 1859 1822 Κρεῖσσον

1956 582 2149 622 sensus
2179 566 2377 621 habent
2413 566 2737 620 exercitatos
2781 565 2851 619 ob
2894 563 3374 619 assuetudinem”.
3411 563 3519 618 Hi-

1954 659 2086 712 scuit
2118 659 2169 711 in
2194 666 2445 711 craterem
2466 674 2618 710 suum
2647 657 2892 719 vinum",
2920 656 3197 724 lwtiﬁcans
3231 672 3321 708 cor
3350 655 3519 709 homi-

1954 752 2103 806 nis".
2124 750 2403 806 Craterem
2438 756 2619 803 autem
2649 749 2887 818 appellat
2918 762 3260 802 communem
3293 763 3521 819 genera.

1956 842 2170 911 lemque
2218 842 2487 896 bonorum
2532 840 3045 911 participationem:
3081 838 3224 895 unde
3266 841 3522 895 omnibus

1956 934 2103 997 licet,
2138 940 2404 1003 quantum
2430 934 2662 1003 quisque
2696 940 2894 1001 potest,
2926 942 2980 986 et
3012 939 3277 1001 quantum
3322 932 3522 1001 cuique

1956 1026 2228 1096 congruit,
2258 1026 2539 1095 aequaliter
2565 1025 2806 1078 haurire.
2843 1022 2909 1076 Et
2936 1024 3146 1089 paravit
3191 1040 3344 1077 suam
3382 1040 3525 1078 men-

1957 1118 2143 1172 sant“.
2166 1117 2357 1172 Omnia
2380 1133 2475 1189 per
2503 1118 2804 1188 emphasim
2836 1119 2986 1182 dicit,
3024 1117 3325 1187 spiritualia
3368 1117 3531 1173 nobis

1958 1224 2053 1278 per
2082 1208 2386 1277 corporalia
2430 1209 2763 1275 signiﬁcans.
2802 1206 2933 1262 Nam
2970 1210 3291 1263 rationalem
3332 1210 3528 1262 animae

1958 1300 2139 1353 cibum
2164 1314 2408 1353 mensam
2435 1299 2701 1362 nominat,
2730 1299 2797 1352 ad
2825 1314 2987 1368 quam
3023 1300 3131 1353 alto
3162 1314 3287 1353 cum
3323 1314 3529 1369 praeco-

1958 1388 2050 1441 nio
2086 1396 2368 1450 convocat,
2418 1388 2519 1441 hoc
2552 1396 2655 1452 est,
2709 1404 2834 1443 cum
2867 1390 3101 1443 decretis
3146 1403 3210 1443 ac
3261 1389 3529 1443 institutis

1958 1479 2094 1533 nihil
2130 1479 2332 1533 humile
2355 1488 2445 1532 aut
2472 1479 2743 1548 abjectum
2772 1479 3115 1535 habentibus.
3154 1481 3257 1547 Qui
3281 1481 3530 1550 insipiens

1958 1581 2057 1636 est,
2100 1572 2320 1625 declinet
2362 1573 2429 1624 ad
2456 1573 2604 1626 me”.
2642 1572 3107 1638 Quemadmodum
3126 1574 3269 1626 enim
3307 1588 3396 1627 ars
3418 1587 3532 1627 me-

1958 1664 2080 1720 dica
2110 1665 2340 1719 inﬁrmis
2370 1666 2681 1719 necessaria
2703 1675 2807 1731 est,
2826 1665 2905 1719 sic
2931 1665 3249 1733 insipientes
3266 1664 3531 1734 sapientia

1960 1758 2221 1827 indigent.
2261 1754 2325 1809 Et
2358 1756 2488 1809 illud
2524 1776 2535 1809 :
2576 1754 2765 1810 Melius
2806 1765 2883 1811 est
2924 1759 3061 1810 enim
3099 1756 3250 1809 illam
3285 1757 3531 1821 mercari,

274 1850 382 1917 τὰρ
422 1848 622 1913 αὐτὴν
649 1849 1104 1917 ἐμπορεύεσθαι,
1128 1848 1167 1914 ἢ
1199 1846 1455 1915 χρυσίου
1489 1846 1598 1917 (96)
1630 1847 1729 1899 καὶ
1761 1847 1861 1914 ἁρ-

1967 1866 2116 1920 quam
2150 1851 2268 1902 auri
2300 1858 2349 1903 et
2374 1851 2575 1919 argenti
2608 1850 2947 1905 thesauros”.
2970 1849 3097 1904 Item
3120 1851 3251 1905 illud
3285 1870 3298 1905 :
3327 1849 3535 1904 Pretio-

276 1943 485 2011 Trpt’ov
538 1942 881 2009 θησαυρούς
904 1957 916 1972 ο
963 1940 1057 1993 καὶ
1104 1940 1198 1991 τό·
1258 1938 1567 2009 Τιμιωτέρα
1614 1938 1681 1991 δέ
1724 1939 1857 1991 ἐστι

275 2036 461 2087 ,λίθων
485 2030 857 2086 πολυτελῶν
880 2030 1004 2087 πᾶν
1035 2030 1103 2083 δὲ
1129 2032 1320 2099 τίμιον
1347 2031 1457 2084 οὐκ
1478 2027 1649 2093 ἄξιον
1669 2027 1859 2095 αὐτῆς

275 2126 436 2178 ἐστι·
463 2127 560 2177 καὶ
590 2126 650 2177 τό
667 2143 681 2155 ·
722 2123 835 2189 Υἱὲ,
867 2124 978 2177 ἐὰν
998 2122 1191 2191 σορὸς
1217 2123 1358 2191 γένῃ
1384 2118 1639 2184 σεαυτῷ,
1666 2118 1859 2187 σορὸς

278 2215 390 2282 ἔσῃ
424 2215 523 2268 καὶ
564 2214 692 2279 τοῖς
746 2214 1011 2281 πλησίον
1044 2214 1155 2283 (97)
1210 2226 1344 2265 c‘ov'
1382 2211 1477 2263 καὶ
1518 2208 1606 2261 ’τό⁹
1659 2208 1768 2271 Υιῷ
1792 2206 1859 2260 δὲ

277 2304 447 2374 σορῷ
473 2304 675 2358 εὐοδοι
703 2304 946 2357 ἔσονται
989 2302 1254 2370 πράξεις.
1276 2301 1387 2354 Καὶ
1416 2300 1552 2361 ὅλως
1577 2297 1751 2363 ἔξεστί
1776 2313 1857 2348 σοι

280 2397 479 2465 γνῶναι
520 2395 618 2448 τοῦ
658 2394 821 2462 λόγου
846 2394 945 2465 τὴν
980 2392 1259 2465 ἀλήθειαν,
1304 2389 1684 2459 ἀναλεξαμένῳ
1719 2386 1859 2441 κατὰ

280 2490 475 2561 σχολὴν
516 2488 588 2541 τὰ
626 2492 756 2558 περὶ
790 2488 888 2557 τῆς
915 2486 1104 2555 σοφίας
1136 2484 1399 2556 εἰρημένα
1433 2483 1509 2553 τῷ
1532 2480 1857 2552 Σολομῶντι.

291 2579 530 2647 Ἐπειδὴ
582 2578 651 2630 δὲ
698 2580 785 2643 εἰς
823 2578 1190 2645 κακότεχνον
1219 2574 1429 2643 ψυχὴν
1457 2575 1566 2627 οὐκ
1598 2571 1862 2624 εἰσελεύ-

280 2685 449 2722 σεται
473 2669 686 2737 σοφία,
720 2666 973 2738 καθαίρει
998 2666 1257 2737 πρότερον
1284 2664 1371 2716 διά
1395 2662 1488 2716 τοῦ
1514 2661 1657 2713 θείου
1696 2659 1859 2728 φόϐου

280 2760 376 2823 τὰς
420 2760 604 2830 ψυχὰς
634 2758 742 2811 τῶν
781 2758 1078 2828 μελλόντων
1110 2759 1175 2827 τῇ
1204 2757 1365 2825 σοφίᾳ.
1390 2752 1755 2825 προσομιλεῖν.
1790 2750 1863 2802 Τὸ

280 2854 386 2924 γὰρ
415 2854 496 2915 είς
531 2853 661 2913 τοὺς
700 2851 962 2919 τυχόντας
1005 2849 1212 2920 ῥίπτειν
1241 2846 1307 2898 τά
1339 2846 1435 2916 τῆς
1468 2844 1739 2913 σωτηρίας
1771 2860 1864 2911 μυ-

284 2950 500 3018 στήρια,
527 2947 625 2999 καὶ
649 2945 857 3007 xiv-.3;
881 2942 1083 3013 ὁμοίως
1119 2938 1543 3012 παραδέχεσθαι,
1574 2938 1699 2998 τοὺς
1724 2937 1861 3005 μήτε

284 3038 377 3107 βίῳ
404 3036 658 3107 καθαρῷ,
695 3038 832 3105 μήτε
862 3034 1004 3104 λόγῳ
1026 3030 1377 3102 ὲξητασμένῳ
1405 3032 1497 3081 καὶ
1526 3027 1741 3099 ἀκριϐεῖ
1770 3043 1861 3078 κε-

282 3130 613 3201 χρημένους,
650 3128 833 3199 ὅμοιόν
868 3128 1016 3179 ἐστιν
1048 3124 1234 3194 ὥσπερ
1264 3125 1327 3176 ἀν
1360 3125 1408 3175 εί
1439 3123 1532 3173 καὶ
1569 3121 1625 3173 ἐν
1655 3118 1863 3188 ἀγγείῳ

282 3198 656 3294 ’πέρυσι-,αριρ
690 3198 758 3273 τὸ
808 3218 1170 3287 πολυτίμητον
1219 3215 1389 3287 μύρον
1438 3212 1716 3283 ἐμϐάλλοι.
1763 3210 1861 3262 Διά
1890 3198 1932 3254 C

280 3314 461 3376 τοῦτο,
514 3312 692 3380 Ἀρχὴ
731 3314 974 3379 σοφίας,
1008 3310 1190 3377 φόϐος
1216 3307 1463 3374 Κυρίου.
1493 3304 1661 3366 Φόϐος
1690 3304 1745 3355 δὲ
1766 3318 1913 3380 κ-αςιμ

285 3403 509 3474 θάρσιον
540 3402 720 3471 ψυχῆς
750 3399 891 3453 κατά
915 3398 1011 3468 τὴν
1038 3397 1203 3468 εὐχὴν
1228 3395 1322 3449 τοῦ
1367 3395 1647 3465 προφήτου
1682 3380 1866 3459 λέγον-

284 3509 372 3555 τος
394 3510 409 3520 ·
444 3491 819 3556 Καθήλωσον
849 3490 917 3541 ἐκ
946 3488 1051 3541 τοῦ
1098 3489 1285 3556 φόϐου
1337 3502 1452 3539 σου
1488 3484 1594 3549 τὰς
1634 3480 1867 3550 σάρκας

284 3604 420 3654 μου.
464 3586 551 3647 Ὠς
584 3584 716 3636 ὅπου
766 3580 928 3651 φόϐος
958 3582 1177 3642 ἐνοικεῖ,
1200 3580 1316 3630 ἐκεῖ
1347 3576 1527 3646 ψυχῆς
1564 3574 1748 3627 ἅπασα
1771 3590 1868 3625 κα-

290 3676 524 3747 θαρότης
546 3674 840 3745 ἐνίδρυται,
860 3672 1040 3742 πάσης
1066 3670 1327 3741 πονηρίας
1360 3670 1454 3721 καὶ
1485 3665 1698 3719 ἀνοσίου
1728 3665 1868 3735 πρά-

292 3770 421 3834 ξεως
454 3768 568 3839 (98)
594 3765 1026 3835 ὑποφευγούσης,
1051 3764 1156 3816 τῶν
1178 3762 1272 3814 τοῦ
1304 3759 1551 3827 σώματος
1586 3756 1761 3828 μελῶν
1791 3774 1870 3807 κι-

292 3863 523 3932 νηθῆναι
578 3860 716 3930 πρὸς
758 3858 992 3919 ἀτόπους
1038 3852 1447 3925 ἑνεργείας,διά
1499 3850 1557 3902 τὸ
1602 3846 1677 3918 τῷ
1724 3846 1872 3917 φόϐῳ

294 3952 669 4023 καθηλῶσθαι,
709 3950 783 4020 μὴ
812 3948 1143 4017 δυναμένων.
1170 3946 1379 4014 Ὥσπερ
1421 3942 1529 4013 γὰρ
1560 3942 1588 3991 ὁ
1618 3941 1871 4009 ἐμπεπηο

294 4046 456 4112 τότας
485 4044 627 4113 ἔχων
658 4044 715 4093 ὲν
745 4039 919 4108 ἑαυτῷ
946 4039 1073 4101 τοὺς
1104 4036 1444 4107 σωματικοὺς
1467 4034 1628 4102 ἥλους
1654 4029 1874 4099 ἀνεγέρ-

295 4138 459 4208 γητός
496 4138 649 4188 ἔστιν
680 4133 784 4186 ὑπὸ
816 4131 922 4184 τῶν
955 4129 1154 4183 ὀδυνῶν
1203 4128 1567 4196 κατεχόμενος
1587 4141 1599 4153 °
1644 4122 1817 4184 οὕτως
1848 4122 1877 4172 ὁ

296 4230 370 4300 τῷ
403 4229 558 4299 sle/56m
578 4226 671 4279 τοῦ
698 4223 831 4278 θεοῦ
860 4221 1305 4291 κατειλημμένος,
1325 4220 1425 4271 οὑκ
1459 4215 1719 4286 ὀφθαλμῷ
1746 4210 1879 4286 χρή-

298 4322 495 4376 σασθαι
544 4321 683 4390 πρὸς
716 4318 752 4371 ἃ.
786 4317 860 4387 μὴ
900 4317 998 4379 δεῖ,
1028 4314 1088 4366 οὐ
1134 4316 1319 4384 χεῖρας
1352 4310 1567 4379 κινῆσαι
1604 4308 1739 4379 πρὸς
1774 4308 1878 4359 ἀττ-

298 4412 678 4486 ηγορευμὲνας
703 4409 946 4477 πράξεις,
971 4408 1070 4478 οὐχ
1095 4407 1230 4467 ὅλως
1254 4402 1447 4474 μικρὸν
1470 4403 1501 4471 ἢ
1524 4400 1705 4471 μεῖζον
1731 4401 1881 4468 ὲνερ-

298 4509 469 4575 γῆσαι
513 4502 670 4573 πα.ρά
701 4502 759 4553 τὸ
799 4498 1038 4568 καθῆκον
1071 4496 1312 4556 δύναται,
1344 4488 1453 4544 οἷον
1483 4490 1643 4561 ὀδύνῃ
1678 4491 1782 4541 τινὶ
1815 4490 1879 4557 τῇ

299 4598 603 4669 προσδοκίᾳ
625 4594 735 4648 τῶν
765 4591 1164 4661 ἀπειληθέντων
1194 4583 1684 4657 συμπεπαρμένος.

369 4710 423 4763 5,
455 4709 599 4770 Τοὺς
624 4705 682 4757 δὲ
708 4703 964 4773 βεϐήλους
989 4702 1083 4755 καὶ
1115 4696 1477 4770 συρφετώδεις
1500 4693 1885 4763 ἀποπέμπεται

302 4802 409 4853 τῶν
441 4800 607 4852 θείων
643 4794 1019 4854 διδασκαλιῶν,
1053 4793 1254 4860 λέγων’
1297 4790 1540 4857 Ἀφοϐοι
1573 4786 1641 4838 δὲ
1675 4786 1785 4855 (99)
1818 4783 1888 4837 ἐν

304 4893 523 4955 πύλαις
574 4884 1083 4954 αὐλισθήσονται·
1116 4885 1209 4936 καὶ
1254 4882 1347 4934 τό·
1381 4877 1682 4947 Ζητήσετε
1729 4877 1888 4943 παρὰ

304 4983 511 5048 κακοῖς
563 4981 812 5049 σοφίαν,
846 4978 945 5031 καί
999 4978 1111 5045 οὐχ
1165 4973 1488 5042 semicrem-
1533 4971 1628 5023 xxi.
1690 4968 1884 5021 πάλιν·

376 5192 421 5220 "
461 5188 628 5245 Hebr.
663 5203 717 5251 v,
754 5186 843 5240 Η.
928 5185 973 5217 ³⁸
1012 5182 1172 5237 Prov.
1214 5198 1301 5243 Is,
1334 5181 1389 5234 2.

308 5262 356 5292 "
392 5261 523 5315 ibid.
562 5260 648 5313 15.
704 5246 715 5251 ⁷
758 5257 805 5288 ⁸⁸
842 5254 1003 5308 Prov.
1042 5270 1129 5316 ix,
1168 5252 1251 5304 12.
1361 5252 1406 5283 '"
1445 5249 1604 5303 Prov.
1646 5262 1776 5311 xm,
1815 5246 1900 5299 15.

310 5334 350 5363 ⁹¹
390 5331 561 5386 Eccli.
609 5347 648 5395 ι,
680 5327 772 5382 28.
855 5327 902 5356 "
942 5324 1105 5378 Prov.
1141 5337 1253 5385 XIV,
1287 5319 1339 5375 6.

380 5486 491 5556 (96)
525 5484 617 5539 Sic
642 5494 757 5556 tres
791 5496 952 5556 mss.,
984 5493 1085 5532 nec
1119 5477 1273 5556 aliter
1304 5474 1497 5556 legitur
1530 5469 1671 5556 apud

311 5538 615 5611 Atxeditiet
637 5554 790 5609 Colb.
818 5538 1033 5621 primus
1071 5547 1261 5601 ordine
1303 5538 1522 5598 inverso
1552 5538 1585 5609 ἢ
1620 5538 1878 5610 ἀργυρίου

311 5628 401 5681 καὶ
444 5624 692 5695 χρυσίου.

386 5645 401 5677 ι
444 5645 459 5657 ί
483 5644 692 5695 ρυσιου.

382 5644 490 5763 (94)
520 5695 679 5766 Colh.
712 5688 1036 5766 tertiusuai.
1058 5684 1409 5766 agninalov.
1484 5754 1493 5766 .

386 5748 493 5837 ὶέθιζῇ
528 5764 828 5818 Colbertini
856 5761 1070 5830 primus
1109 5748 1167 5810 et
1200 5748 1390 5809 tertius
1430 5754 1606 5822 πάσης
1640 5748 1878 5818 πονηρᾶς

552 5866 827 5918 ιἈ-ιιιοι..
877 5853 997 5911 Gn.
1048 5848 1285 5910 XXXI.

1519 5180 1535 5208 ¹
1580 5177 1719 5231 Psai.
1756 5190 1888 5236 cm.
1926 5175 2010 5228 I5.

1957 1942 2067 1994 sior
2106 1950 2184 1994 est
2220 1941 2481 2007 lapidibus
2513 1943 2754 2010 pretiosis
2794 1956 2991 1994 :lonme
3040 1952 3212 1995 autent
3250 1943 3535 2010 pretiosum

1959 2048 2061 2085 non
2089 2034 2181 2102 :est
2228 2035 2322 2087 illa
2370 2034 2652 2104 dignum".
2698 2034 2760 2087 Et
2794 2053 2806 2088 :
2839 2033 2971 2096 Fili,
3023 2036 3071 2088 si
3117 2035 3322 2102 sapiens
3372 2035 3538 2104 fueris

1962 2121 2077 2185 tibi,
2108 2126 2320 2191 sapiens
2350 2126 2453 2179 eris
2482 2136 2529 2179 et
2561 2126 2819 2195 proximis
2863 2126 3037 2179 tuis".
3085 2126 3222 2181 Illud
3268 2142 3485 2196 quoque
3519 2145 3533 2180 :

1962 2214 2103 2268 Filio
2135 2218 2360 2283 sapienti
2384 2233 2625 2286 prospere
2650 2217 2831 2272 cedent
2876 2219 3177 2273 actiones“.
3213 2217 3279 2270 Et
3308 2219 3361 2272 in
3389 2234 3541 2272 sum-

1961 2321 2069 2369 ma,
2095 2308 2191 2361 tibi
2226 2308 2353 2363 licet
2402 2308 2675 2364 sermonis
2726 2309 3009 2364 veritatem
3046 2323 3402 2378 cognoscere,
3446 2323 3542 2378 per

1971 2400 2146 2453 otium
2171 2414 2232 2453 ea
2263 2416 2381 2467 quae
2415 2401 2482 2455 de
2524 2401 2787 2471 sapientia
2826 2416 2855 2454 a
2888 2400 3177 2454 Salomone
3228 2399 3372 2453 dicta
3414 2408 3542 2454 sunt

1962 2493 2257 2561 colligenti.
2295 2493 2559 2559 Quoniam
2592 2510 2712 2547 vero
2738 2495 2791 2546 in
2827 2492 3137 2547 malevolum
3172 2492 3405 2545 animam
3440 2508 3543 2545 non

1963 2582 2201 2636 introibit
2219 2583 2551 2650 sapientia“,
2598 2584 2751 2652 prius
2793 2582 3006 2637 animas
3046 2596 3236 2636 eorum
3283 2583 3375 2651 qui
3416 2589 3545 2637 sunt

1964 2690 2087 2729 cum
2118 2674 2385 2745 sapientia
2407 2676 2749 2737 collocuturi,
2770 2691 2865 2744 per
2891 2675 3134 2729 divinum
3177 2676 3424 2728 timorem
3458 2691 3547 2729 ex-

1965 2776 2175 2837 purgat.
2202 2766 2333 2821 Nain
2368 2767 2636 2837 projicere
2661 2768 2714 2822 in
2745 2767 2938 2837 vulgus
2972 2767 3227 2837 mysteria
3264 2767 3549 2832 salutis,et

1968 2874 2161 2912 omnes
2192 2876 2258 2913 ex
2286 2874 2442 2929 aequo
2464 2858 2733 2929 recipere,
2767 2874 2944 2928 neque
2974 2858 3084 2911 vita
3120 2873 3256 2928 pura
3302 2869 3546 2918 ornatos.

1970 2966 2144 3020 neque
2173 2951 2446 3021 exquisita
2464 2962 2516 3006 et
2532 2959 2786 3005 accurata
2810 2951 3022 3004 ratione
3054 2964 3204 3011 usos,
3229 2948 3447 3019 perinde
3468 2956 3551 3003 est

1967 3055 2030 3092 ac
2054 3042 2099 3093 si
2118 3040 2242 3111 quis
2259 3048 2593 3110 unguentum
2612 3039 3067 3111 pretiosissimum
3086 3038 3139 3092 in
3154 3055 3252 3094 vas
3270 3038 3549 3094 sordidum

1967 3128 2247 3185 infuderit.
2281 3129 2643 3195 Quamobrem
2680 3128 2903 3183 Initium
2941 3132 3231 3196 sapiettlia’,
3261 3130 3416 3183 timor
3445 3129 3554 3182 Do-

1968 3223 2095 3275 mini
2109 3222 2399 3277 ".Animae
2412 3231 2588 3281 autem
2616 3222 3111 3292 expurgatiotimor
3136 3228 3239 3285 cst,
3266 3222 3554 3291 laljnx-

1969 3323 2021 3366 ta
2036 3314 2312 3383 propheta:
2329 3321 2535 3375 votum,
2567 3314 2658 3383 qui
2690 3313 2764 3366 ait
2789 3331 2801 3365 :
2827 3311 3040 3382 Conﬁge
3058 3314 3240 3366 timore
3263 3323 3350 3367 tuo
3369 3328 3552 3365 carnes

1967 3405 2178 3459 meas”.
2198 3404 2332 3459 Nam
2348 3406 2437 3460 ubi
2452 3405 2612 3459 timor
2630 3405 2913 3469 inhabitat,
2927 3404 3000 3459 ibi
3015 3413 3121 3459 tota
3140 3406 3331 3459 anima:
3344 3404 3550 3458 mund“

1967 3499 2069 3551 ties
2085 3496 2306 3562 residet,
2327 3497 2644 3567 aufugitque
2661 3498 2839 3553 omnis
2859 3498 3097 3566 pravitas
3114 3506 3275 3567 atque
3303 3498 3445 3555 actio.
3463 3499 3556 3552 im-

1970 3592 2079 3661 pia,
2112 3590 2380 3661 siquidem
2431 3591 2669 3645 membra
2704 3589 2971 3658 corporis,
2998 3589 3142 3659 quod
3174 3590 3370 3642 timore
3398 3590 3553 3658 quasi

1972 3683 2297 3752 quibusdam
2355 3682 2526 3737 clavis
2590 3682 2803 3735 conlisa
2846 3682 2976 3745 sint,
3026 3680 3091 3735 ad
3162 3682 3338 3749 turpia
3392 3695 3556 3749 opera

1977 3791 2085 3829 non
2117 3784 2324 3844 queunt
2351 3773 2573 3830 moveri.
2609 3772 2927 3827 Siuntenun
2964 3771 3056 3841 qui
3101 3772 3414 3841 corporales
3446 3772 3557 3823 cla-

1973 3883 2071 3922 vos
2104 3867 2266 3920 habet
2295 3867 2349 3920 in
2373 3867 2550 3933 scipso
2583 3864 2848 3926 conﬁxus,
2894 3864 3028 3917 nihil
3058 3878 3217 3932 agere
3269 3867 3446 3931 potest
3487 3860 3559 3913 ob

1974 3974 2069 4014 eos
2111 3958 2309 4028 quibus
2352 3958 2625 4011 detinetur
2663 3956 2880 4010 dolores
2914 3955 3032 4009 :sic
3078 3954 3169 4024 qui
3225 3952 3419 4006 timore
3466 3950 3558 4004 Dei

1978 4057 2262 4119 correptus
2301 4056 2404 4114 est,
2438 4064 2545 4102 non
2580 4048 2739 4103 oculo
2781 4048 2858 4101 uti
2901 4048 2967 4100 ad
3006 4060 3069 4101 ea
3102 4060 3222 4115 quae
3248 4059 3354 4098 non
3393 4057 3558 4113 opor-

1977 4150 2076 4206 tet,
2106 4157 2216 4195 non
2246 4156 2439 4195 manus
2462 4156 2678 4195 movere
2707 4139 2774 4193 ad
2801 4140 2994 4194 vetitas
3024 4138 3289 4199 actiones.
3323 4149 3430 4189 non
3472 4132 3563 4186 de-

1980 4235 2145 4303 nique
2177 4233 2472 4302 quidquam
2508 4248 2732 4301 parvum
2773 4239 2867 4285 aut
2894 4245 3146 4301 magnum
3198 4236 3392 4299 praeter
3432 4224 3559 4279 olli-

1982 4324 2125 4377 cium
2158 4337 2415 4393 peragere
2441 4322 2659 4391 poterit,
2692 4323 3100 4392 exspectatione
3130 4319 3402 4373 minarum
3435 4332 3561 4386 per-

1984 4415 2110 4469 inde
2138 4423 2196 4468 ut
2230 4415 2416 4469 dolore
2446 4414 2678 4483 quodam
2709 4414 3024 4469 transﬁxus.

2064 4685 2116 4739 5.
2146 4683 2317 4738 Porro
2348 4681 2607 4752 profanos
2641 4696 2703 4733 ac
2736 4679 2931 4751 vulgus
2964 4694 2991 4731 a
3024 4677 3329 4746 disciplinis
3363 4676 3559 4731 divinis

1994 4785 2162 4839 arcet,
2204 4775 2291 4829 his
2328 4774 2507 4828 verbis
2541 4791 2552 4825 :
2595 4771 2699 4838 Qui
2738 4772 2848 4825 sine
2901 4771 3089 4823 timore
3125 4778 3269 4833 sunt,
3302 4769 3356 4820 in
3398 4770 3558 4837 portis

1996 4870 2343 4924 morabuntur
2379 4868 2447 4923 ".
2494 4866 2629 4921 Illud
2659 4865 2840 4920 itidem
2880 4884 2891 4917 :
2930 4861 3187 4931 Quteretis
3223 4860 3363 4929 apud
3397 4860 3561 4913 malls

1996 4962 2332 5033 sapientiam,
2356 4970 2403 5014 et
2433 4976 2533 5012 non
2561 4959 2827 5013 invenietis
2857 4956 3007 5009 ".Et
3037 4968 3230 5008 rursus
3267 4972 3280 5008 :
3316 4952 3544 5018 Quterm

2122 5173 2167 5202 λ’
2206 5172 2365 5223 Prov.
2406 5182 2497 5226 ιχ.
2531 5168 2585 5221 2.
2680 5165 2725 5196 ⁸³
2767 5162 2897 5217 ibid.
2934 5161 2985 5213 4.
3061 5159 3109 5191 ⁸³
3145 5157 3306 5213 Prov.
3346 5172 3441 5215 ιιι.
3476 5166 3561 5211 ts.

1976 5227 2021 5275 ⁸⁵⁸
2063 5241 2187 5312 Sap.
2234 5257 2280 5303 I,
2315 5240 2348 5292 4
2445 5242 2487 5270 ⁸⁹
2528 5237 2684 5291 Prov.
2726 5251 2771 5297 ι,
2812 5236 2861 5287 7.
2937 5232 2980 5262 π
3021 5228 3166 5285 Psal.
3203 5242 3401 5293 cxviii,
3441 5227 3561 5281 120.

1992 5465 2087 5516 καὶ
2114 5460 2336 5522 ἀνοσίας
2366 5458 2636 5529 πράξεωςΪ

2062 5534 2171 5603 (99)
2209 5530 2364 5603 Illud,
2400 5524 2833 5603 acp060i‘t3é,_etc.
3000 5527 3317 5603 sinetimore
3342 5534 3482 5586 sunt,
3513 5525 3565 5577 in

1991 5595 2162 5671 portis
2183 5598 2553 5663 morabuntur,
2596 5597 2650 5651 in
2700 5595 3007 5652 Proverbiis
3035 5598 3283 5651 invenire
3330 5611 3434 5649 non
3470 5611 3565 5665 po-

1992 5675 2212 5728 tuimus.

3248 5824 3320 5884 13
