  <div class='ocr_page' id='page_1' title='image "/cluster/home/n/w/nwhite01/storage/ocr_20150623/31/mdp.39015012934363/207.png"; bbox 0 0 4036 6236; ppageno 0'>
   <div class='ocr_carea' id='block_1_1' title="bbox 454 361 556 417">
    <p class='ocr_par' dir='ltr' id='par_1_1' title="bbox 454 361 556 417">
     <span class='ocr_line' id='line_1_1' title="bbox 454 361 556 417; baseline 0.02 -2"><span class='ocrx_word' id='word_1_1' title='bbox 454 361 556 417; x_wconf 76' lang='lat'><strong>505</strong></span> 
     </span>
    </p>
   </div>
   <div class='ocr_carea' id='block_1_2' title="bbox 1786 354 2367 413">
    <p class='ocr_par' dir='ltr' id='par_1_2' title="bbox 1786 354 2367 413">
     <span class='ocr_line' id='line_1_2' title="bbox 1786 354 2367 413; baseline -0.007 0"><span class='ocrx_word' id='word_1_2' title='bbox 1786 358 1843 413; x_wconf 91' lang='lat' dir='ltr'><strong>S.</strong></span> <span class='ocrx_word' id='word_1_3' title='bbox 1877 354 2121 412; x_wconf 77' lang='lat' dir='ltr'><strong>BASlLll</strong></span> <span class='ocrx_word' id='word_1_4' title='bbox 2156 355 2367 410; x_wconf 77' lang='lat' dir='ltr'><strong>MAGNI</strong></span> 
     </span>
    </p>
   </div>
   <div class='ocr_carea' id='block_1_3' title="bbox 3607 361 3712 418">
    <p class='ocr_par' dir='ltr' id='par_1_3' title="bbox 3607 361 3712 418">
     <span class='ocr_line' id='line_1_3' title="bbox 3607 361 3712 418; baseline -0.01 0"><span class='ocrx_word' id='word_1_5' title='bbox 3607 361 3712 418; x_wconf 75' lang='lat'><strong>596</strong></span> 
     </span>
    </p>
   </div>
   <div class='ocr_carea' id='block_1_4' title="bbox 452 474 2024 547">
    <p class='ocr_par' dir='ltr' id='par_1_4' title="bbox 452 476 2024 547">
     <span class='ocr_line' id='line_1_4' title="bbox 452 476 2024 547; baseline -0.006 -9"><span class='ocrx_word' id='word_1_6' title='bbox 452 498 536 538; x_wconf 83' lang='lat' dir='ltr'><strong>me</strong></span> <span class='ocrx_word' id='word_1_7' title='bbox 574 479 723 543; x_wconf 88' lang='lat' dir='ltr'><strong>mali,</strong></span> <span class='ocrx_word' id='word_1_8' title='bbox 757 489 804 534; x_wconf 89' lang='lat' dir='ltr'><strong>et</strong></span> <span class='ocrx_word' id='word_1_9' title='bbox 839 495 943 532; x_wconf 87' lang='lat' dir='ltr'><strong>non</strong></span> <span class='ocrx_word' id='word_1_10' title='bbox 979 477 1239 532; x_wconf 74' lang='lat' dir='ltr'><strong>invenient</strong></span> <span class='ocrx_word' id='word_1_11' title='bbox 1277 478 1345 540; x_wconf 80' lang='lat'><strong>”,</strong></span> <span class='ocrx_word' id='word_1_12' title='bbox 1387 492 1454 531; x_wconf 87' lang='lat' dir='ltr'><strong>eo</strong></span> <span class='ocrx_word' id='word_1_13' title='bbox 1494 476 1639 546; x_wconf 90' lang='lat' dir='ltr'><strong>quod</strong></span> <span class='ocrx_word' id='word_1_14' title='bbox 1671 477 1886 547; x_wconf 75' lang='lat' dir='ltr'><strong>purgati</strong></span> <span class='ocrx_word' id='word_1_15' title='bbox 1919 492 2024 530; x_wconf 91' lang='lat' dir='ltr'><strong>non</strong></span> 
     </span>
    </p>
   </div>
   <div class='ocr_carea' id='block_1_5' title="bbox 2128 474 3716 547">
    <p class='ocr_par' dir='ltr' id='par_1_5' title="bbox 2130 474 3716 545">
     <span class='ocr_line' id='line_1_5' title="bbox 2130 474 3716 545; baseline 0.004 -18"><span class='ocrx_word' id='word_1_16' title='bbox 2130 475 2482 544; x_wconf 81' lang='grc' dir='ltr'>Ζητήσουσι</span> <span class='ocrx_word' id='word_1_17' title='bbox 2520 491 2597 543; x_wconf 81' lang='grc' dir='ltr'><strong>με</strong></span> <span class='ocrx_word' id='word_1_18' title='bbox 2639 475 2832 539; x_wconf 78' lang='grc' dir='ltr'>κακοὶ,</span> <span class='ocrx_word' id='word_1_19' title='bbox 2863 475 2962 528; x_wconf 75' lang='grc' dir='ltr'>καὶ</span> <span class='ocrx_word' id='word_1_20' title='bbox 2994 477 3109 545; x_wconf 86' lang='grc' dir='ltr'>οὐχ</span> <span class='ocrx_word' id='word_1_21' title='bbox 3139 474 3494 544; x_wconf 80' lang='grc' dir='ltr'>εὑρήσουσι,</span> <span class='ocrx_word' id='word_1_22' title='bbox 3534 477 3625 531; x_wconf 79' lang='grc' dir='ltr'>διὰ</span> <span class='ocrx_word' id='word_1_23' title='bbox 3653 481 3716 533; x_wconf 81' lang='grc' dir='ltr'>τὸ</span> 
     </span>
    </p>
   </div>
   <div class='ocr_carea' id='block_1_6' title="bbox 453 567 2028 639">
    <p class='ocr_par' dir='ltr' id='par_1_6' title="bbox 453 567 2028 639">
     <span class='ocr_line' id='line_1_6' title="bbox 453 567 2028 639; baseline -0.007 -9"><span class='ocrx_word' id='word_1_24' title='bbox 453 575 568 631; x_wconf 84' lang='lat' dir='ltr'><strong>sint</strong></span> <span class='ocrx_word' id='word_1_25' title='bbox 598 570 782 626; x_wconf 81' lang='lat' dir='ltr'><strong>divino</strong></span> <span class='ocrx_word' id='word_1_26' title='bbox 806 570 1023 626; x_wconf 93' lang='lat' dir='ltr'><strong>timore.</strong></span> <span class='ocrx_word' id='word_1_27' title='bbox 1060 569 1242 636; x_wconf 84' lang='lat' dir='ltr'><strong>Quare</strong></span> <span class='ocrx_word' id='word_1_28' title='bbox 1273 570 1367 639; x_wconf 93' lang='lat' dir='ltr'><strong>qui</strong></span> <span class='ocrx_word' id='word_1_29' title='bbox 1397 567 1464 622; x_wconf 87' lang='lat' dir='ltr'><strong>ad</strong></span> <span class='ocrx_word' id='word_1_30' title='bbox 1495 568 1900 638; x_wconf 86' lang='lat' dir='ltr'><strong>percipiendam</strong></span> <span class='ocrx_word' id='word_1_31' title='bbox 1937 583 2028 621; x_wconf 81' lang='lat' dir='ltr'><strong>sa-</strong></span> 
     </span>
    </p>
   </div>
   <div class='ocr_carea' id='block_1_7' title="bbox 453 659 2027 737">
    <p class='ocr_par' dir='ltr' id='par_1_7' title="bbox 453 659 2027 737">
     <span class='ocr_line' id='line_1_7' title="bbox 453 659 2027 737; baseline -0.004 -21"><span class='ocrx_word' id='word_1_32' title='bbox 453 663 712 737; x_wconf 72' lang='lat' dir='ltr'><strong>piantiam</strong></span> <span class='ocrx_word' id='word_1_33' title='bbox 752 676 1076 717; x_wconf 86' lang='lat' dir='ltr'><strong>accessurus</strong></span> <span class='ocrx_word' id='word_1_34' title='bbox 1111 669 1218 725; x_wconf 90' lang='lat' dir='ltr'><strong>est,</strong></span> <span class='ocrx_word' id='word_1_35' title='bbox 1259 662 1307 716; x_wconf 87' lang='lat' dir='ltr'><strong>is</strong></span> <span class='ocrx_word' id='word_1_36' title='bbox 1347 677 1377 714; x_wconf 90' lang='lat' dir='ltr'><strong>a</strong></span> <span class='ocrx_word' id='word_1_37' title='bbox 1411 660 1670 730; x_wconf 88' lang='lat' dir='ltr'><strong>nequitia</strong></span> <span class='ocrx_word' id='word_1_38' title='bbox 1710 659 2027 730; x_wconf 81' lang='lat' dir='ltr'><strong>ignominiis</strong></span> 
     </span>
    </p>
   </div>
   <div class='ocr_carea' id='block_1_8' title="bbox 454 750 2026 827">
    <p class='ocr_par' dir='ltr' id='par_1_8' title="bbox 454 750 2026 827">
     <span class='ocr_line' id='line_1_8' title="bbox 454 750 2026 827; baseline -0.004 -18"><span class='ocrx_word' id='word_1_39' title='bbox 454 771 552 827; x_wconf 91' lang='lat' dir='ltr'><strong>per</strong></span> <span class='ocrx_word' id='word_1_40' title='bbox 582 753 884 809; x_wconf 77' lang='lat' dir='ltr'><strong>salutarem</strong></span> <span class='ocrx_word' id='word_1_41' title='bbox 909 753 1164 806; x_wconf 76' lang='lat' dir='ltr'><strong>timorem</strong></span> <span class='ocrx_word' id='word_1_42' title='bbox 1199 761 1531 822; x_wconf 77' lang='lat' dir='ltr'><strong>expurgatus</strong></span> <span class='ocrx_word' id='word_1_43' title='bbox 1565 751 1807 806; x_wconf 87' lang='lat' dir='ltr'><strong>accedat.</strong></span> <span class='ocrx_word' id='word_1_44' title='bbox 1838 750 2026 804; x_wconf 87' lang='lat' dir='ltr'><strong>Emer-</strong></span> 
     </span>
    </p>
   </div>
   <div class='ocr_carea' id='block_1_9' title="bbox 455 842 2028 914">
    <p class='ocr_par' dir='ltr' id='par_1_9' title="bbox 455 842 2028 914">
     <span class='ocr_line' id='line_1_9' title="bbox 455 842 2028 914; baseline -0.005 -13"><span class='ocrx_word' id='word_1_45' title='bbox 455 848 531 901; x_wconf 88' lang='lat' dir='ltr'><strong>sit</strong></span> <span class='ocrx_word' id='word_1_46' title='bbox 564 845 730 914; x_wconf 82' lang='lat' dir='ltr'><strong>igitur</strong></span> <span class='ocrx_word' id='word_1_47' title='bbox 771 844 930 899; x_wconf 88' lang='lat' dir='ltr'><strong>nobis</strong></span> <span class='ocrx_word' id='word_1_48' title='bbox 967 844 1128 898; x_wconf 64' lang='lat' dir='ltr'><strong>aliud)</strong></span> <span class='ocrx_word' id='word_1_49' title='bbox 1163 845 1326 899; x_wconf 89' lang='lat' dir='ltr'><strong>etiam</strong></span> <span class='ocrx_word' id='word_1_50' title='bbox 1377 844 1578 898; x_wconf 89' lang='lat' dir='ltr'><strong>bonum</strong></span> <span class='ocrx_word' id='word_1_51' title='bbox 1623 858 1654 898; x_wconf 91' lang='lat' dir='ltr'><strong>e</strong></span> <span class='ocrx_word' id='word_1_52' title='bbox 1707 842 2028 896; x_wconf 77' lang='lat' dir='ltr'><strong>Proverbia-</strong></span> 
     </span>
    </p>
   </div>
   <div class='ocr_carea' id='block_1_10' title="bbox 451 934 2027 1005">
    <p class='ocr_par' dir='ltr' id='par_1_10' title="bbox 451 934 2027 1005">
     <span class='ocr_line' id='line_1_10' title="bbox 451 934 2027 1005; baseline -0.003 -12"><span class='ocrx_word' id='word_1_53' title='bbox 451 954 573 994; x_wconf 87' lang='lat' dir='ltr'><strong>rum</strong></span> <span class='ocrx_word' id='word_1_54' title='bbox 611 937 885 1001; x_wconf 87' lang='lat' dir='ltr'><strong>doctrina,</strong></span> <span class='ocrx_word' id='word_1_55' title='bbox 929 936 1145 990; x_wconf 85' lang='lat' dir='ltr'><strong>timoris</strong></span> <span class='ocrx_word' id='word_1_56' title='bbox 1195 937 1374 992; x_wconf 83' lang='lat' dir='ltr'><strong>silicet</strong></span> <span class='ocrx_word' id='word_1_57' title='bbox 1419 935 1658 1005; x_wconf 85' lang='lat' dir='ltr'><strong>adeptio,</strong></span> <span class='ocrx_word' id='word_1_58' title='bbox 1706 949 1828 1005; x_wconf 86' lang='lat' dir='ltr'><strong>qua</strong></span> <span class='ocrx_word' id='word_1_59' title='bbox 1869 934 2027 989; x_wconf 89' lang='lat' dir='ltr'><strong>nobis</strong></span> 
     </span>
    </p>
   </div>
   <div class='ocr_carea' id='block_1_11' title="bbox 451 1027 2025 1099">
    <p class='ocr_par' dir='ltr' id='par_1_11' title="bbox 451 1027 2025 1099">
     <span class='ocr_line' id='line_1_11' title="bbox 451 1027 2025 1099; baseline -0.003 -16"><span class='ocrx_word' id='word_1_60' title='bbox 451 1045 547 1098; x_wconf 86' lang='lat' dir='ltr'><strong>per</strong></span> <span class='ocrx_word' id='word_1_61' title='bbox 575 1029 898 1099; x_wconf 88' lang='lat' dir='ltr'><strong>sapientiam</strong></span> <span class='ocrx_word' id='word_1_62' title='bbox 921 1027 1163 1084; x_wconf 73' lang='lat' dir='ltr'><strong>affertur.</strong></span> <span class='ocrx_word' id='word_1_63' title='bbox 1197 1027 1370 1083; x_wconf 84' lang='lat' dir='ltr'><strong>Nosse</strong></span> <span class='ocrx_word' id='word_1_64' title='bbox 1395 1027 1765 1097; x_wconf 87' lang='lat' dir='ltr'><strong>disciplinam,</strong></span> <span class='ocrx_word' id='word_1_65' title='bbox 1796 1027 2025 1081; x_wconf 91' lang='lat' dir='ltr'><strong>alterum</strong></span> 
     </span>
    </p>
   </div>
   <div class='ocr_carea' id='block_1_12' title="bbox 451 1111 2026 1191">
    <p class='ocr_par' dir='ltr' id='par_1_12' title="bbox 451 1111 2026 1191">
     <span class='ocr_line' id='line_1_12' title="bbox 451 1111 2026 1191; baseline -0.003 -15"><span class='ocrx_word' id='word_1_66' title='bbox 451 1131 570 1176; x_wconf 91' lang='lat' dir='ltr'><strong>erat</strong></span> <span class='ocrx_word' id='word_1_67' title='bbox 612 1122 756 1176; x_wconf 87' lang='lat' dir='ltr'><strong>inter</strong></span> <span class='ocrx_word' id='word_1_68' title='bbox 793 1122 1062 1191; x_wconf 83' lang='lat' dir='ltr'><strong>promissa</strong></span> <span class='ocrx_word' id='word_1_69' title='bbox 1103 1121 1170 1173; x_wconf 74' lang='lat'><strong>“.</strong></span> <span class='ocrx_word' id='word_1_70' title='bbox 1205 1120 1299 1175; x_wconf 90' lang='lat' dir='ltr'><strong>Est</strong></span> <span class='ocrx_word' id='word_1_71' title='bbox 1324 1129 1504 1174; x_wconf 90' lang='lat' dir='ltr'><strong>autem</strong></span> <span class='ocrx_word' id='word_1_72' title='bbox 1539 1111 1829 1190; x_wconf 87' lang='lat' dir='ltr'><strong>disciplina</strong></span> <span class='ocrx_word' id='word_1_73' title='bbox 1867 1117 2026 1172; x_wconf 84' lang='lat' dir='ltr'><strong>insti-</strong></span> 
     </span>
    </p>
   </div>
   <div class='ocr_carea' id='block_1_13' title="bbox 450 1211 2026 1284">
    <p class='ocr_par' dir='ltr' id='par_1_13' title="bbox 450 1211 2026 1284">
     <span class='ocr_line' id='line_1_13' title="bbox 450 1211 2026 1284; baseline -0.001 -18"><span class='ocrx_word' id='word_1_74' title='bbox 450 1214 588 1267; x_wconf 86' lang='lat' dir='ltr'><strong>tutio</strong></span> <span class='ocrx_word' id='word_1_75' title='bbox 626 1211 873 1284; x_wconf 90' lang='lat' dir='ltr'><strong>quadam</strong></span> <span class='ocrx_word' id='word_1_76' title='bbox 921 1213 1116 1266; x_wconf 86' lang='lat' dir='ltr'><strong>anima</strong></span> <span class='ocrx_word' id='word_1_77' title='bbox 1162 1212 1338 1275; x_wconf 85' lang='lat' dir='ltr'><strong>utilis,</strong></span> <span class='ocrx_word' id='word_1_78' title='bbox 1389 1212 1711 1282; x_wconf 90' lang='lat' dir='ltr'><strong>plerumque</strong></span> <span class='ocrx_word' id='word_1_79' title='bbox 1755 1226 1864 1264; x_wconf 92' lang='lat' dir='ltr'><strong>non</strong></span> <span class='ocrx_word' id='word_1_80' title='bbox 1907 1211 2026 1265; x_wconf 87' lang='lat' dir='ltr'><strong>sine</strong></span> 
     </span>
    </p>
   </div>
   <div class='ocr_carea' id='block_1_14' title="bbox 451 1303 2022 1374">
    <p class='ocr_par' dir='ltr' id='par_1_14' title="bbox 451 1303 2022 1374">
     <span class='ocr_line' id='line_1_14' title="bbox 451 1303 2022 1374; baseline -0.001 -17"><span class='ocrx_word' id='word_1_81' title='bbox 451 1303 625 1357; x_wconf 90' lang='lat' dir='ltr'><strong>multo</strong></span> <span class='ocrx_word' id='word_1_82' title='bbox 659 1304 846 1358; x_wconf 87' lang='lat' dir='ltr'><strong>labore</strong></span> <span class='ocrx_word' id='word_1_83' title='bbox 889 1318 1008 1358; x_wconf 90' lang='lat' dir='ltr'><strong>eam</strong></span> <span class='ocrx_word' id='word_1_84' title='bbox 1051 1319 1080 1356; x_wconf 92' lang='lat' dir='ltr'><strong>a</strong></span> <span class='ocrx_word' id='word_1_85' title='bbox 1117 1304 1374 1374; x_wconf 88' lang='lat' dir='ltr'><strong>nequitia</strong></span> <span class='ocrx_word' id='word_1_86' title='bbox 1418 1303 1652 1358; x_wconf 89' lang='lat' dir='ltr'><strong>maculis</strong></span> <span class='ocrx_word' id='word_1_87' title='bbox 1688 1317 2022 1372; x_wconf 78' lang='lat' dir='ltr'><strong>expurgatis,</strong></span> 
     </span>
    </p>
   </div>
   <div class='ocr_carea' id='block_1_15' title="bbox 451 1392 2023 1465">
    <p class='ocr_par' dir='ltr' id='par_1_15' title="bbox 451 1392 2023 1465">
     <span class='ocr_line' id='line_1_15' title="bbox 451 1392 2023 1465; baseline -0.003 -16"><span class='ocrx_word' id='word_1_88' title='bbox 451 1411 572 1465; x_wconf 84' lang='lat' dir='ltr'><strong>qua</strong></span> <span class='ocrx_word' id='word_1_89' title='bbox 617 1392 682 1448; x_wconf 87' lang='lat' dir='ltr'><strong>In</strong></span> <span class='ocrx_word' id='word_1_90' title='bbox 734 1410 962 1461; x_wconf 72' lang='lat' dir='ltr'><strong>prasens</strong></span> <span class='ocrx_word' id='word_1_91' title='bbox 1004 1394 1212 1465; x_wconf 84' lang='lat' dir='ltr'><strong>quidem</strong></span> <span class='ocrx_word' id='word_1_92' title='bbox 1260 1412 1363 1449; x_wconf 85' lang='lat' dir='ltr'><strong>non</strong></span> <span class='ocrx_word' id='word_1_93' title='bbox 1405 1395 1608 1448; x_wconf 77' lang='lat' dir='ltr'><strong>videtur</strong></span> <span class='ocrx_word' id='word_1_94' title='bbox 1645 1411 1756 1448; x_wconf 86' lang='lat' dir='ltr'><strong>esse</strong></span> <span class='ocrx_word' id='word_1_95' title='bbox 1805 1393 2023 1464; x_wconf 79' lang='lat' dir='ltr'><strong>gaudii,</strong></span> 
     </span>
    </p>
   </div>
   <div class='ocr_carea' id='block_1_16' title="bbox 451 1485 2026 1557">
    <p class='ocr_par' dir='ltr' id='par_1_16' title="bbox 451 1485 2026 1557">
     <span class='ocr_line' id='line_1_16' title="bbox 451 1485 2026 1557; baseline -0.002 -16"><span class='ocrx_word' id='word_1_96' title='bbox 451 1487 540 1541; x_wconf 86' lang='lat' dir='ltr'><strong>sed</strong></span> <span class='ocrx_word' id='word_1_97' title='bbox 580 1487 835 1540; x_wconf 76' lang='lat' dir='ltr'><strong>molestia:</strong></span> <span class='ocrx_word' id='word_1_98' title='bbox 863 1503 880 1550; x_wconf 89' lang='lat'><strong><em>;</em></strong></span> <span class='ocrx_word' id='word_1_99' title='bbox 917 1499 971 1540; x_wconf 87' lang='lat' dir='ltr'><strong>at</strong></span> <span class='ocrx_word' id='word_1_100' title='bbox 1005 1497 1187 1556; x_wconf 84' lang='lat' dir='ltr'><strong>postea</strong></span> <span class='ocrx_word' id='word_1_101' title='bbox 1220 1488 1448 1557; x_wconf 77' lang='lat' dir='ltr'><strong>fructum</strong></span> <span class='ocrx_word' id='word_1_102' title='bbox 1475 1487 1819 1557; x_wconf 88' lang='lat' dir='ltr'><strong>tranquillum</strong></span> <span class='ocrx_word' id='word_1_103' title='bbox 1853 1485 2026 1540; x_wconf 81' lang='lat' dir='ltr'><strong>reddit</strong></span> 
     </span>
    </p>
   </div>
   <div class='ocr_carea' id='block_1_17' title="bbox 451 1562 2022 1650">
    <p class='ocr_par' dir='ltr' id='par_1_17' title="bbox 451 1562 2022 1650">
     <span class='ocr_line' id='line_1_17' title="bbox 451 1562 2022 1650; baseline -0.001 -19"><span class='ocrx_word' id='word_1_104' title='bbox 451 1580 518 1631; x_wconf 87' lang='lat' dir='ltr'><strong>ad</strong></span> <span class='ocrx_word' id='word_1_105' title='bbox 559 1562 807 1642; x_wconf 71' lang='lat' dir='ltr'><strong>salutem,</strong></span> <span class='ocrx_word' id='word_1_106' title='bbox 855 1581 921 1632; x_wconf 90' lang='lat' dir='ltr'><strong>iis</strong></span> <span class='ocrx_word' id='word_1_107' title='bbox 959 1583 1049 1650; x_wconf 89' lang='lat' dir='ltr'><strong>qui</strong></span> <span class='ocrx_word' id='word_1_108' title='bbox 1086 1597 1176 1648; x_wconf 88' lang='lat' dir='ltr'><strong>per</strong></span> <span class='ocrx_word' id='word_1_109' title='bbox 1214 1580 1367 1634; x_wconf 86' lang='lat' dir='ltr'><strong>illam</strong></span> <span class='ocrx_word' id='word_1_110' title='bbox 1406 1579 1602 1649; x_wconf 76' lang='lat' dir='ltr'><strong>fuerint</strong></span> <span class='ocrx_word' id='word_1_111' title='bbox 1638 1579 1916 1632; x_wconf 56' lang='lat' dir='ltr'><strong>exercitati</strong></span> <span class='ocrx_word' id='word_1_112' title='bbox 1956 1579 2022 1629; x_wconf 81' lang='lat'><strong>”.</strong></span> 
     </span>
    </p>
   </div>
   <div class='ocr_carea' id='block_1_18' title="bbox 450 1670 2025 1742">
    <p class='ocr_par' dir='ltr' id='par_1_18' title="bbox 450 1670 2025 1742">
     <span class='ocr_line' id='line_1_18' title="bbox 450 1670 2025 1742; baseline 0.001 -18"><span class='ocrx_word' id='word_1_113' title='bbox 450 1670 602 1724; x_wconf 88' lang='lat' dir='ltr'><strong>Hanc</strong></span> <span class='ocrx_word' id='word_1_114' title='bbox 648 1671 816 1742; x_wconf 86' lang='lat' dir='ltr'><strong>igitur</strong></span> <span class='ocrx_word' id='word_1_115' title='bbox 877 1672 1226 1742; x_wconf 88' lang='lat' dir='ltr'><strong>disciplinam</strong></span> <span class='ocrx_word' id='word_1_116' title='bbox 1279 1686 1468 1734; x_wconf 87' lang='lat' dir='ltr'><strong>nosse,</strong></span> <span class='ocrx_word' id='word_1_117' title='bbox 1519 1686 1629 1725; x_wconf 91' lang='lat' dir='ltr'><strong>non</strong></span> <span class='ocrx_word' id='word_1_118' title='bbox 1680 1679 1765 1724; x_wconf 87' lang='lat' dir='ltr'><strong>est</strong></span> <span class='ocrx_word' id='word_1_119' title='bbox 1821 1671 2025 1725; x_wconf 88' lang='lat' dir='ltr'><strong>mentis</strong></span> 
     </span>
    </p>
   </div>
   <div class='ocr_carea' id='block_1_19' title="bbox 451 1759 2024 1832">
    <p class='ocr_par' dir='ltr' id='par_1_19' title="bbox 451 1759 2024 1832">
     <span class='ocr_line' id='line_1_19' title="bbox 451 1759 2024 1832; baseline 0.001 -18"><span class='ocrx_word' id='word_1_120' title='bbox 451 1761 765 1831; x_wconf 87' lang='lat' dir='ltr'><strong>cujuslibet,</strong></span> <span class='ocrx_word' id='word_1_121' title='bbox 811 1762 957 1832; x_wconf 89' lang='lat' dir='ltr'><strong>quod</strong></span> <span class='ocrx_word' id='word_1_122' title='bbox 997 1763 1261 1832; x_wconf 84' lang='lat' dir='ltr'><strong>plerique,</strong></span> <span class='ocrx_word' id='word_1_123' title='bbox 1305 1763 1376 1816; x_wconf 88' lang='lat' dir='ltr'><strong>ob</strong></span> <span class='ocrx_word' id='word_1_124' title='bbox 1422 1759 1794 1816; x_wconf 74' lang='lat' dir='ltr'><strong>diﬁicultatem</strong></span> <span class='ocrx_word' id='word_1_125' title='bbox 1839 1776 2024 1816; x_wconf 88' lang='lat' dir='ltr'><strong>rerum</strong></span> 
     </span>
    </p>
   </div>
   <div class='ocr_carea' id='block_1_20' title="bbox 2139 566 3716 642">
    <p class='ocr_par' dir='ltr' id='par_1_20' title="bbox 2139 566 3716 642">
     <span class='ocr_line' id='line_1_20' title="bbox 2139 566 3716 642; baseline 0.004 -23"><span class='ocrx_word' id='word_1_126' title='bbox 2139 569 2212 639; x_wconf 85' lang='grc' dir='ltr'>μὴ</span> <span class='ocrx_word' id='word_1_127' title='bbox 2260 566 2668 638; x_wconf 74' lang='grc' dir='ltr'><strong>ἐκκαθαρθῆναι</strong></span> <span class='ocrx_word' id='word_1_128' title='bbox 2699 566 2775 636; x_wconf 82' lang='grc'><strong>(1)</strong></span> <span class='ocrx_word' id='word_1_129' title='bbox 2804 566 2882 638; x_wconf 84' lang='grc' dir='ltr'>τῷ</span> <span class='ocrx_word' id='word_1_130' title='bbox 2920 567 3052 638; x_wconf 87' lang='grc' dir='ltr'>θείῳ</span> <span class='ocrx_word' id='word_1_131' title='bbox 3081 567 3251 639; x_wconf 77' lang='grc' dir='ltr'><strong>φόϐῳ.</strong></span> <span class='ocrx_word' id='word_1_132' title='bbox 3287 570 3470 634; x_wconf 85' lang='grc' dir='ltr'>Ὠστε,</span> <span class='ocrx_word' id='word_1_133' title='bbox 3503 571 3716 642; x_wconf 80' lang='grc' dir='ltr'><strong>μέλλων</strong></span> 
     </span>
    </p>
   </div>
   <div class='ocr_carea' id='block_1_21' title="bbox 2135 661 3716 737">
    <p class='ocr_par' dir='ltr' id='par_1_21' title="bbox 2135 661 3716 737">
     <span class='ocr_line' id='line_1_21' title="bbox 2135 661 3716 737; baseline 0.004 -26"><span class='ocrx_word' id='word_1_134' title='bbox 2135 661 2413 732; x_wconf 81' lang='grc' dir='ltr'>προσιέναι</span> <span class='ocrx_word' id='word_1_135' title='bbox 2441 663 2507 732; x_wconf 83' lang='grc' dir='ltr'>τῇ</span> <span class='ocrx_word' id='word_1_136' title='bbox 2537 661 2799 732; x_wconf 64' lang='grc' dir='ltr'>ἀναλήψει</span> <span class='ocrx_word' id='word_1_137' title='bbox 2826 664 2924 733; x_wconf 77' lang='grc' dir='ltr'>τῆς</span> <span class='ocrx_word' id='word_1_138' title='bbox 2951 663 3162 732; x_wconf 85' lang='grc' dir='ltr'>σοφίας,</span> <span class='ocrx_word' id='word_1_139' title='bbox 3185 664 3265 735; x_wconf 82' lang='grc' dir='ltr'><strong>τῷ</strong></span> <span class='ocrx_word' id='word_1_140' title='bbox 3288 665 3541 736; x_wconf 80' lang='grc' dir='ltr'><strong>σωτηρίῳ</strong></span> <span class='ocrx_word' id='word_1_141' title='bbox 3565 666 3716 737; x_wconf 77' lang='grc' dir='ltr'><strong>φόϐῳ</strong></span> 
     </span>
    </p>
   </div>
   <div class='ocr_carea' id='block_1_22' title="bbox 2133 754 3711 829">
    <p class='ocr_par' dir='ltr' id='par_1_22' title="bbox 2133 754 3711 829">
     <span class='ocr_line' id='line_1_22' title="bbox 2133 754 3711 829; baseline 0.004 -23"><span class='ocrx_word' id='word_1_142' title='bbox 2133 754 2201 806; x_wconf 85' lang='grc' dir='ltr'>τὰ</span> <span class='ocrx_word' id='word_1_143' title='bbox 2245 754 2354 806; x_wconf 85' lang='grc' dir='ltr'><strong>ἀπὸ</strong></span> <span class='ocrx_word' id='word_1_144' title='bbox 2409 754 2608 817; x_wconf 83' lang='grc' dir='ltr'>κακίας</span> <span class='ocrx_word' id='word_1_145' title='bbox 2659 755 2820 824; x_wconf 81' lang='grc' dir='ltr'>αἴσχη</span> <span class='ocrx_word' id='word_1_146' title='bbox 2868 754 3250 826; x_wconf 80' lang='grc' dir='ltr'>καθηράμενος</span> <span class='ocrx_word' id='word_1_147' title='bbox 3299 757 3711 829; x_wconf 87' lang='grc' dir='ltr'>προσερχέσθω.</span> 
     </span>
    </p>
   </div>
   <div class='ocr_carea' id='block_1_23' title="bbox 2146 843 3716 920">
    <p class='ocr_par' dir='ltr' id='par_1_23' title="bbox 2146 843 3716 920">
     <span class='ocr_line' id='line_1_23' title="bbox 2146 843 3716 920; baseline 0.004 -24"><span class='ocrx_word' id='word_1_148' title='bbox 2146 845 2408 917; x_wconf 81' lang='grc' dir='ltr'>Ἀνεφάνη</span> <span class='ocrx_word' id='word_1_149' title='bbox 2459 843 2553 900; x_wconf 77' lang='grc' dir='ltr'><strong>οὖν</strong></span> <span class='ocrx_word' id='word_1_150' title='bbox 2595 849 2725 916; x_wconf 78' lang='grc' dir='ltr'>ἡμῖν</span> <span class='ocrx_word' id='word_1_151' title='bbox 2768 848 2862 900; x_wconf 75' lang='grc' dir='ltr'><strong>καὶ</strong></span> <span class='ocrx_word' id='word_1_152' title='bbox 2905 849 3092 919; x_wconf 76' lang='grc' dir='ltr'>ἕτερον</span> <span class='ocrx_word' id='word_1_153' title='bbox 3135 849 3341 916; x_wconf 83' lang='grc' dir='ltr'>ἀγαθὸν</span> <span class='ocrx_word' id='word_1_154' title='bbox 3369 852 3434 902; x_wconf 80' lang='grc' dir='ltr'>ὲκ</span> <span class='ocrx_word' id='word_1_155' title='bbox 3470 851 3569 920; x_wconf 82' lang='grc' dir='ltr'>τῆς</span> <span class='ocrx_word' id='word_1_156' title='bbox 3606 852 3716 903; x_wconf 88' lang='grc' dir='ltr'><strong>τῶν</strong></span> 
     </span>
    </p>
   </div>
   <div class='ocr_carea' id='block_1_24' title="bbox 2135 938 3718 1012">
    <p class='ocr_par' dir='ltr' id='par_1_24' title="bbox 2135 938 3718 1012">
     <span class='ocr_line' id='line_1_24' title="bbox 2135 938 3718 1012; baseline 0.003 -22"><span class='ocrx_word' id='word_1_157' title='bbox 2135 939 2451 1009; x_wconf 85' lang='grc' dir='ltr'>Παροιμιῶν</span> <span class='ocrx_word' id='word_1_158' title='bbox 2489 938 2858 1003; x_wconf 84' lang='grc' dir='ltr'>διδασκαλίας,</span> <span class='ocrx_word' id='word_1_159' title='bbox 2892 943 2925 1010; x_wconf 78' lang='grc' dir='ltr'><strong>ἡ</strong></span> <span class='ocrx_word' id='word_1_160' title='bbox 2978 939 3072 992; x_wconf 87' lang='grc' dir='ltr'><strong>τοῦ</strong></span> <span class='ocrx_word' id='word_1_161' title='bbox 3107 941 3271 1010; x_wconf 76' lang='grc' dir='ltr'>φόϐου</span> <span class='ocrx_word' id='word_1_162' title='bbox 3304 942 3592 1012; x_wconf 69' lang='grc' dir='ltr'>ἀνάληψις,</span> <span class='ocrx_word' id='word_1_163' title='bbox 3626 942 3718 996; x_wconf 82' lang='grc' dir='ltr'>διὰ</span> 
     </span>
    </p>
   </div>
   <div class='ocr_carea' id='block_1_25' title="bbox 2131 1029 3717 1104">
    <p class='ocr_par' dir='ltr' id='par_1_25' title="bbox 2131 1029 3717 1104">
     <span class='ocr_line' id='line_1_25' title="bbox 2131 1029 3717 1104; baseline 0.003 -22"><span class='ocrx_word' id='word_1_164' title='bbox 2131 1031 2231 1101; x_wconf 83' lang='grc' dir='ltr'><strong>τῆς</strong></span> <span class='ocrx_word' id='word_1_165' title='bbox 2275 1031 2466 1099; x_wconf 78' lang='grc' dir='ltr'>σοφίας</span> <span class='ocrx_word' id='word_1_166' title='bbox 2499 1033 2630 1101; x_wconf 81' lang='grc' dir='ltr'>ἡμῖν</span> <span class='ocrx_word' id='word_1_167' title='bbox 2659 1031 3064 1102; x_wconf 85' lang='grc' dir='ltr'>ὲπεισαχθεῖσα.</span> <span class='ocrx_word' id='word_1_168' title='bbox 3103 1032 3372 1104; x_wconf 35' lang='grc' dir='ltr'>Δεύτερον,</span> <span class='ocrx_word' id='word_1_169' title='bbox 3405 1029 3474 1104; x_wconf 82' lang='grc' dir='ltr'>ἦν</span> <span class='ocrx_word' id='word_1_170' title='bbox 3509 1036 3566 1086; x_wconf 80' lang='grc' dir='ltr'>ἐν</span> <span class='ocrx_word' id='word_1_171' title='bbox 3599 1037 3717 1097; x_wconf 86' lang='grc' dir='ltr'>τοίς</span> 
     </span>
    </p>
   </div>
   <div class='ocr_carea' id='block_1_26' title="bbox 2133 1122 3716 1196">
    <p class='ocr_par' dir='ltr' id='par_1_26' title="bbox 2133 1122 3716 1196">
     <span class='ocr_line' id='line_1_26' title="bbox 2133 1122 3716 1196; baseline 0.004 -24"><span class='ocrx_word' id='word_1_172' title='bbox 2133 1122 2531 1194; x_wconf 81' lang='grc' dir='ltr'>ἐπαγγέλμασι,</span> <span class='ocrx_word' id='word_1_173' title='bbox 2573 1123 2770 1191; x_wconf 89' lang='grc' dir='ltr'>γνῶναι</span> <span class='ocrx_word' id='word_1_174' title='bbox 2828 1123 3099 1178; x_wconf 83' lang='grc' dir='ltr'>παιδείαν.</span> <span class='ocrx_word' id='word_1_175' title='bbox 3137 1126 3292 1178; x_wconf 83' lang='grc' dir='ltr'>Ἔστι</span> <span class='ocrx_word' id='word_1_176' title='bbox 3335 1126 3393 1178; x_wconf 84' lang='grc' dir='ltr'>δὲ</span> <span class='ocrx_word' id='word_1_177' title='bbox 3424 1129 3457 1196; x_wconf 89' lang='grc' dir='ltr'>ή</span> <span class='ocrx_word' id='word_1_178' title='bbox 3495 1127 3716 1180; x_wconf 85' lang='grc' dir='ltr'>παιδεία</span> 
     </span>
    </p>
   </div>
   <div class='ocr_carea' id='block_1_27' title="bbox 2133 1212 3716 1284">
    <p class='ocr_par' dir='ltr' id='par_1_27' title="bbox 2133 1212 3716 1284">
     <span class='ocr_line' id='line_1_27' title="bbox 2133 1212 3716 1284; baseline 0.003 -20"><span class='ocrx_word' id='word_1_179' title='bbox 2133 1213 2322 1283; x_wconf 82' lang='grc' dir='ltr'>ἀγωγή</span> <span class='ocrx_word' id='word_1_180' title='bbox 2357 1230 2442 1276; x_wconf 87' lang='grc' dir='ltr'><strong>τις</strong></span> <span class='ocrx_word' id='word_1_181' title='bbox 2465 1214 2540 1284; x_wconf 75' lang='lat'><strong>(‘2)</strong></span> <span class='ocrx_word' id='word_1_182' title='bbox 2565 1212 2840 1282; x_wconf 82' lang='grc' dir='ltr'>ὠφέλιμος</span> <span class='ocrx_word' id='word_1_183' title='bbox 2868 1215 2934 1284; x_wconf 78' lang='grc' dir='ltr'>τῇ</span> <span class='ocrx_word' id='word_1_184' title='bbox 2965 1213 3130 1284; x_wconf 79' lang='grc' dir='ltr'>ψυχῇ,</span> <span class='ocrx_word' id='word_1_185' title='bbox 3156 1215 3430 1278; x_wconf 75' lang='grc' dir='ltr'>ἐπιπόνως</span> <span class='ocrx_word' id='word_1_186' title='bbox 3452 1215 3716 1280; x_wconf 81' lang='grc' dir='ltr'>πολλάκις</span> 
     </span>
    </p>
   </div>
   <div class='ocr_carea' id='block_1_28' title="bbox 2131 1303 3714 1380">
    <p class='ocr_par' dir='ltr' id='par_1_28' title="bbox 2131 1303 3714 1380">
     <span class='ocr_line' id='line_1_28' title="bbox 2131 1303 3714 1380; baseline 0.003 -23"><span class='ocrx_word' id='word_1_187' title='bbox 2131 1304 2240 1358; x_wconf 88' lang='grc' dir='ltr'><strong>τῶν</strong></span> <span class='ocrx_word' id='word_1_188' title='bbox 2272 1304 2380 1358; x_wconf 83' lang='grc' dir='ltr'><strong>ἀπὸ</strong></span> <span class='ocrx_word' id='word_1_189' title='bbox 2424 1305 2623 1368; x_wconf 81' lang='grc' dir='ltr'>κακίας</span> <span class='ocrx_word' id='word_1_190' title='bbox 2655 1303 2888 1374; x_wconf 78' lang='grc' dir='ltr'>κηλίδων</span> <span class='ocrx_word' id='word_1_191' title='bbox 2922 1305 3092 1376; x_wconf 73' lang='grc' dir='ltr'>αὐτὴν</span> <span class='ocrx_word' id='word_1_192' title='bbox 3131 1306 3554 1378; x_wconf 74' lang='grc' dir='ltr'>ἐκκαθαίρουσα,</span> <span class='ocrx_word' id='word_1_193' title='bbox 3587 1309 3714 1380; x_wconf 75' lang='grc' dir='ltr'>ἥτις</span> 
     </span>
    </p>
   </div>
   <div class='ocr_carea' id='block_1_29' title="bbox 2132 1395 3717 1466">
    <p class='ocr_par' dir='ltr' id='par_1_29' title="bbox 2132 1395 3717 1466">
     <span class='ocr_line' id='line_1_29' title="bbox 2132 1395 3717 1466; baseline 0.002 -15"><span class='ocrx_word' id='word_1_194' title='bbox 2132 1396 2290 1465; x_wconf 84' lang='grc' dir='ltr'>Πρὸς</span> <span class='ocrx_word' id='word_1_195' title='bbox 2313 1397 2432 1465; x_wconf 80' lang='grc' dir='ltr'>μὲν</span> <span class='ocrx_word' id='word_1_196' title='bbox 2484 1396 2550 1450; x_wconf 85' lang='grc' dir='ltr'>τὸ</span> <span class='ocrx_word' id='word_1_197' title='bbox 2587 1397 2783 1465; x_wconf 82' lang='grc' dir='ltr'>παρὸν</span> <span class='ocrx_word' id='word_1_198' title='bbox 2809 1399 2880 1450; x_wconf 86' lang='grc' dir='ltr'>οὺ</span> <span class='ocrx_word' id='word_1_199' title='bbox 2906 1397 3077 1450; x_wconf 86' lang='grc' dir='ltr'>δοκεῖ</span> <span class='ocrx_word' id='word_1_200' title='bbox 3092 1397 3281 1466; x_wconf 85' lang='grc' dir='ltr'>χαρᾶς</span> <span class='ocrx_word' id='word_1_201' title='bbox 3331 1395 3504 1463; x_wconf 77' lang='grc' dir='ltr'>εἶναι,</span> <span class='ocrx_word' id='word_1_202' title='bbox 3549 1400 3717 1456; x_wconf 74' lang='grc' dir='ltr'><em>ἀλλὰ</em></span> 
     </span>
    </p>
   </div>
   <div class='ocr_carea' id='block_1_30' title="bbox 2132 1487 3716 1558">
    <p class='ocr_par' dir='ltr' id='par_1_30' title="bbox 2132 1487 3716 1558">
     <span class='ocr_line' id='line_1_30' title="bbox 2132 1487 3716 1558; baseline 0.003 -16"><span class='ocrx_word' id='word_1_203' title='bbox 2132 1489 2361 1556; x_wconf 80' lang='grc' dir='ltr'>λύπης·</span> <span class='ocrx_word' id='word_1_204' title='bbox 2417 1487 2678 1557; x_wconf 77' lang='grc' dir='ltr'>ὕστερον</span> <span class='ocrx_word' id='word_1_205' title='bbox 2717 1487 2786 1541; x_wconf 85' lang='grc' dir='ltr'>δὲ</span> <span class='ocrx_word' id='word_1_206' title='bbox 2832 1490 3067 1556; x_wconf 80' lang='grc' dir='ltr'>καρπὸν</span> <span class='ocrx_word' id='word_1_207' title='bbox 3102 1491 3405 1557; x_wconf 74' lang='grc' dir='ltr'>εἰρηνικὸν</span> <span class='ocrx_word' id='word_1_208' title='bbox 3461 1490 3585 1558; x_wconf 85' lang='grc' dir='ltr'>τοῖς</span> <span class='ocrx_word' id='word_1_209' title='bbox 3635 1490 3716 1546; x_wconf 81' lang='grc' dir='ltr'>δι’</span> 
     </span>
    </p>
   </div>
   <div class='ocr_carea' id='block_1_31' title="bbox 2131 1579 3713 1651">
    <p class='ocr_par' dir='ltr' id='par_1_31' title="bbox 2131 1579 3713 1651">
     <span class='ocr_line' id='line_1_31' title="bbox 2131 1579 3713 1651; baseline 0.003 -19"><span class='ocrx_word' id='word_1_210' title='bbox 2131 1579 2322 1649; x_wconf 84' lang='grc' dir='ltr'>αὐτῆς</span> <span class='ocrx_word' id='word_1_211' title='bbox 2345 1581 2858 1650; x_wconf 79' lang='grc' dir='ltr'>γεγυμνασμένοις</span> <span class='ocrx_word' id='word_1_212' title='bbox 2877 1580 3244 1635; x_wconf 79' lang='grc' dir='ltr'>ἀποδίδωσιν</span> <span class='ocrx_word' id='word_1_213' title='bbox 3272 1585 3360 1648; x_wconf 82' lang='grc' dir='ltr'><strong>είς</strong></span> <span class='ocrx_word' id='word_1_214' title='bbox 3383 1584 3713 1651; x_wconf 79' lang='grc' dir='ltr'>σωτηρίαν.</span> 
     </span>
    </p>
   </div>
   <div class='ocr_carea' id='block_1_32' title="bbox 2133 1673 3716 1746">
    <p class='ocr_par' dir='ltr' id='par_1_32' title="bbox 2133 1673 3716 1746">
     <span class='ocr_line' id='line_1_32' title="bbox 2133 1673 3716 1746; baseline 0.002 -21"><span class='ocrx_word' id='word_1_215' title='bbox 2133 1673 2348 1744; x_wconf 81' lang='grc' dir='ltr'>Ταύτην</span> <span class='ocrx_word' id='word_1_216' title='bbox 2374 1673 2552 1726; x_wconf 88' lang='grc' dir='ltr'>τοίνυν</span> <span class='ocrx_word' id='word_1_217' title='bbox 2590 1673 2690 1746; x_wconf 80' lang='grc' dir='ltr'><strong>τὴν</strong></span> <span class='ocrx_word' id='word_1_218' title='bbox 2725 1673 2972 1726; x_wconf 84' lang='grc' dir='ltr'>παιδείαν</span> <span class='ocrx_word' id='word_1_219' title='bbox 2995 1673 3198 1741; x_wconf 87' lang='grc' dir='ltr'>γνῶναι</span> <span class='ocrx_word' id='word_1_220' title='bbox 3229 1674 3291 1726; x_wconf 82' lang='grc' dir='ltr'><strong>οὐ</strong></span> <span class='ocrx_word' id='word_1_221' title='bbox 3315 1675 3415 1744; x_wconf 82' lang='grc' dir='ltr'><strong>τῆς</strong></span> <span class='ocrx_word' id='word_1_222' title='bbox 3443 1674 3716 1746; x_wconf 83' lang='grc' dir='ltr'>τυχούσης</span> 
     </span>
    </p>
   </div>
   <div class='ocr_carea' id='block_1_33' title="bbox 2132 1763 3716 1837">
    <p class='ocr_par' dir='ltr' id='par_1_33' title="bbox 2132 1763 3716 1837">
     <span class='ocr_line' id='line_1_33' title="bbox 2132 1763 3716 1837; baseline 0.002 -22"><span class='ocrx_word' id='word_1_223' title='bbox 2132 1764 2248 1816; x_wconf 74' lang='grc' dir='ltr'>ἐστὶ</span> <span class='ocrx_word' id='word_1_224' title='bbox 2287 1763 2524 1827; x_wconf 83' lang='grc' dir='ltr'>διανοίας</span> <span class='ocrx_word' id='word_1_225' title='bbox 2543 1780 2555 1792; x_wconf 89' lang='grc'><strong>·</strong></span> <span class='ocrx_word' id='word_1_226' title='bbox 2592 1763 2728 1817; x_wconf 81' lang='grc' dir='ltr'>διότι</span> <span class='ocrx_word' id='word_1_227' title='bbox 2759 1763 2966 1830; x_wconf 75' lang='grc' dir='ltr'>πολλοὶ,</span> <span class='ocrx_word' id='word_1_228' title='bbox 3009 1765 3147 1835; x_wconf 79' lang='grc' dir='ltr'>πρὸς</span> <span class='ocrx_word' id='word_1_229' title='bbox 3177 1765 3236 1817; x_wconf 86' lang='grc' dir='ltr'>τὸ</span> <span class='ocrx_word' id='word_1_230' title='bbox 3266 1764 3376 1818; x_wconf 88' lang='grc' dir='ltr'><strong>τῶν</strong></span> <span class='ocrx_word' id='word_1_231' title='bbox 3410 1767 3716 1837; x_wconf 73' lang='grc' dir='ltr'>γινομένων</span> 
     </span>
    </p>
   </div>
   <div class='ocr_carea' id='block_1_34' title="bbox 451 1849 2024 1928">
    <p class='ocr_par' dir='ltr' id='par_1_34' title="bbox 451 1854 2024 1928">
     <span class='ocr_line' id='line_1_34' title="bbox 451 1854 2024 1928; baseline -0.001 -20"><span class='ocrx_word' id='word_1_232' title='bbox 451 1856 787 1928; x_wconf 86' lang='lat' dir='ltr'><strong>agendarum</strong></span> <span class='ocrx_word' id='word_1_233' title='bbox 811 1857 1054 1910; x_wconf 89' lang='lat' dir='ltr'><strong>animum</strong></span> <span class='ocrx_word' id='word_1_234' title='bbox 1087 1854 1516 1925; x_wconf 86' lang='lat' dir='ltr'><strong>despondentes,</strong></span> <span class='ocrx_word' id='word_1_235' title='bbox 1549 1854 1839 1908; x_wconf 89' lang='lat' dir='ltr'><strong>utilitatem</strong></span> <span class='ocrx_word' id='word_1_236' title='bbox 1870 1869 2024 1909; x_wconf 83' lang='lat' dir='ltr'><strong>even-</strong></span> 
     </span>
    </p>
   </div>
   <div class='ocr_carea' id='block_1_35' title="bbox 2128 1849 3716 1928">
    <p class='ocr_par' dir='ltr' id='par_1_35' title="bbox 2128 1855 3716 1927">
     <span class='ocr_line' id='line_1_35' title="bbox 2128 1855 3716 1927; baseline 0.001 -19"><span class='ocrx_word' id='word_1_237' title='bbox 2128 1855 2382 1909; x_wconf 79' lang='grc' dir='ltr'>ἐπίπονον</span> <span class='ocrx_word' id='word_1_238' title='bbox 2416 1855 2874 1926; x_wconf 78' lang='grc' dir='ltr'>ἀπαγορεύοντες,</span> <span class='ocrx_word' id='word_1_239' title='bbox 2896 1857 2958 1908; x_wconf 85' lang='grc' dir='ltr'>τὺ</span> <span class='ocrx_word' id='word_1_240' title='bbox 2985 1856 3086 1926; x_wconf 81' lang='grc' dir='ltr'>τῆς</span> <span class='ocrx_word' id='word_1_241' title='bbox 3130 1857 3408 1921; x_wconf 77' lang='grc' dir='ltr'>ἐκϐάσεως</span> <span class='ocrx_word' id='word_1_242' title='bbox 3438 1857 3716 1927; x_wconf 83' lang='grc' dir='ltr'>ὠφέλιμον</span> 
     </span>
    </p>
   </div>
   <div class='ocr_carea' id='block_1_36' title="bbox 449 1947 2025 2020">
    <p class='ocr_par' dir='ltr' id='par_1_36' title="bbox 449 1947 2025 2020">
     <span class='ocr_line' id='line_1_36' title="bbox 449 1947 2025 2020; baseline -0.001 -19"><span class='ocrx_word' id='word_1_243' title='bbox 449 1957 540 2004; x_wconf 89' lang='lat' dir='ltr'><strong>tus</strong></span> <span class='ocrx_word' id='word_1_244' title='bbox 567 1965 678 2020; x_wconf 87' lang='lat' dir='ltr'><strong>pra</strong></span> <span class='ocrx_word' id='word_1_245' title='bbox 707 1948 944 2004; x_wconf 86' lang='lat' dir='ltr'><strong>ruditate</strong></span> <span class='ocrx_word' id='word_1_246' title='bbox 983 1963 1047 2002; x_wconf 89' lang='lat' dir='ltr'><strong>ac</strong></span> <span class='ocrx_word' id='word_1_247' title='bbox 1085 1947 1300 2003; x_wconf 88' lang='lat' dir='ltr'><strong>inscitia</strong></span> <span class='ocrx_word' id='word_1_248' title='bbox 1322 1961 1432 2001; x_wconf 86' lang='lat' dir='ltr'><strong>non</strong></span> <span class='ocrx_word' id='word_1_249' title='bbox 1459 1948 1851 2017; x_wconf 84' lang='lat' dir='ltr'><strong>prastolantur</strong></span> <span class='ocrx_word' id='word_1_250' title='bbox 1883 1965 1896 2001; x_wconf 91' lang='lat'><strong>:</strong></span> <span class='ocrx_word' id='word_1_251' title='bbox 1929 1947 2025 2002; x_wconf 91' lang='lat' dir='ltr'><strong>sed</strong></span> 
     </span>
    </p>
   </div>
   <div class='ocr_carea' id='block_1_37' title="bbox 448 2039 2026 2113">
    <p class='ocr_par' dir='ltr' id='par_1_37' title="bbox 448 2039 2026 2113">
     <span class='ocr_line' id='line_1_37' title="bbox 448 2039 2026 2113; baseline -0.002 -16"><span class='ocrx_word' id='word_1_252' title='bbox 448 2059 590 2113; x_wconf 82' lang='lat' dir='ltr'><strong>agre</strong></span> <span class='ocrx_word' id='word_1_253' title='bbox 614 2042 852 2097; x_wconf 78' lang='lat' dir='ltr'><strong>ferentes</strong></span> <span class='ocrx_word' id='word_1_254' title='bbox 881 2040 1184 2096; x_wconf 88' lang='lat' dir='ltr'><strong>curationis</strong></span> <span class='ocrx_word' id='word_1_255' title='bbox 1217 2039 1614 2104; x_wconf 86' lang='lat' dir='ltr'><strong>austeritatem,</strong></span> <span class='ocrx_word' id='word_1_256' title='bbox 1652 2039 1708 2094; x_wconf 90' lang='lat' dir='ltr'><strong>in</strong></span> <span class='ocrx_word' id='word_1_257' title='bbox 1740 2040 2026 2110; x_wconf 80' lang='lat' dir='ltr'><strong>imperitia:</strong></span> 
     </span>
    </p>
   </div>
   <div class='ocr_carea' id='block_1_38' title="bbox 452 2132 2026 2204">
    <p class='ocr_par' dir='ltr' id='par_1_38' title="bbox 452 2132 2026 2204">
     <span class='ocr_line' id='line_1_38' title="bbox 452 2132 2026 2204; baseline -0.001 -16"><span class='ocrx_word' id='word_1_258' title='bbox 452 2135 860 2189; x_wconf 79' lang='lat' dir='ltr'><strong>inﬁrmitatibus</strong></span> <span class='ocrx_word' id='word_1_259' title='bbox 894 2141 1238 2204; x_wconf 86' lang='lat' dir='ltr'><strong>permanent.</strong></span> <span class='ocrx_word' id='word_1_260' title='bbox 1276 2132 1618 2202; x_wconf 85' lang='lat' dir='ltr'><strong>Quapropter</strong></span> <span class='ocrx_word' id='word_1_261' title='bbox 1652 2147 1817 2188; x_wconf 81' lang='lat' dir='ltr'><strong>voces</strong></span> <span class='ocrx_word' id='word_1_262' title='bbox 1846 2132 2026 2203; x_wconf 86' lang='lat' dir='ltr'><strong>justo-</strong></span> 
     </span>
    </p>
   </div>
   <div class='ocr_carea' id='block_1_39' title="bbox 451 2225 2024 2298">
    <p class='ocr_par' dir='ltr' id='par_1_39' title="bbox 451 2225 2024 2298">
     <span class='ocr_line' id='line_1_39' title="bbox 451 2225 2024 2298; baseline -0.001 -18"><span class='ocrx_word' id='word_1_263' title='bbox 451 2243 572 2281; x_wconf 86' lang='lat' dir='ltr'><strong>rum</strong></span> <span class='ocrx_word' id='word_1_264' title='bbox 618 2235 747 2282; x_wconf 90' lang='lat' dir='ltr'><strong>sunt</strong></span> <span class='ocrx_word' id='word_1_265' title='bbox 778 2226 1138 2282; x_wconf 89' lang='lat' dir='ltr'><strong>admiratione</strong></span> <span class='ocrx_word' id='word_1_266' title='bbox 1180 2227 1375 2298; x_wconf 81' lang='lat' dir='ltr'><strong>digna,</strong></span> <span class='ocrx_word' id='word_1_267' title='bbox 1403 2226 1698 2281; x_wconf 90' lang='lat' dir='ltr'><strong>dicentium</strong></span> <span class='ocrx_word' id='word_1_268' title='bbox 1731 2244 1744 2280; x_wconf 92' lang='lat'>:</span> <span class='ocrx_word' id='word_1_269' title='bbox 1779 2225 2024 2288; x_wconf 85' lang='lat' dir='ltr'><strong>Domine,</strong></span> 
     </span>
    </p>
   </div>
   <div class='ocr_carea' id='block_1_40' title="bbox 446 2319 2027 2389">
    <p class='ocr_par' dir='ltr' id='par_1_40' title="bbox 446 2319 2027 2389">
     <span class='ocr_line' id='line_1_40' title="bbox 446 2319 2027 2389; baseline -0.003 -16"><span class='ocrx_word' id='word_1_270' title='bbox 446 2335 510 2373; x_wconf 77' lang='lat' dir='ltr'><strong>ne</strong></span> <span class='ocrx_word' id='word_1_271' title='bbox 542 2321 594 2372; x_wconf 90' lang='lat' dir='ltr'><strong>in</strong></span> <span class='ocrx_word' id='word_1_272' title='bbox 630 2319 810 2384; x_wconf 75' lang='lat' dir='ltr'><strong>furore</strong></span> <span class='ocrx_word' id='word_1_273' title='bbox 857 2329 945 2371; x_wconf 89' lang='lat' dir='ltr'><strong>tuo</strong></span> <span class='ocrx_word' id='word_1_274' title='bbox 980 2335 1174 2388; x_wconf 81' lang='lat' dir='ltr'><strong>arguas</strong></span> <span class='ocrx_word' id='word_1_275' title='bbox 1204 2335 1286 2373; x_wconf 88' lang='lat' dir='ltr'><strong>me</strong></span> <span class='ocrx_word' id='word_1_276' title='bbox 1331 2335 1348 2372; x_wconf 92' lang='lat'><strong><em>:</em></strong></span> <span class='ocrx_word' id='word_1_277' title='bbox 1385 2335 1546 2389; x_wconf 89' lang='lat' dir='ltr'><strong>neque</strong></span> <span class='ocrx_word' id='word_1_278' title='bbox 1578 2320 1634 2372; x_wconf 88' lang='lat' dir='ltr'><strong>in</strong></span> <span class='ocrx_word' id='word_1_279' title='bbox 1665 2319 1749 2371; x_wconf 87' lang='lat' dir='ltr'><strong>ira</strong></span> <span class='ocrx_word' id='word_1_280' title='bbox 1775 2327 1868 2371; x_wconf 92' lang='lat' dir='ltr'><strong>tua</strong></span> <span class='ocrx_word' id='word_1_281' title='bbox 1904 2333 2027 2370; x_wconf 86' lang='lat' dir='ltr'><strong>cor-</strong></span> 
     </span>
    </p>
   </div>
   <div class='ocr_carea' id='block_1_41' title="bbox 445 2408 2025 2480">
    <p class='ocr_par' dir='ltr' id='par_1_41' title="bbox 445 2408 2025 2480">
     <span class='ocr_line' id='line_1_41' title="bbox 445 2408 2025 2480; baseline -0.002 -17"><span class='ocrx_word' id='word_1_282' title='bbox 445 2412 612 2480; x_wconf 83' lang='lat' dir='ltr'><strong>ripias</strong></span> <span class='ocrx_word' id='word_1_283' title='bbox 656 2427 736 2466; x_wconf 87' lang='lat' dir='ltr'><strong>me</strong></span> <span class='ocrx_word' id='word_1_284' title='bbox 775 2411 842 2463; x_wconf 82' lang='grc'><strong>⁹⁶.</strong></span> <span class='ocrx_word' id='word_1_285' title='bbox 886 2409 1005 2465; x_wconf 83' lang='lat' dir='ltr'><strong>Non</strong></span> <span class='ocrx_word' id='word_1_286' title='bbox 1048 2412 1192 2465; x_wconf 84' lang='lat' dir='ltr'><strong>enim</strong></span> <span class='ocrx_word' id='word_1_287' title='bbox 1241 2411 1606 2480; x_wconf 89' lang='lat' dir='ltr'><strong>deprecantur</strong></span> <span class='ocrx_word' id='word_1_288' title='bbox 1656 2408 2025 2479; x_wconf 86' lang='lat' dir='ltr'><strong>disciplinam,</strong></span> 
     </span>
    </p>
   </div>
   <div class='ocr_carea' id='block_1_42' title="bbox 444 2500 2023 2568">
    <p class='ocr_par' dir='ltr' id='par_1_42' title="bbox 444 2500 2023 2568">
     <span class='ocr_line' id='line_1_42' title="bbox 444 2500 2023 2568; baseline -0.003 -11"><span class='ocrx_word' id='word_1_289' title='bbox 444 2502 542 2557; x_wconf 82' lang='lat' dir='ltr'><strong>sed</strong></span> <span class='ocrx_word' id='word_1_290' title='bbox 577 2502 738 2558; x_wconf 90' lang='lat' dir='ltr'><strong>iram.</strong></span> <span class='ocrx_word' id='word_1_291' title='bbox 782 2501 919 2556; x_wconf 87' lang='lat' dir='ltr'><strong>Huic</strong></span> <span class='ocrx_word' id='word_1_292' title='bbox 953 2503 1238 2558; x_wconf 89' lang='lat' dir='ltr'><strong>consimile</strong></span> <span class='ocrx_word' id='word_1_293' title='bbox 1271 2510 1353 2557; x_wconf 90' lang='lat' dir='ltr'><strong>est</strong></span> <span class='ocrx_word' id='word_1_294' title='bbox 1379 2509 1432 2557; x_wconf 91' lang='lat' dir='ltr'><strong>et</strong></span> <span class='ocrx_word' id='word_1_295' title='bbox 1463 2500 1595 2556; x_wconf 89' lang='lat' dir='ltr'><strong>illud</strong></span> <span class='ocrx_word' id='word_1_296' title='bbox 1625 2520 1638 2556; x_wconf 92' lang='lat'><strong>:</strong></span> <span class='ocrx_word' id='word_1_297' title='bbox 1667 2500 1883 2568; x_wconf 85' lang='lat' dir='ltr'><strong>Corripe</strong></span> <span class='ocrx_word' id='word_1_298' title='bbox 1909 2515 2023 2562; x_wconf 85' lang='lat' dir='ltr'><strong>nos,</strong></span> 
     </span>
    </p>
   </div>
   <div class='ocr_carea' id='block_1_43' title="bbox 447 2594 2022 2664">
    <p class='ocr_par' dir='ltr' id='par_1_43' title="bbox 447 2594 2022 2664">
     <span class='ocr_line' id='line_1_43' title="bbox 447 2594 2022 2664; baseline -0.002 -14"><span class='ocrx_word' id='word_1_299' title='bbox 447 2596 690 2661; x_wconf 85' lang='lat' dir='ltr'><strong>Domine,</strong></span> <span class='ocrx_word' id='word_1_300' title='bbox 741 2606 1097 2650; x_wconf 84' lang='lat' dir='ltr'><strong>verumtamen</strong></span> <span class='ocrx_word' id='word_1_301' title='bbox 1144 2598 1198 2650; x_wconf 89' lang='lat' dir='ltr'><strong>in</strong></span> <span class='ocrx_word' id='word_1_302' title='bbox 1241 2597 1474 2664; x_wconf 78' lang='lat' dir='ltr'><strong>judicio,</strong></span> <span class='ocrx_word' id='word_1_303' title='bbox 1514 2605 1563 2650; x_wconf 90' lang='lat' dir='ltr'><strong>et</strong></span> <span class='ocrx_word' id='word_1_304' title='bbox 1601 2611 1706 2649; x_wconf 89' lang='lat' dir='ltr'><strong>non</strong></span> <span class='ocrx_word' id='word_1_305' title='bbox 1749 2596 1805 2648; x_wconf 90' lang='lat' dir='ltr'><strong>in</strong></span> <span class='ocrx_word' id='word_1_306' title='bbox 1843 2595 1926 2648; x_wconf 87' lang='lat' dir='ltr'><strong>ira</strong></span> <span class='ocrx_word' id='word_1_307' title='bbox 1957 2594 2022 2646; x_wconf 84' lang='lat'><strong>&quot;’.</strong></span> 
     </span>
    </p>
   </div>
   <div class='ocr_carea' id='block_1_44' title="bbox 447 2687 2027 2759">
    <p class='ocr_par' dir='ltr' id='par_1_44' title="bbox 447 2687 2027 2759">
     <span class='ocr_line' id='line_1_44' title="bbox 447 2687 2027 2759; baseline -0.001 -19"><span class='ocrx_word' id='word_1_308' title='bbox 447 2689 589 2742; x_wconf 80' lang='lat' dir='ltr'><strong>illud</strong></span> <span class='ocrx_word' id='word_1_309' title='bbox 647 2704 866 2759; x_wconf 85' lang='lat' dir='ltr'><strong>quoque</strong></span> <span class='ocrx_word' id='word_1_310' title='bbox 916 2708 928 2743; x_wconf 90' lang='lat'><strong>:</strong></span> <span class='ocrx_word' id='word_1_311' title='bbox 998 2688 1293 2756; x_wconf 81' lang='lat' dir='ltr'><strong>Disciplina</strong></span> <span class='ocrx_word' id='word_1_312' title='bbox 1352 2687 1562 2740; x_wconf 89' lang='lat' dir='ltr'><strong>Domini</strong></span> <span class='ocrx_word' id='word_1_313' title='bbox 1629 2687 1794 2753; x_wconf 85' lang='lat' dir='ltr'><strong>aperit</strong></span> <span class='ocrx_word' id='word_1_314' title='bbox 1873 2702 2027 2738; x_wconf 80' lang='lat' dir='ltr'><strong>aures</strong></span> 
     </span>
    </p>
   </div>
   <div class='ocr_carea' id='block_1_45' title="bbox 449 2779 2024 2852">
    <p class='ocr_par' dir='ltr' id='par_1_45' title="bbox 449 2779 2024 2852">
     <span class='ocr_line' id='line_1_45' title="bbox 449 2779 2024 2852; baseline -0.001 -19"><span class='ocrx_word' id='word_1_315' title='bbox 449 2798 590 2835; x_wconf 90' lang='lat' dir='ltr'><strong>meas</strong></span> <span class='ocrx_word' id='word_1_316' title='bbox 635 2782 706 2836; x_wconf 67' lang='grc'><strong>’⁸.</strong></span> <span class='ocrx_word' id='word_1_317' title='bbox 761 2780 829 2835; x_wconf 88' lang='lat' dir='ltr'><strong>Ut</strong></span> <span class='ocrx_word' id='word_1_318' title='bbox 866 2782 1011 2837; x_wconf 89' lang='lat' dir='ltr'><strong>enim</strong></span> <span class='ocrx_word' id='word_1_319' title='bbox 1059 2780 1209 2852; x_wconf 84' lang='lat' dir='ltr'><strong>parvi</strong></span> <span class='ocrx_word' id='word_1_320' title='bbox 1257 2780 1409 2850; x_wconf 92' lang='lat' dir='ltr'><strong>pueri</strong></span> <span class='ocrx_word' id='word_1_321' title='bbox 1449 2781 1504 2834; x_wconf 92' lang='lat' dir='ltr'><strong>in</strong></span> <span class='ocrx_word' id='word_1_322' title='bbox 1549 2779 1812 2834; x_wconf 88' lang='lat' dir='ltr'><strong>discendo</strong></span> <span class='ocrx_word' id='word_1_323' title='bbox 1852 2779 2024 2848; x_wconf 86' lang='lat' dir='ltr'><strong>negli-</strong></span> 
     </span>
    </p>
   </div>
   <div class='ocr_carea' id='block_1_46' title="bbox 445 2869 2023 2943">
    <p class='ocr_par' dir='ltr' id='par_1_46' title="bbox 445 2869 2023 2943">
     <span class='ocr_line' id='line_1_46' title="bbox 445 2869 2023 2943; baseline -0.002 -16"><span class='ocrx_word' id='word_1_324' title='bbox 445 2881 654 2942; x_wconf 84' lang='lat' dir='ltr'><strong>gentes,</strong></span> <span class='ocrx_word' id='word_1_325' title='bbox 691 2878 979 2941; x_wconf 89' lang='lat' dir='ltr'><strong>postquam</strong></span> <span class='ocrx_word' id='word_1_326' title='bbox 1015 2886 1044 2924; x_wconf 92' lang='lat' dir='ltr'><strong>a</strong></span> <span class='ocrx_word' id='word_1_327' title='bbox 1079 2871 1358 2943; x_wconf 83' lang='lat' dir='ltr'><strong>magistris</strong></span> <span class='ocrx_word' id='word_1_328' title='bbox 1390 2879 1484 2925; x_wconf 87' lang='lat' dir='ltr'><strong>aut</strong></span> <span class='ocrx_word' id='word_1_329' title='bbox 1515 2871 1826 2942; x_wconf 83' lang='lat' dir='ltr'><strong>padagogis</strong></span> <span class='ocrx_word' id='word_1_330' title='bbox 1852 2869 2023 2940; x_wconf 82' lang='lat' dir='ltr'><strong>ﬂagro</strong></span> 
     </span>
    </p>
   </div>
   <div class='ocr_carea' id='block_1_47' title="bbox 447 2962 2028 3033">
    <p class='ocr_par' dir='ltr' id='par_1_47' title="bbox 447 2962 2028 3033">
     <span class='ocr_line' id='line_1_47' title="bbox 447 2962 2028 3033; baseline -0.001 -16"><span class='ocrx_word' id='word_1_331' title='bbox 447 2964 575 3018; x_wconf 76' lang='lat' dir='ltr'><strong>casi</strong></span> <span class='ocrx_word' id='word_1_332' title='bbox 628 2970 777 3030; x_wconf 90' lang='lat' dir='ltr'><strong>sunt,</strong></span> <span class='ocrx_word' id='word_1_333' title='bbox 827 2963 1144 3019; x_wconf 88' lang='lat' dir='ltr'><strong>altentiores</strong></span> <span class='ocrx_word' id='word_1_334' title='bbox 1175 2962 1374 3029; x_wconf 83' lang='lat' dir='ltr'><strong>ell‘ecti,</strong></span> <span class='ocrx_word' id='word_1_335' title='bbox 1415 2963 1809 3033; x_wconf 81' lang='lat' dir='ltr'><strong>praceptiones</strong></span> <span class='ocrx_word' id='word_1_336' title='bbox 1849 2963 2028 3018; x_wconf 86' lang='lat' dir='ltr'><strong>susci-</strong></span> 
     </span>
    </p>
   </div>
   <div class='ocr_carea' id='block_1_48' title="bbox 444 3053 2025 3125">
    <p class='ocr_par' dir='ltr' id='par_1_48' title="bbox 444 3053 2025 3125">
     <span class='ocr_line' id='line_1_48' title="bbox 444 3053 2025 3125; baseline -0.001 -18"><span class='ocrx_word' id='word_1_337' title='bbox 444 3054 621 3125; x_wconf 91' lang='lat' dir='ltr'><strong>piunt,</strong></span> <span class='ocrx_word' id='word_1_338' title='bbox 679 3062 846 3123; x_wconf 89' lang='lat' dir='ltr'><strong>utque</strong></span> <span class='ocrx_word' id='word_1_339' title='bbox 877 3054 1020 3108; x_wconf 88' lang='lat' dir='ltr'><strong>idem</strong></span> <span class='ocrx_word' id='word_1_340' title='bbox 1076 3054 1464 3108; x_wconf 89' lang='lat' dir='ltr'><strong>documentum</strong></span> <span class='ocrx_word' id='word_1_341' title='bbox 1499 3060 1625 3108; x_wconf 89' lang='lat' dir='ltr'><strong>ante</strong></span> <span class='ocrx_word' id='word_1_342' title='bbox 1655 3053 1884 3108; x_wconf 82' lang='lat' dir='ltr'><strong>verbera</strong></span> <span class='ocrx_word' id='word_1_343' title='bbox 1916 3067 2025 3106; x_wconf 91' lang='lat' dir='ltr'><strong>non</strong></span> 
     </span>
    </p>
   </div>
   <div class='ocr_carea' id='block_1_49' title="bbox 443 3145 2023 3218">
    <p class='ocr_par' dir='ltr' id='par_1_49' title="bbox 443 3145 2023 3218">
     <span class='ocr_line' id='line_1_49' title="bbox 443 3145 2023 3218; baseline 0.001 -18"><span class='ocrx_word' id='word_1_344' title='bbox 443 3147 788 3208; x_wconf 79' lang='lat' dir='ltr'><strong>audiebatur,</strong></span> <span class='ocrx_word' id='word_1_345' title='bbox 837 3145 932 3200; x_wconf 87' lang='lat' dir='ltr'><strong>sed</strong></span> <span class='ocrx_word' id='word_1_346' title='bbox 978 3154 1102 3216; x_wconf 85' lang='lat' dir='ltr'><strong>post</strong></span> <span class='ocrx_word' id='word_1_347' title='bbox 1149 3146 1446 3218; x_wconf 68' lang='lat' dir='ltr'><strong>flagrorum</strong></span> <span class='ocrx_word' id='word_1_348' title='bbox 1495 3147 1760 3209; x_wconf 88' lang='lat' dir='ltr'><strong>dolorem,</strong></span> <span class='ocrx_word' id='word_1_349' title='bbox 1796 3146 2023 3201; x_wconf 88' lang='lat' dir='ltr'><strong>auribus</strong></span> 
     </span>
    </p>
   </div>
   <div class='ocr_carea' id='block_1_50' title="bbox 443 3237 2024 3308">
    <p class='ocr_par' dir='ltr' id='par_1_50' title="bbox 443 3237 2024 3308">
     <span class='ocr_line' id='line_1_50' title="bbox 443 3237 2024 3308; baseline 0.001 -16"><span class='ocrx_word' id='word_1_350' title='bbox 443 3239 600 3308; x_wconf 80' lang='lat' dir='ltr'><strong>quasi</strong></span> <span class='ocrx_word' id='word_1_351' title='bbox 650 3253 843 3294; x_wconf 88' lang='lat' dir='ltr'><strong>recens</strong></span> <span class='ocrx_word' id='word_1_352' title='bbox 885 3238 1114 3308; x_wconf 89' lang='lat' dir='ltr'><strong>apertis,</strong></span> <span class='ocrx_word' id='word_1_353' title='bbox 1163 3239 1353 3293; x_wconf 89' lang='lat' dir='ltr'><strong>auditu</strong></span> <span class='ocrx_word' id='word_1_354' title='bbox 1400 3246 1454 3293; x_wconf 92' lang='lat' dir='ltr'><strong>et</strong></span> <span class='ocrx_word' id='word_1_355' title='bbox 1493 3237 1790 3307; x_wconf 84' lang='lat' dir='ltr'><strong>excipitur,</strong></span> <span class='ocrx_word' id='word_1_356' title='bbox 1821 3246 1874 3293; x_wconf 90' lang='lat' dir='ltr'><strong>et</strong></span> <span class='ocrx_word' id='word_1_357' title='bbox 1908 3253 2024 3293; x_wconf 88' lang='lat' dir='ltr'><strong>me-</strong></span> 
     </span>
    </p>
   </div>
   <div class='ocr_carea' id='block_1_51' title="bbox 444 3329 2021 3400">
    <p class='ocr_par' dir='ltr' id='par_1_51' title="bbox 444 3329 2021 3400">
     <span class='ocr_line' id='line_1_51' title="bbox 444 3329 2021 3400; baseline -0.001 -15"><span class='ocrx_word' id='word_1_358' title='bbox 444 3331 616 3386; x_wconf 85' lang='lat' dir='ltr'><strong>moria</strong></span> <span class='ocrx_word' id='word_1_359' title='bbox 650 3331 918 3386; x_wconf 88' lang='lat' dir='ltr'><strong>retinetur</strong></span> <span class='ocrx_word' id='word_1_360' title='bbox 971 3350 984 3387; x_wconf 90' lang='lat'>:</span> <span class='ocrx_word' id='word_1_361' title='bbox 1036 3331 1112 3385; x_wconf 90' lang='lat' dir='ltr'><strong>ita</strong></span> <span class='ocrx_word' id='word_1_362' title='bbox 1153 3331 1351 3386; x_wconf 91' lang='lat' dir='ltr'><strong>accidit</strong></span> <span class='ocrx_word' id='word_1_363' title='bbox 1388 3337 1442 3384; x_wconf 89' lang='lat' dir='ltr'><strong>et</strong></span> <span class='ocrx_word' id='word_1_364' title='bbox 1483 3331 1550 3384; x_wconf 92' lang='lat' dir='ltr'><strong>iis</strong></span> <span class='ocrx_word' id='word_1_365' title='bbox 1580 3332 1672 3400; x_wconf 91' lang='lat' dir='ltr'><strong>qui</strong></span> <span class='ocrx_word' id='word_1_366' title='bbox 1714 3329 2021 3384; x_wconf 88' lang='lat' dir='ltr'><strong>doctrinam</strong></span> 
     </span>
    </p>
   </div>
   <div class='ocr_carea' id='block_1_52' title="bbox 443 3421 2026 3494">
    <p class='ocr_par' dir='ltr' id='par_1_52' title="bbox 443 3421 2026 3494">
     <span class='ocr_line' id='line_1_52' title="bbox 443 3421 2026 3494; baseline 0.001 -18"><span class='ocrx_word' id='word_1_367' title='bbox 443 3423 684 3477; x_wconf 89' lang='lat' dir='ltr'><strong>divinam</strong></span> <span class='ocrx_word' id='word_1_368' title='bbox 720 3424 1024 3494; x_wconf 86' lang='lat' dir='ltr'><strong>negligunt,</strong></span> <span class='ocrx_word' id='word_1_369' title='bbox 1059 3439 1122 3479; x_wconf 89' lang='lat' dir='ltr'><strong>ac</strong></span> <span class='ocrx_word' id='word_1_370' title='bbox 1150 3429 1419 3494; x_wconf 86' lang='lat' dir='ltr'><strong>pracepta</strong></span> <span class='ocrx_word' id='word_1_371' title='bbox 1455 3429 1840 3492; x_wconf 80' lang='lat' dir='ltr'><strong>aspernantur.</strong></span> <span class='ocrx_word' id='word_1_372' title='bbox 1873 3421 2026 3478; x_wconf 91' lang='lat' dir='ltr'><strong>Post-</strong></span> 
     </span>
    </p>
   </div>
   <div class='ocr_carea' id='block_1_53' title="bbox 443 3512 2023 3586">
    <p class='ocr_par' dir='ltr' id='par_1_53' title="bbox 443 3512 2023 3586">
     <span class='ocr_line' id='line_1_53' title="bbox 443 3512 2023 3586; baseline -0.001 -18"><span class='ocrx_word' id='word_1_373' title='bbox 443 3531 607 3586; x_wconf 85' lang='lat' dir='ltr'><strong>quam</strong></span> <span class='ocrx_word' id='word_1_374' title='bbox 642 3515 787 3569; x_wconf 90' lang='lat' dir='ltr'><strong>enim</strong></span> <span class='ocrx_word' id='word_1_375' title='bbox 832 3517 1040 3586; x_wconf 83' lang='lat' dir='ltr'><strong>experti</strong></span> <span class='ocrx_word' id='word_1_376' title='bbox 1075 3524 1202 3570; x_wconf 91' lang='lat' dir='ltr'><strong>sunt</strong></span> <span class='ocrx_word' id='word_1_377' title='bbox 1241 3513 1332 3570; x_wconf 90' lang='lat' dir='ltr'><strong>Dei</strong></span> <span class='ocrx_word' id='word_1_378' title='bbox 1372 3513 1770 3570; x_wconf 86' lang='lat' dir='ltr'><strong>correctionem</strong></span> <span class='ocrx_word' id='word_1_379' title='bbox 1811 3527 1875 3566; x_wconf 92' lang='lat' dir='ltr'><strong>ac</strong></span> <span class='ocrx_word' id='word_1_380' title='bbox 1904 3512 2023 3566; x_wconf 87' lang='lat' dir='ltr'><strong>dis-</strong></span> 
     </span>
    </p>
   </div>
   <div class='ocr_carea' id='block_1_54' title="bbox 441 3604 2025 3675">
    <p class='ocr_par' dir='ltr' id='par_1_54' title="bbox 441 3604 2025 3675">
     <span class='ocr_line' id='line_1_54' title="bbox 441 3604 2025 3675; baseline -0.001 -17"><span class='ocrx_word' id='word_1_381' title='bbox 441 3605 721 3674; x_wconf 89' lang='lat' dir='ltr'><strong>ciplinam,</strong></span> <span class='ocrx_word' id='word_1_382' title='bbox 772 3615 901 3660; x_wconf 90' lang='lat' dir='ltr'><strong>tunc</strong></span> <span class='ocrx_word' id='word_1_383' title='bbox 937 3606 1172 3661; x_wconf 84' lang='lat' dir='ltr'><strong>maxime</strong></span> <span class='ocrx_word' id='word_1_384' title='bbox 1211 3604 1306 3660; x_wconf 90' lang='lat' dir='ltr'><strong>Dei</strong></span> <span class='ocrx_word' id='word_1_385' title='bbox 1359 3605 1612 3659; x_wconf 85' lang='lat' dir='ltr'><strong>mandata</strong></span> <span class='ocrx_word' id='word_1_386' title='bbox 1656 3619 1779 3675; x_wconf 86' lang='lat' dir='ltr'><strong>qua</strong></span> <span class='ocrx_word' id='word_1_387' title='bbox 1811 3618 2025 3674; x_wconf 89' lang='lat' dir='ltr'><strong>semper</strong></span> 
     </span>
    </p>
   </div>
   <div class='ocr_carea' id='block_1_55' title="bbox 445 3695 2022 3768">
    <p class='ocr_par' dir='ltr' id='par_1_55' title="bbox 445 3695 2022 3768">
     <span class='ocr_line' id='line_1_55' title="bbox 445 3695 2022 3768; baseline 0 -20"><span class='ocrx_word' id='word_1_388' title='bbox 445 3695 663 3750; x_wconf 80' lang='lat' dir='ltr'><strong>fuerant</strong></span> <span class='ocrx_word' id='word_1_389' title='bbox 703 3696 1007 3758; x_wconf 89' lang='lat' dir='ltr'><strong>enuntiata,</strong></span> <span class='ocrx_word' id='word_1_390' title='bbox 1047 3711 1373 3768; x_wconf 88' lang='lat' dir='ltr'><strong>semperque</strong></span> <span class='ocrx_word' id='word_1_391' title='bbox 1409 3696 1678 3767; x_wconf 88' lang='lat' dir='ltr'><strong>neglecta,</strong></span> <span class='ocrx_word' id='word_1_392' title='bbox 1714 3696 1873 3766; x_wconf 89' lang='lat' dir='ltr'><strong>quasi</strong></span> <span class='ocrx_word' id='word_1_393' title='bbox 1906 3695 2022 3766; x_wconf 90' lang='lat' dir='ltr'><strong>pri-</strong></span> 
     </span>
    </p>
   </div>
   <div class='ocr_carea' id='block_1_56' title="bbox 446 3785 2022 3858">
    <p class='ocr_par' dir='ltr' id='par_1_56' title="bbox 446 3785 2022 3858">
     <span class='ocr_line' id='line_1_56' title="bbox 446 3785 2022 3858; baseline -0.001 -17"><span class='ocrx_word' id='word_1_394' title='bbox 446 3803 595 3842; x_wconf 91' lang='lat' dir='ltr'><strong>mum</strong></span> <span class='ocrx_word' id='word_1_395' title='bbox 652 3803 845 3843; x_wconf 78' lang='lat' dir='ltr'><strong>eorum</strong></span> <span class='ocrx_word' id='word_1_396' title='bbox 889 3788 1116 3842; x_wconf 90' lang='lat' dir='ltr'><strong>auribus</strong></span> <span class='ocrx_word' id='word_1_397' title='bbox 1155 3789 1429 3843; x_wconf 83' lang='lat' dir='ltr'><strong>illabentia</strong></span> <span class='ocrx_word' id='word_1_398' title='bbox 1481 3788 1836 3858; x_wconf 91' lang='lat' dir='ltr'><strong>recipiuntur.</strong></span> <span class='ocrx_word' id='word_1_399' title='bbox 1890 3785 2022 3840; x_wconf 85' lang='lat' dir='ltr'><strong>Eam</strong></span> 
     </span>
    </p>
   </div>
   <div class='ocr_carea' id='block_1_57' title="bbox 445 3878 2022 3950">
    <p class='ocr_par' dir='ltr' id='par_1_57' title="bbox 445 3878 2022 3950">
     <span class='ocr_line' id='line_1_57' title="bbox 445 3878 2022 3950; baseline -0.001 -18"><span class='ocrx_word' id='word_1_400' title='bbox 445 3880 518 3932; x_wconf 85' lang='lat' dir='ltr'><strong>ob</strong></span> <span class='ocrx_word' id='word_1_401' title='bbox 546 3894 794 3944; x_wconf 85' lang='lat' dir='ltr'><strong>causam,</strong></span> <span class='ocrx_word' id='word_1_402' title='bbox 833 3879 1124 3948; x_wconf 78' lang='lat' dir='ltr'><strong>Disciplina</strong></span> <span class='ocrx_word' id='word_1_403' title='bbox 1153 3878 1389 3943; x_wconf 83' lang='lat' dir='ltr'><strong>Domini,</strong></span> <span class='ocrx_word' id='word_1_404' title='bbox 1427 3879 1628 3950; x_wconf 88' lang='lat' dir='ltr'><strong>inquit,</strong></span> <span class='ocrx_word' id='word_1_405' title='bbox 1659 3879 1827 3948; x_wconf 86' lang='lat' dir='ltr'><strong>aperit</strong></span> <span class='ocrx_word' id='word_1_406' title='bbox 1868 3894 2022 3932; x_wconf 84' lang='lat' dir='ltr'><strong>aures</strong></span> 
     </span>
    </p>
   </div>
   <div class='ocr_carea' id='block_1_58' title="bbox 443 3968 2023 4038">
    <p class='ocr_par' dir='ltr' id='par_1_58' title="bbox 443 3968 2023 4038">
     <span class='ocr_line' id='line_1_58' title="bbox 443 3968 2023 4038; baseline 0.001 -18"><span class='ocrx_word' id='word_1_407' title='bbox 443 3984 606 4023; x_wconf 90' lang='lat' dir='ltr'><strong>meas.</strong></span> <span class='ocrx_word' id='word_1_408' title='bbox 638 3969 906 4034; x_wconf 79' lang='lat' dir='ltr'><strong>Quoniam</strong></span> <span class='ocrx_word' id='word_1_409' title='bbox 942 3968 1108 4038; x_wconf 86' lang='lat' dir='ltr'><strong>igitur</strong></span> <span class='ocrx_word' id='word_1_410' title='bbox 1138 3968 1428 4037; x_wconf 86' lang='lat' dir='ltr'><strong>disciplina</strong></span> <span class='ocrx_word' id='word_1_411' title='bbox 1476 3968 1706 4038; x_wconf 90' lang='lat' dir='ltr'><strong>corripit</strong></span> <span class='ocrx_word' id='word_1_412' title='bbox 1753 3983 1878 4023; x_wconf 91' lang='lat' dir='ltr'><strong>eum</strong></span> <span class='ocrx_word' id='word_1_413' title='bbox 1929 3973 2023 4038; x_wconf 86' lang='lat' dir='ltr'><strong>qui</strong></span> 
     </span>
    </p>
   </div>
   <div class='ocr_carea' id='block_1_59' title="bbox 443 4058 2025 4129">
    <p class='ocr_par' dir='ltr' id='par_1_59' title="bbox 443 4058 2025 4129">
     <span class='ocr_line' id='line_1_59' title="bbox 443 4058 2025 4129; baseline 0.001 -17"><span class='ocrx_word' id='word_1_414' title='bbox 443 4074 502 4113; x_wconf 87' lang='lat' dir='ltr'><strong>se</strong></span> <span class='ocrx_word' id='word_1_415' title='bbox 531 4061 838 4114; x_wconf 87' lang='lat' dir='ltr'><strong>inordinate</strong></span> <span class='ocrx_word' id='word_1_416' title='bbox 883 4061 1042 4129; x_wconf 89' lang='lat' dir='ltr'><strong>gerit,</strong></span> <span class='ocrx_word' id='word_1_417' title='bbox 1081 4059 1157 4113; x_wconf 91' lang='lat' dir='ltr'><strong>uti</strong></span> <span class='ocrx_word' id='word_1_418' title='bbox 1187 4058 1467 4113; x_wconf 83' lang='lat' dir='ltr'><strong>factitabat</strong></span> <span class='ocrx_word' id='word_1_419' title='bbox 1502 4058 1729 4120; x_wconf 87' lang='lat' dir='ltr'><strong>Paulus,</strong></span> <span class='ocrx_word' id='word_1_420' title='bbox 1777 4060 1871 4129; x_wconf 88' lang='lat' dir='ltr'><strong>qui</strong></span> <span class='ocrx_word' id='word_1_421' title='bbox 1911 4067 2025 4114; x_wconf 86' lang='lat' dir='ltr'><strong>tra-</strong></span> 
     </span>
    </p>
   </div>
   <div class='ocr_carea' id='block_1_60' title="bbox 444 4147 2021 4218">
    <p class='ocr_par' dir='ltr' id='par_1_60' title="bbox 444 4147 2021 4218">
     <span class='ocr_line' id='line_1_60' title="bbox 444 4147 2021 4218; baseline 0.001 -18"><span class='ocrx_word' id='word_1_422' title='bbox 444 4147 608 4202; x_wconf 84' lang='lat' dir='ltr'><strong>debat</strong></span> <span class='ocrx_word' id='word_1_423' title='bbox 642 4148 856 4201; x_wconf 70' lang='lat' dir='ltr'><strong>Satanae</strong></span> <span class='ocrx_word' id='word_1_424' title='bbox 884 4150 950 4213; x_wconf 67' lang='grc' dir='ltr'><strong>θ’,</strong></span> <span class='ocrx_word' id='word_1_425' title='bbox 982 4148 1139 4217; x_wconf 87' lang='lat' dir='ltr'><strong>quasi</strong></span> <span class='ocrx_word' id='word_1_426' title='bbox 1185 4149 1423 4218; x_wconf 88' lang='lat' dir='ltr'><strong>cuipiam</strong></span> <span class='ocrx_word' id='word_1_427' title='bbox 1466 4148 1712 4202; x_wconf 81' lang='lat' dir='ltr'><strong>carniﬁci</strong></span> <span class='ocrx_word' id='word_1_428' title='bbox 1747 4149 2021 4218; x_wconf 89' lang='lat' dir='ltr'><strong>torquenti</strong></span> 
     </span>
    </p>
   </div>
   <div class='ocr_carea' id='block_1_61' title="bbox 445 4238 2019 4310">
    <p class='ocr_par' dir='ltr' id='par_1_61' title="bbox 445 4238 2019 4310">
     <span class='ocr_line' id='line_1_61' title="bbox 445 4238 2019 4310; baseline 0.003 -20"><span class='ocrx_word' id='word_1_429' title='bbox 445 4254 505 4290; x_wconf 85' lang='lat' dir='ltr'><strong>ac</strong></span> <span class='ocrx_word' id='word_1_430' title='bbox 531 4238 742 4309; x_wconf 84' lang='lat' dir='ltr'><strong>ﬂagello</strong></span> <span class='ocrx_word' id='word_1_431' title='bbox 765 4239 1092 4302; x_wconf 89' lang='lat' dir='ltr'><strong>concidenti,</strong></span> <span class='ocrx_word' id='word_1_432' title='bbox 1115 4247 1172 4292; x_wconf 92' lang='lat' dir='ltr'><strong>ut</strong></span> <span class='ocrx_word' id='word_1_433' title='bbox 1192 4239 1465 4294; x_wconf 89' lang='lat' dir='ltr'><strong>discerent</strong></span> <span class='ocrx_word' id='word_1_434' title='bbox 1485 4255 1594 4294; x_wconf 90' lang='lat' dir='ltr'><strong>non</strong></span> <span class='ocrx_word' id='word_1_435' title='bbox 1617 4239 2019 4310; x_wconf 87' lang='lat' dir='ltr'><strong>blasphemare;</strong></span> 
     </span>
    </p>
   </div>
   <div class='ocr_carea' id='block_1_62' title="bbox 444 4329 2022 4401">
    <p class='ocr_par' dir='ltr' id='par_1_62' title="bbox 444 4329 2022 4401">
     <span class='ocr_line' id='line_1_62' title="bbox 444 4329 2022 4401; baseline 0.003 -21"><span class='ocrx_word' id='word_1_436' title='bbox 444 4329 698 4383; x_wconf 87' lang='lat' dir='ltr'><strong>rebellem</strong></span> <span class='ocrx_word' id='word_1_437' title='bbox 746 4338 926 4384; x_wconf 89' lang='lat' dir='ltr'><strong>autem</strong></span> <span class='ocrx_word' id='word_1_438' title='bbox 981 4331 1212 4394; x_wconf 88' lang='lat' dir='ltr'><strong>reducit,</strong></span> <span class='ocrx_word' id='word_1_439' title='bbox 1273 4332 1342 4385; x_wconf 82' lang='lat' dir='ltr'><strong>de</strong></span> <span class='ocrx_word' id='word_1_440' title='bbox 1396 4347 1506 4401; x_wconf 91' lang='lat' dir='ltr'><strong>quo</strong></span> <span class='ocrx_word' id='word_1_441' title='bbox 1561 4331 1770 4386; x_wconf 86' lang='lat' dir='ltr'><strong>scilicet</strong></span> <span class='ocrx_word' id='word_1_442' title='bbox 1814 4330 2022 4386; x_wconf 88' lang='lat' dir='ltr'><strong>dictum</strong></span> 
     </span>
    </p>
   </div>
   <div class='ocr_carea' id='block_1_63' title="bbox 442 4420 2017 4492">
    <p class='ocr_par' dir='ltr' id='par_1_63' title="bbox 442 4420 2017 4492">
     <span class='ocr_line' id='line_1_63' title="bbox 442 4420 2017 4492; baseline 0.001 -18"><span class='ocrx_word' id='word_1_443' title='bbox 442 4428 528 4474; x_wconf 87' lang='lat' dir='ltr'><strong>est</strong></span> <span class='ocrx_word' id='word_1_444' title='bbox 575 4420 746 4474; x_wconf 88' lang='lat' dir='ltr'><strong>:Post</strong></span> <span class='ocrx_word' id='word_1_445' title='bbox 801 4422 1154 4490; x_wconf 79' lang='lat' dir='ltr'><strong>captivitatem</strong></span> <span class='ocrx_word' id='word_1_446' title='bbox 1202 4438 1351 4474; x_wconf 89' lang='lat' dir='ltr'><strong>suam</strong></span> <span class='ocrx_word' id='word_1_447' title='bbox 1398 4423 1760 4490; x_wconf 71' lang='lat' dir='ltr'><strong>paenitentiam</strong></span> <span class='ocrx_word' id='word_1_448' title='bbox 1803 4425 1904 4492; x_wconf 76' lang='lat' dir='ltr'><strong>egit</strong></span> <span class='ocrx_word' id='word_1_449' title='bbox 1960 4425 2017 4488; x_wconf 89' lang='grc'><strong>¹;</strong></span> 
     </span>
    </p>
   </div>
   <div class='ocr_carea' id='block_1_64' title="bbox 2130 1948 3716 2021">
    <p class='ocr_par' dir='ltr' id='par_1_64' title="bbox 2130 1948 3716 2021">
     <span class='ocr_line' id='line_1_64' title="bbox 2130 1948 3716 2021; baseline 0.002 -19"><span class='ocrx_word' id='word_1_450' title='bbox 2130 1949 2234 2002; x_wconf 83' lang='grc' dir='ltr'><strong>ὑπὸ</strong></span> <span class='ocrx_word' id='word_1_451' title='bbox 2266 1948 2507 2020; x_wconf 84' lang='grc' dir='ltr'>ἀμαθίας</span> <span class='ocrx_word' id='word_1_452' title='bbox 2537 1951 2636 2002; x_wconf 82' lang='grc' dir='ltr'><strong>οὐκ</strong></span> <span class='ocrx_word' id='word_1_453' title='bbox 2665 1949 3041 2019; x_wconf 82' lang='grc' dir='ltr'>ἀναμένουσιν,</span> <span class='ocrx_word' id='word_1_454' title='bbox 3095 1949 3230 2003; x_wconf 87' lang='grc' dir='ltr'><strong>ἀλλὰ</strong></span> <span class='ocrx_word' id='word_1_455' title='bbox 3253 1950 3716 2021; x_wconf 74' lang='grc' dir='ltr'>δυσανασχετοῦνο</span> 
     </span>
    </p>
   </div>
   <div class='ocr_carea' id='block_1_65' title="bbox 2127 2036 3716 2112">
    <p class='ocr_par' dir='ltr' id='par_1_65' title="bbox 2127 2036 3716 2112">
     <span class='ocr_line' id='line_1_65' title="bbox 2127 2036 3716 2112; baseline 0.006 -26"><span class='ocrx_word' id='word_1_456' title='bbox 2127 2052 2216 2099; x_wconf 88' lang='grc' dir='ltr'><strong>τες</strong></span> <span class='ocrx_word' id='word_1_457' title='bbox 2250 2036 2384 2106; x_wconf 79' lang='grc' dir='ltr'>πρὸς</span> <span class='ocrx_word' id='word_1_458' title='bbox 2407 2036 2467 2089; x_wconf 75' lang='grc' dir='ltr'><strong>τὸ</strong></span> <span class='ocrx_word' id='word_1_459' title='bbox 2501 2038 2601 2108; x_wconf 81' lang='grc' dir='ltr'>τῆς</span> <span class='ocrx_word' id='word_1_460' title='bbox 2625 2037 2944 2108; x_wconf 76' lang='grc' dir='ltr'>ἐπιμελείας</span> <span class='ocrx_word' id='word_1_461' title='bbox 2975 2039 3264 2110; x_wconf 80' lang='grc' dir='ltr'>αὐστηρὸν,</span> <span class='ocrx_word' id='word_1_462' title='bbox 3295 2043 3408 2104; x_wconf 83' lang='grc' dir='ltr'>τοῖς</span> <span class='ocrx_word' id='word_1_463' title='bbox 3437 2041 3536 2112; x_wconf 83' lang='grc' dir='ltr'>τῆς</span> <span class='ocrx_word' id='word_1_464' title='bbox 3563 2044 3716 2112; x_wconf 68' lang='grc' dir='ltr'>ἀμαο</span> 
     </span>
    </p>
   </div>
   <div class='ocr_carea' id='block_1_66' title="bbox 2128 2125 3716 2207">
    <p class='ocr_par' dir='ltr' id='par_1_66' title="bbox 2128 2125 3716 2207">
     <span class='ocr_line' id='line_1_66' title="bbox 2128 2125 3716 2207; baseline 0.007 -29"><span class='ocrx_word' id='word_1_465' title='bbox 2128 2125 2248 2191; x_wconf 88' lang='grc' dir='ltr'>θίας</span> <span class='ocrx_word' id='word_1_466' title='bbox 2298 2128 2727 2201; x_wconf 70' lang='grc' dir='ltr'>ἀρρωστήμασιν</span> <span class='ocrx_word' id='word_1_467' title='bbox 2761 2130 3144 2202; x_wconf 83' lang='grc' dir='ltr'>ἐναπέμειναν.</span> <span class='ocrx_word' id='word_1_468' title='bbox 3179 2132 3278 2185; x_wconf 87' lang='grc' dir='ltr'>Διά</span> <span class='ocrx_word' id='word_1_469' title='bbox 3309 2133 3468 2187; x_wconf 87' lang='grc' dir='ltr'>τοῦτο</span> <span class='ocrx_word' id='word_1_470' title='bbox 3498 2135 3716 2207; x_wconf 83' lang='grc' dir='ltr'>θαύμα-</span> 
     </span>
    </p>
   </div>
   <div class='ocr_carea' id='block_1_67' title="bbox 2126 2217 3712 2294">
    <p class='ocr_par' dir='ltr' id='par_1_67' title="bbox 2126 2217 3712 2294">
     <span class='ocr_line' id='line_1_67' title="bbox 2126 2217 3712 2294; baseline 0.006 -24"><span class='ocrx_word' id='word_1_471' title='bbox 2126 2235 2217 2280; x_wconf 87' lang='grc' dir='ltr'><strong>τος</strong></span> <span class='ocrx_word' id='word_1_472' title='bbox 2264 2217 2408 2283; x_wconf 76' lang='grc' dir='ltr'>ἄξιαι</span> <span class='ocrx_word' id='word_1_473' title='bbox 2466 2219 2574 2273; x_wconf 90' lang='grc' dir='ltr'><strong>τῶν</strong></span> <span class='ocrx_word' id='word_1_474' title='bbox 2625 2221 2849 2276; x_wconf 90' lang='grc' dir='ltr'>δικαίων</span> <span class='ocrx_word' id='word_1_475' title='bbox 2901 2224 2958 2275; x_wconf 80' lang='grc' dir='ltr'>αἱ</span> <span class='ocrx_word' id='word_1_476' title='bbox 3015 2224 3223 2293; x_wconf 78' lang='grc' dir='ltr'>φωναὶ,</span> <span class='ocrx_word' id='word_1_477' title='bbox 3274 2224 3382 2278; x_wconf 87' lang='grc' dir='ltr'><strong>τῶν</strong></span> <span class='ocrx_word' id='word_1_478' title='bbox 3410 2225 3712 2294; x_wconf 73' lang='grc' dir='ltr'>λεγόντωνδ</span> 
     </span>
    </p>
   </div>
   <div class='ocr_carea' id='block_1_68' title="bbox 2128 2310 3716 2388">
    <p class='ocr_par' dir='ltr' id='par_1_68' title="bbox 2128 2310 3716 2388">
     <span class='ocr_line' id='line_1_68' title="bbox 2128 2310 3716 2388; baseline 0.004 -23"><span class='ocrx_word' id='word_1_479' title='bbox 2128 2311 2322 2378; x_wconf 79' lang='grc' dir='ltr'>Κύριε,</span> <span class='ocrx_word' id='word_1_480' title='bbox 2335 2310 2421 2380; x_wconf 81' lang='grc' dir='ltr'>μὴ</span> <span class='ocrx_word' id='word_1_481' title='bbox 2447 2310 2526 2377; x_wconf 85' lang='grc' dir='ltr'>τῷ</span> <span class='ocrx_word' id='word_1_482' title='bbox 2553 2312 2716 2382; x_wconf 83' lang='grc' dir='ltr'>θυμῷ</span> <span class='ocrx_word' id='word_1_483' title='bbox 2740 2329 2857 2368; x_wconf 91' lang='grc' dir='ltr'><strong>σου</strong></span> <span class='ocrx_word' id='word_1_484' title='bbox 2885 2313 3142 2385; x_wconf 76' lang='grc' dir='ltr'><strong>ἐλέγξῃς</strong></span> <span class='ocrx_word' id='word_1_485' title='bbox 3163 2333 3261 2385; x_wconf 84' lang='grc' dir='ltr'><strong>με,</strong></span> <span class='ocrx_word' id='word_1_486' title='bbox 3276 2316 3433 2386; x_wconf 84' lang='grc' dir='ltr'>μηδὲ</span> <span class='ocrx_word' id='word_1_487' title='bbox 3456 2316 3531 2386; x_wconf 80' lang='grc' dir='ltr'>τῇ</span> <span class='ocrx_word' id='word_1_488' title='bbox 3560 2318 3716 2388; x_wconf 65' lang='grc' dir='ltr'>ὀργῇ</span> 
     </span>
    </p>
   </div>
   <div class='ocr_carea' id='block_1_69' title="bbox 2127 2401 3719 2478">
    <p class='ocr_par' dir='ltr' id='par_1_69' title="bbox 2127 2401 3719 2478">
     <span class='ocr_line' id='line_1_69' title="bbox 2127 2401 3719 2478; baseline 0.004 -24"><span class='ocrx_word' id='word_1_489' title='bbox 2127 2417 2246 2455; x_wconf 91' lang='grc' dir='ltr'><strong>σου</strong></span> <span class='ocrx_word' id='word_1_490' title='bbox 2273 2401 2608 2470; x_wconf 82' lang='grc' dir='ltr'>παιδεύσῃς</span> <span class='ocrx_word' id='word_1_491' title='bbox 2630 2420 2725 2472; x_wconf 84' lang='grc' dir='ltr'>με.</span> <span class='ocrx_word' id='word_1_492' title='bbox 2746 2405 2820 2456; x_wconf 86' lang='grc' dir='ltr'><strong>Οὐ</strong></span> <span class='ocrx_word' id='word_1_493' title='bbox 2842 2405 2951 2476; x_wconf 81' lang='grc' dir='ltr'>γὰρ</span> <span class='ocrx_word' id='word_1_494' title='bbox 2980 2406 3079 2475; x_wconf 84' lang='grc' dir='ltr'>τὴν</span> <span class='ocrx_word' id='word_1_495' title='bbox 3104 2405 3351 2459; x_wconf 89' lang='grc' dir='ltr'>παιδείαν</span> <span class='ocrx_word' id='word_1_496' title='bbox 3384 2406 3719 2478; x_wconf 85' lang='grc' dir='ltr'>παραιτοῦν-</span> 
     </span>
    </p>
   </div>
   <div class='ocr_carea' id='block_1_70' title="bbox 2125 2491 3715 2567">
    <p class='ocr_par' dir='ltr' id='par_1_70' title="bbox 2125 2491 3715 2567">
     <span class='ocr_line' id='line_1_70' title="bbox 2125 2491 3715 2567; baseline 0.005 -23"><span class='ocrx_word' id='word_1_497' title='bbox 2125 2509 2236 2555; x_wconf 89' lang='grc' dir='ltr'>ται,</span> <span class='ocrx_word' id='word_1_498' title='bbox 2268 2491 2404 2545; x_wconf 86' lang='grc' dir='ltr'><strong>ἀλλά</strong></span> <span class='ocrx_word' id='word_1_499' title='bbox 2430 2491 2527 2563; x_wconf 80' lang='grc' dir='ltr'><strong>τὴν</strong></span> <span class='ocrx_word' id='word_1_500' title='bbox 2553 2493 2944 2564; x_wconf 86' lang='grc' dir='ltr'>ὀργήν.Τούτῳ</span> <span class='ocrx_word' id='word_1_501' title='bbox 2966 2494 3346 2567; x_wconf 83' lang='grc' dir='ltr'>παραπλήσιόν</span> <span class='ocrx_word' id='word_1_502' title='bbox 3366 2497 3480 2548; x_wconf 76' lang='grc' dir='ltr'>ἐστι</span> <span class='ocrx_word' id='word_1_503' title='bbox 3509 2497 3603 2550; x_wconf 57' lang='grc' dir='ltr'><strong>καί⁵</strong></span> <span class='ocrx_word' id='word_1_504' title='bbox 3622 2496 3715 2561; x_wconf 68' lang='grc' dir='ltr'><strong>τὸ,</strong></span> 
     </span>
    </p>
   </div>
   <div class='ocr_carea' id='block_1_71' title="bbox 2129 2581 3716 2656">
    <p class='ocr_par' dir='ltr' id='par_1_71' title="bbox 2129 2581 3716 2656">
     <span class='ocr_line' id='line_1_71' title="bbox 2129 2581 3716 2656; baseline 0.006 -23"><span class='ocrx_word' id='word_1_505' title='bbox 2129 2581 2468 2636; x_wconf 82' lang='grc' dir='ltr'>Παὶδευσον</span> <span class='ocrx_word' id='word_1_506' title='bbox 2483 2583 2660 2652; x_wconf 78' lang='grc' dir='ltr'>ἡμᾶς,</span> <span class='ocrx_word' id='word_1_507' title='bbox 2689 2584 2888 2651; x_wconf 82' lang='grc' dir='ltr'>Κύριε,</span> <span class='ocrx_word' id='word_1_508' title='bbox 2911 2583 3078 2652; x_wconf 76' lang='grc' dir='ltr'>πλὴν</span> <span class='ocrx_word' id='word_1_509' title='bbox 3092 2584 3163 2638; x_wconf 82' lang='grc' dir='ltr'>ἐν</span> <span class='ocrx_word' id='word_1_510' title='bbox 3178 2587 3392 2654; x_wconf 80' lang='grc' dir='ltr'>κρίσει,</span> <span class='ocrx_word' id='word_1_511' title='bbox 3417 2587 3616 2656; x_wconf 78' lang='grc' dir='ltr'>καὶμὴ</span> <span class='ocrx_word' id='word_1_512' title='bbox 3636 2588 3716 2641; x_wconf 84' lang='grc' dir='ltr'>ὲν</span> 
     </span>
    </p>
   </div>
   <div class='ocr_carea' id='block_1_72' title="bbox 2129 2673 3715 2749">
    <p class='ocr_par' dir='ltr' id='par_1_72' title="bbox 2129 2673 3715 2749">
     <span class='ocr_line' id='line_1_72' title="bbox 2129 2673 3715 2749; baseline 0.004 -21"><span class='ocrx_word' id='word_1_513' title='bbox 2129 2673 2322 2744; x_wconf 84' lang='grc' dir='ltr'>θυμῷ·</span> <span class='ocrx_word' id='word_1_514' title='bbox 2387 2676 2477 2728; x_wconf 71' lang='grc' dir='ltr'>καὶ</span> <span class='ocrx_word' id='word_1_515' title='bbox 2501 2677 2590 2729; x_wconf 88' lang='grc' dir='ltr'>τό·</span> <span class='ocrx_word' id='word_1_516' title='bbox 2639 2676 2699 2730; x_wconf 87' lang='grc' dir='ltr'><strong><em>Ἡ</em></strong></span> <span class='ocrx_word' id='word_1_517' title='bbox 2725 2677 2961 2730; x_wconf 74' lang='grc' dir='ltr'>παιδεία</span> <span class='ocrx_word' id='word_1_518' title='bbox 2991 2676 3213 2746; x_wconf 82' lang='grc' dir='ltr'>Κυρίου</span> <span class='ocrx_word' id='word_1_519' title='bbox 3235 2679 3459 2749; x_wconf 72' lang='grc' dir='ltr'>ἀνοίγει</span> <span class='ocrx_word' id='word_1_520' title='bbox 3486 2699 3604 2749; x_wconf 86' lang='grc' dir='ltr'><strong>μου</strong></span> <span class='ocrx_word' id='word_1_521' title='bbox 3634 2682 3715 2735; x_wconf 75' lang='grc' dir='ltr'>τὰ</span> 
     </span>
    </p>
   </div>
   <div class='ocr_carea' id='block_1_73' title="bbox 2127 2762 3712 2842">
    <p class='ocr_par' dir='ltr' id='par_1_73' title="bbox 2127 2762 3712 2842">
     <span class='ocr_line' id='line_1_73' title="bbox 2127 2762 3712 2842; baseline 0.003 -20"><span class='ocrx_word' id='word_1_522' title='bbox 2127 2762 2265 2822; x_wconf 83' lang='grc' dir='ltr'>ὦτα.</span> <span class='ocrx_word' id='word_1_523' title='bbox 2293 2768 2504 2838; x_wconf 83' lang='grc' dir='ltr'>Ὥσπερ</span> <span class='ocrx_word' id='word_1_524' title='bbox 2531 2768 2640 2840; x_wconf 75' lang='grc' dir='ltr'><strong>γὰρ</strong></span> <span class='ocrx_word' id='word_1_525' title='bbox 2677 2768 2786 2822; x_wconf 85' lang='grc' dir='ltr'><strong>τῶν</strong></span> <span class='ocrx_word' id='word_1_526' title='bbox 2821 2770 3027 2823; x_wconf 88' lang='grc' dir='ltr'>παίδων</span> <span class='ocrx_word' id='word_1_527' title='bbox 3071 2771 3121 2822; x_wconf 81' lang='grc' dir='ltr'>οἱ</span> <span class='ocrx_word' id='word_1_528' title='bbox 3163 2771 3370 2842; x_wconf 85' lang='grc' dir='ltr'>νήπιοι,</span> <span class='ocrx_word' id='word_1_529' title='bbox 3404 2773 3712 2842; x_wconf 80' lang='grc' dir='ltr'>κατολιγω-</span> 
     </span>
    </p>
   </div>
   <div class='ocr_carea' id='block_1_74' title="bbox 2131 2856 3714 2931">
    <p class='ocr_par' dir='ltr' id='par_1_74' title="bbox 2131 2856 3714 2931">
     <span class='ocr_line' id='line_1_74' title="bbox 2131 2856 3714 2931; baseline 0.005 -21"><span class='ocrx_word' id='word_1_530' title='bbox 2131 2856 2354 2926; x_wconf 84' lang='grc' dir='ltr'>ροῦντες</span> <span class='ocrx_word' id='word_1_531' title='bbox 2392 2857 2498 2910; x_wconf 89' lang='grc' dir='ltr'><strong>τῶν</strong></span> <span class='ocrx_word' id='word_1_532' title='bbox 2543 2857 2902 2928; x_wconf 80' lang='grc' dir='ltr'>μαθημάτων,</span> <span class='ocrx_word' id='word_1_533' title='bbox 2943 2859 3082 2929; x_wconf 86' lang='grc' dir='ltr'><strong>μετά</strong></span> <span class='ocrx_word' id='word_1_534' title='bbox 3108 2859 3208 2924; x_wconf 92' lang='grc' dir='ltr'><strong>τάς</strong></span> <span class='ocrx_word' id='word_1_535' title='bbox 3249 2861 3520 2931; x_wconf 85' lang='grc' dir='ltr'>μάστιγας</span> <span class='ocrx_word' id='word_1_536' title='bbox 3554 2863 3623 2928; x_wconf 76' lang='grc' dir='ltr'>ἃς</span> <span class='ocrx_word' id='word_1_537' title='bbox 3654 2865 3714 2918; x_wconf 73' lang='grc' dir='ltr'>οξ</span> 
     </span>
    </p>
   </div>
   <div class='ocr_carea' id='block_1_75' title="bbox 2127 2947 3712 3027">
    <p class='ocr_par' dir='ltr' id='par_1_75' title="bbox 2127 2947 3712 3027">
     <span class='ocr_line' id='line_1_75' title="bbox 2127 2947 3712 3027; baseline 0.006 -27"><span class='ocrx_word' id='word_1_538' title='bbox 2127 2947 2433 3001; x_wconf 86' lang='grc' dir='ltr'>διδάσκαλοι</span> <span class='ocrx_word' id='word_1_539' title='bbox 2477 2949 2723 3020; x_wconf 80' lang='grc' dir='ltr'>αὐτοῖςῆ</span> <span class='ocrx_word' id='word_1_540' title='bbox 2767 2949 3103 3019; x_wconf 76' lang='grc' dir='ltr'>παιδαγωγοὶ</span> <span class='ocrx_word' id='word_1_541' title='bbox 3138 2954 3494 3024; x_wconf 76' lang='grc' dir='ltr'>προσάγουσι,</span> <span class='ocrx_word' id='word_1_542' title='bbox 3535 2973 3712 3027; x_wconf 83' lang='grc' dir='ltr'>προσ·-</span> 
     </span>
    </p>
   </div>
   <div class='ocr_carea' id='block_1_76' title="bbox 2128 3039 3714 3114">
    <p class='ocr_par' dir='ltr' id='par_1_76' title="bbox 2128 3039 3714 3114">
     <span class='ocr_line' id='line_1_76' title="bbox 2128 3039 3714 3114; baseline 0.006 -23"><span class='ocrx_word' id='word_1_543' title='bbox 2128 3039 2403 3111; x_wconf 87' lang='grc' dir='ltr'>εχέστεροι</span> <span class='ocrx_word' id='word_1_544' title='bbox 2452 3039 2753 3110; x_wconf 83' lang='grc' dir='ltr'>γενόμενοι,</span> <span class='ocrx_word' id='word_1_545' title='bbox 2792 3040 3038 3112; x_wconf 84' lang='grc' dir='ltr'>δέχονται</span> <span class='ocrx_word' id='word_1_546' title='bbox 3065 3040 3135 3094; x_wconf 86' lang='grc' dir='ltr'><strong>τὰ</strong></span> <span class='ocrx_word' id='word_1_547' title='bbox 3176 3042 3506 3114; x_wconf 84' lang='grc' dir='ltr'>διδάγματα,</span> <span class='ocrx_word' id='word_1_548' title='bbox 3545 3048 3640 3100; x_wconf 81' lang='grc' dir='ltr'>καὶ</span> <span class='ocrx_word' id='word_1_549' title='bbox 3681 3051 3714 3100; x_wconf 84' lang='grc' dir='ltr'><strong>ό</strong></span> 
     </span>
    </p>
   </div>
   <div class='ocr_carea' id='block_1_77' title="bbox 2128 3131 3716 3208">
    <p class='ocr_par' dir='ltr' id='par_1_77' title="bbox 2128 3131 3716 3208">
     <span class='ocr_line' id='line_1_77' title="bbox 2128 3131 3716 3208; baseline 0.006 -24"><span class='ocrx_word' id='word_1_550' title='bbox 2128 3131 2289 3195; x_wconf 84' lang='grc' dir='ltr'>αὐτὸς</span> <span class='ocrx_word' id='word_1_551' title='bbox 2309 3132 2465 3200; x_wconf 86' lang='grc' dir='ltr'>λόγος</span> <span class='ocrx_word' id='word_1_552' title='bbox 2495 3131 2601 3204; x_wconf 81' lang='grc' dir='ltr'><strong>πρὸ</strong></span> <span class='ocrx_word' id='word_1_553' title='bbox 2639 3132 2737 3203; x_wconf 81' lang='grc' dir='ltr'>μὲν</span> <span class='ocrx_word' id='word_1_554' title='bbox 2766 3132 2874 3186; x_wconf 86' lang='grc' dir='ltr'><strong>τῶν</strong></span> <span class='ocrx_word' id='word_1_555' title='bbox 2905 3133 3129 3204; x_wconf 87' lang='grc' dir='ltr'>πληγῶν</span> <span class='ocrx_word' id='word_1_556' title='bbox 3153 3133 3252 3188; x_wconf 83' lang='grc' dir='ltr'><strong>οὐκ</strong></span> <span class='ocrx_word' id='word_1_557' title='bbox 3281 3137 3528 3206; x_wconf 73' lang='grc' dir='ltr'>ἠκούετο,</span> <span class='ocrx_word' id='word_1_558' title='bbox 3567 3139 3716 3208; x_wconf 80' lang='grc' dir='ltr'>μετὰ</span> 
     </span>
    </p>
   </div>
   <div class='ocr_carea' id='block_1_78' title="bbox 2125 3222 3714 3298">
    <p class='ocr_par' dir='ltr' id='par_1_78' title="bbox 2125 3222 3714 3298">
     <span class='ocr_line' id='line_1_78' title="bbox 2125 3222 3714 3298; baseline 0.004 -23"><span class='ocrx_word' id='word_1_559' title='bbox 2125 3223 2182 3276; x_wconf 81' lang='grc' dir='ltr'>δὲ</span> <span class='ocrx_word' id='word_1_560' title='bbox 2224 3222 2324 3286; x_wconf 79' lang='grc' dir='ltr'>τὰς</span> <span class='ocrx_word' id='word_1_561' title='bbox 2366 3225 2432 3277; x_wconf 85' lang='grc' dir='ltr'>ὲκ</span> <span class='ocrx_word' id='word_1_562' title='bbox 2469 3223 2579 3278; x_wconf 86' lang='grc' dir='ltr'><strong>τῶν</strong></span> <span class='ocrx_word' id='word_1_563' title='bbox 2631 3223 2910 3294; x_wconf 84' lang='grc' dir='ltr'>μαστίγων</span> <span class='ocrx_word' id='word_1_564' title='bbox 2944 3224 3251 3289; x_wconf 85' lang='grc' dir='ltr'>όδύνας,ὼς</span> <span class='ocrx_word' id='word_1_565' title='bbox 3272 3226 3396 3298; x_wconf 76' lang='grc' dir='ltr'>ἄρτι</span> <span class='ocrx_word' id='word_1_566' title='bbox 3418 3228 3527 3281; x_wconf 87' lang='grc' dir='ltr'><strong>τῶν</strong></span> <span class='ocrx_word' id='word_1_567' title='bbox 3550 3228 3714 3283; x_wconf 81' lang='grc' dir='ltr'>ῶτων</span> 
     </span>
    </p>
   </div>
   <div class='ocr_carea' id='block_1_79' title="bbox 2123 3315 3712 3389">
    <p class='ocr_par' dir='ltr' id='par_1_79' title="bbox 2123 3315 3712 3389">
     <span class='ocr_line' id='line_1_79' title="bbox 2123 3315 3712 3389; baseline 0.003 -20"><span class='ocrx_word' id='word_1_568' title='bbox 2123 3315 2500 3385; x_wconf 87' lang='grc' dir='ltr'>διανοιγέντων</span> <span class='ocrx_word' id='word_1_569' title='bbox 2519 3355 2534 3380; x_wconf 95' lang='grc'><strong>,</strong></span> <span class='ocrx_word' id='word_1_570' title='bbox 2573 3317 2666 3369; x_wconf 81' lang='grc' dir='ltr'>καὶ</span> <span class='ocrx_word' id='word_1_571' title='bbox 2695 3315 3002 3388; x_wconf 86' lang='grc' dir='ltr'>παρεδέχθη</span> <span class='ocrx_word' id='word_1_572' title='bbox 3032 3319 3096 3389; x_wconf 84' lang='grc' dir='ltr'>τῇ</span> <span class='ocrx_word' id='word_1_573' title='bbox 3131 3319 3290 3389; x_wconf 80' lang='grc' dir='ltr'>ἀκοῇ,</span> <span class='ocrx_word' id='word_1_574' title='bbox 3327 3320 3420 3372; x_wconf 76' lang='grc' dir='ltr'><strong>καὶ</strong></span> <span class='ocrx_word' id='word_1_575' title='bbox 3450 3320 3712 3389; x_wconf 75' lang='grc' dir='ltr'>διεφυλά-</span> 
     </span>
    </p>
   </div>
   <div class='ocr_carea' id='block_1_80' title="bbox 2123 3406 3713 3482">
    <p class='ocr_par' dir='ltr' id='par_1_80' title="bbox 2123 3406 3713 3482">
     <span class='ocr_line' id='line_1_80' title="bbox 2123 3406 3713 3482; baseline 0.004 -22"><span class='ocrx_word' id='word_1_576' title='bbox 2123 3407 2225 3480; x_wconf 88' lang='grc' dir='ltr'><strong>χθη</strong></span> <span class='ocrx_word' id='word_1_577' title='bbox 2261 3407 2337 3477; x_wconf 80' lang='grc'>(5)</span> <span class='ocrx_word' id='word_1_578' title='bbox 2368 3410 2434 3478; x_wconf 78' lang='grc' dir='ltr'>τῇ</span> <span class='ocrx_word' id='word_1_579' title='bbox 2471 3407 2679 3479; x_wconf 71' lang='grc' dir='ltr'>μνήμῃδ</span> <span class='ocrx_word' id='word_1_580' title='bbox 2704 3406 2848 3461; x_wconf 78' lang='grc' dir='ltr'>οὕτω</span> <span class='ocrx_word' id='word_1_581' title='bbox 2882 3409 2978 3462; x_wconf 77' lang='grc' dir='ltr'>καὶ</span> <span class='ocrx_word' id='word_1_582' title='bbox 3010 3409 3103 3463; x_wconf 76' lang='grc' dir='ltr'>ἐπὶ</span> <span class='ocrx_word' id='word_1_583' title='bbox 3136 3408 3246 3464; x_wconf 89' lang='grc' dir='ltr'><strong>τῶν</strong></span> <span class='ocrx_word' id='word_1_584' title='bbox 3282 3413 3713 3482; x_wconf 83' lang='grc' dir='ltr'>παρακουόντων</span> 
     </span>
    </p>
   </div>
   <div class='ocr_carea' id='block_1_81' title="bbox 2121 3500 3713 3577">
    <p class='ocr_par' dir='ltr' id='par_1_81' title="bbox 2121 3500 3713 3577">
     <span class='ocr_line' id='line_1_81' title="bbox 2121 3500 3713 3577; baseline 0.004 -25"><span class='ocrx_word' id='word_1_585' title='bbox 2121 3503 2222 3569; x_wconf 85' lang='grc' dir='ltr'>τῆς</span> <span class='ocrx_word' id='word_1_586' title='bbox 2248 3500 2396 3564; x_wconf 87' lang='grc' dir='ltr'>θείας</span> <span class='ocrx_word' id='word_1_587' title='bbox 2420 3500 2769 3564; x_wconf 88' lang='grc' dir='ltr'>διδασκαλίας</span> <span class='ocrx_word' id='word_1_588' title='bbox 2800 3501 2894 3554; x_wconf 82' lang='grc' dir='ltr'>καὶ</span> <span class='ocrx_word' id='word_1_589' title='bbox 2923 3503 3408 3574; x_wconf 83' lang='grc' dir='ltr'>καταφρονητικῶς</span> <span class='ocrx_word' id='word_1_590' title='bbox 3442 3504 3578 3577; x_wconf 80' lang='grc' dir='ltr'>πρὸς</span> <span class='ocrx_word' id='word_1_591' title='bbox 3603 3503 3713 3568; x_wconf 77' lang='grc' dir='ltr'><strong>τὰς</strong></span> 
     </span>
    </p>
   </div>
   <div class='ocr_carea' id='block_1_82' title="bbox 2125 3591 3713 3667">
    <p class='ocr_par' dir='ltr' id='par_1_82' title="bbox 2125 3591 3713 3667">
     <span class='ocr_line' id='line_1_82' title="bbox 2125 3591 3713 3667; baseline 0.003 -22"><span class='ocrx_word' id='word_1_592' title='bbox 2125 3591 2344 3656; x_wconf 88' lang='grc' dir='ltr'>ὲντολάς</span> <span class='ocrx_word' id='word_1_593' title='bbox 2389 3592 2748 3663; x_wconf 83' lang='grc' dir='ltr'>διακειμένων</span> <span class='ocrx_word' id='word_1_594' title='bbox 2794 3592 3104 3662; x_wconf 78' lang='grc' dir='ltr'>συμϐαίνει.</span> <span class='ocrx_word' id='word_1_595' title='bbox 3165 3594 3416 3648; x_wconf 84' lang='grc' dir='ltr'>Ἐπειδὰν</span> <span class='ocrx_word' id='word_1_596' title='bbox 3457 3595 3565 3667; x_wconf 82' lang='grc' dir='ltr'>γὰρ</span> <span class='ocrx_word' id='word_1_597' title='bbox 3605 3597 3713 3650; x_wconf 81' lang='grc' dir='ltr'><strong>ὲπ-</strong></span> 
     </span>
    </p>
   </div>
   <div class='ocr_carea' id='block_1_83' title="bbox 2123 3683 3711 3758">
    <p class='ocr_par' dir='ltr' id='par_1_83' title="bbox 2123 3683 3711 3758">
     <span class='ocr_line' id='line_1_83' title="bbox 2123 3683 3711 3758; baseline 0.003 -21"><span class='ocrx_word' id='word_1_598' title='bbox 2123 3683 2262 3756; x_wconf 83' lang='grc' dir='ltr'>αχθῇ</span> <span class='ocrx_word' id='word_1_599' title='bbox 2289 3685 2473 3748; x_wconf 81' lang='grc' dir='ltr'>αὐτοῖς</span> <span class='ocrx_word' id='word_1_600' title='bbox 2490 3683 2642 3755; x_wconf 90' lang='grc' dir='ltr'><strong>παρά</strong></span> <span class='ocrx_word' id='word_1_601' title='bbox 2660 3683 2754 3738; x_wconf 90' lang='grc' dir='ltr'><strong>τοῦ</strong></span> <span class='ocrx_word' id='word_1_602' title='bbox 2769 3683 2905 3736; x_wconf 82' lang='grc' dir='ltr'>Θεοῦ</span> <span class='ocrx_word' id='word_1_603' title='bbox 2927 3685 2961 3756; x_wconf 78' lang='grc' dir='ltr'><strong>ἡ</strong></span> <span class='ocrx_word' id='word_1_604' title='bbox 2985 3685 3222 3749; x_wconf 87' lang='grc' dir='ltr'>παιδεία,</span> <span class='ocrx_word' id='word_1_605' title='bbox 3245 3687 3366 3740; x_wconf 88' lang='grc' dir='ltr'>τότε</span> <span class='ocrx_word' id='word_1_606' title='bbox 3385 3687 3448 3758; x_wconf 78' lang='grc' dir='ltr'>δὴ</span> <span class='ocrx_word' id='word_1_607' title='bbox 3469 3687 3711 3758; x_wconf 80' lang='grc' dir='ltr'>μάλιστα</span> 
     </span>
    </p>
   </div>
   <div class='ocr_carea' id='block_1_84' title="bbox 2121 3776 3708 3848">
    <p class='ocr_par' dir='ltr' id='par_1_84' title="bbox 2121 3776 3708 3848">
     <span class='ocr_line' id='line_1_84' title="bbox 2121 3776 3708 3848; baseline 0.001 -17"><span class='ocrx_word' id='word_1_608' title='bbox 2121 3778 2190 3832; x_wconf 88' lang='grc' dir='ltr'><strong>τά</strong></span> <span class='ocrx_word' id='word_1_609' title='bbox 2221 3779 2310 3831; x_wconf 77' lang='grc' dir='ltr'><strong>ἀεὶ</strong></span> <span class='ocrx_word' id='word_1_610' title='bbox 2331 3776 2634 3847; x_wconf 86' lang='grc' dir='ltr'>λαλούμενα</span> <span class='ocrx_word' id='word_1_611' title='bbox 2663 3777 2756 3831; x_wconf 71' lang='grc' dir='ltr'><strong>καὶ</strong></span> <span class='ocrx_word' id='word_1_612' title='bbox 2789 3777 2874 3830; x_wconf 75' lang='grc' dir='ltr'>ἀεὶ</span> <span class='ocrx_word' id='word_1_613' title='bbox 2903 3778 3324 3848; x_wconf 87' lang='grc' dir='ltr'>παρακουόμενα</span> <span class='ocrx_word' id='word_1_614' title='bbox 3359 3779 3435 3848; x_wconf 72' lang='grc'><strong>(4)</strong></span> <span class='ocrx_word' id='word_1_615' title='bbox 3465 3779 3573 3833; x_wconf 91' lang='grc' dir='ltr'><strong>τῶν</strong></span> <span class='ocrx_word' id='word_1_616' title='bbox 3603 3781 3708 3834; x_wconf 79' lang='grc' dir='ltr'><strong>τοῦ</strong></span> 
     </span>
    </p>
   </div>
   <div class='ocr_carea' id='block_1_85' title="bbox 2122 3869 3708 3942">
    <p class='ocr_par' dir='ltr' id='par_1_85' title="bbox 2122 3869 3708 3942">
     <span class='ocr_line' id='line_1_85' title="bbox 2122 3869 3708 3942; baseline 0.001 -21"><span class='ocrx_word' id='word_1_617' title='bbox 2122 3869 2256 3922; x_wconf 83' lang='grc' dir='ltr'>Θεοῦ</span> <span class='ocrx_word' id='word_1_618' title='bbox 2296 3869 2754 3942; x_wconf 82' lang='grc' dir='ltr'>προσταγμάτων,</span> <span class='ocrx_word' id='word_1_619' title='bbox 2781 3869 2856 3931; x_wconf 85' lang='grc' dir='ltr'><strong>ὡς</strong></span> <span class='ocrx_word' id='word_1_620' title='bbox 2882 3869 3098 3941; x_wconf 88' lang='grc' dir='ltr'>πρῶτον</span> <span class='ocrx_word' id='word_1_621' title='bbox 3156 3871 3470 3940; x_wconf 82' lang='grc' dir='ltr'>ἐμπεσόντα</span> <span class='ocrx_word' id='word_1_622' title='bbox 3520 3871 3708 3923; x_wconf 84' lang='grc' dir='ltr'>αὐτῶν</span> 
     </span>
    </p>
   </div>
   <div class='ocr_carea' id='block_1_86' title="bbox 2121 3954 3796 4030">
    <p class='ocr_par' dir='ltr' id='par_1_86' title="bbox 2121 3954 3796 4030">
     <span class='ocr_line' id='line_1_86' title="bbox 2121 3954 3796 4030; baseline 0.001 -18"><span class='ocrx_word' id='word_1_623' title='bbox 2121 3960 2240 4023; x_wconf 82' lang='grc' dir='ltr'>ταῖς</span> <span class='ocrx_word' id='word_1_624' title='bbox 2273 3961 2482 4023; x_wconf 81' lang='grc' dir='ltr'>ἀκοαῖς,</span> <span class='ocrx_word' id='word_1_625' title='bbox 2517 3958 2844 4030; x_wconf 85' lang='grc' dir='ltr'>παρεδέχθη.</span> <span class='ocrx_word' id='word_1_626' title='bbox 2874 3959 2973 4012; x_wconf 85' lang='grc' dir='ltr'>Διά</span> <span class='ocrx_word' id='word_1_627' title='bbox 3001 3959 3179 4022; x_wconf 86' lang='grc' dir='ltr'>τοῦτο,</span> <span class='ocrx_word' id='word_1_628' title='bbox 3220 3961 3292 4015; x_wconf 85' lang='grc' dir='ltr'><em>Ἡ</em></span> <span class='ocrx_word' id='word_1_629' title='bbox 3316 3959 3552 4014; x_wconf 77' lang='grc' dir='ltr'>παιδεία</span> <span class='ocrx_word' id='word_1_630' title='bbox 3581 3954 3708 4014; x_wconf 71' lang='grc' dir='ltr'><strong>Κύ-</strong></span> <span class='ocrx_word' id='word_1_631' title='bbox 3791 3965 3796 3968; x_wconf 85' lang='grc'><em>’</em></span> 
     </span>
    </p>
   </div>
   <div class='ocr_carea' id='block_1_87' title="bbox 2113 4048 3707 4123">
    <p class='ocr_par' dir='ltr' id='par_1_87' title="bbox 2113 4048 3707 4123">
     <span class='ocr_line' id='line_1_87' title="bbox 2113 4048 3707 4123; baseline -0.001 -16"><span class='ocrx_word' id='word_1_632' title='bbox 2113 4056 2274 4122; x_wconf 85' lang='grc' dir='ltr'>ρίου,</span> <span class='ocrx_word' id='word_1_633' title='bbox 2305 4054 2488 4123; x_wconf 65' lang='grc' dir='ltr'>φησιν,</span> <span class='ocrx_word' id='word_1_634' title='bbox 2519 4053 2744 4120; x_wconf 74' lang='grc' dir='ltr'>ἀνοίγει</span> <span class='ocrx_word' id='word_1_635' title='bbox 2769 4070 2890 4121; x_wconf 84' lang='grc' dir='ltr'><strong>μου</strong></span> <span class='ocrx_word' id='word_1_636' title='bbox 2917 4053 2988 4106; x_wconf 84' lang='grc' dir='ltr'>τὰ</span> <span class='ocrx_word' id='word_1_637' title='bbox 3010 4049 3148 4107; x_wconf 81' lang='grc' dir='ltr'>ὦτα.</span> <span class='ocrx_word' id='word_1_638' title='bbox 3198 4054 3350 4105; x_wconf 78' lang='grc' dir='ltr'>Ἐπεὶ</span> <span class='ocrx_word' id='word_1_639' title='bbox 3381 4048 3474 4106; x_wconf 82' lang='grc' dir='ltr'><strong>οὖν</strong></span> <span class='ocrx_word' id='word_1_640' title='bbox 3513 4055 3546 4123; x_wconf 78' lang='grc' dir='ltr'>ἡ</span> <span class='ocrx_word' id='word_1_641' title='bbox 3573 4071 3707 4106; x_wconf 86' lang='grc' dir='ltr'>παι-</span> 
     </span>
    </p>
   </div>
   <div class='ocr_carea' id='block_1_88' title="bbox 2120 4143 3708 4215">
    <p class='ocr_par' dir='ltr' id='par_1_88' title="bbox 2120 4143 3708 4215">
     <span class='ocr_line' id='line_1_88' title="bbox 2120 4143 3708 4215; baseline 0 -17"><span class='ocrx_word' id='word_1_642' title='bbox 2120 4143 2235 4198; x_wconf 89' lang='grc' dir='ltr'>δεία</span> <span class='ocrx_word' id='word_1_643' title='bbox 2259 4144 2498 4198; x_wconf 80' lang='grc' dir='ltr'>νουθετεῖ</span> <span class='ocrx_word' id='word_1_644' title='bbox 2531 4145 2622 4197; x_wconf 83' lang='grc' dir='ltr'><strong>τὸν</strong></span> <span class='ocrx_word' id='word_1_645' title='bbox 2647 4145 2900 4206; x_wconf 77' lang='grc' dir='ltr'>ἄτακτον,</span> <span class='ocrx_word' id='word_1_646' title='bbox 2923 4145 3000 4208; x_wconf 85' lang='grc' dir='ltr'>ὡς</span> <span class='ocrx_word' id='word_1_647' title='bbox 3023 4145 3194 4197; x_wconf 85' lang='grc' dir='ltr'>ὲποίει</span> <span class='ocrx_word' id='word_1_648' title='bbox 3229 4146 3258 4196; x_wconf 84' lang='grc' dir='ltr'>ὁ</span> <span class='ocrx_word' id='word_1_649' title='bbox 3281 4145 3490 4208; x_wconf 80' lang='grc' dir='ltr'>Παῦλος</span> <span class='ocrx_word' id='word_1_650' title='bbox 3521 4162 3708 4215; x_wconf 88' lang='grc' dir='ltr'>παρα-</span> 
     </span>
    </p>
   </div>
   <div class='ocr_carea' id='block_1_89' title="bbox 2121 4230 3705 4309">
    <p class='ocr_par' dir='ltr' id='par_1_89' title="bbox 2121 4230 3705 4309">
     <span class='ocr_line' id='line_1_89' title="bbox 2121 4230 3705 4309; baseline 0.001 -20"><span class='ocrx_word' id='word_1_651' title='bbox 2121 4237 2291 4300; x_wconf 82' lang='grc' dir='ltr'>διδοὺς</span> <span class='ocrx_word' id='word_1_652' title='bbox 2342 4236 2420 4306; x_wconf 84' lang='grc' dir='ltr'>τῷ</span> <span class='ocrx_word' id='word_1_653' title='bbox 2450 4237 2682 4306; x_wconf 80' lang='grc' dir='ltr'>Σατανᾷ,</span> <span class='ocrx_word' id='word_1_654' title='bbox 2713 4230 2823 4288; x_wconf 75' lang='grc' dir='ltr'>οἷον</span> <span class='ocrx_word' id='word_1_655' title='bbox 2866 4236 3044 4308; x_wconf 82' lang='grc' dir='ltr'>δημίῳ</span> <span class='ocrx_word' id='word_1_656' title='bbox 3086 4239 3191 4290; x_wconf 77' lang='grc' dir='ltr'>τινὶ</span> <span class='ocrx_word' id='word_1_657' title='bbox 3225 4237 3569 4309; x_wconf 77' lang='grc' dir='ltr'>στρεϐλοῦντι</span> <span class='ocrx_word' id='word_1_658' title='bbox 3603 4241 3705 4291; x_wconf 75' lang='grc' dir='ltr'>καὶ</span> 
     </span>
    </p>
   </div>
   <div class='ocr_carea' id='block_1_90' title="bbox 2124 4328 3704 4400">
    <p class='ocr_par' dir='ltr' id='par_1_90' title="bbox 2124 4328 3704 4400">
     <span class='ocr_line' id='line_1_90' title="bbox 2124 4328 3704 4400; baseline 0.001 -18"><span class='ocrx_word' id='word_1_659' title='bbox 2124 4329 2460 4400; x_wconf 83' lang='grc' dir='ltr'>μαστίζοντι,</span> <span class='ocrx_word' id='word_1_660' title='bbox 2499 4330 2587 4382; x_wconf 76' lang='grc' dir='ltr'><strong>ἵνα</strong></span> <span class='ocrx_word' id='word_1_661' title='bbox 2621 4328 2949 4381; x_wconf 84' lang='grc' dir='ltr'>παιδευθῶσι</span> <span class='ocrx_word' id='word_1_662' title='bbox 2987 4329 3061 4400; x_wconf 78' lang='grc' dir='ltr'>μὴ</span> <span class='ocrx_word' id='word_1_663' title='bbox 3103 4328 3444 4400; x_wconf 78' lang='grc' dir='ltr'>βλασφημεῖν</span> <span class='ocrx_word' id='word_1_664' title='bbox 3467 4346 3480 4358; x_wconf 89' lang='grc'><strong>·</strong></span> <span class='ocrx_word' id='word_1_665' title='bbox 3516 4329 3608 4382; x_wconf 87' lang='grc' dir='ltr'><strong>τὸν</strong></span> <span class='ocrx_word' id='word_1_666' title='bbox 3640 4329 3704 4383; x_wconf 83' lang='grc' dir='ltr'>δὲ</span> 
     </span>
    </p>
   </div>
   <div class='ocr_carea' id='block_1_91' title="bbox 2121 4413 3705 4492">
    <p class='ocr_par' dir='ltr' id='par_1_91' title="bbox 2121 4413 3705 4492">
     <span class='ocr_line' id='line_1_91' title="bbox 2121 4413 3705 4492; baseline -0.001 -17"><span class='ocrx_word' id='word_1_667' title='bbox 2121 4422 2456 4492; x_wconf 70' lang='grc' dir='ltr'>ἀφηνιαστὴν</span> <span class='ocrx_word' id='word_1_668' title='bbox 2492 4421 2777 4487; x_wconf 80' lang='grc' dir='ltr'>ἐπανάγει.</span> <span class='ocrx_word' id='word_1_669' title='bbox 2797 4419 2871 4483; x_wconf 89' lang='grc' dir='ltr'>ὡς</span> <span class='ocrx_word' id='word_1_670' title='bbox 2900 4421 3027 4491; x_wconf 74' lang='grc' dir='ltr'>περὶ</span> <span class='ocrx_word' id='word_1_671' title='bbox 3053 4413 3114 4472; x_wconf 76' lang='grc' dir='ltr'>οὗ</span> <span class='ocrx_word' id='word_1_672' title='bbox 3137 4420 3374 4492; x_wconf 80' lang='grc' dir='ltr'>εἴρηται,</span> <span class='ocrx_word' id='word_1_673' title='bbox 3394 4423 3475 4474; x_wconf 88' lang='grc' dir='ltr'><strong>ὅτι</strong></span> <span class='ocrx_word' id='word_1_674' title='bbox 3497 4421 3705 4474; x_wconf 83' lang='grc' dir='ltr'>Ὕστε-</span> 
     </span>
    </p>
   </div>
   <div class='ocr_carea' id='block_1_92' title="bbox 442 4511 2024 4608">
    <p class='ocr_par' dir='ltr' id='par_1_92' title="bbox 442 4515 2014 4586">
     <span class='ocr_line' id='line_1_92' title="bbox 442 4515 2014 4586; baseline 0.003 -21"><span class='ocrx_word' id='word_1_675' title='bbox 442 4528 669 4568; x_wconf 82' lang='lat' dir='ltr'><strong>necesse</strong></span> <span class='ocrx_word' id='word_1_676' title='bbox 719 4523 801 4569; x_wconf 89' lang='lat' dir='ltr'><strong>est</strong></span> <span class='ocrx_word' id='word_1_677' title='bbox 843 4515 1219 4585; x_wconf 81' lang='lat' dir='ltr'><strong>castigationis</strong></span> <span class='ocrx_word' id='word_1_678' title='bbox 1258 4515 1364 4568; x_wconf 82' lang='lat' dir='ltr'><strong>vim</strong></span> <span class='ocrx_word' id='word_1_679' title='bbox 1405 4529 1468 4568; x_wconf 90' lang='lat' dir='ltr'><strong>ac</strong></span> <span class='ocrx_word' id='word_1_680' title='bbox 1504 4515 1806 4585; x_wconf 87' lang='lat' dir='ltr'><strong>disciplina</strong></span> <span class='ocrx_word' id='word_1_681' title='bbox 1858 4517 2014 4586; x_wconf 77' lang='lat'><strong>102</strong></span> 
     </span>
    </p>
   </div>
   <div class='ocr_carea' id='block_1_93' title="bbox 2128 4511 3705 4608">
    <p class='ocr_par' dir='ltr' id='par_1_93' title="bbox 2128 4511 3705 4583">
     <span class='ocr_line' id='line_1_93' title="bbox 2128 4511 3705 4583; baseline -0.002 -15"><span class='ocrx_word' id='word_1_682' title='bbox 2128 4532 2226 4568; x_wconf 82' lang='grc' dir='ltr'><strong>οον</strong></span> <span class='ocrx_word' id='word_1_683' title='bbox 2271 4513 2683 4583; x_wconf 75' lang='grc' dir='ltr'>αἰχμαλωσίας</span> <span class='ocrx_word' id='word_1_684' title='bbox 2730 4511 2916 4565; x_wconf 80' lang='grc' dir='ltr'>αὑτοῦ</span> <span class='ocrx_word' id='word_1_685' title='bbox 2961 4513 3365 4581; x_wconf 80' lang='grc' dir='ltr'>μετενόησεν·</span> <span class='ocrx_word' id='word_1_686' title='bbox 3400 4513 3705 4580; x_wconf 82' lang='grc' dir='ltr'>ἀναγκαῖον</span> 
     </span>
    </p>
   </div>
   <div class='ocr_carea' id='block_1_94' title="bbox 438 4603 2024 4678">
    <p class='ocr_par' dir='ltr' id='par_1_94' title="bbox 438 4607 2016 4678">
     <span class='ocr_line' id='line_1_94' title="bbox 438 4607 2016 4678; baseline 0.003 -18"><span class='ocrx_word' id='word_1_687' title='bbox 438 4613 795 4675; x_wconf 83' lang='lat' dir='ltr'><strong>cognoscere,</strong></span> <span class='ocrx_word' id='word_1_688' title='bbox 827 4607 894 4660; x_wconf 90' lang='lat' dir='ltr'><strong>ad</strong></span> <span class='ocrx_word' id='word_1_689' title='bbox 928 4615 1062 4677; x_wconf 91' lang='lat' dir='ltr'><strong>quot</strong></span> <span class='ocrx_word' id='word_1_690' title='bbox 1095 4615 1148 4662; x_wconf 87' lang='lat' dir='ltr'><strong>et</strong></span> <span class='ocrx_word' id='word_1_691' title='bbox 1189 4608 1256 4660; x_wconf 93' lang='lat' dir='ltr'><strong>ad</strong></span> <span class='ocrx_word' id='word_1_692' title='bbox 1286 4617 1490 4676; x_wconf 89' lang='lat' dir='ltr'><strong>quanta</strong></span> <span class='ocrx_word' id='word_1_693' title='bbox 1530 4610 1681 4664; x_wconf 90' lang='lat' dir='ltr'><strong>utilis</strong></span> <span class='ocrx_word' id='word_1_694' title='bbox 1711 4611 1800 4664; x_wconf 90' lang='lat' dir='ltr'><strong>sit.</strong></span> <span class='ocrx_word' id='word_1_695' title='bbox 1829 4607 2016 4678; x_wconf 81' lang='lat' dir='ltr'><strong>Itaque</strong></span> 
     </span>
    </p>
   </div>
   <div class='ocr_carea' id='block_1_95' title="bbox 2128 4603 3708 4678">
    <p class='ocr_par' dir='ltr' id='par_1_95' title="bbox 2128 4603 3708 4676">
     <span class='ocr_line' id='line_1_95' title="bbox 2128 4603 3708 4676; baseline -0.001 -16"><span class='ocrx_word' id='word_1_696' title='bbox 2128 4607 2323 4676; x_wconf 90' lang='grc' dir='ltr'>γνῶναι</span> <span class='ocrx_word' id='word_1_697' title='bbox 2351 4605 2452 4674; x_wconf 83' lang='grc' dir='ltr'><strong>τῆς</strong></span> <span class='ocrx_word' id='word_1_698' title='bbox 2476 4604 2722 4668; x_wconf 88' lang='grc' dir='ltr'>παιδείας</span> <span class='ocrx_word' id='word_1_699' title='bbox 2747 4607 2844 4675; x_wconf 75' lang='grc' dir='ltr'><strong>τὴν</strong></span> <span class='ocrx_word' id='word_1_700' title='bbox 2867 4603 3092 4675; x_wconf 84' lang='grc' dir='ltr'>δύναμιν</span> <span class='ocrx_word' id='word_1_701' title='bbox 3116 4605 3252 4676; x_wconf 81' lang='grc' dir='ltr'>πρὸς</span> <span class='ocrx_word' id='word_1_702' title='bbox 3281 4605 3381 4658; x_wconf 87' lang='grc' dir='ltr'>ὅσα</span> <span class='ocrx_word' id='word_1_703' title='bbox 3403 4606 3516 4658; x_wconf 75' lang='grc' dir='ltr'>ἐστὶ</span> <span class='ocrx_word' id='word_1_704' title='bbox 3549 4605 3708 4659; x_wconf 86' lang='grc' dir='ltr'>λυσι-</span> 
     </span>
    </p>
   </div>
   <div class='ocr_carea' id='block_1_96' title="bbox 440 4692 2024 4770">
    <p class='ocr_par' dir='ltr' id='par_1_96' title="bbox 440 4697 2010 4768">
     <span class='ocr_line' id='line_1_96' title="bbox 440 4697 2010 4768; baseline 0 -16"><span class='ocrx_word' id='word_1_705' title='bbox 440 4697 697 4752; x_wconf 88' lang='lat' dir='ltr'><strong>utilitatis</strong></span> <span class='ocrx_word' id='word_1_706' title='bbox 745 4698 918 4766; x_wconf 89' lang='lat' dir='ltr'><strong>ipsius</strong></span> <span class='ocrx_word' id='word_1_707' title='bbox 953 4713 1158 4768; x_wconf 83' lang='lat' dir='ltr'><strong>gnarus</strong></span> <span class='ocrx_word' id='word_1_708' title='bbox 1209 4697 1508 4763; x_wconf 89' lang='lat' dir='ltr'><strong>Salomon,</strong></span> <span class='ocrx_word' id='word_1_709' title='bbox 1564 4700 1637 4752; x_wconf 89' lang='lat' dir='ltr'><strong>ita</strong></span> <span class='ocrx_word' id='word_1_710' title='bbox 1685 4699 1941 4754; x_wconf 88' lang='lat' dir='ltr'><strong>admonet</strong></span> <span class='ocrx_word' id='word_1_711' title='bbox 1997 4716 2010 4752; x_wconf 89' lang='lat'><strong><em>:</em></strong></span> 
     </span>
    </p>
   </div>
   <div class='ocr_carea' id='block_1_97' title="bbox 2128 4692 3702 4770">
    <p class='ocr_par' dir='ltr' id='par_1_97' title="bbox 2128 4692 3702 4770">
     <span class='ocr_line' id='line_1_97' title="bbox 2128 4692 3702 4770; baseline -0.001 -17"><span class='ocrx_word' id='word_1_712' title='bbox 2128 4700 2298 4769; x_wconf 82' lang='grc' dir='ltr'>τελής.</span> <span class='ocrx_word' id='word_1_713' title='bbox 2333 4697 2502 4761; x_wconf 79' lang='grc' dir='ltr'>Εἰδὼς</span> <span class='ocrx_word' id='word_1_714' title='bbox 2523 4692 2615 4751; x_wconf 83' lang='grc' dir='ltr'>οὖν</span> <span class='ocrx_word' id='word_1_715' title='bbox 2639 4697 2698 4750; x_wconf 84' lang='grc' dir='ltr'><strong>τὸ</strong></span> <span class='ocrx_word' id='word_1_716' title='bbox 2737 4699 2829 4751; x_wconf 87' lang='grc' dir='ltr'>ἀπ’</span> <span class='ocrx_word' id='word_1_717' title='bbox 2856 4699 3025 4769; x_wconf 85' lang='grc' dir='ltr'>αὐτῆς</span> <span class='ocrx_word' id='word_1_718' title='bbox 3055 4699 3328 4769; x_wconf 84' lang='grc' dir='ltr'>ὠφέλιμον</span> <span class='ocrx_word' id='word_1_719' title='bbox 3361 4701 3389 4751; x_wconf 90' lang='grc' dir='ltr'><strong>ό</strong></span> <span class='ocrx_word' id='word_1_720' title='bbox 3421 4698 3702 4770; x_wconf 85' lang='grc' dir='ltr'>Σολομὼν,</span> 
     </span>
    </p>
   </div>
   <div class='ocr_carea' id='block_1_98' title="bbox 443 4789 2024 4865">
    <p class='ocr_par' dir='ltr' id='par_1_98' title="bbox 443 4789 2014 4861">
     <span class='ocr_line' id='line_1_98' title="bbox 443 4789 2014 4861; baseline 0 -17"><span class='ocrx_word' id='word_1_721' title='bbox 443 4789 528 4845; x_wconf 85' lang='lat' dir='ltr'><strong>Ne</strong></span> <span class='ocrx_word' id='word_1_722' title='bbox 573 4791 842 4845; x_wconf 81' lang='lat' dir='ltr'><strong>destiteris</strong></span> <span class='ocrx_word' id='word_1_723' title='bbox 899 4807 1118 4859; x_wconf 86' lang='lat' dir='ltr'><strong>puerum</strong></span> <span class='ocrx_word' id='word_1_724' title='bbox 1161 4791 1444 4861; x_wconf 88' lang='lat' dir='ltr'><strong>castigare,</strong></span> <span class='ocrx_word' id='word_1_725' title='bbox 1485 4792 1732 4860; x_wconf 89' lang='lat' dir='ltr'><strong>quoniam</strong></span> <span class='ocrx_word' id='word_1_726' title='bbox 1771 4793 1817 4844; x_wconf 90' lang='lat' dir='ltr'><strong>si</strong></span> <span class='ocrx_word' id='word_1_727' title='bbox 1863 4792 2014 4861; x_wconf 84' lang='lat' dir='ltr'><strong>virga</strong></span> 
     </span>
    </p>
   </div>
   <div class='ocr_carea' id='block_1_99' title="bbox 2128 4789 3708 4865">
    <p class='ocr_par' dir='ltr' id='par_1_99' title="bbox 2128 4790 3708 4865">
     <span class='ocr_line' id='line_1_99' title="bbox 2128 4790 3708 4865; baseline 0 -19"><span class='ocrx_word' id='word_1_728' title='bbox 2128 4795 2402 4865; x_wconf 87' lang='grc' dir='ltr'>παραινεῖ·</span> <span class='ocrx_word' id='word_1_729' title='bbox 2436 4791 2530 4859; x_wconf 79' lang='grc' dir='ltr'><strong>Μὴ</strong></span> <span class='ocrx_word' id='word_1_730' title='bbox 2561 4791 2804 4860; x_wconf 82' lang='grc' dir='ltr'>ἀπόσχῃ</span> <span class='ocrx_word' id='word_1_731' title='bbox 2848 4790 3069 4856; x_wconf 78' lang='grc' dir='ltr'>νήπιον</span> <span class='ocrx_word' id='word_1_732' title='bbox 3102 4790 3425 4854; x_wconf 80' lang='grc' dir='ltr'>παιδεύειν,</span> <span class='ocrx_word' id='word_1_733' title='bbox 3455 4791 3565 4854; x_wconf 83' lang='grc' dir='ltr'>ὅτι,</span> <span class='ocrx_word' id='word_1_734' title='bbox 3586 4790 3708 4846; x_wconf 78' lang='grc' dir='ltr'><strong>ἐὰν</strong></span> 
     </span>
    </p>
   </div>
   <div class='ocr_carea' id='block_1_100' title="bbox 439 4881 2024 4956">
    <p class='ocr_par' dir='ltr' id='par_1_100' title="bbox 439 4883 2010 4956">
     <span class='ocr_line' id='line_1_100' title="bbox 439 4883 2010 4956; baseline 0 -17"><span class='ocrx_word' id='word_1_735' title='bbox 439 4901 559 4939; x_wconf 86' lang='lat' dir='ltr'><strong>eum</strong></span> <span class='ocrx_word' id='word_1_736' title='bbox 593 4884 865 4946; x_wconf 79' lang='lat' dir='ltr'><strong>cecideris,</strong></span> <span class='ocrx_word' id='word_1_737' title='bbox 903 4901 1004 4936; x_wconf 88' lang='lat' dir='ltr'><strong>non</strong></span> <span class='ocrx_word' id='word_1_738' title='bbox 1039 4885 1308 4937; x_wconf 89' lang='lat' dir='ltr'><strong>morietur.</strong></span> <span class='ocrx_word' id='word_1_739' title='bbox 1339 4883 1480 4937; x_wconf 84' lang='lat' dir='ltr'><strong>Nam</strong></span> <span class='ocrx_word' id='word_1_740' title='bbox 1505 4895 1562 4938; x_wconf 90' lang='lat' dir='ltr'><strong>tu</strong></span> <span class='ocrx_word' id='word_1_741' title='bbox 1591 4887 1735 4956; x_wconf 83' lang='lat' dir='ltr'><strong>virga</strong></span> <span class='ocrx_word' id='word_1_742' title='bbox 1754 4888 2010 4954; x_wconf 85' lang='lat' dir='ltr'><strong>percuties</strong></span> 
     </span>
    </p>
   </div>
   <div class='ocr_carea' id='block_1_101' title="bbox 2128 4881 3706 4956">
    <p class='ocr_par' dir='ltr' id='par_1_101' title="bbox 2128 4881 3706 4952">
     <span class='ocr_line' id='line_1_101' title="bbox 2128 4881 3706 4952; baseline -0.003 -14"><span class='ocrx_word' id='word_1_743' title='bbox 2128 4883 2395 4952; x_wconf 76' lang='grc' dir='ltr'>πιιτάξῃς</span> <span class='ocrx_word' id='word_1_744' title='bbox 2439 4883 2623 4937; x_wconf 80' lang='grc' dir='ltr'>αὑτὸν</span> <span class='ocrx_word' id='word_1_745' title='bbox 2663 4882 2881 4950; x_wconf 77' lang='grc' dir='ltr'>ῥάϐδῳ,</span> <span class='ocrx_word' id='word_1_746' title='bbox 2911 4884 3018 4935; x_wconf 84' lang='grc' dir='ltr'>οὐκ</span> <span class='ocrx_word' id='word_1_747' title='bbox 3045 4882 3438 4935; x_wconf 82' lang='grc' dir='ltr'>ἀποθανεῖται.</span> <span class='ocrx_word' id='word_1_748' title='bbox 3470 4881 3553 4935; x_wconf 84' lang='grc' dir='ltr'><strong>Σὺ</strong></span> <span class='ocrx_word' id='word_1_749' title='bbox 3578 4881 3706 4951; x_wconf 78' lang='grc' dir='ltr'>μὲν</span> 
     </span>
    </p>
   </div>
   <div class='ocr_carea' id='block_1_102' title="bbox 437 4972 2024 5047">
    <p class='ocr_par' dir='ltr' id='par_1_102' title="bbox 437 4974 2008 5044">
     <span class='ocr_line' id='line_1_102' title="bbox 437 4974 2008 5044; baseline 0.003 -18"><span class='ocrx_word' id='word_1_750' title='bbox 437 4974 615 5042; x_wconf 89' lang='lat' dir='ltr'><strong>illum,</strong></span> <span class='ocrx_word' id='word_1_751' title='bbox 644 4975 880 5028; x_wconf 87' lang='lat' dir='ltr'><strong>animam</strong></span> <span class='ocrx_word' id='word_1_752' title='bbox 915 4991 1032 5028; x_wconf 84' lang='lat' dir='ltr'><strong>vero</strong></span> <span class='ocrx_word' id='word_1_753' title='bbox 1079 4976 1223 5028; x_wconf 83' lang='lat' dir='ltr'><strong>illius</strong></span> <span class='ocrx_word' id='word_1_754' title='bbox 1253 4975 1501 5030; x_wconf 81' lang='lat' dir='ltr'><strong>liberabis</strong></span> <span class='ocrx_word' id='word_1_755' title='bbox 1545 4993 1578 5029; x_wconf 88' lang='lat' dir='ltr'><strong>a</strong></span> <span class='ocrx_word' id='word_1_756' title='bbox 1609 4986 1772 5030; x_wconf 86' lang='lat' dir='ltr'><strong>morte</strong></span> <span class='ocrx_word' id='word_1_757' title='bbox 1803 4979 1842 5032; x_wconf 83' lang='grc'><strong>¹.</strong></span> <span class='ocrx_word' id='word_1_758' title='bbox 1878 4979 2008 5044; x_wconf 83' lang='lat' dir='ltr'><strong>Quis</strong></span> 
     </span>
    </p>
   </div>
   <div class='ocr_carea' id='block_1_103' title="bbox 2128 4972 3704 5047">
    <p class='ocr_par' dir='ltr' id='par_1_103' title="bbox 2128 4972 3704 5047">
     <span class='ocr_line' id='line_1_103' title="bbox 2128 4972 3704 5047; baseline -0.002 -18"><span class='ocrx_word' id='word_1_759' title='bbox 2128 4977 2228 5047; x_wconf 64' lang='lat' dir='ltr'><strong>reip</strong></span> <span class='ocrx_word' id='word_1_760' title='bbox 2246 4975 2445 5045; x_wconf 74' lang='grc' dir='ltr'><strong>ῥάϐδῳ</strong></span> <span class='ocrx_word' id='word_1_761' title='bbox 2483 4973 2765 5040; x_wconf 79' lang='grc' dir='ltr'>πατάξεις</span> <span class='ocrx_word' id='word_1_762' title='bbox 2801 4973 3007 5037; x_wconf 83' lang='grc' dir='ltr'>αὑτὸν,</span> <span class='ocrx_word' id='word_1_763' title='bbox 3032 4972 3146 5041; x_wconf 84' lang='grc' dir='ltr'>τὴν</span> <span class='ocrx_word' id='word_1_764' title='bbox 3181 4973 3249 5026; x_wconf 86' lang='grc' dir='ltr'>δὲ</span> <span class='ocrx_word' id='word_1_765' title='bbox 3273 4973 3484 5043; x_wconf 73' lang='grc' dir='ltr'>ψυχὴν</span> <span class='ocrx_word' id='word_1_766' title='bbox 3507 4974 3704 5026; x_wconf 83' lang='grc' dir='ltr'>αὑτοῦ</span> 
     </span>
    </p>
   </div>
   <div class='ocr_carea' id='block_1_104' title="bbox 437 5063 2024 5138">
    <p class='ocr_par' dir='ltr' id='par_1_104' title="bbox 437 5066 2012 5137">
     <span class='ocr_line' id='line_1_104' title="bbox 437 5066 2012 5137; baseline 0.006 -20"><span class='ocrx_word' id='word_1_767' title='bbox 437 5066 574 5118; x_wconf 78' lang='lat' dir='ltr'><strong>enim</strong></span> <span class='ocrx_word' id='word_1_768' title='bbox 610 5066 777 5135; x_wconf 78' lang='lat' dir='ltr'><strong>ﬁlius,</strong></span> <span class='ocrx_word' id='word_1_769' title='bbox 825 5083 972 5136; x_wconf 84' lang='lat' dir='ltr'><strong>quem</strong></span> <span class='ocrx_word' id='word_1_770' title='bbox 1027 5084 1129 5120; x_wconf 90' lang='lat' dir='ltr'><strong>non</strong></span> <span class='ocrx_word' id='word_1_771' title='bbox 1167 5068 1382 5135; x_wconf 88' lang='lat' dir='ltr'><strong>corripit</strong></span> <span class='ocrx_word' id='word_1_772' title='bbox 1420 5079 1569 5137; x_wconf 88' lang='lat' dir='ltr'><strong>pater</strong></span> <span class='ocrx_word' id='word_1_773' title='bbox 1601 5070 1666 5122; x_wconf 69' lang='lat'><strong>’?</strong></span> <span class='ocrx_word' id='word_1_774' title='bbox 1698 5069 1820 5124; x_wconf 87' lang='lat' dir='ltr'><strong>Hac</strong></span> <span class='ocrx_word' id='word_1_775' title='bbox 1845 5070 2012 5126; x_wconf 89' lang='lat' dir='ltr'><strong>disci-</strong></span> 
     </span>
    </p>
   </div>
   <div class='ocr_carea' id='block_1_105' title="bbox 2128 5063 3702 5138">
    <p class='ocr_par' dir='ltr' id='par_1_105' title="bbox 2128 5063 3702 5137">
     <span class='ocr_line' id='line_1_105' title="bbox 2128 5063 3702 5137; baseline -0.004 -13"><span class='ocrx_word' id='word_1_776' title='bbox 2128 5071 2275 5137; x_wconf 75' lang='grc' dir='ltr'>ῥύσῃ</span> <span class='ocrx_word' id='word_1_777' title='bbox 2311 5071 2379 5122; x_wconf 84' lang='grc' dir='ltr'>ἐκ</span> <span class='ocrx_word' id='word_1_778' title='bbox 2409 5066 2686 5123; x_wconf 82' lang='grc' dir='ltr'>θανάτου.</span> <span class='ocrx_word' id='word_1_779' title='bbox 2713 5067 2806 5131; x_wconf 85' lang='grc' dir='ltr'>Τίς</span> <span class='ocrx_word' id='word_1_780' title='bbox 2828 5065 2937 5134; x_wconf 79' lang='grc' dir='ltr'>γὰρ</span> <span class='ocrx_word' id='word_1_781' title='bbox 2962 5063 3111 5128; x_wconf 85' lang='grc' dir='ltr'>υίὸς,</span> <span class='ocrx_word' id='word_1_782' title='bbox 3129 5063 3202 5117; x_wconf 86' lang='grc' dir='ltr'>ὃν</span> <span class='ocrx_word' id='word_1_783' title='bbox 3229 5065 3300 5116; x_wconf 82' lang='grc' dir='ltr'>οὐ</span> <span class='ocrx_word' id='word_1_784' title='bbox 3333 5063 3702 5132; x_wconf 83' lang='grc' dir='ltr'>παιδεύει.(5)</span> 
     </span>
    </p>
   </div>
   <div class='ocr_carea' id='block_1_106' title="bbox 439 5156 2024 5231">
    <p class='ocr_par' dir='ltr' id='par_1_106' title="bbox 439 5157 2010 5231">
     <span class='ocr_line' id='line_1_106' title="bbox 439 5157 2010 5231; baseline 0.006 -23"><span class='ocrx_word' id='word_1_785' title='bbox 439 5157 586 5226; x_wconf 91' lang='lat' dir='ltr'><strong>plina</strong></span> <span class='ocrx_word' id='word_1_786' title='bbox 612 5157 817 5212; x_wconf 87' lang='lat' dir='ltr'><strong>divitiis</strong></span> <span class='ocrx_word' id='word_1_787' title='bbox 846 5159 1030 5213; x_wconf 91' lang='lat' dir='ltr'><strong>multis</strong></span> <span class='ocrx_word' id='word_1_788' title='bbox 1062 5161 1405 5230; x_wconf 84' lang='lat' dir='ltr'><strong>prastantior</strong></span> <span class='ocrx_word' id='word_1_789' title='bbox 1433 5161 1577 5230; x_wconf 87' lang='lat' dir='ltr'><strong>apud</strong></span> <span class='ocrx_word' id='word_1_790' title='bbox 1607 5177 1794 5231; x_wconf 88' lang='lat' dir='ltr'><strong>aquos</strong></span> <span class='ocrx_word' id='word_1_791' title='bbox 1829 5179 2010 5218; x_wconf 90' lang='lat' dir='ltr'><strong>rerum</strong></span> 
     </span>
    </p>
   </div>
   <div class='ocr_carea' id='block_1_107' title="bbox 2128 5156 3702 5231">
    <p class='ocr_par' dir='ltr' id='par_1_107' title="bbox 2128 5156 3702 5230">
     <span class='ocr_line' id='line_1_107' title="bbox 2128 5156 3702 5230; baseline -0.006 -14"><span class='ocrx_word' id='word_1_792' title='bbox 2128 5161 2349 5230; x_wconf 71' lang='lat' dir='ltr'><strong>natrip;</strong></span> <span class='ocrx_word' id='word_1_793' title='bbox 2375 5158 2524 5229; x_wconf 80' lang='grc' dir='ltr'>Αῦτη</span> <span class='ocrx_word' id='word_1_794' title='bbox 2555 5161 2588 5230; x_wconf 81' lang='grc' dir='ltr'>ἡ</span> <span class='ocrx_word' id='word_1_795' title='bbox 2620 5156 2838 5212; x_wconf 90' lang='grc' dir='ltr'>παιδεία</span> <span class='ocrx_word' id='word_1_796' title='bbox 2868 5156 3077 5210; x_wconf 88' lang='grc' dir='ltr'>πολλῶν</span> <span class='ocrx_word' id='word_1_797' title='bbox 3110 5157 3408 5228; x_wconf 85' lang='grc' dir='ltr'>χρημάτων</span> <span class='ocrx_word' id='word_1_798' title='bbox 3439 5157 3555 5208; x_wconf 77' lang='grc' dir='ltr'>ἐστὶ</span> <span class='ocrx_word' id='word_1_799' title='bbox 3579 5159 3702 5220; x_wconf 84' lang='grc' dir='ltr'>τοῖς</span> 
     </span>
    </p>
   </div>
   <div class='ocr_carea' id='block_1_108' title="bbox 436 5247 2024 5328">
    <p class='ocr_par' dir='ltr' id='par_1_108' title="bbox 436 5248 2006 5321">
     <span class='ocr_line' id='line_1_108' title="bbox 436 5248 2006 5321; baseline 0.006 -21"><span class='ocrx_word' id='word_1_800' title='bbox 436 5250 801 5304; x_wconf 66' lang='lat' dir='ltr'><strong>aestimatores</strong></span> <span class='ocrx_word' id='word_1_801' title='bbox 832 5250 1082 5305; x_wconf 83' lang='lat' dir='ltr'><strong>habetur.</strong></span> <span class='ocrx_word' id='word_1_802' title='bbox 1115 5248 1456 5321; x_wconf 87' lang='lat' dir='ltr'><strong>Quapropter</strong></span> <span class='ocrx_word' id='word_1_803' title='bbox 1488 5260 1543 5307; x_wconf 91' lang='lat' dir='ltr'><strong>et</strong></span> <span class='ocrx_word' id='word_1_804' title='bbox 1580 5256 1658 5306; x_wconf 88' lang='lat' dir='ltr'><strong>ait</strong></span> <span class='ocrx_word' id='word_1_805' title='bbox 1699 5252 1958 5310; x_wconf 88' lang='lat' dir='ltr'><strong>Salomon</strong></span> <span class='ocrx_word' id='word_1_806' title='bbox 1995 5274 2006 5309; x_wconf 94' lang='lat'>:</span> 
     </span>
    </p>
   </div>
   <div class='ocr_carea' id='block_1_109' title="bbox 2128 5247 3700 5328">
    <p class='ocr_par' dir='ltr' id='par_1_109' title="bbox 2128 5247 3700 5328">
     <span class='ocr_line' id='line_1_109' title="bbox 2128 5247 3700 5328; baseline -0.006 -19"><span class='ocrx_word' id='word_1_807' title='bbox 2128 5255 2291 5328; x_wconf 64' lang='grc' dir='ltr'>ὀρθῶς</span> <span class='ocrx_word' id='word_1_808' title='bbox 2319 5252 2686 5323; x_wconf 81' lang='grc' dir='ltr'>λογιζομένοις</span> <span class='ocrx_word' id='word_1_809' title='bbox 2706 5248 3025 5320; x_wconf 86' lang='grc' dir='ltr'>τιμιωτέρα.</span> <span class='ocrx_word' id='word_1_810' title='bbox 3049 5249 3138 5301; x_wconf 89' lang='grc' dir='ltr'>Διό</span> <span class='ocrx_word' id='word_1_811' title='bbox 3167 5265 3330 5319; x_wconf 83' lang='grc' dir='ltr'>φησιν</span> <span class='ocrx_word' id='word_1_812' title='bbox 3356 5250 3386 5301; x_wconf 85' lang='grc' dir='ltr'>ὁ</span> <span class='ocrx_word' id='word_1_813' title='bbox 3407 5247 3661 5318; x_wconf 80' lang='grc' dir='ltr'>Σολομὼν</span> <span class='ocrx_word' id='word_1_814' title='bbox 3682 5265 3700 5280; x_wconf 75' lang='grc' dir='ltr'><strong><em>ο</em></strong></span> 
     </span>
    </p>
   </div>
   <div class='ocr_carea' id='block_1_110' title="bbox 508 5400 2024 5474">
    <p class='ocr_par' dir='ltr' id='par_1_110' title="bbox 508 5400 2018 5474">
     <span class='ocr_line' id='line_1_110' title="bbox 508 5400 2018 5474; baseline 0.006 -19"><span class='ocrx_word' id='word_1_815' title='bbox 508 5400 752 5474; x_wconf 70' lang='lat' dir='ltr'><strong>’_’_Prov.</strong></span> <span class='ocrx_word' id='word_1_816' title='bbox 793 5418 838 5465; x_wconf 87' lang='grc' dir='ltr'><strong>ι,</strong></span> <span class='ocrx_word' id='word_1_817' title='bbox 876 5403 965 5458; x_wconf 73' lang='grc'><strong>28.</strong></span> <span class='ocrx_word' id='word_1_818' title='bbox 1070 5405 1120 5474; x_wconf 58' lang='grc' dir='ltr'>ξδ</span> <span class='ocrx_word' id='word_1_819' title='bbox 1161 5405 1289 5459; x_wconf 77' lang='lat' dir='ltr'><strong>ibid.</strong></span> <span class='ocrx_word' id='word_1_820' title='bbox 1328 5406 1382 5460; x_wconf 76' lang='grc'><strong>2.</strong></span> <span class='ocrx_word' id='word_1_821' title='bbox 1503 5408 1546 5439; x_wconf 81' lang='grc'><strong><em>’⁸</em></strong></span> <span class='ocrx_word' id='word_1_822' title='bbox 1589 5407 1750 5463; x_wconf 83' lang='lat' dir='ltr'><strong>Hebr.</strong></span> <span class='ocrx_word' id='word_1_823' title='bbox 1788 5426 1895 5474; x_wconf 86' lang='lat' dir='ltr'><strong>xu,</strong></span> <span class='ocrx_word' id='word_1_824' title='bbox 1933 5411 2018 5464; x_wconf 79' lang='grc' dir='ltr'><strong>Η.</strong></span> 
     </span>
    </p>
   </div>
   <div class='ocr_carea' id='block_1_111' title="bbox 2128 5400 3700 5474">
    <p class='ocr_par' dir='ltr' id='par_1_111' title="bbox 2140 5405 3700 5468">
     <span class='ocr_line' id='line_1_111' title="bbox 2140 5405 3700 5468; baseline 0 -5"><span class='ocrx_word' id='word_1_825' title='bbox 2140 5411 2186 5442; x_wconf 78' lang='grc'><strong>’⁸</strong></span> <span class='ocrx_word' id='word_1_826' title='bbox 2225 5409 2368 5465; x_wconf 87' lang='lat' dir='ltr'><strong>Psal.</strong></span> <span class='ocrx_word' id='word_1_827' title='bbox 2405 5425 2492 5468; x_wconf 81' lang='grc' dir='ltr'>νι.</span> <span class='ocrx_word' id='word_1_828' title='bbox 2530 5413 2576 5462; x_wconf 76' lang='grc'><strong>1.</strong></span> <span class='ocrx_word' id='word_1_829' title='bbox 2690 5413 2732 5443; x_wconf 77' lang='lat'><strong>9&quot;</strong></span> <span class='ocrx_word' id='word_1_830' title='bbox 2771 5409 2968 5464; x_wconf 86' lang='lat' dir='ltr'><strong>Jerem.</strong></span> <span class='ocrx_word' id='word_1_831' title='bbox 3008 5425 3040 5461; x_wconf 82' lang='lat' dir='ltr'><strong>x</strong></span> <span class='ocrx_word' id='word_1_832' title='bbox 3066 5447 3078 5468; x_wconf 86' lang='lat'><strong>.</strong></span> <span class='ocrx_word' id='word_1_833' title='bbox 3112 5407 3201 5461; x_wconf 75' lang='grc'><strong>24.</strong></span> <span class='ocrx_word' id='word_1_834' title='bbox 3315 5407 3359 5438; x_wconf 84' lang='grc'><strong>’⁸</strong></span> <span class='ocrx_word' id='word_1_835' title='bbox 3398 5406 3501 5460; x_wconf 88' lang='lat' dir='ltr'><strong>lsa.</strong></span> <span class='ocrx_word' id='word_1_836' title='bbox 3532 5419 3599 5468; x_wconf 83' lang='grc' dir='ltr'><strong>ι..</strong></span> <span class='ocrx_word' id='word_1_837' title='bbox 3635 5405 3700 5463; x_wconf 88' lang='grc'><strong>5.</strong></span> 
     </span>
    </p>
   </div>
   <div class='ocr_carea' id='block_1_112' title="bbox 437 5471 2024 5545">
    <p class='ocr_par' dir='ltr' id='par_1_112' title="bbox 437 5471 2017 5542">
     <span class='ocr_line' id='line_1_112' title="bbox 437 5471 2017 5542; baseline 0.008 -19"><span class='ocrx_word' id='word_1_838' title='bbox 437 5471 482 5503; x_wconf 77' lang='grc'><strong>³⁸</strong></span> <span class='ocrx_word' id='word_1_839' title='bbox 524 5471 542 5524; x_wconf 88' lang='lat' dir='ltr'><strong>l</strong></span> <span class='ocrx_word' id='word_1_840' title='bbox 577 5471 716 5526; x_wconf 89' lang='lat' dir='ltr'><strong>Tim.</strong></span> <span class='ocrx_word' id='word_1_841' title='bbox 754 5489 803 5539; x_wconf 93' lang='grc' dir='ltr'><strong>ι,</strong></span> <span class='ocrx_word' id='word_1_842' title='bbox 839 5475 927 5528; x_wconf 68' lang='lat'><strong>90.</strong></span> <span class='ocrx_word' id='word_1_843' title='bbox 1005 5475 1018 5504; x_wconf 95' lang='grc'>¹</span> <span class='ocrx_word' id='word_1_844' title='bbox 1061 5473 1260 5531; x_wconf 80' lang='lat' dir='ltr'><strong>Jerem.</strong></span> <span class='ocrx_word' id='word_1_845' title='bbox 1299 5493 1468 5542; x_wconf 67' lang='grc' dir='ltr'>χχχι,</span> <span class='ocrx_word' id='word_1_846' title='bbox 1515 5478 1602 5533; x_wconf 82' lang='lat' dir='ltr'><strong>l9.</strong></span> <span class='ocrx_word' id='word_1_847' title='bbox 1677 5481 1695 5510; x_wconf 83' lang='grc'>²</span> <span class='ocrx_word' id='word_1_848' title='bbox 1733 5471 1891 5535; x_wconf 78' lang='lat' dir='ltr'><strong>Prov.</strong></span> <span class='ocrx_word' id='word_1_849' title='bbox 1928 5497 2017 5535; x_wconf 72' lang='lat' dir='ltr'><strong>xm</strong></span> 
     </span>
    </p>
   </div>
   <div class='ocr_carea' id='block_1_113' title="bbox 2128 5471 2880 5545">
    <p class='ocr_par' dir='ltr' id='par_1_113' title="bbox 2137 5480 2880 5544">
     <span class='ocr_line' id='line_1_113' title="bbox 2137 5480 2880 5544; baseline -0.003 -10"><span class='ocrx_word' id='word_1_850' title='bbox 2137 5482 2233 5544; x_wconf 79' lang='grc'><strong>15,</strong></span> <span class='ocrx_word' id='word_1_851' title='bbox 2271 5481 2357 5534; x_wconf 75' lang='grc'><strong>14.</strong></span> <span class='ocrx_word' id='word_1_852' title='bbox 2435 5480 2454 5510; x_wconf 87' lang='grc'>³</span> <span class='ocrx_word' id='word_1_853' title='bbox 2496 5480 2659 5535; x_wconf 86' lang='lat' dir='ltr'><strong>Hebr.</strong></span> <span class='ocrx_word' id='word_1_854' title='bbox 2700 5498 2791 5541; x_wconf 83' lang='lat' dir='ltr'><strong>xu.</strong></span> <span class='ocrx_word' id='word_1_855' title='bbox 2829 5481 2880 5532; x_wconf 86' lang='lat'><strong>7.</strong></span> 
     </span>
    </p>
   </div>
   <div class='ocr_carea' id='block_1_114' title="bbox 510 5635 1414 5711">
    <p class='ocr_par' dir='ltr' id='par_1_114' title="bbox 510 5635 1414 5711">
     <span class='ocr_line' id='line_1_114' title="bbox 510 5635 1414 5711; baseline 0.007 -24"><span class='ocrx_word' id='word_1_856' title='bbox 621 5635 774 5711; x_wconf 71' lang='lat' dir='ltr'><strong>Coll).</strong></span> <span class='ocrx_word' id='word_1_857' title='bbox 813 5639 1042 5711; x_wconf 75' lang='lat' dir='ltr'><strong>primus</strong></span> <span class='ocrx_word' id='word_1_858' title='bbox 1057 5640 1414 5711; x_wconf 83' lang='grc' dir='ltr'>κεκαθάρθαι.</span> 
     </span>
    </p>
   </div>
   <div class='ocr_carea' id='block_1_115' title="bbox 509 5707 1549 5781">
    <p class='ocr_par' dir='ltr' id='par_1_115' title="bbox 509 5707 1549 5781">
     <span class='ocr_line' id='line_1_115' title="bbox 509 5707 1549 5781; baseline 0.01 -25"><span class='ocrx_word' id='word_1_859' title='bbox 509 5707 587 5781; x_wconf 55' lang='grc' dir='ltr'><strong>(ἓ)</strong></span> <span class='ocrx_word' id='word_1_860' title='bbox 615 5707 768 5781; x_wconf 58' lang='grc' dir='ltr'>ᾼΙὶυε</span> <span class='ocrx_word' id='word_1_861' title='bbox 803 5707 971 5781; x_wconf 75' lang='lat' dir='ltr'><strong>codex</strong></span> <span class='ocrx_word' id='word_1_862' title='bbox 1007 5710 1162 5763; x_wconf 82' lang='lat' dir='ltr'><strong>Colb.</strong></span> <span class='ocrx_word' id='word_1_863' title='bbox 1195 5707 1434 5781; x_wconf 69' lang='grc' dir='ltr'>διαγωγή</span> <span class='ocrx_word' id='word_1_864' title='bbox 1466 5730 1549 5776; x_wconf 85' lang='grc' dir='ltr'><strong>τις</strong></span> 
     </span>
    </p>
   </div>
   <div class='ocr_carea' id='block_1_116' title="bbox 510 5774 1442 5852">
    <p class='ocr_par' dir='ltr' id='par_1_116' title="bbox 510 5774 1442 5852">
     <span class='ocr_line' id='line_1_116' title="bbox 510 5774 1442 5852; baseline 0.001 -18"><span class='ocrx_word' id='word_1_865' title='bbox 510 5774 587 5849; x_wconf 76' lang='lat'><strong>(5)</strong></span> <span class='ocrx_word' id='word_1_866' title='bbox 621 5774 754 5851; x_wconf 82' lang='lat' dir='ltr'><strong>Reg.</strong></span> <span class='ocrx_word' id='word_1_867' title='bbox 790 5779 996 5849; x_wconf 87' lang='lat' dir='ltr'><strong>primus</strong></span> <span class='ocrx_word' id='word_1_868' title='bbox 1030 5781 1120 5831; x_wconf 73' lang='grc' dir='ltr'>καὶ</span> <span class='ocrx_word' id='word_1_869' title='bbox 1149 5774 1442 5852; x_wconf 61' lang='grc' dir='ltr'>ἐφυλάχθη.</span> 
     </span>
    </p>
   </div>
   <div class='ocr_carea' id='block_1_117' title="bbox 2203 5639 3702 5715">
    <p class='ocr_par' dir='ltr' id='par_1_117' title="bbox 2203 5639 3702 5715">
     <span class='ocr_line' id='line_1_117' title="bbox 2203 5639 3702 5715; baseline -0.001 -17"><span class='ocrx_word' id='word_1_870' title='bbox 2203 5645 2280 5715; x_wconf 75' lang='grc'><strong>(4)</strong></span> <span class='ocrx_word' id='word_1_871' title='bbox 2321 5643 2726 5715; x_wconf 40' lang='grc' dir='ltr'><strong>Εᾴἰιὶο-Βθεὶι.</strong></span> <span class='ocrx_word' id='word_1_872' title='bbox 2775 5652 2826 5697; x_wconf 88' lang='lat' dir='ltr'><strong>et</strong></span> <span class='ocrx_word' id='word_1_873' title='bbox 2867 5643 3106 5712; x_wconf 87' lang='lat' dir='ltr'><strong>quinque</strong></span> <span class='ocrx_word' id='word_1_874' title='bbox 3152 5657 3286 5696; x_wconf 91' lang='lat' dir='ltr'><strong>mss.</strong></span> <span class='ocrx_word' id='word_1_875' title='bbox 3342 5639 3702 5713; x_wconf 81' lang='grc' dir='ltr'>παρακαλού-</span> 
     </span>
    </p>
   </div>
   <div class='ocr_carea' id='block_1_118' title="bbox 2121 5713 3177 5787">
    <p class='ocr_par' dir='ltr' id='par_1_118' title="bbox 2121 5713 3177 5787">
     <span class='ocr_line' id='line_1_118' title="bbox 2121 5713 3177 5787; baseline -0.004 -19"><span class='ocrx_word' id='word_1_876' title='bbox 2121 5713 2274 5787; x_wconf 78' lang='grc' dir='ltr'>μενα.</span> <span class='ocrx_word' id='word_1_877' title='bbox 2295 5713 2502 5787; x_wconf 85' lang='lat' dir='ltr'><strong>_Edil.io</strong></span> <span class='ocrx_word' id='word_1_878' title='bbox 2529 5713 2706 5787; x_wconf 76' lang='lat' dir='ltr'><strong>Paris.</strong></span> <span class='ocrx_word' id='word_1_879' title='bbox 2739 5715 3177 5787; x_wconf 29' lang='grc' dir='ltr'>παλρακουόμενα.</span> 
     </span>
    </p>
   </div>
   <div class='ocr_carea' id='block_1_119' title="bbox 2185 5783 3301 5852">
    <p class='ocr_par' dir='ltr' id='par_1_119' title="bbox 2185 5783 3301 5852">
     <span class='ocr_line' id='line_1_119' title="bbox 2185 5783 3301 5852; baseline -0.002 -14"><span class='ocrx_word' id='word_1_880' title='bbox 2185 5785 2266 5838; x_wconf 68' lang='lat' dir='ltr'><strong>t5.)</strong></span> <span class='ocrx_word' id='word_1_881' title='bbox 2295 5783 2428 5848; x_wconf 77' lang='lat' dir='ltr'><strong>Reg.</strong></span> <span class='ocrx_word' id='word_1_882' title='bbox 2457 5786 2669 5852; x_wconf 87' lang='lat' dir='ltr'><strong>primus</strong></span> <span class='ocrx_word' id='word_1_883' title='bbox 2702 5783 2997 5847; x_wconf 79' lang='grc' dir='ltr'>παιδεύσει,</span> <span class='ocrx_word' id='word_1_884' title='bbox 3036 5783 3301 5852; x_wconf 82' lang='lat' dir='ltr'><strong>corripiet.</strong></span> 
     </span>
    </p>
   </div>
  </div>
