4036 6236
294 370 393 423 597

1217 371 1500 428 IIOMILIA
1542 372 1606 425 IN
1647 372 2049 429 PRINCIPIUM
2085 372 2628 430 PROVERBIORUM

3446 373 3550 428 598

297 484 515 541 Λάϐετε
558 487 858 548 παιδείαν,
892 488 993 540 καὶ
1020 489 1105 558 μὴ
1134 490 1417 558 ἀργύριον
1437 506 1450 519 ’
1485 490 1571 543 ἵνα
1609 492 1667 544 ὲν
1711 489 1883 561 καιρῶ

1988 490 2211 560 Accipite
2238 494 2594 562 disciplinam,
2623 505 2671 546 et
2700 510 2802 546 non
2838 501 3108 561 argentum
3140 495 3159 523 ⁸
3190 513 3201 546 :
3236 501 3292 546 ut
3324 494 3376 547 in
3409 501 3549 547 tem-

296 578 673 647 περιστάσεων
710 578 782 647 (6)
820 579 852 648 ἦ
904 579 1000 631 τοῦ
1055 578 1305 649 σώματος
1348 581 1665 651 κάμνοντος,
1712 583 1743 653 ἢ
1779 584 1885 636 τῶν

298 670 439 721 κατά
492 668 582 720 τὸν
636 664 784 723 οἷκον
847 672 1268 740 πεπονηκότων,
1332 673 1406 741 μή
1456 690 1586 725 ποτε
1645 674 1885 745 πονηρὰν

298 762 508 815 ἔννοιαν
558 760 725 831 λάϐῃς
784 763 915 833 περὶ
973 763 1129 827 Θεοῦ,
1182 764 1294 816 ἀλλ’
1328 767 1386 817 ὲν
1414 767 1657 836 ὑπομονῇ
1718 768 1883 839 πολλῇ

298 853 433 921 δέχῃ
499 851 662 905 αὑτοῦ
722 854 822 915 τὰς
890 854 1139 925 πληγάς,
1203 856 1587 926 παιδευόμενος
1659 858 1744 926 ἐφ’
1804 854 1884 923 οἷς

296 947 566 1016 ἥμαρτες,
618 946 715 999 καὶ
759 946 927 1020 λέγῃς
960 949 1054 1000 καὶ
1112 949 1198 1011 σὺ,
1246 948 1339 1001 διὰ
1398 949 1458 1002 τὸ
1509 949 1710 1017 γνῶναι
1764 970 1886 1003 παι-

299 1036 476 1097 δείαν,
504 1037 584 1089 τό·
642 1038 861 1107 Ὀργὴν
914 1040 1134 1107 Κυρίου
1179 1041 1434 1103 ὑποίσω,
1483 1041 1571 1093 ὅτι
1620 1042 1886 1110 ἥμαρτον

297 1127 491 1192 αὐτῷ·
529 1130 623 1181 καὶ
656 1130 750 1205 τό·
786 1131 1039 1199 ’Λγαθόν
1075 1149 1194 1200 μοι,
1234 1129 1325 1184 ὅτι
1356 1133 1765 1199 ἐταπείνωσάς
1786 1151 1880 1203 με.

299 1215 426 1281 Dio;
475 1215 543 1290 ἦν
588 1223 615 1272 ὁ
642 1220 855 1283 Παῦλος
904 1221 1111 1289 λέγων·
1165 1224 1607 1292 Παιδευόμενοι,
1657 1227 1756 1278 καὶ
1796 1226 1882 1293 μὴ

294 1315 723 1381 θανατούμενοι
747 1331 761 1344 ·
812 1315 906 1366 καὶ
938 1317 998 1367 τό
1021 1332 1035 1344 ·
1085 1306 1522 1384 Ἕλεγχόμενοι,
1553 1316 1672 1370 ὑπὸ
1712 1318 1885 1383 Κυρί-

292 1422 364 1457 ου
390 1404 811 1474 παιδευόμεθα,
843 1407 943 1458 ἵνα
991 1405 1077 1473 μὴ
1108 1407 1228 1458 σὺν
1264 1406 1344 1470 τῷ
1378 1409 1583 1476 κόσμῳ
1611 1424 1883 1476 κατακρι-

292 1484 507 1563 δῶμεν.

363 1587 416 1642 6.
439 1588 724 1657 Ἐπειδὴδὲ
749 1588 840 1640 καὶ
858 1590 890 1660 ἡ
910 1588 1017 1640 τῶν
1039 1589 1373 1660 μαθημάτων
1389 1592 1653 1662 ἀνάληψις
1668 1593 1884 1646 παιδεία

292 1680 531 1746 λέγεται,
570 1680 714 1731 κατὰ
754 1679 813 1731 τὸ
864 1681 1250 1750 γεγραμμένον
1296 1683 1423 1751 περὶ
1458 1683 1550 1735 τοῦ
1582 1684 1880 1747 Μωῡσέως,

290 1774 374 1824 ὅτι
417 1771 774 1839 Ἐπαιδεύθη
806 1773 875 1824 ἐν
903 1773 1072 1841 πάσῃ
1116 1776 1299 1842 σοφίᾳ
1321 1776 1671 1844 Αἰγυπτίων,
1704 1778 1765 1829 τὸ
1807 1778 1881 1848 μὴ

1986 596 2116 649 pore
2170 583 2576 647 calamitatum,
2632 591 2727 636 aut
2780 590 3082 653 aegrotante
3138 598 3390 652 corpore,
3457 592 3552 637 aut

1986 673 2302 729 domesticis
2360 676 2523 729 rebus
2579 691 2639 731 se
2686 676 2827 730 male
2875 675 3222 736 habentibus,
3272 675 3407 727 nihil
3450 691 3555 729 un-

1986 777 2148 831 quam
2180 765 2329 831 pravi
2358 765 2423 818 de
2452 764 2560 818 Deo
2587 766 2813 835 cogites,
2848 765 2957 818 imo
3002 765 3055 817 in
3091 765 3259 818 multa
3290 765 3553 834 patientia

1987 854 2220 910 inﬂictas
2262 858 2329 910 ab
2364 856 2481 924 ipso
2526 857 2711 927 plagas
2760 857 3023 926 accipias,
3056 866 3313 927 tanquam
3344 857 3416 912 ob
3462 867 3552 910 tua

1985 954 2205 1012 peccata
2246 947 2566 1015 castigatus,
2622 955 2789 1016 utque
2834 958 2889 1001 tu
2920 963 3137 1017 quoque
3166 948 3236 1001 oh
3278 949 3554 1018 cognitam

1984 1035 2324 1103 disciplinam
2339 1036 2493 1090 dicas
2518 1038 2649 1090 illud
2676 1057 2687 1091 :
2720 1036 2863 1090 Iram
2883 1037 3400 1103 Dominisustinebo,
3428 1043 3555 1109 quia

1984 1131 2188 1197 peccavi
2248 1132 2295 1183 ei
2328 1132 2369 1184 ⁵.
2415 1131 2480 1185 Et
2521 1131 2653 1185 illud
2692 1149 2702 1182 :
2756 1132 2963 1185 Bonum
3005 1133 3152 1195 mihi,
3207 1134 3332 1202 quia
3380 1135 3556 1185 humi—

1987 1223 2133 1275 liasti
2172 1240 2251 1276 me
2287 1223 2327 1275 ⁸.
2362 1222 2551 1288 Qualis
2584 1232 2701 1277 erat
2736 1224 2959 1291 Paulus,
2994 1226 3181 1279 dicens
3219 1244 3230 1278 :
3267 1224 3553 1295 Castigati,

1984 1322 2033 1365 et
2077 1315 2233 1366 morti
2261 1330 2363 1367 non
2398 1314 2581 1367 traditi
2613 1317 2654 1364 ⁷.
2688 1314 2750 1368 Et
2783 1317 2915 1369 illud
2958 1335 2969 1370 :
3005 1316 3140 1368 Dum
3162 1316 3552 1385 redarguimur,

1985 1418 2018 1453 a
2057 1402 2278 1456 Domino
2314 1405 2652 1472 corripiatur,
2722 1416 2775 1457 ut
2818 1424 2879 1459 ne
2913 1423 3030 1459 cum
3061 1407 3155 1461 hoc
3214 1408 3408 1462 mundo
3452 1410 3553 1463 da-

1984 1510 2221 1547 mnemur
2255 1497 2296 1547 ⁸.

2056 1586 2109 1639 6.
2139 1588 2408 1653 Quoniam
2443 1597 2623 1642 autem
2669 1590 2785 1658 ipsa
2819 1592 2982 1644 etiam
3027 1601 3398 1647 ooetrmarum
3430 1610 3553 1664 per-

1984 1680 2160 1747 ceptio
2187 1680 2475 1748 disciplina
2505 1680 2727 1741 dicitur,
2752 1682 2829 1735 uti
2856 1684 3119 1751 scriptum
3142 1693 3225 1738 est
3251 1685 3316 1739 de
3345 1684 3552 1757 Moyse,

1983 1772 2127 1839 quod
2162 1770 2416 1825 Eruditus
2450 1782 2595 1827 esset
2628 1776 2768 1827 omni
2814 1777 3073 1842 sapientia
3103 1776 3478 1847 ﬁgyptiorum
3509 1782 3552 1843 ⁸,

291 1868 402 1927 τοῖς
438 1866 695 1934 τυχοῦσιν
724 1865 914 1917 ἑαυτὸν
946 1866 1261 1936 μαθήμασιν
1288 1868 1599 1920 ἐπιϐάλλειν
1630 1869 1727 1938 (7),
1750 1869 1884 1922 ἀλλά

1989 1878 2096 1916 non
2148 1862 2352 1915 idcirco
2403 1874 2581 1919 tamen
2623 1867 2911 1935 quibusvis
2945 1869 3255 1939 disciplinis
3307 1873 3553 1928 animum

290 1957 495 2023 γνῶναι
518 1957 617 2027 τὴν
646 1958 1080 2027 χρησιμωτάτην
1114 1959 1380 2021 παιδείαν,
1411 1961 1470 2011 οὐ
1522 1961 1716 2031 μικρὸν
1748 1961 1883 2032 πρὸς

291 2046 589 2115 σωτηρίαν.
630 2046 767 2115 Ἤδη
819 2048 925 2116 γάρ
976 2048 1199 2117 τινες,ῆ
1242 2050 1551 2119 γεωμετρίᾳ
1596 2052 1884 2120 σχολάζον-

289 2148 403 2199 τες,
443 2138 508 2205 ἥν
553 2135 777 2208 ἐξεῦρον
838 2138 1149 2206 Αἰγύπτιοι,
1193 2140 1224 2209 ἢ
1260 2142 1588 2213 ἀστρολογία
1620 2145 1685 2213 τῇ
1734 2144 1884 2214 παρὰ

290 2228 397 2279 τῶν
460 2228 745 2281 Χαλδαίων
793 2231 1157 2301 τετιμημένῃ,
1200 2232 1232 2301 ἢ
1268 2233 1402 2296 ὅλως
1454 2236 1579 2304 περὶ
1632 2238 1885 2305 σχήματα

292 2320 384 2370 καὶ
416 2319 576 2380 σκιὰς
608 2318 707 2389 τὴν
744 2320 1173 2390 μετεωρολογίαν
1203 2322 1417 2391 ἔχοντες
1449 2324 1544 2395 (8),
1565 2326 1663 2395 τῆς
1691 2327 1754 2377 ἐκ
1777 2326 1884 2380 τῶν

293 2408 451 2460 Θείων
489 2409 688 2475 λογίων
730 2411 1062 2473 παιδεύσεως
1097 2414 1396 2484 ὑπερεῖδον.
1416 2416 1573 2468 Ἀλλὰ
1603 2417 1695 2468 καὶ
1726 2435 1885 2487 ποιη-

291 2497 437 2567 τικὴ,
469 2500 565 2550 καὶ
614 2501 900 2571 ῥητορικὴ,
932 2502 1026 2553 καὶ
1081 2504 1113 2571 ἡ
1149 2503 1257 2555 τῶν
1292 2506 1642 2574 σοφισμάτων
1670 2505 1885 2577 εὕρεσις

295 2591 524 2654 πολλοὺς
554 2593 937 2663 ἀπησχόλησεν
958 2612 971 2624 ·
1007 2589 1080 2646 ὧν
1116 2595 1214 2665 ῦλη
1242 2596 1302 2648 τὸ
1326 2596 1518 2665 ψεῦδός
1543 2598 1704 2651 ἐστιν.
1747 2599 1885 2652 Οὔτε

294 2682 402 2750 γὰρ
440 2684 704 2754 ποιητικὴ
737 2685 999 2755 συστῆναι
1024 2684 1243 2739 δύναται
1265 2688 1393 2740 ἄνευ
1414 2689 1510 2741 τοῦ
1539 2689 1731 2759 μύθου·
1754 2690 1878 2743 οὗτε

297 2775 565 2844 ῥητορικὴ
619 2764 745 2826 ἄνευ
783 2779 880 2845 τῆς
908 2778 963 2827 ἐν
992 2775 1071 2845 τῷ
1101 2776 1278 2844 λέγειν
1311 2779 1535 2849 τέχνης·
1572 2780 1695 2833 οὔτε
1738 2798 1888 2850 σοφι-

296 2865 453 2935 στικὴ
500 2866 631 2918 ἄνευ
662 2867 771 2919 τῶν
803 2868 1249 2939 παραλογισμῶν.
1293 2871 1445 2923 Ἐπεὶ
1490 2867 1581 2923 οῦν
1607 2871 1791 2924 πολλοὶ
1817 2875 1884 2942 τῇ

298 2957 422 3026 περὶ
452 2955 633 3008 ταῦτα
676 2958 880 3028 σπουδῇ
910 2959 1010 3028 τῆς
1041 2961 1167 3030 περ)⁴
1195 2960 1329 3013 Θεοῦ
1356 2960 1610 3029 γνώσεως
1643 2962 1887 3032 κατημέ-

294 3047 486 3118 λησαν,
521 3052 582 3101 ὲν
623 3052 689 3120 τῇ
733 3050 838 3103 τῶν
875 3052 1124 3121 ματαίων
1155 3052 1349 3123 ἐρεύνῃ
1378 3053 1884 3123 καταγηράσαντες,

298 3140 574 3207 ἀναγκαία
607 3144 639 3209 ἠ
677 3142 774 3212 τῆς
802 3142 1049 3205 παιδείας
1079 3144 1391 3211 ἐπίγνωσις,
1425 3144 1558 3214 πρός
1587 3162 1646 3197 τε
1671 3145 1770 3215 τὴν
1802 3146 1888 3197 αἴ·-

298 3246 448 3301 ρεσιν
475 3231 549 3301 (9)
586 3232 687 3301 τῆς
723 3232 1001 3302 ὠφελίμου
1030 3234 1295 3297 παιδείας,
1326 3236 1420 3287 καὶ
1455 3235 1591 3305 πρὸς
1625 3235 1723 3305 τὴν
1753 3236 1888 3287 ἀπο-

297 3326 475 3395 φυγὴν
509 3326 611 3395 τῆς
644 3328 905 3396 ἀνονήτου
939 3324 1049 3395 (10)
1086 3327 1174 3377 καὶ
1229 3326 1516 3395 βλαϐερᾶς.
1578 3327 1733 3377 Ἐστι
1792 3327 1889 3377 καὶ

296 3420 486 3487 νοῆσαι
520 3418 715 3485 λόγους
743 3420 1055 3489 φρονήσεως
1080 3418 1156 3489 τῷ
1185 3418 1503 3490 προσέχοντι
1535 3421 1655 3481 ταῖς
1686 3418 1886 3489 Παροι-

302 3512 470 3579 μίαις,
500 3512 601 3562 καὶ
627 3512 689 3563 τὸ
714 3512 807 3563 ἀπ’
845 3511 1023 3565 αὐτῶν
1064 3511 1338 3581 ὠφέλιμον
1388 3512 1461 3581 μὴ
1499 3510 1685 3580 ἀργῶς
1738 3511 1887 3579 δεχο-

300 3601 446 3670 μένῳ
473 3603 610 3669 (Η).
643 3602 755 3671 Τὴν
804 3602 1064 3672 φρόνησιν
1111 3602 1287 3655 τοίνυν
1336 3600 1679 3670 ἐπιστάμεθα
1722 3596 1885 3653 οὖσαν

302 3694 431 3761 μίαν
477 3693 591 3744 τῶν
623 3693 855 3759 γενικῶν
886 3694 1116 3763 ἀρετῶν,
1142 3693 1262 3745 καθ’
1293 3696 1357 3763 ἢν
1398 3696 1760 3763 ἐπιστήμονες
1799 3708 1885 3758 γι-

301 3782 508 3852 νόμεθα
539 3783 763 3849 ἀγαθῶν
798 3783 892 3836 καὶ
922 3782 1104 3836 κακῶν
1135 3786 1228 3837 καὶ
1266 3784 1561 3855 οὐδετέρων
1591 3786 1639 3837 οἱ
1673 3784 1885 3856 ἄνθρω-

302 3890 412 3925 ποι.
449 3875 508 3925 Ὀ
537 3875 597 3926 δὲ
620 3875 886 3945 φρόνιμος
906 3876 1147 3944 δηλονότι
1171 3876 1515 3947 παρωνύμως
1542 3878 1607 3928 ὲκ
1640 3878 1738 3946 τῆς
1768 3894 1891 3947 φρο-

306 3968 516 4035 νήσεως
568 3968 1031 4038 προσηγόρευται.
1080 3967 1203 4031 Πῶς
1246 3966 1338 4021 οὖν
1390 3968 1802 4040 φρονιμώτατος
1864 3970 1891 4019 ὁ

303 4056 424 4125 om;
458 4061 679 4111 πάντων
703 4058 812 4110 τῶν
846 4057 1048 4129 θηρίων
1080 4060 1497 4130 μεμαρτύρηται
1523 4059 1887 4129 γεγενῆσθαι;

983 4169 1004 4199 ⁵
1045 4168 1205 4225 Mich.
1241 4187 1341 4238 vn,
1372 4174 1425 4227 9.

624 4240 665 4269 ⁸⁸
707 4237 905 4294 Genes.
933 4254 1018 4301 ιιι,
1055 4240 1107 4293 1.

376 4169 398 4198 δ
442 4168 603 4223 Prov.
639 4183 760 4229 vm,
800 4168 887 4223 10.

308 4255 375 4292 vn
393 4279 408 4301 ,
449 4238 543 4291 22.

376 4359 455 4431 (εξ)
492 4357 720 4431 A_n_tiqui
746 4357 867 4431 _duo
898 4360 1021 4415 libri
1050 4360 1442 4431 περιστάσεως.

380 4424 457 4499 (7)
511 4424 695 4501 Editio
743 4427 918 4501 Paris.
977 4424 1344 4501 περιϐάλλειν.
1396 4429 1575 4483 Editio
1616 4428 1781 4482 Basil.
1830 4436 1883 4483 et

310 4515 446 4555 mss.
483 4499 649 4567 multi
687 4499 1015 4567 ἐπιϐάλλειν,
1047 4499 1270 4555 rectius.

381 4569 461 4639 (8)
484 4566 745 4640 _Utraque
772 4570 937 4623 editio
966 4566 1019 4623 et
1055 4573 1260 4640 aliquot
1291 4586 1421 4623 mss.
1474 4568 1631 4640 σκιὰς
1672 4567 1766 4620 καὶ
1795 4584 1889 4637 με-

308 4638 675 4707 mpm-{tau
710 4639 941 4708 ἔχοντες.
976 4638 1349 4697 Οοιιι,“ιοι”ιὶιιε
1380 4638 1533 4700 σκιὰς
1555 4638 1653 4708 τὴν
1682 4655 1886 4708 μετεω-

314 4707 829 4780 ρολογίανέχοντες,
848 4721 901 4765 et
926 4711 1001 4763 ita
1037 4712 1140 4780 legi
1189 4720 1441 4780 oportere
1479 4707 1735 4780 arbitror.
1770 4707 1887 4780 Non

311 4777 458 4834 eum
511 4777 656 4833 mihi
682 4780 904 4850 dubium
932 4789 1037 4842 est,
1083 4777 1451 4850 quin'vocula
1497 4779 1589 4831 καί
1626 4777 1889 4850 redundet

311 4852 368 4904 in
403 4850 662 4920 vulgatis.
696 4849 850 4903 Colb.
882 4848 1157 4904 secundus
1188 4852 1281 4903 καὶ
1322 4849 1749 4920 μετειιιρολογίαν
1792 4848 1889 4917 τὴν

318 4920 706 4990 ματαιολογίαν
748 4920 984 4989 ἔχοντες,
1028 4938 1088 4972 ac
1127 4920 1190 4973 de
1218 4920 1521 4972 sublimium
1568 4935 1743 4971 rerum
1774 4928 1889 4970 tra-

314 4996 549 5043 ctatione
580 5007 719 5042 vana
748 4991 1063 5043 disserentes
1101 5006 1118 5043 :
1151 5006 1271 5059 quae
1305 4991 1729 5059 scripturaivera
1771 5003 1893 5042 esse

314 5070 368 5114 et
393 5075 655 5128 germana
683 5061 860 5130 primo
887 5072 1110 5130 aspectu
1138 5058 1285 5115 credi
1319 5068 1516 5128 potest.
1549 5058 1689 5130 Mihi
1711 5066 1891 5130 tamen

314 5128 761 5186 verisimilius—ﬁt
782 5128 1078 5206 παρέλαειν
1108 5140 1200 5184 aut
1225 5146 1411 5206 vocem
1438 5128 1890 5206 μετεωρολογίαν,

316 5210 409 5254 aut
444 5216 633 5254 vocem
690 5199 1115 5271 ματαιολογίαν,
1166 5201 1259 5255 sed
1315 5208 1513 5262 utram,
1580 5199 1896 5271 non_facile

316 5272 573 5325 dixerim.
602 5268 743 5325 Puto
778 5281 960 5325 autem
990 5273 1042 5324 id
1073 5288 1138 5325 ex
1170 5287 1235 5325 eo
1271 5273 1538 5332 evenisse,
1574 5268 1718 5337 quod
1770 5283 1893 5321 eum

319 5343 579 5395 librarius
628 5343 685 5395 in
730 5343 918 5411 aliquo
945 5342 1243 5410 exemplari
1286 5341 1523 5409 legisset,
1566 5337 1897 5409 μετεωρολο-

320 5412 467 5477 γίαν,
490 5412 546 5466 in
583 5412 692 5467 alio
717 5429 853 5468 vero
910 5412 1319 5481 ματαιολογίαν,
1370 5420 1658 5478 utramque
1708 5423 1895 5463 vocem

425 5484 587 5536 uerit.

322 5497 744 5631 Ρῗῗεῧθῖίιιόοιι).
780 5550 948 5608 tertio
996 5565 1097 5621 pro
1128 5551 1341 5631 αἵρεσιν
1384 5558 1643 5618 corrupte
1700 5547 1899 5616 legitur

319 5621 551 5676 εὖοεσιν.

383 5640 731 5763 ᾕῧίνῖᾱίιίο
801 5699 1042 5761 utraque
1096 5689 1383 5759 ἀποφυγὴν
1456 5688 1557 5758 τῆς
1618 5687 1895 5810 ἀνονὲτου.

383 5774 535 5810 ueros
554 5765 801 5810 nninrme
831 5776 972 5810 mss-
1005 5759 1106 5810 τῆς
1135 5761 1382 5810 ἀνοήτου.
1415 5759 1483 5810 ad
1510 5758 1727 5810 stultam
1783 5758 1895 5810 ise:-

322 5758 535 5822 Veteres
554 5765 801 5836 quinque
830 5758 972 5819 mss'.
1005 5759 1106 5830 τῆς
1135 5758 1382 5831 ἀνοήτου,
1415 5759 1483 5813 ad
1510 5758 1727 5813 stultam
1745 5758 1901 5812 disci-

1539 4172 1559 4202 ⁶
1598 4169 1741 4224 Psal.
1775 4185 1967 4237 cxvm,
2008 4170 2092 4223 7t.

1985 1955 2279 2023 appellere.
2308 1957 2403 2010 sed
2440 1958 2791 2012 utilissimam
2827 1960 3172 2030 disciplinam
3198 1979 3553 2034 cognoscere.

1986 2045 2279 2111 plurimum
2319 2048 2532 2101 confert
2578 2049 2642 2101 ad
2695 2051 2948 2106 salutem.
2993 2051 3113 2108 Jam
3151 2055 3292 2108 enim
3333 2057 3555 2125 quidam

1985 2136 2152 2189 dediti
2207 2148 2300 2190 aut
2335 2140 2665 2206 geometriae,
2709 2156 2871 2210 quam
2920 2144 3245 2199 invenerunt
3290 2145 3554 2218 Egyptii,

1986 2234 2077 2278 aut
2109 2228 2441 2296 astrologiae,
2472 2245 2595 2297 quae
2632 2229 2776 2299 apud
2820 2230 3105 2289 Chaldaeos
3136 2234 3189 2287 in
3224 2236 3394 2302 pretio
3428 2236 3552 2300 fuit,

1986 2324 2079 2368 aut
2113 2316 2347 2385 denique
2385 2316 2452 2371 de
2494 2318 2682 2388 ﬁguris
2718 2320 3034 2391 umbrisque
3067 2323 3286 2378 sublimi
3320 2326 3555 2395 quadam

1987 2408 2197 2462 ratione
2244 2409 2621 2476 disputantes,
2658 2411 2968 2467 divinorum
3010 2416 3357 2469 oraculorum
3388 2417 3559 2472 disci-

1987 2501 2189 2569 plinam
2215 2500 2628 2571 doctrinamque
2647 2514 3049 2572 contempsere.
3079 2505 3221 2571 Quin
3242 2510 3401 2561 etiam
3427 2525 3560 2579 poe-

1988 2593 2114 2657 tica,
2156 2592 2560 2663 rhetoricaque,
2602 2604 2655 2649 et
2692 2597 3091 2665 sophismatum
3136 2599 3379 2654 inventio
3413 2602 3559 2655 mul-

1988 2692 2075 2739 tos
2124 2684 2434 2752 occupavit,
2493 2702 2723 2756 quarum
2779 2690 3005 2743 materia
3064 2689 3404 2745 mendacium
3453 2702 3559 2748 est.

1988 2772 2173 2841 Neque
2207 2773 2353 2828 enim
2386 2776 2596 2844 poetica
2631 2777 2933 2833 consistere
2958 2789 3135 2847 potest
3167 2781 3286 2835 sine
3316 2780 3515 2838 fabulis
3540 2803 3557 2838 :

1988 2882 2167 2935 neque
2206 2867 2482 2922 rhetorica
2530 2868 2647 2922 sine
2686 2876 2803 2921 artc
2856 2868 3069 2923 dicendi
3106 2889 3119 2924 :
3158 2887 3331 2941 neque
3378 2874 3566 2943 sophi<

1990 2960 2126 3012 stica
2172 2958 2290 3013 sine
2346 2959 2753 3028 paralogismis.
2785 2959 3051 3025 Quoniam
3094 2963 3257 3031 igitur
3304 2965 3457 3018 multi
3491 2964 3564 3019 ob

1992 3051 2188 3106 horum
2218 3051 2457 3106 studium
2492 3050 2584 3105 Dei
2626 3052 2875 3105 notitiam
2910 3054 3291 3123 neglexerunt,
3319 3057 3375 3109 in
3408 3057 3564 3111 vanis

1997 3144 2159 3198 rebus
2183 3142 2577 3213 investigandis
2602 3151 2976 3205 senescentes.
3008 3145 3215 3198 idcirco
3250 3149 3566 3204 necessaria

1916 3220 1960 3281 C
1992 3242 2077 3289 est
2116 3235 2421 3304 disciplina:
2456 3235 2717 3305 cognitio,
2743 3242 2856 3288 tum
2889 3236 2954 3289 ad
2987 3237 3172 3291 utilem
3218 3238 3565 3309 disciplinam

1995 3325 2349 3395 seligendam,
2384 3335 2495 3377 tmn
2536 3326 2602 3379 ad
2636 3340 2754 3379 eam
2785 3342 2905 3395 quae
2942 3328 3153 3381 inutilis
3182 3337 3265 3381 est
3294 3338 3347 3383 et
3379 3331 3562 3392 noxia,

1994 3417 2328 3487 fugiendam.
2357 3416 2508 3471 Licet
2542 3434 2759 3486 quoque
2791 3418 3093 3488 intelligere
3120 3422 3420 3487 prudentia:
3448 3439 3568 3478 ser-

1992 3525 2184 3564 mones
2209 3511 2281 3573 ei,
2305 3510 2397 3578 qui
2416 3509 2644 3563 attendit
2675 3509 3005 3575 Proverbiis,
3024 3527 3090 3564 ex
3117 3511 3305 3581 eisque
3337 3514 3567 3585 impigre

1994 3602 2283 3657 utilitatem
2313 3602 2479 3671 capit.
2513 3600 2866 3655 Prudentiam
2893 3602 3077 3671 itaque
3107 3618 3272 3656 unam
3302 3620 3425 3659 esse
3456 3609 3566 3660 sci-

1994 3710 2117 3748 mus
2134 3710 2198 3747 ex
2214 3692 2556 3761 generalibus
2576 3692 2889 3754 virtutibus,
2912 3708 3017 3761 qua
3044 3708 3144 3747 nos
3159 3694 3403 3750 homines
3425 3695 3568 3751 bona

1998 3786 2253 3853 malaque
2289 3792 2342 3838 et
2387 3781 2751 3837 indifferentia
2790 3782 3104 3837 edoccmur.
3140 3783 3390 3839 Prudens
3419 3787 3567 3840 enim

2000 3876 2185 3943 utique
2209 3889 2238 3926 a
2263 3872 2549 3942 prudentia
2586 3889 2680 3942 per
2709 3873 3102 3927 derivationem
3137 3877 3438 3945 appellatus
3460 3886 3564 3931 est.

1998 3966 2283 4031 Quomodo
2317 3966 2483 4034 igitur
2526 3979 2752 4033 serpens
2803 3964 3103 4019 bestiarum
3154 3967 3397 4022 omnium
3434 3984 3565 4038 pru-

1997 4057 2350 4111 dentissimus
2378 4056 2547 4110 fuisse
2593 4057 2907 4124 perhibetur
2945 4058 3024 4111 ὀἳ
3051 4056 3116 4110 Ει
3153 4073 3345 4113 rursus
3386 4058 3571 4114 Domi»

2198 4170 2217 4199 ⁷
2256 4167 2297 4221 ll
2333 4169 2459 4223 Cor.
2495 4185 2546 4223 vr
2570 4211 2582 4233 ,
2619 4170 2671 4223 9.
2784 4169 2805 4200 ⁸
2844 4169 2862 4221 l
2895 4170 3021 4225 Cor.
3059 4185 3149 4235 ιι,
3185 4170 3273 4225 52.
3386 4173 3407 4203 ⁸
3443 4172 3563 4227 Act.

1990 4358 2193 4430 plinam
2236 4356 2559 4425 fugiendam.
2597 4356 2732 4430 Sed
2768 4358 2855 4411 vix
2911 4357 3150 4430 dubitari
3202 4366 3397 4430 potest,
3435 4360 3568 4430 quin

1992 4429 2227 4481 Basilius
2263 4430 2545 4499 scripserit
2584 4428 2862 4492 ἀνονήτου,
2897 4428 2967 4480 ad
2998 4428 3302 4499 fugiendam
3333 4428 3569 4499 discipli-

1918 4474 1964 4530 D
1992 4474 2487 4571 ἦᾶἷγῖἱῇιξεῆἲιάἷιιῖε
2506 4474 2612 4560 est,
2639 4474 2762 4571 ουιῆ
2796 4474 2965 4571 vdces
2987 4474 3261 4568 ὧςὲἑὶίμου
3295 4512 3348 4553 et
3382 4474 3571 4571 ἆζοᾭῆ-

1991 4584 2083 4619 του
2117 4567 2487 4638 sibi__invicem
2520 4566 2856 4638 respondere
2886 4568 2969 4622 vel
2999 4566 3459 4638 caeco‘appareat.

2063 4637 2173 4720 (.H)
2206 4634 2452 4758 Utrague
2483 4634 2651 4691 editio
2674 4646 2727 4690 et
2751 4637 2905 4691 Colb.
2938 4640 3151 4720 primus
3174 4634 3449 4758 δέχοῐμένῳ
3471 4640 3571 4711 τὴν

2063 4723 2273 4758 οντισιν.
2315 4708 2336 4726 ”
2387 4723 2470 4758 στι
2502 4708 2611 4758 γὰο
2638 4706 2697 4758 τὸ
2726 4708 3000 4758 συιιωέοον
3032 4725 3242 4758 νοτισαι.
3319 4712 3349 4758 ἦ
3378 4710 3569 4758 κακία.

1990 4708 2273 4780 φρόνησιν.
2315 4706 2470 4780 ’Ἐστι
2502 4708 2611 4777 γὰρ
2638 4706 3014 4780 τοίσυμφέρονῄ
3032 4706 3352 4780 νοῆσαιζΤῇ
3378 4706 3569 4780 κακία,

1991 4776 2145 4849 φησι,
2185 4776 2501 4849 νηπιάζετε,
2535 4776 2732 4849 ταῖς-δὲ
2757 4776 2920 4849 φρεσῖ
2943 4776 3138 4831 τέλειοι
3179 4776 3417 4845 γίνεσθε.
3460 4776 3571 4849 Τῆν

1993 4847 2254 4917 φρόνησιν
2282 4846 2481 4918 τοίνυν,
2511 4857 2616 4901 etc.
2654 4846 2969 4900 Licetenim
3002 4850 3291 4901 utilitatem
3327 4850 3443 4918 ejus
3490 4846 3572 4903 in-

1995 4915 2243 4987 te‘lligere.
2273 4915 2508 4977 Malitia,
2534 4920 2725 4987 inquit,
2756 4920 2959 4984 parvuli
2992 4927 3176 4979 estote,
3209 4915 3448 4971 sensibus
3476 4936 3574 4972 au-

1995 4996 2098 5040 tem
2116 4986 2339 5054 perfecti
2362 4995 2545 5039 estote.
2581 4986 2751 5039 ICor.
2780 5004 2891 5047 xw,
2924 4987 3013 5041 20.
3059 4986 3163 5041 Sed
3200 4995 3375 5041 totum
3414 4989 3571 5051 illud,

1992 5058 2091 5130 τὴν
2119 5057 2396 5127 φρόνησιν.
2430 5057 2583 5130 Ἔστι
2612 5056 3030 5130 γὰρ...;τέλειοι
3053 5056 3284 5130 γίνεσθε,
3312 5059 3365 5111 in
3391 5057 3574 5130 Regiis

1997 5125 2174 5199 primo
2206 5134 2259 5177 et
2290 5129 2532 5199 secundo
2584 5135 2637 5180 et
2676 5125 2728 5179 in
2784 5125 2940 5179 Colb.
2990 5128 3166 5199 tertio
3211 5143 3321 5181 non
3354 5125 3570 5199 legit'ur.

2000 5196 2133 5270 Mihi
2155 5203 2334 5249 autem
2366 5196 2590 5270 dubium
2632 5213 2739 5270 non
2766 5206 2876 5270 est,
2907 5198 3036 5270 quin
3083 5197 3195 5270 haec
3226 5196 3428 5252 omnia'
3453 5216 3575 5270 qua:

1997 5268 2050 5319 in
2085 5267 2170 5319 his
2202 5281 2335 5319 mss.
2372 5268 2593 5328 desunt,
2624 5269 2817 5320 abesse
2848 5266 3103 5327 debeant,
3146 5268 3226 5322 sic
3264 5266 3488 5333 tamen;
3515 5280 3576 5323 ut

1998 5336 2265 5408 allirmare
2297 5336 2515 5404 quidem
2545 5338 2770 5404 possim,
2804 5335 2958 5408 illud,
2986 5336 3083 5406 τὴν
3112 5339 3395 5408 φρόνησιν,
3424 5340 3573 5408 (μιοὰ

1998 5407 2174 5475 primo
2215 5406 2335 5459 loco
2367 5408 2603 5473 positum
2636 5416 2720 5459 est
2755 5408 2809 5459 in
2840 5407 3001 5460 editis
3036 5406 3169 5461 etin
3208 5406 3317 5463 uno
3344 5406 3571 5464 Colber-

1998 5478 2150 5538 tino,
2197 5491 2423 5544 prorsus
2479 5476 2809 5544 παρέλκειν,
2856 5478 3101 5546 suspicer
3135 5493 3265 5531 vero
3297 5479 3409 5541 illa,
3458 5479 3575 5531 ἔστι

1999 5546 2128 5627 γάρ,
2149 5554 2281 5627 etc._,
2304 5546 2487 5627 addita
2512 5561 2631 5627 esse
2657 5550 2889 5627 primum
2913 5548 2967 5600 in
2997 5563 3094 5627 ora
3119 5548 3241 5627 libri
3271 5549 3337 5603 ab
3366 5549 3573 5618 aliquo,

1998 5615 2093 5685 qui
2138 5615 2442 5687 prudentiae
2476 5615 2768 5687 utilitatem
2817 5618 3107 5673 ostendere
3140 5619 3320 5677 vellet,
3358 5615 3576 5687 postea-

2000 5702 2107 5760 que
2140 5686 2239 5760 has
2266 5686 2485 5760 easdem
2520 5700 2680 5760 voces
2710 5686 2762 5739 in
2791 5696 3107 5744 contextum
3138 5690 3205 5743 ab
3253 5686 3436 5760 aliquo
3468 5689 3575 5743 alio

2002 5756 2229 5812 librario
2260 5755 2556 5812 translatas
2585 5754 2771 5812 fuisse.
