4036 6236
400 379 502 434 399
1741 376 1797 433 S.
1834 375 2077 433 BASILH
2119 375 2334 430 MAGNI
3552 386 3656 441 ιοο

402 511 510 551 nus
542 511 556 548 :
599 493 778 546 Estote
822 492 1125 562 prudentes,
1164 494 1300 546 sicut
1337 503 1594 561 serpentes
1631 495 1691 548 “.
1726 495 1839 550 imo
1878 496 1976 548 vil-

2087 495 2196 547 Καὶ
2232 493 2391 546 πάλιν
2443 495 2470 546 ό
2524 494 2759 566 Κύριος·
2821 497 3076 552 Γίνεσθε
3132 515 3436 567 φρονιμοι,
3489 500 3569 567 ὡς
3607 505 3661 556 oi

407 585 543 639 licus
587 581 893 652 iniquitatis
933 582 1175 652 prudens
1221 589 1450 636 vocatus
1499 590 1584 636 est
1635 583 1697 636 ι’.
1743 584 1825 637 An
1867 597 1976 637 non

2081 585 2267 652 ὄφεις.
2320 585 2426 636 Καὶ
2471 586 2732 656 φρόνιμος
2794 589 2822 640 δ
2872 589 3150 659 οἰκονόμος
3183 590 3281 659 τῆς
3315 590 3548 654 ἀδικίας.
3589 593 3660 645 Ἦ

403 677 573 746 liquet
618 674 924 746 prudentiae
966 691 1162 737 nomen
1208 675 1363 746 103
1407 675 1610 745 duplex
1660 676 1821 731 esse?
1863 673 1976 729 Una

2081 676 2260 745 δῆλον,
2278 677 2359 729 ὅτι
2385 676 2606 730 διπλοῦν
2626 679 2735 749 (12)
2765 679 2881 730 ἐστι
2913 681 2972 731 τὸ
2993 680 3092 750 τῆς
3119 682 3433 752 φρονήσεως
3454 681 3660 754 δνομα;

402 769 547 822 enim
581 782 740 822 suum
789 766 963 832 ipsius
1008 767 1358 822 commodum
1411 774 1614 830 tuetur,
1663 767 1742 822 sic
1774 775 1976 829 tamen,

2093 766 2156 818 ἸΙ
2186 765 2284 836 μὲν
2322 766 2430 836 γάρ
2463 766 2546 830 τίς
2581 769 2696 820 ἐστι
2723 768 2940 837 φυλακὴ
2971 768 3064 822 τοῦ
3104 770 3305 822 οίκείου
3350 771 3660 842 συμφέρον-

404 869 461 912 ut
481 859 643 914 simul
667 866 843 913 struat
866 858 1115 929 proximo
1156 857 1406 922 insidias,
1446 859 1623 928 qualis
1640 867 1724 913 est
1751 873 1976 928 serpen-

2081 873 2172 919 τος
2199 857 2336 928 μετὰ
2357 857 2454 928 τῆς
2475 857 2566 910 τοῦ
2597 858 2822 931 πλησίον
2858 859 3266 930 ὲπι6ουλῆς,οἴα
3290 863 3323 931 ἡ
3345 861 3437 914 τοῦ
3460 862 3554 930 δφε

402 955 473 1008 tis
500 953 806 1022 prudentia,
825 926 990 1019 caput
1013 965 1170 1004 suum
1203 926 1586 1004 custodientis.
1616 947 1742 1004 Haec
1772 926 1874 1002 ista
1899 950 1976 1002 vi-

2081 947 2178 1017 τὴν
2212 947 2452 1018 κεφαλὴν
2500 926 3142 1020 ἑαυτοῦρυντηροῦντος.
3174 950 3307 1002 ’Ἢδε
3352 967 3436 1012 τις
3485 926 3662 1004 εοιῖᾆῖ

403 1045 562 1098 detur
599 1049 779 1098 astuta
809 1042 1055 1112 quasdam
1085 1057 1206 1095 esse
1235 1057 1448 1112 morum
1486 1039 1814 1110 malignitas,
1860 1055 1976 1108 qua:

2082 1034 2220 1091 εἶναι
2251 1040 2643 1113 κακεντρέχεια
2674 1039 2913 1111 τρόπων,
2944 1040 3111 1105 ὀξέως
3140 1040 3200 1094 τὸ
3230 1042 3358 1094 ἴδιον
3386 1042 3666 1106 λυσιτελὲς

405 1133 515 1186 cito
544 1131 691 1202 quod
723 1132 824 1188 sibi
860 1131 993 1196 utile
1021 1141 1106 1184 est
1137 1130 1591 1192 comminiscitur,
1611 1143 1673 1182 ac
1691 1128 1976 1198 simplicio-

2082 1131 2491 1201 ἐξευρίσκουσα,
2511 1133 2603 1183 καὶ
2631 1131 3052 1203 συναρπάζουσα
3069 1133 3195 1196 τοὺς
3220 1133 3660 1206 ἀκεραιοτέρους·

407 1239 492 1278 res
514 1222 857 1294 depraedalur
878 1239 889 1273 :
912 1222 1058 1290 quali
1074 1221 1359 1293 prudentia
1378 1221 1477 1275 fuit
1495 1220 1708 1276 villicus
1726 1221 1976 1288 iniquita-

2081 1223 2239 1276 ὁποία
2281 1223 2314 1292 ἡ
2362 1222 2456 1275 τοῦ
2491 1222 2776 1292 οἰκονόμου
2827 1221 2928 1292 τῆς
2965 1222 3198 1285 ἀδικίας.
3254 1223 3317 1275 Ἡ
3361 1223 3418 1276 δὲ
3457 1224 3662 1297 ἀληθὴς

407 1316 499 1370 tis.
527 1312 669 1368 Vera
696 1320 877 1368 autem
907 1311 1218 1381 prudentia,
1245 1310 1578 1380 agendorum
1599 1319 1653 1364 et
1678 1324 1786 1362 non
1817 1323 1976 1378 agen-

2084 1313 2346 1384 φρόνησις
2401 1313 2690 1381 διάγνωσίς
2751 1315 2865 1366 ἐστι
2937 1314 3046 1367 τῶν
3103 1315 3368 1386 ποιητέων
3443 1317 3537 1369 καὶ
3597 1319 3660 1371 οὐ

406 1405 601 1460 dorum
627 1406 867 1476 cognitio
897 1410 982 1458 est
1012 1411 1066 1457 et
1107 1403 1338 1457 secretio
1373 1421 1386 1457 :
1413 1416 1575 1472 quam
1598 1401 1690 1472 qui
1709 1400 1976 1470 sequitur,

2085 1406 2370 1477 ποιητέωνο
2479 1409 2508 1459 ό
2531 1405 2941 1460 κατακολουθῶν
2982 1406 3236 1460 οὐδέποτε
3266 1408 3363 1478 μὲν
3407 1408 3515 1462 τῶν
3560 1410 3662 1482 τῆς

409 1512 686 1567 nunquam
751 1496 964 1550 secedet
1019 1509 1048 1547 a
1103 1495 1322 1549 virtutis
1375 1494 1654 1563 operibus.
1700 1505 1976 1561 nunquam

2081 1499 2284 1569 ἀρετῆς
2323 1500 2499 1568 ἐργων
2523 1500 2868 1569 ἐκστήσεται,
2907 1498 3160 1550 οὐδέποτε
3226 1498 3282 1550 δὲ
3327 1499 3406 1569 τῷ
3451 1499 3662 1572 ὀλέθρῳ

406 1592 640 1644 exitioso
671 1588 789 1642 vitii
812 1587 998 1656 jaculo
1037 1584 1409 1654 transﬁgelur.
1445 1581 1632 1653 Itaque
1657 1584 1748 1652 qui
1777 1583 1976 1638 intelli-

2081 1591 2178 1660 τῆς
2236 1591 2434 1652 κακίας
2498 1591 2956 1662 περιπαρήσεται.
3016 1591 3072 1644 Ὁ
3135 1591 3315 1643 τοίνυν
3387 1591 3522 1644 νοῶν
3577 1591 3663 1643 M-

408 1683 485 1753 git
515 1681 819 1753 prudentiae
863 1693 1168 1740 sermones,
1207 1676 1359 1731 novit
1388 1675 1482 1744 qui
1518 1677 1752 1746 captiosi
1784 1676 1897 1730 sint
1926 1686 1976 1730 et

2081 1699 2210 1750 γους
2241 1681 2352 1751 (i3)
2387 1683 2702 1752 φρονήσεως
2747 1678 2853 1736 οἶδε
2885 1682 2984 1752 μὲν
3033 1683 3178 1746 τίνες
3232 1682 3662 1754 σοφισματώδείς

408 1775 474 1828 ad
505 1771 884 1843 decipiendum
905 1769 1221 1839 compositi,
1251 1768 1476 1838 quinam
1506 1783 1745 1838 quoque,
1776 1768 1868 1837 qui
1907 1767 1976 1822 de

2081 1775 2174 1826 καὶ
2218 1772 2505 1842 ἀπατηλοὶ,
2543 1773 2688 1836 τίνες
2737 1772 2792 1825 δὲ
2825 1775 2874 1826 oi
2908 1775 3035 1843 περὶ
3075 1773 3184 1826 τῶν
3223 1773 3366 1827 κατὰ
3396 1774 3487 1827 τὸν
3545 1775 3662 1846 βίον

407 1865 628 1937 optimis
669 1865 724 1919 in
777 1864 886 1917 vita
935 1862 1158 1933 agendis
1201 1875 1302 1915 nos
1343 1860 1706 1915 submoneant
1746 1877 1760 1914 :
1813 1868 1976 1929 atque

2081 1865 2370 1936 πρακτέων
2389 1836 2470 1918 ⁷τὰ
2513 1865 2761 1935 βέλτιστα
2809 1867 2940 1936 ἡμῖν
2985 1836 3406 1936 ’ὑποτιθέμενον
3450 1836 3555 1920 καὶ.
3583 1866 3660 1930 ὡς

3559 880 3738 942 9351——
3813 920 3828 924 —

409 1956 666 2012 iniensarii
706 1954 834 2008 boni
878 1968 1048 2016 more,
1073 1961 1133 2005 ut
1162 1949 1415 2006 retinebit
1447 1952 1591 2019 quod
1631 1949 1834 2004 bonum
1860 1947 1977 2003 fue-

410 2051 498 2112 rit,
550 2049 622 2100 ita
666 2048 732 2100 ab
771 2045 918 2100 omni
961 2045 1142 2114 specie
1193 2043 1336 2096 mala
1380 2042 1678 2096 abstinebit
1733 2042 1795 2095 ¹³.
1851 2039 1976 2095 Haec

408 2140 694 2220 prpdentia
727 2138 916 2192 tribuit
947 2136 1238 2190 aediﬁcanti
1279 2135 1502 2189 domum
1550 2149 1730 2197 suam,
1764 2140 1822 2186 ut
1854 2133 1977 2187 fun-

408 2237 722 2310 dainengum
760 2230 934 2299 ipsius
971 2243 1137 2298 supra
1177 2239 1386 2298 petram
1419 2234 1585 2296 ponat
1616 2226 1661 2258 “
1685 2262 1700 2292 ,
1735 2228 1840 2280 hoc
1866 2234 1974 2289 est,

407 2324 614 2380 Christi
658 2321 760 2376 [ide
787 2319 1081 2383 sullulciat,
1119 2326 1178 2372 ut
1215 2319 1269 2372 in
1301 2317 1568 2372 imbribus
1602 2317 1888 2387 ventisque.
1922 2326 1976 2371 et

408 2415 694 2490 fulminum
727 2411 1043 2468 incursibus
1070 2418 1389 2482 permaneat
1430 2411 1677 2465 immota.
1720 2409 1976 2464 lmmobi=

407 2511 510 2564 lem
544 2509 690 2563 enim
720 2507 774 2558 in
816 2503 1213 2559 tentationibus
1244 2501 1634 2565 constantiam,
1672 2509 1780 2554 tam
1819 2500 1871 2554 in
1909 2501 1978 2554 iis

405 2616 524 2670 quae
571 2600 824 2660 humanas
869 2603 1017 2661 sunt,
1049 2609 1210 2666 quam
1262 2594 1316 2648 in
1364 2594 1432 2649 iis
1472 2609 1594 2664 quae
1629 2593 1788 2649 nobis
1820 2609 1851 2648 e
1880 2607 1973 2647 su-

407 2693 592 2762 pernis
643 2690 996 2753 inducuntur,
1032 2687 1294 2743 Dominus
1326 2687 1484 2743 nobis
1514 2686 1678 2756 hujus
1707 2686 1978 2756 parabolae

408 2786 594 2841 verbis
617 2784 878 2840 ostendit.
911 2781 1288 2851 Praetereaque
1314 2795 1413 2836 nos
1440 2780 1632 2842 docet,
1666 2781 1976 2834 necessaria

406 2895 515 2935 non
547 2880 843 2950 negligere,
880 2876 974 2931 scd
1010 2877 1135 2930 vita:
1164 2876 1382 2931 viaticis
1416 2881 1743 2942 praemature
1774 2875 1976 2929 instru-

405 2981 547 3037 ctos,
607 2971 662 3024 in
721 2969 903 3024 cordis
946 2969 1228 3022 alacritate
1287 2962 1475 3037 spohsi
1535 2965 1828 3021 adventum
1882 2981 1980 3020 ex-

405 3068 674 3134 spectare.
723 3059 889 3123 Nam,
939 3060 1135 3130 inquit,
1181 3059 1478 3129 prudentes
1518 3056 1778 3128 virgines,
1830 3056 1979 3127 quod

406 3155 582 3209 oleum
617 3154 670 3207 in
708 3152 1049 3223 lampadibus
1081 3151 1364 3214 haberent,
1401 3151 1658 3220 ingrcssze
1688 3157 1815 3206 sunt
1853 3165 1973 3205 cum

408 3259 613 3314 sponso
653 3262 666 3298 :
704 3243 886 3298 stulta:
923 3249 1127 3302 autem,
1183 3240 1328 3310 quod
1376 3241 1657 3310 imparalae
1703 3247 1908 3305 essent,
1943 3255 1974 3293 a

406 3335 624 3389 thalami
654 3333 852 3404 gaudio
881 3334 1117 3388 exclusae
1148 3341 1275 3388 sunt
1298 3333 1363 3385 ¹⁸.

477 3514 529 3569 7.
573 3513 688 3570 Sub
728 3513 863 3577 haec,
913 3512 1198 3566 videamus
1237 3510 1368 3581 quid
1415 3513 1484 3567 sit
1530 3511 1808 3580 suscipere
1857 3527 1978 3565 ver-

407 3606 580 3661 sutias
632 3620 950 3660 sermonum
998 3605 1063 3658 ¹⁶.
1107 3602 1300 3660 Sermo
1351 3603 1571 3674 quidem
1621 3618 1788 3657 verus
1839 3611 1893 3658 et
1946 3618 1977 3656 a

407 3712 538 3753 sana
569 3707 748 3755 mente
783 3696 1158 3766 proficiscens,
1196 3696 1427 3765 simplex
1451 3697 1532 3750 est
1563 3704 1616 3751 et
1636 3697 1799 3750 unius
1828 3695 1976 3764 ejus-

405 3790 638 3858 demque
684 3788 936 3851 rationis,
983 3785 1173 3842 eadem
1215 3787 1282 3842 de
1336 3785 1528 3842 iisdem
1580 3802 1794 3858 semper
1835 3786 1979 3840 aﬂir-

406 3896 564 3934 mans
603 3893 619 3932 :
665 3879 855 3932 varius
899 3893 1035 3934 vero
1093 3888 1145 3933 et
1187 3879 1539 3942 artiﬁciosus,
1585 3893 1707 3932 cum
1747 3879 1976 3932 multum

407 3971 674 4041 implexus
730 3971 802 4026 sit
847 3978 901 4024 et
973 3978 1338 4041 praeparatus,
1421 3981 1708 4026 sexcentas
1773 3971 1977 4026 formas

407 4063 664 4130 assumit,
727 4077 894 4131 seque
936 4061 1004 4115 ad
1047 4062 1280 4132 gratiam
1329 4063 1754 4132 colloquentium
1790 4061 1978 4116 conci-

407 4152 642 4205 liandam
681 4153 1102 4219 transformans,
1135 4153 1406 4209 versutias
1435 4154 1754 4210 innumeras
1793 4154 1978 4208 animo

409 4251 610 4298 versat.
646 4242 808 4313 Ergo,
840 4253 897 4296 ut
943 4245 1367 4299 artiﬁciosorum
1403 4259 1716 4300 sermonum
1746 4245 1976 4299 assultui

407 4333 624 4387 fortiter
653 4333 912 4387 resistere
944 4333 1243 4402 possimus,
1269 4333 1587 4402 adiumento
1622 4347 1820 4402 magno
1850 4341 1979 4387 sunt

407 4425 712 4481 Partemize.
751 4423 884 4478 Nam
921 4426 1014 4496 qui
1061 4426 1194 4496 ipsis
1249 4426 1489 4480 intentus
1522 4431 1625 4490 est,
1667 4439 1767 4479 nec
1812 4425 1980 4494 negli-

2073 1955 2296 2025 δόκιμος
2345 1954 2698 2026 τραπεζίτης,
2737 1955 2798 2008 τὸ
2847 1954 2946 2025 μὲν
2992 1955 3211 2027 δόκιμον
3259 1955 3496 2023 καθέξει,
3552 1956 3664 2009 ἀπὸ

2073 2047 2131 2100 δὲ
2165 2047 2364 2110 παντὸς
2392 2047 2562 2110 εἴδους
2595 2047 2832 2118 πονηροῦ
2862 2047 3138 2117 ἀφέξεται.
3166 2048 3313 2122 Αὕτη
3343 2049 3662 2120 ἡφρόνησις

2074 2137 2356 2210 χαρίζεται
2383 2138 2458 2209 τῷ
2482 2140 2849 2210 οἰκοδομοῦντι
2873 2140 2969 2210 τὴν
3004 2135 3198 2193 ἑαυτοῦ
3226 2141 3425 2207 οἰκίαν,
3457 2141 3549 2194 τόν
3572 2143 3664 2195 θε-

2078 2229 2261 2300 μέλιον
2309 2228 2473 2282 αὑτοῦ
2517 2229 2724 2283 τιθέναι
2767 2230 2858 2282 ἐπὶ
2892 2230 2990 2301 τὴν
3033 2230 3263 2302 πέτραν,
3290 2232 3560 2295 τουτέστι,
3590 2234 3658 2304 τῇ

2076 2320 2252 2373 πίστει
2301 2324 2366 2392 τῇ
2411 2322 2490 2384 είς
2529 2321 2763 2392 Χριστὸν
2795 2321 3190 2392 ἐπερείδεσθαι,
3227 2321 3368 2376 ὥστε
3412 2339 3662 2376 ασειστον

2073 2411 2346 2483 διαμένειν
2387 2414 2443 2465 ἐν
2475 2411 2693 2483 βροχαῖς
2722 2412 2816 2466 καὶ
2845 2413 3063 2484 ἀνέμοις
3086 2414 3180 2467 καὶ
3209 2413 3467 2485 ποταμῶν
3495 2431 3664 2486 προσ-

2075 2504 2276 2568 ϐολαῖς.
2319 2504 2392 2557 Τὸ
2439 2505 2546 2576 γὰρ
2597 2507 2653 2557 ἐν
2699 2509 3027 2577 πειρασμοῖς
3071 2506 3390 2571 ἀσάλευτον,
3438 2510 3549 2570 τοῖς
3601 2524 3660 2559 τε

2075 2597 2436 2668 ἀνθρωπίνοις
2470 2598 2564 2650 καὶ
2597 2600 2708 2660 τοῖς
2749 2597 2955 2651 ἄνωθεν
2989 2599 3121 2668 ἡμῖν
3159 2598 3542 2668 ἐπαγομένοις,
3571 2599 3660 2652 διὰ

2075 2687 2181 2740 τῶν
2219 2688 2476 2742 τοιούτων
2515 2689 2609 2760 τῆς
2647 2689 2957 2761 παραϐολῆς
3003 2690 3176 2759 λόγων
3209 2693 3237 2744 ό
3269 2691 3473 2764 Κύριος
3525 2693 3661 2764 ἡμῖν

2077 2779 2389 2845 ἐνεδείξατο.
2417 2781 2669 2835 Διδάσκει
2691 2782 2748 2835 δὲ
2773 2781 2868 2834 καὶ
2897 2781 2972 2853 μὴ
3003 2783 3332 2852 καταμελεῖν
3363 2783 3471 2838 τῶν
3500 2783 3661 2852 ἀναγο

2078 2869 2267 2931 καίων,
2290 2869 2427 2923 ἀλλὰ
2459 2869 2563 2941 πρὸ
2597 2869 2791 2942 καιροῦ
2819 2873 3372 2943 παρεσκευασμένους
3397 2873 3496 2944 τῆς
3513 2873 3662 2944 ζωῆς

2076 2961 2145 3014 τά
2173 2960 2378 3029 ἐφόδια,
2398 2965 2454 3015 ἐν
2479 2966 2543 3034 τῇ
2567 2954 2854 3034 ἑτοιμασίᾳ
2881 2965 2978 3034 τῆς
3005 2965 3230 3038 καρδίας
3253 2967 3349 3020 ἀνα
3361 2965 3541 3037 μένειν
3561 2967 3663 3020 τοῦ

2079 3051 2310 3121 νυμφίου
2366 3052 2465 3123 τὴν
2520 3053 2842 3123 παρουσίαν.
2888 3056 2952 3107 Αἱ
3017 3057 3270 3127 φρόνιμοι
3321 3057 3449 3128 γὰρ,
3503 3056 3660 3128 φησὶ,

2081 3140 2358 3211 παρθένοι,
2389 3141 2475 3194 διὰ
2505 3141 2565 3194 τὸ
2608 3141 2752 3213 ἔχειν
2793 3145 2849 3197 ἐν
2883 3147 3000 3208 ταῖς
3045 3145 3292 3216 λαμπάσι
3339 3146 3401 3199 τὸ
3449 3145 3663 3210 ἔλαιον,

2082 3231 2424 3302 συνεισῆλθον
2472 3232 2550 3303 τῷ
2600 3234 2818 3305 νυμφίῳ
2837 3251 2850 3265 ο
2880 3237 2936 3288 αἱ
2967 3235 3024 3288 δὲ
3052 3237 3231 3307 μωραὶ
3255 3235 3342 3289 διὰ
3374 3236 3433 3289 τὸ
3458 3237 3664 3290 ἀνέτοι-

2083 3340 2182 3392 μον
2229 3322 2458 3388 ἑαυτῶν,
2490 3325 2588 3395 τῆς
2624 3327 2799 3396 χαρᾶς
2826 3325 2919 3379 τοῦ
2953 3328 3239 3398 νυμφῶνος
3286 3329 3664 3401 ἀπηλλοτριώ-

2080 3413 2252 3485 Θησαν
2283 3415 2418 3485 (ιι).

2151 3506 2202 3559 7.
2236 3505 2388 3559 Μετά
2438 3505 2618 3570 τοῦτο,
2671 3507 2870 3578 ἴδωμεν
2897 3509 2951 3560 τί
2983 3511 3098 3562 ἐστι
3130 3510 3383 3574 δέξασθαι
3421 3511 3664 3582 στροφὰς

2081 3598 2272 3666 λόγων.
2291 3599 2348 3650 Ὀ
2375 3597 2473 3668 μὲν
2500 3599 2704 3670 ἀληθὴς
2728 3599 2904 3667 λόγος,
2936 3602 3028 3653 καὶ
3060 3601 3168 3653 ἀπὸ
3203 3601 3386 3669 ὑγιοῦς
3425 3601 3665 3665 διανοίας

2079 3689 2303 3760 προῖὼν,
2340 3689 2544 3753 ἁπλοῦς
2576 3692 2690 3743 ἐστι
2717 3692 2808 3744 καὶ
2843 3692 3194 3762 μονότροπος,
3220 3693 3289 3745 τὰ
3317 3691 3456 3745 αὺτά
3486 3692 3661 3760 λέγων

2083 3783 2310 3835 πάντοτε
2356 3785 2484 3855 περὶ
2512 3782 2620 3837 τῶν
2649 3782 2853 3836 αὐτῶν·
2879 3787 2906 3837 ό
2937 3771 2992 3837 δὲ
3028 3785 3263 3848 ποικίλος
3284 3785 3377 3836 καὶ
3415 3785 3662 3854 ἔντεχνος

2080 3874 2214 3927 πολὺ
2244 3873 2306 3928 τὸ
2352 3875 2643 3929 ἐπίπλοκον
2696 3877 2791 3929 καὶ
2840 3877 3240 3945 ἐγκατάσκευον
3290 3877 3454 3947 ἔχων,
3491 3879 3666 3950 μυρία

2081 3968 2637 4038 κατασχηματίζεται,
2671 3969 2762 4022 καὶ
2810 3969 3101 4040 στρέφεται
3151 3986 3387 4052 στροφας
3441 3969 3662 4041 ἀμυθή-

2080 4080 2224 4127 τους,
2254 4063 2389 4135 πρὸς
2420 4063 2480 4116 τὸ
2507 4064 2614 4117 τῶν
2645 4065 3078 4134 ἐντυγχανόντων
3115 4066 3351 4137 ἀρέσκον
3385 4083 3636 4138 μεταμορ

2081 4153 2365 4224 φούμενος.
2397 4156 2539 4226 Πρὸς
2571 4152 2662 4209 οὖν
2705 4157 2767 4209 τὸ
2805 4153 3063 4210 δύνασθαι
3095 4159 3240 4228 ἡμᾶς
3275 4157 3507 4229 ἰσχυρῶς
3540 4159 3666 4210 ἀντ-

2081 4245 2223 4315 έχειν
2242 4248 2306 4316 τῇ
2335 4246 2441 4298 ἀπὸ
2459 4247 2566 4300 τῶν
2589 4247 2848 4316 τεχνικῶν
2862 4247 3036 4315 λόγων
3063 4246 3334 4318 προσϐολῇ
3365 4250 3507 4318 μέγα
3535 4247 3665 4315 όφε-

2080 4337 2170 4398 λος
2202 4339 2256 4390 αί
2293 4339 2586 4409 Παροιμίαι
2628 4339 2964 4410 χαρίζονται.
2999 4339 3143 4392 Διότι
3187 4340 3216 4391 δ
3254 4340 3536 4410 προσέχων
3573 4337 3666 4391 αὐ-

2081 4428 2220 4490 ταῖς,
2247 4429 2338 4480 καὶ
2371 4428 2468 4491 τὰς
2496 4429 2588 4481 ἀπ’
2607 4428 2783 4494 αὐτῶν
2814 4429 3162 4500 παραινέσεις
3193 4429 3267 4499 μὴ
3287 4427 3472 4498 ἀργῶς
3497 4443 3666 4498 προσ-

407 4528 597 4591 genter
641 4531 829 4573 earum
879 4518 1084 4570 monita
1125 4517 1420 4581 auscultat,
1457 4515 1603 4570 velut
1643 4515 1976 4586 experientia

2087 4517 2316 4587 ιέμενος,
2353 4519 2517 4572 οἱονεὶ
2561 4519 3008 4590 καθωπλισμένος
3040 4521 3104 4590 τῇ
3136 4519 3418 4590 ἐμπειρίᾳ,
3450 4518 3665 4587 δέχεται

409 4611 744 4678 obarmatus,
779 4610 1048 4665 versutias
1090 4608 1381 4664 verborum
1415 4608 1552 4662 citra
1584 4621 1783 4662 noxam
1814 4609 1980 4662 ullam

2084 4609 2336 4670 ἀϐλαϐῶς
2371 4610 2467 4674 τὰς
2508 4611 2745 4682 στροφὰς
2776 4611 2884 4664 τῶν
2931 4612 3124 4680 λόγων,
3165 4611 3299 4681 μήτε
3335 4610 3664 4681 περιτρεπόο

483 4766 521 4835 ⁸]
568 4763 756 4835 Matlli.
795 4780 860 4823 x,
902 4763 986 4816 i6.
1038 4762 1276 4835 _'f__l_.uc.
1321 4778 1440 4826 χνι,
1479 4762 1533 4816 8.
1611 4761 1654 4792 ⁸³
1696 4759 1713 4812 l
1754 4759 1950 4817 Thess.

2081 4762 2166 4818 2|.
2276 4763 2321 4796 "
2362 4763 2551 4819 Matth.
2587 4781 2692 4830 vn,
2725 4764 2818 4819 25.
2931 4765 2974 4797 "
3015 4765 3204 4819 Matth.
3262 4781 3389 4826 xxv,
3429 4767 3494 4819 ω
3540 4779 3666 4835 sqq.

412 4837 455 4867 ¹⁶
496 4834 654 4889 Prov.
693 4833 743 4896 ι’,
766 4835 817 4896 5,
846 4835 999 4904 juxta
1038 4831 1202 4884 LXX.

484 5007 592 5076 (l2)
626 5008 803 5063 Editio
835 5007 998 5061 Basil.
1045 5015 1099 5061 ct
1140 5006 1382 5076 quinque
1426 5021 1560 5060 mss.
1609 5007 1689 5058 ὅτι
1736 5004 1978 5068 διπλοῦν,

411 5075 604 5146 duplex
634 5096 651 5131 :
683 5095 806 5149 quze
830 5078 1119 5149 scriptura
1160 5075 1305 5149 quin
1331 5075 1402 5130 sit
1436 5077 1644 5149 integra
1689 5083 1756 5149 et_
1796 5077 1982 5130 incor-

412 5145 589 5218 rupta,
618 5145 776 5218 uenio
810 5145 1102 5218 dubitabit,
1124 5145 1216 5218 qui
1246 5161 1356 5200 rem
1383 5145 1543 5218 paulo
1558 5145 1982 5218 ‘attentinsrcon-

410 5214 684 5272 siderarit.
735 5217 842 5272 Sed
889 5231 1018 5271 ecce
1069 5214 1316 5276 Du'cii'us,
1352 5215 1466 5283 qui,
1519 5229 1644 5268 cum
1707 5214 1978 5282 triplicem

413 5287 756 5354 prudentiam
787 5287 1047 5354 hociloco
1075 5287 1308 5339 describi
1349 5283 1487 5340 falso
1533 5284 1634 5354 sibi
1658 5285 1980 5354 persuasis-

411 5353 516 5417 set,
550 5357 602 5409 in
635 5356 872 5425 editione
904 5353 1076 5409 Paris.
1104 5371 1202 5425 pro
1239 5354 1456 5408 διπλοῦν
1497 5353 1766 5425 edendum
1816 5368 1980 5406 cura-

413 5426 486 5478 vit
512 5424 790 5496 τριπλοῦν,
834 5425 1064 5496 triplex;
1106 5423 1231 5494 qua:
1277 5425 1506 5496 mutatio
1551 5423 1710 5496 nobis
1760 5425 1977 5492 probari

413 5492 562 5549 nullo
581 5495 742 5548 modo
773 5492 970 5565 potest.
1000 5495 1093 5549 His
1118 5492 1281 5564 igitur
1311 5495 1559 5554 vocibus,
1584 5492 1679 5564 ἥδε
1704 5510 1808 5565 τις,
1839 5500 1973 5565 etc.,

414 5565 746 5618 arbitramur
783 5564 903 5620 non
945 5567 1244 5620 secundum
1295 5565 1584 5634 quamdam
1631 5564 1974 5632 prudentiam

414 5634 648 5690 describi
684 5651 696 5686 :
727 5635 820 5688 sed
847 5650 965 5703 quze
999 5636 1069 5690 sit
1099 5637 1248 5704 prior
1276 5635 1386 5697 illa,
1422 5634 1488 5689 de
1515 5649 1621 5704 qua
1656 5634 1766 5701 jam
1797 5647 1976 5704 sermo

417 5706 632 5758 habitus
676 5713 781 5766 est,
817 5701 1113 5760 declarari;
1157 5703 1234 5758 Ex
1279 5721 1388 5775 quo
1434 5701 1626 5769 ﬁt,'ut
1657 5701 1974 5775 vertendum

417 5789 526 5830 non
563 5778 656 5840 sit,
688 5775 856 5830 altera
888 5791 1004 5829 vero
1034 5773 1343 5842 improbitas
1371 5791 1575 5830 morum
1604 5789 1717 5828 esse
1751 5773 1972 5838 videtur,

2083 5003 2177 5059 sed
2215 5003 2316 5057 hoc
2340 5001 2524 5069 modo,
2543 5002 2653 5056 hac
2675 5012 2848 5056 autem
2876 5003 3158 5070 prudentia
3190 5005 3524 5072 improbitas,
3553 5015 3665 5064 etc.

2084 5074 2320 5146 Basilius
2346 5075 2488 5146 enim
2508 5073 2698 5146 nonde
2732 5088 2874 5128 novo
2893 5076 3125 5142 quodam
3146 5074 3447 5142 prudentiae
3465 5091 3666 5146 genere

2083 5145 2325 5213 loquitur
2351 5163 2362 5198 :
2389 5143 2484 5214 sed
2509 5143 2583 5197 ait
2613 5145 2814 5214 solum,
2848 5159 2969 5196 eam
3000 5145 3344 5212 prudentiam
3371 5143 3666 5214 cujusjam

2083 5211 2412 5268 mentionem
2447 5212 2594 5284 fecit,
2621 5211 2759 5284 nihil
2792 5214 2940 5266 aliud
2972 5211 3143 5268 videri
3180 5221 3376 5283 praeter
3399 5211 3668 5284 improbi—

2083 5291 2250 5337 tatem
2272 5298 2511 5336 morum.
2542 5281 2714 5336 Velim
2742 5283 2991 5352 legantur
3021 5281 3400 5338 connientarii
3427 5281 3668 5341 hominis

2080 5352 2604 5424 Graaceidoctissimi
2638 5352 2892 5424 Gulielmi
2927 5353 3108 5424 Budmi
3140 5369 3260 5424 pag.
3291 5353 3418 5415 965,
3450 5355 3539 5407 ubi
3568 5354 3669 5407 do-

2082 5433 2166 5476 cet
2195 5421 2322 5493 ὁνδέ
2360 5441 2444 5486 τις
2473 5421 2718 5488 ὀξύτονον
2755 5423 2864 5476 dici
2911 5439 3009 5493 pro
3041 5421 3168 5484 δδέ,
3203 5421 3306 5477 hoc
3338 5433 3444 5487 est,
3503 5425 3668 5493 alter,

2083 5493 2163 5547 vel
2195 5492 2335 5565 alius
2371 5509 2390 5547 :
2422 5485 2478 5545 at
2501 5485 2644 5565 vero
2688 5493 2774 5565 δδε
2815 5485 3230 5565 τις’βαρύτονον
3265 5496 3406 5549 sumi
3433 5485 3551 5564 pro
3577 5485 3673 5550 οὖὲ

2080 5579 2192 5624 τος,
2224 5562 2329 5615 hoc
2355 5570 2462 5625 est,
2495 5563 2538 5616 is
2569 5569 2663 5616 aut
2691 5563 2796 5619 hic.

2154 5631 2264 5703 (l5)
2294 5631 2448 5705 Coll).
2484 5632 2679 5686 tertius
2707 5635 2842 5689 νοῶν
2867 5633 3047 5702 λόγον.
3079 5632 3189 5689 Nec
3225 5634 3298 5688 ita
3334 5633 3508 5689 multo
3539 5639 3672 5705 post

2083 5701 2192 5773 duo
2222 5701 2354 5773 mss.
2394 5701 2508 5770 βίον
2543 5719 2884 5773 πρακταιων.

2156 5771 2266 5843 (14)
2304 5770 2435 5842 Reg.
2473 5770 2683 5842 primus
2713 5772 3177 5847 ἀλλοτριώθησαν.
