4036 6236
323 363 418 418 ὅθί

327 491 484 544 μενος
533 476 624 528 ὑπ’
664 479 878 547 αύτῶν,

324 567 594 663 ἀληθείας.
648 571 818 626 Ὅταν
881 577 994 649 γὰρ
1048 580 1218 646 ἄλλως
1271 585 1371 653 μὲν
1424 586 1637 653 φύσεως
1689 591 1786 663 ἔχῃ
1842 567 1907 646 τά

328 660 641 732 πράγματα,
673 663 848 728 ἄλλως
901 668 960 721 δὲ
1017 673 1067 723 oi
1113 672 1259 741 λόγοι
1298 679 1424 746 περ).
1464 680 1644 733 αὐτῶν
1684 660 1908 736 ἀναπεί-

327 750 482 844 θωσι,
504 757 704 827 στροφή
731 759 813 822 τίς
830 761 972 826 ἐστι,
1005 765 1203 834 μᾶλλον
1239 769 1296 821 δὲ
1319 769 1634 844 διαστροφὴ,
1671 777 1773 829 ὑπὸ
1810 777 1904 829 τοῦ

324 843 484 912 λόγου
519 850 646 920 περὶ
675 850 775 920 τὴν
804 851 1068 924 ἀλήθειαν
1107 861 1384 933 γινομένη.
1420 865 1530 918 Καὶ
1557 843 1775 933 ὁνᾶλλος
1809 871 1906 939 μὲν

324 938 665 1008 φαινόμενος,
691 943 850 1007 ἄλλος
875 944 933 998 δὲ
957 945 1034 1001 ὣν
1061 950 1198 1004 κατά
1225 952 1505 1023 ἀλήθειαν,
1537 963 1792 1029 στροφαῖς
1812 938 1908 1014 κέ-

321 1045 523 1122 χρηται
565 1031 758 1100 λόγων,
797 1037 1028 1091 ἀπατῶν
1073 1043 1196 1105 τοὺς
1245 1045 1520 1111 συνόντας,
1560 1049 1747 1122 ὥσπερ
1779 1054 1904 1116 τοὺς

321 1117 493 1182 κύνας
527 1121 727 1190 λαγωοὶ
761 1127 855 1180 καὶ
887 1129 1189 1198 ἀλώπεκες,
1226 1136 1416 1208 ἑτέραν
1449 1139 1772 1207 δεικνύντες,
1810 1145 1909 1198 καὶ.

319 1209 517 1279 ἑτέραν
561 1216 907 1286 τρεπόμενοι.
942 1222 1014 1275 Ἦ
1061 1227 1284 1295 στροφαί
1318 1229 1459 1293 τινές
1497 1234 1599 1285 εισι
1635 1232 1808 1303 λόγων
1844 1239 1900 1290 αι

318 1303 384 1354 ἐκ
415 1305 517 1374 τῆς
538 1306 888 1382 ψευδωνύμου
934 1316 1186 1382 γνώσεως
1213 1321 1535 1389 ἀντιθέσεις.
1568 1328 1642 1380 Ού
1675 1331 1902 1383 καταδε-

318 1394 542 1486 χύμενοι
568 1399 677 1471 γὰρ
701 1403 762 1455 τὸ
779 1405 984 1459 ἁπλοῦν
1012 1409 1110 1479 τῆς
1139 1417 1513 1486 πνευματικῆς
1533 1418 1896 1484 διδασκαλίας,

317 1484 460 1578 οίῃὲκ
505 1489 607 1558 τῆς
648 1489 1000 1568 διαλεκτικῆς
1027 1499 1161 1568 πρὸς
1198 1502 1295 1565 τὰς
1349 1484 1657 1574 ἀντιλογίας
1698 1509 1896 1578 ἠκονη-

320 1573 495 1668 μένοι,
549 1582 935 1652 περιτρέπουσι
999 1588 1254 1652 πολλάκις
1306 1591 1402 1664 τὴν
1451 1595 1600 1664 ἰσχὺν
1641 1596 1740 1666 τῆς
1763 1597 1895 1668 ἀλη-

319 1663 470 1758 θείας
509 1671 574 1739 τῇ
613 1671 962 1749 πιθανολογίᾳ
995 1679 1102 1731 τῶν
1141 1663 1766 1758 σοφισμάτωνξΔέχεται
1804 1663 1896 1744 ούν

317 1756 527 1851 ταύτας
558 1761 660 1851 τὰς
690 1766 926 1834 στρο;ἁς
979 1767 1088 1821 τῶν
1132 1770 1303 1839 λόγων
1340 1777 1368 1826 ὁ
1409 1779 1528 1840 ταῖς
1567 1756 1894 1851 Παροιμίαις

314 1845 701 1918 ὠχυρωμένος.
735 1855 853 1907 Κᾶν
886 1856 1025 1929 εὕρῃ
1050 1861 1181 1914 ποτὲ
1217 1864 1593 1936 προϐλήματα,
1621 1845 1895 1934 ἰσοπαλεῖς
1931 1845 1969 1898 Β

313 1938 413 2000 τὰς
444 1941 532 2006 ἐφ’
552 1943 814 2015 ἑκάτερον
847 1939 1212 2022 ἐπιχειρήσεις
1237 1954 1449 2024 ἔχοντα,
1487 1957 1544 2010 ὲν
1569 1953 1649 2022 οἷς
1678 1962 1894 2016 δυσδιά-

316 2043 505 2097 κριτος
523 2029 617 2083 τοῦ
645 2033 1010 2108 πιθανωτέρου
1037 2041 1069 2110 ή
1096 2041 1308 2112 εὕρεσις
1329 2061 1343 2076 ·
1368 2047 1517 2117 ὅμως
1543 2047 1629 2101 διά
1648 2051 1709 2102 τὸ
1737 2052 1895 2119 ἐγγε-

315 2120 631 2214 γρμνάσθαι
648 2125 863 2198 (1546)
893 2135 1015 2194 ταῖς
1036 2133 1383 2206 Παροιμίαις,
1405 2140 1466 2192 οὐ
1496 2141 1895 2214 συγχυθήσεται

313 2210 406 2264 τὸν
432 2212 577 2276 νοῦν,
607 2215 708 2270 κᾶν
739 2221 819 2272 ὅτι
849 2223 1082 2292 μάλιστα
1107 2226 1333 2284 δοκῶσιν
1361 2232 1410 2283 οἱ
1441 2234 1894 2306 προσδιαλεγόμετ

314 2318 394 2394 vos
432 2302 614 2368 ὲξίσου
654 2308 753 2372 τὰς
797 2314 860 2365 ἐκ
889 2313 1000 2367 τῶν
1025 2316 1466 2391 ἐπιχειρημάτων
1487 2302 1709 2394 πληγὰς
1737 2302 1895 2389 ἀλλή-

314 2391 428 2456 λοις
452 2396 858 2470 ἀντεπιφέρειν.

384 2483 446 2581 81
458 2485 817 2581 Ξίαὲζεται-ἠ
835 2495 1110 2567 Παροιμία
1136 2500 1229 2552 καὶ
1257 2501 1317 2554 τὸ
1338 2503 1525 2574 νοῆσαι
1550 2507 1909 2581 δικαιοσύνην.

315 2571 513 2674 ἀληθῆ.
550 2578 822 2674 οὖν
848 2586 965 2638 ἐστι
1006 2587 1316 2664 δικαιοσύνη
1359 2571 1472 2661 ἕξις
1514 2571 1893 2673 ἀπονεμητικὴ

313 2671 408 2717 τοῦ
457 2671 577 2720 κατ’
616 2671 808 2737 ἀξίαν·
856 2676 1188 2750 δυσθήρατον
1215 2683 1270 2736 δὲ
1313 2685 1491 2752 τοῦτο,
1521 2689 1628 2742 τῶν
1664 2671 1762 2760 μὲν
1805 2671 1892 2746 διά

316 2757 554 2850 τὺῗπερὶ
594 2763 694 2833 τὴν
742 2766 1001 2837 φρόνησιν
1027 2770 1288 2839 ἐλλειπὲς,
1321 2777 1422 2830 οὐκ
1474 2757 1892 2850 ὲξευρισκόντων

314 2848 532 2941 εκάστῳ
581 2851 858 2925 διανεῖμαι
894 2858 955 2912 τὸ
986 2860 1116 2926 ἴσον,
1162 2863 1270 2917 τῶν
1323 2866 1400 2932 δὲ,
1429 2866 1514 2921 διὰ
1563 2848 1623 2921 ea}
1657 2887 1894 2941 προκατ-

314 2940 535 3010 έχεσθαι
555 2943 661 2997 ὑπὸ
702 2947 889 3001 παθῶν
921 2951 1294 3023 ἀνθρωπίνων,
1334 2940 1708 3026 ἀφανιζόντων
1722 2962 1782 3015 τὸ
1811 2963 1891 3016 δί-

316 3049 490 3097 καιον,
524 3035 655 3090 ὅταν
698 3043 946 3112 πενήτων
988 3045 1086 3114 μὲν
1117 3051 1511 3121 καταφρονῶσι,
1544 3054 1809 3120 δυνάστας
1836 3057 1894 3112 δὲ

1247 376 1527 434 HOMILIA
1568 383 1636 437 ῐΝ
1675 383 2072 443 PRINCIPIUM
2113 389 2676 449 PROVERBIORUM.

960 489 1096 558 μήτε
1160 490 1574 565 ἐξανιστάμενος
1634 517 1734 552 που
1814 502 1896 572 τῆς

2017 506 2238 576 excipit,
2281 507 2416 561 adeo
2459 515 2518 561 ut
2547 523 2723 577 neque
2775 508 2840 562 ab
2895 509 3032 578 ipsis
3078 521 3438 580 pervertatnr,
3482 530 3575 569 ne.-

3475 399 3576 456 40!

2009 610 2114 662 que
2149 610 2386 664 unquam
2426 612 2453 648 a
2487 613 2612 651 vero
2641 597 2908 652 discedat.
2939 599 3072 653 Cum
3107 601 3249 654 enim
3281 603 3440 656 aliter
3480 619 3574 657 na-

2009 695 2130 739 tura
2163 702 2220 741 se
2245 702 2334 742 res
2360 687 2582 752 habent,
2609 688 2765 744 aliter
2789 705 2914 744 vero
2939 690 3006 744 de
3030 692 3108 745 eis
3135 693 3366 746 suadent
3388 694 3573 754 verba,

2008 779 2246 832 versutia
2287 779 2534 849 quaedam
2586 788 2691 844 est,
2725 782 2807 835 vel
2839 784 3019 851 potius
3056 783 3294 839 inversio
3334 785 3574 840 veritatis

2008 883 2104 936 per
2133 883 2452 928 sermonem
2488 869 2650 925 facta.
2686 870 2754 924 Et
2788 874 2880 940 qui
2915 874 3056 929 alius
3084 874 3304 944 quidem
3338 875 3573 938 videtur,

2008 959 2150 1016 alius
2189 977 2277 1016 res
2309 963 2428 1032 ipsa
2457 971 2564 1027 est,
2607 964 2849 1034 strupbis
2889 977 3204 1020 sermonum
3251 965 3445 1028 utitur,
3488 966 3574 1019 fu-

2005 1067 2130 1104 cum
2184 1051 2391 1108 faciens
2427 1053 2495 1107 iis
2537 1054 2865 1123 quibuscum
2914 1064 3184 1118 versatur,
3245 1056 3470 1126 perinde
3516 1068 3573 1109 ut

2004 1141 2216 1210 lepores
2258 1141 2558 1212 vulpesque
2589 1143 2839 1208 canibus,
2888 1144 3048 1198 aliam
3095 1145 3237 1198 viam
3290 1159 3573 1200 common-

1967 1240 2265 1297 ‘strantes,
2316 1233 2477 1288 aliam
2519 1243 2825 1304 carpentes.
2856 1236 2994 1302 Quin
3037 1246 3089 1291 et
3143 1237 3291 1290 falsa:
3330 1237 3571 1292 scientia-

2001 1324 2301 1381 antitheses
2351 1325 2591 1394 strophae
2633 1327 2880 1395 quandam
2929 1335 3059 1382 sunt
3112 1328 3426 1382 verborum.
3477 1329 3570 1381 Et-

1999 1415 2146 1471 enim
2173 1431 2296 1470 cum
2339 1417 2643 1486 spiritualis
2687 1419 2954 1474 doctrinae
3001 1420 3405 1490 simplicitatem
3461 1437 3567 1474 non

1999 1506 2269 1577 recipiant
2328 1508 2398 1572 ii,
2448 1509 2543 1579 qui
2600 1509 2886 1564 dialectica
2954 1511 3021 1564 ad
3084 1511 3567 1566 contradicendum

1998 1599 2145 1650 acuti
2185 1608 2334 1660 sunt,
2377 1597 2539 1653 iidem
2585 1599 2692 1652 vim
2728 1599 2976 1654 veritatis
3027 1614 3136 1653 non
3176 1614 3301 1652 raro
3378 1600 3567 1670 sophi--

1998 1697 2236 1743 smatum
2259 1690 2737 1747 verisimilitudine
2774 1689 3218 1762 lOﬂevertunt.
3255 1691 3366 1744 Has
3406 1691 3569 1762 igitur

1997 1797 2313 1838 sermonum
2343 1781 2601 1853 strophas
2634 1783 2838 1852 excipit
2873 1781 2970 1852 qui
3002 1781 3288 1836 Parmmiis
3321 1782 3567 1834 munitus

1997 1880 2100 1927 est.
2142 1869 2254 1926 lmo
2289 1873 2334 1926 si
2382 1872 2602 1941 quando
2659 1870 2902 1926 oli'endat
2963 1870 3326 1939 prbblemata,
3383 1883 3568 1937 aequas

1996 1965 2253 2033 utrinque
2294 1964 2648 2033 probationes
2701 1963 2981 2025 trahentia,
3029 1961 3083 2015 in
3132 1962 3332 2031 quibus
3372 1961 3566 2016 verisi-

1997 2055 2228 2110 milioris
2265 2056 2507 2110 inventio
2551 2055 2801 2124 iudicatu
2845 2053 3082 2108 diﬂicilis
3131 2054 3204 2108 sit
3246 2066 3260 2104 :
3307 2053 3566 2123 quoniam

1995 2157 2176 2202 tamen
2224 2148 2556 2202 exercitatus
2606 2147 2664 2200 in
2708 2144 3025 2200 Proverbiis
3070 2155 3176 2208 est,
3222 2145 3406 2199 animo
3457 2160 3566 2198 non

1995 2236 2386 2300 confundetur,
2421 2235 2638 2291 etiamsi
2671 2234 3046 2304 disceptantes
3086 2249 3247 2303 quam
3275 2234 3568 2288 vehemen-

1994 2329 2204 2383 tissime
2234 2327 2474 2397 mquales
2501 2334 2948 2395 argumentorum
2976 2327 3164 2396 plagas
3195 2325 3300 2379 sibi
3332 2326 3564 2380 invicem

1994 2420 2196 2482 inferre
2227 2419 2532 2475 videantur.

2061 2512 2114 2566 8.
2157 2511 2213 2566 Id
2261 2527 2482 2581 quoque
2521 2509 2790 2568 Paroemia
2838 2510 3088 2580 largitur,
3137 2517 3195 2562 ut
3225 2508 3564 2576 intelligatur

1988 2602 2206 2672 justitia
2240 2618 2392 2657 vera.
2430 2601 2698 2668 Quoniam
2743 2600 2912 2670 igitur
2939 2600 3154 2669 juslitia
3197 2599 3418 2654 habitus
3455 2607 3558 2658 est,

1992 2695 2099 2764 qui
2139 2709 2238 2763 pro
2289 2692 2486 2748 merito
2534 2707 2694 2746 suum
2749 2692 2950 2761 cuique
2991 2690 3292 2753 distribuit,
3347 2688 3562 2742 dillicile

1993 2795 2173 2840 autem
2228 2793 2312 2838 est
2358 2783 2463 2838 hoc
2507 2783 2750 2854 assequi,
2794 2784 2992 2853 partim
3029 2783 3177 2854 quod
3209 2784 3300 2838 alii
3331 2785 3400 2840 ob
3431 2802 3560 2856 pru-

1992 2875 2188 2936 dentia:
2214 2875 2450 2944 inopiam
2476 2891 2586 2930 non
2617 2874 2897 2929 inveniant
2923 2874 3200 2945 quomodo
3228 2875 3424 2944 cuique
3449 2877 3562 2931 dis-

1993 2968 2238 3021 tribuant
2303 2966 2450 3036 quod
2524 2980 2740 3036 aequum
2809 2972 2922 3029 est,
2980 2965 3176 3035 partim
3225 2966 3371 3034 quod
3427 2967 3558 3028 alii,

1994 3057 2278 3114 all'ectibus
2327 3058 2585 3112 humanis
2631 3057 3020 3127 praaoccupati,
3063 3056 3156 3123 jus
3207 3057 3459 3110 aboleant
3509 3068 3560 3112 et

315 3121 640 3232 ἀδικοῦντας
687 3131 1120 3232 μὴλδιελέγχωσι
1150 3139 1284 3210 (l7),
1320 3138 1511 3195 δώσειν
1555 3144 1890 3216 ὑπισχνεῖται

1995 3154 2258 3220 abrogent
2306 3159 2455 3214 tum,
2499 3165 2625 3204 cum
2674 3149 2874 3219 spretis
2919 3149 3252 3219 pauperibus
3298 3148 3559 3219 dynastas

315 3217 424 3276 toi;
455 3217 658 3288 ἑαυτῆς
692 3221 957 3294 μαθηταῖς
1012 3228 1044 3296 ἡ
1083 3228 1263 3298 βίϐλος
1294 3231 1400 3285 τῶν
1434 3234 1749 3306 Παροιμιῶν
1793 3237 1891 3306 τῆς

314 3306 552 3397 ἀληθοῦς
579 3309 924 3386 δικαιοσύνης
944 3317 1042 3389 τὴν
1069 3319 1286 3388 γνῶσιν.
1320 3324 1431 3376 Καὶ
1465 3326 1650 3397 ἐπειδὴ
1687 3327 1889 3392 πολλοὶ,

315 3395 403 3449 τὸν
427 3401 584 3471 παρά
613 3402 722 3455 τῶν
755 3405 964 3462 πολλῶν
994 3409 1212 3466 ἔπαινον
1249 3413 1574 3486 θηρώμενοι,
1620 3395 1766 3490 ἔργῳ
1794 3421 1892 3490 μὲν

316 3490 413 3562 τὴν
442 3492 662 3546 ἀδικίαν
692 3498 784 3550 καὶ
814 3498 876 3552 τὸ
911 3499 1287 3582 πλεονεκτικὸν
1312 3506 1389 3569 ὡς
1411 3508 1682 3580 ὠφέλιμον
1708 3522 1894 3582 προτι-

317 3583 480 3652 μῶσι,
515 3587 751 3656 σχήματι
787 3589 842 3642 δὲ
874 3593 967 3645 καὶ
993 3592 1135 3665 λόγῳ
1178 3597 1276 3668 τὴν
1311 3598 1532 3671 ἰσότητα
1563 3603 1658 3654 καὶ
1693 3602 1792 3670 τὴν
1821 3604 1895 3657 δι-

316 3673 610 3746 καιοσύνην
656 3679 1165 3752 ὑπερθαυμάζουσιν
1184 3704 1196 3717 ·
1236 3689 1357 3742 οὐδὲ
1389 3690 1606 3756 τούτους
1634 3695 1892 3764 ἀγνοήσει

313 3765 344 3817 ὁ
377 3764 479 3829 τὰς
527 3768 834 3841 Παροιμίας
874 3776 1322 3849 πεπαιδευμένος,
1356 3783 1489 3836 ἀλλά
1513 3784 1780 3853 γνώσεται
1809 3789 1891 3852 τίς

318 3857 371 3950 η-
401 3857 658 3950 κίϐδηλος
699 3864 792 3915 καὶ
841 3867 1216 3942 νενοθευμένη,
1246 3874 1341 3926 καὶ
1378 3875 1461 3937 τίς
1489 3877 1521 3947 ή
1551 3876 1774 3950 ἀληθινὴ
1797 3881 1892 3933 καὶ

315 3946 502 4012 ἄδολος
544 3951 882 4024 δικαιοσύνη.
926 3956 1077 4010 Ἐπεὶ
1113 3958 1292 4028 μέντοι
1327 3946 1553 4026 πολλοὺς
1582 3946 1672 4018 καὶ
1693 3967 1740 4018 οἱ
1763 3946 1891 4031 ἔξω-

316 4038 406 4091 θεν
457 4043 617 4110 σοφοὶ
648 4046 1006 4101 κατεϐάλοντο
1023 4049 1067 4120 (1
1079 4049 1132 4121 8)
1156 4051 1344 4119 λόγους
1374 4056 1502 4125 περὶ
1524 4055 1887 4131 δικαιοσύνης,

315 4134 409 4195 καὶ
449 4135 696 4201 πιθανῶς
730 4141 1165 4211 παρακρούονται
1198 4146 1322 4207 τοὺς
1357 4147 1432 4217 μὴ
1460 4147 1787 4220 δυναμένους
1811 4151 1889 4222 τῷ

315 4223 510 4294 ἀληθεῖ
529 4225 671 4296 λόγῳ
700 4231 827 4300 περὶ⁵
852 4229 946 4283 τοῦ
978 4233 1289 4304 σκέμματος
1313 4236 1498 4291 τούτου
1525 4240 1891 4314 ἐπακολουθῆ-

318 4332 428 4377 σαι,
465 4317 865 4385 ἐπαγγέλλεται
911 4324 1204 4394 γνωρίσειν
1239 4329 1270 4397 ἡ
1308 4327 1486 4398 βίϐλος
1505 4329 1602 4402 τὴν
1621 4331 1794 4403 ἀληθῆ
1820 4333 1891 4386 δι-

315 4406 636 4477 καιοσύνην,
663 4409 802 4462 ὥστε
850 4413 910 4464 τὸ
939 4414 1002 4466 ἐκ
1032 4413 1141 4466 τῶν
1189 4420 1534 4489 σοφισμάτων
1573 4422 1717 4491 ἡμᾶς
1760 4422 1887 4493 βλα-

1995 3243 2290 3314 injuriosos
2334 3259 2442 3297 non
2476 3243 2842 3312 redarguunt,
2881 3241 3088 3295 idcirco
3134 3237 3557 3294 Proverbiorum

1994 3337 2131 3390 liber
2162 3337 2279 3390 suis
2327 3350 2388 3390 se
2429 3333 2965 3404 discipulisjustitiac
3008 3348 3149 3389 vera:
3191 3334 3558 3404 cognitionem

1993 3428 2248 3489 daturum
2280 3428 2587 3498 pollicetur.
2630 3428 2698 3481 Et
2729 3427 2857 3497 quia
2889 3426 3135 3497 plerique
3165 3426 3380 3480 laudem
3414 3424 3555 3494 vulgi

1993 3527 2275 3582 vernantes,
2312 3521 2491 3589 reipsa
2529 3518 2749 3592 quidem
2796 3519 3121 3587 injustitiam
3161 3518 3558 3585 avaritiamque

1994 3618 2251 3679 tanquam
2285 3609 2544 3678 quiddam
2599 3609 2730 3663 utile
2771 3607 3090 3678 praeferunt,
3131 3607 3312 3676 specie
3349 3622 3480 3661 vero
3507 3615 3559 3659 et

1992 3702 2172 3755 verbis
2203 3701 2514 3770 aequitatem
2557 3715 2621 3754 ac
2660 3701 2928 3768 justitiam
2961 3698 3116 3753 valde
3153 3698 3498 3752 admirantur
3543 3716 3554 3751 :

1992 3807 2059 3846 ne
2109 3791 2212 3846 hos
2257 3792 2474 3862 quidem
2523 3791 2794 3862 ignorabit
2837 3791 2922 3844 vir
2962 3789 3250 3845 Parmmiis
3291 3789 3556 3846 eruditus.

1991 3867 2085 3938 scd
2127 3890 2419 3953 cognoscet
2449 3899 2569 3952 quae
2597 3882 2903 3958 adult'erina
2946 3897 3009 3935 ac
3043 3882 3252 3951 spuria,
3282 3896 3402 3950 qua:
3431 3896 3556 3934 vera

1991 3991 2056 4030 ac
2114 3977 2330 4030 sincera
2377 3977 2449 4028 sit
2496 3976 2731 4046 justitia.
2791 3975 3058 4041 Quoniam
3115 3981 3296 4028 autem
3347 3973 3558 4026 externi

1990 4083 2206 4137 quoque
2242 4068 2517 4136 sapientes
2570 4066 2804 4120 multum
2852 4066 2921 4120 de
2962 4066 3178 4135 justitia
3227 4065 3555 4125 disseruere,

1991 4169 2045 4213 et
2095 4159 2474 4229 probabilibus
2505 4158 2690 4213 verbis
2721 4158 2917 4211 fallunt
2941 4173 3034 4213 eos
3062 4157 3153 4228 qui
3180 4157 3299 4226 ejus
3333 4155 3409 4209 rei
3439 4170 3561 4224 quae

1991 4249 2344 4318 expendenda
2395 4249 2744 4318 proponitur,
2797 4248 3064 4302 rationem
3108 4261 3290 4302 veram
3343 4246 3558 4314 assequi

1993 4357 2098 4394 non
2130 4348 2380 4410 possunt,
2414 4340 2779 4393 indicaturum
2815 4354 2874 4393 se
2914 4339 3185 4408 justitiam
3217 4352 3401 4392 veram
3444 4338 3563 4406 pol-

1991 4433 2182 4486 licetur
2207 4431 2341 4486 liber
2371 4432 2482 4494 ille,
2507 4438 2566 4485 ut
2596 4445 2794 4486 noxam
2823 4446 3115 4486 caveamus
3139 4431 3558 4500 seplrismatum.

316 4497 476 4568 639M
523 4498 823 4569 διαδρᾶναι.
859 4503 997 4575 Ἤδη
1027 4505 1083 4557 δὲ
1117 4508 1211 4560 καὶ⁹
1236 4509 1303 4562 τά
1335 4510 1540 4581 νόμιμα
1560 4514 1666 4565 τῶν
1700 4512 1888 4578 ἐθνῶν,

322 4593 472 4612 -.πει
572 4593 660 4612 γη.
751 4594 828 4612 ..λ
878 4597 895 4612 κ
995 4596 1018 4612 .
1265 4601 1275 4612 .
1372 4602 1394 4612 -
1573 4606 1582 4612 .
1743 4608 1753 4612 _

1995 4523 2114 4578 lam
2148 4541 2277 4580 vero
2307 4525 2550 4594 gentium
2581 4525 2746 4580 etiam
2776 4523 2900 4592 jura
2931 4520 3076 4579 haud
3111 4540 3300 4594 parum
3332 4525 3474 4592 inter
3504 4539 3562 4578 se

317 4593 523 4664 πολλὴν
564 4593 702 4664 πρὸς
744 4594 944 4666 ἄλληλα
993 4596 1183 4668 ἔχοντα
1228 4601 1323 4672 τὴν
1367 4602 1646 4677 διαφορὰν,
1694 4608 1892 4678 σύγχυ-

319 4703 403 4739 σιν
445 4689 668 4755 ἐμποιεῖ
714 4691 831 4750 ταῖς
871 4691 1128 4755 διανοίαις
1162 4693 1268 4746 τῶν
1301 4695 1374 4765 μὴ
1409 4697 1500 4749 τὸν
1535 4698 1735 4769 ἀκριϐῆ
1789 4700 1888 4769 τῆς

316 4779 661 4848 δικαιοσύνης
699 4777 855 4849 λόγον
886 4785 1309 4856 κατειληιρὸτων.
1344 4790 1499 4842 Ἐνια
1536 4789 1756 4862 μὲνγὰρ
1783 4793 1889 4845 τῶν

318 4871 486 4924 ἐθνῶν
518 4872 630 4944 (19)
668 4874 769 4946 τὴν
801 4875 1168 4945 πατροφονίαν
1216 4878 1428 4932 δικαίαν
1454 4881 1719 4934 τίθενται·
1756 4883 1887 4936 ἄλλα

314 4961 372 5012 δὲ
406 4963 518 5016 τῶν
565 4964 737 5018 ἐθνῶν
769 4967 946 5020 πάντα
971 4967 1130 5036 φόνον
1150 4968 1224 5031 ὡς
1259 4970 1468 5022 ἀνόσιον
1499 4973 1883 5043 ἀποτρέπεται.

318 5053 427 5106 Καὶ
471 5054 541 5108 τά
582 5057 680 5126 μὲν
727 5058 1082 5130 σωφροσύνην
1115 5062 1422 5134 ὑπερτιμᾷο
1456 5065 1522 5117 τὰ
1555 5065 1611 5118 δὲ
1651 5068 1888 5138 μητράσι

317 5145 410 5200 καὶ
457 5143 757 5216 Θυγατράσι
789 5149 884 5200 καὶ
924 5148 1178 5218 ἀδελφαῖς
1217 5152 1581 5221 ἐπιμαίνεται.
1610 5156 1718 5207 Καὶ
1754 5157 1889 5221 ὅλως

319 5236 520 5300 πολλοὶ,
554 5239 768 5309 ἀρχαίῳ
801 5239 913 5291 ἔθει
959 5242 1380 5311 κεκρατημένοι,
1419 5243 1480 5296 τὸ
1513 5245 1751 5316 μυσαρὸν
1780 5246 1888 5298 τῶν

316 5328 612 5398 γινομένων
649 5333 712 5384 ού
746 5331 1134 5403 διακρίνουσιν.
1175 5333 1236 5385 Ἠ
1264 5334 1319 5386 δὲ
1358 5333 1536 5403 βίϐλος
1562 5336 1723 5406 αὕτη,
1753 5337 1890 5390 διδά-

318 5435 519 5476 σκουσα
543 5421 612 5476 τὰ
643 5424 774 5495 περὶ
806 5427 906 5493 τῆς
931 5423 1160 5492 ἀληθοῦς
1186 5425 1547 5498 δικαιοσύνης,
1567 5429 1752 5500 ῥύεται
1780 5431 1888 5482 τῶν

317 5512 374 5577 ἐξ
403 5514 624 5584 ἀλογίας
657 5515 848 5572 παθῶν
891 5516 1018 5579 τοὺς
1051 5517 1387 5588 ἀνθρώπους.
1420 5522 1574 5573 Ἔστι
1611 5521 1666 5574 δὲ
1689 5523 1890 5576 δικαιο-

385 5669 593 5744 (lii-l6)
622 5668 997 5744 Antiqniduo
1034 5670 1156 5724 libri
1195 5671 1674 5744 rbyayupviqﬂat.

385 5741 492 5808 ιη)
534 5741 726 5797 itidem
759 5743 817 5796 in
847 5741 1068 5796 duobus
1096 5758 1226 5796 mss.
1263 5741 1458 5812 legitur
1487 5743 1559 5813 μὴ
1601 5744 1883 5815 ἐλέγχωσι.

1998 4616 2234 4683 diversa,
2279 4617 2476 4671 animis
2520 4632 2710 4671 eorum
2753 4617 2847 4686 qui
2878 4623 3189 4670 accuratam
3225 4616 3448 4684 justitia:
3477 4631 3562 4667 ra-

1997 4707 2196 4760 tionem
2270 4722 2382 4761 non
2448 4707 3017 4778 comprehenderunt,
3097 4706 3560 4776 perturbationem

1997 4797 2488 4869 confusionemque
2519 4799 2772 4854 alierum.
2810 4799 3022 4854 Etenim
3062 4808 3252 4869 gentes
3290 4797 3563 4851 nonnullae.

1997 4889 2344 4958 parricidium
2361 4891 2566 4960 justum
2584 4901 2860 4962 etaaquum
2884 4891 3088 4946 ducunt
3105 4905 3119 4954 ;
3138 4889 3332 4958 aliqua:
3345 4903 3560 4942 omnem

1996 4979 2196 5034 czedem
2244 4981 2320 5034 uti
2382 4983 2667 5037 scelestam
2729 4991 3073 5036 aversantur.
3123 4982 3255 5034 Aliae
3327 4981 3562 5035 maxime

1995 5071 2182 5124 colunt
2214 5073 2532 5140 pudicitiam
2568 5095 2578 5127 :
2620 5072 2739 5127 alia:
2785 5074 2839 5127 in
2886 5081 3087 5127 matres
3121 5075 3368 5143 liliasque
3393 5080 3446 5128 et
3474 5088 3563 5127 so-

1996 5177 2150 5217 rores
2203 5163 2426 5219 libidine
2489 5165 2694 5220 l'urunt.
2758 5167 3000 5236 Denique
3072 5166 3317 5235 plerique
3383 5167 3560 5237 prisca

1995 5255 2394 5309 consuetudine
2437 5256 2590 5320 victi,
2631 5272 2891 5312 ausorum
2942 5271 3167 5310 suorum
3231 5259 3561 5323 exsecratio-

1994 5357 2117 5396 nem
2147 5358 2211 5397 ac
2239 5343 2592 5413 ignominiam
2625 5361 2732 5399 non
2773 5346 3121 5416 dignoscant.
3152 5345 3258 5402 Sed
3287 5348 3375 5402 hic
3402 5334 3554 5409 liber,

1991 5432 2260 5501 justitiam
2303 5449 2488 5489 veram
2537 5435 2765 5500 docens,
2797 5437 3047 5492 homines
3086 5453 3115 5491 a
3155 5439 3409 5494 helluinis
3454 5438 3560 5492 illis

1997 5535 2050 5580 et
2095 5525 2322 5581 insulsis
2372 5528 2656 5584 alTectibus
2711 5532 2924 5586 liberat.
2977 5531 3072 5586 Est
3116 5541 3296 5586 autem
3349 5532 3566 5602 justitia

2071 5679 2179 5749 (18)
2208 5677 2347 5750 μσς.
2380 5681 2589 5750 primus
2625 5682 3032 5737 κατεϐάλλοντο.

2069 5750 2177 5821 (19)
2207 5749 2358 5807 Unus
2386 5749 2560 5806 cmlcx.
2589 5752 2717 5824 Reg.
2755 5755 2854 5823 μὲν
2892 5753 2997 5824 γὰρ
3030 5753 3176 5825 ἔθνη.
