4036 6236
412 349 519 406 405

1751 343 1809 401 8.
1852 343 2099 399 BASILII
2136 343 2351 399 MAGNI

3563 345 3674 401 404

414 462 697 534 quaedam,
738 479 856 535 qut:
894 465 1038 520 inter
1066 478 1167 521 nos
1211 473 1484 529 versatur,
1533 462 1675 535 aequi
1725 463 1982 519 videlicet

2094 464 2241 536 σύνη,
2273 467 2306 533 ἡ
2334 464 2432 535 μέν
2457 482 2540 528 τις
2564 467 2621 518 ὲν
2648 466 2781 537 ἡμῖν
2806 465 3163 537 στρεφομένη,
3189 462 3333 536 ήτοῦ
3369 463 3483 516 ἴσου
3500 462 3674 517 διανο-

413 555 755 612 distributio.
788 555 1113 628 Quanquam
1134 560 1335 613 etenim
1368 557 1423 613 id
1446 571 1558 612 non
1582 556 1809 635 omnino
1837 572 1990 614 asse-

411 647 679 718 quimur;
724 655 909 704 tamen
957 649 1006 704 si
1048 648 1361 718 justissima
1409 648 1643 704 consilio
1678 648 1736 702 in
1778 648 1990 719 agendo

413 744 656 805 utamur,
699 754 810 794 non
843 740 1166 797 aberramus
1211 755 1399 810 scopo.
1440 739 1536 796 Est
1574 747 1629 796 et
1659 740 1765 795 alia
1790 741 1990 811 ajusto

406 830 598 903 judice
640 832 857 888 coalitus
889 833 1135 900 inducta,
1165 841 1281 887 tum
1311 832 1629 898 emendans,
1665 840 1782 887 tum
1816 833 1988 888 vicem

413 923 750 994 rependens,
780 939 902 994 qua:
946 925 1018 980 ob
1048 924 1455 980 reconditorum
1486 924 1541 976 in
1578 938 1637 978 se
1671 924 1987 995 dogmatum

415 1014 813 1070 sublimitatem
845 1016 1067 1086 cognitu
1100 1015 1260 1070 valde
1287 1013 1519 1069 dillicilis
1543 1022 1645 1069 est.
1683 1012 1799 1069 Hoc
1816 1015 2003 1077 enim,.

413 1107 632 1177 opinor,
679 1105 970 1162 Psalmista
1010 1106 1144 1161 dicit
1180 1125 1194 1160 :
1225 1103 1453 1161 Iustitia
1501 1116 1593 1159 tua
1619 1106 1755 1160 sicut
1788 1116 1987 1161 montes

412 1199 515 1255 Dei
546 1201 612 1255 ".
650 1199 804 1256 Hanc
841 1200 1006 1271 igitur
1042 1201 1204 1272 plane
1238 1215 1420 1254 veram
1451 1198 1801 1271 divinamque
1820 1199 1988 1270 justi—

417 1293 550 1346 tiam
579 1291 1060 1348 manifestaturum
1097 1308 1157 1347 se
1206 1292 1475 1363 promittit
1515 1292 1605 1357 iis,
1643 1292 1737 1365 qui
1783 1291 1989 1348 fuerint

417 1383 472 1436 iu
500 1380 897 1436 Parmmiarum
928 1381 1177 1445 doctrina
1209 1381 1519 1437 exercitati.

485 1472 540 1526 9.
582 1470 795 1528 Rursus
835 1487 960 1528 cum
1008 1479 1233 1542 peccata
1283 1472 1390 1526 alia
1440 1456 1551 1527 sint
1596 1472 1986 1537 involuntaria,

413 1564 523 1620 alia
557 1579 589 1619 a
636 1578 808 1635 pravo
852 1563 1038 1619 animo
1074 1563 1347 1630 oriantur,
1396 1579 1501 1618 nou
1540 1564 1729 1620 eadem
1772 1580 1989 1635 quoque

415 1656 474 1710 in
504 1654 592 1711 his
639 1655 826 1726 regula
870 1664 956 1710 est
984 1655 1148 1727 aequi.
1184 1654 1458 1711 Ponamus
1484 1657 1629 1711 enim
1663 1656 1987 1712 fornicatio-

413 1761 541 1802 nem
580 1761 704 1803 esse
747 1746 1135 1817 judicandam,
1190 1747 1434 1817 duasque
1479 1762 1602 1802 esse
1650 1748 1984 1817 meretrices.

2095 556 2192 626 μή.
2241 556 2364 608 Ἐὰν
2405 554 2515 627 γὰρ
2543 557 2637 608 καὶ
2668 555 2743 627 μὴ
2771 556 3127 626 τυγχάνωμεν
3155 554 3321 608 αὐτοῦ
3358 553 3500 607 κατά
3521 553 3676 622 ἀκρί-

2090 646 2262 711 ϐειαν,
2292 647 2427 700 ἀλλὰ
2488 646 2685 720 γνώμῃ
2742 650 2809 718 τῇ
2869 646 3185 719 δικαιοτάτῃ
3240 644 3540 709 ποιοῦντες,
3574 645 3677 697 οὐκ

2090 736 2474 807 ἀποπίπτομεν
2518 736 2614 790 τοῦ
2657 736 2883 793 σκοποῦ.
2930 738 2992 790 'H
3023 737 3083 789 δέ
3124 753 3208 800 τις
3239 734 3531 805 οὐρανόθεν
3577 735 3677 786 έπ-

2090 828 2332 901 αγομένη
2365 830 2515 899 παρά
2537 828 2630 882 τοῦ
2645 829 2853 883 δικαίου
2882 827 3091 901 κριτοῦ,
3112 828 3148 899 ἦ
3177 845 3238 881 τε
3260 825 3675 899 ὲπανορθωτικὴ

2089 920 2184 972 καὶ
2225 922 2258 991 ή
2298 921 2712 992 ἀνταποδοτικὴ,
2745 916 2813 992 ἧς
2842 921 2976 975 πολὺ
3005 921 3065 975 τὸ
3104 918 3475 991 δυσθεώρητον
3497 918 3586 972 διά
3611 919 3676 970 τὸ

2091 1009 2223 1079 ὕψος
2243 1011 2351 1065 τῶν
2380 1011 2818 1083 ὲναποκειμένων
2850 1012 2985 1083 αὐτῇ
3015 1012 3330 1083 δογμάτων.
3360 1010 3530 1064 Τοῦτο
3560 1010 3674 1082 γὰρ

2089 1097 2241 1172 οἶμαι
2264 1101 2441 1171 λέγειν
2465 1102 2555 1156 τὸν
2584 1102 2907 1175 Ψαλμῳδόν⁸
2958 1105 3021 1159 Ἠ
3055 1102 3406 1170 δικαιοσύνη
3439 1116 3556 1156 σου
3586 1103 3672 1169 ὠς

2090 1193 2196 1260 ὅρη
2220 1179 2388 1247 Θεοῦ.
2408 1195 2829 1264 Ἐπαγγέλλεται
2849 1191 2942 1250 οὖν
2956 1196 3160 1269 ταύτην
3178 1197 3276 1267 τὴν
3297 1196 3464 1259 ὅντως
3489 1194 3665 1266 ἀληθῆ

2089 1285 2183 1338 καὶ
2239 1284 2389 1339 θείαν
2442 1287 2786 1360 δικαιοσύνην
2844 1290 3084 1360 φανερὰν
3138 1290 3502 1360 καταστήσειν
3553 1290 3667 1350 τοῖς

2092 1379 2632 1449 ὲγγεγυμνασμένοις
2656 1384 2723 1452 τῇ
2758 1382 3116 1454 παροιμιώδει
3142 1381 3476 1453 διδασκαλίᾳ.

2160 1467 2212 1522 9.
2234 1468 2401 1521 Πάλιν
2415 1469 2599 1540 ἐπειδὴ
2625 1470 2731 1524 τῶν
2751 1471 3289 1544 ἁμαρτανομένωντά
3314 1472 3412 1542 μὲν
3438 1468 3669 1525 ἀκούσιά

2089 1562 2225 1620 ἐστι,
2251 1561 2322 1614 τὰ
2352 1561 2409 1614 δὲ
2440 1563 2548 1616 ἀπὸ
2574 1562 2798 1635 γνώμης
2834 1566 3077 1635 πονηρᾶς
3099 1564 3491 1636 ἁμαρτάνεται,
3520 1563 3615 1616 καὶ
3640 1565 3671 1617 ὀ

2088 1652 2182 1706 τοῦ
2228 1652 2438 1707 δικαίου
2464 1655 2587 1733 apo;
2621 1656 2719 1726 οὐχ
2753 1659 2781 1709 ὁ
2809 1655 2970 1720 αὐτὸς
3008 1658 3101 1711 ἐπὶ
3147 1656 3379 1720 τούτοις.
3424 1653 3672 1708 ’Υποθώ-

2097 1746 2235 1815 μεθα
2260 1745 2368 1817 γὰρ
2397 1748 2650 1818 πορνείαν
2683 1743 2822 1801 εἶναι
2873 1748 2937 1801 τὸ
2985 1748 3322 1820 κρινόμενον,
3345 1748 3439 1802 καὶ
3468 1747 3674 1819 πόρνας

418 1836 526 1894 Sed
554 1853 661 1893 una
683 1838 904 1909 quidem
931 1839 1117 1893 lenoni
1142 1838 1381 1900 vendita,
1420 1838 1732 1906 necessario
1759 1839 1812 1893 in
1850 1838 1993 1894 malo

2094 1812 2204 1892 δύο.
2248 1812 2440 1909 Ἀλλ’ή
2472 1812 2592 1910 μὲν,
2625 1840 2974 1912 πορνοϐοσκῷ
3000 1812 3461 1914 πραθεῖσα,πρὺς
3503 1812 3676 1908 ἀνάγ-

415 1939 691 1995 versatur,
724 1937 991 2000 qumstum
1020 1945 1116 2000 per
1142 1944 1345 1999 corpus
1374 1929 1505 1983 hero
1537 1930 1681 1984 malo
1712 1928 1944 1985 aﬂ‘erens
1978 1948 1992 1983 :

415 2021 586 2076 altera
612 2036 744 2076 vero
787 2029 982 2090 sponte
1012 2035 1073 2075 se
1103 2028 1328 2090 peccato
1367 2021 1437 2087 ob
1463 2020 1797 2092 voluptatem
1840 2037 1996 2076 man-

415 2113 583 2184 cipat.
629 2113 805 2167 Aliter
849 2113 1039 2184 utique
1093 2112 1249 2183 105
1287 2112 1450 2167 datur
1481 2115 1636 2168 venia
1684 2114 1995 2169 involunta-

418 2204 517 2260 riis
550 2225 564 2259 :
596 2204 754 2259 aliter
785 2219 849 2259 ea
886 2218 1007 2274 qua:
1050 2219 1118 2259 ex
1158 2219 1324 2274 prava
1350 2204 1634 2260 voluntate
1665 2206 1824 2271 ﬁunt,
1865 2223 1996 2262 con-

415 2294 768 2350 demnantur.
820 2291 1035 2348 Rursus
1078 2310 1224 2350 unus
1263 2293 1463 2364 aliquis
1512 2296 1779 2373 peccavit.
1831 2312 1997 2367 prave

415 2387 487 2441 ab
513 2385 668 2441 initio
691 2385 962 2441 educatus
988 2403 1004 2453 ;
1041 2385 1244 2457 quippe
1279 2395 1333 2440 et
1364 2401 1394 2439 a
1422 2386 1742 2467 parentibus
1773 2388 1996 2467 injustis

412 2485 736 2552 procreatus
776 2477 1025 2533 introivit
1057 2477 1111 2531 in
1153 2478 1339 2544 vitam,
1368 2464 1601 2555 et‘inter
1630 2464 1996 2536 verba'facta-

416 2586 525 2641 que
567 2570 755 2639 iniqua
783 2570 1024 2624 nutritus
1080 2568 1182 2623 fuit
1208 2587 1222 2635 ;
1252 2569 1393 2624 alter
1419 2583 1549 2624 vero
1576 2571 1744 2624 multa
1789 2571 1995 2629 habens

414 2662 640 2716 virtutis
678 2661 1055 2724 incitamenta,
1096 2658 1473 2716 educationem
1526 2660 1992 2733 honestissimam,

421 2752 857 2808 admonitionem
921 2760 1247 2821 parentum,
1296 2751 1686 2821 magistrorum
1748 2752 1995 2824 discipli-

414 2858 578 2908 nam,
625 2842 961 2897 auditionem
999 2843 1311 2899 divinorum
1362 2860 1716 2921 sermonum,
1761 2838 1997 2917 castiga-

417 2943 532 2990 tam
567 2935 1017 3005 moderatamque
1063 2935 1302 3001 dimtam,
1338 2943 1394 2992 et
1422 2937 1528 2991 alia
1570 2939 1771 3008 quibus
1812 2939 1995 2993 anima

418 3025 488 3082 ad
513 3027 771 3082 virtutem
798 3026 1111 3082 instituitur
1137 3045 1152 3094 ;
1188 3035 1379 3096 postea
1415 3036 1597 3084 tamen
1627 3029 1885 3100 delapsus
1912 3039 1997 3087 est

2095 1948 2199 2003 κην
2224 1932 2371 1985 ἐστὶν
2400 1935 2460 1986 έν
2482 1934 2561 2005 τῷ
2594 1933 2769 2005 κακῷ,
2798 1933 2896 2005 τὴν
2920 1928 2984 1987 ἐκ
3014 1933 3109 1987 τοῦ
3135 1931 3388 2004 σώματος
3414 1931 3678 2005 ἐργασίαν

2093 2024 2171 2094 τῷ
2215 2024 2438 2099 πονηρῷ
2476 2022 2710 2099 δεσπότῃ
2742 2026 3114 2103 παρεχομένη’
3158 2027 3190 2096 ή
3220 2025 3276 2077 δὲ
3307 2024 3395 2078 διὰ
3421 2024 3519 2094 τὴν
3544 2023 3681 2093 ήδο-’

2094 2115 2189 2185 νὴν
2220 2117 2480 2179 ἑκουσίως
2518 2117 2717 2193 ἑαυτὴν
2763 2115 3022 2170 ὲπιδοῦσα
3053 2118 3119 2187 τῇ
3154 2116 3419 2187 ἀμαρτίᾳ.
3464 2112 3679 2175 Ἀλλως

2094 2204 2186 2285 οὖν
2220 2208 2288 2262 τὰ
2320 2208 2550 2262 ἀκούσια
2600 2208 2859 2281 τυγχάνει
2902 2206 3253 2283 συγγνώμης,
3281 2207 3374 2260 καὶ
3401 2204 3575 2269 ἄλλως
3606 2204 3681 2256 τὰ

2095 2300 2160 2353 ὲκ
2223 2299 2505 2372 μοχθηρᾶς
2559 2301 2933 2372 προαιρέσεως
2978 2292 3388 2370 κατακρίνεται.
3432 2296 3604 2351 Πάλιν
3647 2297 3685 2369 δ

2098 2392 2195 2463 μέν
2226 2409 2312 2455 τις
2351 2393 2589 2468 ἥμαρτε,
2624 2392 2876 2465 πονηρῶς
2893 2392 2952 2463 τδ
2977 2392 3037 2457 ἐξ
3063 2387 3236 2463 ἀρχῆς
3267 2389 3677 2461 τεθραμμένος·

2096 2480 2191 2537 καὶ
2232 2483 2341 2554 γὰρ
2379 2484 2474 2536 καὶ
2501 2483 2605 2536 ὑπὸ
2643 2483 2846 2552 γονέων
2898 2476 3098 2536 ἀδίκων
3131 2476 3213 2545 είς
3244 2480 3337 2534 τὸν
3375 2480 3487 2550 βίον
3534 2495 3683 2549 παρέ

2094 2572 2235 2644 ἤχθη
2264 2612 2279 2636 ,
2348 2573 2443 2625 καὶ¹
2503 2571 2814 2649 συνετράφη
2874 2571 2968 2625 καὶ
3028 2571 3236 2642 ῥήμασι
3293 2571 3388 2624 καὶ
3444 2567 3685 2647 πράξεσι

2096 2664 2435 2735 παρανόμοις
2453 2681 2467 2695 ’
2514 2664 2672 2726 ἄλλος
2717 2663 2775 2716 δὲ
2839 2661 3008 2715 πολλὰ
3065 2662 3202 2733 ἔχων
3252 2661 3321 2715 τὰ
3377 2658 3682 2731 προκαλού-

2097 2772 2235 2826 μενα
2257 2755 2419 2809 αὑτὸν
2453 2758 2534 2819 είς
2572 2756 2773 2827 ἀρετήν
2793 2770 2806 2783 ·
2835 2755 3146 2827 ἀνατροφήν
3183 2753 3539 2823 σεμνοτάτην,
3562 2768 3681 2804 νου-

2096 2846 2316 2918 θέτησιν
2362 2848 2593 2916 γονέων,
2637 2847 2974 2901 διδασκάλων
3045 2844 3365 2918 ἀκρίϐειαν,
3415 2843 3683 2915 ἀκρόασιν

2095 2935 2268 3004 λόγων
2317 2935 2624 3006 θειοτέρων,
2675 2936 2887 2993 δίαιταν
2936 2935 3399 3006 κατεσταλμένην,
3432 2935 3503 2988 τὰ
3543 2933 3683 2988 ἄλλα

2094 3025 2175 3091 οἷς
2192 3028 2338 3101 ψυχὴ
2366 3028 2793 3097 παιδαγωγεῖται
2820 3016 2960 3100 πρὸς
2985 3030 3184 3101 ἀρετήν
3204 3046 3217 3059 ·
3253 3023 3373 3082 εἶτα
3402 3028 3494 3080 καὶ
3516 3026 3684 3089 αὐτὸς

3544 2369 3751 2385 ,κῆρ’-

414 3129 471 3176 et
498 3121 616 3190 ipse
657 3119 714 3174 in
756 3119 932 3174 simile
976 3125 1297 3189 peccatum;
1334 3135 1516 3175 nonne
1557 3120 1681 3190 jure
1713 3136 1776 3176 ac
1803 3123 1993 3176 merito

2099 3123 2179 3185 εἰς
2194 3121 2293 3192 τὴν
2307 3120 2495 3192 ὁμοίαν
2509 3120 2782 3192 ἁμαρτίαν
2796 3118 3090 3203 ὑπῴλισθεο
3107 3119 3224 3183 πῶς
3238 3119 3359 3189 οὐχ).
3376 3116 3684 3190 βαρυτέρας

417 3213 514 3283 qui
571 3212 842 3280 ejusmodi
895 3216 1009 3274 est,
1063 3211 1334 3280 supplicio
1392 3213 1633 3283 graviori
1687 3214 1992 3292 punietur?

417 3306 558 3361 Nam
618 3305 709 3359 ille
756 3302 978 3376 quidem
1033 3302 1101 3358 de
1150 3303 1285 3359 solis
1337 3305 1671 3361 salutaribus
1731 3304 1993 3360 subsidiis

416 3399 603 3455 animo
632 3404 825 3457 nostro
870 3396 1139 3467 inspersis
1175 3398 1548 3461 accusabitur,
1579 3396 1727 3467 quod
1771 3397 1853 3454 eis
1883 3413 1993 3453 non

412 3488 725 3561 'probe,sit
781 3504 918 3556 usus
973 3505 987 3541 :
1044 3487 1142 3544 sed
1192 3487 1283 3542 hic
1334 3488 1583 3556 insuper,
1637 3487 1784 3558 quod
1832 3504 1994 3543 omne

415 3580 685 3638 auxilium
743 3580 850 3636 sibi
891 3579 1077 3636 datum
1140 3579 1462 3650 prodiderit,
1512 3581 1996 3650 imprudenterque

417 3674 478 3727 in
520 3685 747 3742 pravam
799 3671 969 3733 vitam
1027 3671 1286 3744 abreptus
1340 3672 1431 3726 sit.
1484 3650 1670 3741 Itaque
1723 3671 1994 3741 justitiam

412 3776 602 3819 veram
644 3762 983 3834 intelligere,
1027 3762 1195 3816 animi
1244 3769 1329 3817 est
1357 3778 1486 3816 vere
1520 3762 1734 3830 magni,
1770 3764 1996 3818 mentis-

419 3870 529 3925 que
547 3854 983 3926 perfectissimaa.
1006 3852 1266 3929 Fortasse
1287 3862 1470 3908 autem
1500 3854 1661 3909 habet
1682 3864 1736 3909 et
1763 3855 1997 3924 promis~

417 3947 651 4010 sionem,
684 3947 837 4012 fore,
871 3956 930 4001 ut
958 3947 1054 4017 qui
1087 3947 1144 4019 in
1176 3946 1489 4001 Proverbiis
1521 3947 1773 4021 eruditus
1809 3946 1994 4012 fuerit,

420 4038 600 4109 possit
630 4036 699 4094 de
730 4047 928 4093 caetero
963 4037 1030 4091 ad
1063 4045 1375 4103 accuratam
1422 4037 1708 4108 theologiac
1748 4045 1995 4092 contem-

419 4132 720 4202 plationem
769 4133 1013 4186 animum
1072 4130 1394 4202 adjungere.
1448 4129 1582 4184 Nam
1618 4146 1748 4186 vera
1782 4131 1998 4201 justitia

419 4224 679 4279 Christus
707 4230 829 4288 est,
864 4223 970 4293 Qui
998 4224 1174 4293 factus
1205 4232 1283 4292 est
1316 4221 1466 4277 nobis
1499 4223 1759 4292 sapientia
1790 4239 1824 4276 a
1861 4220 1996 4287 Deo,

416 4323 467 4370 et
505 4313 723 4383 iustitia
742 4355 758 4381 ,
783 4323 833 4368 et
856 4314 1212 4383 sanctiﬁcatio
1231 4354 1247 4379 ,
1277 4324 1327 4386 et
1356 4314 1642 4391 redemptio
1678 4315 1740 4369 ³⁸.
1777 4313 2001 4370 Accedit

415 4405 585 4463 etiam
624 4404 693 4460 ad
734 4421 879 4461 verse
912 4404 1140 4476 justitia:
1175 4407 1541 4476 cognitionem
1565 4444 1581 4468 ,
1630 4415 1690 4460 ut
1730 4406 1999 4477 judicium

2091 3214 2314 3279 δικαίως
2346 3215 2374 3266 ό
2406 3213 2645 3276 τοιοῦτος
2667 3214 2764 3285 τῆς
2795 3199 3064 3286 τιμωρίας
3088 3212 3557 3283 ἀξιωθήσεται;’0
3584 3203 3688 3281 μὲν

2093 3306 2202 3378 γὰρ
2233 3305 2327 3358 ἐπὶ
2352 3303 2543 3376 μόναις
2562 3307 2682 3369 ταῖς
2702 3306 3184 3377 κατεσπαρμέναις
3202 3294 3270 3358 ⁷ὲν
3300 3307 3421 3367 ταῖς
3454 3290 3689 3367 ἐννοίαις

2094 3399 2125 3468 ή
2135 3396 2250 3469 μῶν
2267 3397 2556 3468 σωτηρίοις
2577 3398 2856 3469 ἀφορμαῖς
2872 3396 3293 3469 ὲγκληθήσεται,
3307 3383 3382 3460 ὡς
3396 3396 3454 3449 ού
3481 3395 3690 3467 χρησά-

2098 3507 2260 3561 μενος
2286 3490 2479 3552 αὐταῖς
2502 3488 2669 3559 ύγιῶς
2691 3507 2704 3521 ·
2730 3491 2758 3542 ὁ
2785 3490 2842 3542 δὲ
2868 3489 3007 3561 πρὸς
3038 3487 3233 3560 τούτῳ,
3262 3488 3358 3541 καὶ
3380 3488 3456 3550 ὡς
3489 3486 3689 3555 προδε-

2093 3580 2282 3644 δωκὼς
2301 3582 2589 3653 πᾶσαντὴν
2609 3580 2898 3653 δεδομένην
2928 3579 3077 3651 αὐτῷ
3110 3579 3452 3651 συνέργειαν,
3490 3579 3585 3631 καὶ
3613 3577 3687 3631 δι’

2094 3674 2424 3745 ἀπροσεξίαν
2477 3676 2557 3736 εἰς
2612 3674 2704 3726 τὸν
2779 3672 3014 3745 πονηρὸν
3066 3671 3179 3743 βίον
3219 3670 3568 3743 κατασυρείς.
3610 3669 3692 3721 Τὸ

2095 3758 2188 3817 οὖν
2238 3763 2429 3834 νοῆσαι
2474 3762 2574 3834 τήν
2611 3761 2786 3833 ἀληθῆ
2831 3748 3177 3832 δικαιοσύνην
3218 3760 3459 3831 μεγάλης
3514 3759 3690 3822 ὅντως

2094 3853 2329 3917 διανοίας
2361 3854 2458 3905 καὶ
2486 3852 2681 3923 φρενὸς
2712 3852 3077 3923 τελειοτάτης.
3114 3853 3342 3924 Μήποτε
3375 3851 3433 3905 δὲ
3464 3852 3557 3904 καὶ
3586 3851 3691 3901 ἐπ-

2096 3942 2358 4012 αγγελίαν
2389 3943 2499 4015 ἔχει
2530 3944 2666 4014 (90),
2691 3943 2782 4017 τὸν
2829 3945 2900 4020 τὰ
2947 3944 3292 4017 παροιμιακὰ
3326 3942 3691 3996 παιδευθέντα

2097 4036 2420 4108 δυνήσεσθαι
2473 4037 2659 4091 λοιπὸν
2702 4036 2982 4092 ἐπιϐαλεῖν
3024 4034 3091 4109 τῇ
3139 4038 3397 4109 ἀκριϐείᾳ
3434 4036 3530 4106 τῆς
3561 4037 3689 4087 θεο-

2099 4130 2305 4199 λογίας.
2353 4131 2419 4183 Ἠ
2448 4130 2553 4201 γὰρ
2581 4128 2786 4201 ἀληθὴς
2830 4114 3145 4200 δικαιοσύνη
3178 4118 3325 4182 ἐστὶν
3362 4132 3391 4182 ὁ
3428 4127 3687 4195 Χριστὸς,

2105 4226 2211 4290 “Oc
2239 4222 2493 4293 ἐγενήθη
2530 4222 2677 4293 ἡμῖν
2715 4224 2903 4293 σοφία
2953 4221 3072 4277 ἀπὸ
3105 4206 3292 4290 ΔΘεοῦ,
3329 4221 3688 4286 δικαιοσύνη

2100 4332 2163 4368 τε
2222 4315 2323 4369 καὶ
2356 4316 2667 4385 ἁγιασμὸς,
2709 4316 2806 4369 καὶ
2849 4316 3287 4383 ἀπολύτρωσις.
3324 4311 3690 4376 Συνέζευκται

2101 4405 2177 4477 τῷ
2212 4405 2321 4478 (21)
2355 4406 2558 4475 γνῶναι
2588 4407 2935 4476 δικαιοσύνην
2975 4408 3148 4479 ἀληθῆ
3181 4407 3243 4460 τὸ
3273 4411 3448 4479 κρῖμα
3483 4424 3689 4460 κατευ-

416 4499 689 4570 dirigatur
721 4499 787 4555 ¹⁹.
823 4498 960 4553 Nam
992 4497 1111 4554 ﬁeri
1145 4513 1253 4553 non
1282 4506 1495 4575 potest,
1534 4509 1592 4552 ut
1624 4498 1717 4577 qui
1758 4500 1914 4578 prius
1944 4500 1993 4553 in

2104 4497 2281 4550 θῠναι.
2314 4497 2619 4569 Ἀμήχανον
2667 4498 2776 4571 γὰρ
2804 4498 2897 4553 τὸν
2949 4498 3023 4570 μὴ
3056 4498 3519 4570 προπαιδευθέντα
3556 4500 3691 4570 περὶ

412 4590 643 4661 justitia:
673 4590 983 4662 cognitione
1026 4591 1277 4657 eruditus
1323 4606 1434 4644 non
1484 4589 1680 4669 fuerit,
1716 4591 1993 4662 ambiguas

2100 4588 2195 4641 τοῦ
2223 4589 2432 4642 δικαίου
2459 4590 2719 4644 δύνασθαι
2754 4589 2855 4656 τὰς
2892 4591 3328 4663 ἀμφισϐητήσεις
3366 4590 3541 4661 ὀρθῶς
3569 4589 3693 4643 διαο

414 4700 508 4741 res
546 4692 697 4741 recte
736 4682 1041 4754 dijudicare
1085 4682 1281 4753 possit.
1330 4674 1518 4756 Neque
1548 4684 1692 4737 enim
1740 4683 1993 4744 Salomon

2101 4684 2304 4753 κρῖναι.
2337 4683 2472 4736 Οὐδὲ
2513 4684 2624 4756 γὰρ
2679 4684 2842 4749 αὐτὸς
2888 4684 3163 4756 Σολομὼν,
3202 4685 3249 4737 εί
3287 4682 3361 4755 μὴ
3412 4679 3526 4755 εἶχε
3556 4685 3692 4747 τοὺς

415 4778 569 4849 ipse,
602 4776 713 4833 nisi
743 4776 801 4831 in
834 4776 1016 4846 seipso
1045 4774 1189 4846 aequi
1233 4788 1297 4828 ac
1340 4776 1474 4836 recti
1523 4776 1763 4833 rationes
1805 4778 1993 4846 exqui-

2103 4774 2231 4846 περὶ
2262 4772 2357 4827 τοῦ
2383 4773 2595 4829 δικαίου
2629 4774 2818 4844 λόγους
2845 4776 3093 4849 ἀκριϐεῖς
3122 4778 3180 4830 ὲν
3225 4774 3422 4846 ἑαυτῷ,
3453 4773 3693 4843 ἠδύνατο

415 4870 553 4927 sitas
586 4869 906 4935 habuisset,
938 4867 1355 4923 celeberrimum
1395 4866 1529 4935 illud
1553 4866 1821 4938 judicium
1849 4869 1993 4939 quod

2102 4865 2201 4945 τὴν
2233 4865 2670 4940 πολυθρύλλητον
2704 4868 2918 4939 εκείνην
2950 4868 3129 4940 κρίσιν
3160 4867 3334 4931 οὕτως
3376 4867 3552 4938 ὀρθῶς
3589 4868 3692 4920 καὶ

416 4966 485 5021 de
512 4979 686 5036 puero
717 4963 861 5036 inter
891 4960 1209 5017 meretrices
1252 4960 1509 5031 protulit,
1554 4944 1664 5030 tam
1710 4969 1860 5030 recte
1901 4975 1993 5041 ap-

2098 4959 2402 5024 εύθυϐόλως
2426 4960 2752 5031 ἐξενεγκεῖν,
2783 4961 2849 5032 ἢν
2884 4960 3066 5032 ἔκρινε
3114 4963 3236 5024 ταῖς
3282 4959 3509 5031 πόρναις
3553 4959 3689 5029 περ)⁵

416 5058 706 5130 positeque
738 5055 1009 5127 potuisset
1035 5052 1250 5110 efferre.
1290 5052 1428 5108 Cum
1462 5052 1607 5126 enim
1636 5052 1870 5127 testibus
1898 5068 1993 5107 ca-

2096 5051 2192 5131 τοῦ
2222 5053 2458 5115 παιδίου.
2502 5053 2720 5126 Ἐπειδὴ
2747 5053 2856 5125 γάρ
2884 5053 3175 5125 ἀμάρτυρα
3201 5049 3269 5124 ἦν
3301 5051 3370 5104 τὰ
3397 5052 3527 5121 παρ’
3553 5051 3692 5103 ἑκα-

415 5153 607 5202 rerent
654 5161 775 5215 quae
821 5145 890 5200 ab
940 5152 1172 5213 utraque
1217 5142 1566 5207 dicebantur,
1621 5141 1689 5198 ad
1742 5148 1993 5196 naturam

2094 5144 2257 5223 τέρας
2314 5145 2603 5216 λεγόμενα,
2651 5145 2747 5198 ἐπὶ
2788 5143 2888 5214 τὴν
2932 5143 3095 5213 φύσιν
3135 5143 3420 5214 ἐχώρησε,
3469 5139 3562 5193 καὶ
3611 5139 3687 5191 δι’

416 5236 706 5305 cucurrit;
755 5237 985 5308 ejusque
1027 5252 1131 5308 ope
1164 5252 1288 5307 qua:
1329 5236 1724 5308 ignorabantur
1767 5235 1993 5308 invenit.

2098 5236 2271 5307 αὐτῆς
2312 5233 2440 5315 εὗρε
2472 5237 2542 5315 τὰ
2573 5237 2915 5307 ἀγνοούμενα
2947 5236 3087 5308 (22)·
3123 5237 3224 5306 τῆς
3262 5234 3360 5306 μὲν
3394 5232 3690 5303 ἀλλοτρίας

496 5394 541 5424 ¹⁷
578 5391 727 5448 Psal.
762 5409 928 5458 xxxv,
964 5393 1016 5448 'l.
1093 5392 1138 5426 ⁸⁸
1175 5391 1198 5448 l
1230 5392 1358 5449 Cor.
1397 5409 1452 5460 ι,
1488 5392 1580 5448 30.
1658 5391 1701 5423 ¹⁹
1738 5391 1903 5448 Prov.
1940 5409 1993 5460 ι,

2119 5392 2275 5461 juxta
2310 5391 2476 5474 LXX.

492 5505 605 5581 (20)
648 5505 748 5561 Hic
781 5523 917 5581 Avo:
975 5508 1155 5581 βίϐλος
1204 5510 1579 5566 subaudienda
1604 5549 1620 5573 ,
1669 5510 1897 5581 fortasse
1922 5520 1993 5581 _et

2105 5510 2387 5581 ἀμήχανον
2419 5510 2528 5581 γὰρ
2576 5511 2671 5563 καὶ
2698 5510 2837 5581 ,μήχ
2871 5507 3099 5581 Veteres
3140 5515 3388 5581 quatuor.
3416 5505 3550 5581 libri
3575 5504 3691 5581 γὰρ

422 5575 1025 5651 [rabetfromissioneia
1061 5580 1145 5634 hic
1182 5580 1346 5651 iiber,
1377 5575 1809 5651 Proverbiorum
1848 5579 2002 5635 vide-
2111 5575 2393 5651 μήςίἶοιὶ).
2419 5575 2618 5651 tertius
2650 5575 2757 5651 γὰρ
2780 5575 2886 5634 ’τὸν
2931 5580 3029 5650 μή,
3056 5575 3224 5634 recte.
3259 5575 3504 5631 Subinde
3536 5575 3690 5631 idem

422 5649 570 5721 licet.
601 5646 726 5721 Mox
767 5646 1145 5721 Regaprimus
1180 5648 1365 5705 λοιπὸν
1402 5651 1732 5706 ἐπιϐάλλειν.
1764 5648 1876 5706 Nec
1926 5652 1993 5703 ita

2108 5646 2279 5714 codex
2310 5648 2486 5721 ὀρθῶς
2511 5646 2824 5721 διακρίνειν.
2932 5646 2943 5650 ⁷
2994 5646 3004 5650 ’
3066 5704 3120 5721 _,

422 5668 570 5703 ucet.
601 5668 726 5730 mox
767 5668 900 5719 ncg.
933 5668 1149 5731 primus
1182 5668 1365 5705 Αοιπον
1402 5668 1732 5706 επιοαΛΑειν.
1765 5668 1876 5706 nec
1926 5668 1993 5703 lla

422 5717 597 5793 multo
629 5717 772 5793 Infra
813 5718 971 5793 Colb_.
1025 5727 1222 5793 tertius
1264 5721 1325 5792 ὃς
1367 5721 1629 5793 ἐγεννήθη
1658 5722 1819 5793 σοφία
1847 5721 1993 5793 ήμζν,

2108 5668 2279 5714 ςοαθχ
2310 5668 2338 5704 Ο
2378 5668 2486 5712 om;
2511 5668 2824 5721 οιακρινειν.
3110 5704 3120 5715 ,

2181 5720 2291 5792 (22)
2330 5668 2481 5792 gegii
2535 5722 2743 5791 primus
2787 5727 2842 5779 et
2880 5717 3154 5776 secundus
3192 5718 3254 5770 τὸ
3297 5714 3686 5787 ἀγνοούμενον.

493 5789 607 5863 (2i)
643 5788 804 5847 Colb.
837 5791 1034 5848 tertius
1054 5788 1485 5858 συνέζευκταιδὲ
1516 5788 1629 5864 τῷ(
1654 5788 1849 5847 Statim
1870 5788 2003 5848 editi
