4036 6236
325 305 436 364 £05

1259 301 1549 358 HOMILIA
1584 303 1666 354 IN
1694 293 2096 353 fﬁlNUlPlUM
2137 296 2707 357 PROVERBlORUM.

3497 311 3611 357 ιῡσ

323 422 559 488 ἀπαθῶς
598 417 1048 493 καταδεξαμένης
1090 421 1185 474 τοῦ
1233 419 1447 473 παιδίου
1492 419 1592 488 τὴν
1622 416 1923 487 ἀναίρεσιν,

2028 413 2094 468 Et
2125 430 2256 471 vero
2292 416 2470 471 aliena
2502 417 2623 474 sine
2652 418 2761 472 ulla
2794 419 3277 475 commiseratione
3312 418 3468 491 pueri
3510 435 3610 476 ne-
3659 438 3666 444 ·

324 516 432 589 τῆς
475 515 535 570 δὲ
565 513 798 585 ἀληθοῦς
842 515 1054 585 μητρὸς
1090 513 1178 567 διὰ
1224 513 1322 584 τὴν
1370 511 1604 582 φυσικὴν
1641 510 1927 582 φιλοστορι

326 609 461 680 γίαν
492 608 613 662 οὐδὲ
645 608 749 680 τὴν
784 609 958 679 ἀκοὴν
1010 606 1405 683 ἀνασχομένης
1444 602 1540 667 τοῦ
1586 604 1815 667 πάθους.
1864 600 1925 656 '0

328 697 429 756 οὖν
453 699 609 765 εἰδὼς
642 699 739 772 τὴν
767 700 946 772 άληθῆ
995 697 1377 770 δικαιοσύνην,
1408 696 1502 750 καὶ
1546 695 1614 750 δι’
1642 695 1814 765 αὐτῆς
1844 694 1926 748 δῖ-

326 793 551 865 δαχθε“ις
575 793 637 846 τὺ
661 794 861 858 οἰκεῖον
902 791 1202 864 ἀπονέμειν
1243 791 1479 862 ἑκάστῳ,
1511 781 1666 852 οὗτος
1703 786 1927 840 δύναται

332 886 686 942 κατευθύνειν
713 886 776 941 τὸ
817 889 1019 958 κρῖμα.
1059 887 1270 958 Ὠσπερ
1297 884 1407 955 γάρ
1448 887 1476 937 ὁ
1520 882 1745 954 τοξότης
1790 881 1928 954 πρὸς

332 978 428 1032 τὸν
467 976 666 1033 σκοπὸν
710 976 1010 1042 ἀπευθύνει
1063 978 1127 1030 τὸ
1184 977 1357 1048 βέλος,
1411 974 1535 1030 οὔτε
1579 973 1925 1046 ὑπερϐολαῖς,

330 1069 459 1125 οὔτε
490 1070 816 1141 ἐλλείψεσιν,
850 1068 975 1124 οὕτε
1013 1071 1135 1134 ταῖς
1163 1069 1247 1137 ἐφ’
1278 1068 1515 1139 ἑκάτερα
1548 1066 1930 1138 παρατροπαῖς

326 1162 665 1217 ἀποπλανῶν
690 1163 790 1232 τὴν
817 1160 1067 1236 τοξείαν*
1095 1159 1269 1222 οὕτως
1303 1161 1332 1213 6
1367 1158 1562 1231 κριτὴς
1590 1156 1685 1211 τοῦ
1716 1157 1927 1210 δικαίου

328 1252 824 1326 καταστοχάζεται,
875 1253 999 1307 οὔτε
1054 1253 1321 1331 πρόσωπα
1371 1251 1666 1323 λαμϐάνων
1706 1249 1928 1322 (γνωρί-

330 1345 449 1411 ζειν
481 1346 597 1418 (23)
634 1346 745 1419 γὰρ
792 1346 1085 1418 πρόσωπον
1131 1347 1189 1399 ἐν
1233 1345 1411 1417 κρίσει
1452 1344 1511 1397 οὑ
1565 1342 1775 1413 καλὸν),
1804 1341 1929 1395 οὔτε

330 1437 505 1492 ποιῶν
535 1437 681 1503 κατά
707 1436 1031 1510 πρόσκλισιν
1062 1436 1198 1508 (24),
1232 1436 1348 1490 ἀλλ’
1396 1434 1611 1498 εὐθείας
1644 1434 1739 1488 καὶ
1775 1433 1928 1488 ἀδια-

332 1529 606 1600 στρόφους
635 1529 884 1599 ἐκφέρων
910 1526 1011 1592 τάς
1044 1527 1278 1600 κρίσεις.
1322 1527 1434 1581 Καὶ
1470 1525 1563 1578 δύο
1590 1525 1930 1596 κρινομένων

331 1624 463 1695 παρ’
492 1620 667 1690 αὐτῷ,
687 1621 782 1675 τοῦ
810 1639 878 1684 τε,
904 1619 1352 1683 πλεονεκτοῦντος
1385 1618 1593 1672 καὶτοῦ
1622 1618 1682 1671 τὸ
1710 1617 1931 1671 ἔλαττον

332 1715 582 1784 ἔχοντος,
632 1713 864 1785 ἔστηκεν
903 1714 933 1766 ὁ
983 1711 1179 1783 κριτὴς
1223 1710 1496 1765 ἐπανισῶν
1554 1709 1751 1773 αὐτοὺς
1796 1706 1933 1780 πρὸς

2027 522 2144 561 cem
2180 508 2561 579 approbabat:
2596 524 2723 564 vera
2754 518 2935 563 autem
2975 515 3153 564 mater
3193 509 3264 564 ob
3301 509 3606 566 naturalem

2024 600 2307 654 caritatem
2350 616 2420 655 ne
2462 601 2663 656 easdem
2708 602 2927 672 quidem
2990 602 3185 657 audire
3222 602 3486 658 sustinuit
3536 605 3606 658 ³ο.

2026 689 2131 757 Qui
2158 692 2327 763 igitur
2349 694 2515 747 novit-
2522 693 2788 764 justitiam
2815 709 3035 759 veram,
3069 702 3234 764 atque
3258 695 3329 749 ab
3359 710 3421 750 ea
3447 712 3608 751 suum

2027 785 2227 855 cuique
2279 785 2613 842 distribuere
2666 785 2892 851 didicit,
2952 786 3001 842 is
3046 785 3319 855 judicium
3373 786 3611 859 dirigere

2028 883 2230 947 potest.
2279 876 2352 932 Ut
2401 878 2548 933 enim
2595 877 2916 949 sagittarius
2958 877 3204 948 jaculum
3263 878 3333 934 ad
3382 892 3610 948 scepqu

2028 968 2251 1040 dirigit,
2283 970 2327 1025 si
2360 985 2540 1040 neque
2569 971 2841 1026 excedens
2860 1010 2875 1034 ,
2904 984 3083 1041 neque
3108 970 3399 1036 deﬁciens,
3434 985 3615 1043 neque

2028 1061 2089 1116 in
2147 1061 2467 1117 alterutram
2525 1070 2735 1134 partem
2784 1062 3068 1121 declinans
3117 1079 3148 1119 a
3199 1064 3611 1136 sagittariorum

2031 1166 2150 1211 arte
2180 1157 2435 1223 aberrat;
2471 1156 2553 1213 sic
2580 1156 2749 1227 judex
2783 1156 2850 1211 ad
2883 1157 2937 1213 id
2968 1158 3115 1228 quod
3139 1158 3350 1229 justum
3384 1166 3468 1214 est
3497 1157 3613 1212 col-

2030 1246 2232 1310 lineat,
2288 1246 2336 1303 si
2391 1247 2598 1302 nullam
2663 1249 2864 1304 habeat
2922 1264 3285 1320 personarum
3339 1251 3607 1305 rationem

2030 1340 2051 1410 (
2077 1353 2366 1410 personam
2396 1342 2540 1396 enim
2571 1339 2627 1394 in
2656 1340 2867 1412 judicio
2899 1357 3231 1414 cognoscere
3264 1343 3467 1397 bonum
3497 1358 3608 1399 non

2029 1439 2115 1487 est
2145 1432 2187 1463 “
2216 1431 2258 1502 ),
2292 1440 2348 1487 et
2384 1432 2430 1489 si
2466 1433 2521 1487 in
2562 1434 2770 1505 agendo
2802 1435 2954 1490 nullo
2987 1436 3154 1492 modo
3190 1437 3247 1491 in
3288 1437 3607 1492 alterutram

2030 1532 2239 1595 partem
2269 1525 2538 1592 declinet,
2577 1528 2673 1582 sed
2709 1528 2953 1597 proferat
2988 1528 3202 1599 judicia
3244 1538 3393 1584 recta
3444 1530 3610 1585 nihil-

2031 1631 2136 1685 que
2165 1616 2371 1688 obliqui
2405 1618 2682 1674 habentia.
2716 1617 2838 1673 lam
2878 1619 2931 1675 si
2978 1619 3182 1675 fuerint
3222 1620 3331 1674 duo
3374 1620 3442 1675 ab
3488 1622 3611 1691 ipso

2031 1708 2350 1785 judicandi,
2400 1725 2634 1781 quorum
2682 1712 2821 1766 alter
2860 1712 2983 1781 plus
3028 1726 3215 1781 aequo,
3249 1713 3388 1767 alter
3427 1711 3635 1769 minus

330 1806 624 1877 ἀλλήλους,
666 1806 763 1859 καὶ
802 1804 1057 1859 τοσοῦτον
1101 1803 1352 1873 ἀφαιρῶν
1397 1803 1492 1858 τοῦ
1546 1801 1924 1882 ὑπερέχοντος,

2030 1801 2260 1867 habeat,
2295 1809 2409 1858 stat
2428 1801 2599 1872 judex
2644 1804 2836 1859 ambos
2881 1805 3028 1859 inter
3071 1819 3131 1860 se
3177 1820 3507 1875 exaequans,
3556 1815 3614 1862 et

331 1900 460 1954 ὅσον
504 1897 898 1969 ἐλαττούμενον
947 1897 1193 1969 εὑρίσκει
1233 1896 1323 1949 τὸν
1364 1895 1737 1968 ἀδικούμενον.
1782 1894 1840 1947 Ὀ
1869 1892 1926 1946 δὲ

2028 1900 2238 1947 tantum
2271 1894 2448 1949 aufert
2477 1894 2527 1949 ei
2560 1896 2651 1964 qui
2693 1896 2815 1965 plus
2846 1896 2982 1951 satis
3024 1895 3216 1962 habet,
3252 1907 3520 1969 quantum
3559 1899 3611 1955 ei

328 1991 434 2063 τὴν
485 1991 663 2062 ἀληθῆ
701 1989 1051 2062 δικαιοσύνην
1096 1989 1171 2061 μὴ
1209 1988 1347 2059 ἔχων
1385 1986 1925 2060 προεναποκειμένην

2028 1985 2119 2056 qui
2150 1985 2410 2055 injuriam
2446 1988 2693 2058 accepit,
2723 1988 2919 2044 deesse
2952 1988 3333 2060 deprehendit.
3371 1990 3479 2047 Sed
3517 1993 3610 2063 qui

330 2082 504 2136 αὐτοῦ
531 2085 599 2153 τῇ
633 2082 803 2155 ψυχῇ,
833 2081 1005 2153 ἀλλ’ἢ
1043 2082 1285 2153 χρήμασι
1324 2079 1742 2151 διεφθαρμένος,
1777 2078 1810 2150 ἢ
1839 2096 1926 2147 φι-

330 2172 424 2246 λίᾳ
455 2172 838 2246 χαριζόμενος,
868 2172 901 2242 ἢ
928 2171 1129 2242 ἔχθραν
1152 2170 1511 2241 ἀμυνόμενος,
1535 2167 1568 2239 ἢ
1604 2165 1924 2220 δυναστείαν

331 2264 787 2335 δυσωπούμενος,
834 2263 896 2317 τὸ
956 2265 1130 2334 κρῖμα
1179 2259 1528 2315 κατευθύνειν
1564 2259 1623 2311 οὑ
1679 2257 1920 2310 δύναται.

333 2358 479 2430 Πρὸς
508 2357 568 2410 ὃν
597 2359 715 2429 ἐρεῖ
743 2358 773 2410 6
800 2355 1015 2427 ψαλμὸς
1064 2355 1151 2408 τό’
1186 2356 1255 2407 El
1274 2350 1527 2420 ’ἀληθῶς
1554 2350 1668 2419 ἄρα
1699 2348 1922 2402 δικαιο-

329 2450 538 2517 σύνην
574 2447 841 2513 λαλεῖτε,
884 2448 1124 2514 εὐθείας
1172 2447 1413 2516 κρίνατε
1449 2444 1583 2515 (25),
1636 2443 1752 2497 υἱοί
1805 2441 1924 2495 τῶν

327 2540 684 2611 ἀνθρώπων.
717 2540 979 2611 Ἔλεγχος
1004 2537 1119 2612 γὰρ.
1141 2538 1239 2608 τῆς
1274 2537 1366 2592 τοῦ
1393 2535 1600 2591 δικαίου
1632 2535 1924 2598 διαθέσεως

329 2639 365 2706 ἡ
400 2636 534 2705 περὶ
557 2634 621 2687 τὸ
649 2634 858 2707 κρίνειν
885 2631 1136 2704 ὀρθότης.
1169 2630 1332 2684 Ὅθεν
1386 2630 1480 2682 καὶ
1522 2628 1684 2691 αὐτὸς
1718 2628 1923 2707 προῖὼν

1807 2700 1967 2713 ,Ἁρμ-

329 2725 673 2799 ἀπαγορεύει
699 2725 875 2794 λέγων
891 2741 904 2754 ·
938 2723 1232 2793 Στὰθμιον
1249 2720 1402 2792 μέγα
1423 2720 1522 2775 καὶ
1548 2719 1765 2791 μικρὸν
1790 2719 1921 2789 (‘26),

327 2817 644 2883 βδελυκτὰ
687 2816 849 2886 παρὰ
885 2815 1101 2885 Κυρίῳ,
1131 2815 1190 2868 τὸ
1227 2816 1354 2887 περὶ
1391 2813 1491 2884 τὴν
1529 2812 1709 2885 κρίσιν
1742 2811 1924 2866 ἄνισον

327 2914 398 2982 τῇ
430 2911 543 2965 τῶν
573 2910 857 2981 σταθμίων
895 2907 1239 2983 προσηγορίᾳ
1269 2905 1655 2979 παροιμιακῶς
1686 2904 1926 2959 αἰνισσό-

334 3020 520 3073 μενος.
550 3004 628 3057 υὺ
666 3002 829 3073 μόνον
854 3001 911 3055 δὲ
950 3000 1067 3062 τοῖς
1105 2996 1382 3062 δικάζουσι
1429 2997 1588 3051 τοῦτο
1631 2999 1921 3068 χρήσιμον,

2022 2076 2293 2147 justitiam
2321 2094 2506 2134 veram
2538 2093 2648 2133 non
2684 2080 2875 2145 habet,
2909 2083 2964 2135 in
3001 2081 3182 2136 anima
3212 2097 3311 2138 sua
3345 2083 3499 2153 prius
3529 2084 3614 2139 in-

2025 2172 2185 2228 sitam
2208 2211 2222 2235 ,
2266 2170 2361 2225 sed
2395 2180 2491 2225 aut
2524 2172 2774 2241 pecuniis
2812 2173 2973 2244 106
3012 2186 3308 2245 corruptus
3345 2183 3468 2242 est,
3514 2187 3610 2234 aut

2025 2263 2281 2318 amicitia:
2314 2262 2492 2327 favet,
2526 2273 2619 2317 aut
2650 2264 2996 2318 inimicitiam
3037 2266 3343 2333 ulciscitur,
3379 2279 3474 2322 aut
3509 2284 3610 2339 po-

2024 2360 2276 2410 testatem
2303 2361 2608 2418 reveretur,
2634 2354 2681 2409 is
2703 2352 2973 2424 judicium
3001 2355 3235 2427 dirigere
3267 2374 3377 2412 non
3408 2368 3609 2429 potest.

2024 2446 2126 2502 Cui
2156 2447 2211 2501 in
2244 2447 2453 2516 psalmo
2481 2445 2722 2501 dicitur:
2756 2445 2818 2501 Si
2865 2462 2980 2501 vere
3020 2449 3198 2517 utique
3220 2451 3494 2518 justitiam
3527 2452 3610 2506 ιο-

2024 2539 2249 2610 quimini
2271 2577 2287 2603 ,
2320 2545 2465 2591 recta
2484 2536 2761 2606 judicate,
2793 2535 2894 2606 ﬁlii
2924 2537 3200 2592 hominum
3243 2541 3308 2595 “.
3345 2538 3610 2597 Iudicium

2024 2633 2169 2688 enim
2206 2631 2374 2685 animi
2426 2629 2582 2699 ejus,
2638 2629 2732 2699 qui
2776 2643 2905 2699 erga
2957 2644 3175 2700 aequum
3221 2646 3287 2685 ac
3329 2632 3421 2703 jus
3470 2631 3613 2688 bene

2026 2724 2281 2789 allicitur,
2314 2721 2586 2778 rectitudo
2614 2730 2697 2778 est
2739 2721 2884 2778 inter
2922 2721 3306 2793 iudicandum.
3356 2722 3513 2781 Unde
3559 2733 3616 2781 et

2026 2818 2144 2887 ipse
2178 2816 2234 2872 in
2268 2817 2626 2887 sequentibus
2655 2818 2944 2888 prohibet,
2974 2817 3166 2874 dicens
3201 2838 3215 2875 :
3246 2817 3467 2873 Panda:
3495 2837 3614 2874 ma-

2024 2924 2181 2979 gnum
2210 2918 2495 2979 etparvum
2517 2949 2532 2973 ,
2557 2908 2937 2964 abominabilia
2968 2910 3109 2979 apud
3136 2910 3421 2965 Dominum
3442 2912 3509 2977 “,
3538 2912 3617 2967 in-

2027 3003 2389 3073 arqualitatem
2412 3002 2608 3073 judicii
2639 3018 2735 3073 per
2763 3004 3066 3074 ponderum
3097 3004 3518 3075 appellationem
3558 3005 3616 3060 in

330 3096 471 3162 ἀλλά
502 3097 601 3159 καὶ
631 3098 751 3159 ταῖς
790 3093 919 3167 περὶ¹
951 3089 1187 3147 ἑκάστου
1228 3090 1338 3144 τῶν
1377 3090 1520 3145 κατὰ
1568 3089 1661 3144 τὸν
1691 3089 1805 3160 βίον
1830 3090 1923 3143 ἐκ·

2032 3096 2304 3168 proverbii
2339 3094 2561 3150 modum
2594 3095 2951 3152 adumbrans.
2986 3095 3097 3151 Nec
3127 3096 3232 3151 hoc
3259 3096 3437 3152 solum
3468 3096 3616 3165 judi-

330 3189 545 3257 λογαῖς.
594 3186 815 3258 Ἐπειδὴ
862 3204 916 3240 τι
971 3183 1170 3257 ἔχομεν
1219 3185 1349 3257 παρ’
1392 3184 1604 3247 ἑαυτοῖς
1647 3184 1931 3255 κριτήριον

333 3280 588 3351 φυσικὸν,
620 3278 688 3332 δι’
734 3272 795 3332 οὑ
833 3278 904 3330 τὰ
945 3277 1087 3330 καλά
1129 3276 1240 3330 τῶν
1276 3274 1530 3347 πονηρῶν
1557 3274 1929 3346 διακρίνομεν,

331 3374 639 3442 ἀναγκαῖον
667 3373 801 3443 ἡμῖν
835 3372 892 3424 ἐν
924 3372 992 3441 τῇ
1028 3368 1225 3440 ἐκλογῇ
1275 3368 1384 3421 τῶν
1428 3367 1720 3440 πρακτέων
1767 3365 1933 3439 ὀρθάς

334 3464 615 3520 ποιεῖσθαι
644 3464 755 3518 τῶν
779 3463 1119 3535 πραγμάτων
1166 3462 1265 3522 τὰς
1304 3460 1634 3533 διακρίσεις·
1667 3460 1783 3523 καὶ,
1821 3454 1934 3513 οἷόν

332 3575 458 3611 τινα
489 3556 756 3627 δικαστὴν
784 3556 874 3626 ίσῃ
906 3555 1003 3609 καὶ
1034 3553 1351 3625 δικαιοτάτῃ
1389 3551 1585 3627 γνώμῃ
1626 3554 1743 3615 τοῖς
1778 3553 1931 3605 ἐναν-

332 3647 474 3713 τίοις
503 3646 863 3719 βραϐεύοντα,
887 3645 1177 3701 πείθεσθαι
1204 3646 1311 3718 μὲν,
1328 3649 1394 3718 τῇ
1417 3647 1610 3719 ἀρετῇ,
1637 3645 1932 3700 καταδικά-

2033 3187 2291 3242 cantibus
2327 3186 2459 3240 utile
2489 3192 2615 3263 est,
2653 3187 2748 3241 sed
2784 3186 2929 3241 idem
2962 3186 3183 3242 confert
3203 3187 3368 3242 etiam
3402 3187 3469 3241 ad
3501 3190 3616 3243 sin-

2033 3281 2191 3353 gulas
2225 3296 2314 3336 res
2346 3281 2401 3335 in
2430 3281 2542 3335 vita
2579 3280 2908 3351 seligendas.
2946 3279 3083 3337 Cum
3125 3280 3273 3336 enim
3315 3280 3617 3336 habeamus

2033 3376 2088 3430 in
2114 3373 2275 3429 nobis
2302 3372 2571 3443 judicium
2603 3373 2882 3443 quoddam
2934 3373 3216 3437 naturale,
3260 3387 3370 3443 quo
3412 3373 3554 3427 bona
3585 3388 3617 3426 a

2034 3466 2194 3520 malis
2237 3465 2619 3528 secernimus;
2661 3478 2892 3520 necesse
2924 3464 3086 3529 nobis
3140 3472 3225 3519 est
3274 3464 3328 3518 in
3380 3464 3446 3520 iis
3496 3479 3619 3535 quae

2034 3556 2240 3629 agenda
2284 3563 2413 3612 sunt
2466 3555 2769 3627 eligendis,
2796 3563 2943 3610 recte
2991 3570 3240 3626 quasque
3278 3571 3367 3611 res
3408 3556 3619 3611 discer-

2034 3664 2168 3704 nere
2194 3665 2210 3715 ;
2240 3655 2294 3703 et
2314 3687 2329 3711 ,
2366 3647 2521 3718 quasi
2549 3646 2790 3716 judicem
2826 3647 3062 3717 aliquem
3083 3687 3098 3711 ,
3129 3646 3223 3717 qui
3270 3648 3524 3718 aequabili
3552 3663 3619 3703 ac

336 3741 452 3804 ζειν
496 3738 557 3793 δὲ
600 3740 701 3812 τὴν
744 3740 943 3795 κακίαν
975 3739 1108 3811 (ΞἸ).
1145 3734 1270 3793 υἷον
1307 3739 1533 3811 πορνεία
1583 3739 1679 3803 καὶ
1723 3755 1927 3811 σωφρο-

2030 3738 2346 3809 justissimo
2387 3737 2573 3792 animo
2618 3736 2687 3791 de
2733 3737 3030 3793 contrariis
3066 3736 3309 3806 judicet,
3359 3746 3474 3791 tum
3508 3738 3620 3795 vir-

338 3832 475 3904 σῶνη
516 3831 675 3903 παρά
712 3831 800 3885 σοὶ
839 3830 1109 3903 κρίνεται,
1157 3832 1252 3885 καὶ
1299 3831 1500 3903 ὑψηλὸς
1534 3829 1927 3903 προκαθέζεται

2036 3833 2141 3887 tuti
2172 3831 2584 3897 obsecundare,
2618 3838 2734 3885 tum
2768 3830 2960 3884 vitium
2997 3831 3385 3901 condemnare.
3422 3830 3619 3887 Exenh

336 3942 435 3979 σου
458 3927 491 3979 6
518 3923 646 3988 νοῦς
671 3924 1106 3996 πεπιστευμένος
1132 3925 1194 3991 τὸ
1230 3907 1578 3997 δικαστήριον
1595 3906 1615 3956 θ’
1647 3926 1743 3979 καὶ
1769 3926 1803 3996 ἡ
1836 3924 1927 3997 μὲν

2036 3922 2111 3994 pli
2139 3937 2305 3977 causa
2330 3961 2345 3985 ,
2372 3920 2638 3977 scortatio
2663 3928 2717 3975 et
2742 3918 3006 3989 pudicitia
3031 3919 3173 3990 apud
3207 3931 3256 3976 te
3277 3920 3615 3991 judicantur,

337 4014 510 4086 ἡδονὴ
544 4016 839 4085 συνηγορεί
882 4017 951 4086 τῇ
1005 4015 1254 4085 πορνείᾳ,
1304 4015 1333 4066 6
1372 4014 1429 4067 δὲ
1475 4014 1640 4083 φόϐος
1670 4013 1765 4067 τοῦ
1799 4014 1927 4068 Θεοὺ

2035 4002 2089 4070 et
2130 4015 2346 4069 excelsa
2390 4021 2484 4069 tua
2533 4028 2689 4069 mens
2731 4011 3005 4082 ejusmodi
3050 4012 3267 4083 judicio
3313 4013 3419 4069 sibi
3464 4030 3619 4069 com-

337 4107 405 4177 τῇ
440 4105 768 4178 σωφροσύνῃ
810 4107 1145 4163 συνίσταται.
1194 4105 1321 4160 Ἐὰν
1360 4105 1459 4178 μὲν
1494 4103 1588 4160 οὑν
1614 4105 1927 4175 καταδικά-

2038 4107 2207 4161 misso
2264 4105 2560 4177 praesidet;
2612 4114 2777 4174 atque
2832 4104 3111 4174 voluptate
3162 4105 3486 4167 scortationi
3537 4104 3617 4159 fa—

340 4214 441 4269 σῃς
470 4196 570 4279 τὴν
597 4198 895 4269 ἁμαρτίαν,
929 4197 1036 4268 δῷς
1075 4197 1134 4264 δέ
1166 4197 1387 4268 νικῆσαι
1426 4199 1527 4271 τὴν
1560 4199 1927 4275 σωφροσύνην¹

2038 4210 2225 4266 vente,
2251 4186 2417 4265 timor
2446 4198 2541 4255 Dei
2577 4198 2860 4269 suppetias
2887 4199 3040 4253 venit
3070 4198 3430 4255 castimoniae.
3459 4196 3617 4264 Quod

340 4286 559 4340 εὐθεῖαν
588 4288 832 4358 ἐποιήσω
866 4288 968 4359 τὴν
998 4288 1183 4361 κρίσιν
1211 4287 1306 4341 τοῦ
1340 4289 1666 4360 πράγματος
1689 4307 1702 4320 ·
1735 4289 1830 4344 ἐὰν
1858 4291 1927 4359 δὲ,

2039 4293 2086 4347 si
2127 4292 2386 4347 damnato
2428 4300 2656 4363 peccato
2678 4332 2693 4356 ,
2728 4290 3018 4346 victoriam
3055 4291 3335 4361 pudicitiae
3361 4290 3615 4354 dederis,

340 4381 408 4449 τῇ
433 4379 599 4451 ἡδονῇ
650 4378 793 4458 δοὺς,
821 4379 921 4450 τῂν
966 4380 1161 4451 ῥοπὴν,
1209 4380 1611 4455 προτιμοτέραν
1654 4381 1927 4454 ἀποφήνῃς

2038 4382 2105 4437 de
2134 4398 2193 4437 re
2222 4381 2552 4441 sententiam
2586 4389 2791 4435 rectam
2827 4380 3000 4435 tulisti
3029 4399 3043 4435 :
3074 4381 3161 4437 sin
3195 4386 3379 4434 autem
3415 4378 3482 4433 ad
3521 4394 3618 4434 vo-

338 4470 443 4549 τὴν
491 4471 787 4543 ἁμαρτίαν,
838 4471 1055 4526 σκολιὸν
1100 4473 1340 4544 ἐποιήσω
1366 4475 1427 4527 τὸ
1462 4476 1656 4546 κρῖμα,
1683 4474 1927 4538 ὑπόδικος

2039 4476 2304 4544 luptatem
2355 4472 2668 4538 inclinans,
2714 4471 3116 4543 praeferendum
3167 4486 3293 4527 esse
3330 4478 3617 4542 peccatum

338 4564 635 4641 γενόμενος
680 4567 748 4635 τῇ
792 4566 901 4637 ἀρᾷ
953 4564 1048 4618 τοῦ
1082 4565 1359 4631 εἰπόντος’
1389 4567 1533 4623 Οὐαὶ
1568 4570 1622 4621 οἱ
1652 4565 1927 4636 λέγοντες

2040 4566 2400 4638 pronunties,
2455 4565 2759 4643 obliquum,
2795 4563 2972 4620 fecisti
3004 4563 3272 4634 judicium
3295 4602 3310 4629 ,
3345 4561 3619 4618 obnoxius

411 4724 460 4756 ³⁸
499 4720 565 4776 lll
600 4720 737 4792 Reg.
774 4738 869 4786 ιιι,
900 4721 972 4777 9.5
1025 4739 1180 4794 seqq.
1255 4724 1296 4754 "
1338 4721 1497 4778 Prov.
1537 4738 1686 4787 xxiv,
1721 4725 1812 4779 23.
1889 4727 1933 4756 "
1973 4722 2118 4779 Psal.
2157 4739 2301 4787 tvn,
2336 4723 2392 4776 ‘2.
2466 4720 2713 4776 ﬂ‘Prov.
2763 4738 2857 4786 xx,
2894 4721 2983 4776 10.

412 4877 528 4950 (25)
558 4877 728 4951 iApud
767 4876 1035 4951 LXX‘pro
1071 4878 1361 4951 γνωρίζειν
1393 4879 1593 4951 legitur
1641 4878 1927 4951 αἰδεῖσθαι,

2094 4877 2223 4951 Δ(26)
2246 4876 2647 4951 _Editio._l?aris.
2680 4878 2955 4951 indepta!
2979 4876 3121 4951 μέγα
3144 4875 3235 4930 καὶ
3275 4874 3491 4951 μικρὸν,
3525 4877 3621 4929 καί

342 4947 569 5007 revereri
600 4964 881 5022 personam
912 4949 965 5001 in
1006 4948 1215 5022 iudicio
1239 4965 1341 5022 non
1372 4947 1472 5004 est'
1484 4953 1695 5022 bonum.
1728 4948 1927 5022 Eodem

2040 4947 2210 5020 μέτρα
2238 4947 2417 5011 δισσά,
2453 4947 2714 5022 βδελυκτά
2739 4947 3122 5022 παρὰ-Κυρίῳ,
3146 4947 3621 5022 ροιιάιιρχιιαθηιιπι

342 5034 513 5074 sensu
567 5015 713 5089 alius
771 5020 1046 5087 interpres
1079 5020 1335 5089 iscripsit
1403 5020 1774 5089 αἰσχύνεσθαι.
1825 5020 1932 5074 Sed
2035 5015 2086 5073 et
2117 5015 2720 5089 p'arvum,et'mensttrw
2768 5015 3449 5089 duplices,abominabilia
3477 5016 3620 5089 apud

344 5090 562 5158 Aquila,
598 5086 961 5160 Symmachus
991 5097 1046 5143 et
1075 5086 1376 5160 Theodotio
1421 5086 1622 5145 habent
1676 5090 1927 5160 ἐπιγινώέ

2041 5086 2324 5160 Dominam
2350 5103 2372 5160 ξ
2396 5089 2493 5144 sed
2517 5088 2670 5154 illud,
2705 5089 2798 5142 καὶ
2826 5086 2999 5160 μέτρα
3022 5086 3203 5151 δισσά,
3237 5086 3392 5160 deest
3414 5089 3471 5140 in
3500 5087 3620 5160 edi-

345 5156 518 5231 cis‘w,
547 5156 881 5230 cog'noscere,
920 5168 1030 5214 etc.
1066 5159 1223 5213 Colb.
1276 5161 1475 5216 tertius
1501 5156 1795 5231 γνωρίζειν
1824 5162 1927 5231 γὰρ

2037 5160 2187 5231 tione
2222 5158 2387 5215 Basil.
2430 5166 2485 5215 et
2517 5160 2578 5231 in_
2620 5156 2840 5231 nostris
2895 5156 3140 5231 quinque
3195 5156 3620 5231 codicibus_;_o_l_)

345 5225 1133 5312 zpdgfozglpamncognoscere
1160 5245 1433 5312 personas,
1459 5225 1564 5286 etc.
1622 5225 1648 5312 ζ
1755 5300 1791 5312 ﬂ
1880 5225 1914 5311 .-

2038 5226 2203 5312 idq'ue
2227 5231 2325 5312 has
2348 5244 2510 5312 γραεξ
2547 5229 2868 5312 delevimus.
2894 5225 3290 5312 Proposita)ch
3307 5227 3448 5312 apud
3469 5225 3622 5312 1.x;

416 5299 528 5369 (24)
569 5300 752 5355 Editio
782 5296 960 5371 Paris.
1006 5296 1502 5371 κατάπρόκλησιν,
1544 5301 1703 5355 male.
1752 5300 1927 5359 Editio

2039 5296 2566 5371 ιθέὶιιιιῄἀκάθαρτα,
2595 5300 2872 5371 immunda
2901 5296 3065 5371 sunt:
3098 5296 3195 5371 sed
3220 5297 3440 5371 lectioni
3462 5296 3621 5371 Basi-

347 5367 511 5426 Basil.
543 5380 598 5428 et
624 5373 797 5427 codex
827 5369 974 5425 Oliv.
1007 5384 1131 5442 cum
1160 5367 1282 5442 aliis
1315 5367 1551 5440 quatuor
1585 5388 1718 5425 mss.
1758 5371 1929 5442 πρόσ-
2040 5367 2199 5425 Ιὶεῐιιαι
2227 5368 2371 5425 favet
2401 5367 2654 5439 Vulgata,
2683 5370 2739 5423 in
2770 5385 2879 5439 qua
2914 5370 2996 5426 sic
3029 5368 3283 5438 legimus,
3313 5367 3538 5442 Pondus
3558 5374 3621 5442 et

344 5442 555 5510 κλησιν,
581 5458 688 5497 non
714 5441 893 5496 multo
922 5440 1141 5513 melius.
1177 5439 1308 5513 Beg.
1333 5437 1554 5513 primus
1603 5457 1728 5513 cum
1771 5437 1929 5496 sacro
2036 5441 2263 5513 pondus,
2293 5437 2541 5494 mensura
2564 5449 2613 5494 et
2650 5437 2919 5507 mensura,
2959 5437 3237 5510 utrumque
3268 5437 3623 5496 abominabilc

345 5516 493 5584 tcuu
518 5513 860 5584 πρόσκλισιν,
910 5510 1137 5584 optime.
1186 5510 1361 5584 Notat'
1400 5513 1484 5566 vir
1500 5511 1927 5584 eruditissimus

2036 5511 2393 5584 «pullam.

348 5576 591 5653 Dircaeus.
621 5576 984 5639 emendatum
1018 5579 1192 5653 fuisse
1212 5581 1456 5653 codicem
1488 5580 1626 5638 Oliv.
1670 5582 1723 5636 in
1756 5599 1929 5653 cuque
2071 5576 2081 5581 ’
2109 5580 2220 5652 (27)
2258 5579 2557 5653 Colbertini
2581 5579 2939 5653 duoicodices
2967 5582 3066 5653 τῆς
3099 5580 3299 5653 κακίας
3340 5603 3353 5653 ζ
3383 5593 3619 5653 quorum

344 5650 579 5725 additam
615 5655 787 5709 fuisse
826 5666 1020 5725 vocem
1053 5650 1391 5725 πρᾴσκλισιν.
1840 5650 1855 5653 ’

2037 5650 2207 5725 unus
2233 5652 2668 5725 aliquantopost
2700 5652 2864 5725 habet
2903 5650 3272 5725 καταδικὰσῃς
3307 5652 3406 5724 τῆς
3434 5651 3618 5723 ἁμαρ-ο

414 5724 525 5798 (25)
560 5724 694 5796 Reg.
729 5721 1018 5782 secundus
1055 5719 1287 5794 κρίνετε.

2032 5720 2173 5789 stag,
2217 5719 2356 5779 alter
2380 5719 2476 5776 τίεν
2513 5722 2804 5798 ἁμαρτίαν.
