4036 6236
412 275 515 332 407

1753 280 1811 334 S.
1855 275 2098 332 BASILII
2140 276 2279 332 MAG
2289 277 2349 332 Nl

3564 270 3672 327 408

410 388 776 447 exsecrationi
804 388 922 458 ejus
943 429 957 454 ,
982 391 1076 461 qui
1102 392 1269 447 dixit:
1307 393 1397 448 Vat
1422 395 1512 464 qui
1541 393 1720 448 dicitis
1752 409 1984 447 amarum

2096 392 2164 445 τὸ
2190 392 2405 461 πικρὸν
2436 392 2651 461 γλυκὺ,
2679 391 2775 444 καὶ
2805 391 2870 444 τὸ
2899 391 3091 461 γλυκὺ
3117 390 3360 458 πικρόν
3387 392 3441 443 ol
3468 390 3679 461 λέγον-

409 479 595 548 dulce,
628 487 680 535 et
706 479 859 535 dulce
889 498 1173 538 amarum:
1197 486 1287 554 qui
1308 486 1488 541 dicitis
1519 485 1687 541 lucem
1712 485 1949 540 tenebras
1973 526 1989 549 ,

407 583 461 631 et
495 573 736 629 tenebras
771 573 936 629 lucem
968 574 1036 630 ¹³⁵.

481 665 570 722 l0.
610 665 881 732 Quoniam
932 667 1119 738 igitur,
1170 668 1325 737 juxta
1376 669 1557 740 ipsum
1610 670 1989 736 Salomonem,

410 753 774 828 Cogitationes
799 754 1073 828 justorum
1096 760 1309 830 judicia
1337 770 1460 816 sunt
1488 764 1555 831 ”,
1589 778 1757 834 opera
1788 771 1875 820 est
1907 779 1993 821 se-

411 847 543 903 dulo
571 848 787 914 danda,
828 861 890 904 ut
928 848 1079 905 intus
1118 850 1175 906 in
1211 850 1400 908 abdito
1438 854 1831 924 cogitationum
1871 855 1991 911 foro

412 947 563 995 recta
620 938 689 995 de
752 941 919 998 rebus
975 942 1184 1012 judicia
1236 943 1480 1001 feramus
1510 985 1526 1011 ,
1586 946 1991 1018 habeamusque

410 1041 648 1088 mentem
680 1032 901 1088 trutina:
933 1034 1168 1089 similem
1189 1074 1205 1100 ,
1236 1050 1360 1107 qua
1400 1036 1541 1092 citra
1576 1037 1988 1094 inclinationem

412 1122 580 1179 ullam
623 1122 835 1194 agenda
872 1140 1103 1198 quaeque
1146 1128 1439 1198 appendat.
1484 1128 1715 1196 Quando
1759 1130 1989 1200 quodvis

409 1212 734 1269 mandatum
771 1223 826 1270 et
855 1219 1168 1287 oppositum
1198 1217 1246 1272 ei
1278 1219 1469 1273 vitium
1499 1219 1709 1290 judicio
1741 1228 1837 1277 tuo
1865 1236 1991 1293 pcr-

409 1303 666 1371 mittitur,
700 1306 769 1361 da
814 1306 1097 1362 victoriam
1142 1309 1247 1381 legi
1295 1308 1388 1365 Dei
1439 1319 1632 1365 contra
1678 1320 1986 1382 peccatum.

410 1392 659 1452 Habendi
689 1401 999 1468 appetentia
1033 1399 1211 1469 major
1256 1409 1311 1457 et
1355 1403 1585 1474 aequitas
1628 1404 1992 1474 judicantur?

411 1482 717 1543 Pronuntia
772 1489 1040 1547 adversus
1095 1492 1402 1548 alienorum
1457 1495 1863 1565 cupiditatem,
1918 1498 1989 1553 da

317 1586 321 1591 '
409 1578 686 1636 calculum
716 1585 986 1653 potiorem
1023 1586 1235 1642 virtuti.
1270 1586 1548 1643 Dissident
1578 1588 1721 1644 inter
1758 1605 1818 1645 se
1856 1605 1990 1645 con-

408 1673 611 1727 'icium
664 1681 719 1730 et
764 1676 1004 1733 lenitas?
1047 1676 1321 1735 Pudorem
1366 1680 1553 1736 incute
1597 1679 1888 1749 convicio,
1932 1689 1988 1738 et

408 1773 684 1837 sntepone
715 1767 1013 1825 lenitatem.
1044 1768 1242 1826 Odium
1271 1779 1327 1827 et
1355 1772 1578 1828 dilectio
1605 1773 1987 1829 contendunt?

408 1857 547 1912 illud
581 1859 879 1929 ignominia
917 1862 1205 1929 allectum,
1255 1881 1418 1935 quam
1467 1866 1786 1937 longissime
1832 1867 1984 1922 able-

405 1960 534 2021 gato
555 1992 570 2019 ,
600 1954 949 2011 dilectionem
979 1972 1107 2013 vero
1136 1957 1347 2014 honore
1372 1958 1689 2014 decoratam
1713 2000 1728 2024 ,
1756 1960 1853 2015 tibi
1880 1960 1985 2031 ipsi

407 2042 574 2098 facito
596 2042 942 2102 familiarem.
967 2047 1258 2104 Simulatio
1277 2056 1333 2104 et
1353 2049 1696 2121 simplicitas,
1724 2049 1986 2106 fortitudo

404 2139 462 2186 et
490 2133 789 2200 timiditas,
819 2136 1112 2206 prudentia
1140 2145 1196 2193 et
1223 2139 1457 2194 stultitia
1478 2180 1492 2204 ,
1518 2139 1734 2209 justitia
1760 2150 1813 2196 et
1841 2143 1986 2212 inju-

407 2223 579 2288 stitia,
611 2226 874 2296 pudicitia
907 2238 960 2283 et
986 2229 1350 2298 impudicitia,
1386 2238 1461 2295 et,
1494 2239 1554 2285 ut
1589 2231 1741 2286 brevi
1768 2232 1945 2287 dicam
1967 2273 1983 2296 ,

406 2315 581 2372 virtus
611 2318 870 2387 quaelibet
902 2335 1025 2374 cum
1056 2321 1301 2392 quolibet
1333 2321 1468 2376 vitio
1492 2321 1764 2391 judicium
1796 2324 1986 2379 subit?

406 2404 562 2461 Tunc
594 2409 758 2476 igitur
798 2410 1136 2480 judiciorum
1180 2412 1564 2469 rectitudinem
1608 2416 1885 2471 ostendito
1926 2416 1987 2473 in

403 2498 622 2553 occulto
663 2502 859 2558 anima:
902 2512 1007 2558 tuae
1051 2501 1295 2574 judicio,
1344 2514 1786 2578 praeceptumque
1826 2508 1985 2580 quasi

405 2601 748 2645 assessorem
802 2592 1073 2650 adhibens
1122 2593 1259 2662 tibi,
1317 2597 1504 2652 odium
1565 2597 1624 2652 in
1684 2599 1984 2669 nequitiam

406 2684 563 2731 tuum
602 2690 1073 2749 commonstrato,
1119 2699 1382 2742 aversans
1437 2694 1695 2757 peccata,
1752 2688 1985 2744 virtutes

404 2769 722 2839 pra-ferens.
760 2771 819 2827 Si
850 2774 995 2830 enim
1031 2775 1170 2833 facis
1205 2784 1266 2831 ut
1295 2778 1354 2832 in
1400 2778 1634 2850 singulis
1675 2779 1984 2863 actionibus

404 2862 630 2917 vincant
658 2864 802 2933 apud
838 2873 891 2920 te
920 2865 1185 2932 meliora,
1215 2867 1412 2924 beatus
1451 2869 1563 2924 eris
1609 2868 1673 2923 In
1717 2869 1802 2924 die
1848 2870 1979 2936 illa,

404 2971 524 3008 cum
546 2954 813 3024 judicabit
847 2958 1105 3014 Dominus
1137 2960 1348 3015 occulta
1383 2960 1653 3017 hominum
1695 2964 1982 3018 secundum

2094 503 2193 552 τες
2230 485 2297 539 τὸ
2329 483 2455 554 φῶς
2486 486 2727 550 σκότος,
2753 484 2853 536 καὶ
2882 482 2949 536 τὸ
2982 485 3203 550 σκότος
3227 481 3368 551 φῶς.

2166 667 2253 722 l0.
2299 665 2452 718 Ἐπε)⁵
2491 659 2606 727 οὖν,
2647 663 2766 717 κατ’
2798 662 2960 716 αὑτὸν
2998 661 3087 717 τὸν
3126 661 3469 733 Σολομῶντα,
3501 665 3677 734 Λογι-

2091 758 2233 827 σμοὶ
2285 756 2528 809 δικαίων
2573 755 2846 824 κρίματα,
2893 752 3040 807 ἔνδον
3088 753 3145 805 ὲν
3186 751 3265 823 τῷ
3310 751 3678 825 κεκρυμμένῳ

2092 849 2199 902 τῶν
2228 847 2500 919 λογισμῶν
2521 845 2790 918 κριτηρίῳ
2823 844 3147 908 σπουδάζειν
3170 844 3277 914 χρὴ
3296 843 3395 908 τὰς
3428 845 3555 917 περὶ
3579 846 3677 898 τοῦ

2092 940 2415 1012 πράγματος
2457 938 2665 1010 κρίσεις
2721 934 3177 1008 ἀπαρατρὲπτους
3226 936 3517 1001 ποιεῖσθαι,
3581 937 3678 991 καὶ

2090 1029 2182 1083 τὸν
2225 1026 2349 1084 νοῦν
2391 1026 2631 1101 τρυτάνῃ
2673 1026 2816 1096 ἔχειν
2868 1025 3246 1098 προσεοικότα,
3280 1024 3515 1090 ἀκλινῶς
3541 1025 3677 1080 ἔκα-

2092 1139 2215 1177 στον
2245 1120 2355 1193 (28)
2385 1119 2495 1174 τῶν
2522 1118 2812 1191 πρακτέων
2856 1116 3310 1187 ζυγοπατοῦντα.
3337 1118 3507 1172 Ὅταν
3546 1119 3678 1173 ἑκά-

2093 1233 2193 1287 στη
2229 1213 2417 1286 ἐντολὴ
2470 1211 2622 1284 παρά
2666 1211 2750 1265 σοὶ
2799 1210 2936 1283 πρὸς
2975 1209 3074 1280 τὴν
3114 1210 3497 1281 ἀντικειμένην
3533 1210 3671 1281 αὐτῇ

2093 1308 2290 1363 κακίαν
2320 1304 2729 1375 διαδικάζηται,
2769 1303 2857 1366 δὸς
2903 1301 2981 1372 τῷ
3028 1300 3179 1372 νόμῳ
3220 1299 3316 1354 τοῦ
3357 1299 3492 1354 Θεοῦ
3533 1300 3676 1355 κατά

2090 1401 2190 1471 τῆς
2219 1398 2494 1471 ἁμαρτίας
2537 1395 2608 1449 τά
2653 1395 2963 1466 νικητήρια.
2995 1392 3342 1463 Πλεονασμὸς
3365 1394 3460 1446 καὶ
3493 1393 3677 1464 ἰσότης

2091 1494 2403 1568 κρίνονται;
2451 1489 2696 1560 ἀπόφηνε
2739 1486 2883 1542 κατὰ
2929 1487 3027 1558 τῆς
3067 1485 3177 1540 τῶν
3218 1485 3518 1557 ἀλλοτρίων
3554 1486 3678 1539 ὲπι-

2090 1585 2311 1656 θυμίας,
2354 1584 2440 1648 δὸς
2479 1581 2579 1654 τήν
2615 1580 2859 1651 βελτίονα
2886 1577 3064 1649 ψῆφον
3108 1580 3174 1650 τῇ
3200 1579 3392 1650 ἀρετῇ.
3424 1576 3677 1648 Λοιδορία

2089 1677 2184 1731 καὶ
2225 1672 2575 1747 μακροθυμία
2623 1668 2881 1741 ἀλλήλαις
2926 1666 3440 1731 ἀντικαθίστανται;
3479 1665 3677 1720 καταί-

2018 1736 2059 1791 B
2090 1736 2280 1839 σχυνδν
2326 1736 2424 1839 τὴν
2460 1736 2756 1834 λοιδορίαν,
2794 1762 2888 1816 καὶ
2932 1759 3272 1833 προτίμησον
3302 1758 3363 1811 τὸ
3403 1757 3679 1829 μακρόθυ-

2090 1873 2208 1928 μον.
2241 1854 2451 1927 Ἔχθρα
2488 1851 2580 1907 καὶ
2617 1852 2847 1921 ἀγάπης
2891 1849 2991 1922 τὴν
3033 1849 3132 1921 μὲν
3180 1848 3373 1919 ἄτιμον
3421 1849 3674 1919 ποιήσας,

2087 1949 2412 2021 ύπερόρισον
2432 1947 2511 2010 ὡς
2536 1943 2872 2017 πορρωτάτω
2891 1959 2905 1973 ’
2932 1943 3030 2012 τὴν
3052 1942 3108 1995 δὲ
3139 1941 3358 2013 ἀγάπην
3382 1940 3677 2013 σεμνύνας,

2086 2041 2292 2095 οίκείαν
2323 2039 2545 2109 ποίησον
2577 2036 2690 2109 (29)
2728 2033 2955 2105 σεαυτῷ.
3000 2032 3320 2106 ’Υπόκρισις
3367 2034 3463 2087 κα)⁷
3511 2034 3680 2088 ἀπλόο

2086 2151 2207 2204 της,
2251 2130 2444 2204 ἀνδρία
2492 2130 2585 2184 καὶ
2637 2126 2846 2191 δειλία,
2897 2125 3159 2197 φρόνησις
3218 2125 3311 2179 καὶ
3358 2124 3677 2197 ἀφροσύνη,

2085 2223 2398 2292 δικαιοσύνη
2449 2221 2545 2276 καὶ
2597 2220 2779 2274 ἀδικία
2806 2262 2819 2286 ,
2867 2216 3188 2290 σωφροσύνη
3249 2218 3344 2271 καὶ
3389 2217 3677 2285 ἀκολασία,

2089 2318 2183 2370 καὶ
2234 2313 2505 2369 συνελόντι
2538 2312 2707 2384 φῆσαι
2737 2309 2872 2382 (50),
2905 2311 3055 2363 πᾶσα
3100 2309 3267 2382 ἀρετὴ
3315 2309 3452 2381 πρὸς
3494 2311 3681 2366 πᾶσαν

2088 2409 2288 2465 κακίαν
2312 2404 2715 2473 διαδικάζεταις
2754 2403 2886 2456 Τότε
2919 2402 2984 2475 δὴ
3017 2398 3112 2457 οὖν
3155 2401 3420 2469 ἐπίδειξαι
3449 2401 3550 2474 τὴν
3580 2403 3680 2456 εὑ-

2087 2501 2293 2573 θύτητα
2328 2499 2436 2554 τῶν
2486 2497 2792 2570 χριμάτων,
2822 2497 2880 2549 ὲν
2925 2494 3004 2566 τῷ
3049 2493 3279 2567 κρυπτῷ
3308 2511 3403 2548 σου
3440 2494 3542 2565 τῆς
3570 2495 3679 2566 ψυ-

2085 2593 2189 2664 χῆς
2211 2589 2499 2664 κριτηρίῳ,
2533 2588 2628 2645 καὶ
2659 2585 2823 2641 οἱονεὶ
2859 2586 3128 2658 πάρεδρον
3165 2584 3377 2657 σεαυτῷ
3402 2584 3500 2658 τήν
3531 2587 3682 2640 ἐντο-

2086 2686 2183 2757 λὴν
2209 2685 2599 2754 ποιησάμενος,
2623 2678 2796 2744 δεῖξον
2826 2678 2889 2732 τὸ
2914 2678 3280 2751 μισοπόνηρον
3296 2695 3310 2709 ·
3342 2679 3682 2752 ἀποστρεφόο

2090 2795 2250 2849 μενος
2284 2777 2385 2849 μὲν
2408 2777 2510 2839 τάς
2544 2772 2837 2844 ἁμαρτίας,
2866 2769 3186 2844 ὑπερτιμῶν
3231 2769 3288 2824 δὲ
3316 2770 3418 2835 τὰς
3448 2770 3674 2843 ἀρετάς.

2099 2870 2224 2925 Ἐὰν
2251 2869 2359 2941 γὰρ
2402 2869 2489 2936 ἐφ’
2521 2866 2759 2936 ἑκάστης
2792 2863 3046 2936 πράξεως
3072 2864 3226 2935 νικᾷν
3265 2864 3502 2935 ποιήσῃς
3524 2863 3679 2933 παρά

2088 2966 2172 3016 σοὶ
2208 2961 2277 3015 τὰ
2321 2958 2582 3031 βελτίονα,
2630 2956 2900 3028 μακάριος
2929 2953 3027 3027 ἔσῃ
3062 2956 3160 3008 Ἐν
3200 2953 3277 3023 τῇ
3304 2954 3498 3024 ἡμέρᾳ
3524 2954 3679 3009 ἐκεί-

404 3045 750 3118 Evangelium
780 3060 1055 3116 nostrum,
1092 3054 1502 3124 cogitationibus
1532 3057 1669 3110 inter
1702 3073 1757 3111 se
1798 3067 1849 3112 et
1884 3075 1976 3112 ac-

2088 3077 2180 3128 νῃ,
2211 3053 2310 3109 ὅτε
2340 3049 2536 3121 κρινεῖ
2579 3053 2612 3104 ὀ
2660 3048 2805 3114 Θεὸς
2834 3047 2909 3102 τὰ
2941 3045 3178 3117 κρυπτά
3213 3044 3334 3100 τῶν
3352 3044 3683 3113 ἀνθρώπων

403 3138 716 3195 cusantibus
741 3180 755 3205 ,
786 3151 879 3195 aut
908 3152 959 3196 et
990 3144 1388 3213 defendentibus
1415 3149 1482 3212 ",
1514 3164 1617 3205 nec
1644 3150 1821 3208 abibis
1847 3166 1980 3207 con-

403 3231 694 3288 demnatus
747 3233 820 3288 ob
869 3235 1037 3289 ullam
1091 3236 1155 3291 ad
1210 3239 1354 3294 mala
1387 3240 1800 3299 inclinationem
1833 3262 1846 3299 :
1884 3244 1981 3300 sed

397 3321 630 3391 justitiat
665 3325 890 3382 coronis
940 3328 1285 3386 honorabere
1341 3331 1499 3403 107
1548 3334 1751 3404 quibus
1802 3335 1979 3391 virtu-

403 3422 514 3470 tem
568 3429 666 3485 per
717 3431 935 3473 onmem
986 3427 1136 3474 tuam
1187 3420 1357 3476 vitam
1408 3426 1783 3481 coronavcris.
1840 3426 1982 3494 Quot

399 3506 546 3561 bona
578 3509 893 3565 conciliabit
922 3509 1018 3566 tibi
1052 3510 1472 3569 Proverbiorum
1506 3516 1664 3584 liber,
1697 3520 1789 3588 qui
1823 3520 1982 3576 docet

402 3610 457 3654 et
487 3614 674 3655 veram
705 3601 886 3659 colere
913 3602 1187 3674 justitiam
1208 3645 1224 3670 ,
1254 3614 1309 3662 et
1337 3607 1609 3678 judicium
1640 3610 1910 3682 dirigere?

475 3873 560 3927 ll.
604 3873 811 3945 Ecquid
846 3875 1015 3944 igitur
1052 3876 1139 3931 his
1177 3879 1450 3947 amplius?
1483 3877 1550 3932 Ut
1591 3879 1715 3944 det,
1761 3879 1977 3950 inquit,

400 3963 768 4021 innocentibus
797 3970 1086 4033 astutiam,
1120 3987 1182 4024 ac
1209 3986 1370 4040 puero
1405 3970 1587 4040 juveni
1614 3979 1665 4026 et
1693 3988 1900 4027 sensum
1930 3982 1980 4027 et

399 4059 810 4129 intelligentiam
853 4062 920 4116 ³⁷.
978 4059 1276 4132 Dupliciter
1319 4062 1674 4132 intelligimus
1716 4062 1981 4121 innocen-

399 4153 557 4207 tiam.
600 4153 709 4207 Aut
752 4153 897 4208 enim
924 4154 1215 4223 quamdam
1243 4169 1274 4207 a
1304 4165 1528 4224 peccato
1559 4155 1939 4212 alienationem
1961 4199 1976 4223 ,

399 4260 523 4316 qua:
555 4245 769 4300 ratione
800 4246 858 4298 lit
878 4288 892 4311 ,
923 4246 1301 4317 excogitamus
1331 4262 1345 4312 ;
1377 4246 1604 4317 vitiique
1648 4250 1795 4302 velut
1838 4265 1979 4320 qua-

400 4338 525 4394 dam
570 4336 759 4393 radice
800 4353 899 4409 per
943 4338 1161 4409 longam
1204 4339 1555 4395 attentionem
1601 4340 1980 4413 bonorumque

2088 3149 2239 3206 κατά
2266 3147 2335 3202 τὸ
2366 3140 2739 3214 Εὑαττέλιον
2766 3139 2956 3210 ἡμῶν,
2989 3137 3090 3192 καὶ
3119 3136 3347 3208 μεταξὺ
3385 3137 3680 3217 ἀλλήλων

2087 3243 2206 3298 τῶν
2232 3234 2539 3310 λογισμῶν
2564 3233 3058 3303 κατηγορούντων
3078 3230 3116 3299 ἢ
3143 3229 3244 3284 καὶ
3269 3228 3682 3300 ἀπολογουμέ-

2086 3353 2228 3399 νων,
2273 3333 2374 3386 οὐκ
2427 3327 2644 3399 ἀπέρχῃ
2691 3322 3216 3394 καταδεδικασμένος
3267 3320 3355 3375 διὰ
3399 3321 3499 3394 τὴν
3540 3320 3680 3395 πρὸς

2088 3427 2154 3481 τά
2187 3423 2364 3495 φαῦλα
2393 3419 2585 3495 ῥοπὴν,
2608 3416 2746 3472 ἀλλά
2763 3418 2878 3479 τοῖς
2901 3415 3001 3484 τῆς
3023 3411 3370 3484 δικαιοσύνης
3396 3413 3678 3485 τιμηθήσῃ

2090 3516 2396 3586 στεφάνοις,
2426 3508 2509 3575 οἷς
2554 3509 2705 3578 παρά
2755 3506 2935 3561 πάντα
2961 3506 3073 3578 (51)
3127 3521 3222 3559 σου
3271 3504 3365 3559 τὸν
3414 3504 3527 3576 βίον
3577 3504 3679 3575 τὴν

2087 3608 2287 3681 ἀρετὴν
2325 3604 2733 3674 ἐστεφάνωσας.
2770 3601 3029 3671 Πηλίκων
3059 3616 3141 3653 σοι
3177 3599 3435 3670 πρόξενος
3459 3596 3679 3667 ἀγαθῶν

2087 3700 2374 3770 γενήσεται
2412 3699 2446 3768 ή
2486 3694 2662 3766 βίϐλος
2693 3693 2803 3747 τῶν
2835 3691 3174 3763 Παροιμιῶν,
3218 3691 3546 3745 διδάσκουσα
3575 3690 3680 3761 τήν

2087 3808 2144 3844 τε
2179 3789 2350 3861 ἀληθῆ
2375 3786 2720 3857 δικαιοσύνην
2753 3785 2846 3839 καὶ
2873 3787 3048 3856 κρῖμα
3077 3783 3460 3849 κατευθύνειν;

2160 3882 2246 3935 11.
2275 3880 2343 3933 Τί
2373 3874 2465 3932 οὖν
2490 3877 2624 3951 πρὸς
2653 3877 2860 3940 τούτοις
2891 3875 2970 3929 ἔτι
2996 3892 3009 3941 ;
3040 3875 3166 3929 Ἵνα
3200 3873 3313 3946 (52)
3347 3873 3453 3939 δῷ,
3488 3874 3676 3942 φησὶν,

2086 3971 2336 4038 άκάκοις
2364 3968 2754 4039 πανουργίαν,
2791 3966 2955 4021 παιδὶ
2993 3966 3063 4020 δὲ
3106 3967 3223 4034 νέῳ
3276 3965 3572 4033 αἴσθησίν
3610 3980 3678 4019 τε

2085 4064 2183 4117 καὶ
2217 4063 2479 4118 ἔννοιαν.
2524 4059 2727 4124 Διττῶς
2769 4060 2996 4130 νοοῦμεν
3041 4059 3138 4129 τὴν
3179 4057 3438 4113 ἀκακίαν.
3466 4058 3534 4110 Ἦ
3563 4056 3793 4147 193/
3818 4078 3833 4089 ί

2086 4157 2182 4228 τὴν
2216 4155 2325 4209 ἀπὸ
2364 4154 2463 4226 τῆς
2503 4153 2775 4225 ἁμαρτίας
2812 4150 3165 4223 ἀλλοτρίωσιν
3205 4149 3451 4222 λογισμῷ
3482 4167 3681 4223 κατορ-

2086 4246 2373 4317 θουμένην,
2401 4247 2495 4299 καὶ
2520 4244 2607 4299 διὰ
2635 4246 2852 4316 μακρᾶς
2885 4244 3157 4315 προσοχῆς
3183 4245 3278 4297 καὶ
3309 4243 3538 4314 μελέτης
3565 4244 3677 4299 τῶν

2086 4340 2305 4409 ἀγαθῶν
2331 4336 2443 4395 οἷόν
2471 4339 2585 4411 (55)
2619 4356 2742 4393 τινα
2767 4340 2923 4411 ῥίζαν
2954 4340 3054 4409 τῆς
3096 4337 3295 4401 κακίας
3324 4336 3675 4406 ἐκτεμόντες,

399 4428 815 4485 meditationem
838 4430 1045 4499 excisa,
1067 4429 1139 4485 ob
1161 4431 1427 4502 integram
1445 4430 1566 4501 ejus
1583 4432 1942 4502 privationem
1964 4477 1979 4503 ,

2088 4434 2230 4488 κατά
2257 4434 2514 4505 στέρησιν
2537 4433 2706 4503 αὐτῆς
2741 4431 2979 4501 παντελῆ
3008 4430 3107 4502 τὴν
3138 4429 3231 4483 τοῦ
3267 4429 3474 4484 ἀκάκου
3503 4445 3677 4501 προσ-

400 4520 729 4577 innocentia:
753 4519 1170 4591 appellationem
1196 4519 1529 4589 accipimus:
1559 4527 1651 4574 aut
1674 4521 1986 4577 innocentia

398 4611 624 4678 dicitur,
674 4626 800 4666 cum
851 4611 977 4666 mali
1023 4610 1267 4665 nondum
1316 4620 1401 4665 est
1441 4610 1810 4680 experientia,
1858 4626 1985 4666 cum

401 4706 514 4760 sint
542 4703 638 4775 qui
666 4718 808 4774 saepe
834 4704 905 4758 ob
934 4701 1196 4773 puerilem
1227 4709 1441 4757 aetatem
1469 4707 1565 4756 aut
1595 4701 1719 4756 vita:
1749 4701 1983 4772 alicujus

402 4796 719 4852 institutum
750 4794 884 4851 vitia
916 4792 1166 4864 quaedam
1191 4807 1302 4847 non
1327 4794 1702 4863 experiantur.
1737 4791 1981 4861 Exempli

397 4888 610 4960 gratia,
651 4902 789 4959 puer
824 4900 939 4942 non
978 4886 1132 4940 novit
1162 4886 1473 4956 superbiam
1500 4926 1512 4946 ,
1546 4899 1657 4939 non
1686 4884 1838 4939 novit
1879 4884 1979 4940 do-

399 4982 512 5037 lum
543 4989 600 5036 et
645 4979 941 5035 fallaciam.
990 4978 1206 5035 Rursus
1249 4988 1380 5035 sunt
1408 4980 1501 5050 qui
1541 4980 1657 5034 ruri
1687 4980 1942 5050 degentes
1964 5022 1979 5046 ,

400 5088 510 5129 non
543 5072 730 5128 sciunt
771 5070 931 5127 dolos
971 5080 1379 5136 mercatorum,
1411 5086 1587 5141 neque
1629 5070 1877 5126 forenses
1905 5073 1981 5127 si-

398 5164 682 5220 multates.
713 5162 821 5230 Qui
853 5165 991 5220 tales
1018 5172 1147 5220 sunt
1167 5204 1181 5228 ,
1213 5177 1308 5221 eos
1335 5163 1655 5218 innocentes
1682 5177 1978 5231 vocamus;

2089 4526 2315 4597 ηγορίαν
2359 4524 2652 4597 δεχόμεθα’
2713 4525 2746 4595 ἢ
2793 4523 2996 4578 ἀκακία
3047 4522 3196 4576 ἐστὶν
3240 4522 3275 4593 ἠ
3335 4522 3502 4593 μήπω
3575 4521 3676 4575 τοῦ

2086 4617 2261 4672 κακοῦ
2300 4616 2584 4690 ἐμπειρία,
2625 4615 2714 4669 διά
2749 4617 2976 4686 νεότητα
3016 4614 3274 4677 πολλάκις
3303 4613 3337 4682 ἢ
3367 4612 3484 4682 βίου
3528 4612 3678 4677 τινὸς

2085 4710 2428 4781 ἐπιτήδευσιν
2464 4709 2712 4781 ἀπείρως
2758 4708 2919 4761 τινῶν
2954 4708 3092 4779 πρός
3139 4723 3288 4769 τινας
3326 4705 3522 4768 κακίας
3558 4704 3679 4757 δια-

2086 4804 2374 4874 κειμένων.
2423 4796 2550 4856 Οἷον
2592 4805 2622 4856 ὁ
2672 4804 2801 4865 παῖς
2843 4802 2944 4854 ούκ
2979 4797 3117 4854 οἶδεν
3146 4798 3543 4869 ὑπερηφανίαν,
3571 4799 3677 4853 οὐκ

2083 4890 2190 4948 οἶδε
2224 4894 2373 4948 δόλον
2405 4895 2501 4947 καὶ
2535 4893 2903 4966 ῥᾳδιουργίαν.
2932 4892 3101 4947 Πάλιν
3134 4891 3241 4945 είσί
3261 4909 3409 4955 τινες
3437 4891 3546 4945 τῶν
3572 4892 3677 4958 τὴν

2083 4986 2371 5059 ἀγροικίαν
2399 4985 2714 5050 οἰκούντων,
2740 4985 2839 5038 οὐκ
2872 4984 3074 5048 εἰδότες
3098 4983 3198 5047 τὰς
3224 4983 3532 5055 ἐμπορικὰς
3570 5000 3674 5036 κα-

2084 5078 2365 5151 κουργίας,
2399 5078 2519 5132 οὐδὲ
2566 5077 2667 5142 τάς
2713 5079 2770 5130 ὲν
2805 5077 3141 5147 δικαστηρίῳ
3180 5074 3494 5139 διαπλοκάς.
3529 5074 3675 5140 Τοὺς

2080 5167 2356 5231 τοιούτους
2384 5165 2627 5229 ἀκάκους
2666 5165 2918 5236 λέγομεν,
2959 5167 3057 5236 οὐχ
3083 5165 3161 5229 ὠς
3192 5168 3257 5218 ὲκ
3298 5164 3671 5236 προαιρέσεως

472 5321 522 5355 ¹⁶
561 5321 668 5378 lsa.
701 5339 756 5386 v,
792 5322 884 5378 9.0.
956 5321 1004 5354 ¹¹
1041 5319 1202 5377 Prov.
1240 5336 1351 5384 xu,
1387 5319 1439 5374 ὅ.
1515 5319 1563 5350 ’⁸
1600 5316 1757 5373 Rom.
1799 5334 1868 5385 lt,
1905 5318 1972 5373 ‘16

2088 5320 2129 5375 ἲ.
2207 5319 2253 5352 ’⁷
2292 5316 2454 5374 Prov.
2492 5335 2543 5386 ι,
2576 5321 2630 5375 4.

472 5437 587 5501 (28)
616 5436 772 5492 Colb.
820 5437 1029 5508 primus
1056 5437 1281 5491 ἕκαστα.
1320 5433 1442 5489 Mox
1470 5434 1582 5489 duo
1622 5448 1757 5490 mss.
1790 5428 1985 5488 κακίαν

398 5505 706 5578 δικάζηται.
824 5505 840 5508 “

472 5578 587 5648 (29)
618 5577 843 5649 ῥηιὶψιὶ
864 5577 981 5649 duo
1009 5575 1134 5632 libri
1159 5574 1378 5649 Δοίκείοιν
1399 5573 1649 5649 ποίησαι.

618 5645 1004 5726 Ιξθείρςξπιιη
1030 5645 1304 5726 συνελόντι
1342 5645 1528 5726 φάναι.
1564 5715 1574 5726 ἱ
1660 5714 1681 5726 Ἰ
1721 5714 1754 5726 η
1823 5724 1831 5726 _
1908 5714 1939 5726 Α

476 5714 586 5792 (51)
618 5714 809 5776 Codex
831 5717 975 5775 idem
996 5719 1127 5789 παρ’
1153 5716 1386 5773 ἅπαντα.
1414 5714 1534 5771 Mox
1561 5715 1615 5771 in
1642 5714 1793 5772 Colb.
1819 5714 1980 5771 tertio

2092 5448 2194 5503 pro
2224 5435 2428 5505 ἀρετήν
2470 5432 2733 5505 scriptum
2781 5432 3091 5505 invenimus
3134 5431 3332 5505 ψυχήν.
3371 5428 3671 5501 Aliquanto

2092 5512 2216 5574 post
2236 5503 2392 5574 editi
2407 5504 2747 5573 γεννήσεται.
2777 5503 2853 5574 -Αι
2879 5503 2989 5574 duo
3021 5503 3499 5574 πηδῷ-γενήσεται.

2164 5573 2275 5641 (52)
2305 5571 2439 5644 Reg.
2475 5571 2667 5644 tertius
2698 5572 2907 5636 τούτοις
2938 5571 3115 5644 ἐστίν;
3143 5571 3277 5627 Ἵνα.

2163 5644 2271 5716 (55)
2299 5642 2527 5706 Veteres
2565 5643 2674 5705 duo
2703 5645 2827 5700 libri
2853 5642 3033 5699 οἱονεί.
