4036 6236
304 247 405 302 499

1225 249 1506 304 IIOMILIA
1544 251 1612 306 IN
1650 249 2044 306 PRINCIPIO.“
2086 251 2651 309 PROVERBIOIIIDI.

3476 224 3581 304 tzo

304 367 398 436 τῆς
422 363 624 426 κακίας
655 366 1118 434 κεχωρισμένους,
1142 365 1254 419 ἀλλ’
1282 369 1356 426 ὡς
1384 373 1547 441 μήπω
1585 373 1664 432 είς
1696 371 1889 438 πεῖραν

1996 384 2104 422 non
2137 369 2282 438 quod
2314 369 2596 424 voluntate
2625 385 2654 422 a
2683 369 2889 424 malitia
2919 369 3279 434 secesserint,
3312 370 3405 426 sed
3432 373 3578 442 quod

301 459 400 528 τῆς
426 459 672 527 πονηρᾶς
704 458 873 522 ἕξεως
914 462 1267 532 ἀφιγμένους.
1302 464 1541 524 Ἀκακος
1573 462 1632 514 δὲ
1666 462 1889 530 κυρίως,

303 552 484 612 ὁποῖος
520 543 590 620 ἦν
621 549 809 612 Δαεὶδ,
851 551 1054 620 λέγων’
1099 554 1243 622 Ἐγὼ
1291 553 1359 606 δὲ
1403 555 1473 606 ἐν
1513 553 1730 618 ἀκακία
1776 570 1892 620 μου

302 641 666 711 ἐπορεύθην
698 644 727 694 ὁ
761 645 944 697 πᾶσαν
986 647 1251 717 πονηρίαν
1286 645 1372 699 διὰ
1412 647 1509 716 τῆς
1551 647 1670 699 κατ’
1692 644 1892 714 ἀρετὴν

307 732 591 804 ἀσκήσεως
613 735 715 804 τῆς
752 736 948 790 ἑαυτοῦ
978 740 1155 809 ψυχῆς
1196 741 1530 811 ἀποστήσας,
1566 740 1625 803 ὃς
1671 738 1765 791 καὶ
1795 738 1892 807 τῆς

302 825 668 896 κληρονομίας
695 828 805 880 τῶν
833 828 1053 896 ἀγαθῶν
1093 829 1355 895 ἀξιοῦται.
1392 832 1535 884 Διότι
1578 832 1795 898 Κύριος
1821 831 1892 881 οὺ

301 916 588 986 στερήσει
633 921 706 972 τὰ
747 921 943 989 ἀγαθὰ
986 923 1127 989 τοὺς
1167 923 1608 991 πορευομένους
1641 924 1711 976 ἐν
1747 923 1892 974 ἀκα-

302 1008 403 1074 κίᾳ
419 1007 555 1078 (54).
575 1008 632 1062 ὐ
650 1009 894 1074 τοιοῦτος
911 1011 1327 1084 πεποιθὼςὲρεί’
1349 1013 1566 1081 Κοῖνόν
1577 1033 1672 1083 με,
1698 1016 1890 1080 Κύριε,

303 1098 392 1152 ὅτι
405 1099 521 1166 ἐγὼ
535 1100 608 1152 ἐν
623 1102 844 1169 ἁκακίᾳ
861 1122 984 1172 μου
998 1106 1348 1174 ἐπορεύθην
1365 1107 1458 1159 καὶ
1479 1107 1658 1159 πάλιν·
1677 1106 1894 1174 Κρῐνόν

297 1207 374 1259 με
384 1192 498 1259 (55)
511 1192 666 1246 κατὰ
680 1193 793 1262 τὴν
805 1195 1198 1265 δικαιοσύνην
1205 1215 1324 1265 μου
1346 1197 1443 1251 καί
1459 1200 1606 1251 κατὰ
1621 1198 1735 1264 τὴν
1751 1197 1894 1250 ἀκα-

302 1280 441 1333 κίων
445 1297 570 1348 μου
583 1282 678 1334 ἐπ’
695 1284 844 1351 ἐμοί.
868 1285 1129 1356 Χαρακτη
1140 1286 1275 1356 ρίζει
1290 1287 1346 1340 δὲ
1358 1287 1448 1339 τὸν
1465 1288 1667 1341 ἄκακον
1685 1289 1717 1358 ἡ
1735 1287 1895 1340 ἀπλύ-

301 1385 401 1442 της
427 1371 524 1424 τοῦ
545 1372 734 1442 ἤθους,
772 1375 835 1426 τὸ
869 1379 1134 1441 γενναῖον,
1156 1377 1217 1429 τὸ
1241 1377 1636 1430 ἀκατάσκευον.
1680 1379 1894 1441 Ὀποῖος

301 1458 613 1533 ἦνἰακὼσ·
657 1466 1016 1532 Ἀπλαστος,
1049 1469 1212 1536 φησὶν
1257 1469 1388 1538 (56),
1437 1469 1616 1523 οἰκῶν
1660 1471 1889 1523 οὶκίαν·

303 1554 572 1615 τουτέστι,
590 1557 657 1625 τῇ
671 1557 738 1609 ὲκ
747 1556 846 1626 τῆς
857 1556 1071 1624 φύσεως
1087 1559 1346 1628 ἁπλότητι
1365 1577 1533 1631 κεχρη
1544 1560 1723 1631 μένος,
1743 1560 1895 1614 οὐδὲν

303 1644 365 1696 ἐκ
395 1643 595 1713 τέχνης
622 1644 952 1699 ἐπίπλαστον
985 1648 1192 1718 σχῆμα,
1225 1641 1334 1700 οἷον
1371 1652 1733 1719 προσωπεῖον,
1765 1653 1893 1702 ἑαυ-

1995 459 2240 513 nondum
2279 460 2526 514 habitum
2557 460 2761 514 malum
2805 459 3010 516 iuerint
3036 461 3268 531 experti.
3315 460 3582 519 Innocens

1997 558 2177 604 autem
2225 550 2444 621 proprie
2471 558 2592 614 est,
2640 550 2820 619 qualis
2851 559 2967 604 erat
3007 550 3210 611 David,
3259 552 3420 620 cujus
3464 553 3578 607 hazc

1997 649 2158 696 sunt:
2193 640 2304 710 Ego
2329 651 2505 696 autem
2528 643 2580 696 in
2607 643 2906 696 innocentia
2934 659 3051 696 mea
3075 642 3342 696 ambulavi
3368 644 3412 675 ³⁸
3438 664 3452 699 :
3483 645 3576 714 qui

1997 735 2248 789 videlicet
2275 751 2489 789 onmem
2524 734 2826 804 nequitiam
2857 750 2953 804 per
2982 735 3204 789 virtutis
3233 736 3580 790 exercitatio-

1995 843 2117 880 nem
2150 827 2218 880 ab
2247 828 2430 880 anima
2458 843 2556 880 sua
2588 834 2897 891 amoverat,
2929 830 3023 896 qui
3067 837 3121 880 et
3159 828 3430 882 bonorum
3470 825 3580 881 ha:-

1996 916 2283 969 redilatem
2332 917 2718 984 consequitur.
2781 915 3037 970 Dominus
3081 916 3226 970 enim
3279 915 3426 969 bonis
3476 932 3581 969 non

1996 1008 2223 1074 privubit
2257 1025 2344 1060 eos
2372 1047 2386 1070 ,
2425 1009 2513 1077 qui
2563 1006 2840 1060 ambulant
2884 1012 2937 1060 in
2985 1009 3283 1062 innocentia
3313 1009 3376 1059 ”.
3418 1007 3580 1074 Quis-

1995 1099 2120 1166 quis
2151 1098 2420 1165 ejnsmodi
2454 1099 2654 1164 fuerit,
2685 1100 2913 1153 ﬁdenter
2941 1098 3194 1152 dicturus
3222 1107 3306 1152 est
3338 1117 3350 1152 :
3380 1096 3580 1152 Judica

1997 1207 2076 1243 me
2098 1230 2112 1253 ,
2151 1189 2372 1244 Domine
2394 1230 2407 1252 ,
2443 1191 2692 1260 quoniam
2739 1207 2832 1259 ego
2867 1191 2919 1243 in
2953 1190 3254 1244 innocentia
3299 1207 3414 1244 mea
3462 1207 3578 1244 am-

1997 1281 2173 1334 bulavi
2204 1281 2266 1335 ³ο.
2301 1281 2378 1334 Ac
2409 1282 2602 1335 iterum
2632 1299 2643 1334 :
2674 1278 2869 1334 Judira
2896 1298 2974 1333 me
3001 1279 3283 1334 secundum
3310 1280 3577 1350 justitiam

1996 1389 2200 1437 meam,
2231 1385 2278 1426 et
2316 1372 2600 1426 secundum
2629 1373 2981 1426 innocentiam
3016 1389 3183 1426 meam
3213 1388 3369 1440 super
3396 1389 3475 1426 me
3511 1373 3573 1424 ³¹.

1996 1463 2204 1517 Moram
2238 1474 2418 1518 autem
2455 1465 2778 1532 simplicitas
2802 1504 2816 1525 ,
2845 1465 3220 1534 generositas,
3253 1480 3449 1518 carens
3489 1480 3578 1519 ar-

1995 1555 2164 1607 tiﬁcio
2222 1555 2468 1618 indoles,
2521 1554 2808 1608 character
2864 1564 2990 1608 sunt
3050 1554 3356 1608 innocentis
3413 1565 3578 1624 atque

1998 1648 2231 1717 insignv.
2269 1645 2590 1714 (Jujusmodi
2632 1657 2744 1699 erat
2795 1645 3000 1698 Jacob:
3048 1644 3194 1698 Fuco
3227 1663 3446 1709 carens,
3493 1647 3576 1699 in-

301 1733 378 1804 τῷ
407 1736 549 1803 πρὸς
580 1736 684 1806 τὴν
713 1736 821 1788 τῶν
865 1738 1295 1808 ἐντυγχανόντων
1324 1741 1540 1809 ἀπάτην
1578 1740 1893 1812 περιτιθείς.

1998 1716 2152 1810 quiti,
2197 1739 2443 1792 habitans
2490 1738 2705 1791 (tantum
2743 1739 2825 1791 ³¹;
2865 1738 2967 1792 hoc
2992 1746 3109 1802 est,
3145 1746 3304 1793 utens
3344 1739 3578 1792 naturali

315 1827 584 1880 Ἐνταῦθα
611 1828 797 1897 μέντοι
832 1829 1038 1884 ἄκακον
1072 1831 1212 1884 ἔοικε
1257 1831 1435 1900 λέγειν
1474 1833 1565 1885 τὸν
1605 1833 1898 1902 ἀπειρόκαη

304 1935 416 1980 κον,
442 1918 504 1970 ὃν
532 1921 625 1972 καὶ
656 1919 845 1989 χρείαν
879 1921 1024 1991 ἔχειν
1051 1924 1184 1992 φησὶ
1209 1923 1307 1992 τῆς
1346 1925 1640 1995 ἐπαινετῆς
1671 1942 1898 1997 πανουρ-

302 2010 440 2077 γίας,
486 2009 579 2062 ἵνα
617 2009 755 2080 πρὸς
775 2014 840 2080 τῇ
877 2012 1178 2082 ἐκφύσεως
1215 2015 1568 2087 ἀκεραιότητι
1609 2018 1706 2069 καὶ
1737 2017 1796 2070 τὺ
1838 2017 1898 2080 ἐξ

303 2101 598 2170 ἐμπειρίας
627 2102 850 2155 συνετὸν
887 2105 1271 2176 ὲπικτήσηται,
1317 2109 1411 2162 καὶ
1453 2103 1564 2162 οἷον
1610 2109 1758 2179 ὅπλῳ
1792 2111 1896 2163 τινὶ

303 2195 365 2263 τῇ
396 2193 539 2265 καλῇ
576 2195 888 2266 πανουργίᾳ
927 2199 1336 2269 πεφραγμένος,
1373 2201 1680 2266 δυσάλωτος
1773 2204 1894 2266 ταῖς

305 2284 617 2348 ἐπιϐουλαῖς
651 2285 762 2337 τῶν
789 2287 1143 2343 ὑπεναντίων.
1180 2292 1270 2342 Δεῖ
1306 2290 1434 2362 γὰρ,
1464 2289 1637 2362 οἶμαι,
1676 2293 1766 2346 τὸν
1809 2294 1895 2347 τέ-

302 2377 439 2431 λειον
463 2378 733 2448 φρόνιμον
758 2380 855 2448 μὲν
879 2375 1020 2433 εἶναι
1050 2381 1184 2452 πρὸς
1214 2383 1275 2436 τὸ
1312 2384 1534 2452 ἀγαθὸν,
1555 2385 1812 2456 ἀκέραιον
1836 2385 1892 2439 δὲ

301 2471 434 2541 πρὸς
454 2470 519 2523 τὺ
550 2471 746 2524 κακόν.
789 2471 1067 2526 Ἐντεῦθεν
1089 2473 1276 2545 ὥσπερ
1310 2475 1420 2546 (57)
1444 2476 1509 2529 ἐκ
1543 2477 1722 2546 πηγῆς
1749 2494 1893 2540 τινος

302 2561 655 2632 ἁρυέσθωσαν
704 2564 754 2615 οἱ
796 2565 996 2618 ἄκακοι
1046 2565 1144 2636 τὴν
1204 2565 1481 2630 σώζουσαν
1537 2569 1888 2640 πανουργίαν.

312 2654 494 2722 Ἀνὴρ
542 2655 657 2727 γὰρ
709 2656 1052 2726 πανοῦργος
1101 2659 1312 2726 θρόνος
1354 2658 1721 2726 αἰσθήσεως·
1773 2661 1888 2725 καὶ,

301 2747 650 2817 Πονοῦργος
689 2746 776 2811 δὲ,
814 2748 1016 2802 κακῶν
1059 2750 1495 2820 ἐπερχομένων,
1543 2753 1851 2821 ἀπεκρύϐη
1875 2769 1888 2782 ·

302 2841 410 2904 καὶ,
449 2841 515 2892 Ὀ
553 2838 652 2898 δὲ,
679 2838 790 2909 (58)
833 2839 1171 2908 φυλάσσων
1219 2841 1530 2910 ἐλέγχους,
1563 2844 1894 2912 πανουργο-

302 2948 484 2998 τερος.
513 2932 708 2985 Ἔστιν
729 2926 873 3001 οὖνή
902 2932 1208 3002 πανουργία
1239 2932 1488 3004 ἐνέργεια
1517 2934 1728 2987 πάντων
1772 2934 1891 2987 κατ’

303 3025 645 3094 ἐπιτήδευσιν
689 3024 972 3094 τεχνικήν·
1014 3022 1200 3094 ὥσπερ
1237 3027 1269 3095 ἡ
1304 3025 1610 3095 κακουργία
1650 3026 1684 3096 ἡ
1731 3025 1890 3096 μόνου
1919 3049 1961 3106 C

303 3117 416 3167 ἐστὶ
458 3114 559 3167 τοῦ
603 3114 776 3167 κακοῦ
805 3113 1056 3184 ἐργασία.
1096 3114 1245 3167 Ἐπεὶ
1288 3110 1380 3167 οὖν
1415 3116 1594 3168 πᾶσαν
1631 3116 1892 3186 ἐργασίαν

303 3206 671 3275 παραδέχεται
711 3206 739 3255 ὁ
783 3204 1110 3276 πανοῦργος.
1155 3207 1211 3257 ἐν
1250 3208 1362 3267 τοῖς
1410 3208 1544 3258 πᾶσι
1592 3205 1650 3258 δὲ
1691 3206 1783 3258 καὶ
1825 3206 1894 3258 τὰ

303 3294 480 3362 φαῦλά
528 3297 672 3359 ἐστι,
716 3293 811 3346 δύο
865 3295 1188 3366 σημαίνειὴ
1234 3296 1328 3348 τοῦ
1380 3295 1688 3368 πανούργου
1735 3314 1895 3368 προσ-

303 3386 516 3457 ηγορία.
547 3386 664 3438 Καὶ
689 3386 716 3436 ὁ
743 3385 840 3456 μὲν
869 3387 962 3438 ἐπὶ
995 3386 1168 3458 βλάϐῃ
1201 3388 1401 3460 ἐτέρων
1426 3391 1490 3458 τῇ
1523 3387 1734 3460 ἐπινοίᾳ
1761 3389 1895 3460 χρώ-

307 3495 461 3548 μενος
483 3477 596 3530 τῶν
631 3471 829 3549 ἔργων,
851 3479 1086 3550 πονηρός
1103 3497 1117 3510 ·
1146 3483 1175 3534 ὁ
1202 3479 1258 3532 δὲ
1285 3481 1566 3543 ἐπαινετὸς
1592 3481 1893 3551 πανοῦργος

307 3571 522 3635 sese»;
551 3573 650 3624 καὶ
678 3572 913 3635 συνετῶς
954 3572 1015 3624 τὸ
1055 3573 1253 3624 οἰκεῖον
1300 3572 1501 3641 ἀγαθὸν
1542 3573 1890 3644 ἐξευρίσκων,

304 3666 393 3716 καὶ
412 3664 513 3726 τὰς
531 3663 726 3725 δολίως
755 3665 849 3716 καὶ
876 3663 1175 3726 ἐπιϐούλως
1204 3665 1332 3735 παρ’
1357 3665 1560 3735 ἐτέρων
1592 3665 1741 3735 αὑτῷ
1776 3664 1894 3735 βλά-

305 3755 403 3816 ϐας
464 3756 927 3827 σκευωρουμένας
995 3756 1425 3827 ἀποδιδράσκων.
1507 3757 1749 3826 Πρόσεχε
1801 3754 1894 3811 οὖν

306 3848 550 3920 ἀκριϐῶς
577 3847 661 3918 τῷ
691 3847 790 3918 τῆς
817 3848 1150 3919 πανουργίας
1184 3850 1440 3918 ὀνόματι·
1489 3850 1584 3901 καὶ
1636 3849 1890 3917 γίνωσκε,

303 3939 384 3991 ὅτι
425 3937 571 4007 μέση
612 3955 700 4000 τις
734 3935 846 4001 ἕξις
897 3937 1036 4002 ἐστὶ,
1087 3938 1208 3992 καθ’
1249 3940 1316 4008 ἣν
1363 3940 1392 3990 ὁ
1442 3939 1540 4008 μὲν
1583 3940 1648 3992 ἐκ
1703 3941 1895 4010 προϐέ-

308 4047 442 4093 σεως
463 4029 580 4099 (39)
619 4029 809 4097 ὑγιοῦς
848 4030 934 4081 ἐπ’
975 4031 1211 4103 ὠφελείᾳ
1251 4031 1446 4084 ἑαυτοῦ
1491 4033 1590 4085 καὶ
1625 4031 1733 4085 τῶν
1766 4033 1896 4100 πλη-

309 4119 420 4172 σίον
441 4123 582 4191 αὐτῇ
607 4121 948 4192 κεχρημένος
973 4123 1284 4186 ἀποδεκτὸς,
1314 4126 1342 4176 ὁ
1379 4123 1435 4176 δὲ
1464 4124 1556 4175 ἐπὶ
1587 4121 1758 4196 βλάϐῃ
1787 4124 1894 4177 τῶν

307 4214 475 4276 diu;
500 4213 1017 4283 μεταχειριζόμενος
1044 4215 1214 4285 αὐτὴν
1245 4217 1708 4286 κατεγνωσμένος,
1735 4218 1896 4288 ἀφορ-

313 4308 386 4376 μῇ
413 4305 552 4375 πρὸς
573 4303 846 4378 ἀπώλειαν
870 4304 946 4373 τῷ
981 4305 1370 4376 ἐπιτηδεύματι
1393 4306 1690 4378 χρώμενος.

1999 1831 2377 1901 simplicitate,
2405 1831 2721 1900 nullamque
2748 1832 2984 1900 speciem
3015 1831 3082 1884 ab
3113 1839 3228 1885 arte
3253 1831 3537 1886 conﬁctam
3560 1871 3576 1896 ,

1998 1923 2155 1991 quasi
2190 1923 2486 1992 quamdam
2521 1921 2764 1984 larvam,
2798 1922 2864 1976 ad
2897 1923 3090 1977 obvios
3118 1924 3392 1992 quoslibet
3431 1924 3580 1978 deci-

2001 2015 2232 2084 piendos
2265 2014 2369 2068 sibi
2406 2015 2508 2085 ipsi
2541 2016 2986 2084 circmnponens.
3036 2015 3134 2068 llic
3188 2024 3368 2070 tamen
3421 2017 3580 2071 inno-

2005 2113 2217 2159 centem
2257 2103 2442 2159 dicere
2472 2105 2689 2160 videtur
2721 2106 2994 2160 hominem
3027 2107 3158 2160 mali
3190 2107 3532 2177 inexpertum
3563 2127 3576 2162 :

1997 2198 2084 2248 cui
2115 2196 2280 2249 etiam
2310 2196 2573 2251 laudabili
2605 2197 2807 2250 astutia
2841 2211 2980 2266 Opus
3010 2212 3133 2251 esse
3158 2197 3267 2261 ait,
3294 2206 3354 2250 ut
3382 2206 3580 2268 praeter

1998 2286 2306 2340 naturalem
2337 2286 2743 2356 simplicitatem
2777 2296 3059 2356 comparet
3087 2303 3306 2356 quoque
3338 2289 3580 2357 pruden-

1995 2378 2126 2430 tiam
2161 2377 2215 2431 in
2259 2378 2636 2447 experimento
2668 2380 2868 2440 sitam,
2904 2380 3157 2449 bonaque
3187 2382 3385 2435 astutia
3420 2383 3579 2451 quasi

1995 2466 2233 2537 quodam
2266 2469 2374 2521 telo
2410 2470 2819 2532 communitus,
2874 2471 2959 2522 vix
3009 2471 3187 2540 possit
3230 2471 3578 2526 inimicorum

1995 2559 2214 2614 insidiis
2246 2559 2656 2613 circumveniri.
2705 2559 2932 2629 Oportet
2981 2561 3159 2626 enim,
3205 2570 3369 2632 puto,
3409 2560 3579 2631 perfe-

1995 2663 2142 2709 ctum
2173 2657 2384 2720 virum,
2433 2657 2757 2726 prudentem
2798 2658 3019 2728 quidem
3065 2675 3189 2714 esse
3229 2661 3296 2714 ad
3336 2660 3577 2725 bonum,

1996 2746 2301 2815 simplicem
2331 2762 2459 2799 vero
2486 2745 2552 2799 ad
2580 2747 2802 2800 malum.
2835 2746 2974 2800 IIinc
3004 2748 3148 2803 velut
3171 2765 3236 2802 ex
3271 2753 3416 2804 fonte
3444 2765 3580 2820 quo-

1994 2838 2120 2892 dam
2152 2838 2410 2892 hauriant
2453 2839 2778 2896 innocentes
2823 2842 3120 2896 salutarem
3166 2843 3444 2896 astutiam.
3488 2842 3579 2896 Vir

1993 2931 2137 2985 etnim
2179 2939 2389 2984 astutus
2443 2931 2660 2985 thronus
2689 2942 2768 2986 est
2817 2950 3002 2987 sensus
3052 2934 3120 2988 ³³.
3174 2933 3270 2996 Et,
3322 2936 3576 3000 Astutus,

1995 3022 2151 3076 malis
2210 3025 2729 3092 supervenientibus,
2791 3027 3069 3081 abscondit
3125 3043 3179 3080 se
3211 3027 3275 3080 “.
3337 3027 3436 3092 Ει,
3473 3027 3580 3093 Qui

1995 3123 2170 3166 autem
2206 3123 2349 3168 cavet
2389 3115 2848 3181 reprehensiones,
2883 3119 3114 3172 astutior
3141 3131 3218 3174 est
3252 3120 3318 3173 ³⁸⁵.
3350 3118 3449 3174 Est
3477 3121 3579 3189 igi-

1995 3213 2084 3258 tur
2116 3207 2321 3262 astutia
2348 3207 2401 3260 id
2431 3223 2540 3277 quo
2571 3220 2812 3277 aguntur
2843 3211 3029 3264 omnia
3074 3226 3172 3280 per
3218 3211 3577 3264 artiﬁciosam

1995 3299 2286 3367 quamdam
2332 3299 2698 3366 industriam,
2750 3302 3212 3369 quemadmodum
3251 3302 3578 3356 maleﬁcium

1994 3398 2076 3442 est
2105 3389 2157 3443 id
2189 3404 2298 3458 quo
2332 3390 2531 3460 malum
2561 3391 2738 3445 solum
2771 3400 3138 3460 perpetratur.
3175 3391 3444 3457 Quoniam
3476 3390 3579 3460 igi-

1995 3489 2084 3532 tur
2121 3481 2263 3534 actio
2291 3481 2470 3534 omnis
2503 3482 2556 3534 in
2581 3488 2821 3536 astutum
2850 3482 3010 3551 108
3028 3482 3208 3545 cadit,
3250 3482 3488 3550 itemque
3520 3479 3578 3535 in

1995 3571 2250 3625 munibus
2269 3572 2407 3623 mala
2422 3580 2744 3636 occurrunt,
2763 3571 2872 3625 duo
2889 3572 3158 3641 signiﬁcat
3174 3573 3335 3627 astuti
3355 3587 3574 3626 nomen.

1997 3663 2062 3715 Et
2093 3663 2186 3733 qui
2221 3665 2440 3733 quidem
2476 3665 2528 3717 in
2563 3664 2795 3718 aliorum
2829 3664 3123 3733 perniciem
3154 3664 3373 3718 solertia
3406 3671 3460 3717 et
3487 3679 3578 3716 ar-

1996 3757 2168 3810 tiﬁcio
2197 3758 2392 3820 utitur,
2427 3757 2605 3810 malus
2635 3764 2719 3810 est
2748 3774 2762 3822 ;
2797 3755 2892 3825 qui
2923 3771 3055 3810 vero
3086 3763 3326 3809 actutum
3356 3769 3419 3808 ac
3447 3769 3579 3824 pru-

1995 3849 2189 3903 denter
2233 3864 2394 3903 sunm
2442 3849 2619 3918 ipsius
2659 3848 2862 3902 bonum
2907 3847 3357 3918 deprehendens,
3401 3861 3576 3900 noxas

1995 3939 2182 3994 dolose
2219 3955 2284 3991 ac
2315 3939 2582 3992 insidiose
2616 3939 2720 3992 sibi
2753 3939 2822 3992 ab
2853 3938 2975 3992 aliis
3007 3945 3342 4006 praeparatas
3372 3935 3575 4000 evitat,

1995 4040 2078 4087 est
2103 4038 2321 4084 astutus
2352 4031 2512 4085 laude
2544 4030 2763 4100 dignus.
2810 4030 2997 4099 Itaque
3027 4030 3094 4082 ad
3133 4044 3323 4083 vocem
3365 4028 3580 4083 astutiae

1997 4127 2238 4178 animum
2294 4125 2585 4194 diligenter
2635 4123 2897 4184 attende;
2953 4124 3285 4192 noverisque
3339 4120 3577 4176 medium

1995 4218 2294 4289 quemdam
2336 4233 2460 4272 esse
2491 4217 2734 4271 habitum
2761 4257 2774 4280 ,
2807 4233 2916 4286 quo
2945 4218 3081 4271 alter
3116 4214 3335 4285 quidem
3378 4211 3579 4269 astutia

1996 4328 2061 4366 ex
2114 4327 2252 4366 sano
2303 4310 2541 4364 consilio
2593 4326 2727 4364 usus
2773 4313 2828 4363 in
2876 4325 2991 4363 rem
3038 4325 3228 4371 suam,
3259 4314 3313 4362 et
3342 4305 3577 4377 proximi

308 4417 477 4464 usus,
509 4400 821 4454 laudandus
851 4410 973 4454 est:
1009 4400 1146 4455 alter
1173 4416 1304 4454 vero
1347 4402 1521 4470 ipsam
1592 4402 1659 4456 ad
1724 4406 1958 4473 proximi
2003 4406 2306 4476 perniciem
2361 4404 2668 4468 adhibens,
2718 4403 3130 4474 reprehensioni
3182 4403 3238 4456 lit
3270 4401 3574 4464 obnoxius,

309 4507 370 4550 ut
400 4495 494 4566 qui
529 4495 801 4550 industria
834 4511 932 4551 sua
980 4511 1078 4550 ceu
1126 4496 1362 4565 quadam
1411 4495 1673 4565 perdendi
1727 4502 2016 4555 occasione
2049 4509 2255 4555 utatur.

384 4614 469 4666 ην
498 4613 722 4685 Πλήρης
748 4612 801 4666 δὲ
832 4615 867 4684 ἡ
901 4614 1110 4683 ἱθ’·ιῖορίει
1132 4615 1227 4685 τῆς
1267 4616 1350 4676 ἐφ’
1380 4615 1614 4686 ἑκάτερα
1647 4617 1898 4686 χρήσεως
1929 4627 1976 4684 ι)

383 4794 430 4825 ⁸³
468 4792 616 4847 Psal.
651 4807 778 4850 nv.
816 4793 902 4846 Η.

310 4878 424 4930 ιιι,
457 4863 552 4917 25.
667 4862 710 4893 ³⁴
750 4862 910 4916 Prov.
949 4878 1133 4926 nvn,
1173 4863 1260 4917 12.
1335 4865 1378 4894 ³⁵
1414 4863 1572 4918 Prov.
1600 4882 1688 4928 xv,
1725 4867 1779 4920 5.

387 5021 500 5094 (54)
531 5021 713 5094 Editio
755 5029 989 5091 utraque
1013 5029 1068 5094 et
1093 5021 1249 5094 Coll).
1295 5022 1502 5094 primus
1536 5023 1597 5094 οὐ
1635 5024 1894 5094 στερήσει

311 5091 594 5160 τὰαγαϐἀ
623 5095 736 5154 τοῖς
775 5093 1166 5162 πορευομένοις
1200 5093 1256 5143 ὲν
1281 5093 1504 5162 ἀκακία.
1535 5092 1603 5162 At
1635 5091 1767 5160 Reg.
1798 5091 1895 5145 'se-

317 5163 528 5216 candus
550 5173 602 5216 et
623 5162 780 5216 Colb.
802 5161 999 5216 tertius
1025 5177 1121 5230 pro
1147 5164 1258 5224 τοῖς
1285 5161 1670 5232 πορευομένοις
1698 5162 1896 5216 habent

313 5233 438 5295 τοὺς
471 5235 873 5303 πορευομένους
896 5273 911 5293 ,
951 5233 1114 5303 (ιιιοά
1143 5248 1333 5285 sanum
1369 5241 1422 5285 et
1465 5248 1654 5284 vermn
1685 5232 1891 5300 judico.

318 5302 843 5356 Grammatici’enim
863 5307 1065 5356 docent
1088 5302 1226 5356 duos
1249 5303 1592 5355 accusatives
1618 5317 1742 5354 cum
1774 5317 1896 5354 ver-

321 5374 402 5425 bis
431 5374 672 5442 privandi
705 5391 817 5428 non
848 5387 977 5426 raro
1015 5371 1262 5439 reperiri.
1301 5372 1456 5426 Colb.
1491 5372 1765 5426 secundus
1795 5371 1893 5442 οὐχ

320 5442 599 5513 ὑστερήσει
643 5443 716 5498 τὰ
766 5442 955 5510 ἀγαθά
983 5445 1126 5513 (τοῖς.
1164 5442 1567 5513 πορευομένοις,
1619 5454 1747 5499 etc..
1789 5458 1892 5494 non

322 5511 598 5578 prohibebit
631 5515 768 5568 bona
801 5511 1202 5567 ambulantibus
1237 5511 1289 5564 in
1310 5512 1642 5575 innocentia;
1671 5527 1769 5567 nec
1792 5513 1891 5565 ali-

323 5583 615 5655 ter‘legitur
645 5584 791 5655 apud
828 5582 918 5636 LX
931 5582 995 5634 Χ.

392 5649 495 5724 (55)
527 5649 912 5725 ΕώιΓΚρῖνὸν
954 5668 1043 5722 με,
1074 5649 1262 5722 Κύριε.
1297 5651 1414 5706 Vox
1445 5651 1634 5705 ultima
1669 5653 1722 5706 in
1752 5668 1884 5708 mss.

993 4794 1036 4824 "
1076 4793 1219 4847 Psal.
1258 4809 1486 4854 Lxxxiu.
1523 4795 1606 4846 15.
1685 4795 1893 4852 8“Psal.
1929 4812 2057 4860 xxv,
2095 4800 2146 4850 Ι.

2077 4618 2162 4673 1‘2.
2203 4616 2376 4672 Porro
2428 4615 2660 4686 hujusce
2718 4616 3061 4671 dexteritatis
3116 4632 3218 4670 usu
3281 4616 3436 4684 plena
3493 4621 3578 4669 est

2227 4797 2266 4827 "
2291 4795 2431 4849 I’sal.
2473 4812 2579 4860 vn,
2616 4797 2669 4849 9.
2744 4796 2792 4829 ”
2830 4795 2965 4851 Gen.
3003 4812 3125 4861 xxv,
3159 4795 3248 4848 27.
3325 4795 3370 4824 ³³
3412 4792 3578 4853 Prov.

2002 5037 2109 5074 non
2144 5020 2438 5072 invenitur.

2076 5090 2184 5156 (56)
2213 5089 2364 5140 (ιυιι).
2394 5088 2590 5140 tertius
2630 5087 2688 5138 Ὀ
2731 5085 2922 5156 Ἰακὼΰ
2957 5083 3233 5156 ἄπλαστος,
3253 5081 3340 5156 ἦν,
3367 5087 3521 5155 φησί.

2074 5151 2182 5229 (57)
2217 5157 2357 5210 Editi
2401 5155 2678 5229 Ἐντεῦθεν
2707 5151 2799 5207 οὖν
2840 5156 3060 5229 ὥσπερ.-
3107 5151 3445 5229 ΙΙΙιιιΙ-οὖν-ἱιι
3475 5172 3579 5212 an-

2002 5225 2172 5298 tiquis
2203 5229 2375 5298 deest,
2405 5226 2722 5298 idcircoque
2747 5240 2864 5298 eam
2907 5226 3152 5277 voeulam
3179 5225 3498 5298 delevimus.

2077 5301 2188 5365 (58)
2215 5297 2352 5351 Edili
2382 5297 2475 5347 καὶ
2495 5297 2554 5347 τό
2573 5313 2585 5325 ’
2619 5299 2646 5347 ὁ
2669 5295 2744 5365 δέ.
2772 5297 2841 5346 At
2865 5310 2995 5348 mss.
3029 5296 3214 5365 nostri
3241 5311 3430 5349 omnes
3459 5297 3575 5358 καὶ,

2000 5373 2029 5423 ὁ
2055 5363 2132 5422 δέ.
2177 5368 2274 5422 llie
2294 5365 2430 5418 LXX
2464 5381 2564 5435 pro
2597 5364 2848 5433 ἐλέγχους
2889 5365 3048 5417 habet
3087 5363 3323 5435 ἐντολάς,
3357 5367 3446 5435 qui
3481 5383 3577 5420 cu-

2000 5440 2164 5494 stodit
2197 5438 2471 5490 mandata.
2505 5434 2738 5486 Basilius
2766 5441 2986 5486 secutus
3015 5443 3100 5489 est
3127 5434 3402 5502 Aquilam.

2070 5510 2180 5578 (59)
2217 5507 2357 5560 Edili
2400 5507 2464 5578 ἐκ
2513 5504 2903 5578 προαιρέσεως.
2953 5505 3021 5578 At
3059 5506 3301 5578 quinque
3345 5522 3476 5578 mss.
3508 5509 3570 5558 ἐκ

1999 5573 2326 5647 προθέσεως,
2359 5575 2549 5647 eadem
2583 5573 2740 5647 plane
2783 5575 3073 5647 sententia.
3109 5575 3308 5647 Ibidem
3343 5577 3567 5632 Colbcr-

1995 5643 2092 5703 uin
2130 5650 2236 5702 duo
2273 5646 2392 5700 libri
2423 5643 2654 5714 ὠφελείᾳ
2688 5643 2895 5699 ἑαυτοῦ.
2932 5643 3071 5699 Ειίίιί
3100 5644 3283 5698 αὑτοῦ.
