4036 6236
460 308 556 361 411

1800 302 1858 358 S.
1901 299 2143 356 BASILII
2182 297 2393 353 MAGNI

3617 293 3726 348 4Ιὲ

463 423 693 480 historia
738 421 794 476 in
826 428 1115 491 utramque
1146 425 1377 488 partem.
1429 417 1662 473 Pulchra
1701 426 1787 473 est
1839 418 2034 474 astutia

2140 414 2235 468 τοῦ
2288 410 2738 483 ἐπιτηδεύματος.
2778 409 2935 482 Καλὴ
2971 409 3273 484 πανουργία
3312 409 3422 464 τῶν
3456 408 3724 480 Ἐϐραίων

462 513 860 577 Hebraeorum,
907 513 1042 583 qui,
1087 510 1335 582 deceptis
1377 509 1687 581 Egyptiis.
1716 520 1775 565 ut
1817 511 2035 565 urbium

459 606 808 663 conditarum
843 603 1150 660 mercedem
1187 610 1515 669 receperunt
1544 602 1607 663 ³⁸,
1659 602 1735 656 ita
1780 601 2037 655 materias

459 700 528 754 ad
560 697 973 753 tabernaculum
1008 681 1438 750 construendum
1485 692 1591 748 sibi
1625 700 2035 763 compararunt.

459 787 837 844 Laudabiliter
866 785 1069 841 astutia
1101 799 1215 839 usa:
1236 789 1365 838 sunt
1394 783 1640 838 nutrices
1660 822 1674 847 ,
1708 797 1830 851 qua:
1858 796 2037 836 mares

462 878 817 932 Hebraeorum
843 888 1132 932 servavere
1179 873 1245 927 ³⁷.
1287 870 1521 925 Pulchra
1559 877 1650 924 est
1685 869 1884 924 astutia
1932 866 2039 921 Re-

461 970 673 1033 beccae,
705 982 831 1038 quae
868 965 1309 1021 benedictionem
1343 975 1597 1031 magnam
1627 959 1737 1014 lilio
1777 958 2038 1013 concilia-

459 1057 538 1108 vit
559 1055 625 1108 ³³.
655 1052 849 1109 Rabab
873 1053 1102 1124 pulchre
1131 1050 1237 1105 fuit
1267 1057 1450 1106 astuta
1472 1050 1558 1103 πίε
1592 1049 1820 1120 pulchre
1851 1047 2034 1102 itidem

459 1146 668 1204 Rachel
703 1148 772 1204 “.
821 1148 917 1201 llla
940 1186 955 1209 ,
1000 1144 1147 1216 quod
1176 1144 1552 1213 exploratores
1579 1141 1818 1197 servavit
1847 1158 1860 1194 :
1896 1140 2032 1203 haec,

462 1241 609 1312 quod
660 1249 870 1311 patrem
922 1237 1168 1308 decepit,
1222 1245 1277 1291 et
1307 1235 1376 1289 ab
1412 1233 1720 1290 idololatria
1763 1232 2033 1286 liberavit

461 1334 532 1400 At
562 1348 692 1389 vero
722 1331 1042 1387 Gabaonitaa
1071 1329 1335 1384 adversus
1364 1326 1644 1382 lsraelitas
1673 1340 1840 1396 prave
1866 1324 2034 1380 astuti

459 1424 723 1481 exstitere
745 1422 811 1476 δι.
846 1420 985 1474 Mala
1018 1418 1122 1473 fuit
1152 1418 1354 1474 astutia
1384 1416 1713 1482 Absalonis,
1746 1414 1841 1484 qui
1868 1414 2038 1469 simu-

462 1515 675 1569 latione
694 1511 970 1583 aequitatis
1016 1508 1241 1582 pellexit
1287 1506 1572 1568 subditos,
1618 1520 1684 1560 ac
1726 1505 1873 1575 patri
1903 1505 2037 1560 insi-

461 1606 712 1660 diaturus
743 1617 996 1673 magnam
1036 1601 1319 1656 rebellium
1364 1598 1575 1668 copiam
1606 1597 1783 1668 coegit
1813 1596 1880 1651 ιι.
1930 1595 2037 1651 Re-

461 1697 881 1775 prehenduntur
907 1696 1074 1749 etiam
1098 1692 1299 1762 aliqui,
1324 1690 1470 1760 quod
1496 1690 1721 1745 inierint
1741 1689 2031 1744 consilium

461 1761 701 1844 astutum
732 1795 789 1844 et
815 1786 1113 1857 malignum
1144 1761 1205 1839 in
1233 1783 1497 1854 populum
1536 1780 1629 1835 Dei
1660 1781 1724 1835 ".
1765 1780 2032 1835 Caeterum
2068 1761 2107 1815 Β

462 1881 567 1935 hoc
605 1881 728 1935 loco
766 1878 1063 1941 astutiam,
1106 1890 1239 1946 qua}.
1282 1874 1495 1929 utiliter
1535 1870 1846 1933 adhibetur,
1893 1869 2036 1925 Scri-

460 1983 621 2043 ptura
647 1973 876 2043 probat,
910 1985 1034 2025 cum
1065 1969 1137 2024 sit
1172 1967 1333 2038 quasi
1371 1973 1651 2021 armatura
1693 1965 1911 2021 adivitse
1937 1982 2033 2021 ne-

459 2050 639 2135 gotia,
707 2072 872 2134 atque
922 2078 1019 2132 per
1074 2062 1312 2131 seipsam
1368 2060 1585 2114 animas
1637 2058 2032 2129 simpliciorum

459 2155 815 2210 communiat.
860 2153 995 2208 Nam
1028 2153 1168 2207 hanc
1198 2151 1454 2206 astutiam
1484 2150 1531 2206 si
1563 2150 1842 2205 habuisset
1883 2149 1990 2202 Eva
2016 2191 2030 2216 ,

458 2244 730 2313 serpentis
777 2242 919 2298 dolis
959 2242 1146 2298 seduci
1196 2256 1303 2296 non
1351 2238 1512 2295 facile
1541 2242 1836 2310 potuisset.
1867 2239 2033 2295 inno-

459 2342 671 2390 ventem
719 2335 902 2406 igitur,
954 2335 1089 2404 qui,
1140 2336 1289 2405 quod
1337 2336 1525 2393 credat
1568 2334 1807 2390 sermoni
1849 2334 2032 2400 omni,

460 2434 621 2490 facile
647 2443 831 2489 mente
855 2436 1250 2506 corrumpitur,
1279 2437 1530 2493 doctrina
1559 2434 1827 2505 ejusmodi
1857 2435 2034 2489 munit

458 2535 513 2588 et
562 2527 933 2581 corroborat:
992 2527 1264 2598 siquidem
1317 2528 1551 2584 astutize
1588 2529 1878 2582 utilitatem
1931 2542 2031 2581 ceu

458 2618 730 2688 quoddam
761 2619 829 2673 ad
862 2620 985 2675 vitae
1025 2622 1240 2691 negotia
1279 2621 1655 2691 adiumentum
1685 2621 2029 2691 ei‘impertit.

531 2883 617 2936 15'.
654 2882 1009 2952 Consequens
1056 2890 1141 2937 est
1190 2889 1256 2935 ut
1294 2882 1707 2937 consideremus
1756 2882 2032 2952 quomodo

456 2990 628 3046 puero
668 2974 856 3044 juveni
891 2974 981 3028 det
1012 2989 1233 3028 sensum
1266 2981 1322 3028 et
1373 2973 1790 3042 intelligentiam
1819 2974 1886 3030 “.
1926 2972 2033 3029 Du-

2140 502 2668 572 κατασοφισαμένων
2712 502 2839 564 τοὺς
2884 501 3233 567 Αἰγυπτίους,
3271 499 3367 553 καὶ
3401 500 3492 552 τόν
3524 514 3584 551 τε
3627 515 3721 568 μι-

2140 596 2267 649 σθὸν
2312 595 2414 666 τῆς
2452 594 2716 665 ἐργασίας
2746 592 2859 649 τῶν
2903 593 3111 647 π’όλεων
3157 592 3269 663 (40)
3315 590 3722 656 ἀπολαϐόν-των,

2138 690 2233 745 καὶ
2261 689 2392 751 ὕλας
2431 689 2642 751 ἑαυτοῖς
2674 686 2811 758 πρὸς
2829 687 2929 756 τὴν
2960 686 3167 760 σκηνὴν
3203 686 3720 757 συμπορισαμένων.

2151 779 2478 842 Ἐπαιπτῶς
2529 777 3041 849 ὲπανουργεύσαντο
3097 778 3154 831 αί
3203 780 3361 849 μαῖαι
3404 773 3721 847 περιποιού-

2139 866 2298 947 μεναι
2340 872 2409 927 τὰ
2462 872 2666 944 ἄρρενα
2699 869 2809 923 τῶν
2867 868 3154 941 Ἑϐραίων.
3215 868 3372 939 Καλὴ
3413 866 3725 938 πανουργίά

2149 965 2442 1028 Ῥεϐέκκας
2476 964 2576 1035 τὴν
2610 962 2858 1034 μεγάλην
2883 961 3132 1031 εὐλογίαν
3168 959 3246 1031 τῷ
3291 959 3392 1031 υίῷ
3432 956 3723 1031 προξενούσ-

2140 1073 2240 1127 σης
2299 1055 2433 1126 (41).
2484 1053 2681 1115 Καλῶς
2747 1052 3218 1125 ὲπανουργεύσατο
3277 1051 3475 1105 Ῥαὰϐ·
3539 1049 3723 1115 καλῶς

2149 1149 2379 1221 Ῥαχήλ·
2440 1151 2474 1222 ἡ
2530 1149 2629 1220 μὲν
2671 1148 2798 1212 τοὺς
2845 1145 3227 1209 κατασκόπους
3263 1143 3717 1215 περισωσαμένη,

2135 1245 2173 1313 ἡ
2201 1242 2257 1295 δὲ
2288 1242 2381 1296 τὸν
2401 1241 2616 1312 πατέρα
2644 1238 3146 1309 κατασοφισαμένη,
3178 1237 3273 1290 καὶ
3308 1236 3408 1306 τῆς
3433 1234 3718 1289 εἰδωλολα-

2138 1333 2321 1403 τρείας
2352 1329 2784 1402 ἐλευθερώσασα.
2814 1327 3077 1399 Πονηρῶς
3110 1325 3721 1397 κατεπανουργεύσαντο

2135 1424 2263 1486 τοὺς
2313 1421 2651 1492 Ἰσραηλίτας
2691 1422 2741 1474 οἱ
2779 1417 3139 1474 Γαϐαωνῖται.
3169 1411 3389 1488 Πονηρά
3415 1416 3721 1488 πανουργία

2135 1513 2229 1568 τοῦ
2291 1511 2646 1583 Ἀϐεσσαλὼμ
2689 1513 2747 1565 ὲν
2803 1513 3043 1581 σχήματι
3090 1509 3391 1572 ἐπιεικείας
3436 1507 3719 1578 ὑπαγομέ-

2136 1625 2229 1661 νου
2253 1607 2366 1677 (42)
2393 1606 2520 1668 τοὺς
2542 1604 2840 1675 ὑπηκόους,
2881 1603 2977 1657 καὶ
3012 1601 3216 1672 πλῆθος
3245 1598 3563 1654 ἀποστατῶν
3590 1616 3718 1652 συν-

2137 1696 2488 1767 αθροίσαντος
2522 1695 2602 1758 είς
2625 1692 2915 1763 ἐπιϐουλὴν
2937 1689 3033 1745 τοῦ
3069 1690 3294 1760 πατρός.
3333 1687 3717 1758 Ἐγκαλοῦνται

2133 1789 2193 1841 δέ
2216 1804 2381 1851 τινες,
2407 1786 2484 1850 ὡς
2510 1786 2606 1840 καὶ
2632 1786 2724 1838 ἐπὶ
2759 1783 2851 1837 τὸν
2886 1783 3013 1837 λαὸν
3046 1780 3140 1835 τοῦ
3172 1779 3308 1834 Θεοῦ
3337 1795 3719 1850 καταπανουρο

2132 1879 2460 1949 γευσάμενοι
2494 1876 2740 1947 γνώμην.
2793 1872 3059 1930 Ἐνταῦθα
3103 1872 3284 1945 μέντοι
3322 1871 3421 1942 τὴν
3452 1872 3538 1924 ἐπ’
3576 1871 3713 1939 ὠφε-

2133 1971 2252 2043 λείᾳ
2275 1968 2846 2043 παραλαμϐανομένην
2873 1964 3204 2036 πανουργίαν
3226 1966 3255 2018 ό
3272 1963 3428 2032 λόγος
3452 1962 3714 2035 ἐγκρίνει,

2133 2064 2297 2115 οἱονεὶ
2323 2061 2487 2115 ὅπλον
2514 2055 2682 2115 οὖσαν
2715 2058 2854 2131 πρὸς
2888 2058 2957 2112 τὰ
2992 2056 3089 2111 τοῦ
3129 2056 3244 2127 βίου
3272 2055 3595 2127 πράγματα,
3623 2055 3718 2109 καὶ

2132 2152 2435 2225 ὀχυροῦσαν
2468 2152 2537 2207 δι’
2566 2152 2765 2221 ἑαυτῆς
2809 2149 2909 2213 τὰς
2940 2147 3118 2219 ψυχὰς
3156 2146 3264 2200 τῶν
3305 2146 3714 2217 ἁπλουστέρων.

2134 2246 2197 2298 El
2229 2245 2336 2316 γὰρ
2368 2240 2481 2315 εἶχε
2511 2244 2609 2315 τὴν
2638 2240 2974 2312 πανουργίαν
3013 2238 3219 2309 ταύτην
3260 2239 3294 2309 ἡ
3347 2236 3460 2291 Εὕα
3480 2277 3493 2299 ,
3523 2237 3625 2290 οὐκ
3649 2236 3717 2290 ἂν

2134 2334 2402 2397 εὐάλωτος
2429 2332 2673 2402 ἐγεγόνει
2708 2333 2831 2393 ταῖς
2864 2328 3098 2391 ἀπάταις
3127 2326 3222 2380 τοῦ
3269 2326 3464 2395 ὄφεως.
3497 2324 3601 2377 Τὸν
3623 2319 3718 2379 οὖν

2132 2426 2359 2487 ἄκακον,
2385 2424 2477 2478 τὸν
2501 2423 2589 2477 διά
2617 2423 2679 2476 τὸ
2713 2422 2989 2475 πιστεύειν
3029 2419 3192 2473 παντὶ
3219 2418 3363 2487 λόγῳ
3387 2416 3606 2470 εὔκολον
3636 2418 3720 2479 είς

2133 2519 2194 2572 τὸ
2232 2517 2507 2589 φθαρῆναι
2550 2514 2918 2585 τά,νοήματα,
2962 2513 3147 2583 ὀχυροϊ
3190 2512 3224 2583 ή
3264 2508 3602 2582 προκειμένη
3639 2508 3721 2561 δι-

2132 2611 2419 2674 δασκαλία,
2471 2603 2584 2662 οἷον
2617 2606 2934 2677 συμμαχίαν
2979 2603 3129 2675 αὐτῷ
3175 2602 3313 2675 πρὸς
3359 2601 3429 2654 τά
3462 2600 3557 2654 τοῦ
3599 2600 3718 2671 βίου

2135 2703 2435 2774 πράγματα
2458 2699 2557 2773 τὴν
2587 2702 2651 2754 ὲκ
2675 2698 2775 2769 τῆς
2815 2696 3149 2768 πανουργίας
3191 2694 3457 2766 ὠφέλειαν
3480 2704 3721 2765 παρεχοι

2137 2794 2294 2863 μένη.

2206 2885 2294 2939 15.
2311 2883 2469 2955 Ἑξῆς
2493 2883 2641 2936 ἐστιν
2659 2879 3081 2951 ἐπισκέψασθαι,
3117 2877 3233 2942 πῶς
3266 2878 3421 2933 παιδὶ
3439 2879 3544 2949 νέῳ
3565 2879 3721 2933 δίδω-

2135 2994 2219 3032 σιν
2247 2976 2497 3047 αἴσθησιν
2520 2977 2614 3029 καὶ
2646 2975 2874 3029 ἔννοιαν.
2891 2972 3111 3044 Ἐπειδὴ
3138 2971 3357 3037 διπλοῦς
3371 2971 3719 3044 ὁᾶνθρωπος,

458 3065 581 3135 plex
610 3080 733 3119 cum
761 3065 833 3120 sit
862 3064 1053 3130 homo,
1088 3071 1153 3117 ut
1170 3064 1246 3119 ait
1274 3064 1571 3135 Apostolus
1600 3064 1669 3128 ⁸⁸,
1711 3079 1856 3118 unus
1877 3075 2030 3120 exte-

2136 3070 2208 3133 ὥς
2236 3086 2398 3141 φησιν
2429 3069 2458 3121 ό
2499 3066 2818 3131 Ἀπόστολος
2837 3084 2850 3097 ·
2885 3068 2914 3120 ό
2948 3065 3047 3136 μέν
3070 3082 3152 3129 τις
3172 3063 3373 3129 ἔξωθεν
3400 3063 3617 3128 smn
3633 3063 3723 3118 έν-

459 3156 591 3217 rior,
654 3155 883 3210 interior
936 3154 1110 3221 alter;
1150 3169 1397 3209 necesse
1450 3154 1614 3210 nobis
1663 3162 1769 3218 est,
1814 3162 2029 3210 aetatem

456 3246 644 3312 etiam,
679 3256 791 3300 tam
842 3245 1144 3301 secundum
1177 3261 1302 3300 eum
1347 3246 1440 3316 qui
1469 3246 1832 3315 conspicitur,
1865 3262 2029 3317 quam

458 3337 759 3393 secundum
791 3353 914 3393 ettm
945 3337 1038 3407 qui
1074 3338 1127 3391 in
1158 3338 1376 3393 occulto
1433 3338 1781 3409 intelligitur,
1824 3338 2032 3409 pariter

457 3428 515 3483 in
541 3436 776 3499 utroque
825 3429 1090 3497 accipere.
1122 3426 1313 3485 Dicere
1357 3437 1539 3485 autem
1576 3446 1806 3500 puerum
1841 3445 2031 3484 recens

455 3530 646 3573 natum
675 3519 1017 3589 corporalem
1063 3535 1286 3575 sensum
1335 3522 1600 3592 recipere,
1637 3521 2031 3593 propemodum

455 3612 630 3666 risum
652 3620 855 3666 movet.
889 3611 1060 3678 Quem
1089 3612 1233 3665 enim
1261 3627 1482 3667 sensum
1513 3613 1697 3683 largiri
1730 3620 1912 3684 potest
1945 3614 2032 3669 hic

456 3703 617 3766 liber,
643 3717 769 3757 cum
804 3710 860 3758 et
889 3703 1061 3764 visus,
1098 3712 1152 3757 et
1176 3702 1418 3765 auditus,
1448 3713 1501 3759 et
1538 3704 1797 3767 olfactus,
1834 3714 1888 3760 et
1933 3722 2033 3776 gu-

458 3802 598 3859 stus,
629 3802 683 3850 et
711 3802 893 3850 tactus
930 3796 1112 3849 statim
1141 3794 1429 3851 nobiscum
1453 3796 1704 3860 edantur,
1733 3812 1835 3852 nec
1869 3811 2030 3852 acce-

457 3887 590 3942 dant
618 3903 686 3944 ex
714 3888 983 3951 doctrina,
1010 3887 1104 3944 sed
1129 3903 1229 3959 per
1256 3889 1358 3943 bos
1387 3894 1584 3941 natura
1616 3888 1817 3941 animal
1848 3889 2033 3944 absol»

455 3980 592 4034 vat?
615 3978 799 4051 Neque
838 3981 1005 4050 igitur
1060 3994 1197 4049 puer
1234 3979 1596 4050 corporaliter
1646 3979 2030 4049 intelligendus

456 4079 561 4137 est,
591 4087 771 4143 neque
800 4073 945 4127 ullus
978 4086 1175 4126 sensus
1209 4086 1273 4126 ex
1318 4070 1689 4126 enumeratis:
1722 4072 1817 4125 sed
1842 4070 1911 4125 de.
1940 4072 2030 4125 in-

457 4164 658 4219 teriore
694 4164 914 4218 homine
944 4163 1274 4232 accipiendae
1320 4170 1510 4217 aetates
1551 4170 1702 4217 sunt.
1727 4161 2031 4218 Didicimus
2066 4184 2075 4189 “

456 4254 603 4309 enim
631 4256 687 4309 in
725 4255 912 4310 multis
946 4255 1247 4324 Scriptum
1294 4255 1455 4316 locis,
1491 4255 1781 4324 quemdam
1833 4256 2031 4310 animat

458 4347 660 4396 statum
696 4342 956 4411 puerilem
979 4357 1124 4403 esse,
1154 4341 1319 4396 alium
1349 4357 1473 4399 esse
1498 4342 1743 4413 ejusdem
1773 4344 2027 4409 vigentis,

2130 3161 2303 3229 δοθεν,
2343 3162 2486 3215 κατά
2530 3177 2593 3212 τε
2630 3159 2722 3213 τὸν
2763 3157 3058 3230 ὁρώμενον,
3087 3157 3182 3210 καὶ
3207 3156 3346 3209 κατά
3375 3155 3505 3226 (ιεο)
3533 3155 3625 3209 τὸν
3661 3156 3723 3208 ὲν

2130 3252 2210 3324 τῷ
2238 3251 2467 3325 κρυπτῷ
2487 3251 2796 3322 νοούμενον,
2834 3249 3046 3319 ἀνάγκη
3082 3250 3229 3321 ἡμᾶς
3255 3248 3350 3302 καὶ
3374 3246 3441 3300 τὰ
3469 3248 3570 3316 τῆς
3597 3247 3721 3316 ἠλι-

2131 3347 2257 3410 κίας
2281 3347 2363 3415 ἐφ’
2402 3344 2676 3415 ἑκατέρων
2703 3342 3101 3414 παραπλησίως
3134 3340 3451 3412 λαμϐάνειν.
3494 3338 3567 3392 Τὸ
3618 3339 3722 3410 μὲν

2132 3428 2225 3486 οὖν
2271 3432 2449 3499 λέγειν
2492 3430 2583 3484 τὸν
2620 3431 2880 3502 ἀρτιγενῆ
2928 3430 3091 3483 παῖδα
3124 3429 3376 3498 αἴσθησιν
3417 3427 3722 3499 λαμῦάνειν

2134 3522 2451 3593 σωματικὴν
2500 3523 2560 3575 οὑ
2603 3522 2791 3594 πόρρω
2844 3523 2961 3575 ἐστὶ
2998 3521 3094 3575 τοῦ
3141 3521 3375 3589 γελοίου.
3413 3521 3578 3574 Ποίαν
3607 3520 3721 3591 γὰρ

2132 3614 2240 3669 τῶν
2272 3613 2579 3685 αἰσθήσεων
2624 3614 2657 3684 ἡ
2713 3612 2894 3684 βίϐλος
2936 3612 3286 3686 χαρίσασθαι
3322 3612 3565 3676 δύναται,
3619 3615 3720 3666 καὶ

2132 3703 2342 3771 ὅψεως,
2384 3703 2489 3756 καὶ·
2516 3702 2687 3772 ἀκοῆς
2713 3741 2728 3766 ,
2780 3704 2875 3756 καὶ
2924 3704 3263 3775 ὀσφρήσεως,
3321 3705 3415 3756 καὶ
3450 3702 3720 3772 γεύσεως,

2131 3796 2226 3850 καὶ
2260 3795 2405 3865 ἁφῆς
2433 3794 2597 3856 εὐθὺς
2623 3795 3184 3864 συναπογεννωμένων
3217 3798 3370 3865 ἡμῖν,
3403 3796 3497 3847 καὶ
3528 3794 3628 3847 οὐκ
3651 3798 3722 3849 ὲκ

2130 3884 2477 3949 διδασκαλίας
2519 3887 2984 3957 προσγινομένων,
3046 3884 3182 3939 ἀλλά
3232 3887 3330 3957 τῆς
3376 3885 3588 3954 φύσεως
3627 3884 3722 3939 διὰ

2130 3980 2338 4047 τούτων
2362 3978 2771 4049 ἀπαρτιζοὺσης
2807 3978 2873 4031 τὸν
2918 3978 3089 4043 (tim;
3132 3977 3266 4032 Οὔτε
3294 3973 3387 4032 οὖν
3416 3978 3575 4031 παῖδα
3610 3994 3722 4031 σω-

2135 4071 2379 4141 ματικῶς
2432 4071 2673 4141 νοητέον,
2727 4070 2851 4123 οὔτε
2891 4069 3143 4141 αἴσθησιν
3183 4070 3312 4141 μίαν
3354 4068 3559 4123 τούτων
3605 4069 3720 4122 τῶν

2131 4161 2625 4233 ἀπηριθμημένων,
2660 4161 2774 4215 ἀλλ’
2832 4161 2928 4213 ἐπὶ
2974 4161 3067 4214 τὸν
3123 4160 3232 4215 ἔσω
3283 4160 3569 4232 ἄνθρωπον
3616 4159 3721 4223 τάς

2131 4252 2346 4324 ἡλικίας
2401 4251 2795 4323 μεταληπτέον.
2852 4249 3236 4322 Ἐδιδάχθημεν
3283 4250 3391 4323 γὰρ
3444 4249 3718 4321 πολλαχοῦ

2129 4342 2231 4413 τῆς
2262 4342 2487 4414 Γραφῆς
2540 4344 2636 4396 καὶ
2684 4341 2937 4412 παιδικὴν
2975 4342 3311 4394 κατάστασιν
3361 4342 3463 4411 τῆς
3501 4341 3715 4411 ψυχῆς

459 4431 622 4485 alium
648 4431 759 4502 jam
799 4432 968 4488 senis.
1004 4432 1169 4489 Verbi
1201 4449 1388 4494 causa.
1423 4435 1502 4488 uti
1549 4449 1578 4487 a
1609 4433 1782 4489 Paulo
1822 4434 2027 4490 fuimus

2136 4436 2226 4487 mi.
2270 4434 2436 4504 ἀλλην
2490 4435 2866 4505 ἀκμαστικήνο
2903 4435 3000 4488 καὶ
3042 4433 3207 4505 ἄλλην
3241 4434 3341 4505 ἤδη
3385 4433 3716 4507 πρεσϐύτου.

455 4523 731 4588 edocti“,
768 4523 924 4594 pueri
960 4533 1121 4581 erant
1173 4526 1465 4589 Corinthii,
1526 4526 1839 4595 idcircoque
1886 4527 2025 4581 lacte

456 4614 635 4669 adhuc
662 4614 745 4670 eis
800 4629 940 4685 opus
972 4623 1112 4677 erat,
1155 4617 1414 4685 primaria
1458 4615 1668 4671 scilicet
1717 4622 1772 4668 et
1824 4615 2027 4684 simpli-

456 4706 607 4761 ciore
632 4704 912 4775 Evangelii
952 4695 1228 4769 doctrina,
1265 4721 1388 4760 cum
1436 4705 1669 4760 solidam
1710 4704 2028 4775 dogmatum

455 4812 639 4854 escam
680 4796 923 4852 nondum
976 4797 1222 4867 digerere
1278 4804 1521 4867 possent.
1558 4796 1893 4851 Adolescens
1931 4812 2034 4851 au-

457 4901 564 4944 tem
595 4892 778 4945 animo
811 4897 918 4955 est,
950 4891 1041 4961 qui
1070 4906 1297 4960 prorsus
1330 4891 1587 4947 omnibus
1619 4890 1840 4946 virtutis
1872 4891 2033 4961 109

458 4981 704 5052 partibus
745 4980 1031 5037 absolutus
1079 4988 1187 5047 est,
1217 4981 1311 5052 qui
1349 4981 1545 5052 spiritu
1597 4981 1789 5046 fervet,
1821 4985 1917 5052 qui
1961 4983 2029 5038 ad

526 5138 573 5170 ³⁸
612 5136 781 5194 Exod.
819 5155 931 5203 xu,
962 5142 1051 5196 55.
1163 5141 1206 5172 ³⁷
1247 5139 1416 5196 Exod.
1451 5156 1505 5204 ι,
1542 5140 1629 5196 1⁷.

458 5223 581 5278 sqq.
677 5209 719 5242 “
759 5208 874 5264 Jos.
910 5227 998 5273 ix,
1036 5210 1071 5264 4
1106 5225 1228 5280 sqq.
1267 5232 1272 5238 ·

460 5279 549 5334 16.
623 5278 670 5311 ⁸⁸
708 5278 729 5333 ι
760 5279 887 5337 Cor.
921 5296 1014 5345 ιιι,
1053 5282 1119 5345 1,
1151 5280 1207 5334 2.

527 5392 641 5463 (40)
669 5392 726 5466 ln
756 5392 912 5450 Colb.
950 5394 1117 5448 tertio
1145 5409 1244 5466 pro
1274 5394 1484 5448 πόλεων
1515 5395 1778 5465 scriptum
1817 5393 2030 5450 inveni-

457 5478 583 5518 mus
620 5463 815 5515 πόνων.

530 5533 645 5605 (41)
672 5531 827 5607 οριι).
852 5536 1061 5607 primus
1089 5535 1516 5607 προξενησάσης.
1546 5534 1893 5607 Colbcrtinus
1923 5542 2033 5589 ter-

459 5602 572 5675 tius
610 5602 1027 5675 προξενισάσης.
1056 5602 1177 5660 Μοχ
1225 5602 1321 5661 ὶιίιὶ
1366 5602 1507 5661 idem
1552 5606 1723 5661 codex
1766 5605 2035 5659 διασωσα-

464 5673 618 5747 pem.
651 5673 903 5747 Basilius
926 5673 997 5729 ita
1034 5675 1220 5730 laudat
1252 5677 1599 5747 πανουργίαν
1626 5675 1923 5747 καλήνηιιι
1955 5674 2035 5747 vi-

460 5742 781 5816 deri‘possit
806 5752 861 5801 et
893 5744 1026 5817 ipse,
1062 5764 1090 5801 ιι
1116 5760 1213 5802 ore
1238 5742 1573 5814 Grtecorum,
1603 5744 1901 5803 mendaciis
1923 5744 2016 5799 09‘.

1359 5210 1405 5242 "
1447 5209 1492 5265 ll
1529 5208 1664 5282 Reg.
1701 5226 1793 5277 xv,
1827 5213 1862 5267 4
1895 5230 2015 5284 sqq.

1741 5141 1786 5173 ³⁸
1823 5140 2021 5199 Genes.
2057 5158 2204 5198 xxvii
2228 5185 2241 5199 .
2276 5144 2362 5199 1'3.

2124 5214 2170 5245 “
2210 5213 2353 5269 Psal.
2387 5229 2609 5278 unt},
2644 5215 2697 5270 4.

2135 4522 2280 4591 Οἷον,
2312 4526 2387 4591 ὡς
2409 4528 2562 4598 παρὰ
2582 4527 2797 4580 Παύλου
2830 4526 3251 4598 μεμαθήκαμεν,
3290 4527 3342 4579 oi
3378 4527 3435 4578 ὲν
3466 4525 3721 4597 Κορίνθῳ

2128 4621 2312 4690 νήπιοι
2355 4615 2525 4691 ἦσαν’
2564 4619 2752 4690 διόπερ
2795 4619 2890 4672 καὶ
2938 4617 3207 4686 γάλακτος
3244 4618 3330 4676 ἔτι,
3357 4619 3585 4679 ἐδέοντο,
3614 4618 3720 4688 τῆς

2131 4711 2502 4781 εἰσαγωγικῆς
2552 4712 2648 4765 καὶ
2692 4709 3065 4783 ἁπλουστέρας
3090 4708 3182 4763 τοῦ
3211 4709 3544 4779 Εὐαγγελίου
3572 4709 3723 4762 διδα-

2131 4801 2376 4865 σκαλίας,
2423 4802 2588 4873 μήπω
2615 4801 2899 4873 δυνάμενοι
2944 4803 3293 4874 περικρατεῖν
3328 4802 3553 4872 στερεᾶς
3586 4818 3721 4872 τρο-

2134 4892 2240 4961 φῆς
2263 4892 2375 4962 (45)
2402 4892 2501 4963 τῆς
2538 4893 2596 4945 ὲν
2635 4893 2887 4964 δόγμασι.
2927 4892 3229 4957 Νεανίσκος
3262 4893 3487 4947 δὲδκατὰ
3535 4893 3722 4963 ψυχήν

2136 4987 2282 5038 ἐστιν
2308 4987 2336 5040 ὁ
2369 4986 2501 5039 πᾶσι
2531 4987 2645 5050 τοῖς
2691 4985 2881 5057 μέρεσι
2906 4985 3005 5057 τῆς
3046 4985 3247 5058 ἀρετῆς
3280 4984 3720 5057 κατηρτισμένος

2470 5144 2515 5177 ³⁸
2551 5142 2668 5199 Jos.
2706 5159 2784 5209 ιι,
2820 5145 2854 5199 4
2887 5160 3007 5214 sqq.
3118 5146 3163 5178 “
3200 5142 3603 5214 GCDOSLIEII,
3641 5143 3717 5194 St

2796 5215 2844 5246 ⁸*
2880 5210 3040 5270 Prov.
3077 5231 3129 5280 ι,
3161 5215 3216 5269 «ir.
3304 5214 3350 5245 “
3392 5210 3595 5266 ll'Cor.
3639 5229 3717 5273 tv,

2139 5394 2306 5450 ciosis
2334 5393 2537 5449 favere.

2210 5464 2321 5533 (62)
2353 5462 2496 5519 Editi
2542 5463 2900 5536 ἐπαγομένου.
2945 5464 3015 5520 At
3054 5464 3297 5535 quinque
3332 5481 3466 5522 mss.
3498 5466 3717 5537 ὑπαγο-

2142 5535 2350 5673 μὲἴῖξί)
2382 5601 2586 5661 Vocem
2615 5605 2754 5659 κατά
2773 5620 2837 5660 ex
2871 5605 3045 5659 tribus
3075 5622 3209 5661 mss.
3235 5605 3567 5665 addidimus.

2212 5674 2323 5747 (45)
2348 5674 2504 5732 Colb.
2534 5676 2730 5733 tertius
2758 5677 3127 5750 στερεωτέρας
3154 5677 3376 5749 τροφῆς.
