4036 6236
293 273 397 333 κδ

1188 285 1470 342 llOMILlA
1512 288 1576 342 IN
1617 289 2015 348 PRINCIPIle
2053 291 2613 350 PROYERBIORUM.

3475 289 3586 349 414

291 388 427 460 πρὸς
447 390 511 443 τὸ
536 392 764 459 τέλειον,
790 395 820 446 6
844 395 925 466 τῷ
953 397 1224 470 πνεύματι
1251 398 1409 464 ζέων,
1436 402 1462 452 6
1493 419 1562 470 σφ
1573 401 1738 472 ριγῶν
1763 403 1896 474 πρὸς

2006 407 2219 476 pietatis
2251 408 2497 462 actiones
2524 414 2784 462 strenuus
2817 415 2924 473 est,
2965 416 3018 462 et
3066 405 3134 460 ad
3184 406 3367 461 omnia
3415 421 3583 477 opera

291 482 391 546 τὰς
413 485 646 555 πράξεις
676 488 775 557 τῆς
800 489 1109 555 εὐσεϐείας,
1146 493 1235 544 καὶ
1260 493 1525 563 ἀκμάζων
1559 495 1694 566 πρὸς
1717 497 1896 549 πᾶσαν

291 576 540 630 εὐτονίαν
564 579 787 648 ἀγαθῶν
820 580 1001 652 ἔργων
1027 600 1040 612 ο
1075 583 1134 636 ὃν
1175 586 1267 636 καὶ
1298 584 1523 657 βιαστὴν
1549 586 1609 638 τὸ
1650 587 1896 657 Εὐαγγέ-

291 666 408 720 λιον
443 668 614 737 λέγει,
650 671 949 742 δυνάμενον
991 675 1292 746 διαρπάσαι
1340 678 1439 749 τὴν
1483 678 1761 748 βασιλείαν
1790 682 1897 734 τῶν

294 762 543 833 οὐρανῶν
567 781 580 792 ·
609 764 667 817 ὃν
701 767 793 818 καὶ
828 769 908 830 εἰς
941 769 1071 832 τοὺς
1113 769 1332 839 ὕμνους,
1378 771 1454 834 ὡς
1484 773 1807 844 ἐπιτήδειον,
1837 775 1898 827 τὸ

295 853 455 922 ἅγιον
476 857 702 928 Πνεῦμα
729 862 1153 932 παραλαμϐάνει
1178 881 1190 894 ο
1219 865 1544 918 Νεανίσκοι
1573 865 1703 933 γὰρ,
1738 867 1894 937 φησὶ,

295 949 398 1008 καὶ
424 951 711 1016 παρθένοι
743 954 1168 1010 αινεσάτωσαν
1194 957 1258 1009 τὸ
1286 957 1472 1027 ὄνομα
1506 959 1751 1026 Κυρίου.
1789 946 1905 1012 Καῗ

295 1042 356 1099 ἐν
397 1041 476 1110 τῷ
513 1044 667 1113 Ίωὴλ
697 1047 1033 1112 ἐπαγγελίας
1073 1047 1253 1117 ἔχουσι
1283 1051 1331 1101 οἱ
1366 1050 1638 1103 νεανίσκοι
1679 1050 1897 1122 ὁράσεις

293 1133 549 1202 δ’ᾇεσείαι.
595 1137 977 1208 Πρεσϐύτερος
1010 1139 1067 1192 δὲ
1095 1139 1232 1192 κατᾶ
1277 1139 1453 1210 ψυχὴν
1487 1144 1514 1193 ὁ
1541 1140 1896 1210 τετελειωμέ-

294 1243 386 1288 vo;
420 1226 559 1296 (45⁸)
596 1229 738 1287 κατὰ
787 1229 888 1300 τὴν
923 1229 1218 1302 φρόνησιν·
1255 1231 1437 1294 ὁποῖος
1478 1228 1546 1302 ἦν
1588 1232 1807 1302 Δανιὴλ.
1841 1234 1899 1284 ἐν

295 1318 478 1389 νεαρῷ
517 1319 597 1388 τῷ
632 1319 843 1390 σώματι
874 1321 934 1373 τὸ
958 1324 1022 1374 ἐκ
1050 1322 1153 1391 τῆς
1189 1323 1459 1381 συνέσεως
1489 1323 1683 1394 σεμνὸν
1707 1325 1899 1387 πολιᾶς

295 1411 481 1478 πάσης
519 1410 949 1482 αἰδεσιμώτερον
976 1413 1312 1481 ὑποφαίνων.
1342 1416 1432 1467 Διό
1471 1431 1603 1483 φασι
1637 1416 1772 1484 πρὸς
1797 1415 1898 1467 αὑ-

294 1501 384 1553 τὸν
412 1503 616 1555 ἐκεῖνοι
643 1505 694 1555 οἱ
727 1503 955 1571 πλήρεις
990 1505 1212 1576 ἡμερῶν
1237 1505 1507 1577 πονηρῶν·
1531 1506 1732 1574 Δεῦρο,
1761 1505 1900 1560 κάθ-

297 1608 438 1648 ισον
489 1593 605 1662 (4-4)
651 1594 723 1646 ἐν
753 1595 924 1662 μέσῳ
951 1594 1137 1664 ἡμῶν,
1173 1598 1270 1650 καὶ
1313 1595 1680 1666 ἀπάγγειλον
1732 1598 1894 1666 ἡμῖν,

295 1684 386 1738 ὅτι
437 1700 540 1738 σοι
575 1685 804 1739 ἔδωκεν
837 1691 868 1741 ό
918 1687 1064 1754 Θεὸς
1098 1689 1164 1741 τὸ
1207 1688 1654 1758 πρεσϐυτέριον.
1688 1675 1899 1743 Οὺκοῦίν

2003 499 2144 552 bona
2181 499 2398 553 fortiter
2445 500 2756 569 peragenda
2789 507 3015 569 vegetus
3050 519 3062 554 :
3099 499 3192 569 qui
3223 510 3279 554 et
3312 500 3584 555 violentus

2001 589 2070 643 ab
2123 589 2414 659 Evangelio
2453 599 2684 643 vocatur
2747 591 2813 655 ⁸⁷,
2875 591 3064 663 valens
3125 589 3336 643 scilicet
3393 605 3584 658 rapere

2002 698 2226 752 regnum
2279 684 2542 736 cazlorum
2573 702 2586 736 :
2621 699 2782 752 quem
2813 691 2868 738 et
2903 689 3128 738 sanctus
3173 681 3410 752 Spiritus
3438 684 3585 737 velut

2000 773 2067 827 ad
2115 773 2348 843 hymnos
2401 775 2678 830 canendos
2731 775 2987 829 idoneum
3049 775 3319 829 assumit:
3359 773 3584 827 Iuvenes

1997 867 2168 929 enim,
2206 868 2421 936 inquit,
2465 878 2512 922 et
2543 869 2768 938 virgines
2810 866 3030 921 laudent
3060 883 3249 920 nomen
3276 865 3492 920 Domini
3514 865 3580 920 ".

1999 956 2138 1011 Elin
2171 957 2320 1012 .Ioele
2357 959 2687 1027 promissum
2732 966 2838 1023 est,
2875 957 3015 1019 fore,
3047 965 3105 1011 ut
3141 957 3373 1027 juvenes
3425 955 3588 1010 visio-

1998 1065 2098 1103 nes
2129 1051 2348 1104 videant
2372 1052 2436 1104 ⁵ο.
2470 1049 2648 1104 Senex
2680 1058 2862 1104 autem
2921 1051 3107 1103 animo
3155 1056 3260 1112 est,
3319 1048 3414 1118 qui
3453 1064 3581 1117 pru-

1998 1140 2181 1193 tientia
2220 1140 2494 1209 perfectus
2523 1147 2648 1195 est:
2701 1141 2882 1210 qualis
2927 1151 3047 1195 erat
3106 1139 3318 1203 Daniel,
3375 1141 3466 1209 qui
3525 1140 3580 1193 in

1994 1233 2226 1301 juvenili
2285 1248 2518 1302 corpore
2571 1234 2893 1302 sapientiam
2950 1234 3380 1302 gravitatemque
3431 1234 3580 1286 omni

1999 1326 2197 1379 canitie
2237 1327 2688 1380 venerabiliorem
2723 1341 2833 1396 prae
2867 1341 2925 1380 se
2961 1325 3187 1380 ferebat.
3235 1323 3582 1395 Quapropter

1998 1413 2046 1467 ei
2074 1413 2264 1466 dicunt
2297 1415 2399 1467 viri
2434 1415 2510 1467 illi
2558 1415 2702 1484 pleni
2761 1414 2974 1468 dierqu
3037 1416 3306 1468 malorum
3345 1432 3358 1467 :
3428 1413 3577 1479 Veni,

2003 1504 2119 1557 sede
2169 1506 2222 1557 in
2256 1505 2425 1560 medio
2482 1518 2746 1568 nostrum,
2778 1516 2827 1558 et
2865 1507 3052 1558 nuntia
3090 1506 3262 1569 nobis,
3311 1506 3450 1574 quod
3483 1506 3579 1559 tibi

1999 1594 2144 1649 Deus
2182 1596 2387 1649 dederit
2442 1597 2691 1652 honorem
2734 1598 3015 1651 senectutis
3047 1598 3110 1651 "°.
3163 1598 3346 1667 Itaque
3382 1605 3436 1653 et
3491 1598 3583 1652 hic

2000 1703 2226 1756 puerum
2265 1703 2464 1740 novum
2500 1687 2632 1742 dicit
2667 1703 2818 1750 eum,
2874 1690 2965 1759 qui
2997 1705 3092 1758 per
3121 1689 3398 1744 lavacrum
3429 1703 3582 1759 rege-

296 1775 389 1828 xa‘t
417 1775 660 1829 ἐνταῦοα
691 1778 854 1830 παῖδα
880 1779 1000 1830 νέον
1028 1779 1162 1848 φησὶ
1202 1780 1290 1832 τὸν
1313 1778 1401 1832 διὰ
1425 1778 1518 1831 τοῦ
1553 1778 1778 1849 λουτροῦ
1798 1779 1900 1849 τῆς

2006 1781 2303 1835 nerationis
2333 1791 2556 1835 renatus
2589 1789 2673 1835 est
2703 1789 2757 1834 et
2785 1788 3073 1846 educatus,
3101 1789 3267 1851 atque
3298 1793 3353 1835 ut
3383 1796 3583 1852 parvu-

297 1867 724 1937 παλιγγενεσίας
756 1870 1192 1941 ἁναγεννηθέντα
1215 1912 1228 1934 ,
1278 1872 1372 1924 καὶ
1424 1871 1700 1942 τραφέντα
1737 1870 1894 1940 (44⁸),

298 1962 394 2016 καὶ
422 1961 722 2032 γενόμενον
751 1963 826 2025 ὡς
854 1962 1086 2025 παιδίον,
1138 1965 1232 2016 καὶ
1271 1963 1358 2016 διὰ
1389 1964 1486 2034 τῆς
1522 1962 1777 2032 τοιαύτης
1805 1981 1900 2016 κα-

296 2051 616 2115 ταστάσεως
663 2051 883 2107 εὔθετον
913 2055 1044 2107 ὄντα
1082 2057 1147 2125 τῇ
1187 2056 1431 2128 βασιλείᾳ
1477 2057 1587 2110 τῶν
1631 2059 1896 2128 οὐρανῶν.

299 2145 388 2214 Τῷ
409 2144 474 2216 δὴ
502 2145 682 2208 οὕτως
708 2149 988 2215 ἁρτιγενεῖ
1014 2147 1224 2218 βρέφει,
1260 2150 1321 2202 τὸ
1347 2149 1562 2217 λογικὸν
1590 2152 1684 2204 κα)⁴
1715 2151 1897 2204 ἄδολον

299 2236 438 2302 γάλα
479 2236 906 2307 ἐπιποθήσαντι,
938 2239 1153 2291 δίδωσιν
1181 2239 1411 2310 ἡβίϐλος
1440 2242 1548 2293 τῶν
1581 2243 1895 2313 Παροιμιῶν

299 2327 363 2379 δι’
405 2328 581 2398 αὐτῆς
626 2332 1069 2402 γεγυμνασμένῳ
1100 2333 1208 2402 (45)
1243 2332 1496 2402 αἴσθησιν
1531 2334 1622 2386 καὶ
1659 2333 1896 2386 ἔννοιαν·

303 2421 556 2491 αἴσθησιν
591 2424 690 2492 μὲν
715 2423 821 2476 τῶν
846 2425 1132 2488 παρόντων
1154 2468 1168 2490 ,
1201 2427 1410 2480 ἔννοιαν
1439 2430 1496 2482 δὲ
1532 2431 1642 2484 τῶν
1681 2430 1899 2500 μελλόν-

303 2532 436 2591 των..
473 2513 728 2569 Παιδεὺει
775 2515 872 2584 μὲν
912 2516 1021 2588 γὰρ
1050 2518 1118 2571 τὰ
1154 2519 1490 2591 ἀνθρώπινα,
1524 2522 1618 2574 καὶ
1649 2521 1897 2590 αἰσθητι-

304 2605 431 2666 κοὺς
457 2607 607 2657 ποιεῖ
625 2605 736 2658 τῶν
762 2607 1130 2677 πραγμάτων,
1160 2609 1234 2673 ὼς
1271 2611 1410 2680 μήτε
1437 2611 1661 2673 ἀτόποις
1689 2611 1900 2681 ἡδοναῖς

301 2696 598 2752 δουλεύειν.
637 2697 778 2768 μήτε
831 2701 960 2770 περὶ
994 2699 1094 2762 τὰς
1145 2701 1378 2770 ματαίας
1405 2701 1501 2754 τοῦ
1546 2703 1750 2773 κόσμου
1779 2703 1902 2756 τού-

303 2805 394 2842 του
416 2789 580 2854 δόξας
620 2790 994 2860 διεπτοῆσθαι.
1039 2793 1288 2863 Ἐμποιεῖ
1327 2794 1384 2846 δὲ
1417 2794 1632 2848 καὶτοῦ
1679 2796 1901 2866 μέλλον-

309 2895 394 2942 τος
444 2879 646 2943 αἰῶνος
700 2880 928 2946 ἔννοιαν,
992 2885 1084 2935 καὶ
1124 2884 1479 2956 προσϐιϐάζει
1537 2886 1668 2956 (45⁸)
1701 2887 1769 2940 δι’
1826 2881 1901 2940 ὧν

307 2970 450 3040 λέγει
479 2976 550 3043 τῇ
591 2973 774 3025 πίστει
802 2973 910 3026 τῶν
954 2975 1404 3046 ἐπηγγελμένων.

373 3064 460 3116 Η.
497 3063 722 3134 Ἐπειδὴ
750 3063 806 3117 δὲ
842 3065 941 3128 τὰς
971 3065 1080 3118 τῶν
1127 3066 1350 3138 ἡλικιῶν
1380 3067 1645 3138 διαφορὰς
1674 3069 1766 3120 ἐπὶ
1811 3068 1902 3122 τὸν

308 3158 412 3212 ἔσω
441 3157 734 3228 ἄνθρωπον
781 3157 1188 3228 μετελάϐομεν,
1223 3159 1516 3212 ἀκόλουθόν
1545 3162 1660 3213 ἐστι
1700 3161 1796 3213 καὶ
1837 3160 1904 3214 τὰ

307 3250 412 3303 τῶν
439 3249 755 3320 αἰσθήσεων
782 3250 1024 3320 ὀνόματα
1069 3251 1160 3303 ἐπὶ
1187 3251 1285 3313 τὰς
1315 3251 1573 3322 δυνάμεις
1601 3254 1700 3322 τῆς
1729 3251 1905 3322 ψυχῆς

314 3324 666 3412 μεταφέρειν.
726 3342 890 3394 Ὥστε
940 3343 1070 3394 ὅταν
1126 3341 1281 3415 λέγῃ,
1334 3343 1414 3402 ὅτι
1469 3343 1664 3412 Ἐμοῖς
1706 3344 1907 3410 λόγοις

310 3433 620 3501 παράϐαλε
674 3433 793 3486 σὺν
826 3428 957 3498 οὖς,
995 3433 1193 3486 εἰδέναι
1227 3435 1375 3502 ἡμᾶς
1424 3433 1552 3504 χρὴ,
1584 3435 1664 3486 ὅτι
1715 3434 1776 3486 τὸ
1820 3435 1909 3486 εὐ-

310 3529 468 3598 ήκοον
499 3526 607 3596 τῆς
655 3524 838 3596 ψυχῆς
889 3525 1159 3596 ἐπιζητεῖ,
1216 3525 1292 3588 ὼς
1325 3527 1353 3577 6
1397 3524 1508 3594 (46)
1562 3526 1802 3595 Κύριος⁹
1848 3525 1909 3576 '0

311 3621 462 3688 ἔχων
480 3618 607 3672 ὦτα
627 3619 895 3681 ἀκούειν,
927 3615 1191 3671 ἀκουέτω
1216 3632 1230 3642 ·
1265 3617 1359 3669 καὶ
1386 3617 1469 3681 τὸ,
1498 3617 1686 3685 Λόγος
1718 3615 1910 3684 cossic

312 3712 396 3776 εἰς
424 3704 538 3775 οὖς
565 3707 849 3775 εὐήκοον.
873 3708 971 3760 Διὰ
999 3706 1202 3760 τούτων
1239 3702 1333 3759 οὖν
1389 3707 1483 3760 καὶ
1517 3706 1623 3760 τῶν
1657 3706 1910 3760 τοιούτων

312 3801 492 3865 δίδωσι
518 3801 601 3872 τῷ
629 3801 738 3872 νέῳ
773 3801 926 3854 παιδὶ
961 3800 1058 3871 τὴν
1100 3800 1202 3869 τῆς
1243 3801 1412 3871 ἀκοῆς
1453 3799 1702 3870 αῐσοησιν
1736 3799 1912 3866 ὑγιαί-

314 3910 529 3966 νουσαν.
563 3893 735 3948 Ὅταν
760 3892 816 3945 δὲ
835 3893 990 3964 λέγῃ,
1008 3891 1104 3961 Μὴ
1125 3893 1387 3961 πρόσεχε
1408 3893 1610 3960 φαύλῃ
1639 3891 1878 3961 γυναικί
1896 3908 1910 3922 ·

317 3987 407 4037 καὶ
438 3985 628 4048 πάλιν,
666 3984 764 4052 Μὴ
821 3983 1066 4052 ἐρείσῃς
1115 3983 1232 4037 σὸν
1285 3984 1443 4052 ὄμμα
1483 3983 1632 4051 πρὸς
1683 3981 1909 4046 αὐτήν·

318 4079 430 4143 καὶ,
474 4081 543 4130 Ol
593 4077 896 4146 ὀφθαλμοί
922 4089 1040 4129 σου
1080 4075 1224 4143 ὀρθὰ
1259 4073 1700 4139 βλεπέτωσαν·
1756 4071 1914 4142 δῆλός

318 4173 433 4223 ἐστι
458 4169 599 4240 (46⁸)
615 4169 714 4240 τὴν
745 4169 908 4221 οἱονεὶ
932 4168 1122 4238 ὅρασιν
1141 4167 1240 4237 τῆς
1269 4166 1448 4237 ψυχῆς
1477 4165 1556 4236 τῷ
1582 4164 1733 4219 παιδὶ
1762 4182 1915 4235 χαρι-

318 4262 570 4332 ζόμενος.
607 4263 720 4314 Καὶ
748 4261 876 4315 ὅταν
904 4262 1166 4331 παραινῇ,
1187 4261 1269 4313 ὃτι
1297 4258 1451 4329 Φὰγε
1475 4257 1639 4328 μέλι,
1671 4257 1783 4319 υἱὲ,
1813 4259 1916 4310 ἵνα

317 4352 637 4422 rivum-017
662 4356 696 4406 ό
715 4351 950 4422 φάρυγξ
984 4367 1101 4406 σου
1151 4351 1297 4422 (μέλι
1327 4351 1604 4424 τροπικῶς
1633 4349 1914 4420 ὀνομάζων

1998 1874 2085 1929 lus
2118 1873 2364 1938 effectus,
2405 1877 2610 1944 quique
2657 1889 2752 1944 per
2786 1875 3056 1942 ejusmodi
3096 1884 3298 1929 statum
3351 1877 3581 1931 idoneus

1997 1973 2081 2019 est
2113 1964 2181 2018 ad
2215 1981 2442 2034 regnum
2479 1965 2771 2019 caelorum.
2804 1964 3224 2020 Proverbiorum
3254 1966 3420 2036 igitur
3446 1967 3584 2021 liber

1998 2057 2190 2111 infanti
2234 2059 2314 2112 sic
2355 2072 2548 2111 recens
2580 2064 2729 2119 nato,
2763 2057 3027 2111 rationale
3069 2057 3150 2110 lac
3203 2067 3257 2111 et
3304 2059 3579 2113 sincerum

2000 2150 2292 2218 appetenti,
2319 2148 2409 2202 ubi
2440 2164 2535 2218 per
2555 2164 2613 2203 se
2636 2148 2967 2203 exercitatus
2987 2158 3089 2213 cst,
3115 2166 3336 2204 sensum
3356 2158 3408 2203 et
3424 2151 3582 2204 intel-

2000 2240 2276 2308 ligentiam
2327 2239 2612 2308 impertit:
2669 2256 2890 2294 sensum
2950 2241 3164 2308 quidem
3211 2241 3580 2309 praesentium,

2002 2332 2415 2401 intelligentiam
2504 2347 2634 2386 vero
2698 2331 3027 2385 futurorum.
3104 2330 3296 2386 Erudit
3320 2334 3464 2388 enim
3525 2333 3583 2387 in

2002 2426 2166 2480 rebus
2215 2425 2487 2486 humanis,
2541 2425 2838 2493 tribuitque
2878 2439 3056 2479 rerum
3096 2440 3352 2491 sensum;
3393 2425 3474 2478 sic
3523 2433 3584 2480 ut

2003 2526 2182 2579 neque
2255 2510 2509 2579 turpibus
2594 2510 2966 2578 voluptatibus
3049 2511 3339 2579 quisquam
3409 2509 3582 2564 inser-

2004 2607 2137 2668 viat,
2202 2619 2380 2674 neque
2432 2603 2619 2656 mundi
2686 2603 2850 2670 hujus
2928 2603 3074 2656 inani
3135 2603 3320 2671 gloria
3390 2601 3580 2655 inhiet.

2007 2698 2385 2767 Praetereaque
2441 2695 2610 2750 futuri
2659 2697 2841 2750 saeculi
2900 2696 3309 2765 intelligentiam
3352 2693 3583 2761 confert,

2011 2806 2076 2844 ac
2117 2790 2468 2844 sermonibus
2515 2789 2632 2844 suis
2681 2786 2749 2840 ad
2800 2789 3195 2858 promissorum
3252 2786 3410 2840 fidem
3457 2801 3585 2856 pro-

2005 2882 2170 2937 vehit.

2082 3059 2168 3112 M.
2213 3055 2320 3112 Sed
2363 3056 2624 3126 quoniam
2685 3061 2904 3108 aetatum
2933 3050 3270 3105 differentias
3313 3048 3378 3102 ad
3418 3047 3588 3104 inter-

2009 3166 2136 3203 num
2206 3148 2480 3202 hominem
2537 3146 2942 3206 transtulimus,
3007 3155 3354 3210 consequens
3420 3139 3582 3193 etiam

2011 3241 2194 3306 fuerit,
2239 3249 2296 3295 ut
2352 3241 2613 3296 sensuum
2670 3237 2893 3290 nomina
2945 3235 3011 3288 ad
3063 3234 3257 3287 animae
3315 3230 3588 3300 potentias

2009 3334 2432 3388 transferamus.
2491 3333 2680 3399 Itaque
2725 3345 2850 3383 cum
2909 3327 3042 3382 dicit
3095 3325 3185 3378 “:
3244 3323 3588 3378 Sermonibus

2009 3429 2137 3482 meis
2204 3425 2419 3480 admove
2485 3440 2666 3477 aurem
2738 3431 2906 3484 tuam,
2977 3419 3120 3472 scire
3191 3430 3292 3470 nos
3337 3414 3592 3469 convenit

2009 3517 2155 3586 quod
2178 3517 2568 3584 obsequentem
2612 3511 2854 3565 animum
2884 3508 3147 3578 requirat,
3171 3505 3316 3558 haud
3340 3519 3500 3559 secus
3527 3517 3591 3556 ac

2013 3610 2274 3663 Dominus
2305 3625 2318 3660 :
2370 3607 2473 3673 Qui
2505 3605 2656 3656 habet
2715 3618 2868 3656 aures
2900 3599 3168 3658 audiendi,
3202 3597 3388 3650 audiat
3411 3596 3492 3658 ";
3537 3602 3592 3648 et

2014 3703 2142 3757 illttd
2180 3721 2192 3754 :
2226 3701 2407 3754 Sermo
2458 3699 2666 3765 sapiens
2722 3695 2777 3746 in
2823 3708 3005 3745 aurem
3033 3690 3355 3744 obedientem
3383 3687 3450 3740 ⁵³.
3489 3683 3591 3739 Per

2014 3795 2127 3848 haec
2169 3793 2336 3862 igitur
2382 3798 2436 3845 et
2472 3785 2779 3842 consimilia
2843 3797 3037 3838 sanum
3091 3780 3310 3835 auditus
3367 3790 3590 3831 sensum

2013 3900 2186 3956 puero
2211 3898 2352 3938 novo
2381 3882 2492 3936 dat.
2553 3880 2692 3933 Cum
2751 3891 2881 3931 vero
2937 3873 3095 3938 dicit,
3146 3871 3276 3924 Noli
3327 3867 3594 3922 attendere

2012 3990 2185 4044 prava:
2243 3970 2552 4034 mulieri“;
2595 3983 2660 4022 ac
2701 3982 2933 4021 rursus:
2972 3962 3099 4017 Noli
3129 3961 3351 4030 deﬁgere
3384 3959 3437 4011 in
3477 3974 3593 4011 eam

2013 4068 2253 4121 obtutum
2291 4074 2437 4117 tuum
2475 4063 2564 4126 ⁸⁸;
2615 4061 2778 4114 item:
2823 4056 2975 4112 Oculi
3009 4055 3089 4108 tui
3109 4063 3252 4108 recta
3281 4050 3490 4106 videant
3512 4049 3591 4114 ⁸⁶;

2015 4159 2200 4230 largiri
2220 4173 2280 4212 se
2306 4171 2476 4227 puero
2507 4153 2701 4206 anima:
2731 4151 2886 4219 quasi
2913 4148 3093 4203 visum
3119 4152 3306 4216 aperte
3329 4140 3593 4198 ostendit.

2015 4251 2080 4305 Et
2123 4267 2245 4306 cum
2293 4249 2567 4307 admonet,
2610 4242 2854 4305 Comede,
2886 4243 2987 4311 ﬁli,
3021 4239 3146 4303 mel,
3222 4247 3280 4291 ut
3326 4236 3594 4290 dulcescat

2017 4353 2204 4415 guttur
2237 4353 2385 4396 tuum
2418 4341 2460 4371 ⁵⁷
2489 4337 2831 4409 (doctrinam
2862 4333 3100 4387 divinam
3137 4330 3346 4400 tropice
3379 4327 3485 4382 mel
3507 4341 3600 4396 ap-

445 4418 1020 4500 Θείαν-διδασκαλίαν
1068 4418 1432 4512 Ὠς-γλυκέα
1453 4443 1583 4512 γὰρ,
1631 4418 1788 4512 φηάι.
1830 4441 1904 4506 τῷ

2016 4437 2227 4508 pellans
2259 4452 2272 4488 :
2310 4433 2480 4498 Quam
2509 4431 2686 4484 dulcia
2715 4428 2885 4489 enim,
2911 4426 3111 4495 inquit,
3162 4420 3405 4491 faucibus
3463 4418 3594 4517 meis

317 4540 576 4608 ,ιάρυγγί
592 4557 712 4607 μου
746 4538 818 4591 τὰ
849 4535 1024 4604 ,λόγιὰ
1052 4552 1187 4599 σου,
1216 4535 1368 4603 ὑπὲρ
1393 4533 1532 4604 μέλι
1557 4533 1636 4600 τῷ
1660 4535 1912 4603 στόματί

315 4632 476 4702 μου)⁶
505 4633 597 4684 διὰ
627 4630 725 4700 τῆς
760 4627 1140 4697 παραινέσεως
1165 4624 1369 4696 ταύτης
1399 4625 1498 4695 τὴν
1532 4624 1910 4694 πνευματικὴν

322 4725 510 4779 νεῦσιν
564 4724 666 4792 τῆς
716 4722 894 4792 ψυχῆς
951 4717 1311 4790 καταρτίζει,
1363 4719 1492 4787 περὶ
1529 4711 1598 4788 ἦς
1657 4716 1908 4786 εἴρηταιο

391 4882 434 4913 ⁵⁷
455 4879 655 4934 Matth.
687 4893 741 4929 XI
761 4917 775 4934 .
809 4875 894 4930 12.

325 4967 446 5010 xm,
482 4955 537 5004 9.
644 4948 695 4992 "-
735 4947 895 5001 Prov.
940 4962 1066 5006 xxv,
1101 4945 1184 4998 12.

327 5024 370 5053 ⁸⁸
407 5020 553 5075 l‘sal.
587 5035 781 5079 cxvttt,
821 5017 944 5071 105.

1314 4945 1360 4975 ⁸⁸
1399 4943 1562 4997 Prov.
1598 4958 1653 5007 v,
1688 4942 1745 4997 2.

396 5115 534 5180 (45⁸)
571 5112 796 5180 Antiqui
829 5110 940 5164 duo
971 5108 1096 5162 libri
1126 5109 1567 5177 τετελειωμένος.
1585 5105 1782 5180 Statim
1808 5105 1920 5160 duo

329 5175 456 5240 mss.
515 5175 941 5253 αἰδεσιμώτερον
990 5181 1313 5249 ἐπιφαίνων.
1364 5175 1522 5233 Alius
1575 5175 1915 5245 ἀποφαίνων.

328 5253 468 5309 Ειιῑιι
493 5255 832 5307 ὑποφαίνων.

399 5325 511 5401 (μ)
542 5312 694 5401 κέεῆῆ
724 5325 840 5401 duo
863 5336 1004 5401 mss:
1047 5320 1217 5401 Δερρο
1262 5319 1511 5401 χειρίσας.
1540 5316 1701 5401 pnus
1726 5315 1916 5401 codex.

332 5385 506 5466 Colhf
532 5385 777 5458 κὰθῖσον.
813 5393 922 5466 Alii
970 5392 1082 5446 duo
1113 5385 1296 5444 itidem
1335 5389 1640 5444 Colhertini
1689 5399 1742 5443 et
1783 5385 1917 5440 editi

333 5465 468 5518 κὰθτι
478 5482 566 5517 σον
573 5504 585 5517 .

403 5484 626 5604 ῗῗιῗῖνίιι
665 5543 901 5603 utraque
929 5530 1169 5587 editione
1187 5530 1366 5605 _Basil.
1413 5538 1467 5584 et
1517 5525 1918 5605 Parisaincor-

335 5597 489 5674 rupte
519 5597 1044 5678 ἱρεὶιιιττραφέντα,
1101 5603 1201 5678 sed
1253 5608 1510 5678 corrupte
1545 5597 1916 5678 in__veteribus

336 5668 1064 5747 qu'inquevlihris"scriptum
1098 5672 1197 5726 fttit
1245 5668 1568 5742 στραφέντα.
1611 5668 1731 5723 Mox
1774 5682 1917 5722 unus

340 5743 437 5815 ius.
475 5743 550 5818 τῷ
573 5748 636 5819 δὴ
659 5743 767 5801 ὀὖν
801 5747 994 5807 οὕτως.

978 4876 1022 4906 ⁸³
1039 4874 1178 4928 Psal.
1211 4889 1435 4934 CXLVIII,
1473 4871 1561 4928 12.
1639 4872 1682 4904 δ’
1719 4871 1836 4926 Joel
1873 4888 1932 4932 ιι,
1964 4870 2055 4924 28.
2133 4870 2180 4901 ⁵⁸
2221 4870 2323 4920 Dan

978 4962 1066 4994 xv-
1101 4945 1184 4994 12.
1314 4945 1360 4975 ⁸⁸
1399 4943 1562 4994 Prov.
1598 4958 1653 4994 v.
1688 4942 1745 4994 2.
1875 4942 1922 4972 ⁸⁵
1963 4940 2131 4994 Eccli.
2171 4955 2257 4994 Ix.
2291 4939 2323 4990 5

2025 4960 2131 4994 :cu.
2172 4960 2220 4992 Ix
2241 4977 2257 5003 ,
2291 4960 2344 4990 ο.

2017 4529 2225 4599 eloquia
2258 4535 2348 4578 tua
2381 4565 2395 4588 ,
2429 4539 2582 4592 super
2605 4523 2705 4576 mel
2729 4523 2809 4574 ori
2830 4535 2942 4573 meo
2980 4519 3070 4586 ‘5);
3111 4530 3209 4585 per
3240 4514 3380 4566 hanc
3411 4509 3599 4562 admo-

2019 4622 2281 4676 nitionem
2313 4616 2524 4688 perflcit
2555 4613 2890 4685 spiritualem
2915 4611 3109 4664 animae
3131 4615 3372 4676 gustum,
3397 4602 3464 4654 de
3489 4615 3598 4669 quo

2022 4713 2229 4769 dictum
2262 4719 2345 4765 est
2384 4727 2398 4763 ;
2435 4707 2656 4762 Gustate
2684 4714 2735 4760 et
2765 4703 2952 4765 videte,
2995 4701 3245 4772 quoniam
3303 4693 3480 4748 suavis
3520 4700 3600 4745 est

2133 4869 2180 4901 ⁵⁸
2221 4866 2355 4920 Dan.
2386 4881 2513 4926 xm,
2572 4864 2660 4917 50.
2735 4863 2777 4893 ⁸¹
2804 4860 2966 4913 Prov.
3002 4871 3147 4926 amt1
3187 4853 3269 4905 l7.
3347 4847 3596 4926 "Matth.

2455 4917 2513 4966 δέ
2541 4933 2700 4988 Prov.
2740 4949 2812 4995 tv,
2847 4929 2938 4983 25.
3041 4927 3082 4957 ⁸⁷
3125 4923 3288 4976 Prov.
3324 4936 3472 4984 xxw,
3512 4917 3598 4970 15.

2097 5095 2206 5166 (45)
2238 5086 2888 5166 Ιῖὶιὶίι-ἱ-ἐγγυμνασαμένῳζ
2905 5081 3045 5166 Reg.
3069 5078 3282 5166 primitus-
3322 5093 3604 5166 γμμνασᾳ-

2029 5153 2200 5238 μένῳί
2232 5164 2298 5217 At
2344 5153 2648 5216 Colbertini
2687 5153 2961 5212 secundus
2998 5162 3054 5205 et
3097 5153 3285 5204 tertius
3323 5162 3602 5217 γεγυμνα-

2025 5237 2227 5316 άμῗεδθξξῖῖ
2459 5309 2471 5316 ,
2513 5299 2550 5316 η
2743 5311 2762 5316 ,
2789 5292 2954 5316 __.|.._
2987 5286 3302 5316 ---ἀέρσῃ
3352 5285 3444 5316 tm:

2097 5286 2399 5375 (testam
2425 5309 2478 5356 et
2511 5299 2645 5368 Reg.
2675 5292 2956 5353 secundus
2984 5286 3327 5362 προόιϐἀζει.
3345 5286 3445 5339 Alii
3465 5301 3598 5342 mss.

2025 5374 2444 5448 759°96‘64g5'1'-
2592 5437 2604 5448 .
2666 5438 2676 5448 .
2747 5433 2780 5448 ..
2899 5434 2911 5448 .

2095 5447 2205 5516 (46)
2247 5431 2385 5516 ιιιιιιί
2417 5442 2491 5504 ὡς
2521 5437 2616 5491 και
2657 5438 2702 5489 ι.
2747 5433 2948 5488 Vocula
2977 5431 3070 5485 και
3116 5431 3170 5484 in
3218 5431 3422 5483 nostris
3465 5441 3598 5480 mss.

2023 5525 2710 5666 ηοῗιὲῃίῗὶῃέὲΐεςριιηάιιε
2736 5576 2894 5647 δῆλόν
2927 5571 3221 5629 ἐστι’.ῐιι1⁷ι”ει
3254 5570 3394 5626 idem
3423 5565 3597 5624 codex

2022 5651 2297 5730 τροπικῶς
2329 5651 2602 5721 ὀνομάζει.
