4036 6236
424 303 529 362 ιιδ

1725 308 1781 365 8.
1819 309 2059 366 BASlLll
2101 309 2317 365 MAGNI

3578 310 3674 364 HG

426 418 681 475 Dominus
716 421 780 475 ⁵⁸.
819 420 914 478 Est
963 432 1143 479 autem
1201 432 1256 479 et
1302 434 1481 480 tactus
1525 426 1747 496 quidam
1777 428 1992 491 animas,

2107 427 2407 482 Γεύσασθε
2443 424 2540 478 καί
2576 423 2750 488 ἴδετε,
2786 424 2877 477 ὅτι
2905 423 3169 492 χρηστὸς
3190 426 3222 475 ὸ
3257 422 3487 489 Κύριος.
3520 423 3675 476 Ἔστι

425 526 537 581 quo
578 511 844 583 sapientia
888 528 1008 568 eam
1046 514 1287 585 attingit,
1321 523 1620 572 amatorem
1652 534 1812 572 suum
1854 519 1997 573 velut

427 604 779 673 amplectens.
816 604 952 658 Ama
983 608 1149 663 enim.
1188 606 1388 677 inquit.
1424 608 1616 677 ipsam,
1671 619 1725 662 ut
1776 619 1826 664 te
1876 626 1993 662 am-

424 692 663 762 plexetur
688 695 751 747 ⁸⁸.
787 692 855 747 Ει
885 712 1080 752 rursus
1106 696 1489 760 Ecclesiastes,
1521 699 1745 768 Tempus
1774 709 1852 761 est
1880 717 1998 754 am-

423 784 683 851 plectendi
719 796 768 840 et
805 796 1007 857 tempus
1050 788 1203 858 longe
1231 789 1531 843 discedendi
1553 790 1618 844 ab
1644 791 1884 859 amplexu
1929 792 2001 857 ".q

427 874 666 946 Corpora
690 878 906 948 quidem
928 880 1267 951 amplexibus
1294 881 1523 951 impuris
1544 883 1995 952 coinquinantur:

426 967 610 1021 anima
644 984 770 1023 vero
792 970 1078 1040 sapientia;
1108 971 1362 1043 amplexu
1399 981 1512 1027 tota
1538 988 1603 1027 ex
1643 981 1757 1028 toto
1790 975 1839 1029 ei
1867 990 1999 1029 cono

421 1054 638 1123 juncta,
675 1060 1038 1114 sanctimonia
1068 1063 1372 1132 completur
1404 1077 1466 1117 ac
1496 1063 1749 1133 puritate.
1773 1062 1863 1120 Sic
1895 1064 1999 1134 igi-

428 1153 517 1200 tur
533 1162 707 1217 puero
724 1150 784 1231 ju
794 1152 1020 1205 venculu
1037 1168 1260 1219 sensum
1286 1154 1499 1211 tribuit.
1532 1152 1816 1223 Quomodo
1843 1156 1886 1231 1
1899 1156 2003 1226 ιο

429 1252 563 1293 vero
636 1240 1046 1311 intelligentiam
1116 1244 1288 1300 indit?
1322 1243 1589 1301 Nimirum
1640 1262 1764 1300 cum
1817 1229 1997 1302 dicit:

436 1325 562 1382 Non
583 1330 868 1396 proderunt
890 1330 1168 1403 facultates
1196 1335 1248 1387 in
1277 1333 1361 1388 die
1384 1335 1526 1388 mala
1549 1335 1611 1390 ⁶¹.
1647 1334 1826 1405 lnjicit
1854 1337 2000 1392 enim

432 1418 585 1475 cordi
615 1429 709 1476 tuo
738 1424 1121 1493 cogitat.onem
1165 1426 1235 1482 de
1281 1428 1370 1483 die
1410 1428 1522 1495 illa,
1550 1429 1605 1483 in
1643 1445 1750 1498 qua
1782 1428 1878 1487 tibi
1909 1444 2004 1499 pe-

433 1511 719 1568 cuniarum
753 1516 911 1585 copia
942 1515 1258 1586 adjumento
1289 1534 1398 1573 non
1426 1520 1551 1583 erit,
1598 1536 1667 1576 ne
1688 1536 1774 1587 lue
1803 1521 2004 1588 exjtnet

434 1611 488 1669 te
516 1610 718 1658 aeterna
753 1594 1073 1677 pmna.‘AUt
1098 1625 1221 1663 cum
1261 1611 1432 1665 dicit:
1479 1610 1787 1675 Innocenles
1831 1620 2005 1666 autem

432 1693 822 1750 licereditabunt
854 1708 1051 1752 terram
1076 1700 1140 1751 ’δε
1182 1710 1382 1757 tetram
1415 1701 1668 1756 videlicet
1702 1704 1873 1765 illam,
1907 1717 2004 1755 cu-

2096 517 2261 585 “ﬁt;
2302 516 2395 570 καὶ
2436 514 2550 586 ἁφὴ
2595 514 2694 585 τῆς
2738 513 2948 584 ψυχῆς,
2996 511 3118 568 καθ’
3150 512 3217 583 ῆν
3254 511 3554 581 ἐφάπτεται
3581 511 3679 564 αύ-

2096 609 2194 679 τῆς
2222 611 2254 679 ἡ
2283 607 2465 676 σοφία,
2493 606 2658 659 οἱονεὶ
2692 605 3173 677 περιπτυσσομένη
3200 605 3299 674 την
3321 603 3521 671 ἐαυτῆς
3542 604 3674 673 ἀρε-

2097 699 2215 767 τήν.
2260 697 2574 765 Ἐριὶσθήτι
2618 695 2748 767 γάρ,
2800 695 2986 765 φησιν,
3018 693 3227 763 αὐτῆς,
3269 694 3370 747 ἵνα
3404 709 3479 747 σε
3523 708 3681 761 περι-

2097 787 2251 858 λάϐῃ
2272 806 2285 819 ⁸
2317 789 2409 842 καὶ
2441 788 2606 842 πάλιν
2630 789 2658 840 6
2715 785 3168 857 Ἐκκλησιαστὴς,
3201 784 3415 853 Καιρὸς
3439 783 3548 838 τοῦ
3575 798 3681 837 πε-

2092 879 2381 948 ριλαϐεῖν,
2417 880 2514 932 καὶ
2555 878 2762 947 καιρὸς
2786 877 2891 931 τοῦ
2920 875 3336 947 μακρυνθῆναι
3375 874 3492 930 ἀπὸ
3522 891 3683 942 nept-

2098 969 2361 1039 λήψεως.
2403 968 2639 1041 Σώματα
2681 969 2792 1039 (47)
2836 968 2934 1039 μὲν
2983 969 3093 1039 γάρ
3138 967 3495 1038 περιπλοκαῖς
3546 967 3688 1019 ἁκαο

2085 1061 2318 1132 ,θάρτοις
2376 1062 2825 1131 καταμιαίνεται·
2882 1059 3029 1131 ψυχὴ
3070 1059 3165 1123 δὲ,
3211 1062 3277 1130 τῇ
3340 1058 3438 1129 τῆς
3492 1056 3685 1125 σοφίας

2102 1152 2401 1224 περιπλοκῇ
2439 1153 2534 1223 ὅλη
2556 1152 2623 1205 δι’
2656 1151 2783 1222 ὅλης
2817 1152 2953 1222 πρὸς
2991 1151 3162 1222 αὐτὴν
3194 1151 3472 1215 ἐνωθεῖσα,
3524 1151 3687 1219 άγια-

2104 1243 2241 1315 σμοῧ
2293 1243 2594 1312 πληροῦται
2629 1244 2722 1297 καὶ
2776 1242 3166 1313 καθαρότητος.
3209 1236 3365 1295 Οὕτω
3432 1242 3530 1312 μὲν
3590 1238 3685 1294 οὖν

2102 1335 2352 1405 αἴσθησιν
2407 1334 2555 1388 παιδὶ
2611 1333 2893 1404 χαρίζεται
2962 1334 3087 1404 νέῳ.
3152 1334 3399 1386 Ἕννοιαν
3455 1332 3511 1385 δέ
3566 1332 3685 1394 πῶς

2107 1427 2357 1495 spumei;
2390 1426 2558 1479 Ὅταν
2581 1425 2714 1496 λέγῃ
2734 1441 2747 1454 ’
2778 1427 2901 1479 Οὐκ
2920 1423 3221 1494 ὠφελήσει
3241 1422 3587 1493 ὑπάρχοντα
3616 1424 3688 1476 ἐν

2103 1515 2293 1585 ἡμέρᾳ
2326 1515 2482 1584 κακῇ
2511 1516 2668 1589 (47⁸).
2712 1516 2997 1587 Ἑμϐάλλει
3028 1516 3135 1588 γὰρ
3168 1515 3420 1587 ἐνθύμιον
3457 1518 3523 1587 τῇ
3551 1532 3686 1586 καρ-

2103 1606 2192 1679 δία
2211 1625 2304 1661 σου
2345 1609 2475 1680 περὶ
2505 1610 2606 1679 τῆς
2632 1608 2846 1682 ἡμέρας
2874 1609 3109 1680 ἐκείνης,
3142 1609 3199 1661 ἐν
3285 1625 3366 1661 σοι
3399 1607 3459 1661 τὺ
3485 1606 3686 1677 πλῆθος

2105 1699 2213 1751 τῶν
2242 1700 2538 1771 χρημάτων
2582 1700 2683 1753 οὐκ
2717 1701 3033 1771 ἐπαρκέσει,
3073 1699 3195 1767 οὐδὲ
3236 1697 3579 1769 ἐξαιρήσεταί
3627 1714 3687 1751 σε

427 1782 522 1861 jus
558 1785 722 1839 etiam
755 1788 913 1844 mites
947 1797 1076 1844 sunt
1122 1790 1383 1857 haeredes,
1427 1800 1538 1846 tum
1580 1792 1734 1859 juxta
1774 1792 2006 1853 Psalmi-

2107 1793 2204 1861 τῆς
2237 1791 2452 1844 αἰωνίου
2501 1791 2795 1856 κολάσεως.
2833 1792 2901 1844 Ἦ
2941 1792 3070 1844 ὅταν
3107 1790 3240 1861 λέγῃ
3265 1807 3279 1820 ⁸
3331 1791 3574 1844 Ἀκακοι
3618 1788 3688 1841 δὲ

436 1888 577 1929 stam
606 1875 876 1933 dicentem
904 1899 916 1934 ε
939 1878 1097 1941 Miles
1130 1892 1305 1951 autem
1318 1882 1697 1936 hwredisabunt
1721 1891 1912 1936 terram
1937 1882 2006 1946 “,

437 1976 552 2021 tum
601 1969 758 2038 juxta
817 1970 1166 2040 pradicatam
1215 1987 1245 2026 a
1311 1972 1543 2027 Domino
1594 1974 2007 2038 beatitudinem,

435 2058 590 2113 Beati
634 2061 800 2127 enim,
838 2063 1034 2133 inquit,
1071 2068 1244 2130 mites,
1266 2066 1516 2136 quoniam
1545 2065 1647 2133 ipsi
1673 2066 2008 2134 possidebunt

438 2160 635 2205 terram
659 2153 725 2209 ⁸⁸.
777 2152 843 2207 Et
865 2170 1057 2212 rursus
1091 2175 1104 2211 :
1142 2154 1382 2221 Gloriam
1432 2159 1691 2228 sapientes
1726 2158 2011 2221 Itwredita-

437 2243 564 2297 bunt
619 2244 686 2300 “.
731 2244 810 2299 lta
864 2247 932 2302 ad
986 2248 1130 2303 bona
1168 2264 1290 2317 quae
1320 2249 1591 2319 promissa
1635 2259 1762 2313 sunt
1794 2250 2009 2306 deside-

435 2335 608 2390 randa
671 2339 991 2394 exstimulat
1045 2340 1308 2398 animam.
1373 2340 1526 2395 llanc
1596 2342 2007 2414 intelligentiam

437 2442 607 2497 puero
633 2443 775 2483 novo
801 2428 914 2496 dat,
943 2442 1147 2488 metum
1176 2432 1398 2503 quidem
1428 2433 1697 2487 minarum
1726 2416 1849 2503 quae
1879 2447 2012 2503 pec-

435 2520 717 2575 catoribus
750 2522 1110 2589 intentantur,
1142 2522 1471 2580 desiderium
1500 2542 1630 2582 vero
1665 2542 1853 2581 eorum
1888 2541 2010 2595 quas

432 2610 596 2679 justis
630 2620 759 2669 sunt
783 2624 991 2685 parata.
1058 2615 1185 2670 Ilwc
1221 2618 1357 2671 enim
1396 2617 1615 2673 audiens
1657 2619 1888 2688 sapiens,
1921 2635 2010 2670 sa—

433 2701 661 2770 pientior
701 2703 799 2756 erit
837 2704 903 2756 ⁸⁷.
959 2704 1206 2775 Magnam
1252 2706 1361 2760 vim
1414 2704 1726 2763 Proverbiis
1785 2707 2011 2761 ascribit

438 2791 748 2864 Scriptura,
789 2795 1043 2853 videlicet
1077 2798 1223 2867 quod
1259 2806 1521 2869 superant
1554 2798 1862 2868 sapientum
1915 2813 2008 2851 sa-

437 2885 724 2955 pientiam,
757 2896 812 2942 et
836 2888 981 2959 quod
1031 2889 1360 2944 documenta
1392 2892 1446 2946 in
1482 2892 1586 2945 hoc
1618 2892 1757 2946 libro
1785 2890 2011 2956 tradita.

438 2976 646 3045 majOra
672 2989 986 3048 suntquam
1006 2995 1129 3049 qua:
1157 2980 1297 3049 apud
1344 2983 1618 3051 sapientes
1645 2981 2008 3050 reperiuntur.

439 3064 624 3130 Quare
668 3066 902 3120 aliorum
941 3068 1161 3138 quidem
1210 3070 1599 3140 magistrorum
1629 3068 1888 3139 discipuli
1925 3068 2012 3123 in-

439 3156 652 3212 numeri
682 3157 987 3214 exsistunt:
1012 3161 1132 3230 ejus
1150 3176 1282 3215 vero
1316 3160 1438 3215 libri
1470 3159 1770 3224 auditores,
1795 3160 2010 3231 sapien-
2037 3125 2085 3243 (Ξ

440 3256 524 3304 tes
575 3257 722 3304 sunt.
760 3248 1028 3317 Quoniam
1068 3260 1247 3307 autem
1313 3252 1629 3323 ambiguum
1670 3260 1756 3308 est
1792 3252 2011 3323 sapiens

440 3346 556 3392 tum
586 3353 782 3394 nomen
814 3338 1113 3411 (sapientes
1141 3341 1286 3395 enim
1318 3340 1576 3396 dicuntur
1609 3343 1772 3396 etiam
1820 3340 2010 3396 mundi

438 3430 604 3501 hujus
619 3431 893 3502 sapientes
907 3433 971 3499 ",
992 3436 1231 3505 itemque
1264 3433 1538 3504 sapientes
1553 3441 1816 3488 vocantur
1830 3431 1896 3495 “,
1917 3432 2010 3507 qui

440 3522 761 3591 sapientiam
798 3537 982 3577 veram
1028 3524 1314 3577 Dominum
1355 3529 1604 3578 nostrmn
1635 3520 1822 3577 Jesum
1852 3520 2013 3576 Chri-

440 3621 583 3669 stum
615 3627 710 3682 per
739 3611 895 3667 ﬁdem
935 3613 989 3667 in
1036 3613 1214 3683 ipsum
1265 3617 1649 3683 receperunt),
1697 3628 1794 3668 eos
1848 3612 1942 3682 qui
1980 3626 2010 3665 a

438 3703 686 3758 doctrina
746 3716 931 3761 nostra
961 3705 1125 3761 alieni
1157 3713 1306 3771 sunt,
1336 3705 1429 3760 ubi
1462 3705 1529 3760 ad
1581 3719 1772 3760 sanam
1820 3702 2011 3758 Parm-

439 3794 673 3849 miarum
708 3796 1018 3851 doctrinam
1077 3796 1432 3861 accesserint,
1487 3796 1850 3866 sapientiores
1897 3796 2014 3852 t'nre

447 3884 732 3957 Scriptura
766 3889 1077 3958 pollicetur,
1124 3889 1204 3944 sic
1232 3896 1291 3944 ut
1320 3905 1503 3944 rerum
1542 3888 1785 3943 inanium
1830 3895 2014 3958 spreta

438 3978 772 4048 cognitione,
800 3980 1217 4036 admirationem
1257 3995 1411 4036 suam
1438 3980 1492 4034 in
1517 3981 1800 4035 veritatem
1828 3986 2011 4035 trans-

440 4069 639 4123 ferant.
698 4070 805 4125 Aut
839 4071 1101 4139 quoniam
1144 4072 1333 4126 multis
1364 4071 1543 4126 modis
1569 4072 1790 4141 sapiens
1810 4074 2013 4129 dicitur

439 4160 680 4230 (etenim
712 4168 766 4214 et
813 4161 908 4230 qui
953 4160 1235 4229 sapientia:
1262 4159 1539 4215 desiderio
1564 4167 1804 4225 tenetur,
1832 4169 1888 4216 et
1916 4162 2010 4230 qui

434 4248 546 4318 jam
572 4247 785 4317 proﬁcit
802 4249 857 4302 in
888 4250 1165 4319 sapientiae
1191 4251 1669 4320 contemplatione,
1697 4259 1752 4305 et
1779 4252 1870 4321 qui
1897 4251 2008 4318 jam

440 4342 497 4394 in
546 4355 614 4394 eo
662 4339 854 4394 habitu
905 4338 1181 4410 perfectus
1214 4350 1319 4404 est,
1349 4340 1541 4395 eodem
1574 4341 1791 4397 nomine
1825 4343 2011 4411 appel-

441 4431 669 4497 lantur),
716 4431 834 4486 ιιωο
863 4432 955 4486 ubi
988 4432 1224 4487 audierit
1249 4433 1489 4503 sapiens,
1524 4431 1639 4487 sive
1671 4433 1763 4504 qui
1795 4434 2008 4503 sapien-

441 4524 530 4579 tia!
574 4521 741 4579 fuerit
771 4530 1001 4588 amator,
1051 4524 1164 4580 sive
1190 4524 1286 4595 qui
1323 4524 1434 4593 jam
1465 4524 1521 4578 in
1552 4523 1667 4594 ipsa
1695 4525 2006 4595 profecerit,

441 4612 610 4666 futuri
637 4620 768 4668 sunt
789 4613 1171 4683 sapientiores.
1206 4613 1272 4667 Et
1303 4629 1433 4669 vero
1461 4622 1519 4668 ut
1546 4615 1714 4669 multa
1743 4615 1810 4669 de
1842 4614 2005 4668 rebus

438 4703 640 4759 divinis
692 4704 947 4774 dogmata
1008 4704 1245 4767 discent,
1304 4705 1378 4758 ita
1419 4706 1588 4759 multa
1628 4705 1695 4759 de
1751 4705 2005 4759 humanis

438 4795 805 4861 docebuntur,
836 4796 942 4850 hoc
970 4796 1090 4867 ipso
1115 4796 1254 4851 libro
1280 4798 1426 4851 varie
1443 4796 1633 4849 vitium
1664 4797 2003 4866 proﬂigante,

437 4897 493 4942 et
515 4904 709 4945 rursus
762 4889 949 4944 multis
1010 4888 1187 4943 modis
1230 4888 1481 4943 virtutem
1530 4887 1838 4942 inducente.
1870 4885 1998 4940 Lin-

438 4996 598 5051 guam
632 4981 869 5052 iniquam
906 4980 1103 5045 frenat,
1140 4980 1356 5034 oculum
1389 4979 1569 5035 erudit
1593 4995 1759 5050 prava
1786 4978 2003 5033 intuen-

511 5134 556 5166 ⁸⁹
592 5132 737 5190 Psal.
771 5150 975 5198 χχχιιι,
1015 5135 1069 5190 9.
1144 5136 1193 5168 ⁸ο
1229 5133 1391 5188 Prov.
1429 5150 1501 5197 iv,
1536 5131 1592 5197 6,
1634 5133 1689 5190 8.
1763 5133 1806 5165 ⁶¹
1847 5131 2007 5187 Eccle

2110 5147 2160 5195 I,
2196 5131 2249 5186 5.
2340 5131 2385 5163 “
2425 5128 2583 5184 Prov.
2622 5146 2706 5192 ιι,
2740 5130 2793 5184 4.

1438 5206 1484 5238 ⁸⁸
1523 5206 1684 5258 Prov.
1723 5219 1817 5270 ιιι,
1850 5204 1940 5260 '55.

2107 5201 2247 5257 ’rov.
2283 5215 2336 5267 ι,
2370 5201 2424 5257 5.
2502 5201 2549 5234 ⁸³
2585 5199 2606 5253 Ι
2638 5201 2765 5256 Cor.
2805 5216 2857 5265 ι,
2892 5200 2982 5255 ‘20.
3058 5203 3102 5234 δ’
3145 5199 3185 5253 ll
3219 5199 3348 5256 Cor.
3386 5212 3439 5253 XI
3462 5239 3477 5259 .
3520 5199 3607 5253 t9.

439 5220 602 5259 xxxvi
628 5244 644 5269 ,
681 5206 768 5260 11.
874 5206 919 5239 ⁸⁸
958 5205 1150 5261 Matth.
1185 5223 1237 5270 ν,
1273 5206 1327 5258 4.

506 5365 621 5435 (67)
648 5363 803 5435 Colb.
835 5364 1049 5435 primus
1076 5365 1256 5435 σῶμα.

506 5434 644 5503 (67')
671 5432 787 5507 Illa,
803 5432 906 5507 οὒκ
923 5432 1196 5504 ὠφελήσει
1218 5435 1531 5507 ὑπάρχοντα
1552 5435 1610 5507 ἐν
1630 5434 1814 5507 ἡμέρα
1832 5439 2001 5506 κακῇ,

437 5521 541 5559 non
565 5504 850 5573 proderunt
881 5504 1163 5573 facultates
1187 5507 1243 5558 in
1264 5504 1349 5560 die
1378 5506 1544 5569 mala,
1572 5504 1771 5573 desunt
1804 5505 1859 5558 in
1889 5504 2006 5561 edi-

438 5576 585 5629 tione
619 5572 887 5644 ltomana.
921 5572 1063 5644 Lege
1090 5573 1287 5629 Nobilii
1320 5585 1478 5631 notas
1504 5585 1559 5630 et
1593 5572 1860 5642 Hexapla.

508 5644 624 5715 (6?)
646 5643 801 5706 Illud,
833 5643 1043 5717 duum}
1075 5644 1132 5717 δέ
1175 5646 1643 5717 κληρονομήσουσι
1674 5646 1811 5717 γῆν,
1852 5646 2007 5699 inno-

439 5725 611 5770 centes
642 5724 819 5769 autem
847 5714 1232 5769 harcdirabmu
1264 5714 1480 5782 terrain,
1508 5714 1755 5787 reperire
1779 5733 1887 5772 non
1925 5725 2008 5773 est

2110 1882 2639 1954 κληρονομήσουσι
2680 1881 2798 1954 γῆν
2820 1882 2931 1954 (48)
2954 1900 2967 1913 ο
3001 1883 3104 1954 γῆν
3147 1882 3381 1952 ἐκείνην,
3420 1877 3487 1953 ἦς
3515 1881 3687 1933 καὶοὶ

2109 1979 2303 2048 πραεῖς
2332 1979 2438 2030 εἰσι
2472 1976 2817 2048 κληρονόμοι,
2844 1976 2987 2031 κατά
3038 1993 3099 2029 τε
3145 1974 3237 2028 τὸν
3268 1972 3570 2044 Ψαλμῳδὸν
3598 1974 3690 2026 τὸν

2109 2068 2336 2136 λέγοντα
2357 2086 2371 2099 ·
2412 2072 2475 2122 Ol
2500 2068 2569 2121 δὲ
2594 2067 2803 2136 πραεῖς
2839 2066 3367 2140 κληρονομήσουσι
3401 2066 3515 2134 τὴν
3538 2064 3685 2135 γῆν·

2110 2161 2205 2214 καὶ
2250 2160 2393 2215 κατά
2441 2159 2534 2214 τὸν
2590 2159 2938 2232 μακαρισμὸν
2982 2159 3078 2213 τοῦ
3128 2158 3362 2231 Κυρίου’
3401 2156 3692 2226 Μακάριοι

2111 2251 2238 2322 γὰρ,
2273 2252 2456 2323 φησὶν,
2491 2252 2546 2305 οἱ
2572 2252 2801 2320 πραεῖς,
2830 2251 2919 2304 ὅτι
2946 2250 3114 2305 αὐτοὶ
3161 2249 3693 2318 κληρονομήσουσι

2109 2338 2225 2408 τὴν
2261 2339 2415 2409 γῆν-⁸
2452 2341 2546 2393 καὶ
2598 2340 2790 2394 πάλιν·
2838 2340 3031 2405 Δόξαν·
3079 2341 3258 2409 σοφοί
3311 2340 3686 2409 κληρονομή-

2109 2447 2314 2486 σουσι.
2369 2431 2513 2504 Πρὸς
2560 2433 2660 2505 τὴν
2711 2431 3011 2503 ἐπιθυμίαν
3053 2432 3164 2485 τῶν
3231 2435 3292 2486 ἐν
3338 2431 3694 2501 ἐπαγγελίαις

2110 2523 2327 2602 ἀγαθῶν
2372 2524 2472 2594 τὴν
2522 2522 2699 2595 ψυχὴν
2750 2524 3070 2595 διανίστησι.
3122 2522 3337 2593 Ταύτην
3383 2523 3566 2577 δίδωσι
3613 2522 3694 2593 τῷ

2112 2614 2263 2667 παιδὶ
2289 2613 2366 2684 τῷ
2396 2614 2501 2684 νέῳ
2532 2614 2630 2683 τὴν
2661 2614 2888 2678 ἔννοιαν,
2911 2614 3076 2685 φόϐον
3104 2614 3200 2684 μὲν
3223 2613 3331 2667 τῶν
3358 2616 3471 2677 τοῖς
3511 2614 3695 2685 ἁμαρ-

2109 2704 2299 2768 τωλοῖς
2319 2703 2745 2775 ἀπειληθέντων,
2776 2703 3074 2775 ἐπιθυμίαν
3104 2704 3167 2757 δὲ
3193 2703 3313 2765 τῶν,
3334 2704 3445 2765 τοῖς
3464 2701 3696 2764 δικαίοις

2112 2793 2547 2864 ἡτοιμασμένων.
2602 2791 2795 2848 Τῶνδε
2838 2795 2949 2864 γὰρ
2979 2793 3248 2857 ἀκούσας
3273 2791 3465 2860 σοφός
3493 2789 3695 2859 σοφώ-

2111 2900 2280 2951 τερος
2307 2882 2500 2937 ἕσται.
2539 2883 2800 2956 Μεγάλην
2836 2884 3113 2954 μαρτυρεῖ.
3137 2880 3366 2951 δύναμιν
3394 2882 3512 2943 ταῖς
3539 2880 3695 2950 Παρ-

2112 2976 2316 3045 οιμίαις
2366 2977 2395 3029 6
2444 2974 2622 3044 λόγος,
2685 2977 2765 3030 ὅτι
2821 2975 3139 3049 ὑπερϐαίνει
3190 2974 3299 3027 τῶν
3356 2972 3535 3040 σοφῶν
3594 2973 3698 3045 τὴν

2116 3068 2329 3137 σοφίαν,
2357 3069 2451 3122 καὶ
2494 3068 2603 3123 τῶν
2632 3068 3071 3140 ἐναποκειμὲνων
3098 3068 3280 3131 αὐτοῖς
3309 3066 3719 3137 παιδευμάτων,

2106 3160 2340 3240 μείζονά
2372 3161 2488 3213 ἐστι
2512 3160 2579 3214 τά
2615 3161 2680 3214 ἐκ
2703 3161 2803 3230 τῆς
2827 3159 3008 3231 βίϐλου
3031 3159 3232 3229 ταύτης
3266 3157 3693 3231 παραδιδόμενα.

2114 3251 2281 3303 Ὥστε
2331 3251 2440 3305 τῶν
2477 3251 2578 3322 μὲν
2628 3251 2802 3306 ἄλλων
2848 3250 3183 3314 δῴασκάλων
3232 3253 3281 3305 οἱ
3327 3250 3543 3320 ἄπειροί
3587 3253 3696 3304 stat

2114 3342 2385 3413 μαθηταίο
2419 3346 2519 3414 τῆς
2561 3342 2626 3413 δὲ.
2672 3341 2854 3412 βίϐλου
2902 3341 3105 3413 ταύτης
3138 3342 3403 3413 ἀκροαταί
3457 3343 3595 3396 είσιν
3641 3343 3697 3394 ol.

2113 3433 2287 3503 σοφοί.
2327 3431 2545 3502 Ἐπειδὴ
2578 3432 2635 3486 δὲ
2662 3433 2950 3504 ὁμώνυμόν
2977 3433 3111 3505 (48⁸)
3141 3435 3258 3487 ἐστι
3282 3433 3344 3486 τὸ
3374 3432 3481 3486 τῶν
3514 3432 3699 3501 σοφῶν

2112 3522 2286 3593 ὄνομα
2312 3521 2490 3593 (σοφοὶ
2516 3521 2626 3592 γάρ
2656 3522 2749 3575 καὶ
2776 3523 2827 3577 οί
2854 3521 2948 3576 τοῦ
2980 3522 3184 3593 κόσμου
3204 3522 3391 3576 τούτου
3420 3522 3695 3590 λέγονται,

2112 3613 2267 3682 σοφοὶ
2291 3614 2386 3667 καὶ
2415 3615 2466 3666 οἱ
2489 3612 2586 3684 τὴν
2618 3612 2879 3684 ἀληθινὴν
2911 3615 3101 3683 σοφίαν
3143 3614 3233 3667 τὸν
3280 3613 3484 3685 Κύριον
3532 3614 3696 3684 ἡμῶν

2122 3706 2327 3778 Ἰησοῦν
2359 3707 2590 3779 Χριστὸν
2618 3709 2683 3760 ἐκ
2712 3708 2813 3778 τῆς
2842 3708 2923 3770 είς
2961 3706 3123 3762 αὑτὸν
3153 3706 3394 3771 πίστεως
3426 3706 3699 3773 ὑποδεξά-

2114 3797 2305 3866 μενοι),
2332 3797 2459 3859 τοὺς
2491 3794 2687 3860 ἔξωθεν
2714 3795 2871 3860 όντας
2896 3794 2989 3849 τοῦ
3020 3794 3140 3849 καθ’
3166 3797 3314 3866 ἡμᾶς
3330 3795 3513 3863 λόγου,
3541 3797 3691 3863 ἐπει,-

2108 3888 2204 3941 δάν
2233 3888 2573 3960 προσέλθωσι
2620 3890 2691 3960 τῇ
2721 3887 3040 3960 ὑγιαινούσῃ
3067 3887 3174 3939 τῶν
3214 3886 3525 3957 Παροιμιῶν
3547 3885 3697 3939 διδα-

2112 3979 2329 4049 σκαλίᾳ,
2379 3977 2724 4050 σοφωτέρους
2778 3976 2994 4031 ἔσεσθαι
3028 3978 3056 4030 6
3106 3976 3262 4045 λόγος
3315 3975 3696 4043 κατεπαγγέλ-

2109 4067 2293 4121 λεται·
2342 4066 2707 4138 ἀτιμάζοντας
2754 4067 2853 4138 μὲν
2906 4065 3003 4137 τὴν
3038 4065 3144 4118 τῶν
3176 4064 3418 4135 ματαίων
3466 4065 3691 4135 γνῶσιν,

2114 4158 2502 4229 μετατιθέντας
2547 4158 2605 4212 δὲ
2636 4159 2697 4212 τὸ
2746 4158 2930 4228 θαῦμα
2978 4158 3113 4227 πρὸς
3163 4157 3260 4226 τὴν
3302 4155 3574 4226 ἀλήθειαν.
3618 4158 3691 4210 Ἢ

2109 4249 2294 4319 ἐπειδὴ
2320 4248 2605 4320 πολλαχῶς
2634 4249 2851 4317 λέγεται
2881 4250 2908 4301 ὀ
2938 4246 3099 4315 σοφὸς
3123 4247 3170 4313 (ὅ
3193 4263 3251 4298 τε
3278 4245 3386 4317 γὰρ
3409 4245 3694 4316 ἐπιθυμῶν

2112 4341 2323 4411 σοφίας,
2365 4343 2460 4395 καὶ
2502 4343 2531 4395 ὁ
2571 4343 2628 4393 ἐν
2675 4342 2925 4412 προκοπῇ
2960 4339 3057 4409 ἤδη
3109 4337 3186 4391 ῶν
3225 4338 3334 4391 τῶν
3370 4338 3469 4409 τῆς
3498 4338 3695 4406 σοφίας

2113 4430 2515 4502 θεωρημάτων,
2552 4432 2647 4484 καὶ
2697 4432 2726 4483 6
2757 4428 3170 4500 τετελειωμένος
3224 4429 3367 4482 κατά
3406 4430 3505 4500 τὴν
3551 4429 3713 4502 ἕξιν..

2111 4522 2308 4593 ὁμοίως
2358 4521 2855 4593 προσαγορεύονται
2883 4520 3049 4592 [49]),
3098 4519 3305 4574 τούτων
3363 4519 3602 4584 ἀκούσας
3658 4521 3693 4574 ὁ

2113 4614 2293 4683 σοφὸς,
2335 4615 2442 4667 εἴτε
2474 4616 2502 4667 6
2551 4613 2787 4685 ἐραστὴς
2820 4613 2922 4682 τῆς
2968 4611 3179 4680 σοφίας,
3236 4612 3345 4665 εἴτε
3388 4613 3479 4679 καὶ
3528 4614 3556 4665 6
3584 4612 3690 4684 ἤδη

2109 4703 2446 4775 διαϐεϐηκὼς
2478 4706 2536 4758 ἐν
2561 4706 2719 4775 αὐτῇ,
2746 4704 3042 4776 σοφώτεροι
3096 4703 3331 4768 ἔσονται,
3378 4704 3549 4758 πολλά
3588 4706 3701 4775 μὲν.

2113 4795 2366 4868 περὶτῶν
2393 4795 2552 4850 θείων
2583 4796 2957 4859 παιδευθέντες
2987 4795 3291 4866 δογμάτων,
3324 4794 3493 4849 πολλά
3513 4795 3569 4849 δὲ
3594 4797 3690 4850 καὶ

2113 4887 2239 4958 περὶ
2268 4885 2376 4939 τῶν
2406 4886 2759 4957 ἀνθρωπίνων
2800 4887 3260 4957 ἐκδιδασκόμενοι,
3294 4886 3552 4949 ποικίλως
3587 4888 3689 4956 μὲν

2108 4977 2205 5048 τὴν
2232 4976 2426 5030 κακίαν
2474 4976 2823 5048 ἐξοριζούσης
2873 4977 2972 5047 τῆς
3014 4976 3217 5047 βίϐλου,
3255 4975 3606 5047 πολυτρόπως
3631 4977 3689 5030 δὲ

2869 5129 2916 5162 ⁸³
2953 5129 3111 5184 Prov.
3152 5145 3222 5188 ll.
3256 5128 3345 5187 21.
3450 5128 3496 5161 ⁸⁸
3535 5126 3683 5183 Psal.

2102 5367 2246 5438 apud
2290 5365 2454 5438 LXX,
2490 5367 2595 5438 qui
2623 5367 2696 5419 ita
2740 5364 2965 5438 habent,
3005 5366 3085 5418 ὅτι
3114 5364 3291 5438 εὐθείς
3328 5362 3686 5438 κατασκῃνῴ-

2104 5434 2256 5490 σουσι
2282 5436 2407 5507 γῆν,
2437 5434 2687 5507 quoniam
2723 5437 2849 5490 recti
2876 5435 3246 5489 inhabitabant
3277 5445 3497 5507 terram.
3530 5434 3691 5507 Bas?

2103 5508 2213 5630 lius
2234 5504 2594 5630 cr§dibqotest
2628 5505 3016 5577 Symmachum
3056 5516 3281 5562 secutus
3308 5504 3503 5560 fuisse.
3537 5505 3685 5577 Lege

2103 5594 2177 5632 no
2206 5592 2267 5631 as
2349 5592 2379 5629 ο
2424 5592 2521 5630 ιιι.

2180 5646 2318 5715 (ιδ’)
2343 5646 2501 5700 Colb.
2530 5647 2729 5701 tertius
2755 5645 2939 5714 ἐπειδὴ
2969 5645 3024 5697 δὲ
3060 5644 3364 5715 ἐπώνυμον.

2178 5712 2621 5789 (ι9)’(ἶοίι]ει“ιίιιί
2655 5716 2764 5771 duo
2794 5712 3434 5787 ιίῢιὶπροσιγορεύεται.
