4036 6236
313 337 412 391 H7

1221 327 1503 384 HOMILIA
1544 326 1608 380 IN
1649 323 2049 380 PRINCIPIUM
2082 322 2647 380 PROVERBIORUM.

3463 327 3568 382 με

312 455 468 508 suam)
496 448 929 518 άντεισαγούσης
980 449 1080 519 τὴν
1133 447 1352 518 ἀρετήν.
1404 443 1662 496 Γλῶσσαν
1717 444 1898 497 ἄδικον

2003 452 2132 504 tem,
2177 454 2370 495 manus
2409 439 2674 492 violentas
2712 437 2984 492 neminem
3032 437 3161 492 sinit
3217 438 3451 508 priorem
3487 442 3571 494 in-

310 547 533 618 χαλινοί,
567 542 844 614 ὀφθαλμὸν
881 539 1130 594 παιδεύει
1159 556 1293 609 πονη
1305 538 1369 609 ρὰ
1395 537 1678 607 βλέποντα,
1704 536 1899 605 χειρῶν

307 639 508 693 ἀδίκων
538 637 728 707 ἄρχειν
793 635 895 686 ούκ
941 632 1264 703 ἐπιτρέπει·
1318 630 1516 701 ἀργίαν
1572 627 1897 689 ἀποδιώκει,

309 729 608 800 ἐπιθυμίας
654 727 892 790 ἀτόπους
938 725 1180 788 κολάζει,
1224 723 1464 776 διδάσκει
1497 720 1778 792 φρόνησιν,
1829 721 1904 771 δι-

311 823 498 876 δάσκει
549 819 791 890 ἀνδρίαν,
837 816 1193 888 σωφροσύνην
1257 813 1643 885 ἀποσεμνύνει.
1701 814 1760 866 ’0
1808 809 1902 864 οὖν

311 914 483 967 ταῦτα
517 910 846 974 παιδευθεὶς,
885 909 980 962 καὶ
1018 909 1117 978 τήν
1145 925 1201 960 τε
1248 907 1383 979 πρὸς
1424 905 1492 959 τά
1526 906 1750 977 χείρονα
1781 903 1899 955 διαί

310 1006 471 1080 ϐολὴν
504 1003 726 1073 ἰσχυρὰν
749 999 888 1070 ἔχων
923 1000 1054 1070 παρ’
1089 997 1285 1068 ἑαυτῷ,
1311 997 1404 1050 καὶ
1441 995 1538 1066 τὴν
1563 994 1656 1047 τοῦ
1687 991 1893 1061 ἀγαθοῦ

307 1098 494 1165 ἔφεσιν
541 1095 748 1165 μείζονι
791 1094 858 1162 τῇ
898 1091 1064 1163 ὁρμῇ,
1124 1087 1234 1143 οἷον
1290 1089 1378 1143 διά
1417 1105 1561 1150 τινος
1601 1085 1895 1156 ὑποφωνή-

311 1204 466 1250 σεως,
513 1185 1022 1257 προσκτησάμενος,
1077 1181 1238 1250 σοφὸς
1287 1178 1362 1233 ὢν
1406 1179 1496 1233 διὰ
1539 1179 1638 1249 τὴν
1689 1177 1896 1230 οἰκείαν

2004 531 2164 592 ferre,
2196 531 2366 583 otium
2400 528 2588 596 abigit,
2614 526 2884 581 desideria
2914 529 3091 596 turpia
3116 529 3386 596 reprimit,
3412 529 3573 584 docet

2000 621 2365 692 prudentiam,
2392 621 2550 675 docet
2573 617 2968 680 fortitudinem,
2990 619 3400 686 temperantiam
3411 619 3574 690 ador-

2002 721 2114 766 nat.
2152 713 2332 778 Quare
2370 711 2485 767 hec
2519 711 2610 782 qui
2660 710 2889 764 edoctus
2923 709 3109 773 fuerit,
3143 710 3425 780 oderitque
3460 710 3573 765 for-

2001 806 2126 857 titer
2165 805 2221 858 in
2277 806 2568 872 semetipso
2617 801 2912 864 deteriora,
2962 808 3016 854 et
3062 801 3188 855 boni
3242 801 3572 856 desiderium

2003 899 2208 966 impetu
2257 895 2462 962 majore
2494 895 2640 948 velut
2691 892 3083 946 acclamatione
3132 893 3365 961 quadam
3411 892 3574 946 fuerit

2007 989 2256 1057 adeptus,
2291 989 2508 1055 sapiens
2537 992 2659 1040 c'um
2693 987 2765 1039 sit
2788 999 2888 1038 suo
2924 984 3095 1054 ipsius
3134 985 3364 1055 impetu,
3391 994 3573 1040 tamen

2004 1095 2102 1148 per
2154 1077 2540 1149 perfectionem
2591 1091 2657 1132 ex
2699 1077 2945 1132 doctrina
2977 1076 3326 1132 accedentem
3357 1077 3574 1150 sapien-

2005 1173 2114 1224 tior
2143 1170 2376 1225 edicitur

305 1281 504 1352 ὁρμὴν,
542 1279 849 1349 σοφώτερος
883 1277 1070 1346 γέγονε
1102 1275 1190 1328 διὰ
1223 1276 1324 1346 τὴν
1350 1275 1413 1326 ὲκ
1437 1275 1536 1344 τῆς
1565 1271 1910 1330 διδασκαλίας
1939 1267 2241 1320 τελείωσιν.

376 1369 466 1423 15.
499 1368 563 1420 Ὀ
590 1366 658 1420 δὲ
679 1366 918 1434 νοήμων
949 1364 1312 1432 κύϐἐρνησιν
1335 1363 1641 1428 κτήσεται.
1671 1360 1790 1432 Χρὴ
1805 1360 1896 1412 τὸν

311 1459 586 1530 μέλλοντα
633 1457 918 1530 προσιέναι
969 1457 1164 1526 τέχνης
1191 1455 1335 1519 τινὸς
1369 1454 1633 1525 ἀναλήψει
1682 1454 1782 1517 τὰς
1836 1453 1902 1505 ἐκ

308 1552 406 1623 τῆς
465 1549 690 1619 φύσεως
743 1547 1186 1619 ὲπιτηδειότητας
1229 1546 1668 1618 ηὑτρεπισμένας
1718 1544 1895 1614 ἔχειν·

308 1642 396 1694 τὸν
445 1639 753 1708 παλαιστὴν
784 1639 882 1709 τὴν
923 1637 1016 1691 τοῦ
1059 1637 1307 1707 σώματος
1332 1635 1620 1690 διάπλασιν
1653 1636 1745 1689 καὶ
1797 1634 1896 1706 τὴν

313 1731 500 1802 ἰσχύν·
554 1722 648 1784 τὸν
700 1729 960 1800 δρομικὸν
1000 1728 1096 1800 τὴν
1142 1727 1505 1799 εὐαρμοστίαν
1549 1727 1658 1780 τῶν
1719 1727 1896 1798 μελῶν

310 1825 402 1876 καί
460 1824 564 1894 τὴν
621 1822 960 1892 κουφότητα·
999 1821 1140 1874 οὕτω
1181 1822 1274 1874 καὶ
1319 1821 1410 1873 τὸν
1452 1820 1790 1893 κυϐερνήτην
1836 1819 1898 1873 τὸ

308 1915 405 1981 τῆς
438 1913 682 1976 διανοίας
731 1913 822 1978 ὀξὺ
856 1913 951 1966 καὶ
992 1911 1548 1983 εὐπαρακολούθητον.
1601 1912 1698 1966 Διά
1741 1912 1898 1965 τοῦτο

314 2005 373 2056 οὗ
413 2004 506 2055 τὸν
538 2005 775 2074 τυχόντα
802 2005 959 2056 καλεῖ
981 2003 1116 2076 πρὸς
1155 2003 1253 2074 τὴν
1297 2003 1620 2075 κυϐέρνησιν
1649 2006 1677 2057 ὁ
1719 1992 1894 2071 λόγος,

309 2094 444 2148 ἀλλὰ
493 2095 589 2146 τὸν
637 2094 899 2165 νοήμονα.
958 2094 1023 2145 Τί
1066 2093 1122 2146 δέ
1161 2095 1306 2146 ἐστιν
1354 2095 1387 2164 ἡ
1448 2094 1808 2165 κυϐέρνησις,
1862 2093 1894 2164 ἢ

313 2186 530 2248 πάντως
577 2186 855 2256 ἐπιστήμη
893 2185 1072 2255 ψυχῆς
1125 2185 1255 2256 περὶ
1305 2185 1402 2256 τὴν
1459 2185 1690 2238 ἄστατον
1735 2183 1896 2255 φύσιν

312 2277 417 2332 τῶν
461 2275 827 2348 ἀνθρωπίνων
873 2277 1234 2348 πραγμάτων,
1289 2277 1436 2339 ὅπως
1495 2277 1663 2348 αὐτὴν
1710 2277 1898 2330 διαπε-

315 2366 600 2436 ραιοῦσθαι
628 2368 932 2437 προσήκεις
957 2366 1232 2436 Πολλαχοῦ
1250 2368 1359 2438 γὰρ
1384 2366 1552 2421 ὕδατα
1579 2367 1672 2420 καὶ
1701 2365 1898 2420 θάλασο

316 2476 410 2510 σαν
442 2458 534 2510 τὸν
564 2457 680 2527 βίον
706 2457 892 2510 τοῦτον
915 2457 1242 2528 εὑρίσκομεν
1271 2459 1375 2511 ὑπὸ
1393 2459 1492 2528 τῆς
1518 2459 1736 2529 Γραφῆς
1760 2459 1895 2512 ὠνο-

316 2550 612 2618 μασμένον,
658 2547 735 2611 ὡς
793 2550 852 2600 ὲν
898 2548 978 2618 τῷ
1029 2547 1227 2619 ψαλμῷ
1253 2565 1265 2577 ·
1332 2547 1788 2613 Ἐξίιπέστειλεν
1827 2548 1896 2612 ἐξ

314 2640 527 2708 ὕψους,
558 2640 661 2692 καὶ
699 2638 877 2693 ἔλαϐέ
906 2656 1013 2710 με’
1057 2630 1464 2707 προσελάϐετό
1482 2657 1559 2708 με
1572 2640 1640 2704 ἐξ
1661 2639 1898 2694 ὑδάτων

315 2731 581 2784 πολλῶν.
609 2731 885 2802 Πρόδηλον
915 2731 1045 2802 γὰρ,
1074 2732 1154 2784 ὅτι
1189 2729 1287 2802 τὴν
1332 2731 1576 2801 ταραχὴν
1625 2731 1718 2785 τοῦ
1756 2731 1894 2802 βίου,

315 2822 477 2876 ὕδατα
508 2821 681 2890 λέγει.
731 2820 870 2876 Ούτε
898 2823 1006 2894 γάρ
1033 2823 1101 2876 τά
1142 2821 1288 2888 δεξιὰ
1321 2823 1414 2876 καὶ
1458 2823 1898 2894 περισπούδαστα

313 2917 418 2977 τοῖς
441 2912 662 2975 πολλοῖς
691 2913 751 2966 τὸ
771 2912 942 2976 ἑστὼς
967 2913 1062 2966 καὶ
1097 2913 1320 2985 μόνιμον
1350 2914 1484 2983 ἔχει,
1513 2913 1634 2966 οὔτε
1655 2914 1722 2966 τὰ
1750 2931 1900 2984 περι-

315 3003 539 3056 στατικά
574 3001 686 3054 τῶν
723 3002 1064 3072 πραγμάτων
1106 3002 1198 3055 καὶ
1243 3005 1460 3072 κατηφῆ
1490 3002 1703 3071 παγίως
1733 3003 1898 3072 ἥδρα-

315 3105 451 3142 σται-
477 3089 619 3143 exn
644 3090 824 3143 πάντα
844 3091 997 3160 σάλῳ
1018 3091 1124 3143 τινὶ
1145 3091 1238 3144 καὶ
1261 3089 1433 3162 κλόνῳ
1455 3091 1550 3144 καὶ
1573 3092 1896 3161 μεταϐολαῖς
1923 3109 1965 3164 c

313 3179 593 3250 ἀδοκήτοις
621 3179 934 3233 ὑπόκειται.
967 3181 1179 3252 ’Ὠσπερ
1203 3177 1296 3234 οὖν
1319 3180 1593 3235 θάλασσαν
1617 3183 1895 3252 ἀμήχανον

315 3270 405 3339 τὴν
445 3272 622 3341 αὐτὴν
667 3272 761 3324 ἐπὶ
803 3271 938 3324 πολὺ
977 3271 1261 3342 διαρκέσαι
1300 3272 1419 3344 (τὴν
1470 3272 1580 3344 γὰρ
1619 3272 1714 3326 νῦν
1750 3273 1898 3326 λείαν

317 3360 404 3412 καὶ
437 3362 715 3432 σταθερὰν
753 3363 950 3432 μικρὸν
975 3362 1198 3435 ὕστερον
1226 3364 1333 3436 ὄψῃ
1361 3364 1474 3435 (50)
1510 3364 1653 3435 βίαις
1682 3365 1900 3436 ἀνέμων

314 3455 742 3524 τραχυνομένην,
778 3455 872 3507 καὶ
903 3455 1086 3523 μέντοι
1118 3456 1211 3509 καὶ
1240 3457 1340 3528 τὴν
1373 3457 1776 3528 ἀγριαίνουσαν,
1806 3458 1899 3511 καὶ

318 3545 694 3616 βρασσομένην
727 3545 805 3616 τῷ
834 3546 1084 3612 κλύδωνι,
1129 3546 1318 3617 βαθεῖα
1347 3547 1552 3620 γαλήνη
1586 3548 1722 3618 ταχὺ
1770 3566 1900 3601 κατ-

316 3636 647 3705 εστόρεσεν)’
690 3634 834 3688 οὕτω
869 3635 1051 3689 καὶτὰ
1087 3636 1178 3689 τοῦ
1215 3635 1330 3706 βίου
1365 3638 1667 3708 πράγματα
1701 3637 1898 3710 ῥᾳδίως

315 3725 580 3796 λαμϐάνει
632 3727 734 3789 τὰς
779 3727 1146 3798 περιστροφάς
1189 3728 1274 3796 ἐφ’
1307 3729 1562 3801 ἑκάτερα.
1604 3729 1704 3782 Διὰ
1745 3728 1899 3782 τοῦτο

317 3815 652 3888 κυϐερνήτου
689 3817 869 3888 χρεία,
913 3817 999 3870 ἵνα
1029 3818 1119 3870 καὶ
1152 3819 1209 3870 ἐν
1244 3817 1455 3892 γαλήνῃ
1485 3819 1577 3873 τοῦ
1613 3819 1728 3891 βίου
1759 3821 1894 3874 πάν-

317 3926 419 3962 των
452 3907 608 3978 αὐτῷ
646 3909 790 3961 κατὰ
821 3908 948 3980 ῥοῦν
978 3909 1090 3980 (51)
1117 3911 1439 3980 προϊόντων,
1469 3911 1568 3975 τὰς
1598 3913 1898 3982 μεταϐολάς

322 3998 634 4068 ἐκδέκηται,
668 3998 764 4050 καὶ
806 3999 880 4069 μὴ
915 3999 991 4061 ὡς
1026 3998 1312 4064 ἀθανάτοις
1339 4002 1759 4074 ὲπαναπαύηται
1787 4007 1897 4068 τοῖς

320 4089 574 4160 παροῦσι,
629 4090 726 4143 καὶ⁵
772 4092 830 4142 ὲν
873 4093 940 4162 τῇ
988 4091 1411 4164 σκυθρωποτέρᾳ
1460 4095 1790 4148 καταστάσει
1824 4095 1899 4166 μὴ

318 4181 589 4253 άτπλπίξῃ
621 4182 838 4244 ἑαυτὸν,
886 4181 1019 4253 μηδὲ
1053 4184 1118 4252 τῇ
1157 4183 1523 4255 περισσοτέρᾳ
1551 4183 1694 4255 λύπῃ
1726 4203 1897 4239 κατα-

319 4273 498 4338 ποθεὶς
530 4273 859 4346 ὑποϐρύχιος
882 4275 1133 4346 φέρηται.
1165 4274 1300 4329 Οὔτε
1348 4275 1455 4348 γὰρ
1484 4277 1594 4348 (52)
1623 4278 1777 4347 ὑγεία
1804 4278 1902 4332 σώ-

323 4381 505 4434 ματος,
542 4363 670 4416 οὕτε
709 4365 956 4435 νεότητος
985 4364 1164 4428 ἄνθος,
1205 4366 1304 4418 οὐκ
1346 4366 1568 4437 εὐθηνία
1601 4366 1772 4430 οῐκου,
1801 4369 1898 4439 οὐχ

2075 1356 2158 1409 15.
2199 1341 2503 1423 Ιηιείίὶρρηε
2549 1362 2723 1407 autem
2761 1353 3191 1422 gubernationem
3234 1351 3480 1406 obtinebit
3503 1351 3569 1408 ".

1999 1442 2102 1510 Qui
2137 1444 2201 1497 ad
2238 1452 2408 1497 artem
2434 1444 2670 1512 aliquam
2707 1443 3091 1499 assumendam
3119 1459 3446 1498 accessurus
3465 1451 3572 1504 est,

1999 1551 2122 1590 eum
2154 1543 2370 1604 oportet
2401 1542 2580 1603 aptam
2608 1535 3027 1606 expeditamque
3061 1541 3312 1588 naturam
3343 1531 3412 1586 ad
3449 1548 3570 1586 eam

1999 1625 2358 1679 exercendam
2429 1623 2660 1691 habere;
2735 1625 3079 1688 luctatorem,
3162 1639 3362 1694 corp..s
3434 1623 3573 1678 bene

1998 1718 2360 1772 constitutum
2391 1725 2446 1772 et
2496 1717 2821 1783 robustum;
2876 1732 3181 1779 cursorem,
3231 1716 3572 1770 concinnita-

1997 1814 2106 1862 tem
2143 1808 2512 1867 membrorum
2557 1813 2720 1876 atque
2757 1807 3066 1873 levitatem;
3103 1807 3168 1860 ad
3213 1806 3572 1875 eamdemque

1998 1898 2216 1953 modum
2250 1898 2693 1969 gubernatorem,
2727 1911 2956 1952 acumen
2991 1899 3189 1953 mentis
3215 1913 3278 1951 ac
3309 1899 3573 1967 sagacita-

1995 1995 2124 2044 tem.
2159 1986 2522 2054 Quamobrem
2553 2003 2660 2041 non
2690 1989 2986 2058 quemlibet
3011 1988 3078 2043 ad
3125 1989 3572 2056 gubernationem

1997 2087 2155 2132 vocat
2195 2077 2499 2149 Scriptura,
2528 2079 2623 2135 sed
2661 2080 3076 2150 intelligentem.
3102 2080 3243 2146 Quid
3276 2087 3456 2136 autem
3490 2089 3575 2135 est

1998 2170 2347 2240 gubernatio,
2379 2171 2532 2239 ιιι
2569 2172 2673 2224 nisi
2703 2173 2928 2225 omnino
2956 2172 3122 2225 animi
3151 2171 3381 2226 scientia
3410 2179 3574 2243 atque

1998 2277 2109 2326 ars,
2139 2262 2286 2317 circa
2328 2278 2514 2318 rerum
2569 2264 2930 2318 humanarum
2967 2264 3400 2330 instabilitatem,
3435 2281 3574 2336 quo-

1998 2354 2160 2409 modo
2192 2370 2291 2424 par
2317 2355 2389 2412 sit
2415 2347 2536 2411 eam
2560 2356 2855 2426 trajicere?
2882 2355 3015 2410 Nam
3048 2357 3182 2411 locis
3209 2357 3396 2414 multis
3423 2359 3574 2412 inve-

2000 2441 2182 2502 nimus
2236 2447 2406 2501 vitam
2458 2447 2601 2501 banc
2641 2462 2813 2516 aquas
2842 2456 2896 2502 et
2929 2463 3080 2502 mare
3102 2463 3131 2500 a
3165 2447 3447 2518 Scriptura
3478 2464 3570 2520 ap-

1998 2537 2278 2606 pellatam,
2316 2545 2376 2591 ut
2415 2537 2470 2592 in
2499 2537 2718 2592 Psalmo
2748 2557 2761 2594 :
2796 2539 2948 2592 Misit
2983 2537 3046 2593 de
3088 2555 3315 2603 summa,
3348 2550 3397 2594 et
3429 2557 3576 2594 acce-

1995 2629 2071 2696 pit
2100 2645 2182 2683 me
2202 2645 2220 2681 :
2251 2631 2539 2698 assumpsit
2565 2647 2643 2684 me
2665 2630 2729 2684 de
2759 2630 2908 2700 aquis
2931 2629 3194 2684 multis".
3214 2629 3425 2685 Etenim
3454 2631 3576 2686 vita:

1999 2719 2290 2772 tumultum
2319 2733 2490 2789 aquas
2520 2727 2708 2789 aperte
2753 2728 2930 2775 vocat.
2967 2718 3154 2790 Neque
3184 2720 3329 2774 enim
3367 2736 3457 2776 res
3491 2738 3576 2776 se—

1997 2809 2213 2874 cundae,
2249 2819 2554 2880 etquarum
2587 2813 2770 2867 studio
2796 2812 3042 2884 plerique
3085 2820 3364 2877 tenentur,
3403 2815 3577 2870 stabi-

2000 2899 2207 2955 litatem
2230 2915 2294 2954 ac
2319 2901 2735 2959 diuturnitatem
2760 2904 2985 2969 habent,
3011 2920 3189 2975 neque
3221 2920 3308 2960 res
3329 2906 3578 2962 adversa!

1999 3004 2062 3044 ac
2096 2991 2281 3046 tristes
2332 3001 2655 3048 constanter
2698 3004 3100 3064 perseverant:
3150 2997 3244 3052 sed
3291 2999 3575 3068 agitationi

1998 3079 2215 3133 cuidam
2268 3082 2549 3152 motuique
2599 3091 2654 3138 ct
2690 3085 2993 3156 inopinatis
3033 3088 3433 3146 mutationibus
3475 3092 3565 3147 ob-

1999 3171 2160 3224 noxia
2187 3178 2314 3225 sunt
2339 3174 2544 3228 omnia.
2579 3173 3050 3240 Quemadmodum
3080 3178 3247 3249 igitur
3300 3180 3417 3236 ﬁeri
3463 3197 3573 3236 non

1999 3267 2199 3330 potest,
2233 3270 2291 3314 ut
2331 3277 2482 3317 mare
2533 3263 2625 3318 diu
2681 3265 2823 3320 idem
2865 3277 3180 3336 permaneat
3207 3271 3390 3340 (quod
3427 3272 3572 3326 enim

1999 3365 2144 3404 nunc
2174 3352 2528 3421 tranquillum
2565 3368 2629 3408 ac
2661 3356 2856 3411 stabile
2883 3358 3056 3422 vides,
3097 3362 3259 3428 paulo
3285 3373 3408 3431 post
3437 3378 3572 3418 con-

2000 3443 2199 3512 spicies
2233 3452 2521 3498 ventorum
2553 3447 2604 3500 vi
2646 3458 3030 3518 exasperatura
3055 3471 3070 3510 ;
3100 3454 3245 3524 quod
3279 3471 3408 3510 vero
3443 3455 3574 3511 eﬂ‘e-

1999 3540 2174 3587 ratum
2226 3545 2328 3598 est,
2372 3544 2425 3590 et
2456 3547 2592 3591 astu
2620 3538 3004 3601 eliervescens.
3043 3558 3168 3596 mox
3205 3545 3573 3614 tranquillitas

1999 3626 2108 3679 alta
2138 3625 2313 3694 sedat)
2347 3647 2361 3680 :
2422 3628 2503 3682 sic
2536 3628 2702 3683 etiam
2753 3647 2841 3686 res
2886 3633 3174 3687 mundanae
3202 3633 3256 3688 iu
3287 3647 3572 3706 utramque

1999 3725 2208 3786 partem
2239 3717 2396 3772 facile
2423 3727 2843 3774 convertuntur.
2878 3720 3004 3774 Eam
3034 3723 3105 3774 ob
3130 3740 3352 3778 causam
3379 3726 3574 3796 guber-

1999 3815 2188 3862 natore
2216 3822 2354 3878 opus
2381 3816 2484 3873 est,
2520 3817 2582 3864 ut
2634 3822 2686 3864 et
2711 3811 2764 3864 in
2811 3812 2933 3865 vitae
2965 3814 3358 3882 tranquillitate
3395 3817 3570 3870 omni-

1997 3897 2098 3954 bus
2127 3914 2194 3952 ex
2222 3901 2389 3954 animi
2436 3904 2706 3957 sententia
2743 3903 3189 3972 procedentibus,
3241 3908 3573 3961 mutationes

1998 3993 2362 4060 prmstoletur,
2413 4011 2510 4049 nec
2565 3996 2620 4049 in
2663 3998 3023 4066 prmseutibus
3067 4007 3324 4069 tanquam
3361 4014 3575 4070 semper

1999 4085 2374 4152 permansuris
2403 4086 2781 4156 conquiescat,
2821 4103 2998 4156 neque
3023 4087 3090 4141 de
3130 4103 3189 4143 se
3232 4088 3487 4158 desperet
3517 4090 3571 4144 in

1939 4178 1944 4182 ’
1997 4182 2140 4229 statu
2175 4176 2472 4240 mmsliore,
2510 4194 2685 4248 neque
2707 4178 3106 4234 abundantiore
3136 4181 3360 4234 tristitia
3391 4181 3577 4236 absor-

1997 4277 2121 4337 ptus
2142 4269 2186 4298 τ’
2217 4269 2620 4340 submergatur.
2654 4269 2840 4340 Neque
2870 4272 3013 4326 enim
3040 4273 3290 4342 corporis
3306 4270 3582 4336 valetudo,

1997 4378 2172 4432 neque
2192 4362 2496 4431 juventutis
2532 4363 2651 4427 llos,
2687 4380 2861 4434 neque
2886 4365 3081 4419 domus
3113 4364 3368 4430 felicitas,
3399 4381 3583 4436 neque

320 4454 534 4525 ήλοιπὴ
556 4454 650 4507 τοῦ
676 4453 792 4523 βίου
825 4453 1092 4526 εύημερία
1122 4455 1354 4508 ἐπιπολὺ
1387 4455 1652 4526 διαμένει·
1690 4455 1806 4509 ἀλλ’
1838 4458 1897 4510 ὲν

2002 4454 2208 4524 reliqua
2241 4454 2364 4507 vitae
2397 4457 2755 4525 prosperitas,
2811 4455 2900 4510 diu
2939 4457 3130 4511 durat:
3179 4457 3272 4512 sed
3306 4458 3352 4513 si
3384 4457 3437 4511 in
3475 4457 3573 4511 bac

317 4545 378 4612 τῇ
412 4543 568 4612 εὐδία
600 4541 774 4615 ταύτῃ
817 4541 908 4596 τοῦ
953 4543 1067 4612 βίου
1098 4543 1194 4607 ὣν,
1233 4545 1456 4615 ἐκδέχου
1490 4545 1618 4598 ποτὲ
1660 4545 1752 4599 καὶ
1784 4563 1896 4616 χει--

321 4633 470 4703 μῶνα
499 4634 863 4703 πραγμάτων.
899 4634 1056 4697 Ἥξει
1088 4633 1196 4705 γάρ
1226 4635 1400 4700 νόσος,
1433 4636 1527 4689 καὶ
1559 4636 1677 4707 ἥξει
1714 4637 1890 4689 πενία·

318 4723 414 4776 οὐκ
431 4722 524 4776 ἀεὶ
545 4722 689 4777 κατὰ
709 4722 964 4793 πρύμναν
991 4724 1276 4794 ἱσταμένου
1299 4725 1392 4778 τοῦ
1416 4725 1742 4796 πνεύματος·
1760 4726 1895 4780 ἀλλὰ

321 4816 410 4867 καὶ
438 4816 535 4868 τὸν
575 4814 939 4884 περίϐλεπτον
981 4818 1040 4868 ὲν
1075 4819 1208 4871 πᾶσι
1248 4817 1342 4870 καὶ
1370 4817 1609 4888 ζηλωτὸν
1638 4818 1893 4890 ἀδόκητοι

322 4906 576 4970 πολλάκις
618 4905 826 4972 ἀδοξίαι
871 4907 1382 4978 καταλαμϐάνουσι·
1431 4911 1525 4963 καὶ
1567 4911 1747 4963 πᾶσαν
1793 4911 1893 4982 τὴν

321 4998 618 5069 εὐημερίαν
641 4997 734 5051 τοῦ
761 4998 898 5068 βίου,
930 4992 1040 5052 οἷον
1065 4999 1320 5063 σπιλάδες
1344 5002 1506 5064 τινὲς,
1543 4999 1893 5072 περιστάσεις

318 5086 600 5158 ἁϐούλητοι
640 5087 1029 5160 συνετάραξαν.
1076 5090 1186 5143 Καὶ
1217 5091 1252 5162 ἡ
1283 5090 1532 5160 συνέχεια
1562 5091 1670 5144 τῶν
1707 5090 1892 5144 κακῶν

384 5245 426 5275 ⁷⁸
467 5243 628 5298 Prov.
668 5261 714 5310 ι,
753 5246 802 5299 5.
884 5248 927 5277 ⁷³
973 5245 1113 5300 Psal.
1150 5263 1284 5311 xvu,
1322 5247 1410 5299 i7.
1485 5248 1529 5278 ⁷¹
1573 5245 1614 5299 ll
1650 5248 1778 5302 Cor.
1817 5263 1875 5312 11,
1917 5249 1961 5303 7ο

340 5401 497 5488 γ’
526 5401 665 5456 Editi
689 5411 744 5483 et
767 5401 928 5488 Colb.
955 5403 1295 5488 tertius
1321 5402 1424 5488 alii
1452 5403 1560 5488 duo
1583 5418 1719 5488 mss.
1746 5403 1887 5488 διλξειἶ

323 5469 434 5523 Mox
461 5470 591 5542 Reg.
623 5474 834 5543 primus
864 5481 918 5526 et
949 5469 1223 5529 secundus
1247 5469 1440 5545 ’ῥᾳδίας
1467 5472 1752 5544 λαμϐάνει.
1785 5469 1890 5528 Sed

321 5541 708 5614 aliiﬂduqmss.
741 5542 901 5597 Colb.
931 5550 986 5596 et
1017 5544 1147 5614 editi
1182 5544 1392 5614 ῥᾳδίως.
1423 5613 1443 5614 Π

391 5576 405 5594 ι
435 5576 541 5596 υυυ
571 5576 708 5598 ιιιδδ.
742 5576 901 5597 uuln.
931 5576 986 5596 co
1017 5576 1147 5597 cum
1182 5576 1392 5615 γῳυιωε.

383 5613 490 5682 (51)
525 5611 748 5694 Veteres
769 5621 1016 5694 quatuor
1030 5613 1160 5692 libri
1185 5616 1325 5668 κατὰ
1347 5613 1498 5694 γοῦν.
1524 5630 1588 5694 ea;
1611 5615 1888 5694 sententia.

326 5677 552 5766 Utraque
588 5677 934 5766 editiojtrgi
963 5681 1111 5752 ῥοῦν,
1138 5683 1392 5766 secundo
1434 5685 1670 5766 ﬂumine.
1704 5683 1889 5766 Quan.

322 5763 475 5825 quam
505 5755 587 5810 hae
613 5755 736 5811 dua:
763 5754 1039 5809 lectiones
1068 5760 1242 5824 planta
1276 5755 1454 5812 fronte
1485 5754 1654 5812 videri
1677 5755 1892 5825 possint

1999 4547 2121 4601 vitae
2143 4547 2435 4602 serenitate
2455 4548 2716 4611 versaris,
2754 4556 2934 4601 tamen
2967 4563 3148 4603 rerum
3189 4548 3483 4617 procellam
3509 4563 3579 4601 ac

2001 4647 2372 4708 tempestatem
2403 4639 2700 4709 aliquando
2732 4649 3010 4711 exspecta.
3035 4639 3230 4695 Veniet
3251 4642 3397 4696 enim
3430 4656 3574 4695 mor-

2000 4729 2124 4792 bus,
2187 4732 2367 4786 veniet
2398 4739 2451 4785 et
2513 4740 2829 4800 paupertas,
2886 4740 3048 4788 vento
3096 4747 3204 4786 non
3265 4746 3481 4798 semper
3541 4748 3576 4786 a

1999 4819 2163 4888 puppi
2203 4826 2476 4890 surgente.
2517 4818 2622 4875 Sed
2671 4830 2726 4876 et
2769 4823 2946 4876 virum
2980 4823 3033 4876 in
3062 4823 3319 4876 omnibus
3359 4832 3575 4894 specta-

1999 4910 2160 4964 bilem
2209 4926 2272 4965 ac
2315 4913 2682 4967 aemulandum
2739 4915 3004 4969 invadunt
3043 4916 3417 4986 inexspectata
3458 4918 3574 4986 ple-

1999 5016 2229 5072 rumque
2257 5005 2549 5071 dedecora,
2577 5014 2740 5076 atque
2771 5007 3051 5077 improvisi
3083 5023 3242 5062 casus
3270 5006 3425 5076 quasi
3451 5007 3576 5078 qui-

1999 5091 2120 5147 dam
2164 5095 2411 5152 turbines
2439 5111 2654 5152 omnem
2691 5099 2814 5154 vitae
2851 5098 3162 5153 felicitatem
3188 5098 3572 5153 interturbanl.

1998 5403 2222 5456 multum
2262 5419 2290 5456 a
2324 5419 2382 5456 se
2416 5402 2656 5465 differre,
2703 5411 2919 5457 constat
2968 5412 3149 5460 tamen
3198 5406 3280 5461 eis
3322 5417 3484 5459 unam
3518 5412 3576 5461 et

1995 5475 2242 5596 (qamdem
2287 5474 2567 5529 notionem
2609 5475 2911 5544 subjectatn
2945 5491 3090 5542 esse,
3139 5477 3443 5546 eodemque
3485 5491 3576 5532 re-

2037 5561 2132 5596 ire.

2214 5613 2453 5683 Utraque
2477 5614 2808 5696 .editioiobte
2838 5615 2968 5686 γάρ.
3011 5614 3214 5673 Vocula
3244 5617 3353 5690 γάρ
3380 5617 3434 5673 in
3469 5632 3579 5674 no-

1997 5693 2129 5740 Sll'lS
2169 5700 2303 5740 mss.
2338 5701 2447 5740 non
2477 5693 2771 5740 invenitur.

3511 5861 3540 5869 .-
