4036 6236
446 353 549 408 419

1749 344 1807 400 S.
1850 343 2100 399 BASILII
2148 342 2361 399 MAGNI

3623 343 3730 400 49.0

449 463 563 519 lmo
586 465 752 519 etiam
797 463 1018 518 assidua
1066 463 1208 517 mala
1257 473 1389 518 sunt
1415 464 1516 518 tibi
1569 461 1837 516 ﬂuctuum
1888 461 2031 524 loco,

2143 461 2325 531 ὥσπερ
2366 459 2587 530 κύματά
2624 460 2909 534 σοίιὲστιν,
2952 458 3086 513 ἄλλα
3139 460 3224 512 ἐπ’
3278 459 3456 524 ἄλλοις
3506 461 3726 528 ἐπεγει-

449 571 681 628 quorum
705 555 796 609 alii
818 557 939 610 aliis
967 555 1323 611 succedentes
1349 556 1515 609 vitam
1553 555 1653 608 tibi
1686 561 2039 622 exasperant,

452 665 518 704 ac
570 649 905 704 horrendam
957 649 1083 701 vitae
1135 655 1516 718 tempestatem
1587 646 1686 700 tibi
1749 645 2038 700 inducunt.

450 734 679 790 Videbis
712 735 1012 805 aliquando
1043 742 1096 790 et
1120 736 1234 789 haec
1264 736 1642 806 prasterlapsa,
1677 734 1957 802 vitamque
1985 734 2040 786 in

453 827 788 881 hilaritatem
839 836 894 881 et
949 826 1003 880 in
1034 840 1162 881 vere
1213 825 1518 897 jucundam
1583 825 2042 896 tranquillitatem

454 925 900 974 transmutatam.
935 916 1035 972 llic
1069 918 1233 987 igitur
1269 925 1354 973 est
1404 916 1721 988 intelligens
1770 916 2043 987 guberna-

452 1019 538 1062 tor
589 1007 684 1079 qui
741 1009 1002 1078 subjecta:
1055 1017 1267 1064 naturae
1320 1010 1507 1064 habita
1536 1011 1771 1070 ratione,
1822 1024 1887 1063 ea
1921 1023 2043 1080 qua:

455 1098 740 1166 accidunt,
772 1109 996 1168 tractat,
1043 1103 1246 1172 quique
1288 1103 1394 1158 sibi
1427 1103 1543 1172 ipse
1588 1101 1787 1157 similis
1827 1115 2042 1170 semper

453 1209 806 1262 permanens,
864 1211 1040 1264 neque
1080 1197 1246 1250 rebus
1292 1195 1428 1250 laetis
1470 1195 1715 1262 eli'ertur,
1762 1210 1938 1264 neque
1985 1196 2039 1247 in

451 1285 714 1340 aerumnis
738 1285 921 1340 animo
948 1287 1206 1340 concidit.
1236 1287 1453 1342 Rursus
1483 1289 1649 1344 etiam
1695 1288 1763 1342 ad
1805 1287 1911 1340 alia
1943 1303 2042 1340 no-

455 1375 542 1430 bis
583 1377 717 1432 utile
749 1388 833 1431 cst
866 1379 1279 1448 gubernationis
1308 1380 1656 1435 beneﬁcium.
1703 1378 1839 1434 Novi
1893 1379 2039 1434 enim

451 1477 506 1521 et
530 1470 667 1526 alios
699 1469 918 1535 ﬂuctus,
961 1481 1015 1526 et
1050 1462 1380 1528 horrendam
1415 1481 1798 1544 tempestatem
1848 1472 2037 1527 κάνοι-ὲ

452 1575 551 1615 sus
601 1563 842 1616 animam
894 1566 1288 1643 insurgentem,
1337 1575 1720 1636 tempestatem
1765 1565 2038 1629 videlicet,

452 1665 575 1719 qua:
601 1666 667 1705 ex
696 1652 914 1706 vitiosis
957 1655 1142 1709 carnis
1177 1654 1468 1710 affectibus
1512 1656 1709 1708 oritur.
1755 1653 1890 1709 Nam
1923 1655 2036 1716 irae,

451 1751 505 1798 et
545 1744 789 1809 timores,
849 1754 901 1800 et
940 1748 1269 1815 voluptates,
1329 1755 1385 1802 et
1433 1748 1698 1802 molestiae
1733 1761 1800 1801 ex
1853 1747 2038 1801 carnis

2147 550 2368 620 ρόμενα,
2411 551 2749 622 τραχύνοντα
2800 568 2881 626 σοι
2934 551 3025 603 τὸν
3068 550 3202 620 βίον,
3241 553 3335 605 καὶ
3365 555 3731 624 περιϊστῶντα

2143 639 2369 711 φοϐερὸν
2397 641 2495 710 τῆς
2534 640 2680 710 ζωῆς
2718 657 2799 692 σοι
2835 639 2926 692 τὸν
2958 639 3067 711 (55)
3098 639 3361 693 κλύδωνα.
3403 640 3562 709 Ὂψει
3593 640 3726 693 ποτὲ

2143 735 2238 786 καὶ
2273 733 2446 786 ταῦτα.
2490 733 2944 804 παραδραμόντα,
2999 733 3094 784 καὶ¹
3138 733 3274 803 πρὸς
3316 732 3606 804 ἱλαρότητα
3632 732 3730 784 καὶ

2142 825 2341 897 λευκὴν
2391 825 2560 888 ὄντως
2605 825 2846 896 γαλήνην
2885 825 2974 878 τὸν
3015 823 3128 894 βίον
3161 821 3583 895 μεταϐληθέντα.
3620 818 3729 876 Οὖ-

2141 937 2233 982 τος
2275 914 2366 971 οὖν
2406 919 2553 970 ἐστιν
2600 919 2629 970 ὁ
2673 917 2890 988 νοήμων
2933 912 3294 987 κυϐερνήτης,
3334 909 3363 967 ὁ
3401 914 3732 984 ἐστοχασμέ-

2141 1027 2249 1075 νως
2297 1013 2397 1082 τῆς
2444 1009 2815 1081 ὑποκειμένης
2859 1009 3072 1078 φύσεως
3115 1004 3628 1078 μεταχειριζόμενος
3660 1007 3732 1061 τά

2144 1105 2525 1176 συμπίπτοντα
2550 1103 2684 1174 (54),
2728 1105 2824 1157 καὶ
2861 1106 3046 1174 ὅμοιος
3077 1104 3164 1155 ἀεὶ
3201 1103 3362 1164 αὑτὸς
3397 1101 3574 1172 ἐαυτῷ
3613 1101 3731 1154 δια-

2146 1198 2342 1268 μένων,
2389 1199 2526 1268 μήτε
2577 1197 2938 1266 ἐπαιρόμενος
2988 1195 3045 1247 ὲν
3088 1192 3207 1257 ταῖς
3248 1193 3554 1264 εὐθυμίαις,
3591 1193 3730 1264 μήτε

2142 1291 2501 1344 καταπίπτων
2522 1292 2578 1343 ὲν
2599 1292 2717 1353 ταῖς
2739 1306 2803 1341 συ
2812 1291 3070 1358 μφοραῖς.
3095 1288 3264 1340 Πάλιν
3288 1287 3383 1339 καὶ
3404 1287 3538 1358 πρὸς
3563 1280 3731 1357 ἕτερα

2143 1385 2410 1455 χρήσιμον
2441 1385 2570 1453 ἡμῖν
2602 1385 2717 1434 ἐστι
2749 1382 2809 1434 τὸ
2849 1384 2912 1434 ὲκ
2943 1381 3044 1450 τῆς
3085 1379 3465 1450 κυϐερνήσεως
3499 1377 3725 1446 ἀγαθόν;

2143 1473 2272 1530 Οἶδα
2305 1476 2414 1546 γὰρ
2440 1476 2531 1528 καὶ
2554 1475 2688 1529 ἄλλα
2710 1475 2930 1546 κύματα
2948 1475 3043 1527 καὶ
3065 1473 3307 1526 κλύδωνα
3324 1471 3552 1541 φοϐερὸν
3569 1463 3731 1521 ἐπαν-

2144 1567 2432 1636 ιστάμενον
2470 1569 2535 1637 τῇ
2567 1566 2735 1637 ψυχῇ,
2778 1565 2868 1620 τὸν
2903 1567 2966 1618 ὲκ
3003 1565 3112 1617 τῶν
3146 1563 3332 1616 παθῶν
3360 1563 3458 1632 τῆς
3499 1555 3726 1632 σαρκός.

2141 1659 2315 1729 Θυμοὶ
2344 1660 2452 1730 γάρ
2482 1659 2577 1712 καὶ
2607 1658 2783 1727 φόϐοι,
2809 1659 2901 1710 καὶ
2925 1657 3107 1726 ἡδοναὶ
3131 1655 3253 1726 (55)·
3277 1654 3370 1708 καὶ
3402 1653 3592 1715 λύπαι,
3614 1646 3728 1704 οἷον

2142 1749 2205 1802 ἐκ
2242 1768 2385 1814 τινος
2428 1749 2595 1820 ζάλης
2643 1749 2825 1819 βιαίας
2869 1748 2963 1801 τοῦ
2999 1749 3096 1819 τῆς
3139 1746 3340 1818 σαρκὸς
3379 1746 3729 1816 φρονήματος

453 1849 620 1890 sensu
651 1837 801 1890 velut
842 1853 907 1891 ex
949 1838 1188 1892 violento
1214 1840 1452 1908 quodam
1500 1839 1720 1894 turbine
1749 1850 2035 1909 erumpen:

2143 1843 2556 1913 προσπεσόντες,
2574 1842 2831 1905 πολλάκις
2849 1841 2945 1912 τὴν
2971 1840 3342 1911 ἀκυϐέρνητον
3373 1837 3552 1908 ψυχὴν
3595 1846 3729 1889 κατ-

453 1935 557 1994 tes,
620 1945 995 1999 saepenumero
1044 1933 1280 1986 animam
1337 1935 1702 2003 gubernatore
1758 1945 2033 1988 carentem

453 2021 894 2077 submerserunt.
932 2021 1160 2092 Oportet
1189 2025 1355 2094 igitur
1391 2034 1631 2080 mentem
1669 2027 1828 2094 quasi
1852 2041 2037 2096 quem-

452 2111 579 2165 dam
636 2115 1061 2184 gubernatorem
1118 2115 1405 2170 aﬂ‘ectibus
1459 2116 1866 2186 praesidentem,
1915 2131 2037 2170 car-

453 2221 692 2276 nemque
741 2208 942 2276 navigii
1008 2209 1379 2277 instar112
1437 2209 1924 2272 conscendentem,
1983 2217 2037 2263 et

454 2299 821 2368 cogitationes
868 2299 1027 2368 quasi
1071 2300 1258 2353 clavos
1293 2301 1465 2369 perite
1497 2301 2035 2363 circumvertentem,

451 2387 652 2446 ﬂuctus
687 2403 909 2448 strenue
946 2395 1316 2448 conculcare:
1354 2395 1595 2466 itemque
1643 2394 1696 2447 in
1755 2393 2040 2448 altitudine

453 2495 886 2552 permanentem,
923 2493 979 2539 et
1014 2484 1300 2539 aﬂ'ectibus
1333 2499 1502 2554 prope
1533 2470 1892 2547 inaccessam,
1945 2499 2041 2538 ne-

452 2589 727 2644 quaquam
752 2589 940 2628 eorum
979 2575 1348 2631 amaritudine
1390 2576 1556 2630 veluti
1603 2576 1882 2646 salsugine
1905 2591 2042 2644 qua-

450 2666 577 2719 dam
609 2667 894 2736 compleri,
922 2667 1015 2720 sed
1054 2682 1272 2736 Semper
1301 2677 1549 2721 orantem
1593 2667 1778 2721 dicere
1808 2681 1824 2720 ξ
1865 2666 2043 2719 Eruar

452 2758 518 2810 ab
552 2759 618 2810 iis
666 2760 753 2827 qui
788 2759 1007 2811 oderunt
1063 2777 1163 2822 me,
1207 2771 1254 2813 et
1308 2759 1371 2814 de
1427 2758 1712 2827 profundis
1758 2775 2037 2828 aquarum.

454 2847 576 2902 Non
606 2865 683 2901 me
711 2848 978 2919 demergat
1012 2860 1293 2919 tempestas
1338 2868 1489 2922 aqua:
1519 2867 1536 2904 :
1572 2867 1734 2921 neque
1766 2853 2042 2904 absorbeat

451 2955 531 2992 me
556 2940 878 3008 profundum
916 2940 962 2972 ⁷³

526 3031 614 3086 16.
654 3031 752 3088 Vis
789 3048 1043 3087 enarrem
1081 3033 1180 3089 tibi
1217 3042 1270 3088 et
1299 3035 1460 3089 aliam
1495 3035 1919 3106 navigationem,
1975 3035 2042 3088 ad

452 3139 617 3192 quam
650 3127 1030 3179 necessarium
1062 3133 1145 3181 est
1180 3127 1338 3181 nobis
1367 3127 1779 3198 gubernationis
1809 3126 2041 3180 donum?

2137 1935 2462 1988 επόντισαν.·
2484 1936 2574 1987 Δεῖ
2600 1936 2776 1987 τοίνυν
2807 1934 2898 1987 τὸν
2935 1933 3056 1985 νοῦν
3095 1931 3284 2002 ὥσπερ
3311 1929 3434 2005 τινὰ
3456 1928 3728 1999 κυϐερνή-

2135 2043 2234 2095 την
2261 2025 2373 2079 ἀνω
2399 2025 2707 2096 καθήμενον
2730 2024 2838 2079 τῶν
2865 2023 3050 2076 παθῶν
3068 2023 3202 2094 (56),
3234 2022 3327 2075 καὶ
3353 2021 3515 2099 οἱονεὶ
3538 2012 3724 2073 πλοίου

2139 2117 2237 2185 τῆς
2277 2119 2479 2189 σαρκὸς
2511 2119 2798 2182 ἐπιϐάντα,
2833 2119 2926 2171 καὶ
2964 2116 3244 2188 ἐμπείρως
3277 2117 3404 2177 τοὺς
3434 2113 3728 2184 λογισμοὺς

2143 2203 2255 2262 οἷον
2277 2211 2466 2274 οἴακας
2498 2210 2950 2282 περιστρέφοντα,
2981 2211 3312 2262 καταπατεῖν
3342 2208 3439 2278 μὲν
3464 2206 3728 2275 γενναίως

2139 2301 2207 2353 τὰ
2235 2301 2475 2372 κύματα,
2521 2302 2725 2374 ὑψηλὸν
2770 2303 2828 2355 δὲ
2860 2302 3206 2373 διαμένοντα,
3246 2301 3339 2354 καὶ
3368 2301 3730 2371 δυσπρόσιτον

2140 2393 2267 2446 ὄντα
2300 2397 2413 2457 τοῖς
2455 2394 2675 2462 πάθεσι,
2711 2395 2979 2467 μηδαμῶς
3013 2396 3113 2466 τῆς
3156 2396 3250 2448 ἀπ’
3285 2394 3464 2448 αὑτῶν
3503 2392 3730 2463 πικρίας

2141 2483 2329 2557 ὥσπερ
2359 2486 2538 2556 ἅλμης
2562 2486 2706 2550 τινὸς
2732 2487 3206 2558 ἀναπίμπλασθαι,
3241 2486 3352 2539 ἀλλ’
3375 2486 3464 2540 ἀεὶ
3492 2499 3730 2556 προσευ-

2142 2577 2370 2647 χόμενον
2395 2577 2595 2647 λέγειν·
2645 2579 2958 2648 Ῥυσθείην
2993 2579 3062 2632 ἐκ
3107 2577 3228 2632 τῶν
3264 2579 3609 2648 μισούντων
3629 2593 3727 2656 με,

2143 2669 2240 2721 καὶ
2269 2670 2336 2722 ἐκ
2373 2669 2490 2723 τῶν
2511 2671 2753 2734 ,βαθέων
2781 2671 3038 2726 ὑδάτων.
3067 2671 3162 2738 Μή
3189 2688 3266 2740 με
3297 2667 3734 2724 καταποντισὰ-

2144 2781 2220 2815 τω
2247 2763 2513 2831 καταιγὶς
2552 2763 2792 2832 ὕδατος,
2823 2765 2981 2835 μηδὲ
3010 2765 3340 2819 καταπιέτω
3360 2780 3438 2834 με
3458 2762 3675 2826 βυθός.

2219 3029 2303 3081 l6.
2338 3028 2526 3081 Βούλει
2559 3046 2640 3082 σοι
2661 3031 2756 3084 καὶ
2784 3030 2871 3082 ’έτε
2882 3047 2972 3102 ρον
2999 3030 3168 3083 πλοῦν
3190 3030 3561 3100 διηγήσωμαι,
3591 3009 3731 3100 πρὸς

2146 3123 2203 3176 ὃν
2223 3125 2518 3191 ἀναγκαῖον
2536 3125 2667 3194 ἡμῖν
2684 3125 2798 3176 ἐστι
2813 3123 2874 3176 τὸ
2901 3123 3071 3194 δῶρον
3088 3123 3186 3193 τῆς
3212 3123 3594 3194 κυϐερνήσεως
3616 3138 3629 3186 ;
3664 3123 3736 3174 ἸΙ

450 3214 688 3285 Regnum
735 3218 988 3270 caelorum
1033 3219 1205 3272 simile
1256 3228 1334 3272 est
1380 3218 1581 3272 homini
1622 3219 1941 3290 negotiatori
1965 3221 2030 3272 ⁷⁵.

2143 3183 2424 3277 βασιλειά
2436 3183 2851 3282 τῶν-ὀίιρανῶν
2881 3183 3055 3284 ὁμοιά
3087 3183 3260 3267 ἐοντὶν
3275 3183 3446 3281 ἀνδρί
3469 3183 3728 3282 ἐμπείρῳ.

460 3305 744 3376 Quotquot
810 3309 976 3377 igitur
1029 3311 1394 3380 evangelicam
1453 3311 1601 3365 viam
1667 3313 2033 3378 ambulamus,

450 3407 786 3455 mercatores
833 3417 1046 3466 smnus,
1079 3403 1439 3458 observandis
1488 3405 1773 3474 praeceptis
1817 3421 2038 3476 compa-

455 3497 642 3543 rantes
680 3490 838 3546 nobis
869 3493 1177 3546 ccelestium
1218 3493 1646 3561 possessionem.
1679 3494 1906 3566 Oportet
1937 3496 2039 3566 igi-

451 3590 543 3634 tur
597 3597 700 3636 nos
744 3584 947 3638 multas
985 3591 1040 3638 et
1073 3586 1255 3639 varias
1292 3586 1514 3642 divitias
1573 3588 1827 3642 caelestes
1891 3590 2042 3642 colli-

449 3688 597 3742 gere,
631 3674 676 3728 si
716 3675 950 3730 nolimus
991 3674 1128 3729 allici
1170 3677 1377 3746 pudore
1416 3679 1469 3731 in
1514 3679 1670 3733 lucro
1708 3680 2036 3744 exhibendo,

454 3766 680 3834 perinde
732 3776 896 3836 atque
945 3767 983 3820 ii
1018 3770 1110 3837 qui
1157 3769 1360 3823 talenta
1393 3780 1742 3839 acceperant,
1777 3772 2039 3825 nolimus-

450 3873 557 3927 que
584 3859 770 3915 audire
803 3881 815 3914 :
870 3860 1024 3915 Serve
1073 3862 1212 3914 male
1249 3872 1297 3915 et
1351 3865 1496 3932 piger
1527 3864 1574 3894 ⁷³
1607 3882 1622 3918 :
1659 3865 1910 3934 itemque
1955 3865 2040 3918 ni-

452 3947 702 4013 tendum,
746 3956 804 4003 ut
859 3950 1136 4018 impositis
1181 3953 1456 4007 mercibus
1486 3953 1629 4008 hanc
1693 3956 1858 4009 vitam
1921 3963 2039 4010 tuto

452 4048 821 4098 transeamus.
857 4041 993 4096 Nam
1024 4045 1181 4098 multi
1215 4046 1382 4100 multa
1419 4048 1757 4116 ajuventute
1786 4051 2039 4120 colligen-

453 4138 557 4194 tes,
610 4133 702 4186 ubi
754 4134 821 4188 ad
856 4135 1089 4190 mediam
1127 4136 1240 4192 fere
1267 4139 1492 4204 aetatem
1548 4142 1833 4210 progressi
1880 4151 2034 4207 sunt,

456 4223 716 4290 nequitiae
747 4225 1034 4292 spiritibus
1075 4225 1340 4281 adversus
1389 4243 1486 4283 eos
1539 4233 1862 4287 tentationes
1896 4233 2040 4287 exci-

457 4309 723 4375 tantibus,
784 4304 1127 4382 tempestatis
1180 4331 1343 4381 onus,
1402 4327 1590 4388 utpote
1644 4321 2040 4389 gubernatione

455 4401 726 4464 destituti,
783 4419 893 4458 non
928 4406 1344 4473 sustinuerunt;
1390 4409 1486 4464 sed
1531 4413 1774 4465 omnium
1822 4414 2038 4468 illarum

2141 3304 2350 3368 Πάντες
2379 3300 2472 3357 οὖν
2503 3306 2551 3357 οἱ
2584 3305 2681 3376 τὴν
2711 3304 3073 3376 εὑαγγελικὴν
3105 3305 3221 3358 ὁδὸν
3253 3304 3608 3375 πορευόμενοι
3632 3303 3736 3373 ἔμ-

2141 3399 2298 3469 ποροί
2332 3401 2519 3469 ἐσμεν,
2555 3398 2643 3451 διὰ
2672 3401 2770 3471 τῆς
2797 3400 3062 3470 ἐργασίας
3087 3399 3196 3452 τῶν
3225 3397 3453 3451 ἐντολῶν
3471 3397 3570 3467 τὴν
3593 3396 3734 3466 κτῆ-

2142 3513 2225 3548 σιν
2254 3496 2467 3556 ἑαυτοῖς
2495 3495 2604 3547 τῶν
2637 3494 2905 3564 οὐρανίων
2945 3493 3482 3567 πραγματευόμενοι.
3511 3493 3604 3546 Δεῖ
3635 3487 3734 3544 οὖν

2139 3586 2290 3654 ήμρᾶς
2320 3584 2486 3637 πολὺν
2515 3585 2608 3637 καὶ
2641 3585 2885 3638 ποικίλον
2926 3584 3016 3635 τὸν
3058 3585 3312 3654 οὐράνιον
3345 3582 3572 3635 πλοῦτον
3601 3599 3733 3635 συν-

2140 3680 2388 3746 αγαγεῖν,
2423 3681 2468 3730 εἰ
2501 3679 2574 3748 μὴ
2603 3677 2891 3748 μέλλοιμεν
2925 3675 3386 3746 καταισχύνεσθαι
3415 3677 3472 3728 ὲν
3504 3677 3571 3745 τῇ
3609 3677 3737 3728 ἑπι-

2138 3770 2300 3834 δείξει
2324 3771 2419 3839 τῆς
2441 3770 2725 3841 ἐργασίας,
2757 3771 2832 3834 ὡς
2856 3773 2904 3822 oi
2930 3769 3188 3832 λαϐόντες
3220 3768 3289 3821 τὰ
3309 3769 3566 3830 τάλαντα,
3594 3768 3735 3838 μηδὲ

2139 3863 2380 3928 ἀκούειν,
2406 3863 2829 3932 Δοῦλεπονηρὲ
2853 3863 2949 3916 καὶ
2977 3863 3193 3930 ὀκνηρέ
3211 3880 3223 3892 ·
3243 3861 3563 3934 ἐνθεμένους
3581 3861 3638 3914 δὲ
3662 3861 3735 3915 τὰ

2140 3954 2419 4025 ἀγώγιμα,
2456 3955 2712 4025 ἀσφαλῶς
2748 3957 3043 4028 πειρᾶσθαι
3067 3957 3169 4027 τὴν
3201 3956 3345 4028 ζωὴν
3373 3956 3577 4024 ταύτην
3608 3955 3732 4011 δια·

2142 4064 2208 4097 πε
2216 4048 2336 4117 ρᾷν.
2362 4047 2555 4100 Πολλοὶ
2576 4047 2684 4118 γὰρ
2708 4049 2878 4102 πολλά
2900 4050 3351 4120 συναθροίσαντες
3369 4052 3430 4102 ὲκ
3452 4047 3729 4118 νεότητος,

2141 4138 2267 4208 περὶ
2283 4137 2350 4189 τά
2373 4138 2512 4209 μέσα
2527 4139 2620 4191 τοῦ
2645 4139 2762 4210 βίου
2786 4141 3087 4211 γενόμενοι,
3112 4141 3528 4194 ἐπαναστάντων
3544 4140 3732 4202 αὑτοῖς

2143 4229 2464 4300 πειρασμῶν
2509 4231 2575 4283 ὲκ
2621 4231 2731 4283 τῶν
2778 4233 3107 4302 πνευμάτων
3155 4235 3256 4303 τῆς
3304 4232 3589 4302 πονηρίας,
3626 4233 3731 4284 οὑκ

2143 4322 2374 4392 ἤνεγκαν
2402 4324 2496 4376 τοῦ
2530 4326 2799 4395 χειμῶνος
2828 4329 2888 4378 τὸ
2913 4327 3096 4398 βάρος,
3127 4327 3216 4380 διὰ
3246 4326 3306 4379 τὸ
3334 4329 3430 4398 τὴν
3463 4324 3730 4396 κυϐέρνη-

2143 4428 2224 4464 σιν
2261 4414 2443 4475 αὑτοῖς
2497 4414 2571 4485 μὴ
2613 4417 2892 4485 παρεῖναι,
2939 4415 3074 4468 ἀλλά
3123 4416 3340 4468 πάντων
3371 4415 3596 4466 ἐκείνων
3625 4413 3728 4482 τὴν

452 4507 636 4546 rerum
661 4493 933 4563 jacturam
962 4495 1168 4553 fecere.
1204 4498 1357 4554 Unde
1394 4502 1484 4554 alii
1519 4501 1678 4556 Circa
1710 4504 1870 4574 ﬁdem
1905 4522 2038 4558 nau-

2143 4501 2343 4575 ζημίαν
2367 4504 2688 4575 ὑπέμειναν.
2721 4505 2882 4560 Ὅθεν
2912 4508 3005 4560 καὶ
3027 4509 3076 4559 oi
3102 4508 3200 4576 μὲν
3225 4507 3362 4574 Περὶ
3387 4505 3499 4572 τὴν
3517 4505 3732 4558 πίστιν

452 4580 794 4651 [rogaverunt
848 4582 916 4648 ⁷⁸,
976 4586 1089 4649 alii,
1145 4601 1311 4657 prava
1375 4590 1652 4660 voluptate
1691 4593 1747 4646 in
1813 4595 2037 4650 modum

453 4673 841 4742 inexspectata;
869 4675 1152 4745 cujusdam
1182 4680 1435 4749 procella:
1470 4680 1783 4752 ingruente,
1814 4701 2040 4758 compa-

523 4831 568 4863 ⁷⁸
605 4830 748 4886 Psal.
791 4849 994 4898 LXVIII,
1037 4835 1132 4899 15,
1172 4835 1263 4892 16.
1337 4838 1382 4869 ⁷⁸
1422 4837 1612 4894 Matth.
1647 4857 1776 4906 xm,
1811 4841 1902 4897 45.

526 4968 638 5044 (ᾗῇ)
663 4969 807 5044 Reg.
838 4973 1052 5042 primus
1079 4975 1227 5044 ζωῆς
1255 4993 1348 5029 σου
1378 4978 1489 5030 τόν.

525 5040 637 5108 (54)
662 5040 818 5121 Illud,
839 5040 866 5095 ό
890 5040 1415 5121 ἐστοχασμένως-τῆς
1435 5050 1803 5121 ὑποκειμένης
1825 5051 2040 5119 φύσεως

455 5113 971 5232 μεταχειριζόμενος
1017 5113 1092 5166 ’τά
1130 5113 1540 5185 συμπίπτοντα,
1605 5113 2040 5177 ηὶειΙθΓνὲεηθτοί

505 5178 852 5232 olaterranus
875 5199 889 5232 ζ
915 5199 1036 5232 amp.
1065 5186 1390 5232 causainih
1426 5204 1524 5232 mir
1556 5189 1926 5232 Cnmlmﬁuinc
1963 5193 2036 5232 ita

505 5178 852 5236 olaterranus
875 5199 889 5247 ;
915 5199 1036 5251 quae
1065 5178 1391 5248 causa.fIIit-,
1426 5178 1926 5246 curCombeﬁsius
1962 5193 2039 5247 ita

455 5251 846 5325 interpretatus
899 5256 1015 5325 sit:
1057 5253 1139 5306 Ea
1169 5271 1286 5325 quae
1330 5257 1580 5321 subjecta:
1626 5271 1834 5314 natura:
1887 5263 2042 5316 obve-

456 5321 631 5400 niant,
663 5321 848 5400 mentis
874 5323 1092 5400 solertia
1123 5321 1382 5400 tractans.
1412 5328 1526 5400 Sed
1556 5344 1662 5382 non
1691 5332 2039 5389 animadver-

458 5391 523 5440 tit
556 5391 641 5442 vir
666 5391 1059 5471 doctissimus,
1093 5411 1153 5450 se
1184 5396 1260 5449 ita
1285 5399 1539 5471 vertisse,
1579 5403 1736 5468 quasi
1769 5405 2036 5471 scriptum

455 5471 622 5521 esset,
657 5460 685 5509 ὁ
725 5462 1136 5542 ξστοχασμένως
1185 5460 1692 5542 μεταχειριζόμενος
1716 5471 1782 5522 τὰ
1832 5460 2035 5542 σύμπί-

456 5545 660 5610 πτοντα
690 5533 756 5610 τῇ
803 5531 1139 5610 ὑποκειμένῃ
1165 5531 1354 5610 φύσει,
1388 5531 1513 5592 eum
1535 5531 1726 5594 tamen
1768 5531 2031 5610 scriptum

455 5600 552 5686 sit,
584 5600 682 5670 τῆς
706 5600 1074 5686 ὑποκειμένης
1109 5600 1347 5686 ᾧύσεως,
1383 5624 1593 5686 ev_qu_o
1625 5611 1682 5661 lit
1708 5620 1768 5664 ut
1789 5600 2032 5686 dubitari

453 5681 566 5722 non
599 5676 794 5740 possit,
823 5677 956 5742 quin
985 5676 1072 5730 hic
1104 5679 1400 5744 genitivus,
1428 5676 1525 5750 τῆς
1547 5681 1913 5754 ὑποκειμένης
1941 5683 2032 5752 φύ-

1978 4843 2028 4874 ⁷⁸
2065 4842 2255 4898 Mattb.
2293 4860 2419 4911 xxv,
2453 4844 2544 4899 26.

2145 4594 2551 4665 ἐναυάγησαν-⁸
2600 4596 2750 4650 ἄλλοι
2795 4597 2851 4650 δὲ
2893 4599 3265 4670 σωφροσύνην,
3309 4600 3373 4669 ἣν
3418 4598 3728 4668 συνήγαγον

2149 4688 2213 4740 ὲκ
2248 4687 2523 4759 νεότητος,
2567 4687 2758 4760 ὥσπερ
2789 4692 3102 4759 καταιγίδος
3141 4691 3286 4753 τινὸς
3315 4691 3579 4762 ἀδοκήτου
3611 4687 3727 4758 (57)

2621 4847 2667 4878 ⁷⁸
2702 4845 2725 4900 Ι
2760 4845 2900 4901 Tim.
2944 4864 2994 4910 I,
3031 4848 3116 4903 19.

2145 5000 2302 5049 σεως,
2342 4990 2573 5056 regatur
2607 4999 2740 5056 voce
2775 4985 3213 5056 ἐστοχασμένως,
3257 4983 3593 5056 considerata
3622 4999 3726 5035 na-

2145 5063 2267 5106 tura
2293 5070 2409 5122 quaz
2435 5053 2754 5123 subjicitur;
2774 5054 2877 5109 hoc
2904 5053 3240 5120 est,'rntione
3269 5055 3451 5107 habita
3470 5057 3583 5123 ejus
3606 5069 3729 5123 qua:

2143 5123 2427 5197 subjicitur
2454 5135 2693 5197 naturae.
2732 5122 2823 5178 Sic
2859 5126 3024 5197 igitur
3051 5127 3396 5195 interpretari
3440 5122 3590 5187 lieet,
3619 5122 3725 5191 ηαξ

2141 5192 2583 5316 quarunt-ddunt,
2640 5196 2719 5248 ita
2758 5192 2982 5260 tradat,
3035 5208 3093 5249 ut
3141 5192 3432 5266 subjectum
3472 5205 3729 5247 naturam

2142 5281 2288 5316 conn
2331 5275 2460 5316 erat.

2142 5265 2460 5318 consideret.

2216 5334 2330 5408 (55)
2363 5333 2595 5408 Codices
2629 5335 3020 5391 Combeﬁsiani
3049 5337 3144 5390 καὶ
3169 5336 3370 5408 ήδοναί.
3398 5334 3604 5390 Vocula
3630 5336 3727 5389 καί

2145 5419 2177 5458 a
2207 5405 2447 5473 vulgatis
2477 5406 2690 5460 aberat.

2213 5474 2324 5548 (56)
2361 5475 2519 5548 Illud,
2561 5476 2674 5548 ἄνω
2723 5475 3036 5548 καθήμενον
3082 5476 3191 5530 τῶν
3240 5477 3448 5540 παθῶν,
3476 5490 3724 5548 omnes,

2140 5546 2362 5619 opinor,
2392 5547 2474 5619 sic
2504 5546 2886 5619 accipiendum
2911 5549 3118 5612 vident,
3151 5550 3306 5619 quasi
3334 5565 3399 5602 ea:
3428 5547 3538 5600 alto
3563 5548 3726 5604 vitio-

2139 5616 2212 5668 sis
2246 5615 2518 5686 aﬂ‘eotibus
2545 5615 2914 5683 prresidentem
2943 5624 3006 5671 a‘c
3039 5615 3399 5686 imperantem.

2211 5685 2322 5761 (57)
2352 5684 2447 5761 _Sic_
2471 5695 2608 5761 _tres
2655 5704 2789 5743 mss.
2825 5684 3146 5744 Colbertini.
3199 5688 3316 5743 Vox
3361 5688 3628 5761 ἀδοκήτου
3668 5690 3728 5744 in

2142 5755 2304 5810 editis
2334 5755 2768 5813 desiderabatur.
