4036 6236
292 360 382 413 421

1175 351 1459 409 HOMILIA
1497 346 1566 402 1N
1602 343 2001 400 PRINCIPIUM
2039 340 2609 398 PROVERBIORUM.

3437 350 3546 404 422

289 474 388 542 τῆς
420 471 663 540 πονηρᾶς
687 467 879 537 ἡδονῆς
908 465 1100 537 ἐπιδρα
1112 465 1335 535 μούσης,
1368 461 1674 515 ἀπώλεσαν.
1720 457 1867 510 Ἐλε-

1985 464 2147 511 ratam
2205 456 2272 509 ab
2316 455 2542 524 juventa
2582 453 2887 509 castitatem
2937 455 3260 511 amiserunt.
3318 456 3547 511 Misera-

293 562 559 616 ιινότατον
587 560 772 628 θέαμα
799 555 940 627 μετά
960 556 1235 625 νηστείαν,
1264 555 1402 624 μετά
1430 550 1868 621 σκληραγωγίαν,

296 656 429 727 μετὰ
458 651 769 724 προσευχὴν
797 649 1013 718 ὲκτενῆ,
1048 647 1182 716 μετά
1213 646 1444 717 δάκρυον
1468 644 1703 713 δαψιλὲς,
1735 642 1873 712 μετά

291 746 617 816 ἐγκράτειαν
644 741 781 793 ἐτῶν
806 738 979 791 εἴκοσί
1012 756 1114 791 που
1146 738 1179 807 ἢ
1214 738 1308 790 καὶ⁵
1327 737 1620 808 τριάκοντα
1642 735 1774 803 (58),
1804 734 1871 786 δι’

293 836 622 909 ἀπροσεξίαν
667 833 846 902 ψυχῆς
895 832 992 884 καὶ
1044 832 1302 901 ἀμέλειαν
1356 830 1559 899 γυμνὸν
1619 829 1873 880 ἁπάντων

294 926 703 996 ἀποδειχθῆναι,
739 925 834 977 καὶ
871 922 1250 993 παραπλήσιον
1283 920 1529 989 γενέσθαι
1555 920 1644 973 τὸν
1679 922 1746 990 τῇ
1780 921 1873 987 ἐρ-

293 1020 460 1089 γασίᾳ⁵
499 1017 610 1071 τῶν
642 1017 756 1087 (59)
796 1015 1027 1068 ἐντολῶν
1067 1012 1458 1084 εὐθηνούμενον
1502 1012 1726 1082 ἐμπόρῳ
1769 1010 1876 1063 τινὶ

299 1108 744 1181 μεγαλοπλούτῳ,
779 1108 838 1170 ὃς
870 1107 949 1177 τῷ
986 1107 1179 1177 πλήθει
1218 1106 1325 1158 τῶν
1362 1104 1659 1174 ἀγωγίμων
1700 1104 1871 1171 ἐπαγ-

294 1201 639 1271 γελλόμενος,
668 1201 727 1263 ἐξ
745 1200 935 1270 οὐρίας
972 1199 1119 1267 αὐτῷ
1150 1198 1249 1267 τῆς
1283 1197 1418 1259 νεὼς
1449 1196 1773 1267 φερομένης,
1807 1196 1876 1247 τὰ

294 1292 501 1363 φοϐερά
535 1291 753 1359 πελάγη
799 1287 1133 1359 διαδραμὼν,
1172 1288 1309 1357 πρὸς
1341 1288 1523 1348 αὐτοῖς
1553 1288 1666 1348 τοῖς
1695 1285 1874 1354 λιμέσι

292 1382 685 1453 διαῤῥαγέντος
743 1379 837 1431 τοῦ
893 1376 1100 1440 πλοίου,
1154 1378 1369 1429 πάντων
1417 1376 1627 1447 ἀθρόως
1674 1374 1876 1446 ἕρημος

293 1469 614 1542 ἀπεδείχθη·
642 1473 735 1523 ὲάν
758 1473 851 1523 καὶ
876 1466 1031 1532 οὗτος
1052 1470 1117 1521 τά
1144 1467 1353 1539 μυρίοις
1376 1470 1555 1530 πόνοις
1580 1468 1673 1519 καὶ
1692 1466 1877 1537 ἱδρῶσι

293 1565 565 1635 κτηθέντα
613 1564 714 1633 μιᾷ
762 1560 1037 1632 προσϐολῇ
1076 1560 1325 1629 δαίμονος
1372 1558 1643 1628 ἀπολέσῃ,
1690 1556 1877 1627 ὥσπερ

292 1658 394 1710 τινὶ
427 1656 605 1727 ἀγρία
633 1654 879 1717 λαίλαπι,
910 1655 974 1723 τῇ
1000 1653 1240 1724 ἁμαρτίᾳ
1265 1649 1879 1721 βυθισθείς.·Πρέπουσα

476 1747 559 1815 τῷ
598 1746 783 1797 πᾶσαν
820 1743 930 1814 (60)
963 1743 1097 1813 ὁμοῦ
1134 1742 1233 1813 τὴν
1260 1738 1458 1813 ἀρετὴν
1486 1742 1874 1811 ναυαγήσαντιο

1974 551 2080 604 bile
2133 549 2505 618 spectaculum
2542 564 2555 599 ε
2589 546 2826 615 aliquem
2879 554 3001 615 post
3063 547 3358 615 jejunium,
3422 558 3547 621 post

1972 641 2169 695 durum
2232 641 2357 693 vitae
2418 654 2612 707 genus,
2655 645 2779 707 post
2840 638 3083 707 prolixas
3147 654 3359 708 preces,
3420 649 3547 709 post

1972 734 2241 805 lacrymas
2273 734 2419 802 large
2459 731 2733 801 profusas,
2793 741 2916 800 post
2958 732 3347 785 continentiam
3378 748 3549 787 anno-

1973 842 2092 880 rum
2148 826 2361 897 viginti,
2409 835 2502 879 aut
2550 826 2689 879 forte
2738 824 2961 894 triginta
3010 825 3196 889 etiam,
3248 840 3343 891 per
3380 825 3548 879 animi

1973 918 2493 973 inconsiderantiam
2516 932 2581 971 ac
2613 917 2907 981 incuriam,
2940 915 3148 970 nudum
3173 928 3225 971 et
3254 917 3547 987 spoliatum

1974 1014 2231 1067 omnibus
2262 1012 2498 1065 inveniri
2533 1012 2599 1066 ⁷⁷.
2634 1008 2792 1073 Item,
2827 1024 2976 1072 eum,
3022 1010 3114 1079 qui
3154 1020 3550 1082 praeceptorum

1975 1114 2187 1177 quaestu
2238 1105 2535 1175 opulentus
2574 1114 2683 1165 est,
2738 1105 3084 1160 consimilem
3128 1106 3244 1165 ﬁeri
3283 1106 3551 1176 praediviti

1975 1198 2213 1267 cuipiam
2247 1196 2563 1259 mercatori,
2594 1196 2687 1266 qui
2723 1197 2794 1250 ob
2833 1196 3045 1265 copiam
3083 1199 3346 1252 mercium
3371 1200 3548 1264 laetus,

1978 1286 2221 1341 secundo
2276 1292 2439 1340 vento
2490 1286 2782 1354 navigante
2830 1299 2987 1349 nave,
3040 1286 3317 1342 horrenda
3377 1290 3553 1343 maria

1978 1394 2256 1443 emensus,
2311 1378 2563 1431 diffracto
2607 1379 2673 1433 ad
2709 1380 2857 1449 ipsos
2893 1388 3084 1450 portus
3118 1381 3357 1451 navigio,
3396 1381 3553 1437 derea

1980 1478 2140 1541 pente
2196 1470 2389 1525 fuisset
2429 1470 2693 1526 nudatus
2730 1473 3019 1527 omnibus:
3055 1473 3322 1543 siquidem
3355 1484 3408 1529 et
3450 1474 3555 1530 iste

1977 1561 2258 1616 laboribus
2288 1576 2351 1615 ac
2377 1562 2677 1617 sudoribus
2708 1571 2863 1631 parta
2898 1564 3042 1617 bona
3079 1564 3245 1619 unico
3287 1564 3555 1620 daemonis

1978 1655 2190 1709 assultu
2224 1653 2479 1722 perdidit,
2516 1663 2741 1723 peccato
2776 1663 3036 1724 tanquam
3066 1656 3289 1710 immani
3318 1658 3554 1727 quadam

1982 1747 2220 1817 procella
2250 1747 2564 1801 immersus.
2595 1747 2941 1802 Conveniens
2982 1763 3084 1802 vox
3125 1749 3173 1803 ei
3209 1752 3299 1819 qui
3336 1764 3554 1803 omnem

295 1836 518 1893 Ἦλθον
557 1840 645 1902 εἰς
676 1835 747 1888 τὰ
776 1834 938 1902 βάθη
976 1829 1086 1902 τῆς
1113 1834 1451 1901 θαλάσσης,
1482 1834 1577 1886 καὶ
1614 1833 1879 1901 καταιγὶς

1985 1837 2141 1891 simul
2182 1836 2438 1889 virtutem
2495 1834 2783 1905 naufragio
2821 1836 3052 1890 amisit:
3090 1836 3216 1889 Veni
3267 1839 3321 1890 in
3370 1837 3559 1895 altitu-

297 1928 699 1985 χατεπόντισέ
722 1944 820 1995 με.

366 2023 453 2076 17.
492 2022 629 2091 Ἔχε
674 2015 770 2072 οὖν
809 2017 1067 2087 ἀσφαλῶς
1098 2017 1196 2087 τῆς
1223 2017 1367 2087 ζωῆς
1396 2014 1467 2068 τά
1499 2014 1755 2085 πηδάλια·
1785 2033 1877 2066 κυ-

297 2116 462 2185 ϐέρνα
501 2114 596 2165 τὸν
647 2111 926 2181 ὀφθαλμόν
966 2127 1081 2174 σου,
1124 2110 1331 2179 μήποτέ
1370 2126 1452 2161 σοι
1485 2109 1550 2160 δι’
1585 2107 1878 2177 ὀφθαλμῶν

297 2205 496 2276 λάϐῳν
532 2205 755 2277 ἐμπέσῃ
786 2205 887 2272 τῆς
921 2202 1215 2273 ἐπιθυμίας
1256 2201 1316 2254 τὸ
1353 2201 1522 2271 κῦμαο
1560 2201 1659 2270 τὴν
1688 2199 1877 2269 ἀκοὴν,

298 2301 391 2369 τὴν
412 2298 697 2365 γλῶσσαν,
725 2297 801 2367 μὴ
824 2294 1104 2365 παραδέξῃ
1128 2312 1180 2347 τι
1204 2293 1487 2364 βλαϐερὸν,
1523 2293 1654 2363 μηδὲ
1676 2291 1879 2363 φθέγξῃ

299 2408 347 2442 τι
379 2391 488 2443 τῶν
528 2388 1021 2459 ἀπηγορευμένων.
1066 2388 1155 2457 Μή
1191 2404 1249 2438 σε
1278 2384 1557 2457 ἀνατρέψῃ
1588 2383 1678 2436 τοῦ
1708 2384 1878 2455 θυμοῦ

300 2483 331 2550 ἠ
362 2480 523 2551 ζάλη·
573 2483 647 2550 μή
678 2480 780 2533 πού
820 2497 878 2532 σε
910 2478 1239 2531 ὲπικλύσιυσι
1278 2476 1384 2529 τῶν
1419 2476 1598 2545 φόϐων
1628 2479 1682 2528 at
1712 2494 1879 2528 κατα-

302 2574 522 2643 πλήξεις
557 2572 692 2638 (61),
741 2572 813 2641 μή
859 2588 918 2622 σε
960 2569 1340 2641 καταϐαπτίσῃ
1369 2571 1465 2639 τῆς
1494 2569 1670 2640 λύπης
1700 2570 1758 2622 τὸ
1789 2569 1882 2637 βά-

302 2680 409 2731 ρος.
442 2660 687 2731 Κύματά
716 2663 830 2712 ἐστι
864 2660 931 2712 τὰ
961 2658 1130 2730 παθη,
1167 2652 1240 2713 ὧν
1284 2659 1615 2729 ὑψηλότερον
1660 2660 1881 2711 σεαυτὸν

302 2753 527 2822 ἀνέχων,
574 2751 825 2819 ἀσφαλὴς
853 2750 950 2821 ἔσῃ
981 2750 1314 2820 κυϐερνήτης
1350 2747 1443 2801 τοῦ
1478 2747 1615 2817 βίου.
1664 2747 1787 2801 Ἐὰν
1826 2750 1882 2801 δὲ

306 2843 375 2911 μὴ
406 2841 795 2910 ἐπιστημόνως
836 2841 931 2891 καὶ
968 2839 1245 2900 εὐσταθῶς
1286 2839 1515 2890 ἕκαστον
1545 2837 1751 2890 τούτων
1789 2840 1882 2891 ὲκ-

304 2934 506 3005 κλίνῃς,
538 2930 730 3002 ῶσπερ
771 2950 822 2983 τι
862 2930 1045 2983 πλοῖον
1084 2932 1479 3001 ἀνερμάτιστον
1518 2932 1622 2983 ὑπὸ
1661 2931 1767 2982 τῶν
1799 2932 1884 2983 ἀεὶ

304 3022 758 3093 προσπιπτόντων
786 3022 1233 3093 περιφερόμενος,
1260 3022 1660 3094 ὲναφανισθήσῃ
1687 3023 1766 3093 τῷ
1790 3040 1885 3075 πε-

302 3117 453 3185 λάγει
482 3117 587 3185 τῆς
615 3116 907 3186 ἁμαρτίας.
943 3118 1141 3168 Ἀκουε
1172 3116 1347 3167 τοίνυν
1382 3115 1499 3177 πῶς
1526 3117 1587 3169 ἀν
1620 3133 1701 3168 σοι
1729 3117 1821 3168 κα)⁵
1848 3120 1880 3187 ἡ

303 3208 397 3276 τῆς
423 3206 815 3277 κυϐερνήσεως
847 3208 1123 3276 ἐπιστήμη
1157 3208 1523 3277 προσγένηται
1548 3208 1682 3273 (62).
1728 3209 1887 3271 Ἕθος
1916 3185 1956 3239 (ἶ

304 3302 409 3360 τοῖς
438 3297 884 3367 ναυτιλλομένοις
910 3298 1047 3367 πρὸς
1074 3299 1300 3368 οὐρανὸν
1323 3299 1670 3362 ἀναϐλέπειν,
1703 3301 1889 3351 κάκεῖ-

305 3389 390 3441 θεν
438 3389 746 3459 λαμϐάνειν
788 3391 886 3459 τὴν
917 3390 1138 3460 ὁδηγίαν
1171 3390 1263 3443 τοῦ
1294 3390 1450 3455 πλοῦ,
1483 3395 1539 3444 ὲν
1575 3394 1760 3465 ἡμέρᾳ.
1792 3394 1888 3465 μὲν

306 3482 407 3533 ἀπὸ
436 3481 533 3533 τοῦ
565 3481 746 3551 ἡλίου,
780 3484 835 3532 ὲν
867 3484 1019 3534 νυκτὶ
1052 3483 1105 3535 δὲ
1142 3483 1246 3535 ἀπὸ
1270 3484 1368 3552 τῆς
1406 3485 1664 3555 Ἀρκτου,
1693 3487 1888 3555 ἡτινος

306 3572 458 3624 ἀλλου
492 3570 606 3623 τῶν
645 3570 919 3638 ἀειφανῶν
957 3573 1228 3641 ἀστέρων·
1277 3575 1370 3625 καὶ
1419 3574 1627 3637 τούτοις
1671 3576 1756 3627 ἀεὶ
1802 3593 1889 3628 τεο

307 3664 640 3734 κμαίρεσθαι
669 3664 768 3734 τὴν
797 3662 1087 3732 εὐθύτητα.
1115 3665 1223 3717 Καὶ
1255 3666 1318 3717 σὺ
1354 3665 1532 3717 τοίνυν
1566 3666 1700 3735 πρὸς
1726 3668 1889 3736 οὐρα-

307 3759 391 3808 νὸν
428 3758 517 3827 ἔχε
563 3757 624 3807 τὸ
671 3756 826 3824 δμμα
865 3755 1002 3825 (63),
1039 3758 1177 3808 κατά
1213 3755 1301 3807 τὸν
1338 3756 1579 3809 εἰπόντα·
1623 3758 1779 3823 Πρὸς
1816 3758 1891 3809 σὲ

307 3843 419 3916 ἦρα
452 3847 601 3910 τοὺς
628 3846 977 3913 ὀφθαλμούς
1001 3863 1139 3913 μου,
1175 3847 1281 3897 τὸν
1304 3847 1692 3900 κατοικοῦντα
1716 3848 1783 3899 ἐν
1811 3847 1891 3911 τῷ

307 3939 563 4008 οὐρανῷ.
602 3938 906 3991 Ἀπόϐλεπε
940 3939 1077 4008 πρὸς
1106 3939 1194 3991 τὸν
1216 3939 1366 4007 ἣλιον
1398 3943 1495 4010 τῆς
1525 3939 1885 4008 δικαιοσύνης

309 4033 399 4085 καὶ
435 4027 551 4083 οἶόν
582 4048 726 4082 τισιν
756 4031 975 4099 ἄστροις
1002 4031 1327 4101 περιφανέσι
1360 4032 1469 4100 (64)
1506 4035 1622 4095 ταῖς
1653 4031 1891 4095 ἐντολαῖς

308 4123 397 4175 τοῦ
430 4124 643 4191 Κυρίου
679 4122 1159 4192 κατευθυνόμενος,
1192 4124 1487 4193 ἀκοίμητον
1519 4124 1605 4193 ἔχε
1628 4124 1687 4175 τὸ
1715 4124 1888 4194 ὄμμα,

316 4215 385 4283 μὴ
413 4216 591 4277 διδοὺς
628 4214 795 4266 ὕπνον
830 4217 944 4276 τοῖς
973 4212 1273 4284 ὀφθαλμοῖς
1306 4232 1422 4277 σου,
1462 4216 1594 4285 μηδὲ
1626 4219 1737 4278 τοῖς
1771 4216 1892 4285 βλε-

314 4308 507 4377 φάροις
550 4324 645 4359 σου
686 4306 1017 4376 νυσταγμδν,
1062 4306 1128 4357 ἵν’
1169 4305 1295 4379 ἔχῃς
1329 4306 1526 4376 διαρκῆ
1554 4306 1653 4377 τὴν
1688 4308 1749 4358 ὲκ
1782 4304 1890 4357 τῶν

314 4396 541 4447 ἐντολῶν
576 4395 821 4464 ὁδηγίαν.
858 4396 1093 4463 Λύχνος
1113 4394 1241 4465 γὰρ,
1274 4395 1424 4463 φησι,
1453 4394 1576 4459 τοῖς
1609 4394 1755 4446 ποσί
1778 4411 1889 4459 μου

313 4490 343 4538 ὀ
370 4490 556 4554 νόμος
589 4502 729 4548 σου,
761 4486 859 4539 καὶ
893 4486 1017 4554 φῶς
1045 4486 1172 4551 ταῖς
1198 4488 1417 4553 τρίϐοις
1438 4503 1578 4554 μου.
1620 4484 1745 4537 Ἐὰν
1778 4484 1886 4554 γὰρ

318 4575 585 4643 μηδέποτε
615 4576 973 4645 ὲπινυστάξης
1002 4579 1109 4637 τοῖς
1133 4575 1325 4640 οἴαξιν,
1365 4576 1467 4638 ἕως
1495 4571 1542 4627 εἷ
1576 4577 1631 4627 ὲν
1670 4574 1746 4644 τῷ
1786 4574 1885 4643 βίῳ

314 4669 505 4736 τούτῳ.
532 4669 591 4719 ἐν
622 4671 687 4737 τῇ
720 4668 938 4737 ἀστάτῳ
968 4666 1124 4735 φύσει
1144 4667 1249 4718 τῶν
1276 4666 1369 4718 τοῦ
1400 4666 1604 4736 κόσμου
1626 4665 1887 4735 πραγμά-

314 4778 440 4821 των,
479 4763 577 4813 καὶ
617 4761 718 4829 τὴν
757 4760 906 4829 παρά
936 4758 1030 4811 τοῦ
1075 4759 1389 4827 Πνεύματος
1425 4757 1742 4826 συνέργειαν
1778 4757 1887 4826 (65)

382 4900 425 4928 ⁷⁷
466 4895 510 4949 11
544 4896 672 4949 Cor.
710 4910 764 4959 ν,
799 4895 851 4947 5.

383 5007 497 5080 (58)
532 5005 732 5074 Editiij
767 5005 1079 5074 τριάκοντα.
1116 5005 1183 5056 At
1216 5020 1349 5059 mss.
1377 5005 1544 5072 tresﬂ
1580 5005 1675 5056 καὶ
1700 5005 1884 5083 τριάκ.

384 5077 497 5146 (59)
533 5075 836 5146 Colbertini
861 5076 971 5146 duo
999 5075 1216 5146 codices
1245 5074 1342 5145 τῆς
1366 5072 1788 5146 ἐργασίαςτΝοο
1812 5082 1887 5146 ita

318 5143 488 5202 multo
515 5154 640 5215 post
666 5145 799 5199 editi
839 5154 893 5215 et
920 5144 1268 5215 Co_lbertinus
1300 5143 1882 5215 Secundus‘cijemég.

317 5219 469 5273 Colb.
515 5211 721 5271 tertius
769 5214 937 5283 νηώς.
994 5211 1127 5284 Reg.
1178 5214 1453 5269 secundus
1500 5211 1673 5276 νεώς,
1703 5212 1884 5267 Attico

318 5304 501 5426 mia?)
530 5354 756 5425 Legitur
788 5360 1049 5426 corrupte
1084 5353 1137 5426 in
1173 5352 1408 5423 vulgatis
1432 5352 1539 5405 τῶν
1573 5355 1774 5418 πᾶσαν,
1829 5360 1884 5406 at

319 5424 630 5495 incorrupte
658 5426 714 5477 in
750 5440 883 5478 mss.
917 5424 1011 5495 τῷΔ
1028 5424 1224 5495 πᾶσαν.

386 5496 495 5565 (61)
528 5492 631 5549 Hic
651 5496 707 5548 in
733 5492 976 5565 vulgatis
1000 5492 1197 5565 legitur
1215 5492 1723 5565 xajramlijgszqam
1746 5507 1881 5565 mss.

317 5562 485 5621 multi'
508 5568 710 5619 habent
730 5562 1135 5633 xaranlﬁliug.
1154 5562 1516 5617 Combetisius
1549 5563 1676 5617 velit
1700 5564 1885 5633 potius

317 5638 649 5705 καταιγίδες,
673 5635 924 5703 procellae
947 5648 967 5685 :
1003 5633 1097 5688 sed
1128 5632 1267 5685 hanc
1289 5634 1663 5701 conjecturam
1694 5632 1886 5703 quam-

320 5706 445 5760 libet
480 5710 702 5763 bonam.
737 5704 886 5763 quod
928 5704 1080 5756 nullo
1127 5711 1367 5757 veterum
1411 5703 1677 5757 librorum
1724 5705 1884 5757 testi-

320 5722 445 5760 ttnet
483 5722 702 5769 bonam,
737 5722 886 5773 quoa
928 5722 1080 5756 nullo
1127 5722 1300 5757 veteru

320 5780 497 5832 monia
525 5779 654 5831 nixa
683 5777 780 5836 sit.
817 5774 974 5839 sequi
1008 5774 1300 5829 noluimus.

700 5006 732 5074 ἢ
767 5004 1079 5074 τριάκοντα.
1116 5004 1183 5056 At
1216 5020 1349 5059 mss.
1377 5011 1493 5059 tres
1513 5003 1556 5074 il
1580 5002 1884 5074 xaljpidx.

1979 1927 2155 1978 dinem
2191 1927 2380 1987 maris,
2414 1934 2462 1977 et
2490 1935 2769 1993 tempestas
2807 1925 3054 1979 demersit
3084 1944 3163 1981 me
3190 1928 3257 1981 ⁷⁸.

2052 2018 2138 2071 17.
2177 2016 2322 2071 Tene
2356 2018 2520 2087 igitur
2564 2032 2730 2087 quam
2780 2017 3069 2087 diligenter
3120 2022 3243 2073 vitae
3288 2020 3559 2090 guberna—

1980 2107 2133 2171 cula;
2165 2106 2406 2176 guberna
2435 2107 2652 2159 oculum
2693 2116 2872 2170 tuum,
2905 2123 2974 2162 ne
3008 2110 3229 2178 quando
3258 2111 3355 2165 tibi
3386 2110 3561 2181 impe-

1981 2205 2173 2252 tuosus
2232 2196 2474 2251 libidinis
2510 2197 2706 2251 ﬂuctus
2754 2214 2850 2268 per
2886 2200 3075 2253 oculos
3128 2201 3421 2269 illabatur;
3458 2218 3558 2257 au-

1982 2304 2121 2351 rem,
2156 2288 2420 2358 linguam,
2450 2303 2518 2342 ne
2556 2288 2685 2362 quid
2720 2290 2955 2359 excipiat
2986 2292 3155 2353 noxii,
3190 2308 3257 2346 ne
3308 2294 3439 2362 quid
3469 2310 3560 2348 eo-

1982 2397 2102 2435 rum
2132 2396 2251 2450 qnaa
2279 2379 2442 2433 vetita
2479 2387 2605 2433 sunt
2625 2358 2915 2451 lioquatur.
2973 2381 3116 2436 Cave
3148 2358 3355 2437 evertat
3390 2394 3438 2438 te
3467 2385 3561 2438 ira:

1982 2483 2185 2535 aestus;
2219 2488 2350 2526 cave
2381 2472 2617 2527 obruant
2666 2481 2718 2527 te
2780 2473 2923 2528 ictus
2981 2474 3371 2545 formidinum;
3426 2494 3561 2534 cave

1984 2567 2267 2635 immergat
2307 2574 2358 2618 te
2386 2580 2525 2619 onus
2547 2565 2801 2621 tristitire.
2839 2565 3062 2623 Fluctus
3084 2568 3397 2624 affectiones
3432 2584 3560 2628 sunt

1983 2656 2171 2720 animi,
2199 2656 2397 2725 quibus
2425 2656 2670 2710 altiorem
2705 2665 2755 2711 te
2784 2657 2828 2710 si
2864 2660 3168 2715 constituas
3193 2701 3207 2727 ,
3263 2662 3373 2716 eris
3403 2679 3563 2718 secn-

1985 2764 2080 2802 rus
2113 2749 2235 2801 vita:
2263 2750 2614 2816 gubernator.
2663 2747 2793 2813 Sed,
2826 2750 2871 2803 si
2904 2766 3014 2804 non
3040 2752 3175 2806 scite
3202 2768 3263 2806 ac
3306 2764 3565 2809 constan-

1986 2849 2067 2894 ter
2099 2840 2291 2893 liorum
2326 2840 2605 2909 quodlibet
2662 2842 3047 2905 declinaveris,
3084 2845 3231 2899 velut
3282 2848 3561 2916 navigium

1986 2932 2255 3001 quoddam
2292 2949 2400 2986 non
2448 2934 2795 2987 saburratum
2822 2975 2838 2997 ,
2876 2937 3153 2991 continuis
3190 2938 3312 2992 vitae
3344 2940 3565 2993 casibus

1986 3024 2375 3085 circumactus,
2416 3024 2469 3077 in
2500 3026 2708 3094 peccati
2762 3027 2951 3097 pelago
3007 3028 3376 3097 submergere.
3421 3029 3560 3082 Audi

1988 3112 2151 3182 igitur
2180 3113 2273 3182 qui
2307 3113 2420 3167 ﬁeri
2473 3115 2666 3182 possit,
2697 3115 2793 3168 tibi
2843 3125 2901 3169 ut
2952 3117 3177 3170 accedat
3225 3118 3563 3187 gubernandi

1991 3205 2203 3272 peritia.
2246 3204 2363 3259 Mos
2392 3214 2473 3259 est
2509 3207 2889 3275 navigantibus
2922 3208 2974 3259 in
3009 3209 3207 3261 caelum
3244 3211 3562 3278 suspicere,

1992 3296 2224 3366 indeque
2276 3297 2642 3367 navigationis
2696 3313 2918 3352 cursum
2964 3299 3279 3363 instituere,
3324 3301 3563 3355 interdiu

1990 3388 2205 3456 quidem
2236 3403 2335 3458 ope
2368 3390 2521 3453 solis,
2559 3397 2722 3442 noctu
2748 3405 2875 3443 vero
2908 3390 3063 3460 113
3102 3406 3205 3460 ope
3242 3390 3415 3457 Ursae,
3469 3402 3564 3447 aut

1992 3482 2217 3536 alterius
2243 3481 2486 3549 cujusvis
2532 3497 2596 3535 ex
2636 3482 2699 3535 iis
2738 3498 2858 3553 qua:
2890 3498 3104 3552 semper
3133 3484 3316 3539 lucent
3345 3486 3519 3541 stellis
3544 3527 3560 3549 ,

1992 3572 2295 3641 horumque
2319 3573 2484 3626 ductu
2522 3588 2737 3642 semper
2774 3582 2980 3627 rectum
3028 3575 3354 3642 conjectare.
3390 3575 3455 3629 Et
3502 3586 3561 3630 tu

1992 3664 2154 3733 igitur
2191 3665 2381 3719 oculos
2433 3665 2485 3717 in
2536 3665 2736 3719 cmlnm
2768 3666 2973 3731 attolle,
3002 3666 3156 3734 juxta
3188 3684 3311 3722 eum
3341 3670 3435 3738 qui
3479 3670 3563 3723 di-

1992 3753 2069 3805 xit
2096 3772 2108 3806 :
2141 3752 2221 3803 Ad
2243 3764 2290 3805 te
2313 3754 2474 3807 levavi
2498 3755 2671 3806 oculos
2704 3770 2865 3817 meos,
2894 3756 2981 3824 qui
3002 3755 3211 3810 habitas
3249 3758 3301 3810 in
3330 3758 3470 3812 caelis
3492 3762 3560 3813 7’.

1991 3842 2223 3911 Respice
2257 3845 2323 3898 ad
2356 3845 2522 3898 solem
2550 3845 2794 3913 justilize,
2822 3853 2983 3914 teque
3013 3845 3227 3902 Domini
3260 3851 3557 3913 mandatis,

1992 3932 2165 3986 instar
2216 3934 2782 4001 splendidissimorum
2837 3937 3197 4005 quorumdam
3248 3952 3561 4001 aSIrorum,

1992 4024 2374 4094 dirigentibus,
2406 4025 2546 4079 habe
2583 4027 2801 4079 oculum
2834 4027 3139 4082 insomnem
3167 4067 3182 4091 ,
3230 4030 3406 4084 oculis
3455 4030 3564 4083 tuis

1993 4132 2102 4170 non
2130 4118 2376 4186 praebens
2406 4132 2679 4178 somnum.
2713 4134 2890 4188 neque
2910 4119 3186 4189 palpebris
3217 4122 3328 4176 tuis
3355 4121 3564 4175 dormi-

1992 4208 2251 4262 tationem
2304 4210 2387 4271 ⁸ο,
2442 4216 2501 4261 ut
2559 4216 2612 4262 te
2651 4220 2913 4279 perpetuo
2960 4211 3234 4266 deducant
3282 4213 3562 4267 mandata.

1996 4297 2231 4351 Lucerna
2266 4299 2431 4362 enim,
2467 4299 2662 4367 inquit,
2691 4300 2905 4367 pedibus
2936 4303 3063 4354 meis
3099 4302 3181 4355 lea:
3227 4312 3352 4366 tua,
3400 4314 3449 4357 et
3481 4304 3563 4356 lu—

1992 4406 2108 4443 men
2142 4390 2341 4442 semitis
2373 4391 2497 4442 meis
2521 4392 2586 4445 “.
2622 4392 2854 4457 Etenim,
2884 4394 2928 4447 si
2968 4393 3123 4448 clavo
3168 4411 3446 4464 nunquam
3479 4396 3562 4447 in-

1992 4481 2301 4542 dormieris,
2328 4481 2456 4533 dum
2488 4482 2540 4535 in
2575 4482 2677 4537 hac
2710 4483 2820 4537 vita
2850 4485 3167 4548 versabere,
3214 4490 3269 4539 in
3320 4486 3561 4541 instabili

1993 4574 2201 4627 scilicet
2229 4588 2408 4627 rerum
2438 4574 2838 4629 mundanarum
2892 4585 3033 4631 statu
3056 4617 3071 4643 ,
3126 4577 3361 4647 Spiritus
3404 4594 3560 4647 opem

1995 4680 2350 4734 consequere,
2385 4668 2476 4735 qui
2507 4675 2559 4720 te
2589 4667 2817 4723 ulterius
2853 4668 3105 4733 deducet,
3136 4678 3189 4722 et
3213 4670 3423 4723 lenibus
3456 4684 3557 4722 au-

1998 4756 2075 4809 ris
2109 4766 2268 4824 atquc
2293 4755 2535 4824 paciﬁcis
2565 4765 2683 4812 tuto
2706 4760 3043 4814 transvehet.
3076 4760 3248 4813 donec
3274 4760 3561 4815 incolumis

964 4862 1011 4924 1⁸
1053 4894 1192 4946 Psal.
1233 4908 1437 4953 vain,
1474 4892 1527 4945 3.
1604 4892 1649 4921 "’
1690 4890 1834 4945 Psal.
1870 4905 2056 4949 cxxu,
2100 4889 2147 4944 1.
2224 4891 2269 4921 ⁸ο
2310 4889 2452 4943 Psal.
2487 4906 2689 4957 cxxxi,
2728 4894 2781 4946 4.
2860 4894 2902 4925 ⁸¹
2945 4893 3088 4948 Psal.
3125 4908 3321 4954 cxvm,
3362 4894 3482 4949 105.

2069 5001 2688 5077 (62)ABegii_duo_mss.
2740 5005 3107 5077 προσγένοιτο.
3160 5006 3403 5061 Subinde
3452 5009 3561 5062 duo

1995 5072 2468 5145 mssLColbertini
2492 5075 2722 5145 semitm
2761 5072 2855 5129 τοῦ
2894 5072 3115 5129 πλοίου.
3150 5078 3254 5130 Alii
3284 5079 3394 5131 duo
3424 5095 3557 5135 mss.

1992 5150 2046 5196 et
2079 5143 2211 5195 editi
2243 5142 2330 5195 τοῦ
2366 5143 2521 5205 πλοῦ,
2549 5142 2717 5200 recte.

2062 5212 2298 5285 (63)7Si_c
2325 5214 2447 5285 duo
2479 5215 2776 5285 Golbertini
2811 5224 2863 5268 et
2910 5214 3042 5285 Reg.
3086 5217 3381 5273 secundus.
3418 5218 3558 5273 Editi

1990 5281 2482 5357 ἔχωνΔτδ-βλέμμα.
2519 5284 2673 5357 Colb.
2710 5287 2905 5357 tertius
2931 5281 3069 5355 ἔχῶν
3093 5287 3152 5338 τὸ
3182 5288 3355 5357 ὄμμα.

2060 5352 2685 5431 (64)Ε(1ηίπροφανέσι.
2722 5355 2945 5410 Veteres
2981 5352 3370 5425 Valiquot'libri
3411 5374 3562 5431 περι-

1984 5424 2194 5492 φανέσι.

2059 5493 2343 5570 t65lhﬂeg.
2387 5497 2609 5570 primus
2642 5494 2792 5566 παρὰ
2829 5495 2922 5548 τοῦ
2958 5498 3206 5570 Σωτῆρος
3248 5498 3558 5570 συνεργίαν,

1988 5581 2149 5649 ςρεηξ⁷
2170 5563 2501 5649 Saluatoris:
2527 5563 2822 5633 Aliquanto
2858 5578 2980 5636 post
3036 5563 3177 5649 idem
3230 5563 3399 5649 codex
3425 5563 3431 5565 ⁷
3454 5568 3559 5649 έως

1988 5635 2073 5689 ἄν.
2109 5632 2226 5688 Vox
2250 5632 2662 5705 ἀτελευτήτους,
2697 5652 2817 5706 quae
2854 5632 2977 5693 mox
3012 5641 3286 5709 sequitur,
3318 5640 3471 5695 deest
3503 5639 3562 5693 iu

1990 5706 2267 5774 aliquibus
2290 5706 2593 5762 codicibus.
