4036 6236
473 334 579 389 425

1781 333 1841 390 S.
1883 330 2131 388 BASILII
2171 334 2388 390 MAGNI

3627 343 3730 397 ΔΕΗ

474 448 673 502 evadas
705 448 768 506 ac)
805 447 1155 518 tranquillum
1201 448 1353 501 illum
1405 461 1469 499 ac
1525 461 1780 500 serenum
1831 455 2028 515 portun

2153 447 2316 518 λήψῃ,
2345 449 2763 518 προπέμποντος
2794 451 2872 513 είς
2898 450 2964 503 τὸ
2994 450 3318 522 ἔμπροσθεν.
3353 452 3443 503 καὶ
3475 453 3728 522 πραείαις

478 539 775 593 voluntatis
809 538 936 603 Dei,
973 540 1059 593 cui
1098 540 1268 608 gloria
1321 547 1375 592 et
1413 538 1700 608 imperium
1758 539 1811 591 in
1845 547 2051 592 aeterna

474 630 671 683 secula
700 631 1044 686 saeculorum.
1075 631 1268 684 Amen.

2157 539 2349 610 αὔραις
2395 541 2488 592 καὶ
2541 543 2842 610 εἰρηνικαῖς
2893 542 3149 611 ἀσφαλῶς
3192 561 3250 594 σε
3295 543 3729 612 διακομίζοντος,

2156 630 2260 694 ἓως
2308 632 2598 703 ἀποσωθῇς
2641 634 2778 703 πρὸς
2817 634 2909 686 τὸν
2953 635 3200 705 ἀκύμονα
3245 639 3450 688 ἐκεῖνον
3488 637 3582 689 καὶ
3635 636 3717 690 εὕ-

469 727 578 779 διον
609 720 801 790 λιμένα
829 721 924 774 τοῦ
973 720 1275 792 θελήματος
1321 720 1416 774 τοῦ
1447 719 1604 774 Θεοῦο
1636 716 1679 790 ᾧ
1715 723 1747 792 ή
1778 721 1904 787 δόξα
1930 721 2023 774 καὶ
2059 720 2121 773 τὸ
2166 723 2367 794 κράτος
2400 726 2477 786 εἰς
2505 724 2631 788 τοὺς
2661 724 3054 796 ἀτελευτήτους
3107 728 3308 793 αἰῶνας
3325 729 3435 782 τῶν
3493 728 3706 783 αἰώνων

483 808 541 863 ’Δ
549 814 679 883 μήν.

1023 1109 1309 1165 HOMILIA
1347 1108 1482 1166 XIII.

717 1227 1101 1282 Exhortatoria
1130 1224 1197 1277 ad
1233 1234 1475 1277 sanctum
1510 1224 1792 1292 baptisma.

538 1349 589 1401 1.
629 1343 860 1415 Sapiens
898 1342 988 1395 ille
1020 1339 1299 1399 Salomon,
1339 1354 1520 1393 rerum
1553 1340 1606 1392 in
1638 1340 1745 1392 vita
1777 1339 2044 1410 gerenda-

462 1454 586 1494 rum
631 1447 872 1507 tempora
913 1434 1292 1502 distinguens,
1345 1440 1399 1486 et
1449 1431 1681 1500 singulis
1727 1448 1849 1501 quae
1905 1432 2043 1486 ﬁunt

2067 991 3703 1022 ...ἡ-*Μή

2741 1119 2981 1172 ΟΜῘΛΙΑ
3030 1119 3127 1174 II".

2327 1228 2728 1294 ιιροτρεπτικὴ
2771 1232 2858 1294 είς
2895 1229 2962 1283 τὸ
3001 1231 3174 1301 ἅγιον
3209 1234 3543 1305 βάπτισμα.

2222 1317 2270 1372 1.
2290 1317 2346 1370 Ὀ
2383 1319 2480 1388 μὲν
2512 1321 2670 1388 σοφὸς
2705 1322 2974 1392 Σολομὼν,
3009 1325 3116 1377 τῶν
3150 1326 3290 1380 κατὰ
3316 1327 3405 1382 τὸν
3430 1329 3543 1400 βίον
3578 1348 3728 1404 πρα-

2149 1411 2374 1480 γμάτων
2403 1413 2527 1476 τοὺς
2549 1416 2774 1485 καιροὺς
2803 1415 3046 1487 διαιρῶν,
3075 1417 3169 1470 καὶ
3195 1419 3408 1492 ἑκάστῳ
3435 1422 3543 1476 τῶν
3572 1441 3727 1492 γινο-

463 1533 718 1588 idoneum
763 1528 1083 1598 assignans,
1125 1526 1247 1578 ait:
1292 1522 1548 1578 Omnibus
1598 1533 1801 1593 tempus
1837 1536 1914 1579 est
1941 1565 1957 1586 ,
1997 1542 2024 1578 e

2150 1503 2324 1572 μένων
2356 1503 2445 1558 τὸν
2485 1507 2786 1576 ἐπιτήδειον
2832 1509 3128 1580 ἀφορίζων,
3175 1511 3300 1583 ἔφη·
3362 1515 3488 1586 Τοῖς
3531 1517 3727 1576 πᾶσιν

463 1631 664 1692 tempus
698 1621 840 1674 omni
885 1619 961 1672 rei
1001 1628 1125 1672 est:
1167 1627 1365 1685 tempus
1415 1615 1692 1683 pariendi,
1747 1625 1798 1668 et
1847 1625 2046 1685 tempus

463 1711 719 1766 moriendi
747 1711 813 1764 ⁸³.
847 1709 960 1780 Ego
988 1724 1120 1763 vero
1152 1708 1434 1761 immutata
1460 1707 1742 1776 paululum
1775 1707 2043 1775 sapientis

2144 1596 2177 1647 ό
2204 1597 2444 1664 χρόνος,
2485 1597 2583 1650 καὶ
2620 1597 2826 1666 καιρὸς
2856 1599 2936 1664 τῷ
2965 1601 3140 1654 παντὶ
3174 1603 3486 1674 πράγματι·
3514 1609 3728 1677 καιρὰς

2141 1689 2248 1743 τοῦ
2279 1689 2490 1752 τεκεῖν,
2528 1688 2624 1742 καὶ
2659 1691 2864 1758 καιρὸς
2887 1690 2992 1744 τοῦ
3012 1693 3352 1747 ἀποθανεῖν·
3388 1696 3499 1764 ἐγὼ
3521 1697 3597 1762 δὲ,
3627 1715 3723 1768 μι-

463 1802 732 1856 sententia
759 1839 775 1862 ,
815 1799 1047 1853 dixerim
1079 1798 1236 1851 vobis
1285 1797 1427 1850 inter
1481 1796 1915 1850 annuntiandum
1949 1813 2028 1850 sa-

2143 1779 2273 1852 κρὸν
2299 1779 2389 1833 τοῦ
2424 1780 2588 1849 σοφοῦ
2618 1781 2718 1852 τὴν
2751 1782 3024 1852 ἀπόφασιν
3057 1783 3388 1852 ὑπαλλάξας,
3417 1787 3626 1860 εἴποιμι
3652 1791 3721 1844 ἂν

463 1893 638 1948 lutare
673 1891 1001 1961 praeconium
1031 1929 1045 1952 ,
1079 1897 1294 1957 tempus
1328 1887 1595 1941 moriendi
1629 1901 1769 1949 esse,
1803 1894 1858 1940 et
1905 1898 2040 1941 tem-

463 2001 564 2056 pus
596 1985 876 2040 nascendi.
934 1984 1211 2048 Quorsum
1244 1981 1331 2034 hic
1369 1993 1550 2033 sermo
1586 1979 1874 2033 mutatus?
1900 1977 2038 2043 Quia

465 2078 552 2131 ille
574 2079 790 2148 quidem
823 2076 888 2130 de
917 2082 1038 2130 ortu
1084 2073 1418 2142 interituque
1475 2072 1756 2126 disserens
1777 2111 1792 2134 ,
1844 2086 2041 2140 corpo-

465 2181 612 2223 ream
666 2176 917 2222 naturam
972 2174 1234 2228 secutus,
1285 2173 1464 2218 ortum
1520 2165 1682 2217 morti
1747 2162 2042 2233 pneposuit

462 2259 601 2330 (fieri
629 2261 776 2314 enim
809 2274 918 2312 non
960 2264 1172 2326 potest,
1213 2263 1274 2310 ut
1317 2263 1545 2309 mortem
1585 2256 1898 2324 experiatur
1945 2255 2038 2323 qui

460 2351 614 2421 prius
643 2357 807 2404 natus
839 2365 950 2403 non
981 2350 1073 2417 sit)
1107 2366 1121 2402 :
1159 2363 1259 2418 ego
1290 2362 1418 2401 vero
1446 2347 1515 2400 de
1551 2347 1899 2417 generatione
1927 2345 2042 2415 spi—

460 2444 643 2498 rituali
671 2443 837 2497 verba
867 2441 1132 2503 facturus,
1160 2447 1395 2492 mortem
1425 2438 1546 2492 vita:
1586 2453 1863 2507 prmpono.
1899 2436 2037 2491 Cum

456 2534 602 2592 enim
647 2547 812 2587 carne
843 2533 1137 2592 morimur,
1188 2529 1457 2598 contingit
1513 2531 1671 2583 nobis
1725 2537 1783 2582 ut
1841 2529 2038 2598 spiritu

461 2639 774 2685 nascamur,
805 2624 882 2676 uti
916 2623 1033 2692 ipse
1058 2637 1274 2692 quoque
1293 2621 1554 2674 Dominus
1589 2622 1664 2674 ait
1699 2639 1711 2674 :
1753 2620 1862 2690 Ego
1886 2621 2039 2674 occi-

457 2717 604 2778 dam,
641 2726 688 2770 et
721 2720 888 2770 vivere
921 2717 1118 2784 faciam
1149 2715 1217 2769 ⁸³.
1245 2713 1543 2768 Moriamur
1577 2713 1766 2782 igitur,
1802 2721 1860 2766 ut
1885 2714 2037 2768 viva-

459 2822 601 2861 mus.
637 2806 975 2860 Perimamus
1005 2805 1257 2860 allectum
1291 2805 1496 2864 carnis,
1525 2805 1618 2873 qui
1649 2803 1742 2858 Dei
1775 2805 1879 2874 legi
1910 2805 2038 2858 sub-

454 2898 547 2967 jici
581 2914 688 2951 non
724 2907 900 2967 potest
943 2898 1030 2963 “,
1088 2905 1148 2949 ut
1196 2895 1378 2950 valida
1429 2895 1658 2964 spiritus
1713 2894 1927 2949 aII‘ectio
1981 2895 2035 2950 in

459 2990 618 3044 nobis
652 2989 905 3059 gignatur
930 3029 946 3053 ,
981 2989 1124 3042 unde
1157 2987 1268 3041 vita
1299 3002 1512 3056 paxque
1559 2987 1699 3041 solet
1731 2985 1886 3041 oriri.
1938 2986 2036 3042 Se-

456 3080 728 3151 peliamur
762 3096 869 3133 una
899 3095 1023 3133 cum
1053 3078 1297 3142 Christo,
1344 3079 1436 3148 qui
1472 3093 1571 3148 pro
1600 3079 1758 3134 nobis
1784 3085 2036 3134 mortuus

2143 1873 2431 1944 κηρύσσων
2461 1873 2588 1944 ύμῖν
2621 1873 2681 1925 τὸ
2707 1875 2970 1945 σωτήριον
3001 1867 3278 1947 κήρυγμα,
3302 1879 3383 1931 ὅτι
3412 1882 3603 1951 καιρὸς
3620 1881 3719 1935 τοῦ

2141 1965 2454 2028 ἀποθανεῖν,
2485 1965 2580 2018 καὶ
2619 1965 2809 2035 καιρὸς
2849 1966 2944 2018 τοῦ
2980 1968 3323 2039 γεννηθῆναι.
3360 1971 3456 2034 Τίς
3489 1972 3545 2025 δὲ
3573 1975 3601 2026 6
3627 1972 3719 2026 λό-

2141 2074 2235 2125 γος
2261 2056 2369 2127 (66)
2394 2057 2490 2126 τῆς
2523 2055 2858 2126 ὲναλλαγῆςς
2898 2057 3018 2111 Ὀτι
3047 2060 3075 2110 6
3109 2059 3206 2129 μὲν
3239 2061 3369 2132 περὶ
3398 2061 3505 2114 τῶν
3537 2064 3597 2116 ὲν
3631 2079 3720 2130 γει

2142 2149 2285 2202 νὲσει
2320 2151 2413 2201 καὶ
2452 2148 2628 2220 φθορᾷ
2657 2147 3058 2219 διαλεγόμενος,
3094 2152 3160 2222 τῇ
3193 2155 3478 2221 σωματικῇ
3513 2152 3719 2222 ἑπόμε-

2142 2260 2230 2305 νος
2252 2241 2431 2310 φύσει,
2463 2241 2562 2310 τὴν
2585 2242 2799 2310 γένεσιν
2825 2240 3089 2310 προέταξε
3115 2241 3209 2295 τοῦ
3239 2242 3468 2296 Θανάτου
3498 2245 3717 2314 (ἀδύνα-

2139 2351 2230 2386 τον
2253 2333 2362 2404 γὰρ
2387 2333 2618 2386 θανάτου
2647 2334 2841 2402 πεῖραν
2860 2332 3043 2386 λαϐεῖν
3075 2333 3166 2386 τὸν
3199 2333 3272 2406 μή
3296 2336 3558 2408 πρότερον
3582 2353 3716 2405 γεν-

2141 2425 2414 2496 νηθέντα)’
2436 2425 2544 2491 ἐγὼ
2559 2425 2635 2489 δὲ,
2653 2425 2780 2496 περὶ
2798 2425 2898 2494 τῆς
2915 2426 3286 2496 πνευματικῆς
3305 2426 3716 2500 ἀναγεννήσεως

2139 2519 2229 2572 τὸν
2267 2519 2421 2587 λόγον
2462 2517 2729 2571 ποιεῖσθαι
2761 2518 2988 2588 μέλλων,
3035 2518 3124 2572 τὸν
3157 2518 3383 2573 θάνατον
3415 2519 3712 2593 προτίθημι

2141 2613 2236 2683 τῆς
2254 2612 2416 2682 ζωῆς.
2439 2611 2538 2664 Διά
2557 2611 2666 2683 γὰρ
2680 2612 2774 2664 τοῦ
2791 2611 3080 2666 ἀποθανεῖν
3100 2614 3165 2683 τῇ
3191 2614 3352 2682 σαρκὶ
3373 2614 3714 2684 περιγίνεται

2139 2707 2269 2775 ἡμῖν
2303 2707 2364 2758 τὸ
2395 2704 2722 2776 γεννηθῆναι
2754 2705 2831 2776 τῷ
2873 2705 3163 2776 πνεύματι,
3205 2705 3348 2758 καθά
3388 2722 3520 2776 φησι
3549 2706 3644 2759 καὶ
3682 2705 3716 2760 6

2139 2799 2361 2870 Κύριος·
2381 2798 2520 2868 Ἐγὼ
2535 2797 2862 2862 ἀποκτενῶ,
2883 2799 2978 2852 καὶ
2997 2797 3101 2866 ζῇν
3123 2796 3372 2864 ποιήσω.
3402 2799 3715 2853 Ἀποθάνω-

2143 2909 2239 2962 μεν
2257 2887 2368 2953 οὖν,
2389 2891 2475 2944 ἵνα
2499 2890 2772 2961 ζήσωμεν.
2792 2891 3223 2960 Ἀποκτείνωμεν
3244 2889 3305 2941 τὸ
3326 2889 3578 2960 φρόνημα
3593 2890 3713 2962 (67)

2136 2983 2234 3053 τῆς
2277 2981 2496 3053 σαρκὸς,
2531 2983 2590 3035 τὸ
2623 2983 2695 3052 μὴ
2736 2981 3032 3051 δυνάμενον
3071 2981 3408 3050 ὑποταγῆναι
3445 2982 3520 3052 τῷ
3559 2983 3716 3053 νόμῳ

2137 3073 2232 3127 τοῦ
2273 3074 2429 3140 Θεοῦ,
2480 3075 2568 3127 ἵνα
2596 3075 2656 3127 τὸ
2700 3074 2951 3144 φρόνημα
2987 3073 3080 3126 τοῦ
3132 3073 3439 3144 πνεύματος
3489 3075 3714 3146 ἰσχυρὸν

455 3175 562 3229 est,
587 3175 647 3220 ut
679 3168 842 3222 etiam
875 3182 982 3221 una
1009 3182 1135 3221 cum
1163 3168 1404 3230 Christo,
1433 3167 1529 3237 qui
1577 3166 1738 3223 nobis
1786 3182 2028 3222 resurre-

2133 3166 2266 3234 ἡμῖν
2282 3163 2388 3234 (68)
2410 3165 2718 3234 ἐγγένηται,
2737 3163 2804 3216 δι’
2817 3158 2877 3217 οὗ
2895 3163 3007 3234 ζωὴ
3025 3162 3118 3217 καὶ
3134 3164 3319 3234 εἰρήνη
3338 3160 3714 3234 περιγίνεσθαι

455 3259 658 3313 etionis
691 3267 882 3312 auctor
910 3259 1030 3321 luit,
1062 3273 1434 3329 resnrgamus.
1464 3260 1703 3329 Tempus
1730 3259 1874 3314 aliud
1907 3261 2032 3314 aliis

457 3350 674 3420 quidem
703 3351 867 3405 rebus
889 3351 1142 3405 idoneum
1169 3359 1254 3406 est
1284 3367 1297 3402 :
1333 3351 1614 3420 proprium
1654 3352 1871 3417 somni,
1907 3367 2033 3420 pro-

457 3444 636 3512 prium
660 3444 965 3515 vigiliarum
986 3483 1002 3506 ,
1041 3443 1318 3513 proprium
1347 3444 1492 3509 belli,
1521 3443 1802 3512 pr0prium
1831 3445 1981 3512 pacis
2014 3461 2028 3497 :

456 3535 551 3591 sed
576 3535 920 3605 baptismatis
947 3543 1162 3603 tempus
1188 3543 1300 3586 tota
1344 3534 1624 3587 hominum
1646 3535 1757 3588 vita
1782 3543 1886 3588 est.
1926 3535 2032 3590 Ne-

455 3641 564 3696 que
587 3627 732 3680 enim
762 3640 961 3695 corpus
991 3624 1136 3694 quod
1163 3640 1272 3679 non
1321 3624 1576 3693 respirat,
1615 3625 1817 3688 vivere,
1855 3641 2032 3695 neque

455 3718 639 3770 anima
668 3732 790 3787 qua:
820 3717 1168 3771 Conditorem
1225 3733 1334 3770 non
1390 3717 1694 3787 cognoscit,
1727 3718 2030 3773 consistere

454 3815 654 3875 potest.
703 3808 794 3861 Dei
840 3809 986 3861 enim
1020 3807 1289 3877 ignoratio
1340 3808 1535 3861 anima:
1579 3823 1728 3862 mors
1779 3820 1882 3864 est.
1925 3809 2030 3874 Qui

453 3908 635 3955 autem
667 3916 774 3955 non
804 3900 1130 3970 baptizatus,
1157 3901 1246 3952 ille
1276 3915 1376 3953 nec
1405 3899 1742 3954 illuminatus
1761 3909 1865 3956 est.
1888 3901 2028 3956 Rur-

455 4006 551 4045 sus
582 3992 700 4045 sine
733 3992 873 4056 luce,
909 4006 1010 4045 nec
1043 3992 1235 4046 oculus
1265 4005 1385 4060 quae
1413 4006 1511 4044 sua
1539 4000 1668 4060 sunt
1698 3993 1894 4056 cernit,
1928 4008 2028 4045 nec

453 4082 634 4134 anima
693 4080 861 4136 Deum
913 4081 1267 4150 contemplari
1327 4089 1524 4149 potest.
1581 4081 1766 4150 Itaque
1814 4089 2026 4151 tempus

451 4185 614 4225 omne
644 4170 712 4223 ad
741 4171 970 4224 salutem
1021 4185 1118 4239 per
1162 4170 1430 4238 baptisma
1478 4171 1884 4240 adipiscendam
1915 4187 2030 4241 op—

451 4271 747 4331 portunum
795 4269 879 4314 est
927 4279 941 4316 :
994 4261 1110 4316 sive
1169 4261 1329 4332 114.
1379 4269 1596 4316 noctem
1645 4262 1838 4328 dicas,
1911 4264 2025 4318 sive

450 4352 617 4414 diem,
654 4352 769 4405 sive
806 4357 996 4405 horam
1021 4393 1036 4417 ,
1085 4353 1201 4406 sive
1233 4353 1494 4421 temporis
1544 4365 1806 4422 punctum
1835 4393 1851 4417 ,
1909 4356 2024 4412 sive

415 4467 418 4469 λ
448 4442 667 4513 quidvis
702 4442 1150 4498 minutissimum.
1184 4442 1420 4498 Credere
1451 4453 1630 4498 tamen
1660 4460 1758 4514 par
1788 4453 1874 4500 est
1902 4487 1916 4507 ,
1969 4448 2023 4501 id

448 4544 663 4604 tempus
694 4536 1058 4603 opportunius
1103 4550 1249 4597 esse,
1283 4535 1431 4604 quod
1483 4535 1648 4590 fuerit
1681 4538 1854 4606 magis
1899 4553 2022 4608 pro-

447 4627 625 4696 prium
653 4626 935 4696 magisque
986 4626 1162 4680 aliine.
1215 4625 1357 4692 Quid
1403 4634 1582 4682 autem
1622 4629 1882 4696 majorem
1922 4629 2020 4682 ha-

446 4719 572 4773 bere
592 4725 772 4788 potest
785 4732 910 4770 cum
933 4717 1254 4786 baptismate
1279 4718 1680 4787 cognationem,
1699 4735 1864 4788 quam
1894 4719 2013 4776 dies

444 4808 762 4866 Paschalis?
789 4809 915 4864 Haec
948 4810 1093 4865 enim
1123 4808 1240 4865 dies
1275 4817 1688 4864 monumentum
1711 4817 1794 4864 est
1824 4826 2016 4864 resur-

444 4904 704 4958 rectionis
736 4924 748 4958 :
784 4902 1050 4972 baptisma
1083 4917 1214 4956 vero
1240 4903 1320 4956 vis
1349 4908 1435 4957 est
1475 4906 1638 4971 atque
1671 4901 1903 4957 facultas
1932 4917 2017 4957 rc-

2137 3258 2366 3326 πέφυκε.
2400 3257 2767 3326 Συνταφῶμεν
2794 3257 2871 3327 τῷ
2891 3256 3110 3328 Χριστῷ
3145 3256 3222 3328 τῷ
3242 3257 3383 3328 ὑπὲρ
3405 3257 3556 3328 ήμῶν
3576 3258 3716 3311 ἀποο

2134 3347 2368 3410 θανόντι,
2387 3348 2472 3400 ἵνα
2491 3348 2583 3400 καὶ
2607 3347 2922 3401 συναναστῶ
2929 3365 3028 3417 μεν
3045 3347 3122 3418 τῷ
3144 3350 3273 3418 ἡμῖν
3289 3348 3384 3420 τὴν
3413 3349 3716 3402 ἀνάστασιν

2135 3439 2548 3510 προξενήσαντι.
2569 3440 2773 3510 Καιρὸς
2793 3439 2890 3510 μὲν
2906 3436 2996 3493 οὖν
3013 3441 3190 3504 ἄλλοις
3204 3441 3361 3504 ἄλλος
3381 3443 3710 3513 ἐπιτήδειος·

2135 3530 2263 3594 iam;
2294 3531 2484 3593 ὕπνου,
2534 3531 2621 3584 καὶ
2661 3531 2789 3594 ἴδιος
2820 3532 3199 3601 ἐγρηγόρσεως
3220 3550 3232 3562 ο
3283 3534 3414 3598 ἴδιος
3443 3535 3710 3606 πολέμου,

2132 3621 2226 3674 καὶ
2267 3623 2396 3685 ἴδιος
2437 3624 2694 3694 εἰρήνης’
2748 3623 2932 3693 καιρὸς
2975 3623 3032 3676 δὲ
3079 3624 3450 3696 βαπτίσματος
3495 3628 3636 3691 ἄπας
3681 3629 3716 3682 6

2131 3713 2238 3767 τῶν
2263 3713 2564 3783 ἀνθρώπων
2609 3713 2740 3784 βίος.
2774 3714 2910 3767 Οὔτε
2934 3716 3041 3787 γὰρ
3087 3715 3299 3787 σώματι
3325 3716 3424 3789 ζῇν
3461 3717 3533 3790 μὴ
3575 3721 3715 3773 ἀνα-

2132 3805 2345 3858 πνέοντι
2385 3805 2628 3870 δυνατὸν,
2662 3804 2785 3858 οὔτε
2815 3805 2960 3876 ψυχῇ
3005 3809 3342 3871 συνεστάναι,
3382 3809 3456 3881 μή
3501 3827 3709 3880 γνωρι-

2131 3896 2298 3970 ζούσῃ
2338 3897 2427 3950 τὸν
2466 3898 2747 3950 κτίσαντα.
2776 3897 2910 3949 Θεοῦ
2945 3896 3053 3968 γάρ
3089 3897 3280 3965 ἄγνοια
3328 3898 3554 3962 θάνατός
3586 3901 3711 3954 ἐστι

2127 3989 2323 4058 ψυχῆς.
2367 3989 2424 4042 '0
2465 3988 2523 4041 δὲ
2565 3989 2638 4059 μὴ
2683 3987 2996 4058 βαπτισθεὶς
3028 3989 3090 4041 ού
3140 3988 3495 4059 πεφὼτισται.
3539 3991 3711 4045 Ἀνευ

2128 4079 2185 4132 δὲ
2207 4079 2384 4148 φωτὸς
2405 4077 2526 4132 οὔτε
2555 4079 2830 4149 ὀφθαλμὸς
2849 4078 2918 4131 τὰ
2941 4079 3133 4133 ἑαυτοῦ
3158 4081 3385 4152 καθορᾷ,
3409 4080 3530 4134 οὔτε
3553 4081 3710 4154 ψυχὴ

2127 4172 2263 4224 Θεοῦ
2290 4171 2545 4237 δέξασθαι
2572 4169 2793 4224 δύναται
2827 4170 3080 4242 θεωρίαν.
3110 4173 3225 4235 Πᾶς
3259 4172 3356 4243 μὲν
3387 4169 3478 4226 οὗν
3511 4173 3709 4246 χρόνος

2128 4265 2408 4334 εὐκαιρίαν
2437 4263 2548 4334 ἔχει
2584 4263 2719 4334 πρὸς
2747 4263 2845 4334 τὴν
2877 4263 2963 4316 διὰ
2995 4262 3089 4316 τοῦ
3123 4263 3498 4335 βαπτίσματος
3527 4281 3710 4338 σωτη-

2130 4354 2280 4425 ρίαν·
2313 4355 2415 4408 κᾶν
2443 4355 2611 4406 νύκτα
2649 4354 2831 4426 εἴπῃς,
2867 4355 2968 4409 κᾶν
2993 4354 3225 4426 ἡμέραν,
3259 4355 3361 4408 κᾶν
3393 4355 3560 4428 ὥραν,
3595 4356 3710 4412 κᾶν

2129 4445 2362 4516 στιγμὴν
2406 4445 2620 4515 χρόνου,
2650 4446 2750 4500 κάν
2779 4462 2828 4498 τι
2862 4445 2973 4514 (69)
3009 4445 3365 4516 βραχύτατον.
3412 4447 3598 4518 Πολλῷ
3641 4449 3708 4502 δὲ

2125 4537 2296 4607 δήπου
2327 4536 2472 4598 εἰκὸς
2497 4535 2932 4608 ἐπιτηδειότερον
2963 4532 3102 4589 εἶναι
3141 4537 3232 4589 τὸν
3262 4537 3604 4608 οἰκειότερον.
3635 4539 3709 4592 Τί

2125 4628 2170 4680 δ’
2196 4627 2262 4681 ἂν
2287 4627 2498 4694 γένοιτο
2539 4626 2639 4696 τῆς
2677 4627 2885 4700 ἡμέρας
2912 4627 3006 4680 τοῦ
3054 4628 3244 4699 Πάσχα
3277 4630 3709 4702 συγγενέστερον

2127 4718 2261 4788 πρὸς
2292 4718 2352 4770 τὸ
2389 4717 2704 4787 βάπτισμα;
2746 4717 2811 4770 Ἦ
2858 4717 2956 4788 μὲν
2985 4717 3093 4788 γὰρ
3139 4717 3321 4788 ήμέρα
3356 4719 3708 4789 μνημόσυνόν

2125 4811 2271 4861 ἐστιν
2295 4808 2641 4870 ἀναστάσεως
2661 4825 2673 4838 ο
2703 4808 2762 4861 τὸ
2787 4809 2844 4860 δὲ
2875 4807 3155 4878 βάπτισμα
3174 4807 3403 4879 δύναμίς
3423 4810 3539 4861 ἐστι
3562 4809 3708 4882 πρὸς

2123 4901 2220 4973 τὴν
2253 4901 2569 4955 ἀνάστασιν.
2608 4902 2695 4954 Ἐν
2724 4900 2900 4954 τοίνυν
2922 4903 2986 4970 τῇ
3014 4900 3370 4971 ἁναστασίμῳ
3393 4900 3576 4974 ἡμέρᾳ
3602 4902 3708 4972 τῆς

510 5061 555 5093 ³³
595 5060 772 5116 Eccle.
811 5076 906 5124 ιιι,
949 5060 1008 5122 I,
1043 5057 1094 5114 2.
1174 5058 1218 5088 ⁸³
1257 5055 1414 5111 Deut.
1452 5073 1638 5120 xxxii,
1676 5059 1763 5111 5:).
1840 5058 1885 5088 '“
1925 5057 2084 5111 Rom.
2121 5074 2214 5112 vm
2239 5097 2255 5122 ,
2295 5058 2348 5112 7.

512 5216 624 5283 (66)
660 5215 892 5269 Codices
928 5213 1148 5282 quidam
1179 5211 1563 5266 C'omheIisiani
1598 5225 1696 5280 pro
1719 5210 1876 5283 λόγος
1908 5210 2007 5283 hac

440 5280 570 5342 bent
599 5280 816 5358 τρόπος.
846 5280 1068 5358 Legitur
1098 5285 1400 5358 quidemet
1436 5284 1488 5335 iu
1512 5291 1709 5358 postro
1731 5280 2009 5358 Reg._p_ri:

443 5374 531 5410 mo
561 5351 655 5428 si;
676 5356 732 5408 δὲ
766 5357 794 5408 6
819 5351 1038 5428 τρόπος,
1089 5354 1185 5409 sed
1216 5352 1460 5407 additum
1508 5352 1609 5406 fuit
1653 5353 1709 5405 in
1741 5367 1837 5404 ora
1882 5351 2008 5406 libri

462 5444 528 5488 Ὦ.
553 5429 581 5480 6
599 5426 774 5488 λόγος.

437 5444 814 5568 ῗρξδοἹΐοῆῗδό,
846 5495 1254 5568 ἀποκτείνωμεν
1282 5491 1648 5568 τὸᾼφρόνημα,
1679 5499 1810 5568 etc._.
1845 5492 1922 5568 sic
1952 5491 2005 5544 in

441 5561 664 5637 Vulgata
695 5583 1018 5619 conversum
1048 5561 1298 5637 legiinus.
1330 5561 1642 5616 Occidamus
1667 5561 2004 5637 prudentiam

439 5632 631 5704 carnis,
689 5645 746 5688 ut
798 5637 1078 5702 prudentia
1106 5632 1350 5702 'spiritus
1399 5642 1668 5702 generetur
1712 5634 1764 5683 in
1803 5632 1952 5704 nobis
1983 5648 2002 5683 :

433 5724 597 5778 quam
646 5707 1160 5776 interpretationem
1216 5706 1598 5773 ascripsimus,
1660 5711 1717 5756 ut
1766 5703 2000 5772 quisque

2113 5211 2361 5283 seligere
2375 5211 2550 5283 possit
2579 5211 2726 5283 quod
2755 5211 2858 5283 sibi
2893 5212 3067 5283 magis
3099 5213 3428 5283 placiturum
3454 5216 3548 5271 sit.

2185 5281 2479 5356 (68)7C0_lb.
2507 5282 2718 5356 primus
2757 5281 3007 5356 καθαρὸν
3027 5281 3269 5356 ενίήμῖν.
3305 5282 3446 5338 Editi
3474 5287 3702 5356 ἰσχυρὸν

2112 5351 2344 5426 ξνηήμῖν
2391 5351 2701 5426 ἐγγένηται.
2723 5419 2734 5426 .
2758 5351 2913 5426 Regi
2936 5351 3239 5426 tertittsﬂév
3273 5356 3405 5424 ἡμῖν
3437 5351 3698 5426 γένηται.

2113 5419 2369 5493 ΑΙίιίςέιιιρ
2393 5437 2526 5493 mss.
2551 5419 2942 5493 γίσχυρδν-ήμῖν
2975 5422 3287 5493 ἐγγένηται.

2184 5490 2295 5561 (69)
2330 5491 2470 5545 Editi
2506 5489 2720 5561 κάνίίτι.
2763 5489 2986 5546 Veteres
3021 5489 3262 5561 quinque
3306 5493 3426 5547 libri
3470 5494 3576 5548 κᾶν
3610 5499 3695 5551 τό.

2113 5561 2407 5634 Aliquanto
2428 5571 2552 5634 post
2575 5560 2730 5634 Colb.
2763 5560 3053 5634 primusget
3075 5560 3242 5634 editio
3267 5562 3438 5619 Paris.
3467 5568 3530 5634 τῇ
3557 5567 3700 5619 cina-

2113 5631 2360 5703 στασίμῳ
2386 5632 2592 5703 ήμέρᾳ.
2619 5630 2732 5685 Vox
2765 5632 3036 5703 ultimarin
3069 5632 3191 5689 aliis
3217 5641 3452 5703 quatuor
3475 5630 3612 5692 mss.
3637 5648 3699 5692 et

2112 5702 2163 5753 in
2195 5701 2439 5756 editione
2464 5701 2628 5756 Bas“.
2657 5716 2765 5756 non
2798 5702 3084 5756 invenitur.
