4036 6236
282 325 386 378 ιίὅ

1346 317 1631 379 ΠΟΜΠΛΔ
1670 322 1737 376 IN
1779 314 2108 379 SANCTUM
2150 321 2513 378 BAPTISMA.

3435 326 3539 380 426

279 438 627 502 ἀναστάσεως
655 439 751 510 τὴν
782 440 945 513 χάριν
981 442 1385 514 ὑποδεξώμεθα.
1422 443 1520 497 Διά
1548 441 1705 498 τοῦτο
1732 442 1863 512 πόρ-

1967 439 2241 509 surgcndi.
2277 438 2461 510 Itaque
2490 439 2545 492 in
2577 439 3004 496 resurrectionis
3041 440 3130 496 die
3167 442 3538 513 suscipiamus

282 530 455 602 ῥωθεν
500 533 534 602 ἡ
583 532 880 602 Ἐκκλησία
927 535 1056 598 τοὺς
1095 536 1293 605 ἑαυτῆς
1335 535 1635 607 τροφίμους
1675 533 1863 605 ὑψηλῷ

1969 532 2392 585 resurrectionis
2447 532 2696 602 gratiam.
2756 530 3100 602 Quapropter
3153 548 3184 588 e
3240 535 3538 607 longinquo

281 623 599 693 κηρύγματι
629 623 914 691 συγκαλεῖ,
953 626 1019 679 ἵν’
1046 625 1142 691 οὓς
1169 626 1334 680 πάλαι
1363 626 1546 679 ὤδινεν
1571 626 1705 697 (70),
1731 629 1865 680 ἁπο-

1969 619 2206 675 Εοι-Ιοεὶε
2236 623 2484 676 alumnos
2516 638 2644 676 suos
2694 623 2964 692 praeconio
3006 624 3118 679 alto
3166 638 3449 691 convocat,
3479 636 3541 684 ut

1797 698 1924 716 ..ρι’-’³

282 716 462 785 κυήσῃ
501 715 640 777 τότε,
669 717 763 768 καὶ
789 718 1280 783 ἀπογαλακτίσασα
1318 720 1512 783 αὐτοὺς
1549 719 1659 771 τῶν
1691 715 1864 787 λόγων

280 805 380 874 τῆς
423 808 794 877 κατηχήσεως,
842 809 1019 882 γεύσῃ
1043 811 1142 880 τῆς
1176 813 1399 878 στερεᾶς
1438 811 1546 864 τῶν
1581 811 1866 882 δογμάτων

282 901 511 972 τροφῆς.
547 900 802 970 Ἰωάννης
834 904 1106 973 ἐκήρυσσε
1131 903 1407 974 βάπτισμα
1435 904 1740 973 μετανοίας,
1771 906 1865 957 καὶ

283 993 637 1063 ἐξεπορεύετο
695 995 832 1064 πρὸς
880 995 1044 1048 αὑτὸν
1088 998 1234 1050 πᾶσα
1270 999 1302 1068 ἡ
1357 998 1614 1051 Ἰουδαία·
1657 997 1864 1068 Κύριος

283 1087 550 1158 κηρύσσει
583 1087 863 1158 βάπτισμα
895 1088 1170 1153 υἱοθεσίας
1192 1107 1205 1120 ·
1234 1091 1327 1142 καὶ
1358 1090 1441 1153 τίς
1472 1089 1582 1141 τῶν
1604 1091 1685 1152 εἰς
1705 1091 1866 1144 αὑτὸν

281 1181 593 1250 ὴλπικότων
643 1182 740 1250 οὑχ
784 1181 1188 1247 ὑπακούσεται;
1248 1183 1450 1236 Ἐκεῖνο
1505 1183 1866 1251 εἰσαγωγικὸν

280 1273 341 1324 τὸ
372 1272 688 1342 βάπτισμα·
736 1271 895 1324 τοῦτο
932 1273 1294 1326 τελειωτικόν.
1353 1273 1557 1326 Ἐκεῖνο
1592 1273 1866 1344 ἁμαρτίας

279 1363 667 1433 ἀναχώρησις·
704 1362 865 1415 τοῦτο
912 1363 1186 1426 οἰκείωσις
1218 1363 1352 1434 πρὸς
1389 1363 1544 1416 Θεόν.
1587 1361 1735 1425 Ἑνδς
1770 1363 1865 1414 ἁν-

279 1455 407 1525 δρὺς
434 1451 501 1522 ἦν
542 1454 790 1506 Ἰωάννου
818 1453 879 1506 τὸ
903 1455 1187 1524 κήρυγμα,
1211 1455 1305 1507 καὶ
1332 1454 1536 1517 πάντας
1559 1449 1705 1506 εἷλκε
1730 1453 1866 1523 πρὸς

276 1546 376 1617 τὴν
409 1545 706 1615 μετάνοιαν
727 1561 738 1573 ·
779 1545 842 1596 σὺ
869 1545 945 1610 δὲ,
983 1545 1073 1597 διὰ
1113 1545 1406 1617 προφητῶν
1439 1545 1824 1616 διδασκόμενος
1847 1561 1861 1575 ⁸

277 1638 628 1698 Λούσασθε,
678 1635 921 1704 καθαροὶ
952 1636 1224 1704 γίνεσθε·
1280 1636 1367 1689 διὰ
1404 1636 1634 1705 ψαλμῶν
1681 1635 1866 1689 νουθε-

276 1720 566 1792 τούμενος·
601 1723 971 1789 Προσέλθετε
1001 1723 1149 1792 πρὸς
1163 1723 1369 1788 αὐτόν,
1391 1725 1486 1779 καὶ
1509 1725 1860 1793 φωτίσθητε·

1965 729 2101 782 quos
2135 713 2340 784 pridem
2374 716 2624 783 parturiit
2649 757 2661 776 .
2717 724 2830 769 tum
2862 715 3080 771 demum
3114 718 3312 786 pariat,
3349 721 3538 788 eisque

1965 819 1993 856 a
2024 805 2211 872 prima:
2235 805 2596 859 institutionis
2627 807 2876 860 doctrina
2899 816 3154 876 tanquam
3185 822 3216 860 a
3249 807 3387 860 lacte
3416 809 3540 864 sub-

1966 895 2126 946 motis
2153 893 2380 946 solidam
2415 895 2724 964 dogmatum
2759 910 2944 950 escam
2979 897 3217 965 praebeat
3244 897 3540 967 degustan-

1964 985 2110 1038 dam.
2142 984 2382 1040 Joannes
2413 988 2736 1055 praedicabat
2783 989 3052 1058 baptisma
3083 989 3438 1059 poenitentia),
3470 991 3539 1046 ad

1966 1077 2127 1146 idque
2160 1078 2540 1148 egrediebatur
2566 1079 2750 1135 Iudaea
2785 1088 2896 1134 tota
2927 1100 2940 1135 :
2973 1082 3232 1152 praedi-cat
3277 1081 3539 1138 Dominus

1965 1167 2229 1236 baptisma
2256 1169 2565 1238 adoptionis
2600 1171 2864 1238 ﬁliorum;
2909 1173 3099 1242 ecquis
3128 1187 3316 1228 eorum
3353 1174 3444 1242 qui
3482 1173 3538 1227 in

1965 1260 2083 1328 ipso
2118 1275 2268 1328 spem
2321 1277 2631 1330 rcposuere,
2667 1278 2869 1317 morem
2900 1278 3009 1317 non
3040 1264 3227 1334 geret?
3258 1263 3538 1334 Baptisma

1965 1351 2094 1405 illud
2128 1353 2232 1405 vim
2264 1353 2497 1407 habebat
2537 1355 2919 1409 introducendi
2957 1373 2971 1409 ε
3021 1355 3123 1410 hoc
3151 1395 3165 1419 ,
3200 1354 3535 1422 perﬁciendi.

1964 1442 2098 1496 Illud
2136 1452 2254 1498 erat
2280 1460 2532 1501 secessus
2556 1461 2586 1499 a
2623 1455 2884 1516 peccato:
2940 1446 3041 1500 hoc
3087 1447 3403 1515 conjunctio
3453 1455 3541 1502 est

1963 1548 2086 1588 cum
2119 1533 2245 1589 Deo.
2289 1534 2462 1590 Unius
2517 1537 2617 1590 viri
2667 1545 2786 1592 erat
2817 1537 3131 1606 praedicatio
3167 1536 3393 1591 Joannis
3425 1579 3440 1601 ,
3486 1545 3541 1592 et

1962 1640 2153 1681 omnes
2175 1626 2240 1680 ad
2266 1628 2642 1696 paenitentiam
2669 1627 2832 1682 traxit
2862 1647 2875 1682 :
2915 1637 2970 1682 tu
3004 1644 3152 1692 vero,
3178 1629 3270 1698 qui
3295 1644 3392 1698 per
3413 1628 3541 1699 pro-

1963 1717 2154 1787 phetas
2189 1716 2404 1772 docetis
2436 1736 2450 1771 :
2485 1717 2783 1784 Lat-amitti,
2802 1718 2986 1772 mundi
3006 1727 3169 1773 estote
3197 1717 3242 1750 ⁸⁵
3270 1737 3282 1772 :
3319 1719 3410 1788 qui
3443 1734 3542 1788 per

277 1813 342 1865 δι’
374 1813 694 1868 ἀποστόλων
725 1815 1209 1886 εὐαγγελιζόμενος
1229 1833 1244 1846 ·
1278 1817 1723 1883 Μετανοήσατε,
1763 1819 1863 1872 καὶ

1968 1811 2210 1880 psalmos
2243 1811 2580 1874 admoueris,
2615 1811 2857 1865 Accedite
2884 1811 2952 1864 ad
2992 1828 3134 1876 eum,
3169 1821 3218 1866 et
3265 1811 3541 1867 illumina-

271 1904 670 1970 βαπτισθήτω
712 1905 971 1972 ἕκαστος
1007 1905 1174 1976 ὑμῶν
1216 1907 1314 1960 ἐπὶ
1353 1907 1435 1973 τῷ
1467 1910 1710 1978 ὀνόματι
1754 1911 1861 1964 τοῦ

278 1997 505 2065 κυρίου
539 1996 745 2062 Ἰησοῦ
769 1997 881 2068 (Ἡ)
907 1996 1164 2066 Χριστοῦ
1187 2000 1273 2064 εἰς
1301 1997 1520 2067 ἄφεσιν
1541 2000 1859 2069 ἁμαρτιῶν.

278 2088 378 2141 καὶ
403 2086 686 2154 λήψεσθε
717 2087 828 2155 τὴν
854 2090 1219 2158 ἐπαγγελίαν
1248 2089 1354 2142 τοῦ
1390 2090 1563 2159 ἁγίου
1594 2094 1864 2160 Πνεῦμα-

277 2197 413 2246 τος·
456 2181 548 2232 ὑπ’
576 2180 742 2233 αὑτοῦ
784 2180 879 2233 τοῦ
920 2181 1126 2252 Κυρίου
1161 2183 1731 2254 προσλαμϐανόμενος,
1779 2185 1865 2238 λέ-

280 2288 504 2340 γοντος·
537 2271 716 2326 Δεῦτε
753 2273 903 2340 πρὸς
934 2271 1033 2340 μὲ,
1069 2275 1288 2339 πάντες
1312 2278 1365 2326 ot
1400 2274 1724 2342 κοπιῶντες
1764 2277 1861 2330 καὶ

280 2361 764 2430 πεφορτισμένοι,
792 2361 953 2429 κάγὼ
986 2362 1316 2417 ἀναπαύσω
1346 2364 1500 2432 ὑμᾶς
1538 2365 1729 2435 (ταῦτα
1755 2366 1862 2438 γὰρ

281 2456 460 2507 πάντα
521 2454 759 2524 σήμερον
809 2453 1111 2524 συνέδραμε
1163 2457 1298 2524 πρὸς
1346 2456 1444 2527 τὴν
1496 2457 1860 2527 ἀνάγνωσιν)-

279 2546 459 2608 ὀκνεῖς
490 2546 588 2600 καὶ
623 2544 852 2618 βουλεύῃ
896 2547 993 2598 καὶ
1019 2546 1356 2618 διαμέλλεις;
1402 2551 1495 2604 Ἐκ
1541 2553 1734 2622 νηπίου
1773 2555 1863 2608 τὸν

280 2637 437 2705 λόγον
461 2637 890 2708 κατηχούμενος,
922 2637 1076 2691 οὔπω
1105 2640 1323 2693 συνέθου
1349 2644 1412 2713 τῇ
1440 2643 1667 2715 ἀληθείᾳ
1688 2662 1700 2709 ;
1725 2645 1863 2698 Πάν-

282 2747 401 2782 τοτε
439 2729 751 2799 μανθάνων,
786 2730 1002 2782 οὐδέπω
1040 2727 1201 2802 ἦλθες
1244 2734 1382 2805 πρὸς
1408 2734 1504 2804 τὴν
1534 2736 1861 2804 ἐπίγνωσιν;

283 2823 596 2894 Πειραστὴς
627 2822 718 2875 διὰ
745 2822 878 2892 βίου,
911 2823 1254 2889 κατάσκοπος
1291 2827 1452 2898 μέχρι
1496 2827 1702 2899 γήρως,
1735 2829 1864 2882 πότε

283 2917 491 2988 γενήσῃ
517 2916 877 2985 Χριστιανόςς
921 2917 1051 2969 πότε
1083 2919 1421 2990 γνωρίσομέν
1465 2937 1525 2972 σε
1563 2921 1638 2984 ὡς
1665 2921 1863 2992 ἡμέτε-

287 3026 412 3078 ρονς
459 3010 664 3080 Πέρυσι
703 3010 794 3063 τὸν
829 3010 1072 3080 παρόντα
1103 3011 1290 3081 καιρὸν
1323 3012 1587 3084 ὲξεδέχου,
1630 3013 1724 3068 νῦν
1762 3015 1866 3068 πά-

1967 1903 2096 1955 mini
2131 1904 2177 1933 ⁸⁸
2205 1921 2217 1956 :
2253 1905 2347 1972 qui
2379 1918 2474 1972 per
2514 1906 2793 1974 apostolos
2829 1904 3071 1958 faustum
3100 1905 3252 1958 illum
3283 1905 3538 1960 nuntium

1963 1994 2121 2048 audis
2152 2013 2163 2048 :
2201 1997 2350 2066 Agite
2379 1998 2758 2064 prenitcntiam,
2788 2007 2837 2050 et
2861 1996 3163 2065 baptizatur
3189 1998 3540 2067 unusquisque

1964 2095 2188 2140 vestrum
2214 2087 2267 2140 in
2291 2089 2499 2140 nomine
2532 2087 2749 2141 Domini
2779 2086 2910 2142 Jesu
2953 2089 3154 2144 Christi
3185 2090 3239 2143 in
3276 2089 3543 2142 remissio-

1965 2195 2079 2231 nem
2107 2189 2463 2246 peccatorum,
2487 2189 2537 2232 et
2567 2180 2834 2247 accipietis
2878 2181 3278 2248 promissionem
3309 2179 3540 2249 Spiritus

1964 2271 2135 2324 sancti
2161 2270 2205 2300 ⁸⁷
2239 2290 2252 2323 :
2289 2271 2380 2340 qui
2413 2271 2480 2323 ab
2519 2271 2638 2338 ipso
2688 2269 2914 2325 Domino
2959 2271 3209 2326 invitaris
3232 2311 3248 2336 ,
3283 2271 3537 2325 dicente:

1977 2359 2158 2414 Venite
2186 2360 2254 2415 ad
2284 2376 2398 2423 me,
2435 2378 2610 2414 omnes
2660 2361 2747 2430 qui
2785 2360 3039 2416 laboratis
3067 2371 3115 2416 et
3145 2364 3348 2416 onerati
3377 2362 3502 2414 estis
3522 2399 3538 2422 ,

1964 2467 2014 2510 et
2046 2473 2136 2526 ego
2168 2458 2405 2526 reﬁciam
2429 2475 2515 2512 vos
2547 2457 2592 2490 ⁸⁸
2628 2457 2766 2526 (haec
2793 2458 2938 2513 enim
2974 2458 3156 2512 omnia
3185 2457 3348 2513 hodie
3375 2457 3430 2512 in
3460 2459 3539 2512 le-

1965 2549 2145 2603 ctione
2191 2551 2652 2620 concurrerunt);
2693 2549 2878 2605 diﬂ‘ers
2933 2557 3113 2605 tamen
3156 2549 3542 2620 deliberasque

1964 2648 2019 2695 et
2044 2642 2368 2696 cunctaris?
2399 2641 2480 2695 Tu
2506 2642 2655 2712 quia
2687 2657 2858 2711 puero
2902 2643 3022 2697 ﬁdei
3063 2642 3390 2700 rudimentis
3440 2645 3542 2698 im-

1966 2732 2130 2788 butus
2160 2748 2240 2794 es,
2269 2735 2511 2787 nondum
2544 2734 2831 2790 assensisti
2864 2734 3122 2789 veritati?
3154 2733 3234 2788 Tu
3265 2734 3359 2804 qui
3391 2750 3543 2791 sem-
3568 2789 3581 2802 ,

1967 2841 2062 2896 per
2093 2827 2298 2882 ediscis
2325 2867 2340 2889 ,
2393 2827 2632 2882 nondum
2666 2828 2958 2897 pervenisti
3007 2827 3077 2882 ad
3132 2829 3495 2898 cognitionem
3519 2829 3545 2883 2

1965 2919 2068 2973 Per
2091 2934 2308 2973 omnem
2342 2920 2507 2972 vitam
2560 2919 2993 2988 experimentum
3030 2921 3215 2990 capis,
3257 2918 3327 2972 ad
3379 2933 3540 2974 sene-

1967 3016 2170 3066 ctutem
2200 3025 2375 3082 usque
2403 3011 2694 3080 exploras;
2729 3011 2950 3081 quando
2999 3011 3216 3065 tandem
3269 3009 3364 3066 ﬁes
3393 3009 3546 3064 Chri-

283 3100 365 3153 λιν
392 3101 690 3171 ἀναμένεις
715 3101 806 3154 τὸν
840 3103 1081 3156 ἐπιόντα.
1114 3104 1254 3168 Ὅρα
1295 3105 1367 3174 μὴ
1399 3106 1627 3178 εὑρεθῇς
1663 3125 1865 3180 μακρο-

1969 3103 2223 3160 stianus?
2249 3105 2466 3174 quando
2499 3118 2857 3173 agnoscamus
2884 3110 2938 3158 te
2965 3109 3038 3157 'ut
3068 3103 3360 3159 nostrum?
3383 3101 3542 3157 Anno

282 3193 446 3264 τέρας
494 3196 598 3264 τῆς
655 3195 798 3264 ζωῆς
848 3195 947 3258 τὰς
995 3195 1313 3266 ὑποσχέσεις
1363 3198 1704 3264 ποιούμενος.
1753 3203 1865 3256 Ούκ

1969 3194 2252 3265 superiore
2302 3196 2406 3250 hoc
2459 3204 2674 3265 tempus
2706 3195 3094 3264 prastolabare
3116 3234 3132 3258 ,
3175 3209 3322 3250 nunc
3351 3210 3544 3250 rursus

281 3282 430 3350 οἶδας
462 3287 515 3339 τί
549 3286 830 3358 τέξεταιή
881 3286 1141 3342 ἐπιοῦσα·
1184 3289 1256 3361 μὴ
1294 3291 1628 3358 ὲπαγγέλλου
1676 3293 1742 3346 τὰ
1791 3293 1865 3363 μὴ

285 3380 372 3433 σά.
417 3380 546 3433 Ἐπὶ
593 3379 735 3450 ζωήν
764 3396 826 3433 σε
872 3380 1161 3451 καλοῦμεν,
1200 3381 1490 3454 ἄνθρωπε·
1524 3383 1577 3436 τί
1623 3384 1864 3452 ἀποφεύ-

283 3489 399 3539 γεις
427 3471 529 3542 τὴν
578 3471 801 3541 κλῆσιη
850 3472 966 3524 Ἐπ’
1008 3472 1228 3539 ἀγαθῶν
1257 3473 1574 3542 μετουσίαν·
1610 3474 1662 3526 τί
1695 3475 1866 3545 ὑπερ-

285 3560 493 3623 ϐαίνεις
525 3560 628 3629 τὴν
673 3560 913 3631 δωρεάν;
953 3561 1209 3616 Βασιλεία
1232 3562 1478 3631 οὐρανῶν
1524 3563 1802 3633 ἡνοικται·
1839 3566 1868 3616 ὁ

285 3652 468 3704 καλῶν
501 3651 739 3722 ἀψευδής
763 3669 776 3680 ·
808 3654 842 3721 ἡ
884 3653 1000 3716 ὁδὸς
1045 3654 1222 3724 ῥᾳδία,
1251 3655 1310 3706 ού
1353 3654 1564 3725 χρόνου,
1596 3655 1656 3708 οὐ
1695 3655 1866 3708 δαπά-

287 3762 404 3812 νης,
447 3744 509 3797 οὑ
537 3744 926 3813 πραγματείας
959 3746 1146 3815 χρεία⁹
1181 3745 1234 3798 τί
1261 3745 1503 3815 μέλλεις;
1539 3747 1591 3798 τί
1630 3748 1865 3820 ἀναδύῃ;

286 3836 338 3886 τί
373 3834 515 3905 φοϐῇ
550 3834 644 3886 τὸν
672 3832 858 3902 ζυγὸν,
891 3834 1076 3906 ῶσπερ
1112 3835 1339 3906 δάμαλίς
1362 3854 1444 3900 τις
1472 3838 1830 3906 ἀπειρόζυγος
1849 3859 1864 3904 ς

290 3929 562 3994 Χρηστός
600 3927 791 3990 ἐστιν,
827 3927 1086 3997 ἐλαφρός
1115 3929 1308 3982 ἐστιν·
1345 3930 1406 3981 οὑ
1444 3929 1620 3999 τρίϐει
1655 3931 1743 3982 τὸν
1771 3932 1870 3983 αὑ-

292 4020 440 4086 χὲνα,
475 4019 614 4072 ἀλλὰ
639 4019 872 4086 δοξάζει.
903 4022 977 4074 Ού
1001 4021 1110 4091 γὰρ
1142 4022 1419 4092 δεσμεῖται
1447 4023 1480 4092 ἡ
1512 4021 1710 4093 ζεύγλη
1739 4024 1868 4092 περὶ

293 4111 381 4163 τὸν
415 4109 712 4182 τραῃλον,
756 4110 1098 4177 αὐτεξούσιον
1133 4112 1380 4182 ἐπιζητεῖ
1417 4113 1508 4166 τὸν
1539 4114 1864 4181 ὑφέλκοντα.

305 4205 487 4275 Ὁρᾷς,
527 4205 613 4256 ὅτι
665 4207 1049 4274 κατηγορεῖται
1094 4203 1330 4275 Ἐφραῒμ
1381 4205 1512 4275 (72),
1553 4205 1630 4269 ὡς
1678 4224 1869 4278 παροι-

296 4296 804 4367 στρῶσαδὰμαλις,
831 4298 912 4350 ὅτι
951 4297 1160 4350 ἄτακτα
1200 4296 1598 4367 περιπλανᾶται
1633 4298 1724 4351 τὸν
1772 4298 1866 4351 τοῦ

293 4388 458 4457 νόμου
490 4387 656 4456 ζυγὸν
696 4387 1009 4456 ἀτιμάζων;
1049 4386 1276 4450 ’Υπόθες
1307 4405 1399 4440 σου
1433 4389 1524 4441 τὸν
1557 4390 1867 4460 ἀδάμαστον

1966 3291 2257 3351 exspectas
2291 3291 2602 3338 venturum.
2637 3283 2780 3338 Cave
2813 3283 3240 3353 deprehendaris
3270 3285 3545 3354 promissa

1967 3368 2150 3426 facere
2193 3371 2304 3424 vita
2357 3372 2625 3442 longiora.
2678 3372 2904 3442 Ignoras
2959 3372 3091 3443 quid
3144 3389 3378 3444 sequens
3421 3373 3542 3432 dies

1967 3472 2224 3533 parturus
2274 3464 2384 3531 sit;
2436 3481 2502 3520 ne
2534 3465 2634 3520 tibi
2670 3467 2928 3535 promitte
2958 3481 3080 3537 quae
3115 3475 3208 3521 tua
3245 3481 3356 3521 non
3388 3477 3538 3522 sunt.

1967 3555 2049 3609 Ad
2079 3556 2244 3610 vitam
2279 3565 2351 3618 te,
2401 3557 2584 3622 homo,
2612 3573 2907 3625 vocamus;
2959 3558 3092 3628 quid
3123 3557 3267 3628 fugis
3299 3560 3544 3614 vocatio-

1967 3651 2135 3704 nem?
2174 3650 2255 3704 Ad
2284 3653 2551 3706 honorum
2586 3651 3101 3721 participationem;
3152 3653 3286 3722 quid
3336 3652 3540 3708 donum

1968 3741 2376 3810 praetermittis?
2407 3739 2667 3810 Apertum
2719 3749 2803 3794 est
2847 3741 3113 3797 cmlorum
3144 3757 3372 3812 regnum
3402 3759 3416 3796 :
3448 3756 3543 3796 ve-

1968 3848 2066 3888 rax
2101 3834 2304 3902 estqui
2338 3840 2536 3887 vocat:
2581 3833 2668 3886 via
2709 3832 2916 3900 facilis;
2962 3847 3071 3887 non
3103 3841 3348 3902 tempore
3377 3873 3390 3894 ,
3432 3846 3542 3887 non

1970 3933 2214 3993 sumptu,
2240 3941 2347 3978 non
2378 3925 2562 3978 labore
2607 3939 2747 3993 Opus
2793 3931 2902 3989 est;
2940 3924 3074 3993 quid
3129 3923 3355 3980 diﬂ‘ers?
3405 3924 3540 3994 quid

1968 4015 2384 4085 tergiversaris?
2425 4014 2555 4084 quid
2601 4014 2789 4084 jugutn
2837 4014 3211 4084 perhorrescis
3236 4055 3252 4081 ,
3281 4017 3431 4070 velut
3457 4015 3542 4086 ju-

1967 4124 2136 4162 venca
2169 4109 2414 4178 quaedam
2442 4107 2632 4178 jugum
2661 4106 2900 4161 nondum
2945 4108 3209 4176 experta?
3244 4105 3411 4162 Suave
3439 4119 3539 4172 est,

1971 4198 2075 4252 leve
2107 4210 2184 4253 est
2209 4200 2254 4230 ⁸³
2286 4219 2296 4252 :
2327 4199 2530 4252 collum
2555 4213 2664 4252 non
2693 4197 2913 4262 obterit,
2937 4197 3034 4252 sed
3061 4197 3410 4254 condecorat.
3433 4197 3543 4253 Ne-

1967 4307 2074 4360 que
2103 4290 2247 4346 cnim
2279 4291 2482 4360 lignum
2511 4289 2643 4344 illud
2670 4288 2818 4360 quod
2841 4303 2872 4343 a
2889 4289 3022 4359 jugo
3045 4290 3368 4360 pr0pendet,
3393 4290 3543 4345 circa

1970 4383 2172 4436 collum
2212 4381 2433 4450 ligatur,
2468 4379 2563 4435 sed
2597 4380 2742 4434 ultro
2786 4395 2850 4434 ac
2884 4379 3052 4434 libere
3085 4379 3390 4435 trahentem
3439 4394 3544 4450 po-

293 4480 523 4549 αὐχένα·
562 4477 722 4546 γενοῦ
757 4478 1048 4547 ὑποζύγιον
1068 4478 1162 4532 τοῦ
1193 4479 1450 4550 Χριστοῦ,
1477 4482 1563 4534 ἵνα
1587 4483 1683 4552 μὴ,
1716 4482 1865 4549 ἀφει-

1974 4475 2096 4529 scit.
2118 4473 2282 4529 Vides
2308 4473 2547 4527 incusari
2572 4471 2827 4541 Ephraim
2855 4477 3119 4541 tanquam
3147 4472 3369 4525 vitulam
3391 4471 3544 4542 asylo

297 4571 458 4639 μένος
475 4572 575 4639 τῆς
599 4569 851 4640 ζεύγλης,
885 4571 1018 4640 μηδὲ
1042 4569 1431 4635 ὲλευθεοιάζων
1452 4571 1527 4641 τῷ
1555 4572 1672 4642 βίῳ,
1697 4573 1872 4625 edem-

293 4661 546 4734 λἰίρητος
575 4658 642 4735 ᾗς
671 4664 783 4725 τοῖς
814 4661 1037 4733 θηρίοις.

366 4922 422 4976 ‘3.
453 4923 772 4977 Γεύσασθε
801 4923 898 4975 καὶ
926 4923 1098 4984 were.
1143 4924 1231 4977 ὅτι
1280 4925 1545 4996 χρηστὸς
1580 4930 1611 4980 ὀ
1635 4929 1866 4996 Κύριος.

299 5012 618 5081 Γλυκύτητα
650 5013 863 5082 μέλιτος
903 5013 1018 5076 πῶς
1058 5015 1363 5082 ἀναγγείλω
1409 5015 1519 5085 (75)
1553 5020 1664 5080 τοῖς
1713 5018 1871 5086 ἀγνο-

297 5105 456 5169 οῦσις
506 5106 823 5159 Γεύσασθε
877 5103 974 5156 καὶ
1012 5104 1185 5157 ἴδετε.
1241 5105 1500 5178 Αἴσθησις
1550 5109 1707 5178 λόγου
1747 5126 1874 5162 παν.

370 5262 417 5334 ’ξ
457 5262 557 5315 lsa.
595 5276 645 5322 ι,
688 5261 766 5317 16,
810 5261 891 5334 ᾉ⁸⁸
926 5259 1072 5316 Psal.
1115 5278 1281 5318 xum
1307 5305 1320 5326 ,
1355 5264 1405 5318 ϐ.
1484 5266 1525 5296 θ’
1567 5267 1688 5320 Act.
1729 5284 1764 5320 ιι
1793 5307 1806 5324 .
1843 5270 1865 5323 Il

2010 5269 2055 5300 "'
2098 5269 2285 5322 Matth.
2321 5285 2407 5334 XI,
2441 5269 2529 5321 9.8.

298 5333 341 5363 "
385 5331 532 5388 Fsal.
573 5348 765 5397 sum,
801 5332 854 5386 9.

379 5488 484 5576 [70)
511 5488 652 5546 Editi
679 5497 732 5544 et
765 5487 899 5559 Reg.
948 5489 1142 5543 tertius
1187 5485 1390 5541 ὤδινεν.
1435 5487 1541 5541 Alii
1573 5496 1684 5543 tres
1733 5503 1866 5543 mss.

300 5560 808 5702 ωδὸδῗῖῆεςὶἰὼιο
833 5643 968 5683 mss.
1002 5626 1096 5680 τοῦ
1119 5626 1333 5702 ἰςυρίου
1362 5627 1518 5702 ημῶν
1566 5627 1764 5702 Ἰησοῦ.

370 5697 484 5769 (7‘2)
526 5697 686 5770 Apud
737 5698 932 5754 Oscam
991 5697 1199 5770 Iv,_i6.
1247 5697 1874 5770 ριόᾗΕφραῖμίιεεῃιιι-

313 5765 550 5842 Ἰσραήλ.
582 5765 715 5824 εστι
762 5770 958 5823 mirum
1003 5765 1169 5821 videri
1211 5765 1320 5820 non
1347 5765 1524 5834 debet,
1555 5765 1601 5824 si
1644 5765 1874 5824 hee—dua

613 5861 885 5921 Ριτιιοι..
921 5860 1039 5917 Gn.
1064 5857 1302 5918 XXXI.

1978 4566 2276 4635 percitam.
2324 4564 2469 4632 quod
2502 4563 2636 4632 legis
2662 4569 2978 4632 contempto
3031 4561 3185 4632 jugo,
3237 4561 3546 4616 inordinate

1979 4658 2194 4710 oberret
2238 4657 2328 4709 9°?
2411 4654 2596 4710 Subde
2657 4656 2976 4710 indomitam
3033 4655 3299 4710 cervicem
3359 4663 3542 4720 tuam;

1979 4745 2181 4801 Christi
2214 4745 2312 4800 [ias
2330 4745 2658 4814 jumentum.
2686 4753 2746 4800 ut
2773 4762 2842 4801 ne
2883 4745 3018 4815 jugo
3049 4745 3258 4800 solutus
3287 4744 3546 4799 liberam-

1979 4851 2084 4905 que
2114 4837 2277 4890 vitam
2310 4835 2533 4906 degens,
2566 4837 2682 4905 capi
2713 4852 2742 4889 a
2773 4837 2961 4891 bestiis
2984 4835 3140 4890 facile
3165 4834 3364 4902 possis.

2044 4930 2098 4982 2.
2125 4926 2342 4982 Gustata
2360 4937 2406 4981 et
2436 4927 2599 4981 videte
2623 4929 2872 4997 quoniam
2893 4928 3070 4981 suavis
3095 4935 3172 4978 est
3201 4925 3457 4978 Dominus
3475 4925 3541 4977 °'.

1977 5019 2079 5085 Qui
2110 5019 2222 5074 tieri
2257 5021 2474 5090 poterit,
2521 5030 2579 5073 ut
2635 5020 2808 5074 mellis
2857 5017 3199 5072 dulcedinem
3250 5016 3538 5072 exhibeam

1977 5112 2393 5182 ignorantibus?
2421 5110 2638 5165 Gustata
2687 5120 2736 5164 et
2789 5109 2972 5164 ridete.
3014 5107 3169 5178 115
3203 5107 3411 5163 Sensus
3457 5124 3545 5161 ra-

2621 5266 2666 5299 ”
2707 5265 2839 5320 ibid.
2876 5265 2963 5319 50.
3039 5266 3086 5295 ’°
3140 5263 3266 5319 Ose.
3305 5280 3379 5329 Iv,
3457 5265 3542 5319 16.

1973 5505 2138 5545 voces
2188 5491 2663 5546 indiscriminatim
2711 5490 3095 5552 adhibeantur,
3139 5505 3261 5544 cum
3316 5497 3547 5560 utraque

1975 5576 2072 5630 pro
2094 5560 2278 5615 decem
2312 5561 2566 5614 tribubus
2598 5562 2741 5614 sumi
2773 5561 2968 5631 soleat.
2995 5560 3245 5631 Hic_ipse
3275 5561 3547 5630 propheta

1975 5631 2394 5713 V0§§_“Ea?pa‘ip
2427 5639 2690 5713 u-susnest.
2721 5647 2778 5713 x2
2813 5631 2898 5685 H.
2930 5629 3069 5713 Lege
3098 5629 3374 5713 Dircaeum:

2048 5700 2160 5770 (75)
2193 5699 2344 5755 Urius
2369 5701 2536 5755 codex
2561 5699 2717 5757 Colb.
2755 5699 3059 5770 ἀναγγελῶ,
3093 5700 3441 5757 annuntiabo.

3161 5854 3233 5912 11s
