4036 6236
461 311 569 372 ιιι

1819 302 1877 362 S:
1918 301 2165 362 BASILII
2195 300 2411 358 MAGM

3624 300 3735 361 £28

456 431 614 501 tione
653 425 807 484 omni
840 422 1147 481 evidentior
1193 429 1278 479 est
1324 420 1390 477 ad
1431 420 1886 492 experimentum.
1943 421 2043 478 Ju-

2149 420 2234 485 τδς
2262 415 2632 491 ἐναργεστέρα
2671 416 2807 490 πρὸς
2854 416 3072 489 πεῖραν.
3118 415 3177 501 'Q
3217 413 3467 479 Ἰουδαῖος
3505 414 3605 487 τὴν
3636 433 3736 470 περ

459 521 613 581 dcus
638 518 1119 577 circumcisionem
1155 532 1267 572 non
1313 514 1494 572 differt
1546 522 1770 586 propter
1797 529 2046 571 commu-

458 616 795 674 nicationem
825 612 975 666 illam
988 624 1013 664 ':
1047 608 1233 665 Omnis
1277 608 1458 662 anima
1489 623 1607 678 qua
1638 624 1743 662 non
1766 606 2047 660 circumci-

466 708 623 763 detur
654 706 740 760 die
780 712 986 768 octavo,
1029 701 1217 772 peribit
1263 699 1328 754 de
1369 698 1560 768 populo
1604 714 1701 753 suo
1718 697 1802 752 ης
1831 703 1892 752 tu
1918 711 2048 751 vero

467 797 951 855 circumcisionem
1001 809 1115 849 non
1156 807 1322 846 manu
1356 789 1580 856 factam,
1646 789 1743 844 sed
1789 803 1912 859 quae
1952 802 2049 857 per

465 892 735 962 baptisma
751 891 809 944 in
832 884 1226 957 exspoliatione
1244 881 1426 938 carnis
1444 878 1724 951 perficitur
1738 879 1808 945 ⁸⁸,
1840 877 2046 941 diﬂ'ers,

467 989 826 1055 posteaquam
884 978 1177 1033 Dominum
1232 976 1413 1046 ipsum
1472 972 1785 1028 audivisti:
1841 969 2047 1035 Amen,

467 1089 621 1130 amen
649 1071 769 1126 dico
797 1070 965 1134 vobis,
998 1068 1102 1123 nisi
1133 1066 1250 1137 quis
1278 1072 1437 1119 natus
1466 1063 1626 1131 fuerit
1658 1079 1752 1133 per
1780 1077 1974 1132 aquam
1999 1069 2051 1116 et

469 1163 755 1232 Spiritum,
786 1176 890 1215 non
910 1157 1131 1212 intrabit
1151 1156 1205 1210 in
1235 1171 1452 1225 regnum
1467 1154 1566 1210 Dei
1590 1153 1656 1208 “.
1686 1155 1754 1208 Et
1788 1154 1901 1208 illic
1930 1156 2052 1223 qui-

465 1253 591 1308 dem
622 1251 778 1307 dolor
800 1260 884 1306 est
912 1255 967 1303 et
995 1247 1155 1302 ulcus
1185 1264 1200 1301 :
1237 1245 1333 1302 sed
1364 1245 1454 1300 hic
1488 1259 1580 1300 ros
1606 1243 1825 1309 animae,
1857 1251 1912 1298 et
1934 1257 2054 1299 cor-

467 1342 555 1399 dis
589 1340 817 1397 ulcerati
848 1338 1081 1394 medela.
1114 1335 1328 1392 Adoras
1351 1350 1478 1391 eum
1522 1335 1617 1406 qui
1655 1350 1758 1405 pro
1796 1341 1852 1390 te
1901 1349 2052 1389 mor-

469 1444 596 1491 tuus
627 1433 751 1490 est?
800 1430 931 1486 Sine
976 1430 1143 1502 igitur
1167 1443 1276 1483 una
1308 1443 1435 1483 cum
1465 1428 1586 1498 ipso
1615 1425 1834 1498 sepeliri
1865 1433 1918 1481 te
1952 1441 2052 1497 per

467 1525 738 1596 baptisma
759 1524 826 1579 ".
884 1521 943 1576 Si
969 1523 1021 1576 ei
1049 1520 1360 1576 non-fueris
1390 1520 1636 1577 insertus
1666 1536 1763 1592 per
1791 1520 2047 1576 similitu-

467 1618 653 1671 dinem
679 1614 874 1671 mortis
904 1614 1027 1683 ejus
1054 1613 1122 1680 ⁸⁵,
1161 1612 1437 1684 quomodo
1485 1614 1909 1669 resurrectionis
1937 1614 2049 1669 eris

467 1709 698 1768 socius?
726 1708 894 1764 Israel
922 1707 1012 1761 illo
1049 1706 1104 1760 in
1123 1704 1344 1778 Moysen
1368 1707 1679 1778 baptizatus
1704 1712 1789 1762 est
1817 1706 1874 1760 in
1904 1706 2049 1761 nube

2149 511 2376 585 ριτομὴν
2406 510 2508 581 οὐχ
2544 509 2892 582 ὑπερτίθεται
2917 508 3008 563 διὰ
3036 508 3137 581 τὴν
3163 494 3413 578 άπειλὴν,
3448 508 3532 562 ὅτι
3560 506 3738 564 Πᾶσα

2144 601 2340 672 ψυχὴ,
2395 600 2529 669 ἥτις
2593 602 2665 655 οὐ
2723 599 3223 670 περιτμηθήσεται
3281 597 3356 666 τῇ
3415 597 3608 669 ἡμέρᾳ
3659 598 3737 667 τῇ

2148 693 2328 765 ὀγδόῃ
2388 692 2962 762 ἐξολοθρευθήσεται
2991 691 3060 745 ἑκ
3089 691 3196 745 τοῦ
3225 691 3380 746 λαοῦ
3407 690 3602 759 αὐτῆς
3620 708 3633 720 ·
3669 693 3736 746 σὺ

2147 786 2204 839 δὲ
2250 786 2348 856 τὴν
2398 783 2818 856 ἀχειροποίητον
2874 783 3176 855 περιτομὴν
3230 783 3510 855 ἀναϐάλλῃ
3564 784 3623 836 ἐν
3669 785 3737 854 τῇ

2148 876 2448 931 ἀπεκδύσει
2476 876 2575 947 τῆς
2602 876 2825 948 σαρκὸς,
2854 877 2913 929 ἐν
2943 874 3023 947 τῷ
3054 875 3388 946 βαπτίσματι
3421 875 3739 946 τελειουμέο

2149 986 2269 1041 νην,
2299 967 2464 1022 αὐτοῦ
2490 967 2584 1022 τοῦ
2614 967 2822 1040 Κυρίου
2863 966 3141 1032 ἀκούσας’
3181 966 3359 1036 Ἀμὴν
3386 965 3551 1036 ἀμὴν
3583 966 3741 1035 λέγω

2150 1060 2312 1131 ὑμῖν,
2337 1060 2447 1115 ἐὰν
2471 1058 2557 1130 μή
2588 1077 2679 1126 τις
2699 1057 2961 1130 γεννηθῇ
2989 1058 3063 1112 δι’
3089 1058 3309 1125 ὕδατος
3338 1057 3437 1112 καί
3465 1058 3740 1127 Πνεῦμα-

2150 1170 2273 1219 τος,
2305 1154 2378 1207 οὐ
2398 1152 2485 1223 μὴ
2515 1151 2759 1221 εἰσέλθῃ
2790 1153 2880 1218 είς
2921 1149 3038 1219 τὴν
3059 1151 3389 1215 βασιλείαν
3413 1149 3519 1204 τοῦ
3563 1147 3737 1203 Θεοῦ.

2151 1245 2328 1297 Κάκεί
2368 1244 2464 1315 μὲν
2507 1242 2665 1314 ὀδύνη
2706 1240 2800 1297 καὶ
2846 1242 3034 1306 ἕλκος⁸
3071 1240 3304 1295 ἐνταῦθα
3345 1241 3401 1296 δὲ
3428 1239 3617 1313 δρόσος
3642 1239 3740 1309 ψυ-

2151 1335 2275 1407 Χῆς,
2307 1336 2400 1389 καὶ
2429 1334 2622 1399 ἕλκους
2667 1334 2898 1406 καρδίας
2928 1334 3085 1405 ίαμα.
3120 1334 3450 1404 Προσκυνεῖς
3477 1332 3568 1385 τὸν
3595 1330 3739 1402 ὑπὲρ

2153 1424 2245 1479 σοῦ
2275 1424 2645 1490 ἀποθανόντα;
2677 1423 2886 1478 Οὐκοῦν
2912 1422 3205 1488 κατάδεξαι
3227 1422 3376 1493 αὐτῷ
3404 1420 3739 1491 συνταφῆναι

2149 1517 2237 1573 διὰ
2278 1516 2371 1571 τοῦ
2405 1516 2799 1588 βαπτίσματος.
2849 1516 2975 1570 Ἐάν
3020 1515 3094 1587 μὴ
3145 1515 3421 1586 σύμφυτος
3476 1512 3610 1583 γένῃ
3658 1509 3739 1581 τῷ

2149 1608 2453 1679 ὁμοιώματι
2482 1606 2578 1662 τοῦ
2617 1608 2849 1662 Θανάτου
2879 1606 3065 1672 αὐτοῦ,
3092 1606 3208 1671 πῶς
3235 1605 3488 1668 κοινωνὸς
3527 1605 3739 1679 γενήσῃ

2148 1700 2249 1770 τῆς
2283 1701 2663 1765 ὰναστάσεως;
2703 1700 2763 1753 '0
2800 1698 3017 1771 Ἰσραὴλ
3057 1700 3263 1761 ἐκεῖνος
3307 1699 3386 1761 είς
3434 1696 3527 1749 τὸν
3571 1696 3739 1750 Μωῦ-

465 1814 524 1861 ει
561 1804 616 1858 in
643 1802 780 1856 mari
807 1800 882 1864 ’⁷,
928 1813 1053 1853 cum
1102 1798 1198 1853 tibi
1246 1806 1706 1853 commonstraret
1752 1806 1949 1870 typos,
1984 1812 2045 1853 ac

2149 1792 2580 1870 ﬁgﬁéamioeq
2617 1795 2674 1846 ἐν
2718 1795 2784 1863 τῇ
2816 1791 3016 1864 νεφέλῃ
3047 1792 3142 1845 καὶ
3170 1792 3227 1845 ἐν
3264 1793 3333 1862 τῇ
3359 1789 3625 1859 θαλάσσῃ,
3651 1786 3739 1841 σοὶ

467 1896 755 1953 veritatem
784 1908 906 1965 quae
949 1893 1006 1947 in
1039 1892 1300 1948 extremis
1324 1891 1671 1962 temporibus
1712 1890 2050 1948 ostendenda

467 1994 611 2052 erat,
632 1983 791 2055 quasi
845 1983 1004 2053 signo
1047 1988 1102 2037 et
1131 1980 1453 2035 charactere
1492 1979 1801 2051 impresso,
1847 1995 2050 2051 cogno-

468 2076 729 2133 scendam
762 2074 1028 2145 praeberet
1056 2089 1071 2126 :
1128 2080 1184 2126 tu
1218 2087 1345 2126 vero
1381 2070 1526 2141 fugis
1574 2071 1869 2141 baptisma,
1903 2068 2050 2140 quod

468 2185 581 2225 non
612 2168 669 2223 in
700 2165 836 2220 mari
884 2164 1149 2235 ﬁguratur
1170 2203 1186 2229 ,
1236 2163 1330 2219 sed
1383 2162 1441 2217 in
1471 2162 1699 2217 veritate
1730 2163 2047 2233 perﬁcitur;

466 2273 579 2314 non
607 2258 664 2313 in
703 2256 867 2322 nube,
890 2255 985 2310 sed
1020 2254 1076 2309 in
1107 2252 1314 2324 Spiritu
1344 2271 1356 2307 :
1392 2267 1501 2307 non
1539 2253 1594 2307 in
1634 2252 1859 2324 Moysen
1909 2268 2047 2307 con-

466 2357 725 2407 servum,
761 2340 857 2396 sed
887 2341 945 2394 in
976 2338 1258 2395 Christum
1304 2336 1665 2393 conditorem.
1717 2335 1887 2392 Israel
1939 2336 2049 2392 nisi

467 2434 764 2490 transisset
792 2446 970 2495 mare,
1001 2446 1033 2485 a
1057 2430 1342 2485 Pharaone
1366 2428 1651 2498 sejunctus
1674 2445 1785 2484 non
1813 2427 2008 2485 fuisset
2033 2446 2047 2482 :

467 2539 528 2585 tu
557 2541 777 2598 quoque
803 2525 908 2580 nisi
931 2539 1028 2594 per
1058 2537 1256 2594 aquam
1287 2522 1597 2581 transieris.
1621 2521 1691 2575 ab
1717 2534 1904 2574 amara
1932 2519 2051 2573 dia-

468 2620 581 2676 boli
605 2616 899 2689 tyrannide
919 2630 1030 2669 non
1061 2612 1406 2683 separabere.
1441 2611 1561 2667 Non
1600 2611 1833 2667 bibisset
1863 2611 2050 2681 utique

442 2711 562 2771 ,ille
584 2724 653 2765 ex
692 2706 964 2779 spirituali
1015 2712 1189 2776 petra,
1216 2704 1264 2759 si
1294 2719 1403 2758 non
1438 2704 1635 2759 fuisset
1676 2718 1774 2773 per
1819 2703 2049 2773 figuram

466 2801 819 2872 baptizatus:
857 2812 1032 2868 neque
1078 2797 1178 2850 tibi
1228 2795 1382 2851 dabit
1407 2795 1697 2864 quisquam
1728 2801 1915 2862 potum
1958 2809 2049 2847 ve-

466 2892 758 2959 rum,'nisi
796 2890 972 2944 fueris
1003 2904 1131 2943 vere
1164 2887 1495 2957 baptizatus.
1547 2884 1797 2940 Comedit
1824 2884 1917 2940 ille
1953 2901 2048 2954 pa-

468 3003 597 3044 nem
627 2986 941 3055 angelorum
961 2983 1009 3015 ⁹⁸
1031 2991 1152 3052 post
1176 2981 1443 3051 baptisma
1468 2996 1483 3043 ;
1518 2987 1577 3033 tu
1611 2994 1738 3033 vero
1769 2978 2045 3048 quomodo

469 3080 727 3136 comedes
786 3079 969 3132 vivum
1026 3090 1221 3146 panem
1278 3075 1360 3138 θ’,
1418 3073 1525 3128 nisi
1575 3073 1727 3143 prius
1781 3072 2047 3142 baptisma

2148 1887 2274 1950 τοὺς
2318 1887 2522 1949 τύπους
2562 1885 2908 1958 παραδιδοὺς,
2938 1884 3032 1937 καὶ
3076 1879 3497 1954 χαρακτηρίζων
3524 1881 3624 1951 τὴν
3646 1879 3735 1933 ἐπ’

2149 1979 2391 2049 ἐσχάτων
2448 1977 2556 2031 τῶν
2599 1976 2808 2050 καιρῶν
2860 1975 3283 2047 δειχθησομένην
3324 1971 3614 2043 ἀλήθειαν’
3665 1971 3734 2025 σὺ

2106 2144 2112 2155 1
2147 2071 2204 2125 δὲ
2233 2070 2583 2143 περιφεύγεις
2606 2071 2668 2125 τὸ
2697 2070 3000 2142 βάπτισμα,
3028 2069 3129 2122 οὐκ
3162 2069 3220 2121 ὲν
3260 2065 3503 2137 θαλάσσῃ
3531 2061 3734 2118 τυπού-

2153 2181 2336 2234 μενον,
2373 2162 2489 2217 ἀλλ’
2517 2165 2575 2215 ἐν
2604 2161 2831 2233 ἀληθείᾳ
2871 2159 3272 2230 τελειούμενονο
3301 2158 3401 2211 οὐκ
3428 2159 3488 2212 ἐν
3514 2155 3736 2229 νεφέλῃ,

2150 2255 2266 2310 ἀλλ’
2295 2256 2353 2308 ἐν
2372 2254 2451 2326 τῷ
2470 2252 2778 2324 Πνεύματι·
2807 2253 2908 2307 οὐκ
2932 2254 3010 2316 εἰς
3036 2250 3276 2321 Μωῦσῆν
3303 2250 3395 2303 τὸν
3425 2248 3736 2320 ὁμόδουλον,

2149 2347 2264 2402 ἀλλ’
2304 2349 2383 2410 είς
2424 2347 2657 2419 Χριστὸν
2689 2346 2782 2400 τὸν
2827 2347 3149 2417 ποιήσαντα.
3198 2344 3256 2396 Ὀ
3302 2342 3519 2417 Ἰσραὴλ
3555 2344 3606 2396 εί
3660 2340 3737 2413 μὴ

2150 2439 2394 2511 παρῆλθε
2421 2438 2519 2511 τὴν
2548 2438 2843 2503 θάλασσαν,
2872 2439 2973 2491 οὐκ
2996 2436 3062 2491 ἂν
3089 2434 3361 2508 ἐχωρίσθη
3384 2434 3478 2488 τοῦ
3500 2431 3702 2507 Φαραώ
3719 2449 3735 2464 '

2149 2532 2244 2585 καὶ
2273 2532 2360 2598 σὺ,
2391 2530 2487 2585 ἐὰν
2521 2530 2595 2601 μὴ
2639 2528 2912 2602 παρέλθῃς
2957 2528 3048 2582 διὰ
3088 2528 3183 2582 τοῦ
3217 2527 3429 2591 ὓδατος,
3457 2526 3521 2582 οὐ
3569 2543 3740 2599 χωρι-

2151 2624 2324 2697 σθήσῃ
2347 2623 2446 2695 τῆς
2484 2623 2689 2694 πικρᾶς
2732 2620 3044 2693 τυραννίδος
3090 2619 3185 2673 τοῦ
3217 2618 3487 2674 διαϐόλου.
3521 2620 3637 2674 Οὐκ
3669 2617 3739 2674 ἂν

2149 2714 2303 2767 ἔπιεν
2336 2715 2543 2777 ἐκεῖνος
2571 2715 2637 2767 ἐκ
2676 2712 2776 2784 τῆς
2800 2711 3179 2783 πνευματικῆς
3203 2711 3430 2783 πέτρας,
3458 2712 3513 2765 εί
3537 2710 3611 2781 μὴ
3643 2726 3741 2764 tuo

2151 2803 2328 2867 πικῶς
2375 2802 2679 2874 ἐϐαπτίσθη
2702 2818 2715 2831 ·
2750 2803 2871 2855 οὐδέ
2917 2801 2998 2855 σοί
3035 2818 3119 2864 τις
3151 2799 3311 2853 δώσει
3344 2799 3441 2872 τὴν
3479 2798 3739 2871 ἀληθινὴν

2149 2895 2327 2958 πόσιν,
2363 2894 2457 2947 ἐὰν
2500 2893 2575 2966 μὴ
2619 2893 2888 2964 ἀληθινῶς
2928 2892 3247 2966 βαπτισθῇς.
3285 2894 3526 2963 ’Έφαγεν
3571 2892 3738 2965 ἄρτον

2149 2985 2397 3055 ἀγγέλων
2423 2987 2628 3048 ἐκεῖνος
2659 2987 2797 3056 μετὰ
2816 2985 2879 3038 τό
2907 2984 3209 3056 βάπτισμα’
3241 2986 3305 3039 σὺ
3327 2986 3385 3038 δέ
3409 2985 3526 3049 πῶς
3549 2983 3739 3058 βριτισῃ

2148 3079 2240 3131 τὸν
2288 3078 2467 3142 ζῶντα
2515 3078 2698 3148 ἄρτον,
2729 3076 2796 3130 ἂν
2846 3077 2921 3149 μὴ
2959 3078 3070 3148 (74)
3112 3078 3373 3150 πρότερον
3406 3077 3636 3149 ὑποδέξῃ
3675 3092 3739 3131 το

467 3156 815 3242 susceperis?
852 3167 1135 3239 Ingressus
1165 3180 1248 3224 est
1278 3168 1369 3222 ille
1399 3168 1465 3222 ad
1490 3176 1692 3222 terram
1717 3167 2039 3237 promissio.

2149 3169 2431 3240 βάπτισμα
2456 3185 2470 3231 ;
2499 3168 2763 3239 Εἰσῆλθεν
2796 3170 3005 3233 ἐκεῖνος
3051 3171 3130 3234 είς
3161 3170 3260 3241 τὴν
3293 3169 3398 3240 γῆν
3430 3170 3526 3240 τῆς
3560 3171 3738 3241 eatur-

466 3265 556 3320 nis
584 3269 810 3334 propter
848 3261 1121 3330 baptisma
1147 3279 1160 3316 :
1198 3270 1254 3315 tu
1284 3276 1412 3315 vero
1441 3260 1717 3329 quomodo
1752 3259 2045 3314 reverteris

465 3359 527 3412 in
554 3355 893 3428 paradisum,
921 3353 1029 3408 nisi
1062 3353 1140 3408 sis
1188 3353 1519 3423 baptismate
1550 3350 1913 3421 obsignatus?
1961 3351 2043 3404 An

465 3464 577 3505 non
600 3448 747 3505 nosti
775 3447 1083 3504 ﬂammeum
1111 3446 1350 3517 gladium
1373 3443 1441 3499 ad
1466 3443 1879 3500 custodiendam
1900 3443 2043 3498 viam

463 3541 599 3614 ligni
645 3542 771 3597 vitae
830 3538 1140 3610 appositum
1184 3536 1436 3601 fuisse’,
1490 3536 1787 3590 incredulis
1822 3533 2044 3605 quidem

465 3633 801 3690 horrendum
849 3638 905 3687 et
958 3629 1349 3694 ﬂammantem,
1397 3628 1752 3684 credentibus
1781 3641 1909 3684 vero
1954 3642 2047 3682 ac-

462 3742 628 3783 cessu
656 3724 874 3781 facilem
898 3734 953 3780 ct
973 3723 1215 3794 jucunde
1241 3732 1622 3778 coruscantem
1647 3722 1670 3775 ?
1700 3722 1815 3777 Imo
1858 3735 2047 3776 versa-

458 3816 663 3872 .tilem'
696 3815 849 3868 illum
910 3814 1038 3870 fecit
1088 3813 1399 3868 Dominus:
1441 3828 1565 3867 cum
1621 3812 1769 3867 enim
1831 3811 2043 3867 ﬁdelem

463 3909 683 3973 viderit,
703 3915 857 3978 terga
879 3906 1004 3974 dat;
1037 3921 1162 3961 cum
1209 3921 1341 3961 vero
1383 3907 1695 3977 quempiam
1742 3921 1853 3959 non
1896 3903 2045 3959 obsi-

462 4006 711 4070 gnatum,
740 3997 912 4051 aciem
943 3996 1196 4050 obvertit.

539 4089 593 4143 3.
629 4088 777 4144 Elias
822 4102 1048 4141 currum
1100 4088 1275 4158 ignis,
1331 4087 1628 4157 igneosque
1679 4102 1852 4156 equos
1887 4086 1954 4141 ad
1985 4101 2046 4141 se

463 4180 749 4236 venientes
780 4192 891 4232 non
935 4178 1196 4247 expavit:
1235 4177 1329 4233 sed
1378 4178 1447 4232 ad
1502 4193 1737 4248 superna
1767 4176 2044 4248 proficisci

466 4271 795 4343 percupiens
814 4310 828 4334 ,
878 4268 1221 4324 formidanda
1250 4284 1421 4324 ausus
1449 4277 1570 4335 est,
1606 4280 1769 4340 atque
1801 4271 1921 4325 laete
1949 4270 2044 4324 ad-

465 4361 710 4433 modum,
735 4376 859 4415 cum
898 4361 1076 4415 adhuc
1110 4362 1163 4414 in
1203 4376 1370 4416 carne
1400 4362 1623 4426 viveret,
1655 4377 1853 4416 currus
1889 4361 2037 4415 llam-

464 4468 619 4508 meos
651 4452 957 4507 ascendit’.
993 4451 1074 4506 Tu
1096 4467 1227 4506 vero
1248 4468 1357 4507 non
1388 4454 1574 4523 igneos
1602 4469 1799 4509 currus
1821 4454 2042 4508 inscen—

465 4560 653 4608 surus,
685 4544 782 4598 sed
817 4559 910 4612 per
940 4559 1136 4614 aquam
1166 4557 1221 4599 et
1253 4544 1516 4615 Spiritum
1549 4544 1615 4598 ad
1638 4545 1836 4599 caelum
1859 4559 2043 4599 ascen-

462 4651 666 4700 surus,
716 4651 826 4690 non
880 4636 1127 4690 accurris
1180 4635 1248 4690 ad
1306 4636 1693 4691 vocationem?
1752 4634 1900 4692 Elias
1932 4637 2039 4690 vim

464 4727 815 4798 baptismatis
876 4728 931 4780 in
983 4741 1079 4780 ara
1133 4728 1578 4784 holocaustorum
1632 4730 1876 4785 ostendit
1932 4747 2041 4786 non

461 4820 599 4891 igni,
639 4820 735 4877 sed
767 4836 907 4890 aqua
938 4821 1216 4875 victimam
1248 4828 1420 4875 totam
1444 4835 1716 4889 exurens,
1748 4836 1875 4876 cum
1904 4821 2043 4877 alio-

463 4913 557 4981 qui
591 4911 735 4982 ignis
772 4922 963 4966 natura
990 4926 1141 4981 aquae
1169 4910 1509 4968 adversetur.
1566 4911 1866 4984 Postquam
1894 4915 2039 4971 enim

463 5015 606 5072 aqua
632 5010 718 5058 ter
745 5002 976 5072 mystice
1005 5009 1137 5057 tunc
1183 5017 1349 5072 super
1384 5017 1533 5057 aram
1577 5002 1751 5061 effusa
1804 5004 2040 5073 fuisset,

534 5158 579 5188 "
619 5155 755 5211 Gen.
794 5174 927 5220 xvn,
963 5158 1051 5214 14.
1126 5158 1171 5190 ⁸³
1211 5156 1424 5218 Coloss.
1461 5174 1521 5221 ιι,
1561 5160 1646 5213 11.

464 5241 532 5288 x,
570 5226 626 5279 2.
700 5228 746 5259 ’⁸
784 5227 929 5282 Psal.
968 5244 1183 5292 Lxxvn,
1222 5228 1314 5283 25.
1389 5229 1435 5260 ”
1469 5227 1627 5283 Joan.
1666 5244 1757 5293 γι,
1792 5231 1885 5286 51.

533 5384 644 5454 (74)
680 5385 834 5439 Colb.
866 5385 1062 5440 tertius
1090 5384 1186 5437 ἐὰν
1214 5385 1309 5455 μή.

2147 3260 2331 3329 γελίας
2362 3260 2452 3313 διὰ
2481 3260 2542 3313 τὸ
2588 3260 2898 3330 βάπτισμα·
2949 3262 3013 3314 σὺ
3057 3260 3114 3314 δὲ
3157 3260 3274 3324 πῶς
3306 3260 3608 3334 ἐπανέλθης
3655 3261 3742 3325 εἰς

2145 3353 2236 3406 τὸν
2260 3354 2606 3426 παράδεισον,
2649 3354 2722 3425 μὴ
2760 3355 3120 3424 σφραγισθεὶς
3150 3353 3229 3425 τῷ
3263 3354 3596 3426 βαπτίσματι
3623 3372 3637 3418 ;
3664 3356 3738 3408 Ἦ

2146 3446 2247 3500 οὐκ
2271 3443 2436 3512 οἶδας,
2467 3448 2548 3500 ὅτι
2596 3446 2820 3516 φλογίνη
2863 3447 3109 3518 ῥομφαία
3136 3447 3398 3500 τέτακται
3438 3447 3738 3517 φυλάσσειν

2145 3541 2246 3613 τὴν
2272 3542 2391 3595 ὁδὸν
2435 3540 2530 3595 τοῦ
2579 3540 2736 3607 ξύλου
2768 3540 2934 3610 ζωῆς,
2980 3542 3092 3602 τοῖς
3127 3540 3225 3611 μὲν
3258 3540 3507 3602 ἀπίστοις
3529 3537 3740 3608 φοϐερά

2147 3635 2243 3686 καὶ¹
2287 3632 2637 3702 φλογίζουσα,
2686 3635 2801 3695 τοῖς
2842 3631 2899 3684 δὲ
2944 3630 3365 3685 πεπιστευκόσιν
3412 3628 3739 3700 εὐπρόσιτος

2148 3725 2240 3777 καὶ
2269 3725 2459 3796 ἵμερον
2486 3724 2599 3794 (75)
2630 3722 3048 3793 ἐπιλάμπουσα;
3070 3723 3180 3777 Καὶ
3211 3720 3540 3793 στρέφεσθαι
3564 3718 3739 3793 αὐτὴν

2147 3815 2399 3882 ἐποίησεν
2442 3816 2470 3868 ό
2513 3814 2817 3883 Δεσπότης·
2867 3815 2994 3867 ὅταν
3028 3814 3125 3884 μὲν
3161 3813 3270 3886 γάρ
3302 3813 3387 3887 ἴδῃ
3422 3799 3631 3877 πιστὸν,
3665 3812 3737 3865 τά

2147 3905 2293 3956 νῶτα
2319 3904 2535 3957 δίδωσιν
2559 3920 2573 3935 ·
2610 3905 2739 3957 ὅταν
2767 3904 2824 3958 δέ
2851 3921 2976 3958 τινα
3012 3902 3122 3958 τῶν
3150 3904 3559 3975 άσφραγίστων,
3591 3904 3737 3957 κατὰ

2149 3997 2325 4066 στόμα
2358 3998 2740 4067 προσαπαντᾷ.

2217 4085 2270 4139 5.
2303 4086 2489 4149 Ἠλίας
2506 4086 2657 4158 ἆρμα
2684 4086 2852 4160 πυρὸς
2875 4088 2968 4141 καὶ
2984 4087 3183 4151 ἵππους
3208 4088 3462 4159 πυρίνους
3481 4086 3619 4157 πρὸς
3643 4086 3739 4141 αὺ-

2146 4178 2237 4229 τὸν
2268 4177 2521 4241 ἐλθόντας
2552 4178 2663 4249 (76)
2706 4178 2769 4231 οὐ
2805 4178 3143 4250 κατεπλάγη,
3183 4178 3298 4232 ἀλλ’
3328 4178 3593 4250 ἐπιθυμίᾳ.
3630 4177 3735 4249 τῆς

2147 4269 2260 4323 ἄνω
2310 4269 2535 4341 πορείας
2565 4269 2674 4323 τῶν
2720 4270 2968 4342 φοϐερῶν
3016 4270 3410 4340 κατετόλμησε,
3448 4268 3540 4322 καὶ
3594 4267 3739 4340 μετὰ

2148 4361 2506 4434 περιχαρείας
2552 4361 2722 4433 ἐπέϐη
2752 4361 2860 4415 τῶν
2907 4361 3175 4431 φλογίνων
3208 4363 3501 4433 ὀχημάτων
3531 4362 3671 4435 (77),
3707 4367 3738 4417 ὁ

2148 4454 2207 4505 ἐν
2239 4453 2402 4522 σαρκὶ
2436 4452 2544 4516 ζῶν
2577 4452 2692 4506 ἔτι·
2726 4454 2789 4507 σὺ
2822 4453 2900 4515 δὲ,
2932 4454 2992 4506 οὺ
3036 4454 3276 4526 πυρίνων
3318 4454 3580 4524 ἁρμάτων
3611 4457 3736 4508 ἐπι-

2147 4544 2214 4612 ϐή
2224 4544 2409 4598 σεσθαι
2438 4544 2666 4614 μέλλων,
2688 4545 2824 4599 ἀλλὰ
2846 4545 2913 4598 δι’
2937 4545 3127 4610 ὓδατος
3151 4548 3242 4600 καὶ
3266 4545 3404 4599 Πνεύ
3413 4563 3580 4618 ματος
3609 4547 3739 4600 άναο

2148 4636 2352 4689 ϐαίνειν
2393 4637 2474 4699 είς
2505 4636 2595 4690 τὸν
2626 4636 2877 4707 οὐρανὸν,
2906 4638 3006 4692 οὐκ
3048 4640 3353 4710 ἐπιτρέχεις
3392 4641 3457 4710 τῇ
3497 4637 3732 4710 κλήσεις

2153 4725 2396 4792 Ἐδειξεν
2437 4726 2623 4791 Ἠλίας
2650 4726 2745 4780 τοῦ
2798 4726 3174 4799 βαπτίσματος
3204 4728 3305 4798 τὴν
3339 4728 3495 4798 ἰσχὺν
3523 4728 3617 4781 ἐπὶ
3634 4727 3734 4782 τοῦ

2148 4820 2331 4892 βωμοῦ
2359 4820 2469 4874 τῶν
2496 4820 2964 4892 ὁλοκαυτωμάτων
2992 4821 3128 4892 (78),
3154 4820 3214 4874 οὐ
3236 4820 3326 4875 διὰ
3370 4820 3562 4892 πυρὸς,
3592 4819 3735 4873 ἀλλὰ

2144 4914 2211 4967 δι’
2247 4913 2439 4977 ὓδατος
2466 4912 2564 4984 τὴν
2597 4912 2787 4967 θυσίαν
2821 4912 3222 4976 όλοκαυτώσας.
3259 4910 3471 4976 ΙἈλλως
3506 4911 3606 4982 μὲν
3634 4907 3732 4965 οὖν

2148 5009 2183 5077 ἡ
2210 5005 2304 5059 τοῦ
2333 5006 2502 5078 πυρὸς
2528 5005 2690 5076 φύσις
2713 5005 2790 5077 τῷ
2821 5006 2973 5059 ὕδατι
3009 5007 3271 5076 μάχεταν
3310 5004 3499 5075 ἐπειδὴ
3530 5005 3587 5058 δὲ
3624 5021 3732 5073 μυ·-

1753 5160 1801 5191 νθ
1838 5159 1997 5215 Joan.
2034 5176 2045 5212 ι

2165 5161 2219 5217 5.
2319 5163 2365 5194 ’⁵
2401 5124 2620 5218 ~Coloss.
2660 5177 2722 5229 ιι,
2756 5161 2845 5215 12.
2948 5162 2995 5195 ³⁸
3017 5163 3176 5217 Rom.
3211 5177 3288 5226 vt,
3326 5162 3379 5217 5.
3480 5161 3561 5214 "l
3594 5160 3724 5216 Cor.

1964 5233 1979 5261 ¹
2021 5229 2157 5286 Gen.
2194 5246 2257 5285 ιιι
2306 5231 2398 5286 τι.
2476 5234 2496 5263 ⁸
2538 5232 2672 5288 ibid.
2748 5233 2769 5264 ³
2806 5230 2875 5286 ιν
2910 5230 3043 5300 Reg.
3082 5248 3144 5296 ιι,
3179 5232 3269 5287 11.

2214 5385 2327 5470 (η)
2359 5385 2500 5470 Editi
2531 5385 2796 5455 φλογίνων
2828 5385 3113 5457 ἁρμάτων.
3149 5385 3217 5439 At
3251 5399 3348 5441 sex
3374 5398 3508 5440 mss.
3535 5383 3731 5455 φλογί-

532 5455 645 5527 (Ἱ5)
677 5455 820 5509 Editi
855 5456 950 5507 καὶ
978 5455 1188 5525 ἵμερον.
1220 5454 1457 5527 Υειειεε
1494 5456 1736 5526 quinque
1779 5455 1904 5509 libri
1939 5454 2035 5527 καὶ

2149 5473 2247 5527 νων
2278 5454 2592 5525 ὀχημάτων.

459 5525 685 5597 quem,
717 5540 817 5580 nec
845 5536 1022 5597 tamen
1048 5532 1128 5578 tot
1149 5525 1402 5597 codicum
1440 5525 1740 5597 augetoritas
1784 5525 2033 5597 impedit,

459 5594 754 5666 quominus
785 5594 1385 5666 priorem_scripturam
1417 5596 1695 5666 meliorem
1736 5594 2030 5666 aptiorem—

457 5663 848 5744 queinndicem.
877 5664 998 5717 Mox
1017 5663 1396 5744 Ctilb._pri_rnt_ls
1412 5665 1546 5744 άλλὰ
1678 5663 2024 5744 στρέφεσθαι.

532 5732 646 5812 (76)
677 5737 860 5792 (Zodex
900 5750 1042 5790 unus
1075 5732 1227 5790 Colb.
1266 5736 1353 5787 ἐπ’
1384 5736 1547 5790 αὑτὸν
1579 5732 1852 5800 ἐλθόντας.

2215 5523 2487 5596 (78)I{eg.
2516 5528 2710 5581 tertius
2739 5535 2792 5579 et
2824 5536 3054 5595 utraque
3079 5526 3246 5580 editio
3268 5523 3377 5577 τῶν
3413 5523 3727 5596 ὁλοκαυτω-

2140 5593 2346 5665 μάτων.
2383 5593 2516 5665 Reg.
2564 5596 2842 5652 secundus
2873 5605 2927 5649 et
2956 5593 3071 5665 ang
3093 5603 3205 5650 tres
3235 5612 3367 5650 mss.
3419 5593 3725 5649 Colbertini

2136 5663 2242 5718 τῶν
2270 5663 2772 5736 όλοκαρπωμάτων.
2810 5665 3012 5720 Ibidem
3039 5663 3173 5736 Reg.
3209 5665 3486 5736 secundus
3508 5673 3563 5721 et
3586 5664 3724 5723 editi

2136 5735 2233 5809 τὴν
2264 5735 2475 5793 θυσίαν.
2507 5735 2612 5793 Alli
2641 5739 2886 5809 quinque
2917 5750 3051 5792 mss.
3085 5735 3183 5799 τὰς
3217 5735 3430 5799 θυσίας.
