4036 6236
305 361 407 413 ιιι)

1416 354 1700 417 HOMILIA
1739 354 1806 410 ΙΝ
1850 352 2177 411 SANCTUM
2218 345 2591 411 BAPTISMA.

3459 353 3565 412 ιεο

306 478 502 541 στικῶς
542 478 610 531 τὸ
642 476 787 549 ὕδωρ
833 482 1017 551 τρίτον
1063 478 1180 531 τότε
1226 476 1320 531 τοῦ
1350 478 1533 548 βωμοῦ
1584 476 1878 546 κατεχύθη,

1992 474 2126 543 ignis
2154 474 2363 529 exstitit
2391 474 2566 542 origo,
2595 480 2759 543 atque
2787 472 2842 526 in
2874 469 3097 527 modum
3137 471 3241 527 olei
3295 472 3567 528 ﬂammam

304 570 445 643 ἀρχὴ
480 572 693 639 ἐγένετο
722 572 803 641 τῷ
846 574 1001 643 πυρὶ,
1030 573 1123 624 καὶ
1155 570 1321 640 ἐξῆψε
1362 570 1460 641 τὴν
1496 570 1667 639 φλόγα
1694 570 1882 640 ῶσπερ

304 664 498 717 ἔλαιον.
550 663 774 717 Λάϐετέ
817 682 941 733 μοι,
983 664 1167 734 φησιν,
1210 663 1439 731 ὑδρίας,
1472 664 1570 717 καὶ
1619 662 1885 731 ἐπιχέετε

302 751 400 802 ἐπὶ
437 752 504 804 τὸ
555 754 952 821 όλοκαύτωμα
994 753 1093 806 καὶ
1140 753 1237 806 ἐπὶ
1266 753 1369 819 τὰς
1413 754 1730 823 σχίδακας.
1776 754 1885 807 Καὶ

303 839 461 896 εἴπεο
521 842 951 910 Δευτεμύσατε,
998 844 1097 897 καὶ
1140 843 1545 912 ἐδευτέρωσαν
1566 861 1579 874 ’
1631 845 1886 912 Τρισσώ-

308 952 475 997 σατε,
509 937 603 988 καὶ
639 936 1025 1005 ἑτρίσσωσαν
1047 939 1188 1009 (79)·
1220 938 1526 1001 δεικνύντος
1560 937 1651 989 τοῦ
1699 938 1883 1005 λόγου,

307 1028 387 1081 ὅτι
414 1028 503 1081 διὰ
531 1026 624 1080 τοῦ
661 1028 1037 1099 βαπτίσματος
1059 1029 1136 1100 τῷ
1160 1029 1280 1100 Θεῷ
1321 1029 1613 1082 οἰκειοῦται
1651 1032 1678 1082 6
1713 1046 1887 1098 προσ-

307 1118 597 1189 αγόμενος,
632 1121 726 1173 καὶ
752 1122 832 1173 ὅτι
865 1121 981 1189 φῶς
1002 1122 1239 1193 καθαρὸν
1282 1123 1375 1176 καὶ
1400 1123 1648 1192 ούράνιον
1694 1124 1750 1174 ἐν
1774 1121 1885 1191 (80)

304 1214 426 1272 ταῖς
454 1210 566 1262 τῶν
610 1211 943 1282 προσιόντων
970 1211 1166 1283 ψυχαῖς
1200 1212 1288 1265 διὰ
1316 1212 1417 1282 τῆς
1443 1214 1521 1275 είς
1560 1212 1656 1283 τὴν
1684 1212 1889 1283 Τριάδα

304 1303 544 1366 πίστεως
586 1305 916 1375 ἀναλάμπει.
952 1306 1014 1357 Εἰ
1058 1305 1256 1375 χρυσὸν
1301 1307 1366 1373 τῇ
1413 1304 1677 1375 ἐκκλησία
1716 1304 1887 1357 διένε⁴

307 1413 424 1465 μον,
460 1396 564 1449 οὐκ
590 1396 657 1449 ἄν
692 1415 783 1467 μοι
824 1392 1008 1459 εἶπες·
1032 1396 1227 1468 Αὔριον
1264 1397 1397 1467 ἥξω,
1429 1396 1523 1449 καὶ
1556 1395 1743 1467 αύριον
1790 1395 1889 1448 δώ-

306 1503 451 1549 σεις·
504 1486 624 1539 ἀλλ’
676 1488 903 1557 ἀπῄτεις
949 1487 1019 1540 ἂν
1071 1488 1171 1557 ἤδη
1202 1486 1298 1558 τὴν
1336 1486 1595 1558 διανομὴν
1632 1489 1889 1539 κατεπεί-

303 1596 433 1646 γων,
468 1580 567 1632 καὶ
602 1580 920 1650 ὲδυσφόρεις
947 1580 1082 1651 πρὸς
1118 1581 1216 1651 τὴν
1252 1580 1542 1649 ὑπέρθεσιν
1565 1598 1577 1609 ·
1612 1580 1799 1651 ἐπειδὴ
1832 1579 1889 1632 δὲ

302 1674 397 1739 οὐχ
426 1672 564 1742 ὕλης
594 1670 871 1743 εὔχροιαν,
916 1672 1051 1725 ἀλλὰ
1083 1672 1262 1741 ψυχῆς
1289 1671 1639 1743 καθαρότητα
1674 1672 1890 1742 προτεί-

303 1764 451 1815 νεταί
486 1781 570 1816 σοι
598 1766 626 1816 6
664 1764 1060 1836 μεγαλόδωρος,
1097 1765 1397 1834 προφάσεις
1434 1764 1645 1836 πλάττῃ
1678 1764 1771 1817 καὶ
1804 1765 1889 1816 αί-

302 1856 417 1917 τίας
442 1856 557 1908 ἀπα
569 1856 759 1927 ριθμῇ,
784 1856 898 1909 δέον
927 1856 1228 1927 ἐπιτρέχειν
1250 1858 1327 1927 τῷ
1350 1857 1527 1929 δώρῳ.
1559 1859 1621 1909 Ὢ
1644 1856 1738 1910 τοῦ
1762 1857 1891 1909 θαύ-

306 1950 506 2014 ματοςῐ
564 1948 926 2018 ἀνακαινίζῃ,
982 1949 1055 2019 μὴ
1101 1949 1499 2019 χωνευόμενος·
1551 1948 1890 2021 ἀναπλάττῃ,

306 2038 378 2106 μὴ
428 2038 885 2109 συντριϐόμενος·
933 2039 1230 2111 θεραπεύῃ,
1281 2042 1354 2111 μὴ
1410 2039 1768 2111 ὀδυνώμενος,
1800 2041 1892 2092 καὶ

303 2127 362 2178 οὐ
386 2127 580 2201 λογίζῃ
614 2129 713 2200 τὴν
738 2131 915 2201 χάριν.
940 2132 1001 2183 ΕΞ
1028 2131 1209 2194 δοῦλος
1247 2132 1547 2203 ἀνθρώπων
1568 2128 1729 2203 ἦσθα,
1767 2150 1893 2203 προ-

303 2221 517 2291 εγράφη
553 2222 609 2275 δὲ
641 2222 850 2285 δούλοις
877 2222 1179 2295 ἐλευθερία,
1216 2225 1315 2276 ούκ
1349 2225 1413 2277 ἃν
1447 2225 1539 2277 ἐπὶ
1569 2224 1665 2295 τὴν
1696 2226 1890 2296 κυρίαν

304 2314 642 2383 ἀπήντησας,
695 2314 1027 2384 συνηγόρους
1078 2314 1452 2385 μισθούμενος,
1496 2316 1588 2368 καὶ
1631 2316 1891 2380 δικαστὰς

306 2404 664 2473 παρακαλῶν,
723 2406 865 2459 ὥστε
916 2407 1067 2479 πάσῃ
1117 2410 1332 2478 μηχανῇ
1388 2408 1522 2477 πρὸς
1579 2407 1889 2478 ἐλευθερίαν

304 2495 683 2565 ὲξαιρεθῆναις
714 2495 784 2549 Ἠ
820 2512 922 2549 που
974 2500 1067 2551 καὶ
1112 2498 1383 2569 ῥάπισμα,
1432 2498 1528 2567 τὴν
1574 2499 1890 2553 τελευταίαν

302 2584 407 2636 τῶν
438 2585 650 2638 δούλων
692 2586 929 2657 πληγὴν,
963 2587 1104 2658 ὑπὲρ
1133 2589 1230 2658 τῆς
1259 2588 1396 2657 μετά
1416 2588 1590 2639 ταῦτα
1622 2589 1731 2641 τῶν
1755 2592 1893 2642 αἰκι-

308 2675 456 2743 σμῶν
490 2676 821 2746 ἀπαλλαγῆς
850 2678 1159 2748 κατεδέχου.
1207 2679 1423 2750 Ἐπειδὴ
1462 2680 1518 2732 δὲ
1546 2680 1728 2732 δοῦλον
1764 2680 1892 2733 ὄντα

306 2785 383 2833 σε,
412 2771 515 2823 οὐκ
555 2770 884 2842 ἀνθρώπων,
920 2772 1058 2824 ἀλλὰ
1096 2773 1194 2842 τῆς
1232 2773 1527 2844 ἁμαρτίας,
1572 2774 1727 2825 καλεῖ
1756 2773 1891 2844 πρὸς

305 2860 621 2931 ἐλευθερίαν
650 2863 680 2913 ὁ
713 2862 909 2934 κῆρυξ,
949 2864 1032 2915 ἵνα
1073 2862 1209 2935 λύσῃ
1256 2866 1352 2933 μέν
1384 2882 1441 2916 σε
1475 2864 1574 2933 τῆς
1608 2866 1890 2934 αἰχμαλω-

307 2952 443 3015 σίας,
494 2952 811 3022 ἰσοπολίτην
857 2953 913 3005 δὲ
964 2954 1204 3023 τοῖς(8ὶ)
1249 2954 1501 3022 ἀγγέλοις
1542 2959 1763 3026 ποιήσῃ,
1800 2957 1893 3008 καὶ

307 3043 415 3095 υἱὸν
448 3044 552 3112 μὲν
580 3044 840 3117 ἀποδείξῃ
866 3046 957 3096 τοῦ
998 3045 1131 3098 Θεοῦ
1159 3047 1537 3115 είσποιηθέντα
1568 3046 1656 3099 διὰ
1680 3049 1779 3117 τῆς
1802 3048 1893 3117 χά-

309 3152 470 3201 ριτος,
499 3135 841 3205 κληρονόμον
870 3136 926 3187 δὲ
952 3136 1057 3188 τῶν
1084 3137 1300 3205 ἀγαθῶν
1327 3137 1419 3189 τοῦ
1445 3138 1677 3209 Χριστοῦ
1699 3155 1712 3168 ·
1738 3136 1890 3191 οὔπω
1918 3163 1959 3219 C

304 3225 480 3292 λέγεις
504 3222 649 3277 εἷναί
680 3243 762 3277 σοι
788 3227 978 3296 καιρὸν
1005 3226 1256 3289 δέξασθαι
1286 3227 1355 3279 τὰ
1382 3228 1650 3297 διδόμενα.
1695 3230 1759 3280 Ὢ
1780 3222 1889 3281 τῶν

305 3319 560 3388 πονηρῶν
608 3319 920 3388 ὲμποδίωνὲ
958 3318 1002 3371 ὦ
1045 3320 1139 3389 τῆς
1180 3322 1410 3389 αἰσχρᾶς
1458 3321 1550 3373 καὶ
1604 3320 1889 3372 ἀτελέστου

306 3410 599 3478 ἀσχολίαςῑ
637 3410 785 3471 Ἕως
826 3410 954 3461 πότε
986 3410 1199 3479 ἡδοναί;
1232 3409 1335 3472 ἓως
1378 3410 1504 3463 πότε
1534 3411 1888 3481 ἠδ·)πάθειαι;

310 3502 478 3553 Πολὺν
513 3500 793 3572 ὲζήσαμεν
842 3503 1032 3573 χρόνον
1066 3503 1142 3571 τῷ
1180 3503 1389 3573 κόσμῳ,
1428 3503 1678 3573 ζήσωμεν
1708 3504 1891 3556 λοιπὸν

309 3593 398 3642 καὶ
435 3594 675 3655 ἑαυτοῖς.
712 3593 777 3644 Τί
822 3593 1001 3662 ψυχῆς
1032 3592 1314 3657 ἀντᾶξιον;
1344 3594 1408 3644 Τί
1453 3592 1752 3644 ἰσοστάσιον
1795 3593 1892 3661 τῆς

311 3681 586 3748 βασιλείας
618 3682 729 3737 τῶν
762 3684 1003 3754 οὐρανῶν
1028 3702 1042 3747 ;
1072 3684 1166 3745 Τίς
1192 3684 1527 3747 ἀξιοπιστότε
1539 3684 1627 3751 ρός
1662 3700 1743 3735 σοι
1766 3684 1895 3753 σύμ-

309 3776 496 3838 ϐουλος
526 3776 623 3827 τοῦ
646 3775 782 3827 Θεοῦ
805 3793 818 3838 ;
856 3777 951 3838 Τίς
976 3776 1378 3847 φρονιμώτερος
1406 3777 1499 3828 τοῦ
1531 3776 1726 3845 σοφοῦς
1753 3778 1784 3847 ἢ
1812 3777 1893 3840 τίς

308 3868 732 3938 ὡφελιμώτερος
757 3869 851 3920 τοῦ
904 3869 1143 3936 ἀγαθούς
1190 3870 1284 3932 Τίς
1321 3868 1415 3922 τοῦ
1455 3870 1565 3939 (8‘2)
1612 3870 1893 3932 κτίσαντος

310 3961 678 4027 οίκειότερος;
719 3960 853 4011 Οὐδὲ
889 3963 951 4029 τῇ
994 3960 1105 4030 Εύᾳ
1142 3962 1436 4029 συνήνεγκε
1472 3963 1536 4031 τῇ
1579 3958 1673 4012 τοῦ
1720 3960 1894 4026 ὄφεως

316 4050 593 4121 συμϐουλῇ
642 4049 932 4121 πεισθῆναι
968 4051 1225 4121 μᾶλλονῆ
1270 4056 1336 4122 τῇ
1365 4053 1456 4104 τοῦ
1498 4053 1788 4104 Δεσπότου.
1832 4054 1894 4103 ’Ὠ

268 4160 275 4169 '
309 4142 407 4209 τῆς
435 4144 670 4205 ἀτοπίας
707 4142 815 4195 τῶν
853 4142 1053 4211 λόγωνί
1095 4145 1207 4195 Οὐκ
1238 4143 1355 4211 ἄγω
1397 4144 1589 4213 σχολὴν
1631 4145 1848 4211 ὑγιᾶναι
1878 4161 1889 4171 ·

316 4236 478 4303 μήπω
506 4252 596 4303 μοι
620 4234 800 4305 δείξῃς
827 4235 888 4287 τὸ
914 4235 1059 4302 φῶς·
1094 4237 1258 4305 μήπω
1286 4237 1528 4307 συνάψῃς
1561 4236 1637 4305 τῷ
1657 4236 1892 4289 Βασιλεῖ.

309 4324 384 4374 Οὐ
415 4324 591 4376 ταῦτα
617 4324 799 4390 λέγεις
822 4324 1110 4396 ἆντικρυςς
1139 4328 1354 4379 Μᾶλλον
1380 4328 1433 4379 δὲ
1459 4328 1526 4379 τὰ
1548 4327 1752 4379 τούτων
1776 4328 1896 4379 ἀλο-

308 4415 617 4485 γιστότερα.
652 4416 724 4467 Σὺ
758 4416 835 4476 δὲ,
873 4418 919 4468 εί
954 4418 1051 4486 μὲν
1082 4414 1149 4487 ἧς
1180 4419 1626 4488 ἐγγεγραμμένος
1656 4422 1767 4481 τοῖς
1801 4418 1895 4489 δη-

1986 564 2255 620 accendit.
2290 565 2521 632 Accipite
2544 564 2697 629 mihi,
2730 563 2926 634 inquit,
2958 562 3197 633 hydrina,
3232 576 3280 618 et
3307 566 3570 634 infundite

1984 671 2140 724 super
2165 655 2553 718 holocaustum,
2584 665 2631 708 et
2685 671 2839 723 super
2866 665 3131 725 segmenta
3173 656 3455 725 lignorum.
3500 658 3570 711 Et

1984 748 2164 801 dixit:
2198 745 2437 801 Secundo
2468 747 2655 816 facile,
2709 758 2757 801 et
2806 748 3032 801 secundo
3082 747 3314 816 fecerunt
3342 764 3360 801 :
3393 749 3569 802 Tertio

1986 840 2167 908 facite,
2195 849 2243 892 et
2273 841 2424 893 tertio
2463 840 2694 908 fecerunt
2729 840 2770 895 ⁸.
2819 839 3029 905 Quibus
3067 838 3350 911 Scriptura
3382 852 3570 897 osten-

1986 932 2065 985 dit
2099 948 2196 1002 per
2242 933 2514 1002 baptisma
2570 931 2681 987 Deo
2734 932 2994 1002 conjungi
3042 948 3105 987 ac
3151 933 3434 987 conciliari
3474 933 3569 1003 qui

1987 1026 2218 1090 venerit,
2243 1041 2543 1095 puramque
2584 1041 2649 1079 ac
2706 1026 2981 1080 caelestem
3016 1026 3189 1080 lucem
3216 1028 3269 1081 in
3301 1028 3567 1082 acceden-

1988 1117 2125 1170 tium
2173 1117 2371 1173 animis
2419 1134 2516 1187 per
2573 1118 2731 1173 ﬁdem
2781 1120 2835 1172 in
2899 1117 3221 1174 Trinitatem
3275 1120 3565 1191 refulgere.

1993 1207 2151 1278 116
2181 1206 2336 1273 Quod
2379 1209 2423 1263 si
2456 1224 2648 1263 aurum
2682 1211 2928 1266 ecclesia:
2976 1211 3363 1267 distribuerem
3386 1254 3400 1275 ,
3456 1228 3569 1267 non

1991 1298 2178 1367 utique
2216 1314 2368 1353 esses
2412 1300 2543 1353 mihi
2590 1300 2875 1355 dicturus:
2918 1300 3056 1358 Cras
3084 1302 3320 1367 veniam,
3354 1310 3409 1359 et
3443 1319 3570 1359 cras

1989 1390 2145 1444 dabis
2180 1409 2192 1444 :
2228 1392 2321 1445 sed
2351 1392 2462 1461 jam
2494 1408 2841 1462 exposceres.
2867 1411 3068 1465 urgens
3096 1396 3567 1460 distributionem,

1988 1490 2044 1536 et
2092 1482 2409 1537 dilationem
2441 1486 2625 1538 animo
2658 1485 2845 1555 iniquo
2893 1485 3086 1540 ferres.
3132 1486 3400 1553 Quoniam
3439 1502 3570 1542 vero

1991 1572 2080 1627 hic
2105 1574 2195 1627 ille
2223 1590 2541 1645 magnorum
2574 1576 2843 1630 donorum
2890 1577 3113 1648 largitor
3145 1595 3253 1633 non
3285 1580 3567 1633 materiam

1990 1667 2217 1735 pulchre
2238 1669 2559 1730 coloratam,
2588 1668 2683 1723 sed
2719 1669 2913 1723 animae
2944 1671 3237 1739 puritatem
3272 1671 3363 1724 tibi
3388 1670 3566 1733 oﬂ‘ert,

1991 1759 2426 1814 comminisceris
2477 1761 2901 1828 excusationes;
2943 1770 3106 1832 atque
3137 1778 3335 1818 causas
3371 1770 3425 1816 et
3464 1763 3566 1815 im-

1993 1853 2302 1922 pedimenta
2336 1870 2607 1919 recenses,
2642 1869 2766 1909 cum
2791 1855 2856 1909 ad
2888 1856 3091 1911 donum
3124 1857 3351 1911 deberes
3373 1870 3570 1910 accur-

1990 1958 2128 1998 rere.
2155 1946 2196 1997 O
2224 1962 2335 1999 rem
2369 1946 2561 2000 miram
2591 1949 2601 1998 Ξ
2640 1951 2923 2002 renovaris
2946 1990 2961 2013 ,
3002 1963 3103 2003 nec
3140 1946 3430 2013 conﬂaris;
3478 1962 3569 2001 re-

1990 2034 2268 2103 formaris,
2300 2054 2399 2091 nec
2434 2039 2774 2104 coutereris;
2813 2043 3050 2103 curaris,
3079 2055 3178 2095 nec
3213 2041 3384 2095 sentis
3409 2039 3566 2093 dolo-

1990 2144 2127 2192 rem,
2159 2138 2212 2184 et
2251 2141 2433 2184 tamen
2494 2132 2546 2185 id
2609 2132 2856 2186 beneficii
2917 2140 3096 2187 tecum
3151 2148 3259 2187 non
3322 2140 3564 2202 reputas.

1992 2219 2194 2276 Servus
2225 2222 2506 2275 hominum
2536 2223 2581 2276 si
2611 2239 2786 2287 esses,
2821 2225 3105 2293 servisque
3144 2225 3337 2280 fuisset
3368 2240 3570 2295 propo-

1990 2314 2092 2364 sita
2146 2311 2391 2377 libertas,
2432 2328 2613 2365 nonne
2642 2314 2982 2369 occurrisses
3026 2314 3092 2367 ad
3126 2324 3320 2369 statam
3376 2316 3518 2369 diem
3545 2357 3559 2379 ,

1989 2403 2301 2457 conducens
2351 2411 2629 2472 patronos,
2673 2404 2994 2475 judicesque
3026 2421 3259 2475 rogans,
3306 2415 3365 2460 ut
3412 2408 3559 2461 omni

1989 2508 2155 2564 opera
2187 2496 2453 2550 assereris
2507 2495 2561 2548 in
2614 2496 2962 2550 libertatem?
3014 2496 3156 2563 Quin
3214 2506 3266 2553 et
3313 2498 3565 2569 alapam,

1990 2597 2323 2655 postremam
2354 2601 2638 2641 servorum
2661 2602 2873 2656 poenam
2905 2588 3199 2657 perferres,
3225 2598 3284 2643 ut
3308 2589 3361 2643 in
3394 2598 3572 2658 poste-

1991 2694 2111 2733 rum
2134 2693 2163 2730 a
2186 2679 2511 2734 verberibus
2535 2680 2672 2733 liber
2705 2681 2862 2735 lieres
2896 2690 2950 2734 et
2985 2682 3263 2736 immunis.
3298 2682 3567 2747 Quoniam

1992 2777 2169 2821 autem
2200 2776 2252 2822 te
2277 2784 2513 2835 servum,
2542 2785 2649 2823 non
2686 2770 2991 2834 hominum,
3016 2772 3110 2826 sed
3142 2774 3373 2842 peccati,
3404 2774 3471 2827 ad
3504 2775 3568 2825 li-

1994 2856 2255 2911 bertatem
2286 2872 2467 2927 prmco
2496 2866 2675 2922 vocat,
2717 2867 2775 2912 ut
2803 2867 2857 2913 te
2887 2861 3200 2928 captivitate
3236 2862 3473 2916 solutum
3503 2879 3571 2917 ex

1991 2963 2146 3017 :equo
2172 2963 2296 3002 cum
2329 2950 2537 3019 angelis
2568 2951 2789 3005 civitate
2822 2951 3007 3016 donet,
3040 2962 3201 3024 teque
3245 2954 3439 3009 clliciat
3475 2971 3572 3025 per

1993 3041 2301 3110 adoptionis
2326 3043 2555 3111 gratiam
2610 3041 2778 3097 ﬁlium
2826 3043 2942 3106 Dei,
2985 3052 3037 3098 et
3066 3046 3332 3100 bonorum
3364 3047 3572 3102 Christi

1994 3133 2262 3189 hteredem
2290 3153 2302 3187 :
2335 3136 2576 3189 nondum
2631 3144 2848 3207 tempus
2902 3152 3025 3191 esse
3082 3138 3196 3191 haec
3243 3140 3386 3193 dona
3419 3142 3571 3194 exci’

1994 3226 2174 3295 piendi
2207 3227 2367 3281 dicis.
2419 3225 2463 3280 Ο
2506 3227 2890 3297 impedimenta
2942 3230 3145 3297 prava!
3182 3229 3225 3284 Ο
3266 3239 3477 3301 turpem
3518 3242 3573 3285 ct

1993 3319 2399 3372 interminatam
2431 3320 2843 3389 occupationem
2870 3323 2881 3374 !
2916 3321 3212 3392 Quousque
3234 3324 3451 3377 tandem
3477 3339 3576 3377 vo-

1994 3408 2232 3476 luptates
2254 3408 2276 3459 ?
2298 3422 2584 3477 usquequo
2610 3408 2860 3463 deliciae?
2894 3408 3142 3466 Viximus
3177 3413 3405 3465 multum
3431 3420 3572 3467 tem-

1994 3514 2097 3568 pus
2128 3498 2350 3561 mundo,
2390 3499 2659 3568 reliquum
2706 3500 2957 3555 vivamus
3004 3511 3059 3557 et
3093 3504 3250 3559 nobis
3278 3504 3433 3573 ipsis.
3470 3502 3576 3557 Ec-

1994 3588 2124 3657 quid
2172 3589 2368 3642 animaa
2416 3589 2839 3657 azquiparabile?
2893 3589 3034 3655 Quid
3092 3607 3260 3661 regno
3308 3595 3573 3647 coelorum

1996 3680 2467 3749 comparandum?
2499 3680 2634 3745 Quis
2691 3682 2785 3734 tibi
2828 3683 3178 3738 consiliarius
3226 3685 3326 3739 ﬁde
3358 3684 3576 3755 dignior

1996 3785 2155 3838 quam
2210 3769 2386 3825 Deus?
2415 3768 2549 3835 Quis
2602 3770 2926 3840 prudentior
2984 3775 3287 3842 sapicnte,’
3317 3783 3410 3827 aut
3450 3777 3575 3844 quis

1996 3861 2181 3914 utilior
2210 3860 2394 3914 bono?
2420 3860 2555 3927 Quis
2577 3861 2861 3916 conditore
2892 3863 3275 3932 conjunctior?
3310 3864 3419 3919 Nec
3451 3865 3575 3920 Eva:

1997 3952 2265 4021 serpentis
2311 3954 2542 4007 consilio
2588 3954 2889 4009 credidisse
2941 3955 3114 4025 magis
3146 3971 3309 4024 quam
3359 3956 3572 4012 Domini

1997 4044 2217 4112 profuit.
2244 4044 2287 4098 Ο
2310 4046 2491 4113 inepta
2532 4046 2723 4099 verba!
2760 4045 2879 4100 Non
2909 4056 3062 4101 vacat
3095 4050 3300 4113 sanari,
3332 4050 3571 4105 nondmu

1996 4136 2254 4191 ostendas
2286 4137 2417 4189 mihi
2453 4137 2649 4201 lucem,
2688 4138 2929 4191 nondum
2955 4139 3258 4210 conjungas
3300 4157 3385 4196 me
3415 4142 3569 4213 Regi.

1996 4224 2183 4280 Nonne
2208 4227 2322 4280 hzec
2348 4235 2533 4296 aperte
2574 4227 2854 4297 loqueris?
2882 4228 2994 4283 lmo
3038 4231 3202 4284 etiam
3259 4230 3343 4287 his
3387 4233 3575 4288 absur-

1997 4317 2171 4371 diora.
2207 4317 2286 4369 Tu
2322 4318 2467 4372 enim
2500 4319 2542 4372 si
2572 4333 2724 4373 esses
2762 4319 2981 4375 tributis
3010 4322 3243 4390 publicis
3277 4323 3568 4385 obnoxius,

1997 4411 2451 4479 nuntiareturque
2484 4410 2762 4465 undelibet
2790 4411 3134 4467 debitoribus
3165 4415 3420 4471 rescissio
3447 4418 3572 4471 aeris

312 4506 521 4574 μοσίοις
547 4508 849 4577 ὀφλήμασι,
886 4509 1060 4579 χρεῶν
1100 4510 1154 4562 δὲ
1188 4512 1461 4563 ἀποκοπαὶ
1503 4514 1615 4574 τοῖς
1657 4510 1891 4563 ὑπευθύ-

1999 4503 2159 4557 alieni
2189 4522 2201 4556 :
2236 4502 2431 4556 deinde
2460 4511 2607 4557 esset
2629 4504 2719 4573 qui
2745 4519 2841 4573 per
2872 4505 3128 4573 injuriam
3158 4508 3371 4577 privare
3395 4517 3447 4562 te
3471 4510 3571 4563 hac

306 4614 417 4659 νοις
470 4600 976 4670 περιηγγέλθησαν,
1027 4600 1143 4654 εἷτά
1179 4619 1262 4665 τις
1293 4599 1360 4672 ἦν
1393 4605 1419 4655 6
1454 4604 1587 4674 πρὸς
1630 4602 1891 4673 ἐπήρειαν

306 4690 535 4759 ἄμοιρόν
561 4707 621 4741 σε
650 4694 872 4758 ποιῆσαι
900 4694 999 4763 τῆς
1028 4695 1424 4765 συγχωρήσεως
1457 4695 1660 4763 ταύτης
1687 4698 1893 4765 ὲπιχει-

309 4782 447 4851 ρῶν·
474 4783 815 4852 ἠγανάκτεις
845 4784 909 4837 ἂν
956 4786 1047 4836 καὶ
1078 4786 1255 4848 ἐϐόας,
1290 4786 1365 4849 ὡς
1394 4787 1453 4839 τὸ
1479 4787 1768 4839 ἐπιϐάλλον
1810 4804 1889 4839 σοι

310 4873 468 4942 μέρος
492 4876 595 4941 τῆς
642 4873 829 4942 κοινῆς
866 4873 1087 4943 χάριτος
1129 4875 1547 4946 ἀφαιρούμενος.
1592 4876 1805 4946 Ἐπειδὴ
1835 4876 1889 4927 δὲ

306 4963 362 5012 οὐ
392 4962 552 5031 μόνον
579 4962 779 5030 ἄφεσις
804 4963 912 5015 τῶν
952 4964 1345 5034 παρελθόντων,
1382 4966 1516 5019 ἀλλά
1559 4967 1651 5019 καὶ
1688 4968 1888 5038 δωρεαὶ

304 5052 407 5103 τῶν
438 5052 749 5122 μελλόντων
790 5054 1299 5126 προεκηρύχθησαν,
1326 5057 1487 5119 αὐτὸς
1532 5058 1757 5110 σεαυτὸν
1783 5059 1890 5111 ἀδι-

304 5146 430 5209 κῶν,
462 5148 498 5199 ἀ
530 5146 661 5217 μηδ’
692 5146 759 5199 ἂν
780 5146 891 5199 τῶν
913 5147 1121 5218 ἐχθρῶν
1152 5149 1231 5201 σοί
1258 5166 1340 5212 τις
1374 5150 1719 5220 ὲπηρεάσατο
1749 5151 1883 5221 (85),

370 5306 391 5332 ⁸
430 5302 491 5355 lll
526 5302 664 5373 Reg.
705 5320 862 5367 xvm,
900 5303 991 5359 54.

371 5460 480 5530 (79)
495 5458 683 5537 codex
696 5457 990 5513 Medicaus
1007 5456 1393 5537 Ιζ’ριρσεύσαςτε,
1404 5456 1500 5537 καὶ
1514 5456 1886 5537 ἐπερίσσευσαν.

377 5525 485 5597 (80⁷)
520 5530 726 5584 Addita
763 5537 849 5583 est
880 5525 1072 5582 vocula
1102 5529 1160 5579 ὲν
1189 5544 1251 5581 ex
1292 5529 1447 5580 libris
1481 5525 1740 5597 antiquis.
1782 5525 1887 5579 lbi-

306 5602 419 5655 dcm
448 5597 604 5657 Colb.
634 5600 833 5655 tertius
859 5602 979 5659 ταῖς
1005 5599 1160 5667 ἡμῶν
1181 5597 1513 5669 προσιόντων

370 5672 480 5739 (81)
502 5672 659 5725 Colb.
680 5671 897 5739 primus
922 5666 1238 5739 ἰσοπολίτην
1257 5668 1312 5719 δέ
1341 5684 1399 5718 σε
1429 5669 1560 5729 τοῖς.
1596 5666 1887 5737 Aliquanto

306 5752 417 5811 post
450 5737 607 5796 Colb.
646 5737 850 5794 tértius
875 5737 1125 5811 δέξασθαί
1148 5755 1227 5791 σε.

369 5813 475 5883 (82)
509 5811 672 5867 Colb.
723 5811 939 5881 primus
978 5809 1010 5878 ἢ
1050 5807 1131 5871 τίς
1173 5807 1288 5860 τοῦ.
1335 5806 1530 5877 Statim
1582 5822 1714 5863 mss.
1750 5822 1887 5862 non-

1995 4594 2396 4648 condonatione
2426 4603 2755 4662 conaretur;
2788 4612 3143 4653 succenseres
3169 4600 3356 4669 utique
3382 4608 3435 4653 et
3463 4602 3573 4654 cla-

1996 4700 2196 4749 mares,
2223 4695 2281 4737 ut
2318 4687 2412 4755 qui
2448 4701 2510 4741 ea
2544 4688 2853 4742 communis
2884 4689 3133 4744 beneﬁcii
3161 4693 3427 4759 portione,
3451 4708 3573 4761 qua:

1994 4778 2059 4830 ad
2107 4785 2159 4829 te
2204 4778 2491 4840 attineret,
2550 4778 2884 4847 spoliareris.
2941 4778 3234 4849 Postquam
3287 4796 3413 4835 vero
3460 4798 3570 4837 non

1995 4870 2391 4939 praeteritorum
2443 4871 2604 4925 modo
2674 4872 3045 4938 condonatio,
3118 4874 3211 4927 sed
3260 4872 3569 4929 futurorum

1994 4964 2156 5015 etiam
2193 4962 2510 5032 largitiones
2546 4963 2920 5033 praenuntiata:
2949 4970 3110 5027 sunt;
3147 4974 3196 5017 te
3222 4963 3338 5033 ipse
3369 4964 3569 5034 injuria

1994 5056 2256 5119 alliciens,
2284 5064 2549 5125 quantum
2598 5072 2666 5110 ne
2719 5056 2863 5111 ullus
2893 5054 3108 5124 quidem
3168 5055 3422 5114 inimicus
3468 5058 3568 5113 tibi

1995 5148 2292 5214 nocuisset,
2326 5155 2557 5219 putasne
2586 5155 2639 5202 te
2668 5148 2764 5201 tibi
2797 5146 3182 5201 convenienter
3203 5148 3567 5213 consuluisse,

1997 5456 2129 5530 nulli
2162 5460 2227 5529 τῇ
2260 5457 2354 5530 τοῦ
2395 5458 2569 5530 δφεως
2600 5457 3058 5530 συμϐουλίῳΝεο
3105 5459 3177 5514 ita
3213 5462 3383 5515 multo
3424 5460 3565 5516 infra

1997 5528 2381 5601 Colb:_tertius
2418 5544 2515 5601 pro
2538 5529 2707 5601 λόγων
2738 5528 2899 5601 habet
2931 5529 3223 5601 λογισμῶν.

2069 5597 2182 5670 (85)
2223 5598 2445 5670 Antiqui
2478 5606 2589 5653 tres
2618 5598 2753 5666 llibri
2790 5597 3126 5670 ἐπηράσατο.
3164 5600 3307 5655 Editi
3346 5608 3399 5655 et
3428 5599 3563 5670 Reg.

1996 5669 2196 5722 tertius
2222 5668 2587 5741 ἐπηρεάσατο,
2613 5678 2780 5741 recte.
2808 5668 3008 5725 Ibidem
3031 5678 3261 5741 utraque
3283 5671 3448 5724 editio
3467 5668 3569 5725 οἴει

1995 5737 2400 5862 προσῃκόντοξῗ.
2434 5740 2504 5793 At
2519 5739 2693 5797 nostri
2726 5756 2819 5798 sex
2848 5756 2983 5799 mss.
3017 5737 3567 5814 προσήκοντα,εθιιειι

1995 5823 2106 5862 non
2180 5823 2351 5862 issum
2380 5826 2415 5862 ι.

1995 5823 2106 5864 non
2140 5823 2415 5865 (IISSIllllll.
