4036 6236
435 330 529 382 451

1797 319 1853 375 S.
1885 318 2128 374 BASlLll
2168 318 2380 373 MAGNI

3575 323 3683 379 ιω

437 446 748 514 utiliterque
796 441 1100 514 providisse
1129 482 1142 504 ,
1197 440 1289 511 qui
1334 439 1543 495 scilicet
1585 453 1693 493 non
1749 439 2005 494 admittas

2110 439 2208 493 οίει
2233 442 2614 512 προσηκόντως
2657 441 3063 511 βεϐουλεῦσθαι,
3089 444 3180 496 καὶ
3217 441 3506 505 λυσιτελῶς
3537 441 3684 494 ὲντε-

437 538 924 601 condonationem,
983 535 1076 591 sed
1132 535 1187 588 in
1247 548 1355 588 aere
1400 533 1575 587 alieno
1633 532 2008 587 immoriaris?

436 630 675 685 maxime
703 643 826 682 cum
865 627 1010 682 scias
1037 666 1054 694 ,
1093 627 1237 696 quod
1271 624 1454 681 decies
1482 624 1632 678 mille
1676 623 2006 678 talentorum

437 719 651 774 debitor
707 725 1036 772 consecutus
1093 714 1289 771 fuisset
1341 715 1838 778 condonationem,
1897 713 2008 768 nisi

439 811 556 878 ipse
604 824 699 879 per
730 823 885 862 suam
941 808 998 861 in
1040 822 1366 863 conservum
1413 807 1868 862 inhumanitatem
1917 821 2008 861 ex-

441 901 704 956 actionem
735 900 788 954 in
821 914 880 954 se
912 906 1231 954 renovasset
1261 899 1305 952 ⁸.
1359 897 1517 964 Quod
1560 913 1630 953 ne
1675 897 1838 953 nobis
1868 912 2006 968 quo-

441 1006 545 1059 que
573 990 785 1045 accidat
822 996 946 1059 post
971 997 1255 1059 acceptum
1297 989 1400 1044 hoc
1427 1005 1648 1053 munus,
1671 989 1717 1044 si
1740 988 2004 1044 debitori-

440 1086 543 1140 bus
568 1084 773 1139 nostris
802 1098 914 1138 non
943 1082 1304 1148 dimittamus,
1333 1083 1634 1138 cavendum
1654 1122 1669 1146 ,
1702 1090 1762 1136 ut
1802 1081 2005 1137 donum

440 1176 657 1229 tirmum
688 1175 743 1229 in
783 1174 940 1229 nobis
965 1189 1028 1230 ac
1069 1175 1264 1230 stabile
1291 1180 1625 1244 permaneat.

509 1266 560 1320 ι.
599 1265 885 1336 ingredere
935 1266 990 1320 in
1051 1267 1310 1321 conclave
1362 1265 1557 1320 animae
1611 1271 1738 1329 tum,
1790 1264 2007 1319 revolve

441 1366 717 1428 gestorum
759 1366 976 1412 tuorum
1010 1357 1352 1413 memoriam.
1406 1357 1464 1411 Si
1497 1357 1667 1411 multa
1720 1367 1847 1411 sunt
1877 1372 2006 1428 pec-

441 1460 559 1503 Cuia
589 1457 702 1511 tua,
740 1464 808 1504 ne
856 1448 1112 1518 desperes
1148 1449 1218 1504 ob
1251 1449 1679 1504 multitudinem.
1725 1449 1826 1504 Ubi
1867 1451 2004 1503 enim

440 1539 724 1594 abundarit
787 1540 1034 1594 delictum
1063 1583 1078 1607 ,
1147 1540 1594 1610 superabundavit
1624 1541 1802 1612 gratia
1829 1540 1850 1570 °
1882 1557 1897 1606 ;
1959 1542 2006 1594 si

441 1634 600 1688 modo
653 1634 883 1704 gratiam
941 1634 1231 1703 suscipias.
1295 1633 1524 1688 Multum
1574 1634 1717 1688 enim
1766 1631 2004 1694 debenti,

443 1724 598 1792 117
629 1723 856 1777 multum
892 1723 1218 1783 remittetur,
1249 1729 1307 1775 ut
1338 1722 1575 1791 amplius
1624 1722 1818 1790 diligat
1853 1738 1867 1774 :
1920 1720 2005 1775 sin

2109 530 2381 602 θυμῆσθαι
2413 533 2540 602 περὶ
2594 532 2862 598 σεαυτοῦ,’
2883 534 2940 596 ὃς
2979 550 3041 601 γε
3070 534 3132 585 ού
3162 532 3295 604 δέχῃ
3334 529 3433 602 τὴν
3465 529 3681 600 ἄφεσιν,

2106 622 2220 678 ἀλλ’
2245 624 2664 695 ὲναποθνήσκεις
2695 627 2808 688 τοῖς
2835 624 3114 696 ὀφλήμασι
3136 641 3150 690 ;
3187 625 3281 678 καὶ
3304 622 3476 677 ταῦτα
3502 621 3682 686 εἰδὼς,

2105 715 2186 768 ὅτι
2215 716 2243 768 6
2274 715 2382 768 τῶν
2409 719 2616 787 μυρίων
2647 716 2927 770 ταλάντων
2964 715 3364 787 χρεωφειλέτης
3394 713 3583 784 ἔτυχεν
3616 712 3683 766 ἂν

2105 805 2202 876 τῆς
2231 805 2510 874 ἀφέσεως,
2533 807 2582 859 εί
2625 805 2698 877 μὴ
2737 806 2901 869 αὐτὸς
2929 805 3106 876 ἑαυτῷ
3143 803 3244 876 τὴν
3290 803 3575 874 εἴσπραξιν
3617 803 3686 856 ὲκ

2105 893 2206 963 τῆς
2243 894 2379 964 πρὸς
2413 893 2502 948 τὸν
2547 894 2836 965 ὁμόδουλον
2881 892 3280 963 ἀπανθρωπίας
3323 892 3684 946 ἀνενεώσατο.

2113 993 2177 1042 Ὃ
2206 992 2297 1043 καὶ
2321 992 2450 1061 ἡμῖν
2473 989 2770 1059 φυλακτέον
2805 987 2882 1059 μὴ
2909 987 3193 1058 πάθωμεν,
3223 986 3444 1040 ἐπειδὰν
3472 985 3574 1056 τῆς
3595 985 3690 1056 χά·

2108 1102 2253 1157 ριτος
2307 1084 2579 1154 τύχωμεν,
2633 1083 2707 1153 μὴ
2766 1081 3016 1151 ἀφιέντες
3059 1079 3170 1151 (84)
3217 1082 3331 1143 τοῖς
3379 1077 3688 1149 ὀφειλέταις

2105 1177 2286 1248 ἡμῶν,
2315 1177 2401 1231 ἵνα
2430 1175 2644 1246 βέϐαιον
2671 1177 2802 1245 ἡμῖν
2827 1172 3138 1245 παραμείνῃ
3165 1171 3226 1224 τὸ
3251 1170 3442 1239 δῶρον.

2176 1270 2228 1323 4.
2247 1268 2468 1322 Εἷσελθε
2485 1270 2562 1332 εἰς
2576 1268 2638 1320 τὸ
2656 1268 2900 1338 ταμιεῖόν
2916 1282 3009 1318 σου
3024 1265 3123 1336 τῆς
3137 1263 3338 1334 ψυχῆς,
3355 1262 3688 1333 ἀνακίνησόν

2107 1381 2202 1416 σου
2249 1361 2357 1415 τῶν
2403 1360 2810 1430 πεπραγμένων
2854 1358 2952 1429 τὴν
2993 1358 3234 1428 μνήμην.
3276 1357 3340 1410 Ei
3386 1354 3484 1424 μὲν
3513 1353 3689 1410 πολλά

2107 1454 2200 1510 σού
2232 1457 2347 1508 ἐστι
2381 1455 2449 1508 τά
2477 1453 2869 1523 ἁμαρτήματα,
2913 1450 2988 1520 μὴ
3029 1449 3322 1521 ἀθυμήσῃς
3356 1447 3435 1517 τῷ
3463 1446 3686 1518 πλήθειν

2108 1549 2297 1601 Ὅπου
2309 1547 2416 1616 γὰρ
2441 1545 2812 1598 ἐπλεόνασεν
2826 1544 2864 1610 ἡ
2881 1541 3152 1611 ἁμαρτία,
3182 1539 3693 1607 ὑπερεπερίσσευ-

2104 1655 2218 1692 σεν
2244 1637 2283 1706 ή
2321 1637 2513 1705 χάρις,
2538 1635 2632 1688 ὲάν
2671 1634 2800 1706 δέχῃ
2825 1633 2922 1704 τὴν
2945 1633 3103 1703 χάριν
3121 1649 3133 1661 ·
3170 1630 3247 1701 τῷ
3275 1631 3385 1701 γάρ
3419 1628 3696 1699 ὀφείλοντι

2108 1729 2243 1782 πολὺ
2266 1728 2401 1781 πολὺ
2418 1726 2510 1780 καὶ
2530 1723 2879 1795 ἀφεθήσεται,
2898 1723 2983 1776 ἵνα
3001 1721 3385 1792 περισσότερον
3403 1719 3687 1790 ἀγαπήσῃ.

440 1824 619 1870 autem
667 1828 833 1883 parva
881 1828 944 1866 ac
999 1814 1156 1878 levia,
1229 1829 1328 1866 nec
1389 1812 1458 1866 ad
1497 1812 1768 1866 mortem7
1802 1809 2006 1866 fuerint

2111 1822 2175 1873 Εί
2205 1821 2261 1874 δὲ
2296 1818 2467 1890 μικρά
2497 1818 2591 1870 καὶ
2616 1816 2825 1885 εὐτελῆ,
2856 1814 2951 1868 καὶ
2968 1815 3030 1867 οὑ
3055 1813 3191 1885 πρὸς
3208 1811 3438 1866 θάνατόν
3491 1827 3585 1864 σου
3619 1810 3693 1862 τὰ

438 1921 662 1981 peccata
719 1917 854 1974 tua;
911 1923 1010 1963 cur
1041 1909 1238 1965 anxius
1281 1923 1340 1961 es
1399 1907 1467 1961 de
1496 1905 1704 1969 futuro,
1744 1904 1838 1974 qui
1863 1904 2008 1958 haud

440 2005 633 2072 ignave
688 2002 959 2070 praeterita
998 2000 1326 2070 pertuleris;
1375 1998 1559 2068 idque,
1602 2013 1727 2051 cum
1775 1996 2006 2052 necdum

439 2109 590 2148 esses
631 2093 746 2163 lege
775 2091 1120 2146 instructus?
1161 2088 1316 2143 Nunc
1350 2097 1479 2159 puta
1515 2088 1660 2142 velut
1703 2087 1758 2141 in
1803 2085 2008 2140 trutina

441 2183 678 2236 animam
707 2192 854 2235 tuam
879 2177 1135 2250 appendi.
1159 2177 1288 2231 hinc
1318 2177 1387 2231 ab
1418 2176 1646 2246 angelis,
1682 2174 1810 2228 hinc
1844 2187 1875 2226 a
1902 2174 2010 2227 dae-

440 2272 698 2328 monibus
751 2278 1061 2324 attractam.
1121 2269 1307 2332 Utris,
1341 2283 1558 2337 quaeso,
1609 2266 1765 2320 dabis
1827 2263 2008 2319 cordis

437 2362 820 2418 momentum?
853 2361 994 2427 Quid
1024 2359 1166 2431 apud
1205 2368 1259 2415 te
1291 2360 1474 2414 vincet
1502 2359 1525 2411 ?
1573 2359 1826 2426 voluptas
1884 2370 2008 2409 car-

441 2457 548 2522 nis,
591 2472 660 2511 an
699 2456 894 2510 animm
922 2454 1327 2510 sanctimonia?
1372 2451 1726 2522 praesentium
1770 2449 2010 2504 oblecta—

440 2550 540 2614 tio,
588 2564 659 2603 an
689 2547 999 2603 futurorum
1048 2545 1418 2602 desiderium?
1475 2544 1739 2614 Angeline
1788 2550 1843 2596 te
1883 2557 2008 2596 sus-

443 2641 667 2710 cipient,
702 2655 768 2694 an
795 2639 1116 2694 detinebunt
1143 2638 1236 2706 qui
1265 2637 1378 2706 jam
1399 2635 1621 2691 tenent?
1652 2634 1706 2686 In
1737 2634 1855 2688 acie
1907 2633 2010 2684 du-

438 2747 534 2787 ces
581 2739 844 2784 tesseram
878 2729 1126 2782 tribuunt
1182 2727 1284 2781 sub
1312 2741 1372 2781 se
1431 2723 1814 2785 militantibus,
1855 2729 1914 2776 ut
1959 2729 2012 2775 et

443 2821 605 2876 amici
642 2820 801 2876 facile
829 2835 890 2876 se
918 2820 1147 2874 invicem
1190 2819 1504 2880 inclament,
1541 2821 1594 2871 et
1623 2814 1671 2870 si
1720 2815 1778 2869 in
1822 2812 2012 2870 conﬂi-

443 2920 536 2968 ctu
559 2910 764 2966 fuerint
807 2926 932 2965 cum
977 2909 1230 2964 hostibus
1272 2908 1567 2973 commisti,
1625 2913 1830 2976 queant
1873 2904 2011 2958 citra

441 3002 820 3060 confusionem
857 3000 1094 3070 seiungi.
1130 2997 1405 3070 Agnoscet
1439 3008 1490 3053 te
1526 3010 1709 3062 nemo,
1755 3001 2012 3050 nosterne

441 3096 543 3160 sis,
571 3109 640 3148 an
690 3092 954 3160 hostium,
986 3091 1093 3148 nisi
1143 3089 1392 3162 mysticis
1443 3089 1617 3160 signis
1644 3087 2008 3150 necessitudi-

439 3201 567 3244 nem
591 3184 1019 3253 allinitatemque
1075 3149 1404 3244 ostenderis,
1453 3183 1562 3235 nisi
1612 3181 1887 3251 signatum
1940 3149 2082 3234 sitc

441 3292 607 3347 super
662 3283 716 3330 te
746 3275 931 3330 lumen
964 3273 1146 3329 vultus
1171 3271 1384 3328 Domini
1407 3272 1450 3326 ⁸.
1487 3272 1773 3338 Quomodo
1831 3271 2011 3327 vindi-

439 3369 587 3425 cabit
617 3373 672 3423 te
700 3367 956 3437 angelus?
982 3365 1255 3438 quomodo
1291 3364 1484 3434 eripiet
1511 3379 1579 3419 ex
1608 3363 1878 3431 hostibus,
1901 3361 2008 3417 nisi

439 3461 722 3532 agnoverit
781 3457 1155 3530 signaculum?
1190 3456 1473 3523 Quomodo
1501 3456 1751 3512 dicturus
1811 3471 1872 3511 es
1927 3465 2008 3520 tu,

441 3552 537 3608 Dei
591 3567 736 3618 sum,
783 3551 830 3606 si
860 3563 1017 3607 notas
1051 3565 1115 3604 ac
1163 3550 1396 3620 insignia
1445 3565 1553 3603 non
1585 3549 1844 3604 exhibeas
1873 3547 1896 3601 ?
1927 3548 2009 3600 An

439 3647 682 3716 ignoras,
736 3643 1216 3700 exterminatorem
1256 3641 1449 3695 domos
1483 3640 1730 3710 signatas
1785 3646 2010 3710 praeter-

439 3739 591 3801 iisse,
623 3737 677 3791 in
709 3736 795 3792 his
828 3750 957 3790 vero
988 3749 1110 3804 quae
1160 3734 1389 3803 signatae
1434 3746 1544 3786 non
1582 3737 1764 3798 erant,
1805 3731 2009 3801 primo-

439 3831 620 3900 genita
663 3827 1010 3882 oceidisse’?
1059 3825 1377 3881 Thesaurus
1419 3839 1529 3878 non
1560 3824 1880 3894 obsignatus
1912 3822 2011 3876 di-

439 3921 544 3990 ripi
584 3935 614 3974 a
647 3920 860 3974 furibus
889 3919 1046 3973 facile
1087 3924 1267 3988 potest
1298 3933 1311 3967 :
1354 3917 1441 3970 ovi
1471 3915 1627 3986 signo
1654 3915 1866 3970 carenti
1891 3923 2010 3970 tuto

439 4012 728 4063 struuntur
751 4006 982 4060 insidi-.e.

508 4092 562 4150 5.
601 4092 826 4149 Juvenis
869 4094 979 4147 es?
1028 4092 1223 4146 Retine
1274 4091 1613 4160 juventutem
1667 4092 2010 4162 baptismatis

439 4183 616 4238 freno.
670 4183 912 4239 Transiit
947 4183 1046 4240 llos
1073 4184 1291 4238 aetatis?
1319 4184 1463 4239 Cave
1492 4182 1688 4239 feceris
1713 4184 1896 4238 viatici
1926 4184 2009 4252 jac

440 4283 673 4335 cturam,
709 4289 838 4328 cave
877 4274 1127 4329 amiseris
1169 4274 1593 4335 munimentum,
1624 4288 1758 4328 cave
1797 4274 2007 4346 cogites

439 4366 507 4420 de
542 4366 826 4420 undecima
857 4365 992 4419 hora
1019 4365 1167 4419 velut
1196 4365 1264 4419 de
1316 4366 1492 4435 prima
1517 4366 1558 4396 ¹⁰
1599 4384 1612 4418 :
1659 4364 2004 4436 quandoqui-

2037 4026 2040 4028 τ
2110 4002 2380 4073 πρόϐατον
2409 4001 2748 4072 ἀσημείωτον
2781 4001 3077 4066 ἀκινδύνως
3105 3989 3530 4055 ἐπιϐουλεύεται.

2109 1913 2498 1982 ἁμαρτήματα,
2536 1908 2589 1962 τί
2615 1909 2853 1978 ἀγωνιᾷς
2879 1907 2938 1959 τὸ
2970 1906 3181 1978 μέλλον,
3205 1905 3264 1967 ὃς
3293 1920 3357 1971 γε
3390 1903 3491 1957 οὐκ
3523 1903 3693 1970 ἀγεν-

2109 2002 2214 2064 νῶς
2239 2000 2308 2054 τὰ
2340 1997 2676 2070 παρελθόντα
2727 1997 3038 2068 διήνεγκας,
3083 1995 3178 2047 καὶ
3203 1991 3376 2046 ταῦτα
3417 1990 3569 2045 οὔπω
3605 1991 3686 2062 τῷ

2107 2093 2258 2164 νόμῳ
2323 2091 2872 2161 παιδαγωγούμενος;
2917 2088 3030 2140 Νῦν
3057 2086 3246 2156 ὥσπερ
3289 2086 3382 2137 ἐπὶ
3415 2084 3691 2155 τρυτάνης

2108 2186 2329 2237 ἑστάναι
2357 2181 2546 2254 νόμιζέ
2597 2198 2690 2234 σου
2720 2180 2818 2251 τὴν
2858 2177 3057 2249 ψυχὴν,
3101 2174 3253 2230 ἐνθεν
3284 2177 3375 2228 ὑπ’
3411 2174 3685 2244 ἀγγέλων,

2108 2269 2360 2326 κάκεῖθεν
2384 2269 2488 2322 ὑπὸ
2502 2269 2772 2338 δαιμόνων
2797 2266 3169 2338 διελκομένην.
3190 2265 3344 2317 Τίσιν
3362 2264 3469 2336 ἀρα
3497 2263 3694 2326 δώσεις

2107 2363 2204 2434 τὴν
2233 2363 2404 2434 ῥοπὴν
2432 2363 2532 2433 τὴν
2571 2361 2832 2432 καρδίας;
2872 2359 2936 2413 Τί
2970 2358 3121 2430 παρὰ
3140 2361 3224 2412 σοὶ
3249 2359 3497 2428 νικήσεις,
3526 2357 3695 2428 ἡδονὴ

2109 2455 2329 2526 σαρκὸς,
2353 2455 2386 2526 ἢ
2411 2453 2677 2524 ἁγιασμὸς
2700 2453 2911 2524 ψυχῆς
2953 2451 3250 2515 ἀπόλαυσις
3269 2451 3377 2506 τῶν
3406 2449 3694 2521 παρόντων

2109 2547 2141 2618 ἢ
2177 2546 2284 2600 τῶν
2313 2545 2610 2616 μελλόντων
2633 2543 2789 2597 ἐπιθυ
2799 2543 2929 2614 μία;
2964 2542 3218 2611 ’Δγγελοί
3251 2559 3310 2594 σε
3337 2540 3694 2612 παραλήψον-

2109 2655 2218 2699 ται,
2249 2636 2281 2708 ἢ
2319 2633 2638 2700 καθέξουσιν
2669 2636 2716 2688 οἱ
2763 2634 3122 2705 κατέχοντες;
3171 2634 3294 2686 Ἐπὶ
3324 2631 3692 2704 παρατάξεως

2108 2730 2158 2781 oi
2181 2726 2475 2799 στρατηγοὶ
2497 2726 2558 2780 τὸ
2605 2725 2854 2797 σύνθημα
2877 2729 2990 2788 τοῖς
3029 2725 3118 2778 ὑπ’
3153 2725 3349 2788 αὐτοὺς
3377 2723 3487 2794 (85)
3513 2722 3697 2778 διανέ-

2114 2835 2324 2889 μουσιν,
2344 2817 2430 2870 ἵνα
2454 2817 2547 2870 καὶ
2563 2817 2611 2868 oi
2629 2815 2768 2883 φίλοι
2789 2815 2985 2886 ῥᾳδίως
3001 2814 3262 2883 ἀλλήλους
3289 2815 3691 2876 ἀνακαλῶνται.

2111 2909 2205 2963 καὶ
2229 2907 2364 2978 πρὸς
2387 2908 2511 2970 τοὺς
2532 2906 2827 2968 ἐναντίους,
2851 2905 3034 2978 ὲάνξὲν
3053 2907 3170 2968 ταῖς
3197 2905 3533 2975 συμπλοκαῖς
3561 2905 3696 2958 ἀνα-

2113 2998 2395 3070 μιχθῶσιν,
2433 2998 2686 3068 εύκρινὴς
2726 2997 2949 3068 δύνηται
2978 2998 3247 3067 ὑπάρχειν
3296 2998 3325 3050 6
3381 2995 3688 3068 χωρισμός.

2111 3091 2298 3153 Οὐδεὶς
2356 3089 2710 3158 ὲπιγνώσεταί
2757 3105 2837 3153 σε,
2877 3091 2924 3142 εί
2963 3089 3233 3160 ἡμέτερος
3271 3084 3341 3151 εἷ,
3375 3088 3408 3156 ἢ
3440 3087 3548 3142 τῶν
3583 3088 3693 3141 ὑπ-

2111 3182 2388 3245 εναντίων,
2420 3181 2514 3235 ὲάν
2549 3180 2623 3250 μὴ
2645 3181 2757 3242 τοῖς
2793 3182 3076 3250 μυστικοῖς
3116 3177 3406 3250 συμϐόλοις
3431 3179 3693 3249 παράσχῃ

2110 3271 2208 3342 τὴν
2232 3271 2562 3342 οἰκειότητα,
2587 3269 2683 3323 ἐὰν
2713 3268 2790 3340 μὴ
2827 3268 3108 3340 σημειωθῇ
3144 3269 3237 3322 ἐπὶ
3271 3269 3332 3321 σὲ
3362 3267 3423 3320 τὸ
3449 3267 3564 3336 φῶς
3591 3267 3694 3322 τοῦ

2113 3363 2401 3435 προσώπου
2455 3362 2682 3433 Κυρίου.
2733 3360 2856 3425 Πῶς
2885 3359 3210 3432 ἀντιποιηθῇ
3243 3376 3337 3413 σου
3367 3363 3394 3412 6
3415 3359 3646 3429 ἄγγελος
3672 3377 3692 3426 ς

2113 3455 2229 3518 πῶς
2280 3454 2338 3506 δὲ
2376 3453 2641 3523 ἀφέληται
2693 3452 2803 3505 τῶν
2853 3450 3086 3523 ἐχθρῶν,
3115 3450 3210 3504 ὲάν
3243 3451 3316 3523 μὴ
3361 3450 3566 3521 ἐπιγνῷ
3587 3450 3697 3522 τὴν

2113 3545 2381 3616 σφραγῖδα
2407 3562 2422 3611 ;
2451 3543 2576 3607 Πῶς
2603 3544 2658 3597 δὲ
2687 3546 2750 3598 σὺ
2773 3546 2937 3615 ἐρεῖς,
2971 3543 3078 3596 Τοῦ
3111 3542 3248 3596 Θεοῦ
3280 3544 3417 3613 εἰμι,
3454 3541 3528 3613 μὴ
3563 3543 3695 3594 ἐπι-

2110 3637 2407 3710 φερόμενος
2459 3637 2528 3690 τά
2594 3637 2988 3706 γνωρίσματα;
3047 3636 3119 3688 Ἢ
3185 3634 3419 3703 ἀγνοεῖς,
3462 3635 3542 3687 ὅτι
3585 3631 3698 3697 τὰς

2110 3729 2551 3801 ὲσφραγισμένας
2588 3730 2765 3793 οἰκίας
2800 3730 2828 3782 6
2865 3727 3192 3800 ὁλοθρευτὴς
3222 3725 3600 3798 ὑπερέϐαινεν,
3629 3726 3694 3776 ὲν

2108 3822 2164 3874 δὲ
2207 3825 2324 3884 ταῖς
2393 3821 2783 3892 ἀσφραγίστοις
2829 3819 3159 3888 κατεφόνευε
3211 3819 3280 3872 τὰ
3327 3817 3692 3892 πρωτότοκα;

2122 3912 2514 3982 ’Λσφράγιστος
2583 3910 2852 3982 θησαυρὸς
2918 3911 3331 3981 εὐεπιχείρητος
3392 3910 3690 3982 κλέπταιςῗς

2179 4093 2232 4147 5.
2258 4093 2392 4156 Νέος
2411 4088 2496 4155 εἷ;
2531 4091 2826 4159 ἀσφάλισαι
2864 4091 2962 4162 τὴν
3006 4093 3232 4162 νεότητα
3267 4092 3344 4163 τῷ
3374 4090 3467 4146 τοῦ
3493 4092 3697 4163 βαπτί-

2110 4202 2312 4256 σματος
2345 4183 2565 4254 χαλινῷ.
2608 4185 2966 4255 Παρέδραμεν
3003 4187 3035 4255 ὴ
3063 4186 3254 4257 ἀκμή;
3285 4186 3360 4257 μὴ
3399 4184 3692 4256 ζημιωθῇς

2107 4276 2174 4328 τὰ
2201 4275 2406 4344 ἐφόδια,
2432 4274 2504 4345 μὴ
2531 4274 2799 4344 ἀπολέσῃς
2818 4275 2876 4328 τὸ
2897 4275 3262 4347 φυλακτήριον
3292 4276 3430 4346 (86),
3457 4275 3529 4346 μὴ
3557 4277 3693 4346 περὶ

2107 4367 2205 4437 τῆς
2239 4365 2530 4436 ἑνδεκάτης
2559 4365 2707 4435 ὥρας
2754 4365 2828 4429 ὡς
2864 4368 2992 4436 περ).
3027 4367 3247 4438 πρώτης
3275 4367 3484 4421 διανοοῦ
3505 4383 3518 4397 ·
3550 4368 3692 4422 ὅπου

439 4456 562 4510 dem
597 4463 652 4510 et
700 4471 825 4510 eum
875 4456 968 4526 qui
1030 4456 1145 4525 jam
1209 4456 1445 4526 primum
1485 4455 1668 4511 editur
1703 4456 1757 4511 in
1807 4457 2003 4524 lucem,

2110 4475 2172 4526 γε
2201 4459 2467 4529 προσήκει
2521 4458 2614 4512 καὶ
2665 4459 2756 4510 τὸν
2785 4459 3086 4529 ἀρχόμενον
3113 4459 3208 4512 τοῦ
3243 4459 3356 4529 βίου
3389 4460 3446 4511 ὲν
3486 4459 3692 4527 ὀφθαλ-

439 4555 669 4603 mortem
697 4549 769 4603 ob
798 4549 989 4603 oculos
1041 4548 1241 4603 habere
1278 4547 1551 4602 convenit.
1590 4548 1646 4602 Si
1679 4551 1801 4618 quis
1839 4549 2004 4604 medi-

439 4657 539 4698 cus
561 4643 900 4711 promitteret
932 4642 1054 4706 tibi,
1087 4656 1148 4696 se
1176 4640 1387 4696 artibus
1413 4640 1746 4711 quibusdam
1791 4658 1868 4694 ac
1926 4643 2009 4696 in-

508 4773 530 4803 ⁸
571 4770 759 4845 Matth.
799 4789 952 4839 xvm,
985 4774 1057 4828 24
1089 4788 1210 4845 sqq.

437 4857 543 4906 xx,
581 4841 671 4897 12.

512 4955 814 5024 (84)11111ἀ,
923 4954 1017 5008 καὶ
1051 4956 1180 5027 ἡμῖν
1231 4954 1528 5024 φυλακτέον
1589 4955 1663 5026 μὴ
1709 4957 2006 5027 πάθωμεν,

438 5028 653 5081 ἐπειδὰν
681 5027 782 5096 τῆς
811 5025 1030 5095 χάριτος
1049 5025 1320 5096 τύχωμεν,
1361 5027 1434 5096 μὴ
1467 5025 1738 5094 ἀφιέντες,
1765 5025 1894 5090 etc.,
1929 5028 2010 5082 sic

438 5101 600 5151 vertit
638 5099 908 5166 interpres
947 5103 1104 5150 vetus
1145 5113 1157 5147 :
1199 5096 1351 5161 Quod
1381 5112 1444 5166 ne
1479 5096 1768 5166 patiamur,
1814 5097 2008 5164 fratres

439 5165 806 5229 dilectissimi,
863 5181 1172 5236 magnopere
1227 5165 1763 5236 animadvertendum,
1802 5177 2009 5234 postea-

439 5253 606 5307 quam?
639 5236 786 5307 hanc,
812 5235 1042 5306 gratiam
1073 5235 1246 5307 adepti
1292 5236 1633 5307 sumushsed
1681 5235 2006 5290 debitoribus

439 5303 636 5362 uostris
659 5303 1012 5370 reiitittamus,
1045 5314 1103 5358 ut
1125 5306 1359 5375 ﬁrmum,
1385 5315 1489 5375 etc.
1513 5303 1593 5359 lta
1625 5313 1804 5375 autem
1835 5309 2002 5360 inter-

441 5376 687 5447 pretandi
723 5376 837 5447 haec
865 5376 936 5439 ei,
979 5374 1195 5447 opiner,
1219 5389 1386 5432 causa
1410 5374 1532 5438 fuit,
1562 5374 1707 5444 quod
1746 5376 1848 5429 hoc
1879 5377 2001 5447 loco

437 5445 686 5502 voculam
715 5446 789 5516 μή
833 5445 1120 5516 commode
1154 5447 1454 5516 exprimere
1495 5462 1605 5501 non
1645 5451 1847 5515 posset.
1879 5445 1998 5500 Mox

438 5517 548 5571 duo
572 5513 879 5586 ωεξζήμῖν
899 5513 1212 5586 παραμένῃ.

510 5587 621 5657 (85)
653 5583 835 5657 Editio
851 5583 1026 5657 Paris.
1051 5583 1141 5657 ὕπ’
1165 5583 1373 5657 αὐτοῖς.
1400 5585 1472 5638 At
1490 5585 1730 5657 quinque
1750 5584 2000 5657 mss.‘61:’

437 5653 653 5720 αὐτούς.
685 5655 839 5721 Quod
860 5655 1059 5709 ibidem
1089 5656 1306 5723 legitur,
1335 5655 1421 5706 ἵνα
1443 5653 1535 5708 καὶ
1563 5657 1610 5708 oi
1641 5653 1782 5723 φίλοι
1803 5653 2001 5723 ῥᾳδίως

437 5709 1116 5799 ἀλλήλόὺξάνακαλῶνται,
1140 5709 1192 5780 id
1213 5709 1474 5781 ita'vertit
1497 5709 1749 5793 Duczeus,
1784 5709 1998 5779 Biliiuni

2118 4552 2235 4622 μοῖς
2267 4549 2409 4618 ἔχειν
2435 4548 2531 4620 τὴν
2578 4548 2854 4619 τελευτήν.
2882 4550 2948 4601 Εἴ
2982 4567 3064 4612 τις
3095 4551 3289 4621 ἰατρῶν
3324 4549 3697 4619 ὲπηγγέλλετό

2116 4659 2196 4695 σοι
2231 4643 2498 4712 μηχαναῖς
2529 4657 2634 4694 τισι
2666 4641 2755 4693 καὶ
2789 4641 3051 4704 ἐπινοίαις
3080 4642 3199 4694 νέον
3229 4644 3468 4713 ποιήσειν
3499 4643 3564 4694 ὲκ
3589 4641 3691 4709 γέ·-

1324 4773 1345 4803 ⁶
1382 4769 1536 4827 Rom.
1580 4788 1631 4837 ν,
1665 4773 1755 4828 20.
1832 4773 2008 4830 ’lJoa

2112 4793 2162 4841 ν,
2199 4773 2283 4826 l7.
2362 4775 2382 4803 ⁸
2423 4773 2567 4830 Psal.
2608 4792 2680 4839 Iv,
2707 4775 2756 4828 7.
2832 4775 2853 4806 '
2891 4775 3059 4830 Exod.
3099 4792 3207 4840 xu,
3242 4775 3331 4830 25.
3407 4777 3452 4809 ¹⁰
3494 4777 3687 4833 Mulli).

2109 4967 2356 5022 secutus,
2408 4970 2466 5012 ut
2509 4969 2558 5014 et
2602 4962 2762 5014 amici
2799 4977 2911 5015 sese
2949 4963 3165 5015 invicem
3197 4964 3357 5030 facite
3405 4975 3640 5017 revocent
3667 4984 3689 5020 :

2107 5045 2268 5102 quam
2295 5031 2547 5102 virorum
2573 5031 3016 5102 doctissimorum
3057 5032 3561 5102 interpretationem
3594 5035 3689 5089 hie

2107 5099 2407 5153 addendam
2435 5100 2821 5174 judicavimus,
2852 5111 2911 5155 ut
2936 5101 2983 5157 si
3011 5099 3252 5171 cuipiam
3283 5103 3459 5174 magis
3483 5105 3691 5173 proba-

2106 5177 2276 5227 retur,
2303 5185 2366 5222 ea
2400 5171 2476 5222 uti
2503 5171 2708 5225 liceret.

2179 5239 2291 5313 (86)
2321 5239 2814 5313 Coml)cl_isius,_cu_i
2837 5239 3214 5313 interpretatio
3238 5249 3394 5313 vetus
3424 5256 3530 5296 non
3559 5259 3687 5313 p.a-

2105 5308 2239 5383 cuit,
2277 5307 2391 5361 haec
2437 5310 2622 5373 verba,
2659 5311 2731 5383 μὴ
2778 5307 3048 5383 ἀπολὲᾲσῂς
3078 5313 3138 5364 τὸ
3183 5307 3578 5382 φυλακτήριον,
3607 5318 3688 5368 ita

2107 5376 2495 5452 interpretatus
2533 5388 2638 5452 est,
2789 5376 3526 5452 salutis'pignusamiseris:
3559 5399 3690 5452 qua:

2105 5447 2495 5520 interpretandi
2521 5451 2659 5520 ratio
2683 5451 2848 5503 videri
2879 5447 3327 5520 poteStquaedam
3358 5467 3480 5506 esse
3505 5447 3690 5506 decla-

2103 5517 2245 5569 ratio
2280 5518 2568 5590 verborum
2606 5519 2812 5582 Basilii,
2847 5517 2957 5574 non
2987 5517 3215 5590 simplex
3246 5523 3558 5577 eorumdeln
3597 5525 3689 5577 in-

2105 5587 2441 5711 terxretatio.
2468 5586 2620 5644 Haud
2650 5591 2808 5661 longe
2835 5607 3021 5647 vocem
3041 5586 3190 5661 ὧρας
3222 5607 3288 5647 ex
3314 5591 3472 5647 Colb.
3501 5594 3689 5663 primo

2107 5655 2172 5711 ad
2218 5657 2441 5711 Idtmus.

2107 5670 2441 5712 audiuimus.

3563 3977 3719 3993 -ν--ο-
