4036 6236
305 345 413 402 £63

1399 360 1682 417 HOMILIA
1722 365 1791 420 ιΝ
1834 366 2157 423 SANCTUM
2192 371 2550 429 BAPTISMA.

3456 382 3562 440 434

308 486 515 566 ροντος,
546 472 645 566 οὑκ
684 473 753 526 ἂν
787 476 1142 549 ἐπεθύμησας
1182 481 1355 536 ἐλθεῖν
1390 485 1603 556 ἐκείνην
1624 488 1723 559 τὴν
1758 490 1892 559 ἡμέ-

2000 493 2205 548 dustria
2237 495 2491 564 juvenem
2519 505 2573 551 te
2606 514 2671 552 ex
2703 514 2833 555 sene
2878 500 3151 557 facturum
3180 515 3324 566 esse,
3378 517 3562 557 nonne

309 579 433 633 ραν,
478 564 536 615 ἐν
678 567 905 620 σεαυτὸν
952 570 1083 639 ὁρᾷν
1123 570 1347 641 ἔμελλες
1369 575 1506 646 πρὸς
1541 557 1725 648 ἀκμῆν
1760 557 1893 631 ὑπο-

310 655 610 726 στρέφοντα
664 657 810 727 (87);
855 661 1073 731 Ἐτπιδὴ
1131 663 1187 715 δὲ
1233 664 1329 733 τὴν
1358 665 1539 736 ψυχήν
1564 684 1655 718 σου
1694 668 1893 721 ἀναθα-

307 746 493 817 λήσειν
520 750 915 817 ἐπαγγέλλεταί
935 753 1092 805 σοιτὸ
1120 753 1423 824 βάπτισμα,
1440 758 1507 827 ἢν
1536 758 1600 809 σὺ
1624 759 1895 812 ἐπαλαίω-

310 855 434 904 σας,
486 842 582 894 καὶ
635 844 806 915 ρυσὴν
870 846 1040 916 αὑτὴν
1074 846 1184 916 (88)
1212 847 1275 899 ἐκ
1330 847 1437 901 τῶν
1487 848 1758 919 ἀνομιῶν,
1800 853 1893 904 καὶ

310 932 694 1005 ἐσπιλωμένην
724 936 1037 1003 ἀπέδειξας,
1067 942 1427 1009 καταφρονεῖς
1454 940 1547 993 τοῦ
1578 942 1889 1013 εὐεργέτου,

312 1024 407 1075 καὶ
437 1024 499 1075 οὑ
530 1026 889 1096 προστρέχεις
917 1026 996 1097 τῷ
1030 1027 1425 1097 ἐπαγγέλματι.
1461 1030 1574 1081 Οὑκ
1606 1031 1891 1100 ἐπιθυμεῖς

314 1115 446 1167 ἰδεῖν
473 1113 527 1167 τί
568 1114 627 1167 τὸ
647 1116 792 1184 μέγα
839 1116 1024 1187 θαῦμα
1078 1119 1176 1188 τῆς
1218 1120 1596 1189 ὑποσχέσεωςς
1622 1122 1738 1184 πῶς
1764 1122 1890 1175 ἄνευ

311 1203 520 1274 μητρὸς
553 1205 913 1272 ἀναγεννᾶται
946 1206 1267 1279 ἄνθρωπος;
1300 1209 1417 1272 πῶς
1441 1213 1469 1262 ὁ
1494 1210 1892 1282 παλαιούμενος

306 1298 405 1348 καὶ
462 1295 824 1366 φθειρόμενος
864 1298 1005 1351 κατὰ
1062 1299 1163 1363 τὰς
1219 1301 1515 1370 ἐπιθυμίας
1542 1303 1639 1372 τῆς
1679 1303 1893 1374 ἀπάτης

310 1389 519 1457 σφριγᾷ
553 1387 735 1451 πάλιν,
770 1390 864 1442 καὶ
914 1389 1110 1461 ἀνηϐᾷ,
1139 1390 1232 1443 καὶ
1258 1393 1338 1455 είς
1372 1394 1432 1445 τὸ
1456 1394 1705 1463 ἀληθινὸν
1733 1396 1891 1459 ἄνθος

306 1477 408 1545 τῆς
454 1478 709 1549 νεότητος
766 1480 1157 1552 ἐπανέρχεται;
1195 1483 1486 1554 Βάπτισμα
1527 1484 1892 1556 αἰχμαλώτοις

304 1567 523 1638 λύτρον,
543 1568 879 1640 ὀφλημάτων
896 1573 1105 1641 ἄφεσις,
1126 1574 1355 1638 θάνατος
1376 1577 1672 1647 ἁμαρτίας,
1698 1577 1895 1645 παλιγ-

305 1659 531 1725 γενεσία
594 1660 798 1730 ψυχῆς,
850 1661 1054 1732 ἔνδυμα
1088 1665 1380 1732 φωτεινὸν,
1426 1668 1663 1738 σφραγὶς
1709 1669 1894 1721 ἀνεπι-

308 1749 589 1820 χείρητος,
621 1750 807 1822 ὅχημα
862 1754 997 1824 πρὸς
1026 1755 1271 1826 οὐρανὸν,
1305 1756 1584 1825 βασιλείας
1612 1760 1889 1827 πρόξενον,

307 1840 587 1904 υἱοθεσίας
629 1843 898 1913 χάρισμα.
953 1844 1231 1901 Τοσούτων
1269 1847 1489 1915 ἀγαθῶν
1519 1851 1611 1902 καὶ
1641 1850 1894 1921 τηλικού-
1926 1836 1965 1891 Β

308 1950 438 1997 των,
484 1932 660 2000 ἄθλιε,
716 1937 1114 2008 προτιμοτέραν
1166 1938 1320 2007 ἄγεις
1350 1940 1446 2013 τὴν
1484 1941 1711 2013 ἡδονήνς
1772 1944 1895 1997 Νοῶ

310 2026 419 2095 γάρ
473 2042 570 2077 σου
618 2025 717 2097 τὴν
759 2027 1073 2098 ὑπέρθεσιν,
1128 2029 1231 2082 κᾶν
1275 2033 1601 2104 περιστέλλῃ
1640 2034 1749 2103 (89)
1784 2038 1895 2122 τοῖς

312 2117 589 2185 ῥήμασιν’
635 2118 776 2170 αὐτὰ
818 2117 921 2190 βοᾷ
959 2119 1026 2171 τὰ
1086 2121 1407 2192 πράγματα,
1458 2123 1561 2177 κᾶν
1621 2129 1688 2196 τῇ
1744 2117 1892 2196 φωνῇ

312 2210 545 2279 σιωπᾷς.
589 2210 823 2279 Ἔασον,
862 2213 1261 2286 ἀποχρήσωμαι
1310 2219 1374 2287 τῇ
1427 2219 1590 2288 σαρκὶ
1619 2219 1752 2289 πρὸς
1800 2219 1896 2291 τὴν

312 2300 617 2354 ἀπόλαυσιν
660 2303 767 2355 τῶν
825 2305 1099 2376 αἰσχρῶν,
1166 2307 1471 2375 ἐγκυλισθῶ
1514 2310 1593 2381 τῷ
1654 2310 1897 2383 βορϐόρῳ

311 2391 417 2444 τῶν
457 2392 684 2462 ἡδονῶν,
730 2395 949 2466 αἱμάξω
991 2398 1089 2461 τάς
1119 2402 1326 2470 χεῖρας,
1359 2402 1645 2472 ἀφέλωμαι
1702 2403 1771 2456 τὰ
1803 2403 1896 2457 ἀλ-

312 2481 535 2553 λάτρια,
598 2484 787 2548 δολίως
825 2487 1076 2557 πορευθῶ
1100 2528 1115 2553 ,
1175 2491 1526 2563 ἐπιορκήσω,
1570 2492 1892 2564 ψεύσωμαι·

312 2575 407 2627 καὶ
461 2576 585 2627 τότε
630 2577 692 2627 τὸ
728 2575 1033 2649 βάπτισμα,
1062 2580 1189 2633 ὅταν
1222 2582 1368 2652 λήξω
1401 2583 1529 2636 ποτέ
1552 2583 1658 2637 τῶν
1688 2585 1895 2648 κακῶν,

310 2666 639 2737 ὑποδέξομαι
686 2667 821 2738 (90).
880 2671 945 2723 Εί
976 2672 1073 2741 μὲν
1104 2668 1196 2725 οὖν
1229 2672 1393 2727 καλὸν
1426 2676 1459 2745 ἡ
1496 2676 1759 2747 ἁμαρτία,
1801 2677 1901 2745 φύ-

310 2758 475 2812 λασσε
493 2760 702 2830 ταύτην
730 2763 811 2825 είς
843 2762 1027 2827 τέλος·
1059 2766 1107 2817 εί
1143 2764 1199 2817 δὲ
1239 2762 1479 2838 βλαϐερά
1515 2766 1593 2838 τῷ
1632 2766 1895 2832 ποιοῦντι,

311 2850 361 2904 τί
406 2850 697 2921 ἐπιμένεις
746 2856 857 2917 τοῖς
890 2854 1189 2926 ὀλεθρίοις;
1252 2857 1458 2921 Οὐδεὶς,
1497 2859 1656 2930 χολὴν
1704 2860 1899 2931 ἐμέσαι

312 2941 489 3013 ζητῶν
508 2984 523 3005 ,
554 2945 621 2996 ἐκ
643 2940 887 3016 πονηρᾶς
917 2947 1012 3000 καὶ
1049 2947 1347 3002 ἀκολάστου
1382 2949 1592 3021 διαίτης
1635 2952 1901 3005 πολυπλα-

314 3035 462 3087 σίονα
491 3034 703 3106 ταύτην
735 3037 914 3107 ἐαυτῷ
941 3038 1302 3111 συναθροίζει.
1336 3042 1631 3113 Καθαίρειν
1654 3044 1897 3114 προσῆκε

1994 582 2333 639 desiderares
2366 586 2512 640 illam
2542 587 2737 644 adesse
2772 589 2941 656 diem,
2972 590 3027 645 in
3066 605 3172 660 qua
3212 591 3447 660 teipsum
3480 594 3559 644 vi-

1995 691 2163 730 surus
2193 690 2346 731 esses
2373 678 2438 731 ad
2471 679 2649 734 aetatis
2680 680 2923 752 vigorem
2946 682 3265 736 reversum?
3301 679 3406 735 Sed
3436 697 3560 734 cum

1994 768 2300 837 baptismus
2356 768 2628 827 facturum
2670 788 2729 827 se
2768 774 3001 843 spondet
3047 789 3109 828 ac
3146 775 3455 844 pollicetur,
3504 785 3561 827 ut

1995 862 2173 914 anima
2205 870 2295 916 tua
2327 878 2486 932 quam
2511 872 2777 921 vetustate
2814 866 3119 933 confecisti,
3148 881 3211 921 ac
3263 866 3561 936 iniquitati-

1994 953 2096 1007 bus
2126 970 2379 1024 rugosam
2423 958 2867 1029 maculosamque
2916 958 3225 1024 reddidisti,
3275 959 3341 1011 ad
3376 958 3560 1027 pristi-

1994 1060 2122 1098 num
2183 1044 2370 1100 ﬂorem
2422 1047 2656 1116 redeat;
2719 1050 3030 1123 asperitatis
3082 1048 3509 1104 benefacientem
3543 1090 3557 1109 ,

1992 1154 2092 1193 nec
2149 1140 2395 1195 accurris
2438 1142 2505 1196 ad
2562 1141 3004 1211 promissionem.
3069 1143 3220 1197 ltane
3264 1156 3394 1197 vero
3440 1156 3557 1195 ma-

1994 1246 2158 1301 gnum
2188 1231 2592 1301 pollicitationis
2618 1233 2941 1288 miraculum
2991 1234 3175 1289 videre
3206 1248 3314 1287 non
3359 1232 3510 1301 cupis
3539 1230 3563 1283 ?

1995 1323 2269 1393 quomodo
2298 1324 2413 1380 sine
2446 1332 2620 1379 matre
2662 1334 3016 1395 regeneretur
3047 1325 3243 1380 homo?
3287 1322 3561 1393 quomodo

1994 1417 2327 1470 inveteratus
2357 1425 2411 1470 et
2443 1416 2649 1470 erroris
2697 1416 2984 1473 desideriis
3020 1418 3059 1447 “
3112 1424 3428 1485 corruptus,
3477 1413 3561 1466 vi-

1995 1518 2115 1579 geat
2153 1523 2367 1573 rursus,
2408 1510 2858 1578 repubescatqne,
2893 1517 2945 1564 et
2986 1509 3051 1561 ad
3090 1523 3278 1562 verum
3306 1508 3564 1575 juventu—

1994 1597 2066 1654 tis
2094 1596 2287 1652 ﬂorem
2330 1598 2674 1652 revertatur?
2710 1596 3020 1666 Baptismus
3050 1596 3278 1664 captivis
3336 1603 3421 1648 est
3478 1610 3565 1647 re-

1995 1687 2324 1758 demptionis
2362 1688 2621 1756 pretium,
2662 1687 2968 1742 debitorum
3017 1685 3375 1744 condonatio.
3412 1699 3562 1739 mors

1996 1776 2227 1848 peccati,
2278 1778 2620 1848 regeneratio
2651 1776 2866 1840 animae,
2898 1773 3561 1847 indumentumlucidum,

1996 1866 2233 1935 sigillum
2264 1866 2406 1936 quod
2446 1874 2645 1921 conatu
2679 1866 2831 1920 nullo
2881 1864 3057 1935 frangi
3109 1870 3308 1934 potest,
3345 1864 3566 1917 vehicu-

1995 1959 2106 2012 lum
2139 1957 2204 2012 ad
2237 1959 2458 2021 cmlum,
2494 1957 2650 2027 regni
2699 1956 3047 2021 conciliator,
3099 1954 3414 2025 adoptionis
3465 1954 3566 2007 do-

1995 2064 2147 2103 num.
2189 2047 2293 2104 Tot
2324 2064 2387 2104 ac
2418 2048 2583 2104 tantis
2617 2048 2798 2111 bonis,
2822 2063 2857 2103 o
2885 2048 3072 2111 miser,
3103 2048 3432 2117 voluptatem
3462 2044 3566 2098 du-

1995 2144 2077 2198 cis
2107 2142 2374 2214 potiorem
2399 2143 2422 2195 ?
2454 2140 2589 2195 Novi
2620 2142 2765 2196 enim
2798 2140 3353 2212 procrastinationem
3389 2146 3562 2201 tuam,

1994 2248 2302 2304 quanquam
2333 2247 2453 2288 eam
2493 2232 2676 2287 verbis
2701 2234 2943 2304 contegis
2984 2251 2999 2288 :
3027 2233 3265 2286 clamant
3290 2245 3380 2285 res
3410 2231 3563 2300 ipsae,

1995 2325 2211 2380 tametsi
2260 2339 2394 2379 voce
2443 2332 2613 2379 taces.
2646 2322 2797 2388 Sine,
2848 2331 2971 2378 utar
3016 2338 3248 2394 corpore
3284 2323 3353 2376 ad
3377 2322 3565 2375 fruen-

1995 2416 2095 2471 das
2146 2426 2329 2487 turpes
2370 2415 2653 2480 libidines,
2681 2417 2899 2471 voluter
2927 2417 2982 2469 in
3014 2430 3174 2471 cceno
3202 2414 3564 2484 voluptatum,

1998 2513 2282 2562 eruentem
2340 2520 2558 2569 manus,
2609 2504 2865 2575 diripiam
2901 2504 3101 2568 aliena,
3174 2505 3334 2575 118
3381 2503 3569 2559 dolose

1999 2597 2291 2663 ambulem,
2323 2597 2584 2667 pejerem,
2616 2597 2853 2652 mentiar
2890 2614 2904 2663 ;
2936 2604 2991 2651 et
3024 2604 3157 2651 tunc
3191 2612 3314 2650 cum
3343 2596 3565 2650 tandem

1999 2688 2295 2758 aliquando
2328 2702 2359 2742 a
2390 2687 2547 2743 malis
2599 2688 2881 2751 destitero,
2931 2687 3226 2757 suscipiam
3278 2686 3565 2756 baptisma.

1999 2779 2153 2845 Quod
2187 2779 2233 2833 si
2267 2786 2553 2850 peccatum
2600 2779 2802 2833 bonum
2842 2787 2927 2834 est
2953 2786 3006 2833 et
3053 2780 3347 2833 honestum
3374 2818 3387 2841 ,
3435 2778 3567 2831 illud

2001 2871 2067 2925 ad
2124 2870 2285 2925 finem
2332 2885 2510 2939 usque
2558 2884 2714 2925 serva
2753 2888 2766 2924 :
2802 2872 2887 2924 sin
2926 2870 3151 2924 noxium
3178 2876 3263 2924 est
3305 2870 3566 2938 patranti,

2000 2962 2129 3033 quid
2161 2963 2217 3017 in
2245 2961 2495 3018 exitiosis
2528 2962 2841 3016 immoraris
2869 2960 2893 3015 i
2923 2960 3093 3016 Nemo
3124 2961 3290 3015 bilem
3316 2975 3569 3015 evomere

2000 3070 2125 3110 cum
2182 3055 2332 3118 vult,
2384 3055 2524 3107 mala
2572 3055 3067 3123 intemperantique
3116 3053 3274 3107 diaeta
3308 3067 3424 3106 eam
3462 3052 3567 3106 sibi

310 3127 417 3180 τῶν
447 3127 767 3180 λυπούντων
816 3129 876 3182 τὸ
926 3129 1102 3200 σῶμα,
1133 3132 1193 3183 οὑ
1241 3132 1423 3203 μέντοι
1472 3135 1899 3199 κατασκευάζειν

2002 3145 2174 3199 multo
2232 3144 2685 3198 abundantiorem
2738 3144 3003 3211 congerit.
3044 3142 3152 3197 Par
3204 3144 3347 3197 enim
3409 3141 3570 3196 fuerit

311 3220 409 3290 τὴν
442 3219 600 3272 νόσον
643 3219 864 3289 μείζονα
905 3222 1005 3292 τῆς
1050 3221 1349 3294 δυνάμεως.
1399 3224 1650 3279 Φαίνεται
1696 3229 1728 3298 ὴ
1763 3227 1893 3291 ναῦς

317 3310 478 3381 μέχρι
505 3312 656 3373 τίνος
712 3313 775 3364 τὸ
828 3312 995 3384 βάρος
1049 3313 1156 3366 τῶν
1210 3316 1508 3386 ἀγωγίμων
1564 3319 1895 3386 ὑφίσταται,

315 3402 372 3453 τὶ
402 3402 461 3453 δὲ
489 3402 635 3471 ὑπὲρ
665 3399 823 3454 τοῦτο
854 3403 1268 3469 καταϐαπτίζει.
1318 3406 1586 3478 Φοϐήθητι
1611 3409 1683 3479 μὴ
1709 3410 1802 3461 καὶ
1834 3412 1897 3462 σὺ

315 3495 383 3548 τὰ
414 3495 781 3566 παραπλήσια
831 3494 1031 3565 πάθῃς,
1084 3499 1176 3549 καὶ
1236 3495 1458 3567 μείζονα
1513 3500 1610 3569 τῆς
1655 3500 1901 3568 ἀφέσεως

316 3588 550 3656 ποιήσας
598 3586 669 3639 τά
717 3588 1089 3657 ἁμαρτήματα
1113 3588 1245 3657 (91),
1272 3588 1375 3660 πρὸ
1408 3591 1515 3643 τῶν
1542 3591 1902 3645 ἐλπισθέντων

315 3676 553 3747 λιμένων
588 3679 828 3749 ὑποστῇς
876 3679 938 3732 τὸ
978 3680 1250 3748 ναυάγιον.
1304 3682 1377 3733 Οὑ
1433 3681 1622 3751 βλέπει
1666 3683 1798 3746 Θεὸς
1836 3681 1903 3736 τὰ

316 3770 615 3840 γινόμενα;
650 3770 683 3840 ἢ
720 3771 779 3822 οὑ
838 3772 949 3823 νοεῖ
991 3787 1083 3823 σου
1123 3772 1190 3823 τὰ
1225 3770 1616 3842 ἐνθυμήματας
1656 3774 1904 3846 ἢσυνερ-

318 3860 545 3927 γάζεταί
571 3878 653 3913 σοι
676 3860 773 3923 τὰς
790 3860 1015 3931 ἀνομίας
1037 3877 1051 3926 ;
1077 3860 1390 3927 Ὑπέλαόες
1406 3862 1682 3931 ἀνομίαν,
1718 3864 1900 3933 φησὶν,

319 3950 406 4005 ὅτι
432 3951 655 4021 ἔσομαι
694 3968 795 4005 σοι
820 3951 1022 4021 ὅμοιος
1053 3951 1186 4021 (92).
1220 3953 1293 4005 Σὺ
1323 3953 1399 4017 δὲ,
1435 3952 1627 4025 ἀνδρὸς
1655 3955 1753 4026 μέν
1779 3956 1903 4026 θνη-

319 4041 413 4095 τοῦ
463 4043 650 4112 φιλίαν
702 4043 1245 4114 πραγματευόμενος,
1285 4044 1350 4097 δι’
1387 4044 1705 4118 εὐεργεσίας
1744 4047 1904 4099 αὑτὸν

323 4136 601 4207 προσάγῃ,
637 4137 819 4187 ἐκεῖνα
849 4135 1131 4204 λέγωνκαὶ
1163 4135 1416 4207 πράττων
1432 4132 1623 4207 οἷσπερ
1646 4138 1711 4191 ἂν
1744 4136 1905 4208 αἴσθῃ

322 4228 613 4297 χαίροντα·
648 4227 769 4297 Θεῷ
789 4227 845 4279 δὲ
879 4227 1219 4298 προπικειού
1230 4246 1406 4298 μενος,
1440 4231 1534 4282 καὶ
1562 4232 1640 4294 είς
1661 4229 1758 4300 τὴν
1789 4230 1903 4283 υἱοῦ

322 4318 475 4382 τάξιν
520 4318 759 4383 ἐλπίζων
799 4318 1323 4391 παραδεχθήσεσθαι,
1355 4320 1424 4373 τά
1452 4320 1622 4392 ἐχθρὰ
1662 4320 1740 4392 τῷ
1788 4320 1905 4394 Θεῷ

395 4474 440 4506 ¹¹
480 4473 684 4544 Ephes.
722 4490 795 4541 tv,
830 4474 923 4531 ἑνὶ.
1002 4476 1043 4506 ¹¹
1084 4473 1224 4529 Psal.
1260 4490 1420 4543 (ιιι,
1454 4474 1545 4529 21.

1999 3252 2202 3307 corpus
2230 3251 2258 3289 a
2283 3235 2464 3290 noxiis
2488 3249 2741 3305 purgare,
2775 3250 2883 3289 non
2932 3235 3178 3289 morbum
3209 3235 3417 3289 viribus
3455 3249 3571 3287 ma-

1997 3325 2174 3396 jorem
2204 3322 2436 3378 efficere.
2477 3322 2668 3379 Exstat
2727 3327 2882 3379 navis
2918 3324 3133 3378 interim
3168 3326 3297 3379 dum
3349 3325 3571 3394 imposi-

2005 3426 2186 3471 tarum
2221 3415 2483 3471 mercium
2514 3431 2655 3471 onus
2712 3424 3019 3484 sustentat;
3059 3418 3104 3471 si
3145 3418 3275 3486 quid
3308 3419 3445 3471 ultra
3482 3433 3574 3469 ac-

2005 3508 2251 3572 cesserit,
2288 3508 2502 3577 mergit.
2558 3506 2712 3561 Time
2758 3523 2824 3561 nc
2877 3508 2971 3561 tibi
3020 3509 3182 3562 etiam
3224 3510 3377 3578 paria
3427 3510 3572 3561 acci-

2004 3599 2177 3665 dant;
2221 3614 2357 3653 neve
2405 3599 2454 3652 si
2506 3604 2729 3664 peccata
2781 3596 3095 3651 committas
3133 3597 3291 3650 venia
3339 3596 3568 3663 majora,

2006 3699 2130 3745 ante
2159 3699 2350 3759 portus
2382 3695 2631 3759 speratos
2654 3687 3003 3758 naufragium
3050 3687 3237 3742 facias.
3281 3686 3397 3740 Non
3425 3687 3572 3739 νίὠει

2005 3781 2150 3838 Deus
2178 3796 2300 3851 quae
2343 3780 2518 3835 fiunt?
2547 3794 2658 3834 non
2707 3780 2953 3849 agnoscit
3001 3789 3122 3833 tuas
3174 3779 3579 3846 cogitationes?

2005 3886 2073 3926 an
2103 3871 2419 3941 iniquitates
2441 3880 2562 3925 tuas
2588 3871 2782 3939 juvat?
2804 3870 3115 3937 Suspicatus
3145 3888 3220 3934 es,
3252 3870 3445 3938 inquit,
3466 3871 3570 3921 ini-

2005 3963 2277 4033 quitatem,
2310 3962 2448 4033 quod
2473 3978 2562 4016 ero
2594 3961 2689 4015 tibi
2728 3963 2996 4016 similis“.
3029 3962 3163 4017 Tute
3208 3962 3453 4015 mortalis
3470 3961 3569 4014 viri

2006 4055 2302 4108 amicitiam
2332 4069 2455 4109 cum
2486 4054 2685 4118 ambis,
2714 4054 2992 4108 beneficiis
3021 4069 3143 4108 eum
3175 4054 3375 4117 allicis,
3406 4053 3573 4106 dicis-

2006 4159 2113 4213 que
2143 4158 2207 4197 ac
2240 4142 2397 4207 facis,
2430 4143 2628 4213 quibus
2685 4144 2999 4213 gavisurum
3040 4143 3221 4213 ipsum
3265 4142 3523 4210 intelligis
3556 4161 3567 4194 :

2010 4234 2104 4289 sed
2134 4234 2244 4290 Deo
2268 4235 2527 4305 conjungi
2560 4235 2771 4297 volens,
2807 4243 2862 4290 et
2892 4235 2946 4289 in
2986 4234 3084 4289 ﬁlii
3118 4235 3296 4288 locum
3335 4244 3389 4287 te
3413 4250 3573 4287 rere-

2009 4330 2159 4393 ptum
2189 4323 2253 4378 iri
2289 4338 2538 4394 sperans,
2564 4324 2610 4378 si
2633 4324 2837 4380 interea
2868 4334 3044 4379 tamen
3069 4340 3189 4394 quae
3211 4322 3321 4380 Deo
3355 4324 3573 4379 inimica

397 4629 513 4700 (87)
542 4628 677 4701 Reg.
726 4630 935 4701 primus
992 4630 1406 4703 ἐπιστρέφοντα.
1446 4628 1567 4684 Mox
1617 4643 1759 4683 unus
1794 4644 1899 4683 ms.
1934 4632 1978 4687 D
2007 4635 2186 4682 autem
2216 4627 2526 4690 verborum,
2548 4628 2756 4685 utmilti
2779 4630 3002 4753 quidem
3033 4632 3267 4698 videtur,
3301 4634 3570 4687 sententia

397 4699 677 4752 αθάλλειν.
2004 4699 2122 4752 haec
2151 4705 2236 4752 est
2268 4717 2281 4752 :
2309 4699 2453 4753 Cave
2489 4707 2711 4753 peccata
2744 4714 2773 4752 a
2818 4701 3023 4753 mittas.
3063 4719 3184 4753 (tum
3214 4704 3491 4753 indignum
3520 4712 3570 4753 te.

325 4699 677 4754 ἀναϐάλλειν.
728 4699 743 4701 “
1156 4699 1167 4703 ⁷
1233 4699 1239 4700 ⁷

331 4839 364 4840 η
399 4770 515 4838 (88)
549 4769 733 4840 Editio
779 4769 954 4827 Paris.
1001 4770 1097 4823 καὶ
1136 4770 1354 4840 ῥύσσειν
1390 4770 1577 4839 αὑτήν,
1626 4773 1903 4840 corrupte.

328 4839 511 4894 Editio
537 4838 706 4893 Basil.
733 4849 789 4894 et
820 4856 952 4895 mss.
976 4849 1070 4894 aut
1094 4838 1219 4895 cum
1243 4841 1446 4909 duplici
1476 4838 1526 4903 σ,
1556 4839 1649 4891 καὶ
1678 4841 1904 4908 ρυσσήν,

2004 4699 2125 4773 haec
2151 4705 2236 4752 est
2268 4699 2453 4773 :_Qave
2489 4707 2711 4773 peccata
2744 4699 3023 4773 admittas.
3063 4719 3184 4771 qua:
3214 4704 3491 4773 indignum
3520 4712 3573 4755 te.

2005 4768 2162 4821 venia
2200 4768 2449 4832 reddant,
2486 4768 2565 4822 sic
2590 4777 2651 4824 ut
2682 4769 2832 4836 justo
2860 4768 3180 4836 Deijudicio
3211 4768 3570 4827 ante'moria-

2006 4839 2105 4901 ris,
2130 4852 2293 4910 quam
2328 4838 2594 4910 baptisma
2642 4840 2932 4908 suscipias.
2962 4838 3319 4897 Combclisius
3360 4852 3568 4910 postea-

332 4917 426 4964 aut
456 4925 582 4963 cum
608 4909 790 4972 unico,
818 4912 912 4963 mi
944 4911 1134 5033 ῥυσῃν,
1164 4907 1448 4965 emendate
1478 4928 1490 4963 :
1521 4924 1644 4962 nam
1679 4907 1909 4974 intraque
2009 4923 2169 4977 quam
2202 4908 2347 4960 hunc
2373 4907 2556 4961 Basilii
2586 4909 2761 4962 locum
2794 4907 2875 4962 sic
2905 4910 3290 4980 interpretatus
3319 4907 3422 4972 est,
3453 4930 3565 4964 ma-

333 4979 613 5033 scribendi
645 4980 858 5033 ratione
890 4981 969 5033 uti
998 4994 1059 5033 so
1082 4989 1194 5033 ent.
1230 4979 1427 5033 Statim
1460 4981 1570 5033 duo
1615 4990 1749 5033 mss.
1779 4975 1907 5028 ἐπέ-
2010 4979 2129 5033 iura
2157 4993 2375 5033 peccans
2409 4994 2565 5033 quam
2592 4996 2687 5033 vro
2710 4981 2869 5032 veniae
2899 4983 3122 5033 ratione.
3151 4981 3318 5033 addit.
3360 4983 3421 5033 ob
3455 5000 3565 5033 atm'

330 4979 613 5104 gcrébendi
645 4980 858 5035 ratione
890 4975 969 5034 uti
998 4975 1194 5035 solent.
1230 4979 1427 5034 Statim
1460 4981 1570 5033 duo
1615 4990 1749 5033 mss.
1779 4975 1907 5028 ἐπέ-

364 5067 413 5102 ει
452 5066 537 5104 ac.

364 5067 537 5103 ειςαε.

400 5048 702 5188 ἶξῗῆἐοιι).
738 5119 932 5200 tertius
963 5119 1335 5222 πῖριστέλλῃς.

404 5188 517 5222 ιαηι
556 5188 690 5222 Ρηιιι
734 5197 927 5222 Iov-Ilua
956 5190 1008 5222 ἒέ
1047 5207 1171 5222 nun.

403 5188 517 5259 (90)
556 5188 711 5259 golb.
734 5191 929 5259 tertius
956 5188 1195 5258 δέξομαι.

339 5288 343 5295 ν
404 5256 517 5325 (9|)
555 5257 723 5312 Miror
752 5256 1191 5319 Volaterranum,
1223 5260 1314 5328 qtti
1348 5256 1507 5328 illud,
1523 5256 1799 5328 ,Φοϐήθητι
1831 5257 1903 5325 μὴ

334 5331 425 5400 καὶ
459 5331 522 5382 σὺ
555 5330 624 5381 τὰ
657 5329 1017 5400 παραπλήσια
1050 5327 1255 5400 πάθῃς,
1287 5330 1380 5400 καὶ
1416 5327 1641 5400 μείζονα
1670 5327 1780 5400 τῇς,
1806 5327 1907 5400 ἀφ-

335 5398 503 5463 έσεως
539 5395 773 5467 ποιήσας
804 5398 873 5451 τά
904 5395 1293 5468 ἆμαρτήμᾶτα,
1320 5399 1393 5451 ita
1414 5395 1605 5450 Latine
1632 5395 1903 5468 reddidit:

350 5468 472 5521 Vide
509 5485 571 5522 ne
598 5464 737 5522 et'tu
766 5464 970 5522 similia
998 5464 1246 5535 patiaris,
1288 5468 1495 5536 majora
1533 5466 1778 5519 continuo
1806 5464 1905 5517 ad-

338 5538 609 5598 mittendo,
627 5554 788 5607 quam
810 5556 873 5592 ea
889 5554 1007 5607 qua?
1030 5538 1451 5607 remittendatibi
1480 5554 1569 5606 per
1586 5536 1902 5603 baptismum

337 5606 793 5673 promittebantur.
853 5606 959 5663 Sed
1015 5608 1118 5661 hoc
1163 5622 1270 5662 non
1323 5606 1454 5660 dicit
1504 5607 1755 5663 Basilius.
1804 5620 1902 5659 nec

339 5677 516 5732 dicere
546 5679 755 5747 potuit;
791 5694 915 5732 cum
950 5678 1158 5731 nullum
1188 5680 1258 5731 sit
1298 5684 1579 5745 peccatum
1611 5684 1901 5747 quantum-

340 5748 421 5801 vis
457 5743 637 5818 gra've,
685 5749 831 5817 quod
878 5748 1203 5818 baptismate
1247 5743 1354 5801 non
1389 5743 1651 5802 deleatur.
1699 5743 1899 5800 Horum

2001 4979 2129 5051 jura
2157 4993 2375 5051 peccans
2409 4994 2565 5051 quam
2591 4996 2687 5051 pro
2710 4981 2870 5051 venite
2899 4979 3122 5047 ratione,
3151 4981 3318 5045 addit,
3360 4983 3421 5034 ob
3455 5000 3570 5051 quu-

2011 5049 2211 5122 scilicet
2236 5047 2536 5122 excluduris
2569 5066 2608 5122 a_
2626 5048 2871 5122 baptismi
2893 5053 3067 5122 gratia
3097 5070 3115 5105 :
3149 5067 3312 5122 quam
3339 5052 3441 5106 viri
3467 5047 3567 5105 ξεν-

2004 5119 2256 5186 teroquin
2296 5117 2611 5190 doctissimi
2656 5117 3075 5173 declarationem
3127 5117 3231 5173 non
3276 5129 3406 5190 puto
3454 5125 3570 5174 cui-

2005 5202 2169 5257 quam
2196 5187 2479 5257 probatum
2522 5188 2610 5249 iri,
2644 5203 2767 5242 cum
2799 5204 2958 5243 nemo
2982 5187 3291 5257 quamlibef
3306 5193 3569 5245 scelestus

2009 5272 2268 5330 unquam,
2292 5257 2435 5325 quod
2459 5259 2649 5330 sciant,
2676 5274 2705 5311 a
2724 5257 2977 5330 baptismi
3005 5262 3175 5330 gratia
3196 5262 3453 5315 exclusus
3477 5263 3566 5315 sit.
3600 5266 3607 5275 '

2079 5326 2453 5400 (9‘2)_Utraque
2473 5326 2679 5400 editio:
2709 5326 3040 5400 _‘]‘7:é)_.a6sg',
3067 5330 3256 5400 ἄνομε,
3277 5334 3461 5400 φησιν,
3487 5334 3567 5384 ὃτι

2009 5395 2201 5471 ἔσομαί
2228 5414 2309 5471 σοι
2329 5397 2900 5471 ἦμοιρςηεπίειὶηιςιειί,
2932 5415 2961 5452 ο
2988 5395 3181 5470 inique,
3211 5395 3401 5471 inquit,
3424 5403 3563 5469 quod

2006 5483 2094 5520 ero
2108 5465 2193 5518 tui
2218 5465 2654 5540 siinilis.__Et_i_ta_
2676 5467 2964 5540 scripsisse
2992 5465 3288 5537 quemdam
3313 5465 3570 5540 interpr»

2010 5546 2140 5607 tem,
2157 5551 2223 5589 ex
2246 5536 2499 5607 ﬂexaplis
2523 5535 2804 5607 discimus.
2822 5536 2890 5589 At
2909 5535 3079 5594 nostri
3097 5556 3191 5595 sex
3218 5556 3352 5595 mss.
3373 5535 3568 5607 magno

2009 5606 2153 5678 inter
2166 5621 2225 5658 se
2252 5619 2433 5678 sensu,
2458 5605 2724 5669 ὑπέλαϐες
2737 5607 2986 5678 ἀνομίαν,
3012 5619 3142 5673 ctc.,
3164 5605 3474 5678 Suspicatus
3491 5628 3567 5671 es,

2008 5676 2203 5742 inquit,
2248 5674 2595 5745 iniquitatem,
2631 5677 2767 5743 quod
2800 5674 2887 5731 ero
2925 5681 3002 5733 tui
3032 5682 3245 5745 similis,
3268 5674 3381 5736 vncc
3414 5681 3570 5735 aliter

2009 5741 2206 5813 legitur
2244 5744 2384 5812 apud
2418 5741 2577 5799 LXX.
