4036 6236
404 301 510 357 ιὸδ
1738 307 1795 365 S.
1838 310 2002 365 BASIJ

2119 308 2334 364 MAGNI
3566 306 3675 359 £36

404 424 536 470 sunt
574 425 873 486 perpetres,
909 426 962 472 et
1002 432 1098 486 per
1131 416 1267 487 legis
1293 417 1645 475 violationem
1676 436 1799 476 eum
1823 423 1987 479 dede-

2103 423 2371 495 τιράττων,
2429 419 2522 474 καὶ
2555 418 2643 473 διά
2670 417 2764 473 τοῦ
2800 419 2965 491 νόμου
2995 418 3357 491 παραϐάσεως
3385 417 3674 489 ἀτιμάζων

403 520 587 570 cores,
648 506 790 562 unde
827 508 1063 563 maxime
1103 508 1256 564 illum
1315 509 1568 574 oﬂ‘endis,
1650 512 1849 569 indene
1900 516 1984 585 ip-

2103 516 2272 579 ιύτὺν,
2305 514 2362 581 ἐξ
2401 507 2476 567 ὧν
2523 513 2756 583 μάλιστα
2786 511 3166 584 προσκρούεις,
3202 513 3265 564 ὲκ
3293 509 3495 564 τούτων
3520 508 3675 563 ἐλπί-

404 593 523 647 sius
560 592 985 652 familiaritatem
1020 598 1595 671 necessitudinemque
1623 601 1721 657 tibi
1760 604 1987 672 pollice-

2103 608 2203 672 ζεις
2252 607 2350 676 τὴν
2386 605 2726 674 οἰκειότητα;
2762 604 2905 675 Ὅρα
2955 603 3028 675 μὴ
3055 603 3143 658 ἐπ’
3191 602 3367 656 ἐλπίδι
3397 604 3499 673 τῆς
3535 603 3678 656 ἀπο-

404 682 524 736 ris?
558 684 691 741 Vide
720 702 789 742 ne
823 686 1166 745 liberationis
1196 705 1315 760 spe,
1356 692 1403 747 si
1448 693 1546 748 tibi
1577 693 1694 763 ipse
1723 695 1986 749 malorum

2103 697 2431 768 ιυτρώσεως,
2453 694 2654 766 πλῆθος
2680 692 2866 748 κακῶν
2901 693 3109 764 σεαυτῷ
3132 693 3545 764 συλλεξάμενος,
3571 691 3678 763 τὴν

405 782 618 851 copiam
650 782 1019 852 congesseris,
1063 791 1349 852 peccatum
1404 786 1623 856 quidem
1668 802 1981 853 coacerves,

2103 791 2192 860 μὲν
2226 788 2500 862 ἁμαρτίαν
2533 785 2892 858 συναθροίσῃς
2918 786 3050 857 (95),
3084 786 3182 857 τῆς
3201 785 3258 839 δὲ
3272 786 3678 857 συγχωρήσεως

408 872 562 927 venia
582 886 711 926 vero
732 872 984 942 priveris.
1008 872 1149 928 Deus
1192 891 1297 929 non
1328 877 1582 931 irridetur
1604 879 1668 934 ⁸³.
1690 879 1835 936 Cave
1851 881 1987 936 abu-

2103 879 2387 951 Ξιποτύχῃς.
2408 878 2553 945 Θεὸς
2568 881 2639 932 οὐ
2650 875 3085 947 μυκτηρίζεται.
3103 878 3195 949 Μὴ
3227 877 3532 949 ὲμπορεύου
3557 876 3677 947 (94)

408 964 545 1019 taris
574 965 748 1035 gratia
776 964 844 1019 ad
868 976 1161 1039 quastum.
1192 965 1271 1021 Ne
1302 968 1508 1026 dixeris
1541 970 1725 1025 :Bona
1755 980 1838 1028 est
1863 975 1986 1043 qui-

2103 972 2189 1043 τήν
2219 971 2397 1043 χάριν.
2417 970 2509 1042 Μὴ
2534 968 2694 1040 εἴπῃς
2712 987 2724 1000 ·
2761 969 2940 1033 Καλὸς
2975 969 3072 1040 μὲν
3097 971 3125 1022 ὁ
3154 969 3333 1040 νόμος,
3365 969 3480 1023 ἀλλ’
3511 969 3678 1040 ἡδίων

408 1057 530 1111 dem
569 1059 677 1118 lex,
711 1059 805 1112 sed
851 1056 1150 1127 jucundius
1182 1067 1489 1129 peccatum.
1546 1061 1758 1118 Diaboli
1790 1064 1987 1121 hamus

2103 1063 2124 1132 ή
2159 1062 2420 1133 ἁμαρτία.
2451 1060 2642 1129 Ἡδονὴ
2675 1058 2971 1130 ἄγκιπρὸν
2999 1061 3113 1112 ἐστι
3136 1059 3229 1113 τοῦ
3262 1059 3508 1113 διαϐόλου
3537 1059 3680 1129 πρὸς

411 1150 662 1220 voluptas
693 1157 796 1214 est,
833 1150 1058 1205 trahens
1091 1152 1157 1206 ad
1208 1153 1525 1222 perniciem.
1564 1156 1824 1225 Voluptas
1875 1174 1993 1212 ma-

2103 1153 2366 1206 ἰιπώλειαν
2408 1152 2585 1205 ἕλκον.
2628 1151 2820 1222 Ἡδονὴ
2852 1152 3034 1223 μήτηρ
3067 1151 3166 1220 τῆς
3206 1152 3476 1223 ἁμαρτίας
3518 1150 3631 1222 (95)
3660 1168 3676 1181 ⁹

409 1250 495 1296 ter
547 1252 632 1298 est
682 1245 929 1312 peccati:
964 1252 1245 1313 peccatum
1305 1261 1434 1301 vero
1484 1247 1745 1305 stimulus
1795 1251 1991 1306 mortis

2103 1247 2123 1316 ή
2160 1244 2215 1297 δὲ
2260 1245 2500 1316 ἁμαρτία
2537 1243 2598 1296 τὸ
2634 1243 2857 1314 κέντρον
2909 1244 3025 1296 ἐστὶ
3050 1242 3145 1297 τοῦ
3190 1242 3441 1298 θανάτου.
3485 1242 3677 1313 Ἡδονὴ

409 1343 495 1389 est
518 1336 560 1366 "
588 1375 603 1388 .
663 1334 929 1405 Voluptas
968 1338 1156 1392 nutrix
1202 1345 1285 1394 est
1333 1340 1522 1395 aeterni
1570 1343 1774 1398 vermis
1814 1359 1826 1394 :
1869 1359 1992 1414 quae

2103 1337 2289 1408 τροφὸς
2338 1337 2432 1390 τοῦ
2483 1337 2703 1391 αἰωνίου
2747 1334 3049 1407 σκώληκος,
3093 1335 3128 1407 ἢ
3163 1336 3299 1407 πρὸς
3351 1334 3540 1407 καιρὸν
3576 1335 3677 1405 μὲν

411 1426 685 1481 fruentem
738 1444 798 1482 se
829 1428 896 1481 ad
936 1436 1155 1498 tempus
1193 1429 1416 1502 quidem
1442 1432 1716 1487 demulcet
1748 1453 1760 1488 :
1794 1434 2002 1490 deinde

2103 1428 2435 1511 καταλεαίνει
2466 1427 2556 1481 τὸν
2588 1427 2947 1491 ἀπολαύοντα,
2985 1424 3212 1497 ὕστερον
3256 1425 3313 1479 δὲ
3347 1423 3680 1495 πικροτέρας

410 1533 542 1572 vero
572 1519 814 1589 germina
865 1518 990 1576 felle
1042 1521 1311 1576 amariora
1356 1524 1628 1593 producit.
1671 1524 1817 1581 Nihil
1844 1529 1992 1584 aliud

2103 1522 2257 1593 χολῆς
2282 1524 2515 1575 ποιεῖται
2551 1520 2661 1591 (96)
2699 1519 2796 1583 τὰς
2826 1519 3123 1581 ἀναδόσεις.
3159 1517 3322 1570 Οὐδὲν
3366 1516 3492 1571 ἄλλο
3517 1514 3616 1586 βοᾷ
3641 1517 3677 1585 ἡ

413 1613 616 1665 clamat
652 1613 1077 1681 procrastinatio
1106 1614 1216 1672 nisi
1254 1616 1345 1670 illa
1381 1632 1394 1669 :
1428 1615 1637 1688 Regnet
1679 1620 1733 1673 in
1764 1635 1849 1675 me
1883 1621 1995 1690 pri-

2103 1614 2388 1686 ῢπέρθεσις
2428 1613 2462 1684 ἢ
2504 1610 2710 1666 ταῦτα·
2750 1610 3124 1681 βασιλευσάτω
3176 1611 3234 1662 ὲν
3263 1608 3387 1680 ἐμοὶ
3410 1607 3678 1680 πρῶτονή

412 1715 563 1754 mum
593 1710 899 1770 peccatum,
949 1712 1139 1775 postea
1195 1708 1443 1778 regnabit
1489 1709 1781 1780 aliquando
1830 1712 1993 1765 etiam

2103 1705 2363 1777 ἁμαρτία,
2394 1700 2512 1757 εἶτα
2541 1702 2849 1773 βασιλεύσει
2896 1702 3026 1755 ποτε
3055 1703 3149 1755 καὶ
3178 1703 3206 1754 ό
3238 1700 3462 1771 Κύριος.
3486 1702 3679 1770 Παρα-

414 1790 698 1848 Dominus.
736 1794 1019 1851 Exhihebo
1065 1813 1185 1853 mea
1236 1800 1479 1854 membra
1522 1815 1672 1856 arma
1712 1802 1995 1871 injustititc

2103 1771 2282 1869 στήσω
2328 1813 2430 1868 μου
2482 1771 2551 1848 τά
2605 1795 2741 1866 μέλη
2771 1795 2909 1848 ὅπλα
2944 1793 3155 1856 ἀδικίας
3193 1795 3261 1864 τῇ
3301 1791 3531 1863 ἀνομίαν
3560 1786 3681 1845 εἶτα

414 1883 691 1954 iniquitati
718 1886 798 1938 ul:
835 1886 1031 1943 deinde
1065 1890 1336 1945 exhibebo
1381 1907 1445 1947 ea
1486 1894 1783 1964 aliquando
1828 1896 1991 1950 etiam

2103 1889 2436 1961 παραστήσω
2462 1886 2592 1940 ποτὲ
2626 1887 2721 1941 καί
2749 1887 2890 1939 ὅπλα
2912 1885 3256 1955 δικαιοσύνης
3280 1882 3415 1937 αύτά
3443 1881 3523 1954 τῷ
3536 1881 3678 1952 Θεῷ.

418 1989 570 2029 arma
594 1976 823 2046 iustitia:
850 1977 982 2033 Deo.
1013 1979 1105 2034 Sic
1134 1988 1187 2035 et
1214 1980 1349 2037 Cain
1400 1982 1663 2038 oll‘erehat
1699 1985 1992 2052 sacriﬁcia,

419 2067 598 2138 prima
664 2070 719 2123 in
773 2085 932 2124 usum
977 2074 1441 2144 commodumque
1491 2090 1693 2142 suum,
1752 2077 1996 2132 secunda

418 2159 692 2214 conditori
727 2170 784 2217 et
806 2163 1051 2233 largitori
1081 2164 1212 2220 Deo.
1245 2165 1381 2220 Cum
1408 2167 1635 2222 idoneus
1665 2183 1725 2222 es
1748 2169 1840 2239 qui
1874 2183 2000 2239 ope-

415 2252 591 2315 reris,
624 2252 870 2308 absumis
896 2254 950 2307 in
978 2256 1217 2324 peccatis
1245 2256 1590 2324 iuventutem
1637 2266 1805 2311 tuam.
1838 2257 1998 2313 Post-

415 2356 580 2412 quam
609 2343 972 2416 elanguerunt
997 2361 1224 2418 organa,
1251 2358 1384 2403 tunc
1411 2365 1476 2405 ea
1511 2349 1621 2405 Deo
1656 2350 1843 2415 offers,
1870 2367 1995 2405 cum

417 2449 527 2489 non
563 2437 797 2506 amplius
815 2447 970 2508 potes
1002 2438 1089 2494 his
1120 2440 1188 2494 ad
1216 2441 1383 2495 ullam
1408 2457 1520 2497 rem
1554 2443 1655 2506 uti,
1688 2442 1782 2499 sed
1810 2459 1874 2498 ea
1903 2460 1999 2499 ne-

416 2538 571 2579 cesse
596 2538 678 2580 est
715 2534 931 2596 torpere
962 2529 1033 2583 ob
1065 2528 1333 2583 diutinam
1372 2531 1574 2596 tabem,
1606 2532 1792 2603 vigore
1819 2541 1874 2587 et
1903 2549 1996 2588 ro-

372 2640 376 2645 -
416 2614 552 2671 bore
586 2620 849 2673 resoluto.
879 2621 1233 2676 Continentia
1268 2622 1322 2675 in
1354 2629 1634 2678 senectute
1663 2624 2000 2680 continentia

419 2722 531 2763 non
563 2716 685 2765 est:
736 2714 832 2766 sed
884 2714 1101 2768 animus
1156 2715 1222 2768 ad
1266 2714 1661 2770 lascivicndum
1702 2717 1998 2773 invalidus.

420 2795 675 2855 Iortuus
710 2816 820 2855 non
853 2811 1191 2858 coronatur:
1227 2820 1388 2859 nemo
1417 2805 1539 2861 ideo
1586 2806 1791 2875 justus,
1851 2810 1999 2880 quod

419 2889 472 2943 ei
503 2890 632 2944 mali
684 2889 920 2948 faciendi
974 2894 1208 2949 facultas
1265 2909 1373 2948 non
1429 2896 1520 2951 sit.
1566 2895 1726 2953 Vires
1775 2915 1838 2954 ac
1900 2914 1999 2970 po-

424 2983 596 3036 tentia
624 2984 755 3039 dum
792 2986 884 3039 tibi
918 2993 1236 3056 suppetunt,
1268 2987 1354 3042 fac
1397 2988 1586 3044 vincas
1616 2990 1831 3046 ratione
1872 3007 2000 3063 pec-

424 3081 632 3129 catum.
681 3073 796 3130 Hoc
824 3081 966 3131 enim
1001 3085 1178 3132 Virtus
1208 3085 1313 3146 est,
1357 3078 1638 3136 declinare
1684 3095 1713 3135 a
1749 3083 1912 3149 malo,
1946 3092 2002 3139 et

2086 1980 2254 2037 Οῦτω
2265 1981 2361 2041 καὶ
2387 1981 2526 2034 Κὰῖν
2549 1981 2659 2051 (97)
2684 1979 2989 2051 προσέφερε
3019 1977 3117 2041 τὰς
3149 1976 3338 2040 θυσίας
3361 1995 3373 2006 ·
3393 1975 3463 2028 τά
3488 1974 3684 2046 πρῶτα

2095 2077 2162 2146 τῇ
2198 2073 2493 2128 ἀπολαύσει
2548 2076 2623 2149 τῇ
2661 2072 2878 2136 ἑαυτοῦ,
2932 2071 2998 2125 τὰ
3042 2071 3269 2141 δεύτερα
3300 2067 3378 2140 τῷ
3432 2067 3684 2121 κτίσαντι

2097 2167 2189 2220 καὶ
2219 2165 2589 2239 δωρησαμένῳ
2616 2164 2756 2234 Θεῷ.
2790 2164 2918 2217 Ὅτε
2946 2163 3169 2226 δυνατὸς
3193 2158 3241 2214 εἶ
3262 2164 3321 2216 ὲν
3349 2161 3553 2234 ἔργοις,
3582 2160 3685 2232 τὴν

2097 2259 2325 2329 νεότητά
2388 2276 2482 2312 σου
2520 2260 2639 2321 ταῖς
2683 2258 2977 2328 ἁμαρτίαις
3025 2253 3494 2329 προσαναλίσκεις.
3550 2254 3685 2307 Ὅτε

2097 2348 2364 2421 ἀποκάμῃ
2399 2349 2468 2401 τὰ
2518 2348 2748 2420 ὄργανα,
2783 2347 2904 2400 τότε
2944 2347 3241 2417 προσάγεις
3270 2346 3409 2398 αὐτά
3436 2344 3513 2416 τῷ
3539 2344 3684 2414 Θεῷ,

2097 2439 2186 2492 ὅτε
2244 2440 2325 2502 είς
2381 2439 2531 2493 οὐδὲν
2570 2440 2754 2501 αὐτοῖς
2787 2437 2902 2491 ἔστι
2951 2437 3279 2511 χρήσασθαι,
3315 2437 3428 2489 ἀλλ’
3466 2436 3686 2504 ἀνάγκη

2098 2527 2310 2583 κεῖσθαι
2347 2528 2436 2583 διὰ
2485 2530 2577 2584 τὸν
2621 2531 2685 2583 ὲκ
2717 2529 2812 2584 τοῦ
2851 2530 3042 2601 χρόνου
3099 2529 3388 2601 μαρασμὺν
3436 2529 3687 2601 παραλυ-

2099 2620 2284 2685 θέντος
2312 2620 2421 2691 (98)
2449 2618 2541 2673 τοῦ
2564 2621 2740 2678 τόνου.
2777 2622 2841 2675 'H
2867 2622 2924 2677 ὲν
2953 2621 3101 2693 γήρᾳ
3132 2619 3459 2693 σωφροσύνη
3483 2621 3546 2673 οὐ
3578 2636 3686 2673 σω-

2099 2714 2365 2789 φροσύνη,
2400 2714 2515 2769 ἀλλ’
2545 2715 2845 2779 ἀκολασίας
2892 2715 3181 2786 ἀδυναμία.
3230 2713 3442 2786 Νεκρὸς
3467 2714 3529 2766 οὑ
3560 2729 3686 2766 στε-

2099 2803 2395 2874 φανοῦταιο
2437 2803 2614 2869 οὐδεὶς
2646 2805 2854 2868 δίκαιος
2881 2804 2948 2857 δι’
2984 2802 3285 2875 ἀδυναμίαν
3312 2802 3504 2857 κακοῦ.
3537 2803 3687 2865 Ἕως

2098 2893 2214 2947 ἔστι
2265 2911 2347 2948 σοι
2391 2894 2640 2966 δύναμις,
2673 2896 2818 2967 λόγῳ
2843 2895 3036 2969 κράτει
3064 2895 3163 2965 τῆς
3199 2893 3491 2967 ἁμαρτίας.
3514 2893 3691 2947 Τοῦτο

2101 2987 2209 3058 γάρ
2237 2988 2384 3040 ἐστιν
2418 2986 2585 3059 ἀρετή
2608 3005 2620 3017 ·
2660 2987 2901 3051 ἔκκλισις
2941 2987 3048 3040 ἀπὸ
3107 2986 3300 3050 κακοῦ,
3342 2985 3438 3041 καὶ
3470 2986 3693 3055 ποίησις

2102 3078 2330 3147 ἀγαθοῦ.
2347 3079 2412 3132 Ἦ
2433 3078 2489 3132 δὲ
2514 3079 2680 3151 ἀργία
2708 3080 2808 3150 τῆς
2836 3079 3101 3151 πονηρίας
3128 3077 3253 3134 οὔτε
3286 3077 3518 3131 ἐπαίνων
3548 3077 3693 3148 αὑτὴ

423 3164 639 3223 efﬁcere
663 3168 867 3223 bonum
894 3169 955 3222 “.
981 3168 1116 3223 Nam
1146 3186 1367 3227 cessare
1393 3186 1424 3225 a
1457 3173 1622 3237 malo,
1656 3174 2002 3247 neque119

2106 3171 2228 3225 καθ’
2251 3171 2474 3243 ἑαυτὴν,
2531 3171 2655 3225 οὔτε
2704 3172 2980 3227 κολάσεων
3012 3171 3279 3238 ἀξιοῦται.
3319 3172 3447 3226 Ἐἀν
3478 3170 3546 3224 δι’
3578 3170 3695 3242 ήλι-

425 3259 610 3324 laude,
665 3277 841 3331 neque
891 3263 1256 3333 castigatione
1295 3279 1362 3320 ex
1401 3279 1461 3321 se
1489 3264 1712 3335 dignum
1739 3274 1842 3321 est.
1870 3266 2003 3321 Pec-

428 3365 557 3407 care
597 3352 644 3409 si
690 3354 920 3409 desieris
948 3356 1022 3409 ob
1051 3362 1285 3421 aetatem,
1324 3355 1652 3411 beneﬁcium
1709 3365 1793 3412 est
1842 3357 2000 3411 inﬁr-

432 3443 659 3501 mitatis.
690 3443 1000 3503 Laudamus
1038 3456 1218 3502 autem
1261 3462 1356 3505 eos
1401 3449 1495 3519 qui
1521 3448 1689 3503 animi
1725 3452 2004 3521 proposito

430 3534 736 3604 boni-sunt,
769 3553 878 3593 non
919 3555 1036 3605 eos,
1068 3540 1161 3611 qui
1213 3542 1546 3598 necessitate
1581 3542 1765 3612 aliqua
1798 3558 1828 3596 a
1858 3544 2004 3598 malo

429 3636 708 3682 arcentur.
759 3629 1032 3685 (ἔπιθι-σω
1082 3632 1207 3700 quis
1245 3632 1346 3688 tibi
1380 3632 1505 3687 vitae
1564 3632 1791 3689 limitem
1826 3635 2004 3704 praedo

424 3719 548 3773 xit?
576 3720 702 3790 quis
732 3729 941 3776 certum
996 3724 1296 3779 senectutis
1329 3704 1626 3780 terminum
1678 3724 1777 3781 tibi
1810 3725 2001 3782 deﬁni-

424 3810 545 3863 vit?
572 3813 697 3881 quis
726 3827 971 3882 sponsore
994 3813 1304 3869 futurorum
1349 3815 1493 3885 apud
1524 3823 1579 3871 te
1622 3814 1757 3871 adeo
1787 3815 1890 3872 ﬁde
1919 3816 2003 3872 di-

423 3916 566 3970 gnus
588 3902 614 3955 ?
643 3902 725 3955 An
760 3919 870 3957 non
901 3904 1054 3961 vides
1090 3904 1328 3961 infantes
1369 3906 1669 3977 abreptos?
1691 3922 1761 3962 an
1788 3921 1897 3962 non
1924 3908 2005 3962 vi.

426 3993 525 4048 des
550 4008 646 4048 eos
675 3995 767 4064 qui
800 4002 962 4049 actate
994 3997 1196 4067 vigent,
1237 3996 1458 4061 abduci,
1508 4007 1671 4068 atque
1700 3997 1769 4054 de
1821 3997 2004 4053 medio

423 4084 586 4138 tolli?
616 4084 833 4138 Nullum
866 4086 1193 4156 praeﬁnitum
1225 4094 1442 4157 tempus
1465 4088 1586 4155 ,vita
1624 4088 1808 4144 habet.
1859 4088 2003 4154 Quid

425 4184 736 4245 exspectas,
769 4185 828 4231 ut
854 4178 1122 4233 beneficio
1175 4177 1347 4234 febris
1378 4187 1434 4235 et
1463 4194 1690 4235 munere
1732 4180 2005 4251 baptisma

429 4269 721 4339 accipias?
757 4269 979 4340 quando
1014 4285 1193 4341 neque
1243 4270 1510 4327 salutaria
1547 4272 1715 4327 verba
1758 4270 2007 4343 proferre

368 4370 375 4383 ι
428 4355 659 4426 poteris,
684 4371 862 4427 neque
894 4356 1035 4413 forte
1058 4358 1156 4413 tibi
1185 4358 1337 4415 clare
1371 4359 1566 4417 audire
1589 4360 1797 4425 licebit,
1814 4361 2006 4416 morbo

2106 3264 2230 3318 κίαν
2281 3263 2466 3336 παύσῃ
2515 3266 2614 3335 τῆς
2655 3264 2951 3335 ἁμαρτίας,
2987 3263 3089 3332 τῆς
3120 3262 3398 3327 ἀσθενείας
3433 3264 3468 3333 ή
3506 3261 3690 3334 χάρις.

2116 3353 2481 3425 Ἐπαινοῦμεν
2533 3354 2591 3408 δὲ
2638 3356 2761 3419 τοὺς
2800 3356 2940 3410 κατὰ
2982 3355 3303 3428 προαίρεσιν
3341 3353 3599 3422 ἀγαθοὺς,
3626 3354 3692 3409 οὐ

2103 3447 2230 3511 τοὺς
2272 3446 2381 3500 ἀπό
2418 3462 2565 3510 τινος
2611 3445 2860 3518 ἀνάγκης
2905 3444 3340 3517 ἑξειργομένους.
3376 3445 3471 3511 Τίς
3502 3443 3561 3496 δέ
3607 3461 3694 3497 σοι

2105 3538 2197 3591 καὶ
2226 3538 2316 3592 τὸν
2341 3538 2466 3610 ὅρον
2488 3539 2586 3609 τῆς
2607 3536 2754 3609 ζωῆς
2779 3536 2948 3609 ἔπηξε
2970 3557 2984 3606 ;
3007 3537 3089 3601 τίς
3115 3554 3196 3591 σοι
3225 3536 3323 3607 τὴν
3353 3534 3694 3607 προθεσμίαν

2102 3629 2198 3684 τοῦ
2250 3631 2437 3701 γήρως
2483 3629 2686 3702 (Optas;
2715 3630 2799 3694 τίς
2850 3629 3020 3695 οὕτως
3059 3629 3373 3697 ἀξιόπιστος
3413 3627 3567 3700 παρά
3607 3625 3695 3679 σοὶ

2101 3718 2212 3773 τῶν
2247 3719 2549 3792 μελλόντων
2589 3721 2902 3791 ἐγγυητής;
2937 3721 3050 3790 Οὐχ
3094 3720 3225 3790 ὁρᾷς
3248 3720 3416 3789 νήπια
3443 3716 3691 3790 ἁρπαζό-

2107 3828 2245 3883 μενα
2273 3810 2407 3883 (99),
2430 3813 2555 3874 τοὺς
2607 3813 2667 3865 ὲν
2710 3811 2899 3882 ἡλικίᾳ
2942 3810 3323 3881 ἀπαγομένους
3343 3802 3363 3875 ’;
3415 3810 3531 3862 Οὐκ
3575 3808 3694 3879 ἔχει

2105 3902 2234 3974 μίαν
2280 3902 2616 3975 προθεσμίαν
2650 3904 2678 3956 ὁ
2713 3903 2846 3972 βίος.
2878 3902 2943 3954 Τί
2988 3901 3279 3973 ἀναμένεις
3319 3898 3555 3973 πυρετοῦ
3606 3917 3693 3953 σοι

2102 3994 2273 4066 δῶρον
2320 3993 2575 4063 γενέσθαι
2607 3994 2669 4048 τὸ
2714 3993 3036 4065 βάπτισμα;
3071 3995 3158 4047 ὅτε
3187 3993 3308 4046 οὐδὲ
3351 3990 3693 4063 φθέγξασθαι

2103 4089 2307 4161 δυνήσῃ
2356 4087 2425 4141 τὰ
2460 4088 2705 4160 σωτήρια
2758 4088 2997 4159 ῥήματα,
3036 4085 3175 4157 τάχα
3207 4085 3264 4139 δὲ
3295 4084 3416 4138 οὐδὲ
3457 4082 3691 4138 ἀκοῦσαι

2105 4181 2364 4255 καθαρῶς
2412 4180 2783 4256 ὲπιτραπήσῃ,
2844 4180 2981 4251 αὐτῇ
3016 4182 3081 4251 τῇ
3129 4177 3338 4249 κεφαλῇ
3375 4176 3693 4249 ὲνοικούο-ης

2102 4275 2201 4346 τῆς
2222 4274 2380 4329 νόσου
2401 4290 2415 4303 ·
2444 4274 2506 4326 οὐ
2527 4275 2713 4345 χεῖρας
2749 4267 2879 4343 ἆραι
2900 4274 2980 4336 εἰς
3007 4270 3372 4343 οὐρανὸν,οὑκ
3404 4269 3499 4322 ἐπὶ
3522 4268 3693 4333 πόδας

2105 4363 2479 4433 διαναστῆναι,
2524 4361 2585 4414 οὐ
2634 4360 2811 4419 κλῖναι
2857 4361 2985 4429 γόνυ
3040 4362 3120 4423 εἰς
3159 4359 3257 4430 τὴν
3295 4357 3690 4432 προσκύνησιν,

386 4502 387 4505 η
430 4455 595 4518 caput
628 4449 805 4520 ipsum
838 4458 1143 4521 occupante
1172 4469 1186 4505 :
1221 4467 1333 4507 non
1356 4468 1563 4523 manus
1591 4453 1659 4508 ad
1686 4453 1886 4508 coelum
1920 4461 2002 4507 at-

2107 4456 2169 4509 οὐ
2202 4453 2513 4526 διδαχθῆναι
2566 4454 2872 4525 χρησίμως,
2908 4453 3006 4523 οὐχ
3052 4451 3381 4522 ὁμολογῆσαι
3408 4448 3692 4548 ἀσφαλῶς,

429 4541 644 4603 tollere,
702 4556 811 4596 non
850 4540 907 4595 in
947 4541 1113 4612 pedes
1148 4542 1310 4614 erigi,
1344 4558 1454 4597 non
1491 4559 1635 4614 genu
1667 4541 1884 4599 ﬂectere
1936 4542 2002 4598 ad

2112 4547 2233 4619 οὐχὶ
2290 4545 2579 4600 συνθέσθαι
2635 4544 2776 4616 Θεῷ,
2822 4545 2922 4598 οὐκ
2969 4543 3341 4608 ἀποτάξασθαι
3373 4540 3451 4612 τῷ
3484 4540 3691 4612 ἐχθρῷ,

431 4633 795 4698 adorandum,
849 4648 961 4688 non
987 4634 1275 4690 commode
1303 4635 1511 4701 doceri,
1552 4638 1669 4691 'non
1715 4634 2005 4705 diligenter

430 4726 704 4788 conﬁteri.
734 4741 841 4782 non
864 4726 1068 4799 pacisci
1093 4743 1218 4783 cum
1249 4726 1383 4791 Deo,
1414 4742 1522 4783 non
1565 4727 1789 4785 inimico
1810 4742 2005 4783 renuu-

2109 4638 2251 4713 τάχα
2300 4638 2357 4692 δὲ
2384 4638 2504 4697 οὐδὲ
2546 4638 2778 4701 συνετῶς
2820 4636 3253 4708 ἐπακολουθῆσαι
3301 4632 3694 4705 μυσταγωγοῦ-

2113 4745 2294 4800 μενος,
2353 4728 2654 4800 ἀμφίϐολος
2683 4728 2758 4783 ῶν
2802 4731 2915 4792 τοῖς
2954 4725 3241 4800 παροῦσιν,
3276 4721 3386 4797 ἆρα
3417 4723 3491 4794 (1)
3520 4721 3693 4794 ᾔσθου

507 4852 551 4884 ι’
587 4851 763 4908 Galat.
799 4869 889 4921 vi,
924 4852 976 4907 7.
1055 4851 1101 4885 ¹⁸
1136 4851 1157 4906 ι
1188 4851 1315 4907 Cor.
1355 4867 1447 4917 xv,
1487 4851 1575 4906 56.
1653 4851 1696 4883 "
1734 4848 1895 4907 Rom.
1937 4866 1990 4906 v1

2104 4852 2157 4908 5.
2238 4852 2284 4886 ¹⁶
2321 4851 2526 4916 lPetr.
2562 4870 2656 4919 tu,
2694 4854 2781 4909 ll.

526 4969 618 5041 95)
649 4969 871 5041 gittiqui
899 4967 1010 5041 duo
1042 4968 1168 5041 libri
1201 4968 1476 5041 ἁμαρτίαν
1508 4968 1789 5041 ἀθροίσῃς.

529 5039 622 5107 94)
655 5038 891 5096 Basilius
916 5040 1019 5094 hoc
1041 5038 1174 5093 dicit
1204 5059 1221 5094 τι
1242 5038 1374 5109 _Noli
1399 5039 1549 5095 dono
1567 5038 1909 5109 baptiSmatis
1931 5043 2007 5099 ita

436 5107 542 5173 uti,
564 5115 625 5181 ut
652 5109 865 5166 deliciis
896 5109 1101 5174 fruare,
1132 5107 1399 5181 genioque
1428 5107 1737 5180 indulgeas,
1759 5118 1815 5167 et
1837 5110 2007 5170 dedas

439 5188 494 5240 te
522 5179 916 5248 voluptatibus.

508 5249 622 5323 (ἓὸ)
654 5249 810 5323 (Ξοιβ-
840 5252 1049 5323 primus
1077 5251 1259 5323 μήτηρ
1294 5250 1432 5323 ἐφείς

511 5318 623 5392 (96)
655 5318 811 5392 Golb.
840 5318 1055 5392 'tertius
1078 5318 1266 5376 κάκεῖ.
1298 5319 1512 5392 ibidem
1542 5321 1597 5376 in
1641 5320 1774 5391 Reg.
1828 5322 2006 5392 primo

432 5404 538 5515 Ero
594 5390 875 5472 ἀναδόσεις
929 5391 1125 5475 legitur
1150 5390 1480 5474 flvit-Mauri.
1538 5390 1847 5462 Aliquanto
1885 5401 2010 5475 post

483 5461 589 5515 ulb.
615 5467 810 5515 tertius
832 5476 932 5515 pro
958 5480 1038 5515 τω
1067 5462 1187 5515 Θεω
1220 5461 1382 5515 habet
1399 5480 1478 5514 τω
1504 5462 1712 5515 Κυοίω.
1751 5462 2007 5515 Dommo:

483 5461 589 5515 ulb.
615 5461 811 5535 tertius
832 5476 932 5532 pro
958 5462 1038 5534 τῷ
1067 5461 1187 5532 Θεῷ
1220 5461 1382 5535 habet
1399 5461 1712 5535 νεῷ-Κυρίῳ,
1751 5461 2007 5517 Domino:

435 5547 559 5604 qua:
588 5515 1106 5604 verbai__it'a_scri.pta
1143 5515 1277 5604 sunt
1306 5515 1361 5584 in
1592 5515 2008 5604 primptnapa;

436 5602 623 5727 στήσω
642 5600 783 5656 αὐτά
811 5619 940 5656 ποτε
974 5600 1066 5657 καὶ
1090 5603 1230 5657 ὅπλα.
1258 5600 1706 5673 δικαιοσύνηςτῷ
1727 5601 1865 5672 Θεῷ,
1895 5600 2004 5659 alio

436 5687 499 5727 or
541 5673 646 5727 ine.
668 5679 723 5727 et
758 5672 976 5727 clarius.
1655 5717 1660 5724 .

436 5687 646 5735 01⁸01118,
668 5687 723 5727 ει
758 5687 976 5728 clarius.
1655 5717 1660 5724 -

508 5741 621 5821 (97)
645 5742 779 5817 Reg.
815 5743 1024 5816 primus
1052 5746 1080 5799 ό
1114 5745 1272 5801 Κάῖν.
1304 5743 1416 5800 Hoc
1457 5743 1577 5816 ipso
1618 5742 1673 5798 in
1711 5743 1829 5799 loco
1860 5743 2000 5801 idem

2110 4970 2286 5052 code:
2315 4971 2507 5052 πρῶτα
2538 4968 2957 5052 μὲνμεδεύτερα
2986 4968 3066 5051 δέ.
3204 5036 3223 5052 λ
3273 5036 3298 5052 Α
3317 5037 3329 5052 '
3504 5034 3545 5052 η
3566 5035 3648 5052 μ’,

2181 5041 2293 5112 (98)
2327 5034 2553 5099 Veteres
2601 5050 2837 5112 quatuor
2880 5034 3000 5093 libri
3054 5036 3470 5112 angebar.me
3503 5034 3690 5089 Editio

2111 5105 2344 5181 utraque
2385 5121 2438 5169 et
2489 5105 2635 5182 Reg:
2666 5105 3337 5182 tertiusAmpapOévrog.
3389 5105 3690 5176 Aliquanto

2110 5189 2236 5251 post
2257 5179 2418 5237 Colb.
2457 5179 2652 5238 tertius
2680 5180 2855 5244 οὐδεὶς
2876 5179 3197 5251 δικαιοῦται.

2182 5251 2489 5324 iColb.
2516 5253 2724 5324 primus
2738 5250 3198 5324 ﬁvgparagdttsva.

2182 5316 2475 5392 (l)'Editio
2518 5316 2696 5392 Paris.
2729 5320 2763 5392 ἢ
2808 5316 2939 5392 ipa.
2971 5316 3176 5392 vocula
3221 5318 3256 5389 ἦ
3290 5317 3344 5392 in
3398 5332 3541 5392 mss;
3565 5332 3683 5392 non

2108 5385 2328 5462 legitur.
2370 5392 2573 5448 Ibidem
2605 5385 2773 5462 cditio
2819 5385 2994 5462 Paris.
3041 5385 3685 5462 ﬁceeq..'_._€xatg.-Editio

2109 5457 2274 5534 Basil.
2300 5472 2355 5519 et
2384 5479 2476 5520 sex
2502 5478 2637 5518 mss.
2673 5459 2935 5534 ᾔσθετο...
2968 5457 3149 5534 εχει...
3175 5457 3556 5534 Colb_.‘tertius
3595 5472 3688 5512 re-

2108 5533 2252 5587 centi
2299 5534 2592 5589 admodum
2620 5528 2785 5586 manu
2818 5528 3257 5602 rhabet'ﬁcoou...
3297 5528 3442 5602 ἔχεις
3473 5546 3487 5582 :
3516 5542 3684 5602 quam

2107 5603 2563 5668 emendationem,
2600 5617 2725 5660 cum
2755 5601 2889 5658 nihil
2928 5600 3124 5659 melius
3152 5600 3473 5665 occurrerit,
3521 5600 3688 5672 sequi

2104 5689 2214 5731 non
2242 5674 2632 5731 dubitavimus.
