4036 6236
270 401 369 453 137

1343 386 1628 445 HOMILIA
1666 385 1730 439 1N
1763 379 2097 438 SANCTUM
2134 374 2496 430 BAPTISMA.

3425 358 3530 413 δίδὸ

270 520 359 586 τῆς
376 515 619 586 χάριτος,
641 515 675 585 ἢ
691 512 1038 583 ἀναισθήτως
1060 510 1200 580 ἔχεις
1222 508 1328 562 τῶν
1350 507 1667 576 γινομένων.
1686 505 1853 557 Ὅταν

1970 499 2119 560 liare,
2160 509 2340 565 neque
2372 492 2514 545 forte
2571 489 2625 541 in
2660 482 2990 554 recipiendis
3032 476 3387 535 initiamentis
3416 489 3530 529 rem

268 609 323 663 δὲ
355 609 449 661 καὶ
492 606 881 677 ἐπιστημόνως
933 604 1031 668 τὴν
1064 604 1222 672 χάριν
1269 599 1419 670 δέξῃ,
1471 598 1591 650 τότε
1638 598 1699 650 τὸ
1755 598 1851 667 μὲν

270 700 524 782 vagamur
556 698 728 769 ἔχεις,
764 697 864 767 τήν
897 696 953 749 δὲ
976 694 1235 765 ἐργασίαν
1263 692 1362 744 οὐκ
1389 692 1647 761 ἐπιφέρῃ.

344 962 396 1016 6.
422 962 680 1031 Μίμησαι
712 959 806 1011 τὸν
828 958 1101 1026 εὐνοῦχον.
1132 948 1302 1025 Εὗρεν
1338 955 1544 1013 ἐκεῖνος
1584 952 1677 1004 τὸν
1730 967 1861 1002 κατ-

279 1052 528 1125 ηχοῦντα,
567 1053 664 1104 καὶ
693 1051 794 1121 οὐχ
822 1047 1067 1119 ὑπερεῖδε
1101 1048 1200 1115 τὴν
1235 1045 1488 1115 μάθησιν,
1532 1043 1642 1096 ἀλλ’
1678 1041 1771 1094 ἐπὶ
1802 1041 1859 1092 τὸ

279 1146 427 1215 ἂρμα
460 1144 827 1197 ἀνεδιδάσατο
868 1141 960 1194 τὸν
992 1139 1200 1208 πένητα
1231 1140 1260 1189 6
1295 1136 1565 1199 πλούσιος,
1596 1135 1686 1186 τὸν
1716 1132 1857 1185 ίδιώ-

275 1250 373 1304 την
419 1236 517 1287 καὶ
563 1232 1043 1301 εὐκαταφρόνητον
1074 1231 1102 1281 6
1131 1228 1362 1299 σοϐαρὸς
1395 1228 1489 1279 καὶ
1517 1226 1818 1295 ὑπέρογκος
1843 1239 1855 1251 ·

276 1327 370 1379 καὶ
395 1324 670 1393 διδαχθεὶς
716 1325 779 1375 τὸ
810 1320 1141 1389 Εὑαγγέλιον
1169 1320 1266 1388 τῆς
1297 1316 1591 1386 βασιλείας,
1644 1315 1861 1379 ἐδέξατο

280 1417 377 1489 μὲν
420 1420 487 1487 τῇ
532 1415 731 1486 καρδίᾳ
784 1416 881 1485 τὴν
940 1416 1141 1474 πίστιν,
1202 1412 1301 1464 οὐκ
1339 1409 1629 1462 ἀνεϐάλετο
1670 1408 1725 1459 δὲ
1764 1406 1862 1475 τὴν

280 1504 547 1575 σφραγῖδα
574 1504 670 1556 τοῦ
696 1502 1035 1573 Πνεύματος.
1077 1501 1291 1569 Ἐπειδὴ
1320 1499 1427 1569 γὰρ
1444 1499 1760 1567 ἀπήντησαν
1786 1496 1859 1566 (2)

281 1594 450 1659 ὕδατι,
501 1594 674 1655 Ἰδοὺ,
706 1596 890 1664 φησιν,
918 1585 1091 1659 ὕδωρ.
1127 1593 1220 1643 Ἐκ
1246 1589 1599 1661 περιχαρείας
1624 1587 1828 1653 ὁιλόγος
1847 1604 1858 1616 ·

290 1686 416 1740 ’ἰδοὺ
479 1686 544 1737 τὸ
573 1685 932 1756 ζητούμενον,
976 1685 1034 1737 Τί
1066 1684 1281 1736 κωλύει
1309 1699 1385 1749 με
1407 1678 1863 1745 βα.ττισθῆναι;

284 1776 453 1830 Ὅπου
502 1776 823 1848 προαίρεσις
885 1776 1096 1843 ἑτοίμη,
1131 1774 1192 1825 τὸ
1223 1772 1427 1825 κωλύον
1457 1772 1627 1824 οὐδέν.
1671 1772 1726 1822 Ὀ
1755 1770 1863 1839 γὰρ

1956 589 2193 643 scienter
2222 582 2516 656 prosequi;
2544 595 2667 634 cum
2699 576 2947 633 dubitent
2976 573 3068 643 qui
3102 572 3321 633 adsum,
3343 576 3531 621 utrum

1956 681 2202 737 senseris
2232 677 2461 747 gratiam
2482 715 2495 737 ,
2526 689 2594 727 an
2620 671 2738 725 sine
2767 684 2929 726 sensu
2966 680 3087 737 quzn
3124 668 3361 733 aguntur
3394 660 3532 713 acci-

1955 774 2095 842 pias.
2125 771 2236 825 lmo
2262 771 2427 824 etiam
2458 766 2563 821 etsi
2595 764 2777 819 sciens
2802 761 3030 831 gratiam
3064 754 3533 825 susciperes,tunc

1957 860 2177 932 quidem
2212 859 2481 912 talentum
2512 854 2706 915 habes,
2736 853 2831 907 sed
2858 852 3070 904 lucrum
3094 862 3203 901 non
3232 843 3427 899 refers.

2030 953 2086 1010 6.
2128 952 2349 1006 Imitare
2380 947 2753 1004 eunuchum”
2781 984 2794 997 .
2845 944 2940 997 ille
2972 940 3181 996 invenit
3232 938 3326 1008 qui
3359 936 3533 1004 ipsum

1960 1047 2134 1117 prima
2188 1042 2313 1097 fidei
2369 1041 2638 1096 elementa
2693 1036 2934 1095 doceret,
2987 1048 3085 1087 nec
3126 1030 3431 1085 doctrinam
3471 1040 3535 1078 ac

1960 1139 2290 1192 documenta
2343 1138 2668 1202 aspernatus
2704 1137 2787 1183 est
2823 1146 2834 1182 :
2867 1126 2962 1181 sed
3008 1125 3061 1178 in
3112 1136 3333 1177 currum
3357 1118 3537 1172 evexit

1959 1244 2249 1300 pauperem
2265 1227 2439 1290 dives,
2461 1225 2686 1278 idiotam
2704 1230 2757 1275 et
2780 1217 3182 1290 aspernabilem
3215 1208 3538 1281 magniﬁcus

1960 1332 2014 1378 et
2047 1329 2445 1392 sumptuosus;
2489 1327 2651 1386 atque
2690 1313 2843 1383 regni
2880 1309 3237 1380 Evangelium
3288 1306 3536 1366 edoctus,

1962 1416 2205 1483 suscepit
2233 1413 2398 1467 corde
2438 1411 2620 1473 ﬁdem,
2658 1426 2766 1463 non
2807 1406 3043 1477 sigillum
3080 1402 3319 1472 Spiritus
3361 1398 3540 1453 distu-

1962 1509 2041 1562 lit.
2079 1505 2214 1560 Cum
2255 1506 2418 1559 etiam
2452 1503 2829 1573 pervenissent
2859 1498 2926 1551 ad
2974 1511 3167 1564 aquam
3194 1535 3208 1557 ,
3268 1493 3419 1552 Ecce,
3456 1490 3541 1543 in-

1964 1601 2102 1669 quit,
2136 1615 2295 1669 aqua.
2332 1597 2447 1651 Vox
2500 1595 2737 1665 ingentis
2781 1592 2963 1663 gaudii
2992 1611 3002 1643 :
3030 1590 3168 1642 Ecce
3215 1584 3359 1655 quod
3394 1598 3543 1652 quae-

1963 1690 2124 1755 ritur,
2182 1688 2321 1754 Quid
2378 1687 2614 1757 prohibet
2667 1704 2745 1739 me
2792 1680 3104 1752 baptizari?
3146 1679 3245 1733 Ubi
3294 1682 3538 1746 prompta

1966 1783 2222 1837 voluntas
2277 1790 2395 1843 est,
2428 1780 2574 1849 quod
2612 1776 2869 1847 impediat
2927 1774 3060 1828 nihil
3107 1778 3210 1826 est.
3266 1767 3401 1821 Nam
3448 1764 3541 1835 qui

282 1869 458 1923 καλῶν
528 1868 931 1939 φιλάνθρωπος,
985 1870 1012 1919 6
1059 1865 1303 1928 διάκονος
1370 1865 1638 1935 εὐτρεπὴς
1686 1862 1796 1941 μ’(δ),
1832 1865 1865 1931 ή

1970 1885 2146 1938 vocat,
2182 1874 2451 1944 benignus
2483 1882 2565 1925 est
2603 1892 2613 1924 :
2653 1860 2937 1939 expeditus
2967 1875 3049 1929 est
3078 1863 3343 1922 minister,
3383 1858 3543 1911 uber-

283 1963 437 2032 χάρις
491 1960 758 2029 ἄφθονος·
813 1964 845 2031 ἡ
903 1960 1179 2031 προθυμία
1230 1957 1602 2027 ὲνυπαρχέτω,
1657 1957 1750 2007 καὶ
1805 1954 1867 2006 τὸ

284 2050 570 2122 ιμποδίξον
620 2052 721 2105 οὐκ
753 2052 927 2105 ἔσται.
956 2047 1048 2115 Εἷς
1076 2054 1224 2103 ἐστιν
1252 2052 1280 2103 ὁ
1309 2048 1555 2111 κωλύων,
1578 2050 1605 2100 ὁ
1625 2045 1869 2117 ἐμφράσ-

286 2161 387 2196 σων
417 2146 553 2213 ήμῖν
596 2147 698 2206 τὰς
744 2146 825 2207 είς
864 2143 1139 2213 σωτηρίαν
1170 2143 1342 2206 ὀδοὺς,
1374 2142 1431 2194 ὃν
1454 2142 1763 2211 νικήσωμεν
1801 2142 1867 2209 τῇ

286 2236 517 2287 συνέσει.
559 2237 796 2297 Ἐκεῖνος
818 2236 911 2288 τὸν
950 2236 1104 2287 ὄκνον
1127 2236 1256 2303 ἡμῖν
1287 2236 1534 2302 ἐμποιεῖ·
1567 2234 1729 2301 ἡμεῖς
1756 2232 1870 2283 δια-

285 2327 568 2396 ηπῷμεν
595 2327 736 2398 πρὸς
765 2327 1049 2398 ἐργασίαν.
1098 2327 1335 2387 Ἐκεῖνος
1354 2325 1618 2387 διακένοις
1642 2328 1872 2392 ἐπαγγε-

283 2417 419 2481 λίαις
463 2421 567 2482 τὰς
616 2419 846 2488 καρδίας
886 2418 1042 2489 ἡμῶν
1088 2419 1367 2489 ἐξαπατᾷ·
1397 2420 1556 2488 ἡμεῖς
1586 2417 1752 2469 αὐτοῦ
1797 2419 1869 2487 μὴ

283 2513 532 2582 ἁγνοήσω
540 2530 639 2581 μεν
655 2513 724 2564 τὰ
740 2513 1007 2582 νοήματα.
1029 2513 1098 2564 ’Ἡ
1113 2514 1218 2582 γὰρ
1235 2512 1353 2581 οὐχὶ
1367 2512 1463 2582 τὴν
1486 2512 1582 2581 μὲν
1601 2512 1871 2582 ἁμαρτίαν

286 2606 523 2675 σήμερον
552 2608 728 2656 ποιεῖν
760 2603 1073 2666 ὑποϐάλλει,
1096 2605 1193 2673 τὴν
1218 2604 1273 2656 δὲ
1304 2603 1647 2673 δικαιοσύνην
1680 2606 1758 2666 είς
1774 2603 1871 2674 τὴν

284 2694 468 2766 αὔριον
492 2695 673 2747 πείθει
699 2698 847 2765 ἡμᾶς
877 2696 1263 2766 ταμιεύεσθαι;
1298 2696 1395 2748 Διὰ
1412 2696 1568 2748 τοῦτο
1588 2698 1616 2748 6
1647 2695 1869 2766 Κύριος,

284 2784 533 2837 ἀναλύων
566 2784 736 2837 αὐτοῦ
774 2784 870 2847 τὰς
917 2786 1160 2856 πονηρὰς
1191 2785 1543 2856 συμϐουλίας,
1582 2786 1885 2863 Σήμερον,-

286 2879 465 2948 φησὶν,
493 2878 605 2931 ἐὰν
624 2877 738 2945 τῆς
767 2877 974 2945 φωνῆς
1010 2896 1128 2946 μου
1162 2879 1482 2947 ἀκούσητε.
1528 2879 1763 2942 Ἐκεῖνος
1789 2879 1874 2931 λέ-

286 2984 407 3031 γει·
464 2968 579 3039 Τὴν
630 2969 872 3037 σήμερον
931 2970 1073 3035 ἐμοὶ,
1127 2970 1222 3023 καὶ
1268 2971 1364 3040 τὴν
1398 2968 1584 3039 αὔριον
1624 2969 1702 3039 τῷ
1731 2970 1868 3039 Θεῷ.

297 3059 574 3131 ὈΚύριος
601 3059 825 3130 ἀντιϐοᾷ
850 3076 864 3090 ·
898 3061 1142 3132 Σήμερον
1179 3063 1279 3132 τῆς
1326 3064 1464 3133 ἐμῆς
1498 3063 1682 3131 φωνῆς
1709 3062 1873 3115 ἀκού-

286 3166 410 3203 σατε
430 3150 533 3219 (4).
580 3150 796 3220 Νόησον
818 3150 908 3204 τὸν
938 3152 1158 3222 ἐχθρόν·
1188 3154 1248 3205 ού
1278 3154 1452 3223 τολμᾷ
1476 3153 1872 3223 συμϐουλεῦσαι

284 3240 518 3295 καθόλου
553 3242 863 3309 ἀποστῆναι
885 3242 1020 3296 Θεοῦ
1053 3240 1234 3311 (οἶδεν,
1268 3245 1348 3296 δτι
1376 3244 1513 3315 βαρὺ
1539 3244 1695 3297 τοῦτο
1719 3245 1875 3297 ἀκοῦ-

285 3349 371 3385 σαι
417 3334 817 3402 Χριστιανοῖς),
861 3333 997 3386 ἀλλᾶ
1036 3335 1247 3404 τέχναις
1275 3337 1578 3406 ἀπατηλαῖς
1599 3336 1873 3405 μεθοδεύει

282 3425 377 3495 τήν
406 3424 669 3494 ἐπιχείρη
675 3442 777 3476 σιν.
806 3426 975 3494 Σοφός
990 3428 1103 3479 ἐστι
1121 3426 1213 3479 τοῦ
1234 3431 1620 3498 κακοποιῆσαι.
1642 3429 1869 3499 Συνορᾷ,

285 3516 365 3568 ὅτι
398 3517 545 3569 κατὰ
600 3516 662 3568 τὸ
710 3518 885 3588 παρὸν
922 3518 1103 3588 ζῶμεν
1146 3521 1195 3572 οί
1245 3520 1542 3591 ἅνθρωποι,
1584 3522 1678 3575 καὶ
1726 3523 1875 3575 πᾶσα

288 3609 486 3678 πρᾶξις
508 3608 654 3660 κατὰ
672 3608 732 3660 τὸ
764 3611 998 3673 ἐνεστὼς
1022 3613 1339 3682 ἐνεργεῖται.
1376 3612 1488 3683 Τὴν
1515 3608 1607 3666 οὖν
1638 3615 1873 3684 σήμερον

288 3699 538 3751 κλέπτων
583 3700 742 3769 ήμῶν
791 3700 879 3752 διὰ
924 3702 1023 3770 τῆς
1078 3702 1377 3771 μεθοδείας,
1437 3703 1535 3772 τῆς
1586 3703 1773 3775 αὔριον
1797 3705 1872 3776 (5)

286 3790 412 3859 ἡμῖν
431 3790 532 3851 τὰς
554 3789 775 3852 ἐλπίδας
796 3791 1163 3861 περιαφίησιν.
1194 3788 1345 3857 Εἶτα,
1375 3794 1595 3847 ἐπειδὰν
1623 3796 1655 3864 ἡ
1687 3793 1874 3866 αὔριον

288 3882 436 3954 ἔλθῃ,
478 3880 647 3935 πάλιν
702 3881 921 3950 ἔρχεται
966 3885 994 3935 6
1042 3883 1210 3946 κακὸς
1269 3886 1644 3957 συμμεριστὴς
1694 3888 1870 3957 ἡμῶν,

287 3974 450 4038 ἀξιῶν
478 3976 578 4045 τὴν
619 3975 862 4044 σήμερον
912 3974 1108 4044 ἑαυτῷ,
1140 3976 1237 4045 τὴν
1264 3976 1321 4029 δὲ
1350 3976 1537 4047 αῠριον
1564 3977 1641 4048 τῷ
1662 3980 1870 4050 Κυρίῳ·

288 4068 380 4119 καὶ
406 4066 584 4129 οὕτως
611 4067 699 4119 ἀεὶ
728 4066 788 4118 τὺ
818 4067 917 4135 μὲν
938 4068 1112 4137 παρὸν
1141 4067 1207 4120 δι’
1229 4069 1420 4140 ἡδονῆς
1454 4071 1871 4141 ὑφαιρούμενος,

287 4156 348 4209 τὸ
371 4157 427 4209 δὲ
458 4155 655 4225 μέλλον
681 4158 798 4217 ταῖς
820 4154 1032 4207 ἐλπίσιν
1062 4156 1217 4224 ήμῶν
1248 4158 1588 4227 προσαφιεὶς,
1624 4158 1872 4211 λανθάνει

292 4250 437 4317 ἡμᾶς
467 4246 857 4300 ἁποϐουκολῶν
881 4245 982 4315 τῆς
1014 4244 1174 4317 ζωῆς.

370 4424 419 4477 7.
460 4423 735 4493 Τοιαύτην
754 4421 893 4477 εἶδον
923 4422 1033 4490 ἐγώ
1055 4440 1183 4476 ποτε
1216 4423 1549 4493 πανουργίαν
1569 4424 1778 4493 ὄρνιθος
1798 4428 1873 4497 (6)

1970 1967 2107 2020 rima
2161 1967 2361 2033 gratia.
2420 1964 2671 2018 Studium
2724 1955 2864 2041 insit
2908 1967 2960 2014 et
3005 1956 3280 2015 alacritas,
3321 1963 3544 2019 tumque

1972 2060 2180 2113 nullum
2215 2060 2320 2112 erit
2374 2057 2844 2127 impedimentum.
2897 2052 3051 2107 Unus
3095 2047 3297 2117 estqui
3354 2044 3544 2115 prohi-

1969 2150 2082 2213 bet,
2116 2151 2205 2205 ille
2228 2150 2503 2212 videlicet,
2550 2153 2643 2217 qui
2700 2147 2860 2201 nobis
2896 2139 3010 2200 vias
3068 2143 3133 2196 ad
3182 2141 3410 2196 salutem
3441 2138 3543 2190 ob-

1972 2246 2151 2305 struit,
2183 2258 2343 2313 quem
2376 2241 2665 2311 prudentia
2707 2238 3013 2292 vincamus.
3056 2235 3147 2289 Ille
3178 2228 3546 2287 cunctationis

1973 2351 2035 2389 ac
2069 2349 2236 2389 morae
2268 2334 2427 2387 nobis
2452 2339 2644 2385 auctor
2686 2337 2810 2393 est;
2849 2342 2950 2381 nos
2977 2324 3044 2378 ad
3076 2339 3213 2393 opus
3237 2320 3544 2374 faciendum

1972 2426 2344 2494 insurgamus.
2400 2421 2493 2475 llle
2524 2420 2777 2473 inanibus
2829 2414 3114 2487 promissis
3146 2411 3312 2466 corda
3356 2417 3546 2463 nostra

1974 2513 2179 2582 decipit
2211 2530 2225 2567 :
2257 2526 2356 2565 nos
2402 2511 2523 2578 ejus
2583 2508 2818 2579 cogitata
2868 2522 2935 2560 ne
2970 2506 3305 2575 ignoremus.
3355 2497 3545 2552 Nonne

1974 2603 2214 2673 suggerit
2242 2611 2299 2657 ut
2331 2602 2492 2655 hodie
2530 2608 2909 2670 perpetremus
2951 2604 3255 2663 peccatum,
3286 2591 3480 2646 suadet
3515 2606 3547 2642 e

1973 2696 2210 2756 diverso,
2262 2702 2322 2748 ut
2373 2693 2645 2761 justitiam
2681 2691 2732 2743 in
2799 2689 3102 2742 crastinum
3151 2681 3548 2739 reservemus?

1974 2786 2316 2855 Quapmpter
2360 2783 2626 2838 Dominus
2668 2797 2834 2851 prava
2863 2779 2981 2847 ejus
3005 2778 3238 2832 consilia
3268 2782 3544 2834 evertens,

1974 2879 2050 2930 ait
2080 2897 2094 2931 :
2129 2875 2301 2929 Hodie
2337 2876 2384 2930 si
2425 2890 2600 2928 vocem
2630 2888 2799 2925 meam
2840 2869 3116 2923 audieritis
3138 2868 3200 2920 ¹⁸.
3248 2865 3342 2920 Ille
3374 2864 3544 2918 dicit:

1975 2966 2305 3021 Hodiernum
2348 2965 2504 3029 mihi,
2538 2964 2837 3019 crastinum
2882 2960 3012 3016 Deo.
3047 2959 3312 3014 Dominus
3358 2965 3549 3011 contra

1975 3059 2352 3114 vociferatur:
2395 3056 2567 3112 Hodie
2621 3070 2809 3109 vocem
2864 3068 3040 3107 meam
3103 3050 3304 3104 audite.
3355 3049 3552 3103 Consi-

1976 3149 2106 3203 dera
2141 3149 2462 3215 inimicum;
2513 3147 2743 3201 suadere
2782 3160 2891 3198 non
2944 3144 3127 3205 audet,
3178 3151 3237 3196 ut
3268 3139 3491 3194 omnino
3518 3153 3549 3191 a

1976 3240 2088 3296 Deu
2147 3242 2375 3296 secedas
2427 3240 2603 3308 (novit
2659 3238 2713 3292 id
2765 3237 2955 3290 auditu
3001 3233 3334 3290 Christianis
3384 3245 3551 3301 grave

1973 3332 2142 3402 esse),
2184 3331 2278 3385 sed
2322 3328 2687 3384 fraudulentis
2721 3327 2933 3381 artibus
2960 3335 3123 3395 atque
3154 3323 3434 3377 insidiosis
3458 3335 3552 3389 ag-

1974 3422 2242 3493 greditur,
2288 3420 2518 3491 Sapiens
2559 3420 2737 3475 estad
2771 3418 3226 3473 malefaciendum
3274 3416 3337 3468 ¹⁹.
3384 3413 3549 3467 Intel-

1976 3513 2092 3583 ligit
2119 3529 2220 3568 nos
2264 3513 2514 3567 homines
2546 3512 2601 3565 in
2656 3510 2907 3580 praesenti
2960 3508 3134 3563 solum
3192 3517 3435 3576 tempore
3470 3507 3553 3558 vi-

1973 3618 2139 3668 vere,
2198 3603 2579 3669 actionemque
2626 3615 2841 3654 omnem
2898 3600 2954 3651 in
3002 3598 3257 3667 praesenti
3304 3605 3553 3666 tempore

1976 3693 2114 3746 ﬂeri.
2153 3690 2521 3757 Quamobrem
2553 3690 2817 3743 hodierna
2854 3689 2941 3743 die
2982 3687 3145 3742 nobis
3177 3687 3554 3741 fraudulenter

1978 3794 2253 3855 surrepta,
2302 3784 2463 3839 nobis
2508 3800 2659 3855 spem
2705 3784 2961 3838 crastinae
3019 3782 3301 3851 relinquit.
3346 3779 3553 3835 Deinde

1975 3892 2097 3931 cum
2114 3876 2231 3931 dies
2248 3876 2489 3930 crastina
2512 3876 2682 3937 venit,
2718 3888 2912 3928 rursus
2945 3872 3157 3926 accedit
3176 3872 3351 3926 malus
3368 3880 3555 3924 noster

1974 3968 2218 4031 divisor,
2264 3968 2476 4037 sibique
2510 3966 2834 4021 hodiernum
2856 4005 2871 4029 ,
2921 3963 3153 4017 Domino
3186 3978 3316 4017 vero
3357 3962 3554 4017 crasti-

1974 4076 2104 4114 num
2130 4061 2328 4129 poscit,
2355 4068 2516 4130 atque
2535 4060 2615 4113 sic
2645 4073 2863 4128 semper
2882 4057 3040 4127 120
3072 4071 3312 4126 praesens
3334 4056 3553 4125 quidem

1974 4167 2073 4221 per
2112 4153 2443 4220 voluptatem
2477 4150 2833 4214 subtrahens,
2880 4150 3125 4203 futurum
3158 4164 3289 4203 vero
3325 4146 3439 4217 Spei
3464 4162 3555 4200 no-

1975 4250 2103 4297 stra:
2165 4256 2514 4312 proponens,
2574 4240 2948 4311 imprudentes
3000 4255 3103 4295 nos
3154 4248 3208 4294 et
3244 4239 3556 4295 incautose

1975 4336 2085 4389 vita
2126 4334 2399 4388 subducit.

2048 4427 2098 4481 7.
2131 4425 2253 4479 Vidi
2306 4441 2407 4496 ego
2454 4423 2749 4495 aliquando
2798 4426 2961 4481 talem
3006 4426 3216 4480 callidae
3264 4424 3554 4494 cujusdam

301 4514 641 4586 εὐμηχάνου.
665 4513 967 4567 Εὐαλώτων
1000 4513 1107 4585 γὰρ
1134 4515 1269 4586 αὐτῇ
1305 4514 1411 4568 τῶν
1446 4516 1674 4570 νεοττῶν
1698 4519 1868 4589 ὑπαρ-

1976 4518 2093 4571 avis
2119 4516 2397 4572 astutiam.
2431 4514 2697 4568 Nimirum
2722 4531 2845 4569 cum
2877 4516 3006 4585 pulli
3038 4516 3158 4585 ejus
3185 4522 3369 4571 essent
3394 4522 3554 4584 captu

290 4606 494 4676 χόντων
543 4607 610 4659 δι’
665 4606 1016 4676 ἁπαλότητα,
1069 4606 1267 4677 ἑαυτὴν
1315 4607 1726 4679 προϐαλλομένη
1796 4610 1871 4673 ὡς

285 4700 503 4770 ἕτοιμον
555 4699 803 4770 θήραμα,
858 4699 950 4751 καὶ
1002 4702 1121 4762 ταῖς
1164 4700 1322 4770 χερσὶ
1372 4699 1482 4751 τῶν
1530 4702 1871 4771 ἁγρευόντων

290 4792 720 4863 ὲνστρεφομένη,
760 4789 883 4843 οὔτε
924 4789 1195 4861 ἁλώσιμος
1228 4786 1295 4861 ἦν
1340 4792 1405 4843 ἐκ
1447 4790 1539 4844 τοῦ
1579 4793 1869 4864 προχείρου

290 4884 399 4945 τοῖς
432 4883 730 4951 θηρευταῖς
777 4881 876 4950 (⁵7),
906 4879 1030 4933 οὔτε
1065 4880 1371 4948 ἀπόγνωσιν
1419 4882 1601 4944 αὐτοῖς
1640 4883 1871 4935 ἐνεποίει

362 5046 402 5074 ¹τ
440 5044 566 5100 Aet.
604 5060 727 5107 vin,
765 5046 834 5098 27
868 5061 989 5115 sqq.

266 5209 287 5260 -,
465 5180 624 5260 colb.
658 5182 870 5251 primus
900 5184 1235 5260 ὑπήντησαν.
1260 5183 1429 5260 Notas
1449 5186 1872 5260 eruditissimas,

272 5251 490 5373 quibus
519 5251 757 5375 gucxus
787 5261 958 5307 totam
999 5251 1140 5309 hanc
1177 5256 1483 5310 orationem
1510 5257 1769 5319 illustrat,
1797 5251 1874 5313 le?

290 5338 321 5375 ιι
360 5337 383 5371 s
414 5338 513 5375 sua
554 5338 643 5375 eo.

307 5340 383 5373 ’λς
414 5340 643 5375 suadeo.

256 5340 319 5423 κδ
360 5392 433 5461 ('5)
465 5391 523 5444 In
570 5390 730 5472 Coll).
777 5393 956 5463 primo
986 5396 1121 5448 etin
1164 5392 1296 5466 Reg.
1340 5396 1525 5451 itidem
1568 5395 1745 5466 primo
1777 5412 1875 5467 pro

290 5461 559 5515 εὐτρεπής
589 5465 791 5515 Ιραιῑιιι·
825 5465 1131 5515 εὐπρεπής.

352 5479 559 5520 τρεπης
589 5479 791 5520 Ιεεζιῑιιι·
825 5479 1131 5520 ευποεπὴς.

359 5467 791 5586 τρεπέςιιςξείῑιιι·
825 5467 1131 5586 εὑπὶεπής.

359 5540 371 5596 (
418 5533 473 5605 )7
526 5532 666 5605 ditio
699 5532 874 5587 Paris.
962 5536 1213 5605 κούσητε.
1246 5535 1425 5589 Editio
1478 5536 1640 5589 Basil.
1678 5544 1730 5589 et
1777 5553 1867 5590 sex

292 5616 421 5682 mss.
452 5603 747 5684 ἀκούσατε.
775 5605 931 5684 Quod
966 5606 1041 5659 ait
1061 5603 1444 5684 (lernbeﬁsitls,
1469 5622 1526 5684 se
1548 5608 1648 5661 hoc
1666 5607 1784 5660 loco
1814 5609 1868 5659 in

293 5672 401 5751 suis
432 5672 995 5751 codicibusﬂlegisse
1030 5677 1265 5751 σήμερον
1323 5678 1438 5751 sev,
1483 5678 1536 5731 in
1558 5691 1641 5751 _eo
1687 5678 1873 5747 lapsus

294 5742 454 5797 videri
490 5753 691 5813 potest.
721 5742 856 5798 Nam
881 5742 1187 5801 verisimile
1218 5746 1297 5809 fit,
1333 5748 1508 5801 virum
1539 5742 1759 5801 doctum
1781 5763 1873 5802 vo-

298 5812 635 5878 :ulam’édv,
668 5830 790 5883 quae
826 5817 990 5885 paulo
1047 5825 1171 5871 ante
1226 5818 1441 5889 legitur,
1496 5817 1711 5874 incaute
1767 5818 1873 5874 huc

1972 4611 2163 4669 faciles
2194 4610 2264 4663 ob
2296 4609 2746 4674 teneritudinem,
2771 4625 2830 4663 se
2855 4611 2972 4678 ipsa
3005 4609 3295 4678 objiciebat
3325 4615 3557 4676 utpara-

1971 4712 2083 4757 tam
2122 4700 2381 4771 praedam,
2412 4711 2575 4771 atque
2591 4710 2718 4756 ante
2741 4701 3057 4755 venantium
3085 4715 3281 4754 manus
3304 4714 3553 4759 versans,

1970 4808 2149 4862 neque
2184 4791 2342 4845 facile
2365 4798 2580 4861 poterat
2611 4806 2641 4844 a
2660 4792 3013 4845 venatoribus
3037 4791 3178 4858 capi,
3204 4802 3383 4858 neque
3402 4803 3554 4858 spem

1974 4884 2252 4955 capiendae
2278 4884 2471 4954 praedae
2491 4885 2571 4939 eis
2588 4884 2878 4939 adimebat.
2911 4882 3016 4937 Sed
3036 4883 3241 4935 interea
3258 4880 3388 4934 dum
3404 4879 3555 4950 ipsos

1069 5046 1110 5076 "
1151 5045 1292 5100 Psal.
1330 5062 1475 5112 χειν,
1512 5046 1565 5101 8.
1644 5048 1686 5079 ¹⁹
1723 5046 1926 5103 Jerem.
1968 5063 2042 5114 tv,
2074 5048 2166 5104 22.

1975 5187 2344 5242 transtulisse.
2382 5184 2493 5241 Nec
2525 5186 2600 5239 ita
2641 5185 2811 5239 multo
2842 5182 2983 5238 infra
3020 5180 3177 5237 Colb.
3220 5181 3245 5233 1
3283 5177 3390 5233 οἶδε
3424 5180 3551 5247 γάρ.

2048 5196 2344 5267 Instutisse.
2382 5196 2493 5241 Nec
2525 5196 2600 5239 ita
2641 5196 2811 5239 multo
2842 5196 2983 5238 intra
3020 5196 3177 5263 uoto.
3220 5196 3245 5233 ι
3283 5196 3390 5233 οιοε
3424 5196 3551 5301 γαρ.

2048 5258 2124 5328 t5)
2160 5257 2249 5310 SlC
2283 5272 2419 5328 mss.
2467 5271 2678 5311 omnes.
2717 5255 2961 5328 Utraque
2999 5254 3167 5328 _edlll0
3217 5252 3295 5314 εἰς
3328 5251 3427 5320 τὴν
3460 5268 3494 5301 α
3531 5280 3556 5290 -

1978 5324 2115 5399 ριον,
2144 5343 2285 5399 spem
2313 5327 2460 5380 nobis
2493 5328 2545 5379 in
2562 5324 3126 5399 crastinum-remittit.

2050 5389 2124 5465 (6)
2165 5389 2415 5459 Dircaeus,
2452 5404 2508 5449 ut
2537 5398 2666 5450 alibi
2710 5396 2777 5449 de
2813 5396 2936 5465 aliis
2972 5394 3157 5465 rebus,
3184 5392 3259 5465 ita
3299 5389 3556 5465 hoe__loco

1976 5460 2171 5522 de‘illa
2205 5483 2303 5521 ave
2339 5467 2499 5520 docte
2531 5466 2772 5520 disserit.
2810 5464 2922 5519 Hoc
2966 5464 3086 5533 ipso
3134 5463 3188 5516 in
3242 5462 3365 5515 loco
3398 5460 3553 5533 colli.

1978 5539 2188 5660 primus
2211 5536 2385 5606 αὐτῆς
2420 5539 2541 5589 τῶν.
2592 5536 2832 5590 Subinde
2865 5528 3020 5591 Colb.
3064 5533 3261 5588 tertius
3295 5528 3559 5601 προσϐαλ-

1980 5624 2080 5660 Λου.
2112 5625 2197 5660 νη.

1980 5624 2174 5661 Λοιιενη
2185 5647 2197 5659 .

2043 5625 2386 5748 ῗξῖηᾸῐιιίαυί
2423 5674 2698 5748 duo_libri
2740 5681 2863 5748 τοῖς
2917 5676 3211 5748 θηραταῖς.-
3236 5670 3359 5748 11οχ

1981 5740 2458 5819 ρι’ἰίῐὶυείτῇίπερὶ
2507 5746 2696 5819 αυτὴν.
2739 5746 2846 5805 Nec
2892 5740 3164 5803 ita-inulto
3202 5743 3343 5798 infra
3399 5740 3555 5797 Colb.

1982 5815 2174 5876 tertius
2198 5815 2463 5887 Φοϐήθητε
2495 5816 2585 5870 καὶ
2619 5815 2699 5871 σύ.
