4036 6236
408 310 516 367 459

1745 310 1803 366 S.
1850 310 2095 365 BASlLll
2136 307 2353 364 MAGNI

3567 306 3674 361 uo

405 438 506 493 spe
537 422 686 479 varie
718 421 1009 488 detineret,
1033 438 1096 478 ac
1123 425 1271 479 circa
1307 439 1368 480 se
1389 433 1707 496 occuparet,
1747 425 1989 497 fugiendi

2097 427 2192 497 τῆς
2222 427 2431 498 ἄγρας·
2468 425 2601 479 ἀλλὰ
2649 428 2769 487 ταῖς
2801 424 3012 478 ἐλπίσιν
3045 424 3246 488 αὐτοὺς
3280 424 3539 488 ποικίλως
3565 443 3673 479 πα-

406 515 625 586 copiam
667 528 734 569 ac
771 515 1125 578 securitatem
1157 516 1322 588 pullis
1373 517 1492 574 suis
1529 518 1986 584 subministravit,

406 622 474 662 ac
506 616 789 678 postremo
817 607 938 679 ipsa
967 623 1187 679 quoque
1229 610 1396 666 simul
1422 611 1678 666 avolavit.
1726 608 1882 666 Time
1920 626 1992 666 ne

406 704 463 751 et
493 698 595 752 tibi
644 697 847 754 similia
886 696 1167 763 accidant,
1198 700 1292 768 qui
1333 708 1486 754 certa
1517 699 1849 755 incertorum
1895 715 1992 770 spe

408 790 785 860 derelinquas.
808 788 928 845 Huc
956 789 1124 861 igitur
1148 790 1279 851 ades
1301 790 1430 845 dum
1461 790 1618 855 mihi,
1644 790 1878 860 teipsum
1903 799 1990 845 to-

410 891 525 936 tum
553 882 623 937 ad
646 883 933 937 Dominum
961 882 1204 940 transfer
1228 901 1243 950 ;
1268 883 1335 939 da
1360 898 1560 939 nomen
1580 889 1771 951 tuum;
1802 882 1990 939 Eccle—

410 974 508 1030 size
540 973 836 1030 ascribere.
861 973 1015 1031 Miles
1040 983 1363 1031 recensetur
1380 975 1436 1029 in
1463 975 1713 1046 catalogo
1743 993 1756 1029 :
1783 975 1993 1033 athleta

410 1065 714 1137 inscriptus
738 1066 984 1124 decertat
1010 1088 1023 1122 :
1053 1069 1191 1122 civis
1216 1068 1438 1123 civitate
1460 1067 1703 1123 donatus
1726 1068 1871 1124 inter
1894 1069 1993 1122 tri-

406 1160 565 1217 bulas
579 1169 984 1217 annumeratur.
1008 1160 1277 1217 Omnibus
1290 1162 1374 1216 his
1388 1161 1658 1217 obnoxius
1672 1177 1752 1225 es,
1771 1173 1827 1215 ut
1841 1161 1998 1216 miles.

408 1246 638 1312 Christi,
670 1255 733 1305 ut
759 1249 971 1304 athleta
997 1249 1247 1317 pietatis,
1266 1257 1325 1303 ut
1350 1250 1474 1305 cwli
1508 1250 1814 1320 municeps.
1846 1250 1992 1305 Con-

410 1340 655 1394 scribere
688 1340 745 1394 in
783 1339 888 1394 hoc
920 1340 1084 1403 libro,
1123 1347 1182 1394 ut
1218 1340 1273 1394 in
1299 1341 1537 1396 caelesti
1582 1342 1990 1398 transcribaris.

408 1430 594 1497 Disce,
625 1431 910 1488 edocearis
937 1432 1308 1503 evangelicam
1331 1432 1698 1503 disciplinam,
1747 1441 1994 1489 exactam

406 1521 694 1577 oculorum
720 1521 1082 1592 vigilantiam,
1121 1522 1325 1594 linguae
1349 1523 1771 1588 continentiam,
1793 1538 1994 1593 corpo.

406 1615 488 1667 ris
513 1612 862 1677 servitutem,
907 1613 1077 1669 animi
1121 1613 1506 1678 humilitatem,
1542 1615 1743 1670 mentis
1787 1615 1998 1684 purita-

405 1715 542 1766 tem,
580 1699 677 1757 ira
713 1701 1158 1758 exstinctionem.
1212 1702 1296 1758 Ad
1341 1703 1622 1773 quidpiam
1653 1705 1699 1759 si
1736 1705 1993 1775 adigeris,

2092 518 2486 589 ρακατέχουσα,
2518 519 2583 588 τῇ
2618 517 2749 587 περὶ
2776 514 2977 586 ἑαυτὴν
3004 514 3251 587 ἀσχολίᾳ,
3284 516 3400 580 τοῖς
3426 521 3673 580 νεοσσοῖς

2090 607 2190 675 τὴν
2225 606 2407 660 ἄδειαν
2436 607 2535 675 τῆς
2589 606 2764 676 φυγῆς
2794 605 3174 677 προεξένησεν,
3216 601 3336 659 εἶτα
3382 606 3443 660 τὸ
3471 608 3677 660 τελευ-

2090 701 2238 749 ταῖον
2280 698 2374 750 καὶ
2400 697 2536 767 αὐτὴ
2579 696 2920 767 συναπέπτη.
2954 695 3240 767 Φοϐήθητι,
3263 697 3337 768 μὴ
3381 699 3475 751 καὶ
3511 699 3576 752 σὺ
3605 698 3676 750 τὰ

2091 791 2449 862 παραπλήσια
2476 789 2676 860 πάθῃς,
2714 791 2773 842 ὲν
2797 791 2917 851 ταῖς
2951 790 3081 858 περὶ
3111 788 3220 841 τῶν
3257 789 3471 860 ἀδήλων
3492 790 3677 843 ἐλπίσι

2090 883 2160 936 τὰ
2193 881 2402 954 φανερὰ
2433 882 2773 953 προϊέμενος.
2804 879 2976 952 Δεῦρο
2998 880 3069 951 δὴ
3086 875 3179 934 οὖν
3222 898 3333 952 μοι,
3368 881 3487 936 ὅλον
3516 898 3676 935 σεαυ-

2089 974 2181 1035 τὸν
2219 971 2449 1043 μετάθες
2505 971 2599 1025 ἐπὶ
2642 970 2733 1024 τὸν
2780 969 2985 1041 Κύριον
3004 982 3020 999 ’
3075 969 3260 1043 ἐπίδος
3308 970 3537 1025 σεαυτοῦ
3574 971 3678 1042 τὴν

2091 1062 2420 1133 ὀνομασίαν·
2472 1058 2857 1131 καταγράφηθι
2903 1058 3044 1129 μετά
3072 1059 3174 1129 τῆς
3218 1060 3563 1131 Ἐκκλησίας.
3617 1061 3680 1113 Ὅ

2095 1152 2432 1226 στρατιώτης
2462 1152 2786 1221 καταλόγοις
2825 1149 3203 1221 ὲναριθμείται
3228 1168 3242 1182 ·
3267 1154 3297 1205 6
3323 1152 3562 1229 ἀθλητὴς
3590 1154 3678 1205 ὲν·-

2095 1245 2555 1317 απογραψάμενος
2594 1244 2669 1316 (8)
2711 1242 3076 1313 ἀγωνίζεται·
3114 1245 3143 1297 6
3179 1244 3421 1316 δημότης
3463 1245 3680 1299 πολιτο-

2093 1337 2399 1410 γραφηθεὶς
2429 1339 2542 1401 τοῖς
2575 1336 2833 1406 φυλέταις
2873 1336 3271 1407 ὲναριθμεῖται.
3304 1338 3445 1391 Haec
3467 1338 3679 1403 τούτοις

2095 1433 2395 1495 ὑπεύθυνος
2429 1428 2513 1497 εἷ,
2556 1431 2633 1494 ὡς
2679 1429 3019 1502 στρατιώτης
3049 1430 3307 1499 Χριστοῦ,
3335 1433 3410 1494 ὡς
3439 1432 3681 1503 ἀθλητὴς

2096 1526 2394 1589 εὐσεϐείας,
2423 1524 2499 1589 ὡς
2538 1523 2601 1576 τὸ
2634 1523 2932 1594 πολίτευμα
2959 1521 3096 1593 ἔχων
3123 1524 3181 1575 ὲν
3206 1524 3476 1590 οὐρανοῖς.
3511 1525 3676 1577 Ἀπο-

2095 1618 2339 1692 γράφηθι
2393 1619 2451 1671 ὲν
2488 1616 2662 1688 ταύτῃ
2703 1618 2768 1687 τῇ
2822 1614 3011 1686 βίϐλῳ,
3042 1615 3133 1668 ἵνα
3188 1619 3547 1686 μεταγραφῇς
3596 1618 3681 1679 είς

2097 1711 2195 1781 τὴν
2219 1710 2352 1763 ἄνω.
2405 1707 2583 1770 Μάθε,
2628 1704 2906 1775 διδάχθητι
2951 1704 3313 1776 εὐαγγελικὴν
3373 1704 3681 1770 πολιτείαν,

405 1794 805 1862 superadde“:
840 1794 889 1850 si
952 1794 1230 1864 spoliaris,
1283 1810 1354 1850 ne
1405 1794 1602 1865 litiga‘1
1644 1814 1657 1850 :
1691 1795 1736 1851 si
1779 1796 1997 1852 haberis

2101 1802 2396 1873 ὀφθαλμῶν
2428 1800 2738 1873 ἀκρίϐειαν,
2769 1796 3023 1869 γλώσσης
3046 1797 3397 1869 ἐγκράτειαν,
3430 1797 3683 1867 σώματος

406 1883 554 1951 odio,
588 1884 801 1957 dilige”
836 1874 1311 1954 :persecutionem
1347 1885 1393 1940 si
1420 1885 1666 1956 patiaris,
1693 1888 1995 1953 sustine”;

408 1976 676 2032 conviciis
717 1977 765 2033 si
809 1974 1091 2042 afﬁciaris,
1141 1977 1393 2035 obsecra.
1434 1975 1545 2030 Fac
1576 1976 1829 2033 moriaris
1875 1992 2000 2046 pec-

406 2067 583 2122 cato“
618 2086 633 2122 :
662 2066 988 2139 cruciﬁgare
1016 2082 1142 2123 cum
1176 2066 1399 2124 Christo
1431 2068 1809 2126 :dilectionem
1827 2076 1996 2123 totam

406 2158 465 2216 in
501 2158 791 2216 Dominum
817 2167 1151 2221 transmove.
1198 2160 1312 2217 Sed.
1332 2160 1581 2216 difﬁcilia
1628 2169 1760 2216 sunt
1794 2160 1910 2216 haec
1943 2168 1997 2215 et

405 2251 619 2321 gravia.
669 2249 836 2323 Quid,
886 2267 1095 2323 qureso,
1140 2267 1324 2308 rerum
1366 2255 1636 2307 bonarum
1671 2251 1831 2307 facile
1875 2259 2001 2322 est?

405 2342 547 2410 Quis
566 2342 848 2399 dormiens
868 2350 1136 2413 tropaeum
1179 2343 1396 2404 statuit.
1429 2341 1565 2409 Quis
1596 2343 1742 2398 inter
1771 2342 1999 2399 delicias

404 2442 462 2489 et
491 2434 749 2497 tibiarum
778 2434 1296 2507 moduloscoronis
1325 2432 1666 2489 fortitudinis
1700 2440 2003 2490 exornatus

404 2529 526 2584 est?
562 2527 732 2584 Nemo
787 2528 897 2584 nisi
934 2527 1277 2594 cucurrerit,
1313 2527 1536 2583 sustulit
1570 2526 1840 2582 hravium.
1871 2524 2000 2580 Glo-

407 2618 552 2671 riam
588 2617 813 2687 pariunt
840 2616 1080 2684 labores,
1121 2623 1515 2687 comparantur
1544 2632 1766 2672 coronae.
1802 2614 2000 2671 defati-

406 2708 648 2781 gatione.
680 2706 781 2763 Per
810 2705 1007 2771 multa:
1038 2708 1410 2763 tribulatione:
1444 2715 1646 2777 oportet
1678 2723 1771 2760 nos
1798 2706 1999 2761 intrare

411 2801 475 2854 in
506 2814 723 2870 regnum
754 2798 1079 2862 celerum”,
1112 2798 1236 2854 dico
1271 2808 1327 2853 et
1365 2813 1467 2868 ego
1501 2817 1515 2852 :
1545 2797 1644 2853 sed
1672 2797 1771 2853 bas
1817 2796 1997 2851 tribuo

410 2888 648 2945 lationes
672 2902 738 2942 ea
771 2903 894 2958 quae
918 2888 973 2941 in
999 2903 1167 2959 regno
1201 2888 1466 2942 ccclorum
1499 2884 1732 2941 fruenda
1763 2892 1849 2940 est
1871 2885 1999 2940 bea-

410 2982 591 3037 titudo
623 2981 848 3051 excipit,
882 2982 1093 3051 peccati
1124 2995 1252 3036 vero
1289 2980 1507 3035 labores
1542 2979 1700 3034 dolor
1739 2977 1999 3049 gehenntn

411 3086 575 3145 atque
633 3073 858 3129 tristitia
915 3079 1214 3142 exspectat.
1256 3072 1375 3127 Ima
1408 3072 1576 3126 etiam
1625 3070 1674 3126 si
1715 3069 1841 3140 quis
1871 3069 1993 3123 dili-

414 3173 605 3236 genter
632 3162 1037 3229 animadvertit,
1063 3178 1135 3220 ne
1169 3163 1291 3233 ipsa
1329 3160 1551 3232 quidem
1596 3160 1800 3216 diaboli
1830 3174 1998 3231 opera

412 3258 484 3313 ab
511 3254 819 3327 iniquitatis
863 3252 1133 3325 operariis
1162 3254 1284 3309 sine
1315 3253 1507 3308 labore
1539 3258 1849 3323 patrantur.
1893 3250 2001 3319 Qui

412 3355 545 3404 sunt
573 3346 844 3403 castitatis
872 3346 1149 3402 sudores?
1166 3344 1236 3399 At
1270 3345 1471 3401 sudore
1493 3344 1675 3400 madet
1700 3352 2003 3415 scortator,

413 3438 737 3494 absumente
759 3436 912 3498 illum
942 3437 1238 3507 voluptate.
1255 3434 1393 3490 Num
1421 3435 1762 3490 continentia
1784 3441 2001 3490 tantum

413 3529 586 3585 demit
618 3528 860 3598 corpori,
889 3535 1156 3600 quantum
1186 3528 1543 3585 exsecrabilis
1571 3542 1635 3582 ac
1673 3527 1891 3583 rabiosa
1914 3528 2002 3582 in-

413 3623 752 3679 continentia
798 3624 1144 3694 corrumpit?
1186 3623 1386 3681 Noctes
1433 3624 1666 3695 quidem
1713 3624 1999 3680 insomnes

413 3722 681 3786 peragunt
709 3715 801 3788 qui
845 3722 1170 3786 pernoctant
1202 3716 1256 3770 in
1294 3716 1703 3787 precationibus
1732 3734 1747 3770 :
1778 3717 1875 3772 sed
1903 3718 2003 3787 qui.

413 3806 701 3878 invigilant
735 3808 1031 3879 iniquitati,
1062 3822 1158 3864 eas
1182 3808 1344 3879 longe
1377 3809 1663 3866 molestius
1678 3809 1994 3864 traducunt.

415 3897 554 3953 Nam
582 3906 637 3954 et
663 3897 849 3963 timor,
884 3915 952 3955 ne
995 3898 1495 3969 deprehendare,et
1525 3900 1866 3969 voluptatum
1898 3900 1997 3955 sti-

415 3989 599 4044 mulus
629 4004 846 4045 omnem
886 4006 1113 4061 prorsus
1138 3991 1381 4061 requiem
1410 3989 1619 4061 fugant.
1644 3990 1800 4057 Quod
1834 3991 1883 4047 si
1908 3992 1997 4045 iti-

415 4080 566 4138 neris
587 4082 654 4135 ad
695 4082 929 4137 salutem
961 4082 1283 4139 deducentis
1323 4084 1606 4153 angustias
1645 4082 1881 4155 fugiens,
1914 4085 1996 4143 la-

416 4178 531 4226 tam
559 4173 905 4242 amplamque
936 4174 1147 4242 peccati
1172 4174 1313 4227 viam
1330 4188 1680 4245 persequare;
1709 4190 1901 4231 vereor
1930 4191 1999 4230 ne

419 4263 583 4316 latam
619 4263 688 4317 ad
719 4263 878 4319 finem
904 4281 1077 4335 usque
1097 4274 1343 4331 secutus,
1367 4278 1795 4324 consentaneum
1815 4268 2003 4324 itineri.

419 4356 783 4412 diversorium
810 4359 1075 4427 reperias.
1112 4357 1221 4413 Sed
1244 4367 1464 4414 servatu
1487 4359 1724 4416 dilﬁcilis
1756 4368 1842 4415 est
1876 4362 1998 4417 the-

2098 1891 2487 1961 δουλαγωγίαν.
2511 1891 2763 1961 φρόνημα
2787 1888 3059 1952 ταπεινὸν,
3083 1888 3290 1952 ἐννοίας
3312 1888 3683 1959 καθαρότητα,

2097 1982 2270 2055 ὀργῆς
2316 1981 2644 2051 ἀφανισμόν.
2690 1978 3153 2049 Ἀγγαρευόμενος
3188 1977 3499 2049 προστίθει·
3544 1978 3684 2032 ἀπο-

2100 2073 2458 2146 στερούμενος
2501 2072 2574 2144 μὴ
2621 2070 2876 2135 δικάζου·
2916 2070 3240 2142 μισούμενος
3286 2070 3511 2140 ἀγάπα·
3555 2069 3690 2125 διω-

2098 2168 2326 2236 κόμενος
2374 2165 2567 2236 ἀνέχου
2587 2180 2600 2194 ·
2659 2162 3145 2234 βλασφημούμενος
3190 2162 3519 2235 παρακάλει.
3574 2163 3686 2215 Νε-

2098 2259 2339 2331 κρώθητι
2391 2261 2458 2330 τῇ
2512 2258 2794 2329 ἁμαρτίᾳ·
2844 2254 3259 2326 συσταυρώθητι
3305 2254 3383 2326 τῷ
3416 2253 3684 2326 Χριστῷ·

2095 2352 2226 2422 ὃλην
2254 2351 2353 2422 τὴν
2379 2348 2608 2419 ἀγάπην
2636 2346 2867 2420 μετάθες
2887 2346 2980 2400 ἐπὶ
3010 2346 3102 2400 τὸν
3132 2346 3358 2418 Κύριον.
3394 2345 3554 2399 Ἀλλά
3582 2363 3688 2415 χα-

2097 2439 2239 2495 λεπά
2265 2439 2462 2493 ταῦτα.
2493 2438 2559 2491 Τί
2579 2438 2636 2492 δὲ
2656 2436 2764 2491 τῶν
2785 2435 3005 2507 ἀγαθῶν
3032 2435 3106 2508 (9)
3130 2434 3378 2500 εύκολονς
3414 2435 3511 2499 Τίς
3543 2434 3686 2488 καθ-

2096 2532 2265 2588 εύδων
2295 2530 2553 2603 τρόπαιον
2599 2529 2830 2600 Eamus;
2869 2528 2965 2591 Τίς
3003 2527 3222 2599 τρυφῶν
3256 2528 3349 2580 καὶ
3386 2525 3688 2580 καταυλού-

2100 2640 2259 2695 μενος
2313 2625 2428 2686 τοῖς
2464 2623 2563 2694 τῆς
2605 2620 2901 2694 καρτερίας
2933 2620 3219 2689 στεφάνοις
3257 2615 3684 2688 κατεκοσμήθης

2097 2715 2286 2779 Οὐδεὶς
2321 2714 2395 2785 μὴ
2424 2712 2647 2786 δραμὼν
2679 2712 2920 2767 ἀνείλετο
2951 2711 3012 2764 τὸ
3054 2710 3322 2782 βραϐεῖον.
3362 2709 3520 2762 Πόνοι
3557 2724 3688 2776 γεν-

2096 2805 2228 2859 νῶσι
2287 2805 2476 2870 δόξαν,
2526 2805 2762 2876 κάματοι
2828 2802 3149 2875 προξενοῦσι
3202 2801 3513 2870 στεφάνους.
3577 2800 3688 2854 Διά

2096 2897 2347 2953 πολλῶν
2376 2899 2642 2967 θλίψεων
2666 2896 2761 2950 δεῖ
2780 2894 2938 2966 ἡμᾶς
2975 2894 3275 2950 εἰσελθεῖν
3301 2897 3393 2961 είς
3420 2893 3537 2961 τὴν
3562 2894 3687 2958 ,βα-

2097 2991 2338 3045 σιλείαν
2364 2988 2484 3042 τῶν
2513 2988 2787 3058 οὐρανῶν
2821 2986 2952 3057 (10),
2993 2986 3135 3055 φημὶ
3168 2984 3352 3054 κάγώ·
3387 2984 3524 3039 ἀλλά
3561 2984 3691 3038 ταύ.

2098 3099 2195 3145 τας
2231 3080 2327 3152 μὲν
2359 3078 2457 3142 τὰς
2486 3077 2695 3147 θλίψεις
2726 3079 2760 3149 ὴ
2794 3079 2853 3131 ὲν
2879 3079 2944 3148 τῇ
3000 3075 3246 3148 βασιλείᾳ
3287 3077 3398 3129 τῶν
3433 3077 3690 3149 οὐρανῶν

2101 3171 2436 3246 μακαριότης
2462 3168 2738 3241 ἐκδέχεται
2756 3185 2770 3198 ·
2796 3168 2925 3232 τοὺς
2966 3168 3026 3222 δὲ
3064 3169 3165 3238 τῆς
3193 3170 3465 3240 ἁμαρτίας
3494 3170 3687 3241 καμά-

2096 3282 2223 3328 τους
2269 3263 2331 3316 τὸ
2364 3262 2466 3332 τῆς
2486 3261 2714 3333 γεέννης
2749 3261 3008 3314 ἐπίπονον
3057 3263 3153 3315 καὶ
3192 3260 3517 3333 σκυθρωπὸν
3549 3263 3691 3315 ἀνα-

2101 3357 2270 3427 μένει.
2313 3354 2473 3409 Ἀλλά
2519 3354 2629 3426 γὰρ
2666 3352 2913 3424 ἀκριϐῶς
2967 3352 3280 3420 σκοποῦντι,
3321 3352 3441 3406 οὐδὲ
3481 3353 3551 3407 τά
3585 3352 3687 3407 τοῦ

2095 3447 2341 3502 διαϐόλου
2392 3445 2532 3518 ἔργα
2580 3447 2693 3508 τοῖς
2742 3443 3003 3515 ἐργάταις
3053 3444 3154 3515 τῆς
3195 3444 3423 3515 ἀνομίας
3473 3445 3691 3515 ἀκμητὶ

2098 3540 2476 3612 παραγίνεται.
2508 3540 2657 3592 Ποῖοι
2708 3537 2931 3610 ἱδρῶτες
2962 3537 3065 3606 τῆς
3110 3539 3495 3608 σωφροσύνηςς
3534 3537 3599 3589 Ὁ
3624 3537 3690 3590 δὲ

2098 3630 2377 3704 πορνεύων
2400 3628 2669 3699 καθίδρως
2696 3629 2834 3692 ἐστὶ,
2866 3628 2969 3698 τῆς
3001 3627 3194 3699 ἡδονῆς
3231 3627 3392 3679 αὐτὸν
3420 3625 3692 3696 ὲκτηκού-

2099 3740 2218 3792 σης.
2252 3722 2316 3774 Τί
2347 3719 2600 3775 τοσοῦτον
2632 3720 2852 3790 ὑφαιρεῖ
2877 3717 2989 3790 (11)
3014 3717 3109 3772 τοῦ
3145 3715 3448 3789 σώματοςή
3478 3717 3692 3787 ὲγκράυ

2096 3832 2237 3879 τεια,
2280 3815 2403 3868 ὅσον
2443 3814 2478 3884 ὴ
2522 3811 2751 3883 βδελυρὰ
2789 3811 2883 3864 καὶ
2917 3808 3199 3880 λυσσώδης
3252 3807 3741 3887 ἀκολασία-δι.θῂοό

2099 3906 2341 3977 φθείρας
2377 3904 2588 3968 Νύκτες
2619 3904 2676 3957 δὲ
2705 3904 2897 3957 ἄϋπνοι
2937 3900 3045 3955 τῶν
3068 3884 3594 3971 διανυκτερευόντων
3610 3884 3691 3953 ῖς

2098 3999 2459 4068 προσευχαῖς·
2496 3994 2633 4049 ἀλλά
2660 3993 2840 4065 πολλῷ
2869 3990 3248 4064 χαλεπώτεραι
3294 3989 3403 4043 τῶν
3440 3991 3679 4062 ἐπαγρυ-

2099 4089 2372 4142 πνούντων
2404 4090 2521 4150 ταῖς
2547 4085 2799 4149 ἀδικίαις.
2829 4085 2898 4139 Ὅ
2928 4101 2990 4137 τε
3021 4083 3133 4155 γὰρ
3166 4081 3330 4151 φόϐος
3369 4081 3463 4135 τοῦ
3498 4097 3692 4153 φωρα-

2099 4176 2379 4248 θήσεσθαι,
2412 4177 2507 4230 καὶ
2530 4178 2559 4229 6
2588 4176 2682 4228 ἐπὶ
2707 4178 2827 4238 ταῖς
2857 4175 3073 4245 ἡδοναῖς
3101 4169 3314 4246 οἶστρος
3356 4174 3533 4226 πᾶσαν
3561 4171 3694 4223 ἀνά-

2099 4286 2296 4323 παυσιν
2322 4267 2599 4354 παντελῶς
2631 4266 2943 4321 ἀπελαύνει.
2979 4267 3043 4320 El
3070 4266 3148 4331 δὲ,
3183 4266 3400 4336 φεύγων
3416 4264 3476 4317 τὸ
3501 4261 3691 4315 στενὸν

2097 4363 2196 4433 τῆς
2211 4364 2317 4432 ,ἐπὶ
2343 4361 2616 4433 σωτηρίαν
2642 4361 2915 4433 φερούσης
2949 4360 3082 4432 (12),
3115 4359 3177 4413 τὸ
3218 4358 3529 4431 εὐρύχωρον
3555 4354 3689 4408 διώ-

402 4449 642 4503 'saurus.
674 4446 899 4518 lnvigila
923 4446 1130 4518 itaque,
1161 4448 1350 4504 frater.
1382 4449 1582 4516 Habes,
1621 4451 1669 4507 si
1714 4452 1868 4514 velis,
1898 4451 1997 4506 ad-

2100 4469 2218 4515 κεις
2238 4452 2339 4523 τῆς
2366 4451 2660 4523 ἁμαρτίας,
2701 4449 2973 4519 φοϐοῦμαι
3016 4448 3111 4520 μὴ,
3164 4448 3323 4519 μέχρι
3362 4444 3549 4509 τέλους
3586 4446 3690 4515 τὴν

415 4539 651 4610 jutores,
683 4539 1053 4608 precationem
1080 4541 1147 4595 ad
1179 4540 1363 4597 noctis
1393 4542 1720 4607 custodiam,
1759 4542 1998 4613 lalis-

414 4631 635 4703 junium
655 4629 800 4701 quod
830 4629 1054 4686 domum
1083 4632 1380 4700 custodiat,
1393 4640 1613 4689 cantum
1644 4635 2000 4705 psalmorum,

421 4738 530 4794 quo
564 4731 838 4779 recreetur
864 4723 1103 4780 animus.
1135 4722 1259 4779 Haec
1286 4725 1384 4780 tibi
1413 4725 1562 4780 socia
1600 4725 1852 4797 adiunge.
1878 4724 2005 4781 Hch

421 4824 601 4869 tecum
616 4814 778 4870 simul
795 4823 1116 4885 pernoctent
1129 4816 1196 4870 ad
1210 4832 1298 4873 res
1307 4816 1574 4888 pretiosas
1592 4817 2002 4874 custodiendas.

421 4906 585 4973 Quid,
597 4906 686 4962 dic
699 4907 853 4971 mihi,
869 4921 1049 4964 nonne
1064 4908 1259 4965 melius
1267 4916 1351 4965 est
1363 4909 1689 4967 ditescentes
1701 4926 1799 4966 nos
1813 4926 1910 4981 pro
1922 4926 2007 4966 su-

425 4997 710 5068 pellectilis
727 4997 981 5067 pretiosae
993 4999 1236 5054 custodia
1250 4999 1673 5056 sollicitudinem
1694 5001 1824 5071 pati,
1839 5016 2002 5071 quam

497 5146 543 5182 ¹⁶
582 5152 772 5209 Matth.
808 5168 860 5215 γ,
895 5153 987 5211 ιιι.
1064 5153 1105 5185 ³⁸
1148 5152 1402 5208 ἰϋίά..40.

500 5308 578 5378 (8)
636 5306 695 5362 1η
749 5307 969 5366 duobus
1017 5308 1304 5365 codicibus
1342 5307 1606 5378 seriptum
1655 5308 1835 5378 reperi
1879 5308 2010 5361 ἀπο-

426 5378 800 5501 γραψάὲενος.

431 5518 446 5530 _
499 5448 577 5521 (9)
634 5448 752 5530 diti
786 5449 895 5504 τῶν
926 5451 984 5503 ὲν
1019 5448 1211 5530 κόσμιρ
1235 5447 1671 5530 ἀγαθῶνκιίῐιιό,
1710 5448 1765 5530 ὲν
1795 5448 2007 5530 κόσμῳ,

429 5518 488 5577 in
511 5517 733 5590 nostris
760 5533 856 5574 sex
890 5530 1027 5590 mss.
1061 5517 1417 5590 no’nlegitur,
1451 5518 1521 5573 ob
1540 5517 1704 5590 idque
1735 5519 1835 5573 has
1863 5517 2003 5573 duas

426 5604 592 5661 voces
621 5589 943 5661 delevimus.
969 5588 1080 5645 Nec
1118 5590 1196 5644 ita
1228 5587 1402 5645 multo
1446 5599 1573 5661 post
1604 5587 1739 5660 Reg.
1796 5590 2007 5660 primus

422 5657 616 5805 4‘73);
858 5730 962 5785 τῶν
1007 5731 1270 5803 οὐρανῶν,
1319 5746 1385 5789 ex
1436 5732 1652 5787 duobus
1678 5728 2010 5788 Colbcrtinis

2106 4544 2363 4597 πλατεῖαν
2392 4542 2635 4605 ὁδεύσας,
2660 4540 2953 4595 ἆκόλουθον
2979 4539 3145 4612 εὕρῃς
3174 4542 3240 4610 τῇ
3284 4537 3387 4608 ὀδῷ
3424 4538 3484 4591 τὸ
3513 4536 3688 4590 κατά-

2104 4637 2272 4707 λυμα.
2311 4633 2471 4689 Ἀλλά
2500 4630 2872 4703 δυσφύλακτος
2907 4633 2936 4684 6
2972 4631 3261 4703 θησαυρός.
3297 4628 3410 4684 Καὶ
3438 4626 3688 4697 ὲπαγρύ-

2113 4743 2331 4799 πνησον,
2358 4725 2574 4795 ἀδελφέ.
2605 4724 2787 4796 Ἔχεις
2830 4724 3143 4794 συνεργοὺς,
3173 4721 3269 4776 ὲάν
3307 4720 3485 4792 θέλῃς,
3514 4733 3688 4788 προσ-

2109 4820 2271 4890 ευχὴν
2299 4817 2828 4886 νυκτοφυλακούσαν,
2843 4815 3097 4882 νηστείαν
3149 4811 3522 4884 οἱκουροῦσαν,
3543 4807 3674 4879 ψαλ-

2112 4912 2315 4984 μῳδίαν
2351 4908 2800 4980 ψυχαγωγοῢσαν.
2852 4906 3066 4969 Ταύτας
3115 4901 3533 4976 συμπαράλαϐε.
3574 4892 3690 4954 Αὖ-

2106 5017 2199 5054 ται
2246 5000 2783 5073 συναγραυλείτωσάν
2833 5016 2914 5053 σοι
2981 5000 3073 5052 ἐπὶ
3139 4997 3239 5059 τάς
3281 4995 3525 5065 φυλακὰς
3574 4991 3689 5047 τῶν

1480 5156 1527 5186 ’⁸
1566 5154 1696 5210 ibid.
1732 5154 1821 5208 44.
1898 5153 1942 5187 ⁸³
1982 5152 1998 5206 1

2097 5171 2159 5208 π.
2196 5171 2274 5223 ιν,
2309 5153 2408 5220 12,
2444 5155 2533 5210 15.
2612 5155 2655 5186 "
2696 5153 2850 5209 Rom.
2890 5170 2965 5221 τι,
3000 5153 3053 5208 2.
3130 5152 3175 5184 "
3214 5151 3338 5207 Act.
3375 5166 3486 5216 xiv,
3518 5147 3609 5203 21.

2106 5317 2385 5377 sumptum
2414 5316 2520 5373 est,
2551 5319 2604 5363 et
2626 5308 2755 5363 huic
2772 5307 2996 5362 editioni
3025 5306 3293 5362 additum.

2176 5376 2287 5441 (11)
2328 5376 2466 5450 Reg.
2497 5380 2709 5450 primus
2736 5380 2976 5448 ἀφαιρεῖ.

2178 5440 2288 5518 (Ιὲ)
2347 5440 2517 5523 idem
2553 5449 2726 5523 codex
2787 5440 3077 5523 'gwjnplav
3121 5444 3392 5523 ἀγούσης.
3445 5440 3687 5523 “Rursus

2105 5513 2248 5573 idem
2273 5513 2445 5573 codex
2477 5530 2530 5574 et
2559 5519 2697 5575 alter
2719 5517 2885 5586 φοϐοῦ
2919 5513 3070 5586 {sed
3117 5513 3310 5586 ίηοινι-
3329 5513 3478 5586 Regii
3521 5514 3685 5586 primi

2107 5591 2385 5712 scriptién},
2404 5587 2507 5646 fuit
2547 5607 2635 5660 γρ.
2680 5583 2969 5658 φοϐοῦμαι.
3006 5584 3251 5642 Subinde
3278 5583 3433 5641 Colb.
3466 5583 3687 5656 primus

2107 5678 2202 5712 της
2263 5679 2287 5712 O
2321 5678 2401 5712 ΟΖ).

2106 5678 2202 5732 της
2263 5678 2401 5715 occa.
