4036 6236
390 310 498 369 445

1740 342 1802 398 S.
1847 343 2094 400 BASlLll
2135 346 2350 403 MAGNI

3550 359 3663 415 ιιι

395 425 678 494 violenter,
727 434 1063 511 trahensque
1092 444 1331 500 animam
1383 454 1531 504 tuam
1581 458 1819 522 peccatis
1854 458 1945 513 vin

395 522 535 544 ..σει-ν-
606 524 789 544 ι--Αιιμ-
986 531 1000 544 ¹

2075 462 2225 530 ἀγων
2254 462 2445 532 βιαίως
2492 463 2587 518 καὶ
2612 463 2792 536 σύρων
2817 465 2928 537 (18)
2975 482 3069 519 σου
3101 467 3201 539 τὴν
3225 468 3403 542 ψυχὴν
3433 471 3661 544 δεδεμέ-

390 522 559 583 ctam,
602 524 800 580 crebro
837 544 897 585 se
932 531 1004 586 ad
1056 537 1313 604 quaelibet
1360 546 1653 610 prasentia
1687 549 1976 605 obverten-

389 615 525 675 tem,
561 626 627 668 ac
664 617 785 672 sine
805 635 1277 696 vocegementem,
1298 633 1522 689 occluso
1539 635 1652 706 jam
1676 641 1973 708 gemituum

390 715 456 756 ac
478 702 840 766 lamentor-um
870 729 1097 787 organo.
1128 719 1174 776 Ο
1208 739 1370 792 quam
1407 727 1700 787 dilanialiis
1733 740 1786 788 te
1824 735 1969 804 ipse!

386 804 654 888 quantum
689 799 1049 872 ingemisces!
1083 808 1190 867 Sed
1234 822 1286 869 te
1332 818 1488 888 122
1523 829 1742 876 tuorum
1790 799 1974 880 censi-

388 884 589 941 liorum
617 889 824 950 frustra
846 900 1155 968 paenitebit,
1197 921 1323 960 cum
1354 910 1566 968 videbis
1612 913 1740 968 hinc
1778 916 1971 971 hilari-

386 981 849 1051 tatemjustorum
905 991 974 1047 de
1018 998 1236 1067 egregia
1278 999 1546 1056 donorum
1584 1005 1971 1065 distributione

384 1067 710 1141 laetantium,
744 1079 897 1136 illinc
937 1100 1227 1143 maerorem
1270 1101 1622 1160 peccatorum
1654 1100 1747 1167 qui
1794 1100 1848 1154 in
1889 1104 1969 1155 al-

384 1162 619 1222 tissimis
653 1171 897 1229 tenebris
920 1174 1206 1244 jaeebunt.
1241 1182 1373 1247 Quae
1402 1193 1534 1242 tunc
1561 1162 1813 1247 dict-urus
1835 1196 1967 1248 esin

381 1252 572 1314 dolore
609 1263 793 1320 cordis
824 1268 902 1321 tui
926 1270 949 1322 ἲ
976 1268 1071 1325 Hei
1103 1274 1258 1339 mihi,
1277 1276 1379 1331 hoc
1397 1294 1562 1349 grave
1580 1286 1787 1351 peccati
1802 1301 1964 1352 onus,

380 1361 506 1403 cum
539 1350 591 1405 id
624 1368 829 1412 exuere
861 1359 936 1413 ita
970 1360 1130 1419 facile
1156 1374 1325 1432 esset,
1359 1384 1468 1424 non
1503 1350 1709 1443 abieci!
1743 1378 1836 1432 sed
1866 1350 1964 1433 ho;

380 1454 502 1497 rum
532 1445 800 1503 malorum
834 1466 1089 1509 acervum
1126 1461 1287 1514 traxi.
1324 1460 1421 1517 Hei
1452 1464 1607 1528 mihi,
1630 1470 1871 1525 maculas
1898 1488 1962 1527 ac

377 1533 568 1590 sordes
590 1553 702 1593 non
731 1542 877 1596 ablui
904 1546 916 1598 !
952 1547 1046 1602 sed
1080 1565 1200 1604 sum
1224 1557 1468 1621 peccatis
1508 1564 1957 1620 commaculatos.

376 1623 535 1683 Nunc
553 1645 731 1687 essem
762 1650 886 1691 cum
912 1643 1123 1710 angelis
1149 1663 1162 1699 :
1191 1661 1340 1701 nunc
1369 1651 1676 1719 caelestium
1692 1654 1955 1711 honorum

2078 570 2175 625 νην
2215 557 2337 618 ταῖς
2381 554 2709 627 ἁμαρτίαις,
2749 557 2929 610 πυκνὰ
2964 561 3479 634 μεταστρεφομένην
3523 567 3660 636 πρὸς

2074 644 2143 698 τὰ
2175 637 2299 709 ὧδε,
2353 647 2447 698 καὶ
2484 646 2818 717 ὀδυρομένην
2859 647 2987 700 ἄνευ
3038 649 3242 719 φωνῆς,
3289 648 3385 703 τοῦ
3422 654 3659 724 ὀργάνου

2074 735 2261 789 λοιπὸν
2293 736 2401 790 τῶν
2442 737 2657 807 θρήνων
2707 737 3176 801 ἀποκλεισθέντος.
3215 741 3277 793 Ὢ
3323 742 3463 795 πόσα
3512 761 3658 797 σπα-

2077 821 2260 891 ράξεις
2299 825 2552 878 σεαυτόνί
2587 825 2727 877 πόσα
2755 825 3058 889 στενάξειςι
3096 827 3350 898 ἄπρακτα
3377 834 3657 901 μετανοῶν

2073 914 2166 966 ἐπὶ
2196 916 2306 977 τοῖς
2332 915 2714 985 βουλευθεῖσιν,
2745 917 2872 970 ὅταν
2913 918 3027 988 ἴδῃς
3062 918 3158 990 τὴν
3188 920 3520 994 φαιδρότητα
3542 926 3653 981 τῶν

2069 1006 2294 1061 δικαίων
2324 1009 2383 1061 ὲν
2416 1011 2480 1079 τῇ
2513 1010 2743 1081 λαμπρᾷ
2772 1010 3000 1082 διανομῇ
3031 1012 3140 1066 τῶν
3178 1012 3385 1085 δώρων,
3418 1017 3515 1069 καὶ
3548 1016 3654 1088 τὴν

2070 1099 2372 1168 κατήφειαν
2413 1099 2521 1152 τῶν
2554 1100 2895 1172 ἁμαρτωλῶν
2938 1103 2998 1155 ἐν
3040 1102 3119 1172 τῷ
3153 1105 3334 1158 σκότει
3370 1104 3447 1176 τῷ
3484 1106 3656 1176 βαθυ-

2067 1189 2234 1260 τάτῳ.
2262 1185 2363 1242 υἷα
2396 1192 2542 1261 ἐρεῖς
2571 1192 2628 1243 ὲν
2648 1194 2713 1263 τῇ
2748 1191 2908 1265 ὀδύνῃ
2956 1194 3055 1264 τῆς
3089 1195 3319 1265 καρδίας
3357 1213 3451 1249 σου
3485 1199 3651 1265 τότες

2066 1280 2133 1334 Ai
2169 1282 2257 1352 μὲ,
2315 1280 2390 1353 μὴ
2434 1283 2734 1354 ἀπορρῖψαι
2780 1284 2840 1336 τὸ
2890 1284 3027 1357 βαρὺ
3073 1286 3232 1340 τοῦτο
3274 1289 3491 1359 φορτίον
3545 1292 3653 1362 τῆς

2064 1374 2357 1445 ἁμαρτίας,
2387 1375 2530 1428 οὕτω
2571 1375 2761 1448 ῥᾳδίας
2792 1376 2960 1448 οὔσης
2998 1378 3097 1449 τῆς
3146 1380 3475 1449 ἀποθέσεως,
3506 1383 3651 1440 ἀλλὰ

2060 1468 2153 1522 τὸν
2184 1468 2357 1540 σωρὸν
2381 1468 2488 1523 τῶν
2517 1468 2704 1523 κακῶν
2732 1470 2935 1525 τούτων
2965 1471 3309 1540 ἐφέλκεσθαι.
3340 1475 3407 1527 Ai
3435 1475 3523 1547 μὲ,
3543 1478 3648 1542 τὰς

2060 1560 2283 1629 κηλῖδας
2336 1562 2409 1633 μὴ
2452 1563 2905 1629 ἀποπλύνασθαι,
2961 1564 3095 1618 ἀλλὰ
3142 1568 3462 1637 ἐστιγμένον
3501 1564 3651 1626 εἶναι

2056 1657 2179 1716 ταῖς
2219 1655 2533 1725 ἁμαρτίαις.
2569 1655 2684 1709 Νῦν
2729 1655 2794 1711 ἂν
2839 1658 2988 1727 ήμην
3033 1658 3171 1729 μετὰ
3215 1660 3324 1715 τῶν
3358 1662 3644 1732 ἀγγέλωνσ

374 1717 591 1777 deliciis
614 1725 844 1783 fruerer.
881 1729 926 1786 Ο
950 1748 1115 1802 prava
1150 1740 1409 1795 consilia!
1457 1746 1529 1797 ob
1565 1750 1947 1815 temporariam

2057 1746 2151 1801 νῦν
2199 1748 2266 1801 ἂν
2312 1750 2423 1811 τοῖς
2465 1748 2736 1820 ούρανίοις
2787 1750 3012 1818 ἀγαθοῖς
3062 1753 3388 1825 ἐνετρύφων.
3429 1757 3491 1809 ’Ὠ
3531 1757 3645 1813 τῶν

374 1816 582 1881 peccati
611 1817 1026 1881 delectationem
1061 1836 1323 1887 aeternum
1365 1838 1652 1893 excrucior
1684 1860 1697 1892 :
1726 1842 1796 1896 ob
1834 1859 1947 1897 car-

2056 1840 2308 1911 πονηρῶν
2367 1815 2786 1912 βουλευμάτωνι
2838 1815 2933 1897 *διὰ
2990 1815 3321 1917 πρόσκαιρον
3367 1850 3647 1921 ἁμαρτίας

373 1901 467 2003 nis
486 1907 817 1979 voluptatem
857 1916 967 1987 igni
1042 1924 1245 1980 trador.
1303 1925 1518 1983 Justum
1563 1940 1645 1986 est
1682 1933 1949 2003 judicium

372 1995 470 2051 Dei
498 2015 513 2052 :
546 2003 807 2071 vocabar,
832 2017 887 2063 et
910 2025 1015 2065 non
1043 2014 1364 2071 ohedieham
1395 2038 1406 2072 :
1441 2020 1700 2088 docehar,
1746 2034 1801 2080 et
1832 2029 1951 2081 ani-

369 2104 521 2145 mum
559 2109 668 2150 non
702 2101 1047 2159 attendeham
1087 2110 1546 2169 :obtestahantur
1594 2133 1699 2183 me,
1753 2128 1806 2173 et
1849 2137 1950 2193 ego

367 2181 708 2247 deridebam.
744 2190 868 2248 Haec
909 2207 962 2250 et
992 2199 1094 2251 alia
1135 2202 1376 2270 ejusdem
1418 2208 1634 2274 generis
1680 2181 1947 2279 proferevs,

367 2271 573 2331 deﬂens
603 2284 976 2353 temetipsum,
1010 2290 1055 2343 si
1089 2290 1218 2347 hinc
1248 2302 1375 2348 ante
1400 2271 1948 2372 baptisma-abripia-

366 2365 466 2421 ris.
499 2369 542 2421 0
571 2368 756 2439 homo,
805 2385 899 2431 aut
932 2379 1236 2448 gehennam
1266 2365 1598 2453 metum—aut
1642 2394 1852 2449 enitere
1888 2404 1947 2450 ut

365 2470 594 2528 regnum
650 2464 976 2535 adipiscare.
1040 2470 1395 2532 Vocationem
1427 2495 1497 2534 ne
1539 2496 1756 2551 sperne.
1802 2485 1947 2543 Cave

363 2547 569 2608 dixeris
607 2571 622 2608 :
661 2555 812 2612 Ilabe
835 2577 915 2615 me
941 2576 1253 2621 excusatum
1280 2572 1346 2634 ³⁸,
1403 2572 1474 2627 ob
1507 2547 1649 2630 lia—nc
1703 2584 1759 2632 et
1797 2580 1942 2635 illam

363 2643 652 2701 rationem.
692 2650 872 2707 Causa
911 2657 1058 2710 nulla
1093 2673 1361 2718 excusare
1399 2673 1598 2734 potest.
1647 2667 1775 2724 Mihi
1819 2674 1942 2742 qui-

358 2733 482 2787 dem
515 2736 663 2791 subit
687 2739 1000 2812 lacrymari,
1035 2762 1158 2802 cum
1190 2750 1292 2806 hoc
1319 2733 1533 2808 mecum
1563 2767 1776 2827 reputo,
1796 2733 1943 2831 quod

359 2825 719 2893 turpitudinis
740 2847 904 2923 opera
931 2836 1138 2909 ingenti
1166 2840 1259 2898 Dei
1277 2845 1464 2915 gloriae
1488 2825 1735 2915 praefers,
1769 2825 1944 2923 quod-

357 2929 467 2982 que
487 2926 715 2984 peccato
743 2921 1058 2984 firmissime
1095 2930 1367 2991 inhaerens
1402 2935 1474 2990 ob
1502 2937 1748 2997 libidinis
1788 2921 1942 2999 dele-

356 3007 652 3064 ctationem
698 3027 728 3066 a
776 3018 1070 3084 promissis
1099 3023 1259 3079 bonis
1303 3035 1357 3082 te
1389 3027 1506 3099 ipse
1543 3032 1815 3097 excludis,
1858 3037 1939 3090 sic

355 3104 418 3208 ut
442 3099 539 3155 tibi
561 3104 802 3161 caelestis
832 3108 981 3167 illius
1020 3110 1325 3171 Jerusalem
1359 3120 1503 3175 bona
1548 3123 1784 3179 videre”
1827 3143 1936 3182 non
1964 3149 2006 3208 ο

354 3188 537 3248 liceat.
573 3193 690 3251 Illic
719 3197 1005 3259 innumera
1033 3210 1350 3278 angelorum
1391 3214 1705 3282 multitudo,
1738 3219 1942 3289 primo-

354 3284 663 3352 genitorum
719 3302 919 3362 coetus,
971 3302 1345 3367 apostolorum
1393 3306 1600 3371 throni,
1644 3284 1940 3380 propheta-

355 3389 476 3428 rum
501 3379 681 3446 sedes,
716 3378 1154 3454 patriarcharum
1182 3404 1418 3466 sceptra,
1450 3378 1766 3473 martyrum
1780 3419 1939 3460 coro-

354 3470 752 3540 nae,justorum
787 3478 997 3538 laudes.
1034 3483 1244 3556 Exopta
1288 3497 1347 3543 ut
1378 3507 1504 3546 cum
1551 3470 1639 3550 his
1682 3512 1939 3555 numere-

352 3562 453 3629 ris,
479 3577 835 3640 posteaquam
867 3572 1072 3631 Christi
1104 3579 1249 3635 dono
1284 3581 1506 3638 ablutus
1538 3584 1707 3641 fueris
1736 3594 1792 3642 et
1814 3603 1941 3642 san-

349 3657 644 3718 ctiﬁcatus.
682 3663 788 3736 lpsi
820 3668 991 3738 gloria
1024 3681 1077 3727 et
1109 3674 1396 3745 imperium
1436 3678 1491 3733 in
1535 3682 1733 3736 saecula
1765 3696 1940 3737 saecu-

348 3745 548 3807 lorum.
580 3754 774 3812 Amen.

2053 1932 2352 1986 ἀπόλαυσιν
2394 1932 2637 1986 ἀθάνατα
2672 1934 3065 2005 βασανίζομαι”
3113 1936 3181 1989 δι’
3212 1937 3405 2009 ἡδονὴν
3423 1938 3647 2010 σαρκὸς

2051 2024 2130 2096 τῷ
2175 2026 2307 2097 πυρὶ
2351 2027 2735 2098 παραδίδομαι.
2791 2029 2988 2079 Δικαια
3041 2029 3074 2098 ἡ
3113 2030 3294 2100 κρίσις
3329 2029 3425 2084 τοῦ
3463 2030 3637 2087 Θεοῦ·

2052 2117 2381 2190 ἐκαλούμην,
2410 2119 2505 2172 καὶ
2536 2121 2633 2189 οὐχ
2677 2120 2949 2188 ὑπήκουον
2968 2135 2982 2149 ⁸
3022 2119 3380 2192 ἐδιδασκόμην
3399 2162 3414 2186 ,
3449 2122 3544 2176 καὶ
3573 2122 3639 2177 ού

2051 2213 2371 2282 προσεῖχονο
2415 2211 2851 2283 διεμαρτύραντό
2905 2228 3015 2282 μοι,
3061 2210 3172 2279 ἐγὼ
3212 2211 3269 2264 δὲ
3303 2213 3632 2280 κατεγέλων.

2050 2302 2237 2357 Ταῦτα
2263 2305 2357 2356 καὶ
2387 2305 2457 2358 τὰ
2479 2304 2702 2357 τοιαῦτα
2732 2307 2896 2376 ἐρεῖς,
2922 2303 3352 2375 ἀποκλαιόμενος
3382 2305 3633 2369 σεαυτὸν,

2048 2396 2141 2449 ἐὰν
2175 2397 2637 2467 προαναρπασθῇς
2670 2396 2764 2449 τού
2806 2396 3198 2465 βαπτίσματος.
3238 2395 3527 2467 Ἄνθρωπε
3547 2438 3563 2462 ,
3594 2395 3633 2469 ἢ

2045 2484 2144 2555 τὴν
2176 2484 2401 2552 γέενναν
2425 2485 2713 2555 φοϐήθητι,
2740 2485 2772 2556 ἦ
2799 2488 2896 2556 τῆς
2918 2485 3195 2556 βασιλείας
3228 2485 3628 2558 ἀντιποιήθητι.

2046 2575 2138 2646 Μὴ
2168 2576 2442 2649 ἀτιμάσῃς
2467 2576 2565 2647 τὴν
2594 2576 2815 2645 κλῆσιν.
2847 2578 2938 2648 Μὴ
2970 2577 3151 2649 εἴπῃς,
3191 2580 3330 2647 ’Ἔχε
3363 2596 3441 2648 με
3474 2592 3628 2648 παρ-

2043 2664 2346 2733 ῃτημένον
2387 2666 2474 2719 διὰ
2524 2666 2586 2718 τὸ
2612 2667 2708 2719 καὶ
2739 2668 2818 2721 τό.
2852 2667 3088 2738 Οὐδεμία
3145 2668 3417 2741 πρόφασις
3468 2669 3629 2742 ἱκανὴ

2046 2756 2183 2827 πρὸς
2230 2757 2578 2828 παραίτησιν.
2640 2758 2793 2829 Ἐμοὶ
2843 2758 3100 2831 δακρύειν
3141 2760 3463 2831 ἐπέρχεται,
3495 2761 3629 2815 ὅταν

2043 2847 2355 2918 ἐνθυμηθῶ,
2387 2848 2470 2902 ὅτι
2513 2850 2582 2902 τὰ
2598 2849 2746 2921 ἔργα
2784 2850 2880 2920 τῆς
2925 2850 3186 2923 αἰσχύνης
3220 2853 3493 2924 προτιμᾷς
3523 2853 3626 2926 τῆς

2046 2941 2290 3013 μεγάλης
2319 2941 2477 3012 δόξης
2517 2942 2613 2996 τοῦ
2656 2942 2812 3008 Θεοῦ,
2846 2945 2942 2999 καὶ
2981 2945 3069 2999 διὰ
3094 2945 3156 2997 τὸ
3198 2946 3298 3015 τῆς
3328 2946 3629 3011 ἀκολασίας

2042 3033 2140 3103 ἡδὺ
2192 3033 2663 3099 δυσαποσπάστως
2717 3034 2855 3106 ἔχων
2909 3036 3011 3107 τῆς
3065 3038 3361 3110 ἁμαρτίας,
3415 3038 3525 3094 τῶν
3558 3040 3626 3093 ἐν

2041 3124 2398 3193 ἐπαγγελίαις
2447 3125 2666 3195 ἀγαθῶν
2723 3128 2951 3181 σεαυτὸν
3011 3129 3321 3194 ἀποκλείεις
3347 3171 3362 3195 ,
3412 3131 3489 3195 ὡς
3545 3132 3625 3204 μὴ

2049 3215 2177 3268 ἰδεῖν
2233 3216 2303 3270 τά
2350 3216 2532 3284 ἀγαθά
2586 3217 2687 3287 τῆς
2727 3218 3085 3292 Ἰερουσαλὴμ
3125 3224 3226 3294 τῆς
3273 3222 3625 3293 ἐπουρανίου.

2058 3305 2207 3358 Ἐκεῖ
2245 3307 2491 3376 ἀγγέλων
2537 3309 2813 3381 μυριάδες,
2859 3312 3216 3382 πρωτοτόκων
3264 3312 3625 3385 πανηγύρεις,

2043 3400 2355 3455 ἀποστόλων
2412 3401 2625 3474 θρόνοι,
2675 3401 2971 3474 προφητῶν
3005 3404 3317 3476 προεδρίαι,
3371 3407 3630 3475 σκῆπτρα.

2043 3493 2414 3564 πατριαρχῶν,
2475 3494 2768 3565 μαρτύρων
2811 3493 3087 3562 στέφανοι,
3119 3493 3340 3547 δικαίων
3386 3494 3618 3548 ἔπαινοι.

2055 3581 2314 3646 Ἐκείνοις
2343 3582 2569 3636 σεαυτὸν
2592 3582 2931 3654 ὲπιθύμησον
2976 3582 3442 3655 συναριθμηθῆναι
3482 3581 3616 3653 (l9),

2041 3674 2488 3743 ἀπολουσάμενος
2515 3676 2609 3728 καὶ
2636 3674 2922 3743 ἀγιασθεὶς
2961 3674 3102 3728 κατά
3140 3676 3240 3747 τὴν
3269 3674 3475 3747 δωρεὰν
3521 3672 3626 3730 τοῦ

2038 3764 2307 3837 Χριστοῦσ
2343 3766 2427 3818 ὅτι
2470 3765 2620 3837 αὑτῷ
2660 3768 2695 3837 ή
2741 3764 2867 3829 δόξα
2896 3765 3079 3819 καὶτὸ
3132 3766 3332 3837 κράτος
3376 3767 3455 3827 εἰς
3493 3763 3629 3830 τοὺς

2038 3858 2243 3921 αἰῶνας
2265 3856 2373 3911 τῶν
2398 3856 2629 3912 αἰώνων.
2671 3858 2862 3929 ’Δμήν.

361 4019 3588 4056 —————____.._______________________________

904 4149 1191 4209 HOMiLlA
1232 4156 1371 4212 XIV.

947 4265 1016 4323 In
1063 4268 1319 4327 ebriosos.

415 4368 471 4426 ι.
511 4367 728 4428 Movent
765 4375 987 4446 quidem
1030 4395 1118 4436 me
1165 4382 1235 4437 ad
1283 4382 1577 4442 dicendum
1612 4391 1921 4461 vespertina

2624 4162 2873 4216 OMIAIA
2924 4164 3021 4217 IA'.

2536 4283 2697 4341 Κατὰ
2734 4286 3098 4353 μεθυόντων.

2105 4399 2160 4454 1.
2192 4403 2351 4456 Κινεῖ
2380 4405 2480 4475 μέν
2511 4422 2579 4476 με
2611 4406 2746 4478 πρὸς
2780 4408 2875 4462 τὸν
2917 4408 3075 4478 λόγον
3098 4408 3167 4463 τά
3196 4411 3456 4482 ἑσπερινά
3484 4411 3619 4467 θεά-

342 4463 710 4532 Spectacula:
736 4467 833 4522 sed
862 4483 931 4523 ex
963 4470 1135 4526 altera
1160 4484 1314 4542 parte
1335 4474 1596 4546 impetum
1628 4495 1810 4535 meum
1839 4496 1934 4537 co-

2052 4509 2219 4559 αατα·
2257 4463 2474 4566 κατέχει
2506 4463 2565 4551 δέ
2599 4463 2701 4567 μόυ
2727 4463 2900 4554 πάλιν
2934 4463 3033 4572 την
3073 4463 3619 4574 ὁρμὴν,

339 4555 527 4628 hibet,
584 4561 1037 4633 alacritatemque
1087 4565 1333 4623 retundit
1378 4570 1623 4639 priorum
1680 4573 1929 4630 laborum

338 4655 631 4711 inutilitas.
663 4653 802 4710 Nam
842 4662 897 4711 et
927 4656 1169 4726 agricola
1214 4660 1261 4713 si
1292 4659 1476 4729 priora
1519 4663 1727 4719 semina
1771 4676 1927 4720 enata

338 4763 449 4805 non
488 4749 622 4813 sint,
657 4747 727 4804 ad
772 4749 923 4804 aliud
982 4765 1170 4807 semen
1222 4751 1279 4806 in
1310 4752 1504 4809 iisdem
1551 4757 1698 4812 arvis
1733 4774 1927 4816 rursus

336 4841 706 4912 spargendum
757 4843 978 4913 segnior
1016 4852 1103 4899 est
1150 4854 1204 4899 et
1241 4845 1473 4901 tardior.
1519 4847 1728 4927 Etenim
1781 4852 1921 4906 si-ex

332 4936 419 4987 tot
453 4934 949 5001 exhortationibus,
994 4934 1051 4989 in
1082 4935 1284 5006 quibus
1317 4946 1428 4991 tum
1464 4941 1737 5008 praeterito
1783 4952 1920 4997 tem-

334 5038 470 5096 pore
507 5040 605 5081 vos
639 5025 1017 5083 indesinenter
1041 5029 1314 5083 adhortati
1341 5046 1553 5096 sumus,
1588 5040 1701 5087 tum
1730 5042 1919 5102 postea

335 5131 434 5186 per
466 5116 566 5172 has
614 5127 822 5188 septem
863 5119 1202 5190 jejuniorum
1238 5121 1609 5180 hebdomadas
1650 5136 1812 5183 nocte
1856 5145 1921 5186 ac

333 5206 423 5262 die
447 5208 793 5279 evangelium
821 5212 1010 5283 gratiae
1041 5212 1139 5270 Dei
1182 5213 1304 5270 sine
1354 5215 1467 5269 ulla
1510 5217 1923 5278 intermissione

408 5364 453 5397 ²⁹
493 5362 626 5419 Luc.
664 5382 775 5431 xw,
814 5367 901 5423 l8.
977 5370 1022 5401 ³ο
1061 5368 1207 5427 Psal.
1242 5386 1455 5437 cxxvu,
1492 5373 1549 5428 5.

404 5519 521 5592 (18)
547 5520 691 5605 βόίιί
732 5526 1178 5605 κατασύρωνηᾼι
1213 5545 1351 5605 mss.
1380 5531 1474 5586 καὶ
1507 5531 1706 5605 σύρων.
1749 5533 1903 5590 Haud

333 5589 638 5671 longeﬁuo
679 5608 815 5671 mss.
858 5589 1156 5671 Golbertini
1205 5599 1251 5653 ὣ
1286 5602 1429 5657 πόσα
1481 5589 1775 5671 στεῦἀξεις,
1820 5605 1921 5661 Vo-

339 5660 463 5748 cula
483 5660 536 5748 ξ)
563 5678 739 5747 neque
778 5664 835 5720 in
870 5668 993 5748 aliis
1037 5685 1174 5748 mss.
1212 5689 1389 5748 neque
1436 5674 1491 5728 in
1521 5660 1681 5731 editis
1714 5660 1921 5748 reperi-

339 5741 451 5791 tttl'.
483 5731 616 5806 Reg.
644 5731 855 5808 primus
886 5736 1024 5793 πόσα
1056 5738 1111 5793 δὲ
1147 5731 1439 5811 στενάξειας.

2038 4580 2219 4638 ϐλύνει
2250 4585 2351 4657 τὴν
2380 4586 2691 4658 προθυμίαν
2745 4591 2856 4644 τῶν
2903 4593 3284 4664 προλαϐόντων
3330 4596 3508 4651 πόνων
3552 4598 3618 4651 τὸ

2034 4676 2305 4747 ἄκαρπον.
2369 4680 2521 4735 Ἐπεὶ
2572 4683 2668 4736 καὶ
2716 4684 2980 4756 γεωργὸς,
3034 4685 3142 4741 τῶν
3188 4685 3419 4770 πρῶτων
3465 4687 3671 4770 αὐτ-ε.ὖέ-

2034 4770 2367 4840 σπερμάτων
2417 4774 2492 4844 μὴ
2542 4775 2873 4843 ὲκφυέντων,
2914 4767 3438 4860 όκνηρότερός[ὲπι
3477 4767 3619 4851 πρδς

2030 4859 2092 4911 τὸ
2124 4859 2378 4933 δεύτερον
2407 4867 2528 4929 ταῖς
2560 4867 2751 4931 αὐταῖς
2782 4868 3044 4940 ἀρούραις
3072 4869 3235 4923 πάλιν
3268 4859 3617 4939 ὲίγκαταϐάλ-

2028 4951 2141 5005 λειν
2176 4954 2308 5026 (20).
2342 4957 2405 5010 Εί
2438 4959 2544 5030 γὰρ
2576 4959 2669 5013 ἐπὶ
2699 4960 2989 5024 τοσαύταις
3022 4962 3426 5034 παραινέσεσιν,
3455 4962 3521 5027 ἃς
3553 4964 3616 5017 εν

2026 5060 2087 5097 τε
2135 5045 2215 5117 τῷ
2270 5048 2594 5120 προλαϐόντι
2644 5054 2820 5123 χρόνῳ
2870 5053 3314 5124 παρακαλοῦντες
3360 5056 3507 5127 ὑμᾶς
3549 5056 3613 5110 ού

2028 5134 2360 5208 διελίπομεν,
2413 5142 2506 5194 καὶ
2557 5141 2756 5213 ἑφεξῆς
2797 5143 2906 5196 τῶν
2956 5143 3095 5197 ἑπτὰ
3141 5144 3345 5198 τούτων
3385 5145 3483 5216 τῆς
3514 5162 3608 5216 νη-

2031 5227 2216 5292 στείας
2266 5230 2579 5302 ἑϐδομάδων
2627 5234 2823 5299 νυκτὸς
2870 5235 2963 5289 καὶ
3007 5235 3221 5307 ὴμέρας
3248 5235 3616 5309 διαμαρτυρὸ-

2088 5538 2203 5621 (19)
2242 5540 2399 5631 (Ξόιι).
2454 5541 2657 5631 tertius.
2701 5542 3149 5631 ἐναριθμηθῆναι.
3203 5540 3398 5600 Statim
3447 5540 3611 5613 (101b,-

2025 5613 2527 5696 vrimszteema.
2555 5613 2600 5680 ᾧ
2633 5613 2845 5696 ιδεμ-

2099 5680 2210 5753 (20)
2239 5680 2465 5754 Antiqui
2496 5685 2605 5740 duo
2638 5680 2761 5741 libri
2785 5686 3200 5755 ἐγκαταϐαλεῐν.
