4036 6236
319 324 430 378 445

1584 327 1869 384 HOMILIA
1901 328 1965 383 ΙΝ
2009 329 2362 384 EBRIOSOS.

3474 333 3581 389 M6

323 453 478 507 μενοι
505 435 631 506 ὑμῖν
664 434 774 505 (21)
806 437 870 490 τὸ
899 438 1234 507 Εὐαγγέλιον
1265 441 1365 510 τῆς
1397 440 1618 511 χάριτος
1655 442 1749 496 τοῦ
1775 443 1897 496 Θεοῐ

2011 442 2166 498 vobis
2200 443 2666 507 denuntiavimus,
2700 444 2911 500 fructus
2935 446 3118 500 nullus
3147 446 3402 517 nullaque
3431 451 3583 504 utili-

318 528 426 579 οὐκ
451 525 826 595 ἐπαυσάμεθα,
876 528 1030 582 οὐδὲν
1065 531 1288 599 γέγονεν
1334 533 1523 600 δφελος
1546 551 1558 564 ·
1594 535 1687 587 ἐπὶ
1717 534 1898 599 ποίαις

317 618 502 670 ὲλπίσι
534 617 904 688 διαλεχθῶμεν
933 621 1206 692 σήμερον;
1244 625 1308 676 Ὢ
1345 626 1518 689 πόσας
1549 626 1748 689 νύκτας
1774 629 1896 698 εἰκῆ

316 711 742 780 ἦγρυπνήσατεί
797 711 976 775 πόσας
1014 715 1226 785 ἡμέρας
1266 716 1387 786 εὶκῆ
1438 718 1893 790 συνηθροίσθη-εει

317 801 374 850 εἶ
404 817 465 867 γε
491 801 584 853 καὶ
606 800 750 871 εἰκῆ.
790 801 848 854 '0
872 807 983 874 γὰρ
1002 805 1060 857 ἐν
1087 809 1332 878 προκοπῇ
1365 809 1656 880 γενόμενος
1680 812 1898 880 ἀγαθῶν

321 891 525 962 ἔργων,
558 889 674 947 εἶτα
711 895 1152 969 παλινδρομήσας
1196 900 1334 972 πρὸς
1378 903 1478 974 τὴν
1509 905 1738 975 ἀρχαίαν
1779 925 1900 961 συν-

321 985 536 1055 ήθειαν,
564 988 623 1038 οὐ
663 987 823 1057 μόνον
847 988 940 1042 τὸν
965 992 1058 1044 ἐπὶ
1088 996 1201 1055 τοῖς
1233 997 1631 1066 πεπονημένοις
1657 998 1765 1069 (22)
1812 1018 1901 1070 μι⁹

322 1075 454 1129 σθδν
497 1077 798 1151 ἐζημιώθη,
854 1082 992 1135 ἀλλά
1024 1085 1118 1136 καὶ
1165 1084 1468 1158 βαρυτέρας
1512 1088 1754 1155 ἀξιοῦται
1802 1093 1899 1162 τῆς

317 1171 732 1240 κατακρίσεωςο
787 1173 892 1235 ὅτι,
945 1176 1281 1247 γευσάμενος
1333 1179 1496 1232 καλὸν
1543 1181 1677 1234 Θεοῦ
1726 1186 1897 1253 ῥῆμα,

316 1261 419 1312 καὶ
459 1259 713 1327 γνώσεως
767 1267 1086 1336 μυστηρίων
1132 1267 1400 1334 ἀξιωθεὶς,
1457 1270 1634 1324 πάντα
1663 1273 1901 1344 προέδω-

315 1373 419 1409 κεν
467 1356 603 1428 (25),
657 1360 819 1432 ἡδονῇ
879 1362 1108 1435 βραχείᾳ
1148 1364 1471 1430 δελεασθείς.
1521 1369 1582 1421 '0
1625 1369 1741 1437 μὲν
1791 1371 1901 1439 γὰρ

313 1451 646 1518 ἐλάχιστος
693 1458 1089 1523 συγγνωστός
1134 1458 1305 1511 ἐστιν
1357 1459 1566 1526 ἐλέους
1590 1479 1602 1491 ·
1657 1461 1900 1515 δυνατοὶ

322 1541 417 1603 δὲ,
464 1544 620 1613 φησὶ,
668 1544 940 1612 δυνατῶς
986 1549 1442 1617 ἑτασθήσονται.
1497 1551 1612 1604 Μία
1671 1553 1897 1622 ἑσπέρα,

317 1633 417 1683 καὶ
453 1632 551 1701 μία
600 1634 877 1706 προσϐολὴ
910 1637 1021 1708 (24)
1051 1637 1145 1690 τοῦ
1177 1639 1372 1710 ἐχθροῦ
1405 1639 1584 1692 πάντα
1616 1643 1707 1693 τὸν
1739 1641 1901 1694 πόνον

318 1723 529 1775 ἐκεῖνον
567 1724 776 1778 διέλυσε
807 1727 902 1778 καὶ
933 1729 1185 1796 ἠφάνισε.
1217 1730 1353 1783 Ποία
1377 1726 1469 1783 οὖν
1498 1730 1776 1801 προθυμία
1805 1731 1896 1783 τοῦ

2007 545 2092 592 tas
2125 538 2380 602 emersit;
2414 552 2520 606 qua
2548 553 2644 606 spe
2689 552 2994 592 sermonem
3033 537 3194 593 hodie
3224 540 3585 598 habebimus?

2007 627 2051 683 Ο
2080 637 2213 698 quot
2258 639 2446 683 noctes
2476 628 2678 682 frustra
2710 629 3012 699 vigilastis!
3058 639 3191 699 quot
3218 631 3335 686 dies
3375 631 3581 688 frustra

2005 721 2372 775 convenistis!
2433 722 2477 774 si
2515 729 2694 775 tamen
2733 722 2958 775 frustra.
2995 720 3128 775 Nam
3169 723 3277 792 qui
3323 723 3380 777 in
3427 725 3583 780 bonis

2007 813 2262 884 operibus
2315 828 2666 884 progressum
2722 812 2869 877 fecit,
2926 813 3124 868 deinde
3173 830 3302 869 vero
3343 815 3411 869 ad
3459 821 3586 870 con'

2007 904 2351 959 suetudinem
2403 904 2684 972 antiquam
2733 903 3061 968 revertitur,
3119 919 3227 959 non
3277 905 3583 974 insumpto—

2007 1012 2128 1050 rum
2151 996 2314 1050 modo
2347 995 2593 1049 laborum
2626 994 2929 1050 mercedem
2955 995 3176 1060 amittit,
3210 996 3305 1050 sed
3340 998 3397 1051 fit
3418 997 3582 1051 etiam

2007 1104 2184 1158 ptenaa
2221 1087 2461 1158 graviori
2506 1087 2807 1153 obnoxius;
2854 1086 2998 1156 quod
3039 1101 3163 1141 cum
3215 1086 3310 1142 Dei
3354 1088 3582 1142 verbum

2007 1181 2210 1235 bonum
2263 1179 2666 1249 degustaverit,
2719 1180 3218 1250 mysteriorumque
3272 1180 3584 1248 cognitione

2006 1273 2263 1343 dignatus
2308 1272 2400 1335 sit,
2471 1271 2706 1341 perdidit
2743 1271 2950 1333 omnia,
2997 1271 3146 1325 brevi
3188 1271 3466 1340 voluptate
3499 1255 3596 1325 in—I

2007 1374 2246 1419 escatus.
2288 1363 2430 1416 Nam
2449 1365 2703 1417 minimus
2732 1364 2938 1433 quidem
2974 1365 3120 1417 venia
3152 1363 3306 1433 123
3336 1381 3398 1416 ac
3427 1365 3582 1417 mise-

2007 1456 2238 1510 ricordia
2282 1456 2472 1525 dignus
2511 1465 2589 1508 est
2615 1470 2630 1507 :
2656 1465 2886 1522 potentes
2929 1472 3066 1515 vero,
3101 1456 3298 1524 inquit,
3346 1464 3583 1522 potenter

2009 1546 2384 1616 torquebantur
2405 1547 2472 1598 ³⁸.
2504 1545 2742 1615 Vespera
2801 1562 2928 1607 una,
2982 1556 3035 1600 et
3068 1563 3210 1600 unus
3244 1547 3451 1600 inimici
3491 1563 3582 1602 as-

2009 1639 2187 1693 sultus
2221 1655 2437 1692 omnem
2475 1639 2628 1692 illum
2681 1639 2922 1692 laborem
2954 1638 3206 1692 dissolvit
3257 1646 3312 1692 et
3359 1641 3580 1694 evertit.

2007 1730 2138 1796 Qua:
2168 1745 2298 1800 ergo
2327 1731 2457 1783 mihi
2485 1731 2739 1784 alacritas
2772 1745 2916 1783 nunc
2941 1730 3004 1784 ad
3039 1728 3372 1784 dicendum?
3399 1729 3582 1796 Quare

316 1814 416 1867 νῦν
461 1816 658 1882 λόγους
712 1820 875 1870 Ὥστε
919 1820 1024 1872 κᾶν
1070 1820 1372 1892 ἐσιώπησα,
1429 1818 1488 1874 εὗ
1537 1823 1671 1885 ίστε,
1723 1825 1771 1875 εί
1829 1824 1897 1894 μὴ

2005 1823 2169 1874 etiam
2227 1820 2545 1883 tacuissem,
2600 1821 2733 1873 mihi
2791 1820 3017 1882 credite,
3076 1820 3180 1874 nisi
3229 1818 3478 1875 Jeremize
3519 1822 3584 1874 ti-

315 1906 632 1978 ἐφοϐούμην
677 1910 738 1961 τὸ
792 1911 1094 1982 ὑπόδειγμα
1140 1913 1233 1965 τοῦ
1280 1914 1569 1986 Ἱερεμίου,
1629 1915 1706 1978 ὃς,
1764 1915 1898 1986 πρὸς

315 2001 519 2072 ἀπειθῆ
578 2001 705 2055 λαὸν
764 2002 1094 2071 φθέγγεσθαι
1156 2006 1230 2076 μὴ
1282 2006 1634 2076 βουλόμενος,
1699 2005 1897 2058 ἔπαθεν

316 2094 502 2144 ἐκεῖνα
535 2092 680 2162 άπερ
714 2093 876 2157 αὐτὸς
905 2095 1197 2166 διηγήσατο
1216 2114 1229 2127 °
1270 2098 1350 2150 ὅτι
1378 2099 1592 2166 ἐγένετο
1619 2098 1765 2168 αὐτῷ
1791 2097 1898 2168 πῦρ

311 2184 376 2233 ὲν
407 2187 520 2246 τοῖς
573 2186 852 2252 ἐγκάτοις,
914 2188 1009 2239 καὶ
1043 2191 1268 2258 παρεῖτο
1322 2189 1603 2252 πάντοθεν,
1651 2191 1744 2243 καὶ
1798 2190 1897 2243 ούκ

313 2274 552 2342 ἠδύνατο
597 2278 806 2350 φέρειν.
855 2279 1117 2342 Γυναῖκες
1152 2281 1461 2345 ἀκόλαστοι,
1511 2283 1896 2352 ἐπιλαϐόμεναι

314 2367 411 2419 τοῦ
446 2369 614 2436 φόϐου
657 2369 750 2422 τοῦ
788 2370 944 2434 Θεοῦ,
975 2371 1070 2424 τοῦ
1123 2373 1293 2444 πυρὸς
1337 2374 1431 2426 τοῦ
1478 2375 1692 2428 αἰωνίου
1729 2393 1898 2430 κατα-

314 2462 680 2530 ςρονὴσασαι,
715 2465 774 2514 ὲν
809 2463 992 2536 ἡμέρᾳ
1019 2465 1264 2538 τοιαύτῃ,
1298 2466 1385 2518 ὅτε
1413 2467 1580 2529 αὐτὰς
1619 2469 1784 2539 ἐχρῆν
1809 2469 1896 2522 διὰ

312 2554 416 2622 τὴν
444 2555 752 2627 ἀνάμνησιν
783 2559 880 2627 τῆς
918 2559 1268 2623 ἀναστάσεως
1301 2560 1567 2632 καθῆσθαι
1602 2563 1660 2615 ὲν
1685 2565 1795 2625 τοῖς
1821 2560 1898 2614 οἴ-

314 2661 454 2708 κοις,
499 2647 596 2698 καὶ
641 2647 849 2701 ἔννοιαν
904 2647 1200 2718 λαμϐάνειν
1257 2652 1356 2721 τῆς
1401 2651 1614 2722 ἡμέρας
1660 2652 1894 2723 ἐκείνης,

315 2737 438 2789 καθ’
474 2739 544 2809 ἠν
575 2741 955 2810 ἀνοιγήσονται
993 2743 1091 2813 μὲν
1129 2746 1176 2796 οἱ
1212 2743 1449 2814 οὐρανοὶ,
1502 2746 1896 2815 ἐπιφανήσεται

311 2829 370 2880 δὲ
400 2831 536 2898 ἡμῖν
579 2833 607 2884 ὁ
654 2833 848 2904 κριτὴς
879 2833 937 2897 ἐξ
967 2835 1231 2905 οὐρανῶν,
1269 2838 1364 2888 καὶ
1404 2836 1703 2904 σάλπιγγες
1736 2835 1892 2902 Θεοῦ,

311 2923 408 2974 καὶ
438 2922 738 2988 ἀνάστασις
782 2926 1010 2998 νεκρῶν,
1046 2928 1139 2980 καὶ
1172 2928 1350 3000 κρίσις
1383 2929 1584 2994 δικαία,
1630 2930 1724 2983 καὶ
1752 2929 1897 2982 ἀντί-

309 3012 456 3070 δοσις
505 3012 619 3085 (Ξὸ)
672 3016 886 3087 ἑκάστῳ
923 3018 1064 3070 κατά
1112 3018 1172 3071 τὸ
1201 3018 1360 3089 ἔργον
1402 3019 1566 3073 αὑτοῦ
1589 3037 1602 3050 ο
1640 3019 1760 3073 ἀντὶ
1800 3018 1895 3072 τοῦ

306 3102 484 3156 ταῦτα
513 3103 656 3173 ἔχειν
684 3106 742 3158 ἐν
781 3109 892 3172 τοῖς
924 3107 1309 3179 διαλογισμοῖς,
1347 3112 1440 3163 καὶ
1477 3110 1760 3181 καθαίρειν
1797 3111 1895 3182 μὲν

2005 1911 2264 1964 muisscm
2293 1911 2640 1978 exemplum:
2678 1910 2769 1980 qui
2805 1927 2928 1964 cum
2979 1910 3044 1963 ad
3080 1911 3339 1980 populum
3385 1920 3583 1966 contu-

2004 2017 2212 2056 macem
2267 2003 2432 2057 verba
2482 2003 2660 2056 facere
2700 2004 2886 2066 nollet,
2932 2019 3128 2072 passus
3168 2013 3250 2059 est
3294 2019 3414 2075 quae
3463 2005 3581 2074 ipse

2003 2102 2254 2148 recenset
2289 2113 2301 2147 :
2333 2094 2476 2164 quod
2507 2094 2683 2149 factus
2714 2103 2799 2150 est
2831 2095 2974 2166 ignis
3009 2095 3063 2148 in
3107 2095 3225 2165 ejus
3256 2096 3578 2162 visceribus,

2004 2202 2068 2241 ac
2100 2187 2341 2256 undique
2374 2186 2800 2251 dissolvebatur,
2833 2204 2935 2242 nec
2969 2188 3110 2243 ferre
3132 2197 3343 2258 poterat
3365 2190 3428 2241 ".
3462 2187 3581 2242 Mu-

2005 2277 2166 2332 lieres
2211 2277 2448 2341 lascivae,
2493 2277 2705 2331 timoris
2737 2277 2826 2331 Dei
2862 2278 3062 2342 oblitze,
3102 2287 3362 2333 aeternum
3397 2280 3577 2348 ignem

2003 2379 2328 2436 aspernatae,
2373 2367 2426 2420 in
2463 2367 2554 2420 illa
2599 2367 2716 2436 ipsa
2748 2368 2835 2423 die
2871 2385 2993 2423 cum
3047 2371 3118 2424 ob
3157 2367 3580 2428 resurrectionis

2002 2460 2322 2512 memoriam
2364 2468 2681 2528 Oportuerat
2716 2475 2811 2515 eas
2859 2462 2912 2515 in
2953 2462 3206 2518 domibus
3245 2462 3460 2525 sedere,
3512 2478 3579 2519 ac

2003 2551 2276 2604 recordari
2301 2550 2405 2604 diei
2442 2551 2611 2614 illius,
2635 2552 2689 2604 in
2723 2567 2831 2620 qua
2858 2553 3174 2622 aperientur
3207 2553 3354 2616 coeli,
3386 2562 3439 2608 et
3470 2568 3570 2622 ap-

2003 2639 2212 2708 parebit
2242 2640 2403 2696 nobis
2436 2640 2602 2708 judex
2639 2655 2668 2694 e
2697 2642 2870 2704 caelis,
2905 2654 2958 2697 et
2984 2642 3126 2696 tubae
3157 2641 3274 2705 Dei,
3316 2653 3369 2697 et
3394 2659 3578 2698 resur-

2002 2730 2175 2783 rectio
2208 2739 2569 2793 mortuorum,
2605 2738 2658 2785 et
2684 2730 2952 2800 judicium
2990 2731 3222 2801 justum,
3256 2743 3309 2788 et
3340 2733 3576 2789 redditio

2005 2819 2484 2891 unicuiqucjuxta
2530 2838 2668 2892 opus
2703 2838 2900 2890 suum;
2947 2838 3070 2878 cum
3108 2824 3174 2879 de
3206 2825 3290 2879 liis
3334 2826 3578 2895 cogitare

2001 2913 2340 2979 debuissent,
2390 2930 2601 2985 suaque
2644 2915 2810 2970 corda
2859 2931 2890 2971 a
2922 2918 3106 2986 pravis
3151 2917 3576 2986 cogitationibus

2002 3021 2258 3076 purgare,
2300 3014 2354 3062 et
2389 3008 2573 3077 priora
2613 3016 2835 3078 peccata
2876 3009 3132 3080 lacrymis
3163 3009 3367 3076 delere,
3409 3017 3576 3079 atque

2001 3099 2067 3153 ad
2099 3099 2304 3155 Christi
2335 3115 2626 3154 occursum
2669 3116 2770 3170 pro
2799 3115 2996 3171 magno
3029 3100 3121 3153 illo
3155 3101 3244 3156 die
3272 3101 3575 3171 apparitio-

309 3197 528 3249 ἑαυτῶν
552 3197 652 3260 τὰς
696 3199 926 3269 καρδίας
955 3201 1063 3253 ἀπὸ
1101 3202 1353 3272 πονηρῶν
1386 3202 1756 3274 ἐνθυμήσεων,
1813 3201 1897 3267 ἑξ-

2002 3191 2088 3247 nis
2119 3192 2239 3262 ejus
2277 3207 2396 3247 sese
2423 3207 2751 3262 praeparare,
2787 3193 3070 3247 servitutis
3092 3191 3299 3247 Christi
3336 3207 3574 3249 excusso

308 3287 561 3356 ἀλείφειν
577 3289 636 3342 δὲ
662 3292 776 3352 τοῖς
795 3291 1024 3362 δάκρυσι
1053 3295 1120 3346 τὰ
1150 3296 1648 3366 προημαρτημένα,
1672 3295 1896 3365 ἑτοιμά-

309 3377 502 3442 ζεσθαι
553 3378 613 3431 δὲ
656 3379 793 3450 πρὸς
834 3383 934 3451 τὴν
981 3383 1286 3452 ἀπάντησιν
1333 3382 1428 3436 τοῦ
1478 3384 1716 3456 Χριστοῦ
1756 3383 1898 3438 κατά

306 3470 412 3539 τὴν
450 3470 696 3540 μεγάλην
729 3471 944 3542 ἡμέραν
974 3474 1072 3543 τῆς
1109 3474 1426 3543 ἐπιφανείας
1455 3477 1641 3541 αὑτοῦ,
1678 3478 1897 3530 ἀποσει-

311 3563 547 3632 σάμεναι
591 3563 683 3614 τὸν
713 3561 876 3630 ζυγὸν
905 3565 1003 3635 τῆς
1035 3565 1276 3629 δουλείας
1307 3567 1400 3620 τοῦ
1436 3568 1695 3639 Χριστοῦ,
1734 3568 1894 3640 ῥίψα-

311 3669 402 3704 σαι
432 3652 546 3705 ἀπὸ
584 3653 694 3706 τῶν
727 3653 976 3724 κεφαλῶν
1006 3655 1076 3708 τὰ
1104 3657 1202 3727 τῆς
1235 3656 1648 3729 εὐσχημοσύνης
1680 3657 1893 3728 καλύμ-

313 3760 484 3813 ματα,
544 3749 1029 3818 καταφρονήσασαι
1076 3748 1367 3812 τοῦ.Θεοῦ,
1413 3753 1895 3822 καταφρονήσασαι

309 3835 418 3887 τῶν
448 3836 702 3903 ἀγγέλων
735 3837 920 3902 αὑτοῦ,
957 3841 1560 3910 καταναισχυντήσασαι
1587 3841 1767 3910 πάσης
1796 3841 1896 3913 ἄῤ-

311 3928 464 3994 ρενος
493 3924 694 3994 ὅψεως,
725 3926 976 3980 σοϐοῦσαι
1005 3927 1105 3990 τὰς
1139 3927 1334 3998 κόμας,
1372 3927 1630 3998 σύρουσαι
1658 3931 1784 3994 τοὺς
1812 3949 1896 4000 χι-

307 4016 511 4080 τῶνας,
563 4018 660 4071 καὶ
707 4021 820 4081 τοῖς
872 4019 1029 4073 ποσὶν
1084 4020 1198 4090 ἅμα
1248 4021 1576 4087 παίζουσαι,
1631 4023 1894 4095 ὀφθαλμῷ

308 4109 568 4176 ἀσελγεῖ,
627 4109 824 4177 γέλωτι
879 4111 1230 4183 ἐκκεχυμένῳ
1290 4112 1400 4182 (26)
1458 4114 1594 4185 πρὸς
1666 4114 1894 4186 ὄρχησιν

310 4202 662 4269 ἐκμανεῖσαι,
683 4203 862 4254 πᾶσαν
895 4202 1030 4254 νέων
1063 4202 1356 4256 ἀκολασίαν
1383 4205 1466 4272 ἐφ’
1498 4204 1694 4268 ἑαυτὰς
1727 4222 1895 4276 προσ-

310 4292 686 4362 καλούμεναι,
733 4293 790 4345 ὲν
842 4296 952 4357 τοῖς
1005 4295 1109 4364 πρὸ
1156 4295 1268 4364 (27)
1303 4296 1402 4364 τῆς
1436 4297 1644 4359 πόλεως
1688 4315 1894 4370 μαρτυ-

312 4383 452 4452 ρίοις
505 4387 704 4455 χοροὺς
759 4389 1191 4456 συστησάμεναι,
1255 4388 1616 4459 ἐργαστήριον
1666 4392 1766 4460 τῆς
1811 4391 1889 4442 ol-

309 4479 469 4542 κείας
506 4479 685 4532 αὐτῶν
726 4480 1110 4551 ἀσχημοσύνης
1137 4483 1263 4544 τοὺς
1295 4482 1662 4552 ήγιασμένους
1693 4473 1889 4544 τόπους

311 4573 660 4642 πεποίηνται.
725 4573 983 4642 Ἐμίαναν
1046 4573 1144 4641 μὲν
1193 4573 1282 4626 τὸν
1318 4551 1470 4644 γάἑρα
1517 4576 1630 4637 τοῖς
1680 4573 1887 4644 ᾀσμασι
1923 4551 1964 4604 D

307 4668 420 4726 τοῖς
449 4666 752 4734 πορνικοῖς,
784 4664 1013 4734 ἐμίαναν
1042 4664 1098 4717 δὲ
1141 4663 1238 4735 τὴν
1274 4664 1378 4734 γῆν
1421 4668 1529 4728 τοῖς
1558 4665 1887 4734 ἀκαθάρτοις

379 4820 424 4851 ³¹
469 4819 602 4889 Sap.
645 4834 726 4882 vr,
768 4819 819 4872 7.
861 4797 940 4849 l”
977 4815 1178 4874 Jerem.
1216 4834 1318 4884 xx,
1360 4819 1413 4875 9.
1489 4817 1535 4850 ³³
1574 4821 1682 4874 lsa.
1725 4833 1808 4882 ιιι,
1850 4817 1936 4872 16.

379 4977 707 5046 (2-l)Editio
754 4975 932 5031 Paris.
984 4977 1480 5049 διαμαρτυρόμενοι
1532 4979 1687 5048 ἡμῖν.
1739 4975 1888 5033 Libri

306 5057 522 5102 veteres
554 5049 704 5118 ὑμῖν.

379 5117 494 5190 (22)
527 5117 681 5172 Colb.
716 5117 914 5190 tertius
947 5118 1480 5190 προπεπονημένοις.
1525 5117 1633 5172 Alii
1669 5134 1801 5174 mss.
1836 5129 1890 5174 et

308 5189 441 5260 editi
475 5205 682 5260 πεπονη
692 5189 897 5260 μένοις.

380 5259 494 5325 (25)
523 5258 678 5318 Illud.
697 5258 889 5318 πάντα
913 5259 1242 5329 προέδωκεν,
1272 5259 1368 5324 ita,
1397 5259 1444 5314 si
1471 5259 1666 5324 mavis,
1695 5267 1844 5313 verte
1871 5277 1884 5312 :

208 5349 216 5356 ·
311 5331 492 5381 omnia
520 5329 776 5395 prodidit.

378 5400 492 5470 (ει)
515 5401 670 5470 Colb.
702 5399 902 5454 tertius
933 5399 1030 5469 μία
1053 5399 1312 5470 προϐολή.

379 5469 490 5538 (25)
522 5469 673 5526 Unus
697 5472 874 5527 codex
901 5468 1034 5538 lteg.
1059 5468 1153 5522 καὶ
1171 5468 1543 5532 ἀνταπόδοσις,
1570 5468 1650 5524 sic
1674 5475 1882 5535 tamen,

310 5546 368 5589 ut
400 5540 452 5592 in
482 5557 572 5592 ora
603 5543 725 5595 libri
769 5541 1041 5609 scripturn
1083 5541 1154 5594 sit
1187 5557 1274 5607 γρ.
1303 5541 1394 5592 καὶ
1417 5540 1704 5602 ἀντίδοσις.

1992 3282 2146 3354 jugo,
2175 3285 2496 3338 velamentis
2528 3285 2831 3340 honestatis
2859 3299 2890 3338 a
2934 3286 3112 3354 capite
3158 3285 3400 3348 rejectis,
3446 3299 3576 3340 con-

1997 3384 2202 3446 tempto
2229 3376 2359 3443 Deo,
2396 3377 2596 3447 spretis
2630 3378 2803 3448 ipsius
2843 3379 3074 3448 angelis,
3107 3378 3321 3433 virilem
3354 3393 3573 3434 omnem

1995 3475 2278 3538 aspectum
2321 3470 2457 3522 citra
2512 3468 2775 3539 pudorem
2810 3467 3070 3532 ferentes,
3118 3483 3306 3522 comas
3356 3471 3572 3539 agitan-

1995 3567 2101 3623 tes,
2141 3560 2416 3614 trahentes
2452 3559 2692 3623 tunicas,
2726 3573 2789 3613 ac
2821 3560 3053 3630 pedibus
3095 3559 3258 3613 simul
3293 3560 3568 3623 ludentes,

1994 3651 2304 3706 lascivienti
2337 3651 2520 3714 oculo,
2556 3650 2728 3706 etIuso
2757 3650 2895 3714 risu,
2945 3651 3012 3704 ad
3054 3650 3368 3706 saltandum
3412 3652 3571 3720 quasi

1993 3743 2230 3813 quodam
2261 3742 2446 3798 furore
2484 3743 2713 3798 concitae
2737 3743 2804 3808 ³³,
2842 3757 3058 3798 omnem
3093 3743 3352 3812 juvenum
3391 3741 3574 3797 libidi—

1991 3850 2115 3888 nem
2144 3835 2198 3887 in
2227 3835 2438 3904 seipsas
2478 3840 2864 3904 provocantes,
2900 3836 2954 3888 in
2984 3841 3285 3903 martyrum
3327 3832 3573 3890 basilicis

1993 3941 2093 3997 pro
2144 3926 2418 3982 mmnibus
2459 3928 2695 3982 civitatis
2734 3927 2934 3982 choros
2973 3927 3395 3990 constituentes,
3447 3926 3568 3982 loca

1993 4026 2180 4074 sancta
2206 4018 2474 4072 oﬂicinam
2510 4020 2871 4075 obscenitatis
2898 4035 3012 4075 suae
3042 4019 3288 4075 ellecere.
3322 4020 3570 4077 Cantile-

1992 4113 2079 4168 nis
2110 4113 2437 4168 meretriciis
2475 4120 2534 4166 ut
2557 4127 2738 4167 aerem
2766 4119 3224 4183 conspurcarunt,
3260 4113 3332 4166 ita
3366 4121 3566 4167 terram

1991 4205 2249 4276 tripudiis
2297 4205 2569 4276 pulsatam
2616 4205 2847 4275 pedibus
2907 4205 3206 4260 immundis
3254 4204 3566 4268 foedarunt;

1993 4299 2369 4367 spectaculum
2411 4297 2515 4352 sibi
2574 4297 2709 4367 ipsis
2748 4297 3011 4368 juvenum
3053 4298 3269 4352 turbam
3325 4299 3568 4367 undique

1991 4397 2320 4452 statuentes,
2371 4389 2534 4458 plane
2588 4389 2988 4453 inverecundae,
3041 4404 3375 4459 prorsusque
3432 4389 3569 4445 insi-

1991 4480 2226 4550 pientes,
2267 4481 2479 4533 nullum
2524 4480 2753 4535 insaniae
2804 4479 3027 4534 modum
3063 4483 3395 4536 omittentes.
3442 4481 3569 4538 Hac

1993 4571 2271 4641 quomodo
2325 4573 2557 4628 tacebo?
2603 4573 2901 4643 quomodo,
2953 4581 3014 4628 ut
3046 4589 3146 4644 par
3197 4584 3298 4638 est,
3339 4573 3570 4644 lugebo?

1994 4663 2193 4719 Vinum
2240 4666 2400 4720 nobis
2449 4665 2643 4720 harum
2691 4667 3000 4721 animarum
3044 4665 3300 4720 damnum
3360 4665 3562 4721 intulit.

1988 4977 2148 5030 etiam
2184 4977 2310 5030 viris
2340 4976 2434 5029 sub
2470 4987 2746 5045 conspectu
2781 4975 3290 5031 adolescentulorum
3315 4976 3566 5043 intempe-

1991 5049 2220 5100 rantiam
2254 5047 2436 5101 choros
2469 5048 2684 5104 ducunt.
2723 5048 2986 5113 jactantes
3029 5061 3256 5109 comam,
3300 5047 3566 5100 trahentes

1989 5120 2289 5170 tunicas....
2324 5121 2580 5172 saltantes
2610 5118 2847 5186 pedibus,
2869 5125 3208 5186 personantes
3232 5116 3460 5180 vocibus,
3490 5121 3555 5169 ir-

1988 5189 2211 5240 ritantes
2235 5189 2289 5239 in
2317 5205 2371 5240 se
2389 5189 2640 5256 juvenum
2675 5187 2914 5239 libidines
2941 5196 3083 5238 motu
3112 5185 3439 5256 histrionico,
3470 5203 3560 5254 pe-

1994 5259 2189 5311 tulanti
2227 5253 2402 5321 oculo,
2449 5259 2764 5311 dedecoroso
2815 5256 3062 5310 ludibrio.
3115 5253 3328 5323 Spectat
3366 5253 3562 5311 corona

1993 5327 2404 5391 adolescentum,
2441 5336 2490 5379 et
2534 5329 2592 5394 ﬁt
2635 5326 2936 5380 miserabile
2987 5326 3335 5382 theatrum...
3375 5326 3561 5380 cwlum

1991 5403 2196 5465 impuro
2227 5398 2623 5450 contaminatur
2661 5406 2892 5464 aspectu,
2941 5405 3079 5450 terra
3106 5398 3246 5463 turpi
3277 5396 3566 5451 saltationa

1988 5469 2263 5534 polluitur,
2305 5484 2421 5534 quae
2458 5467 2689 5520 obscenis
2723 5467 3001 5520 saltatibus
3044 5466 3362 5520 verberatur.
3412 5467 3560 5531 Quo-

1989 5538 2142 5591 modo
2179 5539 2433 5605 patienter
2471 5540 2681 5606 loquar,
2717 5537 2797 5603 pie
2837 5547 3161 5603 prwteream,
3195 5537 3556 5606 convenienter

381 5609 490 5676 (:26)
513 5611 658 5666 Colb.
691 5605 1288 5679 ιεηίιιέὲγκεχυμένῳ.
1317 5609 1474 5662 Hunc
1496 5609 1680 5679 Basilii
1709 5610 1887 5662 locum
1984 5608 2246 5679 deﬂeam?
2293 5607 2486 5659 Vinum
2537 5605 2688 5661 nobis
2724 5616 2992 5659 tantarum
3025 5609 3321 5660 animarum
3355 5605 3557 5662 damna

313 5678 384 5749 sit
421 5683 688 5749 expressit
718 5678 1058 5735 Ambrosius
1077 5678 1168 5734 lib.
1199 5678 1274 5733 De
1301 5679 1422 5732 Elia
1445 5690 1494 5732 et
1513 5678 1742 5749 jejunio,
1763 5696 1885 5747 cap.

316 5747 397 5814 13.
445 5747 590 5807 num.
634 5751 704 5806 66
752 5759 810 5806 et
855 5751 928 5805 67
961 5771 973 5805 :
1009 5749 1129 5806 Illae
1176 5751 1228 5804 in
1276 5751 1462 5821 plateis
1521 5747 1886 5804 inverecundcs

1987 5677 2341 5820 "litigii-Lege
2377 5746 2625 5802 Ducaeuui
2668 5749 2720 5803 in
2751 5747 2908 5816 illud,
2941 5749 2996 5802 ὲν
3025 5751 3138 5815 τοῖς
3169 5747 3295 5820 πρό,
3328 5753 3436 5803 etc.

2669 5968 2676 5973 '
2718 5969 2768 5986 Ὦ
