4036 6236
402 313 507 367 “7

1712 315 1770 371 S.
1813 316 2062 372 BASILII
2095 317 2310 374 MAGNI

3552 319 3664 375 “8
3752 364 3763 367 _

406 430 628 493 Vinum,
664 428 759 486 Dei
785 429 992 485 donum
1024 429 1091 485 ad
1125 428 1461 486 inﬁrmitatis
1498 431 1746 487 levamen
1779 435 1983 491 sobriis

2096 437 2263 503 ποσὶν,
2302 436 2369 507 ἢν
2411 438 2470 490 ὲν
2497 438 2617 501 ταῖς
2663 436 2921 507 ὀρχήσεσι
2968 432 3399 506 κατεκράτησαν,
3434 431 3666 506 θέωμεν

402 525 613 588 datum,
638 534 787 577 nunc
815 521 1057 578 lasciviae
1080 522 1285 578 factum
1313 531 1398 579 est
1428 524 1854 581 instrumentum
1891 526 1978 580 in-

403 612 857 684 temperantibus.

2086 528 2305 590 ἑαυταῖς
2342 528 2639 582 νεανίσκων
2687 526 2843 598 δχλον
2890 526 3357 598 περιστησάμεναι
3376 563 3391 589 ,
3440 525 3667 589 σοσάδες

2085 616 2253 681 ὅντως
2297 619 2393 672 καὶ
2440 618 2746 691 παράφοροι
2792 614 3068 679 παντελῶς
3108 615 3244 685 (ἳὸ),
3282 614 3477 685 μανίας
3512 614 3666 667 οὐδε-

403 705 535 776 μίαν
586 703 895 776 ὑπερϐολήν
938 703 1349 759 ἀπολείπουσαι.
1405 706 1592 762 Ταῦτα
1635 707 1754 771 πῶς
1805 707 1903 778 μὲν
1950 711 2243 780 σιωπήσω;
2294 710 2411 773 πῶς
2447 710 2505 763 δὲ
2530 710 2651 763 κατ’
2679 708 2836 775 ἀξίαν
2864 707 3178 779 όδύρωμαι;
3209 703 3365 772 Divo;
3395 709 3527 778 ήμτν
3548 706 3669 759 τῶν

398 795 587 866 ψυχῶν
615 795 820 850 τούτων
840 795 940 867 τήν
967 795 1173 866 ζημίαν
1196 794 1449 868 εποίησεν
1472 812 1485 826 ·
1520 792 1682 862 οἶνος,
1699 797 1762 850 τὸ
1790 797 1941 868 παρὰ
1964 798 2099 851 Θεοῦ
2121 799 2291 870 δῶρον
2317 802 2398 865 είς
2423 798 2775 875 παραμυθίαν
2800 798 2901 869 τῆς
2923 796 3206 861 ἀσθενείας
3233 796 3514 868 δεδομένον
3547 801 3670 861 τοῖς

402 887 803 960 σωφρονοῦσιν
833 885 997 941 ὅπλον
1022 887 1082 941 δὲ
1109 886 1206 942 νῦν
1268 888 1559 959 γενόμενον
1621 889 1916 954 ἀκολασίας
1945 893 2056 955 τοῖς
2086 892 2520 962 ἀσελγαίνουσιν.

469 978 527 1034 2.
568 979 839 1044 Ebrietas,
882 981 1231 1036 voluntarius
1272 981 1366 1037 ille
1408 982 1644 1049 daemon,
1696 998 1796 1054 per
1828 984 1988 1039 volu-

403 1083 613 1146 ptatem
644 1078 699 1130 in
729 1077 942 1131 animas
982 1076 1254 1141 insiliens,
1295 1077 1558 1142 ebrietas,
1599 1078 1859 1148 nequitiae
1889 1092 1984 1147 pa-

401 1181 550 1232 rens,
581 1181 780 1236 resque
799 1167 986 1222 virtuti
1013 1167 1257 1231 inimica,
1283 1166 1477 1223 fortem
1507 1168 1686 1222 virum
1724 1168 1984 1237 ignavum

402 1256 582 1311 reddit
607 1274 622 1311 :
646 1257 905 1326 pudicum
949 1257 1321 1327 impudicum;
1348 1257 1616 1327 justitiam
1655 1274 1768 1313 non
1807 1260 1977 1321 novit,

402 1348 547 1403 tollit
568 1348 939 1418 prudentiam.
970 1348 1441 1415 Quemadmodum
1475 1350 1621 1405 enim
1654 1365 1795 1420 aqua
1838 1350 1982 1421 ignis

401 1446 488 1495 est
508 1439 739 1494 adversa
763 1457 777 1494 :
797 1441 878 1494 sic
903 1441 1255 1497 immodicum
1274 1445 1461 1497 vinum
1481 1444 1750 1498 rationem
1773 1446 1982 1498 exstin-

403 1531 542 1602 guit.
560 1530 903 1602 Quapropter
921 1532 1179 1603 pigrabar
1204 1534 1504 1604 quidquam
1532 1542 1726 1590 contra
1750 1536 1987 1590 ebrieta-

403 1627 515 1673 tem
534 1619 743 1683 dicere,
774 1635 882 1674 non
909 1621 1056 1691 quod
1083 1624 1287 1678 malum
1311 1623 1586 1695 quoddam
1610 1625 1682 1680 sit
1704 1626 1984 1695 exiguum,

403 1718 501 1766 aut
536 1711 1022 1777 contemnendum,
1071 1713 1169 1768 sed
1198 1712 1347 1784 quod
1380 1728 1564 1768 sermo
1614 1720 1804 1770 noster
1843 1714 1985 1768 nihil

402 1810 551 1858 esset
570 1803 910 1873 profuturus.
943 1803 1161 1859 Etenim
1200 1806 1247 1859 si
1288 1806 1474 1860 ebrius
1508 1806 1730 1876 desipit,
1763 1814 1818 1861 et
1861 1823 1987 1861 ver-

404 1895 576 1966 tigine
610 1896 861 1963 laborat;
910 1895 1119 1953 frustra
1166 1899 1415 1969 loquitur
1460 1908 1552 1970 qui
1592 1901 1839 1971 increpat
1880 1917 1989 1958 non

403 1987 739 2046 audientem.
769 1988 921 2056 Quos
950 1990 1122 2062 igitur
1160 1990 1547 2062 alloquemur?
1579 1993 1855 2064 siquidem
1893 1994 1986 2063 qui

409 2075 570 2150 124
596 2077 972 2136 admonitione
1012 2081 1240 2150 indiget,
1285 2096 1349 2136 ea
1403 2097 1525 2152 quae
1573 2082 1848 2149 dicuntur,
1877 2099 1993 2139 non

405 2171 685 2226 auscultat
713 2189 728 2225 :
756 2171 1088 2242 temperanti
1118 2187 1252 2227 vero
1278 2181 1334 2228 et
1364 2174 1554 2230 sobrio
1583 2190 1723 2245 opus
1758 2190 1868 2229 non
1905 2184 1991 2230 est

406 2260 682 2335 sermonis
725 2262 956 2326 auxilio,
992 2276 1118 2317 cum
1169 2263 1239 2318 ab
1278 2262 1385 2318 hoc
1422 2263 1558 2319 vitio
1587 2281 1761 2335 purus
1810 2267 1882 2321 sit
1935 2273 1992 2321 et

405 2349 690 2406 immunis.
720 2349 858 2417 Quid
907 2352 1077 2422 igitur
1115 2352 1331 2422 capiam
1377 2354 1599 2409 consilii
1645 2355 1700 2410 in
1734 2354 1989 2426 praesenti

406 2454 593 2495 rerum
624 2448 795 2508 statu,
828 2441 877 2497 si
907 2451 962 2497 et
994 2456 1178 2497 sermo
1212 2442 1426 2499 inutilis
1456 2445 1550 2509 sit,
1582 2459 1683 2500 nec
1711 2445 1990 2500 silentium

405 2532 625 2587 tutum?
651 2531 1000 2604 Negligemus
1025 2533 1410 2589 curationem?
1432 2534 1538 2589 Sed
1565 2536 1874 2606 periculosa
1906 2547 1992 2594 est

406 2622 760 2695 negligentia.
792 2623 1054 2678 Dicamne
1079 2630 1274 2678 contra
1301 2624 1531 2681 ebrios?
1562 2624 1671 2681 Sed
1713 2627 1768 2680 in
1805 2640 1992 2681 emor-

407 2722 536 2768 tuas
562 2727 726 2769 aures
772 2713 1177 2769 insonabimus.
1229 2712 1508 2771 Fortassis
1549 2716 1719 2787 igitur
1748 2718 1891 2771 sicut
1935 2718 1990 2771 in

407 2804 792 2875 pestilentibus
822 2803 1034 2859 morbis
1084 2818 1381 2873 corporum
1411 2814 1698 2863 curatores
1727 2823 1822 2863 eos
1853 2808 1993 2877 qui-

408 2902 530 2957 dem
557 2898 651 2968 qui
703 2899 823 2953 sani
870 2904 1022 2962 sunt,
1055 2898 1315 2955 remediis
1363 2900 1694 2971 quibusdam
1738 2904 1990 2958 morbum

409 2990 864 3062 praevenientibus
915 2989 1332 3058 communiunt;
1384 2992 1455 3048 iis
1492 3007 1624 3050 vero
1672 2996 1767 3066 qui
1801 2996 1995 3051 morbo

2158 985 2216 1040 2.
2251 986 2430 1058 Μέθη,
2455 990 2483 1040 ό
2506 984 2826 1057 αὐθαίρετος
2844 982 3074 1054 δαίμων,
3113 980 3175 1047 ἑξ
3208 980 3400 1052 ἡδονῆς
3420 984 3540 1045 ταῖς
3559 982 3671 1051 ψυ-

2087 1078 2209 1146 me
2267 1074 2687 1146 ἐμϐαλλόμενος,
2740 1073 2902 1146 μέθην
2951 1071 3149 1135 κακίας
3208 1073 3410 1144 μήτηρν
3459 1070 3711 1152 ἀρεῖῇέίί

2087 1166 2429 1232 ἐναντίωσις,
2478 1166 2571 1220 τὸν
2622 1166 2865 1237 ἀνδρεῖον
2912 1163 3085 1217 δειλὸν
3135 1162 3479 1217 ἀποδείκνυσι
3500 1148 3667 1241 ,]τδν

2089 1256 2342 1333 σώφρονα
2391 1257 2632 1328 ἀσελγῆ·
2685 1255 3030 1326 δικαιοσύνην
3075 1255 3176 1308 οὐκ
3218 1253 3349 1318 οἶδε,
3401 1254 3667 1326 φρόνησιν

2089 1352 2318 1422 ἀναιρεῖ.
2353 1351 2560 1422 Ὠσπερ
2591 1348 2701 1420 γὰρ
2753 1347 2895 1419 ὕδωρ
2926 1346 3182 1417 πολέμιόν
3227 1347 3344 1399 ἐστι
3386 1345 3536 1411 πυρὶ,
3563 1345 3664 1399 οὖ-

2088 1458 2194 1506 τως
2225 1443 2459 1513 ἀμετρία
2488 1440 2630 1495 οἴνου
2663 1439 2919 1510 λογισμὸν
2948 1436 3342 1492 κατασϐέννυσι
3373 1435 3506 1505 (29).
3535 1437 3667 1503 Διό,-

2091 1550 2196 1605 περ
2228 1531 2434 1587 ὤκνουν
2460 1546 2512 1585 τι
2538 1531 2718 1600 λέγειν
2748 1529 2889 1585 κατὰ
2919 1528 3109 1601 μέθης,
3147 1528 3245 1599 οὐχ
3292 1529 3368 1592 ὡς
3399 1528 3527 1600 περ).
3574 1546 3671 1599 μι-

2088 1624 2224 1696 κροῦ
2250 1642 2399 1689 τινος
2428 1622 2599 1679 κακοῦ
2635 1624 2669 1695 ἢ
2700 1623 3043 1695 παροφθῆναι
3068 1621 3240 1687 ἀξίου,
3269 1620 3382 1674 ἀλλ’
3413 1621 3488 1685 ὼς
3513 1622 3670 1675 οὐδὲν

2088 1715 2278 1785 ὄφελος
2328 1716 2701 1787 παρεχομένου
2750 1712 2847 1766 τοῦ
2894 1712 3075 1781 λόγου.
3110 1713 3173 1766 Ei
3222 1713 3330 1785 γὰρ
3373 1714 3403 1766 ό
3451 1712 3670 1783 μεθύων

2092 1810 2433 1880 παραφρονεῖ
2453 1808 2547 1861 καὶ
2573 1805 2893 1870 ἐσκότωται,
2927 1805 3049 1877 είκῆ
3081 1804 3318 1875 ῥαψῳδεί
3342 1806 3372 1858 ό
3397 1802 3671 1874 ἐπιπλήτ-

2088 1914 2197 1953 των
2225 1898 2304 1969 τῷ
2342 1898 2417 1970 μὴ
2445 1898 2714 1954 ἀκούοντι.
2745 1898 2898 1952 Τίσιν
2930 1893 3022 1953 οὖν
3066 1895 3472 1967 διαλεχθῶμεν;
3506 1895 3671 1969 είπερ

2090 1993 2119 2045 ό
2150 1992 2249 2062 μὲν
2277 1989 2492 2063 χρῄζων
2519 1992 2619 2063 τῆς
2641 1990 3011 2063 παραινέσεως
3039 1990 3141 2042 οὐκ
3172 1987 3357 2043 ἀκούει
3378 1988 3487 2043 τῶν
3511 1987 3672 2056 λεγο-

2095 2084 2273 2155 μένων
2293 2100 2306 2114 ’
2338 2083 2367 2134 ὁ
2397 2083 2454 2137 δὲ
2483 2082 2777 2154 σωφρονῶν
2803 2082 2898 2136 κα).
2924 2082 3109 2152 νήφων
3134 2080 3196 2135 οὑ
3219 2080 3388 2134 δεῖται
3420 2077 3532 2152 (50)
3564 2079 3671 2150 τῆς

2090 2175 2157 2229 ὲκ
2182 2173 2277 2228 τοῦ
2306 2172 2467 2243 λόγου
2516 2173 2789 2244 βοηθείας,
2840 2168 3160 2243 καθαρεύων
3184 2163 3279 2223 τοῦ
3322 2168 3547 2233 πάθους.
3597 2167 3667 2220 Τί

2091 2263 2183 2321 οὖν
2211 2266 2487 2337 χρήσομαι
2535 2267 2648 2328 τοῖς
2686 2262 2976 2335 παροῦσιν,
3012 2264 3061 2315 εί
3105 2261 3200 2316 καὶ
3241 2263 3271 2315 ὁ
3301 2260 3458 2330 λόγος
3493 2261 3672 2331 ἀχρη-

2092 2372 2239 2420 στος,
2265 2355 2363 2408 καὶ
2403 2357 2437 2426 ή
2483 2355 2661 2425 σιωπὴ
2701 2354 2939 2425 άπορος;
2984 2351 3307 2422 Παρίὸωμεν
3340 2349 3438 2421 τὴν
3473 2349 3674 2417 ἐπιμέ-

2090 2448 2277 2512 λειαν;
2322 2446 2462 2500 Ἀλλ’
2507 2444 2843 2507 ἐπικίνδυνος
2881 2445 2916 2516 ή
2950 2443 3198 2514 ἀμέλεια.
3244 2440 3404 2495 Ἀλλὰ
3437 2440 3670 2512 φθέγξο-

2095 2541 2192 2611 μαί
2224 2557 2276 2594 τι
2310 2538 2451 2593 κατά
2473 2538 2581 2593 τῶν
2614 2537 2954 2610 μεθυόντων;
2997 2536 3134 2590 Ἀλλ’
3160 2538 3241 2599 εἰς
3267 2533 3465 2606 νεκράς
3496 2533 3669 2596 ἀκοὰς

2092 2630 2410 2702 ὲνηχοῦμεν.
2443 2632 2668 2703 Μήποτε
2701 2626 2817 2694 οὖν,
2851 2629 2927 2693 ὡς
2960 2630 3053 2682 επ),
3088 2627 3196 2682 τῶν
3225 2626 3486 2698 λοιμικῶν
3515 2642 3673 2697 νοση-

2095 2722 2282 2792 μάτων
2311 2724 2362 2775 οί
2389 2721 2498 2776 τῶν
2532 2721 2797 2791 σωμάτων
2840 2719 3171 2792 θεραπευταὶ
3196 2718 3325 2781 τοὺς
3363 2717 3459 2788 μὲν
3487 2715 3671 2785 ὑγιαίο

2092 2828 2282 2875 νοντας
2311 2813 2424 2872 τοῖς
2474 2810 2934 2883 προφυλακτικοῖς
2965 2808 3300 2879 βοηθήμασιν
3344 2804 3669 2876 ἀσφαλίζον-

2092 2919 2204 2969 ται,
2256 2903 2368 2965 τοῖς
2415 2900 2474 2953 δὲ
2528 2899 2960 2972 κεκρατημένοις
3012 2899 3119 2952 ὑπὸ
3164 2898 3258 2952 τοῦ
3310 2898 3513 2962 πάθους
3566 2897 3670 2950 οὐκ

2093 2993 2465 3066 ἐγχειροῦσιν
2509 2992 2653 3046 οὕτω
2686 2994 2778 3047 καὶ
2811 2994 2938 3063 ὑμῖν
2975 2990 3034 3059 ἐξ
3068 2991 3324 3062 ἡμισείας
3358 2989 3469 3061 ἔχει
3499 2988 3611 3060 (51)
3640 2990 3675 3042 ό

409 3084 523 3151 jam
553 3081 793 3151 correpti
818 3089 967 3146 sunt,
1002 3097 1203 3138 manus
1239 3099 1352 3138 non
1384 3084 1640 3141 adhibent
1669 3106 1680 3140 :
1709 3088 1791 3142 sic
1826 3087 1988 3142 etiam

2096 3088 2249 3157 λόγος
2276 3087 2338 3140 τὸ
2365 3086 2635 3157 χρήσιμον
2655 3103 2668 3116 ·
2726 3085 2974 3157 φυλακήν
3020 3084 3338 3146 ὑποδεικνὺς
3378 3083 3490 3144 τοῖς
3521 3081 3669 3133 ἀπα-

411 3171 575 3227 nobis
609 3170 791 3225 media
814 3184 881 3225 ex
920 3179 1075 3240 parte
1105 3172 1259 3228 utilis
1283 3181 1369 3229 est
1391 3190 1592 3243 sermo,
1625 3178 1718 3247 qui
1747 3178 1994 3248 imperti-

413 3276 570 3320 tnrus
608 3263 681 3319 sit
714 3264 941 3319 tutelam
980 3271 1036 3319 et
1086 3265 1396 3321 antidotum
1443 3270 1595 3324 sanis
1638 3278 1692 3324 et
1739 3269 1990 3342 integris,

412 3369 523 3408 non
544 3354 924 3409 liberationem
952 3361 1048 3408 aut
1074 3354 1344 3411 medelam
1370 3358 1782 3427 aegrotantibus.

479 3444 536 3500 5.
576 3443 721 3511 Quid
763 3444 971 3509 dilfers,
999 3460 1034 3500 ο
1070 3447 1258 3512 homo,
1299 3462 1331 3502 a
1368 3448 1546 3504 brutis
1584 3448 1995 3505 animantibus?

413 3538 610 3595 Nonne
653 3539 889 3594 rationis
931 3538 1098 3603 dono,
1147 3552 1259 3611 qua
1308 3552 1339 3592 a
1389 3546 1487 3593 tuo
1515 3537 1800 3593 conditore
1837 3554 1995 3595 acce-

417 3637 530 3701 pta,
559 3639 825 3687 creaturas
852 3628 1150 3700 cujuslibet
1178 3629 1438 3700 princeps
1467 3625 1695 3683 ell‘ectus
1726 3642 1789 3683 es
1823 3634 1879 3683 et
1902 3628 1995 3684 do-

415 3724 635 3780 minus?
658 3722 923 3794 Quisquis
952 3722 1119 3794 igitur
1150 3737 1211 3779 se
1242 3723 1362 3794 ipse
1400 3721 1763 3791 intelligentia
1805 3735 1871 3776 ac
1902 3735 1996 3775 co-

415 3816 660 3886 gnitione
698 3816 880 3886 privat
908 3830 1006 3886 per
1036 3814 1381 3878 ebrietatem,
1409 3812 1764 3881 Gomparalus
1807 3820 1884 3866 est
1901 3812 1997 3882 ju-

416 3900 605 3954 mentis
653 3898 1048 3969 insipientibus,
1094 3907 1146 3953 et
1200 3898 1394 3953 similis
1448 3897 1625 3967 factus
1679 3906 1758 3953 est
1794 3897 1904 3952 illis
1926 3898 1993 3954 ³⁸.

417 3992 533 4046 lmo
559 3991 724 4047 etiam
764 3991 1001 4048 dixerim
1028 4007 1131 4062 ego
1160 3991 1506 4047 'temulentos
1544 3991 1779 4047 rationis
1821 3990 1995 4063 magis

417 4100 541 4140 esse
567 4093 822 4155 expertes
845 4099 1011 4155 quam
1042 4083 1162 4153 ipsa
1190 4097 1428 4153 pecora:
1462 4082 1737 4153 siquidem
1755 4083 1997 4152 quadru-

417 4175 574 4247 pedia
628 4176 813 4231 omnia
864 4182 919 4231 et
968 4174 1179 4241 bestiae,
1223 4182 1405 4231 certos
1451 4187 1517 4229 ac
1565 4180 1886 4229 constantes
1925 4173 1996 4228 ad

417 4266 623 4323 coitum
667 4277 849 4322 motus
898 4267 1249 4338 impetitsque
1307 4267 1549 4322 habent:
1578 4281 1813 4336 quorum
1867 4281 1997 4321 vero

417 4357 662 4413 animum
689 4357 1008 4414 temulentia
1042 4364 1300 4427 occupat,
1324 4365 1379 4412 et
1409 4371 1644 4428 quorum
1679 4371 1880 4428 corpus
1905 4371 1999 4413 ca-

2093 3182 2263 3245 θέσιν,
2294 3180 2395 3233 οὐκ
2432 3176 2748 3249 ἀπαλλαγὴν
2778 3177 2873 3230 καὶ
2905 3177 3047 3231 ἴασιν
3072 3178 3183 3240 τοῖς
3214 3174 3320 3229 ὑπὸ
3345 3171 3438 3227 τοῦ
3466 3173 3670 3235 πάθους

2092 3270 2545 3344 κεκρατημένοις.

2162 3457 2217 3512 5.
2239 3455 2357 3510 Τίνι
2390 3454 2704 3525 διενήνοχας
2725 3451 2832 3506 τῶν
2859 3449 3086 3519 ἀλόγων,
3115 3442 3161 3501 ὦ
3180 3445 3471 3518 άνθρωπε;
3501 3442 3575 3496 Ub
3601 3444 3671 3514 τῇ

2091 3545 2271 3619 δωρεᾷ
2298 3543 2392 3598 τοῦ
2422 3544 2605 3613 λόγου,
2634 3543 2700 3612 ἢν
2727 3539 2907 3595 λαϐὼν
2954 3538 3108 3610 παρὰ
3134 3535 3229 3589 τοῦ
3260 3531 3546 3595 κτίσαντός
3585 3548 3672 3597 σε,

2093 3637 2276 3709 ἄρχων
2312 3635 2407 3689 καὶ
2448 3633 2636 3706 κύριος
2680 3632 2866 3700 ἐγένου
2919 3629 3099 3699 πάσης
3144 3626 3241 3699 τῆς
3290 3625 3553 3689 κτίσεως;
3611 3621 3674 3677 '0

2093 3729 2271 3784 τοίνυν
2300 3726 2630 3798 ἀφελόμενος
2667 3723 2860 3779 ἑαυτοῦ
2894 3723 2992 3794 τὴν
3025 3721 3285 3794 φρόνησιν
3313 3718 3401 3773 διὰ
3441 3718 3541 3785 τῆς
3572 3716 3673 3788 μέη

2098 3822 2218 3892 θης,
2243 3814 2757 3888 Παρασυνεϐλήθη
2786 3814 2910 3880 τοῖς
2940 3813 3189 3881 κτήνεσι
3216 3808 3341 3873 τοῖς
3369 3805 3670 3874 ἀνοήτοις,

2101 3910 2202 3965 καὶ
2227 3906 2491 3979 ὡμοιώθη
2522 3905 2744 3972 αὐτοῖς.
2778 3903 2994 3958 Μᾶλλον
3026 3901 3083 3954 δὲ
3123 3899 3218 3954 καὶ
3246 3896 3356 3950 τῶν
3386 3895 3553 3965 βοσκη
3564 3894 3673 3965 μάα

2095 4014 2205 4052 των
2239 3996 2402 4066 φαίην
2449 3994 2516 4050 ἂν
2549 3994 2723 4064 ἔγωγε
2769 3990 3139 4061 ἀλογωτέρους
3184 3983 3322 4041 εἶναι
3352 3987 3479 4048 τοὺς
3515 3986 3570 4036 ὲν
3603 3986 3675 4053 τῇ

2100 4090 2274 4162 μέθῃ·
2318 4090 2476 4161 εἴπερ
2515 4087 2586 4159 τὰ
2620 4087 2718 4158 μὲν
2750 4084 3055 4159 τετράποδα
3080 4081 3257 4145 πάντα
3298 4080 3391 4133 καὶ
3418 4078 3485 4131 τά
3511 4076 3678 4147 θηρία

2096 4178 2438 4250 τεταγμένας
2491 4176 2605 4247 ἔχει
2650 4176 2749 4239 τὰς
2803 4175 2938 4246 πρὸς
2986 4174 3086 4244 τὴν
3136 4169 3280 4243 μίξιν
3314 4166 3509 4240 ὁρμὰς,
3542 4167 3591 4218 οἱ
3618 4165 3677 4217 δὲ

2098 4272 2202 4327 ὑπὸ
2226 4272 2327 4342 τῆς
2363 4270 2533 4342 μέθης
2562 4269 2659 4341 τὴν
2682 4268 2859 4340 ψυχὴν
2888 4266 3262 4337 κατεχόμενοι,
3305 4263 3399 4316 καὶ
3424 4260 3485 4313 τὸ
3518 4258 3679 4328 σῶμα

2094 4362 2195 4433 τῆς
2262 4360 2414 4435 παρὰ
2483 4359 2647 4430 φύσιν
2700 4359 3032 4430 θερμότητος
3090 4354 3498 4424 ἀναπλήσαντες
3543 4347 3676 4417 (52).

418 4449 504 4506 lor
532 4457 730 4517 praeter
766 4455 1025 4504 naturam
1053 4448 1325 4505 accedens
1356 4448 1566 4519 implet,
1597 4449 1654 4502 hi
1677 4449 1830 4503 omni
1859 4457 1990 4505 tem-

2098 4452 2281 4509 πάντα
2309 4452 2501 4524 καιρὸν
2538 4453 2632 4507 καὶ
2658 4453 2835 4505 πᾶσαν
2864 4449 3012 4521 ὤραν
3046 4446 3184 4518 πρὸς
3209 4444 3308 4507 τὰς
3337 4440 3678 4511 ἀκαθάρτους

421 4554 553 4610 pore
579 4548 635 4596 et
665 4541 813 4595 omni
834 4540 970 4596 hora
997 4539 1067 4596 ad
1088 4541 1335 4610 impuros
1358 4546 1654 4610 turpesque
1677 4540 1993 4610 complexus

417 4631 788 4701 concitantur,
832 4638 998 4704 atque
1041 4631 1111 4687 ad
1153 4632 1483 4703 voluptates.
1526 4630 1639 4686 Nec
1686 4630 1790 4685 hoc
1834 4631 1996 4688 modo

491 4791 539 4824 "
568 4787 718 4847 Psal.
754 4804 950 4857 nvnt,
985 4790 1077 4846 15.

488 4945 604 5020 (28)
631 4943 791 5002 Colb.
836 4943 1050 5018 primus
1082 4960 1182 5017 pro
1231 4945 1513 5011 παντελῶς
1556 4941 1719 4998 habet
1764 4940 2000 5014 ἀληθῶς,

420 5033 557 5074 rere.
1932 5038 1943 5051 .

491 5086 606 5157 (‘29)
636 5087 792 5143 Colb.
814 5087 1011 5143 tertius
1029 5087 1288 5157 λογισμὸν
1305 5084 1707 5141 κατασϐέννυσι
1727 5081 2003 5155 σώφρονα,

422 5161 731 5229 prudentem
746 5159 1134 5229 cogitationem
1168 5157 1479 5229 exstinguit,
1519 5227 1536 5229 ﬂ
1952 5171 1956 5174 ‘

517 5228 609 5296 50)
641 5228 944 5283 Colbertini
975 5228 1084 5282 duo
1109 5243 1243 5284 mss.
1274 5227 1428 5281 οὐδὲν
1458 5226 1649 5296 δεῖται.

517 5230 609 5296 50)
641 5230 944 5283 Colbertini
975 5230 1084 5282 duo
1109 5243 1243 5284 mss.
1274 5230 1428 5281 οὐδὲν
1458 5230 1649 5279 δεῖται.

495 5230 618 5372 ibi)
643 5296 786 5372 Editi
832 5299 950 5372 ἔχῃ.
981 5297 1208 5372 Veteres
1251 5314 1347 5355 sex
1382 5297 1513 5372 libri
1539 5294 1673 5365 ἔχει.
1707 5297 2007 5369 Aliquanto

423 5365 551 5440 post
567 5365 735 5440 Coll».
762 5365 975 5438 primus
1004 5368 1211 5433 πάθους
1241 5365 1655 5440 κρατουμένοιςἼ

496 5438 613 5511 (⁸52)
647 5435 802 5511 Unu_s
830 5454 935 5511 ms.
968 5454 1070 5509 pro
1103 5435 1517 5511 ἀναπλήσαντες
1572 5437 1737 5491 habet
1757 5435 2008 5511 ἀναπλη-

429 5506 721 5577 ρώσαντες.
746 5506 814 5562 Et
831 5509 959 5565 inde
971 5506 1200 5578 quoque
1221 5506 1546 5564 Ambrosius
1562 5507 1797 5578 sumpsit
1811 5507 2004 5578 multa,
2022 5518 2027 5523 θ

425 5575 548 5648 Quae
589 5578 834 5649 reperias
876 5575 1057 5648 capite
1102 5575 1188 5635 l6.
1234 5579 1329 5634 Sic
1360 5579 1505 5634 enim
1539 5575 1838 5649 loquitur:
1876 5575 2005 5630 Ηατσ

427 5648 713 5715 (ebrietas)
742 5666 926 5704 sensus
954 5649 1224 5705 hominum
1252 5658 1424 5704 mutat
1445 5657 1503 5707 et
1522 5648 1745 5715 formas,
1765 5664 1853 5715 per
1871 5649 2005 5700 hanc

429 5720 565 5791 ﬁunt
591 5734 657 5776 ea:
685 5718 985 5778 hominibus
1018 5721 1138 5791 equi
1173 5720 1561 5776 adhinnienles.
1612 5718 1880 5790 Siquidem
1908 5736 2003 5773 na-

2102 4544 2195 4598 καὶ
2241 4520 2560 4616 ἀσχήμονας
2601 4520 2923 4614 συμπλοκὰς
2957 4539 3052 4593 καὶ
3092 4534 3284 4607 ἡδονὰς
3326 4520 3685 4587 συνελαύνονέ

2100 4652 2210 4690 ται.
2240 4636 2351 4689 Καὶ
2381 4635 2442 4690 οὐ
2473 4632 2632 4689 τοῦτο
2663 4634 2823 4705 μόνον
2855 4632 2957 4703 τὴν
2983 4629 3206 4700 ἀλογίαν
3232 4628 3411 4689 αὐτοῖς
3440 4625 3677 4696 ἐμποιεῖ,

2113 4942 2277 4997 turali
2304 4957 2493 5012 vapore
2531 4942 2770 5012 corporis
2803 4941 2964 4996 calidi
2999 4951 3049 4995 et
3074 4948 3267 5008 praeter
3295 4946 3545 5012 naturam
3575 4934 3681 5012 vini.

2111 5012 2286 5068 calore
2314 5007 2601 5082 ﬂammati,
2623 5007 2869 5066 'cohibere
2893 5028 2948 5065 se
2971 5007 3313 5082 noni-queunt,
3339 5017 3389 5061 et
3419 5010 3472 5061 in
3494 5007 3684 5082 οεδιία-

2112 5083 2185 5137 les
2217 5078 2459 5138 libidines
2485 5084 2806 5139 excitantur.
2854 5092 2909 5135 ut
2954 5078 3161 5135 nullum
3200 5089 3397 5147 tempus
3433 5078 3683 5144 praescri—

2108 5163 2255 5222 ptum
2293 5153 2542 5215 habeant,
2595 5168 2696 5221 quo
2740 5157 2921 5204 deceat
2963 5151 3234 5219 indulgere
3287 5147 3679 5222 concubitui....

2115 5217 2340 5277 Umbras
2379 5239 2514 5292 sa'pe
2541 5217 2850 5276 transiliunt
2883 5223 3016 5276 sicut
3058 5217 3432 5292 faueas,_nulat
3457 5217 3539 5269 his
3563 5233 3683 5269 eum

2109 5295 2247 5363 facie
2280 5287 2643 5363 terra,'subito
2658 5293 2799 5363 erigi
2834 5300 2882 5363 et
2927 5287 3180 5363 inclinari
3220 5287 3516 5363 t'idetur._...
3549 5302 3673 5340 con-

2110 5355 2440 5419 currentibus
2479 5355 2883 5418 montibusvsibi
2911 5361 3151 5415 uidentur
3178 5358 3398 5414 includi.
3435 5355 3687 5410 Murmur

2110 5436 2166 5489 in
2196 5434 2414 5488 auribus
2447 5443 2714 5502 tanquam.
2741 5432 2906 5503 maris
2938 5432 3246 5503 ﬂuctuantis
3278 5429 3551 5503 [τορός-τ...

2108 5506 2332 5577 gilantes
2379 5495 2678 5577 somniant,
2739 5495 3057 5577 dormientes
3116 5495 3383 5577 litigantf
3415 5495 3541 5577 Vita
3600 5495 3685 5577 bis

2112 5566 2371 5631 somnium
2393 5583 2493 5628 est.
2522 5566 2687 5637 Illud,
2716 5573 2860 5641 quod
2890 5586 3014 5626 mox
3042 5566 3310 5639 sequiiur,
3343 5567 3439 5621 καὶ
3468 5566 3682 5638 ἡδονάς,

2110 5664 2177 5703 ex
2206 5645 2420 5703 duobus
2448 5659 2583 5702 mss.
2615 5643 2947 5700 Colbertinis
2974 5641 3303 5698 addidimus.
