4036 6236
300 338 409 391 419

1534 338 1816 395 IIOMILIA
1858 339 1924 394 IN
1963 341 2319 399 EBRIOSOS.

3455 344 3562 398 ιῖἱο

294 454 435 507 ἀλλὰ
466 455 559 505 καὶ
590 455 621 521 ἡ
651 453 757 503 τῶν
814 452 1116 524 αἰσθήσεων
1148 456 1471 525 παρατροπὴ
1507 458 1722 528 χείρονα
1752 475 1877 510 παν-

1984 475 2079 515 eos
2109 462 2300 518 brutos
2332 463 2510 517 reddit
2555 470 2608 518 et
2634 463 2882 533 stupidos
2918 464 3051 519 :sed
3092 478 3351 519 sensuum
3394 466 3560 518 etiam

295 544 389 607 τὸς
428 543 661 613 κτήνους
708 544 1058 597 ἀποδείκνυσι
1102 545 1192 598 τὸν
1242 546 1526 617 μεθύοντα.
1579 549 1734 602 Ποῖον
1777 549 1884 620 γὰρ

300 637 553 707 βόσκημα
588 636 734 690 οὕτω
779 636 1122 707 παραϐλέπει
1156 638 1248 689 καὶ
1288 636 1431 691 οὕτω
1464 638 1763 711 παρακούει
1809 639 1883 702 ὡς

296 729 327 779 6
386 726 637 797 μεθύων;
691 727 807 779 Οὐκ
859 726 1110 794 ἀγνοοῦσι
1165 728 1263 797 μὲν
1312 728 1439 792 τοὺς
1496 729 1881 793 οἰκειοτάτους,

300 821 698 891 προστρέχουσι
742 820 801 873 δέ
846 820 1107 884 πολλάκις
1153 824 1264 884 τοῖς
1316 821 1618 893 ἀλλοτρίοις
1651 823 1726 885 ὡς
1772 827 1885 887 τοῖς

302 913 618 983 συνήθεσινς
677 913 753 965 Ού
797 912 897 975 τὰς
948 913 1102 975 σκιάς
1151 912 1455 983 διαπηδῶσι
1508 914 1765 976 πολλάκις
1808 914 1882 977 ὡς

299 1004 517 1075 ὀχετοὺς
549 1004 581 1073 ἢ
619 1004 945 1074 φάραγγας;
990 1004 1172 1074 Ἤχων
1199 1004 1255 1055 δὲ
1284 1004 1466 1067 αὐτοῖς
1509 1005 1619 1074 (55)
1665 1006 1757 1058 καὶ
1786 1004 1883 1074 ψό-

300 1114 437 1164 φων,
488 1096 652 1147 οἱονεὶ
694 1095 969 1165 θαλάσσης
999 1094 1479 1166 κυμαινούσης,τὰ
1518 1090 1632 1149 ὦτα
1672 1096 1881 1165 πεπλή-

305 1203 504 1256 ρωται·
538 1186 652 1256 ἡδὲ
684 1186 755 1256 γῆ
805 1186 940 1257 πρὸς
982 1186 1043 1239 τὸ
1084 1186 1263 1257 ὄρθιον
1310 1186 1680 1240 διανίστασθαι
1712 1188 1877 1250 δοκεῖ,

299 1280 394 1330 καὶ
433 1280 502 1332 τά
534 1278 638 1349 ὅρη
689 1279 1034 1349 περιτρέχειν
1076 1281 1133 1331 ἐν
1168 1279 1369 1350 κύκλῳ.
1412 1276 1567 1334 Οὗτοι
1600 1282 1728 1335 ποτὲ
1784 1282 1881 1353 μὲν

298 1370 531 1439 γελῶσιν
579 1371 858 1434 ἇπαυστα,
895 1372 1024 1424 ποτὲ
1068 1372 1123 1423 δὲ
1155 1371 1448 1426 όδυνῶνται
1479 1374 1573 1425 καὶ
1606 1373 1880 1428 κλαίουσιν

299 1462 725 1532 ἀπαρηγόρητα.
773 1463 880 1515 Καὶ
920 1463 1008 1515 νῦν
1042 1464 1139 1533 μὲν
1168 1464 1387 1536 θρασεῖς
1418 1468 1522 1519 εἰσι
1556 1466 1649 1518 καὶ
1680 1466 1881 1536 ἀπτόη-

296 1570 415 1615 τοι,
452 1552 549 1605 νῦν
599 1554 658 1606 δὲ
712 1554 1008 1623 κατάφοὸοι
1060 1556 1152 1608 καὶ
1212 1556 1395 1609 δειλοί.
1456 1557 1676 1621 Τούτοις
1725 1558 1879 1612 ὕπνοι

302 1643 402 1712 μὲν
434 1643 627 1715 βαρεῖς
662 1645 755 1697 καὶ
802 1646 1161 1717 δυσανάροροι
1202 1650 1292 1700 καὶ
1334 1648 1643 1715 πνιγώδεις,
1680 1651 1771 1705 καὶ
1804 1650 1881 1720 τῷ

298 1736 410 1788 ὄντι
444 1736 679 1789 θανάτου
728 1738 987 1804 γείτονες,
1024 1739 1079 1790 αἱ
1126 1738 1181 1790 δὲ
1228 1742 1593 1811 γρηγορήσεις
1632 1742 1742 1812 (54)
1771 1742 1880 1795 τῶν

1989 554 2202 607 eversio
2236 555 2599 609 temulentum
2639 555 2835 625 quovis
2865 570 3061 625 pecore
3084 556 3409 611 deteriorem
3448 555 3562 610 elli-

1990 640 2083 694 cit.
2108 639 2399 698 Enimvero
2426 644 2699 714 quodnam
2729 644 2949 697 brutum
2982 644 3185 699 animal
3216 644 3437 698 videndi
3464 660 3562 699 au-

1988 733 2285 803 diendique
2334 749 2499 789 sensu
2551 735 2856 805 languescit
2913 735 3022 800 ita,
3084 744 3143 789 ut
3189 735 3560 790 temulentus?

1986 823 2179 879 Nonne
2211 826 2465 894 ignorant
2494 824 2976 893 familiarissimos,
3013 833 3066 880 et
3088 841 3232 895 saepe
3253 826 3319 880 ad
3352 826 3560 880 alienos

1989 915 2131 969 velut
2154 914 2221 968 ad
2240 915 2535 971 familiares
2561 930 2624 969 ac
2649 917 2991 971 necessarios
3012 914 3560 971 accurrunt?Nonne

1987 1021 2362 1075 saepenumero
2394 1007 2616 1061 umbras
2647 1015 2906 1076 tanquam
2931 1008 3138 1061 rivulos
3160 1015 3253 1060 aut
3281 1007 3559 1063 convalles

1987 1099 2340 1154 transiliunt?
2389 1098 2600 1154 Rursus
2640 1116 2827 1154 eorum
2879 1105 3039 1154 aures
3083 1100 3265 1155 sonitu
3312 1115 3375 1153 ac
3417 1109 3560 1156 stre-

1988 1192 2101 1260 pitu
2162 1191 2399 1261 quodam
2443 1193 2599 1261 quasi
2659 1193 2945 1247 aestuantis
2998 1193 3165 1247 maris
3222 1193 3554 1263 implentur:

1987 1291 2133 1336 terra
2173 1299 2299 1337 vero
2325 1298 2544 1337 sursum
2594 1284 2729 1353 erigi
2768 1282 3004 1347 videtur,
3052 1292 3106 1337 et
3142 1293 3359 1339 montes
3388 1286 3442 1338 in
3467 1299 3562 1339 or-

1988 1373 2107 1428 bem
2145 1374 2511 1428 circumverti.
2563 1372 2627 1426 Hi
2669 1374 2967 1444 aliquando
3000 1375 3219 1443 quidem
3260 1376 3442 1431 rident
3472 1376 3558 1429 in-

1987 1464 2333 1529 desinenter;
2366 1466 2661 1536 aliquando
2704 1483 2834 1521 vero
2865 1467 3049 1521 dolent
3082 1468 3375 1536 lugentque
3417 1467 3561 1522 inso-

1987 1557 2241 1611 labiliter.
2270 1556 2331 1609 Et
2356 1557 2518 1611 modo
2549 1557 2785 1613 audaces
2815 1568 2941 1612 sunt
2965 1567 3019 1612 et
3062 1558 3353 1628 intrepidi;
3394 1559 3558 1613 modo

1989 1648 2182 1716 trepidi
2228 1646 2535 1715 timidique.
2576 1646 2672 1702 His
2705 1648 2883 1702 somni
2918 1648 3136 1717 quidem
3167 1662 3361 1716 graves
3405 1655 3555 1707 sunt,

1986 1747 2040 1793 et
2073 1755 2308 1793 cxcussu
2353 1739 2623 1803 difficiles,
2676 1755 2844 1808 prope
2888 1738 3241 1801 suffocantes,
3287 1738 3559 1808 planeque

300 1827 481 1881 ὕπνων
510 1827 984 1898 ἀναισθητότεραι.
1038 1829 1315 1883 Ἐνύπνιον
1348 1830 1455 1902 γὰρ
1501 1833 1685 1896 αὐτοῖς
1731 1836 1877 1887 ἐστιν

1982 1832 2139 1882 morti
2168 1828 2368 1895 vicini;
2404 1829 2598 1898 vigiliae
2629 1843 2758 1881 vero
2782 1829 2993 1883 somnis
3026 1828 3379 1897 stupidiorcs.
3418 1826 3556 1880 Nam

300 1921 326 1971 ὀ
359 1919 494 1989 βίος,
526 1920 579 1971 οἵ
607 1935 696 1987 γε,
733 1918 949 1988 ἱμάτιον
991 1919 1090 1972 οὐκ
1123 1920 1356 1989 ἔχοντες,
1394 1922 1515 1975 οὐδὲ
1552 1924 1604 1975 τί
1636 1924 1881 1991 φάγωσιν

300 2015 377 2074 είς
414 2012 514 2082 τὴν
546 2009 759 2083 αὔριον,
786 2010 1129 2081 βασιλεύουσι
1150 2015 1241 2066 καὶ
1278 2016 1655 2085 στρατοπέδων
1690 2018 1882 2088 ἄρχου-

301 2121 383 2155 σιν
416 2104 473 2155 ἐν
520 2105 587 2172 τῇ
632 2103 795 2175 μέθῃ,
844 2103 939 2156 καὶ
989 2104 1167 2167 πόλεις
1215 2106 1575 2176 οἰκοδομοῦσι,
1613 2108 1706 2162 καὶ
1751 2111 1883 2179 χρή-

303 2212 448 2263 ματα
475 2193 814 2264 διανέμουσι.
867 2193 1130 2248 Τοιούτων
1163 2196 1472 2264 φαντασιῶν
1521 2199 1615 2251 καὶ
1666 2199 1881 2269 ἀπάτης

298 2286 565 2356 τοσαύτης
594 2286 866 2358 περιζέων
901 2288 928 2339 ὁ
971 2283 1111 2351 οἶνος
1156 2286 1255 2352 τὰς
1285 2289 1510 2361 καρδίας
1540 2290 1717 2343 αὐτῶν
1744 2291 1881 2361 πλη-

303 2383 401 2449 ροῖ.
442 2380 668 2449 Ἕτεροι
701 2378 758 2430 δὲ
799 2379 880 2441 είς
923 2379 993 2432 τὰ
1041 2382 1262 2435 ἐναντία
1307 2382 1659 2453 περιάγονται
1710 2384 1877 2455 πάθη.

300 2472 625 2535 Δυσέλπιδὲς
682 2473 811 2538 είσι,
868 2474 962 2525 καὶ
1011 2477 1293 2545 κατηφεῖς,
1347 2475 1440 2527 καὶ
1484 2475 1751 2545 ὀδυνηροὶ,
1789 2476 1882 2528 καὶ

298 2564 653 2637 δακρυώδεις,
692 2564 787 2617 καὶ
824 2564 1125 2633 ψοφοδεεῖς,
1156 2566 1249 2618 καὶ
1282 2564 1591 2634 εὐπτόητοι.
1640 2567 1696 2617 '0
1721 2564 1881 2627 αὐτὸς

299 2652 436 2719 οἶνος
470 2658 528 2707 ὲν
559 2655 839 2725 διαφόροις
875 2657 1138 2725 σωμάτων
1169 2656 1314 2720 ’ἐξεσι
1370 2657 1603 2726 διάφορα
1636 2657 1704 2710 τὰ
1733 2657 1877 2728 πάθη

298 2749 416 2807 ταῖς
443 2747 645 2814 ψυχαῖς
696 2745 1082 2815 ἐργαζόμενος.
1129 2742 1223 2810 Οἷς
1261 2746 1358 2816 μὲν
1397 2747 1503 2817 γὰρ
1534 2746 1599 2800 ἂν
1636 2746 1880 2815 διάχυσιν

298 2833 389 2885 τοῦ
429 2835 662 2905 αἵματος
708 2834 1013 2903 ἐμποιήσας
1046 2833 1183 2905 πρὸς
1214 2833 1314 2904 τὴν
1363 2833 1685 2901 ἐπιφάνειαν
1733 2832 1881 2896 ἐξαν-

300 2926 459 2998 θήσῃ,
492 2924 755 2995 φαιδροὺς
784 2924 877 2978 καὶ
918 2926 1063 2995 ἡδεῖς
1093 2924 1186 2977 καὶ
1224 2925 1639 2994 γεγανωμένους
1684 2924 1881 2987 αὐτοὺς

299 3018 680 3071 ἀποδείκνυσιν
702 3035 715 3046 ·
746 3010 820 3070 ὧν
864 3017 906 3069 δ’
936 3016 1002 3069 ἂν
1038 3016 1142 3068 ὑπὸ
1179 3016 1269 3069 τοῦ
1302 3016 1497 3087 βάρους
1537 3016 1881 3087 καταπιλήση

296 3114 392 3182 τὴν
418 3112 553 3178 ἕξιν,
583 3111 887 3163 συστέλλων
918 3108 1097 3163 αὐτῶν
1123 3110 1216 3161 καὶ
1243 3109 1589 3172 καταπιέζων
1618 3110 1678 3163 τὸ
1717 3104 1876 3179 αἷμα,

298 3203 429 3274 πρὸς
460 3204 563 3273 τὴν
594 3201 843 3254 ἐναντίαν
868 3202 1064 3264 αὐτοὺς
1102 3199 1351 3271 περιάγει
1380 3200 1643 3256 διάθεσιν.
1680 3202 1789 3254 Καὶ

295 3296 373 3347 δεῖ
401 3293 583 3362 λέγειν
608 3292 718 3345 τῶν
757 3291 957 3345 λοιπῶν
988 3291 1176 3344 παθῶν
1201 3291 1292 3345 τὸν
1322 3290 1475 3361 ὄχλον
1500 3306 1514 3357 ;
1548 3290 1647 3355 τὰς
1689 3292 1881 3346 δυσκο-

296 3385 415 3448 λίας
444 3382 542 3436 τοῦ
580 3382 778 3453 ἦθους;
812 3381 872 3434 τὸ
902 3380 1337 3452 εύπαρόξυντον;
1381 3382 1442 3434 τὸ
1474 3382 1875 3455 μεμψίμοιρον;

294 3480 354 3530 το
384 3475 690 3547 ὀξύρροπον
718 3474 816 3544 τῆς
843 3473 1054 3543 ψυχῆς
1078 3472 1173 3544 τὴν
1203 3476 1478 3543 κραυγήν;
1510 3474 1601 3525 τὸν
1624 3473 1875 3544 θόρυϐον;

295 3569 353 3619 τὲ
399 3567 535 3636 πρὸς
568 3566 746 3618 πᾶσαν
778 3563 990 3634 ἀπάτην
1028 3563 1456 3634 εὐπαράγωγον;
1496 3566 1557 3618 τὸ
1602 3564 1739 3635 πρὸς
1781 3567 1879 3629 τὰς

294 3660 462 3730 ὀργὰς
494 3658 821 3728 ἀταμίευτον
839 3673 854 3721 ;

364 3755 419 3808 4.
459 3755 527 3807 Ἠ
570 3753 626 3806 δὲ
651 3751 786 3823 πρὸς
806 3750 904 3813 τὰς
931 3750 1126 3821 ἡδονὰς
1159 3749 1396 3821 ἀκρασία
1417 3750 1674 3821 ἄντικρυς
1690 3750 1878 3822 ὥσπερ

295 3848 358 3899 ἐκ
402 3844 589 3915 πηγῆς
620 3842 713 3896 τοῦ
755 3842 897 3895 οἴνου
932 3842 1181 3911 φέρεται,
1234 3842 1327 3895 καί¹
1377 3843 1749 3897 συνεισπίπτει
1800 3844 1879 3914 τῷ

293 3941 519 4010 ἀκράτῳ
552 3938 652 4007 τῆς
683 3935 967 4003 ἀσελγείας
1014 3937 1047 4005 ὴ
1085 3935 1257 3999 νόσος,
1288 3937 1469 3988 πᾶσαν
1516 3934 1879 4006 βοσκημάτων

296 4032 495 4103 μανίαν
539 4031 632 4081 ἐπὶ
674 4029 733 4080 τὸ
767 4028 902 4097 θῆλυ
958 4026 1217 4097 δευτέραν
1258 4026 1358 4095 τῆς
1415 4026 1523 4080 τῶν
1572 4027 1878 4095 μεθυόντων

295 4124 508 4194 ὖόρεως
538 4122 911 4189 ἀποφαίνουσα
931 4136 945 4150 ο
986 4118 1145 4191 εἴπερ
1170 4118 1239 4171 τά
1289 4119 1386 4189 μὲν
1423 4119 1592 4187 ἄλογα
1624 4122 1877 4191 γνωρίζει

291 4216 420 4275 τοὺς
464 4214 625 4283 ὅρους
654 4210 753 4279 τῆς
803 4210 1036 4278 φύσεως,
1072 4209 1121 4262 οἱ
1172 4208 1227 4260 δὲ
1262 4206 1550 4277 μεθύοντες
1604 4210 1660 4260 ὲν
1690 4208 1879 4280 ἄρρενι

423 4308 485 4359 τὸ
514 4306 674 4374 θῆλυ,
705 4306 761 4357 ὲν
804 4304 858 4355 δὲ
888 4301 964 4372 τῷ
1005 4301 1156 4373 θήλει
1193 4300 1254 4352 τὸ
1296 4301 1463 4371 ἄρρεν
1504 4301 1876 4371 ἐπιζητοῦσιν.

290 4404 429 4457 (ὑδέ
473 4401 784 4466 ἐπεξελθεῖν
818 4399 896 4470 τῷ
941 4399 1083 4468 λόγῳ
1128 4397 1307 4468 ῥᾴδιον
1342 4398 1473 4450 πᾶσι
1515 4400 1629 4460 τοῖς
1678 4399 1742 4450 ἐκ
1780 4398 1879 4467 τῆς

1829 3169 1948 3255 τεο

1984 1920 2315 1976 insomnium
2364 1920 2641 1989 quoddam
2694 1928 2778 1974 est
2822 1920 2935 1973 vita
2988 1920 3255 1989 ipsorum,
3296 1918 3389 1985 qui
3432 1933 3557 1971 cum

1983 2027 2083 2065 nec
2140 2017 2344 2065 vestem
2396 2010 2668 2075 habeant,
2721 2025 2898 2079 neque
2942 2008 3089 2079 quod
3144 2008 3200 2062 in
3255 2006 3557 2061 crastinum

1982 2102 2165 2165 edant,
2216 2112 2464 2171 regnant,
2514 2110 2568 2156 et
2620 2102 2953 2157 exercitibus
2993 2101 3048 2155 in
3089 2101 3351 2155 ebrietate
3386 2100 3559 2169 impe-

1982 2204 2126 2255 rant,
2172 2200 2499 2247 construunt
2548 2193 2730 2257 urbes,
2788 2208 2852 2247 ac
2888 2194 3150 2262 pecunias
3193 2193 3555 2261 elargiuntur.

1984 2282 2129 2339 Visis
2164 2286 2434 2353 ejusmodi
2470 2292 2732 2354 tantoque
2759 2300 2947 2339 errore
2977 2299 3167 2338 eorum
3191 2284 3358 2339 corda
3385 2284 3560 2353 replet

1982 2376 2192 2429 vinum.
2240 2377 2346 2430 Alii
2378 2392 2508 2432 vero
2559 2376 2616 2430 in
2657 2376 2967 2431 contrarios
3014 2375 3241 2430 affectus
3271 2376 3559 2444 prolabun-

1982 2475 2091 2520 tur.
2140 2467 2490 2537 Despondent
2533 2468 2799 2532 animum,
2853 2468 3040 2522 tristes
3087 2474 3234 2527 sunt,
3285 2465 3554 2529 dolentes,

1985 2560 2239 2630 lacrymis
2278 2576 2337 2616 se
2374 2560 2658 2623 dedentes,
2693 2559 3058 2625 formidolosi,
3105 2566 3160 2613 et
3201 2567 3555 2613 consternatu

1986 2654 2194 2708 faciles.
2237 2654 2381 2709 Idem
2408 2654 2593 2707 vinum
2628 2668 2729 2722 pro
2756 2652 2909 2705 varia
2953 2666 3244 2721 corporum
3274 2650 3429 2720 125
3459 2651 3558 2703 ha-

1984 2745 2229 2799 bitudine
2259 2746 2443 2800 varios
2470 2760 2533 2799 ac
2560 2744 2808 2800 diversos
2838 2745 3063 2799 affectus
3095 2744 3148 2796 in
3168 2743 3366 2796 animis
3395 2745 3555 2811 parit.

1983 2837 2038 2891 ln
2073 2839 2272 2907 quibus
2320 2837 2490 2902 enim,
2542 2837 2808 2907 sanguine
2839 2836 3059 2899 diffuso,
3093 2834 3160 2889 ad
3210 2835 3557 2904 superficiem

1983 2945 2157 2999 usque
2200 2930 2519 2995 eﬂloruerit,
2569 2946 2664 2985 eos
2699 2930 2904 2983 hilares
2952 2929 3215 2997 laztosque
3258 2935 3312 2981 et
3360 2928 3559 2997 gaudio

1982 3022 2234 3091 perfusos
2288 3022 2467 3076 reddit
2503 3040 2515 3075 :
2554 3036 2788 3091 quorum
2838 3036 2966 3074 vero
3012 3019 3384 3074 habitudinem
3423 3035 3559 3090 pon-

1980 3114 2110 3168 dere
2148 3128 2249 3168 suo
2274 3112 2631 3174 obstruxerit,
2662 3127 2777 3175 eos,
2827 3118 3116 3165 contracto
3144 3125 3209 3163 ac
3243 3125 3561 3180 compresso

1981 3206 2266 3275 sanguine,
2294 3204 2360 3257 ad
2383 3203 2715 3258 contrariam
2741 3202 3078 3256 affectionem
3108 3210 3463 3256 transmovet.
3493 3201 3559 3255 Et

1979 3296 2108 3369 quid
2139 3312 2278 3368 Opus
2307 3306 2384 3353 est
2412 3295 2747 3367 reliquarum
2775 3295 3248 3365 perturbationum
3283 3301 3558 3350 catervam

1979 3392 2302 3447 recensere?
2337 3391 2572 3446 indolem
2609 3405 2906 3454 morosam,
2944 3393 3185 3443 animum
3228 3389 3558 3443 exacerbata

1977 3484 2217 3548 facilem,
2237 3498 2416 3538 mores
2439 3483 2720 3553 querulos,
2752 3484 3094 3553 repentinam
3119 3481 3284 3535 animi
3306 3482 3563 3535 mutatio-

1980 3591 2125 3639 nem,
2150 3576 2465 3637 clamorem,
2490 3574 2808 3635 tumultum,
2834 3573 3228 3641 proclivitatem
3257 3569 3322 3624 ad
3343 3585 3559 3625 omnem

1979 3668 2187 3729 dolum,
2214 3667 2456 3720 animum
2489 3664 2601 3719 iras
2633 3662 2929 3718 recondere
2959 3677 3022 3715 ac
3047 3660 3263 3715 frenare
3286 3662 3555 3715 nescium.

2055 3756 2109 3811 4.
2154 3755 2299 3821 Quin
2327 3754 2491 3809 etiam
2541 3754 2658 3824 ipsa
2697 3754 2751 3807 in
2784 3752 3029 3807 fruendis
3072 3752 3443 3820 voluptatibus
3475 3751 3561 3804 in-

1980 3845 2317 3901 continentia
2388 3859 2456 3899 ex
2510 3844 2640 3897 vino
2702 3844 2862 3912 quasi
2930 3858 2996 3897 ex
3057 3841 3207 3895 fonte
3273 3841 3561 3896 manifeste

1980 3938 2326 4007 prorumpit;
2390 3944 2556 4008 atque
2608 3951 2716 3989 una
2759 3951 2884 3989 cum
2928 3950 3081 3989 mero
3140 3935 3333 4005 irrepit
3379 3934 3561 4003 impun

1980 4028 2181 4081 dicitize
2235 4027 2573 4095 labes,.Qua:
2628 4041 2844 4079 omnem
2902 4040 3160 4093 pecorum
3217 4023 3272 4077 in
3324 4024 3560 4080 feminas

1979 4120 2250 4176 insaniam
2291 4119 2629 4173 demonstrat
2667 4117 3001 4186 procacitate
3042 4131 3105 4171 ac
3133 4116 3354 4170 lascivia
3382 4117 3560 4172 ebrio-

1979 4225 2100 4263 rum
2159 4210 2425 4262 minorem
2500 4222 2643 4262 esse.
2695 4206 2759 4259 Et
2813 4207 3031 4276 quidem
3080 4206 3240 4260 bruta
3301 4206 3557 4261 animale

1980 4309 2191 4355 natura:
2253 4299 2517 4354 terminos
2581 4313 2693 4353 non
2751 4298 3000 4367 ignorant
3052 4316 3065 4351 :
3116 4298 3254 4353 ebrii
3320 4313 3451 4353 vero
3501 4300 3557 4353 in

1980 4393 2229 4447 masculo
2287 4391 2581 4456 feminam,
2644 4390 2700 4445 in
2760 4390 2961 4445 femina
3008 4391 3313 4445 masculum
3374 4392 3558 4458 requi-

295 4495 467 4563 μέθης
520 4494 731 4555 δεινοῖς.
782 4492 848 4543 Αἱ
900 4490 999 4561 μὲν
1046 4484 1137 4542 οὖν
1184 4488 1249 4539 ἐκ
1296 4486 1389 4539 τού
1438 4486 1628 4556 λοιμοῦ
1684 4488 1876 4557 βλάϐαι

1984 4492 2130 4539 runt.
2210 4484 2313 4537 Sed
2387 4484 2570 4537 omnia
2644 4481 2976 4536 temulentis:
3042 4484 3184 4537 mala
3253 4498 3321 4537 ne
3376 4484 3557 4537 verbis

288 4588 471 4659 χρόνῳ
518 4586 822 4652 ἐγγίνονται
852 4582 963 4650 (55)
998 4583 1109 4641 τοῖς
1148 4577 1476 4649 ἀνθρώποις,
1516 4579 1655 4633 κατὰ
1684 4580 1875 4651 μικρὸν

287 4678 384 4731 τοῦ
431 4676 599 4747 ἀέρος
637 4675 737 4745 τὴν
776 4674 903 4741 παρ’
943 4669 1136 4725 ἑαυτοῦ
1172 4668 1378 4740 φθορὰν
1420 4669 1717 4734 ἐντιθέντος
1763 4673 1873 4733 τοῖς

291 4772 547 4842 σώμασιν
567 4788 579 4800 ·
618 4772 675 4822 αἱ
707 4770 763 4822 δὲ
803 4768 951 4839 παρὰ
978 4766 1069 4819 τοῦ
1098 4765 1240 4817 οἴνου
1278 4765 1441 4827 εὐθὺς
1464 4765 1877 4819 συνεισπίπτου·

293 4880 399 4916 σιν.
432 4861 592 4914 Οὕτω
612 4861 721 4931 γὰρ
749 4860 845 4929 τὴν
872 4858 1048 4929 ψυχὴν
1075 4858 1434 4921 ἀπολωλότες,
1459 4856 1534 4917 ὼς
1565 4854 1669 4907 ὑπὸ
1696 4854 1877 4925 πάσης

290 4953 512 5025 κηλῖδος
545 4948 685 5004 εἶναι
720 4948 1155 5019 κατεστιγμένοι,
1191 4949 1270 5002 ἔτι
1308 4948 1403 5001 καὶ
1449 4946 1617 5016 αὐτὴν
1649 4946 1741 5000 τοῦ
1782 4946 1880 4998 σώ-

294 5060 463 5114 ματος
522 5040 621 5111 τὴν
677 5040 787 5105 ἕξιν
840 5038 1417 5111 τιροσδιαςρθείρονται⁸
1472 5037 1534 5089 οὐ
1594 5034 1753 5104 μόνον
1808 5041 1874 5109 τῇ

363 5202 473 5271 (35)
503 5202 657 5257 Colb.
692 5201 902 5271 primus
936 5200 1083 5271 ἥκων
1112 5197 1406 5271 δὲᾷαὑτῶν.
1442 5197 1564 5252 Mox
1595 5200 1731 5268 lleg.
1758 5202 1873 5271 pri-

293 5267 417 5326 mus
448 5270 563 5328 ὦτα
597 5267 1006 5341 πετὲλὴρωνταιζ
1031 5267 1148 5341 Vox
1179 5269 1555 5341 Sucaivdgoopm,
1593 5267 1714 5337 quae
1744 5267 1867 5341 mox

290 5348 565 5411 sequitur,
608 5338 815 5395 varie‘a
846 5340 1018 5411 variis
1044 5338 1410 5411 scriptoribus
1439 5338 1733 5411 accipitur.
1762 5340 1866 5392 Alli

290 5407 480 5469 volunt
500 5412 869 5481 δυσανάςρορος
885 5410 1038 5481 idem
1058 5409 1245 5481 valere
1270 5409 1413 5477 quod
1436 5407 1865 5481 δυσϐάστακτος,

289 5484 518 5551 di/ﬁcilis
565 5478 800 5551 portatu}
866 5478 1419 5551 Aliisﬁuoavdzpopoq
1462 5479 1865 5551 estdomung

289 5545 506 5617 λακτος,
536 5545 688 5622 αἰιιιο
716 5553 835 5621 quis
863 5551 962 5622 ria:
994 5547 1226 5622 liberari
1246 5545 1433 5615 potest.
1470 5545 1701 5622 Videtur
1730 5550 1864 5603 mihi

292 5616 563 5693 posterior
591 5616 742 5676 notio
777 5621 912 5693 huic
939 5620 1062 5674 loco
1091 5618 1264 5693 magis
1298 5616 1613 5693 convenire.

364 5696 473 5765 (3t)
510 5694 647 5765 Etiiti
692 5692 1053 5765 γρηγόρσεις.
1099 5688 1319 5765 Antiqui
1353 5689 1463 5765 duo
1505 5687 1630 5765 libri
1660 5702 1864 5765 γρηγο-

295 5757 493 5837 ﬂecti.
532 5763 658 5836 Reg.
696 5757 913 5834 prtinus
949 5757 1328 5830 ἐγρηγόρσεις.
1364 5758 1653 5827 Aliquanto
1671 5758 1863 5827 pustin

1982 4574 2200 4644 quidem
2270 4572 2522 4641 persequi
2586 4586 2651 4624 ac
2720 4586 3151 4638 commemorare
3225 4571 3384 4627 facile
3448 4583 3551 4627 est.

1984 4668 2117 4721 Nam
2186 4666 2507 4736 pestilentiae
2570 4663 2769 4718 damna
2827 4664 3062 4734 quodam
3138 4666 3397 4733 temporis
3470 4664 3555 4716 in-

1982 4758 2213 4814 tervallo
2265 4757 2533 4813 accedunt
2588 4756 2941 4821 hominibus,
2993 4771 3117 4809 aere
3176 4769 3329 4808 suam
3382 4754 3554 4822 ipsius

1985 4850 2391 4921 corruptionem
2438 4849 2699 4920 paulatim
2753 4850 2808 4903 in
2859 4860 3089 4916 corpora
3143 4844 3550 4901 transferente:

1987 4944 2081 4999 sed
2133 4944 2282 4995 illata
2347 4957 2377 4994 a
2443 4942 2571 4996 vino
2638 4940 2963 4995 detrimenta
3018 4937 3179 4993 simul
3234 4936 3418 4990 statim
3473 4938 3552 4991 ir-

1991 5041 2177 5090 ruunt.
2226 5032 2519 5101 Postquam
2557 5030 2701 5085 enim
2751 5030 2987 5083 animam
3033 5028 3105 5081 ita
3150 5025 3457 5097 perdidere,
3494 5039 3552 5083 ut

1979 5198 2139 5253 Colh.
2171 5196 2331 5250 tertio
2365 5210 2463 5264 pro
2492 5194 2747 5247 τοιούτων
2787 5192 2994 5264 legitur
3018 5190 3304 5264 τοσούτων.

2051 5268 2159 5335 (55)
2195 5261 2591 5333 Colb.—primus
2620 5265 2876 5335 γίνονται.
2910 5261 3053 5335 Infra
3091 5261 3143 5335 in
3174 5262 3329 5315 Colb.
3363 5262 3553 5335 codice

1979 5332 2172 5392 1931c
2201 5332 2421 5404 regione
2452 5335 2602 5387 vocis
2644 5332 2985 5404 minori!“
3034 5332 3231 5404 ἰθείιυν
3273 5333 3548 5404 σεσηπύςε

1974 5424 2139 5477 quam
2167 5400 2355 5477 mecm
2394 5404 2648 5477 librarius
2680 5400 3553 5477 addidit,_utindicaretjtsnla-

1972 5470 2134 5549 δηκός
2164 5476 2307 5530 idem
2343 5476 2521 5549 valere
2550 5472 2701 5549 quod
2732 5471 2993 5549 cecurrég.
3024 5470 3278 5549 Ejusdem
3306 5472 3552 5549 declara-

1973 5541 2183 5601 tibnum
2219 5546 2461 5614 reperias
2492 5541 2739 5612 exempla
2780 5542 2949 5614 multa
2982 5541 3037 5595 in
3078 5542 3235 5614 libris
3262 5541 3501 5611 antiquis
3532 5559 3550 5599 :

1973 5620 2119 5686 quod
2163 5611 2371 5678 notavi,
2410 5621 2468 5667 ut
2501 5611 2779 5686 monerem
2814 5611 2912 5686 has
2953 5612 3314 5686 quarumdam
3348 5626 3550 5686 vocum

1972 5681 2374 5741 declarationes
2410 5698 2508 5754 pro
2543 5683 2713 5739 variis
2755 5681 3089 5738 lectionibus
3129 5684 3272 5740 sumi
3306 5697 3415 5737 non
3455 5682 3553 5739 de-

1973 5758 2122 5813 bere.
