4036 6236
425 268 525 324 liii
1732 254 1793 310 S.
1835 251 2078 310 BASlLll
2120 247 2337 307 MAGNI
3575 248 3686 306 432

426 386 540 442 sint
567 380 871 453 omnigenis
905 376 1135 435 maculis
1160 372 1497 446 compuneti,
1536 380 1795 444 praeterea
1827 374 1997 444 ipsam

2126 368 2375 440 ιπερὼλῇ
2430 366 2536 421 τῶν
2579 365 2785 438 ἡδονῶν
2847 364 3237 438 ὲξοιστρουσῶν
3290 366 3382 419 ἐπὶ
3429 365 3687 434 λαγνείας

426 490 649 547 quoque
680 452 930 544 corporis
966 469 1339 526 habitudinem
1370 471 1758 536 corrumpunt.
1790 463 2005 520 Etenim

2126 455 2465 527 ικτετηκότες
2504 454 2597 508 καὶ
2653 453 3019 526 διαρρέοντες,
3080 452 3216 508 ἀλλά
3270 454 3366 508 καὶ
3408 452 3559 525 αύτῷ
3606 454 3688 525 τῷ

418 543 659 621 non-ob
686 563 1010 619 immodicas
1054 560 1234 617 solum
1277 557 1586 627 voluptates
1635 555 1835 627 quibus
1858 555 2008 610 velut

2126 547 2256 618 ἱγκῳ
2285 546 2630 618 πεπλαδηκδς
2657 544 2754 598 καὶ
2775 544 3013 616 βρυῶδες
3037 545 3131 598 καὶ
3152 543 3248 598 τοῦ
3273 543 3505 608 ζωτικοῦ
3529 544 3688 598 τόνου

433 655 623 710 furore
655 653 892 724 quodam
930 651 998 704 ad
1033 648 1377 703 salacitatem
1407 645 1779 709 concitantur,
1817 652 2011 699 conta-

2126 639 2400 712 ιελυμένον
2430 638 2490 693 τὸ
2544 637 2704 709 σῶμα
2757 639 3034 710 φέροντες.
3082 638 3300 692 Τούτων
3360 637 3598 692 πελιδνοὶ
3640 639 3692 690 oi

430 746 669 804 bescunt
693 759 759 799 ac
788 743 1039 799 dimuunt
1086 760 1101 796 :
1142 741 1235 796 sed
1251 728 1341 794 ὀὶ)
1373 740 1550 812 ipsam
1599 740 1764 793 etiam
1810 738 2008 793 molem

2126 734 2400 805 ὗφθαλμοί·
2434 731 2688 804 ὖπωχρος
2708 732 2765 785 δέ
2799 733 2833 803 ἠ
2870 731 3196 801 ἐπιφάνειαν
3242 729 3460 801 πνεῦμα
3517 745 3694 799 προσ-

437 855 504 894 ac
572 847 866 901 tumorem,
925 849 1128 903 corpus
1199 832 1370 886 nimio
1454 833 1686 886 bumore
1745 830 2012 901 repletum

436 930 729 998 laxumque
790 934 844 980 et
892 925 1046 979 vitali
1086 924 1274 993 vigore
1316 922 1552 978 solutum
1599 920 2011 976 circumferunt.

437 1018 642 1074 Horum
675 1015 823 1070 lividi
857 1023 990 1069 sunt
1020 1014 1185 1078 oculi,
1219 1011 1526 1083 subpallida
1557 1009 1875 1081 superﬁcies
1916 1025 2015 1065 cu-

437 1110 533 1173 tis,
591 1107 822 1177 spiritus
864 1103 1157 1173 impeditus
1206 1117 1270 1156 ac
1328 1108 1768 1171 coagmentatus,
1824 1100 2014 1171 lingua

438 1198 703 1261 resoluta,
731 1197 939 1251 clamor
982 1194 1359 1260 indistinctus,
1396 1192 1696 1249 titubantes
1727 1192 1896 1263 pedes
1923 1209 2017 1248 ve-

440 1289 523 1344 lut
547 1302 865 1358 puerorum,
893 1291 1208 1355 spontaneae
1232 1282 1670 1354 superﬂuitatum
1704 1284 2016 1355 egestiones

440 1380 598 1449 quasi
643 1378 713 1432 ab
753 1376 1071 1430 inanimatis
1112 1375 1468 1446 proﬂuentes.
1502 1372 1584 1429 0b
1619 1374 1806 1429 luxum
1845 1376 2016 1431 mise-

438 1469 664 1531 rabiles,
706 1466 1136 1522 miserabiliores
1177 1481 1340 1536 quam
1378 1466 1473 1536 qui
1528 1466 1583 1521 in
1627 1466 1766 1520 mari
1811 1475 2018 1538 tempe-

443 1568 589 1616 state
620 1561 922 1630 jactantur,
967 1573 1106 1629 quos
1149 1557 1346 1613 ﬂuctus
1371 1557 1463 1612 alii
1494 1558 1615 1613 aliis
1640 1558 2016 1625 succedentes,

440 1667 508 1707 ac
540 1652 937 1722 demergentes,
989 1667 1054 1706 ex
1103 1650 1268 1706 undis
1317 1665 1596 1722 emergere
1643 1667 1754 1706 non
1804 1651 2017 1707 sinunt.

442 1746 603 1802 Hunc
649 1747 716 1801 ad
750 1745 972 1801 modum
1017 1745 1212 1800 horum
1252 1759 1471 1814 quoque
1518 1745 1715 1799 animae
1742 1743 1871 1798 vino
1903 1759 2018 1797 ma-

442 1840 638 1894 dentes
661 1839 1106 1909 submerguntur.
1127 1838 1470 1908 Quapropter
1493 1847 1554 1890 ut
1574 1838 1779 1905 jactata
1802 1844 2018 1907 tempe-

443 1917 586 1983 state
626 1927 844 1997 navigia
890 1942 1017 1981 cum
1070 1927 1193 1997 plus
1246 1941 1404 1997 aequo
1462 1935 1787 1990 onerantur,
1852 1942 2023 1983 onere

440 2021 624 2091 eiecto
650 2035 877 2076 necesse
916 2027 999 2075 est
1042 2020 1266 2074 allevari
1299 2037 1313 2074 :
1354 2018 1427 2073 ita
1452 2030 1506 2074 et
1539 2019 1593 2072 hi
1627 2033 1693 2073 ea
1721 2033 1843 2089 quae
1873 2018 2022 2089 ipsos

444 2120 695 2184 gravant,
733 2112 1045 2168 necessario
1092 2118 1338 2181 egerunt.
1390 2110 1495 2166 Vix
1542 2110 1686 2166 enim
1733 2111 1937 2165 vomitu
1968 2120 2023 2167 et

442 2206 752 2277 debetione
780 2205 848 2260 ab
870 2220 1040 2260 onere
1062 2204 1385 2270 liberantur,
1407 2209 1562 2258 tanto
1592 2202 2023 2259 miserabiliores

446 2296 742 2354 infeliciter
774 2295 1184 2367 navigantibus.
1242 2303 1509 2366 quantum
1550 2294 1603 2349 bi
1636 2295 1860 2365 quidem
1889 2309 2024 2349 ven-

446 2398 536 2446 tos
565 2397 619 2445 et
650 2403 802 2443 mare
835 2396 891 2444 et
946 2394 1174 2443 externa
1212 2386 1615 2458 impedimenta
1656 2395 1958 2443 eausantur
2008 2406 2021 2442 :

2113 825 2496 899 εστηκός(56)-
2533 824 2754 894 γλῶσσα
2803 823 3137 895 παρειμένη,
3189 823 3285 877 καὶ
3322 822 3534 894 κραυγὴ
3556 822 3695 890 ἀση-

2117 941 2216 996 μος
2236 940 2249 953 ·
2285 921 2648 996 ἀκροσφαλεῖς
2676 923 2725 975 οἱ
2753 920 2913 983 πόδες
2937 918 3209 990 καθάπερ,
3231 920 3279 971 οἱ
3308 917 3417 971 τῶν
3446 915 3656 969 παίδων
3675 931 3692 946 ο

2114 1016 2394 1088 ἐκκρίσεις
2431 1014 2489 1068 δὲ
2521 1014 2628 1067 τῶν
2673 1011 3103 1085 περιττωμάτων
3142 1010 3440 1081 αὐτόματοι
3498 1007 3694 1078 ὥσπερ

2115 1108 2224 1162 ἀπὸ
2253 1106 2475 1178 ἀψύχων
2503 1106 2744 1179 ῥέουσαι.
2788 1104 3042 1159 Ἐλεεινοὶ
3069 1104 3169 1175 τῆς
3196 1102 3430 1173 τρυφῆς,
3466 1100 3696 1153 ἐλεεινό-

2114 1217 2264 1273 τεροι
2291 1200 2400 1253 τῶν
2430 1200 2488 1253 ἐν
2511 1199 2741 1269 πελάγει
2769 1196 3206 1269 χειμαζομένων,
3234 1194 3329 1259 οὒς
3360 1194 3497 1249 ἀλλα
3518 1193 3577 1260 ἐξ
3601 1193 3697 1248 ἀλ-

2116 1292 2224 1346 λων
2255 1291 2612 1362 διαδεχόμενα
2639 1291 2733 1344 καὶ
2767 1287 3193 1352 ἐπιδαπτίζοντα
3241 1285 3458 1356 κύματα
3488 1281 3697 1352 ἀναφέ-

2122 1401 2235 1458 ρειν
2255 1385 2357 1438 οὐκ
2374 1383 2659 1455 ἐπιτρέπει
2690 1382 2785 1436 τοῦ
2812 1381 3101 1443 κλύδωνος.
3132 1376 3289 1433 Οὕτω
3325 1377 3389 1448 δὴ
3437 1376 3532 1429 καὶ
3572 1373 3700 1427 τού-

2118 1491 2225 1528 των
2258 1475 2314 1528 αί
2335 1474 2504 1546 ψυχαὶ
2533 1472 2856 1544 ὑποϐρύχιοι
2877 1471 3134 1543 φέρονται
3167 1460 3698 1539 βεὸαπτισμέναιτῷ

2119 1568 2266 1637 οϊνῳ.
2321 1565 2521 1637 Διόπερ
2565 1566 2641 1627 ὡς
2690 1562 2762 1617 τά
2808 1562 3183 1635 χειμαζόμενα
3234 1560 3417 1626 πλοῖα,
3475 1554 3699 1610 ἐπειδὰν

2121 1659 2432 1731 ύπέραντλα
2460 1657 2707 1728 γένηται,
2736 1655 3049 1725 ἀναγκαίως
3072 1656 3137 1724 τῇ
3175 1652 3374 1722 ἐκϐολῇ
3407 1649 3502 1703 τοῦ
3563 1647 3700 1720 φόρ-

2120 1767 2214 1804 του
2239 1748 2755 1819 κουφίζεταιόὒτω
2817 1748 2914 1801 καὶ
2977 1744 3189 1807 τούτοις
3230 1745 3526 1810 ἀναγκαῖαι
3585 1739 3699 1793 τῶν

2124 1838 2463 1910 βαρυνόντων
2483 1839 2537 1891 αί
2566 1836 2873 1900 ἀποθέσεις.
2892 1836 2947 1889 Ἐ
2956 1834 3182 1907 μοῦντες
3212 1833 3320 1905 γὰρ
3343 1832 3437 1887 καὶ
3454 1829 3698 1885 ἀποϐλύ-

2123 1929 2328 2001 ζονςτες,
2368 1930 2521 2001 μόλις
2568 1928 2979 2002 ἐλευθεροῦνται
3030 1927 3127 1981 τοῦ
3170 1926 3389 1998 βάρους·
3442 1923 3700 1979 τοσοῦτον

2122 2024 2232 2077 τῶν
2263 2022 2667 2077 δυσπλοούντων
2693 2019 3204 2090 ἐλεεινότεροι,ὂσον
3241 2018 3292 2072 οἱ
3322 2017 3422 2088 μὲν
3463 2016 3701 2088 ἀνέμους

2129 2117 2224 2169 καὶ
2252 2115 2525 2169 θάλασσαν
2553 2113 2648 2168 καὶ
2670 2112 2767 2176 τὰς
2799 2111 2997 2179 ἔξωθεν
3029 2111 3274 2180 ἀνάγκας
3302 2109 3662 2164 ἐπαιτιῶνται
3683 2126 3699 2138 θ

2129 2208 2180 2259 οἱ
2210 2206 2268 2260 δὲ
2298 2205 2618 2276 αὐθαίρετον
2642 2203 2983 2257 ἐπισπῶνται
3012 2202 3104 2255 τὸν
3135 2203 3201 2255 ἐκ
3230 2201 3330 2272 τῆς
3369 2201 3538 2271 μέθης
3584 2217 3704 2271 χει-

2134 2297 2305 2366 μῶνα.
2348 2297 2406 2350 '0
2435 2294 2705 2366 δαιμονῶν
2759 2293 3008 2358 ἐλεεινός⁸
3033 2294 3061 2347 ό
3088 2293 3146 2347 δὲ
3198 2293 3432 2364 μεθύων,
3461 2294 3531 2347 τά
3560 2292 3704 2347 αὐτά

2131 2387 2378 2459 πάσχων,
2413 2386 2533 2441 οὐδὲ
2558 2387 2654 2440 τοῦ
2679 2384 2946 2439 ἐλεεῖσθαι
2969 2384 3137 2450 ἄξιος,
3156 2383 3463 2456 αὐθαιρέτῳ
3485 2382 3704 2453 δαίμονι

449 2484 545 2538 ille
582 2497 713 2539 vero
767 2482 1052 2538 ebrietatis
1099 2488 1479 2552 tempestatem
1512 2481 1618 2537 sibi
1663 2481 1800 2552 ipsis
1830 2489 2023 2551 Sponte

2129 2479 2538 2552 προσπαλαίων.
2569 2480 2633 2533 Ui
2665 2479 2761 2533 καὶ
2818 2477 2990 2550 μέθης
3048 2476 3360 2531 συντιθέασι
3412 2468 3703 2549 φάρμακα,

451 2573 754 2628 asciscunt.
800 2572 902 2638 Qui
950 2586 981 2624 a
1022 2570 1269 2626 daemone
1313 2570 1619 2631 obsidetur,
1677 2570 2023 2626 miseratione

2128 2574 2250 2644 οὐχὶ
2264 2572 2329 2625 τὸ
2359 2574 2434 2644 μὴ
2460 2572 2652 2627 παθεῖν
2673 2589 2726 2625 τι
2752 2572 2926 2626 δεινὸν
2961 2570 3070 2625 ἀπὸ
3092 2570 3186 2624 τοῦ
3213 2572 3379 2633 οἴνου,
3397 2568 3606 2623 ἀλλὰτὸ
3627 2569 3706 2639 μὴ

452 2664 656 2735 dignus
706 2670 793 2719 est
845 2678 859 2715 :
907 2662 1094 2717 ebrius
1145 2676 1276 2716 vero
1327 2661 1517 2717 eadem
1566 2663 1897 2733 perpetiens,
1953 2677 2023 2717 ne

2131 2664 2426 2718 διαλείπειν
2447 2662 2563 2733 (57)
2596 2661 2887 2733 μεθύοντες
2918 2660 3320 2734 μηχανώμενοι.
3359 2660 3542 2731 Ὀλίγη
3604 2660 3707 2729 μὲν

451 2757 653 2827 dignus
690 2755 908 2826 quidem
950 2764 1035 2811 est
1070 2756 1229 2826 cujus
1257 2755 1636 2818 misereamur,
1675 2755 2020 2825 quandoqui-

2135 2757 2243 2828 γὰρ
2277 2757 2462 2818 αὐτοῖς
2495 2757 2527 2826 ἡ
2558 2754 2761 2826 ἡμέρα·
2807 2754 2977 2826 μικρὰ
3007 2754 3064 2808 δὲ
3102 2756 3135 2826 ἡ
3180 2751 3275 2819 νὺξ
3304 2752 3399 2806 καὶ
3444 2754 3476 2823 ἡ
3516 2750 3708 2821 χειμέ-

450 2848 574 2905 dem
607 2862 730 2902 cum
776 2847 1087 2901 voluntario
1129 2846 1375 2902 daemone
1414 2848 1760 2903 colluctatur.
1793 2846 1856 2901 Hi
1886 2862 2022 2918 prai-

2137 2867 2271 2923 ριος,
2305 2847 2443 2919 πρός
2486 2864 2549 2918 γε
2576 2850 2669 2902 τὸν
2702 2848 2797 2902 τοῦ
2855 2849 3019 2901 πότου
3066 2848 3280 2917 χρόνον.
3315 2846 3479 2909 Τέλος
3504 2844 3563 2897 δὲ
3602 2844 3709 2897 οὐκ

452 2950 603 2997 terea
666 2940 913 3011 quaedam
975 2940 1265 3015 ebrietatis
1307 2941 1603 3011 pharmaca
1664 2949 2019 3012 componunt,

2134 2942 2252 2994 ἔστι
2308 2940 2404 2993 τοῦ
2457 2939 2649 2994 κακοῦ.
2704 2940 2877 3005 Αὐτὸς
2913 2938 3023 3011 γὰρ
3080 2939 3270 2992 ἑαυτὸν
3307 2941 3336 2991 ὁ
3363 2934 3500 3001 οἶνος
3526 2937 3619 2990 ἐπὶ
3643 2936 3711 2989 τὸ

452 3046 679 3100 operam
721 3030 1159 3100 industriamque
1203 3031 1257 3084 in
1299 3045 1365 3086 eo
1404 3038 1693 3100 ponentes,
1720 3047 1829 3086 non
1862 3040 1924 3086 ut
1958 3046 2023 3086 ne

2126 3031 2316 3126 πλεῖον
2346 3031 2575 3103 προάγει
2607 3030 2739 3102 (58).
2775 3031 2850 3084 Ού
2877 3031 2984 3103 γάρ
3013 3031 3113 3101 τὴν
3140 3028 3329 3101 χρείαν
3362 3026 3709 3101 παραμυθεῖ-

458 3124 621 3195 126
652 3122 784 3192 quid
822 3123 948 3175 mali
990 3137 1019 3174 a
1057 3124 1181 3177 vino
1210 3123 1508 3192 patiantur,
1558 3123 1652 3179 sed
1687 3134 1745 3178 ul
1782 3125 2023 3195 ipsorum

2126 3122 2241 3185 ται,
2277 3123 2391 3178 ἀλλ’
2421 3124 2606 3196 ἐτέρου
2634 3124 2797 3176 πότου
2826 3123 3015 3195 χρείαν
3042 3124 3413 3196 ἀπαραίτητον
3461 3123 3707 3192 ἐμποιεῖν

458 3214 698 3268 ebrietas
722 3211 869 3280 jugis
893 3212 963 3266 sit
978 3219 1032 3266 et
1051 3212 1295 3267 assidua.
1312 3211 1469 3266 Enim
1487 3227 1641 3276 vero,
1666 3216 1861 3269 saltem
1883 3216 2023 3285 quod

2132 3216 2369 3293 ἐκκαίων
2401 3217 2528 3279 τοὺς
2560 3215 2877 3287 μεθύοντας,
2904 3215 2998 3270 καὶ
3022 3216 3109 3268 ἀεὶ
3141 3215 3277 3286 πρὸς
3290 3214 3387 3285 τὴν
3407 3213 3498 3266 τοῦ
3523 3212 3712 3265 πλείο-

455 3304 525 3358 ad
559 3303 779 3373 potandi
810 3311 1026 3373 tempus
1055 3304 1270 3368 attinet,
1304 3305 1497 3374 exigua
1528 3304 1611 3361 eis
1641 3313 1729 3361 est
1755 3308 1895 3373 dies,
1915 3310 2023 3364 bre-

2131 3324 2220 3370 νος
2251 3308 2435 3377 ἔφεσιν
2474 3307 2943 3380 προκαλούμενος.
2986 3308 3333 3380 Ἀπλήρωτον
3365 3307 3422 3359 δέ
3452 3305 3547 3359 τοῦ
3610 3306 3709 3359 πίο

456 3397 541 3452 vis
562 3396 748 3451 itidem
770 3410 876 3450 nox
897 3396 981 3450 vel
1001 3396 1250 3453 hiberna.
1278 3396 1523 3467 Denique
1552 3398 1719 3468 hujus
1748 3401 1878 3454 mali
1910 3400 2031 3459 ﬁnis

455 3490 643 3545 nullus
692 3498 796 3543 est.
841 3486 977 3542 Nam
1028 3489 1210 3559 ipsum
1265 3505 1325 3545 se
1375 3504 1585 3545 merum
1634 3498 1921 3559 promovet
1963 3492 2030 3546 ad

459 3581 718 3651 amplius.
749 3579 884 3634 Nam
928 3579 1073 3634 enim
1113 3580 1258 3636 levat
1300 3582 1682 3636 necessitatem
1716 3601 1730 3636 :
1768 3582 1863 3638 sed
1899 3583 2031 3638 alte-

459 3675 578 3729 rius
642 3682 804 3743 potus
876 3672 1260 3728 necessitatem
1342 3672 1712 3728 inevitabilem
1789 3675 2027 3739 inducit,

458 3780 698 3823 exurens
753 3764 1089 3827 inebriatos,
1140 3763 1843 3833 semperque.desiderium
1907 3765 2030 3835 plus

459 3857 683 3914 bibendi
713 3871 1036 3926 provocans.
1074 3854 1182 3910 Sed
1215 3855 1345 3909 dum
1391 3857 1773 3927 inexplebilem
1809 3857 2029 3912 bibendi

461 3951 610 4004 sitim
642 3948 747 4002 sibi
781 3961 1103 4016 comparare
1137 3946 1402 4016 cogitant,
1432 3955 1625 4001 contra
1655 3956 1819 4017 atque
1847 3947 2029 4002 animo

460 4040 809 4094 destinarunt
860 4037 1081 4091 accidit.
1117 4035 1250 4089 Nam
1295 4037 1519 4091 assiduo
1556 4036 1877 4091 deliciarum
1926 4052 2026 4091 usu

461 4145 594 4186 suos
625 4143 822 4183 sensus
866 4127 1158 4196 languidos
1208 4127 1446 4181 reddunt
1489 4142 1553 4179 ac
1602 4137 1837 4182 retusos.
1874 4126 2029 4182 Sicut

461 4225 608 4278 enim
643 4221 848 4277 nimius
889 4221 1066 4290 fulgor
1096 4220 1272 4275 visum
1306 4219 1547 4283 hebetat,
1580 4227 1634 4273 et
1665 4220 1806 4274 sicut
1839 4220 1930 4290 qui
1962 4222 2030 4275 ab

459 4313 667 4386 ingenti
706 4328 842 4367 sono
874 4326 939 4366 ac
974 4312 1186 4381 fragore
1229 4311 1630 4373 obtunduntur,
1668 4311 1740 4365 ob
1776 4312 2028 4365 immodi-

2131 3404 2351 3475 νειντὴν
2377 3401 2553 3475 ὄρεξιν
2580 3404 2723 3475 ἔχειν
2739 3403 3100 3467 ἐπινοοῦντες,
3132 3402 3191 3456 τὸ
3208 3402 3445 3457 ἐναντίον
3472 3403 3712 3473 πάσχου-

2133 3513 2219 3548 σιν
2248 3497 2281 3567 ἣ
2310 3496 2668 3568 προῄρηνται.
2705 3493 2795 3566 Τῷ
2828 3496 2936 3567 γάρ
2982 3497 3198 3565 συνεχεῖ
3238 3496 3337 3567 τῆς
3363 3495 3569 3567 τρυφῆς
3605 3495 3709 3558 τὰς

2129 3586 2413 3658 αἰσθήσεις
2440 3587 2924 3659 ἀπομαραίνουσιν.
2954 3588 3042 3650 Ὡς
3074 3586 3181 3658 γὰρ
3209 3587 3269 3640 τὸ
3292 3588 3428 3656 ἄγαν
3455 3585 3709 3659 λαμπρὸν

2131 3680 2373 3751 ἀμαυροῖ
2393 3679 2493 3743 τὰς
2526 3679 2699 3749 ὄψεις,
2726 3680 2820 3733 καὶ
2859 3679 3048 3750 ὥσπερ
3077 3681 3125 3732 oi
3159 3682 3271 3744 τοῖς
3321 3680 3575 3751 μεγάλοις
3607 3680 3711 3750 ψό-

2132 3788 2255 3838 φοις
2278 3771 2740 3841 κατακρουόμενοι
2760 3773 2825 3841 τῇ
2852 3772 3090 3843 ἀμετρίᾳ
3121 3771 3220 3842 τῆς
3253 3771 3466 3844 πληγῆς
3513 3774 3595 3835 είς
3641 3773 3709 3825 τὸ

2134 3859 2270 3929 μηδὲ
2300 3859 2517 3912 ἀκούειν
2541 3858 2821 3923 παντελῶς
2852 3860 3204 3929 περιάγονται
3222 3875 3236 3888 ο
3271 3858 3412 3911 οὕτω
3433 3859 3526 3911 καὶ
3557 3853 3708 3914 οὗτοι

2129 3949 2416 4020 λελήθασιν
2440 3950 2665 4014 ἑαυτοὺς
2691 3950 2795 4003 ὑπὸ
2826 3951 2924 4021 τῆς
2953 3951 3093 4017 ἄγαν
3122 3949 3425 4021 φιληδονίας
3459 3949 3566 4020 (59)
3606 3949 3708 4021 τὴν

2130 4039 2322 4111 ἡδονὴν
2359 4040 2742 4104 ἀπολέσαντες.
2787 4041 3011 4104 Ἀποιος
3070 4040 3169 4111 μὲν
3225 4042 3333 4110 γὰρ
3368 4042 3552 4105 αὐτοῖς
3606 4043 3706 4095 καὶ

2128 4128 2409 4199 ὑδατώδης
2435 4130 2463 4180 ὁ
2484 4125 2647 4195 οἶνος,
2678 4130 2782 4183 κᾶν
2815 4130 3054 4200 ἄκρατος
3171 4129 3369 4201 χλιαρὰ
3393 4130 3450 4183 δὲ
3476 4131 3567 4184 τοῦ
3589 4150 3709 4185 νεα-

2134 4220 2228 4291 ροῦ
2262 4223 2294 4292 ἡ
2320 4221 2622 4292 ἀντίληψις,
2648 4222 2749 4275 κᾶν
2771 4221 2830 4274 τὸ
2854 4223 3316 4295 ἀκραιφνέστατον
3334 4219 3391 4297 ᾗ,
3431 4224 3533 4279 κᾶν
3563 4227 3706 4298 αὐτὴ

2130 4311 2282 4382 χιὼν,
2311 4313 2648 4368 κατασῦέσαι
2676 4314 2773 4386 τὴν
2819 4314 2965 4368 ἔνδον
3015 4317 3071 4368 ἐν
3104 4315 3426 4388 αὐτοίςζιίυ)
3479 4318 3544 4370 ἐκ
3602 4320 3707 4388 τῆς

458 4420 587 4466 eum
644 4418 971 4473 percussum
1021 4417 1087 4456 eo
1141 4400 1460 4463 deveniunt,
1507 4407 1566 4453 ut
1617 4401 1753 4454 nihil
1804 4402 2023 4454 omnino

2131 4406 2398 4478 ἀμετρίας
2425 4407 2518 4460 τοῦ
2557 4408 2701 4461 οἴνου
2723 4409 3023 4480 καιομένην
3054 4409 3229 4479 φλόγα
3278 4412 3351 4482 μὴ
3402 4411 3705 4484 δυναμένη.

458 4498 686 4554 audiant
726 4514 740 4550 :
774 4494 855 4550 sic
882 4494 1044 4549 etiam
1080 4493 1134 4547 bi
1169 4507 1279 4562 prae
1308 4492 1479 4546 nimio
1512 4492 1814 4561 voluptatis
1844 4493 2028 4548 studio

458 4589 837 4661 imprudentes
891 4595 946 4641 et
993 4585 1202 4639 incauti
1246 4585 1577 4653 voluptatem
1626 4585 1901 4638 amittunt.
1936 4583 2030 4638 Vi-

458 4698 592 4739 num
631 4694 890 4750 namque,
939 4680 1040 4733 etsi
1083 4693 1315 4743 merum,
1354 4678 1487 4748 ipsis
1522 4684 1603 4733 est
1652 4677 1946 4747 insipidum
1976 4685 2030 4731 et

458 4790 615 4846 aquae
654 4773 885 4828 simile:
928 4786 1052 4826 cum
1101 4785 1231 4826 vero
1290 4770 1477 4824 vinum
1532 4786 1723 4825 recens
1769 4770 2026 4832 sumitur,

457 4867 676 4921 videtur
713 4863 1003 4934 tepidum;
1047 4862 1104 4917 id
1141 4861 1246 4917 etsi
1303 4863 1742 4917 recentissimum
1770 4870 1874 4926 est,
1925 4863 2027 4916 etsi

458 4959 554 5013 nix
590 4959 733 5028 ipsa,
764 4965 949 5011 tamen
994 4952 1360 5007 ﬂammam‘ex
1393 4952 1688 5007 immodico
1717 4952 1846 5006 vino
1878 4952 2027 5007 intus

456 5053 513 5106 in
566 5051 701 5121 ipsis
753 5063 1043 5105 accensam
1097 5050 1449 5117 exstinguere
1499 5061 1609 5100 non
1660 5053 1863 5115 potest.
1923 5045 2027 5101 Cui

459 5145 577 5202 me?
629 5146 716 5198 cui
768 5144 1062 5198 tumultus?
1121 5143 1205 5195 cui
1246 5140 1496 5211 judicia?
1540 5138 1626 5192 cui
1676 5139 1934 5194 molestia:
1978 5148 2028 5192 et

531 5321 646 5391 ('56)
674 5320 897 5394 Legitur
935 5320 1338 5394 προστεστηκός
1370 5320 1425 5373 in
1453 5318 1689 5375 editione
1710 5317 2028 5394 ‘P_ar_is.__pro

458 5387 852 5471 προσεστηκός,
883 5393 961 5446 uti
980 5387 1181 5471 habent
1204 5387 1421 5471 veteres
1443 5397 1678 5471 quatuor
1709 5389 1868 5471 libriz
1892 5387 2024 5459 Reg.

459 5459 653 5532 tertius
690 5459 1110 5532 ¹ιταροστετηιιός.
1142 5462 1318 5517 Editio
1351 5459 1515 5515 Basil.
1553 5459 1922 5530 παρεστηκός.

529 5531 642 5602 (37)
676 5531 829 5602 linus
857 5547 962 5586 nts.
984 5531 1286 5586 διαλιπεῖν.

531 5601 644 5681 ἐξ)
674 5601 806 5681 [‘08.-
830 5601 1041 5681 Primys
1073 5602 1360 5681 προσέιγειο

532 5672 641 5743 (59)
675 5670 842 5727 Colb.
862 5671 1055 5726 tertius
1085 5670 1181 5741 τῆς
1207 5671 1344 5740 άγαν
1373 5671 1657 5742 φιλοινίας,
1685 5685 1796 5739 pra!
1818 5670 2024 5742 _immo-

2136 4500 2257 4552 Τίνι
2275 4499 2411 4554 οὐαί
2423 4516 2441 4563 ;
2467 4500 2584 4554 τίνι
2613 4500 2897 4570 θόρυϐος;
2926 4502 3043 4554 τίνι
3068 4503 3332 4571 κρίσεις;
3360 4504 3474 4557 τίνι
3500 4504 3707 4571 ἁηδίιιι

2129 4592 2227 4645 καὶ
2266 4589 2521 4662 λέσχαι;
2561 4594 2677 4646 τίνι
2726 4594 3141 4663 συιτρίμματα
3193 4593 3474 4665 διακενῆς
3488 4611 3509 4660 ;
3536 4596 3707 4664 τινος

2129 4683 2399 4738 πελιδνοὶ
2426 4687 2480 4737 οἱ
2519 4684 2813 4755 ὀφθαλμοί
2827 4701 2847 4749 ;
2872 4688 2952 4740 Οὐ
2975 4684 3094 4740 τῶν
3125 4685 3583 4755 ἐγχρονιζόντων
3632 4690 3707 4742 ἐν

2129 4778 2290 4844 οἴνῳ,
2317 4777 2417 4831 καί
2450 4779 2994 4831 κατασκοπούντων
3035 4778 3153 4831 ποῦ
3202 4779 3372 4832 πότοι
3403 4780 3706 4849 γίνονται;

2129 4869 2204 4923 Τὸ
2279 4870 2402 4923 οὐαὶ
2466 4869 2739 4941 θρηνῶδές
2799 4869 2915 4922 ἐστι
2974 4868 3311 4940 ἐπίφθεγμα.
3365 4870 3575 4943 Θρήνου
3644 4873 3705 4926 δὲ

2129 4961 2270 5028 ἄξιοι
2302 4962 2353 5014 οί
2386 4959 2697 5032 μεθύοντες,
2737 4959 2874 5012 διότι
2906 4959 3169 5014 Μέθυσοι
3191 4961 3524 5024 ,Βασιλείαν
3550 4964 3705 5018 Θεοῦ

2129 5054 2202 5105 οὐ
2249 5051 2802 5120 κληρονομήσουσι.
2848 5048 3089 5120 Θόρυὸος
3138 5050 3195 5103 δὲ
3231 5049 3320 5103 διὰ
3349 5050 3449 5122 τὴν
3486 5053 3552 5106 ὲκ
3606 5056 3704 5109 τοῦ

2129 5142 2270 5196 οἴνου
2330 5143 2577 5216 ταραχὴν
2638 5141 2996 5213 ἐγγινομένην
3064 5143 3177 5204 τοῖς
3232 5141 3534 5213 λογισμοῖς.
3590 5146 3709 5200 Καὶ

2129 5322 2246 5377 dico
2269 5323 2377 5377 vini
2407 5338 2605 5376 amore.
2636 5320 2739 5374 Alii
2776 5328 2889 5375 tres
2926 5336 3060 5390 mss.
3093 5327 3147 5390 et
3195 5319 3325 5390 editi
3367 5318 3703 5390 φιληδονίας.

2200 5394 2313 5463 (40)
2340 5394 2562 5462 Antiqui
2609 5392 2720 5445 duo
2758 5390 2879 5445 libri
2925 5389 3023 5460 τὴν
3072 5389 3281 5463 ἔνδοθεν
3313 5388 3518 5463 αὐτοῖς.
3570 5388 3702 5463 Mox

2129 5459 2303 5518 editio
2344 5459 2507 5517 Basil.
2546 5470 2600 5517 et
2633 5469 2868 5530 quatuor
2911 5459 3045 5514 mss.
3095 5459 3168 5530 μὴ
3219 5459 3517 5530 δυναμένη.
3563 5462 3701 5530 lteg.

2128 5536 2340 5603 primus
2367 5533 2428 5586 ού
2459 5526 2755 5603 δυναμένη.
2780 5530 2969 5603 Editio
3000 5526 3172 5586 Paris.
3192 5530 3253 5582 οὐ
3278 5526 3524 5603 δύναται.
3557 5526 3704 5585 5ιῶ-

2130 5600 2256 5658 inde
2287 5602 2441 5658 Colb.
2473 5600 2682 5676 primus
2709 5600 2803 5654 καὶ
2835 5602 2944 5655 τῶν
2982 5600 3537 5670 κατασκοπουμένων.
