4036 6236
326 306 428 364 ιεδ

1565 316 1851 374 HOMlLlA
1882 315 1949 371 IN
1981 316 2333 377 EBBIOSOS.

3482 331 3586 384 ιδι

333 422 511 494 ἀηδίαι
540 421 628 475 διὰ
653 421 754 485 τὰς
784 424 992 496 πικράς
1018 426 1079 479 ὲκ
1109 425 1204 495 τῆς
1231 424 1326 478 τοῦ
1357 426 1531 481 πίνειν
1563 429 1756 500 ἡδονῆς
1779 431 1912 482 άνα-

2015 433 2202 487 tricar.’
2257 432 2342 484 cui
2399 432 2742 488 contritiones
2796 441 3177 506 supervacua?
3231 443 3382 511 cujus
3437 444 3585 499 lividi

329 515 524 578 δόσεις.
555 514 780 568 Τούτων
813 516 926 587 γὰρ
973 517 1296 588 δεσμοῦνται
1332 520 1430 588 μὲν
1478 521 1526 572 οἱ
1588 520 1769 586 πόδες,

331 608 596 679 σμοῦνται
624 607 681 659 δὲ
718 611 901 678 χεῖρες
954 611 1018 662 ὲκ
1057 609 1164 663 τῶν
1218 611 1681 682 ἐπιπεμπομένων
1731 613 1914 675 αὐτοῖς

336 699 485 770 παρὰ
507 699 611 769 τῆς
636 701 746 768 (41)
775 702 946 771 μέθης
979 702 1287 773 ῥευμάτων.
1321 704 1513 757 Καίτοι
1535 705 1630 758 καὶ
1659 705 1766 776 πρὸ
1800 706 1914 758 τού-

332 809 439 845 των
476 792 586 844 τῶν
612 792 822 855 παθῶν,
860 797 990 865 παρ’
1033 795 1192 849 αὑτὸν
1230 797 1322 848 τὸν
1352 797 1542 869 καιρὸν
1583 798 1680 852 τοῦ
1714 797 1910 862 πίνειν,

329 883 401 936 τὰ
433 883 540 936 τῶν
587 885 918 954 φρενιτικῶν
970 888 1152 951 αὐτοῖς
1189 890 1490 959 συμπίπτει
1543 889 1713 961 πάθη.
1743 891 1912 943 Ὅταν

332 973 439 1045 γάρ
471 974 700 1044 πλήρεις
726 976 782 1026 αἱ
813 977 1079 1046 μήνιγγες
1107 978 1373 1046 γένωνται
1416 980 1516 1049 τῆς
1559 979 1808 1052 αἰθάλης,
1843 982 1912 1052 ἢν

329 1068 361 1118 ὁ
397 1061 536 1128 οἶνος
564 1066 994 1137 ὲξατμιζόμενος
1037 1070 1317 1140 ἀναφέρει,
1371 1070 1621 1140 βάλλεται
1655 1072 1753 1142 μὲν
1791 1071 1912 1125 ὀδύ-

331 1174 452 1220 ναις
481 1158 780 1229 ἀφορήτοις
830 1160 863 1229 ἡ
913 1161 1138 1233 κεφαλή·
1194 1164 1373 1233 μένειν
1403 1163 1459 1216 δὲ
1501 1163 1636 1235 ὀρθὴ
1684 1165 1777 1216 ἐπὶ
1806 1164 1912 1218 τῶν

330 1248 499 1321 ὤμων
521 1251 598 1322 μὴ
621 1251 921 1322 δυναμένη,
948 1254 1133 1307 ἄλλοτε
1150 1257 1236 1308 ἐπ’
1252 1257 1386 1310 ἄλλα
1413 1257 1523 1326 (42)
1552 1258 1908 1322 καταπίπτει,

328 1342 442 1403 τοῖς
471 1339 791 1404 σπονδύλοις
821 1343 1274 1399 ἐνολισθαίνουσα.
1301 1346 1514 1416 Λέσχην
1543 1346 1598 1398 δὲ
1631 1347 1780 1414 λέγει
1812 1346 1912 1418 τὴν

329 1433 570 1504 ἄμετρον
591 1434 782 1496 ἐντοῖς
811 1436 1131 1506 συμποσίοις
1165 1439 1256 1490 καὶ
1284 1436 1658 1508 ὲμφιλόνεικον
1673 1439 1910 1509 ὁμιλίαν.

329 1525 439 1577 Καὶ
487 1525 878 1597 συντρίμματα
922 1527 1174 1597 διακενῆς
1239 1530 1447 1598 γίνεται
1493 1533 1607 1593 τοῖς
1664 1531 1911 1599 οἰνόφλυ-

1830 521 1916 574 δε-

2019 526 2197 580 oculi?
2235 523 2422 579 Nonne
2453 526 2848 581 immorantium
2873 530 2927 582 in
2949 530 3087 594 uino,
3119 543 3167 584 et
3197 534 3585 602 explorantium

2016 617 2105 670 ubi
2132 619 2540 686 compatationes
2584 620 2718 688 ﬁant
2755 620 2840 674 ’5?
2885 620 2994 685 Vae,
3041 623 3450 683 lamentationis
3478 644 3586 686 vox

2013 718 2115 762 ρει.
2147 707 2558 764 Lamentatioue
2587 710 2808 779 quidem
2847 711 2996 782 digni
3049 722 3179 768 sunt
3228 716 3388 780 ebrii,
3432 720 3582 790 quod

2013 797 2216 852 ebriosi
2290 815 2515 868 regnum
2589 799 3102 858 Dei'consecuturi
3162 821 3272 860 non
3340 806 3456 862 sint
3514 809 3579 863 “.

2015 887 2305 945 Tumultus
2350 907 2480 946 vero
2518 891 2574 945 lit
2614 893 2684 947 ob
2726 892 3092 948 turbationem
3123 912 3190 951 ex
3225 897 3352 952 vino
3381 899 3583 953 rationi

2014 979 2382 1034 accedentem.
2421 980 2483 1034 Et
2522 981 2647 1035 inde
2685 981 2970 1044 molestiae,
3003 983 3149 1052 quod
3194 1000 3394 1038 amarae
3435 986 3585 1056 dige-

2014 1073 2222 1128 stiones
2252 1089 2316 1128 ex
2346 1073 2458 1126 vini
2502 1075 2779 1144 voluptate
2812 1074 2918 1129 huc
2951 1076 3084 1129 illuc
3115 1087 3329 1146 repant.
3367 1077 3574 1133 Horum

2012 1179 2248 1234 namque
2283 1165 2521 1235 ligantur
2545 1165 2732 1234 pedes,
2767 1165 3008 1235 ligantur
3051 1181 3246 1222 manus
3281 1182 3375 1237 per
3408 1169 3584 1224 susci-

2012 1262 2158 1308 tatas
2196 1255 2298 1308 sibi
2348 1256 2417 1308 ab
2445 1255 2709 1310 ebrietate
2760 1254 3050 1312 ﬂuxiones.
3101 1259 3214 1312 lmo
3265 1261 3413 1314 enim
3453 1269 3583 1315 ante

2011 1347 2125 1402 haec
2184 1346 2503 1413 infortunia,
2539 1348 2658 1418 ipso
2696 1347 2916 1403 bibendi
2956 1356 3224 1419 tempore,
3255 1349 3394 1406 idem
3433 1351 3581 1420 quod

2011 1437 2312 1508 phrenetici
2349 1437 2745 1506 perpetiuntur.
2794 1437 3091 1508 Postquam
3145 1439 3291 1493 enim
3335 1439 3582 1510 fuligine,

2010 1544 2173 1599 quam
2230 1529 2417 1582 vinum
2468 1528 2735 1583 exhalans
2786 1544 3006 1583 sursum
3061 1530 3299 1594 emittit,
3365 1533 3584 1600 repleta:
3669 1514 3681 1526 ’

330 1614 410 1679 ξιν
439 1613 574 1684 (45),
607 1615 671 1668 ού
718 1616 1040 1686 δυναμένοις
1087 1618 1375 1690 ὀρθοῦσθαι
1405 1620 1508 1672 ὑπὸ
1565 1621 1665 1690 τῆς
1718 1622 1906 1690 μέθης.

2011 1629 2140 1677 sunt
2189 1619 2400 1675 cerebri
2452 1620 2808 1683 membranae,
2841 1629 3004 1690 caput
3051 1628 3111 1675 ut
3147 1621 3584 1678 intolerabilibus

326 1705 755 1774 ’Δνατρέπονται
783 1706 891 1776 γὰρ
919 1709 998 1770 εἰς
1019 1711 1247 1763 παντοῖα
1281 1709 1585 1780 πτωμάτων
1631 1713 1905 1782 σχήματα,

2011 1713 2294 1768 doloribus
2339 1711 2655 1782 corripitur,
2714 1713 2790 1766 ita
2856 1727 3020 1782 super
3061 1713 3320 1770 humeros
3371 1722 3583 1769 rectum

325 1797 464 1853 ὥστε
490 1799 793 1866 ἀναγκαῖον
827 1800 1024 1863 αὐτοὺς
1070 1803 1163 1854 ἐπὶ
1210 1801 1304 1855 τοῦ
1355 1801 1605 1873 σώματος
1651 1804 1905 1875 συντρίμ‹

2010 1820 2230 1860 manere
2271 1818 2380 1858 non
2409 1805 2619 1868 valens,
2653 1804 2762 1858 huc
2793 1803 2922 1858 illuc
2953 1819 3118 1873 super
3144 1805 3426 1859 vertebras
3477 1820 3583 1860 nu-

327 1906 472 1959 ματα
514 1889 603 1959 ἔχε
611 1908 660 1941 ιν
690 1890 964 1960 διακενῆς.

2009 1902 2156 1960 tans,
2198 1893 2441 1962 jactatur
2509 1891 2700 1948 Tricas
2750 1901 2928 1948 autem
2973 1894 3108 1948 dicit
3166 1894 3579 1950 immoderatam

326 1986 381 2040 in
429 1987 705 2043 conviviis
762 2002 826 2039 ac
871 1989 1264 2043 contentiosam
1332 1991 1728 2060 garrulitatem.
1787 1989 2031 2061 Denique
2089 1990 2451 2046 contritiones
2517 1989 2754 2044 inaniter
2807 1989 3154 2054 ﬂuntebriis,
3215 2005 3341 2045 cum
3370 1987 3583 2060 erigere

323 2096 384 2136 se
439 2097 551 2152 pra:
583 2083 850 2137 ebrietate
897 2099 1005 2137 non
1071 2092 1290 2155 queant.
1336 2086 1472 2140 Nam
1515 2095 1861 2152 evertuntur,
1922 2096 2086 2157 atque
2125 2086 2292 2140 variis
2341 2084 2520 2140 modis
2555 2084 2782 2148 cadunt,
2836 2084 2982 2138 unde
3031 2085 3167 2154 ipsis
3230 2099 3456 2141 necesse
3496 2077 3585 2141 est

322 2172 560 2227 inaniter
591 2175 950 2230 contritiones
981 2177 1033 2229 in
1068 2191 1294 2246 corpore
1327 2176 1546 2233 habere.

393 2286 443 2339 5.
463 2285 628 2337 Ἀλλά
648 2286 733 2348 τίς
755 2286 863 2355 (44)
895 2288 1023 2358 εἴπῃ
1043 2289 1210 2342 ταῦτα
1234 2292 1346 2353 τοῖς
1360 2290 1731 2361 οἰνοπλήκτοις
1751 2307 1765 2356 ;
1788 2291 1902 2342 Κα-

321 2375 628 2447 ρηδαροῦσι
669 2376 780 2446 γάρ
805 2379 869 2430 ἐκ
919 2379 1015 2448 τῆς
1045 2379 1378 2450 κραιπάλης,
1405 2380 1751 2444 νυστάζουσι,
1801 2397 1900 2450 χα-

326 2471 595 2542 σμῶνται,
648 2472 816 2542 ἀχλὺν
865 2471 1437 2541 βλέπουσι,ναυτιῶσι.
1480 2473 1577 2528 Διὰ
1609 2473 1768 2527 τοῦτο
1798 2476 1900 2528 οὐκ

320 2563 584 2617 ἀκούουσι
606 2563 713 2616 τῶν
734 2563 1070 2618 διδασκάλων
1119 2567 1446 2636 πολλαχόθεν
1494 2568 1677 2631 αὐτοῖς
1733 2567 1898 2638 ὲμσο-

321 2655 525 2709 ὠντων·
563 2655 660 2722 Μὴ
674 2656 1055 2723 μεθύσκεσθε
1077 2656 1236 2723 οἴνῳ,
1262 2658 1330 2710 ἐν
1351 2651 1399 2724 ᾦ
1444 2659 1614 2711 ἐστιν
1636 2659 1864 2711 ἀσωτία
1881 2677 1893 2689 ·

323 2747 418 2801 καὶ
448 2747 628 2800 πάλιν·
666 2748 1025 2802 Ἁκόλαστον
1046 2749 1227 2815 οἶνος,
1247 2750 1344 2802 καὶ
1365 2751 1706 2818 ὑϐριστικὸν
1716 2750 1893 2820 μέθη.

324 2830 422 2890 Ὧν
453 2837 880 2909 παρακούοντες,
932 2837 1156 2891 αὐτόθεν
1205 2839 1385 2909 έχουσι
1431 2841 1530 2904 τὰς
1563 2841 1897 2910 ἐπικαρπίας

321 2929 418 3000 τῆς
480 2929 674 2998 μέθης.
729 2929 962 2982 Οἰδαίνει
1013 2930 1112 2998 μὲν
1171 2930 1277 3002 γάρ
1319 2932 1348 2982 ὁ
1389 2931 1571 3000 ὄγκος,
1628 2932 1897 3002 ὀφθαλμοὶ

319 3020 549 3090 δίυγροι,
601 3019 775 3089 στόμα
827 3019 988 3090 ξηρὸν
1023 3021 1116 3072 καὶ
1165 3020 1405 3084 διακαές.
1437 3023 1647 3093 Ὥσπερ
1680 3022 1788 3094 γὰρ
1839 3026 1894 3076 αί

319 3112 610 3182 χαράδραι,
636 3111 740 3175 ἕως
775 3113 871 3182 μὲν
900 3113 964 3165 ἂν
996 3113 1181 3176 αὐταῖς
1208 3114 1536 3184 ὲπιρῤέωσιν
1572 3115 1680 3183 (45)
1711 3118 1758 3167 oi
1780 3115 1893 3187 χεί-

2077 2285 2130 2341 5.
2170 2284 2277 2340 Sed
2313 2285 2436 2354 quis
2476 2283 2591 2340 haec
2631 2283 2835 2339 dixerit
2861 2284 2986 2338 vino
3016 2283 3264 2340 onrutis?
3295 2282 3430 2339 Nam
3455 2303 3582 2357 gra-

2006 2387 2202 2433 vantur
2224 2379 2403 2448 capite
2426 2393 2495 2432 ex
2517 2377 2762 2447 crapula,
2791 2376 3114 2439 dormitant,
3148 2377 3408 2445 oscitant,
3431 2379 3576 2433 oﬂ‘u-

2006 2485 2121 2524 sam
2155 2470 2330 2524 oculis
2364 2469 2648 2541 caliginem
2676 2469 2896 2532 habent,
2928 2478 3214 2524 nauseant.
3239 2470 3581 2543 Quapropter

2008 2579 2118 2618 non
2167 2564 2398 2617 audiunt
2430 2563 2745 2632 magistros,
2783 2564 2876 2632 qui
2911 2564 3047 2633 ipsis
3093 2565 3370 2620 undelibet
3405 2567 3582 2621 incla-

2009 2661 2159 2707 mant
2193 2671 2206 2707 :
2246 2651 2428 2707 Nolite
2463 2654 2719 2707 inebriari
2754 2655 2894 2716 vino,
2927 2655 2980 2707 in
3014 2670 3115 2724 quo
3151 2664 3227 2708 est
3264 2656 3476 2709 luxuria
3506 2657 3576 2712 ".

1999 2745 2076 2796 Ac
2136 2757 2368 2797 rursus:
2429 2740 2787 2795 Luxuriosum
2837 2743 3050 2809 vinum,
3099 2753 3148 2796 et
3197 2745 3579 2798 contumeliosa

1997 2834 2226 2889 ebrietas
2282 2834 2348 2886 ³⁸.
2411 2833 2622 2899 Quibus
2680 2834 3053 2903 contemptis,
3099 2836 3280 2888 statim
3331 2835 3573 2890 fructum

1998 2927 2242 2982 referunt
2281 2926 2588 2982 ebrietatis.
2632 2924 2767 2980 Nam
2813 2927 3129 2981 intumescit
3175 2928 3426 2997 corporis
3460 2943 3578 2983 mo-

2002 3018 2101 3083 les,
2136 3017 2346 3071 humidi
2378 3025 2506 3072 sunt
2534 3017 2709 3081 oculi,
2740 3032 2802 3071 os
2834 3017 3042 3072 siccum
3069 3027 3153 3072 est
3183 3027 3238 3073 et
3269 3027 3575 3089 perustum.

2003 3111 2072 3165 Ut
2095 3111 2241 3166 enim
2267 3127 2421 3172 cava,
2453 3109 2581 3164 dum
2616 3111 2669 3163 in
2701 3125 2759 3165 se
2788 3119 3060 3165 torrentes
3081 3112 3381 3178 conﬂuunt,
3416 3113 3577 3183 plena

321 3207 542 3274 μαρῤοι,
575 3203 803 3272 πλήρεις
827 3198 965 3256 εἶναι
996 3202 1230 3269 δοκοῦσι,
1270 3206 1646 3277 παρελθούσης
1694 3205 1750 3258 δὲ
1797 3206 1898 3274 τῆς

2005 3220 2122 3260 esse
2161 3206 2454 3268 videntur;
2504 3203 2598 3259 sed
2635 3203 2726 3256 ubi
2766 3204 3062 3258 exundatio
3107 3206 3388 3274 praeteriit,
3429 3207 3578 3261 sicca

320 3295 681 3366 πλημμύρας,
707 3296 867 3366 ξηραὶ
909 3295 1404 3366 καταλιμπάνονται
1431 3315 1443 3328 ·
1476 3297 1619 3350 οὕτω
1649 3298 1742 3350 καὶ
1787 3299 1898 3360 τοῖς

315 3388 588 3456 οἰνόφλυξι
617 3387 679 3441 τὸ
735 3388 910 3458 στόμα
945 3387 1078 3457 (46),
1115 3389 1523 3459 ὲλλιμνάζοντος
1573 3390 1668 3459 μὲν
1692 3388 1784 3441 τοῦ
1816 3389 1896 3440 οἴ-

319 3499 431 3546 νου,
456 3481 670 3552 πλῆρές
690 3480 806 3532 ἐστί
832 3499 945 3544 πως
972 3482 1064 3533 καὶ
1099 3481 1334 3552 δίυγρον,
1373 3482 1564 3552 μικρὸν
1608 3482 1664 3533 δὲ
1716 3497 1896 3550 παρα-

313 3575 636 3646 δραμόντος,
661 3573 822 3642 ξηρὸν
851 3574 944 3625 καὶ
976 3573 1204 3642 άνικμον
1224 3574 1600 3643 ἀπελέγχεται.
1645 3573 1896 3641 Παρασυ-

315 3667 545 3738 ρόμενον
567 3665 624 3717 δὲ
651 3665 738 3717 ἀεὶ
776 3665 870 3717 καὶ
896 3665 1365 3734 κατακλυζόμενον
1423 3667 1489 3735 τῇ
1533 3663 1769 3733 ἀμετρία
1800 3662 1893 3714 τοῦ

313 3760 476 3823 οῑνου,
509 3759 607 3811 καὶ
633 3757 731 3826 τὴν
756 3756 991 3826 ζωτικὴν
1043 3757 1239 3827 ἰκμάδα
1262 3755 1717 3826 προσαποϐάλλει.
1759 3754 1896 3806 Ποία

313 3851 420 3922 γάρ
448 3847 769 3918 κατασκευὴ
808 3846 1096 3917 ἀνθρώπου
1144 3847 1315 3910 οὕτως
1348 3846 1563 3918 ἰσχυρά,
1601 3846 1740 3899 ὥστε
1784 3846 1896 3906 τοῖς

311 3943 375 3993 ὲκ
394 3940 495 4009 τῆς
551 3939 718 4010 μέθης
772 3942 958 4001 κακοῖς
999 3939 1267 4008 ἀντισχεῖν
1290 3956 1302 4004 ;
1329 3939 1424 4001 Τίς
1455 3939 1558 4008 γάρ
1591 3925 1802 4008 μηξανὴ
1835 3936 1896 3988 τὸ

313 4034 400 4085 άεί
418 4031 849 4104 θερμαινόμενον
894 4030 987 4083 καὶ
1019 4031 1105 4082 ἀεὶ
1156 4028 1438 4100 διάϐροχον
1467 4029 1542 4099 τῷ
1587 4030 1714 4099 οἴνῳ
1749 4027 1895 4096 γινό-

316 4140 473 4193 μενον
496 4123 609 4194 (47)
635 4122 794 4192 σῶμα
820 4123 894 4194 μὴ
926 4123 1045 4193 οὐχὶ
1083 4122 1343 4176 ἔκπλυτον
1379 4123 1472 4175 καὶ
1526 4121 1767 4192 ἐξίτηλον
1801 4121 1896 4174 καὶ

310 4215 636 4287 διερῤυηκὸς
687 4215 971 4282 γενέσθαι;
1039 4214 1313 4267 Ἐντεῦθεν
1362 4215 1410 4266 οἱ
1455 4215 1648 4286 τρόμοι
1693 4215 1784 4266 καὶ
1838 4215 1894 4266 αἱ

305 4307 610 4360 ἀσθένειαιο
645 4307 977 4378 κοπτομένου
1011 4305 1118 4377 γὰρ
1139 4307 1320 4369 αὐτοῖς
1341 4305 1433 4358 τοῦ
1464 4306 1772 4374 πνεύματος
1791 4303 1895 4356 ὑπὸ

309 4399 413 4472 τῆς
442 4399 713 4470 ἀμετρίας
737 4399 832 4451 τοῦ
869 4398 1034 4460 οἴνου,
1069 4397 1162 4450 καὶ
1216 4396 1324 4450 τῶν
1363 4397 1568 4467 νεύρων
1620 4397 1894 4465 λυομένων

309 4493 416 4562 τῆς
455 4492 757 4556 συντονίας,
790 4493 818 4544 ὁ
843 4491 1029 4553 κλόνος
1059 4490 1136 4560 τῷ
1164 4489 1436 4560 σύμπαντι
1473 4489 1622 4560 ὄγκῳ
1663 4489 1756 4542 τοῦ
1790 4487 1896 4541 σώ-

2003 3300 2264 3368 aridaque
2317 3298 2759 3367 relinquuntur;
2812 3298 2886 3349 ita
2949 3305 3002 3350 et
3058 3297 3403 3352 ebriosorum
3477 3313 3574 3359 σε.

2004 3398 2356 3456 restagnante
2391 3391 2540 3450 vino,
2585 3390 2806 3458 plenum
2855 3389 3094 3457 quodam
3147 3391 3310 3444 modo
3366 3400 3472 3454 est,
3523 3399 3578 3445 et

2006 3484 2306 3546 madidum,
2342 3483 2434 3536 sed
2467 3483 2628 3535 simul
2673 3491 2731 3534 ut
2776 3482 3059 3549 paululum
3107 3481 3333 3541 eﬂluxit,
3367 3482 3574 3536 siccum

2001 3581 2056 3627 et
2085 3572 2334 3625 humoris
2360 3586 2556 3640 expers
2581 3569 3024 3638 deprehenditur.
3058 3569 3171 3622 lmo
3204 3585 3327 3622 cum
3366 3587 3578 3640 semper

2001 3664 2244 3721 vitietur,
2272 3671 2325 3717 et
2355 3661 2651 3714 immodico
2693 3663 2822 3713 vino
2866 3663 3154 3726 obruatur,
3191 3663 3353 3715 etiam
3384 3664 3578 3718 Immo-

2001 3771 2116 3810 rem
2143 3755 2359 3808 vitalem
2392 3754 2614 3806 amittit.
2651 3753 2782 3818 Qua:
2811 3753 2954 3807 enim
2986 3754 3227 3807 hominis
3255 3756 3577 3809 constitutio

2001 3857 2112 3901 tam
2150 3848 2350 3910 valida,
2391 3856 2451 3901 ut
2496 3847 2826 3901 temulentize
2868 3847 3026 3900 malis
3056 3847 3329 3902 obsistat?
3365 3847 3578 3913 Quibus

2001 3940 2146 3994 enim
2193 3941 2404 3994 artibus
2440 3939 2554 3994 ﬁeri
2593 3941 2784 4009 possit,
2833 3947 2890 3992 ut
2931 3955 3131 4007 corpus
3169 3955 3384 4008 semper
3419 3942 3574 3994 inca-

2003 4032 2236 4094 lescens,
2272 4032 2427 4101 127
2457 4047 2778 4101 semperque
2805 4032 2932 4085 vino
2965 4032 3208 4095 madens,
3242 4049 3348 4085 non
3376 4031 3578 4087 eﬂicia-

2002 4131 2091 4176 tur
2114 4121 2427 4184 evanidum,
2477 4121 2858 4191 exoletumque
2901 4130 2955 4176 et
2994 4120 3238 4175 ﬂuxum?
3290 4121 3429 4177 Hinc
3464 4130 3576 4178 tre-

2002 4229 2182 4267 mores
2221 4213 2638 4281 dcbilitatesque
2708 4233 2720 4267 ε
2787 4213 3056 4284 siquidem
3112 4230 3223 4284 pne
3280 4213 3577 4270 immodico

2005 4305 2132 4358 vino
2172 4304 2364 4372 Spiritu
2408 4305 2461 4356 in
2511 4305 2592 4358 eis
2626 4305 2854 4373 przeciso
2894 4313 3056 4374 atque
3100 4307 3424 4376 interrupto,
3453 4323 3580 4363 nerc

2003 4412 2303 4466 vorumque
2342 4397 2592 4450 exsolulo
2629 4397 2844 4459 robore,
2884 4398 3109 4467 agitatio
3141 4412 3205 4451 ac
3234 4405 3440 4452 tremor
3475 4397 3577 4452 toti

2003 4491 2252 4558 corporis
2291 4489 2417 4542 moli
2461 4488 2690 4542 accedit.
2741 4487 2883 4553 Quid
2923 4490 3006 4544 vis
3036 4488 3191 4543 Caini
3239 4491 3577 4544 maledictio-

311 4599 486 4652 ματος
512 4582 832 4650 ἐπιγίνεται.
865 4580 930 4634 Τί
962 4581 1060 4652 τὴν
1094 4581 1334 4652 κατάραν
1354 4580 1444 4634 τοῦ
1479 4581 1616 4633 Κάῖν
1647 4579 1731 4648 ἐφ’
1766 4580 1889 4632 ἑαυ-

2005 4595 2117 4634 nem
2165 4579 2261 4633 tibi
2308 4581 2424 4650 ipse
2471 4581 2766 4642 asciscere,
2818 4591 3058 4635 tremens
3110 4597 3174 4638 ac
3217 4581 3576 4651 vagabundus

383 4761 428 4792 ³⁸
467 4759 631 4816 Prov.
668 4776 835 4826 mu,
869 4760 971 4827 29,
1007 4760 1095 4815 50.

386 4947 501 5016 (41)
530 4947 684 5003 Colb.
732 4949 942 5017 primus
973 4948 1080 4999 ἀπὸ
1109 4947 1227 5017 τῆς.
1255 4945 1366 5000 Nec
1412 4946 1486 4999 ita
1533 4946 1706 4999 multo
1748 4945 1891 4999 infra

313 5017 435 5096 duo
448 5035 588 5096 loss.
612 5016 986 5096 συνεισπίπτει
1017 5016 1186 5096 πάθῃ.

388 5089 498 5156 (Hi
535 5087 692 5150 Illud,
729 5088 814 5140 ἐπ’
851 5087 1006 5150 ἄλλα,
1037 5085 1279 5140 additum
1323 5085 1426 5141 fuit
1455 5101 1521 5139 ex
1551 5085 1710 5156 libris
1743 5085 1896 5156 ranti-

308 5155 462 5230 quis.
496 5160 611 5214 Hoc
656 5160 774 5228 ipso
821 5158 1036 5230 inloco
1083 5174 1226 5230 unus
1253 5172 1354 5230 ms.
1410 5159 1519 5219 τοῖς
1561 5155 1890 5230 σφονδύλοις.

307 5225 382 5269 ὲ-
406 5229 545 5291 Mox,
578 5225 1082 5299 ριόέμφιλένεικα,
1118 5226 1489 5299 ἐμφιλόνεικον
1523 5225 1891 5294 reposuimus,

309 5301 502 5367 sicque
531 5295 847 5353 correxerat
871 5295 1189 5351 Thesauru‘s
1208 5295 1410 5367 Steph.
1452 5295 1612 5350 Eol'r.

387 5366 496 5435 (ιδ)
528 5368 680 5422 Colb.
716 5368 917 5421 tertius
944 5370 1059 5428 τοῖς
1087 5366 1450 5434 οίνοφύλαξιν.

385 5433 495 5506 (44)
529 5439 830 5493 Verborum
880 5438 1124 5499 illorum,
1177 5433 1311 5506 ἀλλὰ
1353 5437 1458 5498 τίς,
1503 5442 1610 5490 etc.
1654 5433 1896 5506 haccst

311 5502 622 5563 sententia:
661 5508 800 5574 Quis
850 5507 1087 5562 dicendo
1135 5505 1349 5574 eﬂicere
1383 5505 1599 5574 poterit,
1645 5511 1731 5574 ut;
1759 5502 1897 5574 ebrii

313 5582 425 5652 haec
463 5571 896 5652 intelliganu—
927 5571 1659 5652 lnfra_l_ocum_Ep_istol:ead
1692 5571 1894 5652 Ephes.

307 5647 456 5714 juxta
503 5644 755 5704 Gracum
818 5654 1031 5701 textum
1085 5644 1221 5698 Novi
1277 5645 1612 5714 Testamenti
1653 5644 1900 5714 correxi-

311 5713 448 5787 mus,
481 5718 781 5777 scribendo
811 5715 1178 5790 μεθύσκεσθε,
1209 5714 1329 5770 loco
1361 5713 1550 5770 forma:
1582 5713 1774 5768 activa:
1809 5729 1902 5784 με·

1177 4760 1221 4790 ³⁸
1259 4760 1276 4813 Ι
1313 4760 1438 4814 Cor.
1477 4775 1563 4823 vt,
1602 4759 1689 4812 10.
1764 4759 1806 4789 ³⁷
1849 4757 2047 4827 Ephes.
2084 4777 2136 4824 ν,
2172 4759 2259 4815 l8.
2337 4759 2380 4791 ⁸⁸
2420 4759 2578 4814 Prov.
2613 4777 2714 4822 xx,
2756 4761 2805 4815 1.

1998 4945 2247 5018 θύσκετε,
2276 4963 2418 5017 quae,
2452 4957 2788 5018 repugnante
2816 4965 3003 5013 sensu,
3023 4949 3317 5018 legebatur.
3345 4948 3501 5005 Ent'r.

2073 5017 2182 5092 (45)
2207 5019 2430 5092 Antiqui
2463 5017 2571 5092 duo
2597 5021 2721 5074 libri
2755 5017 3121 5092 ἐπιρρέουσιν.
3156 5019 3274 5073 Mox
3301 5018 3434 5091 Reg.
3465 5023 3577 5092 pri-

1997 5102 2117 5158 mus
2139 5086 2210 5158 7E1;
2222 5089 2309 5158 ραὶ
2341 5086 2781 5158 καταλείπονται.

2071 5157 2180 5226 (46)
2204 5157 2292 5210 Τὸ
2331 5157 2542 5229 στόμα.
2575 5159 2883 5229 Legendum
2919 5158 3098 5228 σῶμα,
3139 5166 3194 5210 ιιι
3226 5169 3369 5228 patet
3401 5177 3465 5214 ex
3491 5161 3576 5216 his

1997 5241 2117 5295 qua:
2165 5227 2478 5296 praecedunt
2521 5238 2574 5282 et
2633 5227 2958 5298 sequuntur,
3005 5227 3276 5296 prmcipue
3326 5247 3458 5285 vero
3508 5248 3573 5285 ex

1999 5299 2393 5350 commentario
2424 5301 2478 5351 in
2520 5299 2744 5363 Isaiam,
2779 5300 3094 5364 numulS5,
3127 5299 3218 5354 ubi
3252 5302 3440 5355 eadem
3473 5317 3572 5354 oc-

1998 5366 2172 5419 currit
2203 5371 2496 5422 sentvntia.
2529 5369 2742 5423 ΜΑιιΑκ.

2068 5436 2179 5510 (fl?)
2225 5435 2361 5510 Reg1
2389 5439 2622 5510 pprimus
2667 5440 2793 5510 οἴνῳ
2827 5437 3387 5510 γενόμενονκ-διθιίηι
3442 5437 3578 5494 editi

1994 5493 2490 5582 @téppox65.:'l.ilgri
2526 5519 2734 5582 veteres
2761 5493 3104 5582 διέῤῥυῆκός.
3138 5507 3247 5563 Nec
3292 5493 3580 5565 ita'multo

1996 5575 2138 5652 infra
2195 5577 2364 5652 editio
2424 5578 2599 5652 Paris.
2647 5575 2982 5652 κοπτομένου
3035 5581 3187 5652 γάρε
3245 5582 3339 5652 sed
3379 5583 3579 5640 vocula

1996 5645 2105 5720 γάρ
2128 5661 2302 5720 neque
2327 5648 2380 5720 in
2401 5646 2646 5720 editione
2679 5645 2842 5703 Basil'.
2874 5645 3057 5720 neque
3080 5645 3134 5704 in
3167 5651 3408 5719 quinque
3438 5667 3576 5707 mss.

1999 5715 2292 5770 invenitur.
2334 5717 2542 5773 ibidem
2583 5717 2714 5791 Reg.
2766 5715 2974 5792 primus
3009 5722 3116 5776 ἀπὸ
3153 5715 3254 5792 τῆς
3285 5715 3575 5794 ἀμετρίας.
