4036 6236
457 324 563 381 4δὸ

1769 305 1830 363 S.
1873 301 2121 359 BASILII
2155 296 2374 355 MAGNI

3613 293 3718 349 456

453 461 551 516 per
588 448 758 497 totam
800 440 966 494 vitam
1016 436 1105 490 ὀἳ
1145 437 1360 507 Corpus
1405 435 1549 490 enim
1595 431 1743 503 quod
1792 428 2029 485 naturali

2152 424 2224 478 ιδν
2257 422 2372 495 (48)
2409 415 2736 483 ὲπισπᾶσαι,
2762 417 2983 491 τρέμων
3021 415 3115 471 καὶ
3173 413 3605 488 περιφερόμενος
3633 416 3723 469 διὰ

453 535 632 591 fulcro
672 530 1012 594 destituitur,
1062 527 1362 599 circumagi
1410 539 1635 581 necesse
1669 530 1755 578 est
1802 528 1857 577 et
1909 535 2039 576 con-

455 626 792 681 tremiscere.

527 800 579 853 6.
622 798 919 870 Usqhequo
960 795 1186 852 vinum?
1233 778 1518 864 us'quequo
1566 790 1839 847 ebrietas?
1887 787 2040 844 Peri-

454 894 642 949 culum
687 902 773 947 est
820 891 1044 947 tandem
1090 903 1308 945 casuum
1350 888 1635 956 lutumque
1679 898 1783 955 pro
1818 883 2041 939 homine

458 978 580 1044 tias,
606 979 681 1032 ita
709 986 859 1034 totus
882 978 1154 1034 admistus
1178 977 1307 1031 vino
1341 990 1424 1039 es,
1462 988 1682 1043 unaque
1712 972 1920 1043 pariter
1939 989 2041 1044 pu-

454 1072 661 1135 truistl,
709 1071 900 1127 vinum
943 1087 1013 1127 ex
1060 1071 1381 1142 quotidiana
1428 1068 1652 1138 crapula
1697 1068 1948 1133 obolens.
1986 1075 2041 1122 et

457 1161 564 1217 hoc
594 1169 939 1231 corruptum,
976 1160 1203 1231 perinde
1241 1170 1302 1213 ut
1330 1172 1460 1212 vasa
1492 1155 1627 1210 nulli
1661 1153 1886 1210 omnino
1916 1154 2040 1208 usui

457 1253 676 1309 idonea.
710 1252 825 1309 Hos
854 1251 1025 1307 Isaias
1053 1253 1200 1323 luget
1235 1269 1249 1305 :
1296 1249 1386 1304 Va:
1415 1249 1504 1319 qui
1541 1255 1765 1318 surgunt
1791 1262 1967 1308 mane,
1991 1254 2042 1299 et

458 1343 683 1398 siceram
745 1351 1147 1412 persequuntur,
1198 1340 1289 1412 qui
1354 1346 1658 1407 exspectant
1709 1351 1979 1407 vesperam
2022 1353 2040 1391 :

334 1494 346 1506 _
457 1434 637 1489 uinum
662 1436 802 1488 enim
832 1433 1102 1488 comburet
1129 1448 1238 1487 eos.
1266 1428 1409 1484 Nam
1436 1446 1554 1484 cum
1586 1428 1793 1483 cithara
1819 1436 1869 1483 et
1900 1427 2043 1481 tibiis

457 1528 633 1583 vinum
666 1526 873 1592 bibunt,
920 1542 1079 1596 opera
1116 1536 1295 1580 autem
1336 1523 1553 1577 Domini
1602 1539 1705 1577 non
1736 1522 2042 1592 respiciunt,

456 1630 509 1674 et
544 1634 702 1689 opera
745 1636 1000 1673 manuum
1045 1617 1160 1688 ejus
1206 1634 1311 1673 non
1360 1615 1700 1671 considerant
1730 1614 1798 1667 ⁸ο.
1847 1613 2043 1670 Potum

458 1726 676 1767 omnem
706 1711 800 1783 qui
823 1710 1097 1768 inebriare
1123 1716 1326 1780 potest,
1359 1709 1538 1764 solent
1566 1706 1782 1763 Hebrmi
1809 1707 2043 1762 siceram

2137 516 2338 579 παντὸς
2362 514 2457 568 τοῦ
2489 512 2638 585 βίου;
2689 511 2765 566 Οὐ
2790 510 2898 584 γὰρ
2932 510 3052 583 ἔχον
3094 508 3158 563 τὺ
3213 509 3372 580 σῶμα
3401 507 3492 562 τὸν
3531 511 3596 563 ὲκ
3623 511 3723 581 τῆς

2139 608 2353 677 φύσεως
2392 603 2715 678 στηριγμὸν,
2742 603 3056 674 ἀναγκαίως
3087 601 3449 656 πεοιδονεῖται
3477 602 3572 657 καὶ
3622 620 3724 655 κα-

2135 697 2429 751 τασείεται.

2210 790 2265 846 6.
2293 789 2473 861 Μέχρι
2511 785 2642 840 πότε
2673 782 2847 852 οἷνοςς
2887 784 3049 858 μέχρι
3084 785 3228 848 τίνος
3290 783 3464 855 μέθης
3523 783 3724 836 Κινδυ-

2139 881 2318 945 νεύεις
2367 880 2551 935 λοιπὸν
2591 878 2849 951 βόρϐορος
2871 874 3010 931 εἷναι
3039 877 3161 931 ἀντὶ⁵
3199 875 3510 948 ἀνθρώπου,
3552 874 3727 939 οὕτως

2138 973 2260 1035 ὅλος
2297 970 2408 1044 (49)
2454 969 2752 1040 ἀνεμίχθης
2798 966 2878 1038 τῷ
2935 966 3084 1039 οἴνῳ,
3145 967 3239 1021 κα)¹
3299 966 3727 1037 συγκατεσάπης

2141 1062 2311 1136 αὐτῷ,
2343 1065 2409 1117 ὲκ
2436 1062 2535 1134 τῆς
2552 1060 2928 1131 καθημερινῆς
2955 1059 3267 1132 κραιπάλης
3307 1060 3451 1114 οίνου
3481 1058 3723 1124 ἀπόζων,

2142 1158 2237 1211 καὶ
2264 1156 2455 1210 τούτου
2496 1154 2915 1225 διεφθαρμένου,
2977 1153 3167 1225 ὥσπερ
3220 1154 3327 1208 τῶν
3365 1153 3604 1223 ἀγγείων
3654 1153 3729 1208 τά

2143 1250 2542 1322 ἀχρηστότατα.
2561 1247 3038 1312 ΤούτουςἭσαῖας
3053 1246 3320 1319 ὀδύρεται·
3340 1247 3483 1302 Οὐαὶ
3501 1250 3557 1301 οι
3577 1247 3729 1318 ἐγει-

2133 1345 2381 1414 ρόμενοι
2399 1344 2465 1396 τὸ
2482 1343 2651 1412 πρωῒ,
2678 1342 2772 1397 καὶ
2792 1342 2859 1396 τὸ
2878 1342 3091 1411 σίκερα
3107 1340 3440 1409 διώκοντες,
3455 1344 3510 1396 οί
3515 1341 3729 1412 μένον-

2145 1452 2242 1502 τες
2256 1434 2323 1489 τό
2343 1435 2475 1505 ὀψέ·
2497 1438 2530 1489 ό
2546 1434 2655 1505 γὰρ
2672 1431 2835 1500 σίνος
2849 1432 3071 1498 αὐτοὺς
3084 1434 3438 1501 συγκαύσειο
3449 1432 3601 1502 μετὰ
3617 1435 3727 1503 γὰρ

2146 1526 2389 1595 κιθάρας
2424 1526 2523 1580 καὶ
2551 1525 2754 1582 αὐλῶν
2779 1525 2887 1579 τόν
2906 1521 3074 1580 οἶνον
3104 1525 3374 1591 πίνουσι,
3391 1525 3464 1578 τὰ
3494 1524 3564 1579 δὲ
3582 1524 3731 1596 ἔργα

2144 1617 2367 1685 Κυρίου
2395 1619 2507 1670 οὐκ
2539 1617 2927 1686 ἐμϐλέπουσι,
2963 1616 3156 1669 καὶτὰ
3190 1616 3336 1686 ἔργα
3361 1615 3481 1669 τῶν
3513 1616 3732 1686 χειρῶν
3792 1620 3805 1627 ’

2145 1710 2331 1765 αὐτοῦ
2347 1711 2417 1765 οὐ
2445 1709 2827 1763 κατανοοῦσι.
2849 1709 3049 1781 Σίκερα
3081 1711 3191 1763 πᾶν
3219 1709 3282 1763 τὸ
3302 1709 3597 1781 δυνάμενον
3618 1710 3730 1781 μέ-

460 1804 753 1875 appellare.
805 1803 995 1873 Itaque
1044 1803 1140 1873 qui
1184 1801 1410 1855 ineunte
1461 1800 1551 1854 die
1609 1800 1898 1870 explorant
1947 1796 2038 1850 ubi

2152 1801 2241 1872 θην
2263 1802 2555 1873 ἐμποιῆσαι
2568 1802 2837 1873 πόματοῖς
2853 1801 3125 1872 Ἑϐραίοις
3154 1801 3441 1873 ὀνομάζειν
3474 1802 3723 1873 σύνηθες.

460 1894 896 1963 compotationes
926 1892 1083 1959 ﬁant,
1118 1900 1173 1949 et
1199 1892 1473 1963 mnopolia
1504 1904 1570 1945 ac
1609 1881 1890 1959 cauponas
1923 1887 2038 1940 col-

459 1985 735 2053 lustrant,
787 2001 956 2057 seque
1011 1994 1205 2040 mutuo
1248 1984 1315 2039 ad
1355 1982 1781 2053 compotandum
1817 1980 2045 2050 conjuno

461 2082 617 2147 gunt,
654 2082 710 2131 et
738 2090 961 2132 omnem
992 2076 1180 2130 'animi
1225 2089 1417 2130 curam
1468 2074 1523 2128 in
1563 2074 1679 2128 haec
1729 2073 2039 2133 insumunt,

462 2167 565 2222 hos
606 2169 870 2238 propheta
908 2167 1179 2239 deplorat,
1220 2166 1368 2238 quod
1410 2174 1625 2236 tempus
1671 2165 1889 2219 nullum
1933 2164 2044 2218 sibi

463 2258 569 2328 ipsi
620 2259 689 2314 ad
728 2257 825 2315 Dei
860 2258 1129 2314 miracula
1168 2255 1568 2314 consideranda
1598 2263 1899 2311 reservent.
1936 2254 2047 2310 Nec

461 2350 608 2409 enim
636 2351 815 2407 oculis
840 2365 1031 2407 eorum
1058 2356 1220 2405 vacat
1250 2349 1530 2419 suspicere
1562 2348 1619 2403 in
1649 2348 1870 2414 coelum,
1901 2347 2049 2415 ejus-

458 2458 569 2513 que
606 2442 1071 2512 pulchritudinem
1115 2442 1456 2504 condiscere,
1493 2447 1549 2495 et
1595 2455 1812 2496 omnem
1861 2454 2046 2494 rerum

464 2536 812 2593 conditarum
860 2541 1116 2591 ornatum
1164 2533 1497 2604 expendere,
1549 2541 1608 2587 ut
1650 2538 1803 2588 recto
1854 2531 2049 2586 horum

465 2628 661 2685 ordine
687 2626 942 2698 opiﬁcem
975 2628 1282 2698 intelligant
1330 2643 1345 2681 :
1392 2625 1489 2681 sed
1517 2624 1706 2681 statim
1751 2625 2048 2695 incipiente

466 2721 559 2777 die
597 2720 978 2776 conviviorum
1023 2734 1250 2774 suorum
1296 2718 1416 2772 loca
1458 2716 1629 2773 variis
1669 2717 1944 2788 tapetibus
1986 2731 2052 2771 ac

467 2813 681 2869 ﬂoridis
715 2811 904 2867 aulaeis
935 2819 1136 2867 ornant
1168 2828 1183 2877 ;
1223 2819 1389 2880 atque
1420 2808 1665 2865 studium
1712 2824 1778 2864 ac
1820 2807 2051 2881 diligen-

468 2905 605 2959 tiam
651 2903 707 2957 in
746 2901 967 2973 poculis
999 2899 1339 2971 apparandis
1367 2898 1688 2962 ostendunt,
1718 2915 1846 2954 vasa
1868 2900 1934 2954 ad
1968 2915 2056 2952 re-

468 2994 848 3066 frigerandum
895 2994 1120 3057 vinum,
1165 3000 1519 3063 craterasque
1563 2999 1619 3047 et
1663 2992 1875 3063 phialas
1907 2993 2055 3047 velut

468 3089 525 3143 in
561 3101 762 3159 pompa
802 3085 983 3157 aliqua
1014 3099 1080 3139 ac
1108 3092 1382 3140 conventu
1422 3083 1646 3155 publico
1673 3083 2046 3153 disponentes,

471 3190 534 3236 ut
571 3195 832 3238 vasorum
879 3177 1173 3234 diversitas
1218 3177 1356 3247 ipsis
1391 3178 1699 3233 satietatem
1730 3177 1967 3248 obtegat,
1997 3188 2051 3233 et

474 3271 768 3334 alternatio
816 3271 1141 3342 poculorum
1200 3283 1265 3323 ac
1305 3270 1641 3339 permutatio
1697 3283 1793 3324 eos
1846 3268 1939 3323 diu
1997 3269 2054 3323 in

470 3360 712 3420 bibendo
759 3361 1021 3417 detineat.
1063 3359 1375 3427 Quinetiam
1423 3358 1626 3415 adsunt
1668 3360 1889 3431 quidam
1922 3375 2056 3416 con-

472 3454 600 3510 vivii
642 3454 912 3526 magistri,
944 3467 1009 3507 ac
1055 3452 1444 3524 pincernarum
1480 3452 1759 3522 principes
1788 3459 1844 3506 et
1874 3452 2057 3507 archi-

472 3547 673 3603 trielini
700 3564 715 3601 :
752 3546 864 3601 imo
887 3545 1022 3602 ordo
1042 3546 1099 3600 in
1121 3544 1469 3610 confusione,
1490 3560 1555 3599 ac
1585 3546 1878 3617 dispositio
1912 3546 1966 3601 in
1995 3562 2055 3603 re

474 3638 836 3709 incomposita
865 3638 1230 3709 excogitatur,
1276 3644 1334 3691 ut
1376 3637 1835 3708 quemadmodum
1868 3637 2055 3693 saeculi

472 3730 890 3801 magistratibus
923 3746 989 3787 ex
1030 3730 1361 3786 satellitibus
1393 3729 1573 3800 major
1615 3731 1916 3787 auctoritas
1971 3745 2057 3787 ac.

470 3823 638 3885 cedit,
694 3823 776 3876 sic
843 3822 1033 3888 etiam,
1087 3820 1344 3877 ebrietati
1398 3821 1549 3875 velut
1588 3821 1790 3893 regina:
1838 3821 2056 3877 cuidam

473 3912 744 3969 famulitio
813 3911 1049 3978 tradito,
1093 3912 1335 3968 dedecus
1378 3912 1500 3983 ejus
1546 3928 1612 3968 ac
1662 3913 2054 3985 turpitudinem

473 4017 640 4074 quam
672 4005 1097 4075 diligentissime
1134 4013 1450 4077 contegant.
1503 4004 1770 4067 Praeterea
1814 4022 2051 4071 coronae,

473 4097 670 4165 liores,
718 4106 1031 4169 unguenta,
1079 4097 1315 4163 sumtus,
1363 4108 1419 4154 et
1472 4100 1763 4155 innumera
1805 4100 2055 4170 quaedam

475 4199 702 4245 externa
745 4189 1147 4247 oblectamenta
1201 4189 1445 4260 perditos
1497 4190 1709 4247 diutius
1759 4197 2053 4261 occupant.

2078 3133 2124 3195 C

2142 1894 2206 1946 Οἱ
2229 1889 2321 1947 οὖν
2339 1894 2647 1965 ἀρχομένης
2679 1895 2893 1965 ἡμέρας
2922 1894 3405 1967 περισκοποῦντες,
3437 1896 3539 1951 ποῦ
3572 1898 3731 1951 πότοι

2141 1984 2401 2054 γίνονται,
2428 1988 2523 2041 καὶ
2546 1987 2839 2040 οίνοπώλια
2871 1987 2966 2042 καὶ
2984 1987 3258 2058 καπηλεῖα
3282 1989 3730 2061 περιαθροῦντες⁹

2144 2078 2240 2131 καὶ
2286 2078 2550 2150 ἀλλήλους
2591 2080 2685 2134 ἐπὶ
2716 2080 2776 2134 τὸ
2810 2080 2986 2135 πίνειν
3033 2081 3577 2154 παραλαμϐάνοντες,
3633 2084 3731 2138 καὶ

2145 2172 2328 2225 πᾶσαν
2357 2172 2455 2242 τῆς
2477 2171 2656 2244 ψυχῆς
2685 2174 2785 2246 τὴν
2818 2173 3094 2246 μέριμναν
3134 2175 3264 2248 περὶ
3291 2176 3390 2245 τὴν
3421 2176 3531 2230 τῶν
3556 2176 3735 2230 τοιού-

2143 2277 2254 2313 των
2307 2259 2564 2331 φροντίδα
2607 2262 3117 2328 καταναλίσκοντες,
3155 2258 3301 2317 οὗτοι
3328 2265 3439 2335 (50)
3480 2265 3585 2319 ὑπὸ
3632 2265 3731 2320 τοῦ

2147 2350 2426 2422 προφήτου
2447 2350 2938 2423 καταθρηνοῦνται,
2957 2353 3032 2417 ὡς
3058 2354 3467 2426 καιρὸνιούδένα
3517 2356 3734 2421 ἑαυτοῖς

2148 2443 2284 2515 πρὸς
2303 2442 2400 2514 τὴν
2419 2443 2527 2499 τῶν
2545 2444 2862 2516 θαυμασίων
2892 2446 2985 2500 τοῦ
3002 2446 3139 2500 Θεοῦ
3168 2449 3490 2521 κατανόησιν
3507 2450 3734 2503 ἀπολεί-

2149 2551 2363 2597 ποντες.
2399 2534 2474 2587 Ού
2525 2533 2633 2607 γὰρ
2683 2536 2873 2604 ἄγουσι
2906 2537 3103 2610 σχολὴν
3145 2539 3195 2591 oi
3251 2537 3520 2610 ὀφθαλμοὶ
3550 2540 3737 2594 αὐτῶν

2150 2625 2442 2681 ἀνανεῦσαι
2467 2627 2602 2699 πρὸς
2627 2628 2875 2701 οὐρανὸν,
2909 2629 3003 2683 καὶ
3046 2628 3116 2683 τά
3142 2632 3199 2684 ὲν
3228 2630 3376 2702 αὐτῷ
3411 2630 3582 2701 κάλλη
3629 2648 3735 2688 κα-

2150 2716 2438 2789 ταμαθεῖν,
2463 2718 2558 2772 καὶ
2578 2720 2760 2773 πᾶσαν
2799 2721 2899 2791 τὴν
2948 2722 3005 2773 έν
3044 2724 3157 2784 τοῖς
3202 2717 3324 2776 οὖσι
3375 2722 3736 2796 διακόσμησιν

2152 2809 2569 2879 ἐπισκέψασθαι,
2597 2811 2737 2864 ὥστε
2764 2813 2828 2865 ὲκ
2864 2812 2964 2883 τῆς
2983 2813 3187 2867 τούτων
3231 2815 3481 2880 εὐταξίας
3505 2815 3600 2869 τὸν
3639 2816 3738 2888 δη-

2157 2898 2414 2971 μιουργὸν
2465 2900 2751 2972 ἐννοῆσαιο
2801 2901 2915 2956 ἀλλ’
2957 2902 3121 2967 εὐθὺς
3166 2892 3474 2976 ἀρχομένης
3519 2905 3738 2979 ἡμέρας

2154 2989 2451 3061 κοσμοῦσιν
2472 2991 2679 3045 ἑαυτῶν
2701 2992 2769 3046 τὰ
2800 2993 3078 3071 συμπόσια
3114 2996 3321 3066 τάπησι
3350 2994 3615 3059 ποικίλοις
3640 2998 3740 3049 καὶ

2155 3080 2390 3145 ἀνθίνοις
2421 3083 2909 3155 παραπετάσμασι,
2930 3086 3167 3158 σπουδήν
3197 3103 3258 3139 τε
3293 3087 3388 3140 καὶ
3420 3087 3740 3159 ἐπιμέλειαν

2154 3175 2235 3238 είς
2256 3174 2357 3247 τὴν
2379 3175 2488 3228 τῶν
2527 3176 2875 3247 ἐκπωμάτων
2923 3179 3279 3251 παρασκευὴν
3313 3179 3739 3243 ἐπιδείκνυνται,

2153 3264 2440 3338 ψυκτῆρας
2469 3266 2563 3319 καὶ
2590 3267 2876 3339 κρατῆρας
2904 3268 3000 3322 καὶ
3033 3268 3251 3338 φιάλας,
3287 3268 3475 3340 ὥσπερ
3510 3271 3570 3323 ὲν
3597 3288 3743 3341 πομ-

2156 3361 2233 3431 πῇ
2267 3376 2373 3413 τινι
2406 3358 2519 3431 (51)
2552 3360 2647 3414 καὶ
2702 3361 3029 3433 πανηγύρει,
3074 3361 3423 3428 διατιθέντες,
3460 3362 3538 3427 ὡς
3575 3362 3643 3417 ἂν
3673 3361 3744 3416 τὸ

2155 3450 2266 3504 τῶν
2295 3451 2534 3520 ἀγγείων
2556 3452 2812 3525 διάφορον
2844 3453 2937 3508 τὸν
2980 3454 3142 3527 κόρον
3170 3455 3350 3520 αὐτοῖς
3402 3455 3742 3530 ὑποκλέπτῃ,

2158 3543 2254 3597 καὶ
2281 3545 2315 3615 ή
2341 3543 2449 3597 τῶν
2476 3546 2823 3615 ἐκπωμάτων
2850 3545 3139 3618 ύπαλλαγὴ
3161 3548 3255 3602 καὶ⁵
3290 3546 3587 3620 μετάϐασις
3619 3550 3746 3603 lxa-

2161 3634 2259 3704 νὴν
2293 3636 2478 3699 αὐτοῖς
2509 3637 2590 3700 είς
2612 3636 2673 3690 τὸ
2704 3636 2878 3691 πίνειν
2906 3638 3188 3711 διατριϐὴν
3240 3642 3465 3712 ἐμποιῇ.
3521 3642 3745 3712 Συμπο-

2164 3726 2375 3798 σὶαρχοι
2391 3726 2449 3781 δέ
2476 3745 2620 3791 τινες
2648 3729 2742 3782 ἐπὶ
2764 3728 2973 3795 τούτοις
2996 3732 3090 3786 καὶ
3112 3733 3484 3804 ἀρχιοινοχόοι,
3519 3734 3616 3786 καὶ
3641 3734 3745 3804 ἀρ-

2161 3819 2509 3893 χιτρίκλινοι·
2538 3821 2633 3874 καὶ
2689 3820 2845 3887 τάξις
2878 3822 2936 3875 έν
2981 3822 3203 3893 ἀταξίᾳ,
3262 3824 3357 3877 κα)⁵
3398 3823 3637 3888 διάθεσις
3680 3827 3744 3877 ὲν

2163 3890 2393 3983 ἀκόσιῖῳ
2419 3913 2707 3985 πράγματι
2731 3913 3094 3984 ἐπινενόηται,
3137 3890 3223 3980 ἵν’,
3272 3914 3460 3985 ὥσπερ
3490 3917 3611 3978 ταῖς
3636 3916 3744 3988 ἀρ-

2162 4006 2285 4071 χαῖς
2306 4006 2430 4067 ταῖς
2459 4002 2657 4069 ἔξωθεν
2685 4006 2750 4059 ὲκ
2781 4004 2891 4058 τῶν
2935 4005 3375 4077 δορυφορούντων
3408 4006 3441 4076 ἡ
3473 4007 3745 4076 σεμνότης

2158 4096 2498 4164 συναύξεται,
2521 4097 2664 4151 ούτω
2684 4098 2777 4151 καὶ
2803 4100 2870 4169 τῇ
2901 4098 3039 4170 μέθῃ
3053 4092 3166 4152 οἷον
3189 4097 3416 4168 βασιλίδι
3441 4098 3548 4153 τινὶ
3575 4098 3745 4170 θερα-

2156 4190 2315 4244 πείαν
2374 4192 2823 4262 περιστήσαντες,
2884 4192 2946 4245 τὸ
3011 4192 3373 4245 ἐπονείδιστον
3435 4192 3606 4262 αὐτῆς
3658 4192 3745 4263 τῷ

474 4281 684 4338 Deinde
734 4281 991 4336 convivio
1059 4280 1278 4352 longius
1326 4281 1746 4355 progrediente,
1797 4283 2050 4339 oriuntur

2157 4282 2549 4354 ύπερὸάλλοντι
2580 4283 2679 4353 τῆς
2734 4282 2973 4354 σπουδῆς
3027 4283 3438 4355 περιστέλλωσι.
3476 4285 3744 4355 Στέφανοι

547 4438 592 4471 ³⁸
630 4435 827 4493 Genes.
866 4452 940 4504 Ir,
977 4436 1068 4494 14.
1141 4438 1187 4471 ⁸⁸
1225 4438 1331 4495 lsa.
1366 4455 1422 4505 ν,
1460 4439 1521 4494 Η
1546 4477 1562 4506 ,
1606 4438 1697 4495 12.

548 4593 662 4719 (ig)
713 4591 856 4649 Editi
921 4593 1014 4647 ἐπὶ
1070 4594 1316 4650 σεαυτόν.
1372 4594 1442 4649 At
1500 4611 1635 4652 mss.
1691 4602 1919 4667 quatuor
1972 4595 2057 4663 ἐφ’

548 4684 608 4719 υτ
641 4682 690 4718 ν.

545 4682 690 4719 υτον.

478 4669 919 4807 uigilet”?
955 4735 1199 4807 quinque
1234 4734 1361 4807 libri
1390 4734 1530 4807 ὅλος.
1562 4733 1710 4791 Editi
1752 4735 1908 4799 ὅλως.
1943 4733 2057 4787 Ali-

477 4803 685 4881 quanto
696 4813 837 4930 ‘post
861 4803 993 4875 Regi
1027 4803 1238 4875 primus
1267 4806 1346 4875 τῷ
1362 4806 1527 4877 πρωῒ.

547 4878 662 4932 (50)
748 4892 849 4932 nus
874 4877 1045 4932 codex
1075 4873 1228 4929 Colb.
1263 4871 1406 4931 οὗτοι
1432 4876 1527 4927 νῦν

550 4878 641 4931 (50
696 4878 849 4932 Unus
874 4878 1045 4932 codex
1075 4878 1228 4929 Colb.
1263 4878 1406 4931 οὗτοι
1432 4878 1546 4932 νῦν.

550 4878 663 5021 (Si;
688 4947 1061 5021 Ambrosium,
1087 4954 1146 5000 ut
1174 4960 1233 5001 se
1259 4946 1424 5002 dabat
1456 4945 1696 5021 occasio,
1722 4946 1828 5001 alia
1852 4961 1884 5000 e
1912 4944 2061 4999 Basi-

475 5018 536 5073 lii
562 5017 907 5073 orationibus
950 5017 1220 5070 imitatum
1252 5031 1395 5081 esse,
1447 5017 1551 5072 alia
1613 5018 2050 5087 interpretatum,

479 5089 616 5143 satis
644 5096 848 5141 norunt
879 5087 1101 5142 eruditi.
1130 5087 1238 5140 Nec
1259 5087 1483 5142 dubium
1510 5086 1644 5157 quin
1674 5086 1902 5141 Latinus
1926 5101 2054 5139 ora-

479 5168 567 5211 tor
588 5172 712 5211 cum
734 5159 807 5211 ita
830 5158 1097 5214 scriberet
1123 5170 1270 5224 num,
1294 5157 1364 5210 46
1391 5174 1404 5209 :
1431 5157 1708 5211 Assistunt
1734 5158 1883 5224 pueri
1905 5172 2057 5209 coma

483 5229 705 5281 nitentes
748 5243 813 5281 ea:
858 5237 1008 5298 gente
1044 5225 1323 5281 barbarica
1352 5226 1420 5280 ad
1449 5225 1542 5281 hos
1585 5244 1712 5298 usus
1752 5227 1924 5287 electi,
1966 5242 2059 5295 per

481 5298 815 5367 singularum
861 5296 1100 5352 distincti
1143 5306 1361 5352 aetatum
1401 5300 1556 5351 vices.
1598 5296 1796 5351 Cernas
1840 5299 2059 5365 populo-

485 5383 603 5422 rum
650 5369 977 5424 diversorum
1035 5367 1269 5432 ordines,
1320 5368 1483 5421 aciem
1530 5368 1833 5421 ordinatam
1884 5378 2055 5435 putes,

483 5454 613 5509 casa
648 5439 887 5509 eaposita
936 5449 1217 5509 argentea,
1253 5453 1496 5507 pompam
1541 5439 1861 5492 arbitreris:
1909 5454 2052 5502 non,

485 5508 731 5579 inquam,
776 5507 1165 5579 dubiumquin
1206 5507 1531 5563 imitandum
1566 5509 1670 5563 sibi
1711 5516 2057 5579 proposuerit

485 5576 619 5650 illud
676 5576 885 5650 Basilii.
928 5576 1213 5649 ψνκῆρας
1253 5579 1350 5633 καὶ
1399 5579 1679 5650 κρατῆρας
1696 5576 1829 5650 ﬁxae;
1861 5579 2058 5650 φιάλας

484 5648 675 5720 ὥσπερ
706 5649 766 5702 ὲν
797 5649 991 5720 πομπῇ
1017 5648 1213 5720 τινιρ...
1249 5648 1644 5720 συμποσίαρχοι
1687 5648 1744 5701 δέ
1790 5666 1932 5712 τινες
1965 5649 2058 5720 ἐπὶ

484 5668 675 5720 ωσπερ
706 5668 766 5702 εν
1017 5668 1213 5703 τινι....
1249 5668 1556 5720 συμποσιαρ
1596 5668 1644 5701 οι
1687 5668 1744 5701 οε
1790 5668 1932 5712 τινες
1965 5668 2057 5700 επι

483 5718 694 5783 τούτοις
722 5718 818 5773 καὶ
836 5718 1187 5790 ἀρχιοινοχόοι
1216 5720 1309 5773 καὶ
1333 5668 1721 5790 ἀρχιτρίῶεινοι
1747 5735 1759 5748 ·
1785 5720 1873 5773 καὶ
1905 5719 2057 5783 τάξις

2157 4594 2215 4647 ὲν
2248 4592 2465 4664 ἀταξίᾳ.
2503 4591 2602 4646 Hic
2641 4593 2897 4663 antiquas
2932 4592 3205 4664 editiones
3218 4594 3410 4664 secuti
3444 4608 3676 4650 sumus:
3706 4609 3744 4650 ει

2154 4664 2357 4734 quibus
2395 4662 2532 4717 nova
2564 4665 2616 4717 in
2650 4662 3149 4734 aliquodissentit.
3184 4662 3285 4718 Ubi
3324 4666 3469 4718 enim
3512 4664 3567 4718 in
3596 4670 3744 4718 anti-

2154 4732 2279 4804 quis
2308 4734 2524 4803 legitur,
2558 4751 2650 4803 per
2680 4732 3011 4804 singularum
3042 4734 3286 4788 distincti
3317 4744 3536 4789 (statum
3574 4735 3741 4796 vices.

2155 4820 2294 4858 nova
2341 4806 2415 4857 ita
2456 4805 2639 4867 habet,
2686 4821 2778 4873 per
2816 4804 3150 4874 singularum
3189 4806 3475 4859 distantias
3515 4814 3746 4858 tctatum

2158 4875 2312 4944 vices.
2334 4874 2597 4928 Similiter
2616 4890 2678 4929 ea
2703 4890 2824 4944 quae.
2855 4891 2976 4927 mox
3003 4886 3308 4944 sequuntur
3334 4874 3513 4931 Basilii
3547 4878 3740 4930 verba:

2159 4941 2293 5016 Εἶτα
2333 4945 2521 5016 πόρρω
2556 4941 2838 5016 προϊόντος
2880 4944 2975 4996 τοῦ
3010 4941 3194 5008 πότου,
3239 4945 3463 5015 ἅμιλλαι
3492 4945 3621 5016 περὶ
3642 4945 3745 4998 τοῦ

2160 5014 2453 5078 πλείονος,
2491 5014 2810 5083 φιλονεικίαι
2864 5016 2963 5085 καὶ,
3016 5016 3408 5085 ἀγωνίσματα,
3472 5015 3746 5085 ἀλλήλους

2157 5085 2592 5156 ὑπερϐάλλεσθαι
2614 5084 3077 5156 φιλοτιμουμένων
3101 5084 3240 5141 κατά
3261 5086 3367 5156 τὴν
3402 5084 3603 5156 μέθηνέ
3642 5088 3746 5139 καὶ

2152 5158 2182 5209 ὁ
2214 5151 2563 5225 ἀγωνοθετῶν
2599 5151 3226 5227 α’ύτοίςίδιάσολοςκκαὶ
3255 5151 3417 5209 ἆθλον
3455 5151 3553 5223 τῆς
3579 5156 3747 5227 νίκης

2152 5229 2187 5297 ή
2217 5227 2529 5298 ἁμαρτία...
2574 5228 2621 5298 οί
2657 5225 2978 5296 ἡττηθέντες
3026 5226 3346 5298 μεθύουσιν’
3391 5228 3439 5280 οί
3479 5225 3744 5291 νικῶντες

2159 5296 2470 5367 μεθύουσιν,
2492 5302 2546 5349 et
2571 5297 2687 5366 ipsa
2711 5311 2927 5366 quoque
2950 5296 3273 5353 Ambrosius
3298 5307 3389 5351 aut
3421 5297 3499 5367 ad,
3516 5298 3744 5351 verbum

2156 5365 2446 5435 expressit,
2488 5365 2855 5421 aut’imitatus
2887 5376 2991 5427 est,
3024 5382 3148 5421 cum
3185 5369 3255 5420 ita
3307 5365 3552 5435 scripsit,
3579 5382 3743 5420 num.

2158 5437 2223 5489 Η
2256 5455 2267 5489 ;
2300 5435 2501 5490 Deinde
2537 5437 2846 5505 procedente
2891 5446 3018 5506 potu
3066 5437 3271 5508 longius
3316 5436 3744 5508 contentiusque.

2157 5509 2447 5578 diversae!
2477 5523 2669 5578 magna
2696 5509 3008 5578 certamina.
3040 5506 3167 5576 quis
3199 5506 3421 5561 bibenda
3442 5508 3742 5578 prccccllat.

2159 5578 2319 5631 Num.
2361 5577 2475 5630 48:
2529 5576 2873 5646 A‘gonothetes
2934 5577 3046 5631 illis
3091 5577 3244 5646 [uror
3288 5587 3456 5632 est....
3500 5576 3745 5630 victoriu-

2157 5648 2431 5714 praemium
2464 5649 2684 5711 culpa...
2710 5646 2869 5701 Num.
2895 5647 2963 5703 49
2988 5666 3000 5701 :
3048 5646 3280 5701 Victores
3313 5648 3536 5714 victique
3558 5662 3743 5700 omnes

2157 5720 2289 5772 ebrii
2308 5718 2511 5786 jaceat.
2530 5719 2727 5773 Statim
2759 5727 2869 5774 tres
2902 5734 3034 5774 mss.
3064 5717 3252 5789 ὥσπερ
3281 5719 3357 5775 ὲν.
3384 5716 3527 5773 Editi
3556 5716 3633 5780 ὡς
3656 5718 3741 5773 ὲν.
