4036 6236
3346 276 3349 281 Ι
3364 284 3391 292 Ὦ

350 354 447 409 ,ὅτ
1582 351 1862 406 llOMlLlA
1902 352 1971 407 IN
2007 352 2360 409 EBRIOSOS.
3491 353 3600 413 ‘53
3652 434 3659 439 ι

349 474 438 526 ἐπὶ
466 488 674 534 τούτοις
700 472 793 526 καὶ
825 472 961 543 ἄνθη
984 472 1077 525 καὶ
1102 474 1245 545 μύρα
1287 476 1379 527 καὶ
1429 475 1766 546 θυμιάματα,
1825 479 1914 530 καὶ

2021 476 2087 533 de
2113 477 2373 547 ampliore
2398 486 2524 546 potu
2549 481 2845 535 certamina
2868 482 3352 552 contentionesque
3372 491 3426 537 et
3452 482 3595 542 lites.

346 564 528 634 μυρίαι
556 566 700 627 τινὲς
736 564 936 630 ἔξωθεν
979 565 1255 638 θυμηδίαι,
1282 568 1500 621 πλείονα
1532 570 1630 639 τὴν
1663 568 1919 639 ἀσχολίαν

346 661 447 718 τοῖς
470 657 868 727 ἀπολλυμένοις
890 658 1005 728 (52)
1027 662 1550 731 παρασκευάζουσιν.
1570 660 1701 715 Εἶτα
1733 665 1921 735 πόρρω

345 749 620 819 προίόντος
652 750 749 802 τοῦ
770 751 958 815 πότου,
992 752 1213 823 ἅμιλλαι
1248 755 1374 825 περὶ
1416 754 1510 807 τοῦ
1542 756 1805 821 πλείονος,
1836 774 1924 823 φι-

343 837 599 889 λονεικίαι
631 840 725 891 καὶ
746 840 1128 909 ἀγωνίσματα,
1172 842 1432 914 ἀλλήλους
1490 845 1921 917 ὑπερϐάλλεσθαι

344 930 813 1001 φιλοτιμουμένων
840 932 983 986 κατά
1029 934 1128 1005 τὴν
1169 934 1358 1004 μέθην·
1395 937 1487 988 καὶ
1517 940 1545 990 ὁ
1573 938 1923 1006 ἀγωνοθετῶν

344 1023 521 1085 αὐτοῖς
548 1022 577 1074 ὀ
622 1022 891 1086 διάϐολος,
948 1025 1044 1077 καὶ
1092 1021 1251 1078 ἆθλον
1282 1028 1381 1097 τῆς
1420 1028 1575 1099 νίκης
1601 1030 1633 1098 ἠ
1658 1029 1921 1099 ἁμαρτία.

354 1112 409 1163 ὐ
437 1111 543 1181 γάρ
576 1111 805 1165 πλείονα
832 1113 923 1166 τὸν
948 1114 1184 1185 ἄκρατον
1232 1117 1553 1187 ὲκχεόμενος
1588 1119 1723 1185 (55),
1771 1112 1925 1182 οὗτος

338 1201 559 1271 φέρεται
595 1201 742 1255 κατά
772 1203 881 1255 τῶν
911 1204 1083 1257 ἄλλων
1127 1204 1193 1257 τὰ
1241 1208 1552 1278 νικητήρια.
1608 1210 1816 1272 Ὄντως
1866 1209 1927 1263 Ἠ

336 1289 483 1354 δόξα
505 1293 575 1344 ἐν
597 1291 676 1361 τῇ
701 1295 966 1363 αἰσχύνῃ
1003 1294 1222 1351 αὐτῶν.
1290 1298 1649 1352 Φιλονεικοῦσι
1691 1300 1786 1369 μὲν
1818 1301 1924 1373 γὰρ

339 1383 611 1455 ἀλλήλοις,
639 1386 938 1454 ἀμύνονται
977 1388 1033 1441 δὲ
1069 1388 1313 1454 ἑαυτούς.
1350 1391 1505 1455 Heio;
1558 1391 1712 1459 λόγος
1743 1394 1925 1462 ἐφικέ-

342 1475 463 1528 σθαι
524 1478 635 1547 τῆς
711 1479 1069 1549 αἰσχρόητος
1132 1482 1239 1533 τῶν
1309 1483 1606 1553 γινομένων
1671 1483 1919 1549 δύναται;

338 1568 520 1621 Πάντα
536 1569 765 1638 ἀλογίας
785 1571 963 1640 γέμει,
990 1572 1162 1625 πάντα
1186 1574 1493 1643 συγχύσεως
1514 1576 1563 1627 οἱ
1599 1575 1919 1647 ἡττηθέντες

339 1659 656 1728 μεθύουσιν,
681 1662 732 1714 οἱ
767 1662 1029 1725 νικῶντες
1057 1663 1169 1733 (54)
1210 1664 1517 1733 μεθύουσιν,
1544 1667 1594 1718 οἱ
1647 1654 1973 1737 ὑπηρέτξῆΓ

2029 570 2156 623 dum
2186 585 2245 623 se
2278 580 2467 625 mutuo
2497 571 2761 626 ebrietate
2797 587 3057 641 superare
3082 582 3354 627 conantur
3384 592 3396 627 :
3426 584 3597 643 atque

2027 662 2383 717 certaminum
2423 664 2615 716 horum
2668 662 2955 733 prmi‘ectus
3007 664 3168 734 128
3204 664 3451 721 diabolus
3488 677 3592 728 est.

2029 760 2083 807 et
2126 754 2368 808 victoria:
2397 756 2674 822 praemium
2714 764 3014 825 peccatum.
3052 756 3184 809 Nam
3220 757 3309 826 qui
3348 758 3472 827 plus
3502 775 3597 812 ex-

2030 845 2211 899 haurit
2243 847 2398 910 meri,
2437 847 2483 901 is
2525 848 2593 900 ah
2618 848 2739 901 aliis
2774 856 3017 917 reportat
3051 849 3354 903 victoriam.
3387 848 3595 903 Revera

2030 936 2214 991 Gloria
2251 939 2305 991 in
2352 939 2656 1007 confusione
2696 940 2927 1007 ipsorum
2974 940 3038 993 “.
3078 940 3426 994 Contendunt
3450 940 3587 994 enim

2039 1030 2181 1083 inter
2208 1043 2286 1089 se,
2316 1044 2377 1083 ac
2401 1045 2460 1083 se
2488 1028 2593 1099 ipsi
2625 1028 2983 1084 ulciscuntur.
3015 1028 3145 1094 Quae
3185 1030 3376 1096 oratio,
3404 1045 3593 1084 eorum

2031 1134 2151 1189 quae
2202 1120 2371 1185 liunt,
2426 1123 2647 1191 assequi
2696 1122 2870 1191 possit
2929 1121 3357 1191 turpitudinem?
3400 1118 3595 1174 Omnia

2033 1222 2160 1265 sunt
2203 1212 2514 1283 insipientia
2565 1211 2787 1277 referta,
2837 1212 3017 1265 omnia
3060 1210 3380 1265 confusione
3412 1228 3427 1264 :
3463 1211 3592 1265 victi

2032 1306 2377 1376 victoresque
2423 1307 2558 1361 ebrii
2612 1314 2763 1369 sunt,
2811 1304 3061 1361 derident
3113 1303 3372 1358 ministri.
3424 1301 3596 1358 Labat

2033 1411 2248 1461 manus,
2276 1413 2338 1453 os
2387 1414 2495 1453 non
2538 1399 2790 1469 suscipit,
2839 1406 3026 1454 venter
3068 1397 3447 1467 disrumpitur,
3492 1410 3596 1450 nec

2027 1489 2208 1538 tamen
2255 1487 2455 1539 malum
2507 1489 2763 1544 mitescit.
2796 1488 3051 1543 Miserum
3102 1502 3304 1556 corpus
3356 1487 3595 1540 naturali

2024 1574 2208 1645 vigore
2234 1578 2545 1634 exsolutum
2582 1580 2862 1634 undelibet
2899 1578 3115 1644 diﬂlnit,
3140 1578 3283 1632 haud
3311 1579 3594 1634 sustinens

2021 1670 2291 1727 immodici
2316 1681 2475 1743 potus
2500 1675 2830 1731 violentiam.

336 1754 737 1821 καταγελῶσιν.
794 1757 861 1809 Ἠ
884 1757 1005 1828 χεὶρ
1040 1758 1409 1830 ἀπείρηκε,τὸ
1478 1761 1651 1830 στόμα
1707 1762 1805 1832 οὐχ
1863 1763 2202 1835 ὑποδέχεται,
2241 1770 2516 1841 ήγαστὴρ
2570 1770 2981 1841 διαρῤήγνυται,
3031 1769 3125 1822 καὶ
3174 1767 3235 1819 τὸ
3278 1768 3444 1821 κακὸν
3496 1767 3594 1838 οὐχ

335 1844 545 1914 ὑφίησι.
573 1846 651 1898 Τὸ
682 1846 866 1900 ἄθλιον
905 1848 1082 1917 σῶμα,
1118 1849 1209 1901 τοῦ
1246 1851 1472 1917 φυσικοῦ
1525 1852 1674 1904 τόνου
1739 1853 2066 1921 παοαλυθὲν,
2126 1859 2431 1931 ἀπόὸρυτόν
2468 1864 2583 1913 ἐστι
2651 1860 3005 1931 πανταχόθεν,
3041 1860 3138 1932 τὴν
3188 1863 3253 1914 ὲκ
3307 1862 3404 1923 τῖες
3456 1862 3591 1915 ἀμε-

332 1938 487 2009 τρίας
514 1936 637 2007 βίαν
674 1940 750 2010 μὴ
781 1940 1071 2009 ὑπομένον.

406 2052 456 2105 7.
477 2052 591 2122 (55)
610 2052 874 2107 Ἐλεεινὸν
899 2055 1076 2125 θέαμα
1088 2057 1427 2129 Χριστιανῶν
1451 2056 1747 2128 ὀφθαλμοῖς
1770 2061 1911 2130 ἀνὴρ

2088 2060 2139 2115 7.
2170 2058 2476 2115 Miserabile
2497 2060 2932 2116 Christianorum
2966 2060 3141 2115 oculis
3180 2062 3588 2131 spectaculum:

334 2145 598 2214 ἀκμάζων
646 2146 768 2198 καθ’
799 2146 1037 2217 ἡλικίαν,
1080 2149 1323 2219 σφριγῶν
1358 2148 1435 2219 τῷ
1478 2148 1714 2220 σώματι,
1754 2168 1919 2222 στρα-

335 2242 607 2300 τιωτικοῖς
637 2238 958 2307 καταλόγοις
991 2241 1313 2311 ἐμπρέπων,
1349 2242 1590 2312 φοράδην
1618 2242 1801 2295 οἴκαδε
1828 2260 1919 2297 κο-

339 2326 653 2397 μιζόμενος,
684 2328 759 2399 μὴ
784 2330 1079 2401 δυνάμενος
1108 2331 1421 2403 ὀρθοῦσθαι,
1464 2334 1599 2404 μηδὲ
1624 2339 1737 2398 τοῖς
1769 2334 1919 2398 ἰδίοις

336 2420 491 2472 ποσὶν
521 2420 743 2472 ἀπιέναι
773 2421 902 2490 (56).
941 2413 1104 2493 Ἀνὴρ
1126 2423 1355 2495 φοϐερὸς
1382 2421 1521 2477 εἶναι
1548 2425 1779 2494 ὀφείλων
1807 2429 1919 2489 τοῖς

335 2512 643 2581 πολεμίοις,
675 2513 911 2580 γέλωτός
954 2516 1103 2568 ἐστιν
1137 2516 1357 2586 ἀφορμὴ
1400 2519 1511 2578 τοῖς
1554 2520 1674 2570 κατ’
1714 2517 1919 2588 ἀγορὰν

334 2605 564 2667 παιδίοις
585 2624 596 2634 ·
627 2606 758 2658 ἄνευ
797 2606 1011 2676 σιδήρου
1040 2608 1458 2678 καταϐέϐληται,
1482 2609 1610 2662 ἄνευ
1644 2608 1919 2679 πολεμίων

338 2696 686 2763 πεφόνευται.
725 2697 889 2767 Ἀνὴρ
921 2698 1168 2767 ὁπλίτης,
1202 2698 1336 2750 αὐτὸ
1378 2698 1475 2767 τῆς
1516 2698 1735 2769 ἡλικίας
1769 2700 1918 2767 ἄγων

337 2789 396 2841 τὺ
424 2787 605 2853 ἄνθος,
654 2789 799 2842 οἴνου
852 2790 1047 2857 γέγονε
1098 2792 1509 2861 παρανάλωμα,
1561 2791 1773 2862 ἕτοιμος
1804 2792 1915 2863 (57)

338 2880 528 2932 παθεῖν
556 2882 672 2944 τοῖς
711 2882 924 2952 ἐχθροῖς
958 2883 1058 2934 ὅσα
1095 2881 1396 2951 βούλονται.
1434 2883 1609 2953 Μέθη,
1645 2882 1917 2953 λογισμῶν

336 2971 575 3042 ὄλεθρος,
608 2973 791 3042 ἰσχύος
825 2972 1110 3044 διαφθορὰ,
1136 2974 1312 3045 γῆρας
1338 2975 1534 3045 ἄωρον,
1556 2975 1917 3047 ὀλιγοχρόνιος

334 3063 587 3125 θάνατος.
611 3065 678 3115 Τί
710 3064 819 3134 γάρ
850 3063 977 3116 ἄλλο
1003 3066 1137 3116 εἰσὶν
1162 3068 1209 3117 οἱ
1246 3064 1537 3135 μεθύοντες
1567 3065 1599 3135 ἦ
1623 3065 1692 3117 τά
1721 3064 1917 3119 εἴδωλα

335 3155 443 3207 τῶν
460 3155 633 3208 ἐθνῶν
656 3172 671 3213 ;
708 3156 1077 3224 Ὀφθαλμοὺς
1090 3155 1322 3223 έχουσι,
1343 3157 1439 3209 καὶ
1463 3158 1535 3210 οὐ
1549 3156 1913 3219 ,βλέπουσιν⁵

332 3241 451 3301 ὦτα
468 3248 705 3314 ἔχουσι,
724 3248 820 3300 καὶ
839 3251 948 3301 οὐκ
974 3249 1284 3301 ἀκούουσιο
1305 3252 1483 3318 χεῖρες
1499 3266 1574 3301 πα
1583 3248 1914 3320 ραλέλυνται,

333 3340 385 3390 οἱ
414 3338 575 3400 πόδες
600 3338 1080 3410 ἀπενεκρώθησαν.
1111 3339 1206 3401 Τίς
1230 3339 1257 3389 ὁ
1287 3339 1457 3391 ταῦτα
1486 3339 1913 3405 ὲπιϐουλεύσας;

2024 2150 2108 2206 vir
2159 2158 2316 2205 aetate
2342 2148 2563 2216 ﬂorens,
2613 2151 2827 2206 validus
2856 2166 3107 2221 corpore,
3139 2152 3282 2207 inter
3326 2155 3593 2211 militares

2018 2241 2241 2298 ordines
2267 2242 2450 2297 clarus
2471 2282 2486 2306 ,
2519 2242 2750 2297 aliorum
2799 2244 3051 2299 manibus
3082 2244 3303 2299 domum
3334 2246 3591 2316 deporta-

2020 2340 2131 2397 tur,
2166 2332 2311 2402 quod
2362 2333 2571 2403 erigere
2620 2349 2679 2388 se
2706 2348 2814 2388 non
2860 2342 3045 2404 queat,
3072 2350 3248 2404 neque
3276 2338 3391 2391 suis
3416 2338 3591 2406 ipsius

2020 2424 2246 2497 pedibus
2271 2426 2443 2481 abire.
2475 2424 2572 2479 Vir
2615 2427 2709 2496 qui
2732 2428 2926 2483 terrori
2960 2428 3209 2485 hostibus
3237 2444 3360 2485 esse
3386 2430 3592 2487 debue-

2020 2526 2125 2583 rat,
2151 2520 2334 2588 pueris
2358 2521 2413 2574 in
2438 2519 2557 2572 foro
2583 2518 2796 2573 ridendi
2822 2520 3167 2574 occasionem
3204 2520 3436 2591 prabet;
3468 2520 3591 2578 sine

2022 2610 2166 2666 ferro
2220 2618 2533 2682 prostratus
2572 2619 2689 2674 est,
2741 2611 2860 2666 sine
2910 2611 3161 2667 hostibus
3206 2619 3453 2669 enectus.
3494 2612 3590 2666 Vir

2020 2700 2277 2770 armiger,
2310 2701 2367 2754 in
2426 2700 2545 2770 ipso
2590 2700 2767 2754 aetatis
2819 2699 2951 2755 ﬂore
3004 2702 3336 2766 consistens,
3380 2716 3410 2755 a
3458 2702 3588 2756 vino

2019 2797 2374 2859 consumptus
2402 2798 2485 2845 est
2515 2797 2571 2844 et
2591 2788 2893 2853 confectus,
2912 2790 3176 2860 quidquid
3194 2791 3381 2847 hostes
3404 2791 3590 2846 volue-

2019 2881 2130 2935 rint
2193 2881 2396 2951 perpeti
2451 2888 2695 2951 paratus.
2729 2879 2979 2936 Ebrietas
3011 2882 3243 2937 rationis
3291 2882 3586 2951 pernicies,

2020 2973 2234 3030 roboris
2263 2974 2411 3040 lues,
2446 2985 2697 3030 senectus
2737 2973 3059 3037 immatura,
3097 2975 3280 3045 exigui
3326 2976 3590 3046 temporis

2019 3082 2188 3122 mors.
2216 3066 2358 3135 Quid
2404 3068 2548 3123 enim
2596 3067 2743 3121 aliud
2791 3074 2919 3121 sunt
2961 3067 3243 3122 temulenti
3293 3066 3398 3123 nisi
3444 3065 3589 3121 idola

2018 3159 2300 3230 gentium?
2330 3160 2525 3215 Oculos
2567 3161 2786 3225 habent,
2823 3172 2874 3215 et
2919 3179 3022 3216 non
3057 3163 3230 3218 vident
3261 3179 3279 3216 :
3306 3179 3459 3217 aures
3492 3163 3590 3216 Ita-

2020 3252 2159 3315 bent,
2185 3260 2234 3306 et
2262 3270 2365 3306 non
2396 3252 2618 3307 audiunt
2636 3254 2680 3285 ’δ’
2710 3273 2724 3321 ;
2755 3269 2948 3309 manus
2973 3256 3222 3309 resoluta:
3247 3262 3395 3318 sunt,
3425 3254 3590 3324 pedes

2019 3346 2274 3402 emortui.
2314 3346 2515 3417 Ecquis
2545 3347 2659 3402 haec
2691 3348 3035 3403 machinatus
3074 3349 3195 3403 est?
3232 3349 3357 3418 quis
3396 3355 3591 3402 auctor

333 3430 417 3493 τίς
449 3431 479 3481 ὁ
501 3429 614 3481 τῶν
646 3430 829 3482 κακῶν
857 3431 1060 3483 τούτων
1087 3430 1258 3493 αἴτιος
1287 3447 1301 3493 ;
1338 3430 1422 3493 τίς
1457 3432 1485 3483 ὁ
1511 3430 1571 3482 τὸ
1598 3432 1697 3501 τῆς
1720 3430 1914 3500 μανίας

2021 3447 2107 3495 est
2137 3439 2333 3493 horum
2356 3440 2667 3492 malorum?
2696 3440 2819 3508 quis
2842 3440 2946 3493 hoc
2975 3440 3202 3494 insaniae.
3232 3440 3588 3509 pharmacnm

336 3521 467 3591 ἡμῖν
504 3520 619 3590 (58)
668 3521 955 3591 φάρμακον
995 3523 1340 3592 ὲγκεράσας;
1375 3524 1684 3596 Ἄνθρωπε,
1732 3525 1913 3595 παρά-

409 3680 449 3710 ⁸¹
491 3677 730 3748 Philipp.
767 3696 818 3742 ν,
860 3679 944 3731 19.
1023 3678 1067 3709 δ’
1114 3677 1254 3735 Psal.
1292 3696 1461 3746 cxm,
1495 3682 1563 3748 5,
1600 3682 1652 3736 6.

413 3835 526 3905 (5'2)
556 3833 710 3893 Illud.
741 3838 856 3909 τοῖς
885 3836 1293 3909 ἀπολλυμένοις,
1326 3839 1392 3891 de
1430 3838 1593 3893 rebus
1637 3840 1901 3909 accipien-

336 3906 467 3959 dum
493 3921 615 3959 esse
646 3913 797 3973 putat
818 3905 1177 3962 Combelisius
1209 3928 1220 3961 :
1255 3908 1306 3961 id
1338 3917 1517 3961 tamen
1544 3909 1673 3962 mihi
1699 3905 1912 3964 videtur

332 3977 681 4047 commodius
730 3976 952 4047 intelligi
996 3978 1063 4031 de
1099 3980 1368 4047 personis,
1404 3981 1632 4046 perditos
1677 3979 1910 4034 homines

331 4056 385 4119 et
422 4046 731 4119 desperatos
776 4046 974 4098 diutius
1023 4046 1298 4119 occupant.
1338 4049 1580 4101 Aliorum
1627 4051 1731 4103 erit
1767 4050 1912 4119 judi-

333 4117 822 4239 ἓᾞιὲιέθέὶιὶᾳυθηιο
867 4124 990 4185 post
1023 4116 1157 4189 Reg.
1198 4119 1408 4189 primus
1451 4118 1711 4189 ἀλλήλους
1744 4116 1911 4189 ὅπερ-

426 4225 437 4237 .
542 4203 616 4238 αι.

750 4265 801 4310 et
846 4256 1132 4328 duo_mss.
1172 4258 1519 4328 ἐγχεάμενος,
1549 4260 1638 4327 qui
1686 4260 1903 4328 infudit.

334 4326 587 4399 Atholb.
624 4327 831 4395 primus
876 4335 929 4399 et
958 4326 1093 4395 Reg.
1130 4326 1401 4381 secundus
1436 4326 1774 4398 ἐκχεόμενος,
1817 4332 1906 4399 qui

333 4397 581 4515 exhauri
607 4410 625 4446 :
649 4411 770 4464 qut?
790 4398 1060 4467 scriptura
1086 4399 1297 4452 videtur
1321 4399 1476 4452 nobis
1500 4397 1553 4452 et
1586 4397 1764 4454 verior
1791 4397 1921 4457 csse

337 4473 393 4517 et
422 4482 509 4517 me
539 4481 636 4517 tor.

459 4484 471 4513 ι
624 4505 636 4515 .

337 4473 710 4623 ρῖἱέἱὲμέοὼ.
744 4537 951 4606 primus
979 4538 1027 4589 οἱ
1057 4536 1293 4607 νικηταί.
1326 4537 1481 4593 Colb.
1517 4539 1713 4593 tertius
1745 4541 1791 4592 oi
1836 4558 1911 4593 νι-

335 4622 900 4740 κηῗέἓξτῗξίιιῢτοείιιε,
947 4692 1070 4731 cum
1104 4677 1301 4732 librum
1332 4676 1409 4731 De
1456 4676 1578 4731 Elia
1616 4688 1665 4733 et
1703 4679 1910 4747 jejunio

2023 3524 2184 3579 nobis
2222 3525 2547 3579 admiscuit?
2579 3525 2622 3580 Ο
2653 3527 2817 3580 homo
2838 3567 2853 3593 ,
2883 3529 3192 3582 convivium
3238 3528 3412 3585 aciem
3461 3526 3593 3583 eﬁe-

2017 3838 2189 3919 Certe_
2216 3836 2268 3892 id
2299 3836 2644 3919 participium
2673 3850 2899 3919 prprsus
2930 3836 3435 3919 napékxewmemo,
3470 3839 3591 3919 opi-

2018 3923 2140 3972 nor,
2178 3905 2339 3962 hom'o
2373 3923 2482 3961 non
2503 3905 2679 3961 videt.
2706 3905 2830 3960 Haec
2873 3905 3058 3976 igitur,
3095 3922 3195 3960 cur
3225 3907 3367 3961 hanc
3397 3905 3587 3964 lectio-

2017 3994 2141 4033 nem
2172 3978 2481 4044 reprobem,
2525 3991 2633 4047 una
2669 3991 2835 4047 causa
2876 3984 2960 4030 est
2997 3995 3009 4029 :
3060 3978 3249 4037 altera.
3291 3977 3435 4046 quod
3465 3988 3590 4047 post

2017 4049 2172 4113 illud,
2206 4048 2356 4115 ﬂore,
2409 4048 2564 4116 sequi
2597 4046 2790 4101 debeat
2819 4060 2923 4099 vox
2969 4046 3172 4114 aliqua,
3200 4062 3321 4109 quas
3360 4046 3591 4117 respon-

2014 4118 2139 4173 deat
2167 4119 2395 4173 vocibus
2447 4119 2769 4179 vulneratos,
2802 4117 3125 4185 interfectos,
3178 4118 3439 4177 turbatos.
3485 4129 3590 4173 tre-

2016 4189 2207 4243 mulos.
2243 4190 2376 4242 Cum
2408 4188 2574 4257 igitur
2602 4186 2769 4241 editio
2798 4184 3047 4257 Romana
3066 4195 3117 4239 et
3142 4202 3276 4242 mss.
3314 4190 3587 4253 nonnulli,

2015 4267 2071 4311 nt
2100 4275 2164 4313 ex
2201 4259 2345 4312 notis
2378 4256 2753 4311 Anthrosianis
2769 4264 3002 4319 constat,
3035 4256 3273 4311 habeant
3299 4270 3587 4313 marcentes

2012 4343 2110 4397 pro
2153 4337 2413 4390 nascente,
2444 4328 2516 4380 ita
2559 4327 2661 4397 legi
2693 4326 2889 4397 debere
2928 4341 3146 4389 censeo,
3182 4329 3237 4381 in
3261 4329 3370 4395 ipso
3399 4330 3591 4397 juven-

2021 4400 2149 4451 tutis
2180 4401 2312 4467 ﬂore
2347 4396 2657 4450 marcentes.
2698 4396 2832 4450 Nam
2866 4411 2895 4449 a
2926 4397 3165 4452 librariis
3203 4414 3268 4453 ex
3296 4396 3587 4454 marcentes

2020 4469 2238 4523 incaute
2267 4469 2470 4521 factum
2500 4482 2623 4521 esse
2649 4476 2911 4530 nascente,
2944 4468 3238 4522 obscurum
3261 4484 3369 4522 non
3392 4478 3496 4524 est.
3522 4470 3589 4523 Et

2020 4540 2238 4607 quidem
2276 4554 2374 4591 vox
2408 4548 2697 4590 marcentes
2723 4544 2776 4591 et
2809 4538 2934 4590 huic
2966 4537 3089 4590 loco
3120 4539 3354 4592 maxime
3388 4556 3588 4594 convc-

2022 4610 2122 4671 nit,
2149 4619 2203 4664 et
2226 4610 2449 4662 vocibus
2484 4610 2803 4666 vulneratos,
2838 4607 3158 4675 interfectos,
3197 4608 3452 4674 turbatos,
3483 4620 3587 4663 tre-

2020 4680 2210 4742 mulos,
2230 4680 2432 4748 optime
2455 4677 2763 4748 respondet.
2795 4677 2902 4729 Hor
2927 4689 3172 4731 nostrum
3192 4679 3453 4746 judicium
3476 4694 3586 4733 non

338 4728 712 4818 scriliéret,_et
742 4728 1359 4818 amensamens;
1377 4728 1903 4818 aetatesaetas;
1944 4728 1987 4782 υ
2006 4728 2210 4817 satis;
2236 4728 3582 4818 tantist,';.:..a"m.v.msi;.'s'ariettn‘.s;’~m.;

336 4832 461 4885 qua:
503 4815 687 4869 omnia
750 4817 1009 4873 adnotare
1054 4819 1266 4872 animus
1313 4832 1423 4871 non
1480 4830 1601 4873 est:
1637 4815 1904 4874 ascrtham

336 4894 523 4940 tamen
563 4886 773 4956 aliqua,
815 4902 934 4956 quae
986 4888 1244 4943 studiosis
1286 4903 1395 4941 non
1441 4887 1732 4955 injucunda
1793 4890 1907 4944 fore

338 4972 520 5026 spero.
557 4953 845 5025 Sicigitur
876 4960 1114 5026 loquitur
1143 4973 1260 5026 cap.
1304 4958 1391 5021 l5,
1449 4953 1599 5013 num.
1632 4960 1699 5014 50
1732 4974 1745 5011 :
1776 4959 1906 5027 Spe-

341 5027 608 5079 clnculum
668 5030 816 5080 triste
861 5027 1281 5082 Christianorum
1310 5029 1479 5082 oculis
1505 5040 1552 5081 et
1588 5030 1904 5083 miserabilis

338 5099 555 5165 species.
594 5094 796 5150 Cernas
827 5114 1044 5166 Jut-enes
1084 5098 1338 5152 terribiles
1382 5101 1497 5152 visu
1550 5099 1807 5157 hostibus.
1841 5101 1906 5153 de

340 5168 569 5219 convivio
607 5169 813 5235 portari
850 5168 1065 5235 foras...
1100 5169 1243 5233 Quos
1278 5185 1429 5222 mane
1474 5169 1700 5238 insignes
1741 5172 1904 5222 armis

338 5250 687 5305 spectaveras.
737 5245 883 5290 vultu
927 5240 1177 5302 minaces,
1219 5238 1427 5291 eosdem
1476 5241 1671 5307 vesperi
1721 5256 1903 5293 cernas

336 5309 499 5361 etiam
528 5326 560 5360 a
586 5308 821 5377 puerulis
843 5310 1052 5376 impune
1072 5308 1254 5368 rideri,
1279 5310 1391 5362 sine
1413 5309 1551 5377 ferro
1578 5309 1901 5372 vulneratos,

338 5379 450 5432 sine
476 5393 652 5447 pugna
702 5379 1025 5446 interfectos,
1064 5380 1176 5431 sine
1203 5378 1347 5431 hoste
1378 5379 1636 5443 turbatos,
1673 5381 1785 5432 sine
1824 5396 1906 5433 se-

339 5460 539 5502 nectute
587 5450 861 5514 tremulos,
901 5450 954 5501 in
991 5449 1103 5514 ipso
1143 5449 1429 5513 juventutis
1461 5450 1590 5515 flore
1638 5459 1901 5503 nascente.

335 5516 540 5575 Cetera
581 5519 802 5589 quidam
834 5532 989 5579 sana,
1021 5528 1075 5571 et
1104 5533 1169 5589 ex
1203 5516 1405 5572 Graecis
1439 5519 1574 5572 bene
1605 5534 1860 5588 expressa
1887 5538 1901 5572 :

338 5589 427 5643 sed
457 5590 524 5644 de
545 5588 661 5654 illo,
694 5590 749 5641 in
775 5589 889 5654 ipso
905 5588 1197 5657 juventutis
1217 5589 1345 5657 ﬂore
1368 5599 1626 5652 nascente,
1646 5592 1801 5644 aliter
1825 5590 1907 5642 vi-

336 5658 507 5714 detur.
548 5658 693 5725 Quid
726 5661 874 5712 enim
918 5658 1141 5711 attinuit
1174 5660 1372 5713 addere
1396 5675 1583 5713 vocem
1634 5669 1902 5719 nascente.

336 5744 454 5785 cum
506 5733 648 5786 satis
700 5738 846 5783 esset
880 5728 1109 5788 dixisse,
1155 5728 1208 5779 in
1258 5731 1366 5796 ipso
1413 5730 1701 5795 iuventutis
1730 5730 1903 5797 flore?

651 5845 925 5902 ΡΑτιιοι.
961 5843 1075 5902 Gn.
1120 5841 1360 5903 XXXI.

2015 4818 2242 4889 φοϐερὸς
2277 4818 2413 4874 εἶναι
2441 4818 2668 4889 όῳείλων
2702 4821 2813 4889 τοῖς
2843 4818 3139 4889 πολεμίοις,
3171 4818 3401 4889 γέλωτός
3438 4819 3585 4871 ἐστιν

2013 4887 2232 4971 ἀφορμὴ
2262 4894 2372 4952 τοῖς
2402 4888 2519 4971 κατ’
2552 4888 2766 4971 ἀγορὰν,
2785 4888 3042 4971 παιδίοιςί
3075 4889 3201 4941 ἄνευ
3238 4887 3455 4956 σιδήρου
3481 4906 3583 4942 κα-

2012 4957 2357 5028 ταϐέϐληται,
2408 4960 2535 5010 ἄνευ
2572 4957 2860 5028 πολεμίων(
2890 4957 3233 5028 πεφόνευται,
3264 4965 3463 5028 Δθρεξΐίίξ
3488 4973 3585 5011 ex-

2012 5025 2242 5096 pressit,
2282 5032 2351 5083 ita
2384 5028 2555 5098 illud.
2590 5025 2749 5098 Ἀνὴρ
2778 5027 3021 5095 ὁπλίτης.
3067 5028 3196 5098 αὐτὸ
3227 5025 3327 5095 τῆς
3370 5026 3586 5095 ἡλικίας

2012 5099 2158 5165 ἄγων
2186 5099 2247 5151 τὸ
2280 5100 2456 5159 ἄνθος,
2502 5097 2644 5149 οἴνου
2678 5097 2867 5165 γέγονε
2916 5097 3310 5167 παρανάλωμα,
3359 5111 3583 5163 expres—

2013 5170 2153 5222 sisse
2200 5169 2475 5236 putandus
2508 5176 2610 5221 cst.
2654 5168 2852 5221 Omnes
2885 5171 3051 5228 enim,
3096 5168 3150 5219 ni
3196 5167 3375 5227 fallor,
3427 5168 3583 5222 facile

2013 5239 2327 5292 fatebuntur
2381 5237 2779 5307 παρανάλωμα,
2829 5236 2974 5304 quod
3027 5236 3099 5307 ad
3150 5238 3257 5289 vim
3300 5240 3582 5293 sementim

2011 5308 2224 5371 attinet,
2260 5312 2362 5364 hoc
2407 5305 2527 5362 loco
2557 5308 2697 5360 idem
2741 5307 2917 5359 valere
2957 5305 3103 5375 quod
3141 5317 3449 5372 marcentes,
3481 5324 3578 5363 seu

2011 5387 2238 5444 arentes,
2263 5382 2338 5432 uti
2374 5380 2428 5433 in
2463 5376 2788 5445 quibusdam
2819 5374 3151 5445 editionibus
3185 5378 3400 5444 legitur.

2083 5448 2193 5516 (56)
2232 5449 2373 5503 Editi
2406 5447 2560 5501 ποσὶν
2590 5447 2827 5498 ἀπιέναι.
2862 5444 3015 5515 licin
3040 5447 3148 5500 duo
3178 5462 3311 5502 mss.
3346 5446 3575 5505 ἐπιέναι.

2011 5518 2113 5571 Alii
2145 5520 2255 5573 duo
2293 5516 2589 5573 Colbertini
2622 5517 3086 5586 ποσὶνίέπιμῆναι,
3124 5525 3400 5586 corrupte.

2082 5588 2192 5658 (57)
2220 5588 2373 5642 Colb.
2409 5588 2617 5658 primus
2645 5585 3011 5658 ua‘rézotpog.
3048 5586 3155 5642 Nec
3179 5589 3254 5641 ita
3293 5585 3465 5641 inulto
3497 5588 3580 5642 in-

2011 5655 2090 5713 fra
2131 5655 2274 5712 idem
2308 5655 2480 5712 codex
2514 5656 2577 5706 Τί
2600 5656 2706 5727 γὰρ
2741 5655 2806 5707 ἂν
2830 5656 2975 5708 ἄλλο.

2081 5728 2194 5799 (58)
2223 5728 2364 5783 Idem
2392 5729 2527 5783 liber
2554 5727 2745 5796 μανίας
2768 5728 2913 5796 ὑμῖν.
2932 5728 2997 5781 At
3019 5741 3151 5782 mss.
3185 5736 3238 5781 et
3264 5728 3394 5782 editi
3423 5730 3573 5799 ἡμῖν.

3266 5844 3339 5903 15
