4036 6236
449 365 552 426 $59

1765 370 1824 426 S.
1859 369 2103 426 BASlLll
2145 371 2359 428 MAGNI

3606 375 3718 432 460

447 487 591 542 cisti.
621 483 856 544 iuvenes
879 486 1034 556 ejicis
1063 484 1259 543 ductos
1289 501 1453 540 manu
1477 493 1741 558 tanquam
1773 487 2022 543 vulnera-

2129 491 2282 556 ταξιν
2315 489 2576 561 ἐποίησας
2600 489 2660 542 τὸ
2687 465 3006 560 συμπόσιον.
3044 490 3359 555 Ἐκϐάλλεις
3387 493 3512 555 τοὺς
3538 491 3719 545 νεανί-

449 589 536 634 tos
575 595 606 636 e
635 580 843 652 przelio.
891 579 1194 651 iuventutis
1242 579 1431 636 ﬂorem
1466 581 1595 635 vino
1635 582 1900 636 enecasti.
1949 583 2027 636 Ac

448 688 615 728 vocas
650 673 870 743 quidem
905 673 1072 728 veluti
1105 674 1343 728 amicum
1374 672 1443 728 ad
1467 689 1705 740 cmnam,
1739 675 1897 744 ejicis
1932 689 2030 729 au—

450 774 558 819 tem
592 775 890 831 mortuum,
915 765 1187 820 exstincta
1212 780 1242 819 a
1273 765 1403 820 vino
1430 765 1577 820 illius
1607 767 1740 820 vita.
1769 766 1903 822 Cun
1933 783 2031 822 au-

449 866 557 912 tem
579 857 708 912 vino
737 857 992 912 exsatiati
1017 873 1140 914 esse
1185 865 1470 930 putantur,
1507 865 1625 912 tum
1670 858 1859 914 bibere
1890 860 2030 914 inci-

453 948 626 1018 piunt,
650 958 704 1004 et
735 949 1003 1021 pecudum
1033 966 1185 1006 more
1202 950 1401 1005 bibunt
1425 953 1584 1021 quasi
1609 964 1641 1003 a
1665 949 1813 1006 fonte
1835 958 2029 1022 sponte

451 1050 727 1106 manante,
763 1049 818 1096 et
847 1041 1131 1097 scatebras
1171 1057 1404 1098 numero
1430 1043 1667 1112 :equales
1701 1045 2030 1099 accumben-

452 1133 595 1188 tihus
630 1133 1003 1189 ministrante.
1051 1132 1188 1189 Nam
1231 1135 1565 1205 procedente
1588 1135 1703 1204 jam
1751 1137 2024 1201 convivio,

451 1225 775 1282 adolescens
833 1226 1045 1282 habens
1105 1227 1354 1298 egregios
1421 1229 1723 1293 humeros,
1781 1231 2027 1285 nondum

448 1317 656 1382 ebrius,
719 1317 1094 1389 pragrandem
1146 1317 1261 1372 vini
1293 1317 1597 1389 refrigerati
1629 1320 1865 1390 phialam
1895 1320 2029 1376 aﬂ‘e-

448 1425 603 1474 rens,
633 1409 741 1464 huc
773 1409 1117 1481 ingreditur:
1148 1409 1243 1480 qui
1273 1409 1501 1480 depulso
1527 1410 1769 1481 ipsorum
1806 1414 2028 1482 pocilla-

448 1509 588 1566 tore,
611 1509 762 1556 stans
777 1501 832 1555 in
854 1501 1057 1565 medio,
1086 1516 1184 1573 per
1206 1501 1456 1572 obliquos
1481 1502 1642 1558 tubos
1669 1519 1854 1574 parem
1876 1519 2028 1558 com—

447 1593 734 1664 potoribus
767 1592 1052 1648 distribuit
1104 1594 1449 1651 ebrietatem.
1476 1593 1661 1652 Novus
1692 1597 1781 1652 hic
1819 1608 1902 1653 est
1948 1599 2024 1654 rei

448 1683 672 1740 modum
709 1685 919 1740 nullum
973 1685 1228 1742 habentis
1252 1688 1470 1752 modus,
1495 1697 1556 1742 ut
1596 1689 1723 1743 data
1757 1691 1870 1760 pari
1897 1705 2027 1760 por-

449 1777 598 1832 tione
640 1777 785 1832 inter
841 1793 900 1832 se
940 1787 1132 1832 mutuo
1179 1778 1479 1843 luxurient,
1516 1795 1616 1835 nec
1661 1782 1838 1851 possit
1887 1784 2025 1836 alter

2133 598 2297 645 σκους
2333 582 2898 654 χειραγωγουμένους,
2934 583 3009 644 ὠς
3043 584 3384 655 τραυματίας
3409 581 3517 637 ἀπὸ
3549 582 3716 636 πολέ-

2133 692 2235 746 μου
2258 691 2270 703 ο
2302 674 2614 745 ἐνέκρωσας
2647 674 2747 745 τὴν
2771 675 2955 746 ἀκμὴν
2989 675 3090 745 τῆς
3120 675 3374 745 νεότητος
3397 674 3506 729 ἀπὸ
3528 674 3674 728 οἴνου
3697 690 3712 704 ο

2130 768 2222 821 καὶ
2253 767 2438 831 καλεῖς
2475 767 2574 838 μὲν
2606 767 2684 831 ῶς
2723 767 2877 837 φίλον
2911 767 3008 820 ἐπὶ
3052 768 3114 820 τὸ
3140 767 3376 831 δεῖπνον,
3421 766 3713 828 ἐκϐάλλεις

2127 859 2184 912 δὲ
2215 861 2428 930 νεκρὸν,
2459 861 2587 930 οἴνῳ
2630 858 2727 930 τὴν
2761 857 2906 929 ζωὴν
2951 857 3113 912 αὑτοῦ
3148 858 3511 922 κατασϐέσας.
3539 857 3715 911 Ὅταν

2127 952 2184 1006 δὲ
2218 951 2516 1024 νομισθῶσι
2543 952 2816 1023 διακορεῖς
2835 950 2948 1021 (59)
2983 947 3124 1005 εἶναι
3152 951 3247 1005 τοῦ
3275 951 3440 1016 οἴνου,
3461 951 3582 1004 τότε
3613 949 3715 1004 τοῦ

2129 1045 2304 1099 πίνειν
2333 1047 2592 1118 ἄρχονται
2617 1087 2631 1111 ,
2668 1046 2762 1098 καὶ
2793 1046 3008 1098 πίνουσι
3052 1045 3142 1099 τὸν
3194 1045 3301 1098 τῶν
3330 1043 3544 1114 κτηνῶν
3586 1045 3717 1117 τρό-

2128 1154 2250 1197 πον,
2282 1136 2356 1200 ὡς
2391 1138 2499 1190 ἀπὸ
2551 1136 2760 1208 κρήνης
2808 1135 3156 1206 αὐτοσχεδίου
3183 1174 3197 1198 ,
3236 1135 3554 1206 ἰσαρίθμους
3597 1137 3716 1197 τοῖς

2127 1229 2510 1298 ἀνακειμένοις
2539 1229 2665 1292 τοὺς
2692 1229 2955 1300 κρουνοὺς
2981 1229 3259 1298 ἀφιείσης.
3284 1229 3571 1298 Προϊόντος
3599 1227 3716 1299 γὰρ

2127 1323 2229 1393 ιἤδη
2285 1322 2378 1375 τοῦ
2421 1323 2624 1386 πότου,
2672 1320 3056 1392 ἐπεισέρχεταί
3103 1338 3186 1384 τις
3228 1319 3413 1383 αὑτοῖς
3451 1320 3668 1383 νεανίας
3696 1359 3713 1378 ,

2127 1419 2374 1484 γενναῖος
2412 1417 2539 1478 τοὺς
2569 1413 2784 1486 ὤμους,
2827 1414 2980 1467 οὑπω
3017 1413 3260 1486 μεθύων,
3299 1413 3494 1484 φιάλην
3526 1413 3714 1483 φέρων

2126 1507 2400 1578 εὐμεγέθη
2423 1507 2568 1561 οἴνου
2591 1508 3003 1579 κατεψυγμένου
3021 1526 3036 1540 ο
3056 1508 3134 1573 ὃς,
3157 1508 3246 1561 τὸν
3270 1506 3502 1577 οἰνοχόον
3525 1504 3714 1559 αὑτῶν

2127 1600 2552 1668 παρωσάμενος,
2580 1599 2856 1662 καταστὰς
2883 1599 2992 1669 (60)
3025 1601 3105 1662 εἰς
3140 1599 3201 1652 τὸ
3243 1599 3430 1671 μέσον,
3460 1597 3549 1650 διὰ
3580 1613 3715 1650 σκο-

2125 1687 2256 1741 λιῶν
2282 1689 2539 1760 σωλήνων
2571 1689 2694 1760 ἴσην
2721 1693 2835 1754 τοῖς
2867 1691 3174 1762 συμπόταις
3210 1689 3454 1760 διανέμει
3486 1687 3582 1759 τὴν
3611 1688 3714 1758 μὲ-

2127 1779 2245 1849 θην.
2288 1781 2489 1834 Καινὸν
2541 1781 2698 1835 τοῦτο
2748 1783 2850 1852 τῆς
2903 1783 3172 1854 ἀμετρίας
3218 1782 3281 1835 τὸ
3338 1781 3570 1853 μέτρον,
3619 1780 3712 1832 ἴνα

446 1869 738 1940 quisquam
787 1869 1019 1924 alterum
1073 1869 1309 1924 bibendo
1349 1885 1630 1940 superare.
1661 1845 1797 1924 Nam
1843 1871 2022 1926 distri-

2127 1845 2248 1924 κατ’
2303 1872 2605 1944 ἰσομοιρίαν
2647 1845 2902 1944 ἀλλήλοις
2946 1845 3459 1942 ’συνασελγαίνῶσά
3501 1871 3712 1942 μηδένα

446 1961 597 2017 butis
623 1960 768 2016 inter
796 1976 854 2016 se
880 1961 1046 2024 tubis,
1088 1968 1146 2016 et
1188 1961 1292 2016 sibi
1337 1962 1572 2032 quisque
1605 1961 1901 2017 obversum
1936 1971 2024 2016 tu-

446 2054 576 2110 bum
617 2054 1002 2124 suscipientes,
1040 2059 1304 2122 tanquam
1344 2069 1410 2108 ex
1443 2053 1604 2124 129
1626 2054 1864 2124 quodam
1900 2053 2022 2108 lacu

445 2161 595 2201 more
620 2145 784 2202 boum
815 2160 925 2200 uno
954 2146 1151 2217 spiritu
1177 2145 1402 2210 bibunt,
1437 2154 1650 2200 tantum
1685 2155 1905 2214 gutture
1936 2155 2021 2200 at-

446 2239 663 2294 trahere
693 2238 1039 2303 festinantes,
1081 2249 1348 2310 quantum
1386 2237 1490 2294 sibi
1530 2238 1769 2310 desuper
1803 2256 1901 2296 vas
1931 2256 2023 2296 re-

445 2330 854 2402 frigeratorium
886 2345 984 2401 per
1016 2338 1307 2401 argenteas
1345 2330 1558 2386 tistulas
1599 2330 1854 2387 demittit.
1910 2331 2023 2388 Re-

452 2423 605 2492 spice
631 2422 702 2477 ad
730 2429 883 2476 tuum
909 2423 1169 2478 miserum
1189 2435 1432 2479 ventrem
1457 2443 1469 2478 :
1491 2423 1643 2480 disce
1671 2425 2024 2496 suscipientis

445 2503 595 2573 vasis
636 2514 1106 2586 magnitudinem,
1138 2515 1393 2572 videlicet
1425 2518 1572 2587 quod
1621 2520 1815 2590 cotylm
1857 2520 2024 2576 unius

443 2620 578 2662 cavo
639 2606 1150 2662 circumscribatur.
1211 2607 1293 2663 Ad
1343 2611 1565 2664 trullam
1597 2612 1680 2681 jne
1731 2613 2020 2683 respicias,

442 2712 564 2752 eam
582 2697 974 2762 exhausturus,
996 2698 1093 2754 sed
1117 2699 1185 2754 ad
1211 2707 1363 2754 tuum
1387 2701 1561 2772 ipsius
1585 2713 1850 2771 ventrem,
1877 2706 2022 2775 quod

441 2788 767 2859 jamdudum
816 2790 1064 2860 expletus
1095 2790 1189 2845 sit.
1223 2790 1594 2862 Quapropter,
1647 2793 1734 2849 Va,
1777 2797 1868 2866 qui
1901 2813 2023 2851 sur-

443 2891 574 2953 gunt
601 2897 776 2944 mane,
809 2892 859 2935 et
903 2884 1123 2937 siceram
1159 2893 1562 2953 persequuntur,
1598 2887 1689 2955 qui
1715 2896 2022 2956 exspectant

443 2989 714 3043 vesperam
737 2974 803 3037 ",
837 2981 891 3029 et
924 2974 1070 3028 diem
1115 2974 1172 3028 in
1198 2974 1463 3030 ebrietate
1495 2979 1832 3047 transigunt,
1861 2979 1941 3034 sic
1966 2989 2024 3034 ut

442 3067 652 3122 nullum
677 3068 779 3122 sibi
795 3067 922 3121 dent
938 3077 1149 3136 tempus
1167 3066 1231 3122 ad
1249 3081 1413 3136 Opera
1430 3066 1644 3123 Domini
1661 3069 2020 3138 inspicienda,

445 3176 621 3230 neque
654 3159 721 3214 ad
750 3173 915 3229 opera
944 3173 1204 3214 manuum
1230 3159 1349 3228 ejus
1373 3159 1793 3216 consideranda.
1835 3161 2022 3216 Vinum

444 3253 585 3306 enim
625 3268 711 3305 eos
761 3251 1028 3304 comburet
1066 3251 1132 3314 “,
1175 3250 1321 3320 quod
1351 3251 1460 3305 vini
1491 3252 1641 3306 calor
1667 3253 1821 3306 carni
1865 3269 2022 3308 acce-

445 3348 606 3410 dens,
657 3345 927 3416 igniculus
971 3345 1063 3397 liat
1101 3344 1396 3414 ignitorum
1439 3344 1647 3398 inimici
1686 3344 2020 3414 jaculorum.

446 3439 642 3496 Vinum
672 3437 815 3492 enim
845 3437 1108 3490 rationem
1131 3435 1395 3506 demergit
1413 3444 1467 3490 et
1491 3444 1725 3492 mentem
1753 3454 1767 3492 :
1792 3438 2024 3500 vitiosos

440 3546 573 3587 vero
595 3528 818 3586 aﬂ‘ectus
840 3543 904 3582 ac
932 3527 1186 3583 libidines
1213 3528 1368 3598 quasi
1398 3528 1669 3597 quoddam
1702 3543 1863 3598 apum
1895 3544 2026 3584 exa-

443 3639 568 3680 mcn
598 3621 917 3680 exsuscitat.
943 3619 1076 3687 Quis
1107 3621 1252 3674 enim
1281 3635 1499 3683 currus,
1537 3621 1606 3674 ab
1632 3622 1878 3691 equuleis
1912 3630 2025 3676 tra-

443 3729 588 3781 ctus,
615 3716 751 3772 adeo
779 3725 982 3770 temere
1011 3712 1204 3777 fertur,
1235 3713 1425 3784 auriga
1449 3713 1716 3769 excusso?
1740 3712 2022 3780 Quodnam

443 3809 721 3880 navigium
752 3807 1121 3878 gubernatore
1160 3805 1512 3864 destitutum,
1565 3821 1594 3859 a
1625 3805 1879 3862 ﬂuctibus
1917 3807 2024 3861 huc

441 3901 572 3955 itluc
605 3899 961 3970 exagitatam,
1003 3914 1112 3953 non
1143 3898 1316 3954 tutius
1344 3905 1428 3954 est
1457 3897 1790 3954 temulento?

511 4161 564 4215 8.
607 4158 711 4214 Per
766 4158 1039 4229 ejusmodi
1090 4159 1253 4222 mala,
1291 4159 1394 4214 viri
1440 4157 1604 4216 simul
1641 4167 1697 4214 et
1738 4160 2018 4225 mulieres,

441 4252 762 4308 constitutis
806 4251 993 4307 choris
1045 4251 1466 4315 communibus,
1499 4252 1898 4322 animabusque
1939 4253 2023 4307 vi-

443 4362 580 4402 uoso
603 4344 837 4400 dacmoni
867 4345 1116 4407 traditis,
1155 4360 1214 4400 se
1244 4352 1435 4400 mutuo
1469 4345 1759 4400 libidinum
1792 4347 2020 4416 spiculis

441 4440 890 4496 consauciarunt.
924 4435 1094 4494 Risus
1118 4437 1398 4508 utrinque,
1427 4439 1714 4494 cantilenae
1741 4438 2018 4505 obscenae,

2126 1963 2488 2033 ὑπερϐάλλειν
2514 1965 2571 2018 ἐν
2603 1965 2683 2036 τῷ
2717 1966 2892 2020 πίνειν
2923 1967 3013 2020 τὸν
3035 1967 3240 2039 ἕτερον.
3265 1967 3570 2037 Διελόμενοι
3598 1965 3712 2038 γάρ

2124 2054 2224 2116 τὰς
2252 2054 2569 2126 ὑδρορρόας,
2595 2057 2689 2110 καὶ
2709 2059 2805 2128 τὴν
2831 2059 2967 2129 πρὸς
2991 2059 3182 2112 ἐαυτὸν
3209 2059 3438 2122 ἕκαστος
3462 2075 3712 2129 τετραμ-

2129 2145 2297 2217 μένην
2355 2146 2778 2217 ὑποδεξάμενοι,
2819 2148 3027 2221 ῶσπερ
3072 2150 3180 2203 ἀπό
3223 2167 3368 2213 τινος
3409 2149 3713 2220 δεξαμενῆς

2126 2236 2391 2290 ἀπνευστὶ
2413 2237 2662 2291 πίνουσιν
2689 2239 2764 2303 ὡς
2787 2242 2835 2292 oi
2871 2240 3010 2310 βόες,
3032 2240 3285 2295 τοσοῦτον
3314 2241 3565 2310 ὑφέλκειν
3593 2240 3710 2310 (611

2125 2329 2473 2399 ἐπειγόμενοι
2520 2333 2634 2394 τοῖς
2695 2329 2947 2402 λαιμοῖς,
2995 2332 3117 2385 ὅσον
3177 2333 3357 2395 αὑτοῖς
3420 2331 3624 2387 ἄνωθεν
3680 2331 3714 2384 ό

2123 2419 2340 2492 ψυκτὴρ
2375 2421 2462 2474 διά
2493 2421 2602 2474 τῶν
2633 2423 2918 2494 ἀργυρέων
2956 2423 3157 2493 ὀχετῶν
3196 2423 3480 2494 ἐπαφίησι.
3519 2422 3713 2477 Κατά-

2127 2512 2298 2582 κυῷόν
2334 2529 2426 2566 σου
2461 2513 2599 2586 πρὸς
2629 2515 2726 2576 τὴν
2757 2515 2950 2570 ἀθλίαν
2984 2515 3226 2588 γαστέρα
3247 2533 3260 2546 ⁸
3290 2515 3573 2586 κατάμαθε
3610 2513 3712 2567 τοῦ

2127 2604 2520 2676 ὑποδεχομένου
2581 2605 2804 2674 ἀγγείου
2849 2607 2909 2661 τὸ
2960 2608 3218 2678 μέγεθοςο
3259 2608 3338 2660 ὅτι
3376 2609 3504 2679 μιᾶς
3549 2607 3714 2660 κοτύει

2125 2695 2224 2769 λης
2243 2696 2350 2768 (62)
2375 2697 2486 2768 ἕχει
2516 2698 2821 2768 κοιλότητα.
2840 2699 2932 2771 Μὴ
2955 2701 3090 2771 πρὸς
3115 2701 3211 2774 τὴν
3237 2701 3480 2771 οἰνοχόην
3508 2699 3711 2770 ἀφόρα,

2127 2786 2259 2840 πότε
2291 2787 2556 2860 κενώσῃς,
2597 2788 2731 2842 ἀλλά
2773 2790 2908 2861 πρὸς
2948 2791 3048 2860 τὴν
3101 2790 3329 2844 σεαυτοῦ
3367 2790 3591 2851 κοιλίαν,
3621 2791 3709 2844 ὅτι

2127 2877 2296 2931 πάλαι
2331 2877 2715 2950 πεπλήρωται.
2749 2880 2849 2933 Διά
2881 2880 3057 2946 τοῦτο,
3085 2881 3229 2934 Οὐαὶ
3257 2885 3311 2934 οὶ
3347 2881 3713 2950 ἐγειρόμενοι

2124 2970 2192 3023 τὸ
2221 2971 2370 3038 πρωῒ
2401 2971 2498 3025 καὶ
2523 2971 2588 3025 τὸ
2620 2974 2835 3040 σίκερα
2860 2973 3199 3039 διώκοντες,
3230 2978 3283 3028 οἱ
3313 2973 3600 3043 μένοντες
3636 2975 3711 3027 τὸ

2125 3062 2260 3132 ὀψὲ,
2284 3065 2378 3116 καὶ
2412 3064 2830 3136 διημερεύοντες
2859 3069 2917 3120 ἐν
2937 3069 3001 3138 τῇ
3036 3067 3172 3138 μέθῃ
3193 3084 3206 3098 ·
3237 3067 3313 3130 ὡς
3347 3068 3548 3138 μηδένα
3584 3085 3712 3120 και-

2049 3189 2092 3248 c
2129 3155 2222 3225 ρὸν
2247 3157 2461 3219 ἑαυτοῖς
2496 3158 2755 3228 παρέχειν
2785 3159 2864 3221 εἰς
2889 3158 2948 3210 τὸ
2986 3161 3055 3212 τὰ
3089 3159 3225 3229 ἔργα
3265 3160 3467 3232 Κυρίου
3511 3157 3716 3230 ἐμϐλέ-

2131 3265 2276 3302 πειν.
2306 3249 2401 3301 καὶ
2443 3249 2512 3303 τὰ
2544 3250 2684 3320 ἔργα
2711 3250 2821 3302 τῶν
2856 3250 3054 3322 χειρῶν
3097 3251 3263 3305 αὑτοῦ
3312 3255 3614 3306 κατανοεῖν.
3649 3251 3712 3304 Ὀ

2126 3341 2234 3411 γὰρ
2253 3337 2414 3408 οἶνος
2429 3341 2650 3407 αὐτοὺς
2665 3344 3002 3412 συγκαύσει
3023 3361 3035 3372 ·
3067 3343 3201 3397 διότι
3231 3343 3292 3396 τὸ
3318 3345 3380 3396 ἐκ
3425 3342 3517 3397 τοῦ
3557 3343 3712 3396 οἴνου

2126 3433 2352 3505 θερμὸν,
2385 3434 2738 3505 ἐγγινόμενον
2772 3436 2836 3505 τῇ
2874 3436 3056 3507 σαρκὶ,
3093 3435 3314 3506 ἔξαμμα
3347 3435 3555 3503 γίνεται
3594 3433 3712 3486 τῶν

2126 3528 2538 3598 πεπυρωμένων
2590 3526 2761 3598 βελῶν
2793 3528 2887 3582 τοῦ
2923 3527 3139 3600 ἐχθροῦ.
3187 3528 3290 3581 Τὸν
3326 3528 3424 3599 μὲν
3479 3526 3584 3598 γὰρ
3616 3525 3712 3580 λου

2123 3620 2322 3690 γισμὸν
2355 3619 2450 3672 καὶ
2488 3619 2580 3672 τὸν
2631 3620 2766 3694 νοῦν.
2801 3621 2830 3673 ὁ
2872 3617 3013 3684 οἶνος
3047 3619 3476 3684 καταϐαπτίζει·
3524 3620 3594 3673 τὰ
3646 3620 3710 3674 δὲ

2125 3710 2272 3782 πάθη
2317 3709 2546 3774 καὶτὰς
2596 3711 2788 3782 ἡδονὰς
2841 3712 3030 3784 ὥσπερ
3077 3731 3130 3766 τι
3183 3713 3388 3784 σμῆνος
3436 3711 3711 3782 μελισσῶν

2124 3803 2422 3875 ἐπεγείρει.
2457 3806 2616 3858 Ποῖον
2663 3804 2770 3875 γὰρ
2809 3805 2963 3875 ἅρμα
3005 3805 3198 3859 πώλων
3238 3805 3412 3869 οὑτως
3453 3805 3712 3868 ἀτάκτως

2125 3894 2374 3966 φέρεται,
2406 3895 2677 3947 ἀποϐαλὸν
2706 3895 2818 3966 (63)
2849 3895 2940 3948 τὸν
2965 3897 3210 3966 ἡνίοχον;
3248 3898 3406 3949 Ποῖον
3437 3896 3493 3948 δὲ
3521 3894 3710 3948 πλοῖον

2047 4060 2050 4062 γ
2123 3988 2520 4066 ἀκυϐέρνητον,
2549 3988 2656 4042 ὑπὸ
2694 3989 2802 4041 τῶν
2825 3988 3108 4059 κυμάτων,
3145 3988 3221 4051 ὼς
3251 3987 3316 4042 ἂν
3347 3987 3505 4060 τύχῃ,
3543 3987 3711 4059 φερό-

2128 4099 2308 4153 μενον,
2336 4081 2436 4135 οὑκ
2469 4081 2874 4152 ἀσφαλέστερόν
2900 4085 3017 4135 ἐστι
3051 4081 3146 4135 τοῦ
3175 4081 3496 4152 μεθύοντοςς

2194 4175 2248 4230 8.
2287 4175 2419 4228 Ἀπὸ
2434 4175 2688 4229 τοιούτων
2711 4174 2916 4239 κακῶν,
2934 4175 3125 4243 ἄνδρες
3146 4174 3282 4246 ὁμοῦ
3308 4177 3401 4229 καὶ
3425 4191 3706 4244 γυναικες,

2123 4269 2337 4331 κοινοὺς
2377 4268 2775 4340 συστησάμενοι
2823 4269 3059 4338 χοροὺς,
3108 4267 3319 4338 δαίμονι
3371 4265 3574 4336 οἰνηρῷ
3605 4264 3711 4328 τάς

2121 4361 2300 4432 ψυχὰς
2323 4360 2678 4432 παραδόντες,
2716 4359 2981 4432 ἀλλήλους
3021 4363 3142 4424 ταῖς
3191 4360 3346 4415 ἀκίσι
3377 4358 3486 4412 τῶν
3515 4356 3710 4411 παθῶν

2123 4447 2577 4517 ἀντετίτρωσκον.
2627 4447 2866 4512 Γέλωτες
2912 4449 3044 4519 παρ’
3089 4449 3449 4520 ἀμφοτέρων,
3483 4447 3710 4520 ᾅσματα

441 4531 733 4587 meretricii
759 4538 948 4602 gestus
983 4531 1050 4584 ad
1080 4529 1364 4585 libidinem
1397 4540 1780 4600 provocantes.
1823 4530 2014 4597 Rides,

2124 4537 2360 4609 αἰσχρὰ,
2399 4540 2656 4609 σχήματα
2692 4539 2927 4611 πορνικά
2952 4583 2967 4606 ,
3003 4540 3315 4612 ἐρεθίζοντα
3365 4539 3499 4612 πρὸς
3545 4539 3712 4592 ἀσέλ-

441 4625 532 4679 dic
557 4624 711 4687 mihi,
737 4639 802 4678 ac
834 4624 1040 4694 gaudes
1075 4622 1336 4693 gaudium
1379 4622 1742 4692 impudicum,
1774 4639 1900 4690 cum
1935 4626 2015 4679 la-

438 4713 677 4787 crymari
702 4713 772 4768 ob
802 4713 1076 4783 praeterita
1099 4720 1152 4768 et
1183 4711 1544 4782 ingemiscere
1574 4714 2015 4784 Oporterct2Ca-

439 4803 527 4856 nis
551 4801 896 4856 meretricias
912 4799 1236 4864 cantilenas,
1270 4801 1498 4869 psalmis
1518 4809 1573 4856 et
1599 4802 1840 4873 hymnis,
1875 4821 2014 4875 quos

438 4890 702 4957 didicisti,
734 4889 1016 4960 ablegatis.
1043 4887 1227 4944 Moves
1257 4889 1444 4958 pedes,
1477 4899 1532 4945 et
1562 4906 1712 4948 more
1731 4893 2016 4952 insanien-

439 4984 576 5040 tium
609 4983 821 5044 exsilis.
856 4981 1127 5053 ducisque
1155 4997 1294 5053 quas
1324 4997 1434 5038 non
1484 4982 1715 5040 deberes
1759 4985 2012 5057 choreas,

507 5137 556 5172 ”
592 5139 696 5197 lsa.
733 5157 786 5205 ν,
825 5141 910 5198 ii.
1017 5139 1064 5172 “
1099 5140 1232 5196 ibid.

505 5299 619 5369 (59)
649 5297 709 5354 In
733 5297 867 5374 Beg‘.
891 5301 1058 5374 tertio
1087 5316 1119 5354 e
1150 5301 1370 5371 regione
1401 5301 1552 5358 vocis
1579 5301 1852 5374 διακορεῖς
1877 5304 2014 5373 legi-

437 5380 526 5496 tilir
557 5371 964 5495 xexooicpéWt,
1015 5373 1098 5426 sic
1134 5381 1195 5426 ut
1221 5374 1496 5443 posterior
1540 5387 1646 5428 vox
1684 5371 1882 5446 prioris
1916 5371 2014 5429 de-

437 5461 460 5494 ι-
487 5453 662 5496 aratto
684 5458 731 5496 si
761 5479 776 5494 .

437 5455 925 5636 “Edagiosahmss.
969 5512 1148 5592 multi.
1185 5511 1336 5598 ΕΞάὶιί
1371 5521 1426 5568 et
1469 5513 1626 5569 Colh.
1665 5514 2013 5598 primusm}

437 5599 495 5635 στ
537 5603 585 5636 ς.
615 5581 737 5636 Mox
757 5579 913 5636 Colb.
945 5597 1155 5636 Drlmus
1180 5584 1421 5636 οιανέιιει
1439 5584 1531 5636 τὸν
1553 5580 1714 5636 οἶνον.
1738 5583 2012 5636 distribuit

437 5579 585 5655 στάς.
602 5579 737 5637 Mox
757 5579 913 5655 Colb.
945 5583 1155 5655 primus
1180 5583 1421 5655 διανέμει
1439 5584 1531 5638 τὸν
1553 5579 1714 5648 οἶνον,
1738 5583 2012 5640 distribuit

437 5654 613 5728 ιοίηιιηι
645 5667 664 5705 :
711 5653 856 5728 quod
897 5654 1163 5728 Optimum
1203 5653 1532 5723 judicarem,
1575 5657 1678 5710 nisi
1733 5671 1834 5710 Vox
1867 5657 2011 5728 ἴσην,

433 5740 555 5794 qua:
585 5725 934 5794 inomnibus
968 5739 1100 5777 mss.
1138 5725 1358 5794 legitur,
1399 5729 1712 5783 necessario
1750 5725 2013 5782 substan-

434 5798 603 5850 tivum
636 5793 957 5849 femininum
994 5793 1316 5861 postularet.

505 5866 616 5938 (61)
650 5865 806 5925 Coib.
840 5864 1035 5920 tertius
1069 5865 1338 5924 ἐφέλκειν.

2123 4645 2296 4697 γειαν.
2326 4629 2514 4700 Γελᾷς,
2541 4631 2664 4683 εἰπέ
2705 4647 2816 4702 μοι,
2837 4633 2931 4685 καί
2951 4632 3129 4703 τέρπῃ
3154 4630 3346 4702 τέρψιν
3374 4629 3706 4692 ἀκόλαστον,

2120 4717 2380 4790 δακρύειν
2419 4719 2538 4775 δέον
2571 4721 2686 4793 (64)
2716 4723 2812 4776 καὶ
2851 4721 3056 4775 στένειν
3093 4723 3185 4776 ἐπὶ
3235 4724 3348 4787 τοῖς
3392 4719 3706 4792 φθάσασινς

2125 4809 2381 4881 ’ᾼσματα
2407 4812 2614 4884 πόρνης
2641 4813 2875 4885 φθέγγῃ,
2907 4813 3150 4867 ἐκϐαλὼν
3173 4817 3300 4878 τοὺς
3327 4813 3575 4884 ψαλμοὺς
3609 4814 3709 4866 καὶ

2119 4901 2248 4964 τοὺς
2271 4901 2493 4972 ὕμνους,
2513 4904 2607 4968 οὓς
2637 4905 2940 4982 ἐδιδάχθης.
2967 4908 3152 4970 Κινεῖς
3179 4907 3366 4971 πόδας,
3389 4907 3482 4960 καὶ
3505 4903 3711 4980 ὲξάλλῃ

2119 4994 2384 5066 ἐμμανῶς
2410 4996 2542 5069 (65),
2573 4999 2668 5052 καὶ
2688 4998 2934 5070 χορεύεις
2961 5000 3250 5072 ἀχόρευτα,
3266 4999 3383 5054 δέον
3406 5000 3473 5052 τὰ
3498 4999 3712 5069 γόνατα

2191 5305 2304 5376 (69.)
2336 5306 2478 5362 Sunt
2517 5305 2610 5377 qui
2642 5306 2958 5362 existiment
3007 5322 3200 5363 novem
3249 5305 3706 5377 circiterguncias

2121 5375 2352 5448 liquoris
2383 5380 2435 5432 in
2458 5375 2649 5448 icoiyla
2675 5379 2944 5433 contineri
2979 5397 2992 5432 :
3024 5388 3286 5448 quantum
3334 5377 3448 5448 fere
3479 5375 3707 5448 hemina

2119 5443 2405 5502 continere
2435 5443 2642 5502 dicitur
2679 5462 2709 5500 a
2739 5443 3097 5517 quibusdam;
3131 5464 3232 5504 nec
3255 5447 3402 5502 enim
3436 5461 3502 5501 ea
3532 5443 3605 5499 de
3641 5457 3710 5498 re

2119 5521 2255 5574 satis
2285 5520 2426 5572 inter
2452 5533 2512 5572 se
2540 5523 2875 5575 cont-emunt
2903 5520 3128 5574 eruditi.

2193 5589 2304 5660 (65)
2334 5589 2556 5660 Antiqui
2583 5590 2692 5644 duo
2730 5591 2853 5644 libri
2884 5589 3208 5643 ἀποϐάλλον.

2187 5659 2300 5735 (ϐξ)
2334 5659 2464 5735 Reg.
2505 5661 2714 5729 primus
2738 5660 2998 5735 δακρύειν
3030 5661 3127 5735 δεῖ.

2187 5723 2299 5798 (65)
2326 5723 2476 5785 ιλυὼ.
2504 5723 2698 5787 iertius
2732 5723 3004 5802 ἐκμανῶς.
3036 5732 3158 5788 Mox
3191 5727 3333 5786 idem
3357 5727 3532 5784 codex
3559 5723 3704 5796 πρὸς

2113 5799 2214 5864 τὰς
2242 5803 2658 5865 ποοσκυνήσεις.
