4036 6236
326 423 421 478 ιιι

1554 422 1837 479 llOMlLlA
1876 423 1941 478 IN
1970 421 2324 481 EBRIOSOS.

3464 430 3570 485 Ᾰθὲ

329 542 602 611 κάμπτειν
654 541 735 602 εις
778 541 880 611 τὴν
917 539 1318 612 προσκύνησιν;
1370 539 1533 605 Τίνας
1584 540 1895 613 ὀδύρωμαι;

2002 557 2127 597 cum
2160 557 2333 612 genua
2363 542 2500 597 ﬂexa
2550 544 2876 614 Oportuisset
2907 544 2975 600 ad
3009 546 3383 603 adorandum?
3406 546 3570 607 Utras

329 631 430 693 τὰς
464 630 632 701 κόρας
678 629 779 693 τὰς
824 632 1272 702 ἀπειρογάμουςς
1321 632 1353 702 ἢ
1398 632 1496 696 τὰς
1539 634 1596 686 ἐν
1646 633 1724 705 τῷ
1759 633 1908 705 ζυγῷ

330 718 427 772 τοῦ
460 719 640 788 γάμου
663 717 1074 789 κατεχομένας;
1105 718 1170 770 Ai
1203 718 1299 788 μὲν
1328 718 1435 789 γὰρ
1454 718 1777 789 ἐπανῆλθον,
1809 719 1907 790 τὴν

332 810 636 882 παρθενίαν
665 810 766 863 οὐκ
808 809 1060 879 ἔχουσαι·
1101 810 1158 862 αἱ
1190 809 1245 862 δέ
1275 808 1373 880 τὴν
1406 808 1763 880 σωφροσύνην
1795 812 1908 874 τοῖς

332 901 589 973 ἀνδράσιν
619 899 720 953 οὐκ
768 901 1134 971 ἐπανήγαγον.
1165 900 1228 953 Εἰ
1252 899 1362 970 γάρ
1397 898 1498 952 πού
1528 917 1670 964 τινες
1711 901 1804 955 καὶ
1830 900 1907 970 τῷ

335 992 677 1066 σώματττὴν
700 992 975 1064 ἁμαρτίαν
1004 992 1274 1060 διέφυγον,
1292 991 1428 1045 ἀλλὰ
1452 992 1667 1056 πάντως
1693 1009 1757 1061 γε
1789 996 1907 1056 ταῖς

328 1082 534 1158 ψυχαῖς
559 1085 656 1156 τὴν
687 1082 894 1157 φθορὰν
923 1081 1267 1147 ὑπεδέξαντο.
1303 1082 1489 1137 Ταῦτά
1534 1101 1621 1154 μοι
1652 1084 1746 1138 καὶ
1777 1085 1906 1155 περὶ

330 1178 445 1230 τῶν
468 1176 714 1247 ἀρρένων
748 1174 1005 1246 εἰρήσθω.
1038 1170 1159 1228 Εἷδε
1192 1174 1399 1240 κακῶς,
1448 1174 1645 1245 ἐθεάθη
1669 1174 1778 1247 (66)
1806 1193 1907 1228 κα-

329 1268 469 1334 κῶς.
492 1269 555 1322 ὀ
570 1266 876 1337 ἐμϐλέψας
892 1266 1127 1337 γυναικὶ
1145 1267 1295 1336 πρὸς
1320 1268 1386 1321 τὸ
1407 1267 1771 1337 ἐπιθυμῆσαι
1787 1267 1902 1335 ἤδη

327 1359 709 1431 ἐμοίχευσεν.
743 1361 806 1414 Εἰ
836 1362 893 1414 αἱ
943 1360 1053 1414 ἀπὸ
1094 1360 1430 1430 ταυτομάτου
1466 1361 1742 1431 συντυχίαι
1793 1364 1903 1424 τοῖς

327 1452 644 1525 περιέργως
686 1450 1095 1505 κατασκοποῢσι
1126 1450 1383 1504 τοσοῦτον
1420 1450 1601 1521 ἔχουσι
1634 1450 1900 1512 κίνδυνον,

328 1543 390 1596 αι
419 1542 540 1596 κατ’
570 1543 915 1613 ἐπιτήδευσιν
945 1544 1296 1613 ἀπαντήσεις,
1319 1542 1459 1595 ὥστε
1492 1542 1616 1596 ἰδεῖν
1640 1546 1902 1611 γυναῖκας

326 1631 754 1704 ἀσχημονούσας
778 1632 882 1683 ὑπὸ
912 1631 1013 1701 τῆς
1063 1632 1257 1704 μέθης,
1294 1632 1387 1685 καὶ
1430 1632 1904 1703 κατασχηματιζο-

332 1722 503 1791 μένας
534 1722 670 1793 πρὸς
692 1722 932 1788 ἔκλυσιν,
963 1720 1059 1775 xui.
1097 1722 1235 1793 μέλη
1260 1721 1615 1794 τεθρυμμένα
1650 1722 1898 1794 ᾀδούσας,

327 1813 609 1883 δυνάμενα
638 1815 733 1868 καὶ
774 1815 932 1885 μόνον
966 1813 1298 1867 ἀκουσθέντα
1331 1815 1507 1868 πάντα
1537 1810 1750 1885 οἶστρον
1780 1815 1902 1886 ἡδο-

2010 636 2240 706 lugebo?
2273 636 2554 706 pueilasne
2576 639 2889 707 nuptiarum
2912 640 3246 712 inexpertas,
3271 658 3338 697 an
3362 659 3571 703 connu-

2010 728 2085 783 bii
2130 727 2264 798 jugo
2322 728 2739 785 subditasHllte
2765 731 2980 801 quidem
3029 734 3228 788 amissa
3261 736 3571 804 virginitate

2009 832 2242 872 reversae
2264 827 2430 886 sunt;
2462 819 2544 873 ha:
2573 834 2703 875 vero
2734 819 3050 890 pudicitiam
3081 822 3294 876 maritis
3323 823 3466 878 haud
3493 840 3571 880 re-

2007 910 2272 964 tulerunt.
2294 909 2428 966 Nam
2461 912 2506 966 si
2545 926 2664 981 quae
2692 911 2831 965 forte
2876 922 3155 982 peccatum
3183 915 3425 969 vitarunt
3448 930 3572 970 cor-

2006 1010 2157 1065 pore,
2177 998 2401 1052 omnino
2427 1010 2610 1054 tamen
2644 1000 2701 1053 in
2724 1000 2923 1056 animis
2946 1005 3349 1072 corruptionem
3379 1020 3569 1061 susce-

2008 1094 2222 1156 perunt.
2256 1086 2381 1143 Haec
2404 1097 2457 1144 et
2482 1091 2549 1144 de
2572 1090 2705 1145 viris
2729 1106 2756 1144 a
2790 1107 2875 1146 me
2892 1090 3036 1146 dicta
3061 1095 3186 1148 sint.
3219 1093 3443 1165 Aspexit
3473 1113 3569 1152 ne-

2006 1179 2209 1248 quiter,
2246 1182 2495 1254 nequiter
2525 1191 2854 1253 conspectus
2876 1193 2980 1239 est.
3014 1184 3119 1251 Qui
3159 1190 3416 1255 aspexerit
3452 1205 3569 1241 mtt-

2006 1272 2180 1325 lierem
2198 1272 2266 1324 ad
2285 1274 2771 1343 concupiscendum,
2785 1276 2902 1345 jam
2921 1278 3201 1332 moechatus
3233 1280 3389 1333 est“.
3412 1277 3467 1335 Si
3498 1280 3569 1334 ob

2005 1360 2261 1417 fortuitos
2290 1379 2453 1419 casus
2486 1374 2694 1419 tantum
2740 1368 3041 1436 periculum
3091 1370 3367 1438 impendet
3395 1371 3569 1425 obiter

2004 1455 2490 1522 conspicientibus,
2523 1466 2784 1527 quantum
2815 1459 3062 1515 futurum
3090 1471 3175 1516 est
3196 1461 3267 1516 ob
3300 1476 3566 1518 occursus

2003 1547 2096 1616 qui
2140 1547 2208 1602 de
2264 1547 2534 1603 industria
2577 1549 2747 1613 ﬁunt,
2783 1558 2845 1604 ut
2885 1552 3104 1606 videant
3148 1552 3405 1609 mulieres
3457 1569 3567 1625 pra:

2002 1639 2266 1694 ebrietate
2331 1655 2390 1694 se
2448 1641 2705 1697 indecore
2765 1644 3056 1713 gerentes,
3092 1660 3333 1716 suosque
3379 1656 3567 1718 gestus

2006 1741 2397 1802 componentes
2419 1735 2484 1787 ad
2508 1735 2811 1799 lasciviam,
2843 1744 2896 1790 et
2921 1738 3221 1793 cantilenas
3254 1740 3445 1795 molles
3475 1756 3566 1795 ca-

2002 1831 2230 1888 nentes,
2283 1840 2404 1895 qute
2449 1826 2533 1879 vel
2582 1826 2780 1881 auditae
2829 1828 3029 1893 solum,
3062 1846 3221 1886 omne
3272 1832 3567 1901 voluptatis

326 1906 426 1978 νῆς
450 1907 750 1977 ἐμποιῆσαι
778 1908 891 1969 τοῖς
922 1907 1260 1971 ἀκολάστοις,
1278 1906 1329 1959 τί
1355 1906 1592 1977 ἐροῦσιν,
1620 1908 1654 1978 ἢ
1686 1907 1737 1959 τί
1768 1909 1895 1961 ἀπο-

2002 1923 2231 1971 ωειιυιη
2271 1917 2684 1975 lascivientibus
2716 1923 2963 1991 ingerere
3012 1926 3280 1993 possunt?
3303 1923 3444 1991 Quid
3478 1926 3563 1981 di-

327 2000 686 2070 λογήσονται,
722 2000 789 2052 ἐκ
830 1998 1088 2053 τοιούτων
1146 1998 1435 2070 θεαμάτων
1482 2000 1689 2070 μυρίων
1733 2001 1896 2069 ἐσμὸν

326 2091 437 2145 τῶν
468 2091 660 2145 κακῶν
681 2090 1063 2162 συλλεξάμενοι
1085 2108 1100 2156 ;
1124 2092 1255 2161 Ούχ,
1281 2092 1357 2155 ὡς
1396 2092 1485 2145 διὰ
1513 2090 1673 2144 τοῦτο
1703 2091 1897 2161 ἐμϐλέ-

325 2184 551 2253 ψαντες,
591 2184 681 2238 ἵνα
720 2185 818 2248 τὰς
857 2184 1150 2255 ἐπιθυμίας
1194 2185 1480 2257 ἐγείρωσιν
1512 2183 1657 2254 (67);
1692 2184 1897 2238 Οὐκοῦν

330 2275 576 2329 ὑπόδικοί
619 2276 747 2341 είσι,
779 2277 923 2329 κατὰ
951 2278 1051 2349 τὴν
1088 2276 1462 2347 ἀπαραίτητον
1498 2276 1770 2345 ἀπόφασιν
1802 2275 1896 2330 τοῦ

327 2366 553 2437 Κυρίου,
571 2366 650 2436 τῷ
664 2367 894 2437 κρίματι
918 2367 1017 2437 τῆς
1040 2368 1301 2437 μοιχείας.
1321 2368 1445 2432 Πῶς
1462 2369 1605 2439 ὑμᾶς
1634 2371 1667 2439 ὴ
1688 2371 1895 2440 Πεντη-

326 2458 497 2527 κοστὴ
536 2458 873 2525 ὑποδέξεται,
897 2459 1039 2513 οὕτω
1059 2460 1151 2513 τοῦ
1190 2461 1380 2531 Πάσχα
1411 2460 1894 2530 καθυϐρισθέντοςς

336 2549 403 2603 Ἦ
434 2550 786 2621 Πεντηκοστὴ
818 2551 912 2604 τοῦ
955 2550 1266 2623 Πνεύματος
1304 2552 1429 2622 ἔσχε
1466 2552 1560 2605 τοῦ
1604 2553 1758 2620 ἀγίου
1798 2552 1895 2621 τὴν

324 2642 531 2711 ἐναργῆ
578 2642 676 2695 καὶ
706 2644 841 2695 πᾶσι
869 2644 1153 2714 γνωρίμην
1184 2643 1477 2713 ἐπιδημίαν
1499 2660 1513 2672 ο
1552 2643 1617 2695 σὺ
1652 2643 1727 2708 δὲ,
1764 2660 1896 2713 προ-

323 2730 525 2799 λαὸὼν,
545 2734 769 2788 σεαυτὸν
790 2736 1101 2807 οἰκητήριον
1121 2736 1213 2789 τοῦ
1235 2737 1613 2807 ἀντικειμένου
1636 2736 1894 2807 ἐποίησας

324 2820 657 2891 πνεύματος,
689 2822 784 2875 καὶ
809 2822 997 2891 ἐγένου
1029 2824 1153 2886 ναὸς
1182 2822 1435 2887 εἰδώλων,
1465 2824 1584 2876 ἀντὶ
1616 2823 1709 2876 τοῦ
1742 2823 1895 2892 γενέ-

323 2908 449 2962 σθαι
484 2910 611 2974 ναὸς
627 2909 764 2963 Θεοῦ
783 2911 871 2965 διὰ
887 2913 987 2982 τῆς
1008 2914 1331 2985 ἐνοικήσεως
1345 2913 1438 2966 τοῦ
1462 2913 1602 2967 Πνεύ
1611 2932 1778 2983 ματος
1799 2911 1892 2967 τοῦ

324 2998 501 3067 ἁγίου.
520 2999 846 3054 Ἐπεσπάσω
864 3002 962 3073 τὴν
986 3002 1124 3073 ἀράν
1140 3002 1231 3056 τοῦ
1257 3006 1535 3075 προφήτου
1568 3004 1809 3066 εἰπόντος
1832 3006 1893 3056 ἐκ

322 3091 616 3164 προσώπου
648 3092 739 3146 τοῦ
761 3092 918 3156 Θεοῦ,
948 3093 1030 3146 ὅτι
1060 3094 1299 3162 Στρέψω
1323 3096 1430 3161 τὰς
1459 3096 1667 3163 ἑορτὰς
1696 3095 1894 3149 αὐτῶν

320 3185 409 3250 εἰς
456 3184 697 3250 πένθος.
745 3183 870 3247 Πῶς
916 3184 1026 3237 τῶν
1064 3186 1288 3239 οίκετῶν
1342 3187 1532 3259 ἄρξετε
1572 3187 1704 3258 (68),
1739 3188 1892 3241 αὐτοὶ

319 3271 666 3336 δουλεύοντες
711 3272 1030 3345 ἐπιθυμίαις
1072 3276 1315 3346 ἀνοήτοις
1349 3278 1443 3330 καὶ
1488 3277 1776 3350 βλαϐεραῖς
1816 3280 1891 3343 ὡς

319 3362 667 3432 ἀνδράποδα;
697 3364 822 3426 Πῶς
861 3368 985 3428 τοὺς
1015 3365 1207 3430 παῖδας
1246 3368 1618 3439 νουθετήσετε,
1667 3371 1889 3424 ἀνουθὲ-
1958 3370 1963 3373 ἠ

320 3466 482 3519 τητον
529 3448 678 3522 ζωὴν
730 3453 823 3504 καί⁵
872 3453 1192 3508 ἀδιάτακτον
1235 3457 1475 3523 ζῶντες;
1523 3458 1587 3511 Τί
1633 3455 1760 3523 οὖν;
1803 3461 1892 3513 Ἐν

318 3540 531 3605 τούτοις
566 3544 708 3612 ὑμᾶς
738 3544 1079 3611 mulsia-tot;
1133 3546 1292 3600 Ἀλλά
1338 3548 1632 3619 φοὸοὖμαι,
1670 3552 1742 3620 μή
1774 3567 1890 3613 πως

317 3633 348 3683 ὁ
411 3632 512 3702 μὲν
560 3634 928 3698 ἀνυπότακτος
985 3639 1343 3711 στραγότερος
1393 3642 1616 3711 γένηται
1665 3641 1808 3713 (69),
1862 3646 1891 3696 ὁ

318 3726 794 3794 κατανενυγμένος
851 3730 917 3797 τῇ
981 3731 1341 3801 περισσοτέρᾳ
1394 3730 1538 3803 λύπῃ
1586 3733 1887 3805 καταποθῇ.

323 3817 501 3885 Ἰαμα
529 3816 659 3887 γὰρ,
692 3819 843 3888 φησι,
874 3822 1243 3874 καταπαύσει
1274 3821 1561 3890 ἁμαρτίας
1598 3821 1887 3893 μεγάλας.

331 3908 398 3960 Ἡ
436 3908 661 3976 νηστεία
705 3911 805 3981 τὴν
854 3910 1026 3982 μέθην
1066 3911 1491 3984 θεραπευσάτω·
1535 3916 1748 3987 ψαλμδς
1792 3916 1890 3987 τὴν

320 3999 558 4071 αἰσχρὰν
614 4000 905 4071 μελῳδίαν·
960 4004 1193 4075 δάκρυον
1237 4005 1474 4073 γενέσθω
1509 4006 1602 4059 τοῦ
1657 4006 1892 4075 γέλωτος

321 4089 492 4158 ῑαμα·
547 4090 668 4142 ἀντὶ
701 4090 798 4160 τῆς
844 4093 1122 4164 ὀρχήσεως
1166 4095 1228 4148 τὸ
1270 4096 1397 4163 γόνυ
1442 4095 1736 4150 κλινὲσθω⁸
1770 4100 1892 4152 ἀντὶ

319 4175 414 4229 τοῦ
444 4176 644 4249 κρότου
689 4179 798 4231 τῶν
832 4181 1030 4252 χειρῶν
1072 4182 1133 4235 τὸ
1180 4184 1372 4255 στῆθος
1424 4187 1737 4240 τυπτέσθω’
1771 4189 1890 4241 ἀντὶ

318 4269 415 4322 τοῦ
463 4269 672 4339 κόσμου
704 4271 804 4340 τῆς
851 4273 1078 4343 ἐσθῆτος
1116 4276 1149 4345 ἡ
1194 4277 1537 4340 ταπείνωσις.
1578 4280 1699 4332 Ἐπὶ
1727 4282 1889 4334 πᾶσιν

318 4360 354 4429 ἡ
396 4359 734 4432 ἐλεημοσύνη
769 4362 1143 4436 ἐξαγοραζέτω
1197 4382 1256 4419 σε
1288 4367 1396 4420 ἀπὸ
1438 4368 1539 4438 τῆς
1592 4370 1885 4441 ἁμαρτίας.

320 4452 558 4519 Δύτρον
588 4452 698 4523 γὰρ
727 4453 945 4521 ἀνδρὸς
976 4459 1008 4508 ό
1046 4454 1196 4521 ἴδιος
1219 4458 1403 4511 αὐτοῦ
1441 4457 1723 4525 πλοῦτος.
1751 4461 1889 4515 Πολ-

319 4540 447 4604 λοὺς
487 4542 816 4612 ἐργάτευσον
852 4545 961 4598 τῶν
993 4545 1323 4617 θλιϐομένων
1353 4552 1433 4613 είς
1484 4552 1583 4622 τὴν
1606 4554 1889 4606 κοινωνίαν

318 4632 419 4701 τῆς
456 4634 789 4704 προσευχῆς,
817 4638 864 4689 εἰ
886 4637 993 4706 ἄρα
1018 4654 1100 4691 σοι
1134 4639 1512 4713 ἀφεθήσεταιή
1548 4644 1761 4698 ἐπίνοια
1787 4647 1887 4718 τῆς

320 4724 543 4787 κακίας.
578 4725 706 4777 Ὅτε
748 4727 996 4781 ἐκάθισεν
1022 4731 1050 4783 ὁ
1075 4729 1202 4793 λαὸς
1241 4735 1435 4800 φαγεῖν
1456 4736 1551 4787 καὶ
1596 4739 1759 4800 πιεῖν,
1792 4740 1887 4791 καὶ

321 4816 631 4886 ἀνέστησαν
674 4818 921 4882 παίζειν·
966 4822 1029 4892 (ἡ
1076 4821 1132 4875 δὲ
1177 4824 1364 4877 παιδιά
1396 4824 1576 4879 αὐτῶν
1607 4821 1889 4883 εἰδωλολα-

320 4908 477 4977 τρεία
502 4903 599 4978 ἦν·
624 4910 642 4977 )
682 4909 802 4963 τότε
835 4911 886 4964 οἱ
922 4910 1164 4977 Λευῖται,
1195 4914 1337 4968 κατά
1364 4915 1473 4969 τῶν
1497 4916 1740 4988 ἀδελφῶν
1763 4923 1889 4975 ἐαυ-

319 4999 447 5061 τοὺς
472 4998 871 5066 ἐξοπλίσαντες,
894 5004 974 5065 είς
1003 5003 1302 5077 ἱερωσύνην
1324 5005 1422 5069 τὰς
1460 5009 1650 5079 χεῖρας
1678 5010 1888 5065 ἑαυτῶν

2000 2017 2143 2071 cent,
2179 2018 2273 2061 aut
2308 2010 2440 2079 quid
2465 2012 2861 2075 causabuntur,
2909 2013 3005 2084 qui
3045 2030 3110 2070 ex
3144 2016 3412 2085 ejusmodi
3443 2034 3566 2090 spe-

1999 2099 2228 2153 ctaculis
2274 2099 2468 2169 ingens
2520 2105 2787 2159 malorum
2843 2120 3067 2160 examen
3118 2108 3220 2161 sibi
3269 2110 3565 2179 collegere?

2000 2186 2191 2244 Nonne
2225 2206 2283 2245 se
2311 2191 2434 2246 ideo
2466 2194 2767 2263 aspexisse,
2799 2204 2858 2249 ut
2891 2198 3392 2267 concupiscentiam
3417 2205 3564 2258 exci-

1999 2280 2211 2335 tarent?
2239 2279 2472 2337 Ohnoxii
2508 2284 2672 2352 igitur
2704 2296 2831 2340 sunt
2856 2286 3063 2355 judicio
3086 2290 3338 2346 adulterii
3369 2308 3566 2349 secun-

1999 2368 2126 2423 dum
2151 2372 2517 2428 inevitabilem
2548 2373 2758 2430 Domini
2784 2378 3134 2433 sententiam.
3155 2378 3439 2445 Quomodo
3466 2398 3563 2438 vos

1997 2458 2322 2517 Pentecoste
2351 2464 2611 2534 excipiet,
2654 2466 2747 2536 qui
2784 2468 2838 2521 in
2874 2467 3081 2525 Pascha
3112 2471 3295 2529 fuistis
3327 2475 3401 2529 ita
3429 2491 3564 2531 con-

1997 2552 2311 2607 tumeliosi?
2340 2552 2397 2608 In
2424 2553 2747 2612 Pentecoste
2791 2556 3029 2629 Spiritus
3066 2565 3244 2617 sancti
3296 2565 3563 2624 adventus

1997 2642 2319 2700 manifestus
2347 2645 2504 2716 130
2526 2647 2628 2701 fuit
2655 2658 2708 2704 et
2739 2660 2900 2707 notus
2921 2653 3175 2709 omnibus
3214 2674 3227 2710 :
3257 2663 3314 2711 tu
3345 2673 3477 2715 vero
3505 2661 3562 2716 in

1998 2741 2344 2790 antecessum
2384 2747 2550 2794 temet
2583 2740 2883 2798 adversarii
2924 2745 3153 2814 spiritus
3192 2746 3560 2806 habitaculum

1994 2822 2245 2890 elIecisti,
2282 2834 2337 2895 et
2372 2830 2631 2898 templum
2668 2831 2847 2888 factus
2883 2850 2944 2890 es
2975 2836 3268 2904 idolorum,
3304 2856 3426 2897 cum
3462 2843 3560 2899 de-

1995 2913 2213 2971 buisses
2244 2919 2505 2987 templum
2535 2920 2628 2976 Dei
2661 2923 2777 2977 ﬁeri
2810 2940 2906 2995 per
2931 2925 3167 2997 Spiritus
3200 2933 3375 2987 sancti
3401 2934 3561 2989 inha-

1994 3003 2306 3061 bitationem
2334 3008 2400 3065 “.
2431 3011 2788 3070 Accersivisti
2841 3020 3276 3075 exsecrationem
3326 3026 3561 3095 prophe-

1994 3103 2081 3162 tae,
2109 3097 2163 3151 in
2189 3097 2281 3152 Dei
2314 3116 2545 3170 persona
2569 3103 2802 3161 dicentis
2829 3127 2842 3161 :
2870 3108 3180 3165 Convertam
3201 3114 3559 3172 solemnitate:

1993 3203 2171 3241 eorum
2217 3190 2271 3244 in
2317 3191 2514 3247 luctum
2542 3196 2606 3250 ⁸⁷.
2642 3197 2925 3263 Quomodo
2970 3204 3143 3258 servis
3196 3207 3558 3275 imperabitis,

1993 3292 2117 3332 cum
2142 3295 2239 3333 vos
2271 3284 2426 3350 quasi
2455 3287 2725 3357 mancipia
2758 3289 2973 3345 stolidis
3021 3307 3083 3345 ac
3124 3294 3373 3351 exitiosis
3404 3300 3558 3370 cupi-

1992 3369 2253 3428 ditatibus
2283 3374 2631 3433 inscrviatis‘.’
2660 3381 2943 3446 Quomodo
2973 3388 3314 3457 castigabitis
3333 3369 3556 3456 liberos,

1992 3475 2114 3515 cum
2141 3478 2235 3518 vos
2261 3466 2638 3536 incastigatam
2662 3472 2825 3525 vitam
2846 3484 3007 3544 atque
3036 3478 3450 3549 incompositam
3474 3486 3557 3538 vi-

1991 3554 2165 3607 vatis?
2186 3553 2327 3620 Quid
2346 3557 2551 3627 igitur?
2583 3560 2722 3615 Num
2746 3579 2844 3618 vos
2881 3568 2933 3620 in
2962 3566 3049 3622 his
3082 3570 3428 3642 relinquam?
3450 3573 3559 3631 Sed

1992 3659 2204 3713 vereor,
2238 3664 2305 3703 ne
2330 3648 2468 3705 forte
2495 3651 2587 3722 qui
2620 3654 2932 3727 immoriger
2957 3669 3063 3722 est,
3095 3660 3186 3714 iiut
3225 3664 3351 3719 inde
3380 3665 3557 3737 impu-

1991 3737 2242 3806 dentior;
2264 3743 2357 3810 qui
2375 3759 2505 3798 vero
2528 3756 2887 3813 compunctus
2912 3761 3017 3817 est,
3035 3754 3256 3809 tristitia
3281 3757 3558 3814 abundano

1991 3831 2131 3886 tiore
2159 3834 2518 3889 absorbeatur
2550 3838 2615 3891 ⁸⁸.
2647 3837 2802 3900 Nam.
2853 3842 3048 3912 inquit,
3099 3844 3305 3901 Medela
3352 3849 3555 3904 sedabit

1989 3931 2202 3988 reccata
2237 3941 2428 3995 magna
2456 3927 2521 3982 δ’.
2552 3928 2771 3998 Jejunio
2820 3943 3045 3989 curetur
3092 3937 3363 4008 ebrietas;
3411 3946 3555 4013 psal-

1992 4026 2101 4074 mo,
2135 4015 2405 4070 cantilena
2435 4017 2705 4086 obscena;
2759 4022 3013 4094 lacrymaa
3046 4027 3159 4082 sint
3212 4031 3360 4087 risus
3388 4048 3557 4090 reme-

1990 4104 2171 4171 dium;
2204 4122 2302 4176 pro
2354 4110 2641 4165 saltatione
2670 4130 2811 4183 genu
2851 4114 3131 4188 ﬂectatur;
3165 4138 3265 4193 pro
3296 4140 3552 4183 manuum

1990 4194 2186 4264 plausu
2244 4208 2435 4267 pectus
2498 4204 2866 4274 percutiatur;
2922 4225 3020 4279 pro
3073 4215 3302 4271 vestitus
3357 4230 3553 4276 ornatu

1990 4288 2314 4343 ostendatur
2336 4291 2635 4351 humilitas.
2665 4297 2720 4351 In
2742 4301 2934 4369 primis
2958 4306 3185 4361 redimat
3199 4317 3251 4365 te
3272 4326 3301 4365 ιι
3332 4328 3556 4382 peccato

1990 4379 2333 4453 eleemosyna
2362 4384 2427 4440 '°.
2460 4386 2593 4441 Nam
2628 4388 2865 4447 Pretium
2888 4397 3257 4469 redemptionis
3287 4379 3405 4469 viri,
3433 4422 3555 4462 sunt

1991 4473 2285 4541 suceipsiut
2317 4475 2517 4533 divitiw
2542 4482 2606 4535 ⁸¹.
2636 4481 2827 4541 Plures
2857 4503 3067 4557 eorum,
3094 4496 3185 4564 qui
3210 4496 3264 4550 in
3296 4503 3556 4556 aerumnis

1992 4573 2301 4630 versantur,
2334 4567 2419 4623 iac
2460 4570 2663 4629 habeas
2712 4577 2896 4634 socios
2937 4586 3288 4651 precationis,
3323 4588 3368 4644 si
3417 4590 3557 4647 forte

1991 4925 2131 4996 erat)
2162 4943 2178 4981 :
2211 4935 2342 4985 tunc
2368 4930 2569 4989 Levita:
2611 4938 2666 4992 in
2709 4953 2840 4997 suos
2887 4942 3084 5002 fratres
3118 4953 3333 5020 armati,
3364 4968 3556 5012 manus

1994 5030 2124 5074 suae
2168 5020 2223 5076 in
2249 5025 2619 5085 sacerdotium
2659 5044 3075 5093 consecrarunt.
3110 5039 3297 5114 itaque
3319 5052 3373 5100 et
3402 5048 3555 5104 vobis

392 5156 437 5189 ⁸⁵
476 5155 666 5211 Matth.
718 5174 773 5218 v.
819 5157 910 5212 28.
987 5157 1033 5189 “
1070 5158 1229 5213 Rom.
1264 5175 1392 5222 vm,
1434 5161 1517 5215 ll.
1592 5164 1640 5196 ⁸⁷
1677 5162 1843 5223 Amos

432 5225 501 5261 OL
596 5225 821 5261 lib-.1."
878 5242 973 5261 nn
1035 5228 1066 5261 Ω
1162 5229 1209 5261 σι
1247 5228 1393 5261 Dan)
1460 5248 1604 5261 -.ν-ι.
1666 5235 1698 5261 n

2012 5211 2028 5236 ,
2066 5173 2153 5231 10.
2233 5177 2279 5210 ⁸⁸
2316 5179 2360 5235 ΙΙ
2393 5180 2518 5236 Cor.
2572 5200 2647 5253 ιι,
2688 5186 2734 5239 7.
2814 5189 2859 5221 δ’
2900 5190 3076 5248 Eccle.
3113 5211 3179 5261 x,
3215 5198 3269 5253 ι.
3337 5202 3382 5233 ³⁸
3421 5201 3535 5259 Dan

322 5238 397 5290 tv,
432 5225 522 5280 24.
596 5228 639 5259 ⁸¹
678 5225 841 5284 Prov.
875 5242 995 5293 xm,
1033 5228 1088 5283 8.
1162 5229 1209 5261 "
1246 5228 1418 5285 Exod.
1459 5248 1630 5298 xxxn,
1666 5235 1719 5289 6.

392 5342 503 5411 (66)
532 5342 687 5398 Colb.
712 5344 929 5419 primus
947 5359 1046 5419 pro
1063 5345 1435 5419 ἐθεάθηιιιὼεῑ
1465 5348 1712 5419 ἐθέλχθη,
1758 5350 1889 5405 alie-

320 5392 686 5495 exaggam};
710 5392 1214 5471 ιῗέἶὲὲῐεῗιβῖὀέἷιὶ
1231 5392 1884 5491 ϊιὶέξῗῦὶιῖιῖἷιῖἐιῖὲλξῴἷξ

364 5499 567 5536 υναικα.

720 5553 930 5629 primus
966 5554 1241 5629 ἐγείρωσι,
1268 5556 1471 5629 ναὶᾼδιὲ
1494 5556 1658 5629 τοῦτο
1690 5558 1889 5629 προδή-

482 5616 853 5698 pomata-Sed
900 5616 1266 5698 totum-illud,
1307 5627 1397 5680 ναὶ
1432 5626 1519 5680 διὰ
1560 5616 1885 5698 τοῦτο’πρόο

318 5690 507 5766 δήλως,
537 5694 895 5766 peregrinum
915 5709 1040 5766 esse
1062 5696 1425 5766 etnobsonutn,
1459 5712 1637 5760 nemo,
1666 5690 1880 5766 opinor,

1992 5358 2231 5431 cumAsic
2257 5368 2453 5424 vertat,
2491 5368 2766 5419 adventum
2800 5368 3053 5431 eﬂicacem
3087 5376 3259 5431 habet.

2206 5429 2429 5520 ,ξιιιίηυί
2460 5435 2720 5520 ινσερυιςὶ
2743 5428 3045 5520 “deﬁnes...”
3082 5428 3459 5520 νουθετησητε.

2208 5497 2460 5587 ΔΙξιιιιηυιι
2478 5502 2645 5587 editi-0
2669 5497 3035 5587 ῥᾳθυμότερος
3064 5497 3333 5586 γένήέάίῗ
3479 5540 3561 5579 te—

1992 5568 2171 5654 ριιὲον..
2196 5568 2532 5654 Διχιυῐηέμιε
2574 5568 2723 5654 Βξεὲδ
2759 5568 3115 5654 στραγότέρός

1990 5634 2362 5719 impudentia}.
2414 5634 2720 5719 Notandum
2770 5634 2948 5719 tamen
3001 5634 3557 5719 itfora'ifbiiériiﬁi

1988 5710 2146 5794 primi
2183 5710 2446 5794 scriptum
2474 5711 2707 5771 inveniri
2741 5717 3126 5794 ῥᾳθυμότερος.
3173 5710 3555 5789 Οοάυῖ-έοιξίί

1989 5780 2316 5850 στρατηγότε
2325 5797 2436 5850 ρος.
