4036 6236
477 405 582 461 463

1799 396 1855 451 S.
1897 396 2140 450 BASlLll
2179 397 2390 454 MAGNl

3615 405 3722 458 464

475 525 574 598 qui
605 519 892 577 Dominum
927 518 1154 581 timetis,
1186 525 1455 588 quotquot
1496 533 1643 573 nunc
1670 518 1736 574 de
1767 519 2042 571 actionum

2156 517 2487 596 ὲςςελέίωσαν.
2533 517 2642 570 Καὶ
2693 517 2820 589 ὑμῖν
2867 517 3045 569 τοίνυν
3081 518 3191 579 τοῖς
3231 515 3582 586 φοϐουμένοις
3630 521 3721 573 τὸν

479 614 908 685 improbatarum
946 610 1285 680 turpitudine
1312 611 1589 674 doluistis,
1628 609 1759 665 illud
1790 611 2047 680 praecipi-

478 722 636 762 mus:
672 704 730 758 Si
760 703 1007 757 videritis
1043 717 1182 771 quos
1233 702 1482 757 stultitia:
1505 712 1781 773 gestorum
1821 717 2046 756 suorum

479 797 760 868 poeniteat,
789 809 980 850 eorum
1021 789 1393 850 misereamini
1430 803 1688 865 tanquam
1735 803 2045 850 vestrorum

480 886 852 942 membrorum
896 883 1275 953 aegrotantium
1305 903 1317 938 :
1353 883 1440 938 sin
1489 884 1806 953 pervicaces
1849 897 1914 936 ac
1956 897 2048 936 ve-

481 985 653 1032 stram
700 990 802 1044 pro
843 975 977 1045 ipsis
1012 976 1329 1030 maestitiam
1376 983 1733 1046 spernentes,
1779 975 1936 1028 Exite
1985 974 2052 1026 de

481 1068 652 1122 medio
682 1083 884 1130 eorum,
914 1075 963 1120 et
996 1067 1330 1134 separemini,
1360 1077 1411 1121 et
1455 1067 1782 1121 immundum
1826 1084 1888 1120 ne
1930 1076 2049 1120 tan-

479 1160 617 1230 gatis
649 1159 696 1190 ⁸³
740 1177 752 1212 :
789 1165 848 1212 ut
891 1158 973 1213 sic
1018 1158 1096 1212 illi
1133 1158 1350 1227 quidem
1394 1159 1600 1229 pudore
1647 1157 1850 1222 allecti,
1891 1173 2046 1213 suam

481 1252 726 1320 ipsorum
771 1249 1096 1318 pravitatem
1127 1260 1463 1320 cognoscant
1497 1266 1506 1296 :
1545 1265 1642 1304 vos
1684 1263 1812 1303 vero
1839 1263 2051 1302 merce-

479 1343 604 1397 dem
622 1340 986 1396 atmulationis
1015 1339 1249 1395 Phinees
1277 1341 1554 1410 recipiatis
1577 1343 1643 1406 “,
1673 1340 1824 1410 justo
1842 1339 2049 1410 judicio

482 1435 578 1491 Dei
612 1451 674 1490 ac
699 1434 1002 1488 Salvatoris
1047 1433 1224 1488 nostri
1259 1431 1384 1488 Jesu
1417 1432 1642 1499 Christi,
1670 1433 1758 1487 cui
1788 1433 1961 1503 gloria
1993 1440 2050 1488 et

481 1531 766 1600 imperium
792 1529 847 1582 in
879 1527 1080 1584 saecula
1113 1527 1459 1581 satculorum.
1494 1527 1684 1581 Amen.

2155 601 2376 678 Κύρῖὀν,
2414 610 2528 661 ὅσοι
2557 606 2650 660 νῦν
2677 608 3117 675 ὲπεστυγνάσατε
3147 607 3240 659 ἐπὶ
3269 609 3336 677 τῇ
3365 608 3725 682 ἀσχημοσύνῃ

2154 699 2262 752 τῶν
2319 699 2810 768 καταγνωσθέντων
2836 737 2851 761 ,
2879 701 3055 752 ἐκεῖνο
3099 697 3546 770 διαστελλόμεθα’
3595 700 3726 754 Ἐὰν

2157 792 2256 862 μὲν
2295 793 2439 864 ἴδητε
2477 792 2870 864 μετανοοῦντας
2899 794 2992 846 ἐπὶ
3019 797 3084 864 τῇ
3131 793 3330 865 ἀτοπίᾳ
3373 793 3484 848 τῶν
3507 813 3725 866 πεπρα-

2154 881 2403 950 γμένων,
2459 882 2851 952 συμπαθήσατε
2884 882 2960 945 ὼς
3007 883 3228 945 οἰκείοις
3269 881 3453 953 μέλεσι
3501 901 3728 954 νενοση-

2152 973 2305 1026 κόσιν
2326 990 2337 1002 ·
2371 975 2466 1026 ἐὰν
2497 974 2554 1026 δὲ
2584 973 3160 1044 ἀπαυθαδιαζομένους
3191 974 3285 1026 καὶ
3319 975 3728 1046 καταφρονοῦν-

2151 1083 2248 1128 τας
2276 1067 2374 1135 τῆς
2403 1067 2672 1137 ὑμετέρας
2700 1067 2788 1119 ἐπ’
2821 1067 3005 1127 αὐτοῖς
3051 1066 3248 1135 λύπης,
3289 1065 3589 1129 Ἐξέλθετε
3611 1067 3728 1138 (70)

2147 1160 2215 1213 ἐκ
2244 1159 2436 1228 μέσου
2467 1159 2684 1222 αὐτῶν,
2717 1160 2815 1212 καί
2849 1161 3236 1228 ἀφορίσθητε,
3267 1159 3360 1212 καὶ
3390 1145 3730 1229 ἀκαθάρτοὺ

2145 1250 2230 1320 μὴ
2265 1252 2556 1306 ἅπτεσθε·
2620 1253 2706 1305 ἴνα
2751 1251 2924 1316 οὑτως
2969 1254 3018 1304 οἱ
3075 1252 3174 1322 μὲν
3236 1253 3599 1322 ἐντραπέντες
3645 1256 3732 1315 εἰς

2150 1342 2442 1411 ἐπίγνωσιν
2477 1342 2670 1396 ἔλθωσι
2714 1345 2813 1414 τῆς
2837 1344 3046 1407 οἰκείας
3075 1343 3306 1404 κακίας’
3346 1343 3502 1413 ὑμεῖς
3546 1343 3603 1397 δὲ
3632 1343 3730 1396 τοῦ

2155 1431 2316 1504 ζήλου
2357 1431 2450 1485 τοῦ
2478 1432 2662 1496 Φινεὲς
2704 1432 2795 1485 τὸν
2850 1431 3038 1503 μισθὸν
3093 1430 3445 1502 ὑποδέξησθε,
3493 1431 3584 1484 διά
3625 1430 3732 1498 τῆς

2155 1524 2549 1595 δικαιοκρισίας
2596 1524 2690 1576 τοῦ
2735 1524 2867 1577 Θεοῦ
2899 1525 2994 1577 καὶ
3042 1524 3293 1594 Σωτῆρος
3340 1523 3496 1593 ἡμῶν
3551 1521 3732 1592 Ἰησοῦ

481 1624 737 1698 Χριστοῦ,
783 1617 887 1694 ᾧή
921 1623 1046 1688 δόξα
1085 1623 1180 1676 καὶ
1223 1622 1283 1675 τὸ
1330 1622 1527 1693 κράτος
1559 1623 1638 1684 εἰς
1664 1621 1789 1685 τοὺς
1819 1620 2021 1684 αἰῶνας
2059 1620 2163 1673 τῶν
2195 1619 2421 1672 αἰώνων.
2467 1620 2657 1690 Ἀμήν.

495 1731 822 1746 Ψ*

1050 1808 1332 1864 llOMlLlA
1371 1809 1490 1863 XV.

1129 1903 1207 1955 De
1242 1903 1364 1972 ﬁde.

558 2019 607 2074 i.
634 2018 730 2073 Dei
765 2018 985 2088 quidem
1025 2018 1230 2089 jugiter
1258 2015 1595 2080 meminisse,
1632 2031 1721 2071 res
1743 2015 1831 2086 pia
1861 2023 1966 2078 est,
2003 2023 2056 2070 et

483 2126 589 2181 qua
627 2110 721 2165 Dei
773 2125 964 2165 amans
995 2110 1210 2163 animus
1256 2123 1534 2178 nunquam
1569 2109 1912 2162 exsatiatur:
1937 2120 2057 2177 quae

484 2216 610 2257 vero
656 2208 784 2257 sunt
836 2198 953 2263 Dei,
1005 2213 1258 2255 sermone
1309 2199 1567 2270 prosequi
1599 2199 1774 2253 audax
1814 2209 2056 2269 emptum

485 2293 681 2357 fuerit;
717 2308 842 2346 cum
874 2307 1030 2348 mens
1066 2300 1256 2345 nostra
1291 2292 1452 2362 longo
1495 2292 1782 2347 intervallo
1812 2306 1842 2345 a
1871 2307 2056 2346 rerum

483 2385 747 2453 dignitate
797 2383 961 2446 absit,
997 2396 1301 2452 rursusque
1350 2397 1533 2438 sermo
1572 2383 1810 2438 obscure
1851 2398 1914 2436 ac
1955 2384 2057 2436 im-

483 2473 720 2546 perfecte
763 2473 1038 2527 intellecta
1079 2473 1369 2542 exprimat.
1413 2469 1601 2541 Itaque
1645 2472 1693 2526 si
1747 2471 2053 2542 intelligeno

481 2568 611 2620 tiam
667 2575 914 2621 nostram
974 2563 1135 2632 longe
1182 2569 1402 2632 superet
1453 2578 1635 2618 rerum
1698 2562 2050 2632 magnitudo,

483 2673 666 2714 sermo
696 2665 877 2711 autem
910 2656 980 2710 ab
1023 2655 1144 2724 ipsa
1176 2654 1529 2724 intelligentia
1575 2663 1886 2724 superetur,
1920 2669 2056 2723 quo-

483 2751 646 2804 modo
673 2750 834 2805 silere
872 2763 1100 2803 necesse
1132 2762 1242 2801 non
1275 2745 1458 2812 fuerit,
1491 2762 1559 2801 ne
1602 2746 1742 2800 forte
1772 2747 2057 2816 theologiae

481 2839 717 2910 dignitas
746 2853 810 2894 ex
867 2837 1161 2892 verborum
1210 2836 1478 2890 tenuitate
1528 2835 1827 2906 periclitari
1873 2835 2057 2888 videa-

484 2931 603 2986 tut"!
644 2927 739 2984 Dei
769 2928 988 2999 quidem
1039 2927 1214 2998 gloria
1258 2926 1524 2981 alliciendi
1574 2926 1774 2997 cupido
1816 2927 2058 2996 quibus—

483 3024 566 3079 vis
593 3022 802 3076 ratione
832 3021 1074 3090 przeditis
1104 3021 1271 3076 insita
1325 3028 1410 3076 est
1443 3027 1638 3073 natura
1667 3036 1679 3070 ε
1705 3020 1802 3075 sed
1847 3020 1925 3074 rei
1957 3034 2056 3090 pro

483 3113 746 3184 dignitate
772 3112 1070 3167 tractandae
1113 3112 1351 3181 impares
1377 3119 1508 3166 sunt
1539 3125 1605 3164 ex
1637 3125 1794 3180 tequo
1842 3126 2052 3165 omnes.

482 3206 812 3276 Quanquam
831 3212 1012 3260 autem
1039 3203 1262 3274 pietatis
1285 3203 1466 3259 studio
1483 3203 1621 3257 alter
1645 3203 1800 3258 alteri
1826 3211 2056 3273 praesta-

483 3314 606 3352 mus
634 3315 647 3351 :
674 3310 832 3351 nemo
861 3303 1045 3350 tamen
1091 3295 1168 3349 ita
1209 3295 1448 3359 catcutit,
1475 3309 1642 3363 seque
1693 3295 1768 3347 ita
1817 3291 2075 3356 seducit,.

486 3391 640 3460 131
675 3396 735 3443 ut
764 3388 830 3443 ad
866 3401 1138 3443 summum
1167 3385 1672 3454 comprehensionis
1699 3385 1905 3454 apicem
1933 3399 2056 3454 per-

482 3481 702 3535 venisse
755 3494 816 3534 se
845 3478 1152 3544 existimet;
1187 3477 1298 3531 imo
1340 3485 1545 3547 quanto
1577 3475 1750 3546 magis
1783 3475 2056 3530 videbitur

481 3569 797 3638 cognitione
819 3581 882 3620 ac
905 3567 1131 3622 scientia
1155 3566 1440 3635 prolicere,
1462 3573 1614 3619 tanto
1642 3566 1876 3635 amplius
1899 3579 2053 3621 suam

484 3659 912 3714 imbecillitatem
969 3659 1186 3712 sentiet.
1233 3655 1384 3712 Talis
1429 3666 1546 3712 erat
1595 3657 1899 3719 Abraham,
1929 3657 2055 3714 talis

483 3758 603 3804 erat
631 3749 844 3820 Moyses
866 3769 879 3803 :
901 3749 1113 3818 quibus
1129 3763 1253 3800 cum
1282 3749 1440 3802 licuit
1461 3747 1630 3803 Deum
1655 3749 1859 3811 videre,
1881 3763 2056 3818 quan-

485 3847 599 3892 tum
629 3839 817 3893 videre
863 3837 1070 3891 homini
1128 3836 1210 3892 fas
1243 3847 1346 3902 est,
1379 3845 1513 3892 tunc
1557 3837 1796 3893 maxime
1823 3845 2055 3907 uterque

485 3930 744 3984 humilem
799 3943 860 3983 se
910 3927 1188 3998 praestitit.
1221 3927 1493 3982 Abraham
1549 3927 1767 3996 quidem
1812 3929 2056 3982 nominat

485 4028 660 4076 semet
705 4028 910 4073 terram
938 4033 1002 4072 ac
1049 4017 1292 4072 cinerem
1322 4017 1367 4048 ⁸⁸
1397 4035 1410 4071 :
1445 4015 1656 4087 Moyses
1691 4034 1818 4072 vero
1843 4034 1901 4074 se
1924 4019 2056 4073 dicit

488 4113 759 4167 hominem
803 4125 937 4166 voce
982 4111 1173 4180 gracili
1223 4118 1275 4162 et
1329 4109 1512 4180 lingua
1542 4112 1698 4164 tarda
1723 4113 1790 4163 ⁵⁸.
1831 4110 2056 4166 Videbat

487 4202 634 4256 enim
668 4215 788 4254 eam
816 4215 940 4254 esse
977 4200 1174 4268 linguae
1211 4199 1563 4264 debilitatem,
1591 4215 1710 4268 qua:
1756 4215 1937 4254 rerum
1973 4202 2057 4254 in-

485 4293 826 4347 tellectarum
863 4289 1223 4359 magnitudini
1258 4290 1575 4344 enarranda:
1624 4291 1890 4346 inservire
1942 4307 2053 4346 non

489 4391 695 4456 posset.
737 4382 842 4438 Sed
878 4382 1006 4451 quia
1037 4382 1186 4436 auris
1233 4383 1411 4437 omnis
1464 4399 1610 4437 nunc
1641 4392 1828 4454 aperta
1857 4392 1942 4439 est
1985 4385 2054 4439 ad

2749 1814 2994 1866 ΟΜΙΛΙΑ
3034 1811 3133 1864 1Ε’.

2647 1903 2782 1971 Περὶ
2820 1904 3078 1968 πίστεως
3102 1903 3152 1972 (7
3168 1903 3180 1952 Ι

2225 2010 2424 2064 1.Θεοῦ
2451 2011 2759 2080 μεμνῆσθαι
2791 2012 2891 2082 μὲν
2905 2011 3188 2084 διηνεκῶς,
3209 2011 3432 2074 εὐσεϐὲς
3445 2014 3537 2065 καὶ
3568 2013 3736 2082 κόρον

2152 2103 2252 2156 οὐκ
2291 2105 2412 2173 ἕχον
2459 2105 2524 2174 τῇ
2565 2103 2797 2174 φιλοθέῳ
2850 2105 3024 2176 ψυχῇ·
3089 2104 3231 2174 λόγῳ
3277 2104 3334 2158 δὲ
3367 2104 3618 2170 διεξιέναι
3660 2106 3736 2157 τά

2154 2194 2284 2266 περὶ
2329 2195 2486 2259 Θεοῦ,
2519 2197 2824 2268 τολμηρόνο
2855 2199 2952 2266 τῆς
2996 2197 3094 2268 μὲν
3145 2197 3381 2261 διανοίας
3432 2198 3608 2268 πολλῷ
3651 2199 3736 2269 τῷ

2158 2287 2339 2359 μέτρῳ
2383 2288 2484 2357 τῆς
2527 2288 2682 2355 ἀξίας
2730 2288 2837 2341 τῶν
2887 2289 3228 2360 πραγμάτων
3288 2291 3733 2360 ἀποπιπτούσης,

2155 2379 2314 2431 πάλιν
2353 2379 2410 2430 δὲ
2453 2379 2546 2431 τοῦ
2599 2379 2756 2448 λόγου
2799 2381 3057 2453 ἀμυδρῶς
3095 2382 3468 2452 παριστῶντος
3489 2383 3556 2436 τὰ
3605 2401 3738 2454 νοηο

2155 2469 2333 2524 θέντα.
2362 2472 2424 2523 Εἰ
2457 2467 2549 2524 οὖν
2593 2473 2627 2542 ἡ
2686 2473 2783 2542 μὲν
2826 2472 3034 2525 διάνοια
3066 2473 3225 2544 ἡμῶν
3265 2473 3416 2544 παρὰ
3464 2475 3596 2528 πολὺ
3635 2475 3737 2528 τοῦ

2159 2559 2420 2630 μεγέθους
2443 2560 2552 2612 τῶν
2579 2561 2921 2630 πραγμάτιον
2947 2560 3405 2632 ἀπολιμπάνεται,
3427 2565 3456 2616 ὁ
3487 2563 3542 2616 δὲ
3571 2563 3740 2632 λόγος

2156 2651 2391 2704 ἐλάττων
2417 2653 2532 2704 ἐστὶ
2559 2653 2654 2705 καὶ
2687 2652 2856 2721 αὐτῆς
2885 2653 2984 2724 τῆς
3017 2653 3257 2717 διανοίας
3282 2655 3415 2726 (71⁸)
3440 2670 3453 2684 °
3488 2655 3604 2718 πῶς
3629 2658 3737 2708 οὐκ

2156 2742 2430 2810 ἀναγκαία
2481 2744 2516 2812 ἡ
2573 2743 2752 2813 σιωπὴ
2782 2782 2796 2806 ,
2837 2744 3049 2813 μήποτε
3102 2747 3160 2798 ὲν
3204 2748 3271 2816 τῇ
3319 2746 3427 2798 τῶν
3472 2747 3740 2817 ῥημάτων

2157 2835 2403 2906 εὐτελείᾳ
2438 2835 2565 2906 δόξῃ
2598 2835 2930 2888 κινδυνεύειν
2962 2837 3060 2906 τῆς
3094 2834 3374 2905 θεολογίας
3411 2837 3474 2890 τὸ
3508 2837 3735 2900 θαῦμας

2169 2927 2233 2980 Ἦ
2270 2928 2367 2998 μὲν
2396 2923 2488 2980 οῦν
2515 2926 2610 2980 τοῦ
2635 2926 2878 2992 δοξάζειν
2900 2928 2990 2981 τὸν
3013 2929 3146 2982 Θεὸν
3166 2928 3432 2998 ἐπιθυμία
3458 2931 3586 2982 πᾶσι
3619 2933 3740 2993 τοῖς

2159 3017 2398 3086 λογικοῖς
2445 3018 2556 3088 (7'2)
2601 3019 2741 3072 κατά
2788 3019 2951 3088 φύσιν
2983 3021 3312 3092 ὲνέσπαρται
3339 3039 3352 3051 ο
3380 3020 3475 3074 τοῦ
3510 3021 3564 3074 δὲ
3597 3021 3740 3093 πρὸς

2157 3108 2312 3174 ἀξίαν
2345 3111 2518 3163 εἰπεῖν
2557 3111 2756 3174 πάντες
2805 3113 3005 3182 ὁμοίως
3042 3112 3530 3184 άπολιμπάνονται.
3561 3115 3640 3184 Τῇ
3673 3114 3739 3166 δὲ

2158 3201 2286 3270 περὶ
2317 3202 2415 3272 τὴν
2445 3202 2727 3256 εὐσέϐειαν
2752 3204 3028 3276 προθυμίᾳ
3061 3207 3247 3276 ἕτερος
3277 3207 3466 3277 ἑτέρου
3492 3207 3741 3276 διενηνό-

2157 3294 2556 3363 χαμενόὑδεὶς
2596 3295 2652 3346 δὲ
2695 3295 2863 3360 οὕτως
2908 3297 3264 3366 τετύφλωται,
3302 3300 3396 3351 καὶ
3423 3297 3555 3368 (72‘)
3600 3315 3742 3369 φρε-

2157 3386 2374 3455 ναπατᾷ
2414 3385 2625 3448 ἑαυτὸν,
2658 3385 2796 3438 ὥστε
2831 3387 3035 3440 οἴεσθαι
3065 3388 3156 3440 ἐπὶ
3188 3388 3248 3440 τὸ
3280 3389 3572 3460 ἀκρότατον
3602 3391 3743 3442 ἁνα-

2156 3477 2448 3549 6ε6ηκέναι
2487 3479 2586 3548 τῆς
2628 3477 3014 3547 καταλήψεως·
3068 3479 3182 3531 ἀλλ’
3234 3481 3452 3548 ὅσῳπερ
3493 3478 3557 3531 ἂν
3603 3478 3738 3550 δόξῃ

2157 3571 2488 3642 προκόπτειν
2527 3570 2621 3623 ἐπὶ
2650 3570 2749 3640 τὴν
2776 3571 2996 3638 γνῶσιν,
3024 3569 3262 3639 τοσούτῳ
3287 3570 3448 3622 πλέον
3485 3570 3596 3638 (75)
3637 3571 3741 3622 αὑ-

2155 3661 2252 3716 τοῦ
2286 3663 2384 3732 τῆς
2409 3661 2690 3724 ἀσθενείας
2718 3660 3055 3731 αἰσθήσεται.
3087 3661 3336 3724 Τοιοῦτος
3361 3657 3429 3730 ἦν
3459 3659 3739 3730 Ἀϐραὰμ,

2156 3751 2394 3815 τοιοῦτος
2441 3748 2509 3822 ἦν
2556 3753 2826 3823 Μωῦσῆςο
2873 3753 2962 3805 ὅτε
3020 3752 3146 3806 ἰδεῖν
3187 3752 3317 3804 Θεὸν
3349 3751 3737 3822 αὴδυνήθησαν,

2157 3845 2232 3908 ὡς
2264 3844 2388 3898 ἰδεῖν
2414 3843 2637 3896 δυνατὸν
2670 3843 2961 3915 ἀνθρώπῳ,
2985 3844 3106 3896 τότε
3136 3843 3367 3914 μάλιστα
3398 3841 3586 3896 ἑαυτὸν
3610 3844 3719 3894 ὲκὰ

2156 3952 2312 4006 τερος
2350 3933 2723 4004 ἐξηυτέλιζεν·
2753 3937 2781 3987 ὁ
2825 3935 2922 4005 μὲν
2959 3935 3211 4005 Ἀϐραὰμ
3242 3935 3345 4004 γῆν
3395 3935 3489 3988 καὶ
3535 3935 3741 3988 σποδὸν

2160 4026 2296 4098 (75⁸)
2351 4025 2542 4080 ἑαυτὸν
2597 4027 2900 4097 ὀνομάζων,
2947 4030 2975 4081 ὁ
3013 4027 3070 4080 δὲ
3114 4027 3351 4097 Μωῦσῆς
3407 4027 3740 4097 ἰσχνόφωνον

2156 4117 2329 4186 λέγων
2363 4118 2456 4170 καὶ
2493 4118 2926 4188 βραδύγλωσσον.
2982 4119 3161 4190 Ἐιῦρα
3193 4119 3302 4190 γὰρ
3341 4119 3442 4190 τῆς
3481 4118 3739 4190 γλώσσης

2158 4208 2322 4262 αὐτοῦ
2350 4209 2410 4261 τὸ
2439 4209 2684 4274 ἀσθενὲς,
2715 4211 3007 4282 ὑπηρετεῖν
3034 4211 3112 4282 τῷ
3141 4211 3358 4282 μεγέθει
3377 4212 3482 4264 τῶν
3513 4209 3740 4281 νοηθέν-

2155 4319 2262 4355 των
2308 4303 2384 4373 μὴ
2422 4302 2746 4374 δυναμένης.
2799 4304 2945 4375 Πλὴν
3001 4304 3117 4357 ἀλλ’
3152 4302 3340 4375 ἐπειδὴ
3395 4305 3546 4356 πᾶσα
3590 4303 3736 4373 ἀκοὴ

2157 4391 2402 4462 ἧνοικται
2436 4392 2529 4444 νῦν
2584 4392 2719 4463 πρὸς
2769 4392 3048 4460 θεολογίας
3091 4392 3385 4464 ἀκρόασιν,
3433 4393 3528 4446 καὶ
3569 4391 3738 4462 κόρος

489 4474 814 4545 theologiam
849 4473 1197 4538 audiendam,
1234 4489 1333 4528 nec
1361 4472 1606 4530 Ecclesia
1637 4476 1868 4530 satiatur
1901 4475 2053 4545 ejus-

2158 4481 2255 4534 οὐκ
2299 4481 2412 4535 ἔστι
2455 4485 2520 4552 τῇ
2557 4484 2852 4555 Ἐκκλησία
2895 4485 3004 4538 τῶν
3046 4483 3302 4537 τοιούτων
3346 4479 3733 4555 ἀκροαμάτων,

487 4566 637 4621 modi
673 4565 1080 4625 auditionibus,
1103 4566 1433 4619 conlirmans
1453 4567 1596 4636 quod
1627 4567 1695 4621 ab
1724 4566 2053 4622 Ecclesiaste

2163 4571 2450 4643 βεϐαιούσῃ
2474 4573 2564 4625 τὸν
2589 4575 2681 4626 τοῦ
2713 4575 3135 4644 Ἐκκλησιαστοῦ
3159 4575 3335 4644 λόγον,
3360 4576 3442 4628 ὅτι
3458 4576 3540 4627 Οὐ
3569 4577 3697 4639 πλη
3716 4604 3735 4614 ο

485 4660 689 4716 dictum
718 4665 800 4712 est
830 4678 841 4712 :
875 4655 993 4710 Non
1033 4655 1332 4726 implebitur
1353 4658 1498 4711 auris
1547 4659 1732 4712 auditu
1766 4660 1834 4723 ⁵⁷,
1870 4659 2053 4715 dicere

2156 4659 2486 4728 ρωθήσετιιι
2545 4659 2655 4728 οὖς
2706 4663 2825 4718 ἀπὸ
2873 4663 3253 4733 ἀκροάσεως,
3304 4665 3596 4732 ἀναγκαῖον
3645 4661 3739 4714 λέ-

555 4811 726 4868 "lsa.
749 4825 847 4878 ιιι,
875 4812 959 4871 ll;
984 4809 1185 4895 ll’Cor.
1218 4825 1305 4892 vi,
1342 4809 1428 4866 17.
1501 4810 1550 4842 ⁸⁸
1573 4809 1732 4868 Num.
1765 4827 1893 4876 xxv,
1937 4814 2020 4866 ll.

2184 4813 2318 4870 Gen.
2354 4831 2483 4870 xvm
2508 4858 2522 4884 ,
2557 4817 2647 4872 27.
2723 4818 2769 4850 ⁸⁸
2809 4817 2976 4873 Exod.
3013 4837 3085 4885 iv,
3120 4819 3206 4875 10.
3283 4821 3327 4853 ⁵⁷
3369 4819 3546 4889 Eccle.
3585 4835 3638 4886 t,
3675 4820 3736 4876 8.

557 4965 671 5038 (70)
709 4967 864 5038 Golb.
889 4967 1085 5021 tertius
1100 4967 1198 5037 τῆς
1213 4967 1246 5037 ἡ
1257 4963 1578 5038 μετέρας...,
1599 4966 1878 5036 αἴσθησθε,
1905 4967 2045 5032 ἐξέλ-

487 5037 636 5092 θατε.
672 5037 772 5090 ΑΙίἰ
806 5041 912 5091 duo
946 5051 1074 5091 mss.
1109 5046 1163 5090 et
1181 5037 1312 5090 editi
1343 5047 1401 5090 ut
1428 5038 1483 5090 in
1513 5044 1787 5092 contextu.

557 5107 670 5178 (71)
712 5106 1012 5178 Videinlra
1047 5108 1548 5178 interpretationem
1585 5106 1785 5178 Bulini.
1826 5107 1984 5163 Enn.

559 5158 856 5245 mima
874 5158 935 5228 νδ
962 5177 1019 5228 δὲ
1046 5158 1206 5244 me;
1231 5158 1610 5247 πάττέάξεάτκ
1641 5158 1742 5229 καῖ
1769 5158 2050 5247 areae-5a;

488 5247 742 5310 διανοίας,
779 5247 1082 5317 εἱανεξιίηι
1122 5247 1361 5317 accipias
1397 5263 1411 5297 :
1445 5245 1655 5317 Rursus
1674 5247 1720 5300 si
1766 5245 1947 5300 sermo
1981 5245 2050 5302 ne

489 5317 792 5384 exprimere
819 5316 1036 5385 quidem
1061 5316 1385 5387 possitquae
1413 5316 1726 5386 imperfecte
1767 5317 2047 5372 intellectu

489 5387 768 5440 consecuti
803 5401 1012 5440 sumus.

562 5455 673 5524 (72)
712 5455 889 5509 Editio
917 5454 1093 5509 Paris.
1123 5463 1176 5510 et
1207 5455 1364 5510 Coll).
1418 5457 1630 5526 primus
1659 5456 1897 5524 λογικοῖς
1951 5456 2046 5510 καὶ

489 5524 722 5591 ἀλόγοις,
759 5527 960 5578 ratione
989 5527 1242 5594 pra'ditis,
1280 5535 1327 5578 et
1377 5524 1557 5580 eidem
1607 5526 1925 5580 carentibus.
1981 5529 2051 5578 At

493 5596 645 5670 illud,
680 5595 1036 5670 mi__dz)._6yor;,
1093 5597 1244 5670 deest
1292 5598 1346 5649 in
1379 5597 1618 5670 editione
1659 5597 1826 5670 Basil.
1880 5605 1934 5650 et
1995 5596 2051 5650 in

489 5666 906 5735 quatuoril'tbris
940 5667 1213 5720 veteribus
1247 5682 1258 5715 :
1303 5667 1446 5735 quod
1495 5667 1689 5722 melius
1721 5669 1894 5722 visum
1946 5675 2048 5719 est.

562 5736 696 5805 (7'2')
722 5733 962 5804 Utraque
977 5737 1142 5790 editio
1165 5733 1500 5804 τετύφλωται
1521 5737 1775 5803 καί,ριο.,
1793 5740 1870 5790 ita
1894 5752 2055 5790 cwcu-

491 5808 574 5863 tit.
603 5807 784 5862 Codex
800 5806 968 5863 Coisl.
1000 5813 1052 5862 et
1079 5806 1169 5860 alii
1195 5815 1306 5861 tres
1335 5806 1675 5877 τετύφωται,¹
1697 5819 1828 5872 etc.,
1849 5810 1923 5860 ita
1957 5823 2050 5862 su-

2150 4967 2339 5045 perbit.
2371 4968 2503 5045 Reg.
2542 4971 2819 5045 secundus
2847 4973 3184 5042 τετύφλωται
3208 4973 3348 5045 ὥστε
3379 4976 3737 5045 φρεναπατᾷν

2158 5039 2473 5116 ἑαυτὸν-ὼς,
2510 5039 2564 5116 et
2594 5044 2665 5116 ita
2695 5058 2912 5112 quoque
2939 5039 3129 5116 legitur
3161 5048 3212 5097 in
3242 5039 3609 5116 Regfprimo,
3635 5039 3738 5099 sed

2158 5110 2413 5184 secundis
2440 5113 2590 5164 curis
2611 5110 2892 5184 duntaxat.
2934 5110 3090 5184 Colb.
3137 5110 3351 5184 primus
3390 5110 3737 5183 τετύφλωται

2157 5178 2296 5231 ὥστε
2330 5183 2681 5251 φρεναπατᾷν
2713 5183 2923 5248 ἑαυτὸν,
2959 5178 3398 5238 ὥστε.’[)ἰίῖἱοίιθ
3439 5178 3588 5238 dictu
3621 5195 3736 5250 est,

2158 5250 2788 5323 scripseritnegBaSilius
2832 5253 3170 5322 τετύφλωται
3195 5296 3210 5318 ,
3265 5269 3333 5308 an
3375 5256 3680 5323 τετύφωται
3718 5273 3733 5306 :

2157 5319 2260 5441 lsed.
2281 5321 2398 5373 sine
2425 5321 2668 5441 ptericulo
2694 5319 3174 5378 indiscrim'inatim
3203 5324 3306 5378 hoc
3323 5334 3418 5378 aut
3448 5319 3542 5379 illo
3566 5326 3740 5379 modo

2178 5404 2259 5441 eat
2295 5399 2448 5441 notes
2478 5426 2492 5441 .

2178 5398 2259 5444 eat
2295 5398 2492 5444 potest.

2211 5405 2783 5538 éEl?5?)”l_‘(:'sdl.b._printus
2816 5463 3056 5535 τοσούτῳ
3092 5463 3312 5533 μᾶλλον.
3346 5461 3545 5518 Ibidem
3571 5462 3735 5522 Colb.

2154 5530 2348 5584 tertius
2377 5530 2592 5584 ἑαυτοῦ.

2225 5599 2361 5667 (75”)
2405 5598 2544 5652 Editi
2573 5601 2675 5670 γῆν
2706 5602 2897 5656 ἑαυτὸν
2930 5603 3022 5656 καὶ
3050 5602 3263 5656 σποδόν.
3321 5601 3390 5656 At
3419 5617 3554 5659 mss.
3592 5611 3650 5656 ut
3677 5604 3735 5657 in

2155 5677 2436 5746 contextu,
2467 5671 2574 5723 alio
2603 5672 2815 5729 ordine.
2849 5674 3142 5744 Aliquanto
3171 5682 3295 5746 post
3331 5672 3486 5728 Colb.
3519 5675 3739 5744 primus

2156 5739 2293 5811 ἀκοὴ
2332 5740 2620 5811 ἀνέῳκται.
