4036 6236
319 375 429 432 4θὸ

1624 359 1902 414 HOMILIA
1943 354 2031 412 DE
2068 359 2241 415 FIDE.

3450 366 3555 422 468

324 501 439 553 γειν
468 481 578 549 (74)
608 481 688 542 είς
718 475 972 547 δύναμιν.
1012 474 1274 546 Ἐροῦμεν
1306 474 1382 539 δὲ,
1415 476 1513 545 οὐχ
1540 476 1662 539 ὅσος
1692 476 1837 529 ἐστὶν
1866 477 1893 527 ό

1995 488 2092 542 pro
2111 475 2253 529 virili
2283 488 2506 531 necesse
2527 483 2631 532 est.
2664 476 2914 533 Dicemus
2944 488 3145 545 autem,
3180 488 3285 537 mn
3318 491 3553 554 quantus

322 577 475 637 Θεὸς,
504 572 618 626 ἀλλ’
649 573 774 624 ὅσον
810 572 945 641 ἡμῖν
978 569 1219 637 ἐφικτόν.
1256 568 1389 621 Οὐδὲ
1419 566 1548 639 γὰρ,
1589 568 1775 638 ἐπειδὴ
1806 567 1893 620 τὸν

328 665 527 737 μεταξὺ
554 660 784 733 οὐρανοῦ
830 660 927 713 κα)⁵
975 660 1081 728 γῆς
1127 659 1287 711 τόπον
1332 658 1579 728 διαϐῆναι
1626 659 1745 711 ὅλον
1783 662 1894 722 τοῖς

322 759 616 830 όᾳθαλμοῖς
668 754 1073 824 ἀδυνατοῦμεν,
1131 753 1228 824 ἤδη
1288 754 1382 805 καὶ
1439 753 1561 804 ὅσον
1620 748 1895 819 δυνάμεθα

318 852 559 921 καθορᾷν
590 845 1039 918 παραιτούμεθα·
1079 844 1219 898 οὕτω
1269 846 1363 897 καὶ
1404 844 1499 896 νῦν
1542 842 1629 895 διὰ
1689 840 1895 912 μικρῶν

325 945 585 1017 ῥημάτων
637 942 738 1011 τὴν
806 939 1088 992 εὐσέϐειαν
1138 936 1624 1008 άποπληρώσωμεν
1653 976 1668 996 ,
1710 935 1787 1005 τῷ
1839 934 1895 987 δὲ

326 1034 600 1105 μεγαλείῳ
636 1032 738 1100 τῆς
789 1031 1005 1098 φύσεως
1062 1032 1499 1100 συγχωρήσωμεν
1552 1028 1695 1097 ἔχειν
1755 1027 1896 1080 κατά

326 1127 526 1188 παντὸς
563 1124 723 1191 λόγου
761 1122 829 1175 τὰ
860 1124 1170 1193 νικητήρια.
1204 1121 1337 1174 Οὐδὲ
1366 1120 1476 1191 γὰρ
1506 1121 1561 1172 at
1594 1119 1702 1171 τῶν
1733 1118 1898 1186 ἀγγέ-

323 1222 431 1272 λων
460 1218 704 1287 γλῶσσαι
744 1215 854 1286 (75)
877 1256 891 1278 ,
924 1215 1126 1276 αἵτινές
1158 1213 1287 1266 ποτέ
1330 1216 1466 1266 εἰσιν
1486 1252 1500 1276 ,
1546 1212 1666 1265 οὐδὲ
1700 1214 1753 1263 αἱ
1786 1210 1896 1263 τῶν

324 1312 704 1383 ἀρχαγγέλων,
742 1308 877 1379 μετὰ
906 1309 1085 1379 πάσης
1110 1307 1242 1377 ὁμοῦ
1276 1306 1373 1376 τῆς
1415 1305 1639 1375 λογικῆς
1682 1305 1895 1374 φύσεως

324 1402 702 1472 συναχθεῖσαι,
740 1400 1031 1452 πολλοστοῦ
1085 1399 1280 1471 μέρους
1317 1398 1601 1467 ἐφικέσθαι
1642 1397 1897 1468 δυνήσον-

319 1512 434 1558 ται,
472 1494 546 1563 μὴ
590 1494 676 1545 ὅτι
726 1491 802 1561 τῷ
844 1493 1005 1545 παντὶ
1058 1490 1256 1553 ἑαυτὰς
1288 1489 1564 1553 ἐξισῶσαι.
1595 1489 1666 1541 Σὺ
1711 1488 1799 1551 δὲ,
1847 1489 1895 1540 εί

325 1584 508 1653 βούλει
542 1583 671 1653 περὶ
698 1582 833 1635 Θεοῦ
867 1582 1045 1649 λέγειν
1078 1599 1129 1634 τι
1161 1582 1193 1653 ἢ
1228 1580 1463 1644 ἀκούειν,
1492 1582 1625 1648 ἄφες
1646 1580 1707 1631 τὸ
1739 1579 1897 1649 σῶμα

322 1676 579 1739 σεαυτοῦ,
618 1676 755 1742 ἄφες
785 1675 881 1737 τὰς
928 1674 1245 1742 σωματικὰς
1276 1673 1574 1743 αἰσθήσεις,
1602 1671 1895 1725 κατάλειπε

320 1768 423 1836 τὴν
456 1766 581 1835 γῆν,
618 1764 910 1817 κατάλειπε
940 1764 1051 1833 (76)
1095 1763 1191 1833 τὴν
1225 1763 1518 1825 θάλασσαν,
1549 1761 1699 1815 κάτω
1734 1779 1895 1814 σεαυ-

322 1858 417 1910 τοῦ
461 1857 687 1926 ποίησον
729 1855 819 1907 τὸν
872 1856 1045 1926 ἀέρα,
1086 1855 1408 1926 παράδραμε
1455 1853 1639 1925 ὧρας,
1690 1852 1897 1924 καιρῶν

322 1950 621 2016 εὐταξίας,
679 1948 778 2010 τάς
828 1948 957 2019 περὶ
1015 1947 1117 2015 γῆν
1165 1947 1565 2016 διακοσμήσεις·
1631 1945 1769 2014 ὑπὲρ
1806 1944 1897 1997 τὸν

320 2044 519 2112 αἰθέρα
552 2040 712 2109 γενοῦ
731 2057 745 2070 ⁸
780 2039 997 2109 διάϐηθι
1024 2040 1151 2101 τοὺς
1177 2039 1433 2110 ἀστέρας,
1456 2038 1524 2090 τὰ
1551 2038 1677 2107 περὶ
1700 2039 1897 2100 αὐτοὺς

321 2135 616 2204 θαύματα,
672 2132 770 2202 τὴν
816 2130 1113 2200 εὐκοσμίαν
1157 2129 1369 2195 αὐτῶν,
1414 2129 1484 2181 τὰ
1521 2128 1755 2199 μεγέθη,
1798 2128 1896 2191 τὰς

322 2227 512 2297 χρείας
545 2226 678 2288 ὅσας
708 2222 1038 2293 παρέχονται
1066 2221 1143 2291 τῷ
1168 2222 1350 2285 παντὶ,
1368 2222 1469 2291 τὴν
1493 2219 1764 2285 εὐταξίαν,
1797 2218 1895 2287 τὴν

322 2316 721 2386 λαμπρότητα,
767 2314 864 2383 τὴν
910 2311 1095 2376 θέσιν,
1143 2313 1239 2382 τὴν
1270 2312 1516 2381 κίνησιν⁹
1561 2311 1707 2373 ὅπως
1760 2309 1896 2378 πρὸς

323 2406 587 2476 ἀλλήλους
626 2404 864 2473 σχέσεως
892 2403 925 2472 ἢ
958 2404 1306 2465 ἀποστάσεως
1337 2402 1536 2471 έχουσι.
1569 2402 1752 2455 Πάντα
1781 2402 1894 2453 δια-

320 2498 423 2559 ϐάς
450 2496 529 2566 τῷ
560 2496 725 2565 λόγῳ,
759 2496 848 2548 τὸν
872 2496 1103 2566 οὐρανὸν
1136 2494 1474 2566 ὑπερκύψας,
1509 2495 1601 2547 καὶ
1639 2494 1894 2564 ὑπεράνω

320 2585 514 2639 τούτου
552 2586 867 2655 γενόμενος,
909 2585 1043 2655 μόνῃ
1083 2584 1289 2655 διανοίᾳ
1320 2584 1644 2654 περίϐλεψαι
1682 2584 1750 2637 τὰ
1782 2587 1897 2637 ἐκεῖ

321 2675 519 2746 κάλλη,
550 2674 812 2744 στρατιὰς
844 2674 1218 2745 ὲπουρανίους,
1238 2676 1595 2745 χοροστασίας
1625 2676 1892 2743 ἀγγέλων,

319 2774 421 2835 τὰς
447 2773 559 2826 τῶν
592 2772 958 2842 ἀρχαγγέλων
987 2771 1325 2833 ἐπιστασίας,
1357 2770 1454 2834 τὰς
1481 2771 1636 2835 δόξας
1664 2772 1771 2824 τῶν
1800 2790 1895 2825 κυ-

325 2863 610 2933 ριατῆτων,
646 2864 744 2925 τὰς
768 2861 1058 2933 προεδρίας
1080 2861 1186 2913 τῶν
1225 2860 1448 2931 θρόνων,
1478 2862 1578 2925 τὰς
1614 2862 1889 2933 δυνάμεις,

319 2954 420 3015 τὰς
440 2953 641 3023 ἀρχὰς,
686 2952 784 3015 τὰς
826 2950 1093 3015 ἐξουσίας.
1127 2951 1446 3021 Διαδραμὼν
1475 2951 1545 3004 τὰ
1583 2952 1889 3021 σύμπαντα,

320 3046 416 3099 καὶ
448 3046 592 3117 ὑπὲρ
622 3046 803 3096 πᾶσαν
816 3044 918 3113 τὴν
941 3043 1117 3096 κτίσιν
1144 3043 1442 3106 ἀνανεύσας
1456 3046 1567 3105 τοῖς
1591 3043 1888 3114 λογισμοῖς,

1994 573 2078 619 est
2112 565 2275 631 Deus,
2310 568 2404 622 sed
2432 576 2697 637 quantum
2725 585 3015 640 possumus
3040 589 3140 628 nos
3170 580 3407 646 assequi.
3446 578 3554 633 Nec

1994 656 2137 709 enim
2178 659 2433 727 quoniam
2468 661 2703 715 medium
2728 662 2871 717 hunc
2890 665 3032 719 inter
3052 666 3246 721 caelum
3275 676 3327 722 et
3353 678 3552 727 terram

1996 751 2173 803 locum
2200 752 2373 806 oculis
2393 760 2562 807 totum
2598 756 2921 812 collustrare
2946 774 3056 814 non
3086 776 3399 830 possumus,
3425 782 3556 821 con-

1996 840 2171 905 tinuo,
2194 849 2340 896 certe
2369 846 2546 913 quoad
2566 846 2685 914 ejus
2720 846 2835 900 ﬁeri
2865 856 3062 917 potest,
3110 852 3427 921 conspicere
3460 870 3556 909 no-

1997 931 2178 987 lumus
2216 951 2228 987 :
2265 933 2345 987 sic
2387 934 2548 987 etiam
2590 950 2737 989 nunc
2768 937 2957 1005 paucis
3004 939 3185 995 verbis
3236 941 3425 1011 pietati
3476 943 3557 997 fa-

1997 1024 2208 1079 ciamus
2243 1025 2398 1089 satis,
2426 1026 2517 1081 sed
2564 1027 2617 1080 in
2647 1035 2761 1081 toto
2793 1045 3040 1085 sermone
3067 1032 3351 1087 victoriam
3382 1035 3562 1105 digni-

1997 1116 2090 1168 tati
2128 1125 2337 1171 natura:
2370 1127 2533 1187 atque
2581 1122 2928 1189 amplitudini
2961 1123 3350 1182 concedamus.
3376 1126 3562 1198 Neque

1994 1209 2139 1262 enim
2180 1210 2376 1278 linguae
2419 1211 2754 1280 angelorum,
2787 1229 3126 1283 quaecunque
3149 1216 3254 1269 illa:
3283 1224 3430 1283 sunt,
3463 1236 3561 1274 ne-

1997 1316 2103 1370 que
2136 1302 2606 1372 archangclorum,
2640 1320 2825 1374 meque
2859 1321 2983 1360 cum
3034 1315 3142 1361 tota
3197 1308 3361 1363 simul
3393 1312 3562 1365 ratio-

1997 1394 2107 1447 nali
2141 1405 2335 1447 natura
2368 1404 2590 1459 coactae,
2615 1396 2678 1450 ad
2714 1398 2989 1451 minimam
3024 1408 3229 1468 partem
3255 1403 3564 1473 pertingere

1996 1494 2274 1558 poterunt,
2310 1489 2505 1542 nedum
2569 1490 2665 1543 toti
2712 1490 3045 1560 explicanda:
3094 1509 3251 1561 pares
3314 1494 3441 1549 sint.
3478 1493 3561 1549 Tu

1996 1596 2126 1636 vero
2158 1581 2204 1634 si
2258 1580 2389 1649 quid
2420 1582 2569 1637 voles
2598 1583 2665 1636 de
2698 1580 2805 1636 Deo
2837 1582 3017 1637 dicere
3039 1624 3052 1648 ,
3090 1594 3181 1639 aut
3229 1586 3450 1655 audire;
3482 1588 3564 1643 di-

1997 1673 2155 1726 mitte
2188 1687 2387 1741 corpus
2415 1679 2590 1739 tuum,
2616 1672 2829 1728 dimitte
2874 1690 3169 1744 corporeos
3217 1693 3434 1743 sensus,
3471 1696 3559 1735 re-

1997 1764 2185 1834 linque
2216 1774 2441 1828 terram,
2485 1766 2733 1835 relinque
2757 1783 2926 1832 mare,
2955 1783 3133 1822 aerem
3156 1770 3295 1823 infra
3327 1772 3562 1841 teipsum

1997 1856 2227 1920 colloca,
2263 1857 2687 1927 praetergrederc
2716 1865 2923 1922 attates,
2955 1865 3259 1928 temporum
3291 1863 3560 1916 constitu-

1997 1955 2083 2002 tos
2105 1948 2351 2011 ordines,
2384 1957 2544 2003 terrae
2584 1958 2903 2005 ornamenta
2937 1970 2949 2005 :
2985 1967 3150 2021 supra
3204 1954 3407 2008 aethera
3458 1956 3563 2009 tol-

1998 2040 2128 2105 lere,
2167 2044 2493 2097 transcende
2528 2044 2737 2106 stellas,
2773 2046 2957 2097 omnia
2992 2061 3333 2115 quarcunque
3376 2048 3432 2102 in
3485 2050 3565 2105 eis

1996 2132 2347 2187 admirationi
2392 2142 2543 2196 sunt,
2579 2149 2766 2187 earum
2799 2147 3075 2200 ornatum,
3110 2138 3562 2208 magnitudinem,

1995 2224 2261 2294 quidquid
2291 2242 2356 2279 ex
2388 2226 2469 2281 eis
2497 2228 2648 2281 orbis
2685 2227 2972 2281 universus
2998 2230 3143 2298 capit
3167 2230 3439 2296 utilitatis,
3474 2248 3563 2287 re-

1995 2322 2144 2368 ctum
2198 2315 2464 2379 ordinem,
2502 2317 2871 2385 splendorem,
2919 2319 3110 2383 situm,
3148 2328 3375 2386 motum,
3423 2336 3562 2391 quo-

1998 2408 2161 2461 modo
2192 2408 2334 2462 inter
2363 2424 2422 2463 se
2452 2409 2875 2478 conjungantur,
2912 2418 3007 2463 aut
3058 2412 3417 2481 sejungantnr
3446 2429 3475 2466 a
3506 2429 3565 2467 se

1996 2497 2249 2552 invicem.
2290 2498 2483 2553 Omnia
2540 2508 2719 2554 mente
2771 2516 2835 2553 ac
2865 2502 3076 2555 ratione
3120 2510 3564 2571 praetergressus,

1994 2587 2341 2642 transvolans
2373 2588 2594 2650 caalum,
2628 2589 2830 2658 illoque
2854 2588 3079 2643 cll'ectus
3109 2591 3394 2653 excelsior,
3416 2593 3566 2661 cogi-

1995 2678 2201 2731 talione
2220 2679 2335 2733 sola
2362 2679 2729 2748 pulcherrima
2752 2696 2979 2750 quaeque
3008 2684 3389 2753 circumspice,
3408 2701 3566 2739 exer-

1994 2764 2138 2818 citus
2169 2766 2443 2829 cmlestes,
2476 2768 2674 2822 choros
2722 2771 3062 2838 angelorum,
3114 2772 3565 2844 archangelorum

1994 2854 2287 2924 dignitates
2314 2898 2328 2923 ,
2377 2859 2605 2928 gloriam
2637 2860 3094 2928 dominationum,
3129 2864 3449 2920 thronorum
3482 2883 3570 2922 se-

1994 2945 2111 3011 des,
2148 2948 2400 3015 virtutes,
2436 2950 2798 3020 principatus,
2826 2961 3145 3022 potestates.
3178 2954 3570 3014 Praetermissis

1993 3040 2272 3103 omnibus,
2309 3052 2622 3112 emergente
2664 3044 2877 3099 ratione
2902 3062 3066 3115 supra
3102 3063 3316 3103 omnem
3350 3058 3567 3104 creatu-

319 3140 416 3193 καὶ
448 3137 710 3191 ἐπέκεινα
734 3136 844 3205 (77)
876 3135 1080 3188 τούτων
1103 3135 1190 3189 τὸν
1211 3135 1334 3190 νοῦν
1367 3134 1672 3204 ἀνυψώσας,
1703 3136 1886 3205 ἐννόη-

1996 3146 2133 3194 ram,
2173 3139 2352 3187 mente
2380 3133 2521 3187 ultra
2554 3134 2668 3189 Ι]ωο
2689 3144 2895 3200 erecta,
2924 3140 3297 3208 contemplare
3325 3141 3564 3195 divinam

322 3244 415 3282 ων
452 3226 556 3297 τὴν
584 3226 735 3280 θείαν
762 3225 921 3295 φύσιν
942 3242 956 3256 ·
996 3224 1257 3293 ἑστῶσαν,
1292 3226 1578 3297 ἄτρεπτον,
1600 3227 1890 3280 ἀναλλοίω-

319 3334 447 3382 τον,
482 3317 673 3387 ἀπαθῆ
696 3358 709 3378 ,
745 3316 957 3386 ἁπλῆν,
1008 3316 1326 3381 ἀσύνθετον,
1387 3318 1691 3389 ἀδιαίρετον
1715 3359 1729 3383 ,
1777 3320 1891 3388 φῶς

322 3409 621 3479 ἀπρόσιτον
656 3409 789 3479 (78),
822 3409 1051 3478 δύναμιν
1089 3410 1312 3477 ἄφατον,
1347 3410 1576 3480 μέγεθος
1612 3411 1894 3482 ἀπεριόρι-

323 3520 471 3565 στον,
509 3502 669 3566 δόξαν
717 3501 1311 3572 ὑπεραστράπτουσαν,
1356 3501 1663 3571 ἀγαθότητα
1706 3502 1894 3555 ἐπιθυ-

327 3597 531 3666 μητὴν,
563 3596 760 3658 κάλλος
800 3597 1111 3666 ἀμήχανον,
1148 3594 1390 3665 σφοδρῶς
1431 3595 1527 3665 μὲν
1558 3595 1655 3665 τῆς
1694 3610 1897 3663 τετρω-

326 3688 500 3758 μένης
528 3687 705 3757 ψυχῆς
735 3687 1163 3758 καθαπτόμενον,
1190 3685 1331 3756 λόγῳ
1352 3685 1409 3738 δὲ
1434 3684 1734 3756 δηλωθῆναι
1760 3684 1898 3755 πρὸς

323 3783 487 3848 ἀξίαν
520 3781 804 3835 ἀδύνατον.

398 4068 453 4122 2.
495 4068 648 4121 Ἐκεῖ
699 4068 888 4140 Πατὴρ
918 4069 1013 4123 καὶ
1047 4070 1173 4133 Υίὸς
1222 4072 1315 4125 καὶ
1368 4070 1521 4139 ἅγιον
1569 4071 1814 4143 Πνεῦμα,
1864 4073 1899 4142 ἡ

1994 3231 2245 3277 naturam
2272 3242 2284 3277 :
2320 3232 2579 3290 stantem,
2610 3227 3026 3294 immutabilem,
3060 3232 3340 3287 varietatis
3370 3247 3567 3301 exper-

1994 3322 2121 3374 tem,
2156 3311 2502 3368 aﬂ‘ectionum
2539 3330 2788 3380 vacuam,
2822 3317 3149 3386 simplicem,
3187 3321 3569 3389 compositioni

1994 3404 2133 3457 nulli
2163 3404 2477 3469 obnoxiam,
2502 3406 2911 3472 indivisibilem,
2933 3410 3108 3463 lucem
3139 3410 3477 3467 inaccessam
3497 3412 3563 3473 ⁵³,

1994 3494 2290 3562 potentiam
2315 3495 2665 3561 ineﬂ‘abilem,
2694 3498 3123 3568 magnitudinem
3159 3500 3361 3557 finibus
3398 3503 3565 3555 nullis

1996 3586 2491 3657 circumscriptam,
2515 3589 2743 3657 gloriam
2764 3592 3244 3657 supermicantem,
3267 3594 3565 3649 bonitatem

1996 3676 2447 3741 desiderabilem,
2503 3679 2964 3747 pulchritudinem
3031 3682 3400 3753 singularem,
3458 3702 3565 3754 qua

1998 3770 2217 3839 quidem
2281 3770 2498 3827 animus
2549 3772 2830 3828 sauciatus
2894 3774 3241 3830 vehementer
3301 3779 3563 3846 percella-

2000 3870 2109 3927 tur,
2158 3863 2253 3917 sed
2312 3877 2432 3932 quae
2480 3878 2579 3934 pro
2629 3863 2894 3934 dignitate
2922 3866 3103 3920 verbis
3150 3868 3410 3938 explicari
3456 3886 3565 3925 non

1998 3955 2194 4025 possit.

2068 4063 2122 4116 2.
2160 4063 2273 4117 Illic
2303 4062 2468 4119 Pater
2507 4073 2560 4119 et
2615 4064 2789 4121 Filius
2828 4074 2882 4121 et
2927 4066 3166 4138 Spiritus
3198 4080 3443 4134 sanctus,
3487 4072 3572 4125 in-

329 4162 586 4223 ἀκτιστος
616 4161 812 4229 φύσις,
850 4162 913 4216 τὸ
962 4162 1280 4217 δεσποτικὸν
1317 4162 1564 4234 ἀξίωμα,
1612 4165 1645 4233 ἡ
1698 4163 1897 4233 φυσικὴ

2002 4164 2183 4211 creata
2226 4163 2441 4219 natura,
2481 4155 2761 4211 Dominica
2796 4160 3074 4227 majestas,
3110 4162 3378 4217 naturalis
3412 4162 3572 4217 boni-

328 4253 627 4321 ἀγαθότης.
673 4254 894 4325 Πατήρο
938 4257 971 4325 ἠ
1022 4254 1239 4308 πάντων
1286 4255 1459 4326 ἀρχὴ,
1513 4256 1546 4324 ἡ
1604 4255 1750 4308 αίτία
1806 4253 1897 4306 τοῦ

2003 4258 2107 4303 tas.
2148 4246 2309 4304 Pater
2338 4251 2582 4304 omnium
2632 4251 2979 4320 principium.
3018 4267 3206 4306 eorum
3260 4270 3381 4323 quae
3430 4257 3573 4311 exsi-

329 4340 473 4395 εἷναι
508 4346 623 4405 τοῖς
661 4338 885 4415 οὗσιν,ἠ
914 4345 1039 4415 ῥίζα
1066 4344 1173 4398 τῶν
1202 4343 1441 4410 ζώντων.
1464 4346 1627 4399 Ὅθεν
1664 4344 1897 4416 προῆλθε

2004 4348 2157 4396 stunt
2186 4356 2371 4405 causa,
2432 4343 2587 4397 radix
2635 4344 2957 4398 viventium.
3000 4342 3156 4400 Unde
3195 4348 3397 4416 prodiit
3451 4350 3573 4402 vita:

326 4436 361 4503 ἡ
401 4434 554 4503 πηγὴ
583 4434 686 4503 τῆς
732 4433 895 4504 ζωῆς,
932 4437 964 4506 ἡ
1007 4438 1186 4506 σοφία,
1236 4438 1269 4508 ὴ
1314 4438 1561 4506 δύναμις,
1605 4438 1637 4505 ἠ
1680 4436 1897 4506 είκὼνή

2005 4434 2149 4498 fons,
2176 4435 2465 4504 sapientia,
2494 4437 2690 4499 virtus,
2741 4435 2836 4491 Dei
2882 4438 3174 4495 invisibilis
3219 4440 3272 4493 in
3316 4442 3572 4495 omnibus

329 4524 755 4594 ἀπαράλλακτος
790 4526 883 4579 τοῦ
930 4528 1162 4598 ἀοράτου
1188 4527 1363 4591 Θεοῦ,
1398 4529 1426 4579 ὁ
1467 4530 1532 4582 ὲκ
1558 4527 1651 4581 τοῦ
1690 4528 1897 4598 Πατρὸς

2008 4527 2281 4581 simillima
2312 4528 2490 4597 imago
2518 4526 2586 4591 δ’,
2616 4527 2786 4582 Filius
2813 4545 2880 4582 ex
2911 4529 3071 4585 Patre
3120 4532 3354 4600 genitus,
3385 4531 3573 4585 vivens

329 4614 613 4685 γεννηθεὶς
645 4615 795 4679 Υἱὸς,
822 4620 849 4671 ὁ
878 4618 983 4682 ζῶν
1019 4619 1209 4685 Λόγος.
1249 4621 1277 4671 ὁ
1326 4620 1458 4683 Θεὸς
1504 4619 1600 4686 ὢν,
1637 4619 1730 4673 καὶ
1768 4620 1897 4691 πρὸς

2009 4617 2269 4682 Verbum,
2302 4617 2445 4674 Deus
2494 4621 2767 4676 exsistens
2788 4663 2802 4687 ,
2833 4629 2888 4676 et
2936 4623 3209 4678 exsistens
3242 4624 3396 4693 132
3430 4625 3570 4693 apud

327 4701 419 4754 τὸν
440 4703 577 4755 Θεὸν
611 4702 686 4756 ὢν
706 4721 718 4733 ·
750 4703 845 4770 ὢν,
872 4707 993 4776 οὐχὶ
1027 4708 1454 4778 προσγενόμενος
1476 4710 1586 4779 (79)
1603 4726 1617 4739 '
1640 4710 1897 4781 ὑπάρχων

2008 4706 2175 4763 Deum
2208 4710 2301 4765 ⁸ος
2353 4711 2662 4775 exsistens,
2724 4728 2834 4766 non
2890 4713 3264 4769 adventitius:
3302 4716 3573 4769 exsistens

332 4795 439 4864 πρὸ
470 4795 580 4847 τῶν
612 4795 844 4860 αἰώνων,
902 4799 1019 4867 οὐχὶ
1051 4800 1413 4871 προσκτηθεὶς
1458 4800 1716 4872 ὕστερον·
1751 4802 1897 4865 Υἱὸς,

2008 4808 2134 4856 ante
2181 4801 2414 4866 sarcula,
2448 4817 2557 4856 non
2606 4809 2793 4871 postea
2842 4803 3183 4874 acquisitus;
3232 4802 3421 4870 Filius,
3460 4820 3573 4859 non

330 4886 450 4953 οὐχὶ
517 4883 737 4954 κτῆμα·
810 4888 1071 4958 ποιητὴς,
1134 4889 1252 4959 οὐχὶ
1328 4890 1579 4959 ποίημα·
1643 4891 1895 4961 κτίστης,

2008 4894 2318 4962 possessio;
2341 4893 2545 4963 opifex,
2567 4910 2675 4949 non
2688 4894 2963 4966 opilicium
2990 4913 3005 4963 ;
3028 4902 3264 4959 creator,
3293 4910 3401 4949 non
3422 4910 3573 4951 crea-

402 5059 447 5090 ⁸⁸
488 5058 506 5111 l
542 5060 685 5114 Tim.
718 5076 800 5126 νι,
840 5061 925 5117 l6.
1000 5061 1046 5096 ⁸⁹
1084 5060 1298 5121 Coloss.
1333 5080 1381 5131 ι,
1418 5066 1505 5121 15.
1582 5069 1627 5099 ⁸ο
1664 5066 1821 5123 Joan.
1860 5083 1912 5135 ι,
1945 5069 2003 5124 2.

428 5236 517 5315 74)
546 5236 1035 5315 Veteresaliquot
1079 5241 1209 5296 libri
1257 5243 1469 5315 ἀνάγκη
1525 5244 1724 5313 λέγειν.
1778 5243 1897 5298 Mox

2009 5242 2279 5315 fitiosum
2312 5251 2491 5315 autem
2529 5244 2592 5315 id
2636 5260 2758 5299 esse
2795 5258 2919 5315 cum
2951 5243 3202 5315 viderent
3256 5246 3575 5315 typographi

329 5306 719 5383 Colbitertius
751 5312 851 5383 οὐχ
882 5306 1027 5383 ὅσον.
1095 5380 1121 5383 Α
1373 5306 1384 5312 ’
1456 5306 1469 5315 ’
1598 5306 1609 5313 ⁷
2009 5312 2369 5383 Parisienses,
2406 5314 2497 5381 qui
2529 5312 2697 5383 Regio
2728 5314 2902 5382 primo
2937 5314 3128 5368 codice
3153 5306 3577 5378 utebantur,'de

537 5380 691 5455 Golb.
720 5378 933 5455 priinus
968 5380 1214 5455 ἀγγέλων
1242 5384 1435 5455 φωναί.
1545 5452 1554 5455 _
1858 5453 1864 5455 Α

2010 5398 2131 5444 suo,
2158 5382 2373 5455 Opinor,
2407 5378 2480 5455 ita
2503 5378 2875 5455 gemendarunt
2917 5401 2947 5455 :7
2970 5384 3083 5455 φῷς
3112 5384 3363 5437 οἰκοῦσαν
3408 5387 3577 5455 ἀπρό-

425 5448 785 5524 76)_A_ntiqui
832 5458 955 5524 tres
996 5451 1123 5504 libri
1171 5448 1459 5524 κατάλειπε
1505 5452 1691 5524 τὴν....
1738 5453 1897 5507 κατά-

2010 5469 2174 5524 σιτον.
2195 5448 2263 5524 At
2298 5452 2351 5505 in
2387 5453 2625 5524 editione
2656 5453 2820 5506 Basil.
2851 5459 2907 5504 et
2937 5448 2993 5506 in
3020 5452 3207 5523 Regiis
3253 5448 3501 5508 secundo
3526 5466 3577 5507 et

330 5519 503 5595 largi.
530 5519 680 5595 [diti
708 5519 1047 5595 meditare...
1082 5522 1404 5595 κατάλιπεη
1517 5592 1525 5595 _
1808 5594 1811 5595 ν

2012 5522 2191 5595 tertio,
2221 5522 2383 5595 inque
2429 5520 2584 5595 Colb.
2618 5524 2778 5577 tertio
2807 5524 2989 5578 verius
3016 5533 3070 5577 et
3098 5519 3401 5595 simplicius
3441 5526 3579 5579 scri-

403 5588 522 5713 (77c)l
546 5589 684 5713 Εάὲῑί
712 5591 810 5646 καὶ
841 5592 911 5645 τὰ
935 5590 1212 5646 ἐπέκεινα.
1239 5590 1441 5648 Vocula
1470 5592 1537 5646 τά
1564 5594 1618 5648 in
1652 5594 1905 5649 omnibus

403 5674 463 5712 ts.
526 5675 615 5713 ces
646 5703 659 5713 .

332 5672 463 5712 mss.
490 5670 659 5717 (10881,

404 5726 513 5801 (78)
553 5730 685 5804 Reg.
719 5732 936 5801 primus
970 5739 1025 5788 et
1068 5718 1177 5786 duo
1215 5731 1514 5790 Colbertini
1548 5736 1659 5800 φῶς
1719 5734 1899 5791 οἰκῶν.

2012 5591 2161 5646 bitur
2200 5590 2316 5658 φῶς
2346 5592 2655 5661 ἀπρόσιτον.

2084 5661 2197 5731 (79)
2221 5662 2376 5733 Colb.
2410 5662 2616 5733 primus
2644 5662 3058 5733 προγενόμενος,
3078 5664 3221 5720 haud
3254 5672 3415 5719 recte.
3452 5661 3571 5718 Mox

2014 5747 2155 5787 unus
2188 5747 2289 5785 ms.
2328 5732 2444 5800 οὐχὶ
2479 5730 2531 5783 δὲ
2574 5730 2790 5802 κτίσμα.
