4036 6236
439 333 546 392 467

1743 329 1801 386 S.
1843 329 1925 384 BA
1935 329 2086 386 SlLll
2120 329 2329 388 MAGNI

3583 328 3686 386 ⁸68

440 456 565 502 tura
592 465 608 501 :
653 444 837 502 omnia
867 442 1167 508 essistens,
1216 457 1558 515 quacunque
1591 450 1677 498 est
1705 440 1893 508 Pater,
1922 441 2012 496 Fi-

2120 443 2234 514 οὐχὶ
2277 441 2512 514 κτίσμαο
2545 444 2720 498 πάντα
2771 441 2848 496 ὣν
2890 442 2990 496 ὅσα
3026 442 3174 498 ἐστὶν
3209 441 3239 494 ὁ
3275 441 3495 513 Πατήρ·
3536 442 3684 509 Υἱὸς,

439 539 569 602 lius,
597 537 849 606 inquam,
881 542 936 590 et
965 531 1149 590 Pater.
1183 532 1422 589 Observa
1455 535 1589 588 mihi
1619 535 1720 589 has
1757 535 2010 604 proprie-

439 631 603 683 tates.
649 622 873 679 Manens
919 624 1087 695 igitur
1116 623 1171 678 in
1211 638 1278 678 eo
1307 625 1450 694 quod
1476 634 1562 679 est
1597 622 1794 691 Filius,
1826 625 2008 679 omnia

440 725 526 772 est
551 715 735 778 Pater.
787 715 1086 770 secundum
1119 713 1296 784 ipsius
1337 713 1553 770 Domini
1575 728 1791 779 vocem,
1823 714 2012 769 dicen-

441 812 556 867 tis:
597 809 791 865 Omnia
821 825 1144 880 quaecunque
1191 810 1344 863 habet
1393 810 1578 876 Pater,
1631 829 1748 866 mea
1794 819 1918 865 sunt
1941 811 2008 867 “.

441 898 652 956 Revera
679 898 824 954 enim
855 900 1042 952 omnia
1086 913 1206 968 quae
1252 899 1547 971 archetypo
1594 901 1893 971 exemplari
1921 900 2013 954 ad-

442 997 591 1052 sunt,
620 987 874 1056 imaginis
902 997 1052 1043 sunt.
1086 987 1326 1042 Vidimus
1355 989 1524 1053 enim,
1559 989 1738 1060 inquit
1777 1006 2010 1060 evange-

442 1082 587 1141 lista,
636 1077 861 1150 gloriam
889 1078 1025 1148 ejus,
1069 1079 1294 1149 gloriam
1330 1082 1484 1150 quasi
1531 1080 1791 1152 Unigeniti
1828 1099 1862 1136 a
1900 1082 2010 1137 Pa-

442 1183 524 1225 tre
542 1170 587 1202 "
610 1170 744 1224 :hoc
775 1177 878 1238 est,
913 1185 1022 1224 non
1053 1185 1119 1224 ex
1147 1171 1290 1225 dono
1320 1180 1374 1226 et
1400 1187 1625 1228 munere
1654 1173 1779 1227 data
1805 1174 1852 1228 ei
1884 1182 2013 1230 sunt

443 1261 728 1326 miracula,
765 1261 862 1316 sed
889 1278 955 1317 ex
1006 1271 1212 1317 naturae
1238 1267 1620 1321 communione
1640 1264 1811 1322 Filius
1848 1266 2012 1322 habet

439 1362 681 1424 paternae
701 1351 1004 1408 divinitatis
1027 1353 1386 1423 majestatem.
1404 1353 1538 1410 Nam
1561 1356 1832 1428 accipere,
1861 1373 2014 1412 com-

440 1459 604 1500 mune
647 1455 731 1500 est
775 1453 830 1500 et
867 1454 1132 1501 creatura:
1163 1465 1176 1500 :
1211 1445 1414 1502 habere
1459 1455 1639 1504 autem
1673 1464 1740 1503 ex
1792 1458 2010 1518 natura,

441 1538 722 1607 pr0prium
782 1549 866 1593 est
893 1538 1081 1608 geniti.
1113 1536 1302 1610 itaque
1347 1547 1406 1594 ut
1454 1538 1648 1603 Filius,
1689 1544 2014 1600 naturaliter

439 1627 686 1698 possidet
714 1644 838 1698 quze
866 1641 995 1684 sunt
1020 1628 1198 1686 Patris
1233 1649 1246 1684 :
1284 1639 1345 1686 ut
1374 1631 1724 1703 Unigenitus,
1750 1635 2012 1690 omniain

439 1721 622 1790 seipso
669 1721 1119 1790 comprehcndit,
1175 1738 1300 1777 cum
1350 1724 1484 1778 nihil
1537 1725 1835 1795 quidquam
1883 1741 2008 1782 cum

2113 531 2294 600 εἷπον,
2340 536 2432 590 καὶ
2480 536 2670 608 Πατήρ
2709 535 2850 605 (80).
2891 535 3137 589 Φύλασσέ
3183 552 3273 605 μοι
3333 533 3536 599 ταύτας
3587 533 3687 598 τὰς

2116 627 2402 698 ίδιότητας.
2433 626 2628 682 Μένων
2657 624 2769 696 (81)
2803 620 2896 678 οὖν
2936 627 2994 678 ὲν
3026 622 3104 693 τῷ
3137 619 3275 676 εἶναι
3307 623 3454 687 Υἱὸς,
3505 621 3686 676 πάντα

2113 717 2260 769 ἐστὶν
2285 717 2386 770 ὅσα
2421 715 2568 769 ἐστὶν
2600 717 2629 769 ό
2655 713 2864 786 Πατὴρ,
2887 713 3028 768 κατὰ
3052 713 3148 784 τὴν
3174 712 3358 785 φωνὴν
3393 711 3560 767 αὑτοῦ
3592 709 3687 766 τοῦ

2112 807 2320 880 Κυρίου
2362 808 2636 870 είπόντοςο
2677 805 2879 860 Πάντα
2911 805 3029 859 ὅσα
3079 805 3204 873 ἔχει
3237 808 3270 859 ό
3319 803 3543 873 Πατὴρ,
3575 801 3688 873 ἐμά

2112 898 2260 952 ἐστι.
2284 898 2374 970 Τῷ
2391 899 2513 952 ὖντι
2537 897 2646 970 γὰρ
2670 897 2772 968 τῆς
2801 897 3007 962 εἰκόνος
3029 897 3146 950 ἐστὶ
3170 897 3366 962 πάντα,
3394 897 3494 950 ὅσα
3516 897 3688 968 πρόσ-

2113 1006 2229 1042 εστι
2302 991 2369 1060 τῇ
2424 987 2763 1060 πρωτοτύπφ
2811 989 3015 1058 μορφῇ.
3079 986 3482 1056 Ἐ’θεασὰμεθα
3539 985 3686 1058 γὰρ,

2115 1080 2280 1151 φησιν
2311 1083 2340 1134 ὁ
2365 1078 2774 1150 εὐαγγελιστὴς,
2806 1077 2922 1146 τὴν
2958 1076 3146 1141 δόξαν
3167 1077 3373 1141 αὑτοῦ,
3396 1077 3585 1140 δόξαν
3607 1077 3691 1142 ὡς

2113 1171 2491 1241 Μονογενοῦς
2523 1169 2683 1238 παρὰ
2713 1168 2972 1236 Πατρός’
3006 1166 3306 1230 τουτέστιν,
3341 1167 3442 1220 οὐκ
3473 1167 3540 1220 ὲκ
3587 1167 3691 1221 δω-

2119 1263 2248 1334 ρεᾶς
2265 1263 2357 1316 xa‘t
2381 1262 2600 1332 χάριτος
2624 1258 2885 1314 δοθέντων
2913 1257 3062 1329 αὐτῷ
3089 1258 3199 1312 τῶν
3229 1258 3544 1330 θαυμάτων,
3570 1259 3689 1313 ἀλλ’

2116 1359 2180 1408 ὲκ
2209 1355 2310 1424 τῆς
2341 1354 2482 1408 κατὰ
2521 1353 2685 1422 φύσιν
2715 1351 3003 1416 κοινωνίας
3054 1351 3270 1421 ἔχοντος
3295 1352 3389 1406 τοῦ
3421 1351 3552 1406 Υίοῦ
3591 1352 3691 1424 τῆς

2116 1445 2391 1518 πατρικῆς
2420 1445 2673 1516 θεότητος
2715 1446 2776 1500 τὸ
2809 1445 3046 1516 ἀξίωμα.
3083 1447 3158 1499 Τὸ
3204 1445 3302 1515 μὲν
3349 1444 3457 1517 γὰρ
3504 1443 3691 1500 λαϐεῖν

2117 1539 2292 1591 κοινὸν
2323 1537 2416 1590 καὶ
2460 1538 2596 1608 πρὸς
2630 1538 2730 1607 τὴν
2769 1538 2979 1592 κτίσιν·
3012 1538 3073 1591 τὸ
3124 1536 3180 1590 δὲ
3213 1535 3358 1607 ἔχειν
3389 1536 3453 1590 ὲκ
3475 1534 3690 1604 φύσεως

2119 1627 2248 1680 ῐδιον
2271 1625 2364 1680 τοῦ
2418 1626 2794 1696 γεννηθέντος.
2839 1629 2927 1693 Ὦς
2970 1629 3069 1700 μὲν
3116 1623 3209 1683 οὖν
3263 1627 3412 1692 Υἱὸς,
3443 1627 3691 1696 φυσικῶς

2118 1720 2379 1792 κέκτηται
2403 1720 2473 1774 τὰ
2502 1720 2596 1774 τοῦ
2618 1721 2831 1792 Πατρός
2848 1739 2863 1752 ·
2898 1721 2973 1786 ὡς
3000 1721 3057 1774 δὲ
3088 1720 3419 1790 Μονογενὴς,
3453 1719 3551 1774 ὅλα
3575 1719 3689 1790 ἔχει

439 1810 616 1865 altero
649 1809 943 1866 dividatur.
995 1810 1073 1866 Ex
1100 1813 1218 1883 ipsa
1253 1813 1420 1885 igitur
1470 1813 1594 1871 Filii
1645 1817 2012 1888 appellatione

2120 1813 2171 1864 ὲν
2198 1809 2698 1881 ἑαυτῷ-συλλαϐὼν
2717 1850 2731 1876 ,
2761 1811 2970 1877 οὐδενὸς
3015 1811 3518 1882 καταμεριζομένου
3553 1809 3691 1882 πρὸς

440 1902 705 1960 discimus
738 1914 946 1960 natura:
974 1920 1097 1961 esse
1141 1917 1476 1975 consortem,
1509 1925 1618 1965 non
1649 1911 1807 1981 jussu
1855 1926 2012 1966 crea-

438 2006 578 2062 tum,
611 1995 706 2051 sed
740 1998 860 2052 sine
907 1997 1017 2050 ullo
1056 1997 1344 2055 intervallo
1389 2017 1454 2056 ex
1488 2003 1796 2058 substantia
1832 2004 2014 2074 splen-

439 2087 680 2154 dentem,
718 2088 837 2143 sine
869 2089 982 2143 ullo
1012 2091 1274 2161 temporis
1305 2094 1482 2162 spatio
1524 2107 1649 2148 cum
1689 2094 1848 2148 Patre
1877 2109 2010 2148 con-

433 2180 710 2248 junctum,
740 2181 1006 2250 aequalem
1056 2181 1113 2236 in
1160 2182 1425 2248 bonitate,
1461 2185 1725 2255 aequalem
1764 2187 1822 2240 in
1862 2196 2014 2257 pote-

438 2280 599 2335 state,
634 2283 946 2327 consortem
993 2273 1318 2342 majestatis.
1348 2273 1563 2346 Ecquid
1593 2276 1760 2341 enim,
1793 2275 1902 2331 nisi
1933 2276 2012 2331 εἰς

437 2360 626 2431 gillum
655 2369 708 2416 et
738 2363 943 2432 imago,
981 2364 1281 2419 ostendens
1332 2365 1385 2418 iu
1435 2380 1495 2421 se
1533 2365 1752 2420 Patrem
1799 2367 2015 2420 totum?

437 2452 789 2524 Quaecunque
810 2461 992 2510 autem
1018 2464 1226 2524 postea,
1260 2455 1545 2510 hominum
1565 2456 1898 2527 dispensans
1925 2472 2016 2514 sa-

437 2545 624 2609 lutem,
657 2561 821 2616 quam
852 2546 1012 2600 nobis
1028 2560 1124 2616 per
1157 2561 1377 2602 carnem
1416 2549 1751 2618 conspicuus
1784 2548 2013 2604 effectus

365 2702 385 2725 ν
437 2636 706 2700 exhibuit,
737 2637 811 2689 ita
842 2637 940 2690 tibi
973 2653 1038 2691 ex
1087 2639 1337 2706 corporis
1392 2639 1784 2695 constitutione
1813 2641 2016 2696 edisse-

435 2731 526 2791 rit,
553 2735 612 2782 ut
645 2727 792 2782 dicat
814 2728 1042 2783 missum
1063 2744 1122 2784 se
1143 2744 1293 2792 esse,
1325 2737 1380 2784 et
1403 2731 1542 2785 nihil
1567 2745 1595 2784 a
1625 2733 1808 2801 seipso
1835 2732 2015 2788 facere

438 2834 621 2892 posse,
649 2828 704 2874 et
733 2820 1015 2889 accepisse
1063 2835 1124 2876 se
1166 2820 1487 2876 mandatum
1514 2829 1570 2878 et
1598 2822 1706 2876 alia
1738 2823 1790 2876 id
1817 2839 2010 2894 genus,

440 2927 508 2966 ne
547 2911 716 2965 ullam
751 2910 850 2964 tibi
876 2912 1222 2967 occasionem
1267 2913 1543 2982 praebeant
1573 2913 1643 2968 ad
1683 2914 2012 2970 imminuen-

437 3004 565 3060 dam
616 3002 897 3073 Unigeniti
946 3004 1307 3058 divinitatem.
1349 3002 1487 3062 Nam
1535 3004 1758 3062 humilis
1803 3007 1893 3062 ille
1945 3006 2014 3061 ad

439 3104 590 3148 tuam
642 3091 1017 3149 inﬁrmitatem
1070 3109 1362 3161 accessus,
1399 3095 1721 3166 dignitatem
1771 3098 2014 3168 potentis
2041 3133 2083 3190 Ο

440 3186 684 3242 minuere
700 3201 811 3240 non
841 3185 1032 3242 debet:
1053 3186 1148 3242 sed
1171 3194 1422 3242 naturam
1447 3188 1687 3260 intellige
1707 3203 2016 3261 congruen-

440 3289 526 3335 ter
566 3275 676 3332 Deo
704 3279 1226 3349 convenienterque,
1255 3279 1420 3334 verba
1460 3295 1590 3335 vero
1622 3280 1920 3336 humiliora
1949 3281 2019 3336 de

439 3369 818 3424 incarnatione
863 3371 1072 3441 accipe.
1129 3369 1206 3426 De
1249 3371 1449 3440 quibus
1491 3372 1539 3428 si
1577 3373 1842 3429 vellemus
1871 3389 2019 3430 nunc

439 3467 694 3516 accurate
722 3468 981 3524 tractare,
1013 3462 1219 3518 incauti
1255 3479 1320 3519 ac
1351 3464 1726 3534 imprudentes
1765 3466 2016 3530 multam,

439 3555 550 3609 imo
578 3553 844 3609 inﬁnitam
869 3554 1159 3609 verborum
1177 3555 1391 3627 copiam
1419 3555 1488 3610 ad
1511 3563 1824 3626 susceptum
1853 3571 2018 3628 argu-

440 3655 681 3700 mentum
709 3660 1113 3716 aggereremus.

512 3735 568 3792 5.
603 3735 710 3793 Sed
751 3737 820 3793 ad
861 3738 1202 3808 propositum
1245 3745 1612 3794 revertamur.
1650 3737 1803 3794 Mens
1839 3754 1961 3810 qua:
1987 3754 2017 3793 a

440 3829 678 3886 terrenis
703 3827 1086 3885 aﬂectionibus
1099 3845 1239 3899 pura
1260 3844 1385 3886 esse
1404 3831 1665 3901 potuerit,
1693 3847 2018 3903 omnemque

440 3918 837 3990 iutelligibilem
867 3928 1179 3975 creaturam
1217 3921 1550 3992 relinquere.
1573 3931 1628 3978 et
1661 3925 1822 3992 quasi
1850 3923 2017 3995 piscis

441 4013 641 4082 aliquis
670 4028 701 4068 e
744 4011 1018 4084 profundo
1077 4011 1143 4068 ad
1192 4027 1462 4069 summam
1494 4015 1840 4085 superficiem
1883 4030 2016 4070 cna-

439 4111 582 4168 tare,
610 4104 722 4174 jam
754 4104 810 4159 in
837 4105 1134 4160 creationis
1169 4104 1409 4175 puritate
1441 4110 1760 4171 constituta,
1794 4107 1905 4160 illic
1935 4107 2018 4160 vi-

440 4192 591 4250 debit
620 4195 882 4266 Spiritum
915 4203 1191 4259 sanctum,
1225 4196 1319 4252 ubi
1353 4195 1527 4252 Filius
1563 4204 1669 4262 est,
1701 4205 1756 4252 et
1785 4197 1880 4253 ubi
1911 4197 2016 4252 Pa-

439 4289 526 4337 ter
559 4301 572 4337 :
613 4283 707 4354 qui
755 4293 808 4339 et
865 4285 986 4356 ipse
1013 4285 1197 4340 omnia
1226 4287 1664 4343 coessentialiter
1711 4287 2014 4343 secundum

440 4382 691 4430 naturam
714 4374 899 4440 habet,
931 4376 1252 4443 bonitatem,
1280 4379 1687 4444 rectitudinem,
1716 4379 2015 4434 sanctimo-

2112 1899 2320 1972 ἓτερον.
2358 1900 2448 1968 Ἐξ
2475 1901 2645 1973 αὐτῆς
2673 1901 2852 1955 τοίνυν
2889 1902 2989 1972 τῆς
3016 1899 3150 1954 Υἱοῦ
3175 1900 3286 1972 (82)
3314 1901 3690 1972 προσηγορίας

2112 1991 2495 2064 διδασκόμεθα,
2509 1994 2592 2046 ὃτι
2611 1994 2711 2064 τῆς
2743 1992 2957 2063 φύσεώς
2977 1996 3094 2048 ἐστι
3120 1993 3374 2057 κοινωνός
3391 2010 3404 2023 ο
3429 1993 3488 2045 οὐ
3522 2009 3693 2065 προσ-

2113 2084 2353 2156 τάγματι
2390 2083 2661 2150 κτισθεὶς,
2713 2084 2827 2138 ἀλλ’
2882 2086 2946 2138 ὲκ
3009 2088 3110 2156 τῆς
3163 2085 3349 2148 οὐσίας
3404 2084 3693 2156 ἐκλάμψας

2114 2176 2470 2252 ἀδιαστάτως,
2498 2177 2746 2248 ἀχρόνως
2796 2175 2875 2247 τῷ
2925 2176 3100 2248 Πατρὶ
3144 2176 3519 2248 συνημμένος,
3577 2175 3691 2240 ίσος

2115 2270 2173 2322 ὲν
2202 2267 2519 2339 ἁγαθότητι,
2552 2269 2665 2332 ἴσος
2703 2269 2761 2321 ὲν
2791 2267 3038 2339 δυνάμει,
3079 2268 3335 2332 κοινωνὸς
3365 2269 3487 2338 τῆς.
3507 2268 3691 2339 δόξης.

2115 2361 2225 2413 Καὶ
2245 2361 2297 2412 τί
2324 2360 2452 2433 γὰρ,
2479 2360 2594 2413 ἀλλ’
2618 2360 2651 2432 ἢ
2685 2361 2921 2433 σφραγὶς
2952 2361 3046 2415 καὶ
3070 2360 3255 2425 εἰκὼν,
3277 2361 3396 2415 ὅλον
3426 2363 3484 2415 ὲν
3514 2363 3694 2433 ἑαυτῷ

2112 2451 2328 2515 δεικνὺς
2357 2452 2448 2504 τὸν
2493 2451 2914 2525 Πατέρα;”οσα
2966 2452 3023 2505 δέ
3079 2470 3160 2506 σοι
3193 2454 3333 2524 μετὰ
3364 2453 3540 2509 ταῦτα
3584 2454 3696 2508 άπὸ

2113 2543 2215 2613 τῆς
2261 2545 2579 2615 σωματικῆς
2629 2545 2974 2614 κατασκευῆς
3032 2543 3340 2613 διαλέγεται
3390 2544 3502 2616 (85)
3528 2583 3544 2608 ,
3591 2545 3696 2617 τὴν

2114 2634 2222 2688 τῶν
2253 2634 2552 2706 ἀνθρώπων
2595 2635 2868 2707 σωτηρίαν
2903 2635 3220 2707 οἰκονομῶν,
3255 2637 3322 2707 ἢν
3365 2636 3450 2689 διὰ
3489 2637 3696 2709 σαρκὸς

2116 2727 2402 2796 ἐπιφανεὶς
2452 2728 2586 2798 ἡμῖν
2633 2723 2977 2792 ἐπεδείξατο,
3026 2727 3487 2800 ἀποστελλόμενον
3519 2728 3697 2798 λέγων

2117 2817 2329 2883 ἑαυτὸν,
2352 2819 2446 2873 καὶ
2477 2820 2644 2889 μηδὲν
2669 2819 2966 2890 δυνάμενον
2999 2820 3091 2888 ἀφ’
3121 2819 3314 2874 ἑαυτοῦ
3364 2823 3560 2884 ποιεῖν,
3598 2823 3697 2876 καὶ

2115 2912 2336 2983 ἐντολὴν
2369 2912 2625 2977 λαϐόντα,
2658 2912 2754 2967 καὶ
2775 2913 2874 2968 ὅσα
2900 2912 3143 2977 τοιαῦτα,
3175 2914 3249 2985 μή
3285 2930 3368 2968 σοι
3408 2914 3698 2985 παρεχέτω

2115 3005 2368 3076 ἀφορμὰς
2395 3004 2532 3076 πρὸς
2545 3004 2606 3057 τὸ
2622 3004 3087 3076 κατασμικρύνειν
3112 3005 3206 3058 τοῦ
3236 3006 3572 3075 Μονογενοῠς
3598 3007 3699 3077 τὴν

2116 3093 2366 3164 θεότητα.
2411 3093 2486 3148 Οὐ
2533 3092 2642 3166 γὰρ
2673 3095 2707 3165 ἡ
2743 3095 2880 3166 πρὸς
2918 3096 2980 3149 τὸ
3015 3095 3106 3148 σὸν
3151 3096 3376 3160 ἀσθενὲς
3426 3099 3701 3166 συγκατά-

2121 3185 2277 3250 θεασις
2310 3185 2606 3250 ἐλάττωσις
2634 3185 2841 3256 ὀφείλει
2883 3187 3127 3255 γίνεσθαι
3161 3187 3260 3258 τῆς
3292 3189 3450 3254 ἀξίας
3481 3187 3576 3242 τοῦ
3607 3189 3700 3243 δυ-

2121 3279 2312 3334 νατοῦο
2348 3279 2482 3334 ἀλλὰ
2527 3280 2628 3352 τὴν
2677 3281 2775 3351 μὲν
2819 3281 2981 3351 φύσιν
3021 3282 3130 3336 νόει
3171 3281 3509 3354 θεοπρεπῶς,
3542 3281 3610 3335 τὰ
3637 3280 3699 3334 δὲ

2119 3371 2477 3444 ταπεινότερα
2506 3371 2616 3425 τῶν
2655 3374 2915 3444 ῥημάτων
2945 3374 3102 3444 δέχου
3139 3373 3516 3445 οἰκονομικῶς.
3557 3373 3701 3444 Περὶ

2119 3455 2195 3517 ὧν
2226 3464 2275 3516 εί
2311 3462 2704 3535 βουληθείημεν
2748 3466 2806 3517 ἐν
2834 3464 2912 3535 τῷ
2969 3466 3198 3537 παρόντι
3229 3467 3364 3536 πρὸς
3410 3465 3700 3538 ἀκρίϐειαν

2117 3555 2454 3627 διηγεῖσθαι,
2499 3557 2756 3628 λάθοιμεν
2799 3557 2865 3612 ἂν
2901 3559 3127 3623 ἑαυτοὺς
3158 3558 3292 3611 πολύ
3345 3577 3396 3612 τι
3427 3559 3522 3612 καὶ
3558 3557 3700 3610 ἀπέ-

2121 3664 2315 3718 ραντον
2355 3648 2556 3718 πλῆθος
2588 3649 2760 3716 λόγων
2789 3650 3174 3718 ἐπεισάγοντες
3205 3652 3270 3721 τῇ
3301 3649 3574 3705 ὑποθέσει.

2190 3740 2244 3795 ’5.
2285 3740 2423 3793 Ἀλλ’
2450 3741 2541 3794 ἐπὶ
2582 3741 2642 3794 τὸ
2669 3741 3028 3812 προκείμενον
3063 3743 3392 3814 ὲπανίωμεν.
3425 3745 3547 3798 Ὀτι
3574 3744 3700 3802 διά-

2120 3847 2237 3883 νοια
2264 3831 2298 3901 ἡ
2330 3830 2620 3902 δυνηθεῖσα
2647 3831 2757 3884 τῶν
2785 3847 2846 3884 τε
2881 3831 3078 3886 ὑλικῶν
3118 3833 3455 3906 καθαρεῦσαι
3483 3835 3697 3902 παθῶν,

2121 3923 2214 3975 καὶ
2241 3921 2340 3992 τὴν
2381 3923 2580 3995 νοητὴν
2610 3920 2786 3976 κτίσιν
2812 3922 2924 3994 (84)
2969 3925 3149 3977 πᾶσαν
3198 3924 3518 3980 καταλιπεῖν
3540 3967 3557 3992 ,
3600 3929 3702 3982 καὶ

2120 4008 2232 4067 οἷόν
2262 4030 2346 4078 τις
2381 4013 2534 4084 ἰχθὺς
2557 4014 2666 4067 ἀπὸ
2713 4013 2808 4068 τοῦ
2850 4013 3015 4083 βυθοῦ
3045 4017 3182 4086 πρὸς
3217 4016 3316 4088 τὴν
3340 4017 3451 4071 ἄνω
3497 4019 3703 4088 ἐπιφά-

2119 4122 2268 4159 νειαν
2296 4103 2686 4176 ἀνανήξασθαι,
2713 4107 2770 4158 ὲν
2800 4105 2878 4176 τῷ
2901 4105 3128 4177 καθαρῷ
3152 4107 3253 4177 τῆς
3284 4108 3516 4172 κτίσεως
3541 4126 3699 4177 γενο-

2123 4199 2280 4270 μένη,
2311 4200 2428 4252 ἐκεῖ
2456 4198 2643 4265 ὄψεται
2685 4198 2746 4252 τὸ
2791 4198 3016 4270 Πνεῦμα
3039 4199 3097 4253 τὸ
3149 4201 3323 4269 ἅγιον,
3375 4202 3507 4256 ὅπου
3542 4202 3698 4267 Υἱὸς.

2121 4290 2214 4344 καὶ
2241 4291 2372 4344 ὅπου
2404 4290 2594 4362 Πατὴρ
2616 4288 2750 4361 (85),
2783 4289 2961 4346 πάντα
2985 4291 3106 4363 ἔχον
3141 4294 3234 4347 καὶ
3254 4293 3384 4347 αὐτὸ
3409 4310 3704 4348 συνουσιωμ

2123 4383 2300 4453 μένως
2324 4381 2434 4452 (86)
2467 4383 2610 4436 κατὰ
2640 4382 2741 4454 τὴν
2772 4381 2956 4451 φύσιν,
2988 4385 3088 4455 τὴν
3123 4385 3456 4457 ἀγαθότητα,
3483 4385 3580 4457 τὴν
3603 4387 3703 4440 εὐ-

439 4467 611 4534 niam,
647 4466 836 4523 vitam.
869 4467 1028 4533 Nam,
1061 4469 1258 4540 inquit,
1290 4469 1522 4539 Spiritus
1575 4479 1696 4526 tuus
1747 4470 1912 4526 bonus
1947 4473 2013 4524 ⁸³.

2121 4473 2348 4545 θύτητα,
2375 4472 2467 4526 τὸν
2497 4471 2787 4543 ἁγιασμὸν,
2834 4473 2934 4544 τὴν
2988 4474 3154 4546 ζωήν.
3210 4476 3280 4530 Τὸ
3311 4476 3549 4546 Πνεῦμα
3588 4476 3704 4547 γάρ

509 4627 552 4660 ⁸⁸
591 4627 747 4683 Joan.
779 4644 902 4695 xvi,
945 4627 1031 4682 i5.
1110 4628 1156 4660 "
1187 4626 1340 4684 Joan.
1380 4645 1434 4693 ι,
1472 4629 1559 4686 Η.
1635 4629 1681 4662 ⁸³
1717 4629 1861 4686 Psal.
1898 4646 2079 4696 CXLII,
2120 4633 2206 4686 iO.

510 4785 624 4858 (80)
664 4783 1042 4858 Rengrimus
1080 4791 1136 4858 et
1161 4783 1338 4858 “Colb.
1358 4785 1569 4858 itidem

435 4851 724 4911 amni
749 4851 1026 4926 Ἧὰτέρα,
1077 4853 1280 4909 Filium
1323 4854 1448 4926 dixi
1494 4851 1834 4926 etPatrgm.
1900 4857 2007 4911 Alii

436 4935 673 5053 ira???
715 4941 853 4982 mss.
893 4922 947 4982 et
997 4933 1228 4996 utraque
1274 4924 1443 4981 editio
1492 4925 1641 4989 Υἱὸς,
1692 4922 1864 4989 εἷπον,
1916 4927 2010 4979 καὶ

473 4997 647 5067 ἶατήρ.

1657 4785 1830 4840 rimus
1878 4786 2007 4840 Υίὸν
2114 4787 2579 4846 indeclinabiliter
2607 4803 2879 4847 sumatur.

2188 4859 2299 4996 E83)
2334 4841 2949 4933 Εᾶἱὶῖδιαλέγηταιίω
2971 4879 3107 4919 mss.
3146 4879 3240 4919 sex
3267 4863 3598 4932 διαλέγεται.
3703 4841 3712 4853 ’

2210 4929 2300 4996 84)
2352 4929 2590 4996 Conjicit
2640 4932 3051 4989 eruditissimus
3105 4933 3241 4987 Dan.
3300 4929 3698 4996 Wyttenbach.

2210 4929 2303 5000 84)
2352 4929 2590 4999 Conjicit
2640 4929 3051 4989 eruditissimus
3105 4933 3241 4987 Dan.
3300 4929 3698 5000 Wyttenbach.

2117 4997 2406 5068 legendum
2453 4997 2578 5056 esse
2607 5002 2705 5082 τὴν
2753 5002 2979 5125 dii/r5210»;
3029 5003 3231 5076 κτίσιν.
3296 4997 3511 5059 Videsis
3573 5002 3701 5072 ejus

2117 5077 2300 5122 annot.
2338 5071 2402 5125 ad
2433 5069 2680 5125 Platonis
2714 5071 2842 5125 Pluz
2887 5089 3055 5125 onem.
3084 5089 3205 5125 nae.
3238 5073 3360 5125 502.
3391 5073 3547 5125 Εοιτ.

508 5064 620 5136 (81)
636 5064 765 5142 lieg
803 5064 1040 5142 _terti_us_
1065 5077 1119 5119 et
1165 5065 1322 5142 Colb.
1363 5065 1575 5142 primus
1609 5065 1899 5142 ἰδιότηταςο
1943 5067 2008 5120 ὲκ

2120 5064 2300 5142 animi.
2333 5071 2404 5142 ad
2433 5064 2680 5142 Platonis
2714 5064 3055 5137 Phaedonem,
3084 5074 3205 5142 pag.
3238 5073 3360 5130 502.
3391 5073 3547 5128 Eutr.

435 5137 543 5205 γὰρ
565 5135 882 5204 πολυλογίας
904 5137 1004 5189 οὐκ
1026 5135 1343 5206 ἐκφεύξεται
1371 5135 1612 5206 ἁμαρτία
1664 5135 1858 5205 μένων,
1883 5153 2008 5190 nam

436 5206 768 5275 multiloquio
805 5223 905 5259 non
955 5205 1204 5260 vitabitur
1245 5217 1533 5274 peccatum.
1589 5205 1772 5275 Prov._
1809 5223 1861 5264 κ.
1917 5207 2004 5260 i9.

2185 5140 2296 5208 (85)
2333 5139 2512 5195 Editio
2536 5152 2766 5212 utraque
2791 5150 2845 5196 et
2871 5141 3028 5198 Colb.
3064 5139 3258 5198 tertius
3287 5145 3421 5197 ὅπου
3450 5143 3578 5207 Υἱὸς
3601 5144 3700 5196 καὶ

2108 5211 2242 5296 ὅπου
2279 5212 2484 5296 [ζατήρ.
2523 5212 2629 5296 lilii
2651 5211 2762 5296 duo
2795 5229 2928 5296 mss.
2961 5213 3182 5296 inverso
3203 5215 3394 5269 ordine
3407 5215 3552 5296 ¹ὅπου
3580 5215 3703 5267 Πα-

437 5273 679 5353 Utraque
709 5276 876 5330 editio
907 5277 1226 5353 simpliciter
1247 5273 1394 5353 utin
1419 5285 1696 5353 contextu.
1729 5273 1837 5330 Nec
1858 5277 2004 5353 enim
2108 5273 2495 5353 thpza‘traﬁou
2519 5281 2676 5353 _Yi6g.
2707 5282 2776 5353 In
2796 5283 2920 5353 aliis
2943 5283 3157 5339 duobus
3183 5299 3315 5340 mss.
3356 5285 3576 5339 additur
3603 5299 3702 5338 ar-

437 5344 732 5416 quidquam
774 5347 1093 5401 mutandum
1136 5347 1475 5409 censuimus,
1514 5347 1618 5399 rati
1663 5349 1831 5416 hunc,
1859 5344 2008 5399 Scri-

436 5415 608 5486 ptura:
641 5417 815 5486 locum
848 5415 1085 5485 primum
1120 5417 1174 5471 in
1218 5432 1315 5471 ora
1351 5417 1476 5471 libri
1526 5417 1765 5486 positum
1812 5415 2004 5478 fuisse,

2109 5351 2310 5406 ticultts
2336 5352 2364 5403 ὁ
2395 5351 2672 5417 Πατὴρ....
2708 5353 2737 5405 ό
2769 5351 2919 5417 Υἱός.

2188 5421 2304 5494 (θὸ)
2335 5419 2512 5494 Editio
2535 5419 2710 5494 Paris.
2749 5424 3119 5494 συνημμένος,
3173 5432 3450 5493 corrupte.
3509 5420 3702 5478 Editio

434 5494 488 5566 et
523 5485 721 5576 deinde
764 5485 883 5539 loco
928 5503 1028 5541 suo
1073 5487 1254 5558 inepte
1289 5485 1537 5549 motum,
1573 5486 1629 5540 in
1683 5493 2004 5541 contextum
2106 5485 2360 5576 Basil.’et
2380 5489 2536 5571 Golb.
2567 5493 2780 5572 primus
2803 5502 2856 5548 et
2872 5485 3218 5576 “(igniti—dein
3244 5485 3452 5565 primus
3479 5509 3699 5562 συνημ-

436 5557 833 5696 Ιηῗὲἓὶδῗὶῒςιεκ
865 5624 1032 5681 Coisl.
1069 5635 1122 5680 et
1153 5627 1308 5682 Colb.
1360 5627 1635 5684 secundus
1680 5642 1802 5682 cum
1853 5635 2006 5681 utra-

434 5712 539 5762 quc
560 5696 928 5768 editionesﬁ:
958 5697 1107 5751 Υίοῦ.
1134 5699 1240 5751 Alii
1270 5700 1511 5768 quinque
1537 5714 1670 5754 mss.
1704 5698 1804 5768 τῆς
1829 5697 1957 5759 Υἱός
1984 5715 1996 5727 ι

432 5772 513 5825 sic
545 5774 602 5821 ut
629 5781 729 5820 vox
769 5766 912 5829 Υἱός,
943 5768 1089 5838 quod
1121 5766 1301 5832 aiunt,
1334 5766 1434 5823 hoc
1487 5770 1607 5823 loco
1667 5767 1916 5824 absolute
1948 5775 1998 5822 et

2109 5561 2307 5632 μένως,
2329 5562 2672 5635 conjunctim.
2694 5577 2802 5635 non
2824 5561 2982 5620 male:
3006 5563 3111 5618 Alii
3129 5561 3372 5635 quinque
3399 5579 3532 5620 mss.
3560 5561 3700 5635 συν-

2103 5631 2467 5700 ουσιωμένως.
2512 5633 2963 5700 coessentialiter,
3010 5650 3107 5690 seu
3147 5631 3209 5690 in
3254 5631 3360 5688 una
3401 5644 3450 5690 et
3506 5631 3697 5688 eadem

2105 5703 2355 5768 essentia,
2382 5702 2805 5772 signiﬁcantius.
