4036 6236
292 320 388 383 ιον

1626 310 1917 368 HOMILIA
1957 308 2042 364 DE
2081 308 2252 364 FIDE.

3437 313 3545 374 470

287 450 426 499 σου,
452 434 638 502 φησὶν,
660 433 726 487 τὸ
750 432 1011 501 ἀγαθόν·
1044 430 1138 486 καὶ
1169 430 1352 496 πάλιν,
1382 428 1626 498 Πνεῦμα
1659 427 1834 492 εὐθές
1855 442 1867 454 ·

1983 426 2055 481 Ac
2084 442 2299 491 rursus,
2351 424 2613 496 Spiritum
2642 436 2841 482 rectum
2871 428 2937 482 “.
2979 426 3335 499 Rursusque,
3369 427 3545 501 Spiri-

289 529 382 578 καὶ
414 524 596 591 πάλιν,
653 523 727 577 Τὸ
772 522 1021 593 Πνεῦμα
1058 525 1122 577 τὸ
1162 523 1348 593 ἅγιον.
1398 520 1503 574 Kal.
1549 522 1577 571 ὁ
1620 519 1875 571 Ἀπόστο-

288 616 380 679 λος
408 615 548 680 (87)·
587 615 642 667 Ὀ
673 616 860 683 νόμος
886 615 995 668 τοῦ
1022 616 1366 683 Πνεύματος
1392 611 1502 679 τῆς
1540 608 1708 679 ζωῆς.
1738 609 1874 662 Τού-

288 724 398 761 των
437 707 586 759 οὐδὲν
628 706 925 776 ἐπίκτητον
983 706 1151 777 αὐτῷ,
1201 707 1322 760 οὐδὲ
1367 705 1592 775 ὕστερον
1624 703 1872 771 ἐπιγενό-

294 817 455 871 μενον
488 799 780 869 πρόσεστιν
803 816 815 827 ·
847 799 963 852 ἀλλ’
990 798 1178 868 ῶσπερ
1214 796 1517 869 ἀχώριστον
1548 795 1626 866 τῷ
1655 794 1787 865 πυρὶ
1814 794 1874 847 τὸ

291 892 627 963 θερμαίνειν,
660 891 755 944 καὶ
777 890 856 961 τῷ
892 892 1033 960 φωτ)⁸
1078 891 1137 943 τὸ
1173 890 1437 960 λάμπειν·
1480 886 1622 941 οὕτω
1651 886 1746 940 καὶ
1796 884 1875 956 τῷ

291 984 573 1053 Πνεῦματι
600 984 661 1049 τὸ
696 982 966 1051 ἀγιάζειν,
999 981 1059 1035 τὸ
1086 980 1366 1045 ζωοποιεῖν
1385 1021 1399 1045 ,
1451 981 1485 1050 ἡ
1515 977 1809 1047 ἁγαθότηςν
1839 978 1874 1046 ὴ

292 1074 549 1142 εὐθύτης.
592 1075 738 1126 Ἐκεῖ
759 1076 938 1127 τοίνυν
970 1075 1168 1143 ἕστηκε
1198 1072 1256 1126 τὸ
1284 1071 1528 1141 Πνεῦμα,
1555 1072 1687 1131 ἐκεῖ,
1717 1069 1775 1120 ὲν
1806 1069 1873 1138 τῇ

296 1163 543 1233 μακαρίᾳ
570 1162 749 1230 φύσει,
786 1164 845 1215 οὐ
881 1164 1018 1233 μετά
1049 1162 1287 1234 πλήθους
1310 1159 1732 1232 ἀριθμούμενον,
1760 1157 1873 1210 ἀλλ’

291 1254 352 1306 ὲν
382 1256 449 1324 τῇ
482 1255 672 1323 Τριάδι
694 1254 1067 1325 θεωρούμενον
1086 1272 1099 1284 ·
1146 1252 1448 1325 μοναδικῶς
1477 1248 1875 1319 ἐξαγγελλόμε-

292 1361 402 1405 νον,
424 1344 525 1395 οὐκ
554 1343 1092 1414 ἐμπεριειλημμένον
1106 1346 1219 1406 τοῖς
1251 1345 1610 1413 συστήμασιν.
1649 1342 1736 1404 Ὠς
1766 1340 1874 1410 γάρ

292 1434 483 1505 Πατὴρ
528 1430 630 1498 εἷς,
675 1436 769 1487 καὶ
820 1436 945 1499 Υἱὸς
982 1432 1096 1498 εἷς·
1145 1436 1316 1497 οὕτως
1364 1434 1422 1487 ἓν
1469 1434 1564 1487 καὶ
1609 1434 1670 1486 τὸ
1721 1433 1874 1499 ἆγιον

291 1523 543 1593 Πνεῦμα.
575 1523 655 1575 Τὰ
691 1524 747 1576 δὲ
776 1522 1121 1595 λειτουργικὰ
1170 1523 1457 1593 πνεύματα
1487 1521 1606 1574 καθ’
1646 1519 1874 1578 ἕκαστον

289 1613 481 1683 τάγμα
530 1613 733 1682 πλῆθος
759 1616 890 1683 ἡμῖν
932 1614 1219 1683 ὑποφαίνει
1265 1611 1749 1683 δυσεξαρίθμητον.
1781 1609 1874 1679 Μὴ

291 1703 473 1756 τοίνυν
502 1702 655 1773 ζήτει
707 1705 763 1755 ἐν
813 1708 877 1775 τῇ
910 1705 1086 1757 κτίσει
1123 1705 1184 1756 τὸ
1218 1704 1356 1774 ὑπὲρ
1394 1704 1491 1775 τὴν
1539 1704 1751 1756 κτίσιν’
1798 1701 1874 1773 μὴ

293 1782 619 1866 καταγάγῃς
643 1795 705 1847 τὸ
731 1796 957 1863 ἁγιάζον
990 1796 1128 1865 μετά
1149 1796 1255 1848 τῶν
1277 1794 1672 1866 ἀγιαζομένων.
1705 1794 1875 1847 Τοῦτο

293 1887 496 1958 πληροῖ
515 1887 800 1954 ἀγγέλους,
832 1887 1029 1959 πληροῖ
1054 1887 1443 1957 ἀρχαγγέλους,
1471 1885 1686 1954 ἁγιάζει
1721 1884 1878 1937 δυνά-

296 1988 438 2040 μεις,
462 1973 720 2035 ζωοποιεῖ
749 1973 817 2025 τά
856 1974 1161 2044 σύμπαντα.
1184 1973 1353 2027 Τοῦτο
1377 1977 1456 2037 εἰς
1485 1976 1664 2027 πᾶσαν
1701 1974 1876 2027 κτίσιν

296 2064 675 2134 μεριζόμενον,
694 2066 788 2116 καὶ
818 2065 992 2129 ἄλλως
1018 2067 1106 2119 ὑπ’
1129 2067 1290 2120 ἄλλου
1322 2066 1699 2137 μετεχόμενον,
1727 2067 1876 2119 οὐδὲν

294 2153 613 2208 ἐλαττοῦται
666 2159 819 2228 παρά
873 2157 982 2209 τῶν
1028 2158 1380 2229 μετεχόντων.
1436 2158 1574 2211 Πᾶσι
1627 2157 1726 2228 μὲν
1780 2156 1877 2227 τὴν

296 2248 424 2317 παρ’
459 2247 657 2300 ἑαυτοῦ
689 2251 848 2319 χάριν
894 2249 1140 2304 δίδωσιν·
1177 2252 1274 2304 οὐκ
1306 2251 1656 2305 ἀναλίσκεται
1688 2252 1744 2304 δὲ
1797 2254 1877 2315 είς

294 2339 418 2401 τοὺς
462 2341 823 2409 μετέχοντας·
878 2340 1015 2394 ἁλλά
1066 2342 1160 2394 καὶ
1193 2344 1239 2395 οἱ
1290 2342 1548 2405 λαϐόντες
1606 2342 1877 2414 πληροῦν-

293 2444 382 2481 ται
415 2429 555 2499 (88),
591 2430 685 2482 καὶ
720 2432 851 2483 αὐτό
882 2433 1028 2484 ἐστιν
1058 2431 1320 2496 ἀνενδεές.
1342 2432 1449 2485 Καὶ
1473 2432 1660 2504 ῶσπερ
1680 2435 1708 2485 ὁ
1728 2432 1878 2503 ἣλιος

295 2520 628 2591 ὲπιλάμπων
680 2526 795 2585 τοῖς
833 2524 1089 2594 σώμασι,
1124 2525 1215 2577 καὶ
1249 2526 1507 2588 ποικίλως
1564 2526 1653 2577 ὑπ’
1702 2525 1878 2578 αὐτῶν

299 2615 684 2684 μετεχόμενος,
701 2617 854 2669 οὐδὲν
874 2617 1186 2671 ἐλαττοῦται
1210 2619 1359 2689 παρά
1378 2618 1486 2671 τῶν
1512 2618 1844 2689 μετεχόντων
1862 2632 1875 2646 ’

295 2702 438 2757 οὕτω
473 2707 569 2757 καὶ
622 2706 682 2758 τὸ
716 2707 942 2777 Πνεῦμα
999 2710 1131 2761 πᾶσι
1176 2708 1271 2779 τὴν
1305 2712 1435 2780 παρ’
1475 2710 1668 2764 ἑαυτοῦ
1722 2710 1881 2782 χάριν

298 2796 570 2867 παρέχον,
624 2797 895 2867 ἀμείωτον
951 2800 1105 2869 μένει
1159 2802 1252 2853 καὶ
1304 2779 1625 2874 ἀδιαίρετον.
1665 2779 1881 2865 Πάντας

298 2887 521 2955 φωτίζει
558 2888 698 2959 πρὸς
732 2890 831 2960 τὴν
858 2891 953 2941 τοῦ
983 2890 1118 2943 Θεοῦ
1163 2894 1515 2964 κατανόησιν,
1550 2895 1750 2966 ὲμπνεῖ
1771 2896 1881 2957 τοῖς

300 2982 609 3051 προφήταις
637 3022 651 3045 ,
686 2982 983 3053 νομοθέτας
1029 2986 1265 3054 σοφίζει,
1310 2987 1491 3057 ἱερέας
1538 2987 1751 3051 τελειοῖ,
1798 2989 1883 3039 ἐν-

1981 530 2091 573 tum
2138 530 2379 575 sanctum
2403 523 2467 577 “.
2499 520 2642 588 Quin
2675 529 2730 577 et
2778 521 3073 591 Apostolus
3104 538 3116 572 :
3157 520 3268 575 Lea:
3313 522 3544 593 Spiritus

1979 611 2097 664 vita:
2128 612 2193 665 ⁵⁸.
2221 608 2424 665 Horum
2476 612 2610 666 nihil
2662 612 2959 666 ascititium
2990 611 3061 677 ei,
3103 627 3203 667 nec
3248 613 3544 683 quidquam

1978 708 2168 769 postea
2200 700 2553 757 adventitium
2583 700 2770 769 adest;
2793 702 2890 757 sed
2917 702 3373 772 quemadmodum
3402 703 3546 758 cale-

1977 790 2143 846 factio
2174 793 2418 862 separari
2446 793 2516 848 ab
2552 793 2678 863 igne
2708 808 2819 847 non
2862 802 3063 863 potest,
3096 808 3197 849 nec
3223 793 3482 864 splendor
3511 808 3543 847 a

1977 884 2099 939 luce
2124 903 2136 937 :
2169 883 2251 940 sic
2280 899 2382 939 nec
2413 899 2442 937 a
2466 884 2672 955 Spiritu
2696 884 3077 949 sanctiﬁcatio.
3108 885 3424 947 viviﬁcatio.
3447 887 3545 942 bo‘

1977 977 2141 1039 nitas,
2167 975 2457 1041 rectitude.
2485 974 2601 1031 Illic
2639 976 2793 1047 133
2822 977 2989 1048 igitur
3006 976 3244 1047 Spiritus
3269 977 3543 1042 consistit,

1977 1069 2087 1122 illic
2120 1068 2174 1122 in
2206 1067 2361 1122 beata
2402 1075 2633 1132 natura;
2668 1082 2778 1121 non
2800 1082 2925 1121 cum
2970 1068 3320 1123 multitudine
3348 1083 3546 1124 nume-

1976 1164 2153 1219 ratur,
2180 1156 2274 1211 sed
2301 1156 2355 1210 in
2388 1154 2661 1211 Trinitate
2701 1158 3068 1228 conspicitur,
3094 1157 3337 1212 solitarie
3370 1172 3548 1213 enun-

1976 1247 2164 1311 tiatur,
2196 1263 2304 1302 non
2336 1250 2390 1302 in
2420 1249 2615 1305 turmis
2658 1264 2723 1305 ac
2766 1250 2998 1306 coetibus
3042 1250 3544 1319 comprehenditur.

1978 1339 2049 1399 Ut
2093 1341 2237 1396 enim
2269 1341 2429 1397 Pater
2474 1357 2617 1398 unus
2649 1348 2754 1404 est.
2784 1352 2839 1397 et
2870 1341 3041 1397 Filius
3068 1357 3211 1397 unus
3248 1362 3261 1396 :
3292 1342 3374 1397 sic
3402 1354 3549 1397 unus

1975 1432 2139 1487 etiam
2184 1431 2423 1502 Spiritus
2453 1444 2699 1489 sanctus.
2728 1432 2797 1487 At
2820 1449 2949 1489 vero
2982 1432 3292 1488 administri
3318 1434 3548 1505 spiritus

1977 1522 2031 1576 in
2055 1522 2286 1592 singulis
2317 1524 2606 1579 ordinibus
2635 1523 3059 1587 multitudinem,
3079 1538 3201 1593 qua:
3228 1525 3318 1577 vix
3351 1536 3549 1578 nume-

1977 1616 2086 1668 rari
2113 1622 2313 1685 potest,
2345 1617 2507 1671 nobis
2536 1615 2815 1672 exhibent.
2843 1614 2997 1680 Quod
3020 1615 3184 1685 igitur
3207 1629 3372 1685 supra
3393 1628 3550 1670 crea-

1979 1712 2155 1759 turam
2195 1716 2296 1767 est,
2329 1706 2384 1761 id
2416 1707 2472 1763 in
2504 1713 2758 1761 creatura
2802 1720 2871 1760 ne
2898 1720 3111 1775 quaeras
3138 1723 3151 1758 :
3182 1720 3250 1760 ne
3272 1720 3393 1760 cum
3423 1718 3551 1761 san-

1975 1797 2232 1853 ctiﬁcatis
2264 1797 2541 1867 deprimas
2581 1798 2727 1867 quod
2765 1796 3092 1852 sanctiﬁcat.
3123 1795 3217 1852 Ille
3247 1797 3420 1867 replet
3450 1810 3551 1851 an-

1975 1892 2147 1963 gelos,
2171 1892 2345 1960 replet
2374 1891 2757 1960 archangelos,
2787 1889 3089 1944 sanetiﬁcat
3117 1896 3435 1959 potestates,
3465 1889 3552 1944 vi-

1977 1981 2157 2037 viﬁcat
2175 1982 2379 2036 omnia.
2408 1982 2501 2035 Ille
2522 1981 2577 2035 in
2600 1996 2814 2034 omnem
2837 1990 3142 2033 creaturam
3169 1980 3401 2043 divisus,
3423 1994 3549 2035 cum

1978 2076 2135 2131 aliter
2158 2075 2298 2129 alius
2325 2074 2599 2145 particeps
2643 2072 2764 2141 ejus
2796 2070 2908 2135 ﬁat,
2942 2071 3077 2125 nihil
3111 2082 3291 2127 tamen
3320 2088 3350 2125 a
3380 2071 3552 2142 parti-

1977 2168 2288 2238 cipantibus
2306 2166 2587 2220 minuitur.
2614 2162 2881 2220 Omnibus
2905 2162 3123 2230 quidem
3144 2162 3369 2235 gratiam
3392 2178 3549 2218 suam

1980 2260 2230 2329 largitur,
2258 2272 2365 2312 non
2390 2268 2571 2311 tamen
2600 2256 2899 2311 insumitur
2920 2255 2973 2308 in
3000 2254 3412 2324 participantes,
3452 2254 3550 2309 sed

1978 2360 2031 2405 et
2049 2352 2142 2418 qui
2173 2357 2524 2419 acceperunt,
2553 2347 2851 2418 replentur,
2880 2354 2933 2401 et
2963 2347 3065 2416 ipsi
3094 2346 3227 2399 nihil
3252 2344 3551 2415 quidquam

1979 2442 2152 2498 deest.
2182 2442 2249 2496 Et
2278 2440 2733 2511 quemadmodum
2762 2438 2844 2493 sol
2870 2453 2995 2492 cum
3026 2452 3257 2506 corpora
3290 2438 3550 2501 illustrat,

1979 2543 2033 2587 et
2059 2535 2127 2589 ab
2165 2535 2246 2589 eis
2285 2534 2435 2589 varie
2464 2533 2840 2604 participatur,
2884 2529 3021 2583 nihil
3052 2528 3363 2582 minuitura
3388 2527 3553 2597 parti-

1980 2625 2294 2694 cipantibus
2326 2642 2339 2679 :
2377 2626 2451 2677 ita
2484 2624 2647 2677 etiam
2696 2621 2933 2691 Spiritus
2982 2622 3212 2690 gratiam
3248 2634 3402 2674 suam
3431 2633 3553 2673 om-

1984 2718 2146 2772 nibus
2173 2716 2515 2787 impertiens,
2544 2715 2751 2783 integer
2784 2721 2970 2768 manet
3005 2721 3059 2768 et
3090 2711 3381 2766 indivisus.
3412 2707 3548 2764 0m-

1983 2807 2146 2862 nibus
2195 2807 2378 2859 lumen
2429 2804 2521 2858 dat
2568 2804 2637 2858 ad
2690 2805 3088 2873 assequendam
3136 2801 3231 2857 Dei
3277 2800 3551 2864 notitiam,

1983 2899 2126 2953 aiilat
2157 2899 2478 2969 prophetas,
2515 2896 2853 2968 legislatores
2888 2895 3215 2965 sapientiam
3247 2893 3426 2958 docet,
3462 2906 3555 2947 sa-

1983 2992 2233 3047 cerdotes
2263 2999 2567 3054 consecrat,
2600 2988 2921 3043 corroborat
2953 3003 3129 3058 reges,
3167 2988 3348 3057 justos
3388 2984 3557 3057 perﬁ-

306 3072 480 3140 ισχύει
510 3071 774 3141 βασιλεῖς,
810 3075 1122 3145 καταρτίζει
1152 3076 1389 3142 δικαίους
1410 3118 1425 3142 ,
1467 3078 1718 3148 σεμνύνει
1772 3079 1877 3131 σώ-

1985 3085 2082 3150 cit,
2119 3083 2415 3154 prudentes
2462 3082 2815 3145 cohonestat,
2846 3088 3105 3151 operatur
3135 3080 3278 3134 dona
3310 3078 3556 3135 sanatio-

299 3179 525 3231 φρονας,
572 3164 787 3234 ἐνεργεῖ
819 3167 1135 3238 χαρίσματα
1172 3168 1437 3239 ἰαμάτων,
1468 3167 1721 3232 ζωοποιεῖ
1758 3172 1883 3235 τοὺς

300 3255 552 3321 νεκροὺς,
582 3252 701 3306 λύει
732 3255 858 3317 τοὺς
885 3257 1312 3327 πεπεδημένους,
1330 3259 1561 3313 υίοθετεῖ
1586 3260 1712 3325 τοὺς
1736 3261 1886 3332 ἠλλο-

298 3345 662 3414 τριωμένους.
694 3345 881 3400 Ταῦτα
906 3347 992 3400 διὰ
1026 3350 1126 3420 τῆς
1161 3349 1366 3405 ἀνωθεν
1395 3353 1702 3423 γεννήσεως
1728 3355 1883 3423 ἐνερ-

299 3438 404 3503 γεῖ.
454 3436 589 3488 Ἐάν
636 3437 873 3510 τελώνην
914 3439 1056 3511 λάϐῃ
1099 3440 1442 3507 πιστεύοντα,
1491 3444 1884 3517 εὐαγγελιστὴν

299 3528 725 3582 ἀποδείκνυσιν*
762 3529 859 3583 ὲάν
898 3533 956 3584 ὲν
1003 3533 1141 3585 ἀλιεῖ
1172 3534 1418 3604 γένηται,
1454 3535 1702 3604 θεολόγον
1751 3538 1886 3597 ἀποέ

302 3619 474 3671 τελεῖ’
528 3619 627 3673 ten
676 3621 909 3694 διώκτην
962 3623 1097 3697 εὕρῃ
1144 3627 1539 3695 μετανοοῦντα,
1592 3628 1885 3682 άπὸστολον

305 3709 477 3763 ὲθνῶν
525 3712 897 3782 ἀπεργάζεται
943 3714 1073 3785 (89),
1111 3719 1328 3788 κήρυκα
1377 3720 1650 3785 πίστεως,
1695 3720 1884 3785 σκεῦος

304 3803 561 3872 ἐκλογῆς.
608 3804 687 3855 Δι’
727 3804 891 3857 αὐτοῦ
939 3808 988 3858 oi
1024 3807 1265 3872 ἀσθενεῖς
1304 3811 1541 3882 ίσχυροί’
1576 3814 1624 3864 οί
1680 3814 1885 3884 πτωχοὶ

305 3892 719 3957 πλουτίζουσιν·
755 3897 802 3947 οἱ
869 3896 1073 3950 ἰδιῶται
1116 3898 1193 3969 τῷ
1235 3899 1379 3971 λόγῳ
1434 3901 1730 3975 σοφώτεροί
1780 3906 1887 3959 είσι

304 3983 413 4035 τῶν
440 3983 649 4051 σοςῶν.
692 3984 904 4050 Παῦλος
939 3988 1190 4059 ἀσθενὴς,
1237 3990 1373 4044 ἀλλά
1405 3990 1492 4045 διὰ
1542 3994 1640 4064 τὴν
1684 3982 1890 4066 παρου-

308 4076 427 4127 σίαν
453 4075 550 4127 τοῦ
571 4077 715 4129 Πνεύ
727 4096 894 4147 ματος
924 4080 991 4132 τὰ
1028 4082 1287 4154 σουδάρια
1336 4083 1445 4137 τοῦ
1474 4086 1682 4157 χρωτὸς
1724 4088 1889 4142 αὐτοῦ

308 4166 452 4219 ἴασιν
484 4170 719 4237 παρεῖχε
754 4173 865 4233 τοῖς
896 4173 1329 4249 ὑποδεχομένοις.
1368 4162 1568 4247 Πέτρος
1608 4180 1701 4231 καὶ
1728 4180 1889 4245 αὐτὸς

308 4259 470 4329 σῶμα
517 4261 901 4331 περικείμενος
954 4264 1239 4330 ἀσθενείας
1291 4268 1420 4339 (90),
1454 4269 1589 4322 ἀλλά
1646 4270 1735 4323 διά
1793 4272 1889 4343 τὴν

305 4351 628 4405 ἐνοικοῦσαν
659 4352 817 4423 χάριν
859 4354 952 4407 τοῦ
992 4357 1307 4428 Πνεύματος
1343 4362 1377 4431 ἡ
1424 4362 1763 4416 ἐκπίπτουσα
1794 4364 1887 4416 τοῦ

308 4443 565 4513 σώματος
604 4446 733 4497 σκιά
776 4447 1046 4502 ἀπεδίωκε
1076 4449 1175 4513 τάς
1207 4450 1395 4516 νόσους
1422 4452 1527 4507 τῶν
1555 4472 1889 4508 καταπονου-
1922 4432 1965 4486 D

309 4535 511 4604 μένων.
540 4537 764 4605 Πτωχὸς
806 4538 1011 4609 Πέτρος
1046 4541 1139 4593 καὶ
1176 4543 1429 4615 Ἰωάννης
1450 4561 1463 4574 ·
1500 4546 1561 4598 οὐ
1590 4546 1699 4618 γὰρ
1746 4544 1890 4618 εἶχον

306 4628 597 4699 ἀργύριον,
629 4630 749 4683 οὐδὲ
769 4630 987 4711 χρυσίον
1027 4632 1161 4703 (91)’
1189 4633 1303 4687 ἀλλ’
1329 4634 1646 4706 ἐχαρίζοντο
1674 4638 1888 4708 ὑγίειαν

306 4720 523 4773 πολλῶν
554 4722 807 4792 χρυσίων
833 4724 1183 4795 τιμιωτέραν.
1230 4727 1389 4796 Παρά
1422 4729 1630 4785 πολλῶν
1660 4732 1768 4803 γὰρ
1796 4732 1890 4786 λα-

382 4946 428 4977 “
463 4944 607 5000 Psal.
649 4962 715 5010 ιη,
753 4946 840 5011 12,

314 5018 359 5047 ⁷⁵
394 5017 518 5071 Act.
552 5032 685 5081 nx,
723 5019 808 5071 l2.

386 5149 505 5228 (ετ)
534 5149 752 5228 Veteres
784 5152 997 5228 aliquot
1028 5153 1150 5228 libri
1182 5159 1275 5228 καὶ
1294 5158 1321 5209 ὁ
1350 5156 1560 5221 Παῦλος
1581 5175 1744 5228 φησιν
1766 5173 1783 5190 ο
1817 5160 1895 5213 '0.

316 5218 599 5303 .MoxAReg.
633 5218 1257 5303 ρι-ιιιιιιεῖέπιγιγρμενόν
1304 5228 1469 5279 ἐστιν.
1505 5218 1660 5303 Cyil):
1707 5230 1901 5303 tertius

317 5290 484 5369 habet.
502 5290 731 5369 qttorjue_.
749 5295 919 5347 ἐστίν.
939 5290 1195 5369 Subinde
1227 5297 1336 5349 duo
1365 5313 1495 5353 mss.
1515 5298 1655 5351 οὕτω
1683 5300 1776 5350 καὶ
1801 5299 1896 5369 τῷ.

318 5359 644 5433 Vocula—7.1?
678 5364 869 5418 aberat
893 5380 923 5417 a
958 5367 1215 5433 vulgatis.

388 5431 499 5505 (88)
532 5434 687 5489 (."olb.
737 5435 937 5488 tertius
978 5443 1032 5488 et
1063 5431 1211 5505 Reg.
1250 5436 1460 5504 primus
1497 5436 1751 5500 λαϐόντες
1801 5454 1900 5489 πε-

318 5500 646 5577 πλήρωνται.
678 5506 985 5577 Aliquanto
1025 5500 1371 5573 post'iidem
1404 5523 1539 5561 mss.
1582 5523 1706 5562 cum
1766 5506 1897 5577 Reg.

321 5575 477 5645 tertio
506 5575 600 5643 τὴν
628 5576 841 5630 ἑαυτῶν
870 5576 1057 5645 χάριν.

392 5592 477 5623 ἰιι)
506 5592 600 5643 την
628 5592 841 5630 εαυτων
870 5592 1057 5696 χαὲιν.

392 5640 496 5712 (89)
526 5645 679 5717 Colb.
708 5645 911 5717 tertius
974 5642 1255 5717 ργάζεται.
1288 5643 1485 5717 Sta_t_im
1510 5654 1623 5701 tres
1655 5653 1749 5700 aut
1771 5660 1903 5717 qua-

934 4948 979 4979 “
1018 4949 1148 5003 ibid.
1185 4951 1271 5003 1'5.
1360 4952 1408 4983 “
1447 4950 1604 5010 Rom.
1642 4970 1767 5018 vm,
1804 4958 1861 5015 2.

917 5018 960 5049 ⁷¹
998 5019 1121 5073 Act.
1155 5037 1208 5085 v,
1249 5020 1334 5076 15.
1409 5024 1454 5054 ⁷⁸
1494 5023 1613 5077 Act.
1645 5039 1742 5090 ιιι,
1777 5024 1831 5079 6.

327 5717 443 5768 tuo:
465 5730 596 5773 mss.
635 5715 725 5771 διά
752 5714 956 5769 τούτου
976 5713 1049 5787 ξοὶ
1080 5713 1344 5779 ἀσθενεῖς.
1375 5714 1485 5773 NEC
1512 5718 1584 5771 ita
1617 5713 1801 5794 multo:
1821 5716 1905 5771 in-

1987 3190 2139 3239 num,
2171 3175 2408 3229 viviﬁcat
2457 3180 2725 3239 mortuos,
2761 3171 2923 3227 solvit
2953 3169 3317 3240 compeditos,
3348 3168 3560 3223 alienos

1985 3265 2207 3337 adoptat
2237 3266 2292 3320 in
2319 3264 2482 3320 ﬁlios.
2513 3262 2640 3317 Haec
2669 3269 2927 3333 operatur
2948 3275 3044 3331 per
3070 3274 3362 3330 supernam
3394 3272 3558 3328 gene-

1984 3360 2272 3419 rationem.
2309 3357 2368 3411 Si
2403 3357 2755 3428 publicanum
2798 3353 3112 3410 credentem
3152 3360 3345 3407 nactus
3374 3350 3558 3412 fuerit,

1986 3451 2166 3507 reddit
2193 3451 2585 3520 evangelistam
2619 3449 2699 3514 ‘7;
2734 3447 2780 3502 si
2817 3444 3073 3501 inciderit
3100 3445 3155 3497 in
3208 3444 3558 3512 piscatorem,

1986 3544 2297 3614 theologum
2356 3540 2492 3596 facit
2517 3540 2597 3606 ‘3;
2648 3539 2697 3595 si
2747 3545 3150 3608 persecutorem
3205 3533 3559 3604 ptenitentem

1986 3634 2305 3699 offenderit,
2347 3632 2509 3688 eﬁicit
2555 3630 2862 3701 apostolum
2912 3628 3196 3700 gentium,
3252 3637 3561 3695 praeconem

1988 3726 2135 3789 ﬁdei,
2184 3741 2281 3781 vas
2330 3722 2611 3779 eleCtionis
2638 3722 2702 3775 θ’.
2737 3718 2842 3775 Per
2868 3720 3049 3790 ipsum
3079 3716 3286 3773 debiles
3322 3712 3563 3770 evadunt

1990 3818 2181 3882 fortes,
2215 3829 2482 3886 pauperes
2515 3814 2815 3879 ditescunt,
2853 3810 3039 3866 idiota:
3078 3817 3133 3864 et
3178 3806 3449 3864 sermonis
3474 3818 3565 3857 ru-

1990 3908 2088 3963 des
2108 3907 2375 3976 sapientia
2398 3904 2736 3975 sapientibus
2750 3909 3030 3974 praestant.
3054 3896 3562 3961 Paulu'inﬁrmus;

1991 4010 2046 4057 et
2081 4007 2264 4054 tamen
2298 3998 2370 4052 ob
2418 3996 2655 4067 Spiritus
2704 3993 3076 4066 praesentiam,
3108 3990 3359 4061 corporis
3387 3989 3564 4058 ipsius

1992 4088 2213 4143 sudaria
2247 4089 2535 4142 sanitatem
2578 4085 2875 4141 aﬁ‘erebant
2901 4082 3332 4153 suscipientibus
3364 4078 3433 4135 '°.
3465 4076 3566 4134 Pe-

1992 4188 2112 4235 trus
2133 4188 2249 4234 erat
2274 4187 2327 4233 et
2364 4179 2481 4248 ipse
2519 4191 2749 4246 corpore
2778 4175 2994 4230 inﬁrmo
3026 4172 3400 4228 circumdatus
3431 4168 3564 4225 :sed

1994 4286 2089 4339 per
2135 4269 2531 4323 inliahitantem
2577 4265 2814 4334 Spiritus
2860 4263 3089 4335 gratiam
3110 4302 3126 4328 ,
3151 4260 3345 4316 umbra
3378 4276 3409 4314 e
3442 4274 3568 4313 cor-

1996 4376 2127 4431 pore
2154 4359 2406 4429 prolapsa
2438 4356 2659 4410 morbos
2683 4354 3061 4425 aegrotantium
3090 4351 3312 4422 fugabat
3336 4350 3401 4406 ⁷⁸.
3424 4348 3567 4405 Pau-

1994 4468 2155 4523 peres
2192 4450 2387 4505 Petrus
2419 4458 2471 4504 et
2495 4446 2735 4503 Joannes
2777 4446 2909 4518 (non
2935 4446 3081 4501 enim
3113 4446 3196 4501 eis
3225 4453 3341 4500 erat
3371 4458 3566 4515 argen-

1997 4556 2133 4607 tum,
2164 4560 2338 4613 neque
2369 4556 2563 4596 aurum
2595 4541 2663 4607 ")
2689 4560 2701 4594 :
2732 4538 2829 4594 sed
2860 4547 3043 4593 tamen
3075 4537 3452 4608 largiebantur
3477 4551 3567 4591 sa-

1994 4639 2219 4693 nitatem
2250 4636 2438 4691 multis
2472 4634 2708 4689 nummis
2734 4633 2916 4687 aureis
2948 4631 3400 4701 praestantiorem.
3428 4627 3565 4682 Nam

1995 4732 2225 4787 claudus
2248 4732 2337 4786 ille
2358 4746 2389 4785 a
2419 4729 2605 4785 multis
2630 4734 2856 4798 accepto
2881 4739 3038 4792 auro,
3068 4732 3188 4779 erat
3220 4724 3397 4779 adhuc
3421 4735 3571 4776 men-

1950 4960 1993 4990 "
2034 4958 2223 5014 Matth.
2263 4972 2349 5022 rx,
2386 4955 2443 5011 9.
2515 4954 2560 4987 ’⁸
2600 4950 2788 5007 Matth.
2824 4966 2899 5016 tv,
2935 4948 3022 5004 19.
3101 4947 3145 4980 ⁶⁹
3184 4946 3306 5001 Act.
3348 4960 3440 5012 rx,
3475 4946 3567 5004 l5.

2002 5160 2082 5213 ira
2124 5157 2255 5225 lleg.
2292 5155 2500 5225 primus
2528 5152 2733 5221 πτωχοὶ
2766 5149 3164 5225 πλουτίζονται.

2074 5230 2183 5297 (90)
2207 5217 2427 5301 Antiqui
2458 5227 2564 5277 duo
2596 5217 2718 5276 libri
2744 5220 2996 5301 adipata;
3012 5218 3390 5301 περικείμενος
3411 5217 3570 5298 ἀσθέ-

2000 5290 2176 5353 νειαν.’
2220 5299 2323 5350 Alii
2355 5290 2602 5365 'quatuor
2645 5308 2779 5347 mss.
2825 5290 2901 5344 ita
2944 5296 3004 5343 ut
3032 5290 3301 5345 edendum
3343 5290 3562 5342 curavi;

2000 5386 2144 5424 111118.

2074 5438 2184 5509 (9|)
2219 5434 2521 5509 In_duohu_s_
2552 5445 2866 5509 _mss._,_pro
2898 5429 3017 5509 οῦδὲ
3049 5427 3269 5509 χρυσίον
3293 5426 3568 5509 legiturnﬁ

1999 5496 2238 5579 χρυσίον.
2260 5506 2405 5579 ῌΜοιι
2434 5504 2564 5579 editi
2591 5496 3307 5579 πολλῶχρυσίουίᾎιιιξιιιιὶ
3343 5496 3482 5579 tres.
3502 5496 3567 5551 li;

2002 5561 2083 5633 hi-i
2116 5575 2325 5630 πολλῶν
2358 5574 2616 5645 χρυσίων.
2647 5561 3054 5645 Comi-primus
3097 5561 3288 5645 πολλοῦ
3322 5566 3567 5640 χρυσίου.

2004 5648 2155 5708 Haud
2192 5640 2508 5718 longe’éditi
2544 5641 2761 5715 χρυσόν.
2796 5641 2862 5696 At
2892 5655 3018 5698 mss.
3047 5640 3293 5712 xpuciov;
