4036 6236
442 334 538 391 ΠΙ

1769 337 1826 390 S.
1870 335 2108 391 BASILII
2150 335 2362 391 MAGNI

3569 334 3598 386 Α
3615 333 3672 387 79

440 452 598 504 dieus
634 465 647 500 :
673 447 772 504 sed
801 453 1024 518 recepto
1049 462 1078 500 a
1109 445 1271 502 Petro
1297 448 1586 516 beneﬁcio,
1619 452 1820 507 saliens
1855 455 2005 522 quasi

2115 452 2223 504 ϐὼν
2255 451 2477 523 χρυσίον
2506 451 2533 501 6
2563 445 2732 518 χωλὸς
2755 490 2768 511 ,
2806 449 2883 501 ἔτι
2933 448 3230 518 προσαίτης
3270 442 3364 518 ἦν’
3421 448 3573 519 παρά
3620 450 3672 503 δι

438 556 661 614 cervus,
688 539 968 610 Deumque
1025 540 1280 604 laudans,
1313 542 1629 598 mendicare
1667 544 1850 599 desiit.
1886 544 2006 599 Non

437 640 666 694 noverat
694 631 932 687 Joannes
956 632 1141 686 mundi
1173 634 1518 701 sapientiam,
1555 644 1736 690 tamen
1767 653 1864 707 per
1893 635 2008 706 Spi-

439 726 583 780 ritus
624 724 922 794 potentiam
955 723 1183 793 protulit
1209 725 1394 791 verba,
1422 742 1543 796 quae
1565 729 1832 798 sapientia
1859 730 2007 783 nulla

443 824 623 886 potest
641 817 912 872 contueri.
943 817 1038 872 lllc
1064 826 1119 872 et
1151 819 1208 871 in
1255 819 1396 872 ccelo
1418 821 1692 884 consistit,
1719 829 1772 875 et
1804 829 2006 876 terram

441 910 634 979 replet,
658 921 712 966 et
733 910 935 979 ubique
956 910 1128 974 adest,
1159 927 1260 965 nec
1287 927 1520 981 usquam
1552 915 1881 969 continetur.
1901 914 2008 969 To-

442 1013 533 1058 tus
562 1003 618 1057 in
642 1018 971 1072 unoquoque
1004 1003 1298 1068 inhabitat,
1321 1012 1373 1058 et
1405 1011 1553 1059 totus
1586 1021 1709 1058 cum
1758 1006 1869 1061 Deo
1900 1015 2003 1061 est.

441 1091 590 1148 Dona
618 1095 895 1149 ministrat
925 1109 1034 1148 non
1063 1095 1304 1152 ministri
1337 1112 1489 1152 more
1521 1117 1533 1150 :
1573 1099 1665 1152 sed
1709 1115 1805 1153 sua
1835 1099 2007 1168 ipsius

439 1191 768 1245 auctoritate
825 1191 1060 1260 partitur
1091 1205 1341 1246 munera.
1373 1192 1576 1246 Dividit
1605 1193 1773 1256 enim,
1804 1193 2003 1261 inquit,

341 1287 348 1292 '
435 1282 772 1349 peculiariter
802 1283 1098 1352 unicuique,
1131 1284 1410 1350 proutvult
1432 1285 1498 1338 ⁷³.
1536 1284 1766 1338 Mittitur
1786 1284 2006 1354 quidem

437 1374 493 1427 in
523 1373 925 1445 dispensatoris
954 1382 1007 1430 et
1039 1376 1313 1428 ueconomi
1343 1375 1598 1429 modum:
1633 1377 1726 1430 sed
1759 1377 1869 1446 agit
1889 1391 2010 1446 pro-

439 1467 555 1533 pria
587 1473 875 1534 potestate.
907 1465 1202 1520 Precemur
1251 1466 1425 1531 illum,
1463 1474 1520 1519 ut
1550 1467 1750 1520 animis
1800 1468 2007 1522 nostris

437 1557 604 1620 adsit,
656 1572 758 1611 nec
819 1558 932 1610 ullo
960 1565 1208 1626 tempore
1235 1573 1338 1612 nos
1381 1557 1618 1620 deserat,
1651 1574 1747 1627 per
1777 1559 2005 1630 gratiam

437 1645 651 1701 Domini
681 1649 852 1703 nostri
877 1647 1006 1704 Jesu
1028 1648 1232 1704 Christi
1262 1665 1275 1701 :
1309 1650 1398 1704 cui
1435 1650 1607 1721 gloria
1635 1656 1690 1705 et
1715 1650 2004 1720 imperium

438 1753 491 1825 ἰιι
525 1738 721 1792 saecula
755 1739 1100 1793 saeculorum.
1128 1739 1322 1794 Amen.

894 2075 1052 2147 134
1079 2073 1364 2128 HOMILIA
1405 2074 1544 2132 xvn.

611 2191 676 2245 In
703 2191 858 2256 illud,
896 2208 913 2239 ι
941 2188 1007 2244 1η
1027 2189 1284 2260 principio
1317 2199 1432 2244 erat
1479 2189 1699 2244 Verbum
1723 2210 1742 2243 ι
1760 2192 1828 2245 ⁷⁵.

504 2307 558 2362 1.
602 2305 795 2361 Omnis
829 2303 1046 2374 quidem
1084 2302 1501 2371 Evangeliorum
1521 2319 1622 2358 vox
1654 2303 1880 2374 reliquis
1908 2303 2008 2358 do-

433 2397 706 2454 cumentis
759 2411 790 2448 a
840 2394 1046 2465 Spiritu
1098 2393 1318 2449 traditis
1367 2395 1802 2464 magnilicentior
1831 2402 2008 2449 estet

430 2486 795 2558 praestantior,
815 2485 957 2557 quod
973 2486 1028 2539 in
1057 2485 1141 2540 his
1159 2500 1253 2554 per
1269 2499 1456 2540 servos
1478 2485 1769 2556 prophetas
1790 2487 2002 2540 loeutus

433 2583 505 2638 sit
535 2582 601 2636 ad
626 2597 748 2648 nos,
779 2583 834 2635 in
870 2579 1178 2650 Evangeliis
1210 2594 1340 2633 vero
1379 2577 1642 2633 Dominus
1679 2577 1795 2648 ipse
1824 2594 1920 2649 per
1945 2594 2004 2633 se

432 2691 534 2729 nos
577 2675 845 2729 allocutus
883 2675 987 2728 sit.
1012 2671 1118 2726 Sed
1146 2672 1240 2741 qui
1278 2671 1419 2726 inter
1470 2672 1618 2740 ipsos
1659 2672 2003 2740 evangelicos

431 2781 714 2835 praecones
788 2766 1172 2820 vocalissimus
1219 2771 1322 2828 est,
1364 2762 1566 2833 quique
1617 2762 1806 2816 auditu
1854 2763 2004 2817 omni

433 2857 663 2924 majora,
699 2866 752 2912 et
807 2856 1161 2926 intelligentia
1212 2855 1359 2908 omni
1416 2854 1609 2907 altiora
1641 2855 1856 2910 locutus
1885 2865 2000 2918 est,

433 2944 669 3001 Joannes
686 2954 789 3008 est,
814 2947 902 3001 ille
916 2946 1138 2999 tonitrui
1159 2945 1322 3009 ﬁlius,
1343 2945 1501 3014 cujus
1525 2945 1830 3000 audivimus
1846 2961 2005 3001 exor-

434 3038 606 3101 dium,
640 3037 785 3106 quod
807 3052 871 3091 ex
896 3035 1170 3105 Evangelii
1203 3035 1344 3089 libro
1375 3036 1570 3089 lectum
1598 3041 1683 3090 est
1716 3054 1729 3089 :
1764 3034 1829 3089 In
1858 3038 2004 3105 prin—

434 3129 570 3196 cipio
596 3138 711 3183 erat
746 3127 990 3191 Verbum,
1031 3137 1080 3181 et
1120 3126 1345 3180 Verbum
1395 3135 1510 3180 erat
1547 3126 1685 3196 apud
1733 3126 1914 3191 Deum,
1955 3136 2004 3180 et

436 3219 576 3273 Deus
612 3229 727 3273 erat
759 3218 983 3273 Verbum
1001 3219 1068 3271 ⁷⁵.
1104 3216 1237 3272 Novi
1271 3218 1470 3272 multos
1513 3233 1578 3272 ex
1624 3217 1691 3272 iis
1719 3217 1882 3272 etiam
1913 3219 2005 3288 qui

436 3327 463 3363 a
498 3310 738 3366 veritatis
765 3309 1016 3364 doctrina
1057 3309 1217 3364 alieni
1264 3317 1413 3373 sunt,
1448 3310 1649 3378 quique
1678 3308 1746 3364 de
1791 3310 2006 3380 sapien-

434 3403 509 3454 tia
555 3401 830 3454 mundana
869 3401 1190 3469 gloriantur,
1222 3401 1335 3454 haec
1371 3408 1424 3456 et
1449 3401 1747 3456 admiratos
1776 3417 1920 3465 esse,
1953 3409 2007 3457 et

436 3492 656 3563 scriptis
706 3493 821 3547 suis
875 3492 1117 3548 inserere
1175 3508 1339 3547 ausos
1389 3491 1578 3548 fuisse.
1609 3491 1720 3545 Fur
1750 3499 1834 3547 est
1860 3494 2005 3546 enim

433 3583 718 3647 diabolus;
772 3598 834 3637 ac
889 3593 1097 3645 nostra,
1131 3598 1253 3637 cum
1304 3583 1608 3638 fabularum
1633 3593 1882 3638 narrator
1912 3583 2003 3647 sit,

436 3673 502 3728 ad
535 3688 664 3728 suos
702 3682 852 3727 vates
874 3672 1046 3729 eﬂ‘ert.
1070 3671 1226 3740 Quod
1260 3673 1306 3729 si
1337 3673 1572 3728 carnalis
1600 3673 1865 3743 sapientia
1887 3689 2007 3729 ver-

435 3765 629 3819 borum
679 3764 786 3819 vim
827 3773 1108 3832 tantopere
1135 3773 1219 3818 est
1261 3764 1550 3826 admirata,
1587 3763 1716 3833 quid
1745 3778 1848 3816 nos
1876 3761 2003 3832 Spi-

435 3854 577 3908 ritus
634 3852 885 3924 discipuli
934 3853 1236 3908 faciemus?
1284 3850 1541 3908 Obiterne
1592 3851 1898 3916 audiemus,
1951 3859 2006 3905 et

433 3947 685 4015 exiguam
711 3931 999 4014 qdamdam
1025 3944 1133 3997 vim
1150 3946 1206 3997 in
1224 3943 1305 3998 eis
1337 3943 1516 3997 inesse
1536 3941 2007 3998 existimabimus?

435 4037 637 4107 Ecquis
692 4038 765 4090 ita
817 4035 1068 4105 stupidus
1127 4034 1306 4097 fuerit,
1338 4033 1430 4102 qui
1483 4041 1687 4086 tantam
1723 4033 2005 4088 sententiae

435 4129 892 4200 pulchritudinem
912 4135 1130 4198 tamque
1147 4125 1752 4196 incomprehensibilem
1781 4126 2005 4196 dogma-

432 4225 550 4271 tum
596 4218 935 4272 altitudinem
982 4233 1092 4272 non
1141 4216 1402 4282 miretur;
1433 4203 1535 4270 nec
1584 4231 1769 4270 veram
1812 4231 2003 4270 eorum

432 4309 973 4378 comprehensionem
1028 4309 1421 4376 concupiscat?
1449 4308 1520 4361 At
1555 4306 1696 4362 enim
1741 4307 2001 4361 admirari

433 4400 660 4470 pulchra
695 4398 911 4455 diﬂicile
938 4415 1049 4454 non
1101 4407 1185 4456 est
1222 4420 1235 4455 :
1275 4401 1368 4455 sed
1402 4416 1464 4455 ea
1494 4415 1615 4470 quae
1655 4401 1998 4455 admirationi

2108 545 2312 616 Πέτρου
2347 543 2637 612 δεξάμενος
2675 541 2771 612 τὴν
2805 541 2985 611 χάριν,
3027 538 3300 592 ἐπαύσατο
3346 538 3674 609 προσαιτῶν,

2107 636 2397 706 ἀλλόμενος
2429 633 2614 705 ὥσπερ
2661 633 2873 701 ἔλαφος,
2923 632 3016 684 καὶ
3046 629 3209 683 αἰνῶν
3245 629 3335 682 τὸν
3368 629 3517 683 Θεόν.
3561 627 3679 685 Οὐκ

2108 727 2221 797 ῇδει
2259 727 2508 794 Ἰωάννης
2535 725 2633 795 τὴν
2657 723 2748 776 τοῦ
2777 724 2978 793 κόσμου
3008 721 3216 790 σοφίαν,
3234 720 3347 773 ἀλλ’
3376 719 3679 790 ἐφθέγξατο

2109 820 2328 890 ῥήματα
2455 817 2679 886 δυνάμει
2704 815 2797 867 τοῦ
2834 814 3146 884 Πνεύματος
3175 813 3308 883 (92),
3338 807 3416 875 οἷς
3451 811 3679 882 οὐδεμία

2109 909 2270 976 σοφία
2327 908 2660 979 προσϐλέψαι
2713 907 2952 960 δύναται.
3005 905 3176 958 Τοῦτο
3219 906 3313 958 καὶ
3359 907 3416 957 ἐν
3459 904 3677 975 οὐρανῷ

2106 999 2324 1070 ἔστηκε,
2361 1000 2454 1054 καὶ
2477 999 2574 1070 τὴν
2609 1002 2712 1069 γῆν
2742 998 3089 1068 πεπλήρωκε,
3113 996 3208 1050 καὶ
3230 995 3506 1065 πανταχοῦ
3535 997 3679 1066 πάρ·

2107 1109 2242 1154 εστι,
2279 1091 2371 1144 καὶ
2392 1091 2625 1162 οὐδαμοῦ
2664 1089 2996 1160 περιέχεται.
3026 1087 3184 1142 Ὅλον
3215 1088 3429 1157 ἑκάστῳ
3455 1087 3674 1148 ἐνοικεῖ,

2107 1183 2200 1235 καὶ
2224 1183 2343 1234 ὅλον
2383 1183 2500 1234 ἐστὶ
2549 1181 2685 1251 μετὰ
2711 1183 2804 1234 τοῦ
2844 1179 2998 1232 Θεοῦ.
3040 1179 3115 1231 Οὐ
3145 1178 3535 1248 λειτουργικῶς
3561 1177 3668 1231 δια-

2107 1276 2252 1326 κονεῖ
2278 1273 2376 1336 τὰς
2407 1273 2634 1343 δωρεάς,
2673 1272 2785 1325 ἀλλ’
2813 1270 3145 1334 αὐθεντικῶς
3175 1269 3374 1341 διαιρεῖ
3411 1271 3476 1322 τὰ
3519 1268 3676 1341 χαρί-

2109 1379 2306 1433 σματα.
2353 1363 2568 1431 Διαιρεῖ
2606 1363 2735 1436 γάρ,
2781 1364 2978 1435 φησὶν,
3011 1362 3131 1429 ἰδίᾳ
3179 1361 3445 1428 ἑκάστῳ,
3480 1361 3677 1424 καθὼς

2100 1455 2412 1518 βούλεται.
2456 1455 2869 1507 Ἀποστέλλεται
2915 1455 3012 1524 μὲν
3045 1453 3429 1522 οἰκονομικῶς,
3461 1452 3677 1520 ἐνεργεῖ

2105 1545 2161 1598 δὲ
2206 1545 2583 1611 αὐτεξουσίως.
2633 1544 2801 1597 Τοῦτο
2836 1547 3088 1615 παρεῖναι
3122 1545 3239 1605 ταῖς
3269 1541 3465 1612 ψυχαῖς
3516 1540 3675 1611 ἡμῶν

2106 1634 2410 1706 εὐξώμεθα,
2440 1637 2536 1690 καὶ
2562 1635 2763 1706 μηδένα
2795 1635 2985 1706 καιρὸν
3017 1636 3049 1704 ἡ
3060 1635 3166 1704 μᾶς
3196 1633 3586 1702 ἀπολιμπάνειν
3611 1633 3673 1682 ἐν

2107 1727 2291 1798 χάριτι
2316 1724 2411 1778 τοῦ
2452 1725 2658 1795 Κυρίου
2691 1722 2846 1794 ἡμῶν
2893 1722 3065 1792 Ἰησοῦ
3094 1719 3355 1791 Χριστοῦ·
3393 1713 3436 1787 ᾧ
3482 1717 3674 1788 ἠδόξει.

2043 1810 2090 1869 Β
2118 1819 2211 1873 καὶ
2242 1818 2302 1870 τὺ
2324 1816 2523 1889 κράτος
2553 1817 2632 1878 είς
2658 1815 2785 1878 τοὺς
2820 1812 3020 1876 αἰῶνας
3041 1811 3148 1865 τῶν
3177 1809 3401 1864 αἰώνων.
3443 1810 3633 1879 Ἀμήν.

2692 2077 2935 2132 OMIAIA
2967 2075 3081 2142 ις’.

2311 2197 2414 2259 Εἰς
2439 2192 2528 2260 τὸ,
2558 2212 2575 2244 ι
2597 2193 2693 2244 Ἐν
2710 2189 2866 2260 ἀρχῇ
2901 2187 2981 2261 ἦν
3009 2193 3040 2243 ὀ
3061 2190 3248 2258 Λόγος
3276 2207 3294 2240 ι
3339 2188 3468 2260 (93).

2178 2307 2228 2358 Ι.
2254 2305 2410 2358 Πᾶσα
2444 2304 2594 2374 μὲνὴ
2632 2301 2741 2354 τῶν
2775 2299 3123 2369 Εὐαγγελίων
3157 2300 3307 2370 φωνὴ
3347 2298 3681 2368 μεγαλοφυε-

2108 2397 2273 2468 στὲρα
2309 2396 2414 2449 τῶν
2451 2393 2651 2447 λοιπῶν
2671 2392 2762 2446 τοῦ
2801 2391 3114 2462 ΙΙνεύματος
3159 2391 3519 2460 διδαγμάτων,
3549 2391 3678 2443 καθ’

2108 2489 2189 2542 ὄτι
2213 2489 2270 2541 ὲν
2297 2487 2523 2548 ἐκείνοις
2550 2485 2648 2556 μὲν
2669 2483 2755 2538 διὰ
2783 2483 2887 2537 τῶν
2920 2483 3119 2536 δούλων
3156 2485 3284 2552 ἡμῖν
3314 2481 3537 2550 ὲλάλησε
3565 2480 3679 2535 τῶν

2109 2577 2421 2649 προφητῶν,
2465 2579 2521 2629 ὲν
2569 2576 2625 2628 δὲ
2683 2579 2795 2638 τοῖς
2833 2575 3185 2642 Εὐαγγελίοις
3236 2573 3680 2644 αὐτοπροσὼπως

2107 2669 2349 2740 διελέχθη
2382 2671 2513 2740 ἡμῖν
2545 2671 2573 2722 6
2602 2669 2895 2738 Δεσπότης.
2931 2665 3104 2720 Αὐτοῦ
3139 2683 3201 2735 γε
3241 2665 3346 2736 μὴν
3378 2665 3469 2717 τοῦ
3513 2665 3680 2734 εὐαγο

2108 2761 2322 2832 γελικοῦ
2357 2761 2710 2832 κηρύγματος
2755 2763 2783 2813 6
2815 2759 3341 2830 μεγαλοφωνότατος,
3379 2759 3470 2810 καὶ
3496 2757 3679 2828 πάσης

2112 2854 2209 2924 μὲν
2245 2853 2413 2923 ἀκοῆς
2461 2851 2715 2921 μείζονα,
2759 2851 2938 2920 πάσης
2978 2850 3034 2902 δὲ
3078 2850 3314 2912 διανοίας
3370 2848 3681 2919 ὑψηλότερα

2110 2945 2500 3016 φθεγξάμενος,
2543 2943 2796 3015 Ἰωάννης
2847 2942 3016 3002 ἐστὶν,
3060 2944 3088 2995 6
3123 2940 3234 3003 υίὸς
3271 2940 3370 3009 τῆς
3415 2939 3675 3010 βροντῆς.

2108 3031 2170 3090 οὐ
2217 3037 2279 3089 τὸ
2331 3036 2612 3106 προοίμιον
2651 3033 2750 3105 τῆς
2796 3032 3158 3102 εὐαγγελικῆς
3200 3030 3519 3100 συγγραφῆς
3545 3027 3680 3098 ἄρτι

2105 3129 2448 3198 άναγνωσθὲν
2480 3128 2789 3198 ἠκούσαμεν
2809 3143 2822 3156 ·
2871 3127 2972 3180 Ἐν
2992 3123 3149 3193 ἀρχῇ
3168 3124 3248 3192 ἦν
3276 3127 3309 3176 ό
3335 3123 3541 3190 Λόγος,
3572 3121 3677 3175 καὶ

2107 3227 2139 3277 ὀ
2166 3224 2354 3291 Λόγος
2375 3217 2452 3290 ἦν
2477 3221 2624 3288 πρὸς
2647 3218 2754 3272 τὸν
2793 3217 2960 3282 Θεὸν,
2988 3216 3086 3273 καὶ
3120 3215 3259 3280 Θεὸς
3295 3211 3374 3283 ἦν
3393 3217 3425 3268 ό
3457 3214 3674 3282 Λόγος.

2106 3314 2292 3366 Ταῦτα
2323 3309 2438 3366 οἶδα
2467 3313 2692 3376 πολλοὺς
2713 3315 2807 3366 καὶ
2829 3311 2938 3364 τῶν
2974 3310 3079 3376 ἔξω
3108 3310 3201 3364 τοῦ
3233 3311 3390 3378 λόγου
3423 3309 3520 3378 τῆς
3549 3308 3681 3379 ἀλη-

2105 3403 2253 3468 θείας
2293 3405 2433 3474 μέγα
2461 3404 2797 3475 φρονούντων
2829 3405 2923 3456 ἐπὶ
2957 3403 3118 3475 σοφίᾳ
3149 3404 3386 3474 κοσμικῇ
3417 3402 3510 3455 καὶ
3548 3401 3712 3462 θαυσ,

2109 3495 2407 3566 μάσαντας,
2454 3495 2547 3548 καὶ
2599 3496 2710 3557 τοῖς
2743 3493 2949 3547 ἑαυτῶν
2999 3493 3369 3563 συντάγμασιν
3430 3495 3676 3560 ἐγκατα-

2109 3585 2259 3656 μίξαι
2291 3585 2400 3655 (94)
2460 3586 2853 3656 τολμήσαντας.
2908 3585 3162 3656 Κλέπτης
3205 3586 3314 3656 γὰρ
3351 3588 3378 3638 6
3407 3585 3676 3652 διάϐολος,

2106 3675 2199 3749 καὶ
2225 3675 2297 3747 τὰ
2324 3676 2565 3746 ἡμέτερα
2597 3675 2983 3748 ὲκφερομυθῶν
3015 3678 3151 3749 πρὸς
3183 3680 3308 3741 τοὺς
3337 3677 3525 3731 ἑαυτοῦ
3543 3679 3682 3732 ὑπο-

2106 3765 2299 3834 φητας.
2330 3766 2394 3818 Εἰ
2443 3763 2536 3820 οὖν
2571 3768 2604 3836 ἡ
2654 3768 2881 3837 σαρκίνη
2911 3769 3072 3838 σοφία
3106 3769 3356 3824 τοσοῦτον
3391 3769 3678 3840 ἐθαύμασε

2105 3857 2209 3910 τῶν
2235 3858 2493 3930 ῥημάτων
2529 3863 2626 3928 τὴν
2651 3860 2896 3930 δύναμιν,
2939 3860 2992 3913 τί
3023 3862 3335 3933 ποιήσωμεν
3367 3862 3477 3935 (95)
3510 3865 3677 3932 ἡμεῖς

2103 3949 2153 4001 οἱ
2187 3950 2424 4021 μαθηταὶ
2439 3949 2532 4004 τοῦ
2551 3951 2886 4023 Πνεύματος,
2917 3953 3011 4006 ὲάν
3041 3954 3330 4024 παρέργως
3353 3953 3678 4024 ἀκούσωμεν

2105 4041 2198 4093 καὶ
2256 4043 2455 4113 μικράν
2493 4061 2611 4096 τινα
2658 4044 2756 4115 τὴν
2781 4045 3193 4116 ἐνυπάρχουσαν
3231 4049 3412 4109 αὐτοῖς
3443 4045 3679 4116 δύναμιν

2104 4126 2242 4183 εἴναι
2263 4132 2640 4203 λογισώμεθα;
2669 4135 2876 4198 Καὶτίς
2906 4135 3080 4199 οὕτως
3103 4136 3454 4206 ἀναισθησίαν
3479 4136 3675 4198 νοσῶν,

2103 4217 2242 4271 ὥστε
2279 4222 2515 4274 τοιοῦτον
2549 4222 2660 4291 (96)
2696 4223 2889 4288 κάλλος
2923 4224 3127 4289 ἐννοίας
3155 4227 3248 4278 καὶ
3276 4226 3436 4296 βάθος
3467 4226 3676 4296 δογμά-

2102 4327 2210 4363 των
2260 4311 2432 4376 οὖτως
2481 4314 2768 4382 ἀνέφικτον
2833 4317 2906 4386 μὴ
2936 4317 3057 4388 οὐχὶ
3101 4317 3533 4385 καταπλαγῆναι,
3577 4317 3677 4370 καὶ

2105 4401 2438 4473 ἐπιθυμῆσαι
2483 4405 2660 4459 αὐτῶν
2688 4405 2788 4476 τῆς
2809 4406 3041 4476 ἀληθοῦς
3083 4407 3466 4478 καταλήψεως
3515 4407 3678 4460 Ἀλλά

435 4493 587 4548 fuere
653 4492 891 4563 perfecte
922 4493 1244 4562 intelligere,
1276 4494 1380 4547 hoc
1437 4493 1667 4547 arduum
1719 4500 1804 4549 est
1838 4502 2001 4564 atque

2105 4492 2212 4564 γὰρ
2233 4496 2352 4565 οὐχὶ
2376 4496 2436 4550 τὸ
2469 4495 2744 4569 θαυμάσαι
2769 4499 2838 4554 τά
2871 4501 3012 4553 καλά
3033 4501 3309 4564 δύσκολον,
3336 4501 3470 4554 ἀλλὰ
3517 4500 3578 4553 τὸ
3614 4503 3677 4554 ὲν

432 4581 774 4653 perdifﬁcile.
803 4582 937 4637 Nam
993 4589 1047 4638 et
1094 4584 1262 4638 solem
1305 4583 1452 4638 hunc
1493 4582 1804 4638 sensibilem
1839 4598 2001 4638 nemo

431 4682 517 4730 est
549 4675 642 4744 qui
669 4690 778 4730 non
829 4675 1009 4730 laudet
1045 4693 1059 4730 :
1097 4674 1537 4744 quandoquidem
1577 4675 1696 4743 ejus
1727 4675 1992 4745 magnitu-

2101 4585 2321 4658 ἀκριϐεῖ
2376 4591 2700 4661 κατανοήσει
2755 4592 3009 4660 γενέσθαι
3056 4594 3163 4647 τῶν
3215 4593 3670 4665 θαυμασθέντων,

2098 4676 2256 4731 τοῦτο
2289 4679 2521 4749 χαλεπὸν
2577 4684 2668 4736 καὶ
2714 4683 3052 4755 δυσέφικτον.
3093 4686 3246 4739 Ἐπεὶ
3273 4687 3367 4739 καὶ
3404 4685 3493 4738 τὸν
3524 4685 3676 4755 ἣλιον

432 4766 557 4823 dine
623 4776 676 4823 ct
735 4766 1139 4838 pulchritudine
1184 4773 1238 4822 ct
1287 4767 1559 4821 radiorum
1607 4767 1917 4837 aequalitate
1943 4774 1996 4822 et

2105 4767 2282 4823 τοῦτον
2303 4769 2392 4824 τὸν
2441 4773 2696 4844 αἰσθητὸν
2733 4775 2907 4840 οὐδεὶς
2948 4775 3044 4846 μέν
3086 4777 3233 4828 ἐστιν
3269 4775 3327 4839 ὃς
3373 4777 3469 4845 οὐχ
3501 4775 3673 4846 ὑπερ-

503 4924 549 4956 "
583 4921 602 4973 l
635 4923 764 4979 Cor.
800 4940 912 4985 xu,
952 4923 1036 4976 li.
1112 4922 1157 4954 ⁷⁵
1195 4921 1353 4976 Joan.
1393 4938 1444 4983 ι,
1481 4923 1532 4976 1.
1611 4922 1657 4952 ⁷⁵
1695 4921 1827 4977 ibid.

506 5078 618 5141 (9‘2)
663 5076 796 5148 Reg.
838 5079 1058 5148 primus
1101 5084 1155 5132 et
1195 5076 1349 5148 Qolb.
1388 5075 1574 5148 itidem
1606 5075 1743 5148 ἀλλ’-
1769 5075 1882 5146 ᾔδει
1929 5074 1998 5128 τά

437 5149 656 5218 ῥήματα
686 5145 790 5217 τῆς
831 5145 1111 5218 δυνάμεως
1147 5146 1241 5199 τοῦ
1275 5146 1611 5218 Πνεύματος,
1654 5145 1744 5218 sed
1767 5145 1999 5218 Διιουινηιι

434 5215 588 5271 uerba
614 5215 858 5286 potentiae
881 5215 1129 5285 Spiritus,
1148 5221 1311 5284 quam
1340 5217 1660 5284 scripturam
1686 5215 1998 5283 judicamus

435 5287 654 5358 quidem
689 5288 913 5358 bonam.
955 5287 1050 5342 sed
1093 5294 1273 5358 tamen
1315 5301 1379 5340 ea
1416 5300 1525 5338 non
1568 5286 1792 5358 utimur,
1853 5286 1999 5354 quod

433 5356 602 5412 causa
623 5357 771 5412 nulla
797 5358 869 5412 sit
895 5373 991 5410 cur
1022 5357 1240 5424 vulgata
1265 5362 1524 5418 mutetur,
1549 5356 1847 5424 praesertim
1875 5369 1997 5408 cum

437 5430 610 5497 ipsam
639 5444 772 5497 mss.
815 5427 970 5482 multi
1003 5437 1278 5480 tueantur.

509 5497 619 5567 (95)
680 5495 770 5551 Sic
820 5513 962 5567 mss.
989 5497 1258 5567 nonnulli.
1317 5494 1420 5548 Alii
1460 5494 1574 5567 duo
1631 5496 1710 5567 εἰς
1757 5493 1818 5567 to
1862 5495 2003 5567 κατά

449 5563 696 5636 Ἰωάννην
739 5566 1087 5636 Εὐαγγέλιον,
1113 5566 1190 5618 -ίιι
1239 5565 1577 5635 Evangelium
1620 5563 1869 5636 Joaum’s.
1909 5565 1999 5630 qui

437 5639 629 5693 titulus
654 5634 816 5707 longu
844 5634 1243 5707 commentario
1271 5634 1575 5707 conveniret
1611 5634 1998 5707 m_agis,_quan_t

440 5707 588 5763 brevi
621 5698 874 5764 orationi.
899 5706 1078 5761 Editio
1107 5706 1280 5765 Paris.
1313 5709 1389 5768 είς
1415 5705 1509 5776 τὴν
1543 5698 1997 5776 ἀρχὴότοῦκατὸι

2115 5075 2364 5149 Ἰωάννην
2395 5076 2748 5143 Εὐαγγελίου,
2773 5078 2828 5129 in
2858 5077 3171 5145 principium
3200 5077 3472 5149 Evangelii
3497 5098 3676 5138 secun-

2103 5150 2227 5198 dum
2257 5145 2538 5201 Joannem.

2175 5214 2536 5288 (94)_dntiqui
2567 5227 2678 5288 tres
2705 5216 2827 5288 libri
2858 5216 3242 5287 ὲγκαταμίξαι.
3269 5219 3423 5273 Alius
3445 5221 3682 5288 ἐγκατα-

2103 5282 2277 5351 τάξαιζ
2302 5282 2539 5356 Utraque
2553 5282 3237 5342 editioetColb.secundus
3267 5282 3627 5356 ὲγκαταλέξαι
3661 5313 3676 5348 :

2105 5371 2346 5426 quarum_
2380 5355 2671 5410 lectionum
2703 5357 2961 5426 omniumﬁ
2977 5357 3164 5412 eadem
3197 5366 3280 5411 est
3307 5355 3600 5416 Sententia.

2179 5426 2288 5494 (95)
2317 5423 2408 5498 Sic
2455 5441 2588 5498 mss.
2629 5434 2881 5498 quatuor.
2923 5425 3065 5498 Editi
3100 5428 3462 5498 ποιήσομεν...
3502 5430 3676 5484 ἀκού-

2110 5495 2717 5571 σομεν....λθ-ινισὸμεθαἶ
2748 5495 2948 5571 Ibidem
2979 5495 3223 5571 quinque
3249 5495 3380 5552 mss.
3411 5499 3507 5551 ὲάν
3531 5517 3681 5571 παρ-

2110 5567 2303 5636 έργως.
2347 5565 2565 5620 Vocula
2586 5566 2681 5618 ὲάν
2706 5565 2762 5636 in
2791 5565 3024 5636 vulgatis
3047 5566 3409 5622 desideratur.

2156 5637 2290 5706 ’(9ϋ)
2327 5636 2466 5692 Editi
2497 5636 2570 5699 ὡς
2603 5635 2860 5742 τοιοῦτον.
2896 5635 3121 5708 Antiqui
3151 5651 3246 5694 se:
3281 5637 3403 5692 libri
3432 5636 3600 5696 ὥστε.
