  <div class='ocr_page' id='page_1' title='image "/cluster/home/n/w/nwhite01/storage/ocr_20150623/31/mdp.39015012934363/246.png"; bbox 0 0 4036 6236; ppageno 0'>
   <div class='ocr_carea' id='block_1_1' title="bbox 377 363 486 420">
    <p class='ocr_par' dir='ltr' id='par_1_1' title="bbox 377 363 486 420">
     <span class='ocr_line' id='line_1_1' title="bbox 377 363 486 420; baseline -0.009 -1"><span class='ocrx_word' id='word_1_1' title='bbox 377 363 486 420; x_wconf 65' lang='grc'><strong>473</strong></span> 
     </span>
    </p>
   </div>
   <div class='ocr_carea' id='block_1_2' title="bbox 1094 363 2889 430">
    <p class='ocr_par' dir='ltr' id='par_1_2' title="bbox 1094 363 2889 430">
     <span class='ocr_line' id='line_1_2' title="bbox 1094 363 2889 430; baseline 0.001 -12"><span class='ocrx_word' id='word_1_2' title='bbox 1094 364 1375 419; x_wconf 75' lang='grc' dir='ltr'><strong>ΗΟΜΙῌΑ</strong></span> <span class='ocrx_word' id='word_1_3' title='bbox 1407 365 1471 419; x_wconf 78' lang='lat' dir='ltr'><strong>IN</strong></span> <span class='ocrx_word' id='word_1_4' title='bbox 1513 366 1736 430; x_wconf 87' lang='lat' dir='ltr'><strong>ILLUD,</strong></span> <span class='ocrx_word' id='word_1_5' title='bbox 1781 366 1867 420; x_wconf 73' lang='lat' dir='ltr'><strong>IN</strong></span> <span class='ocrx_word' id='word_1_6' title='bbox 1904 366 2303 422; x_wconf 77' lang='lat' dir='ltr'><strong>PRINCIPIO</strong></span> <span class='ocrx_word' id='word_1_7' title='bbox 2344 366 2530 420; x_wconf 77' lang='lat' dir='ltr'><strong>ERAT</strong></span> <span class='ocrx_word' id='word_1_8' title='bbox 2576 363 2889 420; x_wconf 81' lang='lat' dir='ltr'><strong>VERBUM.</strong></span> 
     </span>
    </p>
   </div>
   <div class='ocr_carea' id='block_1_3' title="bbox 3529 361 3636 421">
    <p class='ocr_par' dir='ltr' id='par_1_3' title="bbox 3529 361 3636 421">
     <span class='ocr_line' id='line_1_3' title="bbox 3529 361 3636 421; baseline 0.019 -3"><span class='ocrx_word' id='word_1_9' title='bbox 3529 361 3636 421; x_wconf 61' lang='grc'><strong>474</strong></span> 
     </span>
    </p>
   </div>
   <div class='ocr_carea' id='block_1_4' title="bbox 381 472 1956 553">
    <p class='ocr_par' dir='ltr' id='par_1_4' title="bbox 381 472 1956 547">
     <span class='ocr_line' id='line_1_4' title="bbox 381 472 1956 547; baseline 0.004 -18"><span class='ocrx_word' id='word_1_10' title='bbox 381 480 611 539; x_wconf 59' lang='lat' dir='ltr'><strong>marvel,</strong></span> <span class='ocrx_word' id='word_1_11' title='bbox 656 476 717 529; x_wconf 79' lang='grc' dir='ltr'><strong>τὸ</strong></span> <span class='ocrx_word' id='word_1_12' title='bbox 756 477 989 547; x_wconf 82' lang='grc' dir='ltr'>μέγεθος</span> <span class='ocrx_word' id='word_1_13' title='bbox 1026 472 1188 531; x_wconf 76' lang='grc' dir='ltr'>αὑτοῦ</span> <span class='ocrx_word' id='word_1_14' title='bbox 1245 482 1338 532; x_wconf 75' lang='grc' dir='ltr'>καὶ</span> <span class='ocrx_word' id='word_1_15' title='bbox 1374 482 1435 532; x_wconf 85' lang='grc' dir='ltr'><strong>τὸ</strong></span> <span class='ocrx_word' id='word_1_16' title='bbox 1466 481 1680 546; x_wconf 69' lang='grc' dir='ltr'>κάλλος,</span> <span class='ocrx_word' id='word_1_17' title='bbox 1719 484 1813 535; x_wconf 69' lang='grc' dir='ltr'><strong>καὶ</strong></span> <span class='ocrx_word' id='word_1_18' title='bbox 1850 482 1956 535; x_wconf 83' lang='grc' dir='ltr'>τῶν</span> 
     </span>
    </p>
   </div>
   <div class='ocr_carea' id='block_1_5' title="bbox 2056 472 3634 553">
    <p class='ocr_par' dir='ltr' id='par_1_5' title="bbox 2065 476 3634 553">
     <span class='ocr_line' id='line_1_5' title="bbox 2065 476 3634 553; baseline -0.001 -18"><span class='ocrx_word' id='word_1_19' title='bbox 2065 484 2343 553; x_wconf 71' lang='lat' dir='ltr'><strong>splendida</strong></span> <span class='ocrx_word' id='word_1_20' title='bbox 2372 484 2489 536; x_wconf 87' lang='lat' dir='ltr'><strong>luce</strong></span> <span class='ocrx_word' id='word_1_21' title='bbox 2531 495 2856 551; x_wconf 79' lang='lat' dir='ltr'><strong>magnopere</strong></span> <span class='ocrx_word' id='word_1_22' title='bbox 2873 478 3187 533; x_wconf 78' lang='lat' dir='ltr'><strong>delectatur.</strong></span> <span class='ocrx_word' id='word_1_23' title='bbox 3215 476 3463 532; x_wconf 77' lang='lat' dir='ltr'><strong>Altamen</strong></span> <span class='ocrx_word' id='word_1_24' title='bbox 3498 480 3542 533; x_wconf 99' lang='lat' dir='ltr'><strong>si</strong></span> <span class='ocrx_word' id='word_1_25' title='bbox 3578 478 3634 533; x_wconf 88' lang='lat' dir='ltr'><strong>in</strong></span> 
     </span>
    </p>
   </div>
   <div class='ocr_carea' id='block_1_6' title="bbox 381 568 1961 639">
    <p class='ocr_par' dir='ltr' id='par_1_6' title="bbox 381 568 1961 639">
     <span class='ocr_line' id='line_1_6' title="bbox 381 568 1961 639; baseline 0.001 -17"><span class='ocrx_word' id='word_1_26' title='bbox 381 569 613 622; x_wconf 73' lang='grc' dir='ltr'>ἀκτίνων</span> <span class='ocrx_word' id='word_1_27' title='bbox 656 568 758 639; x_wconf 78' lang='grc' dir='ltr'>τὴν</span> <span class='ocrx_word' id='word_1_28' title='bbox 818 570 1183 639; x_wconf 79' lang='grc' dir='ltr'><strong>συμμετρίαν,</strong></span> <span class='ocrx_word' id='word_1_29' title='bbox 1220 571 1311 623; x_wconf 78' lang='grc' dir='ltr'><strong>καὶ</strong></span> <span class='ocrx_word' id='word_1_30' title='bbox 1345 570 1405 623; x_wconf 83' lang='grc' dir='ltr'><strong>τὸ</strong></span> <span class='ocrx_word' id='word_1_31' title='bbox 1444 572 1767 625; x_wconf 87' lang='grc' dir='ltr'>ἀποστίλϐον</span> <span class='ocrx_word' id='word_1_32' title='bbox 1796 572 1961 627; x_wconf 81' lang='grc' dir='ltr'>αὑτοῦ</span> 
     </span>
    </p>
   </div>
   <div class='ocr_carea' id='block_1_7' title="bbox 382 659 1962 735">
    <p class='ocr_par' dir='ltr' id='par_1_7' title="bbox 382 659 1962 735">
     <span class='ocr_line' id='line_1_7' title="bbox 382 659 1962 735; baseline 0.002 -23"><span class='ocrx_word' id='word_1_33' title='bbox 382 661 495 728; x_wconf 55' lang='grc' dir='ltr'><strong>φῶς</strong></span> <span class='ocrx_word' id='word_1_34' title='bbox 540 659 1033 730; x_wconf 79' lang='grc' dir='ltr'>κατασπαζόμενος</span> <span class='ocrx_word' id='word_1_35' title='bbox 1077 660 1187 733; x_wconf 79' lang='lat'>(9‘7)</span> <span class='ocrx_word' id='word_1_36' title='bbox 1214 679 1227 690; x_wconf 76' lang='grc' dir='ltr'><strong>ο</strong></span> <span class='ocrx_word' id='word_1_37' title='bbox 1274 661 1368 714; x_wconf 78' lang='grc' dir='ltr'>ἐὰν</span> <span class='ocrx_word' id='word_1_38' title='bbox 1435 663 1616 733; x_wconf 78' lang='grc' dir='ltr'>μέντοι</span> <span class='ocrx_word' id='word_1_39' title='bbox 1663 664 1962 735; x_wconf 83' lang='grc' dir='ltr'>βιαιότερον</span> 
     </span>
    </p>
   </div>
   <div class='ocr_carea' id='block_1_8' title="bbox 382 753 1963 825">
    <p class='ocr_par' dir='ltr' id='par_1_8' title="bbox 382 753 1963 825">
     <span class='ocr_line' id='line_1_8' title="bbox 382 753 1963 825; baseline 0.003 -20"><span class='ocrx_word' id='word_1_40' title='bbox 382 755 731 823; x_wconf 76' lang='grc' dir='ltr'>φιλονεικήσῃ</span> <span class='ocrx_word' id='word_1_41' title='bbox 784 753 864 822; x_wconf 85' lang='grc' dir='ltr'><strong>τῷ</strong></span> <span class='ocrx_word' id='word_1_42' title='bbox 916 753 1103 825; x_wconf 83' lang='grc' dir='ltr'><strong>κύκλῳ</strong></span> <span class='ocrx_word' id='word_1_43' title='bbox 1133 755 1450 823; x_wconf 79' lang='grc' dir='ltr'>ἀντεξάγειν</span> <span class='ocrx_word' id='word_1_44' title='bbox 1486 757 1679 810; x_wconf 81' lang='grc' dir='ltr'>ἑαυτοῦ</span> <span class='ocrx_word' id='word_1_45' title='bbox 1715 758 1815 821; x_wconf 78' lang='grc' dir='ltr'>τὰς</span> <span class='ocrx_word' id='word_1_46' title='bbox 1854 758 1963 810; x_wconf 83' lang='grc' dir='ltr'><strong>τῶν</strong></span> 
     </span>
    </p>
   </div>
   <div class='ocr_carea' id='block_1_9' title="bbox 381 842 1960 917">
    <p class='ocr_par' dir='ltr' id='par_1_9' title="bbox 381 842 1960 917">
     <span class='ocr_line' id='line_1_9' title="bbox 381 842 1960 917; baseline 0.004 -23"><span class='ocrx_word' id='word_1_47' title='bbox 381 844 641 912; x_wconf 69' lang='grc' dir='ltr'>ὀμμάτων</span> <span class='ocrx_word' id='word_1_48' title='bbox 671 842 858 912; x_wconf 82' lang='grc' dir='ltr'>βολὰς,</span> <span class='ocrx_word' id='word_1_49' title='bbox 883 844 942 896; x_wconf 77' lang='grc' dir='ltr'>οὐ</span> <span class='ocrx_word' id='word_1_50' title='bbox 980 844 1141 914; x_wconf 86' lang='grc' dir='ltr'>μόνον</span> <span class='ocrx_word' id='word_1_51' title='bbox 1161 847 1221 897; x_wconf 83' lang='grc' dir='ltr'><strong>οὐ</strong></span> <span class='ocrx_word' id='word_1_52' title='bbox 1249 847 1539 915; x_wconf 68' lang='grc' dir='ltr'>κατόψεται</span> <span class='ocrx_word' id='word_1_53' title='bbox 1568 847 1637 899; x_wconf 83' lang='grc' dir='ltr'>τὰ</span> <span class='ocrx_word' id='word_1_54' title='bbox 1661 848 1960 917; x_wconf 78' lang='grc' dir='ltr'>περισπού-</span> 
     </span>
    </p>
   </div>
   <div class='ocr_carea' id='block_1_10' title="bbox 381 935 1963 1011">
    <p class='ocr_par' dir='ltr' id='par_1_10' title="bbox 381 935 1963 1011">
     <span class='ocr_line' id='line_1_10' title="bbox 381 935 1963 1011; baseline 0.003 -22"><span class='ocrx_word' id='word_1_55' title='bbox 381 938 570 999; x_wconf 74' lang='grc' dir='ltr'>δαστα,</span> <span class='ocrx_word' id='word_1_56' title='bbox 631 935 769 988; x_wconf 78' lang='grc' dir='ltr'><strong>ἀλλά</strong></span> <span class='ocrx_word' id='word_1_57' title='bbox 826 937 921 988; x_wconf 77' lang='grc' dir='ltr'><strong>καὶ</strong></span> <span class='ocrx_word' id='word_1_58' title='bbox 957 938 1059 1008; x_wconf 78' lang='grc' dir='ltr'><strong>τὴν</strong></span> <span class='ocrx_word' id='word_1_59' title='bbox 1109 939 1393 1008; x_wconf 89' lang='grc' dir='ltr'>ἀκρίϐειαν</span> <span class='ocrx_word' id='word_1_60' title='bbox 1432 942 1531 1010; x_wconf 85' lang='grc' dir='ltr'><strong>τῆς</strong></span> <span class='ocrx_word' id='word_1_61' title='bbox 1568 940 1743 1009; x_wconf 68' lang='grc' dir='ltr'>ὄψεως</span> <span class='ocrx_word' id='word_1_62' title='bbox 1791 959 1963 1011; x_wconf 87' lang='grc' dir='ltr'>προσ-</span> 
     </span>
    </p>
   </div>
   <div class='ocr_carea' id='block_1_11' title="bbox 381 1028 1963 1105">
    <p class='ocr_par' dir='ltr' id='par_1_11' title="bbox 381 1028 1963 1105">
     <span class='ocr_line' id='line_1_11' title="bbox 381 1028 1963 1105; baseline 0.005 -25"><span class='ocrx_word' id='word_1_63' title='bbox 381 1028 698 1098; x_wconf 72' lang='grc' dir='ltr'>διαφθείρας</span> <span class='ocrx_word' id='word_1_64' title='bbox 734 1030 1035 1099; x_wconf 79' lang='grc' dir='ltr'>οίχήσεται.</span> <span class='ocrx_word' id='word_1_65' title='bbox 1069 1032 1317 1085; x_wconf 87' lang='grc' dir='ltr'>Τοιοῦτόν</span> <span class='ocrx_word' id='word_1_66' title='bbox 1350 1034 1402 1086; x_wconf 87' lang='grc' dir='ltr'><strong>τί</strong></span> <span class='ocrx_word' id='word_1_67' title='bbox 1429 1050 1516 1104; x_wconf 87' lang='grc' dir='ltr'><strong>μοι</strong></span> <span class='ocrx_word' id='word_1_68' title='bbox 1553 1034 1693 1087; x_wconf 84' lang='grc' dir='ltr'>δοκῶ</span> <span class='ocrx_word' id='word_1_69' title='bbox 1720 1032 1820 1105; x_wconf 81' lang='grc' dir='ltr'><strong>τὴν</strong></span> <span class='ocrx_word' id='word_1_70' title='bbox 1848 1034 1963 1089; x_wconf 83' lang='grc' dir='ltr'>διά-</span> 
     </span>
    </p>
   </div>
   <div class='ocr_carea' id='block_1_12' title="bbox 381 1119 1959 1197">
    <p class='ocr_par' dir='ltr' id='par_1_12' title="bbox 381 1119 1959 1197">
     <span class='ocr_line' id='line_1_12' title="bbox 381 1119 1959 1197; baseline 0.006 -27"><span class='ocrx_word' id='word_1_71' title='bbox 381 1137 528 1171; x_wconf 83' lang='grc' dir='ltr'>νοιαν</span> <span class='ocrx_word' id='word_1_72' title='bbox 558 1119 813 1188; x_wconf 82' lang='grc' dir='ltr'>πάσχειν,</span> <span class='ocrx_word' id='word_1_73' title='bbox 872 1121 972 1191; x_wconf 82' lang='grc' dir='ltr'>τὴν</span> <span class='ocrx_word' id='word_1_74' title='bbox 999 1122 1403 1190; x_wconf 85' lang='grc' dir='ltr'>φιλονεικοῦσαν</span> <span class='ocrx_word' id='word_1_75' title='bbox 1444 1126 1645 1197; x_wconf 82' lang='grc' dir='ltr'>ἀκριϐῆ</span> <span class='ocrx_word' id='word_1_76' title='bbox 1687 1127 1959 1180; x_wconf 86' lang='grc' dir='ltr'>ποιεῖσθαι</span> 
     </span>
    </p>
   </div>
   <div class='ocr_carea' id='block_1_13' title="bbox 380 1212 1961 1289">
    <p class='ocr_par' dir='ltr' id='par_1_13' title="bbox 380 1212 1961 1289">
     <span class='ocr_line' id='line_1_13' title="bbox 380 1212 1961 1289; baseline 0.006 -25"><span class='ocrx_word' id='word_1_77' title='bbox 380 1213 486 1264; x_wconf 85' lang='grc' dir='ltr'>τῶν</span> <span class='ocrx_word' id='word_1_78' title='bbox 512 1212 892 1283; x_wconf 78' lang='grc' dir='ltr'>προκειμένων</span> <span class='ocrx_word' id='word_1_79' title='bbox 932 1216 1190 1283; x_wconf 79' lang='grc' dir='ltr'><strong>ῥημάτων</strong></span> <span class='ocrx_word' id='word_1_80' title='bbox 1233 1218 1331 1287; x_wconf 78' lang='grc' dir='ltr'>τὴν</span> <span class='ocrx_word' id='word_1_81' title='bbox 1361 1217 1629 1283; x_wconf 81' lang='grc' dir='ltr'>ἐξέτασιν.</span> <span class='ocrx_word' id='word_1_82' title='bbox 1674 1219 1777 1272; x_wconf 78' lang='grc' dir='ltr'><strong>Ἐν</strong></span> <span class='ocrx_word' id='word_1_83' title='bbox 1802 1219 1961 1289; x_wconf 77' lang='grc' dir='ltr'>ἀρχῇ</span> 
     </span>
    </p>
   </div>
   <div class='ocr_carea' id='block_1_14' title="bbox 377 1301 1957 1385">
    <p class='ocr_par' dir='ltr' id='par_1_14' title="bbox 377 1301 1957 1385">
     <span class='ocr_line' id='line_1_14' title="bbox 377 1301 1957 1385; baseline 0.002 -26"><span class='ocrx_word' id='word_1_84' title='bbox 377 1301 457 1373; x_wconf 73' lang='grc' dir='ltr'><strong>ἦν</strong></span> <span class='ocrx_word' id='word_1_85' title='bbox 475 1308 508 1357; x_wconf 84' lang='grc' dir='ltr'><strong>ό</strong></span> <span class='ocrx_word' id='word_1_86' title='bbox 536 1306 749 1374; x_wconf 71' lang='grc' dir='ltr'>Λόγος.</span> <span class='ocrx_word' id='word_1_87' title='bbox 774 1305 871 1368; x_wconf 83' lang='grc' dir='ltr'><strong>Τίς</strong></span> <span class='ocrx_word' id='word_1_88' title='bbox 898 1309 1141 1378; x_wconf 86' lang='grc' dir='ltr'>ὲννοήσει</span> <span class='ocrx_word' id='word_1_89' title='bbox 1173 1309 1337 1374; x_wconf 84' lang='grc' dir='ltr'>ἀξίως</span> <span class='ocrx_word' id='word_1_90' title='bbox 1366 1310 1433 1363; x_wconf 72' lang='grc' dir='ltr'>τὰ</span> <span class='ocrx_word' id='word_1_91' title='bbox 1466 1310 1594 1383; x_wconf 67' lang='grc' dir='ltr'>περὶ</span> <span class='ocrx_word' id='word_1_92' title='bbox 1617 1314 1714 1382; x_wconf 84' lang='grc' dir='ltr'>τῆς</span> <span class='ocrx_word' id='word_1_93' title='bbox 1742 1312 1916 1385; x_wconf 77' lang='grc' dir='ltr'>ἀρχῆς</span> <span class='ocrx_word' id='word_1_94' title='bbox 1943 1329 1957 1378; x_wconf 89' lang='grc'><strong>;</strong></span> 
     </span>
    </p>
   </div>
   <div class='ocr_carea' id='block_1_15' title="bbox 378 1397 1957 1475">
    <p class='ocr_par' dir='ltr' id='par_1_15' title="bbox 378 1397 1957 1475">
     <span class='ocr_line' id='line_1_15' title="bbox 378 1397 1957 1475; baseline 0.005 -27"><span class='ocrx_word' id='word_1_95' title='bbox 378 1397 515 1449; x_wconf 84' lang='grc' dir='ltr'>Ποία</span> <span class='ocrx_word' id='word_1_96' title='bbox 568 1398 832 1467; x_wconf 76' lang='grc' dir='ltr'>ῥημάτων</span> <span class='ocrx_word' id='word_1_97' title='bbox 862 1398 1093 1469; x_wconf 75' lang='grc' dir='ltr'>δύναμις</span> <span class='ocrx_word' id='word_1_98' title='bbox 1146 1402 1342 1473; x_wconf 82' lang='grc' dir='ltr'>εὐρεθῇ</span> <span class='ocrx_word' id='word_1_99' title='bbox 1368 1403 1645 1473; x_wconf 83' lang='grc' dir='ltr'>όμοτίμως</span> <span class='ocrx_word' id='word_1_100' title='bbox 1688 1404 1957 1475; x_wconf 77' lang='grc' dir='ltr'><strong>δυναμένη</strong></span> 
     </span>
    </p>
   </div>
   <div class='ocr_carea' id='block_1_16' title="bbox 379 1489 1957 1565">
    <p class='ocr_par' dir='ltr' id='par_1_16' title="bbox 379 1489 1957 1565">
     <span class='ocr_line' id='line_1_16' title="bbox 379 1489 1957 1565; baseline 0.006 -25"><span class='ocrx_word' id='word_1_101' title='bbox 379 1489 730 1560; x_wconf 74' lang='grc' dir='ltr'>παραστῆσαι</span> <span class='ocrx_word' id='word_1_102' title='bbox 751 1490 810 1542; x_wconf 84' lang='grc' dir='ltr'>τὺ</span> <span class='ocrx_word' id='word_1_103' title='bbox 839 1491 1063 1562; x_wconf 84' lang='grc' dir='ltr'>νοηθέν;</span> <span class='ocrx_word' id='word_1_104' title='bbox 1094 1494 1315 1545; x_wconf 76' lang='grc' dir='ltr'>Μέλλων</span> <span class='ocrx_word' id='word_1_105' title='bbox 1348 1492 1699 1564; x_wconf 83' lang='grc' dir='ltr'>παραδιδόναι</span> <span class='ocrx_word' id='word_1_106' title='bbox 1738 1496 1868 1565; x_wconf 77' lang='grc' dir='ltr'>ἡμῖν</span> <span class='ocrx_word' id='word_1_107' title='bbox 1890 1497 1957 1549; x_wconf 83' lang='grc' dir='ltr'>τὰ</span> 
     </span>
    </p>
   </div>
   <div class='ocr_carea' id='block_1_17' title="bbox 378 1580 1959 1657">
    <p class='ocr_par' dir='ltr' id='par_1_17' title="bbox 378 1580 1959 1657">
     <span class='ocr_line' id='line_1_17' title="bbox 378 1580 1959 1657; baseline 0.008 -28"><span class='ocrx_word' id='word_1_108' title='bbox 378 1580 504 1650; x_wconf 74' lang='grc' dir='ltr'>περὶ</span> <span class='ocrx_word' id='word_1_109' title='bbox 530 1580 633 1649; x_wconf 70' lang='grc' dir='ltr'>τῆς</span> <span class='ocrx_word' id='word_1_110' title='bbox 656 1582 934 1649; x_wconf 84' lang='grc' dir='ltr'>θεολογίας</span> <span class='ocrx_word' id='word_1_111' title='bbox 966 1584 1059 1636; x_wconf 90' lang='grc' dir='ltr'><strong>τοῦ</strong></span> <span class='ocrx_word' id='word_1_112' title='bbox 1095 1584 1225 1637; x_wconf 83' lang='grc' dir='ltr'>Υἱοῦ</span> <span class='ocrx_word' id='word_1_113' title='bbox 1270 1584 1363 1637; x_wconf 86' lang='grc' dir='ltr'><strong>τοῦ</strong></span> <span class='ocrx_word' id='word_1_114' title='bbox 1396 1584 1551 1647; x_wconf 88' lang='grc' dir='ltr'>Θεοῦ,</span> <span class='ocrx_word' id='word_1_115' title='bbox 1582 1586 1838 1657; x_wconf 80' lang='grc' dir='ltr'>οὐδεμίαν</span> <span class='ocrx_word' id='word_1_116' title='bbox 1860 1587 1959 1657; x_wconf 85' lang='grc' dir='ltr'>ἀρ-</span> 
     </span>
    </p>
   </div>
   <div class='ocr_carea' id='block_1_18' title="bbox 378 1672 1953 1748">
    <p class='ocr_par' dir='ltr' id='par_1_18' title="bbox 378 1672 1953 1748">
     <span class='ocr_line' id='line_1_18' title="bbox 378 1672 1953 1748; baseline 0.005 -26"><span class='ocrx_word' id='word_1_117' title='bbox 378 1672 477 1740; x_wconf 70' lang='grc' dir='ltr'><strong>χὴν</strong></span> <span class='ocrx_word' id='word_1_118' title='bbox 504 1672 674 1740; x_wconf 79' lang='grc' dir='ltr'>ἀλλην</span> <span class='ocrx_word' id='word_1_119' title='bbox 728 1672 808 1743; x_wconf 84' lang='grc' dir='ltr'><strong>τῷ</strong></span> <span class='ocrx_word' id='word_1_120' title='bbox 851 1674 1051 1745; x_wconf 76' lang='grc' dir='ltr'>λόγῳῆ</span> <span class='ocrx_word' id='word_1_121' title='bbox 1086 1677 1183 1745; x_wconf 77' lang='grc' dir='ltr'>τὴν</span> <span class='ocrx_word' id='word_1_122' title='bbox 1227 1677 1401 1748; x_wconf 76' lang='grc' dir='ltr'>ἀρχὴν</span> <span class='ocrx_word' id='word_1_123' title='bbox 1430 1676 1539 1729; x_wconf 82' lang='grc' dir='ltr'>τῶν</span> <span class='ocrx_word' id='word_1_124' title='bbox 1574 1676 1710 1729; x_wconf 83' lang='grc' dir='ltr'>ὅλων</span> <span class='ocrx_word' id='word_1_125' title='bbox 1736 1678 1953 1732; x_wconf 82' lang='grc' dir='ltr'>ἔδωκεν.</span> 
     </span>
    </p>
   </div>
   <div class='ocr_carea' id='block_1_19' title="bbox 381 1764 1957 1842">
    <p class='ocr_par' dir='ltr' id='par_1_19' title="bbox 381 1764 1957 1842">
     <span class='ocr_line' id='line_1_19' title="bbox 381 1764 1957 1842; baseline 0.003 -27"><span class='ocrx_word' id='word_1_126' title='bbox 381 1764 531 1833; x_wconf 83' lang='grc' dir='ltr'>’ῌδει</span> <span class='ocrx_word' id='word_1_127' title='bbox 559 1765 670 1833; x_wconf 80' lang='lat'><strong>(98)</strong></span> <span class='ocrx_word' id='word_1_128' title='bbox 697 1768 820 1828; x_wconf 84' lang='grc' dir='ltr'>τοὺς</span> <span class='ocrx_word' id='word_1_129' title='bbox 840 1767 1237 1837; x_wconf 76' lang='grc' dir='ltr'>ἐπιφυομένους</span> <span class='ocrx_word' id='word_1_130' title='bbox 1255 1772 1321 1839; x_wconf 79' lang='grc' dir='ltr'>τῇ</span> <span class='ocrx_word' id='word_1_131' title='bbox 1346 1768 1475 1842; x_wconf 78' lang='grc' dir='ltr'>δόξῃ</span> <span class='ocrx_word' id='word_1_132' title='bbox 1500 1768 1593 1822; x_wconf 82' lang='grc' dir='ltr'><strong>τοῦ</strong></span> <span class='ocrx_word' id='word_1_133' title='bbox 1621 1770 1957 1836; x_wconf 80' lang='grc' dir='ltr'>Μονογενοῦς</span> 
     </span>
    </p>
   </div>
   <div class='ocr_carea' id='block_1_20' title="bbox 375 1855 1955 1932">
    <p class='ocr_par' dir='ltr' id='par_1_20' title="bbox 375 1855 1955 1932">
     <span class='ocr_line' id='line_1_20' title="bbox 375 1855 1955 1932; baseline 0.004 -25"><span class='ocrx_word' id='word_1_134' title='bbox 375 1856 432 1907; x_wconf 71' lang='grc' dir='ltr'>τὺ</span> <span class='ocrx_word' id='word_1_135' title='bbox 462 1855 689 1926; x_wconf 79' lang='grc' dir='ltr'>Πνεῦμα</span> <span class='ocrx_word' id='word_1_136' title='bbox 744 1856 806 1909; x_wconf 84' lang='grc' dir='ltr'><strong>τὸ</strong></span> <span class='ocrx_word' id='word_1_137' title='bbox 851 1857 1037 1926; x_wconf 80' lang='grc' dir='ltr'>ἀγιον·</span> <span class='ocrx_word' id='word_1_138' title='bbox 1089 1859 1309 1931; x_wconf 76' lang='grc' dir='ltr'>προῄδει</span> <span class='ocrx_word' id='word_1_139' title='bbox 1337 1861 1463 1924; x_wconf 75' lang='grc' dir='ltr'>τοὺς</span> <span class='ocrx_word' id='word_1_140' title='bbox 1500 1860 1791 1931; x_wconf 82' lang='grc' dir='ltr'>μέλλοντας</span> <span class='ocrx_word' id='word_1_141' title='bbox 1825 1864 1955 1932; x_wconf 80' lang='grc' dir='ltr'>ἡμῖν</span> 
     </span>
    </p>
   </div>
   <div class='ocr_carea' id='block_1_21' title="bbox 378 1946 1956 2023">
    <p class='ocr_par' dir='ltr' id='par_1_21' title="bbox 378 1946 1956 2023">
     <span class='ocr_line' id='line_1_21' title="bbox 378 1946 1956 2023; baseline 0.006 -27"><span class='ocrx_word' id='word_1_142' title='bbox 378 1946 672 2017; x_wconf 71' lang='grc' dir='ltr'>προφέρειν</span> <span class='ocrx_word' id='word_1_143' title='bbox 730 1948 801 2001; x_wconf 74' lang='grc' dir='ltr'>τὰ</span> <span class='ocrx_word' id='word_1_144' title='bbox 855 1949 1183 2019; x_wconf 70' lang='grc' dir='ltr'>σοφίσματα,</span> <span class='ocrx_word' id='word_1_145' title='bbox 1230 1951 1299 2003; x_wconf 84' lang='grc' dir='ltr'>τὰ</span> <span class='ocrx_word' id='word_1_146' title='bbox 1342 1952 1435 2003; x_wconf 73' lang='grc' dir='ltr'><strong>ἐπὶ</strong></span> <span class='ocrx_word' id='word_1_147' title='bbox 1466 1955 1816 2023; x_wconf 77' lang='grc' dir='ltr'>καταστροφῇ</span> <span class='ocrx_word' id='word_1_148' title='bbox 1848 1954 1956 2005; x_wconf 83' lang='grc' dir='ltr'><strong>τῶν</strong></span> 
     </span>
    </p>
   </div>
   <div class='ocr_carea' id='block_1_22' title="bbox 375 2039 1955 2114">
    <p class='ocr_par' dir='ltr' id='par_1_22' title="bbox 375 2039 1955 2114">
     <span class='ocr_line' id='line_1_22' title="bbox 375 2039 1955 2114; baseline 0.005 -24"><span class='ocrx_word' id='word_1_149' title='bbox 375 2039 685 2092; x_wconf 81' lang='grc' dir='ltr'>ἀκουόντων</span> <span class='ocrx_word' id='word_1_150' title='bbox 758 2040 944 2103; x_wconf 73' lang='grc' dir='ltr'>αὐτοῖς</span> <span class='ocrx_word' id='word_1_151' title='bbox 996 2044 1428 2113; x_wconf 81' lang='grc' dir='ltr'>μεμηχανημένα</span> <span class='ocrx_word' id='word_1_152' title='bbox 1480 2044 1615 2114; x_wconf 88' lang='grc'><strong>(99).</strong></span> <span class='ocrx_word' id='word_1_153' title='bbox 1665 2045 1825 2107; x_wconf 82' lang='grc' dir='ltr'>”Οτι,</span> <span class='ocrx_word' id='word_1_154' title='bbox 1894 2046 1955 2098; x_wconf 80' lang='grc' dir='ltr'><strong>Εἰ</strong></span> 
     </span>
    </p>
   </div>
   <div class='ocr_carea' id='block_1_23' title="bbox 376 2128 1951 2207">
    <p class='ocr_par' dir='ltr' id='par_1_23' title="bbox 376 2128 1951 2207">
     <span class='ocr_line' id='line_1_23' title="bbox 376 2128 1951 2207; baseline 0.005 -25"><span class='ocrx_word' id='word_1_155' title='bbox 376 2129 661 2199; x_wconf 75' lang='grc' dir='ltr'>ἐγεννήθη,</span> <span class='ocrx_word' id='word_1_156' title='bbox 702 2133 803 2183; x_wconf 82' lang='grc' dir='ltr'><strong>οὐκ</strong></span> <span class='ocrx_word' id='word_1_157' title='bbox 829 2128 897 2202; x_wconf 81' lang='grc' dir='ltr'>ἦν</span> <span class='ocrx_word' id='word_1_158' title='bbox 916 2149 930 2162; x_wconf 70' lang='grc'><strong><em>⁸</em></strong></span> <span class='ocrx_word' id='word_1_159' title='bbox 961 2134 1075 2197; x_wconf 71' lang='grc' dir='ltr'>καὶ,</span> <span class='ocrx_word' id='word_1_160' title='bbox 1095 2135 1208 2204; x_wconf 80' lang='grc' dir='ltr'><strong>Πρὸ</strong></span> <span class='ocrx_word' id='word_1_161' title='bbox 1233 2135 1325 2187; x_wconf 85' lang='grc' dir='ltr'><strong>τοῦ</strong></span> <span class='ocrx_word' id='word_1_162' title='bbox 1347 2134 1691 2207; x_wconf 84' lang='grc' dir='ltr'>γεννηθῆναι,</span> <span class='ocrx_word' id='word_1_163' title='bbox 1727 2137 1826 2189; x_wconf 79' lang='grc' dir='ltr'><strong>οὑκ</strong></span> <span class='ocrx_word' id='word_1_164' title='bbox 1854 2132 1951 2205; x_wconf 78' lang='grc' dir='ltr'><strong>ἦν’</strong></span> 
     </span>
    </p>
   </div>
   <div class='ocr_carea' id='block_1_24' title="bbox 377 2222 1956 2295">
    <p class='ocr_par' dir='ltr' id='par_1_24' title="bbox 377 2222 1956 2295">
     <span class='ocr_line' id='line_1_24' title="bbox 377 2222 1956 2295; baseline 0.004 -21"><span class='ocrx_word' id='word_1_165' title='bbox 377 2224 487 2283; x_wconf 76' lang='grc' dir='ltr'>καὶ,</span> <span class='ocrx_word' id='word_1_166' title='bbox 528 2222 619 2285; x_wconf 79' lang='grc' dir='ltr'><strong>Ἐξ</strong></span> <span class='ocrx_word' id='word_1_167' title='bbox 648 2225 750 2276; x_wconf 75' lang='grc' dir='ltr'><strong>οὐκ</strong></span> <span class='ocrx_word' id='word_1_168' title='bbox 778 2223 948 2276; x_wconf 76' lang='grc' dir='ltr'>ὄντων</span> <span class='ocrx_word' id='word_1_169' title='bbox 977 2224 1076 2295; x_wconf 79' lang='grc' dir='ltr'>τὴν</span> <span class='ocrx_word' id='word_1_170' title='bbox 1109 2226 1406 2280; x_wconf 80' lang='grc' dir='ltr'>ὑπόστασιν</span> <span class='ocrx_word' id='word_1_171' title='bbox 1428 2227 1607 2279; x_wconf 75' lang='grc' dir='ltr'>ἔλαϐε.</span> <span class='ocrx_word' id='word_1_172' title='bbox 1634 2228 1872 2281; x_wconf 80' lang='grc' dir='ltr'>Τοιαῦτα</span> <span class='ocrx_word' id='word_1_173' title='bbox 1900 2228 1956 2282; x_wconf 83' lang='grc' dir='ltr'>δὲ</span> 
     </span>
    </p>
   </div>
   <div class='ocr_carea' id='block_1_25' title="bbox 376 2311 1957 2384">
    <p class='ocr_par' dir='ltr' id='par_1_25' title="bbox 376 2311 1957 2384">
     <span class='ocr_line' id='line_1_25' title="bbox 376 2311 1957 2384; baseline 0.006 -24"><span class='ocrx_word' id='word_1_174' title='bbox 376 2311 706 2378; x_wconf 66' lang='grc' dir='ltr'>φθέγγονται</span> <span class='ocrx_word' id='word_1_175' title='bbox 751 2311 995 2379; x_wconf 82' lang='grc' dir='ltr'>γλῶσσαι</span> <span class='ocrx_word' id='word_1_176' title='bbox 1049 2315 1384 2384; x_wconf 76' lang='grc' dir='ltr'>ήκονημέναι</span> <span class='ocrx_word' id='word_1_177' title='bbox 1433 2314 1521 2368; x_wconf 86' lang='grc' dir='ltr'>διὰ</span> <span class='ocrx_word' id='word_1_178' title='bbox 1570 2315 1957 2384; x_wconf 85' lang='grc' dir='ltr'>πιθανολογίας</span> 
     </span>
    </p>
   </div>
   <div class='ocr_carea' id='block_1_26' title="bbox 376 2403 1957 2477">
    <p class='ocr_par' dir='ltr' id='par_1_26' title="bbox 376 2403 1957 2477">
     <span class='ocr_line' id='line_1_26' title="bbox 376 2403 1957 2477; baseline 0.002 -23"><span class='ocrx_word' id='word_1_179' title='bbox 376 2403 515 2474; x_wconf 77' lang='grc' dir='ltr'>ὑπὲρ</span> <span class='ocrx_word' id='word_1_180' title='bbox 544 2404 727 2455; x_wconf 78' lang='grc' dir='ltr'>πᾶσαν</span> <span class='ocrx_word' id='word_1_181' title='bbox 772 2403 1049 2474; x_wconf 81' lang='grc' dir='ltr'>μάχαιραν</span> <span class='ocrx_word' id='word_1_182' title='bbox 1100 2404 1370 2475; x_wconf 87' lang='grc' dir='ltr'>δίστομον.</span> <span class='ocrx_word' id='word_1_183' title='bbox 1405 2406 1521 2459; x_wconf 88' lang='grc' dir='ltr'>Ἵνα</span> <span class='ocrx_word' id='word_1_184' title='bbox 1554 2406 1730 2459; x_wconf 85' lang='grc' dir='ltr'>τοίνυν</span> <span class='ocrx_word' id='word_1_185' title='bbox 1769 2408 1957 2477; x_wconf 80' lang='grc' dir='ltr'>μηδενὶ</span> 
     </span>
    </p>
   </div>
   <div class='ocr_carea' id='block_1_27' title="bbox 372 2492 1956 2567">
    <p class='ocr_par' dir='ltr' id='par_1_27' title="bbox 372 2492 1956 2567">
     <span class='ocr_line' id='line_1_27' title="bbox 372 2492 1956 2567; baseline 0.004 -22"><span class='ocrx_word' id='word_1_186' title='bbox 372 2492 551 2561; x_wconf 68' lang='grc' dir='ltr'>λέγειν</span> <span class='ocrx_word' id='word_1_187' title='bbox 584 2494 680 2564; x_wconf 73' lang='grc' dir='ltr'>ἐξῇ</span> <span class='ocrx_word' id='word_1_188' title='bbox 712 2496 779 2548; x_wconf 77' lang='grc' dir='ltr'>τὰ</span> <span class='ocrx_word' id='word_1_189' title='bbox 803 2497 1047 2559; x_wconf 85' lang='grc' dir='ltr'>τοιαῦτα,</span> <span class='ocrx_word' id='word_1_190' title='bbox 1081 2496 1350 2566; x_wconf 78' lang='grc' dir='ltr'>προλαϐδν</span> <span class='ocrx_word' id='word_1_191' title='bbox 1379 2497 1440 2549; x_wconf 85' lang='grc' dir='ltr'><strong>τὸ</strong></span> <span class='ocrx_word' id='word_1_192' title='bbox 1468 2498 1691 2567; x_wconf 84' lang='grc' dir='ltr'>Πνεῦμα</span> <span class='ocrx_word' id='word_1_193' title='bbox 1715 2499 1777 2551; x_wconf 81' lang='grc' dir='ltr'><strong>τὸ</strong></span> <span class='ocrx_word' id='word_1_194' title='bbox 1803 2499 1956 2566; x_wconf 75' lang='grc' dir='ltr'>ἅγιον</span> 
     </span>
    </p>
   </div>
   <div class='ocr_carea' id='block_1_28' title="bbox 371 2585 1953 2657">
    <p class='ocr_par' dir='ltr' id='par_1_28' title="bbox 371 2585 1953 2657">
     <span class='ocr_line' id='line_1_28' title="bbox 371 2585 1953 2657; baseline 0.004 -18"><span class='ocrx_word' id='word_1_195' title='bbox 371 2585 459 2639; x_wconf 63' lang='grc' dir='ltr'>διὰ</span> <span class='ocrx_word' id='word_1_196' title='bbox 488 2585 586 2638; x_wconf 88' lang='grc' dir='ltr'><strong>τοῦ</strong></span> <span class='ocrx_word' id='word_1_197' title='bbox 621 2586 977 2654; x_wconf 78' lang='grc' dir='ltr'>Εὐαγγελίου,</span> <span class='ocrx_word' id='word_1_198' title='bbox 1019 2587 1115 2640; x_wconf 82' lang='grc' dir='ltr'><strong>Ἐν</strong></span> <span class='ocrx_word' id='word_1_199' title='bbox 1137 2586 1315 2656; x_wconf 78' lang='grc' dir='ltr'>ἀρχῇ,</span> <span class='ocrx_word' id='word_1_200' title='bbox 1340 2589 1523 2657; x_wconf 76' lang='grc' dir='ltr'>φησὶν,</span> <span class='ocrx_word' id='word_1_201' title='bbox 1564 2588 1645 2657; x_wconf 81' lang='grc' dir='ltr'><strong>ἦν</strong></span> <span class='ocrx_word' id='word_1_202' title='bbox 1676 2593 1709 2642; x_wconf 79' lang='grc' dir='ltr'><em>ὀ</em></span> <span class='ocrx_word' id='word_1_203' title='bbox 1743 2591 1953 2657; x_wconf 78' lang='grc' dir='ltr'>Λόγος.</span> 
     </span>
    </p>
   </div>
   <div class='ocr_carea' id='block_1_29' title="bbox 384 2675 1956 2750">
    <p class='ocr_par' dir='ltr' id='par_1_29' title="bbox 384 2675 1956 2750">
     <span class='ocr_line' id='line_1_29' title="bbox 384 2675 1956 2750; baseline 0.003 -23"><span class='ocrx_word' id='word_1_204' title='bbox 384 2675 510 2727; x_wconf 73' lang='grc' dir='ltr'><strong>Ἐὰν</strong></span> <span class='ocrx_word' id='word_1_205' title='bbox 536 2679 748 2746; x_wconf 77' lang='grc' dir='ltr'>κρατῇς</span> <span class='ocrx_word' id='word_1_206' title='bbox 780 2676 988 2747; x_wconf 81' lang='grc' dir='ltr'>ταύτην</span> <span class='ocrx_word' id='word_1_207' title='bbox 1017 2676 1113 2746; x_wconf 80' lang='grc' dir='ltr'>τὴν</span> <span class='ocrx_word' id='word_1_208' title='bbox 1136 2680 1337 2747; x_wconf 80' lang='grc' dir='ltr'>φωνὴν,</span> <span class='ocrx_word' id='word_1_209' title='bbox 1374 2678 1525 2730; x_wconf 82' lang='grc' dir='ltr'>οὐδὲν</span> <span class='ocrx_word' id='word_1_210' title='bbox 1563 2680 1623 2730; x_wconf 81' lang='grc' dir='ltr'>οὐ</span> <span class='ocrx_word' id='word_1_211' title='bbox 1660 2680 1734 2750; x_wconf 83' lang='grc' dir='ltr'>μὴ</span> <span class='ocrx_word' id='word_1_212' title='bbox 1776 2680 1956 2750; x_wconf 70' lang='grc' dir='ltr'>πάθῃς</span> 
     </span>
    </p>
   </div>
   <div class='ocr_carea' id='block_1_30' title="bbox 372 2767 1952 2843">
    <p class='ocr_par' dir='ltr' id='par_1_30' title="bbox 372 2767 1952 2843">
     <span class='ocr_line' id='line_1_30' title="bbox 372 2767 1952 2843; baseline 0.003 -23"><span class='ocrx_word' id='word_1_213' title='bbox 372 2767 543 2820; x_wconf 79' lang='grc' dir='ltr'>δεινὸν</span> <span class='ocrx_word' id='word_1_214' title='bbox 575 2768 730 2838; x_wconf 77' lang='grc' dir='ltr'><strong>παρά</strong></span> <span class='ocrx_word' id='word_1_215' title='bbox 750 2769 858 2821; x_wconf 85' lang='grc' dir='ltr'>τῶν</span> <span class='ocrx_word' id='word_1_216' title='bbox 892 2770 1257 2838; x_wconf 74' lang='grc' dir='ltr'>κακοτέχνων.</span> <span class='ocrx_word' id='word_1_217' title='bbox 1290 2771 1413 2824; x_wconf 74' lang='grc' dir='ltr'><strong>Ἐὰν</strong></span> <span class='ocrx_word' id='word_1_218' title='bbox 1437 2770 1545 2841; x_wconf 86' lang='grc' dir='ltr'><strong>γὰρ</strong></span> <span class='ocrx_word' id='word_1_219' title='bbox 1566 2771 1701 2843; x_wconf 81' lang='grc' dir='ltr'><strong>λέγῃ</strong></span> <span class='ocrx_word' id='word_1_220' title='bbox 1727 2774 1952 2836; x_wconf 76' lang='grc' dir='ltr'>ἐκεῖνος,</span> 
     </span>
    </p>
   </div>
   <div class='ocr_carea' id='block_1_31' title="bbox 373 2854 1953 2931">
    <p class='ocr_par' dir='ltr' id='par_1_31' title="bbox 373 2854 1953 2931">
     <span class='ocr_line' id='line_1_31' title="bbox 373 2854 1953 2931; baseline 0.002 -19"><span class='ocrx_word' id='word_1_221' title='bbox 373 2861 433 2912; x_wconf 81' lang='lat' dir='ltr'><strong>Ei</strong></span> <span class='ocrx_word' id='word_1_222' title='bbox 462 2860 752 2930; x_wconf 78' lang='grc' dir='ltr'>ἐγεννήθη,</span> <span class='ocrx_word' id='word_1_223' title='bbox 773 2862 874 2913; x_wconf 82' lang='grc' dir='ltr'><strong>οὐκ</strong></span> <span class='ocrx_word' id='word_1_224' title='bbox 900 2856 969 2930; x_wconf 82' lang='grc' dir='ltr'>ἦν</span> <span class='ocrx_word' id='word_1_225' title='bbox 988 2877 1001 2891; x_wconf 87' lang='grc'><strong>·</strong></span> <span class='ocrx_word' id='word_1_226' title='bbox 1033 2860 1097 2913; x_wconf 75' lang='grc' dir='ltr'>σὺ</span> <span class='ocrx_word' id='word_1_227' title='bbox 1124 2862 1264 2925; x_wconf 85' lang='grc' dir='ltr'>εἰπὲ,</span> <span class='ocrx_word' id='word_1_228' title='bbox 1310 2862 1413 2916; x_wconf 79' lang='grc' dir='ltr'><em>Ἔν</em></span> <span class='ocrx_word' id='word_1_229' title='bbox 1448 2854 1605 2931; x_wconf 58' lang='grc' dir='ltr'>ἀρέῇ</span> <span class='ocrx_word' id='word_1_230' title='bbox 1637 2859 1734 2931; x_wconf 80' lang='grc' dir='ltr'><strong>ἦν.</strong></span> <span class='ocrx_word' id='word_1_231' title='bbox 1772 2862 1953 2928; x_wconf 82' lang='grc' dir='ltr'>Ἀλλὰ,</span> 
     </span>
    </p>
   </div>
   <div class='ocr_carea' id='block_1_32' title="bbox 374 2949 1955 3024">
    <p class='ocr_par' dir='ltr' id='par_1_32' title="bbox 374 2949 1955 3024">
     <span class='ocr_line' id='line_1_32' title="bbox 374 2949 1955 3024; baseline 0.002 -21"><span class='ocrx_word' id='word_1_232' title='bbox 374 2953 529 3021; x_wconf 73' lang='grc' dir='ltr'>φησὶ,</span> <span class='ocrx_word' id='word_1_233' title='bbox 576 2953 709 3022; x_wconf 71' lang='grc' dir='ltr'>πρὶν</span> <span class='ocrx_word' id='word_1_234' title='bbox 761 2952 795 3023; x_wconf 83' lang='grc' dir='ltr'>ἢ</span> <span class='ocrx_word' id='word_1_235' title='bbox 858 2951 1272 3022; x_wconf 63' lang='grc' dir='ltr'>γεννηθῆναιβ)</span> <span class='ocrx_word' id='word_1_236' title='bbox 1309 2953 1426 3016; x_wconf 82' lang='grc' dir='ltr'><strong>πῶς</strong></span> <span class='ocrx_word' id='word_1_237' title='bbox 1451 2949 1559 3023; x_wconf 75' lang='grc' dir='ltr'>ἧνς</span> <span class='ocrx_word' id='word_1_238' title='bbox 1595 2955 1666 3005; x_wconf 77' lang='grc' dir='ltr'><strong>Σὺ</strong></span> <span class='ocrx_word' id='word_1_239' title='bbox 1712 2954 1783 3024; x_wconf 80' lang='grc' dir='ltr'>μὴ</span> <span class='ocrx_word' id='word_1_240' title='bbox 1810 2954 1955 3024; x_wconf 82' lang='grc' dir='ltr'>ἀφῇς</span> 
     </span>
    </p>
   </div>
   <div class='ocr_carea' id='block_1_33' title="bbox 371 3038 1951 3116">
    <p class='ocr_par' dir='ltr' id='par_1_33' title="bbox 371 3038 1951 3116">
     <span class='ocr_line' id='line_1_33' title="bbox 371 3038 1951 3116; baseline 0.028 -36"><span class='ocrx_word' id='word_1_241' title='bbox 371 3044 448 3105; x_wconf 59' lang='grc' dir='ltr'>τι),</span> <span class='ocrx_word' id='word_1_242' title='bbox 514 3038 661 3097; x_wconf 77' lang='grc' dir='ltr'><strong>τΗνο</strong></span> <span class='ocrx_word' id='word_1_243' title='bbox 708 3044 782 3114; x_wconf 84' lang='grc' dir='ltr'>μὴ</span> <span class='ocrx_word' id='word_1_244' title='bbox 841 3044 1145 3115; x_wconf 82' lang='grc' dir='ltr'>καταλίπῃς</span> <span class='ocrx_word' id='word_1_245' title='bbox 1172 3045 1251 3109; x_wconf 83' lang='grc' dir='ltr'><strong>τὸ,</strong></span> <span class='ocrx_word' id='word_1_246' title='bbox 1313 3044 1408 3096; x_wconf 80' lang='grc' dir='ltr'><strong>Ἐν</strong></span> <span class='ocrx_word' id='word_1_247' title='bbox 1439 3043 1616 3113; x_wconf 72' lang='grc' dir='ltr'>ἀρχῇ·</span> <span class='ocrx_word' id='word_1_248' title='bbox 1658 3046 1857 3116; x_wconf 59' lang='grc' dir='ltr'><strong>Ἀρχῆθῗ</strong></span> <span class='ocrx_word' id='word_1_249' title='bbox 1918 3048 1951 3114; x_wconf 70' lang='grc' dir='ltr'>ἡ</span> 
     </span>
    </p>
   </div>
   <div class='ocr_carea' id='block_1_34' title="bbox 372 3138 2020 3241">
    <p class='ocr_par' dir='ltr' id='par_1_34' title="bbox 372 3138 2020 3241">
     <span class='ocr_line' id='line_1_34' title="bbox 372 3138 2020 3241; baseline 0.001 -51"><span class='ocrx_word' id='word_1_250' title='bbox 372 3140 586 3209; x_wconf 75' lang='grc' dir='ltr'>κορυφὴ</span> <span class='ocrx_word' id='word_1_251' title='bbox 612 3140 674 3192; x_wconf 80' lang='grc' dir='ltr'>οὐ</span> <span class='ocrx_word' id='word_1_252' title='bbox 715 3139 1195 3209; x_wconf 73' lang='grc' dir='ltr'>καταλαμϐάνεται</span> <span class='ocrx_word' id='word_1_253' title='bbox 1220 3157 1233 3169; x_wconf 93' lang='grc'><strong>·</strong></span> <span class='ocrx_word' id='word_1_254' title='bbox 1261 3141 1437 3211; x_wconf 78' lang='grc' dir='ltr'>ἀρχῆς</span> <span class='ocrx_word' id='word_1_255' title='bbox 1464 3141 1526 3192; x_wconf 86' lang='grc' dir='ltr'>τὸ</span> <span class='ocrx_word' id='word_1_256' title='bbox 1564 3138 1826 3210; x_wconf 73' lang='grc' dir='ltr'>ἐξώτερον</span> <span class='ocrx_word' id='word_1_257' title='bbox 1854 3140 1950 3209; x_wconf 83' lang='grc' dir='ltr'>οὐχ</span> <span class='ocrx_word' id='word_1_258' title='bbox 1978 3184 2020 3241; x_wconf 75' lang='lat' dir='ltr'><strong><em>C</em></strong></span> 
     </span>
    </p>
   </div>
   <div class='ocr_carea' id='block_1_35' title="bbox 370 3229 1949 3301">
    <p class='ocr_par' dir='ltr' id='par_1_35' title="bbox 370 3229 1949 3301">
     <span class='ocr_line' id='line_1_35' title="bbox 370 3229 1949 3301; baseline -0.001 -22"><span class='ocrx_word' id='word_1_259' title='bbox 370 3229 709 3299; x_wconf 71' lang='grc' dir='ltr'>εὑρίσκεται.</span> <span class='ocrx_word' id='word_1_260' title='bbox 744 3229 835 3298; x_wconf 81' lang='grc' dir='ltr'><strong>Μὴ</strong></span> <span class='ocrx_word' id='word_1_261' title='bbox 872 3229 1305 3301; x_wconf 82' lang='grc' dir='ltr'>παραλογίσηταί</span> <span class='ocrx_word' id='word_1_262' title='bbox 1346 3230 1405 3283; x_wconf 82' lang='grc' dir='ltr'>σέ</span> <span class='ocrx_word' id='word_1_263' title='bbox 1434 3245 1517 3291; x_wconf 87' lang='grc' dir='ltr'><strong>τις</strong></span> <span class='ocrx_word' id='word_1_264' title='bbox 1542 3229 1619 3299; x_wconf 82' lang='grc' dir='ltr'><strong>τῷ</strong></span> <span class='ocrx_word' id='word_1_265' title='bbox 1650 3229 1949 3299; x_wconf 82' lang='grc' dir='ltr'>πολυσήμῳ</span> 
     </span>
    </p>
   </div>
   <div class='ocr_carea' id='block_1_36' title="bbox 370 3318 1951 3392">
    <p class='ocr_par' dir='ltr' id='par_1_36' title="bbox 370 3318 1951 3392">
     <span class='ocr_line' id='line_1_36' title="bbox 370 3318 1951 3392; baseline 0 -19"><span class='ocrx_word' id='word_1_266' title='bbox 370 3324 470 3390; x_wconf 71' lang='grc' dir='ltr'>τῆς</span> <span class='ocrx_word' id='word_1_267' title='bbox 529 3318 748 3386; x_wconf 76' lang='grc' dir='ltr'>λέξεως.</span> <span class='ocrx_word' id='word_1_268' title='bbox 804 3320 1003 3375; x_wconf 72' lang='grc' dir='ltr'>Πολλαὶ</span> <span class='ocrx_word' id='word_1_269' title='bbox 1027 3320 1135 3392; x_wconf 81' lang='grc' dir='ltr'>γὰρ</span> <span class='ocrx_word' id='word_1_270' title='bbox 1162 3322 1326 3392; x_wconf 72' lang='grc' dir='ltr'>ἀρχαὶ</span> <span class='ocrx_word' id='word_1_271' title='bbox 1368 3321 1574 3373; x_wconf 84' lang='grc' dir='ltr'>πολλῶν</span> <span class='ocrx_word' id='word_1_272' title='bbox 1612 3321 1951 3391; x_wconf 80' lang='grc' dir='ltr'>πραγμάτων</span> 
     </span>
    </p>
   </div>
   <div class='ocr_carea' id='block_1_37' title="bbox 373 3411 1949 3483">
    <p class='ocr_par' dir='ltr' id='par_1_37' title="bbox 373 3411 1949 3483">
     <span class='ocr_line' id='line_1_37' title="bbox 373 3411 1949 3483; baseline -0.003 -17"><span class='ocrx_word' id='word_1_273' title='bbox 373 3412 517 3466; x_wconf 78' lang='grc' dir='ltr'><strong>κατά</strong></span> <span class='ocrx_word' id='word_1_274' title='bbox 548 3413 644 3464; x_wconf 77' lang='grc' dir='ltr'><strong>τὸν</strong></span> <span class='ocrx_word' id='word_1_275' title='bbox 690 3411 805 3481; x_wconf 81' lang='grc' dir='ltr'>βίον</span> <span class='ocrx_word' id='word_1_276' title='bbox 845 3412 1034 3464; x_wconf 86' lang='grc' dir='ltr'>τοῦτον</span> <span class='ocrx_word' id='word_1_277' title='bbox 1055 3430 1069 3442; x_wconf 75' lang='grc' dir='ltr'><strong>ο</strong></span> <span class='ocrx_word' id='word_1_278' title='bbox 1105 3412 1241 3465; x_wconf 80' lang='grc' dir='ltr'>ἀλλὰ</span> <span class='ocrx_word' id='word_1_279' title='bbox 1275 3412 1372 3483; x_wconf 90' lang='grc' dir='ltr'><strong>μία</strong></span> <span class='ocrx_word' id='word_1_280' title='bbox 1406 3412 1547 3482; x_wconf 82' lang='grc' dir='ltr'>ἀρχὴ</span> <span class='ocrx_word' id='word_1_281' title='bbox 1590 3412 1684 3463; x_wconf 70' lang='grc' dir='ltr'>ἐπὶ</span> <span class='ocrx_word' id='word_1_282' title='bbox 1713 3412 1949 3473; x_wconf 77' lang='grc' dir='ltr'>πάντων,</span> 
     </span>
    </p>
   </div>
   <div class='ocr_carea' id='block_1_38' title="bbox 372 3497 1951 3574">
    <p class='ocr_par' dir='ltr' id='par_1_38' title="bbox 372 3497 1951 3574">
     <span class='ocr_line' id='line_1_38' title="bbox 372 3497 1951 3574; baseline 0 -21"><span class='ocrx_word' id='word_1_283' title='bbox 372 3506 404 3573; x_wconf 73' lang='grc' dir='ltr'><strong>ἠ</strong></span> <span class='ocrx_word' id='word_1_284' title='bbox 453 3504 712 3556; x_wconf 76' lang='grc' dir='ltr'>ἐπέκεινα</span> <span class='ocrx_word' id='word_1_285' title='bbox 764 3502 861 3573; x_wconf 66' lang='lat'><strong>(3).</strong></span> <span class='ocrx_word' id='word_1_286' title='bbox 916 3503 1089 3573; x_wconf 80' lang='grc' dir='ltr'><strong>Ἀρχὴ</strong></span> <span class='ocrx_word' id='word_1_287' title='bbox 1126 3502 1235 3574; x_wconf 82' lang='grc' dir='ltr'><strong>γάρ</strong></span> <span class='ocrx_word' id='word_1_288' title='bbox 1283 3502 1425 3556; x_wconf 79' lang='grc' dir='ltr'>ὀδοῦ</span> <span class='ocrx_word' id='word_1_289' title='bbox 1454 3501 1701 3571; x_wconf 79' lang='grc' dir='ltr'>ἀγαθῆς,</span> <span class='ocrx_word' id='word_1_290' title='bbox 1733 3497 1885 3553; x_wconf 82' lang='grc' dir='ltr'>εἶπεν</span> <span class='ocrx_word' id='word_1_291' title='bbox 1917 3502 1951 3570; x_wconf 89' lang='grc' dir='ltr'><strong>ή</strong></span> 
     </span>
    </p>
   </div>
   <div class='ocr_carea' id='block_1_39' title="bbox 372 3593 1948 3669">
    <p class='ocr_par' dir='ltr' id='par_1_39' title="bbox 372 3593 1948 3669">
     <span class='ocr_line' id='line_1_39' title="bbox 372 3593 1948 3669; baseline -0.002 -22"><span class='ocrx_word' id='word_1_292' title='bbox 372 3596 673 3669; x_wconf 84' lang='grc' dir='ltr'>Παροιμία.</span> <span class='ocrx_word' id='word_1_293' title='bbox 728 3594 867 3648; x_wconf 81' lang='grc' dir='ltr'>Ἀλλ’</span> <span class='ocrx_word' id='word_1_294' title='bbox 891 3594 1010 3647; x_wconf 81' lang='grc' dir='ltr'>ὁδοῦ</span> <span class='ocrx_word' id='word_1_295' title='bbox 1066 3595 1164 3665; x_wconf 82' lang='grc' dir='ltr'><strong>μὲν</strong></span> <span class='ocrx_word' id='word_1_296' title='bbox 1213 3595 1353 3665; x_wconf 85' lang='grc' dir='ltr'>ἀρχὴ</span> <span class='ocrx_word' id='word_1_297' title='bbox 1408 3596 1441 3664; x_wconf 84' lang='grc' dir='ltr'><strong>ή</strong></span> <span class='ocrx_word' id='word_1_298' title='bbox 1480 3593 1669 3665; x_wconf 83' lang='grc' dir='ltr'>πρώτη</span> <span class='ocrx_word' id='word_1_299' title='bbox 1717 3593 1948 3663; x_wconf 84' lang='grc' dir='ltr'>κίνησις,</span> 
     </span>
    </p>
   </div>
   <div class='ocr_carea' id='block_1_40' title="bbox 372 3679 1951 3755">
    <p class='ocr_par' dir='ltr' id='par_1_40' title="bbox 372 3679 1951 3755">
     <span class='ocr_line' id='line_1_40' title="bbox 372 3679 1951 3755; baseline -0.001 -20"><span class='ocrx_word' id='word_1_300' title='bbox 372 3684 495 3735; x_wconf 61' lang='grc' dir='ltr'>ὂῗεν</span> <span class='ocrx_word' id='word_1_301' title='bbox 526 3682 810 3753; x_wconf 76' lang='grc' dir='ltr'>ἀρχόμεθα</span> <span class='ocrx_word' id='word_1_302' title='bbox 857 3681 959 3751; x_wconf 80' lang='grc' dir='ltr'>τῆς</span> <span class='ocrx_word' id='word_1_303' title='bbox 992 3684 1234 3753; x_wconf 84' lang='grc' dir='ltr'>πορείας,</span> <span class='ocrx_word' id='word_1_304' title='bbox 1277 3679 1344 3755; x_wconf 80' lang='grc' dir='ltr'>ἧς</span> <span class='ocrx_word' id='word_1_305' title='bbox 1372 3684 1433 3736; x_wconf 80' lang='grc' dir='ltr'>τὸ</span> <span class='ocrx_word' id='word_1_306' title='bbox 1462 3683 1689 3736; x_wconf 86' lang='grc' dir='ltr'>κατόπιν</span> <span class='ocrx_word' id='word_1_307' title='bbox 1728 3682 1951 3735; x_wconf 86' lang='grc' dir='ltr'>δυνατόν</span> 
     </span>
    </p>
   </div>
   <div class='ocr_carea' id='block_1_41' title="bbox 372 3774 1946 3844">
    <p class='ocr_par' dir='ltr' id='par_1_41' title="bbox 372 3774 1946 3844">
     <span class='ocr_line' id='line_1_41' title="bbox 372 3774 1946 3844; baseline -0.001 -19"><span class='ocrx_word' id='word_1_308' title='bbox 372 3777 524 3827; x_wconf 74' lang='grc' dir='ltr'>ἐστιν</span> <span class='ocrx_word' id='word_1_309' title='bbox 574 3776 775 3844; x_wconf 77' lang='grc' dir='ltr'>εὑρεῖν.</span> <span class='ocrx_word' id='word_1_310' title='bbox 824 3774 956 3836; x_wconf 71' lang='grc' dir='ltr'>Καὶ,</span> <span class='ocrx_word' id='word_1_311' title='bbox 1013 3774 1193 3843; x_wconf 72' lang='grc' dir='ltr'><strong>Ἀρχὴ</strong></span> <span class='ocrx_word' id='word_1_312' title='bbox 1227 3776 1447 3843; x_wconf 61' lang='grc' dir='ltr'>σοφίας</span> <span class='ocrx_word' id='word_1_313' title='bbox 1489 3774 1673 3842; x_wconf 76' lang='grc' dir='ltr'>φόϐος</span> <span class='ocrx_word' id='word_1_314' title='bbox 1708 3774 1946 3839; x_wconf 81' lang='grc' dir='ltr'>Κυρίου.</span> 
     </span>
    </p>
   </div>
   <div class='ocr_carea' id='block_1_42' title="bbox 376 3866 1949 3938">
    <p class='ocr_par' dir='ltr' id='par_1_42' title="bbox 376 3866 1949 3938">
     <span class='ocr_line' id='line_1_42' title="bbox 376 3866 1949 3938; baseline -0.002 -17"><span class='ocrx_word' id='word_1_315' title='bbox 376 3870 536 3921; x_wconf 82' lang='grc' dir='ltr'>Ἐστι</span> <span class='ocrx_word' id='word_1_316' title='bbox 563 3867 660 3919; x_wconf 72' lang='grc' dir='ltr'><strong>καὶ</strong></span> <span class='ocrx_word' id='word_1_317' title='bbox 686 3866 889 3935; x_wconf 75' lang='grc' dir='ltr'>ταύτης</span> <span class='ocrx_word' id='word_1_318' title='bbox 920 3867 1019 3937; x_wconf 85' lang='grc' dir='ltr'>τῆς</span> <span class='ocrx_word' id='word_1_319' title='bbox 1060 3868 1235 3938; x_wconf 83' lang='grc' dir='ltr'>ἀρχῆς</span> <span class='ocrx_word' id='word_1_320' title='bbox 1267 3867 1451 3938; x_wconf 73' lang='grc' dir='ltr'>ἕτερόν</span> <span class='ocrx_word' id='word_1_321' title='bbox 1480 3885 1531 3919; x_wconf 89' lang='grc' dir='ltr'><strong>τι</strong></span> <span class='ocrx_word' id='word_1_322' title='bbox 1560 3866 1949 3937; x_wconf 84' lang='grc' dir='ltr'>προκείμενον·</span> 
     </span>
    </p>
   </div>
   <div class='ocr_carea' id='block_1_43' title="bbox 374 3958 1951 4030">
    <p class='ocr_par' dir='ltr' id='par_1_43' title="bbox 374 3958 1951 4030">
     <span class='ocr_line' id='line_1_43' title="bbox 374 3958 1951 4030; baseline -0.002 -18"><span class='ocrx_word' id='word_1_323' title='bbox 374 3961 474 4027; x_wconf 70' lang='grc' dir='ltr'>τῆς</span> <span class='ocrx_word' id='word_1_324' title='bbox 524 3959 636 4030; x_wconf 76' lang='grc' dir='ltr'>γὰρ</span> <span class='ocrx_word' id='word_1_325' title='bbox 678 3958 786 4009; x_wconf 82' lang='grc' dir='ltr'>τῶν</span> <span class='ocrx_word' id='word_1_326' title='bbox 819 3958 1024 4029; x_wconf 81' lang='grc' dir='ltr'>τεχνῶν</span> <span class='ocrx_word' id='word_1_327' title='bbox 1057 3958 1376 4029; x_wconf 72' lang='grc' dir='ltr'>ἀναλήψεως</span> <span class='ocrx_word' id='word_1_328' title='bbox 1396 3959 1538 4029; x_wconf 85' lang='grc' dir='ltr'>ἀρχή</span> <span class='ocrx_word' id='word_1_329' title='bbox 1574 3960 1721 4010; x_wconf 77' lang='grc' dir='ltr'>ἐστιν</span> <span class='ocrx_word' id='word_1_330' title='bbox 1756 3959 1951 4028; x_wconf 83' lang='grc' dir='ltr'>ήστοι-</span> 
     </span>
    </p>
   </div>
   <div class='ocr_carea' id='block_1_44' title="bbox 374 4047 1950 4121">
    <p class='ocr_par' dir='ltr' id='par_1_44' title="bbox 374 4047 1950 4121">
     <span class='ocr_line' id='line_1_44' title="bbox 374 4047 1950 4121; baseline 0 -18"><span class='ocrx_word' id='word_1_331' title='bbox 374 4053 618 4119; x_wconf 75' lang='grc' dir='ltr'>χείωσις.</span> <span class='ocrx_word' id='word_1_332' title='bbox 646 4050 914 4120; x_wconf 81' lang='grc' dir='ltr'>Στοιχεῖον</span> <span class='ocrx_word' id='word_1_333' title='bbox 943 4047 1033 4104; x_wconf 74' lang='grc' dir='ltr'><strong>οὖν</strong></span> <span class='ocrx_word' id='word_1_334' title='bbox 1059 4054 1174 4103; x_wconf 73' lang='grc' dir='ltr'>ἐστι</span> <span class='ocrx_word' id='word_1_335' title='bbox 1193 4052 1291 4121; x_wconf 81' lang='grc' dir='ltr'>τῆς</span> <span class='ocrx_word' id='word_1_336' title='bbox 1316 4051 1507 4119; x_wconf 80' lang='grc' dir='ltr'>σοφίας</span> <span class='ocrx_word' id='word_1_337' title='bbox 1525 4051 1553 4102; x_wconf 86' lang='grc' dir='ltr'>ὁ</span> <span class='ocrx_word' id='word_1_338' title='bbox 1577 4050 1739 4120; x_wconf 87' lang='grc' dir='ltr'>φόϐος</span> <span class='ocrx_word' id='word_1_339' title='bbox 1764 4050 1857 4103; x_wconf 83' lang='grc' dir='ltr'><strong>τοῦ</strong></span> <span class='ocrx_word' id='word_1_340' title='bbox 1877 4050 1950 4121; x_wconf 74' lang='grc' dir='ltr'><strong>(ὃ)</strong></span> 
     </span>
    </p>
   </div>
   <div class='ocr_carea' id='block_1_45' title="bbox 374 4140 1956 4214">
    <p class='ocr_par' dir='ltr' id='par_1_45' title="bbox 374 4140 1956 4214">
     <span class='ocr_line' id='line_1_45' title="bbox 374 4140 1956 4214; baseline -0.002 -17"><span class='ocrx_word' id='word_1_341' title='bbox 374 4143 584 4214; x_wconf 64' lang='grc' dir='ltr'>Κυρίου</span> <span class='ocrx_word' id='word_1_342' title='bbox 612 4159 625 4171; x_wconf 90' lang='grc'>·</span> <span class='ocrx_word' id='word_1_343' title='bbox 661 4142 795 4194; x_wconf 74' lang='grc' dir='ltr'>ἀλλὰ</span> <span class='ocrx_word' id='word_1_344' title='bbox 842 4142 1044 4213; x_wconf 79' lang='grc' dir='ltr'>ταύτης</span> <span class='ocrx_word' id='word_1_345' title='bbox 1084 4140 1183 4212; x_wconf 82' lang='grc' dir='ltr'>τῆς</span> <span class='ocrx_word' id='word_1_346' title='bbox 1212 4144 1385 4213; x_wconf 81' lang='grc' dir='ltr'>ἀρχῆς</span> <span class='ocrx_word' id='word_1_347' title='bbox 1420 4142 1536 4195; x_wconf 78' lang='grc' dir='ltr'>ἐστί</span> <span class='ocrx_word' id='word_1_348' title='bbox 1568 4160 1621 4195; x_wconf 86' lang='grc' dir='ltr'><strong>τι</strong></span> <span class='ocrx_word' id='word_1_349' title='bbox 1653 4142 1956 4213; x_wconf 84' lang='grc' dir='ltr'>πρεσϐύτε-</span> 
     </span>
    </p>
   </div>
   <div class='ocr_carea' id='block_1_46' title="bbox 379 4234 1953 4305">
    <p class='ocr_par' dir='ltr' id='par_1_46' title="bbox 379 4234 1953 4305">
     <span class='ocr_line' id='line_1_46' title="bbox 379 4234 1953 4305; baseline 0.003 -22"><span class='ocrx_word' id='word_1_350' title='bbox 379 4250 495 4302; x_wconf 80' lang='grc' dir='ltr'>ρον,</span> <span class='ocrx_word' id='word_1_351' title='bbox 530 4236 565 4303; x_wconf 86' lang='grc' dir='ltr'><strong>ή</strong></span> <span class='ocrx_word' id='word_1_352' title='bbox 591 4234 922 4297; x_wconf 74' lang='grc' dir='ltr'>κατάστασις</span> <span class='ocrx_word' id='word_1_353' title='bbox 946 4236 1047 4304; x_wconf 83' lang='grc' dir='ltr'><strong>τῆς</strong></span> <span class='ocrx_word' id='word_1_354' title='bbox 1073 4235 1272 4305; x_wconf 71' lang='grc' dir='ltr'>ψυχῆς,</span> <span class='ocrx_word' id='word_1_355' title='bbox 1304 4234 1396 4287; x_wconf 89' lang='grc' dir='ltr'><strong>τοῦ</strong></span> <span class='ocrx_word' id='word_1_356' title='bbox 1419 4236 1587 4305; x_wconf 86' lang='grc' dir='ltr'>μήπω</span> <span class='ocrx_word' id='word_1_357' title='bbox 1608 4234 1953 4303; x_wconf 86' lang='grc' dir='ltr'>σοφισθέντος</span> 
     </span>
    </p>
   </div>
   <div class='ocr_carea' id='block_1_47' title="bbox 376 4326 1955 4398">
    <p class='ocr_par' dir='ltr' id='par_1_47' title="bbox 376 4326 1955 4398">
     <span class='ocr_line' id='line_1_47' title="bbox 376 4326 1955 4398; baseline 0.001 -22"><span class='ocrx_word' id='word_1_358' title='bbox 376 4328 471 4379; x_wconf 73' lang='grc' dir='ltr'><strong>καὶ</strong></span> <span class='ocrx_word' id='word_1_359' title='bbox 504 4326 595 4378; x_wconf 81' lang='grc' dir='ltr'><strong>τὸν</strong></span> <span class='ocrx_word' id='word_1_360' title='bbox 624 4327 786 4394; x_wconf 81' lang='grc' dir='ltr'>φόϐον</span> <span class='ocrx_word' id='word_1_361' title='bbox 812 4326 905 4379; x_wconf 84' lang='grc' dir='ltr'><strong>τοῦ</strong></span> <span class='ocrx_word' id='word_1_362' title='bbox 929 4326 1062 4379; x_wconf 89' lang='grc' dir='ltr'>Θεοῦ</span> <span class='ocrx_word' id='word_1_363' title='bbox 1105 4327 1474 4395; x_wconf 81' lang='grc' dir='ltr'>ἀνειληφότος.</span> <span class='ocrx_word' id='word_1_364' title='bbox 1530 4328 1719 4398; x_wconf 81' lang='grc' dir='ltr'>Ἀρχαὶ</span> <span class='ocrx_word' id='word_1_365' title='bbox 1754 4326 1829 4397; x_wconf 74' lang='grc'><strong>(4)</strong></span> <span class='ocrx_word' id='word_1_366' title='bbox 1870 4326 1955 4378; x_wconf 85' lang='grc' dir='ltr'><strong>λέ-</strong></span> 
     </span>
    </p>
   </div>
   <div class='ocr_carea' id='block_1_48' title="bbox 374 4418 1956 4487">
    <p class='ocr_par' dir='ltr' id='par_1_48' title="bbox 374 4418 1956 4487">
     <span class='ocr_line' id='line_1_48' title="bbox 374 4418 1956 4487; baseline 0.001 -18"><span class='ocrx_word' id='word_1_367' title='bbox 374 4435 565 4483; x_wconf 73' lang='grc' dir='ltr'>τονται</span> <span class='ocrx_word' id='word_1_368' title='bbox 596 4421 691 4470; x_wconf 80' lang='grc' dir='ltr'>καὶ</span> <span class='ocrx_word' id='word_1_369' title='bbox 719 4421 772 4472; x_wconf 91' lang='grc' dir='ltr'>αἱ</span> <span class='ocrx_word' id='word_1_370' title='bbox 824 4419 1097 4472; x_wconf 85' lang='grc' dir='ltr'>πολιτικαὶ</span> <span class='ocrx_word' id='word_1_371' title='bbox 1129 4419 1456 4482; x_wconf 85' lang='grc' dir='ltr'>δυναστεῖαι,</span> <span class='ocrx_word' id='word_1_372' title='bbox 1498 4420 1554 4471; x_wconf 83' lang='grc' dir='ltr'>αἱ</span> <span class='ocrx_word' id='word_1_373' title='bbox 1583 4419 1691 4470; x_wconf 85' lang='grc' dir='ltr'><strong>τῶν</strong></span> <span class='ocrx_word' id='word_1_374' title='bbox 1712 4418 1956 4487; x_wconf 82' lang='grc' dir='ltr'>ἀξιωμά-</span> 
     </span>
    </p>
   </div>
   <div class='ocr_carea' id='block_1_49' title="bbox 375 4505 1953 4579">
    <p class='ocr_par' dir='ltr' id='par_1_49' title="bbox 375 4505 1953 4579">
     <span class='ocr_line' id='line_1_49' title="bbox 375 4505 1953 4579; baseline 0.003 -22"><span class='ocrx_word' id='word_1_375' title='bbox 375 4524 486 4559; x_wconf 86' lang='grc' dir='ltr'><strong>των</strong></span> <span class='ocrx_word' id='word_1_376' title='bbox 543 4509 828 4578; x_wconf 80' lang='grc' dir='ltr'>ὑπεροχαί.</span> <span class='ocrx_word' id='word_1_377' title='bbox 878 4509 1014 4561; x_wconf 84' lang='grc' dir='ltr'>Ἀλλ’</span> <span class='ocrx_word' id='word_1_378' title='bbox 1066 4505 1226 4562; x_wconf 76' lang='grc' dir='ltr'>αὗται</span> <span class='ocrx_word' id='word_1_379' title='bbox 1277 4511 1331 4562; x_wconf 83' lang='grc' dir='ltr'>αἱ</span> <span class='ocrx_word' id='word_1_380' title='bbox 1375 4510 1558 4579; x_wconf 74' lang='grc' dir='ltr'>ἀρχαὶ,</span> <span class='ocrx_word' id='word_1_381' title='bbox 1604 4508 1766 4560; x_wconf 84' lang='grc' dir='ltr'>τινῶν</span> <span class='ocrx_word' id='word_1_382' title='bbox 1814 4510 1953 4561; x_wconf 77' lang='grc' dir='ltr'>εἰσιν</span> 
     </span>
    </p>
   </div>
   <div class='ocr_carea' id='block_1_50' title="bbox 2068 569 3634 644">
    <p class='ocr_par' dir='ltr' id='par_1_50' title="bbox 2068 569 3634 644">
     <span class='ocr_line' id='line_1_50' title="bbox 2068 569 3634 644; baseline -0.002 -17"><span class='ocrx_word' id='word_1_383' title='bbox 2068 575 2239 644; x_wconf 84' lang='lat' dir='ltr'><strong>ipsius</strong></span> <span class='ocrx_word' id='word_1_384' title='bbox 2278 576 2462 627; x_wconf 81' lang='lat' dir='ltr'><strong>orbem</strong></span> <span class='ocrx_word' id='word_1_385' title='bbox 2494 575 2777 627; x_wconf 89' lang='lat' dir='ltr'><strong>oculorum</strong></span> <span class='ocrx_word' id='word_1_386' title='bbox 2812 571 3037 624; x_wconf 94' lang='lat' dir='ltr'><strong>obtutus</strong></span> <span class='ocrx_word' id='word_1_387' title='bbox 3066 569 3227 639; x_wconf 84' lang='lat' dir='ltr'><strong>ﬁgere</strong></span> <span class='ocrx_word' id='word_1_388' title='bbox 3260 571 3634 625; x_wconf 75' lang='lat' dir='ltr'><strong>vehementius</strong></span> 
     </span>
    </p>
   </div>
   <div class='ocr_carea' id='block_1_51' title="bbox 2064 662 3632 730">
    <p class='ocr_par' dir='ltr' id='par_1_51' title="bbox 2064 662 3632 730">
     <span class='ocr_line' id='line_1_51' title="bbox 2064 662 3632 730; baseline -0.004 -9"><span class='ocrx_word' id='word_1_389' title='bbox 2064 668 2423 727; x_wconf 89' lang='lat' dir='ltr'><strong>contenderit,</strong></span> <span class='ocrx_word' id='word_1_390' title='bbox 2452 682 2559 720; x_wconf 91' lang='lat' dir='ltr'><strong>non</strong></span> <span class='ocrx_word' id='word_1_391' title='bbox 2602 666 2779 719; x_wconf 93' lang='lat' dir='ltr'><strong>solum</strong></span> <span class='ocrx_word' id='word_1_392' title='bbox 2830 669 3081 730; x_wconf 85' lang='lat' dir='ltr'><strong>exoptata</strong></span> <span class='ocrx_word' id='word_1_393' title='bbox 3111 662 3327 715; x_wconf 86' lang='lat' dir='ltr'><strong>visurus</strong></span> <span class='ocrx_word' id='word_1_394' title='bbox 3361 678 3471 716; x_wconf 93' lang='lat' dir='ltr'><strong>non</strong></span> <span class='ocrx_word' id='word_1_395' title='bbox 3501 672 3585 718; x_wconf 90' lang='lat' dir='ltr'><strong>est</strong></span> <span class='ocrx_word' id='word_1_396' title='bbox 3619 683 3632 728; x_wconf 93' lang='lat'><strong>;</strong></span> 
     </span>
    </p>
   </div>
   <div class='ocr_carea' id='block_1_52' title="bbox 2064 746 3633 822">
    <p class='ocr_par' dir='ltr' id='par_1_52' title="bbox 2064 746 3633 822">
     <span class='ocr_line' id='line_1_52' title="bbox 2064 746 3633 822; baseline -0.006 -11"><span class='ocrx_word' id='word_1_397' title='bbox 2064 758 2156 811; x_wconf 90' lang='lat' dir='ltr'><strong>sed</strong></span> <span class='ocrx_word' id='word_1_398' title='bbox 2183 759 2331 810; x_wconf 84' lang='lat' dir='ltr'><strong>visus</strong></span> <span class='ocrx_word' id='word_1_399' title='bbox 2356 756 2517 809; x_wconf 89' lang='lat' dir='ltr'><strong>etiam</strong></span> <span class='ocrx_word' id='word_1_400' title='bbox 2537 753 2898 822; x_wconf 70' lang='lat' dir='ltr'><strong>integritatem</strong></span> <span class='ocrx_word' id='word_1_401' title='bbox 2921 746 3400 818; x_wconf 84' lang='lat' dir='ltr'><strong>corrumpet.Tale</strong></span> <span class='ocrx_word' id='word_1_402' title='bbox 3429 748 3633 817; x_wconf 87' lang='lat' dir='ltr'><strong>aliquid</strong></span> 
     </span>
    </p>
   </div>
   <div class='ocr_carea' id='block_1_53' title="bbox 2063 840 3637 911">
    <p class='ocr_par' dir='ltr' id='par_1_53' title="bbox 2063 840 3637 911">
     <span class='ocr_line' id='line_1_53' title="bbox 2063 840 3637 911; baseline -0.005 -12"><span class='ocrx_word' id='word_1_403' title='bbox 2063 846 2300 899; x_wconf 73' lang='lat' dir='ltr'><strong>arbitror</strong></span> <span class='ocrx_word' id='word_1_404' title='bbox 2353 846 2599 898; x_wconf 88' lang='lat' dir='ltr'><strong>accidere</strong></span> <span class='ocrx_word' id='word_1_405' title='bbox 2646 844 2810 896; x_wconf 86' lang='lat' dir='ltr'><strong>menti</strong></span> <span class='ocrx_word' id='word_1_406' title='bbox 2848 844 2917 903; x_wconf 88' lang='lat' dir='ltr'><strong>ei,</strong></span> <span class='ocrx_word' id='word_1_407' title='bbox 2964 858 3085 911; x_wconf 74' lang='lat' dir='ltr'><strong>qua:</strong></span> <span class='ocrx_word' id='word_1_408' title='bbox 3128 840 3437 894; x_wconf 88' lang='lat' dir='ltr'><strong>accuratius</strong></span> <span class='ocrx_word' id='word_1_409' title='bbox 3479 853 3637 892; x_wconf 83' lang='lat' dir='ltr'><strong>scru-</strong></span> 
     </span>
    </p>
   </div>
   <div class='ocr_carea' id='block_1_54' title="bbox 2066 932 3631 1004">
    <p class='ocr_par' dir='ltr' id='par_1_54' title="bbox 2066 932 3631 1004">
     <span class='ocr_line' id='line_1_54' title="bbox 2066 932 3631 1004; baseline -0.003 -14"><span class='ocrx_word' id='word_1_410' title='bbox 2066 937 2168 991; x_wconf 89' lang='lat' dir='ltr'><strong>lari</strong></span> <span class='ocrx_word' id='word_1_411' title='bbox 2198 946 2427 990; x_wconf 87' lang='lat' dir='ltr'><strong>conatur</strong></span> <span class='ocrx_word' id='word_1_412' title='bbox 2451 937 2561 989; x_wconf 70' lang='lat' dir='ltr'><strong>lizec</strong></span> <span class='ocrx_word' id='word_1_413' title='bbox 2590 936 2754 989; x_wconf 81' lang='lat' dir='ltr'><strong>verba</strong></span> <span class='ocrx_word' id='word_1_414' title='bbox 2791 955 2803 988; x_wconf 90' lang='lat'>:</span> <span class='ocrx_word' id='word_1_415' title='bbox 2840 933 2903 987; x_wconf 88' lang='lat' dir='ltr'><strong>In</strong></span> <span class='ocrx_word' id='word_1_416' title='bbox 2932 934 3190 1004; x_wconf 78' lang='lat' dir='ltr'><strong>principio</strong></span> <span class='ocrx_word' id='word_1_417' title='bbox 3230 943 3343 986; x_wconf 86' lang='lat' dir='ltr'><strong>erat</strong></span> <span class='ocrx_word' id='word_1_418' title='bbox 3389 932 3631 985; x_wconf 80' lang='lat' dir='ltr'><strong>Verbum.</strong></span> 
     </span>
    </p>
   </div>
   <div class='ocr_carea' id='block_1_55' title="bbox 2063 1025 3633 1097">
    <p class='ocr_par' dir='ltr' id='par_1_55' title="bbox 2063 1025 3633 1097">
     <span class='ocr_line' id='line_1_55' title="bbox 2063 1025 3633 1097; baseline -0.004 -15"><span class='ocrx_word' id='word_1_419' title='bbox 2063 1027 2199 1094; x_wconf 87' lang='lat' dir='ltr'><strong>Quis</strong></span> <span class='ocrx_word' id='word_1_420' title='bbox 2227 1044 2348 1097; x_wconf 74' lang='lat' dir='ltr'><strong>qua:</strong></span> <span class='ocrx_word' id='word_1_421' title='bbox 2372 1028 2438 1081; x_wconf 91' lang='lat' dir='ltr'><strong>ad</strong></span> <span class='ocrx_word' id='word_1_422' title='bbox 2468 1028 2792 1096; x_wconf 84' lang='lat' dir='ltr'><strong>principium</strong></span> <span class='ocrx_word' id='word_1_423' title='bbox 2828 1034 3094 1095; x_wconf 64' lang='lat' dir='ltr'><strong>spectant,</strong></span> <span class='ocrx_word' id='word_1_424' title='bbox 3128 1035 3184 1079; x_wconf 92' lang='lat' dir='ltr'><strong>ut</strong></span> <span class='ocrx_word' id='word_1_425' title='bbox 3218 1042 3314 1096; x_wconf 88' lang='lat' dir='ltr'><strong>par</strong></span> <span class='ocrx_word' id='word_1_426' title='bbox 3345 1033 3448 1089; x_wconf 86' lang='lat' dir='ltr'><strong>est,</strong></span> <span class='ocrx_word' id='word_1_427' title='bbox 3474 1025 3633 1078; x_wconf 86' lang='lat' dir='ltr'><strong>intel-</strong></span> 
     </span>
    </p>
   </div>
   <div class='ocr_carea' id='block_1_56' title="bbox 2060 1118 3634 1189">
    <p class='ocr_par' dir='ltr' id='par_1_56' title="bbox 2060 1118 3634 1189">
     <span class='ocr_line' id='line_1_56' title="bbox 2060 1118 3634 1189; baseline -0.002 -17"><span class='ocrx_word' id='word_1_428' title='bbox 2060 1118 2227 1189; x_wconf 83' lang='lat' dir='ltr'><strong>liget?</strong></span> <span class='ocrx_word' id='word_1_429' title='bbox 2261 1119 2519 1183; x_wconf 68' lang='lat' dir='ltr'><strong>Quantam</strong></span> <span class='ocrx_word' id='word_1_430' title='bbox 2578 1120 2865 1172; x_wconf 83' lang='lat' dir='ltr'><strong>verborum</strong></span> <span class='ocrx_word' id='word_1_431' title='bbox 2898 1119 2979 1172; x_wconf 90' lang='lat' dir='ltr'><strong>vis</strong></span> <span class='ocrx_word' id='word_1_432' title='bbox 3014 1118 3340 1180; x_wconf 87' lang='lat' dir='ltr'><strong>inveniatur,</strong></span> <span class='ocrx_word' id='word_1_433' title='bbox 3374 1132 3494 1186; x_wconf 69' lang='lat' dir='ltr'><strong>quae</strong></span> <span class='ocrx_word' id='word_1_434' title='bbox 3534 1131 3634 1186; x_wconf 89' lang='lat' dir='ltr'><strong>pro</strong></span> 
     </span>
    </p>
   </div>
   <div class='ocr_carea' id='block_1_57' title="bbox 2059 1208 3633 1281">
    <p class='ocr_par' dir='ltr' id='par_1_57' title="bbox 2059 1208 3633 1281">
     <span class='ocr_line' id='line_1_57' title="bbox 2059 1208 3633 1281; baseline 0 -16"><span class='ocrx_word' id='word_1_435' title='bbox 2059 1212 2139 1267; x_wconf 88' lang='lat' dir='ltr'><strong>rei</strong></span> <span class='ocrx_word' id='word_1_436' title='bbox 2166 1212 2430 1281; x_wconf 76' lang='lat' dir='ltr'><strong>dignitate</strong></span> <span class='ocrx_word' id='word_1_437' title='bbox 2459 1212 2629 1281; x_wconf 90' lang='lat' dir='ltr'><strong>possit</strong></span> <span class='ocrx_word' id='word_1_438' title='bbox 2666 1212 2901 1281; x_wconf 85' lang='lat' dir='ltr'><strong>cogitata</strong></span> <span class='ocrx_word' id='word_1_439' title='bbox 2929 1211 3267 1281; x_wconf 83' lang='lat' dir='ltr'><strong>exprimere?</strong></span> <span class='ocrx_word' id='word_1_440' title='bbox 3307 1208 3633 1265; x_wconf 82' lang='lat' dir='ltr'><strong>Traditurus</strong></span> 
     </span>
    </p>
   </div>
   <div class='ocr_carea' id='block_1_58' title="bbox 2059 1301 3631 1373">
    <p class='ocr_par' dir='ltr' id='par_1_58' title="bbox 2059 1301 3631 1373">
     <span class='ocr_line' id='line_1_58' title="bbox 2059 1301 3631 1373; baseline -0.003 -15"><span class='ocrx_word' id='word_1_441' title='bbox 2059 1304 2219 1359; x_wconf 89' lang='lat' dir='ltr'><strong>nobis</strong></span> <span class='ocrx_word' id='word_1_442' title='bbox 2240 1302 2479 1358; x_wconf 83' lang='lat' dir='ltr'><strong>Joannes</strong></span> <span class='ocrx_word' id='word_1_443' title='bbox 2507 1318 2629 1373; x_wconf 64' lang='lat' dir='ltr'><strong>quae</strong></span> <span class='ocrx_word' id='word_1_444' title='bbox 2653 1303 2717 1355; x_wconf 91' lang='lat' dir='ltr'><strong>ad</strong></span> <span class='ocrx_word' id='word_1_445' title='bbox 2751 1302 3078 1370; x_wconf 82' lang='lat' dir='ltr'><strong>theologiam</strong></span> <span class='ocrx_word' id='word_1_446' title='bbox 3105 1301 3228 1355; x_wconf 87' lang='lat' dir='ltr'><strong>Filii</strong></span> <span class='ocrx_word' id='word_1_447' title='bbox 3255 1302 3349 1356; x_wconf 88' lang='lat' dir='ltr'><strong>Dei</strong></span> <span class='ocrx_word' id='word_1_448' title='bbox 3379 1302 3631 1366; x_wconf 87' lang='lat' dir='ltr'><strong>attinent,</strong></span> 
     </span>
    </p>
   </div>
   <div class='ocr_carea' id='block_1_59' title="bbox 2059 1395 3631 1464">
    <p class='ocr_par' dir='ltr' id='par_1_59' title="bbox 2059 1395 3631 1464">
     <span class='ocr_line' id='line_1_59' title="bbox 2059 1395 3631 1464; baseline -0.001 -15"><span class='ocrx_word' id='word_1_449' title='bbox 2059 1397 2268 1449; x_wconf 92' lang='lat' dir='ltr'><strong>nullum</strong></span> <span class='ocrx_word' id='word_1_450' title='bbox 2318 1397 2462 1450; x_wconf 88' lang='lat' dir='ltr'><strong>aliud</strong></span> <span class='ocrx_word' id='word_1_451' title='bbox 2511 1397 2778 1449; x_wconf 83' lang='lat' dir='ltr'><strong>orationis</strong></span> <span class='ocrx_word' id='word_1_452' title='bbox 2821 1395 3106 1449; x_wconf 75' lang='lat' dir='ltr'><strong>exordium</strong></span> <span class='ocrx_word' id='word_1_453' title='bbox 3162 1396 3265 1449; x_wconf 87' lang='lat' dir='ltr'><strong>nisi</strong></span> <span class='ocrx_word' id='word_1_454' title='bbox 3305 1395 3631 1464; x_wconf 86' lang='lat' dir='ltr'><strong>principium</strong></span> 
     </span>
    </p>
   </div>
   <div class='ocr_carea' id='block_1_60' title="bbox 2058 1486 3630 1557">
    <p class='ocr_par' dir='ltr' id='par_1_60' title="bbox 2058 1486 3630 1557">
     <span class='ocr_line' id='line_1_60' title="bbox 2058 1486 3630 1557; baseline -0.003 -15"><span class='ocrx_word' id='word_1_455' title='bbox 2058 1489 2444 1542; x_wconf 86' lang='lat' dir='ltr'><strong>universorum</strong></span> <span class='ocrx_word' id='word_1_456' title='bbox 2480 1488 2740 1557; x_wconf 76' lang='lat' dir='ltr'><strong>przetulit.</strong></span> <span class='ocrx_word' id='word_1_457' title='bbox 2773 1486 3013 1556; x_wconf 90' lang='lat' dir='ltr'><strong>Spiritus</strong></span> <span class='ocrx_word' id='word_1_458' title='bbox 3040 1497 3263 1541; x_wconf 91' lang='lat' dir='ltr'><strong>sanctus</strong></span> <span class='ocrx_word' id='word_1_459' title='bbox 3296 1486 3630 1553; x_wconf 87' lang='lat' dir='ltr'><strong>noveratqui</strong></span> 
     </span>
    </p>
   </div>
   <div class='ocr_carea' id='block_1_61' title="bbox 2056 1576 3631 1647">
    <p class='ocr_par' dir='ltr' id='par_1_61' title="bbox 2056 1576 3631 1647">
     <span class='ocr_line' id='line_1_61' title="bbox 2056 1576 3631 1647; baseline -0.004 -13"><span class='ocrx_word' id='word_1_460' title='bbox 2056 1588 2242 1634; x_wconf 86' lang='lat' dir='ltr'><strong>essent</strong></span> <span class='ocrx_word' id='word_1_461' title='bbox 2290 1578 2537 1632; x_wconf 90' lang='lat' dir='ltr'><strong>adorturi</strong></span> <span class='ocrx_word' id='word_1_462' title='bbox 2586 1576 2861 1647; x_wconf 89' lang='lat' dir='ltr'><strong>Unigeniti</strong></span> <span class='ocrx_word' id='word_1_463' title='bbox 2892 1579 3154 1647; x_wconf 83' lang='lat' dir='ltr'><strong>gloriam;</strong></span> <span class='ocrx_word' id='word_1_464' title='bbox 3190 1577 3508 1647; x_wconf 66' lang='lat' dir='ltr'><strong>praeviderat</strong></span> <span class='ocrx_word' id='word_1_465' title='bbox 3538 1578 3631 1646; x_wconf 91' lang='lat' dir='ltr'><strong>qui</strong></span> 
     </span>
    </p>
   </div>
   <div class='ocr_carea' id='block_1_62' title="bbox 2055 1667 3631 1736">
    <p class='ocr_par' dir='ltr' id='par_1_62' title="bbox 2055 1667 3631 1736">
     <span class='ocr_line' id='line_1_62' title="bbox 2055 1667 3631 1736; baseline -0.001 -13"><span class='ocrx_word' id='word_1_466' title='bbox 2055 1678 2243 1724; x_wconf 85' lang='lat' dir='ltr'><strong>essent</strong></span> <span class='ocrx_word' id='word_1_467' title='bbox 2293 1668 2454 1721; x_wconf 88' lang='lat' dir='ltr'><strong>nobis</strong></span> <span class='ocrx_word' id='word_1_468' title='bbox 2511 1667 2781 1735; x_wconf 90' lang='lat' dir='ltr'><strong>objecturi</strong></span> <span class='ocrx_word' id='word_1_469' title='bbox 2836 1667 3192 1735; x_wconf 89' lang='lat' dir='ltr'><strong>sophismata,</strong></span> <span class='ocrx_word' id='word_1_470' title='bbox 3248 1681 3368 1733; x_wconf 67' lang='lat' dir='ltr'><strong>quae</strong></span> <span class='ocrx_word' id='word_1_471' title='bbox 3409 1667 3511 1736; x_wconf 90' lang='lat' dir='ltr'><strong>ipsi</strong></span> <span class='ocrx_word' id='word_1_472' title='bbox 3561 1668 3631 1721; x_wconf 88' lang='lat' dir='ltr'><strong>ad</strong></span> 
     </span>
    </p>
   </div>
   <div class='ocr_carea' id='block_1_63' title="bbox 2056 1758 3632 1829">
    <p class='ocr_par' dir='ltr' id='par_1_63' title="bbox 2056 1758 3632 1829">
     <span class='ocr_line' id='line_1_63' title="bbox 2056 1758 3632 1829; baseline -0.002 -13"><span class='ocrx_word' id='word_1_473' title='bbox 2056 1761 2456 1816; x_wconf 84' lang='lat' dir='ltr'><strong>subvertendos</strong></span> <span class='ocrx_word' id='word_1_474' title='bbox 2490 1760 2770 1815; x_wconf 81' lang='lat' dir='ltr'><strong>auditores</strong></span> <span class='ocrx_word' id='word_1_475' title='bbox 2792 1760 3220 1829; x_wconf 83' lang='lat' dir='ltr'><strong>excogitassent.</strong></span> <span class='ocrx_word' id='word_1_476' title='bbox 3247 1759 3535 1823; x_wconf 86' lang='lat' dir='ltr'><strong>Nimirum,</strong></span> <span class='ocrx_word' id='word_1_477' title='bbox 3572 1758 3632 1813; x_wconf 90' lang='lat' dir='ltr'><strong>Si</strong></span> 
     </span>
    </p>
   </div>
   <div class='ocr_carea' id='block_1_64' title="bbox 1988 1841 3628 1923">
    <p class='ocr_par' dir='ltr' id='par_1_64' title="bbox 1988 1841 3628 1923">
     <span class='ocr_line' id='line_1_64' title="bbox 1988 1841 3628 1923; baseline -0.002 -16"><span class='ocrx_word' id='word_1_478' title='bbox 1988 1841 2031 1901; x_wconf 78' lang='grc' dir='ltr'><strong>Β</strong></span> <span class='ocrx_word' id='word_1_479' title='bbox 2060 1855 2276 1923; x_wconf 84' lang='lat' dir='ltr'><strong>genitus</strong></span> <span class='ocrx_word' id='word_1_480' title='bbox 2333 1860 2437 1918; x_wconf 91' lang='lat' dir='ltr'><strong>est,</strong></span> <span class='ocrx_word' id='word_1_481' title='bbox 2486 1868 2593 1907; x_wconf 95' lang='lat' dir='ltr'><strong>non</strong></span> <span class='ocrx_word' id='word_1_482' title='bbox 2638 1860 2753 1905; x_wconf 90' lang='lat' dir='ltr'><strong>erat</strong></span> <span class='ocrx_word' id='word_1_483' title='bbox 2794 1857 2913 1914; x_wconf 91' lang='lat' dir='ltr'><strong>:et,</strong></span> <span class='ocrx_word' id='word_1_484' title='bbox 2958 1852 3261 1920; x_wconf 87' lang='lat' dir='ltr'><strong>Antequam</strong></span> <span class='ocrx_word' id='word_1_485' title='bbox 3298 1853 3628 1921; x_wconf 79' lang='lat' dir='ltr'><strong>gigneretur,</strong></span> 
     </span>
    </p>
   </div>
   <div class='ocr_carea' id='block_1_65' title="bbox 2055 1943 3629 2009">
    <p class='ocr_par' dir='ltr' id='par_1_65' title="bbox 2055 1943 3629 2009">
     <span class='ocr_line' id='line_1_65' title="bbox 2055 1943 3629 2009; baseline -0.001 -10"><span class='ocrx_word' id='word_1_486' title='bbox 2055 1962 2163 2001; x_wconf 91' lang='lat' dir='ltr'><strong>non</strong></span> <span class='ocrx_word' id='word_1_487' title='bbox 2190 1955 2306 2000; x_wconf 90' lang='lat' dir='ltr'><strong>erat</strong></span> <span class='ocrx_word' id='word_1_488' title='bbox 2334 1964 2346 1997; x_wconf 87' lang='lat'><strong>:</strong></span> <span class='ocrx_word' id='word_1_489' title='bbox 2380 1945 2531 2009; x_wconf 87' lang='lat' dir='ltr'><strong>item,</strong></span> <span class='ocrx_word' id='word_1_490' title='bbox 2553 1943 2631 1997; x_wconf 87' lang='lat' dir='ltr'><strong>Ex</strong></span> <span class='ocrx_word' id='word_1_491' title='bbox 2659 1958 2767 1996; x_wconf 94' lang='lat' dir='ltr'><strong>non</strong></span> <span class='ocrx_word' id='word_1_492' title='bbox 2798 1943 3193 1997; x_wconf 86' lang='lat' dir='ltr'><strong>exsistentibus</strong></span> <span class='ocrx_word' id='word_1_493' title='bbox 3220 1945 3629 1999; x_wconf 84' lang='lat' dir='ltr'><strong>subsistentiam</strong></span> 
     </span>
    </p>
   </div>
   <div class='ocr_carea' id='block_1_66' title="bbox 2055 2034 3633 2106">
    <p class='ocr_par' dir='ltr' id='par_1_66' title="bbox 2055 2034 3633 2106">
     <span class='ocr_line' id='line_1_66' title="bbox 2055 2034 3633 2106; baseline 0.001 -16"><span class='ocrx_word' id='word_1_494' title='bbox 2055 2038 2285 2106; x_wconf 87' lang='lat' dir='ltr'><strong>accepit.</strong></span> <span class='ocrx_word' id='word_1_495' title='bbox 2318 2034 2539 2106; x_wconf 72' lang='lat' dir='ltr'><strong>Linguae</strong></span> <span class='ocrx_word' id='word_1_496' title='bbox 2570 2036 2713 2090; x_wconf 91' lang='lat' dir='ltr'><strong>enim</strong></span> <span class='ocrx_word' id='word_1_497' title='bbox 2759 2050 2856 2104; x_wconf 93' lang='lat' dir='ltr'><strong>per</strong></span> <span class='ocrx_word' id='word_1_498' title='bbox 2904 2036 3071 2089; x_wconf 90' lang='lat' dir='ltr'><strong>verba</strong></span> <span class='ocrx_word' id='word_1_499' title='bbox 3117 2037 3363 2090; x_wconf 82' lang='lat' dir='ltr'><strong>suasoria</strong></span> <span class='ocrx_word' id='word_1_500' title='bbox 3391 2044 3633 2091; x_wconf 72' lang='lat' dir='ltr'><strong>exacuta&#39;:</strong></span> 
     </span>
    </p>
   </div>
   <div class='ocr_carea' id='block_1_67' title="bbox 2054 2126 3628 2199">
    <p class='ocr_par' dir='ltr' id='par_1_67' title="bbox 2054 2126 3628 2199">
     <span class='ocr_line' id='line_1_67' title="bbox 2054 2126 3628 2199; baseline -0.003 -16"><span class='ocrx_word' id='word_1_501' title='bbox 2054 2130 2228 2199; x_wconf 88' lang='lat' dir='ltr'><strong>magis</strong></span> <span class='ocrx_word' id='word_1_502' title='bbox 2248 2143 2410 2198; x_wconf 86' lang='lat' dir='ltr'><strong>quam</strong></span> <span class='ocrx_word' id='word_1_503' title='bbox 2437 2143 2643 2197; x_wconf 89' lang='lat' dir='ltr'><strong>anceps</strong></span> <span class='ocrx_word' id='word_1_504' title='bbox 2674 2127 2856 2196; x_wconf 89' lang='lat' dir='ltr'><strong>quivis</strong></span> <span class='ocrx_word' id='word_1_505' title='bbox 2886 2126 3122 2196; x_wconf 85' lang='lat' dir='ltr'><strong>gladius,</strong></span> <span class='ocrx_word' id='word_1_506' title='bbox 3160 2127 3457 2196; x_wconf 86' lang='lat' dir='ltr'><strong>loquuntur</strong></span> <span class='ocrx_word' id='word_1_507' title='bbox 3481 2131 3628 2181; x_wconf 86' lang='lat' dir='ltr'><strong>talia.</strong></span> 
     </span>
    </p>
   </div>
   <div class='ocr_carea' id='block_1_68' title="bbox 2053 2219 3632 2290">
    <p class='ocr_par' dir='ltr' id='par_1_68' title="bbox 2053 2219 3632 2290">
     <span class='ocr_line' id='line_1_68' title="bbox 2053 2219 3632 2290; baseline 0.001 -17"><span class='ocrx_word' id='word_1_508' title='bbox 2053 2219 2131 2275; x_wconf 87' lang='lat' dir='ltr'><strong>Ne</strong></span> <span class='ocrx_word' id='word_1_509' title='bbox 2148 2221 2313 2290; x_wconf 84' lang='lat' dir='ltr'><strong>igitur</strong></span> <span class='ocrx_word' id='word_1_510' title='bbox 2338 2220 2538 2275; x_wconf 87' lang='lat' dir='ltr'><strong>similia</strong></span> <span class='ocrx_word' id='word_1_511' title='bbox 2568 2219 2819 2288; x_wconf 89' lang='lat' dir='ltr'><strong>cuiquam</strong></span> <span class='ocrx_word' id='word_1_512' title='bbox 2843 2219 3025 2273; x_wconf 91' lang='lat' dir='ltr'><strong>dicere</strong></span> <span class='ocrx_word' id='word_1_513' title='bbox 3044 2220 3224 2284; x_wconf 89' lang='lat' dir='ltr'><strong>liceat,</strong></span> <span class='ocrx_word' id='word_1_514' title='bbox 3251 2221 3484 2288; x_wconf 86' lang='lat' dir='ltr'><strong>Spiritus</strong></span> <span class='ocrx_word' id='word_1_515' title='bbox 3501 2236 3632 2275; x_wconf 91' lang='lat' dir='ltr'><strong>san-</strong></span> 
     </span>
    </p>
   </div>
   <div class='ocr_carea' id='block_1_69' title="bbox 2054 2309 3635 2381">
    <p class='ocr_par' dir='ltr' id='par_1_69' title="bbox 2054 2309 3635 2381">
     <span class='ocr_line' id='line_1_69' title="bbox 2054 2309 3635 2381; baseline -0.002 -13"><span class='ocrx_word' id='word_1_516' title='bbox 2054 2322 2175 2368; x_wconf 89' lang='lat' dir='ltr'><strong>ctus</strong></span> <span class='ocrx_word' id='word_1_517' title='bbox 2194 2312 2308 2367; x_wconf 64' lang='lat' dir='ltr'><strong>haec</strong></span> <span class='ocrx_word' id='word_1_518' title='bbox 2326 2313 2381 2366; x_wconf 89' lang='lat' dir='ltr'><strong>in</strong></span> <span class='ocrx_word' id='word_1_519' title='bbox 2404 2310 2697 2381; x_wconf 74' lang='lat' dir='ltr'><strong>Evangelia</strong></span> <span class='ocrx_word' id='word_1_520' title='bbox 2719 2325 2996 2380; x_wconf 90' lang='lat' dir='ltr'><strong>occupans</strong></span> <span class='ocrx_word' id='word_1_521' title='bbox 3021 2310 3159 2365; x_wconf 78' lang='lat' dir='ltr'><strong>dixit</strong></span> <span class='ocrx_word' id='word_1_522' title='bbox 3184 2331 3195 2363; x_wconf 92' lang='grc'>;</span> <span class='ocrx_word' id='word_1_523' title='bbox 3224 2310 3380 2380; x_wconf 80' lang='lat'><strong>135</strong></span> <span class='ocrx_word' id='word_1_524' title='bbox 3406 2309 3469 2363; x_wconf 87' lang='lat' dir='ltr'><strong>In</strong></span> <span class='ocrx_word' id='word_1_525' title='bbox 3487 2313 3635 2379; x_wconf 85' lang='lat' dir='ltr'><strong>prin-</strong></span> 
     </span>
    </p>
   </div>
   <div class='ocr_carea' id='block_1_70' title="bbox 2055 2401 3629 2473">
    <p class='ocr_par' dir='ltr' id='par_1_70' title="bbox 2055 2401 3629 2473">
     <span class='ocr_line' id='line_1_70' title="bbox 2055 2401 3629 2473; baseline -0.001 -15"><span class='ocrx_word' id='word_1_526' title='bbox 2055 2406 2213 2473; x_wconf 77' lang='lat' dir='ltr'><strong>cipio,</strong></span> <span class='ocrx_word' id='word_1_527' title='bbox 2238 2404 2437 2473; x_wconf 89' lang='lat' dir='ltr'><strong>inquit,</strong></span> <span class='ocrx_word' id='word_1_528' title='bbox 2471 2412 2585 2457; x_wconf 84' lang='lat' dir='ltr'><strong>erat</strong></span> <span class='ocrx_word' id='word_1_529' title='bbox 2618 2402 2861 2456; x_wconf 86' lang='lat' dir='ltr'><strong>Verbum.</strong></span> <span class='ocrx_word' id='word_1_530' title='bbox 2886 2401 3040 2455; x_wconf 81' lang='lat' dir='ltr'><strong>lianc</strong></span> <span class='ocrx_word' id='word_1_531' title='bbox 3071 2418 3259 2455; x_wconf 87' lang='lat' dir='ltr'><strong>vocem</strong></span> <span class='ocrx_word' id='word_1_532' title='bbox 3290 2404 3335 2455; x_wconf 89' lang='lat' dir='ltr'><strong>si</strong></span> <span class='ocrx_word' id='word_1_533' title='bbox 3367 2404 3629 2465; x_wconf 88' lang='lat' dir='ltr'><strong>tenueris,</strong></span> 
     </span>
    </p>
   </div>
   <div class='ocr_carea' id='block_1_71' title="bbox 2054 2493 3634 2562">
    <p class='ocr_par' dir='ltr' id='par_1_71' title="bbox 2054 2493 3634 2562">
     <span class='ocr_line' id='line_1_71' title="bbox 2054 2493 3634 2562; baseline -0.002 -12"><span class='ocrx_word' id='word_1_534' title='bbox 2054 2497 2192 2551; x_wconf 90' lang='lat' dir='ltr'><strong>nihil</strong></span> <span class='ocrx_word' id='word_1_535' title='bbox 2246 2511 2277 2549; x_wconf 86' lang='lat' dir='ltr'><strong>a</strong></span> <span class='ocrx_word' id='word_1_536' title='bbox 2336 2494 2597 2549; x_wconf 84' lang='lat' dir='ltr'><strong>maleﬁcis</strong></span> <span class='ocrx_word' id='word_1_537' title='bbox 2631 2494 2741 2548; x_wconf 88' lang='lat' dir='ltr'><strong>illis</strong></span> <span class='ocrx_word' id='word_1_538' title='bbox 2799 2494 3024 2562; x_wconf 90' lang='lat' dir='ltr'><strong>patieris</strong></span> <span class='ocrx_word' id='word_1_539' title='bbox 3088 2493 3237 2545; x_wconf 89' lang='lat' dir='ltr'><strong>mali.</strong></span> <span class='ocrx_word' id='word_1_540' title='bbox 3275 2493 3407 2545; x_wconf 76' lang='lat' dir='ltr'><strong>Nam</strong></span> <span class='ocrx_word' id='word_1_541' title='bbox 3455 2494 3499 2548; x_wconf 90' lang='lat' dir='ltr'><strong>si</strong></span> <span class='ocrx_word' id='word_1_542' title='bbox 3543 2494 3634 2547; x_wconf 90' lang='lat' dir='ltr'><strong>ille</strong></span> 
     </span>
    </p>
   </div>
   <div class='ocr_carea' id='block_1_72' title="bbox 2054 2584 3632 2657">
    <p class='ocr_par' dir='ltr' id='par_1_72' title="bbox 2054 2584 3632 2657">
     <span class='ocr_line' id='line_1_72' title="bbox 2054 2584 3632 2657; baseline -0.003 -13"><span class='ocrx_word' id='word_1_543' title='bbox 2054 2588 2277 2652; x_wconf 78' lang='lat' dir='ltr'><strong>dixerit,</strong></span> <span class='ocrx_word' id='word_1_544' title='bbox 2304 2589 2361 2642; x_wconf 85' lang='lat' dir='ltr'><strong>Si</strong></span> <span class='ocrx_word' id='word_1_545' title='bbox 2389 2589 2605 2657; x_wconf 85' lang='lat' dir='ltr'><strong>genitus</strong></span> <span class='ocrx_word' id='word_1_546' title='bbox 2633 2597 2739 2649; x_wconf 88' lang='lat' dir='ltr'><strong>est,</strong></span> <span class='ocrx_word' id='word_1_547' title='bbox 2772 2601 2881 2639; x_wconf 92' lang='lat' dir='ltr'><strong>non</strong></span> <span class='ocrx_word' id='word_1_548' title='bbox 2904 2593 3020 2641; x_wconf 90' lang='lat' dir='ltr'><strong>erat</strong></span> <span class='ocrx_word' id='word_1_549' title='bbox 3048 2605 3060 2638; x_wconf 85' lang='lat'><strong>:</strong></span> <span class='ocrx_word' id='word_1_550' title='bbox 3088 2593 3144 2639; x_wconf 89' lang='lat' dir='ltr'><strong>tu</strong></span> <span class='ocrx_word' id='word_1_551' title='bbox 3176 2586 3365 2649; x_wconf 88' lang='lat' dir='ltr'><strong>dicito,</strong></span> <span class='ocrx_word' id='word_1_552' title='bbox 3398 2584 3463 2638; x_wconf 84' lang='lat' dir='ltr'><strong>In</strong></span> <span class='ocrx_word' id='word_1_553' title='bbox 3488 2586 3632 2653; x_wconf 82' lang='lat' dir='ltr'><strong>prin-</strong></span> 
     </span>
    </p>
   </div>
   <div class='ocr_carea' id='block_1_73' title="bbox 2055 2676 3629 2749">
    <p class='ocr_par' dir='ltr' id='par_1_73' title="bbox 2055 2676 3629 2749">
     <span class='ocr_line' id='line_1_73' title="bbox 2055 2676 3629 2749; baseline -0.003 -15"><span class='ocrx_word' id='word_1_554' title='bbox 2055 2682 2191 2749; x_wconf 85' lang='lat' dir='ltr'><strong>cipio</strong></span> <span class='ocrx_word' id='word_1_555' title='bbox 2241 2688 2377 2733; x_wconf 87' lang='lat' dir='ltr'><strong>erat.</strong></span> <span class='ocrx_word' id='word_1_556' title='bbox 2412 2677 2540 2741; x_wconf 90' lang='lat' dir='ltr'><strong>Sed,</strong></span> <span class='ocrx_word' id='word_1_557' title='bbox 2584 2677 2785 2746; x_wconf 87' lang='lat' dir='ltr'><strong>inquit,</strong></span> <span class='ocrx_word' id='word_1_558' title='bbox 2832 2676 3152 2746; x_wconf 88' lang='lat' dir='ltr'><strong>priusquam</strong></span> <span class='ocrx_word' id='word_1_559' title='bbox 3198 2677 3413 2745; x_wconf 88' lang='lat' dir='ltr'><strong>genitus</strong></span> <span class='ocrx_word' id='word_1_560' title='bbox 3461 2684 3629 2737; x_wconf 81' lang='lat' dir='ltr'><strong>esset,</strong></span> 
     </span>
    </p>
   </div>
   <div class='ocr_carea' id='block_1_74' title="bbox 2054 2767 3629 2845">
    <p class='ocr_par' dir='ltr' id='par_1_74' title="bbox 2054 2767 3629 2845">
     <span class='ocr_line' id='line_1_74' title="bbox 2054 2767 3629 2845; baseline -0.003 -17"><span class='ocrx_word' id='word_1_561' title='bbox 2054 2774 2329 2845; x_wconf 89' lang='lat' dir='ltr'><strong>quomodo</strong></span> <span class='ocrx_word' id='word_1_562' title='bbox 2366 2772 2519 2827; x_wconf 88' lang='lat' dir='ltr'><strong>erat?</strong></span> <span class='ocrx_word' id='word_1_563' title='bbox 2549 2770 2630 2823; x_wconf 92' lang='lat' dir='ltr'><strong>Tu</strong></span> <span class='ocrx_word' id='word_1_564' title='bbox 2659 2785 2728 2824; x_wconf 90' lang='lat' dir='ltr'><strong>ne</strong></span> <span class='ocrx_word' id='word_1_565' title='bbox 2759 2770 3001 2824; x_wconf 88' lang='lat' dir='ltr'><strong>dimittas</strong></span> <span class='ocrx_word' id='word_1_566' title='bbox 3034 2768 3190 2830; x_wconf 91' lang='lat' dir='ltr'><strong>illud,</strong></span> <span class='ocrx_word' id='word_1_567' title='bbox 3227 2767 3402 2821; x_wconf 81' lang='lat' dir='ltr'><strong>Erat:</strong></span> <span class='ocrx_word' id='word_1_568' title='bbox 3434 2784 3501 2823; x_wconf 89' lang='lat' dir='ltr'><strong>ne</strong></span> <span class='ocrx_word' id='word_1_569' title='bbox 3533 2768 3629 2823; x_wconf 88' lang='lat' dir='ltr'><strong>de-</strong></span> 
     </span>
    </p>
   </div>
   <div class='ocr_carea' id='block_1_75' title="bbox 2054 2859 3632 2935">
    <p class='ocr_par' dir='ltr' id='par_1_75' title="bbox 2054 2859 3632 2935">
     <span class='ocr_line' id='line_1_75' title="bbox 2054 2859 3632 2935; baseline -0.001 -15"><span class='ocrx_word' id='word_1_570' title='bbox 2054 2866 2346 2935; x_wconf 88' lang='lat' dir='ltr'><strong>reliqueris</strong></span> <span class='ocrx_word' id='word_1_571' title='bbox 2392 2863 2550 2928; x_wconf 91' lang='lat' dir='ltr'><strong>illud,</strong></span> <span class='ocrx_word' id='word_1_572' title='bbox 2583 2861 2648 2915; x_wconf 86' lang='lat' dir='ltr'><strong>In</strong></span> <span class='ocrx_word' id='word_1_573' title='bbox 2694 2862 2973 2930; x_wconf 85' lang='lat' dir='ltr'><strong>principio.</strong></span> <span class='ocrx_word' id='word_1_574' title='bbox 3018 2859 3281 2929; x_wconf 87' lang='lat' dir='ltr'><strong>Principii</strong></span> <span class='ocrx_word' id='word_1_575' title='bbox 3345 2862 3632 2919; x_wconf 80' lang='lat' dir='ltr'><strong>summitas</strong></span> 
     </span>
    </p>
   </div>
   <div class='ocr_carea' id='block_1_76' title="bbox 2054 2953 3633 3026">
    <p class='ocr_par' dir='ltr' id='par_1_76' title="bbox 2054 2953 3633 3026">
     <span class='ocr_line' id='line_1_76' title="bbox 2054 2953 3633 3026; baseline -0.003 -17"><span class='ocrx_word' id='word_1_576' title='bbox 2054 2970 2165 3009; x_wconf 88' lang='lat' dir='ltr'><strong>non</strong></span> <span class='ocrx_word' id='word_1_577' title='bbox 2224 2953 2696 3026; x_wconf 83' lang='lat' dir='ltr'><strong>apprehenditur:</strong></span> <span class='ocrx_word' id='word_1_578' title='bbox 2733 2953 2876 3022; x_wconf 90' lang='lat' dir='ltr'><strong>quod</strong></span> <span class='ocrx_word' id='word_1_579' title='bbox 2929 2960 3082 3005; x_wconf 80' lang='lat' dir='ltr'><strong>extra</strong></span> <span class='ocrx_word' id='word_1_580' title='bbox 3130 2959 3186 3006; x_wconf 90' lang='lat' dir='ltr'><strong>et</strong></span> <span class='ocrx_word' id='word_1_581' title='bbox 3237 2953 3377 3005; x_wconf 88' lang='lat' dir='ltr'><strong>ultra</strong></span> <span class='ocrx_word' id='word_1_582' title='bbox 3426 2953 3633 3022; x_wconf 85' lang='lat' dir='ltr'><strong>princi-</strong></span> 
     </span>
    </p>
   </div>
   <div class='ocr_carea' id='block_1_77' title="bbox 2053 3042 3632 3118">
    <p class='ocr_par' dir='ltr' id='par_1_77' title="bbox 2053 3042 3632 3118">
     <span class='ocr_line' id='line_1_77' title="bbox 2053 3042 3632 3118; baseline -0.001 -18"><span class='ocrx_word' id='word_1_583' title='bbox 2053 3048 2201 3118; x_wconf 91' lang='lat' dir='ltr'><strong>pium</strong></span> <span class='ocrx_word' id='word_1_584' title='bbox 2254 3047 2345 3110; x_wconf 87' lang='lat' dir='ltr'><strong>sit,</strong></span> <span class='ocrx_word' id='word_1_585' title='bbox 2380 3062 2491 3100; x_wconf 94' lang='lat' dir='ltr'><strong>non</strong></span> <span class='ocrx_word' id='word_1_586' title='bbox 2538 3045 2835 3099; x_wconf 84' lang='lat' dir='ltr'><strong>invenitur.</strong></span> <span class='ocrx_word' id='word_1_587' title='bbox 2862 3043 2940 3097; x_wconf 88' lang='lat' dir='ltr'><strong>Ne</strong></span> <span class='ocrx_word' id='word_1_588' title='bbox 2970 3043 3095 3113; x_wconf 90' lang='lat' dir='ltr'><strong>quis</strong></span> <span class='ocrx_word' id='word_1_589' title='bbox 3135 3052 3189 3098; x_wconf 91' lang='lat' dir='ltr'><strong>te</strong></span> <span class='ocrx_word' id='word_1_590' title='bbox 3217 3042 3449 3115; x_wconf 87' lang='lat' dir='ltr'><strong>decipiat</strong></span> <span class='ocrx_word' id='word_1_591' title='bbox 3482 3046 3632 3098; x_wconf 86' lang='lat' dir='ltr'><strong>varia</strong></span> 
     </span>
    </p>
   </div>
   <div class='ocr_carea' id='block_1_78' title="bbox 2053 3134 3632 3207">
    <p class='ocr_par' dir='ltr' id='par_1_78' title="bbox 2053 3134 3632 3207">
     <span class='ocr_line' id='line_1_78' title="bbox 2053 3134 3632 3207; baseline -0.001 -17"><span class='ocrx_word' id='word_1_592' title='bbox 2053 3139 2207 3192; x_wconf 82' lang='lat' dir='ltr'><strong>vocis</strong></span> <span class='ocrx_word' id='word_1_593' title='bbox 2250 3136 2668 3207; x_wconf 79' lang='lat' dir='ltr'><strong>significatione.</strong></span> <span class='ocrx_word' id='word_1_594' title='bbox 2700 3134 2835 3188; x_wconf 78' lang='lat' dir='ltr'><strong>Nam</strong></span> <span class='ocrx_word' id='word_1_595' title='bbox 2886 3151 3071 3190; x_wconf 88' lang='lat' dir='ltr'><strong>rerum</strong></span> <span class='ocrx_word' id='word_1_596' title='bbox 3119 3136 3409 3190; x_wconf 89' lang='lat' dir='ltr'><strong>multarum</strong></span> <span class='ocrx_word' id='word_1_597' title='bbox 3462 3136 3632 3189; x_wconf 84' lang='lat' dir='ltr'><strong>multa</strong></span> 
     </span>
    </p>
   </div>
   <div class='ocr_carea' id='block_1_79' title="bbox 2056 3225 3633 3300">
    <p class='ocr_par' dir='ltr' id='par_1_79' title="bbox 2056 3225 3633 3300">
     <span class='ocr_line' id='line_1_79' title="bbox 2056 3225 3633 3300; baseline -0.004 -14"><span class='ocrx_word' id='word_1_598' title='bbox 2056 3240 2183 3286; x_wconf 87' lang='lat' dir='ltr'><strong>sunt</strong></span> <span class='ocrx_word' id='word_1_599' title='bbox 2228 3229 2500 3300; x_wconf 86' lang='lat' dir='ltr'><strong>principia</strong></span> <span class='ocrx_word' id='word_1_600' title='bbox 2555 3228 2609 3282; x_wconf 91' lang='lat' dir='ltr'><strong>in</strong></span> <span class='ocrx_word' id='word_1_601' title='bbox 2651 3228 2754 3281; x_wconf 89' lang='lat' dir='ltr'><strong>hac</strong></span> <span class='ocrx_word' id='word_1_602' title='bbox 2777 3227 2888 3280; x_wconf 90' lang='lat' dir='ltr'><strong>vita</strong></span> <span class='ocrx_word' id='word_1_603' title='bbox 2925 3246 2938 3280; x_wconf 93' lang='lat'>:</span> <span class='ocrx_word' id='word_1_604' title='bbox 2972 3227 3067 3282; x_wconf 90' lang='lat' dir='ltr'><strong>sed</strong></span> <span class='ocrx_word' id='word_1_605' title='bbox 3114 3241 3283 3280; x_wconf 91' lang='lat' dir='ltr'><strong>unum</strong></span> <span class='ocrx_word' id='word_1_606' title='bbox 3316 3234 3400 3281; x_wconf 90' lang='lat' dir='ltr'><strong>est</strong></span> <span class='ocrx_word' id='word_1_607' title='bbox 3430 3225 3633 3295; x_wconf 88' lang='lat' dir='ltr'><strong>princi-</strong></span> 
     </span>
    </p>
   </div>
   <div class='ocr_carea' id='block_1_80' title="bbox 2055 3316 3635 3394">
    <p class='ocr_par' dir='ltr' id='par_1_80' title="bbox 2055 3316 3635 3394">
     <span class='ocr_line' id='line_1_80' title="bbox 2055 3316 3635 3394; baseline -0.003 -19"><span class='ocrx_word' id='word_1_608' title='bbox 2055 3324 2204 3394; x_wconf 87' lang='lat' dir='ltr'><strong>pium</strong></span> <span class='ocrx_word' id='word_1_609' title='bbox 2238 3338 2402 3390; x_wconf 90' lang='lat' dir='ltr'><strong>supra</strong></span> <span class='ocrx_word' id='word_1_610' title='bbox 2426 3320 2629 3385; x_wconf 85' lang='lat' dir='ltr'><strong>omnia,</strong></span> <span class='ocrx_word' id='word_1_611' title='bbox 2661 3319 2806 3389; x_wconf 89' lang='lat' dir='ltr'><strong>quod</strong></span> <span class='ocrx_word' id='word_1_612' title='bbox 2839 3320 2982 3372; x_wconf 88' lang='lat' dir='ltr'><strong>ultra</strong></span> <span class='ocrx_word' id='word_1_613' title='bbox 3019 3326 3125 3373; x_wconf 90' lang='lat' dir='ltr'><strong>est.</strong></span> <span class='ocrx_word' id='word_1_614' title='bbox 3155 3318 3313 3380; x_wconf 87' lang='lat' dir='ltr'><strong>Nam,</strong></span> <span class='ocrx_word' id='word_1_615' title='bbox 3338 3318 3512 3386; x_wconf 89' lang='lat' dir='ltr'><strong>inquit</strong></span> <span class='ocrx_word' id='word_1_616' title='bbox 3538 3316 3635 3370; x_wconf 85' lang='lat' dir='ltr'><strong>Pa-</strong></span> 
     </span>
    </p>
   </div>
   <div class='ocr_carea' id='block_1_81' title="bbox 2052 3408 3631 3480">
    <p class='ocr_par' dir='ltr' id='par_1_81' title="bbox 2052 3408 3631 3480">
     <span class='ocr_line' id='line_1_81' title="bbox 2052 3408 3631 3480; baseline -0.005 -11"><span class='ocrx_word' id='word_1_617' title='bbox 2052 3414 2266 3475; x_wconf 77' lang='lat' dir='ltr'><strong>rtemia,</strong></span> <span class='ocrx_word' id='word_1_618' title='bbox 2298 3411 2630 3480; x_wconf 83' lang='lat' dir='ltr'><strong>Principium</strong></span> <span class='ocrx_word' id='word_1_619' title='bbox 2662 3412 2758 3465; x_wconf 76' lang='lat' dir='ltr'><strong>via:</strong></span> <span class='ocrx_word' id='word_1_620' title='bbox 2780 3410 3006 3464; x_wconf 69' lang='lat' dir='ltr'><strong>bonae&quot;.</strong></span> <span class='ocrx_word' id='word_1_621' title='bbox 3039 3408 3144 3463; x_wconf 90' lang='lat' dir='ltr'><strong>Sed</strong></span> <span class='ocrx_word' id='word_1_622' title='bbox 3174 3410 3277 3463; x_wconf 73' lang='lat' dir='ltr'><strong>via:</strong></span> <span class='ocrx_word' id='word_1_623' title='bbox 3303 3410 3631 3479; x_wconf 86' lang='lat' dir='ltr'><strong>principium</strong></span> 
     </span>
    </p>
   </div>
   <div class='ocr_carea' id='block_1_82' title="bbox 2052 3500 3634 3575">
    <p class='ocr_par' dir='ltr' id='par_1_82' title="bbox 2052 3500 3634 3575">
     <span class='ocr_line' id='line_1_82' title="bbox 2052 3500 3634 3575; baseline -0.006 -14"><span class='ocrx_word' id='word_1_624' title='bbox 2052 3515 2136 3562; x_wconf 91' lang='lat' dir='ltr'><strong>est</strong></span> <span class='ocrx_word' id='word_1_625' title='bbox 2182 3506 2393 3575; x_wconf 90' lang='lat' dir='ltr'><strong>primus</strong></span> <span class='ocrx_word' id='word_1_626' title='bbox 2442 3512 2647 3565; x_wconf 81' lang='lat' dir='ltr'><strong>motus,</strong></span> <span class='ocrx_word' id='word_1_627' title='bbox 2676 3502 2819 3556; x_wconf 92' lang='lat' dir='ltr'><strong>unde</strong></span> <span class='ocrx_word' id='word_1_628' title='bbox 2848 3502 2953 3555; x_wconf 90' lang='lat' dir='ltr'><strong>iter</strong></span> <span class='ocrx_word' id='word_1_629' title='bbox 2992 3500 3257 3564; x_wconf 90' lang='lat' dir='ltr'><strong>ordimur,</strong></span> <span class='ocrx_word' id='word_1_630' title='bbox 3291 3501 3449 3568; x_wconf 90' lang='lat' dir='ltr'><strong>cujus</strong></span> <span class='ocrx_word' id='word_1_631' title='bbox 3484 3500 3634 3569; x_wconf 90' lang='lat' dir='ltr'><strong>prior</strong></span> 
     </span>
    </p>
   </div>
   <div class='ocr_carea' id='block_1_83' title="bbox 2054 3590 3635 3668">
    <p class='ocr_par' dir='ltr' id='par_1_83' title="bbox 2054 3590 3635 3668">
     <span class='ocr_line' id='line_1_83' title="bbox 2054 3590 3635 3668; baseline -0.004 -18"><span class='ocrx_word' id='word_1_632' title='bbox 2054 3613 2180 3668; x_wconf 89' lang='lat' dir='ltr'><strong>pars</strong></span> <span class='ocrx_word' id='word_1_633' title='bbox 2204 3604 2384 3666; x_wconf 88' lang='lat' dir='ltr'><strong>potest</strong></span> <span class='ocrx_word' id='word_1_634' title='bbox 2413 3594 2662 3663; x_wconf 90' lang='lat' dir='ltr'><strong>reperiri.</strong></span> <span class='ocrx_word' id='word_1_635' title='bbox 2692 3592 2778 3655; x_wconf 86' lang='lat' dir='ltr'><strong>Et,</strong></span> <span class='ocrx_word' id='word_1_636' title='bbox 2816 3592 3149 3659; x_wconf 83' lang='lat' dir='ltr'><strong>Principium</strong></span> <span class='ocrx_word' id='word_1_637' title='bbox 3180 3591 3452 3659; x_wconf 72' lang='lat' dir='ltr'><strong>sapientia</strong></span> <span class='ocrx_word' id='word_1_638' title='bbox 3476 3590 3635 3645; x_wconf 80' lang='lat' dir='ltr'><strong>timor</strong></span> 
     </span>
    </p>
   </div>
   <div class='ocr_carea' id='block_1_84' title="bbox 2054 3682 3633 3754">
    <p class='ocr_par' dir='ltr' id='par_1_84' title="bbox 2054 3682 3633 3754">
     <span class='ocr_line' id='line_1_84' title="bbox 2054 3682 3633 3754; baseline -0.003 -11"><span class='ocrx_word' id='word_1_639' title='bbox 2054 3689 2266 3743; x_wconf 87' lang='lat' dir='ltr'><strong>Domini</strong></span> <span class='ocrx_word' id='word_1_640' title='bbox 2281 3689 2348 3740; x_wconf 87' lang='lat'><strong>&quot;.</strong></span> <span class='ocrx_word' id='word_1_641' title='bbox 2401 3686 2657 3754; x_wconf 52' lang='lat' dir='ltr'><strong>Prarjaeet</strong></span> <span class='ocrx_word' id='word_1_642' title='bbox 2716 3692 2894 3738; x_wconf 84' lang='lat' dir='ltr'><strong>autem</strong></span> <span class='ocrx_word' id='word_1_643' title='bbox 2932 3691 2986 3737; x_wconf 89' lang='lat' dir='ltr'><strong>et</strong></span> <span class='ocrx_word' id='word_1_644' title='bbox 3030 3683 3157 3736; x_wconf 88' lang='lat' dir='ltr'><strong>huic</strong></span> <span class='ocrx_word' id='word_1_645' title='bbox 3189 3683 3455 3753; x_wconf 93' lang='lat' dir='ltr'><strong>principio</strong></span> <span class='ocrx_word' id='word_1_646' title='bbox 3485 3682 3633 3739; x_wconf 87' lang='lat' dir='ltr'><strong>aliud</strong></span> 
     </span>
    </p>
   </div>
   <div class='ocr_carea' id='block_1_85' title="bbox 2054 3774 3633 3852">
    <p class='ocr_par' dir='ltr' id='par_1_85' title="bbox 2054 3774 3633 3852">
     <span class='ocr_line' id='line_1_85' title="bbox 2054 3774 3633 3852; baseline -0.006 -16"><span class='ocrx_word' id='word_1_647' title='bbox 2054 3780 2349 3852; x_wconf 88' lang='lat' dir='ltr'><strong>quoddam,</strong></span> <span class='ocrx_word' id='word_1_648' title='bbox 2379 3793 2504 3833; x_wconf 92' lang='lat' dir='ltr'><strong>cum</strong></span> <span class='ocrx_word' id='word_1_649' title='bbox 2556 3776 2925 3846; x_wconf 89' lang='lat' dir='ltr'><strong>perceptionis</strong></span> <span class='ocrx_word' id='word_1_650' title='bbox 2954 3776 3155 3828; x_wconf 89' lang='lat' dir='ltr'><strong>artium</strong></span> <span class='ocrx_word' id='word_1_651' title='bbox 3194 3774 3525 3844; x_wconf 89' lang='lat' dir='ltr'><strong>principium</strong></span> <span class='ocrx_word' id='word_1_652' title='bbox 3558 3774 3633 3829; x_wconf 86' lang='lat' dir='ltr'><strong>sit</strong></span> 
     </span>
    </p>
   </div>
   <div class='ocr_carea' id='block_1_86' title="bbox 2056 3865 3632 3944">
    <p class='ocr_par' dir='ltr' id='par_1_86' title="bbox 2056 3865 3632 3944">
     <span class='ocr_line' id='line_1_86' title="bbox 2056 3865 3632 3944; baseline -0.004 -18"><span class='ocrx_word' id='word_1_653' title='bbox 2056 3874 2229 3944; x_wconf 89' lang='lat' dir='ltr'><strong>prima</strong></span> <span class='ocrx_word' id='word_1_654' title='bbox 2287 3873 2677 3927; x_wconf 88' lang='lat' dir='ltr'><strong>elementorum</strong></span> <span class='ocrx_word' id='word_1_655' title='bbox 2739 3868 3033 3922; x_wconf 88' lang='lat' dir='ltr'><strong>institutio.</strong></span> <span class='ocrx_word' id='word_1_656' title='bbox 3076 3866 3411 3921; x_wconf 89' lang='lat' dir='ltr'><strong>Elementum</strong></span> <span class='ocrx_word' id='word_1_657' title='bbox 3465 3865 3632 3935; x_wconf 86' lang='lat' dir='ltr'><strong>igitur</strong></span> 
     </span>
    </p>
   </div>
   <div class='ocr_carea' id='block_1_87' title="bbox 2056 3957 3633 4033">
    <p class='ocr_par' dir='ltr' id='par_1_87' title="bbox 2056 3957 3633 4033">
     <span class='ocr_line' id='line_1_87' title="bbox 2056 3957 3633 4033; baseline -0.008 -12"><span class='ocrx_word' id='word_1_658' title='bbox 2056 3964 2338 4033; x_wconf 61' lang='lat' dir='ltr'><strong>sapientiae</strong></span> <span class='ocrx_word' id='word_1_659' title='bbox 2372 3963 2537 4015; x_wconf 88' lang='lat' dir='ltr'><strong>timor</strong></span> <span class='ocrx_word' id='word_1_660' title='bbox 2572 3960 2789 4015; x_wconf 91' lang='lat' dir='ltr'><strong>Domini</strong></span> <span class='ocrx_word' id='word_1_661' title='bbox 2833 3967 2919 4014; x_wconf 89' lang='lat' dir='ltr'><strong>est</strong></span> <span class='ocrx_word' id='word_1_662' title='bbox 2948 3976 2959 4013; x_wconf 77' lang='lat'><strong>&#39;.</strong></span> <span class='ocrx_word' id='word_1_663' title='bbox 2989 3957 3084 4013; x_wconf 91' lang='lat' dir='ltr'><strong>sed</strong></span> <span class='ocrx_word' id='word_1_664' title='bbox 3113 3958 3218 4011; x_wconf 89' lang='lat' dir='ltr'><strong>hoc</strong></span> <span class='ocrx_word' id='word_1_665' title='bbox 3251 3957 3520 4027; x_wconf 82' lang='lat' dir='ltr'><strong>principio</strong></span> <span class='ocrx_word' id='word_1_666' title='bbox 3546 3963 3633 4013; x_wconf 86' lang='lat' dir='ltr'><strong>est</strong></span> 
     </span>
    </p>
   </div>
   <div class='ocr_carea' id='block_1_88' title="bbox 2056 4048 3631 4126">
    <p class='ocr_par' dir='ltr' id='par_1_88' title="bbox 2056 4048 3631 4126">
     <span class='ocr_line' id='line_1_88' title="bbox 2056 4048 3631 4126; baseline -0.006 -16"><span class='ocrx_word' id='word_1_667' title='bbox 2056 4056 2278 4126; x_wconf 89' lang='lat' dir='ltr'><strong>aliquod</strong></span> <span class='ocrx_word' id='word_1_668' title='bbox 2331 4055 2630 4124; x_wconf 89' lang='lat' dir='ltr'><strong>antiquius,</strong></span> <span class='ocrx_word' id='word_1_669' title='bbox 2665 4055 2860 4108; x_wconf 65' lang='lat' dir='ltr'><strong>animae</strong></span> <span class='ocrx_word' id='word_1_670' title='bbox 2894 4051 3103 4107; x_wconf 90' lang='lat' dir='ltr'><strong>scilicet</strong></span> <span class='ocrx_word' id='word_1_671' title='bbox 3126 4059 3324 4112; x_wconf 91' lang='lat' dir='ltr'><strong>status,</strong></span> <span class='ocrx_word' id='word_1_672' title='bbox 3360 4049 3501 4117; x_wconf 86' lang='lat' dir='ltr'><strong>ejus,</strong></span> <span class='ocrx_word' id='word_1_673' title='bbox 3536 4048 3631 4118; x_wconf 89' lang='lat' dir='ltr'><strong>qui</strong></span> 
     </span>
    </p>
   </div>
   <div class='ocr_carea' id='block_1_89' title="bbox 2057 4141 3630 4217">
    <p class='ocr_par' dir='ltr' id='par_1_89' title="bbox 2057 4141 3630 4217">
     <span class='ocr_line' id='line_1_89' title="bbox 2057 4141 3630 4217; baseline -0.006 -15"><span class='ocrx_word' id='word_1_674' title='bbox 2057 4148 2299 4203; x_wconf 90' lang='lat' dir='ltr'><strong>nondum</strong></span> <span class='ocrx_word' id='word_1_675' title='bbox 2359 4148 2683 4217; x_wconf 86' lang='lat' dir='ltr'><strong>sapientiam</strong></span> <span class='ocrx_word' id='word_1_676' title='bbox 2733 4145 2960 4201; x_wconf 91' lang='lat' dir='ltr'><strong>edoctus</strong></span> <span class='ocrx_word' id='word_1_677' title='bbox 2993 4150 3098 4208; x_wconf 89' lang='lat' dir='ltr'><strong>est,</strong></span> <span class='ocrx_word' id='word_1_678' title='bbox 3127 4158 3227 4196; x_wconf 89' lang='lat' dir='ltr'><strong>nec</strong></span> <span class='ocrx_word' id='word_1_679' title='bbox 3259 4141 3350 4195; x_wconf 90' lang='lat' dir='ltr'><strong>Dei</strong></span> <span class='ocrx_word' id='word_1_680' title='bbox 3381 4142 3630 4194; x_wconf 91' lang='lat' dir='ltr'><strong>timorem</strong></span> 
     </span>
    </p>
   </div>
   <div class='ocr_carea' id='block_1_90' title="bbox 2056 4232 3633 4308">
    <p class='ocr_par' dir='ltr' id='par_1_90' title="bbox 2056 4232 3633 4308">
     <span class='ocr_line' id='line_1_90' title="bbox 2056 4232 3633 4308; baseline -0.007 -16"><span class='ocrx_word' id='word_1_681' title='bbox 2056 4239 2305 4308; x_wconf 90' lang='lat' dir='ltr'><strong>adeptus.</strong></span> <span class='ocrx_word' id='word_1_682' title='bbox 2356 4236 2631 4305; x_wconf 86' lang='lat' dir='ltr'><strong>Principia</strong></span> <span class='ocrx_word' id='word_1_683' title='bbox 2672 4236 2930 4290; x_wconf 89' lang='lat' dir='ltr'><strong>dicuntur</strong></span> <span class='ocrx_word' id='word_1_684' title='bbox 2961 4234 3121 4287; x_wconf 86' lang='lat' dir='ltr'><strong>etiam</strong></span> <span class='ocrx_word' id='word_1_685' title='bbox 3166 4232 3353 4286; x_wconf 82' lang='lat' dir='ltr'><strong>civiles</strong></span> <span class='ocrx_word' id='word_1_686' title='bbox 3386 4237 3633 4299; x_wconf 80' lang='lat' dir='ltr'><strong>potenta-</strong></span> 
     </span>
    </p>
   </div>
   <div class='ocr_carea' id='block_1_91' title="bbox 2057 4324 3629 4401">
    <p class='ocr_par' dir='ltr' id='par_1_91' title="bbox 2057 4324 3629 4401">
     <span class='ocr_line' id='line_1_91' title="bbox 2057 4324 3629 4401; baseline -0.006 -16"><span class='ocrx_word' id='word_1_687' title='bbox 2057 4341 2169 4390; x_wconf 85' lang='lat' dir='ltr'><strong>tus.</strong></span> <span class='ocrx_word' id='word_1_688' title='bbox 2210 4332 2465 4387; x_wconf 79' lang='lat' dir='ltr'><strong>videlicet</strong></span> <span class='ocrx_word' id='word_1_689' title='bbox 2507 4331 2780 4401; x_wconf 66' lang='lat' dir='ltr'><strong>praecelsa:</strong></span> <span class='ocrx_word' id='word_1_690' title='bbox 2818 4328 3111 4398; x_wconf 83' lang='lat' dir='ltr'><strong>dignitates</strong></span> <span class='ocrx_word' id='word_1_691' title='bbox 3147 4344 3160 4380; x_wconf 92' lang='lat'>:</span> <span class='ocrx_word' id='word_1_692' title='bbox 3203 4325 3298 4379; x_wconf 90' lang='lat' dir='ltr'><strong>sed</strong></span> <span class='ocrx_word' id='word_1_693' title='bbox 3335 4326 3446 4377; x_wconf 74' lang='lat' dir='ltr'><strong>hzec</strong></span> <span class='ocrx_word' id='word_1_694' title='bbox 3478 4324 3629 4391; x_wconf 84' lang='lat' dir='ltr'><strong>prin—</strong></span> 
     </span>
    </p>
   </div>
   <div class='ocr_carea' id='block_1_92' title="bbox 2056 4415 3634 4493">
    <p class='ocr_par' dir='ltr' id='par_1_92' title="bbox 2056 4415 3634 4493">
     <span class='ocr_line' id='line_1_92' title="bbox 2056 4415 3634 4493; baseline -0.006 -16"><span class='ocrx_word' id='word_1_695' title='bbox 2056 4424 2222 4493; x_wconf 86' lang='lat' dir='ltr'><strong>cipia,</strong></span> <span class='ocrx_word' id='word_1_696' title='bbox 2254 4425 2562 4493; x_wconf 92' lang='lat' dir='ltr'><strong>aliquorum</strong></span> <span class='ocrx_word' id='word_1_697' title='bbox 2603 4430 2730 4476; x_wconf 86' lang='lat' dir='ltr'><strong>sunt</strong></span> <span class='ocrx_word' id='word_1_698' title='bbox 2773 4421 3064 4491; x_wconf 90' lang='lat' dir='ltr'><strong>principia,</strong></span> <span class='ocrx_word' id='word_1_699' title='bbox 3108 4427 3163 4472; x_wconf 90' lang='lat' dir='ltr'><strong>et</strong></span> <span class='ocrx_word' id='word_1_700' title='bbox 3208 4415 3634 4484; x_wconf 85' lang='lat' dir='ltr'><strong>unumquodque</strong></span> 
     </span>
    </p>
   </div>
   <div class='ocr_carea' id='block_1_93' title="bbox 2055 4505 3628 4582">
    <p class='ocr_par' dir='ltr' id='par_1_93' title="bbox 2055 4505 3628 4582">
     <span class='ocr_line' id='line_1_93' title="bbox 2055 4505 3628 4582; baseline -0.008 -15"><span class='ocrx_word' id='word_1_701' title='bbox 2055 4528 2241 4567; x_wconf 91' lang='lat' dir='ltr'><strong>eorum</strong></span> <span class='ocrx_word' id='word_1_702' title='bbox 2299 4514 2482 4582; x_wconf 91' lang='lat' dir='ltr'><strong>aliquo</strong></span> <span class='ocrx_word' id='word_1_703' title='bbox 2536 4511 2790 4566; x_wconf 81' lang='lat' dir='ltr'><strong>refertur.</strong></span> <span class='ocrx_word' id='word_1_704' title='bbox 2833 4509 3047 4564; x_wconf 84' lang='lat' dir='ltr'><strong>Etenim</strong></span> <span class='ocrx_word' id='word_1_705' title='bbox 3099 4509 3257 4563; x_wconf 69' lang='lat' dir='ltr'><strong>linea:</strong></span> <span class='ocrx_word' id='word_1_706' title='bbox 3301 4505 3628 4576; x_wconf 86' lang='lat' dir='ltr'><strong>principium</strong></span> 
     </span>
    </p>
   </div>
   <div class='ocr_carea' id='block_1_94' title="bbox 374 4584 1956 4676">
    <p class='ocr_par' dir='ltr' id='par_1_94' title="bbox 374 4601 1948 4676">
     <span class='ocr_line' id='line_1_94' title="bbox 374 4601 1948 4676; baseline 0.01 -24"><span class='ocrx_word' id='word_1_707' title='bbox 374 4601 567 4671; x_wconf 74' lang='grc' dir='ltr'>ἀρχαὶ,</span> <span class='ocrx_word' id='word_1_708' title='bbox 588 4601 682 4653; x_wconf 68' lang='grc' dir='ltr'><strong>καὶ</strong></span> <span class='ocrx_word' id='word_1_709' title='bbox 708 4603 845 4671; x_wconf 78' lang='grc' dir='ltr'>πρός</span> <span class='ocrx_word' id='word_1_710' title='bbox 874 4620 929 4654; x_wconf 84' lang='grc' dir='ltr'><strong>τι</strong></span> <span class='ocrx_word' id='word_1_711' title='bbox 961 4603 1186 4673; x_wconf 81' lang='grc' dir='ltr'>ἑκάστη.</span> <span class='ocrx_word' id='word_1_712' title='bbox 1232 4604 1398 4676; x_wconf 83' lang='grc' dir='ltr'><strong>Ἀρχὴ</strong></span> <span class='ocrx_word' id='word_1_713' title='bbox 1436 4603 1545 4675; x_wconf 84' lang='grc' dir='ltr'><strong>γὰρ</strong></span> <span class='ocrx_word' id='word_1_714' title='bbox 1572 4604 1669 4674; x_wconf 86' lang='grc' dir='ltr'>τῆς</span> <span class='ocrx_word' id='word_1_715' title='bbox 1686 4604 1948 4674; x_wconf 78' lang='grc' dir='ltr'>γραμμῆς</span> 
     </span>
    </p>
   </div>
   <div class='ocr_carea' id='block_1_95' title="bbox 2056 4584 3633 4676">
    <p class='ocr_par' dir='ltr' id='par_1_95' title="bbox 2056 4599 3633 4673">
     <span class='ocr_line' id='line_1_95' title="bbox 2056 4599 3633 4673; baseline -0.007 -15"><span class='ocrx_word' id='word_1_716' title='bbox 2056 4611 2314 4673; x_wconf 90' lang='lat' dir='ltr'><strong>punctum</strong></span> <span class='ocrx_word' id='word_1_717' title='bbox 2362 4612 2468 4668; x_wconf 89' lang='lat' dir='ltr'><strong>est,</strong></span> <span class='ocrx_word' id='word_1_718' title='bbox 2499 4612 2550 4658; x_wconf 91' lang='lat' dir='ltr'><strong>et</strong></span> <span class='ocrx_word' id='word_1_719' title='bbox 2606 4602 2920 4673; x_wconf 76' lang='lat' dir='ltr'><strong>superﬁciei</strong></span> <span class='ocrx_word' id='word_1_720' title='bbox 2979 4600 3307 4672; x_wconf 91' lang='lat' dir='ltr'><strong>principium</strong></span> <span class='ocrx_word' id='word_1_721' title='bbox 3359 4599 3520 4663; x_wconf 85' lang='lat' dir='ltr'><strong>linea,</strong></span> <span class='ocrx_word' id='word_1_722' title='bbox 3578 4600 3633 4649; x_wconf 89' lang='lat' dir='ltr'><strong>et</strong></span> 
     </span>
    </p>
   </div>
   <div class='ocr_carea' id='block_1_96' title="bbox 470 4658 484 4669">
    <p class='ocr_par' dir='ltr' id='par_1_96' title="bbox 470 4658 484 4669">
     <span class='ocr_line' id='line_1_96' title="bbox 470 4658 484 4669; baseline 0 0"><span class='ocrx_word' id='word_1_723' title='bbox 470 4658 484 4669; x_wconf 60' lang='grc' dir='ltr'><strong>ι</strong></span> 
     </span>
    </p>
   </div>
   <div class='ocr_carea' id='block_1_97' title="bbox 447 4794 1505 4859">
    <p class='ocr_par' dir='ltr' id='par_1_97' title="bbox 447 4794 1505 4859">
     <span class='ocr_line' id='line_1_97' title="bbox 447 4794 1505 4859; baseline 0.005 -13"><span class='ocrx_word' id='word_1_724' title='bbox 447 4795 495 4826; x_wconf 87' lang='grc'><strong>⁷⁸</strong></span> <span class='ocrx_word' id='word_1_725' title='bbox 534 4794 695 4849; x_wconf 88' lang='lat' dir='ltr'><strong>Prov.</strong></span> <span class='ocrx_word' id='word_1_726' title='bbox 730 4812 816 4850; x_wconf 71' lang='lat' dir='ltr'><strong>xv:</strong></span> <span class='ocrx_word' id='word_1_727' title='bbox 841 4836 855 4859; x_wconf 92' lang='lat'><strong>,</strong></span> <span class='ocrx_word' id='word_1_728' title='bbox 890 4796 946 4851; x_wconf 80' lang='grc'>5.</span> <span class='ocrx_word' id='word_1_729' title='bbox 1021 4797 1064 4826; x_wconf 85' lang='grc'><strong>⁷⁷</strong></span> <span class='ocrx_word' id='word_1_730' title='bbox 1103 4795 1247 4851; x_wconf 87' lang='lat' dir='ltr'><strong>Psal.</strong></span> <span class='ocrx_word' id='word_1_731' title='bbox 1283 4814 1384 4859; x_wconf 81' lang='lat' dir='ltr'><strong>cx,</strong></span> <span class='ocrx_word' id='word_1_732' title='bbox 1426 4798 1505 4852; x_wconf 86' lang='lat' dir='ltr'><strong>l0.</strong></span> 
     </span>
    </p>
   </div>
   <div class='ocr_carea' id='block_1_98' title="bbox 450 4974 1949 5047">
    <p class='ocr_par' dir='ltr' id='par_1_98' title="bbox 450 4974 1949 5047">
     <span class='ocr_line' id='line_1_98' title="bbox 450 4974 1949 5047; baseline 0.003 -21"><span class='ocrx_word' id='word_1_733' title='bbox 450 4974 562 5043; x_wconf 81' lang='lat'><strong>(97)</strong></span> <span class='ocrx_word' id='word_1_734' title='bbox 599 4974 739 5047; x_wconf 84' lang='lat' dir='ltr'><strong>Editi</strong></span> <span class='ocrx_word' id='word_1_735' title='bbox 772 4983 835 5047; x_wconf 16' lang='lat' dir='ltr'><strong>et;</strong></span> <span class='ocrx_word' id='word_1_736' title='bbox 880 4991 1031 5047; x_wconf 34' lang='lat' dir='ltr'><strong>mss.</strong></span> <span class='ocrx_word' id='word_1_737' title='bbox 1056 4976 1537 5047; x_wconf 78' lang='grc' dir='ltr'>κατασπαζόμενος</span> <span class='ocrx_word' id='word_1_738' title='bbox 1574 4994 1587 5008; x_wconf 88' lang='grc'><strong>·</strong></span> <span class='ocrx_word' id='word_1_739' title='bbox 1622 4993 1741 5047; x_wconf 67' lang='lat' dir='ltr'><strong>quae</strong></span> <span class='ocrx_word' id='word_1_740' title='bbox 1785 4996 1885 5031; x_wconf 80' lang='lat' dir='ltr'><strong>vox</strong></span> <span class='ocrx_word' id='word_1_741' title='bbox 1918 4994 1949 5031; x_wconf 88' lang='lat' dir='ltr'><strong>a</strong></span> 
     </span>
    </p>
   </div>
   <div class='ocr_carea' id='block_1_99' title="bbox 378 5044 1949 5112">
    <p class='ocr_par' dir='ltr' id='par_1_99' title="bbox 378 5044 1949 5112">
     <span class='ocr_line' id='line_1_99' title="bbox 378 5044 1949 5112; baseline 0.004 -18"><span class='ocrx_word' id='word_1_742' title='bbox 378 5047 544 5097; x_wconf 70' lang='lat' dir='ltr'><strong>verbo</strong></span> <span class='ocrx_word' id='word_1_743' title='bbox 566 5044 906 5109; x_wconf 72' lang='grc' dir='ltr'>ἀσπάζεσθαι</span> <span class='ocrx_word' id='word_1_744' title='bbox 935 5045 1239 5105; x_wconf 82' lang='lat' dir='ltr'><strong>deducitur.</strong></span> <span class='ocrx_word' id='word_1_745' title='bbox 1266 5044 1444 5100; x_wconf 74' lang='lat' dir='ltr'><strong>amore</strong></span> <span class='ocrx_word' id='word_1_746' title='bbox 1471 5044 1654 5112; x_wconf 76' lang='lat' dir='ltr'><strong>teneri,</strong></span> <span class='ocrx_word' id='word_1_747' title='bbox 1680 5048 1949 5101; x_wconf 81' lang='lat' dir='ltr'><strong>delectari.</strong></span> 
     </span>
    </p>
   </div>
   <div class='ocr_carea' id='block_1_100' title="bbox 377 5112 1951 5186">
    <p class='ocr_par' dir='ltr' id='par_1_100' title="bbox 377 5112 1951 5186">
     <span class='ocr_line' id='line_1_100' title="bbox 377 5112 1951 5186; baseline 0.003 -20"><span class='ocrx_word' id='word_1_748' title='bbox 377 5112 435 5167; x_wconf 85' lang='lat' dir='ltr'><strong>Id</strong></span> <span class='ocrx_word' id='word_1_749' title='bbox 458 5130 582 5167; x_wconf 88' lang='lat' dir='ltr'><strong>cum</strong></span> <span class='ocrx_word' id='word_1_750' title='bbox 604 5130 711 5169; x_wconf 92' lang='lat' dir='ltr'><strong>non</strong></span> <span class='ocrx_word' id='word_1_751' title='bbox 732 5115 1184 5186; x_wconf 85' lang='lat' dir='ltr'><strong>animadverteret</strong></span> <span class='ocrx_word' id='word_1_752' title='bbox 1203 5117 1577 5180; x_wconf 81' lang='lat' dir='ltr'><strong>Combelisius,</strong></span> <span class='ocrx_word' id='word_1_753' title='bbox 1602 5135 1833 5186; x_wconf 87' lang='lat' dir='ltr'><strong>cumque</strong></span> <span class='ocrx_word' id='word_1_754' title='bbox 1851 5119 1951 5171; x_wconf 87' lang='lat' dir='ltr'><strong>sibi</strong></span> 
     </span>
    </p>
   </div>
   <div class='ocr_carea' id='block_1_101' title="bbox 375 5185 1963 5258">
    <p class='ocr_par' dir='ltr' id='par_1_101' title="bbox 375 5185 1963 5258">
     <span class='ocr_line' id='line_1_101' title="bbox 375 5185 1963 5258; baseline 0.003 -21"><span class='ocrx_word' id='word_1_755' title='bbox 375 5186 532 5240; x_wconf 79' lang='lat' dir='ltr'><strong>visus</strong></span> <span class='ocrx_word' id='word_1_756' title='bbox 565 5195 721 5258; x_wconf 72' lang='lat' dir='ltr'><strong>esset</strong></span> <span class='ocrx_word' id='word_1_757' title='bbox 741 5185 917 5255; x_wconf 87' lang='lat' dir='ltr'><strong>legere</strong></span> <span class='ocrx_word' id='word_1_758' title='bbox 948 5187 1546 5258; x_wconf 57' lang='lat' dir='ltr'><strong>xar_aoxev,bd_pevo;,sic</strong></span> <span class='ocrx_word' id='word_1_759' title='bbox 1576 5185 1963 5258; x_wconf 73' lang='lat' dir='ltr'><strong>interpretatus</strong></span> 
     </span>
    </p>
   </div>
   <div class='ocr_carea' id='block_1_102' title="bbox 377 5255 1962 5327">
    <p class='ocr_par' dir='ltr' id='par_1_102' title="bbox 377 5255 1962 5327">
     <span class='ocr_line' id='line_1_102' title="bbox 377 5255 1962 5327; baseline 0.004 -22"><span class='ocrx_word' id='word_1_760' title='bbox 377 5264 462 5309; x_wconf 78' lang='lat' dir='ltr'><strong>est</strong></span> <span class='ocrx_word' id='word_1_761' title='bbox 492 5274 506 5309; x_wconf 90' lang='lat'><strong>:</strong></span> <span class='ocrx_word' id='word_1_762' title='bbox 540 5255 869 5327; x_wconf 75' lang='lat' dir='ltr'><strong>splendorem</strong></span> <span class='ocrx_word' id='word_1_763' title='bbox 913 5256 1226 5327; x_wconf 64' lang='lat' dir='ltr'><strong>suspiciens.</strong></span> <span class='ocrx_word' id='word_1_764' title='bbox 1262 5256 1430 5311; x_wconf 79' lang='lat' dir='ltr'><strong>Vetus</strong></span> <span class='ocrx_word' id='word_1_765' title='bbox 1473 5255 1743 5327; x_wconf 83' lang='lat' dir='ltr'><strong>interpres</strong></span> <span class='ocrx_word' id='word_1_766' title='bbox 1781 5255 1962 5312; x_wconf 76' lang='lat' dir='ltr'><strong>verte—</strong></span> 
     </span>
    </p>
   </div>
   <div class='ocr_carea' id='block_1_103' title="bbox 382 5325 1202 5391">
    <p class='ocr_par' dir='ltr' id='par_1_103' title="bbox 382 5325 1202 5391">
     <span class='ocr_line' id='line_1_103' title="bbox 382 5325 1202 5391; baseline 0.004 -16"><span class='ocrx_word' id='word_1_767' title='bbox 382 5334 489 5385; x_wconf 85' lang='lat' dir='ltr'><strong>rat,</strong></span> <span class='ocrx_word' id='word_1_768' title='bbox 519 5326 848 5391; x_wconf 69' lang='lat' dir='ltr'><strong>splendorem</strong></span> <span class='ocrx_word' id='word_1_769' title='bbox 882 5325 1202 5379; x_wconf 76' lang='lat' dir='ltr'><strong>admiratus.</strong></span> 
     </span>
    </p>
   </div>
   <div class='ocr_carea' id='block_1_104' title="bbox 449 5394 1959 5467">
    <p class='ocr_par' dir='ltr' id='par_1_104' title="bbox 449 5394 1959 5467">
     <span class='ocr_line' id='line_1_104' title="bbox 449 5394 1959 5467; baseline 0.003 -20"><span class='ocrx_word' id='word_1_770' title='bbox 449 5395 561 5467; x_wconf 82' lang='lat'><strong>(98)</strong></span> <span class='ocrx_word' id='word_1_771' title='bbox 593 5394 1048 5467; x_wconf 23' lang='lat' dir='ltr'><strong>Utraque‘editio</strong></span> <span class='ocrx_word' id='word_1_772' title='bbox 1099 5410 1385 5462; x_wconf 89' lang='lat' dir='ltr'><strong>operarum</strong></span> <span class='ocrx_word' id='word_1_773' title='bbox 1431 5396 1641 5450; x_wconf 89' lang='lat' dir='ltr'><strong>incuria</strong></span> <span class='ocrx_word' id='word_1_774' title='bbox 1678 5397 1959 5467; x_wconf 54' lang='lat' dir='ltr'><strong>ﬂownjam.</strong></span> 
     </span>
    </p>
   </div>
   <div class='ocr_carea' id='block_1_105' title="bbox 377 5462 1465 5535">
    <p class='ocr_par' dir='ltr' id='par_1_105' title="bbox 377 5462 1465 5535">
     <span class='ocr_line' id='line_1_105' title="bbox 377 5462 1465 5535; baseline 0.002 -18"><span class='ocrx_word' id='word_1_775' title='bbox 377 5462 524 5518; x_wconf 86' lang='lat' dir='ltr'><strong>Libri</strong></span> <span class='ocrx_word' id='word_1_776' title='bbox 548 5462 770 5519; x_wconf 70' lang='lat' dir='ltr'><strong>veteres</strong></span> <span class='ocrx_word' id='word_1_777' title='bbox 803 5464 945 5535; x_wconf 62' lang='lat' dir='ltr'><strong>ﬁdet,</strong></span> <span class='ocrx_word' id='word_1_778' title='bbox 976 5474 1211 5528; x_wconf 81' lang='lat' dir='ltr'><strong>noverat,</strong></span> <span class='ocrx_word' id='word_1_779' title='bbox 1247 5469 1465 5533; x_wconf 87' lang='lat' dir='ltr'><strong>optime.</strong></span> 
     </span>
    </p>
   </div>
   <div class='ocr_carea' id='block_1_106' title="bbox 451 5535 1960 5607">
    <p class='ocr_par' dir='ltr' id='par_1_106' title="bbox 451 5535 1960 5607">
     <span class='ocr_line' id='line_1_106' title="bbox 451 5535 1960 5607; baseline 0.001 -20"><span class='ocrx_word' id='word_1_780' title='bbox 451 5535 562 5604; x_wconf 86' lang='lat'><strong>(99)</strong></span> <span class='ocrx_word' id='word_1_781' title='bbox 592 5535 731 5589; x_wconf 78' lang='lat' dir='ltr'><strong>Editi</strong></span> <span class='ocrx_word' id='word_1_782' title='bbox 758 5545 814 5590; x_wconf 91' lang='lat' dir='ltr'><strong>et</strong></span> <span class='ocrx_word' id='word_1_783' title='bbox 845 5535 956 5607; x_wconf 79' lang='lat' dir='ltr'><strong>duo</strong></span> <span class='ocrx_word' id='word_1_784' title='bbox 1002 5551 1136 5589; x_wconf 86' lang='lat' dir='ltr'><strong>mss.</strong></span> <span class='ocrx_word' id='word_1_785' title='bbox 1184 5536 1662 5607; x_wconf 81' lang='grc' dir='ltr'>μεμηχανευμένα.</span> <span class='ocrx_word' id='word_1_786' title='bbox 1692 5536 1796 5590; x_wconf 77' lang='lat' dir='ltr'><strong>Alii</strong></span> <span class='ocrx_word' id='word_1_787' title='bbox 1850 5544 1960 5589; x_wconf 73' lang='lat' dir='ltr'><strong>tres</strong></span> 
     </span>
    </p>
   </div>
   <div class='ocr_carea' id='block_1_107' title="bbox 378 5604 1009 5676">
    <p class='ocr_par' dir='ltr' id='par_1_107' title="bbox 378 5604 1009 5676">
     <span class='ocr_line' id='line_1_107' title="bbox 378 5604 1009 5676; baseline 0.003 -19"><span class='ocrx_word' id='word_1_788' title='bbox 378 5619 512 5676; x_wconf 83' lang='lat' dir='ltr'><strong>mss.</strong></span> <span class='ocrx_word' id='word_1_789' title='bbox 553 5623 841 5676; x_wconf 76' lang='grc' dir='ltr'>μεμηχανη</span> <span class='ocrx_word' id='word_1_790' title='bbox 851 5604 1009 5673; x_wconf 81' lang='grc' dir='ltr'>μένα.</span> 
     </span>
    </p>
   </div>
   <div class='ocr_carea' id='block_1_108' title="bbox 477 5640 1601 5748">
    <p class='ocr_par' dir='ltr' id='par_1_108' title="bbox 477 5640 1601 5748">
     <span class='ocr_line' id='line_1_108' title="bbox 477 5640 1601 5748; baseline 0.002 -21"><span class='ocrx_word' id='word_1_791' title='bbox 477 5676 524 5748; x_wconf 74' lang='lat' dir='ltr'><strong>l)</strong></span> <span class='ocrx_word' id='word_1_792' title='bbox 553 5640 771 5748; x_wconf 49' lang='lat' dir='ltr'><strong>gaudio</strong></span> <span class='ocrx_word' id='word_1_793' title='bbox 946 5674 1071 5748; x_wconf 77' lang='lat' dir='ltr'><strong>libri</strong></span> <span class='ocrx_word' id='word_1_794' title='bbox 1103 5675 1230 5743; x_wconf 76' lang='grc' dir='ltr'>πρὶν</span> <span class='ocrx_word' id='word_1_795' title='bbox 1258 5675 1601 5748; x_wconf 71' lang='grc' dir='ltr'>γεννηθῆναι.</span> 
     </span>
    </p>
   </div>
   <div class='ocr_carea' id='block_1_109' title="bbox 470 5744 1948 5824">
    <p class='ocr_par' dir='ltr' id='par_1_109' title="bbox 470 5744 1948 5824">
     <span class='ocr_line' id='line_1_109' title="bbox 470 5744 1948 5824; baseline 0.001 -26"><span class='ocrx_word' id='word_1_796' title='bbox 470 5744 520 5817; x_wconf 71' lang='lat'><strong>2)</strong></span> <span class='ocrx_word' id='word_1_797' title='bbox 551 5744 785 5817; x_wconf 78' lang='lat' dir='ltr'><strong>Utraque</strong></span> <span class='ocrx_word' id='word_1_798' title='bbox 825 5744 995 5801; x_wconf 86' lang='lat' dir='ltr'><strong>editio</strong></span> <span class='ocrx_word' id='word_1_799' title='bbox 1037 5753 1089 5799; x_wconf 89' lang='lat' dir='ltr'><strong>et</strong></span> <span class='ocrx_word' id='word_1_800' title='bbox 1120 5753 1231 5800; x_wconf 86' lang='lat' dir='ltr'><strong>tres</strong></span> <span class='ocrx_word' id='word_1_801' title='bbox 1275 5744 1417 5803; x_wconf 55' lang='lat' dir='ltr'><strong>mss.&quot;</strong></span> <span class='ocrx_word' id='word_1_802' title='bbox 1446 5744 1583 5824; x_wconf 63' lang='grc' dir='ltr'>ἀρχὴ</span> <span class='ocrx_word' id='word_1_803' title='bbox 1621 5747 1650 5816; x_wconf 80' lang='grc' dir='ltr'><strong>ή</strong></span> <span class='ocrx_word' id='word_1_804' title='bbox 1686 5746 1775 5798; x_wconf 71' lang='grc' dir='ltr'>ἐπὶ</span> <span class='ocrx_word' id='word_1_805' title='bbox 1819 5745 1948 5799; x_wconf 78' lang='grc' dir='ltr'>πάν-</span> 
     </span>
    </p>
   </div>
   <div class='ocr_carea' id='block_1_110' title="bbox 2056 4971 3631 5046">
    <p class='ocr_par' dir='ltr' id='par_1_110' title="bbox 2056 4971 3631 5046">
     <span class='ocr_line' id='line_1_110' title="bbox 2056 4971 3631 5046; baseline -0.004 -17"><span class='ocrx_word' id='word_1_806' title='bbox 2056 4996 2163 5029; x_wconf 92' lang='grc' dir='ltr'><strong>των</strong></span> <span class='ocrx_word' id='word_1_807' title='bbox 2193 4978 2471 5033; x_wconf 78' lang='grc' dir='ltr'>ἐπέκεινα.</span> <span class='ocrx_word' id='word_1_808' title='bbox 2502 4978 2606 5031; x_wconf 86' lang='lat' dir='ltr'><strong>Alii</strong></span> <span class='ocrx_word' id='word_1_809' title='bbox 2635 4986 2869 5046; x_wconf 84' lang='lat' dir='ltr'><strong>quatuor</strong></span> <span class='ocrx_word' id='word_1_810' title='bbox 2891 4992 3022 5029; x_wconf 89' lang='lat' dir='ltr'><strong>mss.</strong></span> <span class='ocrx_word' id='word_1_811' title='bbox 3059 4974 3200 5045; x_wconf 83' lang='grc' dir='ltr'>ἀρχὴ</span> <span class='ocrx_word' id='word_1_812' title='bbox 3230 4972 3322 5025; x_wconf 71' lang='grc' dir='ltr'>ἐπὶ</span> <span class='ocrx_word' id='word_1_813' title='bbox 3353 4971 3569 5027; x_wconf 81' lang='grc' dir='ltr'>πάντων</span> <span class='ocrx_word' id='word_1_814' title='bbox 3598 4972 3631 5043; x_wconf 75' lang='grc' dir='ltr'><strong>ἠ</strong></span> 
     </span>
    </p>
   </div>
   <div class='ocr_carea' id='block_1_111' title="bbox 2057 5049 2328 5100">
    <p class='ocr_par' dir='ltr' id='par_1_111' title="bbox 2057 5049 2328 5100">
     <span class='ocr_line' id='line_1_111' title="bbox 2057 5049 2328 5100; baseline -0.004 -1"><span class='ocrx_word' id='word_1_815' title='bbox 2057 5049 2328 5100; x_wconf 77' lang='grc' dir='ltr'>ἐπέκεινα.</span> 
     </span>
    </p>
   </div>
   <div class='ocr_carea' id='block_1_112' title="bbox 2130 5110 3627 5186">
    <p class='ocr_par' dir='ltr' id='par_1_112' title="bbox 2130 5110 3627 5186">
     <span class='ocr_line' id='line_1_112' title="bbox 2130 5110 3627 5186; baseline 0.001 -16"><span class='ocrx_word' id='word_1_816' title='bbox 2130 5119 2204 5186; x_wconf 83' lang='grc'><strong>(5)</strong></span> <span class='ocrx_word' id='word_1_817' title='bbox 2244 5116 2483 5185; x_wconf 86' lang='lat' dir='ltr'><strong>Utraque</strong></span> <span class='ocrx_word' id='word_1_818' title='bbox 2521 5116 2688 5170; x_wconf 92' lang='lat' dir='ltr'><strong>editio</strong></span> <span class='ocrx_word' id='word_1_819' title='bbox 2721 5116 2913 5182; x_wconf 83' lang='grc' dir='ltr'>σοφίας</span> <span class='ocrx_word' id='word_1_820' title='bbox 2963 5112 3124 5182; x_wconf 82' lang='grc' dir='ltr'>φόϐος</span> <span class='ocrx_word' id='word_1_821' title='bbox 3166 5114 3194 5164; x_wconf 88' lang='grc' dir='ltr'>ὁ</span> <span class='ocrx_word' id='word_1_822' title='bbox 3222 5110 3337 5165; x_wconf 88' lang='grc' dir='ltr'>τοῦ.</span> <span class='ocrx_word' id='word_1_823' title='bbox 3386 5111 3456 5167; x_wconf 82' lang='lat' dir='ltr'><strong>At</strong></span> <span class='ocrx_word' id='word_1_824' title='bbox 3495 5128 3627 5171; x_wconf 85' lang='lat' dir='ltr'><strong>mss.</strong></span> 
     </span>
    </p>
   </div>
   <div class='ocr_carea' id='block_1_113' title="bbox 2070 5188 2809 5256">
    <p class='ocr_par' dir='ltr' id='par_1_113' title="bbox 2070 5188 2809 5256">
     <span class='ocr_line' id='line_1_113' title="bbox 2070 5188 2809 5256; baseline -0.004 -16"><span class='ocrx_word' id='word_1_825' title='bbox 2070 5191 2311 5256; x_wconf 87' lang='lat' dir='ltr'><strong>quinque</strong></span> <span class='ocrx_word' id='word_1_826' title='bbox 2344 5195 2401 5239; x_wconf 92' lang='lat' dir='ltr'><strong>ut</strong></span> <span class='ocrx_word' id='word_1_827' title='bbox 2439 5188 2492 5240; x_wconf 92' lang='lat' dir='ltr'><strong>in</strong></span> <span class='ocrx_word' id='word_1_828' title='bbox 2532 5194 2809 5239; x_wconf 83' lang='lat' dir='ltr'><strong>contextu.</strong></span> 
     </span>
    </p>
   </div>
   <div class='ocr_carea' id='block_1_114' title="bbox 2143 5250 3634 5324">
    <p class='ocr_par' dir='ltr' id='par_1_114' title="bbox 2143 5250 3634 5324">
     <span class='ocr_line' id='line_1_114' title="bbox 2143 5250 3634 5324; baseline -0.003 -14"><span class='ocrx_word' id='word_1_829' title='bbox 2143 5250 2385 5324; x_wconf 47' lang='lat' dir='ltr'><strong>(“Ejus</strong></span> <span class='ocrx_word' id='word_1_830' title='bbox 2420 5258 2523 5309; x_wconf 90' lang='lat' dir='ltr'><strong>loci</strong></span> <span class='ocrx_word' id='word_1_831' title='bbox 2556 5254 2968 5309; x_wconf 84' lang='lat' dir='ltr'><strong>consonantiam</strong></span> <span class='ocrx_word' id='word_1_832' title='bbox 3007 5251 3194 5324; x_wconf 68' lang='lat' dir='ltr'><strong>videre</strong></span> <span class='ocrx_word' id='word_1_833' title='bbox 3228 5252 3282 5324; x_wconf 85' lang='lat' dir='ltr'><strong>si</strong></span> <span class='ocrx_word' id='word_1_834' title='bbox 3310 5250 3435 5324; x_wconf 87' lang='lat' dir='ltr'><strong>quis</strong></span> <span class='ocrx_word' id='word_1_835' title='bbox 3460 5252 3634 5324; x_wconf 87' lang='lat' dir='ltr'><strong>cupit,</strong></span> 
     </span>
    </p>
   </div>
   <div class='ocr_carea' id='block_1_115' title="bbox 2067 5321 3635 5391">
    <p class='ocr_par' dir='ltr' id='par_1_115' title="bbox 2067 5321 3635 5391">
     <span class='ocr_line' id='line_1_115' title="bbox 2067 5321 3635 5391; baseline -0.001 -12"><span class='ocrx_word' id='word_1_836' title='bbox 2067 5328 2116 5379; x_wconf 91' lang='lat' dir='ltr'><strong>ei</strong></span> <span class='ocrx_word' id='word_1_837' title='bbox 2149 5321 2339 5380; x_wconf 80' lang='lat' dir='ltr'><strong>auctor</strong></span> <span class='ocrx_word' id='word_1_838' title='bbox 2375 5343 2517 5390; x_wconf 90' lang='lat' dir='ltr'><strong>sum,</strong></span> <span class='ocrx_word' id='word_1_839' title='bbox 2553 5334 2609 5379; x_wconf 95' lang='lat' dir='ltr'><strong>ut</strong></span> <span class='ocrx_word' id='word_1_840' title='bbox 2638 5324 2823 5378; x_wconf 78' lang='lat' dir='ltr'><strong>Graeca</strong></span> <span class='ocrx_word' id='word_1_841' title='bbox 2849 5324 3006 5391; x_wconf 86' lang='lat' dir='ltr'><strong>legat.</strong></span> <span class='ocrx_word' id='word_1_842' title='bbox 3038 5321 3169 5386; x_wconf 81' lang='lat' dir='ltr'><strong>Quae</strong></span> <span class='ocrx_word' id='word_1_843' title='bbox 3200 5322 3342 5374; x_wconf 87' lang='lat' dir='ltr'><strong>enim</strong></span> <span class='ocrx_word' id='word_1_844' title='bbox 3377 5321 3461 5375; x_wconf 89' lang='lat' dir='ltr'><strong>hic</strong></span> <span class='ocrx_word' id='word_1_845' title='bbox 3494 5323 3635 5378; x_wconf 86' lang='lat' dir='ltr'><strong>scri-</strong></span> 
     </span>
    </p>
   </div>
   <div class='ocr_carea' id='block_1_116' title="bbox 2066 5392 3636 5464">
    <p class='ocr_par' dir='ltr' id='par_1_116' title="bbox 2066 5392 3636 5464">
     <span class='ocr_line' id='line_1_116' title="bbox 2066 5392 3636 5464; baseline -0.003 -15"><span class='ocrx_word' id='word_1_846' title='bbox 2066 5397 2291 5460; x_wconf 86' lang='lat' dir='ltr'><strong>buntur,</strong></span> <span class='ocrx_word' id='word_1_847' title='bbox 2322 5398 2523 5464; x_wconf 81' lang='lat' dir='ltr'><strong>Optime</strong></span> <span class='ocrx_word' id='word_1_848' title='bbox 2548 5396 2763 5463; x_wconf 86' lang='lat' dir='ltr'><strong>quidem</strong></span> <span class='ocrx_word' id='word_1_849' title='bbox 2789 5394 2894 5445; x_wconf 90' lang='lat' dir='ltr'><strong>dici</strong></span> <span class='ocrx_word' id='word_1_850' title='bbox 2923 5401 3150 5464; x_wconf 89' lang='lat' dir='ltr'><strong>possunt</strong></span> <span class='ocrx_word' id='word_1_851' title='bbox 3178 5392 3467 5464; x_wconf 73' lang='lat' dir='ltr'><strong>Gr:ece,_ut</strong></span> <span class='ocrx_word' id='word_1_852' title='bbox 3494 5392 3636 5444; x_wconf 89' lang='lat' dir='ltr'><strong>mul-</strong></span> 
     </span>
    </p>
   </div>
   <div class='ocr_carea' id='block_1_117' title="bbox 2067 5461 3634 5535">
    <p class='ocr_par' dir='ltr' id='par_1_117' title="bbox 2067 5461 3634 5535">
     <span class='ocr_line' id='line_1_117' title="bbox 2067 5461 3634 5535; baseline -0.003 -16"><span class='ocrx_word' id='word_1_853' title='bbox 2067 5466 2305 5535; x_wconf 87' lang='lat' dir='ltr'><strong>tiplicem</strong></span> <span class='ocrx_word' id='word_1_854' title='bbox 2336 5461 2744 5533; x_wconf 74' lang='lat' dir='ltr'><strong>intelligentiam</strong></span> <span class='ocrx_word' id='word_1_855' title='bbox 2777 5464 2933 5535; x_wconf 79' lang='lat' dir='ltr'><strong>vocis</strong></span> <span class='ocrx_word' id='word_1_856' title='bbox 2948 5463 3117 5535; x_wconf 77' lang='grc' dir='ltr'>ἀρχή,</span> <span class='ocrx_word' id='word_1_857' title='bbox 3151 5461 3634 5535; x_wconf 66' lang='lat' dir='ltr'><strong>quae&#39;modoprin-</strong></span> 
     </span>
    </p>
   </div>
   <div class='ocr_carea' id='block_1_118' title="bbox 2066 5532 3628 5604">
    <p class='ocr_par' dir='ltr' id='par_1_118' title="bbox 2066 5532 3628 5604">
     <span class='ocr_line' id='line_1_118' title="bbox 2066 5532 3628 5604; baseline -0.002 -17"><span class='ocrx_word' id='word_1_858' title='bbox 2066 5532 2290 5604; x_wconf 78' lang='lat' dir='ltr'><strong>cipiunt,</strong></span> <span class='ocrx_word' id='word_1_859' title='bbox 2319 5536 2479 5587; x_wconf 87' lang='lat' dir='ltr'><strong>modo</strong></span> <span class='ocrx_word' id='word_1_860' title='bbox 2507 5532 2871 5604; x_wconf 84' lang='lat' dir='ltr'><strong>principatmn</strong></span> <span class='ocrx_word' id='word_1_861' title='bbox 2905 5533 3275 5604; x_wconf 74' lang='lat' dir='ltr'><strong>ditionemque</strong></span> <span class='ocrx_word' id='word_1_862' title='bbox 3308 5532 3580 5604; x_wconf 70' lang='lat' dir='ltr'><strong>signiﬁcat</strong></span> <span class='ocrx_word' id='word_1_863' title='bbox 3612 5548 3628 5604; x_wconf 69' lang='grc' dir='ltr'>ξ</span> 
     </span>
    </p>
   </div>
   <div class='ocr_carea' id='block_1_119' title="bbox 2069 5601 3629 5671">
    <p class='ocr_par' dir='ltr' id='par_1_119' title="bbox 2069 5601 3629 5671">
     <span class='ocr_line' id='line_1_119' title="bbox 2069 5601 3629 5671; baseline -0.003 -12"><span class='ocrx_word' id='word_1_864' title='bbox 2069 5601 2161 5659; x_wconf 67' lang='lat' dir='ltr'><strong>sed</strong></span> <span class='ocrx_word' id='word_1_865' title='bbox 2202 5607 2341 5658; x_wconf 85' lang='lat' dir='ltr'><strong>male</strong></span> <span class='ocrx_word' id='word_1_866' title='bbox 2373 5601 2566 5659; x_wconf 81' lang='lat' dir='ltr'><strong>sonant</strong></span> <span class='ocrx_word' id='word_1_867' title='bbox 2599 5605 2644 5657; x_wconf 84' lang='lat' dir='ltr'><strong>si</strong></span> <span class='ocrx_word' id='word_1_868' title='bbox 2678 5601 3053 5671; x_wconf 78' lang='lat' dir='ltr'><strong>exprimantur</strong></span> <span class='ocrx_word' id='word_1_869' title='bbox 3089 5601 3298 5663; x_wconf 88' lang='lat' dir='ltr'><strong>Latine,</strong></span> <span class='ocrx_word' id='word_1_870' title='bbox 3334 5601 3477 5670; x_wconf 78' lang='lat' dir='ltr'><strong>quod</strong></span> <span class='ocrx_word' id='word_1_871' title='bbox 3510 5603 3629 5655; x_wconf 91' lang='lat' dir='ltr'><strong>voci</strong></span> 
     </span>
    </p>
   </div>
   <div class='ocr_carea' id='block_1_120' title="bbox 2062 5671 3631 5745">
    <p class='ocr_par' dir='ltr' id='par_1_120' title="bbox 2062 5671 3631 5745">
     <span class='ocr_line' id='line_1_120' title="bbox 2062 5671 3631 5745; baseline -0.002 -18"><span class='ocrx_word' id='word_1_872' title='bbox 2062 5676 2378 5743; x_wconf 81' lang='lat' dir='ltr'><strong>principium</strong></span> <span class='ocrx_word' id='word_1_873' title='bbox 2422 5676 2703 5745; x_wconf 80' lang='lat' dir='ltr'><strong>multiplex</strong></span> <span class='ocrx_word' id='word_1_874' title='bbox 2742 5674 2891 5727; x_wconf 88' lang='lat' dir='ltr'><strong>notio</strong></span> <span class='ocrx_word' id='word_1_875' title='bbox 2928 5673 3069 5742; x_wconf 82' lang='lat' dir='ltr'><strong>apud</strong></span> <span class='ocrx_word' id='word_1_876' title='bbox 3116 5671 3338 5729; x_wconf 84' lang='lat' dir='ltr'><strong>Latinos</strong></span> <span class='ocrx_word' id='word_1_877' title='bbox 3384 5671 3631 5742; x_wconf 68' lang='lat' dir='ltr'><strong>subjecta</strong></span> 
     </span>
    </p>
   </div>
   <div class='ocr_carea' id='block_1_121' title="bbox 2062 5747 2291 5802">
    <p class='ocr_par' dir='ltr' id='par_1_121' title="bbox 2062 5747 2291 5802">
     <span class='ocr_line' id='line_1_121' title="bbox 2062 5747 2291 5802; baseline 0 -4"><span class='ocrx_word' id='word_1_878' title='bbox 2062 5762 2167 5802; x_wconf 84' lang='lat' dir='ltr'><strong>non</strong></span> <span class='ocrx_word' id='word_1_879' title='bbox 2203 5747 2291 5802; x_wconf 85' lang='lat' dir='ltr'><strong>sit.</strong></span> 
     </span>
    </p>
   </div>
  </div>
