4036 6236
336 327 446 381 ΠΤ

1060 333 1345 389 ΒοΜιιιΑ
1387 332 1450 387 ΙΝ
1484 331 1707 398 ILLUD,
1754 330 1843 385 IN
1880 327 2279 386 PRINCIPIO
2318 327 2512 386 ERAT
2556 326 2871 385 VERBUM.

3508 330 3612 387 673

334 447 611 517 γλῶσσαν,
645 444 848 499 είπών·
900 448 1039 502 Ἐἀν
1068 450 1197 513 ταῖς
1229 448 1537 518 γλώσσαις
1564 447 1685 503 τῶν
1721 448 1915 516 ἀνθρώ

2035 462 2161 502 cum
2190 449 2264 502 ait
2287 468 2299 501 ι
2322 445 2383 501 Si
2413 447 2606 517 linguis
2629 447 2899 501 hominum
2929 445 3120 513 loquar
3137 453 3187 499 et
3208 444 3512 514 angelorum
3531 448 3579 482 ⁷⁸

336 554 470 593 κων
495 536 665 592 λαλῶ
702 538 797 590 καὶ
836 537 958 591 τῶν
990 537 1280 609 ἀγγέλων.
1337 540 1496 593 Ἀλλά
1542 540 1636 592 καὶ
1680 539 1785 593 τοῦ
1811 532 1921 609 (Η)

337 634 527 699 λόγου
560 628 724 698 διπλῆ
769 630 854 692 τίς
893 632 1042 683 ἐστιν
1075 630 1274 685 ἔννοια.
1317 632 1376 685 '0
1414 631 1516 702 μὲν
1542 632 1649 701 γάρ
1666 630 1749 694 τίς
1776 632 1923 683 ἐστιν

335 722 368 775 6
418 720 508 774 διὰ
560 719 661 787 τῆς
711 720 896 791 φωνῆς
954 721 1382 793 προφερόμενος,
1423 716 1576 785 οὗτος
1610 723 1638 773 ὁ
1665 720 1804 791 μετά
1861 721 1922 775 16

340 811 735 884 :posvszeﬁvat
773 811 851 882 τῷ
883 812 1006 884 ἀέρι
1036 812 1466 885 ὲναπολλύμενος
1487 830 1500 844 ·
1537 816 1566 867 6
1594 814 1651 867 δέ
1665 815 1749 877 τίς
1776 816 1923 868 ἐστιν

336 906 364 956 6
405 903 728 968 ἐνδιάθετος,
775 905 1102 976 ἐνυπάρχων
1134 906 1291 977 ὴμῶν
1324 909 1447 970 ταῖς
1480 906 1760 978 καρδίαις’
1788 910 1817 961 6
1845 909 1925 961 ἐν·

336 996 686 1066 νοηματικός.
713 995 823 1049 Καὶ
856 996 1036 1060 ἄλλος,
1085 998 1113 1050 6
1145 998 1393 1068 τεχνικὸς
1424 999 1602 1066 λόγος.
1643 999 1785 1071 Ὅρα
1814 1003 1921 1071 μή-

339 1088 469 1142 ποτέ
489 1105 550 1141 σε
576 1088 1029 1161 παρακρούσηται
1048 1088 1161 1161 (12)
1192 1091 1252 1144 τὸ
1281 1089 1571 1161 ὁμώνυμον
1593 1093 1691 1163 τῆς
1713 1093 1917 1162 φωνῆς.

340 1180 466 1245 Πῶς
496 1180 605 1251 γὰρ
630 1176 699 1253 ἦν
724 1181 784 1234 ὲν
812 1182 953 1252 ἀρχῇ
976 1182 1004 1233 6
1027 1181 1368 1253 ἀνθρώπινος
1390 1184 1569 1252 λόγος,
1598 1183 1694 1238 τοῦ
1712 1184 1922 1257 ἀνθρώ-

337 1289 444 1326 που
495 1274 648 1327 κάτω
705 1290 807 1327 που
840 1272 1095 1338 λαϐόντος
1143 1273 1241 1346 τὴν
1280 1274 1452 1345 ἀρχὴν
1488 1275 1586 1345 τῆς
1617 1274 1919 1344 γενέσεωςζ

335 1363 451 1433 Πρὸ
477 1362 769 1433 ἀνθρώπου
814 1364 1006 1435 θηρία*
1036 1363 1143 1436 πρὸ
1177 1364 1464 1437 ἀνθρώπου
1506 1367 1702 1437 κτήνη,
1726 1365 1796 1419 τά
1826 1368 1920 1437 έρ-

336 1453 475 1507 πετά
514 1454 721 1506 πάνταο
753 1454 853 1505 ὅσα
884 1456 1147 1524 χερσαῖα,
1183 1454 1276 1508 καὶ
1303 1455 1403 1508 ὅσα
1434 1454 1648 1526 ἔνυδρα,
1697 1455 1919 1509 πετεινά

330 1542 424 1594 τοῦ
453 1541 710 1611 οὐρανοῦ,
743 1544 992 1613 ἀστέρες,
1022 1544 1193 1613 ἥλιος,
1232 1544 1450 1616 σελήνη,
1480 1545 1720 1615 βοτάναι,
1758 1546 1921 1617 σπέρ-

333 1652 499 1705 ματα,
535 1635 630 1705 γῆ,
654 1634 912 1700 θάλαττα,
934 1636 1181 1707 οὐρανός.
1209 1636 1283 1691 Οὐ
1312 1637 1492 1690 τοίνυν
1522 1638 1581 1691 ἐν
1613 1638 1755 1710 ἀρχῇ
1789 1635 1857 1711 ἦν
1889 1638 1919 1691 6

332 1726 675 1799 ἀνθρώπινος
726 1727 904 1796 λόγος,
946 1728 1058 1781 ἀλλ’
1091 1728 1213 1782 οὐδὲ
1255 1730 1285 1783 6
1323 1728 1434 1783 τῶν
1462 1729 1732 1798 ἀγγέλων.
1760 1732 1919 1787 Πᾶσα

331 1820 441 1889 γὰρ
470 1822 503 1890 ἡ
540 1820 722 1883 κτίσις
750 1820 1038 1892 κατωτέρα
1065 1820 1174 1875 τῶν
1204 1820 1415 1877 αἰώνων
1443 1822 1581 1889 ἐστὶ,
1614 1823 1712 1895 τὴν
1740 1824 1917 1895 ἀρχὴν

328 1914 420 1967 τοῦ
451 1913 594 1971 εἶναι
626 1913 871 1970 λαϐοῦσα
901 1916 1049 1987 παρά
1075 1914 1169 1970 τοῦ
1183 1917 1490 1981 κτίσαντος.
1530 1919 1588 1972 '0
1617 1918 1673 1972 δὲ
1696 1920 1753 1972 ὲν
1785 1934 1919 1989 καρ-

326 2006 416 2079 δίᾳ
472 2007 655 2076 λόγος,
701 2007 998 2071 καὶαύτὸς
1046 2008 1275 2062 ἑκάστου
1313 2009 1422 2062 τῶν
1454 2009 1753 2081 νοηθέντων
1798 2010 1916 2062 ἐστὶ

328 2099 619 2167 νεώτερος.
661 2098 804 2152 Ἀλλ’
861 2099 1027 2153 ἄκουε
1056 2099 1151 2153 τοῦ
1190 2100 1347 2169 λόγου
1394 2099 1735 2173 θεοπρεπῶς.
1779 2101 1916 2171 Περὶ

330 2194 438 2265 γὰρ
480 2192 577 2247 τοῦ
608 2190 950 2261 Μονογενοῦς
988 2192 1364 2263 διαλεγόμενός
1417 2210 1519 2258 σοι,
1559 2194 1733 2262 Λόγον
1763 2187 1916 2246 εἶπεν

329 2284 514 2339 αὐτόν.
552 2286 767 2356 Ὠσπερ
832 2281 928 2338 οὖν
972 2285 1068 2339 καὶ
1126 2285 1244 2354 φώς
1289 2286 1406 2356 μετ’
1436 2286 1615 2355 ὀλίγον
1654 2288 1790 2357 ὲρεί,
1820 2285 1915 2339 καὶ

326 2378 492 2448 ζωὴν,
511 2377 609 2430 καὶ
636 2377 957 2441 ἀνάστασιν,
1005 2378 1099 2431 καὶ
1137 2376 1261 2430 οὔτε
1300 2378 1417 2447 φῶς
1442 2377 1704 2442 ἀκούσας,
1736 2378 1828 2431 ἐπὶ
1852 2378 1915 2432 16

323 2469 586 2540 αἰσθητὸν
607 2467 768 2523 τοῦτο
789 2471 884 2523 καὶ
907 2468 1208 2539 ὀφθαλμοῖς
1231 2469 1426 2540 ὁρατὸν
1454 2469 1761 2540 καταφέρῃ,
1788 2468 1913 2523 οὔτε

324 2564 470 2633 ζωὴν
492 2561 760 2626 ἀκούσας,
794 2560 896 2632 τὴν
945 2560 1129 2632 κοινὴν
1169 2560 1373 2632 ταύτην
1415 2564 1574 2625 νοεῖς,
1602 2563 1669 2633 ἢν
1712 2562 1805 2615 καὶ
1844 2561 1914 2616 τὰ

324 2658 495 2725 ἄλογα
528 2655 599 2726 ζῇ
625 2673 640 2685 ·
673 2654 817 2709 οὕτω
842 2655 937 2708 καὶ
969 2655 1143 2722 Λόγον
1171 2653 1406 2718 ἀκούων,
1433 2652 1664 2723 φύλαξαι
1700 2655 1912 2725 μήποτε

321 2752 386 2819 τῇ
434 2752 498 2821 σῇ
525 2748 783 2820 ἀσθενείᾳ.
815 2748 917 2818 τῆς
951 2748 1188 2813 διανοίας
1236 2747 1375 2818 πρὸς
1408 2747 1783 2818 χαμαιζήλους
1819 2748 1914 2801 καὶ

321 2841 589 2904 ταπεινὰς
627 2841 868 2905 διανοίας
918 2839 1243 2910 ὑπενεχθῇς.
1282 2838 1422 2892 Ἀλλ’
1452 2838 1648 2910 ἐρεύνα
1681 2838 1777 2909 τὴν
1798 2838 1915 2895 διά-

321 2950 469 2986 νοιαν
505 2932 605 2986 τοῦ
666 2934 928 3002 ῥήματος.
958 2931 1057 2984 Διά
1094 2932 1147 2984 τί
1176 2930 1381 2998 Λόγος;
1412 2930 1531 2984 Ἵνα
1575 2928 1786 3001 δειχθῇ,
1828 2930 1912 2983 ὅτι

320 3026 383 3076 ἐκ
414 3022 513 3076 τοῦ
566 3021 660 3075 νοῦ
713 3021 973 3093 προῆλθε.
1026 3022 1126 3076 Διά
1170 3022 1223 3074 τί
1265 3021 1471 3089 Λόγος;
1516 3020 1639 3075 Ὅτι
1683 3020 1913 3084 ἀπαθῶς

319 3113 728 3184 ἐγεννήθηΔώ
763 3113 817 3166 τί
849 3114 1062 3181 Λόγος;
1097 3113 1217 3167 Ὅτι
1238 3111 1402 3166 εἰκὼν
1419 3113 1512 3166 τοῦ
1529 3114 1908 3183 γεννήσαντος,
1938 3154 1980 3211 c

320 3206 439 3260 ὅλον
468 3206 528 3259 ὲν
551 3205 733 3277 ἑαυτῷ
765 3205 982 3268 δεικνὺς
1037 3203 1128 3258 τὸν
1178 3208 1516 3276 γεννήσαντα
1572 3205 1705 3275 (15),
1756 3206 1907 3260 οὐδὲν

319 3298 529 3352 ἐκεῖθεν
579 3297 947 3368 ἀπομερίσας,
973 3297 1066 3350 καὶ
1103 3296 1308 3360 τέλειος
1347 3297 1608 3368 ὑπάρχων
1636 3296 1755 3351 καθ’
1780 3298 1907 3349 ἐαυ-

320 3390 439 3442 τόν·
473 3387 551 3452 ὡς
574 3391 672 3441 καὶ
704 3390 733 3441 6
760 3388 1029 3459 ἡμέτερος
1047 3388 1202 3456 λόγος
1222 3388 1350 3459 ὃλην
1382 3386 1542 3457 ἡμῶν
1569 3387 1908 3452 ἀπεικονίζει

321 3480 418 3550 τήν
435 3479 670 3533 ἔννοιαν.
695 3479 763 3531 "A
778 3477 889 3548 γὰρ
901 3478 1041 3531 κατά
1066 3478 1292 3548 καρδίαν
1319 3478 1703 3549 ἐνενοήσαμεν,
1732 3479 1911 3533 ταῦτα

321 3571 398 3643 τῷ
429 3573 643 3643 ῥήματι
666 3572 1109 3643 προηνέγκαμεν,
1136 3571 1228 3623 καί
1255 3569 1371 3623 ἐστι
1401 3570 1497 3623 τοῦ
1527 3571 1585 3623 ὲν
1614 3573 1681 3641 τῇ
1711 3571 1910 3644 καρδίᾳ

321 3665 599 3734 νοήματος
650 3662 1020 3731 ἀπεικόνισμα
1070 3662 1132 3715 16
1159 3661 1505 3733 λαλούμενον.
1557 3663 1651 3715 Ἐκ
1676 3663 1787 3733 γὰρ
1812 3663 1907 3717 τοῦ

324 3754 762 3825 περισσεύματος
781 3754 881 3826 τῆς
907 3753 1135 3824 καρδίας
1165 3755 1194 3807 6
1225 3754 1381 3823 λόγος
1422 3755 1754 3826 προφέρεται
1776 3755 1907 3827 (14).

323 3847 431 3900 Καὶ
456 3845 608 3899 ἐστιν
646 3847 681 3915 ή
738 3844 839 3914 μὲν
890 3844 1087 3916 καρδία
1118 3844 1275 3915 ήμῶν
1310 3841 1421 3899 οἷον
1457 3850 1606 3917 πηγή
1648 3864 1752 3911 τις,
1780 3850 1810 3901 6
1852 3848 1910 3901 δὲ

323 3937 735 4008 προφερόμενος
790 3936 947 4004 λόγος
1002 3931 1110 3990 οἷον
1159 3937 1315 4001 ὁλκός
1368 3955 1452 4002 τις
1488 3939 1553 3991 ἐκ
1599 3939 1699 4009 τῆς
1726 3939 1910 4011 πηγῆς

323 4030 527 4102 ταύτης
568 4029 731 4102 ῥέων.
775 4028 1041 4083 Τοσοῦτον
1096 4025 1189 4083 οὖν
1240 4031 1303 4085 16
1353 4031 1644 4103 ἀπορρέον,
1682 4033 1803 4087 ὅσον
1848 4033 1909 4086 16

325 4118 558 4191 πρώτως
581 4118 995 4189 ἀναφερόμενον
1016 4118 1127 4188 (15)
1147 4134 1163 4148 ⁸
1190 4119 1284 4172 καὶ
1307 4114 1415 4174 οἷον
1428 4121 1487 4174 τὸ
1504 4123 1908 4193 κεκρυμμένον,

323 4211 576 4267 τοσοῦτον
611 4212 707 4264 καὶ
737 4211 800 4263 16
825 4210 1167 4281 φαινόμενον.
1192 4212 1360 4281 Λόγον
1389 4208 1483 4267 οὖν
1509 4210 1680 4277 εἶπεν,
1707 4216 1793 4269 ἵνα
1811 4214 1908 4287 τὴν

322 4306 515 4375 ἀπαθῆ
547 4322 631 4359 σοι
662 4305 919 4376 γέννησιν
952 4304 1044 4358 τοῦ
1074 4306 1287 4376 Πατρὸς
1320 4309 1665 4382 παραστήσῃ.
1694 4309 1786 4361 καὶ
1810 4307 1908 4379 τὴν

322 4398 536 4452 τελείαν
604 4396 840 4468 ὖπαρξίν
890 4414 973 4451 σοι
1016 4396 1111 4451 τοῦ
1147 4397 1279 4451 Υίοῦ
1321 4398 1618 4471 θεολογήσῃ
1652 4399 1787 4470 (16),
1818 4401 1909 4454 καὶ

2028 537 2146 592 1am
2194 554 2322 593 vero
2364 540 2504 593 verbi
2566 538 2764 607 duplex
2815 544 2902 593 est
2944 536 3303 608 intelligentia
3334 557 3347 592 :
3375 540 3608 598 alterum

2028 630 2173 685 enim
2221 644 2355 684 voce
2405 628 2699 698 profertur,
2734 628 2877 697 quod
2937 635 3295 697 posteaquam
3337 630 3610 698 prolatum

2028 730 2131 783 est,
2166 720 2220 774 in
2256 734 2381 774 aere
2432 719 2575 789 perit
2624 736 2636 770 :
2685 717 2920 770 alterum
2978 730 3107 769 vero
3164 717 3437 769 internum
3492 725 3608 784 est,

2029 810 2194 879 inque
2228 810 2428 863 animis
2456 810 2665 863 nostris
2688 808 2946 870 insitum,
2964 805 3190 860 verbum
3217 806 3428 862 scilicet
3452 822 3607 863 men-

2027 902 2120 958 tis.
2148 900 2246 956 Est
2274 910 2329 956 et
2351 901 2500 955 aliud
2538 901 2789 959 verbum.
2824 899 3000 953 oratio
3030 898 3347 954 artiﬁciosa.
3371 898 3505 954 Vide
3540 915 3611 955 ne
3642 966 3646 973 Α

2027 1006 2082 1053 te
2122 996 2359 1066 decipiat
2406 1011 2509 1049 vox
2559 995 2832 1064 ambigua.
2887 992 3174 1058 Quomodo
3220 993 3365 1047 enim
3406 1004 3524 1048 erat
3553 994 3610 1050 in

2027 1089 2300 1159 principio
2327 1087 2549 1142 verbum
2577 1087 2902 1149 humanum,
2926 1100 3061 1139 cum
3084 1084 3256 1150 homo,
3276 1086 3608 1157 principium
3639 1072 3647 1103 ί

2026 1189 2181 1233 ortus
2225 1189 2388 1248 atque
2441 1177 2709 1245 originem
2767 1176 3045 1247 posterius
3106 1176 3415 1245 acceperit?
3467 1179 3610 1235 Ante

2027 1267 2301 1323 hominem
2350 1267 2559 1331 bestiae,
2606 1275 2732 1321 ante
2790 1265 3066 1319 hominem
3113 1282 3346 1337 pecora,
3392 1270 3607 1339 reptilia

2026 1360 2210 1415 omnia
2271 1370 2388 1414 tum
2445 1360 2728 1415 terrestria
2806 1369 2919 1414 tum
2989 1360 3282 1430 aquatica,
3353 1362 3607 1419 volucres

2026 1453 2187 1518 coeli,
2244 1453 2436 1516 stellae,
2481 1452 2583 1516 sol,
2648 1453 2800 1518 luna,
2864 1451 3085 1517 herbae,
3135 1454 3366 1521 semina,
3435 1463 3604 1522 terra,

2026 1563 2195 1609 mare,
2229 1547 2449 1602 caelum.
2482 1544 2601 1600 Non
2640 1547 2806 1616 igitur
2838 1546 2892 1601 in
2924 1546 3191 1616 principio
3224 1558 3342 1603 erat
3378 1549 3606 1605 verbum

2023 1636 2348 1702 humanum,
2377 1636 2473 1691 sed
2499 1651 2569 1690 ne
2590 1637 2910 1701 angelorum
2932 1636 3175 1706 quidem.
3196 1636 3332 1691 Nam
3354 1648 3607 1695 creatura

2023 1730 2204 1784 omnis
2259 1729 2529 1798 posterior
2578 1729 2793 1784 saeculis
2828 1738 2935 1796 est,
2976 1738 3215 1800 accepto-
3249 1745 3281 1784 a
3320 1732 3607 1791 conditore

1947 1809 1990 1865 Β
2017 1820 2323 1877 exsistendi
2368 1820 2663 1892 principio.
2696 1819 2936 1877 Verbum
2984 1830 3166 1877 autem
3199 1824 3343 1893 quod
3379 1825 3605 1880 insitum

2017 1915 2074 1969 in
2121 1914 2307 1970 animo
2370 1922 2477 1978 cst,
2547 1920 2602 1967 et
2669 1914 2849 1981 ipsum
2895 1913 3129 1983 singulis
3168 1930 3289 1985 quae
3329 1916 3607 1973 intellecta

2016 2010 2168 2067 sunt,
2198 2004 2476 2059 recentius
2502 2011 2608 2058 est.
2660 2001 2767 2057 Sed
2801 2003 3027 2058 verbum
3058 2012 3222 2074 prout
3256 2003 3364 2061 Deo
3403 2020 3606 2061 conve-

2016 2096 2097 2151 nit
2134 2097 2520 2168 interpretare.
2556 2094 2693 2150 Nam
2732 2111 2858 2150 cum
2892 2097 2959 2152 de
2990 2095 3283 2168 Umgenito
3325 2097 3393 2153 ad
3433 2107 3486 2154 te
3519 2100 3605 2153 lo-

2015 2200 2310 2263 queretur,
2360 2191 2599 2247 Verbum
2662 2191 2842 2260 ipsum
2906 2191 3066 2246 dixit.
3133 2191 3605 2258 Quemadmodum

2016 2281 2185 2352 igitur
2217 2290 2273 2336 et
2308 2280 2487 2337 lucem
2520 2281 2685 2351 paulo
2731 2288 2854 2349 post
2904 2281 3069 2346 dicet,
3101 2289 3156 2335 et
3198 2281 3387 2346 vitam,
3418 2289 3472 2335 et
3511 2296 3602 2336 re-

2017 2371 2449 2437 surrectionem;
2482 2386 2662 2440 neque
2699 2378 2902 2432 tamen,
2942 2384 3066 2424 cum
3099 2370 3255 2425 audis
3297 2370 3497 2431 lucem,
3532 2370 3615 2426 ad:

2016 2462 2331 2518 sensibilem
2366 2462 2510 2516 hanc
2529 2470 2584 2517 et
2608 2462 2789 2517 oculis
2814 2463 3085 2518 visibilem
3114 2462 3288 2518 lucem
3317 2462 3600 2533 recurris;

2014 2570 2194 2626 neque
2227 2571 2350 2609 cum
2384 2556 2555 2610 vitam
2590 2556 2769 2621 audis,
2822 2571 3169 2613 communem
3212 2556 3353 2611 hanc
3394 2557 3602 2613 intelli-

2012 2647 2119 2718 gis,
2151 2661 2315 2716 quam
2351 2645 2515 2700 bruta
2561 2646 2728 2700 etiam
2764 2648 3038 2713 animalia
3075 2647 3308 2701 vivunt:
3344 2646 3420 2700 ita
3466 2661 3603 2717 quo-

2013 2760 2119 2815 que
2146 2759 2271 2800 cum
2301 2741 2541 2798 Verbum
2574 2741 2752 2805 audis,
2786 2756 2918 2797 cave
2948 2741 3161 2798 incidas
3204 2744 3404 2799 mentis
3439 2743 3606 2800 imbe-

2013 2835 2239 2890 cillitate
2273 2834 2328 2887 in
2369 2841 2618 2889 terrenas
2663 2834 3007 2903 humilesque
3052 2834 3453 2900 cogitationes.
3499 2833 3602 2889 sed

2013 2928 2165 2984 vocis
2216 2925 2673 2998 significationem
2726 2932 3097 2994 perscrutare.
3156 2926 3271 2980 Cur
3313 2922 3604 2981 Verbum?

1968 3010 1973 3013 ’
2018 3019 2086 3075 Ut
2114 3019 2461 3089 perspicuum
2493 3019 2564 3074 sit
2600 3018 2943 3087 processisse
2978 3033 3043 3072 ex
3082 3028 3282 3074 mente.
3319 3018 3436 3073 Cur
3470 3016 3603 3073 Ver-

2012 3113 2176 3168 bum?
2206 3111 2345 3179 Qnia
2380 3113 2517 3166 citra
2547 3112 2863 3182 passionem
2896 3111 3141 3179 genitum
3178 3119 3284 3167 est.
3318 3110 3431 3166 Cur
3463 3108 3601 3167 Ver—

2013 3205 2181 3262 bum?
2229 3204 2368 3271 Quia
2412 3205 2593 3275 imago
2642 3211 2726 3259 est
2774 3203 3061 3272 genitoris,
3098 3212 3273 3259 totum
3320 3205 3376 3259 in
3419 3205 3603 3275 seipso

2015 3298 2315 3369 genitorem
2363 3297 2681 3360 ostendens,
2735 3297 2875 3351 nihil
2938 3297 3064 3352 inde
3104 3311 3389 3367 separaris,
3416 3305 3472 3353 et
3506 3311 3604 3367 per

2015 3407 2075 3447 se
2117 3389 2415 3461 perfectum
2470 3389 2746 3445 exsistens
2792 3407 2807 3445 :
2858 3388 3321 3461 quemadmodum
3371 3396 3426 3444 et
3480 3405 3603 3446 ver-

2013 3481 2142 3536 bum
2201 3488 2453 3537 nostrum
2520 3481 2701 3534 totius
2775 3489 2978 3535 nostrae
3032 3480 3383 3550 cogitationis
3435 3479 3605 3537 refert

2014 3572 2327 3643 imaginem.
2361 3570 2575 3625 Etenim
2625 3586 2747 3640 qua:
2797 3571 2854 3625 in
2906 3570 3075 3625 corde
3115 3570 3499 3640 cogitavimus.
3536 3586 3603 3628 ea

2012 3667 2180 3721 verbo
2206 3663 2559 3735 proferimus,
2590 3664 2755 3734 idque
2796 3663 2944 3734 quod
2995 3663 3293 3733 loquimur,
3328 3661 3601 3719 reconditi

2014 3759 2072 3813 in
2101 3758 2265 3813 corde
2294 3764 2594 3828 conceptus
2633 3756 2813 3827 imago
2843 3764 2928 3812 est
2967 3764 3023 3811 et
3053 3756 3431 3811 simulacrum.
3466 3756 3601 3810 Nam

2013 3869 2081 3907 ex
2116 3850 2302 3907 cordis
2348 3849 2688 3906 abundantia
2720 3850 2995 3919 promitur
3031 3850 3282 3904 verbum.
3333 3852 3411 3903 Ac
3443 3848 3601 3920 137

2012 3945 2234 4015 quidem
2283 3958 2380 3999 cor
2407 3952 2660 3999 nostrum
2701 3950 2787 3997 est
2829 3942 2994 3997 veluti
3024 3942 3148 3997 fons
3175 3940 3439 4011 quidam:
3475 3956 3603 4012 pro-

2012 4036 2183 4089 latum
2210 4048 2342 4089 vero
2372 4033 2626 4099 verbum,
2675 4039 2761 4087 est
2796 4032 2963 4086 veluti
2994 4031 3206 4086 rivulus
3247 4031 3466 4099 aliquis,
3503 4029 3600 4100 qui

2012 4141 2081 4181 ex
2128 4125 2231 4179 hoc
2264 4124 2413 4179 fonte
2447 4132 2686 4179 emanat.
2734 4121 2968 4178 Tantum
3012 4122 3180 4193 igitur
3229 4130 3317 4178 est
3360 4120 3416 4176 id
3454 4120 3603 4191 quod

2014 4217 2254 4288 proﬂuit,
2307 4224 2573 4286 quantum
2624 4215 2678 4270 id
2732 4215 2878 4286 quod
2933 4215 3171 4286 primum
3230 4213 3493 4284 emergit;
3546 4220 3603 4268 et

2013 4311 2175 4381 quale
2228 4318 2314 4366 est
2343 4309 2399 4363 id
2449 4309 2594 4379 quod
2636 4310 2912 4364 occultum
2957 4315 3063 4371 est,
3104 4306 3211 4363 tale
3262 4314 3346 4363 est
3383 4322 3603 4378 quoque

2015 4403 2163 4472 quod
2194 4409 2440 4474 apparet.
2474 4401 2712 4459 Verbum
2748 4402 2915 4473 igitur
2937 4402 3096 4465 dixit,
3129 4401 3225 4457 tibi
3258 4408 3319 4454 ut
3348 4399 3603 4456 ostendat

323 4493 421 4562 τὴν
465 4491 697 4562 ἄχρονον
755 4490 1049 4560 συνάφειαν
1092 4491 1185 4545 τοῦ
1228 4491 1358 4545 Υἱοῦ
1400 4493 1536 4564 πρὸς
1578 4494 1795 4565 Πατέρα
1822 4492 1911 4547 διὰ

2014 4495 2196 4550 Patris
2242 4494 2651 4566 generationem
2698 4493 2939 4565 passioni
2996 4508 3105 4547 non
3157 4492 3390 4562 subjici,
3438 4500 3602 4562 teque

319 4586 529 4640 τούτων
562 4583 885 4655 ἐνδείξηται.
933 4585 1044 4638 Καὶ
1090 4584 1199 4656 γὰρ
1248 4588 1276 4639 6
1322 4586 1590 4657 ἡμέτερος
1624 4585 1781 4654 λόγος
1812 4586 1908 4639 τοῦ

319 4676 413 4732 νοῦ
437 4679 711 4748 γέννημα,
761 4674 989 4740 ἀπαθῶς
1027 4677 1367 4748 γεννώμενος
1390 4695 1403 4709 ο
1435 4677 1557 4733 οὔτε
1584 4679 1695 4750 γὰρ
1723 4679 1915 4750 τέμνε-

390 4834 440 4867 ⁷⁸
478 4833 501 4889 1
533 4834 666 4891 Cor.
704 4848 807 4889 xm
832 4874 848 4901 ,
883 4832 938 4889 1.

391 4995 506 5067 (Η)
537 4994 697 5052 Colb.
731 4989 1254 5067 primusana‘yap
1280 4990 1397 5067 τοῦ.
1446 4990 1741 5067 Aliquanto
1791 4996 1917 5061 post

324 5060 457 5123 editi
487 5060 558 5121 ἐι
602 5060 888 5121 duo'mss.
931 5064 1056 5134 ἀέρι
1100 5060 1490 5134 ἀπολλύμενος.
1537 5060 1643 5115 Alii
1676 5073 1919 5134 quatuor

324 5154 461 5193 mss.
508 5136 965 5207 ἑναπολλύμενος.
1004 5129 1257 5189 ’Βιὼίηόο
1296 5129 1427 5188 editi
1468 5134 1613 5203 Ὅρα
1644 5129 1759 5186 οὖν.
1795 5131 1915 5190 V0!

325 5209 516 5263 ultima
550 5209 604 5262 in
638 5204 917 5262 mss/non
951 5204 1249 5259 invenitur.

392 5278 508 5349 (l2)
537 5279 679 5331 Colb
716 5278 932 5349 primus
953 5275 1333 5349 παρακρούσῃ.
1360 5272 1521 5349 Haud
1539 5276 1703 5349 longe
1726 5288 1915 5349 vocem

324 5344 427 5404 ὅσα
456 5344 520 5403 ex
557 5344 734 5404 libris.
761 5348 983 5401 duobus
1027 5344 1364 5401 Colbertinis
1400 5344 1731 5399 addidimus.
1773 5344 1916 5399 Sub-

327 5421 454 5475 inde
478 5437 619 5475 unus
647 5435 787 5475 mss.
818 5418 1045 5489 βοτάνη.

397 5489 505 5561 (l3)
539 5491 697 5545 Colb.
732 5484 947 5559 primus
976 5489 1069 5561 τὸν
1095 5485 1645 5561 γεννηθένταγηῐηειὶθ.
1683 5484 1796 5541 Nec
1838 5485 1913 5541 ita

328 5555 497 5616 multo
523 5562 666 5617 infra
688 5555 844 5616 Culb.
880 5560 1080 5613 tertius
1108 5555 1267 5609 τοῦτο
1294 5556 1373 5626 τῷ
1407 5557 1632 5627 ῥήματι.

398 5631 506 5711 (μ)
537 5631 842 5711 ilolbertini
866 5630 1146 5711 dtto_mss..
1166 5627 1324 5696 λόγος
1349 5626 1703 5711 προῴέρεται.
1729 5626 1832 5710 ᾼΙῘῘ
1858 5633 1914 5708 et

330 5701 727 5843 ,ἓρεταμ
765 5702 896 5759 Mox
926 5699 1092 5755 iidem
1118 5698 1226 5754 duo
1247 5713 1378 5755 mss.
1398 5698 1468 5751 ἐκ
1494 5698 1593 5772 τῆς
1612 5698 1794 5770 πηγῆς
1816 5698 1909 5751 τοῦ

546 5793 576 5829 ν

2018 4588 2212 4643 doceat
2249 4586 2489 4640 divinam
2542 4583 2666 4639 Filii
2715 4582 3080 4640 substantiam
3126 4582 3422 4653 perfectam
3454 4595 3599 4647 esse,

2025 4679 2263 4752 denique
2290 4685 2352 4735 ut
2384 4694 2484 4750 per
2509 4678 2627 4733 haec
2658 4683 2919 4732 aeternam
2954 4675 3077 4731 Filii
3117 4690 3241 4730 cum
3279 4673 3441 4730 Patre
3464 4686 3601 4729 con-

2096 4990 2211 5061 (15)
2241 4991 2463 5062 Antiqui
2509 4993 2789 5065 tres_libri
2839 4991 3068 5065 πρώτως
3109 4991 3428 5065 φερόμενον.
3477 4987 3599 5046 Mox

2025 5058 2161 5117 mss.
2194 5058 2442 5117 nonnulli
2467 5066 2557 5117 καὶ
2590 5058 2701 5117 οἷον
2734 5064 2795 5116 16
2826 5058 3259 5131 κε’καλυμμένονζ

2097 5133 2209 5203 (16)
2242 5133 2299 5188 In
2332 5134 2496 5189 verbo
2527 5135 2640 5197 illo,
2675 5133 2997 5205 θεολογήσῃ,
3013 5130 3254 5205 videtur
3296 5130 3479 5186 inesse
3514 5131 3601 5188 vis

2024 5202 2209 5271 aliqua
2238 5205 2481 5273 propria,
2516 5205 2670 5273 quasi
2707 5202 3117 5259 Basilius'dicat
3148 5221 3162 5257 ε
3196 5202 3441 5273 Joannes
3469 5216 3601 5272 apo-

2024 5276 2200 5331 stolus
2239 5272 2607 5329 substantiam
2645 5273 2766 5327 Filii
2810 5282 2919 5327 tam
2974 5272 3213 5327 divinam
3260 5272 3502 5331 exhibet,
3541 5278 3601 5326 ut

2022 5348 2273 5400 caecutiat
2307 5360 2532 5399 necesse
2576 5346 2670 5405 sit.
2701 5344 2792 5414 qui
2824 5359 2933 5397 non
2978 5343 3142 5414 videt
3170 5360 3289 5398 eam
3311 5358 3442 5414 cum
3476 5357 3602 5414 per-

2022 5416 2163 5469 fecta
2192 5415 2479 5470 divinitate
2510 5412 2864 5481 conjunctam
2905 5429 3050 5475 esse.
3100 5413 3181 5469 sic
3212 5423 3271 5470 ut
3304 5413 3423 5468 Filii
3457 5412 3602 5467 divi-

2023 5487 2177 5572 nitas
2214 5486 2393 5567 Patris
2430 5485 2844 5572 diviinitatimpar
2874 5485 2946 5540 sit
2983 5485 3220 5570 'omnino
3247 5492 3320 5572 .et-
3348 5484 3595 5572 aequalis:

1934 5564 1937 5567 ’
2022 5556 2178 5623 Quod
2213 5556 2572 5627 sequitur,_év
2600 5554 2802 5627 τῇίῐδίᾳ
2834 5556 3111 5618 συστάσει,
3135 5557 3218 5611 sic
3246 5554 3596 5627 interpretari

2022 5630 2169 5692 licet,
2210 5628 2266 5681 in
2295 5623 2394 5681 sua
2423 5623 2740 5689 substantia,
2776 5623 2882 5680 'aut
2914 5626 2968 5679 in
3002 5641 3101 5680 sua
3128 5626 3365 5680 naturali
3395 5623 3596 5681 consti-

2022 5700 2245 5757 ratione.
2276 5704 2369 5753 aut
2395 5697 2449 5750 in
2482 5714 2580 5751 sua
2618 5705 2833 5764 natura,
2864 5696 2967 5753 hoc
2998 5706 3081 5754 est
3114 5699 3168 5752 in
3196 5713 3271 5755 se.
