4036 6236
432 318 539 373 ιτο

1788 325 1844 383 S.
1886 327 2128 386 BASlLll
2163 332 2379 392 MAGNI

3599 339 3700 398 480

430 431 771 502 iunctionem
801 444 1212 494 commonstret.
1243 439 1378 495 Nam
1408 447 1461 497 et
1483 441 1708 497 verbum
1738 452 2010 510 nostrum,

2113 464 2224 528 ται,
2281 449 2406 502 οὕτε
2458 450 2760 521 μερίζεται,
2807 450 2928 506 οῦτε
2959 454 3068 524 ῥέει
3094 471 3106 484 ·
3131 452 3267 506 ἀλλὰ
3306 452 3480 522 μένων
3519 451 3636 513 ὅλος
3671 450 3697 499 ὁ

426 529 636 584 mentis
689 528 862 594 l'etus,
901 531 1040 585 citra
1095 533 1407 602 passionem
1461 541 1788 604 generatur;
1841 549 2020 604 neque

432 619 577 673 enim
641 630 878 690 secatur,
925 638 1102 693 neque
1152 623 1448 688 dividitur,
1490 640 1666 696 neque
1715 625 1862 690 ﬁuit,
1920 626 2017 682 sed

434 723 588 764 mens
632 719 745 765 tota
795 713 850 767 in
897 729 996 768 sua
1037 722 1231 776 natura
1269 731 1623 786 permanens,
1661 717 1886 772 verbum
1935 725 2018 772 to-

436 810 548 852 tum
572 808 626 854 et
665 803 973 858 absolutum
1012 807 1284 875 producit,
1323 815 1486 876 atque
1526 807 1578 861 id
1608 809 1833 863 verbum
1870 810 2016 878 quod

436 892 702 958 procedit,
730 909 946 949 omnem
991 899 1186 951 mentis
1218 899 1530 968 generantis
1570 900 1826 952 virtutem
1867 901 1920 953 in
1958 916 2017 954 se

433 984 836 1052 complectitur.
864 984 1160 1056 Postquam
1189 989 1354 1058 igitur
1388 997 1599 1042 tantum
1638 989 1704 1042 ad
1741 988 2032 1059 Unigenitb

433 1076 760 1146 theologiam
804 1093 872 1132 ex
924 1081 1076 1133 verbi
1117 1095 1250 1134 voce
1296 1081 1702 1150 desumpseris,
1750 1089 2015 1150 quantum

435 1166 584 1236 pium
616 1165 802 1233 fuerit,
837 1178 952 1222 tum
981 1170 1244 1240 quidquid
1287 1173 1526 1226 alienum
1557 1187 1680 1228 esse
1710 1187 1774 1226 ac
1803 1173 2018 1226 dissen-

435 1267 654 1312 taneum
687 1261 978 1329 repereris,
1011 1261 1062 1314 id
1103 1261 1311 1325 devita,
1358 1264 1620 1332 omnique
1661 1263 1845 1318 studio
1882 1279 2018 1334 prai-

432 1349 763 1418 tergredere.
804 1352 871 1404 In
913 1353 1170 1421 principio
1215 1363 1331 1408 erat
1382 1353 1626 1407 Verbum.
1671 1353 1877 1420 Quodsi
1932 1356 2019 1410 di-

433 1439 646 1496 xisset:
705 1439 763 1495 In
809 1442 1080 1512 principio
1119 1453 1238 1497 erat
1281 1442 1488 1507 Filius,
1528 1443 1623 1497 tibi
1665 1443 1722 1497 in
1779 1451 2015 1498 mentem

433 1547 543 1585 una
583 1547 708 1585 cum
747 1531 871 1586 Filii
920 1534 1283 1602 appellatione
1312 1536 1554 1589 venisset
1590 1534 1837 1604 quaedam
1885 1549 2014 1604 pas-

433 1622 608 1678 sionis
633 1623 912 1693 cogitatio.
955 1625 1223 1692 Quoniam
1250 1627 1396 1682 enim
1430 1642 1553 1696 qua:
1599 1626 1744 1696 apud
1789 1641 1892 1682 nos
1921 1642 2016 1696 ge»

433 1722 652 1781 nerant,
683 1723 925 1784 tempore
958 1727 1257 1787 generant,
1300 1725 1354 1772 et
1394 1732 1520 1772 cum
1561 1718 1817 1787 passione
1856 1732 2018 1788 gene-

2119 537 2241 603 νοῦς
2266 542 2324 594 ὲν
2356 542 2422 612 τῇ
2457 542 2562 611 tae;
2592 542 2868 608 συστάσει,
2904 544 3024 598 ὅλον
3073 545 3164 597 τὸν
3204 544 3360 612 λόγον
3393 545 3485 597 καὶ
3523 543 3701 611 ἀπηρ-

2117 635 2372 702 τισμένον
2433 635 2723 706 ὑφίστησι·
2781 637 2876 690 καὶ
2933 637 3210 708 προελθὼν
3243 640 3270 690 6
3304 637 3480 704 λόγος,
3519 637 3698 688 πᾶσαν

2116 724 2211 777 τοῦ
2235 728 2594 797 γεννήσαντος
2614 727 2707 780 νοῦ
2747 729 2845 798 τὴν
2871 728 3099 798 δύναμιν
3137 731 3193 782 ὲν
3223 727 3400 797 ἐαυτῷ
3427 727 3692 798 περιέχει.

2121 817 2282 869 Ὅσον
2306 814 2400 871 οὖν
2429 819 2670 882 εὑσεϐὲς,
2693 819 2946 873 τοσοῦτον
2974 818 3152 872 λαϐὼν
3185 819 3322 889 πρὸς
3342 819 3442 889 τὴν
3468 817 3562 870 τοῦ
3583 817 3693 886 (l7)

2117 908 2456 977 Μονογενοῦς
2507 909 2784 978 θεολογίαν
2842 913 2906 964 ὲκ
2967 912 3066 981 τῆς
3125 911 3219 964 τοῦ
3267 911 3426 980 λόγου
3474 910 3692 979 φωνῆς’

2115 1000 2252 1070 ὅπερ
2285 998 2352 1053 ἂν
2399 999 2566 1072 εὕρῃς
2603 1002 2946 1072 ἀπεμφαϊνον
2993 1002 3087 1056 καὶ
3128 1003 3471 1074 ἀνάρμοστον
3511 1001 3698 1069 φαινόο

2119 1106 2299 1160 μενον,
2367 1091 2526 1144 τοῦτο
2593 1093 2964 1164 παραίτησαι,
3014 1093 3110 1148 καὶ
3161 1091 3432 1163 ὑπέρϐηθι
3482 1096 3696 1163 μηχανῇ

2117 1175 2285 1246 πάσῃ.
2317 1177 2414 1230 Ἑν
2441 1178 2598 1247 ἀρχῇ
2620 1176 2699 1249 ἦν
2724 1183 2756 1233 ό
2785 1182 2994 1250 Λόγος.
3025 1181 3088 1236 Ei
3120 1181 3176 1233 δὲ
3209 1176 3391 1233 εἶπεν
3433 1180 3522 1234 Ἐν
3554 1181 3695 1251 ἀρχῇ

2114 1262 2182 1336 ἦν
2213 1270 2241 1320 6
2275 1268 2422 1332 Υἱὸς,
2464 1272 2530 1340 τῇ
2579 1276 2918 1342 προσηγορίᾳ
2949 1270 3044 1323 τοῦ
3085 1270 3217 1324 Υίοῦ
3257 1269 3602 1341 συνειοῆλθεν
3632 1270 3698 1323 ἀν

2119 1375 2200 1411 σοι
2221 1361 2253 1426 ἡ
2287 1360 2415 1430 περὶ¹
2440 1360 2533 1412 τοῦ
2563 1360 2767 1424 πάθους
2808 1361 3003 1415 ἔννοια.
3045 1361 3262 1432 Ἐπειδὴ
3291 1361 3399 1432 γὰρ
3425 1360 3534 1430 (18)
3565 1361 3696 1430 παρ’

2117 1450 2249 1519 ἡμῖν
2277 1449 2343 1503 τὰ
2371 1451 2644 1519 γεννῶντα
2679 1453 2856 1523 χρόνῳ
2886 1455 3071 1523 γεννᾷ,
3102 1453 3195 1506 καὶ
3224 1451 3485 1523 ἐμπαθῶς
3505 1451 3694 1519 γεννᾷ,

2115 1537 2203 1591 διὰ
2259 1539 2415 1592 τοῦτο
2472 1541 2775 1610 προλαϐὼν,
2811 1544 3004 1612 Λόγον
3031 1540 3172 1606 εἷπε,
3212 1542 3698 1615 προδιορθούμενος

2116 1628 2217 1692 τὰς
2248 1631 2518 1701 ἀπρεπεῖς
2545 1632 2863 1704 ὑπολήψεις,
2895 1634 2982 1688 ἵνα
3003 1651 3094 1686 σου
3119 1634 3217 1704 τὴν
3249 1633 3424 1704 ψυχὴν
3453 1631 3698 1703 ἄτρωτον

2116 1719 2466 1791 διασώσηται.

434 1812 580 1872 rant,
642 1806 851 1862 idcirco
920 1810 1034 1863 haec
1080 1818 1472 1880 occupaturus,
1544 1809 1770 1864 Verbum
1813 1809 1973 1876 dixit,
2051 1814 2394 1884 suspiciones
2445 1817 2681 1874 absonas
2749 1819 2805 1872 in
2864 1825 3208 1875 antecessum
3271 1815 3583 1888 corrigens,
3634 1816 3698 1866 ut

433 1899 674 1955 animam
709 1909 858 1956 tuam
889 1903 1114 1959 illaesam
1148 1911 1413 1960 servaret.

501 2017 558 2070 4.
589 2016 660 2070 Et
700 2017 917 2072 Verbum
950 2030 1063 2074 erat
1094 2020 1235 2090 apud
1272 2020 1460 2078 Deum.
1491 2019 1724 2086 Rursus,
1757 2019 1912 2082 Erat,
1945 2020 2010 2075 ob

2187 2017 2242 2071 4.
2271 2018 2378 2072 Καὶ
2398 2021 2431 2071 ό
2453 2021 2643 2088 Λόγος
2667 2017 2743 2090 ἦν
2769 2021 2917 2090 πρὸς
2939 2021 3046 2074 τὸν
3063 2023 3229 2074 Θεόν.
3261 2021 3428 2074 Πάλιν
3453 2021 3534 2085 τὸ,
3558 2015 3694 2088 Ἦν,

433 2121 527 2162 eos
563 2109 654 2178 qui
690 2108 855 2178 impie
893 2110 1084 2164 dicunt
1112 2112 1258 2181 quod
1289 2129 1398 2166 non
1431 2121 1568 2166 erat.
1605 2111 1706 2167 Ubi
1736 2121 1855 2166 erat
1887 2111 2016 2166 Ver-

434 2198 592 2253 bum?
647 2199 766 2254 Non
814 2202 870 2255 in
927 2203 1049 2257 loco
1079 2221 1092 2256 :
1122 2205 1563 2274 quandoquidem
1623 2206 1679 2258 in
1729 2205 1850 2259 loco
1905 2219 2014 2258 non

431 2291 784 2346 continentur
829 2309 952 2362 qua:
1000 2294 1383 2350 circumscribi
1434 2312 1539 2351 non
1596 2305 1846 2366 possunt.
1905 2294 2014 2350 Sed

433 2381 522 2436 ubi
554 2384 710 2437 erat?
738 2385 891 2454 Apud
919 2385 1107 2439 Deum.
1138 2385 1324 2454 Neque
1363 2387 1523 2443 Pater
1563 2389 1620 2442 in
1653 2389 1795 2452 loco,
1834 2403 2012 2457 neque

433 2467 604 2528 Filius
647 2475 702 2528 in
745 2461 949 2530 ambitu
983 2477 1114 2540 ullo,
1153 2487 1245 2531 aut
1291 2487 1441 2533 certa
1499 2479 2012 2549 circumscriptione

431 2567 948 2635 comprehenditur:
985 2569 1078 2623 sed
1113 2568 1359 2624 inﬁnitus
1401 2568 1595 2635 Pater,
1638 2570 1885 2624 inﬁnitus
1927 2576 2012 2624 est

433 2651 623 2710 Filius.
660 2656 934 2727 Quidquid
967 2659 1314 2727 cogitaveris,
1343 2665 1397 2713 et
1441 2675 1772 2730 quocunque
1814 2659 2009 2728 spiritu

434 2755 528 2803 tuo
577 2751 906 2819 perrexeris,
957 2765 1118 2805 omne
1165 2750 1220 2804 id
1271 2751 1381 2806 Deo
1435 2752 1655 2821 plenum
1707 2753 2004 2807 invenies:

433 2838 634 2906 ubique
668 2837 910 2893 oﬂ'endes
940 2839 1147 2908 pariter
1192 2848 1538 2895 coextensam
1583 2840 1707 2894 Filii
1751 2840 2010 2911 hyposta-

431 2927 557 2982 sim.
595 2925 663 2981 Et
705 2927 929 2981 Verbum
956 2937 1070 2981 erat
1102 2927 1240 2996 apud
1274 2927 1462 2982 Deum.
1497 2928 1783 2983 Admirare
1824 2928 2011 2998 cujus-

431 3033 648 3089 cunque
685 3019 834 3073 vocis
872 3030 1187 3072 accuratum
1227 3018 1519 3074 deleCtum.
1561 3017 1682 3072 Non
1733 3017 1915 3074 dixit:
1949 3017 2008 3073 ln

435 3109 544 3166 Deo
573 3118 689 3164 erat
721 3108 980 3173 Verbum,
1017 3108 1110 3163 sed
1147 3108 1298 3178 Apud
1335 3108 1523 3170 Deum,
1557 3104 1617 3162 u't
1645 3108 2008 3179 hypostaseos

433 3201 816 3272 proprietatem
848 3199 1174 3254 declararet.
1215 3198 1333 3253 Non
1368 3199 1504 3254 dixit
1541 3218 1554 3254 :
1587 3201 1649 3252 In
1682 3198 1812 3262 Deo,
1847 3207 1908 3252 ut
1940 3215 2008 3256 ne

433 3294 832 3350 confundendae
878 3292 1238 3362 hypostaseos
1277 3290 1434 3345 daret
1470 3291 1839 3345 occasionem.
1870 3288 2005 3344 Nam
2032 3331 2076 3390 ϐ

436 3402 602 3458 prava
650 3386 741 3440 illa
774 3393 859 3439 est
893 3382 1231 3452 blasphemia
1268 3397 1478 3446 eorum,
1509 3381 1603 3451 qui
1647 3381 2006 3435 commiscere

431 3477 613 3530 omnia
658 3483 968 3540 conantur;
1017 3474 1312 3542 dicuntque
1361 3470 1576 3525 Patrem
1615 3479 1669 3526 et
1718 3469 1914 3525 Filium
1951 3479 2007 3526 et

435 3565 696 3638 Spiritum
727 3572 999 3628 sanctum,
1025 3578 1194 3617 unum
1227 3578 1349 3619 esse
1378 3563 1704 3631 subjectum,
1739 3571 1902 3632 atque
1927 3564 2008 3618 rei

436 3659 528 3713 uni
565 3657 784 3712 nomina
811 3655 1028 3710 diversa
1061 3654 1283 3709 ascribi.
1331 3652 1586 3724 Impietas
1618 3653 1876 3724 pessima,
1906 3667 2007 3707 nec

435 3752 615 3804 minus
645 3749 896 3819 fugienda
926 3762 1087 3818 quam
1114 3761 1302 3801 eorum
1330 3747 1423 3816 qui
1446 3761 1541 3800 ore
1574 3745 1894 3815 blaspheme
1925 3743 2008 3798 al“-

436 3841 650 3894 llrmant
678 3839 874 3892 Filium
901 3837 994 3892 Dei
1026 3835 1137 3891 Deo
1169 3845 1223 3890 et
1252 3835 1399 3890 Patri
1431 3835 1731 3891 secundum
1758 3836 2012 3891 substan-

436 3935 564 3987 tiam
588 3931 912 3986 dissimilem
944 3945 1086 3985 esse.
1120 3927 1186 3981 Et
1227 3926 1450 3982 Verbum
1489 3936 1602 3982 erat
1648 3927 1785 3994 apud
1819 3926 2003 3982 Deum.

435 4025 638 4081 Deinde
693 4034 1045 4093 posteaquam
1079 4020 1238 4076 Verbi
1266 4035 1454 4074 vocem
1500 4019 1567 4072 ad
1615 4017 2006 4073 ostendendam

434 4117 803 4187 generationis
847 4114 1122 4184 apathiam
1175 4111 1443 4175 adhibuit,
1479 4112 1661 4166 statim
1710 4119 1764 4164 et
1806 4124 2005 4163 noxam

435 4223 554 4262 eam
587 4222 708 4276 qua:
732 4222 798 4260 ex
826 4205 991 4261 Verbi
1029 4206 1250 4260 nomine
1291 4204 1548 4259 accedere
1573 4211 1807 4274 poterat,
1841 4218 2006 4257 cura-

437 4301 532 4354 vit.
568 4299 743 4367 Atque
790 4307 962 4352 semet
1001 4298 1157 4368 quasi
1185 4315 1251 4352 ex
1280 4297 1772 4367 blasphemantium
1799 4298 2008 4351 calum-

437 4392 528 4444 nia
559 4390 719 4459 138
740 4390 1001 4454 eximens,
1035 4389 1197 4455 Quid,
1224 4389 1420 4459 inquit,
1451 4398 1534 4444 est
1558 4387 1832 4443 Verbum?
1864 4387 2004 4444 Deus

435 4492 551 4536 erat
601 4482 845 4536 Verbum.
909 4481 986 4534 Ne
1042 4480 1174 4533 mihi
1230 4479 1524 4534 artiﬁciose
1585 4479 2006 4535 comminiscare

437 4574 700 4643 quasdam
732 4573 1019 4628 verborum
1047 4571 1449 4636 distinctiones,
1484 4587 1617 4626 neve
1645 4571 1882 4642 maligno
1909 4580 2003 4626 tuo

2116 2106 2206 2160 διὰ
2229 2109 2353 2170 τοὺς
2367 2108 2834 2180 βλασφημοῦντας,
2853 2112 2933 2164 ὅτι
2965 2111 3064 2164 οὑκ
3081 2107 3168 2182 ἦν.
3189 2110 3298 2162 Ποῦ
3333 2106 3400 2180 ἦν
3431 2113 3463 2163 ό
3482 2111 3697 2180 Λόγος

2117 2198 2232 2252 Οὑκ
2279 2199 2337 2251 ὲν
2375 2199 2553 2268 τόπῳο
2583 2201 2642 2252 οὑ
2685 2201 2794 2272 γὰρ
2845 2201 3156 2272 περιέχεται
3202 2200 3351 2270 τόπῳ
3391 2199 3459 2252 τὰ
3497 2201 3696 2271 ἀπερί-

2115 2306 2357 2359 γραπτα.
2410 2289 2567 2343 Ἀλλά
2617 2289 2720 2342 ποῦ
2776 2285 2876 2361 ἦν;
2913 2289 3068 2356 Πρὸς
3119 2289 3226 2342 τὸν
3271 2291 3438 2342 Θεόν.
3487 2287 3624 2341 Οῠτε
3667 2290 3696 2342 6

2113 2381 2304 2452 Πατὴρ
2363 2384 2420 2434 ὲν
2467 2382 2636 2452 τόπῳ,
2667 2381 2790 2433 οὑτε
2823 2385 2851 2433 6
2881 2381 3004 2444 Υἱὸς
3043 2381 3099 2432 ὲν
3152 2381 3380 2450 περιοχῇ
3429 2396 3536 2430 τινι
3597 2380 3697 2432 καὶ

2114 2475 2428 2552 περιγραφῇ
2454 2471 2854 2542 ὁμολογουμένῃ
2891 2469 3324 2540 κατειλημμένος
3342 2487 3354 2500 ·
3397 2469 3509 2521 ἀλλ’
3532 2467 3694 2521 ἄπει-

2118 2580 2208 2634 ρος
2236 2564 2332 2634 μὲν
2364 2566 2392 2616 6
2423 2563 2632 2634 Πατὴρ,
2687 2563 2910 2633 ἄπειρος
2947 2562 3004 2614 δὲ
3041 2563 3070 2613 6
3112 2560 3258 2623 Υἱός.
3303 2561 3420 2614 Πᾶν
3452 2561 3587 2631 ὅπερ
3626 2560 3697 2614 ἂν

2112 2657 2332 2728 νοήσῃς,
2357 2655 2450 2708 καὶ
2478 2655 2722 2726 ὅπουπερ
2759 2652 2824 2706 ἂν
2853 2652 3128 2724 πορευθῇς
3165 2652 3242 2723 τῷ
3274 2652 3543 2722 πνεύματί
3576 2669 3694 2717 σου,

2110 2745 2205 2800 τοῦ
2234 2746 2368 2799 Θεοῦ
2431 2746 2682 2816 εὑρήσεις
2733 2743 3194 2815 πεπληρωμένον·
3239 2743 3512 2814 πανταχοῦ
3554 2761 3696 2814 συμ-

2111 2836 2608 2908 παρεκτεινεμένην
2664 2836 2914 2907 εὑρήσεις
2945 2833 3039 2886 τοῦ
3088 2834 3218 2886 Υίοῦ
3246 2835 3344 2907 τὴν
3371 2837 3691 2890 ὑπόστασιν.

2109 2926 2222 2983 Καὶ
2265 2930 2298 2982 ό
2329 2929 2521 2996 Λόγος
2570 2922 2650 2996 ἦν
2693 2927 2841 2995 πρὸς
2885 2926 2993 2979 τὸν
3037 2928 3204 2981 Θεόν.
3251 2927 3542 2996 Θαύμασον
3592 2925 3698 2996 τὴν

2109 3018 2394 3090 ἀκρίϐειαν
2455 3018 2689 3087 ἑκάστης
2733 3016 2951 3085 φωνῆς’
2981 3016 3081 3069 οὑκ
3123 3013 3295 3081 εἶπεν,
3335 3017 3424 3069 Ἐν
3460 3016 3538 3086 τῷ
3571 3015 3695 3087 Θεῷ

2108 3107 2176 3183 ἦν
2214 3113 2243 3164 6
2293 3111 2463 3180 Λόγος
2483 3127 2496 3142 ·
2533 3110 2686 3174 ἀλλά,
2723 3111 2878 3178 Πρὸς
2907 3110 3014 3164 τὸν
3043 3111 3227 3164 Θεόν·
3255 3109 3344 3162 ἴνα
3377 3109 3439 3161 τὸ
3487 3108 3694 3172 ἰδιάζον

2107 3202 2208 3273 τῆς
2252 3202 2599 3265 ὑποστάσεως
2650 3204 2998 3274 παραστήσῃ.
3056 3203 3168 3255 Οὑκ
3238 3197 3413 3264 εἶπεν,
3461 3200 3552 3252 Ἐν

2108 3292 2247 3364 Θεῷ,
2277 3294 2364 3346 ἵνα
2400 3295 2472 3365 μὴ
2526 3294 2800 3364 πρόφασιν
2829 3293 2902 3364 δῷ
2935 3297 3000 3364 τῇ
3031 3293 3286 3362 συγχύσει
3325 3293 3424 3362 τῆς
3454 3289 3693 3346 ὑποστά-

2110 3401 2267 3447 σεως.
2295 3384 2513 3456 Πονηρὰ
2540 3386 2647 3456 γὰρ
2682 3385 2907 3455 κάκείνη
2936 3386 2968 3455 ἠ
3008 3383 3322 3454 βλασφημία
3347 3383 3456 3437 τῶν
3495 3383 3693 3452 φύρειν

2106 3477 2175 3530 τὰ
2199 3477 2374 3531 πάντα
2404 3478 2842 3548 ἐπιχειρούντων,
2878 3478 2970 3532 καὶ
3000 3477 3057 3530 ἓν
3093 3477 3153 3530 τὸ
3189 3477 3546 3546 ὑποκείμενον
3574 3474 3689 3544 (19)

2106 3568 2393 3637 λεγόντων,
2417 3569 2631 3640 Πατέρα
2655 3570 2756 3632 καὶ
2774 3570 2900 3622 Υίὸν
2934 3570 3026 3623 καὶ
3056 3569 3210 3638 ἅγιον
3238 3568 3484 3639 Πνεῦμα,
3511 3583 3688 3639 προσ-

2107 3657 2334 3728 ηγορίας
2378 3659 2435 3710 δὲ
2473 3659 2831 3730 διαφερούσας
2864 3657 2942 3727 τῷ
2975 3659 3055 3710 ἐνὶ
3101 3659 3384 3729 πράγματι
3415 3657 3687 3726 ἐπιφημί-

2105 3749 2313 3815 ζεσθαι.
2344 3749 2561 3820 Πονηρὰ
2582 3752 2615 3820 ή
2649 3749 2892 3812 ἀσέϐεια,
2923 3751 3016 3802 καὶ
3034 3749 3238 3820 φευκτὴ
3269 3750 3367 3818 οὑχ
3394 3743 3553 3818 ἦττον
3576 3747 3689 3800 τῶν

2107 3841 2357 3911 ἀνόμοιον
2386 3835 2522 3894 εἶναι
2554 3840 2674 3894 κατ’
2702 3841 2887 3894 οὑσίαν
2913 3841 3004 3895 τὸν
3034 3841 3160 3894 Υίδν
3187 3840 3281 3893 τοῦ
3313 3839 3445 3893 Θεοῦ
3472 3838 3550 3910 τῷ
3565 3838 3689 3910 Θεῷ

2107 3933 2202 3988 καὶ
2237 3934 2412 4004 Πατρὶ
2452 3933 2932 4004 βλασφημούντων.
2969 3933 3078 3987 Καὶ
3111 3936 3144 3986 ό
3192 3935 3382 4002 Λόγος
3413 3928 3493 4002 ἦν
3531 3931 3687 4001 πρὸς

2105 4025 2214 4078 τὸν
2267 4025 2432 4078 Θεόν.
2465 4019 2598 4078 Εἶτα
2631 4026 3073 4098 συγχρησάμενος
3098 4027 3162 4095 τῇ
3189 4023 3283 4076 τοῦ
3324 4025 3495 4092 Λόγου
3527 4026 3684 4094 φωνῇ

2107 4117 2244 4186 πρὸς
2269 4118 2367 4187 τὴν
2421 4117 2761 4187 παράστασιν
2805 4118 2904 4186 τῆς
2942 4117 3082 4170 κατὰ
3121 4116 3220 4187 τὴν
3265 4115 3516 4185 γέννησιν
3567 4113 3684 4186 (20)

2105 4207 2394 4272 ἀπαθείας,
2442 4210 2576 4278 ταχὺ
2616 4209 2709 4261 καὶ
2767 4209 2827 4261 τὸ
2855 4210 2919 4261 ὲκ
2957 4207 3050 4261 τοῦ
3082 4208 3254 4274 Λόγου
3297 4205 3490 4276 βλάϐος
3526 4206 3684 4273 ὲγγι-

2107 4300 2328 4370 νόμενον
2380 4301 2509 4371 ἡμῖν
2545 4299 2988 4370 παρεμυθήσατο.
3027 4299 3136 4352 Καὶ
3175 4292 3286 4350 οἷον
3339 4295 3684 4366 ἀφαρπάζων

2105 4391 2265 4444 αὑτὸν
2301 4391 2402 4460 τῆς
2457 4391 2815 4460 συκοφαντίας
2874 4391 2982 4445 τῶν
3037 4390 3518 4462 βλασφημούντων,
3575 4391 3683 4456 Τί,

2106 4484 2289 4551 φησιν,
2331 4481 2477 4537 ἐστὶν
2513 4484 2542 4536 6
2586 4482 2777 4550 Λόγος;
2821 4482 2965 4548 Θεὸς
3011 4479 3090 4552 ἦν
3134 4485 3168 4536 ὀ
3204 4483 3410 4550 Λόγος.
3445 4482 3535 4551 Μή
3589 4499 3685 4551 μοι

2103 4572 2405 4642 τεχνολόγει
2446 4573 2707 4643 διαφοράς
2740 4591 2891 4636 τινας
2924 4573 3035 4644 (21)
3085 4572 3277 4642 λόγων,
3309 4572 3443 4642 μηδὲ
3487 4573 3552 4626 ἐκ
3581 4571 3685 4641 τῆς

437 4665 668 4718 artiﬁcio
699 4663 1006 4718 convicium
1043 4663 1212 4716 ullum
1248 4660 1510 4717 doctrina:
1544 4661 1781 4732 Spiritus
1816 4679 2000 4734 asper-

2111 4667 2208 4737 σῆς
2264 4664 2618 4736 κακοτεχνίας
2671 4666 3010 4739 ποοστρίψῃς
3055 4665 3176 4720 τινὰ
3222 4663 3564 4736 βλασφημίαν
3609 4667 3681 4736 τῇ

510 4821 622 4887 (l7)
653 4819 875 4888 Antiqui
906 4818 1015 4872 duo
1059 4818 1182 4889 libri
1222 4825 1275 4889 ct
1305 4818 1453 4889 editi
1493 4820 1572 4881 είς
1604 4817 1701 4889 τὴν
1743 4818 1856 4872 τοῦ.
1895 4818 1999 4874 Alii

439 4899 677 4962 quatuor
701 4887 847 4962 mss.
883 4888 1139 4962 rcgegftiiv
1163 4887 1277 4962 τοῦ.
1295 4887 1458 4962 Haud
1482 4889 1638 4959 longe
1660 4887 1792 4943 editi
1814 4897 1868 4942 et
1896 4889 2004 4944 duo

440 4958 575 5016 tilss.
611 4958 899 5029 ὑπέρϐηθι.
931 4958 1038 5010 Alii
1063 4967 1176 5012 tres
1205 4959 1436 5029 ὑπέρϐα.

513 5029 624 5099 (18)
645 5026 847 5099 Addita
875 5038 959 5084 est
990 5029 1179 5082 vocula
1214 5028 1322 5099 γάρ
1359 5043 1422 5079 ex
1453 5027 1668 5099 du‘obus
1693 5026 1996 5099 codicibus.

512 5095 624 5166 (19)
644 5098 790 5151 Libri
809 5099 1033 5163 vulgati,
1051 5099 1250 5167 quibus
1266 5095 1492 5151 fortasse
1510 5095 1638 5167 Reg.
1657 5096 1863 5163 primus
1879 5100 2002 5153 addi

482 5175 640 5231 otest,
668 5168 762 5220 καὶ
784 5167 839 5220 ἓν
865 5168 924 5220 τὸ
947 5166 1324 5238 ὑποκείμενον,
1356 5183 1514 5238 unum
1545 5166 1845 5238 subjectum
1866 5184 1996 5222 esse.

493 5239 801 5308 cg.gtertius
831 5246 885 5292 ct
913 5238 1066 5294 Colb.
1102 5234 1285 5308 itidem
1322 5237 1512 5290 tertius
1548 5234 1872 5308 cumACoisl.
1908 5241 2003 5292 καὶ

443 5311 501 5361 ὲν
529 5306 606 5376 τῷ
637 5308 1000 5378 ὑποκειμένῳ,
1035 5310 1087 5360 iu
1118 5307 1348 5376 subjecto
1374 5323 1485 5360 esse
1513 5322 1532 5359 :
1564 5306 1654 5378 ubi
1684 5306 1761 5378 ἐν,
1798 5307 1874 5367 in,
1907 5309 2002 5363 de-

446 5385 666 5447 pravate
688 5377 921 5444 positum
946 5379 1160 5432 videtur
1187 5394 1284 5447 pro
1304 5377 1382 5440 ἓν,
1408 5393 1589 5430 unum.
1612 5377 1767 5447 Colb.
1792 5378 2000 5443 primus

470 5458 496 5498 ,t
529 5447 620 5500 alii
662 5447 772 5500 duo
812 5463 946 5501 mss.
984 5449 1077 5500 καὶ
1115 5446 1293 5517 ἒνίτῷ
1323 5447 1684 5516 ὑποκειμένῳ,
1715 5446 2000 5502 dicentium

444 5465 660 5569 ‘i’atrem
687 5527 734 5569 et
769 5515 1024 5569 Suiritum
1053 5527 1290 5569 sanctum
1317 5533 1428 5569 esse
1453 5517 1652 5569 aliquid
1686 5533 1844 5569 unum
1877 5519 2000 5569 sub-

497 5527 660 5587 atrenj
687 5527 734 5570 et
769 5515 1024 5586 Spiritum
1053 5515 1290 5572 sanctum
1317 5533 1428 5571 esse
1453 5515 1652 5587 aliquid
1686 5533 1844 5569 unum
1877 5519 2000 5570 sub-

435 5587 596 5655 jrcto.
625 5585 816 5642 Facile
838 5587 1054 5656 quidem
1094 5589 1412 5658 intelligitur
1443 5585 1690 5641 voc'ulam
1725 5589 1804 5647 ὲν,
1828 5603 1992 5656 quam

2107 4821 2246 4876 Puto
2294 4828 2474 4874 autem
2518 4836 2712 4890 parum
2759 4820 2986 4884 referre,
3039 4827 3221 4874 utrum
3268 4821 3480 4890 legatur
3522 4819 3582 4871 ἓν
3617 4821 3683 4873 τὸ

2112 4893 2488 4960 ὑποκείμενον,
2520 4889 2682 4943 unum
2713 4891 3004 4960 subjectum
3047 4907 3178 4950 esse,
3222 4905 3291 4943 an
3333 4889 3411 4958 τῷ
3453 4890 3680 4942 ὑποκει-

2112 4962 2276 5032 μένῳ,
2307 4959 2471 5032 unum
2492 4977 2611 5032 esse
2639 4959 2892 5032 subiecto,
2925 4975 3047 5032 cum
3079 4975 3275 5032 sensus
3306 4961 3495 5032 eodem
3528 4975 3680 5032 semi-

2111 5028 2206 5101 per
2229 5028 2457 5085 recidat.
2490 5030 2765 5084 Hactenus
2808 5031 2883 5101 de
2908 5030 3182 5085 scribendi
3231 5029 3478 5101 ratione.
3517 5028 3676 5101 Quod

2111 5097 2290 5155 autem
2333 5101 2401 5155 ad
2434 5101 2606 5169 ipsam
2651 5100 2980 5154 sententiam
3023 5102 3238 5169 attinet,
3279 5098 3408 5169 mihi
3448 5097 3677 5152 dubium

2109 5187 2216 5225 non
2247 5178 2330 5225 est
2368 5168 2499 5240 quin
2532 5170 2621 5223 hic
2658 5169 3008 5224 confutentur
3053 5168 3352 5240 Sabelliani
3384 5185 3397 5222 :
3429 5169 3573 5236 quod
3604 5171 3675 5240 in

2107 5255 2275 5295 causa
2305 5238 2408 5304 est,
2441 5255 2541 5293 cur
2587 5241 2835 5308 suspicer
2869 5239 2958 5293 hic
2992 5253 3123 5292 voce
3152 5238 3507 5307 ὑποκείμενον
3536 5239 3677 5291 nihil

2109 5310 2258 5363 aliud
2293 5311 2396 5364 nisi
2425 5311 2719 5362 ὑπόστασιν
2747 5310 3067 5378 signiﬁcari,
3098 5309 3201 5378 hoc
3231 5316 3339 5378 est,
3368 5323 3672 5374 personam.

2108 5380 2230 5434 Mox
2248 5396 2393 5450 mss.
2429 5379 2673 5432 nonnulli
2701 5379 3082 5450 προσηγορίας
3105 5377 3161 5430 δὲ
3189 5377 3492 5450 διαφόρους.

2177 5449 2289 5522 (20)
2321 5449 2379 5503 In
2402 5450 2555 5504 Colb.
2587 5443 2758 5503 tertio
2776 5443 3043 5521 scriptum
3072 5443 3381 5502 invenimus
3409 5443 3549 5499 κατά
3573 5445 3671 5514 γέ-

2103 5539 2267 5575 νεσιν.

2171 5590 2287 5660 (2i)
2317 5585 2540 5659 Antiqui
2567 5598 2680 5644 tres
2709 5589 2838 5660 libri
2853 5587 3120 5660 διαφοράς
3145 5603 3328 5642 τινων.
3359 5583 3515 5642 Haud
3542 5599 3674 5658 pro-

446 5658 725 5732 alii_aliter
745 5659 1299 5732 acceperunt,_lo_cur_n
1323 5658 1430 5732 his
1456 5658 1622 5710 variis
1666 5658 1990 5732 lectionibus

2111 5663 2189 5718 rul
2222 5658 2375 5716 (IOlb.
2405 5658 2612 5732 primus
2636 5659 2786 5723 τινὰς
2821 5658 3182 5730 βλασφημίας.

446 5727 661 5787 dedisse
690 5747 703 5780 :
737 5727 832 5782 sed
880 5729 1149 5800 quomodo
1177 5728 1278 5784 leui
1305 5728 1516 5786 debeat.
1548 5743 1654 5782 non
1694 5726 1765 5781 ita
1803 5727 1985 5797 liquet.
