4036 6236
309 424 405 479 ιει

315 628 618 696 ὑποτάγηθι
642 626 719 697 τῷ
756 626 967 697 Κυρίῳ.
1002 625 1146 691 Θεὸς
1175 621 1252 695 ἦν
1284 629 1315 678 ὀ
1354 628 1546 695 Λόγος
1566 642 1579 654 ·
1622 621 1800 689 οὗτος
1828 618 1907 693 ἦν

314 724 383 775 ἐν
403 718 565 789 ἀρχῇ
592 718 746 787 πρὸς
775 719 882 770 τὸν
913 720 1079 771 Θεόν.
1117 718 1285 771 Πάλιν
1317 716 1813 785 ἀνακεφαλαιοῦται
1848 716 1906 767 ἐν

314 813 515 880 ὀλίγοις
546 814 757 881 ῥήμασι
786 813 968 863 πᾶσαν
1008 809 1201 863 ἑαυτοῦ
1224 810 1322 881 τὴν
1353 810 1652 878 θεολογίαν,
1687 809 1753 878 ἣν
1782 810 1907 877 περὶ

316 902 409 954 τοῦ
442 901 783 968 Μονογενοῦς
832 902 964 971 ἡμῖν
1024 903 1051 953 6
1116 900 1507 967 εὐαγγελιστὴς
1565 900 1901 969 παρέδωκεν.

320 990 506 1059 Οὗτος
540 992 749 1062 τὶςβὲ.)
774 1010 786 1056 ;
819 990 1029 1056 Οὗτος,
1060 994 1087 1045 6
1109 993 1277 1061 Λόγος
1306 994 1333 1045 ὁ
1363 992 1512 1055 Θεός.
1553 990 1768 1060 Ἐπειδὴ
1799 990 1907 1060 γάρ

320 1103 400 1138 σοι
432 1085 739 1155 διήρθρωσε
764 1084 861 1155 τὴν
886 1086 1014 1155 περὶ
1048 1082 1210 1136 αὑτοῦ
1254 1083 1478 1142 ἔννοιαν.
1516 1077 1625 1135 οἷον
1665 1080 1904 1134 ὲντυπώ-

318 1194 416 1240 σας
448 1193 540 1228 σου
576 1178 641 1247 τῇ
672 1177 815 1247 ψυχῇ
852 1178 938 1230 διὰ
962 1178 1058 1246 τῆς
1088 1176 1433 1238 διδασκαλίας
1456 1175 1522 1229 τὰ
1548 1176 1903 1244 ἀγνοούμενα,

318 1270 410 1322 καὶ
438 1269 711 1331 ὲνοικίσας
727 1270 817 1322 τὸν
840 1270 1007 1337 Λόγον
1024 1269 1254 1340 Χριστὸν
1274 1269 1384 1336 (‘23)
1404 1271 1460 1321 ὲν
1482 1272 1548 1339 τῇ
1573 1268 1768 1339 καρδὶᾳ
1786 1285 1901 1333 σου,

323 1358 512 1428 οὗτός
546 1364 881 1431 φησι.Ποῖος
908 1359 1123 1425 οὗτος;
1154 1362 1243 1430 Μὴ
1266 1360 1367 1424 ἔξω
1393 1360 1670 1432 διαϐλέψῃ,
1706 1360 1792 1413 διὰ
1808 1360 1905 1429 τῆς

316 1453 594 1524 δεικτικῆς
626 1454 811 1523 φωνῆς
827 1455 916 1507 τὸν
946 1453 1395 1523 ύποδεικνύμενὸν
1428 1470 1508 1505 σοι
1532 1452 1901 1523 περισκοπῶν,

317 1547 427 1600 ἀλλ’
457 1547 669 1603 εἴσελθε
701 1549 780 1609 εἰς
815 1546 881 1599 τὰ
912 1546 1129 1617 κρυπτὰ
1170 1546 1266 1615 τῆς
1298 1544 1524 1598 σεαυτοῦ
1582 1544 1779 1614 ψυχῆς,
1812 1545 1905 1597 καὶ

319 1636 376 1689 ὃν
408 1636 698 1708 ἐδιδάχθης
742 1637 874 1689 Θεὸν
920 1637 1013 1688 τὸν
1060 1639 1117 1689 ὲν
1148 1638 1287 1707 ἀρχῇ
1328 1636 1478 1697 ὅντα,
1530 1635 1618 1689 τὸν
1637 1636 1710 1699 ὼς
1734 1636 1904 1704 Λόγον

317 1729 669 1799 προελθόντα,
692 1730 781 1781 τὸν
807 1728 938 1799 πρὸς
961 1728 1050 1781 τὸν
1078 1728 1207 1780 Θεὸν
1238 1728 1385 1790 ὄντα,
1419 1728 1605 1781 τοῦτον
1634 1728 1903 1796 γνωρίσας

321 1823 409 1874 καὶ
438 1821 840 1888 καταπλαγεὶς,
868 1822 965 1874 καὶ
999 1821 1381 1891 προσκυνήσας
1409 1820 1520 1888 (ΞΛ)
1557 1820 1646 1872 τὸν
1676 1820 1899 1872 σεαυτοῦ

321 1913 615 1981 Δεσπότην,
647 1912 740 1964 τόν
788 1929 869 1965 σοι
899 1912 985 1964 διὰ
1010 1913 1109 1982 τῆς
1148 1913 1491 1975 διδασκαλίας
1534 1912 1896 1982 ὲνιδρυθέντα,

321 2002 571 2074 γνώριζε,
603 2004 685 2055 ὅτι
708 1996 861 2066 οὗτος
912 1998 980 2073 ἦν
1009 2003 1078 2055 ἐν’
1109 2004 1285 2074 ἀρχῇ·
1320 2003 1615 2065 τουτέστιν,
1649 2002 1737 2054 ἀεὶ
1766 2002 1901 2072 πρὸς

305 2097 405 2149 ’τὸν
425 2095 680 2163 Θεὸν,τδν
709 2096 902 2149 ἑαυτοῦ
951 2095 1189 2166 Πατέρα.
1231 2094 1446 2157 Ταύτας
1474 2112 1562 2164 μοι
1592 2095 1689 2157 τὰς
1714 2094 1901 2161 ὀλίγας

321 2189 499 2256 φωνὰς
525 2188 636 2257 (Ξὸ)
658 2187 983 2250 διασώσατε,
1007 2189 1195 2259 ὥσπερ
1223 2188 1489 2259 σφραγῖδα
1510 2190 1630 2250 ταῖς
1659 2189 1901 2259 μνήμαις

324 2280 473 2350 ὑμῶν
528 2280 990 2351 ὲνσημηνάμενοι.
1046 2274 1215 2334 Αὒται
1248 2279 1657 2351 ἀρῤαγέστατον
1690 2280 1900 2332 ἔσονται

322 2371 518 2439 τειχίον
566 2371 703 2440 πρὸς
744 2370 844 2432 τὰς
874 2369 980 2422 τῶν
1026 2369 1481 2423 ἐπιϐουλευόντων
1522 2369 1896 2440 καταδρομάς’

323 2456 477 2514 αὗται
537 2460 904 2533 φυλακτήριόν
958 2462 1063 2512 εἰσι
1111 2462 1215 2513 τῶν
1264 2460 1452 2530 ψυχῶν
1490 2462 1751 2532 σωτήριον
1788 2462 1900 2522 τοῖς

323 2551 784 2623 προϐαλλομένοις
836 2553 1028 2616 αὑτάς.
1070 2553 1167 2605 Ἀν
1210 2552 1291 2615 τίς
1333 2570 1414 2604 σοι
1461 2552 1772 2624 προσελθὼν
1818 2552 1904 2605 λέ-

324 2661 406 2712 γοι
436 2644 548 2714 (26)
576 2662 590 2674 ’
628 2645 742 2697 Ούκ
780 2644 874 2709 ὢν,
929 2643 1191 2715 ἐγεννήθη
1213 2661 1225 2674 ·
1260 2646 1307 2697 ei
1337 2644 1445 2715 γὰρ
1476 2641 1562 2715 ἦν,
1598 2645 1714 2707 πῶς
1752 2647 1905 2711 ὲγεν·

326 2736 485 2807 νήθη;
516 2737 595 2800 ὡς
626 2737 896 2806 δαιμόνων
942 2736 1125 2806 φωνὴν
1166 2737 1473 2807 ἀποτρέπου
1511 2737 1609 2808 τὴν
1636 2736 1776 2789 κατὰ
1804 2737 1901 2807 τῆς

324 2828 476 2893 δόξης
517 2827 615 2881 τοῦ
660 2828 998 2895 Μονογενοῦς
1056 2826 1424 2899 βλασφημίαν.
1480 2830 1651 2892 Αὐτὸς
1693 2829 1750 2881 δὲ
1801 2829 1902 2882 ἑπ-

325 2920 561 2973 ανελθὼν
589 2915 693 2991 ἦκε
720 2921 854 2991 πρὸς
882 2924 978 2983 τὰς
1024 2921 1132 2974 τῶν
1158 2921 1501 2989 Εὑαγγελίων
1535 2908 1715 2989 φωνάς
1740 2938 1753 2951 ο
1804 2922 1905 2974 Ἐν

324 3010 477 3080 ἀρχῇ
500 3010 585 3082 ἦν
609 3016 643 3066 ό
672 3014 878 3080 Λόγγος,
902 3014 1002 3067 καὶ
1036 3018 1068 3067 ό
1100 3014 1286 3083 Λόγος
1302 3010 1381 3083 ἦν
1402 3012 1551 3081 πρὸς
1587 3014 1695 3066 τὸν
1733 3013 1900 3078 Θεὸν,

325 3106 417 3156 καὶ
449 3104 597 3169 Θεὸς
630 3100 710 3173 ἦν
745 3107 778 3157 ὁ
816 3105 1025 3172 Λόγος.
1052 3100 1239 3169 Οὗτος
1257 3100 1337 3173 ἦν
1360 3104 1429 3157 ἐν
1449 3102 1607 3173 ἀρχῇ
1636 3102 1785 3171 πρὸς
1799 3103 1905 3156 τὸν

1062 420 1343 477 HOMILIA
1384 420 1449 475 IN
1490 418 1712 485 ILLUD,
1758 417 1841 472 IN
1891 416 2293 477 PRINCIPIO
2340 418 2529 472 ERAT
2576 415 2897 470 VERBUM.

311 536 632 605 διδασκαλία
682 534 774 586 τοῦ
834 535 1167 604 Ηνεύματος.
1224 536 1406 603 Ἔχεις
1465 537 1562 607 τὴν
1610 532 1901 602 ἀπόφασινδ

2011 548 2127 601 gas.
2183 533 2358 589 [labes
2401 532 2728 587 sententiam

3480 414 3585 473 48!

2784 548 2797 584 :
2850 527 3103 583 subditus
3159 536 3280 582 esto
3335 528 3583 584 Domino.

2009 626 2147 681 Deus
2208 636 2322 679 erat
2382 624 2606 678 Verbum
2640 639 2658 676 :
2712 624 2807 675 hoc
2861 630 2975 675 erat
3028 622 3083 673 in
3137 622 3393 689 principio
3447 622 3588 690 apud

2008 719 2173 774 Deum
2201 722 2266 775 ".
2304 720 2518 774 Rursus
2568 714 2899 785 evangelista
2930 728 3146 766 omnem
3191 727 3346 766 suam
3380 712 3588 767 theolo-

2006 815 2147 883 giam
2177 827 2340 882 quam
2372 811 2439 864 de
2471 808 2757 878 Unigenito
2787 806 2947 859 nobis
2974 804 3218 863 tradidit,
3255 804 3445 872 paucis
3469 819 3589 858 ver-

2006 907 2090 961 bis
2123 907 2176 960 in
2210 920 2478 960 summam
2518 902 2733 972 redigit.
2776 898 3059 964 Quodnam
3091 896 3248 952 Hoc?
3274 896 3411 960 Hoc,
3450 894 3590 952 Ver-

2005 1000 2133 1054 bum
2176 999 2337 1054 Deus.
2392 999 2688 1067 Postquam
2739 994 2883 1048 enim
2932 994 3053 1062 ejus
3101 993 3201 1047 tibi
3258 999 3586 1061 conceptum

2005 1092 2263 1146 distincte
2288 1090 2581 1160 expressit,
2608 1090 2661 1142 in
2705 1096 2908 1157 tuoque
2937 1087 3121 1139 animo
3150 1100 3248 1154 per
3277 1084 3585 1138 doctrinam

2004 1184 2160 1252 quasi
2208 1180 2497 1249 insculpsit
2536 1194 2659 1249 quae
2702 1176 3028 1248 ignorabas,
3061 1190 3123 1229 ac
3149 1174 3387 1229 Verbum
3428 1173 3588 1227 Chri-

2004 1286 2147 1329 stum
2193 1274 2245 1326 in
2289 1280 2441 1325 tuum
2471 1286 2567 1325 cor
2600 1271 2748 1325 velut
2787 1271 2840 1324 in
2875 1270 3096 1323 domum
3149 1268 3472 1333 introduxit,
3513 1268 3587 1321 ita

2003 1370 2217 1424 demum
2254 1369 2395 1421 hanc
2433 1382 2619 1421 vocem
2652 1364 2877 1435 profert,
2909 1362 3043 1415 Hoc.
3077 1361 3247 1428 Quale
3288 1361 3442 1416 Hoc?
3484 1359 3589 1415 Fo-

2004 1476 2094 1515 ras
2119 1477 2184 1515 ne
2208 1461 2439 1530 respice,
2467 1475 2615 1523 eum,
2641 1448 2735 1527 qui
2765 1473 2862 1526 per
2903 1456 3369 1510 demonstrantem
3395 1467 3586 1507 vocem

2003 1553 2099 1609 tibi
2131 1554 2457 1616 ostenditur,
2510 1553 3013 1619 circumspectnrus
3046 1566 3059 1601 :
3095 1547 3188 1601 sed
3230 1547 3286 1600 in
3339 1547 3586 1600 occultos

2003 1647 2197 1701 animae
2246 1654 2351 1699 tua:
2394 1659 2648 1699 recessus
2682 1642 2988 1713 ingredere,
3032 1650 3087 1695 et
3130 1655 3291 1708 quem
3340 1638 3585 1693 didicisti

2004 1736 2173 1792 Deum
2228 1738 2282 1791 in
2328 1737 2596 1807 principio
2625 1735 2910 1796 exsistere,
2954 1732 3250 1805 procedere
3280 1731 3427 1785 velut
3451 1728 3587 1784 Ver-

2006 1830 2154 1892 bum,
2187 1830 2330 1898 apud
2387 1828 2551 1882 Deum
2597 1825 2827 1887 versari,
2861 1824 3008 1877 hunc
3041 1836 3378 1891 cognoscens
3412 1821 3587 1874 admi-

2001 1936 2258 1991 ransque,
2304 1927 2359 1973 et
2405 1927 2558 1971 tuum
2612 1916 2900 1970 Dominum
2951 1914 3006 1967 in
3047 1923 3098 1969 te
3132 1929 3240 1984 per
3278 1914 3583 1968 doctrinam

2006 2012 2340 2067 residentem
2371 2010 2629 2071 adorans,
2662 2007 2801 2061 scito
2828 2006 2973 2077 quod
3009 2005 3098 2058 hic
3140 2014 3257 2058 erat
3294 2005 3349 2057 in
3382 2005 3589 2074 princi-

2000 2103 2130 2173 pio:
2168 2103 2270 2156 hoc
2315 2109 2419 2165 est,
2475 2116 2688 2169 semper
2745 2098 2888 2168 apud
2935 2097 3104 2152 Deum
3149 2096 3367 2151 Patrem
3402 2114 3583 2152 suum.

2002 2192 2112 2248 Has
2144 2193 2276 2246 mihi
2304 2206 2505 2261 paucas
2538 2205 2701 2244 voces
2731 2198 2967 2252 servate,
3005 2188 3131 2241 illas
3161 2187 3316 2257 quasi
3347 2188 3586 2258 sigillum

2001 2286 2055 2339 in
2086 2292 2266 2339 vestra
2317 2283 2581 2339 memoria
2635 2282 3031 2352 imprimentes.
3084 2280 3180 2335 Ha:
3227 2280 3425 2335 futurae
3457 2289 3588 2336 sunt

2002 2393 2193 2431 murus
2216 2377 2560 2431 ﬁrmissimus
2586 2374 2852 2429 adversus
2882 2374 3257 2427 insidiantium
3287 2374 3580 2427 incursus:

2003 2470 2084 2523 lia:
2114 2470 2417 2523 animarum
2464 2476 2593 2521 sunt
2624 2468 2866 2522 salutare
2911 2466 3331 2529 munimentum,
3366 2466 3454 2528 iis,
3489 2467 3586 2534 qui

2002 2563 2149 2631 ipsas
2178 2560 2515 2630 praetenderit
2544 2572 2606 2611 ac
2642 2563 2937 2626 opponent.
2986 2554 3042 2608 Si
3089 2555 3214 2625 quis
3266 2562 3317 2609 te
3349 2557 3585 2610 adorsus

2001 2653 2200 2708 dixerit
2228 2671 2240 2706 :
2273 2651 2407 2706 Cum
2437 2666 2545 2705 non
2577 2656 2744 2714 esset,
2778 2649 2994 2718 genitus
3029 2656 3113 2701 est
3138 2686 3152 2711 ,
3194 2648 3241 2701 si
3269 2648 3413 2701 enim
3443 2657 3584 2711 erat,

2001 2742 2275 2815 quomodo
2302 2744 2515 2813 genitus
2543 2741 2661 2797 est?
2694 2740 2835 2794 banc
2863 2740 3022 2795 istam
3062 2739 3326 2796 adversus
3354 2741 3585 2811 gloriam

2003 2837 2275 2908 Unigeniti
2305 2835 2634 2891 calumniam
2670 2834 2975 2887 daemonum
3019 2834 3177 2903 quasi
3204 2848 3392 2887 vocem
3423 2848 3585 2887 aver-

2002 2946 2143 2986 sare.
2180 2929 2261 2984 Tu
2299 2936 2479 2983 autem
2519 2942 2773 2982 reversus
2828 2925 3105 2996 confugito
3148 2926 3215 2979 ad
3267 2926 3589 2992 Evangelio-

2002 3037 2125 3077 rum
2160 3036 2320 3077 voces
2353 3039 2366 3075 :
2400 3019 2465 3074 In
2502 3020 2758 3088 principio
2799 3028 2914 3073 erat
2971 3018 3227 3084 Verbum,
3266 3026 3314 3071 et
3364 3017 3588 3072 Verbum

2004 3123 2118 3170 erat
2146 3112 2284 3182 apud
2318 3112 2507 3173 Deum,
2537 3120 2586 3165 et
2618 3110 2758 3164 Deus
2808 3121 2922 3164 erat
2959 3109 3204 3165 Verbum.
3238 3111 3351 3163 Hoc
3381 3120 3498 3164 erat
3534 3112 3588 3165 in

327 3196 489 3249 Gedr.
523 3196 799 3266 Τέταρτον
852 3196 976 3249 εἰπὲ
1010 3197 1092 3259 τὸ,
1123 3192 1391 3267 7llr-(2'1),
1421 3200 1511 3249 καὶ
1536 3198 1901 3268 καταργήσεις

2004 3206 2262 3277 principio
2285 3204 2426 3274 apud
2472 3204 2661 3258 Deum.
2691 3202 2787 3259 Dic
2827 3210 3041 3274 quater,
3070 3203 3225 3266 Erat,
3272 3211 3436 3273 atque
3482 3204 3588 3259 hoc

326 3288 498 3340 αὐτῶν
518 3288 601 3351 τὸ,
628 3289 743 3339 Οὐκ
760 3283 847 3356 ἦν.
882 3280 1042 3340 Οὗτοι
1068 3287 1304 3341 ἄσειστοι
1331 3289 1639 3358 μενέτωσαν
1666 3292 1714 3342 οἱ
1746 3288 1901 3359 θεμέ-

328 3378 420 3429 λιοι
460 3378 563 3446 τῆς
617 3377 872 3440 πίστεως.
929 3376 1149 3440 Τούτοις
1188 3374 1707 3448 ὲποικοδομήσομεν,
1762 3376 1898 3430 Θεοῦ

324 3465 575 3528 διδόντος,
636 3466 730 3519 καὶ
783 3466 853 3518 τὰ
902 3466 1217 3536 λειπόμενα.
1250 3465 1325 3522 Οὐ
1372 3469 1479 3539 γάρ
1513 3470 1627 3521 ἐστι
1675 3469 1898 3522 δυνατὸν

327 3556 450 3623 περὶ
479 3556 705 3609 πάντων
740 3557 868 3627 ὑμῖν
910 3559 989 3620 εἰς
1023 3558 1169 3621 ama
1198 3559 1562 3630 διαλεχθῆναι,
1598 3563 1808 3633 μήποτε
1832 3565 1897 3633 τῇ

327 3647 561 3718 ἀμετρίᾳ
637 3647 735 3700 τοῦ
784 3648 943 3716 λόγου
988 3650 1235 3721 ἄχρηστα
1289 3652 1602 3722 ποιήσωμεν
1660 3655 1785 3722 ὑμῖν
1832 3652 1898 3706 τὰ

328 3735 625 3804 φιλοπόνως
678 3738 1082 3809 συνειλεγμένα.
1125 3740 1412 3793 Ἀτονοῦσα
1460 3742 1567 3815 γὰρ
1605 3745 1637 3813 ή
1691 3744 1899 3796 διάνοια

330 3830 543 3883 πάντων
585 3830 723 3899 ὁμοῦ
765 3832 1210 3902 περιδρὰξασθαι,
1245 3835 1428 3904 ὅμοιον
1464 3835 1661 3904 πάσχει
1704 3836 1900 3907 γαστρὶ

329 3922 389 3990 τῇ
421 3920 508 3974 διὰ
570 3920 671 3993 τὴν
717 3920 1020 3991 ὑπερϐολὴν
1048 3924 1141 3975 τοῦ
1175 3923 1336 3995 κόρου
1369 3926 1447 3987 εἰς
1486 3926 1647 3993 πέψιν
1674 3927 1900 3994 ἀγαγεῖν

328 4012 393 4064 τὰ
415 4014 887 4084 παρα-πεμφθέντα
938 4016 1011 4086 μὴ
1044 4016 1332 4086 δυναμένῃ.
1359 4016 1600 4086 Εῠχομαι
1639 4014 1729 4070 οὖν
1757 4019 1902 4089 ὑμᾶς

328 4103 695 4173 γλυκανθῆναι
729 4106 825 4173 μὲν
871 4109 934 4177 τῇ
983 4106 1184 4174 γεύσει,
1211 4107 1553 4178 ὠφεληθῆναι
1584 4108 1639 4160 δὲ
1670 4112 1733 4179 τῇ
1772 4111 1900 4163 ἀνα-

327 4195 485 4249 δόσει.
515 4197 693 4259 Αὐτὸς
730 4198 786 4251 δὲ
831 4199 1038 4270 ἕστηκα
1072 4201 1196 4270 ὑμῖν
1229 4200 1443 4271 ἕτοιμος
1486 4202 1619 4273 πρὸς
1662 4204 1758 4273 τὴν
1789 4204 1902 4257 δια-

330 4290 510 4339 κονίαν
540 4290 650 4340 τῶν
673 4289 1027 4359 λειπομένων,
1064 4294 1121 4343 ὲν
1153 4292 1374 4362 Χριστῷ
1418 4293 1589 4363 Ἰησοῦ
1617 4295 1692 4365 τῷ
1718 4298 1904 4368 Κυρίῳ

330 4380 501 4449 ἡμῶν,
530 4374 576 4447 ᾧ
609 4382 643 4450 ἡ
692 4381 818 4447 δόξα
864 4384 956 4435 nl.
987 4382 1048 4435 τὸ
1081 4383 1279 4454 κράτος
1307 4387 1385 4447 εἰς
1416 4388 1541 4448 τοὺς
1571 4387 1769 4451 αἰῶνας
1797 4389 1904 4442 τῶν

331 4468 562 4523 αἰώνων.
608 4471 667 4521 Ἀ
676 4472 801 4541 μήν.

406 4624 448 4658 ⁷⁸
483 4624 645 4679 Joan.
688 4642 724 4689 ι,
760 4626 812 4689 1,
838 4626 895 4678 ‘2.

2000 3313 2188 3354 eorum
2229 3296 2571 3359 convicium,
2617 3294 2734 3350 Non
2778 3305 2927 3363 erat,
2975 3295 3145 3350 facies
3191 3295 3431 3350 irritum.
3461 3294 3587 3350 Haec

2000 3390 2125 3445 ﬁdei
2165 3387 2514 3441 fundamenta
2542 3398 2800 3441 maneant
2833 3386 3184 3441 inconcussa.
3236 3384 3415 3455 Super
3447 3387 3585 3452 haec,

2002 3481 2112 3538 Deo
2145 3481 2342 3543 dante,
2392 3478 2785 3533 zediticabimus
2825 3487 2879 3532 et
2926 3478 3154 3548 reliqua.
3208 3476 3395 3548 Neque
3439 3481 3588 3535 enim

2000 3587 2294 3644 possumus
2337 3571 2518 3626 omnia
2551 3570 2704 3624 vobis
2742 3570 2909 3624 simul
2948 3570 3285 3639 explanare;
3333 3586 3403 3625 ne
3446 3570 3590 3628 forte

2000 3678 2122 3733 qua:
2154 3664 2439 3732 diligenter
2470 3676 2501 3714 a
2529 3660 2685 3714 vobis
2730 3660 2956 3714 collecta
2996 3670 3148 3725 sunt,
3178 3662 3427 3716 oratione
3457 3677 3591 3731 pro-

2002 3753 2195 3808 lixiore
2225 3752 2377 3806 irrita
2418 3749 2729 3806 reddamus.
2765 3750 2917 3805 Mens
2947 3751 3090 3806 enim
3124 3768 3244 3820 qua:
3274 3752 3575 3822 apprehen-

2001 3844 2194 3897 dendis
2226 3843 2390 3897 simul
2430 3841 2685 3896 omnibus
2744 3844 2920 3911 impar
2970 3852 3076 3908 est,
3128 3844 3273 3897 haud
3327 3844 3485 3899 aliter
3528 3860 3589 3900 se

2004 3936 2255 3991 liabetac
2288 3942 2498 3998 venter,
2548 3935 2641 4004 qui
2686 3935 2758 3989 ob
2796 3935 3019 3988 nimiam
3048 3937 3390 3991 saturitatem
3437 3952 3589 3994 sum-

2002 4035 2123 4097 ptos
2176 4028 2328 4082 cibos
2372 4042 2714 4098 concoquere
2756 4043 2864 4082 non
2910 4036 3111 4097 potest.
3151 4026 3292 4097 Opto
3329 4029 3493 4099 igitur
3527 4039 3587 4085 ut

2006 4121 2121 4174 haec
2155 4128 2209 4173 et
2247 4119 2517 4189 gustando
2562 4118 2904 4183 dulcescant,
2940 4130 2994 4174 et
3037 4122 3430 4191 concoquendo
3459 4138 3589 4193 pro-

2005 4214 2131 4268 sint.
2178 4212 2291 4283 Ego
2331 4220 2510 4267 autem
2547 4214 2705 4267 vobis
2753 4227 2816 4266 ea
2856 4228 2979 4282 quae
3020 4222 3337 4282 supersunt,
3365 4224 3589 4285 paratus

2006 4319 2126 4359 sum
2172 4304 2488 4359 ministrare
2526 4327 2536 4360 :
2579 4303 2634 4357 in
2665 4302 2885 4359 Christo
2914 4303 3043 4359 Jesu
3085 4304 3314 4361 Domino
3372 4314 3584 4370 nostro,

2005 4395 2094 4447 cui
2148 4394 2318 4460 gloria
2387 4404 2441 4451 et
2504 4397 2788 4467 imperium
2850 4397 2905 4451 in
2974 4399 3171 4451 saecula
3235 4398 3585 4454 saeculorum.

2006 4486 2197 4541 Amen.

401 4779 655 4869 (ἓὲξιηῑςι.
672 4781 756 4863 ιιεί
787 4780 1465 4869 sumusjinterpunctione.
1488 4800 1609 4868 quae
1632 4792 1901 4857 reperitur

2008 4793 2147 4869 idem
2179 4796 2347 4869 codex
2387 4797 2655 4868 σφραγῖδα
2690 4800 2808 4861 ταῖς
2840 4798 3088 4869 γνώμαις
3134 4798 3322 4869 ὑμῶν.
3355 4795 3481 4869 Nec_
3512 4796 3586 4849 ita

333 4852 385 4904 in
407 4851 753 4926 _C_olbertinis
792 4852 1036 4906 secundo
1067 4862 1128 4926 et_
1149 4851 1324 4926 tertio
1355 4874 1383 4926 7:
1422 4851 1624 4926 quippe
1657 4851 1774 4913 visa
1818 4869 1902 4913 est

335 4922 491 4974 nobis
521 4925 722 4991 aptior,
754 4937 917 4990 quam
956 4936 1079 4991 qua:
1118 4923 1315 4993 legitur
1352 4925 1405 4978 in
1437 4922 1573 4980 aliis
1593 4936 1707 4981 tum
1740 4929 1901 4985 editis

333 5001 446 5043 tum
474 5006 612 5045 MSS.

404 5060 514 5135 (26)
550 5062 642 5115 Sic
672 5076 804 5135 mss.
843 5060 1164 5135 no_n_pauci.
1203 5060 1593 5135 νοχμΧριστόν
1639 5068 1693 5120 in
1738 5068 1901 5123 editis

335 5132 694 5208 desideratur.
723 5132 852 5208 mss.
888 5132 1045 5208 (_lolb.
1082 5132 1290 5199 primus
1309 5132 1755 5208 Eémmptmécm.

402 5153 694 5185 suunratur.
723 5153 852 5186 mss.
888 5153 1045 5185 hom.
1083 5153 1290 5199 prunus
1309 5153 1413 5197 εςω
1437 5153 1501 5187 πε
1546 5153 1755 5208 ιολεφη.

402 5200 847 5276 (24:)“Colbertini
881 5202 991 5276 duo
1022 5153 1565 5276 mss._xazan}ayg§5
1592 5194 1905 5276 προέτκύνη,

402 5226 516 5269 ‘19;
550 5226 847 5255 hUllDCl'lllll
881 5226 991 5254 uuu
1022 5226 1156 5255 Illas.
1196 5226 1565 5271 καταπιιαγεις
1592 5226 1837 5276 προσκυν
1884 5238 1901 5249 -

339 5271 766 5349 σονλ-ᾼΙί-[ιιιεηιο
786 5279 920 5349 post
938 5270 1307 5349 lieg.‘primus
1333 5268 1499 5349 Οὗτος
1517 5272 1584 5345 ἦν
1610 5279 1638 5328 6
1661 5278 1719 5349 εν
1738 5226 1901 5349 ἀρχὲ.

405 5296 449 5322 ν.
472 5296 766 5340 ιιιιιμιὶηιιυ
795 5296 920 5341 pust
938 5296 1072 5340 “eg.
1101 5296 1307 5339 prunus
1333 5296 1499 5338 υυτος
1517 5296 1584 5345 ην
1610 5296 1638 5328 ο
1661 5296 1719 5329 εν
1738 5296 1773 5330 α
1846 5296 1901 5349 ῃ.

405 5340 517 5411 (25)
548 5340 680 5413 Reg.
714 5344 928 5414 primus
956 5340 1057 5403 τὰς
1083 5340 1306 5409 λογικὰς
1336 5346 1538 5412 φωνάς,
1581 5347 1740 5403 male.
1780 5296 1902 5403 ᾗ(οι

2010 4866 2181 4937 multo
2208 4866 2347 4937 infra
2385 4864 2693 4937 unusmss.
2729 4864 3183 4937 ἔσονται’τεῖχος.’
3210 4867 3414 4921 Ibidem
3449 4864 3583 4934 Reg.

2008 4935 2353 5009 pri_uius_'rdiv
2386 4936 2687 5009 ἐπιβούλων
2721 4940 3089 5009 καταδρομάς.

2083 5004 2193 5079 (26)
2228 5004 2379 5079 Unus
2412 5008 2578 5079 codex
2628 5008 2784 5079 λέγῃ.
2826 5004 2981 5062 Hand
3015 5010 3172 5077 longe
3204 5005 3335 5077 Reg.
3374 5004 3586 5076 primus

2006 5068 2189 5147 φειδῖῂὲ
2222 5076 2586 5147 ἀποστρέφου·

2078 5141 2191 5214 (27)
2222 5146 2362 5198 Edili
2393 5141 2652 5216 τέταρτον
2680 5146 2739 5199 τὸ
2767 5147 2907 5209 εἰπὲ,
2942 5141 3071 5199 Ἦν.
3103 5145 3170 5198 At
3193 5161 3325 5201 mss.
3359 5153 3472 5201 tres
3504 5148 3585 5199 uti

2008 5213 2061 5266 in
2094 5213 2377 5287 contextu.
2423 5213 2543 5269 Mori
2593 5217 2725 5271 editi
2761 5225 2813 5271 et
2847 5219 2952 5271 duo
2986 5232 3117 5269 mss.
3165 5216 3585 5287 ἐποικοδομήσοο

2009 5300 2128 5353 μεν.
2158 5285 2265 5340 Alii
2300 5295 2539 5357 quatuor
2570 5303 2703 5343 mss.
2740 5287 3279 5358 ἐποικοδομήσωμεν.
