4036 6236
321 401 431 455 ιες
1330 407 1619 464 ιιοΜιιιΑ
1661 408 1729 463 ΙΝ
1769 407 2101 464 BARLAAM
2152 410 2564 467 MARTYREM.

3474 421 3580 475 ιεδ

324 518 642 581 διδάσκαλος
678 518 811 589 (55),
845 519 906 573 ὃν
938 513 1086 573 εἷλκε
1142 520 1242 591 μὲν
1286 521 1548 592 τύραννος
1589 521 1665 584 ὠς
1698 522 1891 574 εὐάλω

2010 523 2172 579 hodie
2205 525 2442 580 invictus
2469 526 2730 597 magister
2768 527 3010 599 pictatis,
3047 546 3206 601 quem
3242 541 3300 586 ut
3341 537 3578 605 prazdam

323 626 418 662 τον
448 609 693 680 θήραμα,
726 608 871 677 ἔγνω
906 610 966 663 δὲ
1006 610 1143 681 μετά
1179 612 1280 682 τὴν
1311 614 1507 683 πεῖραν
1542 612 1653 683 (56)
1683 610 1908 681 ὁπλίτην

325 702 625 773 ἀχείρωτον
649 718 664 732 ·
713 702 774 755 ὃν
811 702 977 770 ἐγέλα
1028 703 1126 774 μὲν
1174 705 1640 776 παρακεκομμένα
1672 703 1905 772 φθεγγό-

328 812 523 866 μενον,
559 793 750 864 ἔφριξε
793 795 852 848 δὲ
897 795 1163 864 ἀγγελικά
1196 798 1627 869 νεανιευόμενον.
1676 798 1751 850 Οὐ
1797 796 1907 868 γάρ

327 887 797 959 συνεϐαρϐάριζεν
845 889 875 940 6
902 888 1104 959 τρόπος
1134 888 1212 960 τῷ
1239 890 1342 960 τῆς
1374 888 1618 961 γλώττης
1666 890 1903 961 ὀργάνῳ,

324 979 448 1031 οὐδὲ
501 980 625 1042 ταῖς
689 977 984 1042 συλλαϐαῖς
1043 978 1404 1050 συγχωλεύων
1431 981 1460 1032 6
1494 980 1751 1049 λογισμὸς
1801 981 1903 1033 ἑω-

328 1073 494 1143 ρᾶτο·
553 1070 667 1123 ἀλλ’
720 1065 791 1141 ἦν
833 1071 1084 1144 δεύτερος
1134 1071 1381 1137 Παῦλος,
1432 1073 1571 1142 μετὰ
1616 1072 1708 1125 τοῦ
1756 1072 1905 1127 Παύ-

324 1164 417 1216 λου
448 1163 562 1231 (57)
598 1163 1003 1233 φθεγγόμενος·
1057 1167 1128 1218 El
1179 1164 1279 1218 καὶ
1323 1164 1557 1231 ἰδιώτης
1600 1164 1681 1229 τῷ
1722 1166 1900 1233 λόγῳ,

322 1253 463 1306 ἀλλ’
513 1254 587 1306 οὐ
634 1252 710 1320 τῇ
747 1252 983 1322 γνώσει.
1032 1253 1373 1324 Ἐνάρκησαν
1426 1253 1775 1324 μαστίζοντες
1806 1254 1902 1323 δὴ-

323 1362 460 1416 μιοι,
492 1344 609 1398 ἀλλ’
642 1346 1005 1417 ἀκμαιότερος
1042 1348 1071 1399 6
1106 1347 1318 1418 μάρτυς
1354 1348 1666 1418 εὑρίσκετο·
1706 1348 1762 1399 αἱ
1792 1346 1902 1399 τῶν

322 1437 555 1502 ξεόντων
602 1437 1001 1508 ὲξενευρίζοντο
1053 1442 1253 1509 χεῖρες,
1300 1438 1416 1493 ἀλλ’
1450 1441 1477 1492 6
1515 1439 1607 1492 τοῦ
1648 1438 1899 1510 ξεομένου

319 1528 582 1598 λογισμὸς
609 1530 710 1581 ούκ
735 1530 1066 1598 ἐκάμπτετο.
1099 1530 1210 1593 Τὰς
1241 1529 1349 1583 τῶν
1376 1530 1583 1603 νεύρων
1616 1533 1670 1583 αἱ
1705 1533 1899 1602 μάστι-

319 1639 417 1689 γες
444 1622 712 1692 ἁρμονίας
760 1622 1092 1693 παρέλυσαν,
1126 1621 1241 1675 ἀλλ’
1276 1623 1305 1674 6
1335 1624 1434 1693 τῆς
1464 1623 1697 1687 πίστεως
1731 1625 1891 1695 ἀκρι-

320 1711 577 1781 ϐέστερον
598 1711 961 1780 ἐπεσφίγγετο
1006 1711 1176 1774 τόνος.
1224 1712 1701 1782 Διασκαπτόμεναι
1735 1715 1900 1766 πλευ-

324 1803 412 1874 ραὶ
445 1802 559 1872 (58)
594 1802 977 1870 δεδαπάνηντο,
1019 1800 1133 1853 ἀλλ’
1177 1804 1209 1871 ή
1245 1799 1337 1853 τοῦ
1378 1803 1720 1871 φρονήματος
1747 1802 1897 1872 ἤνθει

2010 625 2172 686 captu
2208 616 2425 671 facilem
2457 625 2727 689 tyrannus
2752 620 3134 687 trahebat,sed
3159 634 3578 694 expertus,eum

2008 706 2230 779 agnovit
2259 709 2585 780 armigerum
2614 710 3037 781 insuperabilem
3066 733 3078 767 :
3112 730 3270 785 quem
3301 717 3580 773 deridebat

2008 801 2210 855 rustice
2240 802 2550 871 loquentem
2573 842 2588 866 ,
2648 804 2744 858 sed
2799 805 3044 876 angelico
3074 807 3271 863 robore
3309 810 3577 880 vigentem

2007 892 2401 949 reformidavit.
2458 893 2568 949 Nec
2613 895 2759 949 enim
2793 910 2902 950 una
2953 912 3080 952 cum
3123 899 3323 970 lingua:
3372 916 3578 972 organo

2006 985 2274 1041 barbarus
2325 993 2443 1039 erat
2503 988 2759 1052 animus,
2818 1004 2995 1059 neque
3032 1005 3141 1044 una
3187 1008 3312 1046 cum
3352 995 3577 1063 syllabis

2006 1094 2161 1133 mens
2186 1078 2495 1133 claudicare
2523 1079 2846 1135 videbatur:
2887 1082 2980 1137 sed
3025 1084 3161 1137 alter
3188 1094 3307 1138 erat
3341 1084 3574 1149 Paulus.

2005 1186 2128 1226 cum
2162 1168 2331 1225 Paulo
2360 1171 2546 1226 dicens
2572 1190 2584 1226 :
2620 1171 2739 1225 Etsi
2766 1174 3041 1243 imperitus
3072 1192 3329 1240 sermone,
3358 1181 3447 1231 sed
3474 1196 3577 1233 non

2003 1262 2226 1316 scientia
2251 1264 2317 1316 ⁸⁵.
2348 1262 2761 1333 Obtorpuerunt
2807 1266 3094 1321 carnifices
3138 1268 3436 1335 caedendo;
3479 1273 3574 1325 sed

2002 1362 2212 1425 martyr
2240 1354 2617 1410 inveniebatur
2644 1357 2905 1425 vegetior.
2933 1356 3283 1413 Fatiscebant
3322 1361 3575 1415 laceran-

2002 1446 2137 1498 tium
2170 1461 2385 1511 manus,
2412 1447 2505 1501 sed
2537 1448 2655 1517 ejus
2690 1449 2782 1517 qui
2817 1448 3161 1504 lacerabatur
3194 1450 3409 1507 animus
3461 1470 3572 1508 non

2000 1534 2357 1601 ﬂectebatur;
2414 1536 2581 1607 ﬂagra
2634 1554 2946 1607 compagem
2998 1544 3572 1599 exsolveruntncrvo-

2000 1644 2142 1692 rum,
2172 1628 2267 1683 sed
2322 1628 2443 1682 Iidei
2486 1630 2639 1698 vigor
2679 1632 2924 1685 tenacius
2964 1634 3384 1701 astringebatur.
3439 1634 3569 1689 Per-

2000 1718 2148 1774 fossa
2179 1720 2347 1773 latera
2374 1720 2803 1775 absumebantur
2832 1740 2846 1778 :
2881 1724 2972 1777 sed
3006 1728 3202 1778 mentis
3230 1726 3570 1795 philosophia

1999 1808 2292 1866 elilorebat.
2324 1810 2524 1866 Enecta
2553 1821 2671 1867 erat
2702 1815 2885 1869 carnis
2916 1815 3059 1869 illius
3099 1833 3226 1886 pars
3256 1817 3461 1887 major;
3514 1825 3572 1873 at

318 1893 630 1962 φιλοσοφία.
670 1893 781 1963 Τῆς
836 1893 1036 1962 σαρκὸς
1068 1892 1231 1945 αὑτοῦ
1277 1892 1340 1945 τὸ
1380 1893 1541 1946 πλέον
1580 1894 1891 1963 νενέκρωτο1

2001 1902 2156 1971 quasi
2182 1901 2413 1954 necdum
2432 1903 2725 1955 certamina
2742 1906 3240 1975 exorsus,vigebat.
3261 1908 3397 1960 Cum
3422 1909 3569 1962 enim

319 1985 433 2038 ἀλλ’
482 1984 561 2047 ὼς
607 1986 776 2055 μήπω
825 1984 933 2037 τῶν
988 1985 1213 2054 ἀγώνων
1262 1985 1568 2058 ἀρξάμενος
1626 1987 1892 2059 ἤκμαζεν.

320 2078 491 2133 Ὀταν
527 2077 639 2145 γάρ
682 2079 711 2129 6
756 2076 855 2147 τῆς
890 2078 1171 2143 εὐσεϐείας
1208 2080 1348 2151 ἔρως
1403 2080 1503 2151 τὴν
1551 2080 1729 2150 ψυχὴν
1768 2097 1898 2149 προ-

318 2172 590 2244 κατάσχῃ,
616 2174 763 2226 άπαν
779 2174 914 2243 αὐτῇ
936 2173 1183 2242 πολέμων
1211 2172 1611 2239 καταγέλαστον
1632 2168 1785 2235 εἶδος,
1804 2169 1897 2224 καὶ

320 2264 521 2327 πάντες
586 2264 756 2334 αὐτὴν
809 2265 947 2333 ὑπὲρ
999 2261 1092 2316 τοῦ
1152 2262 1484 2333 ποθουμένου
1545 2260 1897 2327 ωταξέοντες

317 2356 581 2427 τέρπουσι
632 2356 832 2426 μᾶλλον
881 2356 914 2425 ἢ
970 2356 1287 2426 πλήττουσι.
1326 2357 1612 2426 Μαρτυρεῖ
1664 2371 1754 2423 μοι
1787 2353 1896 2407 τῶν

319 2448 636 2501 ἀποστόλων
670 2450 699 2501 6
732 2448 917 2511 πόθος,
953 2447 1195 2518 τερπνὰς
1240 2448 1422 2510 αὐτοῖς
1450 2464 1581 2499 ποτε
1613 2446 1712 2509 τὰς
1746 2446 1895 2517 παρά

329 2541 601 2594 Ἰουδαίων
629 2540 996 2611 ἐργαζόμενος
1028 2542 1315 2610 μάστιγας.
1351 2540 1737 2607 Ἐπορεύοντο
1764 2538 1893 2610 γάρ,

318 2635 471 2705 φησὶ,
514 2635 826 2702 χαίροντες
876 2632 995 2686 ἀπὸ
1043 2633 1364 2701 προσώπου
1406 2635 1511 2690 τοῦ
1548 2634 1892 2702 συνεδρίου,

316 2726 402 2780 ὅτι
434 2726 591 2792 ὑπὲρ
621 2724 725 2777 τοῦ
757 2726 1047 2792 ὀνόματος
1080 2725 1264 2778 αὑτοῦ
1297 2725 1753 2792 κατηξιώθησαν
1782 2724 1893 2796 (59)

314 2816 736 2888 ἀτιμασθῆναι,
768 2816 1020 2879 Τοιοῦτος
1050 2818 1142 2869 καὶ
1174 2817 1202 2868 6
1238 2818 1475 2887 σήμερον
1506 2820 1635 2889 ἡμῖν
1668 2819 1895 2889 ὁπλίτης

327 2909 702 2980 ὑμνούμενος·
756 2908 1093 2978 εὐφροσύνην
1133 2907 1229 2970 τὰς
1276 2908 1523 2971 κολάσεις
1570 2908 1891 2979 ἡγούμενος,

315 3005 490 3077 ῥόδοις
541 3003 653 3054 τισὶ
712 3000 1000 3071 βάλλεσθαι
1051 3001 1283 3070 νομίζων
1328 3005 1448 3063 ταῖς
1493 3002 1749 3071 μάστιξι·
1792 3002 1893 3065 τὰς

311 3097 411 3167 τῆς
454 3094 714 3157 ἀσεϐείας
746 3094 928 3156 αἰκίας
974 3093 1084 3164 (40)
1120 3093 1463 3163 δραπετεύων
1505 3094 1578 3157 ὡς
1613 3094 1764 3165 βέλη,
1793 3111 1892 3147 κα-

311 3187 446 3241 πνοῦ
510 3187 675 3240 σκιὰν
740 3185 831 3239 τὸν
900 3185 1209 3238 δικαστικὸν
1284 3184 1453 3256 θυμὸν
1510 3186 1887 3255 λογιζόμενος·
1919 3223 1959 3279 C

309 3280 570 3348 τάγματα
624 3276 939 3347 δορυφόρων
990 3277 1386 3346 ἀπηγριωμένα
1413 3276 1622 3345 γελῶν·
1674 3278 1748 3339 ὼς
1796 3278 1887 3329 ἐπὶ

310 3371 599 3439 στεςράνοις
632 3371 745 3431 τοῖς
786 3367 1050 3431 κινδύνοις
1089 3366 1361 3437 χορεύων·
1396 3370 1516 3432 ταῖς
1549 3368 1781 3439 πληγαῖς
1811 3368 1887 3432 ὡς

305 3464 495 3530 τιμαῖς
534 3458 993 3529 εὐφραινόμενος·
1034 3462 1153 3520 ταῖς
1190 3457 1569 3527 σφοδροτέραις
1600 3459 1887 3529 τιμωρίαις

307 3552 381 3614 ὼς
437 3549 721 3622 βραϐείοις
773 3548 1069 3620 ὲνσκιρτῶν
1118 3547 1550 3619 λαμπροτέροις·
1606 3549 1732 3619 ξίφη
1774 3550 1888 3601 δια-

308 3644 493 3698 πτύων
528 3642 882 3713 γυμνούμενα
904 3658 917 3669 ·
956 3644 1140 3711 χεῖρας
1168 3641 1375 3711 δημίων
1407 3640 1481 3697 ὡς
1508 3639 1677 3710 κηροῦ
1717 3640 1887 3709 μαλα-

306 3740 557 3810 κωτέρας
586 3739 873 3808 δεχόμενος
892 3754 906 3767 ·
944 3736 1299 3807 κολαστήριον
1332 3735 1486 3801 ξύλον
1513 3733 1589 3796 ὼς
1622 3732 1886 3802 σωτήριον

307 3830 690 3900 ἀσπαζόμενος
709 3846 723 3860 ·
777 3828 1066 3898 κλείσμασι
1094 3827 1479 3897 δεσμωτηρίων
1510 3824 1620 3896 (Η)
1666 3826 1741 3887 ὡς
1774 3825 1885 3876 λει-

310 3923 452 3992 μῶσι
495 3920 868 3992 τερπόμενος·
928 3918 1175 3989 βασάνων
1228 3917 1494 3978 ἐπινοίαις
1548 3918 1624 3979 ὠς
1678 3916 1885 3970 ἀνθέων

307 4012 605 4074 ποικιλίαις
669 4012 960 4081 ἡδόμενος·
1033 4004 1205 4079 πυρὸς
1271 4009 1637 4079 εὐτονωτέραν
1706 4007 1886 4074 δεξιάν

306 4104 680 4175 κεκτημένος·
731 4102 759 4154 ὃ
797 4102 859 4171 δὴ
897 4101 1202 4154 τελευταῖον
1235 4099 1381 4170 αὐτῷ
1412 4100 1562 4169 παρὰ
1588 4098 1695 4152 τῶν
1731 4098 1888 4151 πολε-

310 4196 555 4268 μούντων
586 4194 863 4265 προσῆκτο
900 4196 1217 4265 μηχάνημα.
1254 4191 1444 4260 Βωμὸν
1483 4192 1591 4260 γὰρ
1622 4189 1757 4260 πρὸς
1787 4188 1885 4260 τὴν

306 4288 415 4341 τῶν
466 4288 741 4358 δαιμόνων
786 4286 1015 4357 σπονδὴν
1066 4285 1489 4347 ἀνακαύσαντες,
1537 4284 1713 4335 ἱστᾶσι
1756 4284 1885 4351 παρ’

304 4380 456 4451 αὐτῷ
504 4375 618 4450 (42)
670 4377 968 4447 ἀγαγόντες
1013 4376 1103 4429 τὸν
1156 4376 1427 4447 μάρτυρα,
1482 4373 1575 4427 καὶ
1604 4373 1681 4444 τῷ
1716 4371 1885 4445 βωμῷ

378 4532 426 4565 ⁸⁸
465 4532 509 4589 ll
543 4532 674 4588 Cor.
712 4548 798 4595 ιι,
833 4530 886 4588 6.
961 4530 1007 4563 ⁸⁸
1044 4531 1164 4585 Aet.
1202 4546 1256 4597 v,
1290 4529 1377 4585 41.

374 4687 491 4753 (55)
527 4685 754 4755 Antiqui
785 4685 894 4738 duo
921 4684 1045 4737 libri
1073 4692 1126 4738 et
1148 4684 1280 4755 editi

306 4759 521 4819 σεϐείας
551 4753 888 4811 διδασκαλία.
928 4756 1085 4806 male.
1139 4753 1368 4809 Codices
1408 4753 1794 4809 Combellsiani
1848 4754 1876 4806 6

305 4829 575 4896 ἀήττητος
608 4829 707 4894 τῆς
738 4824 1016 4896 εὐσεϐείας
1042 4823 1379 4896 διδάσκαλος,
1400 4824 1567 4896 bene,
1590 4824 1877 4896 neealiter

306 4894 373 4950 in'
398 4894 589 4949 nostro
621 4896 752 4961 Reg.
778 4894 1019 4949 secundo
1048 4895 1263 4961 legitur,
1288 4896 1394 4948 nisi
1427 4894 1571 4963 quod
1609 4894 1877 4947 articulus

307 4976 431 5020 ante
462 4982 656 5020 vocem
705 4968 967 5034 ἀήττητος
996 4978 1060 5017 eo
1117 4966 1170 5017 in
1219 4966 1357 5017 libro
1417 4978 1526 5034 non
1578 4965 1875 5034 invenitur.

305 5034 475 5089 Paulo
541 5044 666 5105 post
724 5031 870 5089 idem
920 5031 1055 5103 Reg.
1118 5034 1395 5089 secundus
1427 5033 1501 5097 ὡς
1531 5032 1877 5103 αἰχμάλωτον

306 5107 549 5176 θήραμα.

374 5171 487 5246 (56)
524 5174 766 5243 L'traque
793 5175 964 5229 editio
985 5185 1037 5229 et
1067 5174 1202 5245 Reg.
1234 5173 1429 5246 tertius
1463 5172 1600 5243 μετά
1632 5172 1730 5246 τὴν
1775 5171 1876 5241 θή-

344 5244 431 5311 αν,
470 5244 598 5313 ροει
652 5246 912 5311 prwdam,
954 5244 1229 5313 corrupte.
1264 5246 1334 5297 At
1379 5244 1533 5297 Colb.
1567 5244 1776 5311 primus
1821 5249 1876 5296 et

356 5332 437 5384 eg.
464 5316 738 5370 secundus
774 5318 916 5387 μετά
940 5316 1039 5386 τὴν
1054 5318 1267 5385 πεῖραν,
1297 5324 1412 5382 post
1443 5314 1874 5381 experimentum,

306 5396 667 5525 ωῗὲἓῖἓύῖύ.
694 5455 907 5525 primus
935 5454 1029 5509 τοῦ
1056 5454 1293 5508 Παύλου.
1330 5452 1609 5506 Articulus
1636 5452 1689 5505 in
1711 5450 1875 5506 editis

309 5524 669 5579 desideratur.
698 5526 818 5579 Mox
850 5542 993 5579 unus
1019 5540 1121 5579 ms.
1157 5523 1367 5579 ἰδιώτης
1396 5523 1529 5579 εἰμί.

346 5540 669 5580 esrderatur.
698 5540 818 5581 MOI
850 5542 993 5580 unus
1019 5540 1121 5579 ms.
1157 5540 1367 5581 ιοιωτης
1396 5540 1529 5581 ειμι.

378 5540 669 5580 sideratur.
698 5540 818 5581 mox
850 5542 993 5580 [llius
1019 5540 1121 5579 ms.
1157 5540 1367 5593 ιοιωτης
1396 5540 1529 5591 ειμι.

376 5596 487 5665 (58)
530 5595 662 5666 Reg.
700 5599 913 5665 primus
962 5594 1404 5666 oraxmépsvau
1433 5591 1686 5666 πλευραί.
1752 5591 1870 5645 Ali-

309 5661 507 5733 quanto
538 5661 658 5737 post
686 5661 846 5720 Colb.
884 5667 1096 5737 primus
1124 5661 1348 5732 ἀγώνων
1384 5661 1679 5737 ἁψάμενος,
1705 5677 1874 5737 sensu

312 5731 416 5788 non
448 5731 715 5791 dissimili.
743 5731 993 5792 Subinde
1024 5735 1081 5791 in
1116 5731 1225 5790 uno
1253 5748 1355 5789 ms.
1387 5747 1486 5803 pro
1503 5731 1764 5802 ’πολέμων
1802 5734 1872 5790 le-

314 5806 450 5875 gitur
478 5806 751 5879 πολεμίων

1314 4686 1347 4754 ή
1377 4684 1645 4767 ἀήττηῖοξ
1666 4683 1876 4767 sicsi»:
1909 4689 1953 4744 ι)

2000 1992 2217 2062 pietatis
2247 2007 2399 2045 amor
2429 1994 2663 2046 animam
2706 2004 2959 2065 occupat,
2992 2006 3102 2049 tum
3135 1999 3250 2067 ipsa
3281 2015 3443 2053 omne
3471 2015 3571 2069 pu-

1998 2097 2227 2151 gnarum
2256 2097 2426 2151 genus
2456 2083 2677 2149 irridet;
2712 2092 2765 2137 et
2806 2086 3116 2156 quicunque
3147 2088 3292 2141 illam
3329 2090 3407 2143 rei
3438 2089 3573 2143 ada-

1998 2182 2157 2228 mata:
2182 2189 2345 2228 causa
2376 2176 2624 2238 euadunt,
2673 2176 2942 2229 delectant
2974 2178 3145 2246 magis
3180 2194 3341 2248 quam
3374 2194 3568 2235 excru-

1998 2265 2167 2318 ciant.
2194 2264 2529 2319 Testimonio
2576 2265 2707 2318 mihi
2734 2274 2816 2319 est
2846 2266 2979 2319 illud
3010 2267 3167 2338 ιω
3196 2271 3569 2337 apostolorum

1996 2354 2352 2417 desiderium,
2380 2371 2488 2424 quo
2519 2352 2828 2408 Judaeorum
2861 2358 3085 2410 verbera
3123 2358 3252 2410 olim
3282 2358 3471 2412 suavia
3496 2360 3573 2430 ip-

1997 2446 2076 2500 sis
2104 2454 2157 2500 et
2185 2457 2335 2515 grata
2367 2447 2751 2501 reddebantur.
2794 2446 2953 2501 Ibant
2982 2451 3127 2503 enim
3152 2489 3167 2513 ,
3202 2452 3396 2521 inquit,
3430 2469 3568 2523 gau-

1996 2536 2173 2589 dentes
2201 2553 2233 2589 a
2255 2547 2528 2605 conspectu
2558 2538 2801 2602 concilii,
2850 2539 2987 2605 quod
3026 2540 3170 2610 digni
3202 2542 3368 2595 habiti
3395 2554 3568 2597 essent

1995 2630 2083 2699 qui
2108 2645 2203 2698 pro
2226 2630 2338 2698 ejus
2368 2631 2575 2683 nomine
2622 2632 2991 2685 contumeliam
3020 2643 3323 2700 paterentur
3356 2635 3423 2689 ⁸⁸.
3462 2634 3569 2689 Ta-

1996 2723 2064 2777 lis
2094 2730 2253 2777 estet
2284 2724 2372 2777 ille
2404 2723 2559 2778 miles
2597 2725 2689 2794 qui
2720 2723 2881 2779 hodie
2911 2726 3069 2779 nobis
3102 2726 3433 2784 ccli-bratur.
3468 2726 3569 2783 Hic

1994 2823 2264 2871 tormenta
2298 2831 2396 2886 pro
2420 2817 2617 2885 gaudio
2638 2817 2791 2870 duxit
2820 2836 2834 2873 :
2865 2818 2952 2871 hic
2983 2819 3113 2871 dum
3138 2822 3459 2886 caaderetur,
3484 2837 3569 2876 ro-

1995 2908 2083 2963 sis
2103 2908 2211 2976 peti
2248 2925 2306 2963 se
2336 2908 2574 2961 rebatur.
2622 2907 2918 2977 lmpietatis
2946 2910 3141 2964 damna
3174 2920 3429 2982 tanquam
3462 2916 3567 2968 tela

1995 2999 2278 3070 fugiebat;
2322 3000 2523 3069 judicis
2571 3002 2705 3054 iram
2738 3002 2970 3057 habebat
3021 3018 3118 3073 pro
3170 3004 3303 3057 fumi
3350 3006 3563 3061 umbra.

1996 3089 2297 3145 Satellitum
2328 3091 2580 3146 etleratos
2617 3091 2839 3147 ordines
2872 3094 3166 3158 irridebat,
3210 3098 3300 3165 qui
3356 3098 3568 3153 scilicet

1994 3184 2064 3236 ob
2096 3182 2334 3252 pericula
2361 3184 2505 3237 velut
2535 3184 2606 3238 ob
2628 3200 2864 3239 coronas
2892 3174 3234 3255 trip'udiaret.
3280 3188 3459 3259 Plagis
3484 3190 3567 3244 ai-

1994 3276 2167 3329 fectus
2205 3274 2426 3345 perinde
2459 3277 2762 3341 laetabatur,
2794 3292 2856 3331 ac
2882 3279 2947 3347 psi
2982 3279 3188 3334 honore
3234 3280 3562 3338 alliceret-ar.

1996 3366 2291 3437 Suppliciis
2333 3368 2638 3424 acrioribus
2680 3370 2753 3423 ita
2787 3371 3106 3437 exsultavit,
3151 3374 3307 3442 quasi
3344 3375 3565 3443 praemia

1993 3461 2300 3515 lautissima
2350 3461 2671 3529 accepisset.
2723 3460 3029 3530 Despuebat
3085 3464 3297 3531 gladios
3348 3465 3563 3529 nudos,

1993 3566 2189 3605 manus
2236 3560 2500 3604 tortorum
2549 3552 2853 3606 sustinebat
2892 3562 3149 3621 tanquam
3190 3570 3313 3608 cera
3347 3558 3563 3610 mollio-

1994 3658 2117 3704 res,
2149 3644 2400 3712 supplicii
2452 3644 2657 3713 lignum
2703 3644 2847 3697 velut
2887 3646 3127 3699 salutare
3174 3647 3560 3714 osculabatur,

1993 3734 2161 3802 septis
2200 3748 2480 3787 carcerum
2523 3748 2620 3787 ceu
2667 3735 2837 3802 pratis
2884 3736 3190 3804 gaudebat,
3239 3738 3562 3808 excogitatis

1988 3825 2276 3878 tormentis
2304 3824 2468 3878 veluti
2510 3825 2675 3879 variis
2716 3824 2939 3881 ﬂoribus
2984 3826 3379 3881 oblectabatur.
3417 3827 3561 3884 Dex-

1988 3923 2157 3969 teram
2212 3916 2402 3970 habuit
2455 3916 2577 3987 igne
2624 3916 2919 3973 ﬁrmiorem
2965 3935 2979 3973 :
3029 3918 3174 3988 quod
3222 3929 3561 3989 postremum

1986 4016 2317 4062 tormentum
2344 4009 2394 4063 ei
2426 4011 2493 4064 ab
2519 4010 2755 4065 inimicis
2790 4011 3070 4067 admotum
3093 4020 3197 4067 est.
3236 4012 3450 4067 Etenim
3486 4014 3555 4066 li-

1988 4102 2182 4156 bamen
2218 4103 2554 4156 da'monibus
2587 4102 2783 4157 facturi
2836 4104 3013 4173 ignem
3071 4120 3179 4159 ara:
3214 4121 3336 4159 cum
3385 4107 3561 4177 impo-

1988 4192 2249 4254 suissent,
2309 4191 2600 4245 adductum
2655 4200 2945 4263 martyrem
2979 4202 3103 4248 ante
3147 4210 3265 4249 eam
3316 4196 3557 4262 sistunt,

1986 4292 2148 4352 atque
2200 4281 2445 4336 dextram
2500 4284 2750 4353 supinam
2801 4299 2966 4353 super
3013 4286 3183 4340 altare
3233 4287 3560 4357 protendere

1983 4372 2260 4443 jubentes,
2293 4388 2458 4427 manu
2485 4374 2631 4428 velut
2659 4389 2799 4429 terea
2832 4391 2926 4429 ara
2954 4375 3109 4431 abusi
3156 4386 3305 4444 sunt,
3332 4379 3559 4435 ardente

2052 4682 2166 4751 (39)
2195 4681 2350 4755 CQib.
2390 4682 2599 4755 primus
2634 4682 2899 4755 ὀνόματος
2932 4683 3170 4755 Χριστοῦ
3204 4682 3422 4752 κατηξ..
3460 4698 3557 4755 pro

1982 4756 2192 4807 nomine
2224 4752 2441 4807 Christi.
2504 4751 2702 4807 Statim
2733 4751 2868 4823 Reg.
2906 4751 3181 4809 secundus
3209 4758 3236 4807 6
3265 4751 3557 4824 σημερινὸς

2063 4826 2135 4876 ἰν.

1984 4826 2135 4892 ἡμῖν.

2054 4893 2165 4962 (40)
2194 4891 2436 4961 Utraque
2461 4892 2627 4947 editio
2662 4899 2716 4947 et
2753 4892 2864 4945 duo
2910 4908 3043 4947 mss.
3078 4891 3333 4956 ἀσεϐείας
3374 4906 3553 4956 σκιας,

1982 4964 2266 5031 impietatis
2316 4962 2552 5016 umbras.
2612 4964 2764 5016 Colb.
2806 4964 3014 5031 primus
3060 4962 3313 5025 ἀσεϐείας
3372 4962 3555 5025 αἰκίας

1982 5034 2262 5099 impietatis
2287 5034 2502 5091 damna.
2534 5048 2740 5093 noxas;
2773 5041 2827 5085 ct
2868 5034 2963 5092 ita,
3004 5032 3220 5099 opinor,
3259 5032 3360 5085 legi
3411 5047 3552 5101 pra:-

1983 5111 2113 5166 stat,
2132 5120 2213 5170 .ne
2243 5118 2345 5155 vox
2378 5103 2504 5155 σκιά
2536 5103 2619 5157 bis
2641 5103 2984 5157 continenter
3007 5102 3237 5170 legatur.
3260 5103 3379 5156 Mox
3410 5103 3552 5158 idem

1981 5163 2166 5243 Code'x
2204 5172 2278 5235 ὼς
2306 5173 2573 5243 στεφάνῳ,

2025 5242 2167 5364 ί(41)
2221 5238 2436 5297 Rursus
2483 5238 2626 5295 idem
2674 5238 2859 5295 Codex
2915 5239 3207 5309 κλείσμασι
3265 5240 3551 5311 δεσμωτη-

2043 5330 2141 5364 me.

2043 5330 2141 5365 οις.

1987 5328 2141 5383 ριοις.

2058 5382 2169 5452 (42)
2207 5381 2450 5452 Utraque
2475 5379 2643 5435 editio
2669 5378 2800 5451 mp‘
2832 5376 3001 5452 αύτῷ.
3025 5377 3249 5452 Antiqui
3286 5387 3399 5434 tres
3426 5380 3552 5452 libri

1985 5449 2114 5523 παρ’
2133 5449 2518 5523 ςαύτόνξΜοιι
2552 5449 2782 5519 utraque
2833 5449 3110 5523 editio__et
3159 5450 3293 5523 Reg.
3354 5450 3554 5523 tertius

1979 5519 2164 5591 χαλκῷ
2200 5520 2587 5591 θυσιαστηρίῳ,
2615 5536 2709 5571 ara
2735 5535 2892 5591 terea.
2925 5519 3080 5591 _Colb.
3112 5521 3320 5587 primus
3337 5528 3391 5591 et
3415 5519 3550 5588 Reg.

1976 5588 2251 5647 secundus
2280 5588 2856 5660 χαλκῷθυμιατηρίῳ,
2893 5589 3159 5643 tlmribulo
3180 5605 3333 5643 meo.
3364 5590 3555 5660 Suspi-

1980 5664 2094 5715 cari
2118 5664 2345 5715 fortasse
2358 5660 2626 5727 quispiam
2653 5662 2824 5727 possit
2846 5659 2949 5712 hoc
2980 5661 3099 5712 loco
3123 5662 3404 5728 legendum
3430 5659 3557 5715 esse

1981 5731 2343 5803 Θυμιατηρίῳ,
2381 5728 2681 5791 tliuributo;
2719 5743 2820 5803 nec
2842 5728 3190 5803 dilﬁtebiniur
3221 5730 3395 5784 videri
3414 5731 3554 5782 hunc

1980 5800 2168 5858 vocem
2198 5800 2375 5868 primo
2405 5808 2625 5869 aspectu
2648 5800 2819 5871 magis
2850 5800 3143 5856 convenire
3169 5816 3182 5852 :
3217 5807 3398 5855 tamen
3424 5814 3552 5856 cum
