4036 6236
452 383 549 437 687

1785 372 1844 426 S.
1887 367 2131 424 BASILII
2186 366 2397 421 MAGNI

3591 362 3695 416 483

449 495 606 546 thure
637 489 692 543 in
722 503 782 543 ea
821 488 1051 557 maligne
1077 485 1354 556 imposito.
1387 485 1692 556 Sperabam
1714 485 1859 540 enim
1883 483 2016 545 fore,

2144 484 2222 552 τὴν
2280 479 2457 543 δεξιὰν
2524 476 2718 531 ὑπτίαν
2780 475 3124 546 ἐπιωρῆσαι
3183 472 3570 541 κελεύσαντες,
3621 476 3697 538 ὡς

449 591 509 637 ut
542 581 594 637 vi
643 582 783 652 ignis
814 579 1027 635 devicta
1067 594 1262 633 manus
1302 579 1429 633 thus
1459 578 1514 632 in
1543 593 1690 631 aram
1715 579 2024 632 necessario

450 689 514 728 ac
545 673 807 727 velociter
829 679 1126 726 excuteret.
1156 669 1270 724 lleu
1293 669 1472 724 varias
1496 669 1789 739 impiormn
1821 671 2025 740 praesti-

451 764 595 833 gias!
629 762 918 829 Quoniam,
936 762 1210 828 inquiunt,
1231 760 1552 816 vulneribus
1576 760 1876 815 innumeris
1903 763 2023 814 ani-

453 870 598 907 mum
628 855 924 922 pervicacis
950 854 1096 908 illius
1124 853 1408 907 luctatoris
1434 868 1542 906 non
1569 851 1842 915 ﬂeximus,
1878 852 2027 908 illius

451 957 600 1000 certe
624 960 843 1000 manum
886 962 981 1016 per
1009 945 1279 999 ﬂammam
1310 944 1612 1000 ﬂectamus.
1639 944 1910 1010 Quoniam
1939 959 2029 997 ar-

453 1036 602 1089 tibus
633 1035 865 1091 diversis
899 1036 1139 1089 animum
1169 1051 1276 1088 non
1309 1036 1711 1096 concussimus.
1740 1043 1888 1089 certe
1917 1034 2029 1104 igni

455 1128 726 1182 admotam
756 1128 1033 1182 dexteram
1065 1129 1392 1194 quatiamus.
1441 1127 1546 1183 Sed
1584 1144 1652 1183 ne
1685 1128 1772 1181 illa
1809 1129 2028 1198 quidem

455 1235 580 1288 spes
627 1220 712 1274 his
748 1221 962 1275 miseris
1001 1221 1222 1290 profuit.
1257 1267 1261 1271 .
1293 1219 1502 1274 Etenim
1554 1219 1768 1273 ﬂamma
1805 1221 2027 1290 quidem

455 1325 676 1364 manum
739 1312 1022 1381 perrosit:
1087 1312 1180 1366 sed
1239 1318 1418 1366 tamen
1478 1327 1672 1367 manus
1731 1315 2031 1382 permansit

455 1399 725 1456 ﬂammam
755 1404 911 1473 quasi
939 1404 1176 1458 cinerem
1233 1403 1436 1459 ferens.
1476 1403 1595 1458 Non
1638 1404 1786 1458 dedit
1819 1417 2028 1476 tergum

457 1492 697 1546 saevienti
732 1494 841 1563 igni
889 1492 1236 1563 fugitivorum
1272 1493 1325 1546 in
1370 1509 1574 1549 morem
1609 1513 1621 1548 :
1660 1495 1754 1549 sed
1808 1495 2031 1550 immota

459 1584 695 1652 perstitit
729 1592 918 1638 contra
961 1584 1231 1638 ﬂammam
1268 1593 1490 1639 strenue
1517 1585 1822 1650 dimicans,
1869 1595 2032 1656 atque

461 1677 682 1744 martyri
729 1675 1039 1729 facultatem
1070 1676 1206 1730 dans
1240 1675 1522 1745 Propheta;
1551 1678 1716 1732 verba
1748 1677 2030 1748 proferen-

459 1759 550 1817 di:
583 1762 894 1816 Benedictus
925 1763 1177 1816 Dominus
1206 1763 1344 1818 Deus
1390 1782 1564 1829 meus,
1613 1767 1703 1837 qui
1729 1767 1878 1820 docet
1913 1784 2029 1821 ma-

2125 572 2310 644 χαλκῷ
2358 559 2727 640 θυσιαστηρίῳ
2767 570 2833 638 τῇ
2879 564 3021 637 χειρὶ
3068 567 3496 636 κατεχρήσαντο,
3544 566 3698 620 λιϐα-

2124 666 2290 718 νωτὸν
2333 664 2470 735 αὐτῇ
2503 661 2822 732 κακούργως
2848 659 3093 722 ἐνθέντες
3120 657 3470 728 φλεγόμενον.
3504 659 3701 713 Ἥλπι-

2127 757 2217 821 ζον
2246 755 2354 827 γὰρ
2377 757 2442 826 τῇ
2472 752 2566 806 τοῦ
2599 753 2770 824 πυρὸς
2795 751 2886 822 βίᾳ
2918 749 3013 821 τὴν
3041 752 3197 820 χεῖρα
3238 750 3701 804 καταπαλαισθεῖ-

2129 865 2248 910 σαν,
2298 847 2510 919 ἀνάγκῃ
2559 845 2637 915 τῷ
2688 843 2856 915 βωμῷ
2901 841 3110 913 ταχέως
3149 841 3442 896 λιϐανωτὸν
3486 845 3702 914 ἐπαφή-

2128 957 2262 993 σειν.
2297 938 2400 992 Φεῦ
2429 939 2526 1009 τῆς
2555 935 2892 990 πολυπλόκου
2927 933 3034 988 τῶν
3058 932 3270 987 ἀσεϐῶν
3321 933 3656 1004 μαγγανείας
3683 937 3697 988 !

2141 1033 2359 1104 Ἐπειδὴ
2383 1031 2612 1103 μυρίοις,
2639 1029 2792 1099 φησὶ,
2817 1027 2914 1099 τὴν
2943 1025 3055 1097 (45)
3081 1024 3304 1096 γνώμην
3324 1026 3424 1078 ούκ
3450 1027 3703 1096 ὲκάμψα-

2133 1141 2231 1194 μεν
2277 1123 2575 1195 τραύμασι,
2623 1119 2929 1191 κάμψωμεν
2970 1121 3026 1171 ὲν
3061 1117 3219 1187 φλογὶ
3256 1117 3349 1170 τοῦ
3395 1118 3701 1186 φιλονείκου

2131 1213 2428 1268 παλαιστοῦ
2475 1213 2577 1267 κᾶν
2609 1211 2706 1283 τὴν
2739 1213 2910 1282 χεῖρα.
2961 1207 3177 1279 Ἐπειδὴ
3206 1208 3475 1273 ποικίλαις
3526 1226 3705 1280 μηχα-

2131 1310 2245 1370 ναῖς
2277 1306 2372 1377 τὴν
2403 1304 2579 1375 ψυχὴν
2608 1304 2706 1356 οὐκ
2737 1301 3048 1371 ὲσείσαμεν,
3073 1299 3171 1371 τὴν
3203 1298 3379 1362 δεξιάν
3410 1299 3540 1368 γοῦν
3566 1301 3704 1371 πυρὶ

2132 1398 2570 1468 προσαγαγόντες
2619 1394 2987 1463 σαλεύσωμεν.
3053 1391 3191 1444 Ἀλλ’
3231 1392 3351 1444 οὐδὲ
3397 1392 3598 1464 ταύτης
3650 1394 3705 1446 οι

2131 1492 2354 1544 δείλαιοι
2409 1490 2506 1559 τῆς
2547 1487 2760 1550 ἐλπίδος
2793 1484 3098 1540 ἁπὼναντο.
3152 1485 3216 1537 Ἢ
3269 1483 3366 1554 μὲν
3410 1487 3518 1555 γὰρ
3570 1484 3706 1554 φλὸξ

2130 1582 2228 1653 τὴν
2261 1583 2418 1652 χεῖρα
2449 1579 2737 1650 διέτρωγεν
2789 1576 2898 1645 (44)
2926 1591 2938 1604 ’
2967 1575 3128 1646 ἔμενε
3169 1575 3226 1628 δὲ
3271 1577 3302 1647 ἡ
3333 1577 3473 1647 χεὶρ,
3508 1575 3583 1640 ὡς
3614 1577 3706 1628 τέ-

2135 1691 2276 1746 φραν
2303 1671 2402 1744 τὴν
2441 1670 2614 1740 φλόγα
2644 1667 3006 1738 βαστάζουσα.
3060 1667 3174 1720 Οὐκ
3221 1667 3387 1720 ἔδωκε
3433 1668 3511 1737 τῷ
3544 1668 3706 1720 πολε-

2139 1762 2324 1832 μοῦντι
2374 1761 2507 1833 πυρὶ
2567 1759 2707 1813 κατὰ
2752 1759 2877 1823 τοὺς
2921 1758 3166 1827 φυγάδας
3217 1757 3287 1810 τά
3333 1758 3514 1822 νῶτα,
3570 1759 3710 1812 ἀλλὰ

461 1867 557 1904 nus
582 1867 725 1904 meas
761 1850 827 1903 ad
865 1852 1142 1919 pra’lium,
1179 1861 1227 1904 et
1267 1852 1458 1922 digitos
1480 1830 1635 1906 meos.
1651 1853 1719 1906 ad
1750 1854 1943 1909 bellum
1964 1857 2031 1912 ⁸⁷.

2144 1830 2401 1924 ἄτρεπτος
2453 1830 2698 1922 εἱστήκει
2756 1849 2896 1902 κατὰ
2947 1847 3142 1918 φλογὸς
3191 1849 3574 1920 ἁριστεύουσα,
3613 1851 3711 1903 καὶ

462 1942 604 2013 Ignis
625 1946 768 1997 enim
800 1959 924 1997 cum
949 1960 1111 1999 manu
1152 1944 1475 2016 conﬂigebat
1502 1964 1516 2012 ;
1552 1946 1644 2002 sed
1677 1947 1818 2017 ignis
1846 1948 2035 2003 vince-

462 2033 641 2088 batur.
683 2033 984 2087 Flammam
1027 2036 1169 2089 inter
1217 2043 1270 2090 et
1319 2036 1599 2091 dexteram
1640 2043 1897 2109 martyris
1946 2040 2032 2093 in-

461 2126 773 2179 struebatur
811 2127 996 2190 lucta;
1030 2126 1123 2181 sed
1155 2126 1374 2180 dextera
1406 2141 1600 2181 novam
1633 2129 1921 2199 quamdam
1957 2131 2038 2184 lu-

460 2218 755 2271 ctamiuum
787 2216 1070 2270 victoriam
1113 2217 1384 2273 habebat:
1437 2220 1882 2291 quandoquidem
1942 2239 2037 2292 per

459 2307 688 2363 mediam
719 2323 935 2360 manum
967 2315 1281 2363 transeunte
1315 2308 1530 2364 ﬂamma
1551 2351 1565 2374 ,
1619 2328 1815 2367 manus
1859 2312 2038 2368 adhuc

461 2397 528 2451 ad
553 2399 749 2451 luctam
789 2399 1185 2468 porrigebatur.
1222 2399 1266 2454 Ο
1299 2415 1520 2454 manum
1548 2403 1672 2470 igne
1706 2403 2038 2472 pertinacio—

460 2489 605 2542 rem!
637 2503 670 2542 o
700 2503 916 2543 manum
945 2490 1011 2543 ah
1056 2490 1177 2560 igne
1225 2489 1367 2545 ﬂecti
1413 2493 1685 2547 nesciam!
1723 2509 1756 2547 o
1793 2495 1968 2562 ignem
2004 2509 2035 2548 a

463 2594 628 2632 manu
667 2580 806 2633 vinci
836 2581 1127 2634 edoctum?
1176 2579 1238 2634 Vi
1290 2583 1431 2652 ignis
1482 2582 1685 2636 ferrum
1722 2585 2028 2638 emollitum

465 2671 612 2724 cedit
641 2680 655 2723 :
688 2686 763 2725 tes
794 2681 944 2740 paret
974 2673 1114 2740 ignis
1148 2674 1443 2741 potentiae;
1488 2673 1635 2726 vinci
1669 2675 1738 2727 ah
1767 2675 1955 2729 eodem
1985 2682 2039 2728 et

464 2760 703 2830 lapidum
731 2762 960 2816 durities
1001 2763 1157 2815 solet.
1203 2761 1357 2816 Nunc
1383 2779 1507 2816 vero
1535 2764 1677 2833 ignis
1701 2764 2038 2818 vehementia

467 2866 589 2920 qua:
631 2850 818 2905 domat
855 2853 1058 2916 omnia,
1102 2852 1379 2907 dexteram
1415 2869 1651 2909 exurens
1701 2870 2040 2924 nequaquam

465 2939 632 2995 ﬂexit.

2136 1943 2233 2007 τὰς
2261 1941 2355 1996 τοῦ
2403 1943 2688 2012 Προφήτου
2716 1941 2896 2010 λέγειν
2929 1941 3005 2012 τῷ
3049 1942 3286 2012 μάρτυρι
3338 1940 3553 1994 διδοῦσα
3604 1958 3714 2010 φω-

2137 2035 2234 2098 νάς
2255 2053 2267 2064 ·
2310 2033 2652 2101 Εὐλογητὸς
2677 2033 2892 2101 Κύριος
2919 2036 2952 2087 ὀ
2994 2033 3137 2099 Θεός
3177 2052 3316 2102 μου,
3346 2036 3378 2088 ό
3409 2033 3715 2088 διδάσκων

2141 2130 2247 2191 τὰς
2275 2124 2476 2195 χεῖράς
2516 2141 2633 2192 μου
2668 2126 2755 2188 είς
2793 2123 3144 2192 παράταξιν,
3185 2124 3283 2176 καὶ
3321 2125 3463 2190 τοὺς
3495 2128 3715 2178 δακτυ-

2141 2219 2290 2280 λους
2329 2233 2448 2284 μου
2493 2218 2579 2280 είς
2623 2215 2908 2284 πόλεμον.
2956 2212 3074 2284 Πῦρ
3107 2211 3214 2285 γὰρ
3262 2214 3406 2283 χειρὶ
3451 2215 3716 2266 συνεπλέ-

2145 2321 2289 2368 κετο,
2333 2305 2425 2356 καὶ
2454 2303 2546 2355 τοῦ
2574 2305 2744 2374 πυρὸς
2783 2304 2852 2356 τὰ
2887 2303 2985 2374 τῆς
3016 2303 3185 2372 ἣττης
3218 2303 3517 2372 εὑρίσκετο.
3551 2303 3718 2371 Φλογὶ

2143 2399 2234 2449 καὶ
2280 2397 2552 2468 μάρτυρος
2610 2395 2758 2466 δεξιᾷ
2820 2396 3190 2466 συνεκροτεῖτο
3244 2395 3424 2462 πάλη,
3485 2393 3600 2445 ἀλλ’
3646 2390 3720 2464 ἦν

2139 2487 2237 2556 τῆς
2283 2486 2462 2549 δεξιᾶς
2529 2486 2686 2554 καινή
2741 2502 2825 2546 τις
2879 2484 2986 2538 τῶν
3042 2483 3435 2553 παλαισμάτων
3481 2486 3514 2554 ἡ
3564 2483 3715 2553 νίκη,

2140 2575 2239 2643 τῆς
2295 2575 2389 2644 μὲν
2438 2573 2632 2642 φλογὸς
2661 2573 2745 2626 διά
2787 2573 2951 2644 μέσου
2980 2573 3078 2642 τῆς
3112 2573 3290 2643 χειρὸς
3321 2573 3715 2642 ὲκπιπτούσης,

2143 2666 2244 2736 τῆς
2281 2666 2462 2738 χειρὸς
2492 2666 2546 2718 δὲ
2600 2665 2678 2718 ἔτι
2721 2665 3024 2735 τεταμένης
3071 2665 3185 2734 (45)
3236 2665 3374 2734 πρὸς
3417 2664 3611 2736 πάλην.
3652 2667 3719 2716 Ὦ

2144 2757 2324 2826 χειρὸς
2355 2756 2784 2828 φιλονεικοτέρας
2812 2756 3012 2828 πυρόςί
3061 2756 3106 2808 ὢ
3134 2756 3331 2827 χειρὸς,
3367 2757 3721 2827 κάμπτεσθαι

2150 2851 2282 2922 πυρὶ
2332 2851 2406 2920 μὴ
2449 2849 2756 2922 μαθούσηςί
2808 2849 2853 2902 ὦ
2883 2849 3074 2920 πυρὸς,
3121 2851 3386 2920 ἡττᾶσθαι
3417 2851 3724 2922 χειρ¹ιδιδαο

2149 2941 2401 3012 χθέντος-ί
2475 2941 2698 3012 Σίδηρος
2748 2944 2812 3011 τῇ
2872 2941 2966 2994 τοῦ
3019 2943 3188 3012 πυρὸς
3245 2943 3384 2996 εἴκει
3448 2944 3722 3015 τυραννίδι

467 3033 861 3106 χαυνούμενος·
916 3033 1113 3105 χαλκὸς
1159 3037 1225 3106 τῇ
1274 3035 1367 3088 τοῦ
1417 3036 1587 3105 πυρὸς
1642 3039 1965 3108 παραχωρεῖ
2009 3036 2331 3106 δυναστείᾳ·
2381 3031 2488 3088 οἶδε
2538 3035 2712 3105 τούτῳ
2765 3035 2858 3087 καὶ
2908 3035 3070 3089 λίθων
3112 3037 3400 3089 ἀντιτυπία
3443 3037 3721 3090 νικᾶσθαι.

480 3124 618 3177 Ἀλλ’
647 3127 674 3178 ὁ
699 3125 876 3178 πάντα
912 3124 1004 3177 τοῦ
1029 3126 1198 3197 πυρὸς
1227 3126 1542 3199 βιαζόμενος
1566 3129 1716 3192 τόνος
1743 3130 2015 3199 μάρτυρος
2051 3129 2150 3198 τὴν
2174 3129 2352 3195 δεξιὰν
2384 3129 2683 3199 τεταμένην
2709 3129 2806 3181 οὑκ
2845 3127 3057 3198 ἔκαμψε
3087 3129 3414 3182 κατακαίων.

537 3219 591 3270 ὅ.
627 3215 705 3272 0b
736 3217 789 3271 id
815 3217 940 3284 jure
972 3217 1177 3287 Optimo
1212 3228 1395 3289 posset
1419 3229 1626 3292 martyr
1664 3221 1730 3275 ad
1759 3219 2048 3274 Dominum
2077 3226 2119 3284 C

469 3310 745 3365 clamare:
782 3309 1018 3363 Tenuisti
1039 3327 1250 3364 manum
1273 3311 1540 3366 dexteram
1575 3331 1764 3377 meam,
1803 3312 1954 3384 141
1991 3322 2041 3366 et

470 3401 528 3454 in
563 3399 826 3454 voluntate
876 3409 966 3453 tua
999 3400 1266 3456 deduxisti
1297 3420 1409 3468 me,
1441 3412 1490 3458 et
1527 3421 1644 3456 cum
1676 3404 1847 3475 gloria
1873 3421 2043 3458 susce-

469 3494 594 3561 pisti
615 3509 695 3546 me
718 3494 782 3547 ⁸⁸.
811 3493 1092 3558 Quomodo
1127 3502 1198 3556 te,
1222 3509 1255 3549 ο
1276 3507 1495 3551 strenue
1521 3497 1725 3552 Christi
1749 3497 1924 3559 miles,
1948 3511 2044 3566 ap-

473 3582 717 3655 pellabo?
754 3580 974 3638 Vocaho
1007 3587 1288 3639 statuam?
1319 3585 1423 3640 Sed
1454 3587 1681 3640 multum
1717 3587 2043 3643 imminuero

473 3687 620 3730 tuam
654 3676 1038 3729 constantiam.
1071 3674 1213 3746 ignis
1266 3678 1408 3731 enim
1452 3686 1726 3748 receptam
1762 3679 1815 3732 in
1840 3694 1899 3733 se
1927 3689 2042 3734 sta-

474 3774 620 3821 tuam
657 3767 904 3822 emollit:
933 3765 1212 3822 dexteram
1244 3783 1374 3822 vero
1404 3778 1574 3833 tuam,
1607 3777 1666 3823 ut
1700 3769 1896 3823 saltem
1930 3785 2045 3822 mo-

474 3857 589 3910 veri
616 3856 912 3917 videretur,
944 3871 1055 3910 non
1087 3857 1286 3926 adegit.
1335 3857 1666 3912 Ferreumne
1710 3857 2045 3911 nominabo?

479 3946 584 4001 Sed
609 3948 748 4000 hanc
781 3947 1192 4001 similitudinem
1226 3947 1547 4003 fortitudine
1597 3958 1689 4002 tua
1724 3950 1938 4018 reperio
1961 3949 2049 4004 in-

480 4038 751 4092 feriorem.
811 4037 944 4090 Nam
1003 4045 1060 4092 tu
1121 4039 1270 4092 solus
1311 4039 1540 4095 ﬂammae
1573 4040 1839 4106 suasisti,
1885 4052 1943 4095 ut
1979 4057 2047 4096 ne

478 4143 701 4182 manum
733 4129 1017 4182 domaret:
1052 4135 1108 4182 tu
1144 4130 1294 4184 solus
1343 4131 1580 4185 habuisti
1616 4130 1892 4184 dexteram
1941 4147 2048 4186 arae

482 4219 635 4283 loco;
669 4225 725 4270 tu
751 4218 900 4272 solus
925 4219 1148 4273 ardente
1185 4219 1374 4274 dextra
1405 4220 1711 4274 daemonum
1741 4220 1908 4277 facies
1936 4223 2041 4276 ala-

484 4311 568 4382 pis
601 4312 945 4382 percussisti,
979 4320 1032 4364 et
1062 4320 1192 4364 tunc
1223 4311 1439 4382 quidem
1473 4313 1531 4366 in
1573 4326 1777 4382 prunas
1805 4328 2050 4367 commu-

483 4411 595 4456 tata
621 4418 806 4468 manu,
835 4417 1024 4456 eorum
1056 4404 1235 4472 capita
1261 4403 1711 4473 colliquefecisti;
1747 4419 1892 4458 nunc
1921 4421 2052 4459 vero

483 4509 547 4550 ea
575 4495 630 4549 in
661 4493 871 4548 cineres
912 4493 1167 4558 redacta,
1216 4495 1460 4564 ipsorum
1509 4496 1782 4552 exercitus
1833 4496 2052 4550 calcans

2224 3222 2274 3275 5.
2325 3221 2565 3282 Εἰκότως
2617 3220 2682 3272 ἂν
2727 3222 2756 3272 ὁ
2814 3220 3022 3290 μάρτυς
3072 3220 3164 3272 ἐπὶ
3214 3221 3385 3289 τούτῳ
3442 3221 3577 3290 πρὸς
3630 3221 3726 3274 τὸν

2146 3313 2418 3382 Δεσπότην
2470 3311 2752 3380 βοήσειεν’
2800 3310 3169 3379 Ἑκράτησας
3215 3311 3325 3378 τῆς
3381 3315 3578 3380 χειρὸς
3612 3310 3727 3378 τῆς

2147 3401 2348 3468 δεξιᾶς
2373 3422 2512 3472 μου,
2541 3402 2638 3454 καὶ
2675 3402 2744 3455 ἐν
2775 3401 2850 3470 τῇ
2885 3401 3089 3470 βουλῇ
3119 3417 3234 3456 σου
3268 3401 3588 3472 ὡδήγησά
3618 3420 3722 3471 με,

2148 3495 2245 3547 καὶ
2277 3494 2424 3562 μετὰ
2453 3493 2638 3560 δόξης
2682 3492 3062 3561 προσελάϐου
3095 3511 3192 3562 με.
3229 3495 3293 3545 Τί
3325 3511 3404 3556 σε,
3436 3487 3481 3545 ὦ
3507 3496 3724 3560 γενναῖε

2148 3583 2240 3636 τοῦ
2290 3583 2524 3654 Χριστοῦ
2571 3582 2897 3655 στρατιῶτα,
2939 3583 3252 3652 προσείπω;
3285 3583 3600 3653 Ἀνδριάντα
3632 3602 3729 3636 κα-

2149 3676 2317 3740 λέσω;
2341 3674 2481 3728 Πολύ
2507 3691 2564 3726 σε
2588 3678 2688 3744 τῆς
2714 3674 3008 3746 καρτερίας
3030 3674 3335 3745 ὴλάττωσα.
3360 3674 3462 3726 Τὸν
3491 3676 3588 3745 μὲν
3609 3675 3724 3746 (46)

2149 3767 2257 3836 γὰρ
2305 3765 2415 3838 πῦρ
2471 3766 2729 3836 μαλάττει
2779 3766 3102 3835 δεξάμενον·
3159 3765 3252 3818 σοῦ
3299 3766 3356 3819 δὲ
3401 3767 3499 3838 τὴν
3541 3767 3727 3833 δεξιὰν

2151 3857 2380 3928 ὀφθῆναι
2413 3857 2572 3928 μόνον
2601 3857 2922 3928 κινουμένην
2949 3857 3048 3909 οὐκ
3077 3857 3311 3911 ἔπεισεν.
3342 3858 3438 3909 ’Ἂν
3473 3859 3728 3929 σιδηροῦν

2151 3950 2420 4019 ὀνομάσω,
2457 3950 2550 4002 καὶ
2581 3948 2678 4020 τὴν
2704 3948 2958 4016 τοιαύτην
2983 3948 3083 4017 τῆς
3111 3950 3210 4018 σῆς
3237 3948 3456 4020 ἀνδρίας
3489 3951 3728 4020 εὑρίσκω

2151 4041 2476 4112 λειπομένην
2509 4042 2710 4098 εἰκόνα.
2745 4042 2816 4095 Σὺ
2861 4041 2967 4113 γὰρ
3001 4041 3160 4112 μόνος
3184 4040 3404 4104 ἔπεισας
3438 4041 3615 4110 φλόγα
3643 4044 3718 4113 μὴ

2156 4132 2437 4202 βιάζεσθαι
2482 4135 2672 4202 χεῖρα·
2733 4133 2795 4185 σὺ
2859 4132 3022 4202 μόνος
3078 4133 3292 4203 ἐκτήσω
3341 4132 3728 4204 θυσιαστήριον

2153 4223 2332 4288 δεξιάν
2353 4240 2366 4253 °
2403 4223 2468 4276 σὺ
2502 4224 2660 4292 μόνος
2691 4221 2840 4293 δεξιᾷ
2878 4222 3183 4293 φλεγομένῃ
3211 4221 3277 4274 τὰ
3309 4221 3416 4274 τῶν
3459 4222 3731 4293 δαιμόνων

2156 4314 2460 4386 ὲρῤάπισας
2493 4314 2781 4383 πρόσωπα,
2818 4314 2912 4366 καὶ
2947 4313 3068 4365 τότε
3107 4313 3206 4383 μὲν
3249 4311 3731 4386 ἁπηνθρακωμένῃ
3767 4305 3775 4312 ’

2156 4405 2298 4477 χειρὶ
2329 4404 2428 4467 τὰς
2465 4403 2685 4457 ἐκείνων
2718 4404 2958 4472 κεφαλὰς
2999 4403 3402 4476 συγκατέτηξας
3447 4405 3593 4476 (47)’
3633 4404 3731 4458 νῦν

2157 4495 2213 4546 δὲ
2261 4491 2598 4562 τεφρωθείσῃ
2648 4491 2818 4563 ταύτῃ
2853 4492 2949 4555 τὰς
2994 4492 3172 4544 αὐτῶν
3218 4492 3475 4562 στρατιὰς
3525 4495 3730 4546 ἀποτυ-

483 4599 748 4641 exczecas.
805 4582 946 4648 Quid
997 4591 1177 4637 autem
1225 4583 1423 4652 puerili
1487 4584 1727 4639 balbutie
1784 4585 2038 4639 victorem

2157 4585 2308 4654 φλοῖς
2358 4581 2708 4636 καταπατῶν.
2761 4583 2921 4636 Ἀλλά
2966 4584 3020 4636 τί
3075 4585 3341 4648 παιδικοῖς
3388 4584 3592 4638 ἐλαττῶ
3641 4587 3731 4638 τὸν

560 4737 602 4768 ⁸⁷
637 4737 783 4794 Psal.
819 4753 1021 4802 chnI,
1059 4739 1109 4793 i.
1187 4738 1231 4770 ⁸⁸
1271 4736 1414 4792 Psal.
1451 4754 1596 4792 Lxxn
1621 4778 1637 4801 ,
1667 4739 1757 4793 24.

484 4908 588 4950 vox
607 4893 970 4964 θυσιαστηρίῳ
994 4892 1047 4946 in
1079 4891 1429 4964 sequentibus
1454 4898 1749 4964 repetatur,
1782 4905 1883 4964 nec
1903 4898 2032 4964 tunc

488 4979 622 5018 mss.
658 4965 726 5018 ab
751 4961 910 5018 editis
941 4961 1262 5032 dissideant,
1300 4963 1480 5030 potius
1516 4961 1895 5032 θυσιαστηρίῳ
1924 4961 2029 5030 legi

487 5034 684 5088 debere
731 5035 1080 5088 arbitramur.
1135 5031 1240 5086 Nec
1290 5047 1597 5100 quanquam
1655 5031 1875 5085 moveat
1926 5046 2034 5085 vox

489 5119 609 5165 ara,
644 5120 766 5158 cum
797 5103 1016 5156 nomine
1068 5117 1174 5155 ara:
1214 5102 1441 5169 intelligi
1482 5103 1653 5168 possit
1708 5116 1800 5153 ara
1845 5115 2032 5170 parva,

488 5157 724 5243 qumnOn
751 5174 822 5226 ita
852 5174 1078 5226 multum
1100 5157 1468 5243 magnitudine
1483 5157 1525 5223 Ia
1553 5157 2038 5225 thuribulo'diﬂ'er;

490 5241 607 5296 ret:
639 5258 744 5311 qua
775 5243 842 5298 de
875 5258 932 5296 re
960 5245 1190 5296 aliorum
1231 5241 1636 5308 eritjudicium.

560 5307 672 5382 (43}
701 5313 854 5366 Colb.
889 5312 1101 5382 primus
1136 5319 1190 5365 et
1222 5307 1363 5366 alter
1402 5311 1612 5382 μυρίοις
1641 5310 1760 5382 τισί
1781 5311 1899 5380 τήν.
1926 5307 2040 5362 Hoc

489 5379 684 5450 ipsein
719 5382 840 5435 loco
860 5379 994 5436 mss.
1021 5393 1130 5436 tres
1173 5383 1272 5432 οὐκ
1309 5379 1632 5450 ὲκλάσξιμεν.
1668 5379 1845 5434 Editio
1887 5387 2037 5433 utra-

487 5454 723 5521 queoinc
754 5451 1097 5521 ὲκάμψαμεν,
1135 5452 1322 5505 eodem
1358 5467 1542 5506 sensu.

562 5519 675 5590 (44)
709 5519 1098 5591 Golb.priinus
1133 5523 1290 5591 χεῖρα
1319 5521 1618 5591 διέτρησεν,
1668 5534 2046 5591 manumper-

491 5589 706 5662 (orauit.
755 5590 939 5646 Lectio
983 5589 1372 5646 satis’idmiea.
1419 5589 1620 5646 [bidem
1665 5589 1796 5662 Reg.
1837 5590 2048 5659 primus

489 5660 690 5729 ἔμεινε.

562 5729 676 5803 (45)
703 5729 839 5801 Reg.
867 5731 1073 5803 primus
1106 5730 1186 5783 ἔτι
1231 5731 1628 5804 τετραμμένης.
1657 5728 1778 5785 Mox
1822 5735 2051 5800 utraque

2137 4891 2302 4966 editio
2332 4893 2681 4966 κάμπτεσθαι
2709 4894 2900 4966 πυρός,
2934 4893 3093 4946 male.
3117 4892 3188 4946 At
3212 4909 3348 4966 mss.
3375 4893 3729 4966 tephrbene.

2137 4961 2546 5033 Necritaumulto
2569 4964 2708 5016 infra
2736 4961 2845 5016 duo
2885 4978 3016 5033 mss.
3043 4966 3106 5033 τῇ
3137 4966 3237 5033 τῆς
3271 4961 3470 5032 φλογὸς
3495 4965 3657 5022 εἴκει.

2211 5032 2324 5102 (46)
2352 5030 2593 5102 Utraque
2625 5034 2792 5102 editio
2826 5033 2885 5084 τὸ
2912 5032 3030 5102 μέν,
3060 5021 3360 5102 depr'avate
3384 5021 3400 5087 Ξ
3427 5021 3480 5086 εἰ
3506 5036 3561 5088 in
3595 5021 3733 5093 mss.

2138 5101 2421 5158 emendate
2449 5101 2641 5172 legitur
2667 5101 2756 5154 τὸν
2806 5101 2924 5172 μὲν,
2959 5101 3253 5172 ἀνδριάντα
3296 5103 3572 5158 videlicet.
3617 5109 3738 5160 Ali-

2142 5181 2346 5239 quanto
2394 5173 2535 5225 infra
2573 5173 2742 5226 editio
2767 5172 2938 5225 Paris.
2970 5181 3024 5225 et
3071 5172 3203 5241 Reg.
3237 5173 3518 5228 secundus
3559 5175 3626 5228 ἂν
3654 5180 3736 5229 σί-

2142 5242 2325 5314 δηρον,
2359 5245 2615 5314 voeabone
2647 5242 2893 5314 ferrum?
2937 5241 3116 5296 Editio
3146 5242 3312 5296 Basil.
3349 5242 3415 5296 ἂν
3452 5243 3737 5314 σιδηροῦν,

2144 5312 2402 5365 voeabone
2422 5312 2668 5380 ferreum,
2702 5313 2858 5367 bene.

2222 5383 2332 5450 (47)
2370 5381 2509 5436 Editi
2541 5391 2595 5437 et
2624 5382 2760 5452 Reg.
2797 5382 2991 5437 tertius
3016 5381 3446 5449 συγκατέτηξας.
3479 5383 3740 5451 collique-

2151 5452 2342 5522 fecisti.
2386 5453 2489 5505 Alii
2531 5459 2644 5508 tres
2677 5468 2810 5522 mss.
2856 5461 2961 5522 aut,
2985 5453 3150 5506 etiam
3192 5453 3371 5522 tribus
3397 5453 3582 5520 plures
3611 5471 3743 5520 συγ-

2152 5521 2508 5590 κατέφλεξας,
2551 5521 2905 5576 combussisti.
2938 5521 3140 5576 Poterit
3181 5521 3248 5575 ad
3289 5537 3447 5574 suum
3496 5524 3741 5592 quisque

2154 5593 2439 5646 arbitrium
2484 5596 2586 5647 hoc
2640 5600 2734 5645 aut
2782 5593 2874 5646 illo
2898 5592 3074 5664 fmodo
3105 5592 3299 5660 legere,
3335 5605 3457 5646 cum
3498 5603 3742 5664 utraque

2156 5665 2422 5732 scriptura
2463 5664 2596 5719 satis
2628 5672 2753 5732 apta
2785 5677 2908 5718 esse
2940 5661 3206 5717 videatur.
