4036 6236
311 386 417 440 tsa
490 350 497 361 ’

1359 368 1642 442 HOMlLlA
1680 385 1747 440 IN
1791 387 2112 448 GORDIUM
2152 386 2564 446 MARTYREM.

3482 391 3583 448 δυο

310 496 538 568 ἀριστέα
561 496 895 567 ψελλίσμασι
933 496 1081 568 (48);
1118 500 1249 563 Ταῖς
1285 499 1884 577 μεγαλοπρεπεστέραις

1997 514 2255 571 magnum
2301 500 2589 571 deprimo?
2622 501 2829 555 Locum
2882 502 3144 572 martyris
3184 503 3444 560 laudandi
3488 524 3583 560 ce-

309 587 485 641 τοίνυν
523 586 617 641 τὸν
648 589 727 650 είς
759 586 929 640 αὑτὸν
972 588 1142 658 ὑμνον
1182 592 1676 661 παραχωρήσωμεν
1721 587 1898 657 γλώτ-

308 695 464 742 ταις·
518 677 621 741 τὰς
680 678 1203 753 μεγαλοφωνοτέρας
1255 681 1366 735 τῶν
1422 681 1757 735 διδασκάλων
1809 680 1897 733 ἐπ’

310 769 460 841 αὑτῷ
482 770 800 842 καλέσωμεν
834 772 1161 843 σάλπιγγας.
1215 775 1509 845 Ἀνάστητέ
1564 791 1654 845 μοι
1703 772 1818 837 νῦν,
1849 767 1896 825 ὧ

307 861 556 934 λαμπροὶ
591 862 700 915 τῶν
732 862 1045 935 ἀθλητικῶν
1089 866 1529 937 κατορθωμάτων
1570 865 1853 937 ζωγράφοι
1875 882 1888 894 ·

310 954 408 1024 τὴν
440 953 537 1006 τοῦ
576 953 885 1027 στρατηγοῦ
913 956 1305 1011 κολοϐωθεῖσαν
1340 959 1525 1011 εἰκόνα
1556 962 1676 1021 ταῖς
1700 957 1896 1029 ὑμετέ-

311 1060 435 1115 ραις
479 1045 819 1115 μεγαλὺνατε
860 1048 1100 1117 τέχναις.
1158 1049 1560 1120 Ἀμαυρότερον
1598 1050 1728 1119 παρ’
1758 1046 1892 1118 ἐμοῦ

307 1133 399 1186 τὸν
439 1135 767 1206 στεφανίτην
798 1137 1079 1207 γραφέντα
1115 1142 1228 1202 τοῖς
1269 1140 1368 1210 τῆς
1398 1139 1667 1211 ὑμετέρας
1698 1140 1893 1209 σοφίας

306 1226 693 1296 περιλάμψατε
738 1227 1045 1299 χρώμασιν.
1117 1228 1360 1283 Ἀπέλθω
1391 1233 1456 1301 τῇ
1492 1230 1602 1283 τῶν
1635 1231 1891 1301 ἀριστευ-

309 1312 495 1382 μάτων
521 1314 617 1366 τοῦ
656 1314 932 1387 μάρτυρος
958 1334 1032 1369 πα
1043 1318 1089 1388 ρ’
1121 1318 1275 1389 ὑμῶν
1296 1318 1645 1389 νενικημένος
1671 1321 1886 1391 γραφῇ·

305 1403 480 1474 χαίρω
515 1404 617 1475 τὴν
647 1406 902 1477 τοιαύτην
936 1408 1048 1480 (l9)
1095 1410 1195 1479 τῆς
1244 1409 1515 1482 ὑμετέρας
1569 1409 1750 1479 ἰσχύος
1802 1412 1893 1482 σή-

307 1512 475 1566 μερον
521 1497 683 1568 νίκην
728 1498 1059 1570 ἡττώμενος.
1111 1500 1234 1554 Ἴδω
1277 1504 1376 1571 τῆς
1432 1501 1613 1573 χειρὸς
1648 1502 1786 1573 πρὸς
1829 1502 1892 1555 τὸ

303 1586 416 1659 πῦρ
450 1588 843 1660 ἀκριϐέστερον
886 1595 1017 1662 παρ’
1062 1592 1215 1663 ὑμῶν
1248 1593 1605 1664 γραφομένην
1648 1593 1748 1664 τὴν
1780 1592 1888 1646 πά-

302 1677 437 1749 ληνο
477 1680 576 1734 ἴδω
632 1682 986 1754 φαιδρότερον
1035 1685 1130 1737 ἐπὶ
1170 1685 1272 1756 τῆς
1321 1685 1596 1757 ὑμετέρας
1644 1685 1737 1738 τὸν
1784 1702 1891 1738 πα-

302 1768 528 1842 λαιστὴν
565 1775 949 1845 γεγραμμένον
989 1776 1217 1840 εἰκόνος.
1252 1776 1657 1832 Κλαυσάτωσαν
1700 1776 1888 1849 δαίμο-

2001 587 2196 645 damus
2228 589 2432 659 linguis
2476 589 3073 661 magniﬁcentioribus,
3115 598 3279 661 atque
3336 595 3583 650 vocalio-

2000 694 2087 735 res
2113 680 2403 735 doctorum
2436 682 2600 737 tubas
2655 682 2724 736 ad
2771 683 2826 736 id
2883 682 3218 752 praeconium
3262 683 3581 740 invitemus.

1997 770 2285 843 Exsurgite
2315 789 2461 829 nunc
2498 775 2654 838 mihi,
2687 790 2721 828 o
2768 776 3016 845 praeclari
3057 775 3445 830 athleticorum
3489 794 3583 848 ge-

1997 872 2208 919 storum
2260 866 2518 936 pictores.
2554 866 2857 920 Mutilatam
2895 866 3060 936 hujus
3095 867 3254 922 ducis
3285 867 3578 938 imaginem

1995 956 2206 1012 artibus
2229 956 2429 1011 vestris
2469 958 2751 1013 adornate.
2788 958 3129 1012 Coronatum
3165 958 3423 1013 athletam
3477 960 3578 1014 ob-

1994 1047 2213 1102 scurius
2242 1063 2272 1101 a
2303 1064 2389 1103 me
2431 1049 2706 1118 depictum
2734 1091 2748 1115 ,
2790 1050 3027 1105 solertia:
3056 1061 3251 1105 vestrm
3299 1051 3577 1108 celeribus

1995 1138 2281 1194 illustrate.
2312 1138 2485 1194 Velim
2505 1141 2694 1195 abeam
2719 1142 2899 1195 victus
2932 1156 2962 1195 a
2983 1141 3159 1206 vobis,
3182 1143 3396 1213 egregia
3426 1157 3577 1195 mar--

1993 1231 2130 1298 tyris
2180 1228 2320 1285 facta
2360 1232 2574 1301 pictura
2604 1234 3119 1303 reprmsentaturis:
3154 1234 3424 1304 gaudeam
3478 1234 3572 1288 tali

1992 1319 2151 1377 hodie
2180 1338 2276 1393 per
2300 1331 2538 1378 vestram
2571 1325 2949 1381 dexteritatem
2988 1326 3219 1380 victoria
3257 1336 3573 1395 superatus.

1989 1413 2214 1471 Videam
2244 1433 2439 1473 manus
2463 1426 2516 1473 et
2542 1420 2687 1490 ignis
2723 1421 2867 1476 inter
2891 1438 2950 1476 se
2983 1422 3186 1477 luctam
3222 1436 3253 1474 a
3285 1420 3441 1475 vobis
3476 1433 3573 1471 ac-

1988 1510 2236 1566 curatius
2262 1526 2579 1581 expressam
2607 1532 2622 1568 :
2656 1513 2868 1569 videam
2900 1514 3227 1568 luctatorem
3277 1514 3332 1566 iu
3386 1518 3576 1565 vestra

1990 1599 2227 1673 imagine
2258 1602 2601 1673 splendidius
2638 1604 2939 1675 depictum.
2989 1603 3213 1659 Plorent
3257 1604 3571 1667 daemones,

1987 1693 2062 1749 ob
2088 1695 2349 1766 martyris
2378 1696 2642 1751 victorias
2690 1713 2789 1766 per
2814 1711 2911 1752 vos
2960 1694 3233 1765 hodieque
3284 1691 3571 1762 prostrati.

1989 1783 2184 1842 Manus
2215 1787 2416 1843 ardens
2439 1794 2494 1842 et
2524 1787 2723 1843 victrix
2753 1787 2933 1868 denuo
2962 1788 3044 1843 eis
3073 1785 3415 1842 ostendatur.
3468 1781 3573 1836 De-

301 1879 408 1927 νες,
444 1864 542 1917 καὶ
585 1864 682 1919 νῦν
715 1869 835 1931 ταῖς
863 1867 959 1920 τοῦ
998 1869 1277 1941 μάρτυρος
1314 1869 1373 1921 ἐν
1416 1869 1548 1940 ὑμῖν
1580 1869 1884 1939 ἀριστείαις

1986 1877 2245 1948 pingatur
2270 1877 2325 1931 in
2351 1879 2552 1934 tabella
2586 1886 2641 1935 et
2678 1864 3043 1934 certaminum
3095 1875 3387 1950 praefectus
3414 1873 3575 1929 Chri-

301 1956 687 2028 πληττόμενοι.
725 1959 1034 2031 Φλεγομένη
1065 1960 1224 2015 πάλιν
1252 1961 1435 2025 αὑτοῖς
1465 1962 1498 2032 ἡ
1529 1960 1652 2031 χεὶρ
1681 1961 1777 2015 καὶ¹
1805 1979 1885 2017 νι-
1913 1971 1926 1985 ·

1991 1974 2150 2027 stus;
2185 1967 2277 2022 cui
2308 1968 2483 2039 gloria
2507 1968 2563 2023 in
2596 1971 2798 2026 saecula
2826 1970 3171 2025 saeculorum.
3201 1967 3396 2023 Amen.

301 2047 794 2103 κῶσαδεικνὺσθω.
835 2050 1229 2122 Ἐγγραφέσθω
1254 2049 1333 2121 τῷ
1374 2051 1561 2106 πίνακι
1591 2051 1687 2105 καὶ
1723 2051 1753 2103 6
1814 2053 1928 2109 τῶν
1966 2055 2365 2127 παλαισμάτων
2417 2058 2766 2130 ἀγωνοθέτης
2820 2060 3057 2133 Χριστός
3083 2075 3097 2088 ·
3148 2052 3193 2128 ᾧ
3238 2060 3271 2130 ή
3324 2055 3449 2123 δόξα
3493 2056 3574 2116 εἰς

301 2138 424 2202 τοὺς
454 2138 663 2205 αἰῶνας
691 2141 799 2196 τῶν
822 2141 1057 2197 αἰώνων.
1106 2142 1304 2215 Ἀμήν.

907 2441 1151 2495 OMIAIA
1187 2443 1293 2498 ΠΡ.

578 2554 688 2619 Εις
722 2554 982 2621 Γόρδιον
1016 2554 1125 2608 τόν
1153 2555 1429 2628 μάρτυρα
1462 2559 1596 2631 (50).

369 2664 419 2717 1.
458 2662 646 2733 Νόμος
697 2663 815 2716 ἐστὶ
859 2663 1075 2732 φύσεως
1102 2666 1224 2729 ταῖς
1260 2665 1546 2737 μελίσσαις
1593 2667 1669 2739 μὴ
1723 2668 1882 2721 ἀπαί-

298 2772 412 2831 ιιειν
457 2755 570 2809 τῶν
624 2754 871 2826 σίμϐλων
912 2756 1044 2826 πρὶν
1089 2756 1154 2811 ἂν
1193 2759 1223 2811 6
1270 2757 1523 2829 βασιλεὺς
1553 2759 1731 2813 αὑτῶν
1778 2759 1879 2831 τῆς

299 2848 549 2917 πτήσεως
576 2846 952 2918 ἀφηγήσηται.
994 2848 1147 2901 Ἐπεὶ
1168 2843 1263 2903 οῦν
1290 2848 1497 2902 καὶτὸν
1525 2848 1652 2904 λαὸν
1672 2850 1879 2922 Κυρίου

298 2931 434 2989 εἶδον
475 2935 576 2990 νῦν
620 2934 839 3007 πρῶτον
878 2935 972 2989 ἐπὶ
1016 2934 1088 2988 τὰ
1123 2936 1350 3009 οὐράνια
1382 2936 1539 3007 ἄνθη,
1574 2935 1703 3000 τοὺς
1746 2934 1882 3007 μάρο

296 3045 483 3100 τυρας,
537 3026 777 3092 ἐξιόντα,
831 3024 981 3097 ζητῶ
1023 3026 1114 3082 τὸν
1154 3028 1415 3099 ἡγεμόνα.
1443 3028 1539 3092 Τίς
1569 3028 1598 3081 6
1652 3029 1881 3100 κινήσας

2490 2441 2777 2500 HOMILIA
2814 2444 3002 2502 XVIII.

2415 2555 2479 2611 In
2509 2554 2766 2612 Gordium
2792 2569 3099 2630 martyrem.

2056 2663 2110 2719 1.
2142 2662 2362 2720 Naturae
2377 2664 2462 2720 lex
2482 2665 2802 2735 estapibus,
2829 2667 2900 2721 ab
2924 2667 3236 2724 alvearibus
3269 2683 3381 2723 non
3409 2671 3568 2740 prius

1986 2757 2159 2822 abire,
2194 2772 2360 2828 quam
2389 2772 2487 2811 rex
2528 2771 2717 2812 earum
2764 2759 2969 2813 volatui
3000 2760 3260 2829 prreierit.
3293 2762 3565 2830 Quoniam

1986 2846 2152 2919 igitur
2197 2854 2251 2902 et
2297 2846 2514 2902 Domini
2562 2848 2825 2918 populum
2870 2849 2984 2903 vidi
3034 2864 3182 2905 nunc
3222 2850 3459 2921 primum
3496 2854 3566 2907 ad

1987 2938 2240 2995 caelestes
2282 2937 2447 2995 ﬂores
2476 2947 2746 3011 martyres
2777 2948 3086 3006 exeuntem,
3116 2956 3303 3012 quaero
3344 2941 3561 2998 ducem.

1987 3031 2123 3098 Quis
2155 3032 2451 3087 concitavit
2485 3047 2743 3103 magnum
2776 3033 2881 3087 hoc
2908 3035 3176 3090 examen?
3222 3035 3347 3106 quis
3380 3035 3565 3090 hiber-

296 3122 383 3174 τον
420 3120 596 3173 πολὺν
622 3120 813 3173 τοῦτον
844 3121 1049 3192 ὲσμόν;
1079 3120 1160 3185 τίς
1201 3123 1230 3175 6
1274 3122 1376 3193 τὴν
1399 3122 1714 3193 χειμερινὴν
1748 3138 1883 3175 κατ-

1986 3140 2111 3180 nam
2144 3126 2463 3182 mmstitiam
2499 3140 2668 3180 verna
2698 3124 2975 3181 hilaritate
2993 3128 3396 3183 commutavit?
3425 3127 3561 3181 Nam

297 3216 492 3285 ήφειαν
540 3215 627 3277 εἰς
681 3213 907 3286 ἐαρινὴν
950 3213 1280 3286 φαιδρότητα
1333 3215 1710 3285 μεταστήσας;
1765 3214 1880 3268 Νῦν

296 3306 402 3379 γὰρ
443 3305 510 3378 δὴ
550 3304 772 3377 πρῶτον
809 3307 837 3359 ὁ
867 3305 1018 3369 λαὸς,
1063 3307 1224 3361 οἱονεὶ
1266 3305 1509 3377 σίμόλων
1547 3306 1731 3371 τινῶν,
1780 3306 1882 3376 τῆς

299 3399 504 3461 πόλεως
535 3398 924 3469 προχυθέντες,
956 3398 1048 3451 τὸν
1082 3398 1382 3470 προπόλεον
1413 3399 1618 3470 κόσμον
1647 3399 1783 3468 (51),
1817 3399 1881 3452 τὸ

300 3491 493 3561 σεμνὸν
537 3490 703 3543 τοῦτο
730 3491 826 3544 καὶ
870 3490 1150 3559 πάγκαλον
1175 3490 1284 3546 τῶν
1318 3495 1609 3565 μαρτύρων
1644 3492 1877 3560 στάδιον,

299 3581 572 3653 πανδημεὶ
625 3582 1039 3653 κατειλήφασιν.
1092 3584 1246 3638 Ἐπεὶ
1276 3579 1372 3637 οὖν
1420 3586 1515 3638 καὶ
1557 3586 1705 3655 ἡμᾶς
1755 3586 1883 3639 ἀνα-

300 3674 505 3742 στῆσαν
551 3675 730 3746 ἡγαγε
776 3675 839 3728 τὸ
881 3675 1068 3747 θαῦμα
1108 3677 1203 3730 τοῦ
1258 3677 1552 3749 μάρτυρος,
1589 3676 1882 3749 ἐκλαθομέ-

298 3781 420 3828 νους
452 3768 555 3836 τῆς
608 3766 916 3830 ἀσθενείας,
947 3766 1108 3839 δεῦρο
1151 3767 1216 3839 δὴ
1259 3768 1355 3821 καὶ
1420 3767 1575 3822 αὑτοὶ
1620 3771 1688 3840 τῇ
1734 3767 1880 3821 κατὰ

296 3859 525 3931 δύναμιν
550 3863 729 3931 φωνῇ,
757 3857 869 3915 οἷόν
900 3878 1005 3914 τινι
1033 3861 1184 3917 ἄνθει
1225 3862 1334 3914 τῶν
1359 3861 1453 3917 τοῦ
1479 3861 1672 3933 ἀνδρὸς
1702 3860 1880 3934 ἔργων

299 3949 821 4023 περιὸομὸήσωμεν,
864 3953 987 4007 ὅσιὰ
1027 3970 1086 4006 τε
1129 3953 1408 4018 ποιοῦντες
1439 3955 1534 4008 καὶ
1577 3957 1689 4017 τοῖς
1739 3971 1882 4025 παρ-

299 4038 448 4093 οῦσιν
517 4040 639 4110 ἅμα
712 4043 1083 4112 κεχαρισμένα
1114 4060 1129 4075 ο
1171 4043 1705 4114 Ἐγκωμιαζομένου
1768 4043 1880 4116 γὰρ

298 4130 555 4196 δικαίου,
604 4133 1125 4201 εὐφρανθήσονται
1159 4135 1321 4198 λαοὶ,
1367 4137 1395 4188 6
1430 4135 1592 4205 σοφὸς
1617 4136 1749 4206 ἡμῖν
1777 4137 1879 4207 ἀρ-

296 4224 426 4288 τίως
452 4223 610 4291 ἔλεγε
650 4224 923 4295 Σολομὼν.
977 4225 1233 4294 Καίτοιγε
1279 4227 1519 4299 ἠπόρουν
1556 4230 1679 4280 κατ’
1709 4228 1881 4298 ἐμαυ-

297 4317 409 4377 τὸν,
442 4317 495 4368 τί
533 4334 669 4369 ποτε
715 4317 824 4388 ἄρα
867 4317 1112 4388 βούλεται
1153 4318 1232 4391 τῷ
1283 4323 1656 4392 παροιμιαστῇ
1691 4321 1753 4374 τὸ
1796 4320 1880 4374 αῖ-

1982 3234 2129 3274 nunc
2161 3219 2398 3289 primum
2434 3219 2670 3289 populus
2695 3235 2761 3275 ex
2786 3220 2920 3275 urbe
2941 3230 3200 3289 tanquam
3229 3235 3297 3275 ex
3329 3220 3564 3275 alveari-

1981 3313 2085 3368 bus
2113 3312 2440 3392 quibusdam
2482 3310 2689 3368 etlusus
2725 3312 2793 3367 ad
2826 3312 3201 3368 suburbanum
3230 3311 3423 3377 decus,
3459 3328 3563 3367 au-

1980 3410 2201 3475 gustum
2233 3404 2337 3458 hoc
2364 3410 2420 3458 et
2450 3403 2799 3474 perpulcrum
2830 3409 3135 3474 martyrum
3161 3403 3420 3468 stadium,
3448 3403 3561 3458 fre-

1980 3494 2375 3562 quentissimus
2431 3492 2707 3547 convenit.
2765 3491 2955 3563 Itaque
3006 3501 3133 3547 cum
3178 3507 3280 3547 nos
3341 3509 3563 3563 quoque

1980 3586 2250 3641 excitatos
2283 3600 2346 3640 ac
2382 3584 2678 3640 debilitatis
2712 3584 2915 3639 oblitos
2960 3583 3251 3640 adduxerit
3297 3588 3562 3656 martyris

1982 3676 2346 3742 miraculum;
2391 3690 2491 3745 age
2515 3690 2647 3730 sane
2673 3681 2730 3730 et
2758 3675 2886 3745 ipsi,
2909 3689 3045 3730 voce
3072 3690 3174 3746 pro
3199 3676 3411 3732 viribus
3441 3679 3562 3732 edi-

1980 3775 2057 3832 ta,
2086 3768 2448 3823 bombitemus
2475 3767 2634 3837 quasi
2666 3766 2874 3820 circum
2909 3765 3098 3821 ﬂorem
3137 3774 3419 3836 gestorum
3456 3769 3560 3822 viri

1981 3862 2148 3924 illius,
2182 3875 2406 3930 operam
2434 3866 2490 3914 et
2520 3859 2665 3930 piam
2692 3870 2747 3914 et
2776 3858 3086 3914 astantibus
3111 3867 3322 3930 gratam
3352 3875 3563 3915 navan-

1981 3960 2084 4007 tes.
2138 3951 2279 4005 Dum
2335 3950 2480 4004 enim
2543 3948 2795 4003 laudatur
2844 3949 3057 4018 justus,
3097 3949 3422 4004 laetabuntur
3466 3965 3561 4020 po-

1979 4044 2092 4114 puli
2119 4044 2186 4110 ⁸⁹,
2217 4042 2430 4097 dicebat
2459 4041 2619 4097 nobis
2664 4041 2829 4096 modo
2857 4042 3078 4112 sapiens
3126 4041 3219 4097 ille
3265 4041 3557 4106 Salomon;

1986 4133 2142 4206 142
2166 4148 2477 4203 quanquam
2506 4133 2650 4203 apud
2684 4148 2771 4188 me
2814 4134 2932 4203 ipse
2979 4133 3367 4189 addubitabam
3401 4134 3564 4204 quid-

1983 4241 2109 4279 nam
2146 4225 2249 4280 sibi
2276 4226 2406 4280 velit
2449 4226 2552 4279 hoc
2598 4224 2831 4295 aenigma
2866 4227 3253 4295 parmmiastte.
3293 4226 3377 4281 An
3411 4228 3562 4282 dicat

1981 4316 2241 4386 populum
2272 4316 2441 4370 laetari
2475 4314 2711 4383 alicujus
2752 4316 2988 4370 rhetoris
3026 4323 3121 4369 aut
3169 4317 3412 4373 oratoris
3465 4334 3562 4388 pe-

298 4424 487 4477 νιτμα.
518 4402 692 4479 ⁷Δρα,
714 4408 818 4473 ὅτι,
849 4409 1076 4480 ρήτορός
1099 4427 1247 4475 τινος
1277 4412 1309 4483 ἢ
1340 4412 1678 4483 λογογράφου
1701 4411 1877 4466 δεινοῦ

1986 4410 2096 4475 riti,
2125 4408 2218 4476 qui
2264 4408 2566 4462 orationem
2619 4406 2689 4460 ad
2742 4406 3161 4461 admirationem
3211 4409 3562 4467 audientibus

301 4497 591 4562 συνθέντος
625 4497 784 4565 λόγον
812 4500 947 4570 πρὸς
974 4500 1071 4572 τὴν
1093 4500 1202 4555 τῶν
1244 4503 1551 4556 ἀκουόντων
1595 4502 1877 4574 ἔκπληξιν,

296 4590 414 4660 ἤχῳ
450 4591 560 4643 τινὶ
603 4590 1035 4663 κεκομψευμένῳ
1074 4596 1508 4649 κατακτυποῦντι
1547 4594 1647 4659 τὰς
1686 4595 1876 4659 ἀκοὰς,

296 4681 679 4753 εὐφραίνονται
710 4683 759 4734 οἱ
789 4682 926 4742 λαοὶ.
955 4686 1054 4754 τήν
1089 4701 1149 4739 τε
1183 4685 1397 4757 εὕρεσιν
1422 4686 1536 4740 τῶν
1568 4688 1878 4758 νοημάτων,

297 4773 390 4825 καὶ
436 4772 535 4843 τὴν
585 4771 827 4827 διάθεσιν
849 4816 869 4843 ,
914 4774 1090 4828 καὶτὸ
1118 4777 1216 4847 τῆς
1242 4777 1439 4843 λέξεως
1472 4778 1750 4848 πομπικὸν
1786 4778 1882 4831 καὶ

366 4932 411 4963 ⁸³
448 4929 618 4986 Prov.
654 4947 788 4986 xm
810 4972 824 4995 ,
857 4931 913 4985 2.

369 5087 479 5159 (ιδ)
508 5086 669 5142 Colb.
700 5085 911 5159 primus
945 5083 1108 5159 Ἀλλά
1147 5082 1200 5136 τί
1231 5083 1497 5159 παιδικοῖς
1514 5082 1873 5159 ἐλαττώμασι

297 5158 387 5212 τοι
426 5154 1221 5229 μζάρτυραὴκωμιαςόμενον,
1266 5155 1465 5229 Ibidem
1514 5154 1655 5207 idem
1694 5157 1872 5229 codex

299 5223 440 5292 Ταῖς
475 5223 1089 5299 μεγαλοπρεπεστέραις
1131 5227 1332 5299 τοίνυν.
1380 5224 1583 5299 Aberat
1622 5223 1801 5299 τοίνυν
1843 5239 1874 5276 a

299 5293 572 5368 vulgatis}
612 5293 830 5351 Rursus
880 5293 1083 5368 ibidem
1128 5296 1270 5351 idem
1318 5293 1593 5368 cederet
1643 5294 1734 5346 alii
1770 5293 1879 5347 duo

302 5364 450 5451 Regii
486 5369 583 5450 cf»:
609 5372 692 5451 εἰς
722 5368 885 5451 αὑτὸν
929 5366 1120 5451 ὕμνον,
1150 5367 1451 5451 emendate.
1491 5364 1647 5451 Alius
1688 5379 1791 5451 ms.
1819 5371 1879 5445 et

301 5431 425 5493 editi
471 5439 584 5493 τῶν
625 5442 707 5502 εἰς
749 5438 913 5491 αὑτὸν
942 5431 1163 5508 ὑμνων,
1212 5442 1488 5508 corrupte.
1536 5431 1653 5488 Vox
1706 5434 1878 5508 αὑτῷ,

302 5524 417 5577 qua
447 5525 577 5563 mox
604 5510 873 5579 sequitur,
893 5503 1008 5562 non
1027 5508 1136 5564 alio
1168 5521 1331 5577 quam
1364 5505 1434 5560 ad
1472 5519 1661 5561 vocem
1708 5503 1877 5575 ὑμνον

303 5579 487 5635 referri
514 5582 698 5636 debet.

367 5650 477 5721 (49)
503 5649 746 5721 Utraque
765 5646 933 5704 editio
951 5656 1008 5721 et
1031 5645 1472 5721 Reg._secundu_s
1488 5647 1555 5717 τῇ
1583 5644 1872 5716 τοιαύτῃ...

304 5715 581 5847 νίκὲὀἈιίί
612 5715 891 5802 tresmss.
914 5717 1016 5797 τὴν
1039 5715 1358 5803 congruit”:
1389 5715 1564 5786 νίκην.

368 5793 384 5847 ι
455 5790 475 5847 l
503 5791 636 5847 Rea.
664 5793 875 5847 o‘rimus
896 5789 1003 5842 Του
1028 5804 1190 5841 αυτου
1220 5789 1493 5847 ὲγκωμιον
1512 5788 1564 5840 ει

368 5784 475 5862 (80)
503 5791 636 5863 Reg.
664 5791 875 5860 p‘rimus
896 5784 1003 5842 Τοῦ
1028 5786 1190 5841 αὑτοῦ
1220 5784 1493 5858 ἐγκώμιον
1503 5784 1590 5849 ἐίς
1607 5784 1699 5841 τὸν
1722 5786 1879 5855 ἄτιον

617 5884 897 5947 Panos.
941 5883 1059 5945 Gn.
1107 5881 1344 5944 XXXI.

1909 4455 1958 4515 ι)

1987 4504 2308 4585 ωοιεηᾱαιιι
2331 4503 2719 4571 composuerit,
2753 4514 2891 4554 sono
2937 4499 3202 4571 quodam,
3231 4517 3407 4573 eoque
3447 4505 3562 4561 ele.

1987 4599 2155 4668 ganti,
2190 4611 2460 4665 auresque
2482 4593 2956 4663 circumstrepenti
2988 4612 3002 4647 ε
3034 4594 3183 4663 quod
3211 4595 3423 4651 scilicet
3444 4604 3559 4650 tum

1988 4687 2383 4743 sententiarum
2406 4685 2770 4739 inventionem
2797 4692 2962 4755 atque
2988 4684 3425 4755 dispositionem,
3443 4699 3560 4741 tum

1988 4775 2249 4832 dictionis
2288 4789 2542 4845 pompam
2603 4780 2769 4843 atque
2810 4773 3193 4829 harmonicum
3235 4784 3564 4833 concentum

1984 5084 2237 5167 μάρτυρα
2268 5083 2507 5167 Ῑξόρδιον,
2540 5083 2791 5167 Ejusdem
2829 5086 3175 5167 ρίτης-θελήσαι
3193 5089 3286 5167 ~in.
3316 5099 3565 5167 amictum

1984 5103 2237 5156 μαρτυρα
2270 5103 2507 5155 ιοροιον,
2540 5103 2791 5154 ιιμιεαεηι
2829 5103 3175 5209 ραηῖριίηειιε
3214 5103 3269 5141 ιη
3316 5103 3565 5142 sanetum

1981 5154 2566 5231 martyreiitGordiunz.
2595 5156 2699 5208 Alii
2731 5172 2861 5211 mss.
2893 5176 2920 5231 εΔ
2976 5157 3220 5231 ουλαὺτ-οῦ
3241 5158 3319 5231 είς
3347 5159 3567 5231 Γόρδιον

1980 5224 2073 5277 τὸν
2102 5224 2371 5297 μάρτυρα,
2398 5225 2649 5295 Ejusdem
2669 5228 3018 5296 panegyricus
3040 5227 3096 5280 iu
3128 5224 3386 5282 Gordium
3420 5224 3566 5282 ina:-

1982 5302 2171 5349 tarem.

2198 5362 2440 5436 Utraque
2463 5364 2633 5440 editio
2653 5365 2744 5419 τὸν
2766 5365 3359 5440 τροπίόλαιονκόσμον.
3376 5369 3445 5421 At
3466 5383 3564 5424 sex

1982 5435 2174 5490 saltem
2194 5450 2328 5507 mss.
2353 5435 2672 5507 ἶπροπόλεον,
2696 5444 2749 5490 et
2775 5435 2847 5489 ita
2870 5436 3032 5491 edere
3062 5435 3243 5501 libuit,
3260 5439 3365 5493 etsi
3397 5443 3565 5507 probe

1982 5507 2098 5580 scio
2130 5506 2232 5574 legi
2235 5506 2314 5580 jn
2344 5506 2579 5576 vdlgatis
2600 5507 2789 5580 lexieis
2820 5521 2927 5580 non
2951 5507 3274 5580 προπόλεος,
3312 5506 3409 5563 sed
3440 5525 3565 5580 προ-

1983 5575 2368 5650 πόλιοςηΒθε.
2413 5575 2689 5631 secundus
2728 5575 3042 5648 προπόλεων
3076 5596 3090 5632 :
3120 5592 3246 5650 quae
3290 5575 3563 5650 scriptura

1984 5648 2115 5701 licet
2150 5646 2308 5709 falsa,
2358 5652 2605 5700 nostram
2640 5646 2823 5702 tamen
2874 5646 3159 5705 scribendi
3189 5646 3461 5706 rationein
3505 5657 3562 5705 ot

1986 5716 2106 5788 ipsa
2134 5729 2352 5788 quoque
2378 5712 2689 5772 conﬁrmat.
3360 5724 3371 5735 ‘

3168 5884 3241 5945 16
