4036 6236
458 316 553 372 491

1784 316 1843 372 S.
1880 314 2125 372 BASILII
2166 317 2379 373 MAGNI

3623 318 3727 375 492

457 434 592 489 mire
630 434 862 505 probat]!
888 432 995 490 Sed
1020 440 1170 492 certe
1196 434 1301 490 hoc
1345 451 1625 507 nunquam
1657 437 1880 501 dixerit,
1907 453 2032 492 cum

2142 439 2274 510 πρὸς
2309 437 2573 508 ἁρμονίαν
2605 434 3012 509 κεκροτημένον
3044 435 3471 506 ἀποδεχόμενοι;
3502 429 3581 487 Ἦ
3606 435 3729 489 τοῦ-

457 542 728 598 nusquam
756 528 848 582 tali
870 528 1087 583 dicendi
1115 544 1313 599 genere
1338 545 1473 584 usus
1507 531 1613 596 sit;
1648 546 1748 586 nec
1782 546 1883 587 nos
1908 531 2041 585 bor-

456 629 608 676 tatus
636 632 739 684 est,
768 628 826 675 ut
855 621 1166 691 magniﬁcis
1193 620 1378 677 verbis
1406 630 1461 677 et
1501 623 1802 693 splendidis
1854 624 2043 680 laudes

458 716 742 768 beatorum
801 727 1237 784 prosequamur:
1294 713 1392 782 qui
1465 714 1680 770 scilicet
1734 715 2042 786 pedestrem

455 805 750 861 dictionem
802 806 1243 876 locutionemque
1288 816 1485 861 ornatu
1524 815 1801 864 carentem
1839 809 2043 879 ubique

459 898 775 968 praetulerit.
809 899 949 965 Quid
986 899 1151 969 igitur
1183 907 1269 954 est
1293 901 1440 970 quod
1472 901 1818 968 dicit?Quod
1847 904 2041 957 laetan-

460 997 549 1042 tur
576 989 760 1059 populi
789 988 970 1043 laetitia
996 989 1290 1059 spirituali,
1319 990 1365 1044 si
1392 992 1569 1045 solum
1596 991 1816 1062 egregia
1860 992 2044 1062 justo-

459 1097 581 1136 rum
621 1080 865 1136 facinora
891 1091 1148 1136 revocent
1202 1082 1257 1134 in
1301 1083 1663 1136 memoriam:
1697 1082 2043 1154 quandoqui-

457 1175 582 1229 dem
621 1174 688 1229 iis
721 1188 841 1244 quae
896 1173 1164 1237 audiunt,
1218 1172 1284 1226 ad
1339 1172 1742 1228 aemulationem
1778 1172 2042 1228 imitatio-

455 1280 689 1336 nemque
744 1265 1014 1320 bonorum
1070 1265 1424 1319 inducuntur.
1481 1261 1617 1318 Nam
1654 1264 1897 1318 virorum
1946 1264 2042 1335 qui

456 1359 595 1413 bene
625 1357 680 1412 in
704 1357 985 1427 republica
1012 1355 1218 1412 versati
1238 1362 1368 1410 sunt
1397 1354 1823 1425 historia,quasi
1850 1370 2044 1425 quam-

455 1448 582 1504 dam
638 1449 814 1505 lucem
870 1449 1103 1504 salutem
1153 1448 1538 1504 consecuturis
1592 1447 1749 1503 achrt
1794 1447 1860 1503 ad
1896 1449 2041 1504 viam

459 1538 588 1597 Vitae
628 1541 991 1611 dirigendam.
1024 1540 1368 1611 Quapropter
1394 1540 1747 1611 simulatque,
1784 1548 2042 1599 narrante

456 1634 578 1701 ipso
612 1631 854 1702 Spiritu,
896 1631 1063 1687 vitam
1100 1630 1303 1702 Moysis
1330 1629 1660 1697 audivimus,
1698 1632 1883 1687 statim
1931 1631 2041 1686 fui-

457 1740 579 1779 inus
607 1723 846 1779 aemulati
904 1726 1163 1779 virtutem
1218 1724 1354 1788 viri,
1393 1724 1595 1794 illaque
1637 1739 1851 1779 morum
1882 1740 2040 1779 man-

455 1817 691 1872 suetudo
721 1815 767 1849 ὀ
803 1815 1099 1886 unicuique
1127 1814 1367 1886 optanda
1416 1793 1534 1874 visa
1588 1826 1673 1872 est
1724 1826 1888 1888 atque
1923 1818 2041 1872 lau-
2072 1793 2113 1849 Β

454 1908 656 1966 danda.
688 1908 752 1963 Et
776 1908 994 1980 quidem
1028 1925 1096 1965 ex
1123 1908 1417 1963 verborum
1476 1909 1901 1980 ampliﬁcatione
1955 1926 2042 1965 re-

456 2001 735 2071 liquorum
765 2002 1051 2055 hominum
1083 1999 1396 2055 conﬂantur
1423 2001 1600 2073 elogia
1628 2022 1639 2057 :
1680 2001 1777 2058 sed
1800 2000 1950 2072 quod
1971 2002 2042 2057 ad

453 2096 635 2164 justos
665 2094 878 2157 attinet,
906 2100 1184 2165 gestarum
1223 2108 1255 2147 a
1296 2108 1356 2147 se
1410 2108 1593 2148 rerum
1650 2094 1857 2149 veritas
1907 2095 2042 2152 satis

457 2184 625 2239 fuerit
646 2186 711 2239 ad
730 2184 999 2255 egregiam
1018 2197 1210 2238 eorum
1235 2187 1516 2239 veritatem
1533 2186 2036 2243 demonstrandam.

458 2276 640 2341 Quare
666 2291 790 2330 cum
821 2276 960 2331 vitas
974 2290 1165 2330 eorum
1188 2277 1280 2345 qui
1304 2277 1505 2346 pietate
1523 2280 1861 2345 claruerunt,
1880 2297 2045 2336 enar-

456 2383 667 2433 ramus,
682 2368 913 2439 primum
932 2382 1029 2439 per
1040 2383 1229 2425 servos
1250 2368 1537 2425 Dominum
1555 2370 1819 2431 allicimus
1835 2374 2041 2445 gloria;

458 2461 657 2517 deinde
674 2464 858 2532 justos
887 2463 1201 2518 testimonio
1216 2476 1407 2519 eorum
1424 2480 1548 2536 quae
1564 2466 1725 2523 nobis
1753 2477 1880 2523 nota
1914 2482 2044 2525 sunt

459 2556 767 2620 laudamus,
782 2562 1059 2626 postremo
1077 2556 1334 2627 populum
1354 2565 1500 2613 recte
1517 2559 1788 2615 factorum
1805 2561 2046 2617 auditio-

460 2663 529 2702 ne
556 2647 947 2705 exhilaramus.
1000 2648 1097 2704 Est
1132 2651 1277 2705 enim
1329 2650 1735 2709 hortamentum
1776 2654 1844 2709 ad
1875 2656 2044 2711 casti-

462 2749 622 2795 tatem
656 2740 769 2795 vita
800 2738 1023 2811 Josephi
1052 2741 1096 2773 ⁹¹
1125 2759 1139 2795 :
1175 2742 1593 2799 incitamentum
1628 2761 1759 2802 vero
1790 2747 1857 2802 ad
1889 2749 2044 2804 forti-

461 2830 703 2884 tudinem
744 2830 972 2886 historia
1004 2830 1324 2901 Sampsonis
1363 2842 1449 2889 est
1478 2837 1545 2888 θ’.

531 2921 586 2976 2.
632 2921 823 2977 Divina
864 2923 1031 2994 igitur
1060 2925 1250 2979 schola
1290 2925 1466 2996 legem
1508 2941 1618 2981 non
1655 2928 1807 2984 novit
1833 2946 2043 3000 praeco-

459 3013 720 3069 niorum:
757 3014 852 3070 sed
889 3023 1171 3085 gestorum
1224 3018 1597 3074 testimonium
1654 3021 1777 3077 loco
1833 3039 2041 3093 praeco‘

2143 548 2205 583 το
2239 529 2339 602 μέν
2368 530 2466 582 οὐκ
2495 528 2560 582 ἂν
2589 523 2711 581 εἶπέ
2736 545 2868 581 ποτε
2894 527 2922 579 ὁ
2957 526 3209 599 μηδαμοῦ
3242 526 3320 597 τῷ
3350 524 3575 598 τοιούτῳ
3600 526 3730 580 εῖδει

2143 624 2252 677 τῶν
2299 624 2471 691 λόγων
2516 621 2897 694 χρησάμενος’
2944 619 3051 673 οὐδ’
3104 617 3171 673 ἂν
3218 618 3552 691 προέτρεῲεν
3583 619 3731 689 ἡμᾶς

2145 714 2539 787 πανηγυρικῶς
2592 711 2971 785 ἐμπομπεύειν
2994 710 3107 782 (5‘2)
3141 714 3253 775 τοῖς
3287 710 3590 780 ἐγκωμίοις
3621 711 3731 763 τῶν

2149 809 2435 881 μακαρίων
2464 808 2493 859 ὁ
2525 807 2585 860 τὸ
2619 806 2785 870 πεζὸν
2820 807 2920 877 τῆς
2952 804 3150 868 λέξεως
3186 805 3280 858 καὶ⁸
3311 804 3373 857 τὸ
3406 804 3504 875 τῆς
3545 802 3729 874 φωνῆς

2144 902 2520 955 ἀκατάσκευον
2551 897 2825 969 πανταχοῦ
2862 898 3229 970 προτιμήσας.
3265 896 3330 948 Τί
3360 890 3452 949 οῦν
3482 896 3666 959 ἐστιν,
3700 890 3731 946 ὃ

2145 1010 2345 1064 φησιν;
2374 993 2496 1046 ’Ὁτι
2527 991 2910 1062 εὐφραίνονται
2943 989 3063 1043 λαοὶ
3101 986 3441 1060 εὐφροσύνην
3487 1003 3731 1058 πνευμα-

2142 1087 2300 1158 τικὴν
2326 1085 2419 1139 ἐπὶ
2451 1084 2587 1156 μόνῃ
2614 1086 2681 1155 τῇ
2721 1084 3025 1155 ὑπομνήσει
3053 1082 3161 1135 τῶν
3188 1084 3300 1144 τοῖς
3333 1080 3563 1145 δικαίοις
3594 1098 3731 1134 κατ-

2142 1179 2523 1251 ωρθωμένων,
2569 1180 2650 1241 είς
2699 1177 2862 1249 ζῆλον
2907 1181 3002 1230 καὶ
3042 1177 3274 1249 μίμησιν
3340 1175 3447 1228 τῶν
3483 1173 3726 1244 ἀγαθῶν,

2142 1276 2235 1343 ἀφ’
2271 1270 2346 1328 ὧν
2383 1272 2699 1336 ἀκούουσιν,
2738 1270 3073 1342 ἐναγόμενοι.
3125 1270 3189 1322 Ἦ
3217 1268 3326 1339 γάρ
3363 1265 3471 1320 τῶν
3505 1265 3729 1320 εὐπολι-

2143 1366 2347 1421 τεύτων
2376 1364 2584 1436 ἀνδρῶν
2618 1362 2825 1435 ἱστορία
2852 1358 2965 1416 οἷόν
2998 1379 3052 1414 τι
3091 1361 3206 1430 φῶς
3243 1363 3355 1423 τοῖς
3400 1357 3730 1428 σωζομένοις

2144 1458 2280 1530 πρὸς
2306 1455 2404 1528 τὴν
2427 1455 2523 1509 τοῦ
2558 1455 2674 1527 βίου
2699 1455 2815 1508 ὁδὸν
2849 1455 3087 1525 ἐμποιεῖ.
3121 1452 3268 1505 Διότι
3303 1449 3439 1523 ὁμοῦ
3472 1467 3531 1503 τε
3561 1440 3732 1520 ἐγκοῦ-
3822 1500 3827 1509 ,

2144 1567 2315 1622 σαμεν
2343 1547 2701 1620 διηγουμένου
2722 1546 2815 1601 τοῦ
2838 1546 2979 1601 Πνεύ
2989 1563 3156 1616 ματος
3177 1545 3268 1598 τὸν
3289 1543 3569 1608 Μωῦσέως
3592 1541 3730 1613 βίον,

2142 1644 2236 1696 καὶ
2262 1641 2423 1705 εὐθὺς
2448 1641 2596 1712 ἡμᾶς
2627 1638 2787 1711 ζῆλος
2809 1637 3024 1710 εἰσῆλθε
3049 1638 3147 1707 τῆς
3172 1636 3373 1708 άρετῆς
3398 1633 3491 1688 τοῦ
3514 1633 3730 1704 ἀνδρὸς,

2142 1734 2238 1789 καὶ
2270 1734 2333 1788 τὸ
2362 1734 2537 1805 πρᾶον
2566 1732 2661 1785 τοῦ
2711 1731 2914 1803 τρόπου
2965 1727 3204 1800 ζηλωτὸν
3248 1728 3462 1797 ἑκάστῳ
3492 1725 3585 1779 καὶ
3621 1742 3730 1796 μαο

2143 1822 2400 1894 καριστὸν
2423 1820 2723 1892 κατεφάνη.
2789 1820 2915 1883 Τοῖς
2944 1819 3042 1888 μὲν
3079 1818 3188 1890 γὰρ
3214 1816 3393 1881 ἄλλοις
3423 1814 3735 1886 ἀνθρώποις

2143 1915 2208 1966 ἐκ
2233 1912 2332 1983 τῆς
2358 1912 2467 1966 τῶν
2487 1911 2662 1981 λόγων
2692 1910 2976 1981 αὐξήσεως
3003 1908 3316 1963 συνίσταται
3342 1907 3412 1962 τὰ
3438 1906 3728 1979 ἐγκώμια·

2141 2007 2254 2069 τοῖς
2298 2004 2530 2069 δικαίοις
2578 2004 2635 2057 δὲ
2682 2004 2845 2075 ἀρκεῖ
2881 2002 2989 2057 τῶν
3029 1996 3437 2075 πεπραγμένων
3472 2002 3657 2065 αὐτοῖς
3694 2004 3731 2071 ἠ

2142 2096 2371 2168 ἀλήθεια
2419 2095 2556 2169 πρὸς
2593 2095 2653 2148 τὸ
2699 2094 2868 2162 δεῖξαι
2918 2093 3100 2149 αὐτῶν
3149 2091 3210 2147 τὸ
3245 2092 3590 2166 ’ὑπερϐάλλον
3627 2092 3732 2163 τῆς

2142 2191 2363 2262 ἀρετῆς.
2401 2189 2587 2257 Ὥστε,
2626 2188 2753 2242 ὅταν
2786 2185 3103 2258 διηγώμεθα
3132 2186 3258 2251 τοὺς
3290 2184 3438 2257 βίους
3464 2184 3571 2239 τῶν
3612 2184 3731 2239 δια-

2144 2282 2468 2354 πρεψάντων
2507 2282 2565 2335 ἐν
2603 2279 2885 2353 εὐσεϐείᾳ,
2921 2276 3217 2350 δοξάζομεν
3255 2277 3469 2350 πρῶτον
3506 2277 3596 2330 τὸν
3634 2278 3733 2330 Δε-

2146 2372 2351 2442 σπότην
2394 2370 2482 2425 διὰ
2513 2371 2621 2425 τῶν
2654 2369 2891 2424 δούλων·
2942 2369 3364 2440 ἐγκωμιάζομεν
3406 2368 3462 2422 δὲ
3495 2368 3623 2431 τοὺς
3649 2367 3733 2421 δι-

2143 2463 2331 2528 καίους
2368 2463 2459 2518 διά
2504 2465 2604 2535 τῆς
2648 2462 2953 2536 μαρτυρίας
2998 2456 3074 2517 ὧν
3115 2463 3302 2532 ἴσμεν,
3361 2460 3733 2531 εὐφραίνομεν

2141 2560 2199 2614 δέ
2228 2560 2353 2624 τοὺς
2378 2560 2542 2622 λαοὺς
2576 2558 2665 2611 διὰ
2705 2560 2805 2631 τῆς
2836 2558 3005 2629 ἀκοῆς
3042 2556 3151 2610 τῶν
3187 2554 3391 2609 καλῶν.
3431 2554 3728 2625 Προτροπῆ

2143 2652 2251 2724 γὰρ
2302 2652 2440 2724 πρὸς
2506 2650 2859 2723 σωφροσύνην
2912 2652 2941 2703 ό
3005 2649 3116 2721 βίος
3180 2648 3276 2702 τοῦ
3335 2646 3567 2718 Ἰωσὴφ,
3633 2648 3730 2700 καὶ

2144 2745 2280 2816 πρὸς
2305 2746 2525 2816 ἀνδρίαν
2553 2745 2899 2817 παράκλησις
2920 2743 2988 2797 τά
3008 2742 3101 2796 τοῦ
3124 2740 3363 2813 Σαμψὼν
3388 2741 3547 2813 διηγή
3558 2758 3729 2812 ματα.

2209 2923 2264 2978 2.
2305 2924 2418 2977 Οὐκ
2437 2920 2576 2977 οἶδεν
2599 2919 2689 2977 οῦν
2715 2923 3007 2994 ἐγκωμίων
3030 2922 3193 2994 νόμον
3221 2921 3280 2975 τὺ
3306 2921 3447 2975 θεῖον
3469 2920 3731 2974 διδασκαα

2140 3015 2282 3068 λεῖον
2309 3016 2421 3087 (55)
2442 3055 2455 3079 ,
2507 3015 2643 3069 ἀλλά
2689 3015 2788 3085 τὴν
2835 3014 3141 3086 μαρτυρίαν
3174 3012 3282 3066 τῶν
3323 3011 3732 3084 πεπραγμένων

458 3106 676 3160 niorum
730 3106 924 3174 habet;
959 3108 1159 3178 quippe
1194 3108 1342 3178 quod
1373 3116 1428 3165 et
1457 3111 1665 3167 sanctis
1705 3113 1772 3166 ad
1821 3114 2037 3171 laudem

2144 3106 2255 3159 ἀντ’
2288 3105 2578 3177 ἐγκωμίων
2622 3104 2931 3173 λογίζεται,
2966 3103 3042 3166 ὼς
3081 3103 3176 3157 καὶ
3208 3104 3321 3167 τοῖς
3353 3102 3529 3171 ἁγίοις
3566 3100 3731 3186 egit

458 3198 712 3264 suﬁiciat,
766 3210 819 3255 et
856 3201 1312 3258 contendentibus
1357 3202 1425 3257 ad
1461 3203 1715 3259 virtutem
1746 3207 1883 3263 satis
1935 3209 2038 3263 im-

457 3291 655 3361 pertiat
694 3290 966 3347 utilitatis.
992 3290 1399 3347 Praeconiorum
1428 3309 1667 3364 namque
1690 3296 1773 3351 lex
1806 3304 1909 3364 est,
1941 3314 2038 3368 pa-

458 3386 619 3437 triam
660 3383 1011 3455 investigare,
1045 3399 1219 3455 genus
1242 3399 1311 3439 ex
1356 3385 1467 3439 alto
1496 3392 1763 3456 repetere,
1808 3396 1864 3442 et
1896 3387 2034 3444 edu-

455 3475 727 3530 cationem
772 3473 1018 3529 referre:
1049 3474 1146 3529 sed
1192 3475 1278 3529 lex
1335 3482 1546 3539 nostra,
1600 3478 2061 3548 propinquorum-

454 3567 729 3638 pratterita
752 3567 1048 3631 mentione,
1073 3582 1139 3622 ex
1165 3567 1233 3623 iis
1266 3583 1388 3638 quae
1413 3569 1612 3637 cuique
1634 3570 1856 3639 prOpria
1880 3580 2031 3635 sunt,

453 3658 690 3721 eIOgium
748 3674 813 3713 ac
867 3658 1237 3715 laudationem
1266 3659 1523 3730 complet.
1569 3659 1712 3727 Quid
1754 3663 1900 3716 enim
1933 3679 2034 3734 ego

455 3750 581 3806 inde
615 3749 951 3820 splendidior
977 3767 1097 3807 sum
1134 3758 1188 3806 et
1228 3751 1518 3816 illustrior,
1561 3754 1605 3808 si
1637 3754 1861 3822 quando
1897 3756 2033 3811 urbs

453 3841 640 3911 gravia
681 3854 991 3911 magnaque
1022 3841 1325 3895 certamina
1351 3843 1633 3908 sustinuit,
1676 3859 1739 3899 ac
1772 3844 1910 3901 l‘usis
1934 3846 2033 3900 bo-

453 3933 632 3987 stibus
661 3938 865 4003 tropaea
894 3932 1047 3987 clara
1080 3933 1254 3988 erexit
1274 3933 1298 3985 ?
1320 3934 1471 4003 .quid
1508 3943 1622 3989 tum
1644 3975 1659 3999 ,
1691 3934 1739 3990 si
1767 3936 1932 3991 habet
1955 3937 2032 3991 si-

451 4031 566 4075 tum
609 4022 681 4077 ita
710 4030 1102 4092 opportunum,
1159 4031 1220 4075 ut
1261 4030 1316 4077 et
1345 4023 1419 4090 zin
1452 4022 1629 4079 hieme
1657 4031 1712 4079 et
1744 4024 1799 4079 in
1845 4033 2033 4082 aestate

452 4111 740 4166 commoda
777 4111 893 4166 sit?
938 4111 1093 4177 Quod
1150 4113 1197 4166 si
1259 4111 1424 4166 etiam
1483 4114 1672 4169 eadem
1701 4125 1756 4169 et
1787 4116 2029 4171 virorum

452 4202 606 4258 ferax
638 4203 730 4266 sit,
779 4213 833 4258 et
866 4203 1075 4259 alendis
1115 4204 1408 4274 pecoribus
1450 4203 1669 4271 idonea,
1725 4207 1855 4277 quid
1895 4209 2030 4264 mihi

452 4310 520 4348 ex
555 4294 622 4348 iis
648 4294 1050 4348 emolumenti?
1090 4294 1197 4349 Sed
1232 4304 1285 4349 et
1315 4311 1583 4366 equorum
1612 4300 1872 4369 gregibus
1912 4316 2032 4355 om-

452 4404 551 4443 nes
580 4402 701 4458 qua:
734 4387 837 4442 sub
877 4388 991 4443 sole
1022 4395 1149 4443 sunt
1178 4388 1429 4458 regiones
1470 4401 1711 4460 superat.
1743 4393 1883 4458 Quid
1915 4395 2031 4450 haec

2143 3200 2346 3255 κοῦσαν
2396 3200 2534 3272 πρὸς
2593 3198 2846 3262 ἔπαινον,
2899 3197 2993 3251 καὶ
3039 3199 3153 3260 τοῖς
3193 3194 3542 3267 ὡρμημένοις
3589 3188 3777 3265 πρὸ;“

2140 3294 2343 3365 ἀρετὴν
2380 3293 2630 3363 αὐτάρκη
2685 3287 2850 3345 οὖσαν
2904 3291 2985 3354 εἰς
3040 3289 3311 3358 ὠφέλειαν
3343 3327 3358 3341 .
3401 3286 3731 3357 Ἐγκωμίων

2142 3388 2240 3457 μὲν
2274 3387 2384 3459 γάρ
2408 3386 2572 3457 νόμος
2604 3385 2838 3457 πατρίδα
2866 3381 3248 3455 διερευνᾶσθαι
3267 3380 3379 3455 (54)
3401 3420 3415 3444 ,
3444 3378 3540 3434 καὶ
3569 3380 3730 3448 γένος

2137 3479 2460 3549 ἀναζητεῖν,
2496 3478 2590 3531 καὶ
2631 3477 2854 3546 ἀγωγὴν
2902 3474 3209 3545 διηγεῖσθαι
3234 3489 3248 3503 ⁸
3291 3476 3321 3526 ὁ
3364 3473 3421 3527 δὲ
3457 3471 3728 3543 ἡμέτερος

2138 3576 2297 3645 νόμος
2320 3612 2335 3635 ,
2369 3573 2496 3635 τοὺς
2522 3570 2631 3625 τῶν
2653 3570 2913 3639 γειτόνων
2942 3568 3134 3637 λόγους
3168 3565 3545 3634 κατασιγάσας
3564 3604 3578 3627 ,
3614 3563 3729 3617 ἀπὸ

2134 3666 2241 3719 τῶν
2286 3666 2431 3719 ἰδίων
2474 3663 2706 3717 ἑκάστου
2742 3662 2841 3733 τὴν
2892 3660 3200 3732 μαρτυρίαν
3243 3659 3462 3729 πληροῖ.
3515 3655 3581 3709 Τί
3613 3658 3728 3726 γάρ

2135 3758 2246 3828 ἐγὼ
2285 3758 2447 3833 παρά
2468 3757 2627 3810 τοῦτο
2660 3756 3018 3827 σεμνότερος,
3062 3755 3111 3807 εί
3138 3757 3171 3825 ή
3210 3753 3362 3815 πόλις
3390 3752 3518 3805 ποτὲ
3558 3749 3725 3820 χαλε-

2135 3855 2271 3916 ποὺς
2323 3852 2417 3905 καὶ
2472 3849 2741 3921 μεγάλους
2788 3848 3007 3917 ἀγῶνας
3053 3844 3435 3915 διενεγκοῦσα,
3493 3842 3730 3912 λαμπρά

2134 3946 2276 4000 κατὰ
2302 3944 2411 3998 τῶν
2437 3942 2713 4013 πολεμίων
2739 3940 3004 4011 ἀνέστησε
3023 3938 3135 4010 (55)
3172 3938 3441 4009 τρόπαια;
3475 3935 3527 3988 τί
3554 3934 3635 3997 δὲ,
3674 3936 3725 3987 εί

2135 4035 2335 4098 θέσεως
2391 4033 2661 4105 εὐκαίρως
2705 4032 2853 4103 ἔχει,
2904 4032 2980 4095 ὡς
3020 4033 3158 4104 πρὸς
3196 4029 3441 4101 χειμῶνά
3480 4046 3539 4081 τε
3579 4023 3729 4082 εἶναι

2134 4126 2228 4179 καὶ
2263 4126 2419 4197 θέρος
2453 4123 2800 4194 ὲπιτηδείαν;
2852 4124 2918 4176 Εἰ
2959 4123 3016 4176 δὲ
3045 4122 3141 4176 καὶ
3170 4124 3202 4193 ἡ
3238 4120 3375 4192 αὐτὴ
3424 4118 3636 4191 ἀνδρῶν
3664 4119 3729 4172 τέ

2132 4218 2282 4270 ἐστιν
2315 4216 2545 4287 εὔφορος
2565 4254 2580 4278 ,
2610 4214 2705 4268 καὶ
2730 4214 3050 4285 βοσκήματα
3080 4213 3303 4284 τρέφειν
3331 4212 3637 4283 αὐτάρκης,
3672 4211 3726 4265 τί

2136 4327 2223 4382 μοι
2264 4312 2329 4363 ἐκ
2367 4308 2572 4362 τούτων
2614 4307 2847 4377 δφελος;
2902 4306 3065 4359 Ἀλλά
3098 4308 3193 4361 καὶ
3230 4309 3350 4370 ταῖς
3389 4307 3498 4359 τῶν
3537 4306 3729 4361 ἳππων

2133 4404 2358 4472 ἀγέλαις
2391 4404 2489 4473 τῆς
2515 4403 2605 4472 ὑφ’
2639 4401 2775 4471 ἡλίῳ
2809 4403 3023 4471 κρατεῖ.
3078 4400 3143 4453 Τί
3178 4397 3273 4455 οὐν
3314 4402 3465 4471 ἡμᾶς
3496 4400 3725 4454 δύναται

452 4479 670 4533 tandem
694 4487 923 4549 possunt
953 4493 1054 4534 nos
1093 4477 1161 4532 ad
1195 4480 1451 4533 virtutem
1484 4481 1799 4539 hominibus
1833 4499 2034 4551 conve-

2142 4498 2309 4550 ταῦτα
2336 4494 2435 4567 τὴν
2467 4495 2814 4566 ἀνθρωπείαν
2836 4495 3038 4567 ἀρετὴν
3072 4493 3314 4565 βελτίους
3349 4494 3609 4565 ποιῆσαις
3646 4491 3727 4548 Ἦ

452 4570 692 4625 nientcm
750 4569 1113 4640 promovere?
1163 4569 1387 4624 Annon
1442 4571 1608 4625 etiam
1661 4573 1709 4627 si
1754 4573 1822 4628 de
1863 4575 2031 4629 vicini

451 4659 760 4731 ujuspiam
808 4660 1009 4714 montis
1065 4660 1444 4715 cacuminibus
1511 4660 1858 4729 disserimus,
1894 4680 2031 4734 quo-

450 4752 617 4808 modo
652 4753 827 4809 nubes
882 4752 1313 4816 transcendant,
1373 4761 1427 4807 et
1486 4768 1653 4824 quam
1711 4755 2032 4826 longissime

451 4847 804 4917 porrigantur
841 4846 899 4899 in
930 4861 1136 4910 aerem,
1171 4861 1272 4901 nos
1316 4846 1465 4917 ipsos
1503 4846 1842 4919 decipiemus
1889 4858 2028 4915 tum,

450 4953 579 4993 cum
633 4954 699 4994 ex
758 4936 846 4993 his
918 4939 1107 4994 laudes
1163 4938 1299 4993 viris
1355 4938 1751 4995 tribuerimus?
1799 4939 2031 4998 Maxime

456 5029 612 5102 15.3
653 5033 896 5086 omnium
926 5031 1219 5087 ridiculum
1257 5040 1362 5097 est,
1416 5039 1601 5101 spreto
1633 5048 1663 5086 a
1688 5033 1856 5103 justis
1898 5035 2033 5091 orbe

448 5131 600 5187 toto,
651 5139 751 5179 nos
796 5141 862 5180 ex
898 5125 1089 5195 paucis
1145 5140 1335 5180 eorum
1385 5140 1507 5195 quae
1547 5134 2031 5196 contempserunt,

450 5215 643 5271 laudes
691 5231 881 5272 eorum
945 5219 1276 5274 celebrare.’
1310 5215 1641 5274 Recordatio
1690 5219 1856 5290 igitur
1898 5222 2034 5278 satis

2134 4604 2238 4640 που
2274 4588 2369 4640 καὶ
2393 4585 2494 4649 τάς
2517 4585 2613 4638 τοῦ
2637 4586 2875 4655 γείτονος
2899 4585 3057 4657 ὅρους
3086 4585 3328 4655 κορυφὰς
3350 4584 3725 4656 διηγούμενοι,

2133 4679 2209 4742 ὡς
2236 4679 2561 4749 ὐπερνειρεῖς
2595 4678 2654 4730 τέ
2688 4679 2794 4730 είσι
2848 4678 2942 4729 καὶ⁹
2973 4677 3066 4730 ἐπὶ
3100 4676 3234 4730 πολὺ
3260 4676 3354 4729 τοῦ
3386 4677 3547 4749 ἀέρος
3570 4676 3725 4731 διαν-

2138 4770 2453 4840 εστήκασιν,
2487 4770 2715 4834 ἑαυτοὺς
2735 4770 3087 4840 ἀπατήσομεν
3113 4768 3225 4840 (56)
3249 4769 3325 4833 ὡς
3349 4772 3463 4833 τοῖς
3494 4769 3728 4841 ἀνδράσι

2138 4862 2228 4916 διὰ
2257 4860 2461 4915 τούτων
2496 4861 2898 4934 ἐκπληροῦντες
2933 4862 3023 4915 τὸν
3054 4861 3310 4928 ἔπαινον;
3344 4863 3571 4917 Πάντων
3605 4864 3728 4917 ἐστὶ

2140 4952 2708 5021 καταγελαστότατον,
2757 4952 2877 5006 ὅλου
2910 4952 3006 5005 τοῦ
3050 4953 3261 5024 κόσμου
3306 4953 3457 5025 παρά
3483 4954 3597 5008 τῶν
3641 4955 3726 5009 δι-

2140 5035 2313 5096 καίων
2348 5042 2780 5113 ὑπεροφθέντος,
2831 5044 2981 5114 ἡμᾶς
3027 5042 3088 5109 ἐξ
3133 5042 3329 5112 ὀλίγων
3367 5044 3474 5097 τῶν
3520 5046 3727 5117 ἀτιμα-

2142 5132 2376 5186 σθέντων
2408 5131 2649 5204 πληροῦν
2685 5132 2866 5194 αὐτοῖς
2901 5131 2972 5184 τὰ
3002 5130 3272 5202 ἐγκώμια.
3323 5132 3506 5202 Ἀρκεῖ
3541 5132 3727 5185 τοίνυν

2142 5224 2175 5293 ἡ
2212 5224 2400 5294 μνήμη
2431 5223 2567 5294 πρὸς
2591 5221 2859 5292 ὠφέλειαν
2885 5221 3132 5292 διηνεκῆ.
3164 5221 3239 5273 UO
3267 5221 3377 5292 γάρ
3399 5221 3465 5293 δὴ
3489 5222 3730 5286 ἐκείνοις

520 5374 569 5408 ⁸⁸
610 5372 772 5429 Num.
804 5392 902 5439 xu,
939 5377 992 5431 3.
1067 5379 1109 5408 "
1150 5375 1350 5433 Geues.
1389 5393 1579 5441 xxxix,
1616 5378 1670 5433 8.
1748 5378 1793 5410 "
1830 5377 1957 5434 Jud.
1993 5394 2107 5442 11v,
2141 5380 2176 5434 5
2206 5396 2331 5450 sqq.

521 5531 636 5605 (59.)
685 5530 836 5589 Unus
870 5533 1041 5587 codex
1090 5534 1479 5605 ἐκπομπεύειν.
1529 5532 1732 5589 ibidem
1767 5532 1823 5587 in
1870 5532 2026 5589 Coll).

454 5604 631 5675 primo
662 5618 778 5675 pro
803 5605 1086 5674 μακαρίων
1128 5604 1320 5675 legitur
1359 5605 1550 5674 ἁγίων.

525 5672 637 5743 (53)
665 5672 819 5743 gon);
854 5672 1048 5729 tertius
1080 5672 1440 5730 διδασκάλων.

522 5741 634 5813 (54)
664 5741 795 5814 Reg.
820 5744 1028 5813 primus
1053 5743 1350 5817 διερευνᾷν.
1368 5744 1537 5802 Paulo
1552 5756 1674 5818 post
1688 5746 1833 5804 idem
1858 5744 2029 5804 codex

2134 5533 2517 5613 διηγήσασθαι.
2542 5536 2700 5613 Alius
2731 5552 2834 5592 ms.
2858 5538 3209 5613 ρςοάγωγήν
3232 5537 3395 5594 habet
3419 5538 3727 5613 διαγωγήν.

2211 5604 2321 5679 ($5)
2355 5604 2509 5679 l_Jrius
2539 5607 2675 5661 liber
2707 5604 2874 5665 vetus
2895 5604 3128 5679 ἔστησε.⁷
3164 5604 3175 5609 ”
3312 5668 3319 5673 ,

2211 5678 2324 5753 (56)
2359 5675 2501 5753 Editi
2536 5684 2590 5732 et
2620 5693 2761 5733 unus
2796 5694 2900 5735 ms.
2934 5675 3311 5753 ἀπατήσομεν.
3343 5680 3449 5736 Alii
3479 5690 3726 5753 quatuor

2136 5764 2272 5806 mss.
2300 5748 2691 5820 ἀπατήσωμεν.
