4036 6236
355 372 458 427 ιθε

1375 363 1656 419 llOMlLlA
1697 363 1761 416 IN
1801 360 2113 415 GORDIUM
2152 359 2566 415 MARTYREM.

3497 350 3599 418 itit

354 489 510 563 χρεία
540 488 855 560 προσθήκης
895 487 974 549 είς
1003 484 1367 556 εὐδοκίμησιν,
1408 484 1520 538 ἀλλ’
1560 486 1690 556 ἡμῖν
1727 487 1836 546 τοῖς
1867 486 1924 536 ἐν

2044 479 2190 536 'uerit
2222 489 2497 551 perpetuae
2556 479 2805 535 utilitatis
2866 481 3244 552 percipiendae.
3294 482 3405 538 Nec
3451 486 3597 539 enim

356 583 431 653 ιεῷ
470 581 569 652 βίῳ
599 579 874 647 ἀναγκαία
904 580 938 649 ἡ
968 579 1156 649 μνήμη
1184 577 1271 629 διὰ
1298 578 1396 647 τήν
1432 577 1679 647 μίμησιν.
1715 577 1924 647 Ὥσπερ

358 674 463 743 γὰρ
491 671 570 735 τῷ
600 671 732 740 πυρὶ
762 670 1083 739 αὐτομάτως
1106 670 1298 722 ’έπεται
1335 669 1394 721 τὸ
1416 667 1690 738 φωτίζειν,
1726 669 1818 722 καὶ
1847 668 1924 738 τῷ

358 760 514 832 μύρῳ
543 759 603 813 τὸ
636 758 853 811 εὐωδεῖν
876 774 890 788 ·
939 758 1079 811 οὕτω
1112 759 1203 811 καὶ
1238 762 1358 821 ταῖς
1392 759 1622 827 ἀγαθαῖς
1660 759 1924 829 πράξεσιν

356 852 666 919 ἀναγκαίως
692 850 977 903 ἀκολουθεῖ
1004 852 1063 903 τὸ
1085 850 1381 921 ὠφέλιμον.
1413 851 1603 904 Καίτοι
1628 852 1748 905 οὐδὲ
1767 852 1927 904 τοῦτο

361 942 582 1012 μικρὸν,
634 940 879 1012 ἀκριϐῶς
938 944 1117 1010 τυχεῖν
1172 940 1273 1009 τῆς
1329 940 1583 1011 ἀληθείας
1629 941 1737 995 τῶν
1782 942 1922 996 τότε.

371 1033 607 1103 Ἀμυδρά
640 1032 748 1103 γάρ
777 1049 862 1094 τις
894 1032 1048 1101 φήμη
1072 1031 1183 1101 (57)
1214 1033 1349 1102 πρὸς
1380 1033 1527 1101 ἡμᾶς
1554 1032 1759 1103 διεδόθη
1780 1072 1793 1094 ,
1829 1034 1926 1095 τὰς

358 1124 451 1175 ἐπὶ
484 1108 590 1174 τῶν
628 1121 856 1191 ἀγώνων
898 1120 1262 1192 ἀνδραγαθίας
1288 1122 1382 1174 τοῦ
1412 1123 1604 1193 ἀνδρὸς
1636 1122 1928 1186 διασώζου-

358 1231 446 1268 σα.
476 1212 584 1266 Καί
614 1230 731 1275 πως
761 1213 909 1265 δοκεί
933 1212 991 1265 τὺ
1012 1212 1133 1264 καθ’
1166 1213 1313 1283 ἡμᾶς
1337 1212 1415 1284 τῷ
1441 1214 1553 1285 (58)
1583 1214 1690 1268 τῶν
1718 1214 1930 1286 ζωγρά-

357 1324 472 1374 φων
493 1304 893 1377 προσεοικέναι.
926 1309 1038 1359 Καὶ
1070 1307 1177 1379 γὰρ
1203 1309 1420 1371 ἐκεῖνοι,
1455 1308 1671 1360 ἐπειδὰν
1704 1308 1761 1373 ἐξ
1783 1309 1927 1361 εἰκό-

356 1415 462 1450 νων
490 1398 883 1471 μεταγράφωσι
909 1400 1007 1461 τὰς
1040 1398 1286 1462 εἰκόνας,
1334 1398 1613 1462 πλεῖστον,
1654 1399 1728 1461 ὡς
1762 1400 1927 1463 εἰκὸς,

353 1489 463 1542 τῶν
505 1490 829 1561 ἀρχετύπων
872 1490 1363 1561 ἁπολιμπάνονται·
1405 1491 1500 1543 καὶ
1539 1492 1719 1560 ἡμᾶς,
1760 1491 1931 1561 αὐτῆς

352 1580 457 1649 τῆς
489 1580 618 1644 θέας
664 1581 771 1633 τῶν
804 1581 1145 1652 πραγμάτων
1176 1580 1601 1651 ἀπολειφθέντας
1622 1621 1635 1644 ,
1690 1580 1930 1646 κίνδυνος

354 1672 417 1723 οὐ
472 1672 669 1743 μικρὸς
716 1672 814 1744 τὴν
861 1673 1115 1743 ἀλήθειαν
1164 1673 1484 1726 ἐλαττῶσαι.
1559 1672 1696 1726 Ἀλλ’
1745 1674 1930 1745 ἐπειδὴ

356 1765 652 1834 ἐνέστηκεν
696 1766 729 1835 ἠ
769 1764 952 1834 ἡμέρα
1003 1764 1306 1835 ὑπόμνησιν
1350 1764 1588 1836 φέρουσα
1635 1765 1929 1838 μάρτυρος,

2027 572 2139 640 jam
2169 588 2307 641 opus
2336 573 2443 628 illis
2473 580 2579 637 est,
2631 580 2692 626 ut
2728 574 3006 644 quidpiam
3042 575 3176 643 ipsis
3224 576 3291 629 ad
3321 592 3602 631 commen«

2032 666 2303 719 dationem
2357 666 2582 720 accedat
2620 686 2630 718 :
2667 667 2762 721 sed
2798 668 2959 722 nobis
2997 668 3050 721 in
3083 668 3184 721 hac
3213 669 3323 723 vita
3354 685 3600 725 commo-s

2030 757 2280 811 rantibus
2324 757 2391 809 ad
2441 772 2536 813 eos
2586 757 2877 813 imitandos
2922 761 3233 815 necessaria
3296 763 3602 817 recordatio

2032 854 2135 902 est.
2178 847 2650 913 Quemadmodum
2681 851 2825 904 enim
2866 852 3046 921 ignem
3081 854 3399 909 naturaliter
3428 857 3603 909 conii-'

2034 948 2177 993 tatur
2211 941 2525 1005 illustratio,
2581 950 2636 996 et
2673 949 3010 1012 unguentum
3069 945 3247 1001 bonus
3300 947 3483 1003 odor:
3528 950 3602 1003 ita

2034 1044 2251 1098 quoque
2299 1030 2442 1084 bona
2492 1046 2655 1100 opera
2707 1033 2915 1088 utilitas
2970 1039 3284 1091 necessario
3330 1039 3597 1109 sequitur.

2034 1120 2354 1191 Quanquam
2385 1140 2454 1179 ne
2476 1124 2578 1178 hoc
2608 1126 2827 1195 quidem
2855 1126 3006 1196 parvi
3037 1132 3296 1185 momenti
3328 1143 3429 1197 est,
3459 1135 3603 1190 veri-

2035 1219 2202 1268 tatem
2230 1229 2419 1269 eorum
2454 1228 2575 1286 qua:
2612 1226 2741 1273 tunc
2770 1226 2920 1289 gesta
2964 1229 3091 1276 sunt
3129 1222 3419 1293 diligenter
3452 1241 3603 1281 asse-

2036 1306 2159 1373 qui.
2194 1301 2331 1359 Nam
2380 1310 2561 1364 tenuis
2594 1309 2841 1380 quaedam
2881 1313 3046 1380 fama,
3071 1331 3177 1386 qua
3208 1319 3310 1372 viri
3359 1321 3506 1376 illius
3545 1322 3605 1377 in

2036 1399 2427 1455 certaminibus
2466 1403 2727 1470 praeclara
2766 1405 3011 1461 facinora
3053 1420 3479 1480 conservantur,
3535 1416 3603 1469 ad

2038 1504 2138 1545 nos
2182 1496 2357 1560 usque
2396 1495 2660 1562 pervenit.
2708 1497 2884 1567 Atque
2914 1502 3317 1570 quodammodo
3359 1507 3606 1561 videmur

2038 1597 2140 1636 nos
2191 1583 2496 1652 pictoribus
2548 1589 2864 1645 consimiles
2896 1608 3037 1647 esse.
3070 1594 3151 1648 llli
3186 1597 3329 1651 enim
3373 1615 3498 1654 cum
3538 1615 3606 1655 ex

2038 1674 2367 1746 imaginibus
2399 1678 2661 1749 imagines
2691 1682 3009 1754 depingunt,
3044 1687 3359 1755 plurimum,
3387 1700 3447 1745 ut
3471 1706 3604 1747 con-

2039 1775 2169 1830 stat,
2213 1768 2529 1825 desciscunt
2570 1774 2639 1827 ab
2685 1774 3043 1847 archetypis:
3087 1780 3168 1833 sic
3216 1789 3270 1835 et
3301 1784 3604 1851 perieulum

357 1854 637 1923 ἐπιφανῶς
668 1858 777 1917 τοῖς
801 1856 942 1925 ὑπὲρ
982 1856 1215 1926 Χριστοῦ
1253 1855 1569 1928 μαρτυρίοις
1604 1856 1933 1926 έναθλήσαν-

2044 1873 2146 1911 non
2176 1861 2431 1928 exiguum
2464 1870 2568 1929 est,
2603 1880 2671 1919 ne
2710 1881 2833 1930 nos,
2890 1868 2983 1937 qui
3024 1885 3112 1925 res
3156 1872 3303 1941 ipsas
3334 1889 3444 1929 non
3474 1892 3607 1930 con-

357 1964 480 2011 τος,
527 1947 773 2017 εἴπωμεν
821 1949 921 2000 ὅσα
948 1948 1185 2017 οἴδαμεν.
1229 1942 1397 2011 Οὗτος
1442 1947 1540 2015 ἔφυ
1578 1948 1676 2017 μὲν
1704 1948 1811 2000 ἀπὸ
1835 1950 1935 2019 τῆς

363 2040 567 2102 πόλεως
598 2040 838 2110 ταύτης,
888 2041 1011 2092 ὅθεν
1046 2040 1140 2093 καὶ
1174 2039 1374 2109 μᾶλλον
1412 2040 1570 2093 αὐτὸν
1612 2040 1933 2111 ἀγαπῶμεν,

360 2135 491 2189 διότι
537 2137 739 2198 οἰκεῖος
791 2137 922 2205 ἡμῖν
967 2138 994 2187 ὀ
1038 2135 1239 2205 κόσμος
1272 2134 1439 2189 ἐστίν.
1475 2135 1686 2205 Ὥσπερ
1719 2134 1827 2205 γὰρ
1870 2135 1938 2188 τὰ

362 2231 611 2301 εὐκαρπα
636 2229 745 2282 τῶν
776 2229 988 2298 φυτῶν,
1027 2230 1119 2294 οὒς
1152 2231 1216 2283 ἂν
1265 2229 1507 2303 ἐκθρέψῃ
1544 2231 1787 2300 καρποὺς
1808 2270 1823 2294 ,
1869 2233 1936 2301 τῇ

362 2324 536 2392 οἰκεία
569 2325 640 2393 γῇ
677 2322 1037 2392 παρατίθεται
1062 2340 1074 2352 ·
1119 2322 1261 2376 οὕτω
1290 2325 1385 2377 καὶ
1418 2319 1569 2386 οὗτος
1605 2325 1670 2376 ἐκ
1695 2323 1803 2376 τῶν
1846 2323 1941 2374 λα-

362 2416 535 2483 γόνων
564 2415 665 2485 τῆς
686 2415 963 2486 ἡμετέρας
990 2414 1312 2487 ἀναδραμὼν
1331 2455 1345 2479 ,
1388 2416 1481 2468 καὶ
1514 2416 1645 2485 πρὸς
1679 2417 1940 2485 μήκιστον

363 2507 495 2577 ὕψος
548 2509 649 2577 τῆς
676 2508 833 2577 δόξης
874 2508 1195 2571 διαναστὰς,
1241 2511 1307 2578 τῇ
1356 2508 1653 2579 ὲνεγκούσῃ
1689 2509 1783 2560 κα)¹
1820 2508 1943 2579 θρε-

363 2600 581 2673 ψαμένῃ
608 2600 717 2653 τῶν
748 2600 965 2653 οἰκείων
995 2602 1091 2670 τῆς
1119 2600 1400 2664 εὐσεϐείας
1427 2601 1654 2671 καρπῶν
1676 2600 1774 2669 τὴν
1803 2599 1939 2652 ἀπό-

366 2694 555 2745 λαυσιν
578 2692 888 2762 ἐχαρίσατο.
911 2692 1082 2745 Καλοὶ
1107 2692 1202 2765 μέν
1229 2692 1337 2763 γὰρ
1367 2694 1459 2746 καὶ
1492 2694 1541 2744 οἱ
1574 2694 1635 2744 ἐκ
1654 2693 1751 2763 τῆς
1777 2693 1943 2763 ὑπερ-

365 2786 518 2855 ορίας
573 2787 810 2856 καρποὶ,
843 2787 973 2838 ὅταν
997 2785 1137 2847 ἡδεῖς
1168 2802 1227 2837 τε
1253 2784 1360 2855 (59)
1400 2779 1500 2838 ὦσι
1534 2785 1627 2837 καὶ
1659 2786 1938 2855 τρόφιμον

578 2877 762 2947 μέντοι
811 2877 991 2947 ἡδίους
1038 2876 1147 2928 τῶν
1174 2877 1451 2946 ἐπηλύδων
1479 2878 1527 2929 οἱ
1558 2877 1825 2946 ἡμεδαποὶ
1850 2877 1944 2929 καὶ

366 2968 656 3040 ἐγχώριοι,
704 2970 840 3041 πρὸς
880 2972 943 3039 τῇ
977 2969 1270 3032 ἀπολαύσει
1304 2968 1383 3020 ἔτι
1428 2969 1522 3021 καὶ
1559 2968 1945 3039 καλλωπισμόν

366 3078 483 3114 τινα
529 3063 668 3130 ἡμῖν
706 3061 795 3113 διὰ
825 3061 923 3129 τῆς
948 3061 1274 3131 οἰκειότητος
1306 3060 1672 3132 χαριζόμενοι.
1721 3061 1947 3128 Ἐγκατ-

367 3152 679 3222 ειλεγμένος
716 3152 773 3205 δὲ
817 3152 927 3224 (60)
984 3154 1238 3224 στρατείᾳ
1292 3155 1578 3221 ἐπιφανεῖ,
1628 3152 1704 3215 ὡς
1756 3153 1947 3206 ἑκατὸν

2036 1949 2331 2017 speximus,
2356 1951 2742 2011 imminuamus
2771 1958 3070 2016 veritatem.
3111 1961 3182 2015 At
3208 1964 3426 2033 quando
3453 1961 3609 2023 adest

2036 2040 2153 2095 dies
2193 2044 2508 2097 memoriam
2544 2046 2785 2103 referens
2810 2053 3084 2122 martyris,
3117 2055 3207 2124 qui
3242 2057 3525 2126 splendide
3551 2059 3607 2113 in

2038 2133 2156 2189 suis
2206 2150 2305 2203 pro
2350 2135 2571 2192 Christo
2610 2142 2934 2199 testimoniis
2993 2146 3307 2211 decertavit,
3361 2149 3607 2206 dicamus

2039 2241 2375 2296 quaecunque
2425 2230 2699 2286 novimus.
2749 2232 2848 2287 Hic
2887 2242 3051 2291 natus
3084 2246 3167 2291 est
3201 2254 3267 2292 ex
3300 2238 3402 2294 hac
3437 2241 3605 2306 urbe;

2042 2316 2185 2371 unde
2233 2318 2399 2371 etiam
2433 2335 2498 2374 eo
2542 2322 2714 2390 magis
2765 2324 2919 2376 illum
2961 2324 3238 2395 diligimus
3289 2320 3435 2396 quod
3476 2344 3609 2398 pro-

2042 2410 2220 2478 prium
2251 2406 2411 2465 nobis
2436 2421 2817 2467 ornamentum
2853 2416 2945 2469 sit.
2970 2414 3436 2481 Quemadmodum
3462 2421 3608 2474 enim

2043 2499 2256 2555 feraces
2293 2502 2518 2557 arb'ores
2552 2519 2647 2558 eos
2687 2521 2825 2574 quos
2864 2509 3114 2562 nutriunt
3144 2507 3355 2565 fructus
3377 2512 3613 2582 propria!

2044 2596 2203 2646 terrae
2257 2594 2440 2648 ferunt
2496 2605 2797 2667 acceptos:
2834 2600 2913 2653 sic
2947 2601 3112 2654 etiam
3155 2602 3245 2655 hic
3293 2619 3357 2657 ex
3409 2614 3613 2659 nostrae

2044 2688 2202 2736 terrae
2224 2684 2347 2737 sinu
2379 2700 2654 2755 egressus,
2675 2695 2728 2742 et
2758 2689 2823 2743 ad
2856 2704 3123 2743 summam
3155 2691 3341 2760 gloriae
3366 2694 3613 2749 altitudi-

2044 2788 2167 2826 nem
2199 2782 2441 2841 evectus,
2479 2778 2667 2845 patriae
2700 2794 2820 2848 quze
2859 2794 2917 2833 se
2942 2779 3200 2849 produxit
3234 2798 3298 2839 ac
3335 2783 3609 2850 educavit,

2045 2868 2299 2936 proprios
2339 2868 2558 2938 pietatis
2588 2869 2800 2926 fructus
2831 2869 2981 2926 dedit
3009 2872 3291 2930 fruendos.
3322 2875 3458 2930 Boni
3491 2879 3613 2947 qui-

2045 2960 2167 3014 dem
2198 2970 2326 3015 sunt
2356 2963 2565 3016 externi
2596 2964 2756 3017 etiam
2798 2964 3028 3029 fruetus,
3084 2968 3130 3023 si
3169 2976 3223 3023 et
3271 2986 3466 3026 suaves
3499 2972 3615 3026 fue-

2046 3052 2177 3113 rint,
2212 3062 2265 3106 et
2307 3053 2565 3107 alimento
2619 3055 2992 3124 abundantes;
3021 3061 3114 3113 sed
3160 3068 3342 3116 tamen
3372 3066 3614 3120 externis

2048 3144 2219 3196 multo
2248 3143 2602 3212 jucundiores
2635 3154 2763 3201 sunt
2791 3157 3063 3205 nostrates
3092 3167 3154 3205 ac
3183 3156 3478 3219 vernaculi,
3499 3158 3613 3224 qui,

370 3244 717 3313 στρατιωτῶν
754 3243 926 3314 ἀρχὴν
960 3244 1341 3314 πιστευθῆναι,
1376 3246 1469 3297 καὶ
1508 3244 1756 3315 σώματος
1784 3244 1941 3316 ῥώμῃ

2046 3234 2191 3303 quod
2222 3235 2288 3287 ad
2322 3251 2421 3291 nos
2452 3238 2738 3302 attineant,
2770 3251 2963 3308 printer
3001 3244 3322 3298 suavitatem
3356 3247 3614 3301 videntur

369 3339 460 3389 καὶ
513 3336 698 3406 ψυχῆς
747 3336 940 3406 ἀνδρίᾳ.
994 3339 1107 3399 τοῖς
1166 3342 1573 3407 στρατιωτικοῖς
1629 3338 1947 3405 καταλόγοις

371 3429 690 3499 ἐμπρέπων.
726 3428 876 3481 Ἐπεὶ
893 3428 947 3481 δὲ
966 3428 1075 3499 (61)
1093 3429 1120 3479 ό
1133 3430 1252 3481 τότε
1266 3428 1520 3500 τύραννος
1546 3429 1606 3481 τὸ
1622 3429 1816 3501 πικρὸν
1854 3429 1947 3482 καὶ

370 3522 641 3591 ἀνήμερον
694 3521 793 3589 τῆς
838 3520 1013 3591 ψυχῆς
1061 3522 1219 3592 μέχρι
1262 3521 1355 3573 τοῦ
1392 3522 1626 3591 πολέμου
1672 3522 1770 3591 τῆς
1823 3521 1946 3573 Ἐκ-

373 3614 600 3684 κλησίας
628 3611 860 3677 ἐξέτεινε
886 3653 899 3677 ,
937 3614 1030 3666 καὶ
1061 3612 1163 3684 ἦρε
1198 3617 1351 3684 χεῖρα
1377 3614 1641 3683 θεομάχον
1673 3613 1816 3666 κατὰ
1846 3613 1947 3683 τῆς

374 3707 675 3771 εὐσεϐείας,
703 3705 1033 3777 κηρύγματα
1059 3705 1114 3757 δὲ
1137 3702 1205 3775 ἦν
1234 3704 1531 3774 πανταχοῦ,
1565 3704 1656 3756 καὶ
1681 3703 1946 3772 διαγράμ-

378 3814 519 3866 ματα
549 3797 775 3866 ἦπλωτο
815 3796 958 3849 κατά
989 3796 1167 3848 πᾶσαν
1204 3794 1407 3864 ἀγορὰν
1451 3795 1545 3846 καὶ
1576 3793 1754 3847 πάντα
1786 3794 1947 3845 τόπον

376 3892 645 3961 ἐπίσημον
669 3929 687 3952 ,
720 3889 799 3959 μὴ
824 3885 1243 3961 προσκυνεῖσθαι
1268 3886 1520 3955 Χριστὸν,
1556 3885 1588 3954 ἢ
1620 3883 1845 3936 θάνατον
1872 3878 1947 3935 εἷ-

377 4002 457 4036 ναι
487 3984 588 4053 τήν
641 3981 845 4053 ζημίαν
882 3984 996 4043 τοῖς
1033 3977 1423 4049 προσκυνοῦσυ
1481 3975 1575 4027 καὶ
1620 3974 1949 4045 πρόσταγμα

375 4071 439 4145 ἦν
475 4073 816 4127 ὐποκύπτειν
861 4071 1098 4133 εἰδώλοις
1140 4070 1382 4131 ἅπαντας
1407 4110 1422 4132 ,
1478 4068 1572 4120 καὶ
1625 4066 1803 4129 λίθους
1842 4069 1962 4149 ἔα),

378 4167 504 4232 ξύλα
552 4166 871 4237 χαράγματι
916 4164 1110 4232 τέχνης
1155 4159 1560 4232 μεμορφωμένα
1605 4159 1759 4223 θεοὺς
1801 4162 1949 4229 ἡγεῖ-

380 4259 535 4321 σθαι,
584 4260 618 4328 ἦ
669 4258 795 4319 τοὺς
846 4255 919 4327 μὴ
960 4254 1310 4323 πειθομένους
1363 4252 1593 4322 πάσχειν
1636 4254 1945 4323 ἀνήκεστα·

381 4351 635 4421 σύγχυσις
683 4349 739 4401 δὲ
778 4344 845 4418 ἦν
884 4348 979 4399 καὶ
1008 4346 1215 4417 ταραχὴ
1250 4344 1336 4397 διὰ
1371 4345 1549 4414 πάσης
1578 4345 1678 4413 τῆς
1722 4344 1947 4407 πόλεως,

379 4445 468 4497 καὶ
524 4441 813 4511 λεηλασίαι
866 4438 1008 4492 κατὰ
1064 4437 1170 4490 τῶν
1218 4435 1627 4489 εὐσεϐούντων·
1692 4437 1951 4505 χρήματα

378 4535 742 4607 διηρπάζετο,
796 4534 1029 4604 πληγαῖς
1067 4533 1135 4584 τὰ
1170 4532 1278 4583 τῶν
1325 4531 1681 4601 φιλοχρίστων
1722 4528 1950 4599 σώματα

380 4626 723 4691 κατεξαίνετο
744 4665 760 4687 ,
807 4627 1060 4691 γυναῖκες
1096 4623 1337 4676 εἴλκοντο
1378 4622 1466 4675 διὰ
1501 4622 1671 4693 μέσης
1709 4621 1809 4690 τῆς
1835 4619 1946 4687 (69..)

384 4716 617 4779 πόλεως*
650 4715 712 4767 ού
745 4715 932 4783 νεότης
966 4713 1169 4781 ἐλεεινὴ
1192 4752 1205 4775 ,
1244 4713 1302 4763 οὐ
1336 4712 1510 4783 γῆρας
1545 4710 1820 4778 αἰδέσιμον
1844 4704 1945 4779 ἦν·

447 4871 558 4941 (57)
588 4868 1006 4938 111ιιό,Ἀμυδρᾶι
1036 4867 1143 4938 γάρ
1172 4883 1255 4928 τις
1283 4867 1459 4941 φήμη,
1492 4872 1621 4926 etc.,
1655 4864 1727 4941 ita
1754 4861 1942 4941 Latine

382 4933 614 4997 reddidit
634 4933 907 5007 interpres
928 4933 1257 5001 vetu’s,'nam
1285 4933 1508 4989 obsitum
1530 4934 1771 5007 qua'dam
1799 4933 1945 5001 fama

382 5015 478 5066 viri
508 5012 668 5082 hujus
714 5006 974 5082 privctara
1005 5009 1147 5076 facta
1176 5023 1523 5082 _conservans._
1557 5006 1624 5058 ad
1666 5020 1757 5056 nos
1786 5019 1948 5072 usque

383 5086 516 5137 venit
542 5075 588 5135 :v
609 5075 724 5151 qua
749 5081 805 5133 in
836 5075 1296 5151 interpretatione
1342 5092 1446 5151 vox
1473 5075 1717 5151 obscura,
1742 5082 1811 5151 ut
1854 5089 1947 5126 ve-

382 5169 498 5207 rum
539 5143 734 5211 fatear,
774 5150 906 5224 mihi
959 5143 1109 5202 nullo
1136 5146 1537 5224 modo_p|aeet.
1568 5144 1709 5224 Nam
1736 5143 1794 5224 fit
1838 5158 1948 5224 non

383 5238 526 5289 raro,
561 5230 621 5276 ut
650 5219 1127 5290 quodiobscurum
1162 5226 1266 5279 est,
1309 5216 1410 5269 hoc
1443 5214 1843 5290 idem__dnbium
1883 5214 1953 5266 sit

383 5305 433 5346 et
466 5286 756 5348 incertum.
797 5289 889 5343 Sic
925 5290 1089 5359 igitur
1119 5286 1459 5359 interpretari
1487 5286 1691 5359 malim.
1718 5292 1953 5359 nam-te-

386 5368 500 5416 nuis
533 5361 777 5432 quaedam
816 5352 984 5429 fami,
1030 5373 1135 5427 qua
1168 5352 1276 5409 υἱνῖ
1304 5356 1456 5432 illius
1480 5356 1534 5407 in
1579 5352 1950 5406 certaminibus

383 5422 640 5501 pnecthra
666 5422 927 5503 fasin-oro
963 5422 1358 5503 conservantur,
1390 5422 1458 5503 ad
1502 5440 1594 5477 nos
1636 5438 1795 5503 usque
1827 5438 1946 5489 per-

386 5494 537 5567 venit,
568 5511 627 5556 ut
656 5494 894 5555 Basilius
918 5501 1021 5552 hoc
1042 5498 1206 5574 dicat,
1232 5512 1298 5551 ne
1318 5495 1553 5574 defuisse
1568 5494 1785 5574 quidem
1813 5502 1945 5574 tum,

389 5588 509 5625 cum
525 5562 969 5643 concionaretur,
1001 5567 1235 5639 quiquae
1266 5572 1512 5618 narraret
1539 5573 1593 5617 et
1617 5562 1949 5643 vi'dissentet

390 5641 723 5697 audivissent
749 5641 879 5696 :sed
902 5634 1084 5693 tamén
1115 5634 1412 5707 perpaucos
1443 5634 1762 5707 superstites
1784 5634 1953 5686 fuisse

391 5714 459 5765 οἱ)
487 5713 746 5783 temporis
792 5705 1234 5783 diuturnitatem,
1276 5722 1396 5783 quae
1422 5705 1715 5783 _ellecerat,_
1733 5711 1797 5783 ut
1829 5717 1955 5783 pars

393 5771 617 5836 maxima
660 5783 817 5837 senio
848 5780 1081 5835 confecti
1113 5780 1226 5848 jam
1278 5771 1628 5831 interiissent.
1660 5771 1751 5827 Illa
1790 5774 1955 5842 igitur

2049 3327 2225 3380 adhuc
2245 3328 2413 3382 decus
2446 3330 2720 3398 quoddam
2762 3332 2921 3387 nobis
2956 3340 3009 3387 et
3050 3343 3432 3391 ornamentum
3481 3353 3617 3392 con-

2048 3418 2211 3474 ferre.
2246 3419 2376 3473 Erat
2411 3428 2592 3475 autem
2641 3423 2846 3477 militia:
2889 3427 3183 3494 ascriptus,
3204 3426 3258 3480 in
3288 3442 3394 3497 qua
3434 3429 3614 3483 locum

2048 3510 2319 3580 insignem
2341 3513 2537 3579 tenuit;
2575 3513 2648 3566 ita
2677 3524 2736 3568 ut
2762 3516 3023 3572 militibus
3055 3526 3274 3571 centum
3304 3528 3451 3575 esset
3476 3538 3615 3590 prat-

2048 3600 2245 3665 fectus,
2274 3603 2631 3672 corporisque
2656 3606 2851 3660 robore
2885 3616 2937 3660 et
2966 3608 3134 3660 animi
3168 3608 3489 3666 fortitudine
3528 3614 3614 3666 in-

2047 3701 2133 3745 ter
2170 3694 2437 3748 militares
2492 3696 2713 3750 ordines
2746 3698 3006 3754 clareret.
3046 3699 3181 3754 Cum
3224 3702 3390 3770 igitur
3432 3715 3619 3775 tyran-

2050 3799 2154 3838 nus
2203 3785 2293 3854 qui
2327 3794 2459 3841 tunc
2509 3787 2831 3855 imperabat,
2875 3792 3290 3847 amaritudinem
3332 3797 3496 3849 animi
3537 3808 3620 3851 at-

2049 3891 2155 3945 que
2182 3877 2559 3933 crudelitatem
2592 3896 2768 3950 usque
2798 3881 2862 3935 ad
2894 3881 3154 3938 Ecclesiae
3188 3886 3388 3940 bellum
3430 3901 3621 3943 extenv

2050 3968 2225 4031 deret,
2276 3970 2601 4039 tolleretque
2639 3973 2903 4027 adversus
2934 3974 3188 4042 pietatem
3235 3993 3455 4032 manum
3506 3970 3618 4035 Deo

2051 4060 2344 4123 infensam,
2386 4069 2441 4115 et
2493 4063 2910 4119 denuntiaretur
2966 4068 3166 4137 ubique
3209 4083 3273 4121 ac
3314 4071 3621 4127 ediceretur

2052 4151 2108 4205 in
2138 4153 2285 4205 omni
2316 4152 2434 4207 foro
2466 4161 2521 4205 et
2550 4154 2767 4209 inomni
2800 4156 2917 4209 loco
2944 4158 3164 4227 insigni,
3187 4167 3242 4211 ut
3266 4175 3335 4213 ne
3364 4161 3624 4217 adorare-

2054 4253 2142 4298 tur
2161 4244 2435 4308 Christus,
2467 4247 2708 4314 alioquin
2750 4256 2925 4304 morte
2948 4251 3311 4306 multarentur
3339 4256 3577 4310 cultores
3602 4274 3618 4322 ;

2054 4356 2289 4410 cumque
2339 4352 2667 4411 prmceptum
2723 4352 2908 4410 esset,
2970 4354 3027 4398 ut
3085 4363 3272 4403 omnes
3331 4351 3622 4405 adorarent

2054 4432 2238 4496 idolan‘
2265 4434 2637 4505 haberentque
2686 4452 2783 4505 pro
2818 4438 2923 4492 diis
2959 4439 3163 4507 lapides
3212 4448 3265 4495 et
3313 4442 3456 4513 ligna
3487 4445 3621 4498 artis

2057 4524 2315 4578 caelatura
2343 4525 2703 4589 conformata,
2738 4529 2978 4597 alioquin
3005 4531 3050 4584 si
3083 4532 3174 4599 qui
3204 4531 3349 4586 dicto
3392 4534 3621 4588 audien-

2058 4625 2140 4669 tes
2164 4631 2273 4669 non
2319 4624 2525 4677 essent,
2560 4617 2863 4684 perferrent
2904 4620 3297 4683 intolerabilia;
3352 4636 3475 4676 cum
3523 4624 3621 4677 de-

2059 4709 2222 4777 nique
2275 4709 2702 4764 confunderetur
2759 4711 3181 4781 turbareturque
3227 4712 3418 4766 civitas
3463 4713 3622 4786 144

2054 4860 2193 4913 fama
2224 4860 2506 4916 dicebatur
2531 4862 2767 4933 ἀμυδρά,
2796 4879 2902 4917 non
2928 4865 3071 4933 quod
3101 4866 3332 4919 obscura
3362 4874 3506 4921 esset
3531 4876 3625 4920 aut

2050 4934 2281 5002 incerta,
2331 4933 2424 4986 sed
2476 4933 2621 5001 quod
2660 4948 2953 5002 paucorum
3005 4934 3227 4989 testium
3277 4937 3621 4989 oculatorum

2050 5000 2362 5073 testimonio
2391 5000 2675 5055 niteretur;
2746 5071 2783 5073 ᾼ
2806 5072 2815 5073 7
3558 5070 3559 5073 η

2122 5067 2233 5145 (58)
2263 5072 2353 5125 Sic
2378 5087 2508 5125 mss.
2536 5073 2710 5126 multi.
2744 5071 2885 5126 Editi
2914 5088 3043 5128 vero
3069 5073 3136 5126 τὰ
3161 5073 3280 5127 καθ’
3313 5076 3459 5145 ἡμᾶς
3488 5070 3621 5137 τοῖς.

2054 5142 2250 5214 Statim
2275 5150 2394 5214 tres
2425 5157 2557 5195 mss.
2580 5144 3023 5214 μεταγράφουσι.

2147 5211 2233 5284 ἓξ9)
2268 5212 2359 5284 Sic
2387 5227 2519 5265 mss.
2562 5212 2691 5265 duo.
2716 5211 3228 5284 AVoeularsdeerat
3280 5216 3332 5268 in
3367 5216 3619 5284 vulgatis.

2147 5213 2233 5279 59)
2268 5213 2359 5265 Sic
2387 5227 2519 5265 mss.
2562 5213 2691 5265 duo.
2721 5213 2922 5265 Vocula
2952 5229 3011 5265 τε
3041 5213 3228 5267 deerat
3280 5216 3332 5268 in
3367 5216 3619 5284 vulgatis.

2123 5213 2239 5355 ise)
2287 5281 2967 5355 ‘Erxgteileryérc'ghdé.
3002 5282 3370 5355 Supplendum
3402 5281 3489 5355 ἦν,
3524 5303 3625 5339 no-

2058 5353 2391 5421 tandumque
2414 5352 2546 5404 illud
2571 5366 2692 5406 esse
2722 5351 3272 5421 redditionem’hujus
3297 5351 3623 5414 comitialis:

2052 5416 2217 5497 Οὗτος
2249 5416 2348 5497 ἔφυ
2386 5421 2577 5490 μέν...,
2622 5422 2967 5490 ἱηιετιῃοιιὶἰε
3002 5439 3097 5492 per
3127 5416 3475 5495 parenthesin
3523 5441 3625 5497 ap-

2090 5491 2263 5546 ositis.
2294 5492 2443 5543 Εοιτ.

2052 5508 2263 5561 ροειιιδ.
2294 5508 2443 5543 ΕΒΙΤ.

2124 5562 2232 5630 (οι)
2272 5559 2416 5631 eam
2444 5559 2631 5631 ἐπειδὴ
2676 5562 2721 5614 ὁ.
2775 5559 2928 5616 Unus
2964 5576 3068 5617 ms.
3128 5563 3250 5615 ἐπεὶ
3281 5564 3337 5617 δὲ
3376 5566 3422 5617 ὀ.
3469 5563 3628 5623 Alius

2054 5634 2174 5684 ἐπεὶ
2201 5632 2262 5684 δτι
2293 5632 2341 5682 ὁ.

2127 5675 2441 5775 (bifidum
2466 5700 2643 5775 Paris.
2670 5701 2758 5755 διὰ
2783 5701 2963 5773 πάσης
2993 5702 3110 5773 τῆς.
3139 5701 3364 5760 Veteres
3387 5705 3626 5775 auinun

2059 5771 2179 5826 libri
2208 5771 2294 5824 διὰ
2324 5772 2496 5839 μέσης
2520 5771 2635 5841 τῆς.
