  <div class='ocr_page' id='page_1' title='image "/cluster/home/n/w/nwhite01/storage/ocr_20150623/31/mdp.39015012934363/257.png"; bbox 0 0 4036 6236; ppageno 0'>
   <div class='ocr_carea' id='block_1_1' title="bbox 426 348 535 402">
    <p class='ocr_par' dir='ltr' id='par_1_1' title="bbox 426 348 535 402">
     <span class='ocr_line' id='line_1_1' title="bbox 426 348 535 402; baseline -0.009 -1"><span class='ocrx_word' id='word_1_1' title='bbox 426 348 535 402; x_wconf 67' lang='lat'><strong>495</strong></span> 
     </span>
    </p>
   </div>
   <div class='ocr_carea' id='block_1_2' title="bbox 1722 339 2313 397">
    <p class='ocr_par' dir='ltr' id='par_1_2' title="bbox 1722 339 2313 397">
     <span class='ocr_line' id='line_1_2' title="bbox 1722 339 2313 397; baseline -0.005 0"><span class='ocrx_word' id='word_1_2' title='bbox 1722 341 1780 397; x_wconf 88' lang='lat' dir='ltr'><strong>S.</strong></span> <span class='ocrx_word' id='word_1_3' title='bbox 1822 339 2068 396; x_wconf 75' lang='lat' dir='ltr'><strong>BASILII</strong></span> <span class='ocrx_word' id='word_1_4' title='bbox 2100 340 2313 396; x_wconf 74' lang='lat' dir='ltr'><strong>MAGNI</strong></span> 
     </span>
    </p>
   </div>
   <div class='ocr_carea' id='block_1_3' title="bbox 3570 350 3675 407">
    <p class='ocr_par' dir='ltr' id='par_1_3' title="bbox 3570 350 3675 407">
     <span class='ocr_line' id='line_1_3' title="bbox 3570 350 3675 407; baseline 0 0"><span class='ocrx_word' id='word_1_5' title='bbox 3570 350 3675 407; x_wconf 62' lang='lat'><strong>496</strong></span> 
     </span>
    </p>
   </div>
   <div class='ocr_carea' id='block_1_4' title="bbox 427 456 2003 533">
    <p class='ocr_par' dir='ltr' id='par_1_4' title="bbox 427 456 2002 531">
     <span class='ocr_line' id='line_1_4' title="bbox 427 456 2002 531; baseline -0.006 -14"><span class='ocrx_word' id='word_1_6' title='bbox 427 472 562 526; x_wconf 89' lang='lat' dir='ltr'><strong>tota,</strong></span> <span class='ocrx_word' id='word_1_7' title='bbox 615 460 801 531; x_wconf 89' lang='lat' dir='ltr'><strong>piique</strong></span> <span class='ocrx_word' id='word_1_8' title='bbox 849 465 1033 515; x_wconf 82' lang='lat' dir='ltr'><strong>essent</strong></span> <span class='ocrx_word' id='word_1_9' title='bbox 1083 458 1279 528; x_wconf 70' lang='lat' dir='ltr'><strong>przrdae</strong></span> <span class='ocrx_word' id='word_1_10' title='bbox 1317 458 1586 529; x_wconf 78' lang='lat' dir='ltr'><strong>expositi,</strong></span> <span class='ocrx_word' id='word_1_11' title='bbox 1632 456 2002 527; x_wconf 78' lang='lat' dir='ltr'><strong>diriperentur</strong></span> 
     </span>
    </p>
   </div>
   <div class='ocr_carea' id='block_1_5' title="bbox 2106 456 3675 533">
    <p class='ocr_par' dir='ltr' id='par_1_5' title="bbox 2106 457 3675 533">
     <span class='ocr_line' id='line_1_5' title="bbox 2106 457 3675 533; baseline 0.004 -24"><span class='ocrx_word' id='word_1_12' title='bbox 2106 457 2216 509; x_wconf 86' lang='grc' dir='ltr'>ἀλλ’</span> <span class='ocrx_word' id='word_1_13' title='bbox 2239 458 2286 509; x_wconf 80' lang='grc' dir='ltr'>οε</span> <span class='ocrx_word' id='word_1_14' title='bbox 2320 457 2482 527; x_wconf 83' lang='grc' dir='ltr'>μηδὲν</span> <span class='ocrx_word' id='word_1_15' title='bbox 2510 457 2820 522; x_wconf 80' lang='grc' dir='ltr'><strong>ἀδικοῦντες</strong></span> <span class='ocrx_word' id='word_1_16' title='bbox 2862 458 2930 512; x_wconf 83' lang='grc' dir='ltr'>τὰ</span> <span class='ocrx_word' id='word_1_17' title='bbox 2976 458 3082 512; x_wconf 85' lang='grc' dir='ltr'><strong>τῶν</strong></span> <span class='ocrx_word' id='word_1_18' title='bbox 3121 459 3440 529; x_wconf 88' lang='grc' dir='ltr'>κακούργων</span> <span class='ocrx_word' id='word_1_19' title='bbox 3471 460 3675 533; x_wconf 77' lang='grc' dir='ltr'>ὑπέμε-</span> 
     </span>
    </p>
   </div>
   <div class='ocr_carea' id='block_1_6' title="bbox 428 547 1995 625">
    <p class='ocr_par' dir='ltr' id='par_1_6' title="bbox 428 547 1995 625">
     <span class='ocr_line' id='line_1_6' title="bbox 428 547 1995 625; baseline -0.004 -18"><span class='ocrx_word' id='word_1_20' title='bbox 428 553 692 625; x_wconf 69' lang='grc' dir='ltr'>ρεοιιιιίαι,</span> <span class='ocrx_word' id='word_1_21' title='bbox 727 552 900 622; x_wconf 79' lang='lat' dir='ltr'><strong>plagis</strong></span> <span class='ocrx_word' id='word_1_22' title='bbox 943 549 1342 605; x_wconf 87' lang='lat' dir='ltr'><strong>dilaniarentur</strong></span> <span class='ocrx_word' id='word_1_23' title='bbox 1391 564 1623 620; x_wconf 91' lang='lat' dir='ltr'><strong>corpora</strong></span> <span class='ocrx_word' id='word_1_24' title='bbox 1658 547 1995 603; x_wconf 86' lang='lat' dir='ltr'><strong>Christiano-</strong></span> 
     </span>
    </p>
   </div>
   <div class='ocr_carea' id='block_1_7' title="bbox 428 639 1999 711">
    <p class='ocr_par' dir='ltr' id='par_1_7' title="bbox 428 639 1999 711">
     <span class='ocr_line' id='line_1_7' title="bbox 428 639 1999 711; baseline -0.004 -13"><span class='ocrx_word' id='word_1_25' title='bbox 428 660 572 711; x_wconf 89' lang='lat' dir='ltr'><strong>rum,</strong></span> <span class='ocrx_word' id='word_1_26' title='bbox 611 643 960 697; x_wconf 76' lang='lat' dir='ltr'><strong>traherentur</strong></span> <span class='ocrx_word' id='word_1_27' title='bbox 991 641 1247 695; x_wconf 86' lang='lat' dir='ltr'><strong>mulieres</strong></span> <span class='ocrx_word' id='word_1_28' title='bbox 1288 656 1384 711; x_wconf 88' lang='lat' dir='ltr'><strong>per</strong></span> <span class='ocrx_word' id='word_1_29' title='bbox 1414 640 1647 694; x_wconf 89' lang='lat' dir='ltr'><strong>mediam</strong></span> <span class='ocrx_word' id='word_1_30' title='bbox 1676 639 1953 694; x_wconf 89' lang='lat' dir='ltr'><strong>civitatem</strong></span> <span class='ocrx_word' id='word_1_31' title='bbox 1983 653 1999 703; x_wconf 88' lang='lat'><strong>;</strong></span> 
     </span>
    </p>
   </div>
   <div class='ocr_carea' id='block_1_8' title="bbox 430 728 2000 804">
    <p class='ocr_par' dir='ltr' id='par_1_8' title="bbox 430 728 2000 804">
     <span class='ocr_line' id='line_1_8' title="bbox 430 728 2000 804; baseline -0.006 -14"><span class='ocrx_word' id='word_1_32' title='bbox 430 747 545 790; x_wconf 90' lang='lat' dir='ltr'><strong>tum</strong></span> <span class='ocrx_word' id='word_1_33' title='bbox 568 734 828 804; x_wconf 79' lang='lat' dir='ltr'><strong>juventus</strong></span> <span class='ocrx_word' id='word_1_34' title='bbox 855 747 963 786; x_wconf 88' lang='lat' dir='ltr'><strong>non</strong></span> <span class='ocrx_word' id='word_1_35' title='bbox 999 732 1309 787; x_wconf 77' lang='lat' dir='ltr'><strong>concitabat</strong></span> <span class='ocrx_word' id='word_1_36' title='bbox 1336 728 1793 792; x_wconf 85' lang='lat' dir='ltr'><strong>misericordiam,</strong></span> <span class='ocrx_word' id='word_1_37' title='bbox 1851 730 2000 783; x_wconf 86' lang='lat' dir='ltr'><strong>nulla</strong></span> 
     </span>
    </p>
   </div>
   <div class='ocr_carea' id='block_1_9' title="bbox 429 821 2005 895">
    <p class='ocr_par' dir='ltr' id='par_1_9' title="bbox 429 821 2005 895">
     <span class='ocr_line' id='line_1_9' title="bbox 429 821 2005 895; baseline -0.004 -12"><span class='ocrx_word' id='word_1_38' title='bbox 429 828 729 883; x_wconf 86' lang='lat' dir='ltr'><strong>senectutis</strong></span> <span class='ocrx_word' id='word_1_39' title='bbox 764 826 1070 881; x_wconf 87' lang='lat' dir='ltr'><strong>reverentia</strong></span> <span class='ocrx_word' id='word_1_40' title='bbox 1121 834 1259 888; x_wconf 87' lang='lat' dir='ltr'><strong>erat,</strong></span> <span class='ocrx_word' id='word_1_41' title='bbox 1311 824 1407 879; x_wconf 88' lang='lat' dir='ltr'><strong>sed</strong></span> <span class='ocrx_word' id='word_1_42' title='bbox 1447 824 1540 895; x_wconf 90' lang='lat' dir='ltr'><strong>qui</strong></span> <span class='ocrx_word' id='word_1_43' title='bbox 1590 823 1729 878; x_wconf 86' lang='lat' dir='ltr'><strong>nihil</strong></span> <span class='ocrx_word' id='word_1_44' title='bbox 1776 821 2005 878; x_wconf 80' lang='lat' dir='ltr'><strong>admise-</strong></span> 
     </span>
    </p>
   </div>
   <div class='ocr_carea' id='block_1_10' title="bbox 432 915 2004 986">
    <p class='ocr_par' dir='ltr' id='par_1_10' title="bbox 432 915 2004 986">
     <span class='ocr_line' id='line_1_10' title="bbox 432 915 2004 986; baseline -0.004 -12"><span class='ocrx_word' id='word_1_45' title='bbox 432 927 553 975; x_wconf 83' lang='lat' dir='ltr'><strong>rant</strong></span> <span class='ocrx_word' id='word_1_46' title='bbox 592 920 744 981; x_wconf 88' lang='lat' dir='ltr'><strong>mali,</strong></span> <span class='ocrx_word' id='word_1_47' title='bbox 780 918 1154 973; x_wconf 79' lang='lat' dir='ltr'><strong>maleficoruni</strong></span> <span class='ocrx_word' id='word_1_48' title='bbox 1183 917 1443 972; x_wconf 86' lang='lat' dir='ltr'><strong>subibant</strong></span> <span class='ocrx_word' id='word_1_49' title='bbox 1480 915 1774 985; x_wconf 89' lang='lat' dir='ltr'><strong>supplicia.</strong></span> <span class='ocrx_word' id='word_1_50' title='bbox 1815 915 2004 986; x_wconf 84' lang='lat' dir='ltr'><strong>Angu-</strong></span> 
     </span>
    </p>
   </div>
   <div class='ocr_carea' id='block_1_11' title="bbox 432 1009 2001 1079">
    <p class='ocr_par' dir='ltr' id='par_1_11' title="bbox 432 1009 2001 1079">
     <span class='ocr_line' id='line_1_11' title="bbox 432 1009 2001 1079; baseline -0.004 -10"><span class='ocrx_word' id='word_1_51' title='bbox 432 1017 500 1069; x_wconf 89' lang='lat' dir='ltr'><strong>sti</strong></span> <span class='ocrx_word' id='word_1_52' title='bbox 540 1021 699 1069; x_wconf 89' lang='lat' dir='ltr'><strong>erant</strong></span> <span class='ocrx_word' id='word_1_53' title='bbox 735 1027 1007 1075; x_wconf 87' lang='lat' dir='ltr'><strong>carceres,</strong></span> <span class='ocrx_word' id='word_1_54' title='bbox 1052 1011 1282 1067; x_wconf 72' lang='lat' dir='ltr'><strong>deserta:</strong></span> <span class='ocrx_word' id='word_1_55' title='bbox 1313 1018 1467 1066; x_wconf 89' lang='lat' dir='ltr'><strong>erant</strong></span> <span class='ocrx_word' id='word_1_56' title='bbox 1490 1010 1684 1065; x_wconf 88' lang='lat' dir='ltr'><strong>domus</strong></span> <span class='ocrx_word' id='word_1_57' title='bbox 1712 1009 2001 1079; x_wconf 73' lang='lat' dir='ltr'><strong>Opulentm,</strong></span> 
     </span>
    </p>
   </div>
   <div class='ocr_carea' id='block_1_12' title="bbox 432 1100 2003 1173">
    <p class='ocr_par' dir='ltr' id='par_1_12' title="bbox 432 1100 2003 1173">
     <span class='ocr_line' id='line_1_12' title="bbox 432 1100 2003 1173; baseline -0.007 -10"><span class='ocrx_word' id='word_1_58' title='bbox 432 1106 759 1163; x_wconf 83' lang='lat' dir='ltr'><strong>solitudines</strong></span> <span class='ocrx_word' id='word_1_59' title='bbox 815 1104 1030 1159; x_wconf 66' lang='lat' dir='ltr'><strong>refertas</strong></span> <span class='ocrx_word' id='word_1_60' title='bbox 1088 1102 1354 1173; x_wconf 82' lang='lat' dir='ltr'><strong>profugis.</strong></span> <span class='ocrx_word' id='word_1_61' title='bbox 1419 1100 1640 1155; x_wconf 87' lang='lat' dir='ltr'><strong>Crimen</strong></span> <span class='ocrx_word' id='word_1_62' title='bbox 1672 1111 1852 1154; x_wconf 86' lang='lat' dir='ltr'><strong>autem</strong></span> <span class='ocrx_word' id='word_1_63' title='bbox 1889 1100 2003 1153; x_wconf 72' lang='lat' dir='ltr'><strong>haec</strong></span> 
     </span>
    </p>
   </div>
   <div class='ocr_carea' id='block_1_13' title="bbox 427 1193 1999 1267">
    <p class='ocr_par' dir='ltr' id='par_1_13' title="bbox 427 1193 1999 1267">
     <span class='ocr_line' id='line_1_13' title="bbox 427 1193 1999 1267; baseline -0.004 -15"><span class='ocrx_word' id='word_1_64' title='bbox 427 1201 781 1254; x_wconf 84' lang='lat' dir='ltr'><strong>tolerantium</strong></span> <span class='ocrx_word' id='word_1_65' title='bbox 811 1206 932 1252; x_wconf 90' lang='lat' dir='ltr'><strong>erat</strong></span> <span class='ocrx_word' id='word_1_66' title='bbox 981 1196 1176 1267; x_wconf 89' lang='lat' dir='ltr'><strong>pietas.</strong></span> <span class='ocrx_word' id='word_1_67' title='bbox 1225 1194 1293 1248; x_wconf 87' lang='lat' dir='ltr'><strong>Et</strong></span> <span class='ocrx_word' id='word_1_68' title='bbox 1330 1202 1480 1265; x_wconf 88' lang='lat' dir='ltr'><strong>pater</strong></span> <span class='ocrx_word' id='word_1_69' title='bbox 1505 1194 1767 1263; x_wconf 86' lang='lat' dir='ltr'><strong>prodebat</strong></span> <span class='ocrx_word' id='word_1_70' title='bbox 1804 1193 1999 1257; x_wconf 87' lang='lat' dir='ltr'><strong>filium,</strong></span> 
     </span>
    </p>
   </div>
   <div class='ocr_carea' id='block_1_14' title="bbox 430 1284 2002 1363">
    <p class='ocr_par' dir='ltr' id='par_1_14' title="bbox 430 1284 2002 1363">
     <span class='ocr_line' id='line_1_14' title="bbox 430 1284 2002 1363; baseline -0.006 -13"><span class='ocrx_word' id='word_1_71' title='bbox 430 1301 486 1350; x_wconf 80' lang='lat' dir='ltr'><strong>et</strong></span> <span class='ocrx_word' id='word_1_72' title='bbox 514 1300 729 1363; x_wconf 85' lang='lat' dir='ltr'><strong>patrem</strong></span> <span class='ocrx_word' id='word_1_73' title='bbox 765 1289 911 1345; x_wconf 84' lang='lat' dir='ltr'><strong>ﬁlius</strong></span> <span class='ocrx_word' id='word_1_74' title='bbox 951 1288 1230 1343; x_wconf 83' lang='lat' dir='ltr'><strong>indicabat</strong></span> <span class='ocrx_word' id='word_1_75' title='bbox 1267 1305 1281 1341; x_wconf 88' lang='lat'><strong>:</strong></span> <span class='ocrx_word' id='word_1_76' title='bbox 1312 1285 1510 1341; x_wconf 79' lang='lat' dir='ltr'><strong>fratres</strong></span> <span class='ocrx_word' id='word_1_77' title='bbox 1535 1285 1589 1339; x_wconf 89' lang='lat' dir='ltr'><strong>in</strong></span> <span class='ocrx_word' id='word_1_78' title='bbox 1622 1284 1821 1342; x_wconf 78' lang='lat' dir='ltr'><strong>fratres</strong></span> <span class='ocrx_word' id='word_1_79' title='bbox 1851 1284 2002 1340; x_wconf 85' lang='lat' dir='ltr'><strong>fure-</strong></span> 
     </span>
    </p>
   </div>
   <div class='ocr_carea' id='block_1_15' title="bbox 430 1379 2001 1449">
    <p class='ocr_par' dir='ltr' id='par_1_15' title="bbox 430 1379 2001 1449">
     <span class='ocr_line' id='line_1_15' title="bbox 430 1379 2001 1449; baseline -0.004 -10"><span class='ocrx_word' id='word_1_80' title='bbox 430 1386 583 1449; x_wconf 88' lang='lat' dir='ltr'><strong>bant,</strong></span> <span class='ocrx_word' id='word_1_81' title='bbox 617 1392 671 1438; x_wconf 90' lang='lat' dir='ltr'><strong>et</strong></span> <span class='ocrx_word' id='word_1_82' title='bbox 698 1383 840 1437; x_wconf 84' lang='lat' dir='ltr'><strong>servi</strong></span> <span class='ocrx_word' id='word_1_83' title='bbox 876 1381 932 1434; x_wconf 94' lang='lat' dir='ltr'><strong>in</strong></span> <span class='ocrx_word' id='word_1_84' title='bbox 962 1380 1217 1434; x_wconf 89' lang='lat' dir='ltr'><strong>dominos</strong></span> <span class='ocrx_word' id='word_1_85' title='bbox 1252 1393 1383 1434; x_wconf 85' lang='lat' dir='ltr'><strong>suos</strong></span> <span class='ocrx_word' id='word_1_86' title='bbox 1406 1379 1785 1449; x_wconf 89' lang='lat' dir='ltr'><strong>insurgebant.</strong></span> <span class='ocrx_word' id='word_1_87' title='bbox 1824 1379 2001 1449; x_wconf 75' lang='lat' dir='ltr'><strong>Atque</strong></span> 
     </span>
    </p>
   </div>
   <div class='ocr_carea' id='block_1_16' title="bbox 429 1470 2000 1545">
    <p class='ocr_par' dir='ltr' id='par_1_16' title="bbox 429 1470 2000 1545">
     <span class='ocr_line' id='line_1_16' title="bbox 429 1470 2000 1545; baseline -0.003 -14"><span class='ocrx_word' id='word_1_88' title='bbox 429 1477 549 1531; x_wconf 87' lang='lat' dir='ltr'><strong>dira</strong></span> <span class='ocrx_word' id='word_1_89' title='bbox 598 1473 846 1545; x_wconf 73' lang='lat' dir='ltr'><strong>quaedam</strong></span> <span class='ocrx_word' id='word_1_90' title='bbox 897 1487 1005 1526; x_wconf 79' lang='lat' dir='ltr'><strong>nox</strong></span> <span class='ocrx_word' id='word_1_91' title='bbox 1053 1486 1227 1541; x_wconf 88' lang='lat' dir='ltr'><strong>genus</strong></span> <span class='ocrx_word' id='word_1_92' title='bbox 1261 1470 1544 1526; x_wconf 87' lang='lat' dir='ltr'><strong>hominum</strong></span> <span class='ocrx_word' id='word_1_93' title='bbox 1581 1472 1654 1525; x_wconf 88' lang='lat' dir='ltr'><strong>ita</strong></span> <span class='ocrx_word' id='word_1_94' title='bbox 1702 1471 2000 1536; x_wconf 86' lang='lat' dir='ltr'><strong>invaserat,</strong></span> 
     </span>
    </p>
   </div>
   <div class='ocr_carea' id='block_1_17' title="bbox 429 1562 2003 1633">
    <p class='ocr_par' dir='ltr' id='par_1_17' title="bbox 429 1562 2003 1633">
     <span class='ocr_line' id='line_1_17' title="bbox 429 1562 2003 1633; baseline -0.004 -11"><span class='ocrx_word' id='word_1_95' title='bbox 429 1576 490 1623; x_wconf 90' lang='lat' dir='ltr'><strong>ut</strong></span> <span class='ocrx_word' id='word_1_96' title='bbox 519 1565 981 1632; x_wconf 77' lang='lat' dir='ltr'><strong>omnes,,diabolo</strong></span> <span class='ocrx_word' id='word_1_97' title='bbox 1021 1563 1087 1618; x_wconf 90' lang='lat' dir='ltr'><strong>ad</strong></span> <span class='ocrx_word' id='word_1_98' title='bbox 1128 1562 1398 1618; x_wconf 87' lang='lat' dir='ltr'><strong>insaniam</strong></span> <span class='ocrx_word' id='word_1_99' title='bbox 1430 1562 1704 1633; x_wconf 83' lang='lat' dir='ltr'><strong>adigente,</strong></span> <span class='ocrx_word' id='word_1_100' title='bbox 1746 1578 1807 1619; x_wconf 81' lang='lat' dir='ltr'><strong>se</strong></span> <span class='ocrx_word' id='word_1_101' title='bbox 1861 1562 2003 1617; x_wconf 91' lang='lat' dir='ltr'><strong>invi-</strong></span> 
     </span>
    </p>
   </div>
   <div class='ocr_carea' id='block_1_18' title="bbox 430 1652 2003 1728">
    <p class='ocr_par' dir='ltr' id='par_1_18' title="bbox 430 1652 2003 1728">
     <span class='ocr_line' id='line_1_18' title="bbox 430 1652 2003 1728; baseline -0.005 -15"><span class='ocrx_word' id='word_1_102' title='bbox 430 1672 547 1713; x_wconf 90' lang='lat' dir='ltr'><strong>cem</strong></span> <span class='ocrx_word' id='word_1_103' title='bbox 567 1658 903 1728; x_wconf 85' lang='lat' dir='ltr'><strong>ignorarent.</strong></span> <span class='ocrx_word' id='word_1_104' title='bbox 940 1653 1309 1708; x_wconf 88' lang='lat' dir='ltr'><strong>Diruebantur</strong></span> <span class='ocrx_word' id='word_1_105' title='bbox 1338 1652 1484 1709; x_wconf 73' lang='lat' dir='ltr'><strong>aedes</strong></span> <span class='ocrx_word' id='word_1_106' title='bbox 1514 1652 1850 1725; x_wconf 87' lang='lat' dir='ltr'><strong>precationis</strong></span> <span class='ocrx_word' id='word_1_107' title='bbox 1886 1668 2003 1706; x_wconf 88' lang='lat' dir='ltr'><strong>ma-</strong></span> 
     </span>
    </p>
   </div>
   <div class='ocr_carea' id='block_1_19' title="bbox 431 1745 2002 1818">
    <p class='ocr_par' dir='ltr' id='par_1_19' title="bbox 431 1745 2002 1818">
     <span class='ocr_line' id='line_1_19' title="bbox 431 1745 2002 1818; baseline -0.004 -14"><span class='ocrx_word' id='word_1_108' title='bbox 431 1749 595 1804; x_wconf 89' lang='lat' dir='ltr'><strong>nibus</strong></span> <span class='ocrx_word' id='word_1_109' title='bbox 656 1747 978 1818; x_wconf 89' lang='lat' dir='ltr'><strong>impiorum,</strong></span> <span class='ocrx_word' id='word_1_110' title='bbox 1026 1747 1419 1801; x_wconf 87' lang='lat' dir='ltr'><strong>evertebantur</strong></span> <span class='ocrx_word' id='word_1_111' title='bbox 1467 1745 1683 1810; x_wconf 89' lang='lat' dir='ltr'><strong>altaria,</strong></span> <span class='ocrx_word' id='word_1_112' title='bbox 1732 1760 1835 1800; x_wconf 92' lang='lat' dir='ltr'><strong>nec</strong></span> <span class='ocrx_word' id='word_1_113' title='bbox 1883 1754 2002 1800; x_wconf 87' lang='lat' dir='ltr'><strong>erat</strong></span> 
     </span>
    </p>
   </div>
   <div class='ocr_carea' id='block_1_20' title="bbox 2106 547 3678 623">
    <p class='ocr_par' dir='ltr' id='par_1_20' title="bbox 2106 547 3678 623">
     <span class='ocr_line' id='line_1_20' title="bbox 2106 547 3678 623; baseline 0.003 -22"><span class='ocrx_word' id='word_1_114' title='bbox 2106 566 2192 601; x_wconf 88' lang='grc' dir='ltr'><strong>νον</strong></span> <span class='ocrx_word' id='word_1_115' title='bbox 2219 589 2234 613; x_wconf 91' lang='grc'><strong>,</strong></span> <span class='ocrx_word' id='word_1_116' title='bbox 2280 551 2691 620; x_wconf 68' lang='grc' dir='ltr'>ἐπενοχωρείτο</span> <span class='ocrx_word' id='word_1_117' title='bbox 2719 549 2788 602; x_wconf 89' lang='grc' dir='ltr'><strong>τά</strong></span> <span class='ocrx_word' id='word_1_118' title='bbox 2815 549 3158 621; x_wconf 77' lang='grc' dir='ltr'><strong>δεσμωτήρια</strong></span> <span class='ocrx_word' id='word_1_119' title='bbox 3178 592 3192 615; x_wconf 95' lang='grc'><strong>,</strong></span> <span class='ocrx_word' id='word_1_120' title='bbox 3227 549 3420 622; x_wconf 80' lang='grc' dir='ltr'>ἔρημοι</span> <span class='ocrx_word' id='word_1_121' title='bbox 3450 547 3590 623; x_wconf 81' lang='grc' dir='ltr'>ἦσαν</span> <span class='ocrx_word' id='word_1_122' title='bbox 3627 555 3678 605; x_wconf 73' lang='grc' dir='ltr'>οἱ</span> 
     </span>
    </p>
   </div>
   <div class='ocr_carea' id='block_1_21' title="bbox 2105 638 3677 712">
    <p class='ocr_par' dir='ltr' id='par_1_21' title="bbox 2105 638 3677 712">
     <span class='ocr_line' id='line_1_21' title="bbox 2105 638 3677 712; baseline 0.002 -21"><span class='ocrx_word' id='word_1_123' title='bbox 2105 638 2484 711; x_wconf 83' lang='grc' dir='ltr'>εὐθηνούμενοι</span> <span class='ocrx_word' id='word_1_124' title='bbox 2517 638 2623 694; x_wconf 83' lang='grc' dir='ltr'>τῶν</span> <span class='ocrx_word' id='word_1_125' title='bbox 2650 640 2844 705; x_wconf 82' lang='grc' dir='ltr'>οἴκων,</span> <span class='ocrx_word' id='word_1_126' title='bbox 2882 641 2938 693; x_wconf 85' lang='grc' dir='ltr'><strong>αἱ</strong></span> <span class='ocrx_word' id='word_1_127' title='bbox 2965 638 3021 693; x_wconf 80' lang='grc' dir='ltr'>δὲ</span> <span class='ocrx_word' id='word_1_128' title='bbox 3050 641 3275 712; x_wconf 83' lang='grc' dir='ltr'>ἐρημίαι</span> <span class='ocrx_word' id='word_1_129' title='bbox 3310 641 3538 712; x_wconf 83' lang='grc' dir='ltr'>πλήρεις</span> <span class='ocrx_word' id='word_1_130' title='bbox 3567 642 3677 695; x_wconf 81' lang='grc' dir='ltr'><strong>τῶν</strong></span> 
     </span>
    </p>
   </div>
   <div class='ocr_carea' id='block_1_22' title="bbox 2105 729 3681 805">
    <p class='ocr_par' dir='ltr' id='par_1_22' title="bbox 2105 729 3681 805">
     <span class='ocr_line' id='line_1_22' title="bbox 2105 729 3681 805; baseline 0.003 -23"><span class='ocrx_word' id='word_1_131' title='bbox 2105 730 2552 801; x_wconf 79' lang='grc' dir='ltr'><strong>φυγαδευομένων</strong></span> <span class='ocrx_word' id='word_1_132' title='bbox 2573 748 2587 761; x_wconf 91' lang='grc'><strong>·</strong></span> <span class='ocrx_word' id='word_1_133' title='bbox 2632 731 2881 803; x_wconf 79' lang='grc' dir='ltr'>ἔγκλημα</span> <span class='ocrx_word' id='word_1_134' title='bbox 2925 733 2981 787; x_wconf 83' lang='grc' dir='ltr'>δὲ</span> <span class='ocrx_word' id='word_1_135' title='bbox 3008 729 3075 805; x_wconf 79' lang='grc' dir='ltr'>ἦν</span> <span class='ocrx_word' id='word_1_136' title='bbox 3110 736 3222 797; x_wconf 85' lang='grc' dir='ltr'>τοῖς</span> <span class='ocrx_word' id='word_1_137' title='bbox 3248 731 3419 786; x_wconf 78' lang='grc' dir='ltr'>ταῦτα</span> <span class='ocrx_word' id='word_1_138' title='bbox 3445 732 3681 803; x_wconf 83' lang='grc' dir='ltr'>πάσχου-</span> 
     </span>
    </p>
   </div>
   <div class='ocr_carea' id='block_1_23' title="bbox 2107 824 3680 899">
    <p class='ocr_par' dir='ltr' id='par_1_23' title="bbox 2107 824 3680 899">
     <span class='ocr_line' id='line_1_23' title="bbox 2107 824 3680 899; baseline 0.002 -25"><span class='ocrx_word' id='word_1_139' title='bbox 2107 840 2189 876; x_wconf 85' lang='grc' dir='ltr'>σιν</span> <span class='ocrx_word' id='word_1_140' title='bbox 2238 825 2270 893; x_wconf 86' lang='grc' dir='ltr'><strong>ή</strong></span> <span class='ocrx_word' id='word_1_141' title='bbox 2310 824 2595 891; x_wconf 79' lang='grc' dir='ltr'>εὐσέϐεια,</span> <span class='ocrx_word' id='word_1_142' title='bbox 2645 826 2739 880; x_wconf 76' lang='grc' dir='ltr'><strong>καὶ</strong></span> <span class='ocrx_word' id='word_1_143' title='bbox 2778 827 2961 899; x_wconf 71' lang='grc' dir='ltr'>πατὴρ</span> <span class='ocrx_word' id='word_1_144' title='bbox 3010 827 3298 898; x_wconf 81' lang='grc' dir='ltr'>παρεδίδου</span> <span class='ocrx_word' id='word_1_145' title='bbox 3334 827 3536 892; x_wconf 86' lang='grc' dir='ltr'>παῖδα,</span> <span class='ocrx_word' id='word_1_146' title='bbox 3584 828 3680 879; x_wconf 85' lang='grc' dir='ltr'><strong>καὶ</strong></span> 
     </span>
    </p>
   </div>
   <div class='ocr_carea' id='block_1_24' title="bbox 2106 916 3681 990">
    <p class='ocr_par' dir='ltr' id='par_1_24' title="bbox 2106 916 3681 990">
     <span class='ocr_line' id='line_1_24' title="bbox 2106 916 3681 990; baseline 0.002 -22"><span class='ocrx_word' id='word_1_147' title='bbox 2106 916 2315 988; x_wconf 82' lang='grc' dir='ltr'>πατέρα</span> <span class='ocrx_word' id='word_1_148' title='bbox 2342 917 2455 981; x_wconf 87' lang='grc' dir='ltr'>υἱὸς</span> <span class='ocrx_word' id='word_1_149' title='bbox 2480 935 2609 971; x_wconf 88' lang='grc' dir='ltr'>κατε</span> <span class='ocrx_word' id='word_1_150' title='bbox 2619 920 2821 990; x_wconf 82' lang='grc' dir='ltr'>μήνυεν</span> <span class='ocrx_word' id='word_1_151' title='bbox 2840 961 2854 983; x_wconf 90' lang='grc'><strong>,</strong></span> <span class='ocrx_word' id='word_1_152' title='bbox 2877 919 3093 989; x_wconf 69' lang='grc' dir='ltr'>ἀδελφοὶ</span> <span class='ocrx_word' id='word_1_153' title='bbox 3115 922 3232 973; x_wconf 85' lang='grc' dir='ltr'>κατ’</span> <span class='ocrx_word' id='word_1_154' title='bbox 3254 920 3497 990; x_wconf 79' lang='grc' dir='ltr'>ἀλλήλων</span> <span class='ocrx_word' id='word_1_155' title='bbox 3522 920 3681 988; x_wconf 82' lang='grc' dir='ltr'>ἐμαί-</span> 
     </span>
    </p>
   </div>
   <div class='ocr_carea' id='block_1_25' title="bbox 2104 1011 3677 1077">
    <p class='ocr_par' dir='ltr' id='par_1_25' title="bbox 2104 1011 3677 1077">
     <span class='ocr_line' id='line_1_25' title="bbox 2104 1011 3677 1077; baseline 0.002 -17"><span class='ocrx_word' id='word_1_156' title='bbox 2104 1026 2290 1074; x_wconf 85' lang='grc' dir='ltr'>νοντο,</span> <span class='ocrx_word' id='word_1_157' title='bbox 2346 1011 2440 1064; x_wconf 74' lang='grc' dir='ltr'>καὶ</span> <span class='ocrx_word' id='word_1_158' title='bbox 2490 1011 2665 1065; x_wconf 74' lang='grc' dir='ltr'>δοῦλοι</span> <span class='ocrx_word' id='word_1_159' title='bbox 2713 1012 2996 1077; x_wconf 82' lang='grc' dir='ltr'><strong>δεσπόταις</strong></span> <span class='ocrx_word' id='word_1_160' title='bbox 3045 1012 3251 1066; x_wconf 84' lang='grc' dir='ltr'>ἐαυτῶν</span> <span class='ocrx_word' id='word_1_161' title='bbox 3284 1012 3677 1065; x_wconf 87' lang='grc' dir='ltr'>ἐπανίσταντο·</span> 
     </span>
    </p>
   </div>
   <div class='ocr_carea' id='block_1_26' title="bbox 2102 1102 3681 1177">
    <p class='ocr_par' dir='ltr' id='par_1_26' title="bbox 2102 1102 3681 1177">
     <span class='ocr_line' id='line_1_26' title="bbox 2102 1102 3681 1177; baseline 0.001 -21"><span class='ocrx_word' id='word_1_162' title='bbox 2102 1102 2249 1175; x_wconf 84' lang='grc' dir='ltr'>δεινὴ</span> <span class='ocrx_word' id='word_1_163' title='bbox 2288 1103 2345 1157; x_wconf 82' lang='grc' dir='ltr'>δέ</span> <span class='ocrx_word' id='word_1_164' title='bbox 2369 1121 2453 1167; x_wconf 89' lang='grc' dir='ltr'><strong>τις</strong></span> <span class='ocrx_word' id='word_1_165' title='bbox 2478 1102 2575 1168; x_wconf 79' lang='grc' dir='ltr'><strong>νὺξ</strong></span> <span class='ocrx_word' id='word_1_166' title='bbox 2599 1105 2913 1177; x_wconf 80' lang='grc' dir='ltr'>κατειλήφει</span> <span class='ocrx_word' id='word_1_167' title='bbox 2940 1106 3035 1159; x_wconf 91' lang='grc' dir='ltr'><strong>τὸν</strong></span> <span class='ocrx_word' id='word_1_168' title='bbox 3074 1105 3208 1176; x_wconf 83' lang='grc' dir='ltr'>βίον,</span> <span class='ocrx_word' id='word_1_169' title='bbox 3237 1106 3452 1159; x_wconf 85' lang='grc' dir='ltr'>πάντων</span> <span class='ocrx_word' id='word_1_170' title='bbox 3479 1106 3681 1175; x_wconf 80' lang='grc' dir='ltr'>ἀγνοη-</span> 
     </span>
    </p>
   </div>
   <div class='ocr_carea' id='block_1_27' title="bbox 2106 1196 3676 1269">
    <p class='ocr_par' dir='ltr' id='par_1_27' title="bbox 2106 1196 3676 1269">
     <span class='ocr_line' id='line_1_27' title="bbox 2106 1196 3676 1269; baseline 0.001 -19"><span class='ocrx_word' id='word_1_171' title='bbox 2106 1197 2313 1251; x_wconf 81' lang='grc' dir='ltr'>σάντων</span> <span class='ocrx_word' id='word_1_172' title='bbox 2332 1198 2593 1269; x_wconf 82' lang='grc' dir='ltr'><strong>ἀλλήλους</strong></span> <span class='ocrx_word' id='word_1_173' title='bbox 2620 1200 2683 1251; x_wconf 87' lang='grc' dir='ltr'><strong>ἐκ</strong></span> <span class='ocrx_word' id='word_1_174' title='bbox 2706 1200 2806 1269; x_wconf 83' lang='grc' dir='ltr'>τῆς</span> <span class='ocrx_word' id='word_1_175' title='bbox 2830 1199 2922 1251; x_wconf 79' lang='grc' dir='ltr'>τοῦ</span> <span class='ocrx_word' id='word_1_176' title='bbox 2945 1199 3191 1252; x_wconf 90' lang='grc' dir='ltr'>διαϐόλου</span> <span class='ocrx_word' id='word_1_177' title='bbox 3215 1196 3637 1269; x_wconf 78' lang='grc' dir='ltr'>φρενοϐλαϐείας</span> <span class='ocrx_word' id='word_1_178' title='bbox 3663 1213 3676 1226; x_wconf 88' lang='grc'><strong>·</strong></span> 
     </span>
    </p>
   </div>
   <div class='ocr_carea' id='block_1_28' title="bbox 2104 1287 3680 1362">
    <p class='ocr_par' dir='ltr' id='par_1_28' title="bbox 2104 1287 3680 1362">
     <span class='ocr_line' id='line_1_28' title="bbox 2104 1287 3680 1362; baseline -0.001 -20"><span class='ocrx_word' id='word_1_179' title='bbox 2104 1290 2495 1344; x_wconf 87' lang='grc' dir='ltr'>κατεϐάλλοντο</span> <span class='ocrx_word' id='word_1_180' title='bbox 2529 1291 2626 1361; x_wconf 81' lang='grc' dir='ltr'><strong>μὲν</strong></span> <span class='ocrx_word' id='word_1_181' title='bbox 2665 1287 2803 1344; x_wconf 81' lang='grc' dir='ltr'>οἴκοι</span> <span class='ocrx_word' id='word_1_182' title='bbox 2841 1291 3153 1362; x_wconf 81' lang='grc' dir='ltr'>προσευχῆς</span> <span class='ocrx_word' id='word_1_183' title='bbox 3195 1291 3301 1344; x_wconf 86' lang='grc' dir='ltr'><strong>ὐπὸ</strong></span> <span class='ocrx_word' id='word_1_184' title='bbox 3338 1290 3534 1361; x_wconf 73' lang='grc' dir='ltr'>χειρῶν</span> <span class='ocrx_word' id='word_1_185' title='bbox 3579 1290 3680 1342; x_wconf 82' lang='grc' dir='ltr'><strong>ἀν⁶</strong></span> 
     </span>
    </p>
   </div>
   <div class='ocr_carea' id='block_1_29' title="bbox 2101 1376 3683 1453">
    <p class='ocr_par' dir='ltr' id='par_1_29' title="bbox 2101 1376 3683 1453">
     <span class='ocr_line' id='line_1_29' title="bbox 2101 1376 3683 1453; baseline 0 -21"><span class='ocrx_word' id='word_1_186' title='bbox 2101 1380 2293 1444; x_wconf 86' lang='grc' dir='ltr'>οσίων,</span> <span class='ocrx_word' id='word_1_187' title='bbox 2329 1381 2656 1452; x_wconf 80' lang='grc' dir='ltr'>ἀνετρὲπετο</span> <span class='ocrx_word' id='word_1_188' title='bbox 2680 1380 2735 1433; x_wconf 89' lang='grc' dir='ltr'>δὲ</span> <span class='ocrx_word' id='word_1_189' title='bbox 2766 1380 3147 1453; x_wconf 83' lang='grc' dir='ltr'>θυσιαστήρια,</span> <span class='ocrx_word' id='word_1_190' title='bbox 3183 1382 3279 1435; x_wconf 73' lang='grc' dir='ltr'><strong>καὶ</strong></span> <span class='ocrx_word' id='word_1_191' title='bbox 3306 1381 3407 1433; x_wconf 84' lang='grc' dir='ltr'><strong>οὐκ</strong></span> <span class='ocrx_word' id='word_1_192' title='bbox 3424 1376 3491 1451; x_wconf 78' lang='grc' dir='ltr'>ἦν</span> <span class='ocrx_word' id='word_1_193' title='bbox 3511 1396 3683 1450; x_wconf 82' lang='grc' dir='ltr'>προσ-</span> 
     </span>
    </p>
   </div>
   <div class='ocr_carea' id='block_1_30' title="bbox 2105 1471 3680 1543">
    <p class='ocr_par' dir='ltr' id='par_1_30' title="bbox 2105 1471 3680 1543">
     <span class='ocr_line' id='line_1_30' title="bbox 2105 1471 3680 1543; baseline 0.001 -20"><span class='ocrx_word' id='word_1_194' title='bbox 2105 1471 2247 1543; x_wconf 75' lang='grc' dir='ltr'>ερορά</span> <span class='ocrx_word' id='word_1_195' title='bbox 2292 1472 2412 1525; x_wconf 83' lang='grc' dir='ltr'>οὐδὲ</span> <span class='ocrx_word' id='word_1_196' title='bbox 2442 1472 2725 1543; x_wconf 87' lang='grc' dir='ltr'>θυμίαμα,</span> <span class='ocrx_word' id='word_1_197' title='bbox 2772 1472 2833 1525; x_wconf 89' lang='grc' dir='ltr'><strong>οὐ</strong></span> <span class='ocrx_word' id='word_1_198' title='bbox 2894 1473 3007 1543; x_wconf 78' lang='grc'>(65)</span> <span class='ocrx_word' id='word_1_199' title='bbox 3039 1474 3203 1536; x_wconf 82' lang='grc' dir='ltr'>τόπος</span> <span class='ocrx_word' id='word_1_200' title='bbox 3235 1472 3329 1526; x_wconf 82' lang='grc' dir='ltr'><strong>τοῦ</strong></span> <span class='ocrx_word' id='word_1_201' title='bbox 3364 1471 3680 1543; x_wconf 83' lang='grc' dir='ltr'>καρπῶσαι,</span> 
     </span>
    </p>
   </div>
   <div class='ocr_carea' id='block_1_31' title="bbox 2103 1562 3684 1635">
    <p class='ocr_par' dir='ltr' id='par_1_31' title="bbox 2103 1562 3684 1635">
     <span class='ocr_line' id='line_1_31' title="bbox 2103 1562 3684 1635; baseline 0.001 -20"><span class='ocrx_word' id='word_1_202' title='bbox 2103 1562 2239 1616; x_wconf 84' lang='grc' dir='ltr'>ἀλλὰ</span> <span class='ocrx_word' id='word_1_203' title='bbox 2268 1563 2538 1633; x_wconf 79' lang='grc' dir='ltr'>κατήφεια</span> <span class='ocrx_word' id='word_1_204' title='bbox 2561 1562 2708 1634; x_wconf 79' lang='grc' dir='ltr'>δεινὴ</span> <span class='ocrx_word' id='word_1_205' title='bbox 2727 1603 2743 1628; x_wconf 94' lang='grc'><strong>,</strong></span> <span class='ocrx_word' id='word_1_206' title='bbox 2777 1563 2966 1635; x_wconf 81' lang='grc' dir='ltr'>ὥσπερ</span> <span class='ocrx_word' id='word_1_207' title='bbox 2992 1581 3075 1626; x_wconf 91' lang='grc' dir='ltr'><strong>τις</strong></span> <span class='ocrx_word' id='word_1_208' title='bbox 3121 1565 3317 1635; x_wconf 72' lang='grc' dir='ltr'>νεφέλη</span> <span class='ocrx_word' id='word_1_209' title='bbox 3346 1603 3361 1627; x_wconf 93' lang='grc'><strong>,</strong></span> <span class='ocrx_word' id='word_1_210' title='bbox 3402 1563 3472 1617; x_wconf 83' lang='grc' dir='ltr'>τὰ</span> <span class='ocrx_word' id='word_1_211' title='bbox 3504 1565 3684 1618; x_wconf 85' lang='grc' dir='ltr'>πάντα</span> 
     </span>
    </p>
   </div>
   <div class='ocr_carea' id='block_1_32' title="bbox 2104 1653 3681 1727">
    <p class='ocr_par' dir='ltr' id='par_1_32' title="bbox 2104 1653 3681 1727">
     <span class='ocr_line' id='line_1_32' title="bbox 2104 1653 3681 1727; baseline 0.001 -21"><span class='ocrx_word' id='word_1_212' title='bbox 2104 1656 2381 1725; x_wconf 86' lang='grc' dir='ltr'>κατεῖχεν·</span> <span class='ocrx_word' id='word_1_213' title='bbox 2427 1653 2764 1727; x_wconf 84' lang='grc' dir='ltr'>ἀπελήλαντο</span> <span class='ocrx_word' id='word_1_214' title='bbox 2792 1656 2889 1726; x_wconf 77' lang='grc' dir='ltr'>μὲν</span> <span class='ocrx_word' id='word_1_215' title='bbox 2918 1657 2965 1709; x_wconf 84' lang='grc' dir='ltr'>οἱ</span> <span class='ocrx_word' id='word_1_216' title='bbox 2997 1653 3091 1710; x_wconf 81' lang='grc' dir='ltr'>τοῦ</span> <span class='ocrx_word' id='word_1_217' title='bbox 3125 1655 3269 1709; x_wconf 83' lang='grc' dir='ltr'>θείου</span> <span class='ocrx_word' id='word_1_218' title='bbox 3309 1654 3681 1727; x_wconf 79' lang='grc' dir='ltr'>θεραπευταὶ,</span> 
     </span>
    </p>
   </div>
   <div class='ocr_carea' id='block_1_33' title="bbox 2080 1745 3686 1821">
    <p class='ocr_par' dir='ltr' id='par_1_33' title="bbox 2080 1745 3686 1821">
     <span class='ocr_line' id='line_1_33' title="bbox 2080 1745 3686 1821; baseline 0.003 -22"><span class='ocrx_word' id='word_1_219' title='bbox 2080 1745 2384 1816; x_wconf 52' lang='grc' dir='ltr'>νδιεπτόητο</span> <span class='ocrx_word' id='word_1_220' title='bbox 2415 1745 2471 1800; x_wconf 84' lang='grc' dir='ltr'>δὲ</span> <span class='ocrx_word' id='word_1_221' title='bbox 2505 1749 2614 1811; x_wconf 77' lang='grc' dir='ltr'><strong>πᾶς</strong></span> <span class='ocrx_word' id='word_1_222' title='bbox 2641 1748 2742 1818; x_wconf 83' lang='grc' dir='ltr'>τῆς</span> <span class='ocrx_word' id='word_1_223' title='bbox 2779 1748 3058 1813; x_wconf 89' lang='grc' dir='ltr'>εὐσεϐείας</span> <span class='ocrx_word' id='word_1_224' title='bbox 3089 1749 3307 1815; x_wconf 85' lang='grc' dir='ltr'>θίασος,</span> <span class='ocrx_word' id='word_1_225' title='bbox 3335 1749 3586 1821; x_wconf 85' lang='grc' dir='ltr'>δαίμονες</span> <span class='ocrx_word' id='word_1_226' title='bbox 3619 1748 3686 1804; x_wconf 68' lang='grc' dir='ltr'>δὲ</span> 
     </span>
    </p>
   </div>
   <div class='ocr_carea' id='block_1_34' title="bbox 430 1837 2003 1913">
    <p class='ocr_par' dir='ltr' id='par_1_34' title="bbox 430 1837 1999 1910">
     <span class='ocr_line' id='line_1_34' title="bbox 430 1837 1999 1910; baseline -0.004 -11"><span class='ocrx_word' id='word_1_227' title='bbox 430 1841 632 1898; x_wconf 88' lang='lat' dir='ltr'><strong>oblatio</strong></span> <span class='ocrx_word' id='word_1_228' title='bbox 659 1841 793 1905; x_wconf 92' lang='lat' dir='ltr'><strong>ulla,</strong></span> <span class='ocrx_word' id='word_1_229' title='bbox 823 1853 1000 1910; x_wconf 89' lang='lat' dir='ltr'><strong>neque</strong></span> <span class='ocrx_word' id='word_1_230' title='bbox 1030 1837 1274 1903; x_wconf 76' lang='lat' dir='ltr'><strong>sumtus,</strong></span> <span class='ocrx_word' id='word_1_231' title='bbox 1303 1855 1413 1894; x_wconf 91' lang='lat' dir='ltr'><strong>non</strong></span> <span class='ocrx_word' id='word_1_232' title='bbox 1448 1839 1604 1894; x_wconf 91' lang='lat' dir='ltr'><strong>locus</strong></span> <span class='ocrx_word' id='word_1_233' title='bbox 1632 1838 1999 1900; x_wconf 81' lang='lat' dir='ltr'><strong>sacrificandi,</strong></span> 
     </span>
    </p>
   </div>
   <div class='ocr_carea' id='block_1_35' title="bbox 2106 1837 3684 1913">
    <p class='ocr_par' dir='ltr' id='par_1_35' title="bbox 2106 1838 3684 1913">
     <span class='ocr_line' id='line_1_35' title="bbox 2106 1838 3684 1913; baseline 0.003 -23"><span class='ocrx_word' id='word_1_234' title='bbox 2106 1838 2491 1908; x_wconf 88' lang='grc' dir='ltr'>κατεχόρευον,</span> <span class='ocrx_word' id='word_1_235' title='bbox 2544 1839 2790 1903; x_wconf 88' lang='grc' dir='ltr'>κνίσσαις</span> <span class='ocrx_word' id='word_1_236' title='bbox 2842 1842 2935 1895; x_wconf 71' lang='grc' dir='ltr'><strong>καὶ</strong></span> <span class='ocrx_word' id='word_1_237' title='bbox 2975 1842 3173 1913; x_wconf 79' lang='grc' dir='ltr'>αἵμασι</span> <span class='ocrx_word' id='word_1_238' title='bbox 3196 1841 3269 1896; x_wconf 81' lang='grc' dir='ltr'>τὰ</span> <span class='ocrx_word' id='word_1_239' title='bbox 3307 1841 3485 1894; x_wconf 87' lang='grc' dir='ltr'>πάντα</span> <span class='ocrx_word' id='word_1_240' title='bbox 3511 1858 3684 1895; x_wconf 84' lang='grc' dir='ltr'>κατα-</span> 
     </span>
    </p>
   </div>
   <div class='ocr_carea' id='block_1_36' title="bbox 431 1921 2002 2002">
    <p class='ocr_par' dir='ltr' id='par_1_36' title="bbox 431 1921 2002 2002">
     <span class='ocr_line' id='line_1_36' title="bbox 431 1921 2002 2002; baseline -0.004 -12"><span class='ocrx_word' id='word_1_241' title='bbox 431 1934 526 1991; x_wconf 88' lang='lat' dir='ltr'><strong>sed</strong></span> <span class='ocrx_word' id='word_1_242' title='bbox 551 1932 776 1989; x_wconf 88' lang='lat' dir='ltr'><strong>tristitia</strong></span> <span class='ocrx_word' id='word_1_243' title='bbox 798 1921 992 2002; x_wconf 79' lang='lat' dir='ltr'><strong>ingens</strong></span> <span class='ocrx_word' id='word_1_244' title='bbox 1022 1932 1171 1987; x_wconf 92' lang='lat' dir='ltr'><strong>velut</strong></span> <span class='ocrx_word' id='word_1_245' title='bbox 1222 1932 1420 1986; x_wconf 86' lang='lat' dir='ltr'><strong>nebula</strong></span> <span class='ocrx_word' id='word_1_246' title='bbox 1465 1932 1714 2001; x_wconf 68' lang='lat' dir='ltr'><strong>qumdam</strong></span> <span class='ocrx_word' id='word_1_247' title='bbox 1765 1946 2002 2002; x_wconf 87' lang='lat' dir='ltr'><strong>occupa-</strong></span> 
     </span>
    </p>
   </div>
   <div class='ocr_carea' id='block_1_37' title="bbox 431 2021 2002 2093">
    <p class='ocr_par' dir='ltr' id='par_1_37' title="bbox 431 2021 2002 2093">
     <span class='ocr_line' id='line_1_37' title="bbox 431 2021 2002 2093; baseline -0.004 -11"><span class='ocrx_word' id='word_1_248' title='bbox 431 2028 524 2083; x_wconf 90' lang='lat' dir='ltr'><strong>bat</strong></span> <span class='ocrx_word' id='word_1_249' title='bbox 552 2026 759 2088; x_wconf 84' lang='lat' dir='ltr'><strong>omnia,</strong></span> <span class='ocrx_word' id='word_1_250' title='bbox 818 2022 1151 2093; x_wconf 83' lang='lat' dir='ltr'><strong>fugabantur</strong></span> <span class='ocrx_word' id='word_1_251' title='bbox 1191 2021 1445 2077; x_wconf 86' lang='lat' dir='ltr'><strong>Numinis</strong></span> <span class='ocrx_word' id='word_1_252' title='bbox 1501 2023 1765 2087; x_wconf 83' lang='lat' dir='ltr'><strong>cultores,</strong></span> <span class='ocrx_word' id='word_1_253' title='bbox 1822 2022 2002 2077; x_wconf 88' lang='lat' dir='ltr'><strong>omnis</strong></span> 
     </span>
    </p>
   </div>
   <div class='ocr_carea' id='block_1_38' title="bbox 431 2112 2001 2187">
    <p class='ocr_par' dir='ltr' id='par_1_38' title="bbox 431 2112 2001 2187">
     <span class='ocr_line' id='line_1_38' title="bbox 431 2112 2001 2187; baseline -0.004 -12"><span class='ocrx_word' id='word_1_254' title='bbox 431 2121 638 2175; x_wconf 88' lang='lat' dir='ltr'><strong>chorus</strong></span> <span class='ocrx_word' id='word_1_255' title='bbox 674 2117 897 2187; x_wconf 88' lang='lat' dir='ltr'><strong>pietatis</strong></span> <span class='ocrx_word' id='word_1_256' title='bbox 948 2121 1070 2171; x_wconf 86' lang='lat' dir='ltr'><strong>erat</strong></span> <span class='ocrx_word' id='word_1_257' title='bbox 1108 2122 1495 2169; x_wconf 87' lang='lat' dir='ltr'><strong>consternatus</strong></span> <span class='ocrx_word' id='word_1_258' title='bbox 1533 2132 1545 2167; x_wconf 92' lang='lat'>:</span> <span class='ocrx_word' id='word_1_259' title='bbox 1585 2113 1680 2169; x_wconf 89' lang='lat' dir='ltr'><strong>sed</strong></span> <span class='ocrx_word' id='word_1_260' title='bbox 1727 2112 2001 2169; x_wconf 66' lang='lat' dir='ltr'><strong>daemones</strong></span> 
     </span>
    </p>
   </div>
   <div class='ocr_carea' id='block_1_39' title="bbox 429 2202 2003 2283">
    <p class='ocr_par' dir='ltr' id='par_1_39' title="bbox 429 2202 2003 2283">
     <span class='ocr_line' id='line_1_39' title="bbox 429 2202 2003 2283; baseline -0.007 -17"><span class='ocrx_word' id='word_1_261' title='bbox 429 2211 839 2283; x_wconf 86' lang='lat' dir='ltr'><strong>tripudiabant,</strong></span> <span class='ocrx_word' id='word_1_262' title='bbox 876 2205 1163 2261; x_wconf 88' lang='lat' dir='ltr'><strong>nidoribus</strong></span> <span class='ocrx_word' id='word_1_263' title='bbox 1204 2219 1267 2259; x_wconf 88' lang='lat' dir='ltr'><strong>ac</strong></span> <span class='ocrx_word' id='word_1_264' title='bbox 1317 2205 1584 2274; x_wconf 79' lang='lat' dir='ltr'><strong>sanguine</strong></span> <span class='ocrx_word' id='word_1_265' title='bbox 1623 2203 1804 2257; x_wconf 92' lang='lat' dir='ltr'><strong>omnia</strong></span> <span class='ocrx_word' id='word_1_266' title='bbox 1845 2202 2003 2257; x_wconf 86' lang='lat' dir='ltr'><strong>coin-</strong></span> 
     </span>
    </p>
   </div>
   <div class='ocr_carea' id='block_1_40' title="bbox 430 2294 2003 2375">
    <p class='ocr_par' dir='ltr' id='par_1_40' title="bbox 430 2294 2003 2375">
     <span class='ocr_line' id='line_1_40' title="bbox 430 2294 2003 2375; baseline -0.006 -17"><span class='ocrx_word' id='word_1_267' title='bbox 430 2305 745 2375; x_wconf 89' lang='lat' dir='ltr'><strong>quinantes.</strong></span> <span class='ocrx_word' id='word_1_268' title='bbox 775 2300 933 2355; x_wconf 88' lang='lat' dir='ltr'><strong>Tunc</strong></span> <span class='ocrx_word' id='word_1_269' title='bbox 966 2307 1225 2353; x_wconf 87' lang='lat' dir='ltr'><strong>strenuus</strong></span> <span class='ocrx_word' id='word_1_270' title='bbox 1265 2296 1355 2351; x_wconf 78' lang='lat' dir='ltr'><strong>ille</strong></span> <span class='ocrx_word' id='word_1_271' title='bbox 1388 2295 1492 2357; x_wconf 86' lang='lat' dir='ltr'><strong>vir,</strong></span> <span class='ocrx_word' id='word_1_272' title='bbox 1537 2302 1883 2349; x_wconf 86' lang='lat' dir='ltr'><strong>antevertens</strong></span> <span class='ocrx_word' id='word_1_273' title='bbox 1915 2294 2003 2365; x_wconf 85' lang='lat' dir='ltr'><strong>ju-</strong></span> 
     </span>
    </p>
   </div>
   <div class='ocr_carea' id='block_1_41' title="bbox 430 2387 2002 2458">
    <p class='ocr_par' dir='ltr' id='par_1_41' title="bbox 430 2387 2002 2458">
     <span class='ocr_line' id='line_1_41' title="bbox 430 2387 2002 2458; baseline -0.005 -6"><span class='ocrx_word' id='word_1_274' title='bbox 430 2398 701 2452; x_wconf 90' lang='lat' dir='ltr'><strong>diciorum</strong></span> <span class='ocrx_word' id='word_1_275' title='bbox 739 2391 1166 2454; x_wconf 89' lang='lat' dir='ltr'><strong>necessitatem,</strong></span> <span class='ocrx_word' id='word_1_276' title='bbox 1218 2388 1434 2457; x_wconf 84' lang='lat' dir='ltr'><strong>abjecto</strong></span> <span class='ocrx_word' id='word_1_277' title='bbox 1492 2387 1716 2458; x_wconf 89' lang='lat' dir='ltr'><strong>cingulo</strong></span> <span class='ocrx_word' id='word_1_278' title='bbox 1764 2388 2002 2444; x_wconf 82' lang='lat' dir='ltr'><strong>extorris</strong></span> 
     </span>
    </p>
   </div>
   <div class='ocr_carea' id='block_1_42' title="bbox 429 2477 2002 2555">
    <p class='ocr_par' dir='ltr' id='par_1_42' title="bbox 429 2477 2002 2555">
     <span class='ocr_line' id='line_1_42' title="bbox 429 2477 2002 2555; baseline -0.005 -14"><span class='ocrx_word' id='word_1_279' title='bbox 429 2496 571 2543; x_wconf 78' lang='lat' dir='ltr'><strong>erat.</strong></span> <span class='ocrx_word' id='word_1_280' title='bbox 601 2484 798 2555; x_wconf 87' lang='lat' dir='ltr'><strong>Spreto</strong></span> <span class='ocrx_word' id='word_1_281' title='bbox 826 2482 991 2554; x_wconf 79' lang='lat' dir='ltr'><strong>igitur</strong></span> <span class='ocrx_word' id='word_1_282' title='bbox 1025 2481 1371 2551; x_wconf 83' lang='lat' dir='ltr'><strong>magistratu,</strong></span> <span class='ocrx_word' id='word_1_283' title='bbox 1404 2486 1588 2549; x_wconf 89' lang='lat' dir='ltr'><strong>spreta</strong></span> <span class='ocrx_word' id='word_1_284' title='bbox 1613 2477 1813 2552; x_wconf 87' lang='lat' dir='ltr'><strong>gloria,</strong></span> <span class='ocrx_word' id='word_1_285' title='bbox 1845 2494 2002 2550; x_wconf 84' lang='lat' dir='ltr'><strong>spre-</strong></span> 
     </span>
    </p>
   </div>
   <div class='ocr_carea' id='block_1_43' title="bbox 431 2568 2003 2645">
    <p class='ocr_par' dir='ltr' id='par_1_43' title="bbox 431 2568 2003 2645">
     <span class='ocr_line' id='line_1_43' title="bbox 431 2568 2003 2645; baseline -0.008 -10"><span class='ocrx_word' id='word_1_286' title='bbox 431 2582 506 2635; x_wconf 85' lang='lat' dir='ltr'><strong>tis</strong></span> <span class='ocrx_word' id='word_1_287' title='bbox 533 2578 743 2634; x_wconf 83' lang='lat' dir='ltr'><strong>divitiis</strong></span> <span class='ocrx_word' id='word_1_288' title='bbox 776 2579 957 2631; x_wconf 90' lang='lat' dir='ltr'><strong>omnis</strong></span> <span class='ocrx_word' id='word_1_289' title='bbox 994 2572 1233 2645; x_wconf 84' lang='lat' dir='ltr'><strong>generis,</strong></span> <span class='ocrx_word' id='word_1_290' title='bbox 1276 2570 1624 2642; x_wconf 90' lang='lat' dir='ltr'><strong>propinquis,</strong></span> <span class='ocrx_word' id='word_1_291' title='bbox 1658 2570 1876 2633; x_wconf 90' lang='lat' dir='ltr'><strong>amicis,</strong></span> <span class='ocrx_word' id='word_1_292' title='bbox 1920 2568 2003 2623; x_wconf 89' lang='lat' dir='ltr'><strong>fa-</strong></span> 
     </span>
    </p>
   </div>
   <div class='ocr_carea' id='block_1_44' title="bbox 433 2662 2008 2738">
    <p class='ocr_par' dir='ltr' id='par_1_44' title="bbox 433 2662 2008 2738">
     <span class='ocr_line' id='line_1_44' title="bbox 433 2662 2008 2738; baseline -0.008 -10"><span class='ocrx_word' id='word_1_293' title='bbox 433 2672 619 2738; x_wconf 91' lang='lat' dir='ltr'><strong>mulis,</strong></span> <span class='ocrx_word' id='word_1_294' title='bbox 655 2668 872 2725; x_wconf 90' lang='lat' dir='ltr'><strong>deliciis</strong></span> <span class='ocrx_word' id='word_1_295' title='bbox 901 2668 1048 2729; x_wconf 64' lang='lat' dir='ltr'><strong>vitaz,</strong></span> <span class='ocrx_word' id='word_1_296' title='bbox 1080 2665 1331 2734; x_wconf 88' lang='lat' dir='ltr'><strong>reliquis,</strong></span> <span class='ocrx_word' id='word_1_297' title='bbox 1357 2679 1590 2734; x_wconf 88' lang='lat' dir='ltr'><strong>quorum</strong></span> <span class='ocrx_word' id='word_1_298' title='bbox 1622 2663 1807 2718; x_wconf 92' lang='lat' dir='ltr'><strong>studio</strong></span> <span class='ocrx_word' id='word_1_299' title='bbox 1835 2662 2008 2716; x_wconf 91' lang='lat' dir='ltr'><strong>homi-</strong></span> 
     </span>
    </p>
   </div>
   <div class='ocr_carea' id='block_1_45' title="bbox 432 2755 2006 2832">
    <p class='ocr_par' dir='ltr' id='par_1_45' title="bbox 432 2755 2006 2832">
     <span class='ocr_line' id='line_1_45' title="bbox 432 2755 2006 2832; baseline -0.009 -10"><span class='ocrx_word' id='word_1_300' title='bbox 432 2782 532 2822; x_wconf 87' lang='lat' dir='ltr'><strong>nes</strong></span> <span class='ocrx_word' id='word_1_301' title='bbox 561 2772 836 2824; x_wconf 88' lang='lat' dir='ltr'><strong>tenentur,</strong></span> <span class='ocrx_word' id='word_1_302' title='bbox 870 2759 938 2815; x_wconf 90' lang='lat' dir='ltr'><strong>ad</strong></span> <span class='ocrx_word' id='word_1_303' title='bbox 966 2755 1429 2832; x_wconf 76' lang='lat' dir='ltr'><strong>profundissimas</strong></span> <span class='ocrx_word' id='word_1_304' title='bbox 1462 2771 1527 2811; x_wconf 88' lang='lat' dir='ltr'><strong>ac</strong></span> <span class='ocrx_word' id='word_1_305' title='bbox 1565 2756 1879 2812; x_wconf 89' lang='lat' dir='ltr'><strong>hominibus</strong></span> <span class='ocrx_word' id='word_1_306' title='bbox 1905 2757 2006 2809; x_wconf 90' lang='lat' dir='ltr'><strong>im-</strong></span> 
     </span>
    </p>
   </div>
   <div class='ocr_carea' id='block_1_46' title="bbox 433 2847 2006 2926">
    <p class='ocr_par' dir='ltr' id='par_1_46' title="bbox 433 2847 2006 2926">
     <span class='ocr_line' id='line_1_46' title="bbox 433 2847 2006 2926; baseline -0.006 -14"><span class='ocrx_word' id='word_1_307' title='bbox 433 2856 651 2926; x_wconf 88' lang='lat' dir='ltr'><strong>pervias</strong></span> <span class='ocrx_word' id='word_1_308' title='bbox 712 2852 1041 2909; x_wconf 89' lang='lat' dir='ltr'><strong>solitudines</strong></span> <span class='ocrx_word' id='word_1_309' title='bbox 1095 2850 1362 2920; x_wconf 88' lang='lat' dir='ltr'><strong>confugit.</strong></span> <span class='ocrx_word' id='word_1_310' title='bbox 1424 2855 1604 2901; x_wconf 88' lang='lat' dir='ltr'><strong>actam</strong></span> <span class='ocrx_word' id='word_1_311' title='bbox 1638 2862 1763 2902; x_wconf 90' lang='lat' dir='ltr'><strong>cum</strong></span> <span class='ocrx_word' id='word_1_312' title='bbox 1816 2847 2006 2902; x_wconf 85' lang='lat' dir='ltr'><strong>bestiis</strong></span> 
     </span>
    </p>
   </div>
   <div class='ocr_carea' id='block_1_47' title="bbox 406 2938 2005 3004">
    <p class='ocr_par' dir='ltr' id='par_1_47' title="bbox 406 2938 2005 3004">
     <span class='ocr_line' id='line_1_47' title="bbox 406 2938 2005 3004; baseline -0.009 0"><span class='ocrx_word' id='word_1_313' title='bbox 406 2966 413 2983; x_wconf 68' lang='grc' dir='ltr'><strong>ι</strong></span> <span class='ocrx_word' id='word_1_314' title='bbox 431 2949 599 3004; x_wconf 85' lang='lat' dir='ltr'><strong>vitam</strong></span> <span class='ocrx_word' id='word_1_315' title='bbox 631 2946 895 3002; x_wconf 88' lang='lat' dir='ltr'><strong>societate</strong></span> <span class='ocrx_word' id='word_1_316' title='bbox 942 2943 1355 2997; x_wconf 85' lang='lat' dir='ltr'><strong>idololatrarum</strong></span> <span class='ocrx_word' id='word_1_317' title='bbox 1406 2938 1615 2994; x_wconf 83' lang='lat' dir='ltr'><strong>ducens</strong></span> <span class='ocrx_word' id='word_1_318' title='bbox 1665 2938 2005 2994; x_wconf 88' lang='lat' dir='ltr'><strong>mansuetio-</strong></span> 
     </span>
    </p>
   </div>
   <div class='ocr_carea' id='block_1_48' title="bbox 432 3029 2002 3104">
    <p class='ocr_par' dir='ltr' id='par_1_48' title="bbox 432 3029 2002 3104">
     <span class='ocr_line' id='line_1_48' title="bbox 432 3029 2002 3104; baseline -0.004 -11"><span class='ocrx_word' id='word_1_319' title='bbox 432 3055 568 3104; x_wconf 88' lang='lat' dir='ltr'><strong>rem,</strong></span> <span class='ocrx_word' id='word_1_320' title='bbox 605 3039 852 3093; x_wconf 88' lang='lat' dir='ltr'><strong>imitatus</strong></span> <span class='ocrx_word' id='word_1_321' title='bbox 877 3036 1109 3092; x_wconf 90' lang='lat' dir='ltr'><strong>zelotem</strong></span> <span class='ocrx_word' id='word_1_322' title='bbox 1138 3033 1338 3097; x_wconf 87' lang='lat' dir='ltr'><strong>Eliam,</strong></span> <span class='ocrx_word' id='word_1_323' title='bbox 1366 3030 1461 3102; x_wconf 94' lang='lat' dir='ltr'><strong>qui</strong></span> <span class='ocrx_word' id='word_1_324' title='bbox 1487 3045 1611 3085; x_wconf 85' lang='lat' dir='ltr'><strong>cum</strong></span> <span class='ocrx_word' id='word_1_325' title='bbox 1637 3029 2002 3087; x_wconf 84' lang='lat' dir='ltr'><strong>idololatriam</strong></span> 
     </span>
    </p>
   </div>
   <div class='ocr_carea' id='block_1_49' title="bbox 2105 1930 3685 2007">
    <p class='ocr_par' dir='ltr' id='par_1_49' title="bbox 2105 1930 3685 2007">
     <span class='ocr_line' id='line_1_49' title="bbox 2105 1930 3685 2007; baseline 0.001 -23"><span class='ocrx_word' id='word_1_326' title='bbox 2105 1930 2413 2002; x_wconf 82' lang='grc' dir='ltr'>μιαίνοντες</span> <span class='ocrx_word' id='word_1_327' title='bbox 2429 1948 2443 1961; x_wconf 87' lang='grc'><strong>·</strong></span> <span class='ocrx_word' id='word_1_328' title='bbox 2480 1932 2601 1985; x_wconf 85' lang='grc' dir='ltr'>τότε</span> <span class='ocrx_word' id='word_1_329' title='bbox 2628 1934 2656 1986; x_wconf 88' lang='grc' dir='ltr'>ὁ</span> <span class='ocrx_word' id='word_1_330' title='bbox 2682 1936 2927 2002; x_wconf 78' lang='grc' dir='ltr'>γενναῖος</span> <span class='ocrx_word' id='word_1_331' title='bbox 2948 1933 3059 2007; x_wconf 73' lang='grc'><strong>(64)</strong></span> <span class='ocrx_word' id='word_1_332' title='bbox 3085 1930 3238 1997; x_wconf 76' lang='grc' dir='ltr'>οὗτος</span> <span class='ocrx_word' id='word_1_333' title='bbox 3268 1934 3555 2006; x_wconf 84' lang='grc' dir='ltr'>προλαϐὼν</span> <span class='ocrx_word' id='word_1_334' title='bbox 3580 1934 3685 2004; x_wconf 75' lang='grc' dir='ltr'>τὴν</span> 
     </span>
    </p>
   </div>
   <div class='ocr_carea' id='block_1_50' title="bbox 2105 2022 3682 2097">
    <p class='ocr_par' dir='ltr' id='par_1_50' title="bbox 2105 2022 3682 2097">
     <span class='ocr_line' id='line_1_50' title="bbox 2105 2022 3682 2097; baseline 0.003 -23"><span class='ocrx_word' id='word_1_335' title='bbox 2105 2024 2169 2074; x_wconf 79' lang='grc' dir='ltr'><strong>ἐκ</strong></span> <span class='ocrx_word' id='word_1_336' title='bbox 2218 2022 2323 2076; x_wconf 86' lang='grc' dir='ltr'><strong>τῶν</strong></span> <span class='ocrx_word' id='word_1_337' title='bbox 2372 2022 2737 2095; x_wconf 85' lang='grc' dir='ltr'>δικαστηρίων</span> <span class='ocrx_word' id='word_1_338' title='bbox 2787 2025 3064 2095; x_wconf 84' lang='grc' dir='ltr'>ἀνάγκην,</span> <span class='ocrx_word' id='word_1_339' title='bbox 3116 2026 3278 2097; x_wconf 76' lang='grc' dir='ltr'>ῥίψας</span> <span class='ocrx_word' id='word_1_340' title='bbox 3326 2025 3423 2096; x_wconf 79' lang='grc' dir='ltr'><strong>τήν</strong></span> <span class='ocrx_word' id='word_1_341' title='bbox 3478 2024 3682 2095; x_wconf 78' lang='grc' dir='ltr'>ζώνην,</span> 
     </span>
    </p>
   </div>
   <div class='ocr_carea' id='block_1_51' title="bbox 2105 2109 3687 2190">
    <p class='ocr_par' dir='ltr' id='par_1_51' title="bbox 2105 2109 3687 2190">
     <span class='ocr_line' id='line_1_51' title="bbox 2105 2109 3687 2190; baseline 0.003 -24"><span class='ocrx_word' id='word_1_342' title='bbox 2105 2114 2394 2185; x_wconf 83' lang='grc' dir='ltr'>ὑπερόριος</span> <span class='ocrx_word' id='word_1_343' title='bbox 2423 2109 2527 2187; x_wconf 78' lang='grc' dir='ltr'>ἦν,</span> <span class='ocrx_word' id='word_1_344' title='bbox 2577 2114 2847 2187; x_wconf 80' lang='grc' dir='ltr'>ὑπεριδὼν</span> <span class='ocrx_word' id='word_1_345' title='bbox 2882 2116 3234 2184; x_wconf 83' lang='grc' dir='ltr'>δυναστείας,</span> <span class='ocrx_word' id='word_1_346' title='bbox 3287 2116 3557 2190; x_wconf 78' lang='grc' dir='ltr'>ὑπεριδὼν</span> <span class='ocrx_word' id='word_1_347' title='bbox 3598 2116 3687 2170; x_wconf 82' lang='grc' dir='ltr'>δό-</span> 
     </span>
    </p>
   </div>
   <div class='ocr_carea' id='block_1_52' title="bbox 2107 2205 3689 2279">
    <p class='ocr_par' dir='ltr' id='par_1_52' title="bbox 2107 2205 3689 2279">
     <span class='ocr_line' id='line_1_52' title="bbox 2107 2205 3689 2279; baseline -0.001 -17"><span class='ocrx_word' id='word_1_348' title='bbox 2107 2205 2225 2275; x_wconf 79' lang='grc' dir='ltr'>ξης,</span> <span class='ocrx_word' id='word_1_349' title='bbox 2261 2206 2487 2261; x_wconf 89' lang='grc' dir='ltr'>πλούτου</span> <span class='ocrx_word' id='word_1_350' title='bbox 2518 2207 2880 2272; x_wconf 79' lang='grc' dir='ltr'>παντοδαποῦ,</span> <span class='ocrx_word' id='word_1_351' title='bbox 2922 2210 3267 2278; x_wconf 85' lang='grc' dir='ltr'>συγγενείας,</span> <span class='ocrx_word' id='word_1_352' title='bbox 3303 2209 3471 2279; x_wconf 85' lang='grc' dir='ltr'>φίλων</span> <span class='ocrx_word' id='word_1_353' title='bbox 3492 2249 3509 2273; x_wconf 92' lang='grc'><strong>,</strong></span> <span class='ocrx_word' id='word_1_354' title='bbox 3539 2209 3689 2261; x_wconf 81' lang='grc' dir='ltr'>οἰκε-</span> 
     </span>
    </p>
   </div>
   <div class='ocr_carea' id='block_1_53' title="bbox 2106 2295 3686 2371">
    <p class='ocr_par' dir='ltr' id='par_1_53' title="bbox 2106 2295 3686 2371">
     <span class='ocr_line' id='line_1_53' title="bbox 2106 2295 3686 2371; baseline 0.001 -23"><span class='ocrx_word' id='word_1_355' title='bbox 2106 2295 2243 2361; x_wconf 75' lang='grc' dir='ltr'>τῶν,</span> <span class='ocrx_word' id='word_1_356' title='bbox 2277 2295 2631 2361; x_wconf 84' lang='grc' dir='ltr'>ἀπολαύσεως</span> <span class='ocrx_word' id='word_1_357' title='bbox 2656 2296 2802 2368; x_wconf 83' lang='grc' dir='ltr'>βίου,</span> <span class='ocrx_word' id='word_1_358' title='bbox 2844 2298 3059 2353; x_wconf 89' lang='grc' dir='ltr'>πάντων</span> <span class='ocrx_word' id='word_1_359' title='bbox 3088 2299 3191 2353; x_wconf 84' lang='grc' dir='ltr'>ὅσα</span> <span class='ocrx_word' id='word_1_360' title='bbox 3230 2297 3535 2371; x_wconf 83' lang='grc' dir='ltr'>ἀνθρώποις</span> <span class='ocrx_word' id='word_1_361' title='bbox 3563 2295 3686 2351; x_wconf 75' lang='grc' dir='ltr'>ἐστὶ</span> 
     </span>
    </p>
   </div>
   <div class='ocr_carea' id='block_1_54' title="bbox 2106 2388 3685 2461">
    <p class='ocr_par' dir='ltr' id='par_1_54' title="bbox 2106 2388 3685 2461">
     <span class='ocr_line' id='line_1_54' title="bbox 2106 2388 3685 2461; baseline 0.001 -21"><span class='ocrx_word' id='word_1_362' title='bbox 2106 2388 2546 2460; x_wconf 79' lang='grc' dir='ltr'>περισπούδαστα</span> <span class='ocrx_word' id='word_1_363' title='bbox 2569 2429 2583 2455; x_wconf 96' lang='grc'><strong>,</strong></span> <span class='ocrx_word' id='word_1_364' title='bbox 2619 2390 2755 2461; x_wconf 85' lang='grc' dir='ltr'>πρὸς</span> <span class='ocrx_word' id='word_1_365' title='bbox 2780 2390 2879 2454; x_wconf 84' lang='grc' dir='ltr'>τὰς</span> <span class='ocrx_word' id='word_1_366' title='bbox 2917 2389 3222 2461; x_wconf 76' lang='grc' dir='ltr'>βαθυτάτας</span> <span class='ocrx_word' id='word_1_367' title='bbox 3253 2389 3350 2445; x_wconf 81' lang='grc' dir='ltr'><strong>καὶ</strong></span> <span class='ocrx_word' id='word_1_368' title='bbox 3374 2388 3685 2461; x_wconf 83' lang='grc' dir='ltr'>ἀνθρώποις</span> 
     </span>
    </p>
   </div>
   <div class='ocr_carea' id='block_1_55' title="bbox 2107 2480 3687 2555">
    <p class='ocr_par' dir='ltr' id='par_1_55' title="bbox 2107 2480 3687 2555">
     <span class='ocr_line' id='line_1_55' title="bbox 2107 2480 3687 2555; baseline 0.001 -22"><span class='ocrx_word' id='word_1_369' title='bbox 2107 2480 2342 2545; x_wconf 89' lang='grc' dir='ltr'>ἀϐάτους</span> <span class='ocrx_word' id='word_1_370' title='bbox 2369 2480 2603 2553; x_wconf 79' lang='grc' dir='ltr'>ἐρημίας</span> <span class='ocrx_word' id='word_1_371' title='bbox 2640 2482 2964 2554; x_wconf 80' lang='grc' dir='ltr'>ἀπέδραμε,</span> <span class='ocrx_word' id='word_1_372' title='bbox 3006 2482 3095 2538; x_wconf 83' lang='grc' dir='ltr'><strong>τὸν</strong></span> <span class='ocrx_word' id='word_1_373' title='bbox 3143 2482 3282 2555; x_wconf 86' lang='grc' dir='ltr'><strong>μετά</strong></span> <span class='ocrx_word' id='word_1_374' title='bbox 3329 2481 3439 2535; x_wconf 80' lang='grc' dir='ltr'>τῶν</span> <span class='ocrx_word' id='word_1_375' title='bbox 3478 2480 3687 2551; x_wconf 86' lang='grc' dir='ltr'>θηρίων</span> 
     </span>
    </p>
   </div>
   <div class='ocr_carea' id='block_1_56' title="bbox 2110 2572 3687 2649">
    <p class='ocr_par' dir='ltr' id='par_1_56' title="bbox 2110 2572 3687 2649">
     <span class='ocr_line' id='line_1_56' title="bbox 2110 2572 3687 2649; baseline -0.001 -22"><span class='ocrx_word' id='word_1_376' title='bbox 2110 2572 2223 2643; x_wconf 89' lang='grc' dir='ltr'>βίον</span> <span class='ocrx_word' id='word_1_377' title='bbox 2248 2577 2347 2646; x_wconf 83' lang='grc' dir='ltr'>τῆς</span> <span class='ocrx_word' id='word_1_378' title='bbox 2371 2575 2507 2646; x_wconf 89' lang='grc' dir='ltr'>πρὸς</span> <span class='ocrx_word' id='word_1_379' title='bbox 2527 2576 2655 2638; x_wconf 79' lang='grc' dir='ltr'>τοὺς</span> <span class='ocrx_word' id='word_1_380' title='bbox 2685 2575 3208 2649; x_wconf 80' lang='grc' dir='ltr'>είδωλολατροῦντας</span> <span class='ocrx_word' id='word_1_381' title='bbox 3235 2576 3516 2638; x_wconf 88' lang='grc' dir='ltr'>κοινωνίας</span> <span class='ocrx_word' id='word_1_382' title='bbox 3545 2576 3687 2645; x_wconf 83' lang='grc' dir='ltr'>ἡμε-</span> 
     </span>
    </p>
   </div>
   <div class='ocr_carea' id='block_1_57' title="bbox 2106 2665 3685 2742">
    <p class='ocr_par' dir='ltr' id='par_1_57' title="bbox 2106 2665 3685 2742">
     <span class='ocr_line' id='line_1_57' title="bbox 2106 2665 3685 2742; baseline 0.001 -24"><span class='ocrx_word' id='word_1_383' title='bbox 2106 2665 2346 2738; x_wconf 86' lang='grc' dir='ltr'>-ρώτερον</span> <span class='ocrx_word' id='word_1_384' title='bbox 2371 2668 2737 2739; x_wconf 76' lang='grc' dir='ltr'>ἡγησάμενος,</span> <span class='ocrx_word' id='word_1_385' title='bbox 2769 2668 2911 2722; x_wconf 85' lang='grc' dir='ltr'><strong>κατά</strong></span> <span class='ocrx_word' id='word_1_386' title='bbox 2934 2668 3025 2723; x_wconf 88' lang='grc' dir='ltr'><strong>τὸν</strong></span> <span class='ocrx_word' id='word_1_387' title='bbox 3059 2668 3305 2742; x_wconf 82' lang='grc' dir='ltr'>ζηλωτὴν</span> <span class='ocrx_word' id='word_1_388' title='bbox 3349 2668 3565 2722; x_wconf 81' lang='grc' dir='ltr'><strong>Ἠλίαν⁸</strong></span> <span class='ocrx_word' id='word_1_389' title='bbox 3599 2668 3685 2732; x_wconf 85' lang='grc' dir='ltr'>ὃς,</span> 
     </span>
    </p>
   </div>
   <div class='ocr_carea' id='block_1_58' title="bbox 2110 2755 3685 2834">
    <p class='ocr_par' dir='ltr' id='par_1_58' title="bbox 2110 2755 3685 2834">
     <span class='ocr_line' id='line_1_58' title="bbox 2110 2755 3685 2834; baseline 0.001 -23"><span class='ocrx_word' id='word_1_390' title='bbox 2110 2760 2195 2811; x_wconf 81' lang='grc' dir='ltr'><strong>ὅτε</strong></span> <span class='ocrx_word' id='word_1_391' title='bbox 2221 2755 2359 2813; x_wconf 71' lang='grc' dir='ltr'>εἶδεν</span> <span class='ocrx_word' id='word_1_392' title='bbox 2388 2760 2792 2830; x_wconf 79' lang='grc' dir='ltr'>ἐπικρατοῦσαν</span> <span class='ocrx_word' id='word_1_393' title='bbox 2817 2760 2913 2833; x_wconf 79' lang='grc' dir='ltr'><strong>τήν</strong></span> <span class='ocrx_word' id='word_1_394' title='bbox 2932 2761 3374 2834; x_wconf 81' lang='grc' dir='ltr'>είδωλολατρείαν</span> <span class='ocrx_word' id='word_1_395' title='bbox 3398 2763 3495 2832; x_wconf 80' lang='grc' dir='ltr'><strong>τῆς</strong></span> <span class='ocrx_word' id='word_1_396' title='bbox 3517 2760 3685 2813; x_wconf 80' lang='grc' dir='ltr'>Σιδω-</span> 
     </span>
    </p>
   </div>
   <div class='ocr_carea' id='block_1_59' title="bbox 2110 2850 3688 2927">
    <p class='ocr_par' dir='ltr' id='par_1_59' title="bbox 2110 2850 3688 2927">
     <span class='ocr_line' id='line_1_59' title="bbox 2110 2850 3688 2927; baseline 0.001 -24"><span class='ocrx_word' id='word_1_397' title='bbox 2110 2851 2249 2917; x_wconf 81' lang='grc' dir='ltr'>νίας,</span> <span class='ocrx_word' id='word_1_398' title='bbox 2284 2851 2377 2905; x_wconf 77' lang='grc' dir='ltr'>ἐπὶ</span> <span class='ocrx_word' id='word_1_399' title='bbox 2408 2853 2470 2904; x_wconf 85' lang='grc' dir='ltr'><strong>τὸ</strong></span> <span class='ocrx_word' id='word_1_400' title='bbox 2513 2852 2640 2921; x_wconf 80' lang='grc' dir='ltr'>ὅρος</span> <span class='ocrx_word' id='word_1_401' title='bbox 2676 2852 2946 2925; x_wconf 81' lang='grc' dir='ltr'>ἀνέδραμε</span> <span class='ocrx_word' id='word_1_402' title='bbox 2980 2854 3041 2907; x_wconf 87' lang='grc' dir='ltr'><strong>τὸ</strong></span> <span class='ocrx_word' id='word_1_403' title='bbox 3085 2854 3321 2927; x_wconf 85' lang='grc' dir='ltr'>Χωρὴϐ,</span> <span class='ocrx_word' id='word_1_404' title='bbox 3379 2853 3473 2906; x_wconf 73' lang='grc' dir='ltr'>καὶ</span> <span class='ocrx_word' id='word_1_405' title='bbox 3517 2854 3576 2904; x_wconf 85' lang='grc' dir='ltr'><strong>ἐν</strong></span> <span class='ocrx_word' id='word_1_406' title='bbox 3604 2850 3688 2921; x_wconf 80' lang='grc' dir='ltr'>τῷ</span> 
     </span>
    </p>
   </div>
   <div class='ocr_carea' id='block_1_60' title="bbox 2111 2940 3686 3017">
    <p class='ocr_par' dir='ltr' id='par_1_60' title="bbox 2111 2940 3686 3017">
     <span class='ocr_line' id='line_1_60' title="bbox 2111 2940 3686 3017; baseline 0.001 -22"><span class='ocrx_word' id='word_1_407' title='bbox 2111 2943 2361 3016; x_wconf 81' lang='grc' dir='ltr'>σπηλαίῳ</span> <span class='ocrx_word' id='word_1_408' title='bbox 2405 2943 2625 3016; x_wconf 77' lang='grc' dir='ltr'>διῆγεν,</span> <span class='ocrx_word' id='word_1_409' title='bbox 2677 2945 2921 3017; x_wconf 77' lang='grc' dir='ltr'>ἐκζητῶν</span> <span class='ocrx_word' id='word_1_410' title='bbox 2962 2946 3054 3001; x_wconf 87' lang='grc' dir='ltr'><strong>τὸν</strong></span> <span class='ocrx_word' id='word_1_411' title='bbox 3088 2946 3252 3011; x_wconf 88' lang='grc' dir='ltr'>Θεὸν,</span> <span class='ocrx_word' id='word_1_412' title='bbox 3306 2946 3410 3009; x_wconf 77' lang='grc' dir='ltr'>ἓως</span> <span class='ocrx_word' id='word_1_413' title='bbox 3446 2940 3555 2998; x_wconf 84' lang='grc' dir='ltr'>εἶδε</span> <span class='ocrx_word' id='word_1_414' title='bbox 3591 2943 3686 2997; x_wconf 87' lang='grc' dir='ltr'><strong>τὸν</strong></span> 
     </span>
    </p>
   </div>
   <div class='ocr_carea' id='block_1_61' title="bbox 2111 3036 3490 3111">
    <p class='ocr_par' dir='ltr' id='par_1_61' title="bbox 2111 3036 3490 3111">
     <span class='ocr_line' id='line_1_61' title="bbox 2111 3036 3490 3111; baseline 0.003 -24"><span class='ocrx_word' id='word_1_415' title='bbox 2111 3036 2472 3107; x_wconf 83' lang='grc' dir='ltr'>περιπόθητον</span> <span class='ocrx_word' id='word_1_416' title='bbox 2489 3077 2503 3101; x_wconf 90' lang='grc'><strong>,</strong></span> <span class='ocrx_word' id='word_1_417' title='bbox 2536 3036 2617 3099; x_wconf 78' lang='grc' dir='ltr'><strong>ὡς</strong></span> <span class='ocrx_word' id='word_1_418' title='bbox 2641 3038 2767 3092; x_wconf 78' lang='grc' dir='ltr'>ἰδεῖν</span> <span class='ocrx_word' id='word_1_419' title='bbox 2796 3038 3068 3111; x_wconf 81' lang='grc' dir='ltr'>ἀνθρώπῳ</span> <span class='ocrx_word' id='word_1_420' title='bbox 3090 3038 3222 3093; x_wconf 81' lang='grc' dir='ltr'>Θεὸν</span> <span class='ocrx_word' id='word_1_421' title='bbox 3244 3038 3490 3092; x_wconf 86' lang='grc' dir='ltr'>δυνατόν.</span> 
     </span>
    </p>
   </div>
   <div class='ocr_carea' id='block_1_62' title="bbox 424 3121 3685 3204">
    <p class='ocr_par' dir='ltr' id='par_1_62' title="bbox 424 3121 3685 3204">
     <span class='ocr_line' id='line_1_62' title="bbox 424 3121 3685 3204; baseline 0 -16"><span class='ocrx_word' id='word_1_422' title='bbox 424 3134 643 3189; x_wconf 74' lang='lat' dir='ltr'><strong>videret</strong></span> <span class='ocrx_word' id='word_1_423' title='bbox 686 3129 922 3184; x_wconf 70' lang='lat' dir='ltr'><strong>Sidonia:</strong></span> <span class='ocrx_word' id='word_1_424' title='bbox 966 3127 1412 3186; x_wconf 86' lang='lat' dir='ltr'><strong>invalescentem,</strong></span> <span class='ocrx_word' id='word_1_425' title='bbox 1482 3121 1538 3175; x_wconf 90' lang='lat' dir='ltr'><strong>in</strong></span> <span class='ocrx_word' id='word_1_426' title='bbox 1588 3132 1829 3179; x_wconf 87' lang='lat' dir='ltr'><strong>montem</strong></span> <span class='ocrx_word' id='word_1_427' title='bbox 1898 3125 2113 3184; x_wconf 89' lang='lat' dir='ltr'><strong>Choreb</strong></span> <span class='ocrx_word' id='word_1_428' title='bbox 2167 3128 2429 3200; x_wconf 80' lang='lat' dir='ltr'><strong>profugit,</strong></span> <span class='ocrx_word' id='word_1_429' title='bbox 2476 3129 2811 3203; x_wconf 86' lang='lat' dir='ltr'><strong>degebatque</strong></span> <span class='ocrx_word' id='word_1_430' title='bbox 2866 3134 2923 3188; x_wconf 91' lang='lat' dir='ltr'><strong>in</strong></span> <span class='ocrx_word' id='word_1_431' title='bbox 2982 3134 3288 3204; x_wconf 84' lang='lat' dir='ltr'><strong>spelunca,</strong></span> <span class='ocrx_word' id='word_1_432' title='bbox 3346 3133 3685 3204; x_wconf 88' lang='lat' dir='ltr'><strong>conquirens</strong></span> 
     </span>
    </p>
   </div>
   <div class='ocr_carea' id='block_1_63' title="bbox 431 3215 2698 3288">
    <p class='ocr_par' dir='ltr' id='par_1_63' title="bbox 431 3215 2698 3288">
     <span class='ocr_line' id='line_1_63' title="bbox 431 3215 2698 3288; baseline -0 -10"><span class='ocrx_word' id='word_1_433' title='bbox 431 3224 628 3284; x_wconf 87' lang='lat' dir='ltr'><strong>Deum,</strong></span> <span class='ocrx_word' id='word_1_434' title='bbox 658 3218 832 3275; x_wconf 90' lang='lat' dir='ltr'><strong>donec</strong></span> <span class='ocrx_word' id='word_1_435' title='bbox 855 3218 988 3273; x_wconf 90' lang='lat' dir='ltr'><strong>vidit</strong></span> <span class='ocrx_word' id='word_1_436' title='bbox 1009 3218 1436 3288; x_wconf 80' lang='lat' dir='ltr'><strong>optatissimum,</strong></span> <span class='ocrx_word' id='word_1_437' title='bbox 1467 3223 1732 3288; x_wconf 88' lang='lat' dir='ltr'><strong>quantum</strong></span> <span class='ocrx_word' id='word_1_438' title='bbox 1752 3215 1960 3270; x_wconf 90' lang='lat' dir='ltr'><strong>homini</strong></span> <span class='ocrx_word' id='word_1_439' title='bbox 1989 3218 2072 3273; x_wconf 85' lang='lat' dir='ltr'><strong>fas</strong></span> <span class='ocrx_word' id='word_1_440' title='bbox 2103 3228 2187 3276; x_wconf 89' lang='lat' dir='ltr'><strong>est</strong></span> <span class='ocrx_word' id='word_1_441' title='bbox 2222 3221 2391 3279; x_wconf 89' lang='lat' dir='ltr'><strong>Deum</strong></span> <span class='ocrx_word' id='word_1_442' title='bbox 2425 3224 2612 3280; x_wconf 87' lang='lat' dir='ltr'><strong>videre</strong></span> <span class='ocrx_word' id='word_1_443' title='bbox 2632 3226 2698 3277; x_wconf 69' lang='grc'><strong>⁸³.</strong></span> 
     </span>
    </p>
   </div>
   <div class='ocr_carea' id='block_1_64' title="bbox 502 3307 2003 3390">
    <p class='ocr_par' dir='ltr' id='par_1_64' title="bbox 502 3307 2003 3382">
     <span class='ocr_line' id='line_1_64' title="bbox 502 3307 2003 3382; baseline -0.005 -12"><span class='ocrx_word' id='word_1_444' title='bbox 502 3316 555 3370; x_wconf 78' lang='lat'><strong>3.</strong></span> <span class='ocrx_word' id='word_1_445' title='bbox 600 3311 949 3382; x_wconf 76' lang='lat' dir='ltr'><strong>Talisigitur</strong></span> <span class='ocrx_word' id='word_1_446' title='bbox 987 3317 1106 3366; x_wconf 90' lang='lat' dir='ltr'><strong>erat</strong></span> <span class='ocrx_word' id='word_1_447' title='bbox 1135 3319 1189 3365; x_wconf 92' lang='lat' dir='ltr'><strong>et</strong></span> <span class='ocrx_word' id='word_1_448' title='bbox 1219 3310 1478 3377; x_wconf 83' lang='lat' dir='ltr'><strong>Gordius,</strong></span> <span class='ocrx_word' id='word_1_449' title='bbox 1511 3311 1603 3381; x_wconf 92' lang='lat' dir='ltr'><strong>qui</strong></span> <span class='ocrx_word' id='word_1_450' title='bbox 1636 3307 1774 3381; x_wconf 84' lang='lat' dir='ltr'><strong>fugit</strong></span> <span class='ocrx_word' id='word_1_451' title='bbox 1800 3310 2003 3364; x_wconf 84' lang='lat' dir='ltr'><strong>tumul-</strong></span> 
     </span>
    </p>
   </div>
   <div class='ocr_carea' id='block_1_65' title="bbox 2106 3307 3689 3390">
    <p class='ocr_par' dir='ltr' id='par_1_65' title="bbox 2178 3315 3689 3390">
     <span class='ocr_line' id='line_1_65' title="bbox 2178 3315 3689 3390; baseline -0.001 -18"><span class='ocrx_word' id='word_1_452' title='bbox 2178 3316 2230 3372; x_wconf 82' lang='lat'><strong>5.</strong></span> <span class='ocrx_word' id='word_1_453' title='bbox 2278 3317 2529 3382; x_wconf 81' lang='grc' dir='ltr'>Τοιοῦτος</span> <span class='ocrx_word' id='word_1_454' title='bbox 2555 3315 2648 3372; x_wconf 79' lang='grc' dir='ltr'><strong>οὖν</strong></span> <span class='ocrx_word' id='word_1_455' title='bbox 2673 3315 2740 3390; x_wconf 79' lang='grc' dir='ltr'>ἦν</span> <span class='ocrx_word' id='word_1_456' title='bbox 2764 3318 2855 3372; x_wconf 78' lang='grc' dir='ltr'>καὶ</span> <span class='ocrx_word' id='word_1_457' title='bbox 2878 3321 2905 3371; x_wconf 88' lang='grc' dir='ltr'><strong>ό</strong></span> <span class='ocrx_word' id='word_1_458' title='bbox 2934 3318 3170 3389; x_wconf 88' lang='grc' dir='ltr'>Γόρδιος,</span> <span class='ocrx_word' id='word_1_459' title='bbox 3200 3316 3498 3389; x_wconf 60' lang='grc' dir='ltr'>ἀποψυγὼν</span> <span class='ocrx_word' id='word_1_460' title='bbox 3526 3318 3689 3389; x_wconf 85' lang='grc' dir='ltr'>θορύ-</span> 
     </span>
    </p>
   </div>
   <div class='ocr_carea' id='block_1_66' title="bbox 430 3402 2007 3474">
    <p class='ocr_par' dir='ltr' id='par_1_66' title="bbox 430 3402 2007 3474">
     <span class='ocr_line' id='line_1_66' title="bbox 430 3402 2007 3474; baseline -0.006 -9"><span class='ocrx_word' id='word_1_461' title='bbox 430 3420 525 3465; x_wconf 86' lang='lat' dir='ltr'><strong>tus</strong></span> <span class='ocrx_word' id='word_1_462' title='bbox 544 3408 755 3471; x_wconf 90' lang='lat' dir='ltr'><strong>civiles,</strong></span> <span class='ocrx_word' id='word_1_463' title='bbox 771 3407 986 3460; x_wconf 89' lang='lat' dir='ltr'><strong>turbam</strong></span> <span class='ocrx_word' id='word_1_464' title='bbox 1013 3403 1307 3469; x_wconf 86' lang='lat' dir='ltr'><strong>forensem,</strong></span> <span class='ocrx_word' id='word_1_465' title='bbox 1329 3404 1746 3474; x_wconf 81' lang='lat' dir='ltr'><strong>magistratuum</strong></span> <span class='ocrx_word' id='word_1_466' title='bbox 1782 3402 2007 3472; x_wconf 85' lang='lat' dir='ltr'><strong>fastum,</strong></span> 
     </span>
    </p>
   </div>
   <div class='ocr_carea' id='block_1_67' title="bbox 434 3497 2006 3566">
    <p class='ocr_par' dir='ltr' id='par_1_67' title="bbox 434 3497 2006 3566">
     <span class='ocr_line' id='line_1_67' title="bbox 434 3497 2006 3566; baseline -0.004 -9"><span class='ocrx_word' id='word_1_467' title='bbox 434 3500 750 3564; x_wconf 89' lang='lat' dir='ltr'><strong>tribunalia,</strong></span> <span class='ocrx_word' id='word_1_468' title='bbox 788 3498 1238 3559; x_wconf 87' lang='lat' dir='ltr'><strong>calumniatores,</strong></span> <span class='ocrx_word' id='word_1_469' title='bbox 1266 3497 1584 3562; x_wconf 85' lang='lat' dir='ltr'><strong>vendentes,</strong></span> <span class='ocrx_word' id='word_1_470' title='bbox 1623 3497 2006 3566; x_wconf 87' lang='lat' dir='ltr'><strong>ementes,ju-</strong></span> 
     </span>
    </p>
   </div>
   <div class='ocr_carea' id='block_1_68' title="bbox 434 3585 2008 3658">
    <p class='ocr_par' dir='ltr' id='par_1_68' title="bbox 434 3585 2008 3658">
     <span class='ocr_line' id='line_1_68' title="bbox 434 3585 2008 3658; baseline -0.004 -9"><span class='ocrx_word' id='word_1_471' title='bbox 434 3601 643 3658; x_wconf 88' lang='lat' dir='ltr'><strong>rantes,</strong></span> <span class='ocrx_word' id='word_1_472' title='bbox 679 3592 1033 3655; x_wconf 88' lang='lat' dir='ltr'><strong>mentientes,</strong></span> <span class='ocrx_word' id='word_1_473' title='bbox 1065 3589 1360 3645; x_wconf 87' lang='lat' dir='ltr'><strong>verborum</strong></span> <span class='ocrx_word' id='word_1_474' title='bbox 1401 3586 1822 3657; x_wconf 90' lang='lat' dir='ltr'><strong>turpitudinem,</strong></span> <span class='ocrx_word' id='word_1_475' title='bbox 1864 3585 2008 3643; x_wconf 27' lang='lat' dir='ltr'><strong>faces</strong></span> 
     </span>
    </p>
   </div>
   <div class='ocr_carea' id='block_1_69' title="bbox 433 3679 2007 3755">
    <p class='ocr_par' dir='ltr' id='par_1_69' title="bbox 433 3679 2007 3755">
     <span class='ocr_line' id='line_1_69' title="bbox 433 3679 2007 3755; baseline -0.006 -14"><span class='ocrx_word' id='word_1_476' title='bbox 433 3689 541 3744; x_wconf 91' lang='lat' dir='ltr'><strong>tias</strong></span> <span class='ocrx_word' id='word_1_477' title='bbox 565 3694 620 3742; x_wconf 89' lang='lat' dir='ltr'><strong>et</strong></span> <span class='ocrx_word' id='word_1_478' title='bbox 645 3686 856 3755; x_wconf 89' lang='lat' dir='ltr'><strong>reliqua</strong></span> <span class='ocrx_word' id='word_1_479' title='bbox 889 3682 1097 3747; x_wconf 87' lang='lat' dir='ltr'><strong>omnia,</strong></span> <span class='ocrx_word' id='word_1_480' title='bbox 1134 3697 1256 3753; x_wconf 78' lang='lat' dir='ltr'><strong>qua:</strong></span> <span class='ocrx_word' id='word_1_481' title='bbox 1298 3681 1577 3751; x_wconf 62' lang='lat' dir='ltr'><strong>populosae</strong></span> <span class='ocrx_word' id='word_1_482' title='bbox 1630 3679 1795 3735; x_wconf 89' lang='lat' dir='ltr'><strong>urbes</strong></span> <span class='ocrx_word' id='word_1_483' title='bbox 1821 3695 2007 3735; x_wconf 90' lang='lat' dir='ltr'><strong>secum</strong></span> 
     </span>
    </p>
   </div>
   <div class='ocr_carea' id='block_1_70' title="bbox 434 3771 2007 3847">
    <p class='ocr_par' dir='ltr' id='par_1_70' title="bbox 434 3771 2007 3847">
     <span class='ocr_line' id='line_1_70' title="bbox 434 3771 2007 3847; baseline -0.007 -11"><span class='ocrx_word' id='word_1_484' title='bbox 434 3781 657 3837; x_wconf 84' lang='lat' dir='ltr'><strong>trahunt</strong></span> <span class='ocrx_word' id='word_1_485' title='bbox 706 3778 780 3831; x_wconf 89' lang='lat' dir='ltr'><strong>ita</strong></span> <span class='ocrx_word' id='word_1_486' title='bbox 819 3786 878 3831; x_wconf 91' lang='lat' dir='ltr'><strong>ut</strong></span> <span class='ocrx_word' id='word_1_487' title='bbox 902 3776 1108 3847; x_wconf 69' lang='lat' dir='ltr'><strong>cymbae</strong></span> <span class='ocrx_word' id='word_1_488' title='bbox 1138 3789 1168 3828; x_wconf 92' lang='lat' dir='ltr'><strong>a</strong></span> <span class='ocrx_word' id='word_1_489' title='bbox 1193 3774 1405 3844; x_wconf 85' lang='lat' dir='ltr'><strong>magnis</strong></span> <span class='ocrx_word' id='word_1_490' title='bbox 1442 3773 1672 3829; x_wconf 83' lang='lat' dir='ltr'><strong>navibus</strong></span> <span class='ocrx_word' id='word_1_491' title='bbox 1694 3771 2007 3826; x_wconf 88' lang='lat' dir='ltr'><strong>trahuntur.</strong></span> 
     </span>
    </p>
   </div>
   <div class='ocr_carea' id='block_1_71' title="bbox 433 3864 2010 3943">
    <p class='ocr_par' dir='ltr' id='par_1_71' title="bbox 433 3864 2010 3943">
     <span class='ocr_line' id='line_1_71' title="bbox 433 3864 2010 3943; baseline -0.009 -13"><span class='ocrx_word' id='word_1_492' title='bbox 433 3875 540 3943; x_wconf 85' lang='lat' dir='ltr'><strong>Qui</strong></span> <span class='ocrx_word' id='word_1_493' title='bbox 582 3887 707 3928; x_wconf 91' lang='lat' dir='ltr'><strong>cum</strong></span> <span class='ocrx_word' id='word_1_494' title='bbox 748 3876 1038 3940; x_wconf 86' lang='lat' dir='ltr'><strong>purgasset</strong></span> <span class='ocrx_word' id='word_1_495' title='bbox 1077 3882 1261 3934; x_wconf 85' lang='lat' dir='ltr'><strong>aures,</strong></span> <span class='ocrx_word' id='word_1_496' title='bbox 1296 3872 1586 3938; x_wconf 85' lang='lat' dir='ltr'><strong>purgasset</strong></span> <span class='ocrx_word' id='word_1_497' title='bbox 1631 3864 1844 3928; x_wconf 87' lang='lat' dir='ltr'><strong>oculos,</strong></span> <span class='ocrx_word' id='word_1_498' title='bbox 1888 3878 2010 3918; x_wconf 89' lang='lat' dir='ltr'><strong>cor-</strong></span> 
     </span>
    </p>
   </div>
   <div class='ocr_carea' id='block_1_72' title="bbox 433 3956 2004 4040">
    <p class='ocr_par' dir='ltr' id='par_1_72' title="bbox 433 3956 2004 4040">
     <span class='ocr_line' id='line_1_72' title="bbox 433 3956 2004 4040; baseline -0.008 -17"><span class='ocrx_word' id='word_1_499' title='bbox 433 3984 540 4040; x_wconf 89' lang='lat' dir='ltr'><strong>que</strong></span> <span class='ocrx_word' id='word_1_500' title='bbox 567 3973 692 4020; x_wconf 91' lang='lat' dir='ltr'><strong>ante</strong></span> <span class='ocrx_word' id='word_1_501' title='bbox 726 3964 909 4018; x_wconf 89' lang='lat' dir='ltr'><strong>omnia</strong></span> <span class='ocrx_word' id='word_1_502' title='bbox 950 3968 1259 4032; x_wconf 88' lang='lat' dir='ltr'><strong>purgasset,</strong></span> <span class='ocrx_word' id='word_1_503' title='bbox 1293 3967 1352 4014; x_wconf 86' lang='lat' dir='ltr'><strong>ut</strong></span> <span class='ocrx_word' id='word_1_504' title='bbox 1382 3967 1567 4029; x_wconf 90' lang='lat' dir='ltr'><strong>posset</strong></span> <span class='ocrx_word' id='word_1_505' title='bbox 1601 3956 1770 4013; x_wconf 91' lang='lat' dir='ltr'><strong>Deum</strong></span> <span class='ocrx_word' id='word_1_506' title='bbox 1794 3956 2004 4020; x_wconf 83' lang='lat' dir='ltr'><strong>videre,</strong></span> 
     </span>
    </p>
   </div>
   <div class='ocr_carea' id='block_1_73' title="bbox 434 4047 2010 4118">
    <p class='ocr_par' dir='ltr' id='par_1_73' title="bbox 434 4047 2010 4118">
     <span class='ocr_line' id='line_1_73' title="bbox 434 4047 2010 4118; baseline -0.009 -5"><span class='ocrx_word' id='word_1_507' title='bbox 434 4074 501 4113; x_wconf 80' lang='lat' dir='ltr'><strong>ac</strong></span> <span class='ocrx_word' id='word_1_508' title='bbox 529 4058 724 4113; x_wconf 89' lang='lat' dir='ltr'><strong>beatus</strong></span> <span class='ocrx_word' id='word_1_509' title='bbox 777 4054 1083 4109; x_wconf 75' lang='lat' dir='ltr'><strong>efﬁceretur</strong></span> <span class='ocrx_word' id='word_1_510' title='bbox 1111 4071 1126 4118; x_wconf 89' lang='lat'><strong>;</strong></span> <span class='ocrx_word' id='word_1_511' title='bbox 1159 4051 1292 4105; x_wconf 89' lang='lat' dir='ltr'><strong>vidit</strong></span> <span class='ocrx_word' id='word_1_512' title='bbox 1323 4065 1388 4105; x_wconf 83' lang='lat' dir='ltr'><strong>ex</strong></span> <span class='ocrx_word' id='word_1_513' title='bbox 1427 4049 1779 4109; x_wconf 89' lang='lat' dir='ltr'><strong>revelatione,</strong></span> <span class='ocrx_word' id='word_1_514' title='bbox 1817 4047 2010 4102; x_wconf 88' lang='lat' dir='ltr'><strong>didicit</strong></span> 
     </span>
    </p>
   </div>
   <div class='ocr_carea' id='block_1_74' title="bbox 433 4139 2006 4222">
    <p class='ocr_par' dir='ltr' id='par_1_74' title="bbox 433 4139 2006 4222">
     <span class='ocr_line' id='line_1_74' title="bbox 433 4139 2006 4222; baseline -0.01 -16"><span class='ocrx_word' id='word_1_515' title='bbox 433 4147 717 4222; x_wconf 86' lang='lat' dir='ltr'><strong>mysteria,</strong></span> <span class='ocrx_word' id='word_1_516' title='bbox 759 4160 866 4199; x_wconf 92' lang='lat' dir='ltr'><strong>non</strong></span> <span class='ocrx_word' id='word_1_517' title='bbox 895 4145 962 4198; x_wconf 88' lang='lat' dir='ltr'><strong>ab</strong></span> <span class='ocrx_word' id='word_1_518' title='bbox 994 4142 1331 4205; x_wconf 90' lang='lat' dir='ltr'><strong>hominibus,</strong></span> <span class='ocrx_word' id='word_1_519' title='bbox 1374 4155 1551 4210; x_wconf 89' lang='lat' dir='ltr'><strong>neque</strong></span> <span class='ocrx_word' id='word_1_520' title='bbox 1599 4154 1697 4209; x_wconf 86' lang='lat' dir='ltr'><strong>per</strong></span> <span class='ocrx_word' id='word_1_521' title='bbox 1735 4139 2006 4201; x_wconf 87' lang='lat' dir='ltr'><strong>homines,</strong></span> 
     </span>
    </p>
   </div>
   <div class='ocr_carea' id='block_1_75' title="bbox 435 4227 2009 4309">
    <p class='ocr_par' dir='ltr' id='par_1_75' title="bbox 435 4227 2009 4309">
     <span class='ocr_line' id='line_1_75' title="bbox 435 4227 2009 4309; baseline -0.009 -10"><span class='ocrx_word' id='word_1_522' title='bbox 435 4240 534 4299; x_wconf 85' lang='lat' dir='ltr'><strong>sed</strong></span> <span class='ocrx_word' id='word_1_523' title='bbox 573 4253 769 4309; x_wconf 82' lang='lat' dir='ltr'><strong>magno</strong></span> <span class='ocrx_word' id='word_1_524' title='bbox 794 4252 929 4293; x_wconf 89' lang='lat' dir='ltr'><strong>usus</strong></span> <span class='ocrx_word' id='word_1_525' title='bbox 964 4243 1293 4306; x_wconf 78' lang='lat' dir='ltr'><strong>praeceptore</strong></span> <span class='ocrx_word' id='word_1_526' title='bbox 1325 4232 1533 4303; x_wconf 84' lang='lat' dir='ltr'><strong>Spiritu</strong></span> <span class='ocrx_word' id='word_1_527' title='bbox 1553 4231 1818 4286; x_wconf 85' lang='lat' dir='ltr'><strong>veritatis.</strong></span> <span class='ocrx_word' id='word_1_528' title='bbox 1858 4227 2009 4285; x_wconf 89' lang='lat' dir='ltr'><strong>Unde</strong></span> 
     </span>
    </p>
   </div>
   <div class='ocr_carea' id='block_1_76' title="bbox 435 4325 2008 4400">
    <p class='ocr_par' dir='ltr' id='par_1_76' title="bbox 435 4325 2008 4400">
     <span class='ocr_line' id='line_1_76' title="bbox 435 4325 2008 4400; baseline -0.008 -11"><span class='ocrx_word' id='word_1_529' title='bbox 435 4350 560 4389; x_wconf 89' lang='lat' dir='ltr'><strong>cum</strong></span> <span class='ocrx_word' id='word_1_530' title='bbox 606 4334 771 4387; x_wconf 90' lang='lat' dir='ltr'><strong>vitam</strong></span> <span class='ocrx_word' id='word_1_531' title='bbox 840 4334 1166 4400; x_wconf 85' lang='lat' dir='ltr'><strong>reputasset,</strong></span> <span class='ocrx_word' id='word_1_532' title='bbox 1206 4341 1372 4399; x_wconf 82' lang='lat' dir='ltr'><strong>quam</strong></span> <span class='ocrx_word' id='word_1_533' title='bbox 1428 4325 1640 4380; x_wconf 91' lang='lat' dir='ltr'><strong>inutilis</strong></span> <span class='ocrx_word' id='word_1_534' title='bbox 1698 4325 1791 4389; x_wconf 89' lang='lat' dir='ltr'><strong>sit,</strong></span> <span class='ocrx_word' id='word_1_535' title='bbox 1842 4338 2008 4394; x_wconf 89' lang='lat' dir='ltr'><strong>quam</strong></span> 
     </span>
    </p>
   </div>
   <div class='ocr_carea' id='block_1_77' title="bbox 436 4416 2010 4493">
    <p class='ocr_par' dir='ltr' id='par_1_77' title="bbox 436 4416 2010 4493">
     <span class='ocr_line' id='line_1_77' title="bbox 436 4416 2010 4493; baseline -0.008 -13"><span class='ocrx_word' id='word_1_536' title='bbox 436 4440 600 4486; x_wconf 89' lang='lat' dir='ltr'><strong>vana.</strong></span> <span class='ocrx_word' id='word_1_537' title='bbox 639 4436 801 4493; x_wconf 89' lang='lat' dir='ltr'><strong>quam</strong></span> <span class='ocrx_word' id='word_1_538' title='bbox 849 4419 998 4475; x_wconf 91' lang='lat' dir='ltr'><strong>omni</strong></span> <span class='ocrx_word' id='word_1_539' title='bbox 1043 4419 1260 4474; x_wconf 88' lang='lat' dir='ltr'><strong>somnio</strong></span> <span class='ocrx_word' id='word_1_540' title='bbox 1289 4426 1343 4473; x_wconf 91' lang='lat' dir='ltr'><strong>et</strong></span> <span class='ocrx_word' id='word_1_541' title='bbox 1390 4418 1582 4471; x_wconf 90' lang='lat' dir='ltr'><strong>umbra</strong></span> <span class='ocrx_word' id='word_1_542' title='bbox 1616 4416 1882 4487; x_wconf 87' lang='lat' dir='ltr'><strong>fragilior,</strong></span> <span class='ocrx_word' id='word_1_543' title='bbox 1914 4430 2010 4469; x_wconf 81' lang='lat' dir='ltr'><strong>ex-</strong></span> 
     </span>
    </p>
   </div>
   <div class='ocr_carea' id='block_1_78' title="bbox 436 4506 2007 4577">
    <p class='ocr_par' dir='ltr' id='par_1_78' title="bbox 436 4506 2007 4577">
     <span class='ocr_line' id='line_1_78' title="bbox 436 4506 2007 4577; baseline -0.005 -8"><span class='ocrx_word' id='word_1_544' title='bbox 436 4514 753 4570; x_wconf 88' lang='lat' dir='ltr'><strong>stimulatus</strong></span> <span class='ocrx_word' id='word_1_545' title='bbox 794 4519 880 4567; x_wconf 91' lang='lat' dir='ltr'><strong>est</strong></span> <span class='ocrx_word' id='word_1_546' title='bbox 911 4509 1289 4566; x_wconf 87' lang='lat' dir='ltr'><strong>vehementius</strong></span> <span class='ocrx_word' id='word_1_547' title='bbox 1330 4509 1396 4563; x_wconf 87' lang='lat' dir='ltr'><strong>ad</strong></span> <span class='ocrx_word' id='word_1_548' title='bbox 1439 4522 1733 4577; x_wconf 89' lang='lat' dir='ltr'><strong>supernam</strong></span> <span class='ocrx_word' id='word_1_549' title='bbox 1764 4506 2007 4562; x_wconf 78' lang='lat' dir='ltr'><strong>vocatio-</strong></span> 
     </span>
    </p>
   </div>
   <div class='ocr_carea' id='block_1_79' title="bbox 437 4600 2009 4675">
    <p class='ocr_par' dir='ltr' id='par_1_79' title="bbox 437 4600 2009 4675">
     <span class='ocr_line' id='line_1_79' title="bbox 437 4600 2009 4675; baseline -0.005 -14"><span class='ocrx_word' id='word_1_550' title='bbox 437 4623 562 4661; x_wconf 90' lang='lat' dir='ltr'><strong>nem</strong></span> <span class='ocrx_word' id='word_1_551' title='bbox 602 4602 1124 4675; x_wconf 86' lang='lat' dir='ltr'><strong>concupiscendam.</strong></span> <span class='ocrx_word' id='word_1_552' title='bbox 1180 4602 1259 4656; x_wconf 84' lang='lat' dir='ltr'><strong>Ac</strong></span> <span class='ocrx_word' id='word_1_553' title='bbox 1307 4601 1476 4655; x_wconf 91' lang='lat' dir='ltr'><strong>veluti</strong></span> <span class='ocrx_word' id='word_1_554' title='bbox 1511 4601 1736 4665; x_wconf 88' lang='lat' dir='ltr'><strong>athleta,</strong></span> <span class='ocrx_word' id='word_1_555' title='bbox 1781 4600 1894 4671; x_wconf 84' lang='lat' dir='ltr'><strong>jam</strong></span> <span class='ocrx_word' id='word_1_556' title='bbox 1949 4614 2009 4655; x_wconf 92' lang='lat' dir='ltr'><strong>se</strong></span> 
     </span>
    </p>
   </div>
   <div class='ocr_carea' id='block_1_80' title="bbox 2109 3402 3687 3486">
    <p class='ocr_par' dir='ltr' id='par_1_80' title="bbox 2109 3402 3687 3486">
     <span class='ocr_line' id='line_1_80' title="bbox 2109 3402 3687 3486; baseline 0.003 -27"><span class='ocrx_word' id='word_1_557' title='bbox 2109 3408 2238 3471; x_wconf 89' lang='grc' dir='ltr'>ϐους</span> <span class='ocrx_word' id='word_1_558' title='bbox 2283 3409 2592 3474; x_wconf 82' lang='grc' dir='ltr'>πολιτικοὺς</span> <span class='ocrx_word' id='word_1_559' title='bbox 2612 3452 2631 3486; x_wconf 66' lang='grc' dir='ltr'><strong><em>ι</em></strong></span> <span class='ocrx_word' id='word_1_560' title='bbox 2675 3410 2831 3481; x_wconf 71' lang='grc' dir='ltr'>ὄχλον</span> <span class='ocrx_word' id='word_1_561' title='bbox 2858 3402 3115 3483; x_wconf 74' lang='grc' dir='ltr'>ἀγοραῖον</span> <span class='ocrx_word' id='word_1_562' title='bbox 3134 3449 3150 3475; x_wconf 91' lang='grc'><strong>,</strong></span> <span class='ocrx_word' id='word_1_563' title='bbox 3206 3410 3561 3482; x_wconf 80' lang='grc' dir='ltr'>ἀρχοντικοὺς</span> <span class='ocrx_word' id='word_1_564' title='bbox 3592 3409 3687 3464; x_wconf 87' lang='grc' dir='ltr'>τύ-</span> 
     </span>
    </p>
   </div>
   <div class='ocr_carea' id='block_1_81' title="bbox 2112 3500 3689 3572">
    <p class='ocr_par' dir='ltr' id='par_1_81' title="bbox 2112 3500 3689 3572">
     <span class='ocr_line' id='line_1_81' title="bbox 2112 3500 3689 3572; baseline 0.002 -21"><span class='ocrx_word' id='word_1_565' title='bbox 2112 3515 2274 3569; x_wconf 84' lang='grc' dir='ltr'>φους,</span> <span class='ocrx_word' id='word_1_566' title='bbox 2314 3500 2382 3554; x_wconf 81' lang='grc' dir='ltr'>τὰ</span> <span class='ocrx_word' id='word_1_567' title='bbox 2433 3501 2791 3572; x_wconf 80' lang='grc' dir='ltr'>δικαστήρια,</span> <span class='ocrx_word' id='word_1_568' title='bbox 2843 3500 2971 3564; x_wconf 72' lang='grc' dir='ltr'>τοὺς</span> <span class='ocrx_word' id='word_1_569' title='bbox 3014 3501 3384 3569; x_wconf 68' lang='grc' dir='ltr'>συκοφάντας,</span> <span class='ocrx_word' id='word_1_570' title='bbox 3415 3502 3540 3566; x_wconf 81' lang='grc' dir='ltr'>τοὺς</span> <span class='ocrx_word' id='word_1_571' title='bbox 3576 3517 3689 3554; x_wconf 82' lang='grc' dir='ltr'>πω-</span> 
     </span>
    </p>
   </div>
   <div class='ocr_carea' id='block_1_82' title="bbox 2108 3587 3686 3661">
    <p class='ocr_par' dir='ltr' id='par_1_82' title="bbox 2108 3587 3686 3661">
     <span class='ocr_line' id='line_1_82' title="bbox 2108 3587 3686 3661; baseline 0.001 -21"><span class='ocrx_word' id='word_1_572' title='bbox 2108 3587 2364 3653; x_wconf 81' lang='grc' dir='ltr'>λοῦντας,</span> <span class='ocrx_word' id='word_1_573' title='bbox 2423 3590 2550 3654; x_wconf 77' lang='grc' dir='ltr'>τοὺς</span> <span class='ocrx_word' id='word_1_574' title='bbox 2590 3590 2927 3661; x_wconf 82' lang='grc' dir='ltr'>ὠνουμένους</span> <span class='ocrx_word' id='word_1_575' title='bbox 2951 3630 2965 3654; x_wconf 88' lang='grc'><strong>,</strong></span> <span class='ocrx_word' id='word_1_576' title='bbox 3020 3591 3148 3653; x_wconf 68' lang='grc' dir='ltr'>τοὺς</span> <span class='ocrx_word' id='word_1_577' title='bbox 3187 3589 3514 3661; x_wconf 78' lang='grc' dir='ltr'>ὀμνύοντας,</span> <span class='ocrx_word' id='word_1_578' title='bbox 3557 3591 3686 3652; x_wconf 80' lang='grc' dir='ltr'>τοὺς</span> 
     </span>
    </p>
   </div>
   <div class='ocr_carea' id='block_1_83' title="bbox 2107 3680 3683 3754">
    <p class='ocr_par' dir='ltr' id='par_1_83' title="bbox 2107 3680 3683 3754">
     <span class='ocr_line' id='line_1_83' title="bbox 2107 3680 3683 3754; baseline -0.001 -21"><span class='ocrx_word' id='word_1_579' title='bbox 2107 3680 2498 3753; x_wconf 68' lang='grc' dir='ltr'>ψευδομένους,</span> <span class='ocrx_word' id='word_1_580' title='bbox 2554 3683 2653 3754; x_wconf 81' lang='grc' dir='ltr'>τὴν</span> <span class='ocrx_word' id='word_1_581' title='bbox 2693 3683 3104 3754; x_wconf 80' lang='grc' dir='ltr'>αἰσχρολογίαν,</span> <span class='ocrx_word' id='word_1_582' title='bbox 3149 3683 3245 3753; x_wconf 80' lang='grc' dir='ltr'><strong>τὴν</strong></span> <span class='ocrx_word' id='word_1_583' title='bbox 3300 3682 3683 3753; x_wconf 78' lang='grc' dir='ltr'>εὐτραπελίαν,</span> 
     </span>
    </p>
   </div>
   <div class='ocr_carea' id='block_1_84' title="bbox 2108 3774 3687 3846">
    <p class='ocr_par' dir='ltr' id='par_1_84' title="bbox 2108 3774 3687 3846">
     <span class='ocr_line' id='line_1_84' title="bbox 2108 3774 3687 3846; baseline 0 -20"><span class='ocrx_word' id='word_1_584' title='bbox 2108 3774 2274 3828; x_wconf 82' lang='grc' dir='ltr'>τᾶλλα</span> <span class='ocrx_word' id='word_1_585' title='bbox 2307 3776 2437 3837; x_wconf 83' lang='grc' dir='ltr'>ὅσα,</span> <span class='ocrx_word' id='word_1_586' title='bbox 2484 3774 2671 3846; x_wconf 81' lang='grc' dir='ltr'>ὥσπερ</span> <span class='ocrx_word' id='word_1_587' title='bbox 2700 3777 2925 3846; x_wconf 80' lang='grc' dir='ltr'>ἐφόλκια</span> <span class='ocrx_word' id='word_1_588' title='bbox 2952 3816 2969 3840; x_wconf 95' lang='grc'><strong>,</strong></span> <span class='ocrx_word' id='word_1_589' title='bbox 3016 3777 3072 3829; x_wconf 79' lang='grc' dir='ltr'>αἱ</span> <span class='ocrx_word' id='word_1_590' title='bbox 3114 3774 3529 3845; x_wconf 85' lang='grc' dir='ltr'>πολυάνθρωποι</span> <span class='ocrx_word' id='word_1_591' title='bbox 3573 3774 3687 3827; x_wconf 84' lang='grc' dir='ltr'><strong>τῶν</strong></span> 
     </span>
    </p>
   </div>
   <div class='ocr_carea' id='block_1_85' title="bbox 2110 3862 3687 3941">
    <p class='ocr_par' dir='ltr' id='par_1_85' title="bbox 2110 3862 3687 3941">
     <span class='ocr_line' id='line_1_85' title="bbox 2110 3862 3687 3941; baseline 0 -23"><span class='ocrx_word' id='word_1_592' title='bbox 2110 3866 2316 3920; x_wconf 88' lang='grc' dir='ltr'>πόλεων</span> <span class='ocrx_word' id='word_1_593' title='bbox 2340 3866 2707 3938; x_wconf 81' lang='grc' dir='ltr'>ἐπισύρονται.</span> <span class='ocrx_word' id='word_1_594' title='bbox 2745 3867 3083 3941; x_wconf 83' lang='grc' dir='ltr'>Καθαρεύων</span> <span class='ocrx_word' id='word_1_595' title='bbox 3103 3867 3171 3921; x_wconf 84' lang='grc' dir='ltr'><strong>τά</strong></span> <span class='ocrx_word' id='word_1_596' title='bbox 3191 3862 3328 3932; x_wconf 83' lang='grc' dir='ltr'>ὦτα,</span> <span class='ocrx_word' id='word_1_597' title='bbox 3360 3866 3687 3938; x_wconf 77' lang='grc' dir='ltr'>καθαρεύων</span> 
     </span>
    </p>
   </div>
   <div class='ocr_carea' id='block_1_86' title="bbox 2107 3957 3686 4032">
    <p class='ocr_par' dir='ltr' id='par_1_86' title="bbox 2107 3957 3686 4032">
     <span class='ocr_line' id='line_1_86' title="bbox 2107 3957 3686 4032; baseline 0.001 -22"><span class='ocrx_word' id='word_1_598' title='bbox 2107 3957 2232 4022; x_wconf 74' lang='grc' dir='ltr'>τοὺς</span> <span class='ocrx_word' id='word_1_599' title='bbox 2272 3957 2613 4029; x_wconf 83' lang='grc' dir='ltr'>ὀφθαλμούς·</span> <span class='ocrx_word' id='word_1_600' title='bbox 2666 3960 2763 4013; x_wconf 80' lang='grc' dir='ltr'><strong>καὶ</strong></span> <span class='ocrx_word' id='word_1_601' title='bbox 2809 3959 2915 4031; x_wconf 89' lang='grc' dir='ltr'><strong>πρό</strong></span> <span class='ocrx_word' id='word_1_602' title='bbox 2956 3975 3019 4027; x_wconf 90' lang='grc' dir='ltr'><strong>γε</strong></span> <span class='ocrx_word' id='word_1_603' title='bbox 3061 3960 3281 4013; x_wconf 86' lang='grc' dir='ltr'>πάντων</span> <span class='ocrx_word' id='word_1_604' title='bbox 3325 3959 3424 4032; x_wconf 78' lang='grc' dir='ltr'>τὴν</span> <span class='ocrx_word' id='word_1_605' title='bbox 3456 3960 3686 4032; x_wconf 80' lang='grc' dir='ltr'>καρδίαν</span> 
     </span>
    </p>
   </div>
   <div class='ocr_carea' id='block_1_87' title="bbox 2109 4049 3686 4123">
    <p class='ocr_par' dir='ltr' id='par_1_87' title="bbox 2109 4049 3686 4123">
     <span class='ocr_line' id='line_1_87' title="bbox 2109 4049 3686 4123; baseline 0.002 -21"><span class='ocrx_word' id='word_1_606' title='bbox 2109 4049 2517 4121; x_wconf 84' lang='grc' dir='ltr'>κεκαθαρμένος</span> <span class='ocrx_word' id='word_1_607' title='bbox 2537 4089 2553 4115; x_wconf 91' lang='grc'><strong>,</strong></span> <span class='ocrx_word' id='word_1_608' title='bbox 2585 4051 2672 4105; x_wconf 82' lang='grc' dir='ltr'>ἵνα</span> <span class='ocrx_word' id='word_1_609' title='bbox 2707 4050 2838 4105; x_wconf 85' lang='grc' dir='ltr'>Θεὸν</span> <span class='ocrx_word' id='word_1_610' title='bbox 2871 4052 2995 4105; x_wconf 81' lang='grc' dir='ltr'>ἰδεῖν</span> <span class='ocrx_word' id='word_1_611' title='bbox 3026 4051 3262 4123; x_wconf 83' lang='grc' dir='ltr'>δυνηθῇ,</span> <span class='ocrx_word' id='word_1_612' title='bbox 3295 4052 3391 4107; x_wconf 84' lang='grc' dir='ltr'>καὶ</span> <span class='ocrx_word' id='word_1_613' title='bbox 3416 4052 3686 4123; x_wconf 84' lang='grc' dir='ltr'>μακάριος</span> 
     </span>
    </p>
   </div>
   <div class='ocr_carea' id='block_1_88' title="bbox 2109 4138 3686 4215">
    <p class='ocr_par' dir='ltr' id='par_1_88' title="bbox 2109 4138 3686 4215">
     <span class='ocr_line' id='line_1_88' title="bbox 2109 4138 3686 4215; baseline 0.001 -21"><span class='ocrx_word' id='word_1_614' title='bbox 2109 4142 2361 4214; x_wconf 72' lang='grc' dir='ltr'>γένηταισ</span> <span class='ocrx_word' id='word_1_615' title='bbox 2404 4138 2510 4195; x_wconf 77' lang='grc' dir='ltr'>εἶδε</span> <span class='ocrx_word' id='word_1_616' title='bbox 2532 4140 2600 4197; x_wconf 86' lang='grc' dir='ltr'>δι’</span> <span class='ocrx_word' id='word_1_617' title='bbox 2632 4142 3025 4211; x_wconf 70' lang='grc' dir='ltr'>ἀποκαλύψεων</span> <span class='ocrx_word' id='word_1_618' title='bbox 3045 4183 3060 4207; x_wconf 92' lang='grc'><strong>,</strong></span> <span class='ocrx_word' id='word_1_619' title='bbox 3096 4142 3346 4215; x_wconf 83' lang='grc' dir='ltr'>ἐδιδάχθη</span> <span class='ocrx_word' id='word_1_620' title='bbox 3375 4142 3442 4196; x_wconf 79' lang='grc' dir='ltr'>τὰ</span> <span class='ocrx_word' id='word_1_621' title='bbox 3475 4146 3686 4213; x_wconf 78' lang='grc' dir='ltr'>μυστή-</span> 
     </span>
    </p>
   </div>
   <div class='ocr_carea' id='block_1_89' title="bbox 2112 4232 3685 4307">
    <p class='ocr_par' dir='ltr' id='par_1_89' title="bbox 2112 4232 3685 4307">
     <span class='ocr_line' id='line_1_89' title="bbox 2112 4232 3685 4307; baseline 0.001 -22"><span class='ocrx_word' id='word_1_622' title='bbox 2112 4249 2234 4304; x_wconf 88' lang='grc' dir='ltr'>ρια,</span> <span class='ocrx_word' id='word_1_623' title='bbox 2277 4234 2376 4286; x_wconf 82' lang='grc' dir='ltr'><strong>οὐκ</strong></span> <span class='ocrx_word' id='word_1_624' title='bbox 2408 4234 2504 4286; x_wconf 86' lang='grc' dir='ltr'>ἀπ’</span> <span class='ocrx_word' id='word_1_625' title='bbox 2531 4232 2831 4307; x_wconf 82' lang='grc' dir='ltr'>ἀνθρώπων</span> <span class='ocrx_word' id='word_1_626' title='bbox 2856 4274 2870 4299; x_wconf 96' lang='grc'><strong>,</strong></span> <span class='ocrx_word' id='word_1_627' title='bbox 2916 4234 3034 4287; x_wconf 79' lang='grc' dir='ltr'>οὐδὲ</span> <span class='ocrx_word' id='word_1_628' title='bbox 3065 4235 3133 4287; x_wconf 86' lang='grc' dir='ltr'>δι’</span> <span class='ocrx_word' id='word_1_629' title='bbox 3175 4233 3474 4306; x_wconf 85' lang='grc' dir='ltr'>ἀνθρώπων</span> <span class='ocrx_word' id='word_1_630' title='bbox 3495 4273 3509 4297; x_wconf 94' lang='grc'><strong>,</strong></span> <span class='ocrx_word' id='word_1_631' title='bbox 3566 4233 3685 4287; x_wconf 81' lang='grc' dir='ltr'>ἀλλ’</span> 
     </span>
    </p>
   </div>
   <div class='ocr_carea' id='block_1_90' title="bbox 2109 4323 3682 4398">
    <p class='ocr_par' dir='ltr' id='par_1_90' title="bbox 2109 4323 3682 4398">
     <span class='ocr_line' id='line_1_90' title="bbox 2109 4323 3682 4398; baseline 0.003 -23"><span class='ocrx_word' id='word_1_632' title='bbox 2109 4323 2247 4393; x_wconf 78' lang='grc' dir='ltr'>ἔχων</span> <span class='ocrx_word' id='word_1_633' title='bbox 2271 4324 2361 4377; x_wconf 89' lang='grc' dir='ltr'><strong>τὸν</strong></span> <span class='ocrx_word' id='word_1_634' title='bbox 2387 4324 2559 4395; x_wconf 79' lang='grc' dir='ltr'>μέγαν</span> <span class='ocrx_word' id='word_1_635' title='bbox 2593 4324 2914 4378; x_wconf 87' lang='grc' dir='ltr'>διδάσκαλον</span> <span class='ocrx_word' id='word_1_636' title='bbox 2945 4326 3006 4378; x_wconf 88' lang='grc' dir='ltr'><strong>τὸ</strong></span> <span class='ocrx_word' id='word_1_637' title='bbox 3027 4325 3252 4397; x_wconf 81' lang='grc' dir='ltr'>Πνεῦμα</span> <span class='ocrx_word' id='word_1_638' title='bbox 3277 4327 3377 4396; x_wconf 86' lang='grc' dir='ltr'>τῆς</span> <span class='ocrx_word' id='word_1_639' title='bbox 3401 4324 3682 4398; x_wconf 78' lang='grc' dir='ltr'>ἀληθείας.</span> 
     </span>
    </p>
   </div>
   <div class='ocr_carea' id='block_1_91' title="bbox 2110 4414 3685 4489">
    <p class='ocr_par' dir='ltr' id='par_1_91' title="bbox 2110 4414 3685 4489">
     <span class='ocr_line' id='line_1_91' title="bbox 2110 4414 3685 4489; baseline 0.001 -21"><span class='ocrx_word' id='word_1_640' title='bbox 2110 4414 2271 4468; x_wconf 83' lang='grc' dir='ltr'>Ὅθεν</span> <span class='ocrx_word' id='word_1_641' title='bbox 2299 4414 2469 4469; x_wconf 88' lang='grc' dir='ltr'>ἐλθὼν</span> <span class='ocrx_word' id='word_1_642' title='bbox 2507 4418 2586 4481; x_wconf 84' lang='grc' dir='ltr'><strong>είς</strong></span> <span class='ocrx_word' id='word_1_643' title='bbox 2618 4416 2825 4471; x_wconf 78' lang='grc' dir='ltr'>ἔννοιαν</span> <span class='ocrx_word' id='word_1_644' title='bbox 2853 4416 2944 4471; x_wconf 78' lang='grc' dir='ltr'>τοῦ</span> <span class='ocrx_word' id='word_1_645' title='bbox 2980 4417 3094 4488; x_wconf 87' lang='grc' dir='ltr'>βίου</span> <span class='ocrx_word' id='word_1_646' title='bbox 3112 4460 3127 4485; x_wconf 85' lang='grc'><strong>,</strong></span> <span class='ocrx_word' id='word_1_647' title='bbox 3155 4417 3231 4481; x_wconf 86' lang='grc' dir='ltr'>ὠς</span> <span class='ocrx_word' id='word_1_648' title='bbox 3266 4417 3547 4489; x_wconf 64' lang='grc' dir='ltr'>ἀνωφελὴς</span> <span class='ocrx_word' id='word_1_649' title='bbox 3566 4456 3580 4483; x_wconf 86' lang='grc'><strong>,</strong></span> <span class='ocrx_word' id='word_1_650' title='bbox 3605 4417 3685 4480; x_wconf 86' lang='grc' dir='ltr'>ὼς</span> 
     </span>
    </p>
   </div>
   <div class='ocr_carea' id='block_1_92' title="bbox 2110 4507 3682 4581">
    <p class='ocr_par' dir='ltr' id='par_1_92' title="bbox 2110 4507 3682 4581">
     <span class='ocr_line' id='line_1_92' title="bbox 2110 4507 3682 4581; baseline 0.002 -21"><span class='ocrx_word' id='word_1_651' title='bbox 2110 4508 2339 4577; x_wconf 87' lang='grc' dir='ltr'>μάταιος</span> <span class='ocrx_word' id='word_1_652' title='bbox 2356 4548 2371 4574; x_wconf 91' lang='grc'><strong>,</strong></span> <span class='ocrx_word' id='word_1_653' title='bbox 2404 4507 2478 4573; x_wconf 84' lang='grc' dir='ltr'>ὡς</span> <span class='ocrx_word' id='word_1_654' title='bbox 2500 4509 2707 4581; x_wconf 83' lang='grc' dir='ltr'>ὀνείρου</span> <span class='ocrx_word' id='word_1_655' title='bbox 2742 4509 2940 4574; x_wconf 85' lang='grc' dir='ltr'>παντὸς</span> <span class='ocrx_word' id='word_1_656' title='bbox 2966 4511 3060 4564; x_wconf 78' lang='grc' dir='ltr'><strong>καὶ</strong></span> <span class='ocrx_word' id='word_1_657' title='bbox 3087 4511 3244 4573; x_wconf 80' lang='grc' dir='ltr'>σκιᾶς</span> <span class='ocrx_word' id='word_1_658' title='bbox 3268 4510 3682 4581; x_wconf 83' lang='grc' dir='ltr'>ἁδρανέστερος,</span> 
     </span>
    </p>
   </div>
   <div class='ocr_carea' id='block_1_93' title="bbox 2108 4600 3686 4674">
    <p class='ocr_par' dir='ltr' id='par_1_93' title="bbox 2108 4600 3686 4674">
     <span class='ocr_line' id='line_1_93' title="bbox 2108 4600 3686 4674; baseline 0.001 -20"><span class='ocrx_word' id='word_1_659' title='bbox 2108 4600 2371 4672; x_wconf 75' lang='grc' dir='ltr'>ἠρεθίσθη</span> <span class='ocrx_word' id='word_1_660' title='bbox 2404 4601 2757 4674; x_wconf 85' lang='grc' dir='ltr'>σφοδρότερον</span> <span class='ocrx_word' id='word_1_661' title='bbox 2795 4603 2934 4674; x_wconf 86' lang='grc' dir='ltr'>πρὸς</span> <span class='ocrx_word' id='word_1_662' title='bbox 2976 4602 3075 4674; x_wconf 84' lang='grc' dir='ltr'>τὴν</span> <span class='ocrx_word' id='word_1_663' title='bbox 3111 4602 3404 4672; x_wconf 83' lang='grc' dir='ltr'>ἐπιθυμίαν</span> <span class='ocrx_word' id='word_1_664' title='bbox 3436 4601 3537 4672; x_wconf 71' lang='grc' dir='ltr'>τῆς</span> <span class='ocrx_word' id='word_1_665' title='bbox 3571 4603 3686 4656; x_wconf 83' lang='grc' dir='ltr'>ἄνω</span> 
     </span>
    </p>
   </div>
   <div class='ocr_carea' id='block_1_94' title="bbox 429 4681 2003 4768">
    <p class='ocr_par' dir='ltr' id='par_1_94' title="bbox 429 4690 2001 4768">
     <span class='ocr_line' id='line_1_94' title="bbox 429 4690 2001 4768; baseline -0.005 -16"><span class='ocrx_word' id='word_1_666' title='bbox 429 4696 677 4768; x_wconf 85' lang='lat' dir='ltr'><strong>jejuniis,</strong></span> <span class='ocrx_word' id='word_1_667' title='bbox 732 4693 954 4765; x_wconf 87' lang='lat' dir='ltr'><strong>vigiliis,</strong></span> <span class='ocrx_word' id='word_1_668' title='bbox 1003 4691 1436 4763; x_wconf 87' lang='lat' dir='ltr'><strong>precationibus,</strong></span> <span class='ocrx_word' id='word_1_669' title='bbox 1469 4690 1802 4761; x_wconf 88' lang='lat' dir='ltr'><strong>assiduaque</strong></span> <span class='ocrx_word' id='word_1_670' title='bbox 1824 4700 1877 4745; x_wconf 92' lang='lat' dir='ltr'><strong>et</strong></span> <span class='ocrx_word' id='word_1_671' title='bbox 1919 4690 2001 4744; x_wconf 89' lang='lat' dir='ltr'><strong>in-</strong></span> 
     </span>
    </p>
   </div>
   <div class='ocr_carea' id='block_1_95' title="bbox 2106 4681 3682 4768">
    <p class='ocr_par' dir='ltr' id='par_1_95' title="bbox 2106 4686 3682 4765">
     <span class='ocr_line' id='line_1_95' title="bbox 2106 4686 3682 4765; baseline 0.003 -22"><span class='ocrx_word' id='word_1_672' title='bbox 2106 4692 2370 4761; x_wconf 87' lang='grc' dir='ltr'>κλήσεως.</span> <span class='ocrx_word' id='word_1_673' title='bbox 2408 4692 2519 4745; x_wconf 73' lang='grc' dir='ltr'><strong>Καὶ</strong></span> <span class='ocrx_word' id='word_1_674' title='bbox 2548 4686 2659 4745; x_wconf 77' lang='grc' dir='ltr'>οἷον</span> <span class='ocrx_word' id='word_1_675' title='bbox 2683 4692 2815 4763; x_wconf 61' lang='grc'><strong>(64⁸)</strong></span> <span class='ocrx_word' id='word_1_676' title='bbox 2839 4692 3096 4765; x_wconf 87' lang='grc' dir='ltr'>ἀθλητὴς,</span> <span class='ocrx_word' id='word_1_677' title='bbox 3136 4692 3457 4763; x_wconf 79' lang='grc' dir='ltr'>αἰσθόμενος</span> <span class='ocrx_word' id='word_1_678' title='bbox 3484 4694 3682 4747; x_wconf 84' lang='grc' dir='ltr'>ἐαυτού</span> 
     </span>
    </p>
   </div>
   <div class='ocr_carea' id='block_1_96' title="bbox 433 4782 2003 4853">
    <p class='ocr_par' dir='ltr' id='par_1_96' title="bbox 433 4782 2003 4853">
     <span class='ocr_line' id='line_1_96' title="bbox 433 4782 2003 4853; baseline -0.003 -11"><span class='ocrx_word' id='word_1_679' title='bbox 433 4787 707 4845; x_wconf 87' lang='lat' dir='ltr'><strong>desinenti</strong></span> <span class='ocrx_word' id='word_1_680' title='bbox 763 4785 1113 4841; x_wconf 90' lang='lat' dir='ltr'><strong>oraculorum</strong></span> <span class='ocrx_word' id='word_1_681' title='bbox 1170 4782 1411 4853; x_wconf 90' lang='lat' dir='ltr'><strong>Spiritus</strong></span> <span class='ocrx_word' id='word_1_682' title='bbox 1471 4783 1823 4837; x_wconf 90' lang='lat' dir='ltr'><strong>meditatione</strong></span> <span class='ocrx_word' id='word_1_683' title='bbox 1868 4782 2003 4837; x_wconf 91' lang='lat' dir='ltr'><strong>satis</strong></span> 
     </span>
    </p>
   </div>
   <div class='ocr_carea' id='block_1_97' title="bbox 433 4872 2005 4945">
    <p class='ocr_par' dir='ltr' id='par_1_97' title="bbox 433 4872 2005 4945">
     <span class='ocr_line' id='line_1_97' title="bbox 433 4872 2005 4945; baseline -0.006 -10"><span class='ocrx_word' id='word_1_684' title='bbox 433 4879 792 4935; x_wconf 79' lang='lat' dir='ltr'><strong>exercitatum</strong></span> <span class='ocrx_word' id='word_1_685' title='bbox 816 4892 961 4940; x_wconf 91' lang='lat' dir='ltr'><strong>esse,</strong></span> <span class='ocrx_word' id='word_1_686' title='bbox 994 4882 1158 4945; x_wconf 89' lang='lat' dir='ltr'><strong>atque</strong></span> <span class='ocrx_word' id='word_1_687' title='bbox 1188 4874 1256 4928; x_wconf 89' lang='lat' dir='ltr'><strong>ad</strong></span> <span class='ocrx_word' id='word_1_688' title='bbox 1284 4881 1563 4927; x_wconf 89' lang='lat' dir='ltr'><strong>certamen</strong></span> <span class='ocrx_word' id='word_1_689' title='bbox 1596 4879 1845 4937; x_wconf 89' lang='lat' dir='ltr'><strong>unctum,</strong></span> <span class='ocrx_word' id='word_1_690' title='bbox 1885 4872 2005 4926; x_wconf 87' lang='lat' dir='ltr'><strong>ani-</strong></span> 
     </span>
    </p>
   </div>
   <div class='ocr_carea' id='block_1_98' title="bbox 434 4964 2004 5037">
    <p class='ocr_par' dir='ltr' id='par_1_98' title="bbox 434 4964 2004 5037">
     <span class='ocr_line' id='line_1_98' title="bbox 434 4964 2004 5037; baseline -0.004 -12"><span class='ocrx_word' id='word_1_691' title='bbox 434 4973 802 5034; x_wconf 90' lang='lat' dir='ltr'><strong>madvertens,</strong></span> <span class='ocrx_word' id='word_1_692' title='bbox 854 4968 1004 5023; x_wconf 88' lang='lat' dir='ltr'><strong>illam</strong></span> <span class='ocrx_word' id='word_1_693' title='bbox 1038 4967 1213 5037; x_wconf 90' lang='lat' dir='ltr'><strong>ipsam</strong></span> <span class='ocrx_word' id='word_1_694' title='bbox 1249 4964 1392 5021; x_wconf 89' lang='lat' dir='ltr'><strong>diem</strong></span> <span class='ocrx_word' id='word_1_695' title='bbox 1435 4964 1492 5018; x_wconf 92' lang='lat' dir='ltr'><strong>in</strong></span> <span class='ocrx_word' id='word_1_696' title='bbox 1522 4979 1631 5033; x_wconf 89' lang='lat' dir='ltr'><strong>qua</strong></span> <span class='ocrx_word' id='word_1_697' title='bbox 1677 4970 1794 5017; x_wconf 89' lang='lat' dir='ltr'><strong>tota</strong></span> <span class='ocrx_word' id='word_1_698' title='bbox 1845 4964 2004 5033; x_wconf 88' lang='lat' dir='ltr'><strong>plene</strong></span> 
     </span>
    </p>
   </div>
   <div class='ocr_carea' id='block_1_99' title="bbox 432 5054 2006 5124">
    <p class='ocr_par' dir='ltr' id='par_1_99' title="bbox 432 5054 2006 5124">
     <span class='ocr_line' id='line_1_99' title="bbox 432 5054 2006 5124; baseline -0.003 -11"><span class='ocrx_word' id='word_1_699' title='bbox 432 5061 649 5124; x_wconf 87' lang='lat' dir='ltr'><strong>civitas,</strong></span> <span class='ocrx_word' id='word_1_700' title='bbox 682 5059 946 5117; x_wconf 66' lang='lat' dir='ltr'><strong>daemonis</strong></span> <span class='ocrx_word' id='word_1_701' title='bbox 972 5059 1176 5115; x_wconf 91' lang='lat' dir='ltr'><strong>bellum</strong></span> <span class='ocrx_word' id='word_1_702' title='bbox 1201 5056 1438 5111; x_wconf 88' lang='lat' dir='ltr'><strong>amantis</strong></span> <span class='ocrx_word' id='word_1_703' title='bbox 1467 5056 1610 5111; x_wconf 91' lang='lat' dir='ltr'><strong>diem</strong></span> <span class='ocrx_word' id='word_1_704' title='bbox 1646 5054 1842 5111; x_wconf 88' lang='lat' dir='ltr'><strong>festum</strong></span> <span class='ocrx_word' id='word_1_705' title='bbox 1870 5055 2006 5110; x_wconf 90' lang='lat' dir='ltr'><strong>cele-</strong></span> 
     </span>
    </p>
   </div>
   <div class='ocr_carea' id='block_1_100' title="bbox 434 5147 2004 5222">
    <p class='ocr_par' dir='ltr' id='par_1_100' title="bbox 434 5147 2004 5222">
     <span class='ocr_line' id='line_1_100' title="bbox 434 5147 2004 5222; baseline -0.002 -18"><span class='ocrx_word' id='word_1_706' title='bbox 434 5152 677 5216; x_wconf 83' lang='lat' dir='ltr'><strong>bratura,</strong></span> <span class='ocrx_word' id='word_1_707' title='bbox 696 5161 1077 5221; x_wconf 87' lang='lat' dir='ltr'><strong>certamenque</strong></span> <span class='ocrx_word' id='word_1_708' title='bbox 1098 5162 1351 5222; x_wconf 76' lang='lat' dir='ltr'><strong>equestre</strong></span> <span class='ocrx_word' id='word_1_709' title='bbox 1375 5156 1704 5219; x_wconf 85' lang='lat' dir='ltr'><strong>spectatura,</strong></span> <span class='ocrx_word' id='word_1_710' title='bbox 1731 5147 2004 5202; x_wconf 89' lang='lat' dir='ltr'><strong>theatrum</strong></span> 
     </span>
    </p>
   </div>
   <div class='ocr_carea' id='block_1_101' title="bbox 503 5306 1231 5379">
    <p class='ocr_par' dir='ltr' id='par_1_101' title="bbox 503 5306 1231 5379">
     <span class='ocr_line' id='line_1_101' title="bbox 503 5306 1231 5379; baseline -0.001 -20"><span class='ocrx_word' id='word_1_711' title='bbox 503 5308 548 5339; x_wconf 82' lang='lat'>”</span> <span class='ocrx_word' id='word_1_712' title='bbox 586 5306 657 5361; x_wconf 85' lang='lat' dir='ltr'><strong>lll</strong></span> <span class='ocrx_word' id='word_1_713' title='bbox 692 5307 823 5379; x_wconf 83' lang='lat' dir='ltr'><strong>Reg.</strong></span> <span class='ocrx_word' id='word_1_714' title='bbox 862 5323 974 5373; x_wconf 73' lang='grc' dir='ltr'>ιιι,</span> <span class='ocrx_word' id='word_1_715' title='bbox 1015 5308 1040 5360; x_wconf 76' lang='grc'><strong>1</strong></span> <span class='ocrx_word' id='word_1_716' title='bbox 1078 5321 1231 5377; x_wconf 82' lang='lat' dir='ltr'><strong>seqq.</strong></span> 
     </span>
    </p>
   </div>
   <div class='ocr_carea' id='block_1_102' title="bbox 504 5451 1994 5526">
    <p class='ocr_par' dir='ltr' id='par_1_102' title="bbox 504 5451 1994 5526">
     <span class='ocr_line' id='line_1_102' title="bbox 504 5451 1994 5526; baseline -0.009 -14"><span class='ocrx_word' id='word_1_717' title='bbox 504 5456 616 5525; x_wconf 80' lang='lat'><strong>(63)</strong></span> <span class='ocrx_word' id='word_1_718' title='bbox 641 5457 697 5509; x_wconf 92' lang='lat' dir='ltr'><strong>In</strong></span> <span class='ocrx_word' id='word_1_719' title='bbox 718 5456 931 5512; x_wconf 88' lang='lat' dir='ltr'><strong>duobus</strong></span> <span class='ocrx_word' id='word_1_720' title='bbox 954 5473 1088 5512; x_wconf 90' lang='lat' dir='ltr'><strong>mss.</strong></span> <span class='ocrx_word' id='word_1_721' title='bbox 1113 5471 1213 5526; x_wconf 90' lang='lat' dir='ltr'><strong>pro</strong></span> <span class='ocrx_word' id='word_1_722' title='bbox 1231 5458 1292 5509; x_wconf 86' lang='grc' dir='ltr'><strong>ού</strong></span> <span class='ocrx_word' id='word_1_723' title='bbox 1326 5455 1521 5525; x_wconf 89' lang='lat' dir='ltr'><strong>legitur</strong></span> <span class='ocrx_word' id='word_1_724' title='bbox 1536 5452 1676 5508; x_wconf 79' lang='grc' dir='ltr'>οὐδέ.</span> <span class='ocrx_word' id='word_1_725' title='bbox 1700 5451 1994 5526; x_wconf 76' lang='lat' dir='ltr'><strong>Aliquanto</strong></span> 
     </span>
    </p>
   </div>
   <div class='ocr_carea' id='block_1_103' title="bbox 470 5519 1997 5582">
    <p class='ocr_par' dir='ltr' id='par_1_103' title="bbox 470 5519 1997 5582">
     <span class='ocr_line' id='line_1_103' title="bbox 470 5519 1997 5582; baseline -0.008 0"><span class='ocrx_word' id='word_1_726' title='bbox 470 5519 555 5582; x_wconf 75' lang='lat' dir='ltr'><strong>ost</strong></span> <span class='ocrx_word' id='word_1_727' title='bbox 586 5519 755 5580; x_wconf 80' lang='lat' dir='ltr'><strong>editio</strong></span> <span class='ocrx_word' id='word_1_728' title='bbox 787 5527 961 5582; x_wconf 88' lang='lat' dir='ltr'><strong>Paris.</strong></span> <span class='ocrx_word' id='word_1_729' title='bbox 992 5530 1042 5580; x_wconf 78' lang='lat' dir='ltr'><strong>ot</strong></span> <span class='ocrx_word' id='word_1_730' title='bbox 1066 5519 1160 5579; x_wconf 76' lang='grc' dir='ltr'><strong>τοῦ</strong></span> <span class='ocrx_word' id='word_1_731' title='bbox 1187 5526 1343 5580; x_wconf 81' lang='grc' dir='ltr'>Θεοῦ.</span> <span class='ocrx_word' id='word_1_732' title='bbox 1369 5519 1438 5579; x_wconf 82' lang='grc' dir='ltr'>Ᾰι</span> <span class='ocrx_word' id='word_1_733' title='bbox 1462 5541 1553 5580; x_wconf 82' lang='lat' dir='ltr'><strong>sex</strong></span> <span class='ocrx_word' id='word_1_734' title='bbox 1584 5539 1716 5578; x_wconf 88' lang='lat' dir='ltr'><strong>mss.</strong></span> <span class='ocrx_word' id='word_1_735' title='bbox 1748 5530 1802 5576; x_wconf 88' lang='lat' dir='ltr'><strong>et</strong></span> <span class='ocrx_word' id='word_1_736' title='bbox 1828 5519 1997 5573; x_wconf 87' lang='lat' dir='ltr'><strong>editio</strong></span> 
     </span>
    </p>
   </div>
   <div class='ocr_carea' id='block_1_104' title="bbox 477 5591 1994 5667">
    <p class='ocr_par' dir='ltr' id='par_1_104' title="bbox 477 5591 1994 5667">
     <span class='ocr_line' id='line_1_104' title="bbox 477 5591 1994 5667; baseline -0.005 -17"><span class='ocrx_word' id='word_1_737' title='bbox 477 5597 600 5650; x_wconf 87' lang='lat' dir='ltr'><strong>asil.</strong></span> <span class='ocrx_word' id='word_1_738' title='bbox 630 5597 680 5648; x_wconf 81' lang='lat' dir='ltr'><strong>ot</strong></span> <span class='ocrx_word' id='word_1_739' title='bbox 712 5597 804 5649; x_wconf 81' lang='grc' dir='ltr'>τοῦ</span> <span class='ocrx_word' id='word_1_740' title='bbox 848 5596 1014 5651; x_wconf 88' lang='grc' dir='ltr'>θείου.</span> <span class='ocrx_word' id='word_1_741' title='bbox 1056 5596 1170 5651; x_wconf 83' lang='lat' dir='ltr'><strong>Hoc</strong></span> <span class='ocrx_word' id='word_1_742' title='bbox 1203 5598 1323 5667; x_wconf 92' lang='lat' dir='ltr'><strong>ipso</strong></span> <span class='ocrx_word' id='word_1_743' title='bbox 1363 5598 1418 5650; x_wconf 92' lang='lat' dir='ltr'><strong>in</strong></span> <span class='ocrx_word' id='word_1_744' title='bbox 1449 5597 1570 5651; x_wconf 88' lang='lat' dir='ltr'><strong>loco</strong></span> <span class='ocrx_word' id='word_1_745' title='bbox 1611 5594 1768 5649; x_wconf 87' lang='lat' dir='ltr'><strong>Colb.</strong></span> <span class='ocrx_word' id='word_1_746' title='bbox 1801 5591 1994 5645; x_wconf 86' lang='lat' dir='ltr'><strong>tertius</strong></span> 
     </span>
    </p>
   </div>
   <div class='ocr_carea' id='block_1_105' title="bbox 432 5666 936 5736">
    <p class='ocr_par' dir='ltr' id='par_1_105' title="bbox 432 5666 936 5736">
     <span class='ocr_line' id='line_1_105' title="bbox 432 5666 936 5736; baseline 0 -15"><span class='ocrx_word' id='word_1_747' title='bbox 432 5668 610 5736; x_wconf 75' lang='grc' dir='ltr'>πάσης</span> <span class='ocrx_word' id='word_1_748' title='bbox 642 5666 936 5731; x_wconf 82' lang='grc' dir='ltr'>εὐσεϐείας.</span> 
     </span>
    </p>
   </div>
   <div class='ocr_carea' id='block_1_106' title="bbox 504 5734 1993 5807">
    <p class='ocr_par' dir='ltr' id='par_1_106' title="bbox 504 5734 1993 5807">
     <span class='ocr_line' id='line_1_106' title="bbox 504 5734 1993 5807; baseline -0.001 -17"><span class='ocrx_word' id='word_1_749' title='bbox 504 5734 616 5801; x_wconf 63' lang='lat'><strong>(61)</strong></span> <span class='ocrx_word' id='word_1_750' title='bbox 648 5737 782 5789; x_wconf 84' lang='grc' dir='ltr'>Τότε</span> <span class='ocrx_word' id='word_1_751' title='bbox 812 5739 845 5791; x_wconf 84' lang='grc' dir='ltr'><strong>ό</strong></span> <span class='ocrx_word' id='word_1_752' title='bbox 888 5736 1177 5805; x_wconf 75' lang='grc' dir='ltr'>γενναῖος.</span> <span class='ocrx_word' id='word_1_753' title='bbox 1227 5736 1482 5792; x_wconf 80' lang='lat' dir='ltr'><strong>Redditio</strong></span> <span class='ocrx_word' id='word_1_754' title='bbox 1520 5734 1728 5807; x_wconf 88' lang='lat' dir='ltr'><strong>periodi</strong></span> <span class='ocrx_word' id='word_1_755' title='bbox 1777 5749 1897 5805; x_wconf 73' lang='lat' dir='ltr'><strong>quae</strong></span> <span class='ocrx_word' id='word_1_756' title='bbox 1925 5734 1993 5789; x_wconf 87' lang='lat' dir='ltr'><strong>ab</strong></span> 
     </span>
    </p>
   </div>
   <div class='ocr_carea' id='block_1_107' title="bbox 2113 4783 3687 4856">
    <p class='ocr_par' dir='ltr' id='par_1_107' title="bbox 2113 4783 3687 4856">
     <span class='ocr_line' id='line_1_107' title="bbox 2113 4783 3687 4856; baseline 0.002 -20"><span class='ocrx_word' id='word_1_757' title='bbox 2113 4783 2312 4847; x_wconf 76' lang='grc' dir='ltr'>ἱκανῶς</span> <span class='ocrx_word' id='word_1_758' title='bbox 2364 4784 2766 4854; x_wconf 82' lang='grc' dir='ltr'>γυμνασθέντος</span> <span class='ocrx_word' id='word_1_759' title='bbox 2823 4786 2917 4838; x_wconf 72' lang='grc' dir='ltr'>καὶ</span> <span class='ocrx_word' id='word_1_760' title='bbox 2981 4785 3340 4856; x_wconf 73' lang='grc' dir='ltr'>ἀλειψαμένου</span> <span class='ocrx_word' id='word_1_761' title='bbox 3404 4785 3541 4856; x_wconf 83' lang='grc' dir='ltr'>πρὸς</span> <span class='ocrx_word' id='word_1_762' title='bbox 3590 4785 3687 4839; x_wconf 86' lang='grc' dir='ltr'><strong>τὸν</strong></span> 
     </span>
    </p>
   </div>
   <div class='ocr_carea' id='block_1_108' title="bbox 2110 4875 3682 4948">
    <p class='ocr_par' dir='ltr' id='par_1_108' title="bbox 2110 4875 3682 4948">
     <span class='ocr_line' id='line_1_108' title="bbox 2110 4875 3682 4948; baseline 0.001 -18"><span class='ocrx_word' id='word_1_763' title='bbox 2110 4876 2328 4944; x_wconf 78' lang='grc' dir='ltr'>ἀγῶνα,</span> <span class='ocrx_word' id='word_1_764' title='bbox 2369 4879 2488 4939; x_wconf 84' lang='grc' dir='ltr'>ταῖς</span> <span class='ocrx_word' id='word_1_765' title='bbox 2517 4875 2812 4946; x_wconf 85' lang='grc' dir='ltr'>νηστείαις,</span> <span class='ocrx_word' id='word_1_766' title='bbox 2838 4880 2959 4940; x_wconf 84' lang='grc' dir='ltr'>ταῖς</span> <span class='ocrx_word' id='word_1_767' title='bbox 2986 4878 3333 4948; x_wconf 84' lang='grc' dir='ltr'>ἀγρυπνίαις,</span> <span class='ocrx_word' id='word_1_768' title='bbox 3361 4879 3481 4940; x_wconf 86' lang='grc' dir='ltr'>ταῖς</span> <span class='ocrx_word' id='word_1_769' title='bbox 3508 4894 3682 4948; x_wconf 84' lang='grc' dir='ltr'>προσ-</span> 
     </span>
    </p>
   </div>
   <div class='ocr_carea' id='block_1_109' title="bbox 2105 4968 3684 5042">
    <p class='ocr_par' dir='ltr' id='par_1_109' title="bbox 2105 4968 3684 5042">
     <span class='ocr_line' id='line_1_109' title="bbox 2105 4968 3684 5042; baseline 0.001 -21"><span class='ocrx_word' id='word_1_770' title='bbox 2105 4971 2323 5038; x_wconf 82' lang='grc' dir='ltr'>ευχαῖς,</span> <span class='ocrx_word' id='word_1_771' title='bbox 2371 4971 2436 5039; x_wconf 80' lang='grc' dir='ltr'>τῇ</span> <span class='ocrx_word' id='word_1_772' title='bbox 2467 4968 2707 5040; x_wconf 83' lang='grc' dir='ltr'>διηνεκεῖ</span> <span class='ocrx_word' id='word_1_773' title='bbox 2764 4969 2859 5022; x_wconf 73' lang='grc' dir='ltr'>καὶ</span> <span class='ocrx_word' id='word_1_774' title='bbox 2892 4969 3156 5039; x_wconf 82' lang='grc' dir='ltr'>ἀπαύστῳ</span> <span class='ocrx_word' id='word_1_775' title='bbox 3196 4969 3395 5042; x_wconf 79' lang='grc' dir='ltr'>μελέτῃ</span> <span class='ocrx_word' id='word_1_776' title='bbox 3439 4968 3551 5023; x_wconf 85' lang='grc' dir='ltr'><strong>τῶν</strong></span> <span class='ocrx_word' id='word_1_777' title='bbox 3592 4970 3684 5022; x_wconf 82' lang='grc' dir='ltr'><strong>λο-</strong></span> 
     </span>
    </p>
   </div>
   <div class='ocr_carea' id='block_1_110' title="bbox 2107 5058 3685 5131">
    <p class='ocr_par' dir='ltr' id='par_1_110' title="bbox 2107 5058 3685 5131">
     <span class='ocr_line' id='line_1_110' title="bbox 2107 5058 3685 5131; baseline 0.001 -20"><span class='ocrx_word' id='word_1_778' title='bbox 2107 5058 2241 5126; x_wconf 91' lang='grc' dir='ltr'>γίων</span> <span class='ocrx_word' id='word_1_779' title='bbox 2272 5059 2365 5112; x_wconf 80' lang='grc' dir='ltr'><strong>τοῦ</strong></span> <span class='ocrx_word' id='word_1_780' title='bbox 2394 5058 2710 5130; x_wconf 89' lang='grc' dir='ltr'>Πνεύματος</span> <span class='ocrx_word' id='word_1_781' title='bbox 2729 5100 2743 5123; x_wconf 91' lang='grc'><strong>,</strong></span> <span class='ocrx_word' id='word_1_782' title='bbox 2783 5061 3030 5131; x_wconf 86' lang='grc' dir='ltr'>τηρήσας</span> <span class='ocrx_word' id='word_1_783' title='bbox 3062 5060 3160 5131; x_wconf 80' lang='grc' dir='ltr'><strong>τήν</strong></span> <span class='ocrx_word' id='word_1_784' title='bbox 3200 5060 3412 5131; x_wconf 80' lang='grc' dir='ltr'>ἡμέραν</span> <span class='ocrx_word' id='word_1_785' title='bbox 3452 5060 3685 5131; x_wconf 82' lang='grc' dir='ltr'>ταύτην,</span> 
     </span>
    </p>
   </div>
   <div class='ocr_carea' id='block_1_111' title="bbox 2109 5142 3687 5255">
    <p class='ocr_par' dir='ltr' id='par_1_111' title="bbox 2109 5142 3687 5255">
     <span class='ocr_line' id='line_1_111' title="bbox 2109 5142 3687 5255; baseline 0.003 -56"><span class='ocrx_word' id='word_1_786' title='bbox 2109 5149 2167 5199; x_wconf 89' lang='grc' dir='ltr'><strong>ἐν</strong></span> <span class='ocrx_word' id='word_1_787' title='bbox 2272 5148 2544 5219; x_wconf 79' lang='grc' dir='ltr'>πανδημεὶ</span> <span class='ocrx_word' id='word_1_788' title='bbox 2577 5150 2725 5255; x_wconf 70' lang='grc' dir='ltr'>ηᾶσα</span> <span class='ocrx_word' id='word_1_789' title='bbox 2753 5150 2786 5219; x_wconf 82' lang='grc' dir='ltr'>ἡ</span> <span class='ocrx_word' id='word_1_790' title='bbox 2829 5149 2982 5213; x_wconf 90' lang='grc' dir='ltr'>πόλις</span> <span class='ocrx_word' id='word_1_791' title='bbox 3009 5148 3201 5221; x_wconf 78' lang='grc' dir='ltr'>ἐορτὴν</span> <span class='ocrx_word' id='word_1_792' title='bbox 3226 5148 3435 5217; x_wconf 79' lang='grc' dir='ltr'>ἄγουσα</span> <span class='ocrx_word' id='word_1_793' title='bbox 3458 5150 3687 5218; x_wconf 77' lang='grc' dir='ltr'>φιλοπο-</span> 
     </span>
    </p>
   </div>
   <div class='ocr_carea' id='block_1_112' title="bbox 2113 5442 3684 5523">
    <p class='ocr_par' dir='ltr' id='par_1_112' title="bbox 2113 5442 3684 5523">
     <span class='ocr_line' id='line_1_112' title="bbox 2113 5442 3684 5523; baseline 0.008 -28"><span class='ocrx_word' id='word_1_794' title='bbox 2113 5444 2264 5496; x_wconf 75' lang='grc' dir='ltr'>Ὲπεὶ</span> <span class='ocrx_word' id='word_1_795' title='bbox 2294 5442 2351 5496; x_wconf 81' lang='grc' dir='ltr'><strong>δέ</strong></span> <span class='ocrx_word' id='word_1_796' title='bbox 2382 5446 2411 5497; x_wconf 89' lang='grc' dir='ltr'><strong>ό</strong></span> <span class='ocrx_word' id='word_1_797' title='bbox 2436 5444 2559 5499; x_wconf 80' lang='grc' dir='ltr'>τότε</span> <span class='ocrx_word' id='word_1_798' title='bbox 2593 5446 2854 5519; x_wconf 86' lang='grc' dir='ltr'>τύραννος</span> <span class='ocrx_word' id='word_1_799' title='bbox 2876 5448 3179 5523; x_wconf 51' lang='lat' dir='ltr'><strong>incipiens,</strong></span> <span class='ocrx_word' id='word_1_800' title='bbox 3214 5465 3313 5520; x_wconf 87' lang='lat' dir='ltr'><strong>per</strong></span> <span class='ocrx_word' id='word_1_801' title='bbox 3353 5451 3523 5517; x_wconf 80' lang='lat' dir='ltr'><strong>varia,</strong></span> <span class='ocrx_word' id='word_1_802' title='bbox 3558 5467 3684 5523; x_wconf 65' lang='lat' dir='ltr'><strong>qua:</strong></span> 
     </span>
    </p>
   </div>
   <div class='ocr_carea' id='block_1_113' title="bbox 2103 5518 3253 5583">
    <p class='ocr_par' dir='ltr' id='par_1_113' title="bbox 2103 5518 3253 5583">
     <span class='ocr_line' id='line_1_113' title="bbox 2103 5518 3253 5583; baseline 0.004 -13"><span class='ocrx_word' id='word_1_803' title='bbox 2103 5523 2426 5583; x_wconf 87' lang='lat' dir='ltr'><strong>sequuntur,</strong></span> <span class='ocrx_word' id='word_1_804' title='bbox 2463 5526 2733 5571; x_wconf 88' lang='lat' dir='ltr'><strong>commata</strong></span> <span class='ocrx_word' id='word_1_805' title='bbox 2770 5518 3060 5573; x_wconf 89' lang='lat' dir='ltr'><strong>evolvitur.</strong></span> <span class='ocrx_word' id='word_1_806' title='bbox 3096 5518 3253 5575; x_wconf 66' lang='lat' dir='ltr'><strong>Emi.</strong></span> 
     </span>
    </p>
   </div>
   <div class='ocr_carea' id='block_1_114' title="bbox 2170 5583 3679 5655">
    <p class='ocr_par' dir='ltr' id='par_1_114' title="bbox 2170 5583 3679 5655">
     <span class='ocr_line' id='line_1_114' title="bbox 2170 5583 3679 5655; baseline 0.009 -18"><span class='ocrx_word' id='word_1_807' title='bbox 2170 5585 2301 5655; x_wconf 64' lang='grc' dir='ltr'>(δι’)</span> <span class='ocrx_word' id='word_1_808' title='bbox 2329 5583 2482 5641; x_wconf 88' lang='lat' dir='ltr'><strong>Unus</strong></span> <span class='ocrx_word' id='word_1_809' title='bbox 2511 5588 2683 5642; x_wconf 79' lang='lat' dir='ltr'><strong>codex</strong></span> <span class='ocrx_word' id='word_1_810' title='bbox 2721 5596 2776 5644; x_wconf 85' lang='lat' dir='ltr'><strong>et</strong></span> <span class='ocrx_word' id='word_1_811' title='bbox 2818 5589 2948 5645; x_wconf 85' lang='lat' dir='ltr'><strong>editi</strong></span> <span class='ocrx_word' id='word_1_812' title='bbox 2993 5590 3086 5644; x_wconf 71' lang='grc' dir='ltr'><strong>καὶ</strong></span> <span class='ocrx_word' id='word_1_813' title='bbox 3110 5585 3241 5644; x_wconf 70' lang='grc' dir='ltr'>οἷον.</span> <span class='ocrx_word' id='word_1_814' title='bbox 3286 5590 3353 5646; x_wconf 81' lang='lat' dir='ltr'><strong>At</strong></span> <span class='ocrx_word' id='word_1_815' title='bbox 3386 5606 3520 5649; x_wconf 87' lang='lat' dir='ltr'><strong>mss.</strong></span> <span class='ocrx_word' id='word_1_816' title='bbox 3564 5607 3679 5651; x_wconf 72' lang='lat' dir='ltr'><strong>n02</strong></span> 
     </span>
    </p>
   </div>
   <div class='ocr_carea' id='block_1_115' title="bbox 2099 5656 2595 5727">
    <p class='ocr_par' dir='ltr' id='par_1_115' title="bbox 2099 5656 2595 5727">
     <span class='ocr_line' id='line_1_115' title="bbox 2099 5656 2595 5727; baseline 0.002 -17"><span class='ocrx_word' id='word_1_817' title='bbox 2099 5656 2257 5727; x_wconf 87' lang='lat' dir='ltr'><strong>pauci</strong></span> <span class='ocrx_word' id='word_1_818' title='bbox 2286 5656 2380 5708; x_wconf 81' lang='grc' dir='ltr'>καὶ</span> <span class='ocrx_word' id='word_1_819' title='bbox 2411 5656 2595 5711; x_wconf 81' lang='grc' dir='ltr'>οἱονεί.</span> 
     </span>
    </p>
   </div>
  </div>
