4036 6236
345 392 448 450 497

1372 394 1660 451 Βοιηιιρ.
1698 395 1763 450 lN
1799 388 2114 452 GORDIUM
2156 394 2570 451 MARTYREM.

3487 391 3593 442 J98

347 511 494 583 λίμῳ
536 509 751 579 δαίμονι
794 510 1117 580 κατειλήφει
1149 511 1374 583 θέατρον
1404 513 1546 583 (65).
1606 512 1790 581 ἀγῶνα
1838 514 1925 564 ἱπ-

2031 520 2345 581 occuparat,
2374 512 2704 567 observavit.
2737 510 2874 563 Cum
2921 509 3087 581 igitur
3116 509 3378 563 collectus
3404 506 3594 563 fuisset

349 600 506 654 πικὸν
532 597 804 670 θεωμένη.
854 601 1009 653 Ἐπεὶ
1042 597 1136 655 οὖν
1184 604 1291 666 πᾶς
1333 604 1361 655 ὁ
1391 604 1559 675 δῆμος
1608 606 1720 659 ἀνω
1751 605 1923 658 συνεί-

346 692 523 753 λεκτο,
549 691 650 743 οὐκ
687 690 946 756 Ἰουδαῖος
970 693 1136 763 ἀπῆν,
1165 694 1263 765 οὐχ
1287 695 1487 765 Ἕλλην
1506 713 1519 725 ·
1549 697 1640 749 καί
1660 696 1922 766 Χριστια-

345 784 450 837 νῶν
479 784 538 838 δὲ
569 784 772 855 πλῆθος
803 786 907 839 οὐκ
946 786 1121 856 ὀλίγον
1166 789 1349 852 αὐτοῖς
1389 790 1821 861 συνανεφύρετο,
1874 791 1923 842 oi

344 876 670 945 ἀφυλάκτως
722 876 998 946 βιοῦντες,
1051 879 1143 932 καὶ
1172 880 1470 951 καθήμενοι
1498 883 1597 952 μὲν
1628 882 1767 952 μετά
1801 900 1985 960 ουλε,

248 1030 253 1035 ι
346 968 525 1040 εδρίου
576 969 969 1039 ματαιότητος,
1020 971 1093 1042 μὴ
1162 973 1501 1037 ἐκκλίνοντες
1530 974 1585 1027 δὲ
1619 975 1925 1048 συστροφὰς

347 1059 820 1130 πονηρευομὲνων,
851 1062 903 1114 οἳ
934 1062 1025 1115 καὶ
1049 1064 1169 1115 τότε
1197 1064 1449 1135 παρῆσαν
1479 1064 1666 1120 θεαταὶ
1704 1066 1797 1119 τοῦ
1831 1067 1925 1120 τά-

346 1166 476 1218 χους
506 1149 616 1203 τῶν
651 1150 867 1216 ἵππων,
910 1152 1006 1206 xui.
1044 1154 1142 1223 τῆς
1184 1155 1477 1225 ἐμπειρίας
1506 1155 1613 1209 τῶν
1652 1157 1883 1226 ἡνιόχων
1906 1172 1921 1186 ·

342 1240 481 1294 ἀλλὰ
513 1242 608 1294 καὶ
644 1241 861 1306 δούλους
902 1244 1110 1314 ἀνῆκαν
1155 1244 1445 1309 δεσπόται,
1489 1248 1583 1299 καὶ
1630 1248 1817 1310 παῖδες
1861 1249 1926 1301 ὲκ

340 1332 733 1388 διδασκαλείων
766 1335 903 1406 πρὸς
932 1336 1033 1407 τὴν
1061 1336 1190 1390 θέαν
1218 1336 1438 1409 ἔτρεχον
1465 1340 1572 1409 ((56)
1600 1382 1616 1407 ,
1656 1342 1837 1412 παρῆν
1869 1340 1925 1394 δὲ

344 1424 441 1494 καὶ
471 1425 749 1492 γυναικῶν
770 1426 896 1480 ὅσον
926 1427 1172 1499 δημῶδες
1208 1431 1304 1483 καὶ
1338 1432 1549 1502 ἄσημον
1578 1473 1591 1493 ,
1641 1434 1844 1505 πλῆρες
1871 1435 1924 1487 δὲ

340 1510 414 1585 ἦν
450 1516 513 1568 τὸ
554 1516 806 1580 στάδιον,
852 1519 947 1571 καὶ
999 1519 1196 1583 πάντες
1233 1521 1336 1592 ἤδη
1370 1522 1507 1592 πρὸς
1541 1524 1636 1594 τὴν
1668 1523 1795 1578 θέαν
1830 1527 1928 1596 τῆς

341 1607 454 1661 τῶν
489 1609 675 1662 ἵππων
703 1610 940 1682 ἁμίλλης
979 1607 1121 1683 ἦσαν
1168 1615 1555 1683 συντεταμένοι
1580 1631 1594 1645 ο
1640 1617 1761 1669 τότε
1808 1617 1870 1688 δὴ
1899 1620 1927 1671 ὁ

341 1702 592 1766 γενναῖος
619 1700 730 1771 (67)
780 1704 988 1767 ἐκεῖνος
1020 1704 1113 1757 καὶ
1155 1704 1325 1774 μέγας
1357 1705 1457 1775 τὴν
1498 1706 1704 1778 ψυχὴν,
1757 1711 1928 1779 μέγας

340 1789 409 1843 τὸ
440 1790 697 1862 φρόνημα
720 1833 735 1855 ,
786 1794 994 1847 ἄνωθεν
1041 1796 1105 1849 ὲκ
1144 1796 1252 1850 τῶν
1278 1797 1448 1867 ὀρέων
1483 1800 1821 1865 ὲπικαταϐἀς
1853 1803 1928 1872 τῷ

343 1881 593 1953 θεάτρῳ,
639 1885 700 1936 οὔ
752 1885 1070 1956 κατεπλάγη
1122 1887 1214 1940 τὸν
1255 1886 1459 1958 δῆμον,
1507 1891 1608 1943 οὐκ
1650 1890 1930 1960 ἐλογίσατο

343 1973 543 2040 πόσαις
594 1978 752 2047 χερσὶ
796 1978 1085 2047 πολεμίαις
1117 1979 1307 2034 ἑαυτὸν
1357 1982 1721 2051 παραδίδωσιν
1745 1999 1758 2014 ·
1816 1984 1929 2037 ἀλλ’

342 2063 573 2135 étpdaoi
596 2067 665 2135 τῇ
701 2066 899 2137 καρδία
926 2067 1020 2120 καὶ
1045 2067 1234 2139 γαύρῳ
1265 2067 1345 2138 τῷ
1383 2071 1727 2142 φρονήματι,
1766 2074 1930 2127 οἱονεὶ

345 2154 555 2224 πέτρας
604 2159 884 2225 συνεχεῖς,
922 2156 954 2227 ἦ
997 2157 1187 2229 δένδρα
1231 2159 1421 2223 πολλὰ,
1458 2164 1583 2224 τοὺς
1623 2163 1686 2215 τὸ
1721 2164 1932 2217 στάδιον

343 2247 826 2318 περικαθημένους
873 2249 1281 2321 παραδραμὼν,
1339 2255 1419 2316 εἰς
1468 2254 1529 2305 τὸ
1591 2254 1753 2324 μέσον
1794 2272 1927 2308 κατ-

343 2340 500 2411 έστη,
534 2339 772 2409 βεϐαιῶν
796 2342 888 2395 τὸν
920 2342 1076 2409 λόγον
1099 2345 1232 2413 (68),
1277 2346 1361 2399 ὅτι
1391 2347 1629 2413 Δίκαιος
1665 2349 1747 2414 ὡς
1776 2348 1931 2403 λέων

343 2431 614 2486 πέποιθε.
645 2432 758 2486 Καὶ
785 2432 961 2497 οὕτως
990 2435 1258 2506 ἁπτὸητος
1288 2432 1357 2507 ἦν
1386 2437 1483 2509 τὴν
1513 2438 1688 2509 ψυχὴν
1708 2483 1722 2505 ,
1765 2439 1928 2504 ὥστε,

347 2527 406 2580 ὲν
445 2528 745 2597 περιφανεί
782 2514 879 2579 τοῦ
913 2526 1141 2599 θεάτρου
1184 2529 1514 2599 γενόμενος,
1569 2531 1823 2603 ἀτρέπτῳ
1862 2536 1926 2603 τῇ

350 2620 636 2690 παρρησίᾳ
683 2617 941 2688 ὲξεδόησε
986 2617 1085 2688 τὴν
1137 2621 1320 2691 φωνὴν
1354 2623 1606 2692 ἐκείνην,
1652 2618 1722 2694 ἧς
1767 2624 1928 2693 μέχρι

351 2710 439 2765 τοῦ
468 2711 564 2766 νῦν
595 2711 703 2764 εἰσί
740 2729 886 2775 τινες
912 2712 963 2763 οἱ
1000 2712 1328 2776 ἀκούσαντες
1346 2731 1359 2744 ·
1389 2715 1661 2782 Εὑρέθην
1681 2714 1805 2779 τοῖς
1828 2715 1931 2783 ἐμὲ

351 2803 428 2870 μὴ
483 2800 801 2869 ζητοῦσιν·
854 2803 1127 2872 ἐμφανὴς
1175 2806 1467 2875 ἐγενόμην
1515 2808 1639 2872 τοῖς
1689 2806 1795 2875 ἐμὲ
1841 2807 1927 2876 μὴ

354 2893 720 2963 ἐπερωτῶσι·
750 2895 929 2964 δηλῶν
961 2894 1050 2948 διὰ
1076 2896 1299 2961 τούτων,
1326 2898 1408 2951 ὅτι
1435 2898 1496 2951 οὐ
1529 2898 1664 2971 πρὸς
1684 2900 1930 2967 ἀνάγκην

352 2984 487 3055 ἢχθη
528 2984 675 3056 πρὸς
711 2986 838 3049 τοὺς
870 2985 1172 3050 κινδύνους,
1224 2987 1338 3040 ἀλλ’
1364 2989 1627 3053 ἑκουσίως
1659 2988 1930 3042 ἐπέδωκεν

353 3075 541 3132 ἑαυτὸν
565 3076 644 3130 τῶ
676 3077 848 3144 ἀγῶνι
868 3095 882 3109 ·
916 3079 1292 3149 μιμησάμενος
1326 3080 1417 3133 τὸν
1443 3082 1754 3151 Δεσπότην,
1785 3081 1842 3144 ὃς
1872 3083 1929 3133 ὲν

354 3166 429 3238 ἰῷ
454 3169 642 3223 σκότει
689 3167 793 3237 τῆς
844 3169 1039 3234 νυκτὸς
1085 3172 1444 3241 ἀγνοούμενος
1484 3176 1597 3235 τοῖς
1658 3172 1930 3236 Ἰουδαίοις

355 3259 545 3315 ἑαυτὸν
577 3277 710 3313 κατε
718 3262 981 3331 μήνυσεν.

420 3373 474 3427 4.
516 3373 697 3437 Εὐθὺς
733 3374 831 3445 μὲν
873 3369 969 3430 οὖν
1027 3376 1326 3446 ἐπέστρεφε
1361 3375 1423 3428 τὸ
1466 3375 1692 3447 θέατρον
1717 3376 1794 3447 τῷ
1824 3393 1931 3431 πα-

360 3463 564 3535 ραδόξῳ
607 3465 709 3536 τῆς
759 3464 922 3530 θέας,
985 3466 1125 3537 ἀνὴρ
1171 3466 1595 3538 ἀπηγριωμένπ
1627 3468 1726 3538 τὴν
1771 3467 1928 3537 ὄψιν,

358 3552 441 3613 διὰ
480 3556 584 3626 τὴν
637 3556 858 3628 χρονίαν
905 3559 967 3611 ὲν
1014 3559 1128 3621 τοῖς
1179 3556 1331 3628 ὄρεσι
1374 3557 1585 3612 δίαιταν
1639 3560 1930 3631 αὐχμηρὰν

359 3649 496 3719 ἔχων
523 3648 626 3720 τὴν
655 3649 898 3720 κεφαλὴν
917 3688 933 3713 ,
974 3647 1141 3718 βαθὺς
1170 3648 1269 3721 τὴν
1299 3651 1510 3721 ὑπήνην
1529 3692 1544 3717 ,
1592 3652 1690 3723 τὴν
1731 3651 1932 3723 ἐσθῆτα

365 3738 580 3806 ρδπῶν,
637 3738 1023 3811 κατεσκληκὼς
1069 3741 1214 3794 ἅπαν
1262 3741 1324 3794 τὸ
1378 3741 1574 3811 σῶμα,
1636 3741 1934 3815 βακτηρίαν

364 3829 565 3902 φέρων,
597 3831 696 3884 καὶ
728 3832 909 3903 πήραν
956 3832 1263 3903 ἐνημμένος
1285 3848 1297 3859 ·
1343 3826 1424 3898 οἷς
1457 3834 1625 3887 πᾶσιν
1653 3836 1935 3906 ὲπέπρεπέ

381 3923 467 3992 59)
524 3940 611 3987 τις
666 3922 846 3994 χάρις,
897 3926 963 3978 ὲκ
1014 3923 1108 3978 τοῦ
1166 3923 1405 3991 ἀφανοῦς
1452 3927 1614 3982 αὑτὸν
1664 3928 1933 4001 περιλάμο

365 4032 558 4071 πουσα.
602 4017 693 4078 Ὠς
726 4016 772 4070 δ’
812 4011 905 4069 οὖν
948 4014 1198 4087 ἐγνώσθη
1246 4018 1393 4083 ὅστις
1426 4018 1593 4083 ἐστὶν,
1643 4019 1807 4084 εὐθὺς
1840 4021 1935 4091 βοὴ

370 4110 650 4181 συμμιγὴς
683 4109 835 4181 παρά
869 4110 1085 4164 πάντων
1115 4109 1254 4181 ἤρθη
1275 4127 1289 4140 ’
1320 4109 1428 4163 τῶν
1464 4110 1565 4182 μὲν
1594 4114 1809 4167 οἰκείων
1840 4114 1940 4183 τῆς

368 4202 601 4265 πίστεως
636 4200 743 4253 ὑπὸ
773 4199 1126 4271 περιχαρείας
1154 4199 1510 4270 κροτούντων.
1541 4202 1653 4256 τῶν
1697 4203 1756 4257 δὲ
1785 4204 1942 4257 πολε-

371 4294 611 4362 μούντων
640 4294 708 4363 τῇ
743 4290 970 4361 ἀληθεία
1001 4292 1081 4353 είς
1108 4290 1199 4344 τὸν
1227 4293 1345 4344 κατ’
1370 4293 1535 4345 αὐτοῦ
1567 4294 1725 4361 φόνον
1751 4296 1843 4349 τὸν
1868 4294 1943 4347 διο

375 4384 572 4471 κςστὴν
621 4379 1054 4453 παρορμώντων,
1107 4380 1201 4432 καὶ
1237 4381 1821 4451 προκαταδικαζὸντων
1864 4386 1943 4445 είς

374 4466 611 4529 θᾶνατον.
650 4473 833 4525 Πάντα
860 4466 1012 4525 δὀὖν
1041 4471 1167 4541 βοῆς
1197 4472 1289 4524 καὶ
1320 4470 1546 4542 θορύϐου
1571 4473 1898 4545 πεπλήρωτο
1919 4490 1934 4506 ⁶

2026 607 2081 660 in
2128 607 2454 660 eminentem
2491 604 2671 657 locum
2719 601 2953 672 populus
2986 600 3167 654 omnis
3191 639 3204 664 ,
3242 615 3349 651 non
3374 596 3594 653 .Iudmus

2027 699 2234 759 aberat,
2293 712 2401 751 non
2445 695 2665 750 Graecus
2702 713 2716 749 :
2763 694 2872 747 imo
2901 706 3033 745 vero
3092 698 3209 745 erat
3241 689 3321 744 eis
3361 689 3594 744 admista

2026 788 2318 845 multitudo
2372 801 2568 855 magna
2595 785 3057 843 Christianorum,
3101 780 3193 851 qui
3249 780 3467 833 incaute
3509 779 3595 832 vi-

2024 890 2236 946 ventes,
2268 889 2321 936 et
2347 895 2454 934 uua
2480 893 2604 932 cum
2643 876 2877 931 concilio
2912 874 3167 928 vanitatis
3193 871 3467 932 sedentes,
3495 882 3596 925 nec

2026 990 2356 1045 congressus
2384 973 2522 1027 male
2547 970 2823 1041 agentium
2863 967 3225 1030 declinantes,
3261 964 3595 1019 celeritatem

2026 1084 2291 1141 equorum
2328 1077 2381 1121 et
2426 1065 2740 1135 aurigarum
2773 1060 3024 1131 peritiam
3055 1070 3187 1113 tunc
3225 1058 3329 1128 ipsi
3376 1070 3597 1126 quoque

2028 1159 2366 1229 spectabant.
2424 1154 2531 1209 Sed
2576 1162 2629 1208 et
2695 1166 2885 1207 servos
2952 1150 3069 1203 heri
3124 1148 3455 1203 demiserunt
3486 1185 3500 1209 ,
3541 1152 3597 1201 et

2029 1252 2181 1322 pueri
2217 1266 2247 1305 e
2279 1247 2557 1303 litterariis
2600 1244 2743 1299 ludis
2768 1242 3127 1296 accurrebaut
3170 1244 3496 1308 spectatum,
3542 1241 3599 1289 et

2027 1342 2255 1396 aderant
2284 1339 2490 1410 pariter
2522 1336 3038 1409 feminae,qtiotquot
3078 1332 3307 1402 plebeia:
3335 1336 3494 1384 erant
3543 1334 3598 1383 et

2028 1433 2294 1486 obscuraa.
2357 1428 2513 1500 145
2572 1426 2854 1481 ltel‘ertum
2913 1432 3093 1479 autem
3149 1429 3267 1478 erat
3318 1421 3595 1482 stadium,

2023 1526 2248 1595 jamque
2300 1524 2367 1577 ad
2397 1529 2652 1592 equestre
2704 1526 2981 1574 certamen
3013 1515 3464 1586 conSpieicndum
3513 1513 3592 1567 in-

2029 1615 2166 1670 tenti
2196 1621 2353 1667 erant
2390 1626 2601 1666 omnes.
2659 1608 2816 1664 Tunc
2846 1608 3012 1678 igitur
3040 1621 3339 1676 generosus
3369 1604 3462 1660 ille
3515 1603 3599 1659 vir

2030 1704 2320 1774 magnique
2353 1701 2520 1755 animi
2550 1708 2604 1756 et
2642 1713 2850 1770 magnae
2885 1697 3230 1759 constantiie,
3262 1696 3499 1766 desuper
3530 1709 3597 1749 ex

2031 1795 2307 1849 montibus
2359 1793 2414 1847 in
2459 1792 2731 1846 theatrum
2763 1790 3145 1852 descendens,
3183 1803 3291 1841 non
3318 1786 3596 1842 extimuit

1961 1873 2001 1925 Β
2033 1888 2314 1957 populum.
2352 1901 2456 1939 non
2506 1883 2739 1938 attendit
2783 1891 2918 1952 quot
2950 1880 3387 1951 adversariorum
3421 1879 3600 1933 mani-

2030 1980 2133 2034 bus
2164 1994 2223 2032 se
2252 1977 2516 2046 objiceret
2544 1992 2559 2028 :
2599 1973 2694 2030 sed
2725 1973 3000 2043 intrepido
3033 1972 3200 2027 corde
3228 1978 3281 2025 et
3307 1971 3451 2023 elato
3479 1968 3600 2022 ani-

2032 2087 2153 2136 mo,
2203 2070 2367 2124 veluti
2409 2083 2540 2123 saxa
2578 2067 2772 2123 crebra
2825 2074 2919 2119 aut
2970 2065 3195 2118 arbores
3230 2062 3457 2125 multas,
3501 2075 3597 2115 eos

2032 2164 2123 2234 qui
2162 2166 2215 2215 in
2270 2160 2447 2215 stadio
2494 2159 2790 2222 sedebant,
2836 2165 3277 2228 praetergressus,
3319 2155 3375 2207 in
3418 2151 3598 2207 medio

2032 2256 2300 2316 constitit,
2333 2253 2666 2308 conﬁrmans
2704 2252 2851 2305 illam
2898 2250 3228 2305 sententiam
3260 2266 3273 2301 :
3305 2245 3496 2300 Justus
3538 2252 3597 2299 ut

2024 2346 2112 2401 ἰεο
2150 2345 2367 2414 conﬁdit
2392 2345 2460 2397 “.
2496 2343 2672 2413 Atque
2698 2342 2887 2395 animo
2911 2348 3029 2396 erat
3059 2339 3195 2394 adeo
3217 2336 3597 2406 intrepido,ut,

2032 2442 2087 2495 in
2115 2438 2415 2508 conspicuo
2454 2437 2653 2491 theatri
2686 2436 2807 2489 loco
2845 2433 3201 2495 constitutus,
3233 2444 3419 2484 vocem
3451 2428 3598 2481 illam

2030 2546 2193 2602 quam
2220 2530 2441 2599 quidam
2470 2530 2770 2583 etiamnum
2814 2525 3136 2596 superstites
3178 2520 3485 2581 audierunt,
3511 2518 3600 2573 ﬁr-

2031 2639 2118 2678 ma
2177 2637 2303 2677 cum
2357 2620 2553 2675 ﬁducia
2595 2635 2659 2673 ac
2715 2620 2955 2673 clamore
3003 2615 3251 2672 emiserit
3297 2629 3309 2665 :
3348 2611 3598 2666 Inventus

2030 2730 2147 2767 sum
2176 2729 2209 2765 a
2241 2728 2344 2764 non
2384 2709 2733 2780 quwreutibus
2763 2724 2844 2760 me
2873 2724 2891 2759 :
2920 2706 3097 2774 palam
3133 2704 3359 2773 apparui
3387 2702 3486 2764 his,
3512 2700 3601 2770 qui

2032 2820 2113 2857 me
2138 2819 2239 2857 non
2275 2799 2755 2871 inlerrogabant".
2809 2797 3020 2863 Quibus
3051 2796 3231 2850 verbis
3276 2790 3601 2863 signiﬁcavit

2032 2912 2140 2950 non
2185 2894 2354 2949 fuisse
2401 2910 2460 2948 se
2491 2892 2541 2945 vi
2589 2891 2655 2945 ad
2691 2889 2929 2959 pericula
2960 2887 3276 2945 adductum,
3319 2884 3414 2939 sed
3456 2883 3601 2937 ultro

2032 2988 2300 3043 obtulisse
2352 3002 2411 3041 se
2460 2982 2786 3047 certamini,
2825 2980 3098 3037 imitatum
3140 2977 3453 3038 Dominum,
3503 2976 3597 3043 qui

2032 3096 2155 3137 cum
2185 3097 2280 3153 per
2310 3080 2491 3135 noctis
2517 3077 2772 3132 tenebras
2813 3088 2845 3128 a
2885 3072 3088 3128 Judaeis
3132 3070 3355 3125 minime
3400 3079 3607 3136 cogno-

1960 3206 2003 3268 c
2034 3183 2297 3237 sceretur,
2331 3188 2390 3228 se
2423 3173 2540 3242 ipse
2565 3167 2824 3240 prodidit.

2100 3374 2152 3428 4.
2197 3374 2317 3428 Mox
2348 3374 2512 3445 igitur
2547 3373 2820 3427 theatrum
2871 3368 3150 3438 inOpinato
3193 3361 3504 3435 spectaculo
3544 3358 3601 3415 in

2033 3487 2092 3525 se
2121 3469 2410 3531 convertit,
2445 3468 2527 3521 vir
2562 3481 2686 3520 cum
2725 3471 2871 3519 esset
2908 3458 3183 3516 horrendo
3218 3465 3464 3526 aspectu,
3500 3468 3601 3508 cu-

2028 3562 2119 3632 jus
2152 3560 2223 3615 ob
2250 3559 2516 3613 diutinam
2556 3557 2612 3611 in
2658 3554 2934 3609 montibus
2968 3563 3174 3604 moram
3205 3553 3368 3617 caput
3401 3544 3602 3615 squali-

2032 3655 2160 3707 dum
2190 3659 2333 3717 erat,
2358 3650 2528 3704 barba
2549 3647 2838 3719 promissa,
2869 3643 3098 3701 vestitus
3129 3639 3403 3702 sordidus,
3427 3645 3601 3691 totum

2035 3762 2236 3818 corpus
2304 3745 2537 3807 aridum,
2583 3742 2674 3812 qui
2731 3740 2981 3796 baculum
3041 3733 3306 3807 gestabat,
3352 3745 3417 3786 ac
3472 3744 3603 3800 pera

2034 3845 2154 3893 erat
2181 3836 2443 3901 indutus;
2478 3836 2531 3888 in
2569 3833 2768 3903 quibus
2825 3828 3080 3883 omnibus
3134 3827 3304 3896 gratia
3332 3821 3602 3893 quaedam,

2037 3945 2143 4000 qua
2181 3922 2330 3983 intus
2390 3925 2789 3988 illustrabatur,
2821 3921 3090 3976 elucebat.
3128 3916 3233 3972 Sed
3278 3914 3606 3985 simulatque

2039 4002 2297 4091 cognitus
2322 4018 2420 4073 fuit
2461 4017 2586 4087 quis
2619 4022 2787 4077 esset,
2836 4012 3018 4068 statim
3057 4010 3352 4080 permistus
3385 4006 3605 4077 quidam

2040 4114 2247 4166 clamor
2288 4112 2556 4165 excitatus
2593 4114 2677 4162 est
2719 4106 2788 4160 ab
2814 4104 3094 4163 omnibus,
3125 4099 3443 4155 domesticis
3480 4097 3607 4168 qui-

2040 4205 2162 4258 dem
2194 4203 2315 4258 ﬁdei
2345 4217 2454 4272 prae
2484 4200 2680 4271 gaudio
2711 4195 3124 4268 plaudentibus,
3149 4191 3479 4247 adversariis
3513 4205 3607 4244 ve-

2043 4312 2106 4350 ro
2132 4295 2375 4351 veritatis
2420 4291 2659 4362 judicem
2709 4290 2776 4344 ad
2808 4304 2931 4344 eum
2968 4286 3037 4341 de
3085 4284 3263 4340 medio
3305 4279 3610 4337 tollendum

2044 4382 2491 4457 provocantibus.
2538 4379 2894 4447 eumdemque
2955 4376 3011 4429 in
3058 4380 3401 4428 antecessum
3444 4366 3606 4423 morti

2046 4476 2440 4532 addicentibus.
2498 4472 2683 4542 Itaque
2734 4471 2972 4525 clamore
3019 4482 3083 4521 ac
3148 4463 3382 4518 tumultu
3448 4462 3608 4532 plena

373 4563 739 4636 παρώφθησαν
775 4562 886 4634 (70)
953 4562 1052 4633 μὲν
1096 4562 1251 4615 ἵπποι
1273 4601 1288 4624 ,
1323 4562 1698 4637 παρώφθησαν
1730 4566 1786 4619 δὲ
1821 4567 1933 4639 ἠνί-

2042 4579 2198 4624 erant
2248 4567 2459 4632 omnia;
2494 4564 2725 4635 neglecti
2767 4568 2898 4617 sunt
2928 4560 3077 4631 equi,
3108 4556 3337 4629 neglecti
3382 4555 3605 4624 aurigae,

374 4674 480 4729 οχοι
499 4676 513 4689 ο
553 4659 587 4727 ἡ
623 4656 682 4710 δὲ
711 4655 818 4708 τῶν
835 4656 1097 4726 ἁρμάτων
1115 4657 1373 4724 ἐπίδειξις
1398 4659 1569 4729 ψόφος
1600 4657 1825 4729 μάταιος
1852 4656 1939 4731 ἦν.

376 4749 594 4814 Οὐδενὸς
627 4749 738 4820 γὰρ
771 4747 1062 4819 ἐσχόλαζεν
1093 4748 1365 4821 ὀφθαλμὸς
1406 4751 1534 4805 ἄλλο
1570 4769 1623 4805 τι
1658 4752 1873 4823 βλέπειν
1906 4754 1939 4824 ἢ

375 4841 606 4911 Γόρδιον,
662 4839 787 4893 οὔτε
832 4855 918 4902 τις
945 4839 1083 4909 ἀκοὴ
1117 4839 1243 4893 ἄλλο
1283 4857 1336 4894 τι
1372 4841 1620 4912 ήνείχετο
1663 4843 1940 4916 ἀκούεινῆ

468 5015 493 5049 ⁸
522 5015 688 5072 Prov.
722 5031 931 5083 nvm,
973 5015 1018 5068 Ι.
1104 5015 1150 5049 ⁸⁸
1190 5018 1295 5074 lsa.
1326 5034 1449 5081 va,
1486 5018 1538 5075 1.

443 5173 556 5239 (65)
583 5173 726 5228 Editi
758 5181 816 5229 et
845 5172 1056 5228 Oliv.et
1079 5174 1289 5242 Anglic.
1322 5182 1375 5227 et
1396 5188 1490 5226 sex
1521 5173 1612 5225 alii
1648 5187 1778 5242 mss.
1810 5187 1944 5223 κατ-

379 5243 583 5313 ειλήφει
612 5245 762 5307 θέαν,
806 5246 981 5297 locum
1023 5243 1093 5296 ad
1152 5241 1510 5308 spectandum.
1556 5244 1623 5295 At
1662 5241 1947 5295 Medicaaus

380 5322 430 5365 et
462 5316 677 5368 codices
722 5314 1109 5369 Lombelisiani
1142 5314 1386 5385 θέατρον,
1441 5315 1744 5385 theatrum“:
1783 5326 1946 5379 quam

383 5385 701 5452 scripturam
738 5400 922 5438 verum
962 5393 1017 5438 et
1059 5383 1401 5438 emendatam
1453 5398 1576 5437 esse
1617 5383 1945 5452 judicamus.

385 5449 661 5508 Amanlem
704 5456 829 5508 be:li
870 5454 1190 5516 darmonem,
1225 5455 1294 5508 de
1331 5470 1440 5524 quo
1487 5453 1759 5524 superius,
1809 5449 1949 5503 Mar.

387 5532 488 5575 tem
517 5540 636 5577 esse
670 5533 876 5577 norunt
908 5525 989 5575 vel
1023 5525 1281 5577 infantes.

453 5592 560 5661 (66)
594 5595 746 5648 Cnlb.
777 5595 976 5649 tertius
1011 5594 1345 5665 συνέτρεχον.
1379 5591 1496 5646 Mox
1520 5590 1819 5665 Colbertini
1841 5589 1948 5665 duo

391 5659 823 5734 συντεταγμένοι,
862 5665 1052 5717 ordine
1082 5659 1266 5731 positi.
1288 5662 1474 5717 Lectio
1503 5679 1610 5717 non
1646 5662 1804 5715 mala.
1840 5659 1946 5712 Alii

390 5738 492 5784 duo
516 5750 655 5804 mss.
685 5746 736 5788 et
758 5734 892 5789 editi
925 5736 1327 5804 συντεταμένοι,
1353 5735 1562 5789 intenti.

458 5802 837 5867 ttihliedditio
890 5801 1169 5869 longioris
1212 5805 1417 5870 periodi
1473 5806 1630 5869 cujus
1682 5801 1936 5856 initium:

2039 4674 2298 4714 curruum
2345 4654 2649 4712 ostentatio
2680 4653 2940 4724 strepitus
2998 4650 3179 4703 inanis
3227 4653 3365 4702 erat.
3397 4644 3610 4698 Nullius

2040 4751 2184 4807 enim
2221 4749 2414 4804 oculus
2448 4746 2516 4802 ad
2562 4745 2708 4801 aliud
2748 4744 2854 4799 nisi
2891 4742 2956 4797 ad
3007 4739 3301 4794 videndum
3346 4735 3610 4791 Gordium

2040 4851 2158 4897 erat
2190 4844 2454 4904 intentus,
2495 4854 2597 4893 nec
2621 4837 2772 4892 auris
2804 4837 2913 4890 ulla
2948 4833 3093 4888 aliud
3125 4831 3232 4885 nisi
3267 4830 3415 4884 illius
3446 4826 3613 4883 verba

2062 5168 2215 5221 Ἐπεὶ
2240 5163 2333 5221 οὖν
2356 5169 2477 5236 πᾶς
2493 5168 2522 5220 ὁ
2542 5166 2734 5236 δῆμος.
2770 5165 2933 5219 Ent't'.

2123 5238 2235 5306 (68)
2270 5239 2411 5291 Editi
2457 5230 2633 5316 Euris.
2690 5236 2843 5301 λόγον
2894 5231 2990 5312 τοῦ
3036 5230 3465 5353 Παροιριαστοῦ,
3513 5232 3615 5295 sed

2124 5324 2172 5353 m
2206 5323 2369 5353 mm
2407 5323 2499 5353 του
2537 5307 2946 5353 ﬂammma-tau
2981 5310 3037 5353 et
3077 5317 3130 5353 Ill
3163 5317 3189 5353 e
3236 5302 3405 5353 ttione
3446 5302 3612 5353 Badl.

2050 5301 2172 5361 cum
2206 5301 2369 5361 voces
2407 5306 2499 5360 τοῦ
2537 5301 2946 5375 Παροιμιαστοῦ
2981 5310 3037 5355 et
3077 5302 3134 5375 in
3163 5301 3405 5375 editione
3446 5302 3612 5375 Basll.

2050 5386 2102 5431 et
2135 5379 2189 5432 in
2218 5378 2424 5433 nostris
2449 5391 2543 5432 sex
2576 5371 2947 5437 mssidesint,
2983 5386 3077 5427 eas
3104 5371 3287 5426 delere
3316 5387 3425 5425 non
3450 5373 3641 5428 dubi-.

2054 5449 2306 5502 lavimus.

2127 5518 2239 5585 (69)
2281 5516 2504 5570 Veteres
2548 5513 2753 5585 aliquth
2811 5511 2934 5585 libri
2986 5518 3039 5564 et
3088 5508 3222 5585 editi
3275 5509 3503 5581 ἔπρεπε.
3549 5511 3618 5585 ιιι

2054 5580 2187 5653 Reg.
2213 5580 2488 5641 secundus
2536 5594 2591 5638 et
2630 5584 2785 5636 Colb.
2837 5583 3048 5651 primus
3085 5580 3364 5651 ὲπέπρεπε
3400 5597 3413 5633 :
3448 5580 3618 5651 quod,

2055 5661 2112 5713 ui
2145 5659 2321 5719 fallor,
2355 5656 2551 5708 melius
2580 5659 2663 5707 est
2690 5661 2745 5706 et
2784 5653 2986 5706 verius.

2123 5727 2238 5798 (70)
2270 5726 2406 5782 Illud
2442 5721 2818 5794 mpdioilqaav
2839 5737 2902 5777 ex
2937 5722 3091 5777 libris
3124 5720 3374 5793 antiquis
3408 5719 3619 5777 addidio

2053 5813 2194 5852 mus.
