4036 6236
408 360 512 418 499

1678 364 1735 426 s.
1785 358 2032 433 nasum
2073 361 2291 426 MAGNI

3559 364 3663 422 500

406 479 596 545 audire
630 478 1058 549 volebat.Atque
1081 478 1348 535 confusus
1376 479 1599 550 quidam
1629 496 1840 549 rumor,
1873 483 1984 539 vel-

2089 483 2153 537 τὰ
2203 484 2414 540 ἐκείνου
2467 485 2707 555 ῥήματα.
2761 482 2872 536 Καὶ
2923 480 3090 554 θροῦς
3136 498 3223 545 τις
3264 481 3496 553 ἄσημος,
3553 477 3663 538 οἷον

409 568 489 632 uti
535 584 692 635 aura,
750 570 1024 626 theatrum
1075 579 1248 626 totum
1306 572 1633 644 pervadens,
1696 577 1985 645 strepitum

407 660 546 717 circi
577 661 893 732 superabat.
929 660 1035 725 Ubi
1079 678 1208 720 vero
1259 663 1532 720 silentium
1580 679 1677 735 per
1709 681 1987 735 praecones

408 752 613 825 populo
645 753 969 822 imperatum
1002 762 1107 819 est,
1132 755 1567 825 conquieverunt
1596 756 1763 822 tibiae,
1796 756 1985 812 consi-

411 843 635 899 luerunt
671 847 823 900 varia
850 846 1191 903 musicorum
1222 846 1626 915 instrumenta;
1661 849 1989 905 audiebatur

414 936 673 1003 Gordius,
714 940 1065 1010 spectabatur
1097 940 1357 1006 Gordius,
1401 944 1696 1013 statimque
1745 942 1988 999 adduce-

412 1030 576 1085 batur
616 1030 686 1085 ad
743 1032 1030 1103 praesidem
1091 1034 1204 1089 illic
1251 1035 1553 1098 sedentem,
1604 1043 1989 1106 certamenque

413 1118 814 1191 disponentem.
846 1122 1059 1178 Interea
1091 1124 1256 1194 igitur
1289 1123 1408 1177 miti
1440 1139 1579 1187 voce.
1604 1139 1667 1177 ac
1700 1124 1831 1188 leni,
1863 1124 1988 1194 quis

411 1220 467 1267 et
497 1212 641 1268 unde
686 1224 833 1270 esset
876 1214 1331 1286 interrogabatur.
1374 1214 1473 1271 Ubi
1512 1223 1692 1270 autem
1732 1214 1867 1268 dixit
1896 1231 1990 1285 pa-

411 1305 597 1377 triam,
640 1322 831 1377 genus,
868 1307 1095 1378 gradum
1143 1308 1378 1397 obtenta:
1420 1308 1725 1378 dignitatis.
1765 1323 1987 1364 causam

412 1395 575 1468 fugae,
612 1399 845 1459 reditum
880 1419 891 1453 :
932 1399 1161 1464 Adsum,
1216 1395 1417 1470 inquit,
1470 1402 1850 1456 mandatorum
1897 1418 1990 1458 ve-

414 1497 659 1545 strorum
705 1500 1077 1563 contemptum
1126 1494 1289 1548 simul
1326 1503 1380 1550 et
1412 1494 1571 1550 tidem
1617 1495 1672 1550 in
1702 1496 1892 1560 Deum,
1933 1496 1990 1551 in

414 1598 524 1653 quo
557 1599 709 1653 spem
740 1587 978 1655 reposui,
1009 1586 1165 1643 factis
1198 1598 1523 1648 ostensurus
1557 1606 1572 1654 ;
1607 1588 1791 1646 audivi
1818 1590 1985 1656 enim,

414 1675 614 1747 inquit,
639 1677 691 1732 te
726 1680 930 1735 multos
958 1680 1280 1737 crudelitate
1305 1696 1563 1751 superare
1589 1701 1603 1737 :
1632 1683 1987 1753 quamobrem

414 1767 470 1826 id
535 1777 750 1840 tempus
781 1778 1039 1842 tanquam
1070 1774 1339 1843 explendo
1398 1790 1520 1830 meo
1567 1784 1695 1831 voto
1734 1774 1987 1830 idoneum

2088 575 2253 648 αὔρα,
2307 576 2397 632 διὰ
2443 576 2643 641 παντὸς
2675 575 2771 630 τοῦ.
2808 574 3038 647 θεάτρου
3089 573 3325 641 διεξιὼν,
3371 574 3463 629 τὸν
3503 576 3665 629 ἱππό-

2087 671 2286 744 δρομον
2317 671 2603 742 ύπερήχει.
2650 669 2804 723 Ἐπεὶ
2830 668 2888 722 δὲ
2929 667 3017 721 διὰ
3049 665 3157 721 τῶν
3187 666 3447 738 κηρύκων
3482 668 3664 739 σιωπὴ

2087 761 2166 834 τῷ
2192 762 2348 834 δήμῳ
2390 761 2746 833 ὑπεσημάνθη
2782 760 2920 832 (71),
2949 756 3321 830 ἐκοιμήθησαν
3356 759 3454 830 μὲν
3486 758 3662 822 αὐλοὶ,

2089 855 2566 925 κατεσιγάσθησαν
2612 854 2670 907 δὲ
2721 853 2929 925 ὄργανα
2980 851 3385 923 πολυαρμόνια·
3432 851 3661 921 ἠκούετο

2089 947 2305 1019 Γόρδιος
2325 987 2341 1013 ,
2390 948 2678 1019 ὲθεωρεῖτο
2707 946 2945 1018 Γόρδιος.
2977 945 3088 999 Καὶ
3115 943 3277 1009 εὐθὺς
3318 943 3661 1014 ἀνάρπαστος

2088 1034 2156 1109 ἦν
2185 1038 2321 1110 πρὸς
2348 1039 2442 1093 τὸν
2479 1039 2716 1112 ἄρχοντα
2757 1038 2921 1092 αὐτοῦ
2949 1055 3051 1092 που
3085 1038 3409 1109 καθήμενον,
3442 1038 3537 1090 καὶ
3571 1036 3661 1091 τὸν

2090 1131 2277 1198 ἀγῶνα
2321 1129 2648 1185 διατιθέντα.
2705 1130 2855 1194 Τέως
2888 1130 2989 1201 μὲν
3023 1125 3118 1185 οὖν
3156 1128 3358 1201 πραείᾳ
3400 1129 3495 1183 καὶ
3524 1129 3661 1200 ήμέ-

2092 1240 2170 1293 ρῳ
2200 1222 2312 1293 (72)
2356 1225 2506 1293 φωνῇ
2548 1222 2632 1286 τίς
2675 1223 2770 1276 καὶ
2814 1220 2979 1275 πόθεν
3011 1220 3097 1292 εῐη
3128 1218 3527 1274 διεπυνθάνετο.
3574 1217 3666 1280 Ὠς

2088 1312 2145 1367 δὲ
2174 1309 2294 1367 εἷπε
2331 1314 2429 1385 τὴν
2463 1312 2719 1385 πατρίδα,
2752 1313 2814 1367 τὸ
2839 1313 3013 1383 γένος,
3039 1312 3102 1366 τὸ
3131 1307 3272 1376 εἶδος
3301 1310 3395 1365 τοῦ
3426 1308 3671 1379 ἀξιώμα-

2088 1425 2181 1471 τος
2214 1409 2272 1461 ὲν
2298 1400 2342 1475 ᾧ
2370 1403 2459 1477 ἦν,
2503 1405 2601 1477 τήν
2632 1404 2810 1460 αίτίαν
2848 1405 2949 1475 τῆς
2990 1404 3188 1475 φυγῆς,
3236 1403 3335 1475 τήν
3380 1401 3664 1464 ἐπάνοδον,

2088 1502 2170 1555 ότι
2222 1500 2480 1571 Πάρειμι,
2515 1498 2660 1571 ἔργῳ
2691 1498 2783 1552 καὶ
2823 1497 2919 1568 τὴν
2952 1497 3062 1551 τῶν
3104 1496 3382 1568 ὑμετέρων
3426 1512 3671 1567 προστα-

2090 1590 2317 1662 γμάτων
2348 1588 2773 1659 καταφρόνησιν,
2802 1588 2898 1640 καὶ
2922 1586 3022 1657 τὴν
3062 1587 3141 1651 είς
3173 1586 3325 1651 Θεὸν,
3360 1585 3443 1655 ἐφ’
3468 1583 3525 1638 δν
3568 1582 3669 1653 ήλο

2091 1699 2246 1746 πισα,
2298 1682 2481 1734 πίστιν
2524 1679 2921 1751 ἐπιδειξόμενος
2941 1697 2961 1731 τ,
3011 1679 3108 1732 καὶ
3161 1677 3271 1750 γὰρ
3320 1675 3532 1749 ήκουσά
3581 1692 3668 1739 σε,

2091 1775 2245 1845 φησὶ,
2279 1771 2488 1826 πολλῶν
2527 1771 2803 1843 διαφέρειν
2849 1774 2918 1843 τῇ
2956 1770 3277 1843 ἀγριότητι·
3309 1768 3384 1832 ὡς
3411 1764 3505 1822 οὖν
3548 1768 3669 1820 ὲπιο

411 1861 574 1933 elegi.
612 1862 709 1919 His
740 1865 924 1919 verbis
958 1865 1207 1936 praesidis
1233 1866 1314 1920 ira
1344 1866 1514 1922 instar
1551 1867 1693 1937 ignis
1731 1882 1981 1933 accensa,

2090 1866 2298 1938 τήδειόν
2330 1882 2419 1936 μοι
2446 1864 2535 1918 τὸν
2563 1864 2752 1936 καιρὸν
2778 1862 2963 1918 τοῦτον
2983 1866 3065 1927 είς
3093 1859 3530 1933 τὸγπληρωθῆναί
3564 1877 3669 1931 μου

413 1960 590 2011 tatum
613 1955 716 2009 viri
743 1954 980 2011 furorem
1011 1956 1067 2011 in
1100 1966 1271 2012 semet
1296 1958 1611 2012 concitavit.
1630 1956 1987 2028 Jam,inquit,

413 2059 551 2105 voca
606 2046 847 2103 lictores.
894 2047 993 2103 Ubi
1050 2049 1266 2105 lamina:
1321 2051 1621 2120 plumbeae?
1670 2051 1759 2105 ubi
1800 2050 1992 2121 flagra?

415 2134 757 2197 Extendatur
780 2138 835 2193 in
860 2151 1003 2205 rota,
1039 2149 1360 2211 torqueatur
1389 2142 1445 2195 in
1469 2142 1727 2211 equuleo,
1753 2141 1988 2197 aﬂ‘eran-

416 2236 509 2285 tur
540 2230 938 2300 suppliciorum
992 2232 1376 2298 instrumenta,
1410 2233 1619 2296 bestizn,
1667 2234 1830 2304 ignis,
1873 2234 1990 2304 gla-

417 2319 566 2387 dius,
597 2335 757 2385 crux,
795 2322 943 2378 fossa
986 2331 1231 2394 paretur.
1277 2325 1348 2379 At
1390 2326 1557 2388 enim,
1604 2326 1804 2395 inquit,
1856 2326 1989 2395 quid

417 2410 582 2471 habet
604 2413 743 2468 lucri
774 2415 1044 2471 scelestus
1074 2416 1186 2482 ille,
1227 2433 1352 2471 cum
1383 2418 1554 2473 semel
1583 2426 1795 2472 tantum
1832 2416 1992 2488 146

415 2505 722 2560 moriatur?
770 2507 884 2561 imo
913 2510 1192 2579 respondit
1220 2512 1401 2565 statim
1430 2510 1688 2574 Gordius,
1722 2519 1989 2582 quantum

417 2588 676 2645 damnum
713 2594 909 2662 patior,
943 2598 1090 2666 quod
1137 2613 1280 2667 saepe
1315 2614 1413 2668 pro
1451 2598 1671 2654 Christo
1711 2600 1849 2654 mori
1879 2617 1989 2655 non

416 2680 654 2747 pwsim!
686 2680 897 2741 Praeses
922 2696 1124 2751 autem,
1158 2698 1354 2759 praeter
1374 2689 1641 2745 feritatem
1659 2692 1987 2756 naturalem,

418 2772 617 2831 saevior
659 2774 840 2830 adhuc
870 2777 1156 2846 evadebat,
1192 2782 1495 2851 reSpiciens
1529 2783 1598 2837 ad
1625 2783 1729 2837 viri
1755 2783 1990 2854 dignita-

418 2868 549 2925 tem,
582 2863 744 2932 cujus
781 2881 1032 2934 magnam
1071 2871 1239 2924 animi
1275 2872 1661 2928 sublimitatem
1709 2889 1869 2929 suum
1906 2876 1989 2945 ip-y

419 2951 537 3030 sitis
557 2954 791 3011 dedecus
814 2968 1049 3027 putaret.
1078 2960 1141 3016 Et
1165 2978 1276 3033 quo
1302 2966 1476 3035 magis
1501 2964 1718 3020 videbat
1747 2967 1989 3020 animum

418 3045 568 3133 illius
602 3048 1052 3119 imperterritum,
1083 3070 1149 3110 eo
1194 3057 1369 3128 magis
1403 3058 1750 3125 elIerebatur,
1791 3059 1990 3130 magis-

417 3153 524 3208 que
554 3139 656 3193 viri
701 3144 1067 3199 constantiam
1108 3148 1487 3218 excogitandis
1521 3151 1857 3207 cruciatibus
1891 3167 1987 3207 su-

415 3245 609 3300 perare
635 3235 1017 3293 contendebat.
1052 3236 1178 3293 Hzec
1208 3255 1430 3310 praises.

2089 1960 2191 2031 τὴν
2231 1958 2525 2029 ἐπιθυμίαν
2562 1956 2910 2028 ἐξελεξάμην.
2945 1955 3170 2019 Τούτοις
3199 1958 3311 2018 τοῖς
3344 1953 3524 2021 λόγοις
3573 1951 3669 2004 τὸν

2092 2052 2263 2123 θυμὸν
2294 2051 2387 2105 τοῦ
2441 2051 2700 2123 ἄρχοντος
2731 2050 2810 2113 ὡς
2858 2049 2969 2121 πῦρ
3016 2048 3129 2120 (75)
3172 2044 3496 2116 ἀναφλέξας,
3535 2044 3670 2115 ὃλην

2090 2143 2312 2215 ἤγειρεν
2327 2142 2413 2212 ἐφ’
2429 2141 2618 2195 ἑαυτὸν
2640 2139 2735 2193 τοῦ
2757 2139 2948 2212 ἀνδρὸς
2970 2139 3068 2211 τὴν
3094 2139 3307 2210 μανίαν.
3324 2137 3456 2201 Καὶ,
3474 2135 3673 2201 Κάλει,

2092 2236 2257 2306 φησι,
2314 2234 2558 2305 δημίους.
2612 2234 2724 2288 Ποῦ
2770 2234 2829 2288 δὲ
2875 2234 2931 2287 αἱ
2984 2231 3299 2304 μολυὸίδες;
3342 2227 3446 2283 ποῦ
3493 2226 3551 2281 δὲ
3611 2228 3672 2280 αι

2095 2329 2394 2399 μάστιγες;
2455 2326 2579 2380 Ἐπὶ
2609 2326 2803 2397 τροχοῦ
2835 2323 3255 2389 κατατεινέσθω,
3295 2322 3390 2375 ἐπὶ
3436 2320 3530 2374 τοῦ
3574 2318 3672 2384 ξύ-

2036 2423 2199 2495 ,ἒλου
2226 2420 2624 2493 οτρεϐλούσθω,
2657 2418 2907 2491 φερέσθω
2946 2418 3016 2471 τά
3059 2416 3422 2487 κολαστήρια·
3474 2414 3543 2468 τά
3573 2411 3671 2481 θη-

2095 2516 2206 2586 ρία,
2234 2514 2295 2567 τὸ
2328 2513 2460 2584 πῦρ,
2487 2515 2549 2567 τὸ
2583 2512 2758 2581 ξίφος,
2792 2514 2821 2565 6
2855 2510 3105 2582 σταυρὸς,
3134 2511 3162 2562 6
3195 2508 3385 2579 βόθρος
3413 2500 3671 2578 εῦτρεπιὲυ

2092 2606 2289 2673 ζέσθω.
2358 2605 2519 2659 Ἀλλὰ
2563 2605 2672 2677 γάρ
2720 2599 2809 2659 οἷα
2840 2604 3110 2676 κερδαίνει
3138 2601 3270 2673 (74),
3303 2600 3487 2671 φησὶν,
3518 2596 3671 2662 ἅπαξ

2096 2698 2257 2767 μόνον
2300 2697 2661 2769 ἀποθνήσκων
2708 2699 2737 2750 6
2782 2697 3096 2768 άλιτήριος;
3143 2689 3245 2748 οἷα
3296 2692 3394 2763 μὲν
3444 2688 3537 2745 οὖν
3571 2690 3672 2760 ζη-

2096 2789 2345 2861 μιοῦμαι,
2379 2791 2697 2860 ὑποφθάσας
2732 2786 2885 2843 εἶπεν
2916 2792 2945 2843 6
2978 2788 3214 2861 Γόρδιος,
3248 2786 3322 2857 μὴ
3371 2783 3671 2853 δυνάμενος

2084 2882 2233 2953 ’ὑπὲρ
2273 2883 2509 2955 Χριστοῦ
2551 2884 2811 2948 πολλάκις
2843 2882 3161 2937 ἀποθανεῖνί
3206 2882 3264 2933 Ὀ
3307 2879 3381 2937 δὲ.
3414 2877 3552 2949 πρὸς
3596 2878 3669 2945 τῇ

2092 2973 2157 3027 ἐκ
2202 2972 2418 3041 φύσεως
2450 2974 2755 3046 ἀγριότητι,
2792 2973 2871 3027 ἔτι
2919 2971 3299 3044 χαλεπώτερος
3329 2964 3396 3038 ἦν
3425 2966 3563 3038 πρὸς
3606 2965 3672 3017 τδ

2091 3063 2309 3135 ἀξίωμα
2359 3064 2454 3118 τοῦ
2509 3066 2702 3138 ἀνδρὸς
2768 3064 3126 3128 ἀποϐλέπων,
3178 3060 3383 3115 οἰκεία-ν
3444 3056 3670 3127 ἀτιμίαν

2091 3152 2392 3224 ἡγούμενος
2423 3154 2483 3207 τὸ
2516 3154 2761 3208 νεανικὸν
2786 3155 2887 3224 τῆς
2923 3152 3160 3215 διανοίας
3202 3149 3511 3217 ἀνάστημα.
3556 3145 3671 3198 Καὶ

2016 3220 2058 3277 C
2092 3220 2201 3314 δσῳ
2235 3220 2446 3314 ’μᾶλλον
2495 3244 2640 3315 ἐώρα
2686 3244 2785 3317 τὴν
2833 3220 3061 3316 καρδίαν
3107 3243 3400 3314 ἀπτόητον,
3430 3234 3672 3306 τοσούτῳ

420 3322 680 3397 μειζόνως
718 3326 1058 3399 ὲξηγριοῦτο,
1096 3332 1190 3385 καὶ
1224 3333 1653 3407 φιλονεικότερος
1682 3330 1751 3407 ἦν
1775 3335 1997 3408 νικῆσαι
2027 3338 2126 3408 τὴν
2169 3336 2417 3393 ἔνστασιν
2456 3338 2551 3391 τοῦ
2607 3338 2799 3409 ἀνδρὸς
2840 3342 2906 3410 τῇ
2947 3338 3160 3409 ἐπινοίᾳ
3203 3336 3312 3390 τῶν
3378 3329 3670 3401 ἀλγεινῶν.

415 3419 527 3485 Καὶ
553 3422 583 3473 6
613 3421 711 3491 μὲν
740 3423 912 3478 ταῦτα
939 3425 1074 3497 (75).

482 3535 534 3589 5.
572 3533 776 3608 Martyr
812 3554 960 3607 vero,
1000 3541 1264 3611 conjectis
1305 3543 1362 3598 in
1410 3542 1580 3599 Deum
1623 3546 1819 3607 oculis,
1865 3547 1989 3617 ani-1

411 3642 554 3681 mam
597 3643 753 3683 suam
801 3630 1146 3687 demulcebat
1194 3633 1280 3689 his
1317 3647 1601 3690 sacrorum
1642 3632 1982 3691 Psalmorum

409 3706 595 3784 verbis
628 3740 642 3775 :
680 3720 939 3777 Dominus
962 3723 1091 3777 mihi
1118 3725 1355 3794 adjutor,
1400 3735 1452 3781 et
1483 3743 1590 3781 non
1625 3726 1816 3781 timebo
1858 3727 1985 3798 quid

411 3814 570 3881 faciet
614 3814 743 3867 mihi
769 3816 923 3870 homo
963 3816 1035 3882 9';
1089 3827 1145 3873 et
1184 3818 1355 3874 illud:
1407 3817 1535 3873 Non
1583 3819 1771 3874 timebo
1815 3820 1980 3887 mala,

410 3906 660 3975 quoniam
695 3916 750 3960 tu
784 3923 984 3961 mecum
1025 3925 1079 3963 es
1101 3910 1170 3975 ³⁷,
1210 3918 1265 3965 et
1313 3909 1562 3979 ejusdem
1599 3910 1819 3981 generis
1853 3911 1981 3975 alia,

410 3998 613 4066 quibus
666 3999 735 4053 ad
787 4001 1160 4066 fortitudinem
1216 4002 1542 4064 excitamur,
1574 4018 1696 4073 quae
1740 4018 1772 4057 e
1813 4003 1988 4059 sacris

409 4091 646 4160 eloquiis
676 4090 960 4147 didicerat.
990 4092 1095 4148 Sed
1126 4103 1336 4149 tantum
1377 4093 1552 4149 abfuit
1592 4105 1650 4148 ut
1698 4095 1862 4152 minis
1896 4111 1987 4150 ce-

410 4183 584 4248 deret,
642 4191 741 4237 aut
796 4192 1214 4254 perterreretur,
1267 4193 1326 4238 ut
1373 4185 1537 4240 etiam
1575 4194 1896 4256 provocaret
1927 4188 1981 4243 in

412 4277 766 4344 semetipsum
823 4277 1108 4346 supplicia.
1143 4275 1282 4343 Quid
1340 4278 1714 4334 cunctamini?
1765 4280 1979 4350 inquit;

411 4367 544 4441 quid
575 4368 771 4424 statis?
800 4368 1058 4423 Lanietur
1078 4383 1300 4438 corpus,
1318 4372 1943 4439 torqueanturmembra
1969 4393 1983 4428 :

410 4458 693 4531 perferant
742 4475 1103 4531 quoscunque
1151 4461 1434 4517 volueritis
1470 4463 1772 4519 cruciatus.
1819 4462 1982 4534 Spem

409 4554 622 4615 beatam
652 4553 787 4608 mihi
815 4570 885 4610 ne
916 4554 1227 4610 invideatis.
1255 4554 1391 4611 Nam
1419 4565 1627 4627 quanto
1674 4556 1851 4627 magis
1877 4563 1985 4610 tor-

409 4653 594 4698 menta
627 4644 916 4716 augebitis,
950 4653 1102 4701 tanto
1137 4647 1316 4716 majus
1340 4647 1473 4701 mihi
1520 4647 1801 4718 praemium
1832 4662 1984 4702 eom-

2161 3546 2215 3600 5.
2270 3546 2328 3600 '0
2356 3546 2414 3598 δὲ
2455 3545 2591 3617 πρὸς
2615 3542 2707 3597 τὸν
2732 3544 2864 3597 Θεὸν
2890 3542 3235 3607 ἀποϐλέπων,
3273 3543 3337 3595 ὲκ
3361 3542 3469 3596 τῶν
3507 3542 3672 3613 ἱερῶν

2090 3629 2349 3707 Ψαλμῶν
2378 3637 2681 3707 κατεπῇδεν
2727 3635 2921 3693 ἑαυτοῦ
2962 3638 3029 3707 τῇ
3071 3635 3215 3706 ψυχῇ
3265 3634 3412 3705 (76),
3458 3636 3633 3705 λέγων
3656 3654 3670 3666 ·

2091 3732 2307 3799 Κύριος
2328 3729 2457 3799 ἐμοὶ
2475 3729 2727 3797 βοηθὸς,
2755 3729 2853 3783 καὶ
2882 3730 2954 3783 οὑ
2980 3729 3397 3797 φοϐηθήσομαι
3426 3728 3485 3780 τί
3507 3727 3676 3794 ποιή-

2090 3835 2185 3875 σει
2211 3837 2313 3890 μοι
2342 3819 2679 3888 ἅνθρωπος·
2705 3820 2801 3872 καὶ
2829 3820 2917 3873 τό’Δ
2941 3820 3023 3873 Οὐ
3047 3820 3463 3887 φοϐηθήσομαι
3491 3818 3672 3882 κακὰ,

2093 3912 2185 3965 ὅτι
2232 3912 2315 3967 σὺ
2346 3913 2474 3981 μετ’
2510 3912 2656 3981 ἐμοῦ
2707 3907 2797 3965 εἷ·
2850 3912 2943 3964 καὶ
2990 3913 3092 3965 ὅσα
3142 3910 3380 3980 συγγενῆ
3435 3909 3671 3975 τούτοις,

2092 4004 2230 4077 πρὸς
2261 4004 2483 4077 ἀνδρίαν
2518 4005 2957 4078 παρακαλοῦντα,
2998 4006 3070 4063 ὲκ,
3113 4003 3223 4059 τῶν
3271 4004 3430 4058 θείων
3474 4004 3674 4073 λογίων

2089 4096 2468 4169 δεδιδαγμένος
2507 4093 2575 4170 ἧν
2594 4116 2608 4129 ο
2642 4099 2701 4162 ὃς
2728 4114 2791 4166 γε
2822 4097 3075 4151 τοσοῦτον
3107 4099 3333 4168 ἀπεῖχεν
3376 4092 3514 4163 εἶξαι
3557 4099 3671 4161 τοῖς

2092 4189 2503 4261 ἀπειλουμένοις
2556 4190 2649 4244 καὶ
2692 4190 3034 4261 ὑποπτῆξαι,
3088 4190 3229 4244 ὥστε
3280 4191 3376 4244 καὶ
3435 4205 3674 4260 προεκα-

2091 4275 2232 4334 λεῖτο
2266 4280 2379 4352 (77)
2420 4283 2506 4351 ἐφ’
2544 4282 2734 4335 ἑαυτὸν
2768 4282 2837 4336 τὰ
2878 4282 3045 4339 δεινά.
3088 4282 3155 4335 Τί
3199 4281 3457 4353 μέλλετε;
3498 4283 3668 4351 φησί’

2093 4373 2146 4425 τί
2185 4374 2489 4443 ἑστήκατε;
2535 4372 2812 4428 Ξαινέσθω
2846 4374 3023 4445 σῶμα,
3079 4373 3452 4447 στρεϐλούσθω
3491 4372 3667 4445 μέλη·

2094 4462 2466 4533 βασανιζέσθω
2500 4464 2576 4529 ὡς
2602 4464 2667 4519 ἂν
2697 4464 2935 4536 ἐθέλητε.
2969 4467 3059 4537 Μή
3097 4450 3188 4537 μοι
3225 4465 3529 4537 βασκήνητε
3570 4462 3673 4535 τῆς

2095 4556 2366 4628 μακαρίας
2391 4557 2623 4620 ἐλπίδος.
2659 4558 2808 4627 Ὅσῳ
2836 4556 2945 4629 γάρ
2980 4557 3047 4611 ἂν
3079 4547 3378 4627 ἐπιτείνητε
3402 4555 3471 4609 τά
3498 4554 3669 4619 δεινὰ,

2088 4646 2327 4717 τοσούτῳ
2362 4646 2584 4718 μείζονά
2614 4665 2703 4717 μοι
2730 4648 2830 4719 τὴν
2864 4647 3130 4701 ἀντίδοσιν
3164 4632 3494 4718 προξενεῖτε.
3536 4646 3673 4697 Συν-

407 4734 709 4825 μενιώἰιὶε..
738 4733 1003 4791 Convenit
1032 4736 1193 4791 nobis
1215 4735 1284 4791 de
1314 4736 1400 4791 his
1429 4750 1555 4791 cum
1601 4735 1851 4791 Domino.
1877 4736 1985 4791 Pro

2089 4738 2412 4810 αλλάγματα
2468 4742 2599 4812 ἡμῖν
2649 4742 2763 4793 ἐστι
2809 4740 2991 4815 ταῦτα,
3028 4741 3165 4813 πρὸς
3213 4740 3306 4793 τὸν
3365 4738 3669 4808 Δεσπότην.

484 4922 530 4953 ⁸⁸
563 4920 710 4977 Psal.
743 4937 921 4985 cxvu,
954 4921 1009 4976 6.
1085 4922 1129 4954 "
1170 4920 1316 4977 Psal.
1350 4937 1465 4976 nu
1488 4964 1502 4989 ,
1541 4924 1595 4978 4.

481 5076 592 5146 (71)
612 5077 1002 5151 _Beg._primus
1037 5077 1416 5151 ἐπεσημάνθη,
1450 5078 1861 5151 ἐκοιμίσθησαν.
1882 5077 1991 5133 Ibi-

410 5147 535 5220 dem
563 5146 730 5201 editio
768 5146 947 5220 Paris.
977 5146 1439 5220 κατεσιγήθησαν.
1466 5146 1987 5220 _Veteres'quinque

410 5217 535 5290 libri
568 5218 1062 5290 κατεσιγάσθησαν.
1088 5217 1239 5289 Reg.
1276 5217 1552 5274 secundus
1585 5217 1981 5290 κατεσιγάσθη,

412 5287 647 5346 subinde
671 5304 814 5343 unus
850 5287 954 5343 ms.
987 5287 1193 5343 αύτόθιζ

480 5358 594 5429 (72)
628 5355 1096 5431 Sic_mss.__multi.
1133 5358 1373 5429 Utraque
1416 5359 1585 5431 editio
1628 5360 1821 5431 ίμέρῳ.
1871 5361 1986 5414 Ali-

410 5427 623 5501 quanto
651 5427 799 5501 infra
829 5427 999 5483 editio
1033 5427 1212 5486 Paris.
1235 5427 1444 5501 ἤκουσά
1469 5447 1549 5483 τε.
1587 5427 1665 5483 Δι’
1704 5427 1839 5487 mss.
1873 5447 1982 5485 non

409 5499 810 5571 Ρδμρὲῆλφυσά
839 5514 921 5552 σεο

483 5568 596 5640 (75)
622 5566 719 5623 εἰς
747 5584 880 5653 mss.
917 5585 1130 5653 omnes.
1174 5568 1360 5653 Editio
1398 5579 1631 5640 utraque
1658 5569 1735 5653 ξος
1758 5570 1981 5653 ’πυράνε

410 5650 470 5719 (ιι
506 5654 707 5707 rogum.
767 5640 1063 5709 Aliquanto
1126 5648 1250 5710 post
1298 5657 1433 5713 mss.
1476 5642 1725 5696 nonnulli
1782 5640 1886 5695 ποῦ
1927 5645 1980 5695 αἱ

414 5708 702 5763 ιιολιϐίδες..

518 5728 570 5763 ιο
578 5728 702 5763 ιοες..

414 5726 795 5876 θοξξῖᾇοῖῗέὶιει
834 5781 935 5839 hoc
962 5781 1147 5843 dicere
1169 5784 1343 5840 voluit
1382 5801 1394 5836 :
1432 5784 1745 5847 Sceleratus
1769 5783 1979 5854 ille(sic

2094 5085 2395 5149 martyrem
2422 5078 2675 5147 vocabat)
2695 5077 2884 5148 [quem
2918 5076 3155 5149 fructum
3176 5076 3403 5149 referet
3448 5088 3523 5149 ex_
3566 5092 3671 5131 sua

2132 5144 2414 5214 ertinacia,
2443 5150 2490 5204 si
2522 5144 2689 5203 semel
2714 5144 2966 5202 mortuus
2992 5147 3195 5202 fuerit?
3218 5144 3406 5213 Neque
3434 5146 3580 5202 enim
3610 5149 3667 5203 in

2132 5166 2414 5214 erunacra,
2443 5166 2490 5204 ει
2522 5166 2689 5203 semel
2714 5166 2966 5202 mortuus
2992 5166 3155 5202 ruerit
3178 5166 3194 5199 ι
3218 5166 3406 5213 neque
3434 5166 3580 5202 enim
3610 5166 3667 5203 In

2094 5166 2237 5273 Ranc
2260 5220 2425 5272 vitam
2457 5234 2652 5275 rursus
2679 5218 2899 5282 redibit,
2927 5218 3048 5287 ejus
3078 5224 3137 5271 ut
3167 5218 3380 5287 gaudiis
3408 5216 3668 5285 perfru2~

2094 5298 2203 5354 tnr,
2235 5304 2413 5360 neque
2444 5297 2623 5360 tamen
2650 5288 2759 5343 ulla
2792 5288 2909 5360 alia
2946 5289 3060 5360 vita
3092 5296 3196 5360 est,
3223 5303 3332 5360 qua
3365 5287 3471 5340 frui
3506 5288 3638 5341 dein

2093 5375 2221 5428 ceps
2243 5357 2436 5429 possit.
2472 5358 2667 5429 Magna
2704 5373 2845 5429 sane
2896 5358 3137 5412 hominis
3186 5357 3358 5428 impii,
3411 5371 3514 5412 nec
3564 5374 3672 5412 una

2093 5428 2419 5501 quanisatis
2448 5428 2697 5501 deflenda
2724 5428 2964 5501 caecitas.

2166 5498 2280 5569 (75)
2314 5499 2468 5555 Unus
2491 5499 2663 5554 codex
2688 5501 2717 5552 6
2752 5499 2851 5569 μὲν
2887 5496 3132 5569 τοιαῦτα.

2166 5567 2278 5641 (76)
2302 5570 2444 5624 Editi
2463 5578 2519 5624 et
2543 5585 2679 5624 mss.
2708 5567 2865 5622 multi
2883 5567 3049 5641 dum.
3074 5568 3228 5641 Colb.
3249 5567 3669 5641 tertiusq/uxﬂy.

2093 5637 2289 5695 Statim
2345 5641 2455 5695 duo
2478 5655 2611 5695 mss.
2646 5641 2743 5693 ml.
2766 5640 2846 5692 ού.
2884 5637 3091 5693 Vocula
3123 5639 3216 5691 καί
3249 5640 3304 5693 in
3330 5637 3495 5695 editis
3524 5637 3581 5692 et
3600 5637 3672 5699 in

2090 5711 2214 5765 aliis
2243 5710 2570 5779 quibusdam
2593 5725 2728 5765 mss.
2758 5710 2930 5764 deest.

2159 5780 2270 5850 (77)
2294 5781 2515 5852 Antiqui
2537 5781 2646 5839 duo
2672 5781 2801 5851 libri
2828 5780 3236 5849 προσεκαλεῖτο.
