4036 6236
356 258 485 333 591'

1388 282 1679 339 HOMILIA
1715 283 1782 337 IN
1827 280 2145 339 GORDIUM
2194 279 2609 336 MARTYREM.

3531 274 3636 331 509

369 394 513 450 ’Δντὶ
560 395 669 448 τῶν
709 394 1019 466 μωλώπων,
1070 398 1178 451 τῶν
1226 400 1679 471 ἐπανισταμένων
1718 400 1796 472 τῷ
1838 400 1941 453 σώ-

2048 398 2334 463 vibicibus,
2364 398 2418 451 in
2459 410 2691 468 corpore
2721 396 3117 459 eminentibus,
3143 392 3198 449 in
3229 392 3636 449 resurrectione

355 502 511 552 ιιατι,
555 486 818 555 φωτεινὸν
862 486 1067 559 ἔνδυμα
1094 491 1229 560 ἡμῖν
1262 490 1321 544 ἐν
1348 494 1415 563 τῇ
1464 492 1756 546 ἀναστάσει
1784 494 1947 546 ἐπαν-

353 575 546 650 θήσει·
593 574 848 647 ἀντὶ’τῆς
890 580 1118 651 ἀτιμίας
1159 582 1452 653 στέφανοι,
1506 585 1627 637 ἀντὶ
1669 585 1947 656 δεσμωτη-

357 668 475 739 ρίου
502 667 614 741 (78)
645 669 1013 742 παράδεισος,
1051 672 1171 726 ἀντὶ
1194 676 1294 746 τῆς
1326 675 1468 747 μετὰ
1486 676 1594 730 τῶν
1623 677 1947 748 κακούργων

350 759 655 831 καταδίκης
690 763 724 830 ἡ
758 765 876 833 μετ’
906 764 1156 832 ἀγγέλων
1186 766 1453 842 διαγωγή.
1481 769 1751 840 Σπείρατε
1779 770 1947 824 πολλά

354 853 418 905 ἐν
445 853 570 923 ἐμοὶ
600 853 693 907 ἵνα
739 852 944 926 θερίσω
980 856 1437 916 πολλαπλασίονα.
1495 862 1583 925 Ὠς
1619 862 1676 915 δέ
1705 865 1819 927 τοῖς
1850 880 1945 932 φο-

356 945 538 1018 ϐεροῖς
559 946 703 1000 ἐλεῖν
731 948 894 1002 αὐτὸν
916 949 1018 1002 οὐκ
1042 951 1305 1021 ἠδύναντο
1334 952 1473 1025 (79),
1497 953 1592 1006 καὶ
1619 953 1682 1005 τὸ
1712 956 1947 1026 πρᾶγμα

353 1036 639 1106 ἀμήχανον
665 1031 757 1108 ἦν,
810 1038 1205 1107 μεταϐαλόντες
1235 1040 1530 1097 ἐθώπευον.
1564 1044 1800 1116 Τοιαύτη
1839 1045 1947 1116 γάρ

352 1129 389 1196 ή
419 1124 518 1181 τοῦ
553 1126 803 1182 διαϐόλου
848 1129 1135 1198 μεθοδείαο
1184 1132 1275 1185 τόν
1298 1133 1472 1188 δειλὸν
1499 1135 1818 1206 ἐκπλήσσει,
1856 1138 1948 1189 τὸν

350 1215 602 1288 ἀνδρεῖον
643 1218 932 1289 μαλάσσει.
985 1220 1174 1275 Ὀποῖα
1218 1217 1288 1292 ἦν
1341 1222 1436 1275 καὶ
1475 1224 1544 1277 τά
1586 1223 1706 1275 τότε
1750 1223 1945 1294 τεχνά-

352 1307 544 1382 σματα
572 1311 668 1365 τοῦ
702 1312 1035 1384 κακούργου.
1082 1313 1299 1386 Ἐπειδὴ
1339 1314 1449 1387 γάρ
1477 1311 1615 1371 εἶδεν
1643 1317 1755 1389 (80)
1786 1319 1948 1372 αὐτὸν

349 1403 456 1455 οὐκ
492 1402 768 1458 ἐνδιδόντα
803 1407 923 1468 ταῖς
952 1405 1227 1472 ἀπειλαῖς,
1257 1407 1498 1472 ἀπάταις
1523 1407 1684 1462 αὐτὸν
1722 1410 1818 1463 καὶ
1862 1410 1948 1463 δε-

349 1492 627 1564 λεάσμασι
690 1494 999 1564 περιελθεῖν
1057 1496 1337 1566 ἐπειρᾶτο.
1390 1498 1503 1552 Καὶ
1561 1499 1773 1572 δωρεὰς
1824 1501 1949 1556 καθ-

348 1588 690 1657 υπισχνεῖτο,
730 1587 829 1651 τὰς
851 1588 908 1642 δέ
940 1589 1134 1655 ἐδίδου,
1175 1591 1270 1643 καὶ
1305 1589 1469 1655 ἄλλας
1504 1593 1657 1666 παρά
1685 1593 1948 1665 βασιλέως

345 1674 503 1747 1Ιξξειν
526 1678 849 1750 διηγγυᾶτο,
882 1681 983 1751 τὴν
1023 1684 1081 1736 ἐν
1112 1683 1372 1756 στρατείᾳ
1405 1687 1787 1757 περιφάνειαν,
1818 1705 1945 1759 χρη-

351 1769 542 1839 μάτων
570 1771 795 1841 πόρους,
826 1774 936 1827 πᾶν
971 1774 1000 1827 ὅ
1029 1791 1081 1828 τι
1112 1774 1178 1828 ἂν
1217 1775 1479 1847 βούλοιτο.

422 1860 478 1915 6.
535 1862 760 1936 Ἐπειδὴ
799 1865 859 1918 δέ
902 1866 1247 1938 ἀπετύγχανε
1292 1870 1391 1939 τῆς
1438 1870 1637 1943 πείρας
1669 1869 1947 1937 (ἀκούσας

348 1953 602 2026 τάρττῶν
638 1956 990 2026 ὑποσχέσεων
1017 1960 1045 2011 ό
1076 1960 1365 2031 μακάριος,
1393 1962 1757 2031 κατεγέλασεν
1780 1961 1945 2017 αὐτοῦ

346 2043 448 2113 τῆς
462 2043 671 2107 ἀνοίας,
690 2045 745 2097 εἴ
772 2043 885 2114 (81)
912 2062 966 2098 τι
998 2048 1211 2117 νομίζοι
1242 2047 1516 2119 βασιλείας
1547 2051 1793 2123 οὐρανῶν
1821 2055 1947 2107 ἀντ-

348 2134 500 2201 άξιον
549 2136 794 2208 δώσειν),
834 2137 956 2192 τότε
997 2138 1063 2209 δὴ
1114 2140 1389 2212 ἀφόρητος
1418 2138 1487 2214 ἦν
1515 2142 1594 2214 τῷ
1639 2143 1817 2215 θυμῷ,
1853 2147 1947 2200 καὶ

350 2227 504 2298 ξίφος
551 2228 822 2301 ἐγύμνου,
872 2232 969 2284 καὶ
1009 2232 1102 2286 τὸν
1151 2233 1344 2304 δήμιον
1389 2237 1796 2307 παρεστήσατο,
1853 2240 1945 2291 καὶ

348 2320 495 2391 χειρὶ
526 2321 626 2374 καὶ
669 2319 895 2394 γλώσσῃ
928 2323 1226 2392 μιαιφονῶν
1263 2323 1479 2397 θανάτῳ
1510 2326 1831 2391 κατεδίκαζε
1852 2330 1945 2382 τὸν

350 2411 647 2484 μακάριον.
700 2413 1004 2467 Μετέϐαινε
1060 2414 1118 2468 δὲ
1172 2417 1280 2470 πᾶν
1329 2417 1391 2470 τὸ
1439 2418 1667 2490 θέατρον
1718 2421 1811 2478 ἐπὶ
1852 2421 1944 2475 τὸν

357 2502 526 2557 τόπον
541 2501 757 2557 τοῦτον·
793 2505 890 2557 καὶ
916 2505 1040 2559 ὅσον
1072 2504 1392 2578 λειπόμενον
1405 2504 1473 2579 ἦν
1489 2511 1597 2565 τῶν
1620 2511 1941 2583 οἰκητόρων,

348 2595 582 2667 ἐκχυθὲν
608 2596 742 2667 ’πρὸ
787 2596 884 2650 τοῦ
917 2597 1150 2669 τείχους,
1184 2598 1330 2675 ἐώρα
1374 2601 1436 2654 τὸ
1467 2602 1611 2672 μέγα
1645 2605 1821 2665 ἐκεῖνο
1851 2605 1945 2657 καὶ

347 2686 645 2757 ἐναγώνιον
698 2688 914 2760 θέαμα,
970 2690 1032 2743 τὸ
1082 2689 1393 2762 θαυμαστὸν
1425 2692 1519 2747 καὶ
1564 2693 1816 2767 ἀγγέλοις
1848 2696 1944 2749 καὶ

349 2781 499 2852 πάσῃ
536 2781 656 2853 (82)
692 2785 758 2854 τῇ
790 2783 987 2847 κτίσει,
1029 2784 1289 2858 ὀδυνηρὸν
1311 2785 1391 2856 τῷ
1424 2786 1673 2859 διαϐόλῳ,
1710 2790 1806 2842 καὶ
1846 2807 1945 2863 φο·-

348 2870 509 2943 ϐερὸν
559 2871 835 2942 δαίμοσιν.
896 2872 1169 2946 Ἐκενώθη
1196 2875 1303 2929 τῶν
1344 2877 1648 2949 οἰκητόρων
1693 2880 1725 2950 ἡ
1765 2880 1941 2945 πόλις,

351 2963 539 3036 ὥσπερ
575 2965 726 3030 τινὸς
753 2965 1045 3038 ῥεύματος,
1080 2970 1173 3021 τοῦ
1203 2969 1441 3042 πλήθους
1468 2971 1679 3044 ἀθρόως
1718 2975 1811 3028 ἐπὶ
1853 2976 1944 3029 τὸν

349 3055 743 3160 τόπονιτοῦων
772 3062 1187 3130 μταρῤυέντος.
1223 3062 1299 3114 Ού
1325 3060 1464 3135 γυνὴ
1498 3064 1821 3132 κατεδέξατο
1843 3067 1944 3138 τῆς
1971 3101 2013 3160 C

352 3148 478 3213 θέας
512 3148 631 3220 (83)
666 3149 1081 3223 ἀπολειφθῆναι,
1120 3153 1220 3207 οὐκ
1252 3154 1390 3226 ἀνὴρ
1436 3155 1654 3228 ἀφανὴς·
1685 3157 1717 3228 ἢ
1751 3159 1944 3231 ἐπίση-

355 3260 471 3312 μος.
515 3242 829 3308 Ἐξέλειπον
854 3243 953 3308 τὰς
988 3245 1236 3315 φυλακὰς
1269 3247 1377 3302 τῶν
1398 3250 1561 3303 οἴκων
1593 3253 1641 3304 οἱ
1667 3250 1906 3321 φύλακες
1925 3271 1938 3283 ·

352 3334 616 3390 ἄκλειστα
650 3336 752 3406 μὲν
778 3332 847 3407 ἦν
870 3337 985 3390 τῶν
1014 3337 1273 3410 ἐμπόρων
1303 3339 1371 3392 τά
1399 3340 1735 3415 ἐργαστήρια
1754 3359 1769 3375 ο
1807 3345 1947 3417 διέῤ⁴

355 3429 516 3499 ριπτο
539 3427 597 3481 δὲ
624 3428 769 3482 κατά
794 3429 892 3499 τὴν
931 3429 1139 3501 ἀγορὰν
1170 3429 1240 3484 τά
1286 3430 1424 3485 ὥνια
1445 3448 1459 3463 ο
1493 3434 1593 3504 μία
1632 3433 1691 3486 δὲ
1725 3435 1945 3491 πάντων

352 3519 571 3589 φυλακὴ
601 3518 697 3572 καὶ
726 3518 1020 3589 ἀσφάλεια,
1052 3521 1114 3574 τὸ
1146 3520 1357 3586 πάντας
1382 3524 1583 3594 ὁμοίως
1610 3524 1943 3593 ὑπεξελθεῖν,

354 3613 447 3667 καὶ
478 3612 619 3684 μηδὲ
647 3613 1340 3691 κακοῦργονέναπομεῖναι
1367 3619 1433 3688 τῇ
1470 3617 1642 3672 πόλει.
1687 3619 1948 3674 Κατέλει-

352 3722 453 3759 πον
483 3704 683 3770 δοῦλοι,
705 3705 979 3760 δεσποτῶν
1007 3706 1302 3777 θεραπείας
1322 3725 1336 3738 ’
1374 3709 1468 3763 καὶ
1499 3709 1623 3764 ὅσον
1666 3710 1816 3776 ξένον
1851 3711 1943 3765 τοῦ

352 3798 565 3880 δήμου,
621 3798 718 3851 καὶ
756 3799 883 3852 ὅσον
942 3797 1230 3872 ἐγχώριον,
1277 3794 1378 3855 ὧδε
1430 3803 1615 3875 παρῆν
1662 3804 1800 3878 πρὸς
1854 3806 1946 3875 τὸν

356 3887 542 3959 ἄνδρα.
591 3887 729 3940 Τότε
759 3887 856 3941 καὶ
888 3888 1156 3959 παρθένος
1195 3889 1373 3960 ὅψεως
1413 3892 1660 3964 ἀρρένων
1693 3895 1948 3948 κατατολ-

358 3980 601 4049 μήσασα,
632 3979 727 4032 καὶ
753 3979 1069 4053 πρεσϐύτης
1109 3981 1204 4035 καὶ
1232 3983 1514 4054 ἄρρωστος
1538 3983 1637 4055 τὴν
1660 3984 1947 4040 ἀσθένειαν

359 4068 702 4147 βιασάμενοι,
734 4069 840 4135 ἔξω
870 4071 966 4126 τοῦ
994 4072 1205 4144 τείχους
1244 4068 1405 4145 ἦσαν.
1436 4075 1574 4147 Ἤδη
1601 4076 1660 4129 δέ
1690 4077 1946 4150 ὁρμῶντα

360 4164 497 4234 πρὸς
527 4165 632 4237 τὴν
661 4165 751 4219 διά
786 4165 883 4219 τοῦ
922 4165 1153 4221 θανάτου
1187 4166 1332 4240 ζωὴν
1359 4168 1450 4222 τὸν
1480 4170 1753 4243 μακάριον
1798 4189 1948 4244 περι-

361 4257 584 4321 στάντες
609 4259 662 4311 οί
717 4258 1032 4330 ἐπιτήδειοι,
1060 4262 1541 4331 περιεπτύσσοντο,
1590 4254 1948 4335 ποτνιώμενοι

361 4350 454 4404 καὶ
477 4350 551 4404 τὰ
586 4351 874 4406 τελευταῖα
917 4352 1391 4426 κατασπαζόμενοι
1417 4354 1529 4425 (84)
1555 4372 1568 4385 ’
1606 4357 1701 4410 καὶ
1744 4356 1946 4429 θερμὸν

1972 1752 2021 1814 Β

2048 490 2251 544 amictu
2295 489 2480 544 lucido
2510 486 2801 542 induemur
2831 505 2844 541 :
2875 502 2975 557 pro
3019 485 3339 558 ignominia,
3378 497 3632 539 corona:

2046 593 2146 649 pro
2174 593 2416 640 carcere,
2446 579 2737 649 paradisus
2767 597 2779 631 :
2816 578 2863 633 si
2902 575 3338 631 condemnamur
3368 588 3493 628 eum
3519 587 3638 627 ma-

2047 668 2237 734 lelicis,
2285 670 2534 724 vivemus
2579 684 2703 723 cum
2750 667 2983 739 angelis.
3026 665 3195 721 Multa
3237 664 3293 718 in
3325 679 3413 719 me
3448 664 3632 723 serite.

2046 767 2108 815 ut
2155 770 2353 818 metam
2408 777 2643 817 messem
2684 761 3063 832 multiplicem.
3108 757 3246 813 Cum
3287 766 3467 811 autem
3521 769 3633 810 non

2047 866 2269 926 possent
2298 871 2423 912 eum
2454 858 2762 911 terroribus
2789 867 3131 926 expugnare,
3151 863 3354 921 resque
3375 847 3493 902 fieri
3521 859 3634 900 non

2048 955 2266 1018 posset;
2305 956 2514 1003 mutato
2550 949 2784 1004 consilio
2822 946 3105 1003 blanditiis
3151 941 3629 1014 aggrediebantur.

2047 1039 2179 1096 Tale
2220 1049 2306 1098 est
2345 1042 2490 1097 enim
2536 1038 3102 1102 artiﬁcium‘diaboli,
3132 1036 3384 1090 timidum
3420 1039 3633 1103 perter-

2048 1130 2262 1195 refacit,
2300 1131 2497 1187 fortem
2530 1132 2760 1189 emollit.
2806 1128 3089 1201 Ejusmodi
3123 1133 3282 1181 erant
3328 1130 3461 1177 tunc
3494 1134 3633 1188 quo-

2048 1240 2155 1295 que
2184 1225 2414 1280 maleﬁci
2447 1224 2698 1298 praesidis
2751 1222 3032 1280 versutia}.
3077 1219 3236 1278 Nam,
3271 1221 3634 1287 posteaquam

2047 1315 2185 1369 vidit
2231 1333 2355 1372 eum
2413 1319 2578 1373 minis
2628 1315 2766 1371 nihil
2805 1314 3021 1376 cedere,
3062 1311 3203 1365 dolis
3243 1308 3423 1379 ipsum
3467 1313 3632 1371 atque

2050 1409 2323 1464 illecebris
2350 1408 2751 1464 circumvenire
2801 1415 3054 1461 conatur.
3089 1401 3462 1456 Pollicebatur
3506 1410 3629 1448 mu-

2048 1516 2201 1556 nera.
2238 1501 2356 1556 Alia
2389 1501 2574 1565 dabat,
2611 1500 2715 1554 alia
2743 1498 2812 1553 ab
2834 1499 3164 1568 imperatore
3192 1488 3478 1547 tribuenda
3507 1501 3632 1541 esse

2049 1594 2423 1666 promittebat,
2467 1592 2648 1646 locum
2706 1590 2760 1644 in
2806 1589 3000 1643 militia
3036 1587 3328 1649 illustrem,
3384 1578 3630 1651 largitio-

2048 1706 2172 1746 nem
2211 1686 2590 1760 pecuniarum,
2625 1682 2886 1755 quidquid
2918 1681 3066 1736 velit.

2118 1873 2169 1928 6.
2215 1871 2320 1927 Sed
2352 1885 2476 1925 cum
2511 1870 2711 1924 frustra
2758 1872 3061 1921 tentaretur
3089 1860 3333 1933 (auditis
3355 1859 3500 1914 enim
3543 1858 3630 1915 bis

2046 1962 2557 2036 pollicitationibus,
2610 1962 2695 2016 vir
2756 1960 2949 2015 beatus
3000 1957 3250 2028 praesidis
3296 1954 3628 2011 dementiam

2046 2056 2238 2121 irrisit,
2278 2062 2323 2111 sl
2356 2054 2485 2126 quid
2523 2053 2671 2125 quod
2709 2069 2834 2108 cum
2881 2067 3052 2123 regno
3095 2050 3361 2104 cmlorum
3409 2060 3631 2115 compa-

2044 2150 2158 2202 rari
2215 2148 2414 2219 possit,
2460 2147 2717 2201 daturum
2771 2161 2830 2201 se
2870 2142 3318 2213 arbitraretur),
3368 2147 3485 2194 tum
3535 2140 3630 2192 ἱνα»

2046 2239 2322 2310 impotens
2368 2247 2508 2301 erat,
2535 2244 2589 2292 et
2618 2236 2860 2308 gladium
2889 2234 3273 2305 distringebat,
3300 2238 3354 2286 et
3380 2231 3628 2285 lictorem

2044 2331 2280 2401 ponebat
2312 2330 2383 2386 ob
2429 2329 2640 2393 oculos,
2673 2336 2726 2383 et
2775 2344 2872 2398 per
2906 2342 3127 2381 manum
3164 2334 3217 2379 et
3266 2338 3363 2395 per
3386 2323 3631 2392 linguam

2044 2423 2191 2479 caede
2216 2439 2276 2479 se
2311 2422 2718 2485 contaminans,
2744 2420 2920 2473 virum
2952 2420 3171 2473 beatum
3205 2416 3366 2471 morti
3399 2414 3625 2469 addixit.

2043 2513 2256 2569 Interea
2286 2514 2350 2568 ad
2380 2513 2527 2567 hunc
2573 2512 2753 2565 locum
2786 2509 3043 2564 transivit
3092 2511 3369 2562 theatrum
3425 2519 3625 2569 omne;

2044 2615 2098 2661 et
2126 2610 2399 2675 quotquot
2425 2603 2619 2673 reliqui
2658 2611 2814 2658 erant
2844 2601 3058 2664 incolae,
3114 2614 3215 2672 pro
3250 2597 3526 2653 iuuenibus
3551 2593 3630 2649 ef-

2043 2695 2173 2761 fusi,
2211 2710 2470 2767 magnum
2540 2694 2674 2749 illud
2723 2702 2776 2749 et
2830 2693 3196 2764 palaestricum
3256 2687 3629 2761 spectaculum

2046 2792 2349 2848 cernebant
2383 2810 2396 2846 :
2430 2789 2575 2861 quod
2611 2796 2730 2844 erat
2759 2796 2813 2844 et
2844 2787 3057 2859 angelis
3094 2794 3149 2842 et
3183 2791 3453 2840 creatura:
3481 2782 3628 2835 omni

2045 2885 2449 2949 admirandum,
2491 2884 2800 2937 luctuosum
2844 2881 3087 2944 diabolo,
3131 2876 3473 2933 daemonibus
3515 2874 3622 2928 for-

2045 2976 2385 3033 midandum.
2420 2973 2608 3030 Vacua
2647 2973 2862 3029 civibus
2891 2972 3082 3029 ell‘ecta
3111 2977 3196 3027 est
3233 2969 3450 3029 civitas,
3487 2964 3629 3021 mni-'-

2046 3070 2282 3126 titudine
2330 3070 2627 3125 acervatim
2678 3066 2920 3122 ﬂuminis
2956 3067 3132 3121 instar
3161 3065 3216 3119 in
3266 3064 3412 3117 hunc
3449 3062 3628 3115 locum

2045 3168 2481 3218 transcurrente.
2516 3159 2635 3215 Non
2666 3158 2770 3213 fuit
2806 3157 3028 3222 mulier,
3060 3172 3182 3227 quae
3232 3171 3262 3209 a
3303 3153 3460 3226 147
3507 3169 3629 3224 spe-

2043 3251 2259 3306 ctaculo
2299 3250 2492 3306 abesse
2517 3249 2775 3316 voluerit,
2809 3263 2917 3303 non
2951 3248 3037 3302 vir
3065 3248 3361 3310 obscurus,
3389 3251 3483 3298 aut
3507 3244 3632 3297 illu-

2046 3344 2179 3400 stris
2213 3341 2410 3397 abl‘uit.
2448 3339 2742 3397 Custodias
2792 3338 3052 3396 custodes
3083 3339 3372 3393 domorum
3407 3336 3631 3391 desere-

2047 3433 2211 3500 bant;
2246 3440 2447 3504 aperta:
2475 3438 2634 3487 erant
2664 3442 3034 3485 mercatorum
3064 3430 3339 3493 tabernae;
3373 3427 3631 3496 jacebant

2046 3527 2101 3580 in
2133 3525 2253 3582 foro
2276 3541 2366 3581 res
2402 3525 2657 3591 venales;
2683 3538 2792 3578 una
2815 3524 3063 3578 omnium
3109 3528 3229 3577 erat
3274 3521 3526 3575 custodia
3566 3537 3630 3574 ac

2048 3618 2338 3682 securitas,
2363 3616 2565 3673 exiisse
2589 3631 2783 3670 omnes
2807 3614 3110 3685 aequaliter,
3134 3620 3189 3669 et
3218 3628 3286 3668 ne
3315 3628 3485 3667 unum
3509 3613 3633 3683 qui-

2046 3709 2168 3763 dem
2196 3708 2503 3763 maleﬁcum
2536 3707 2594 3761 in
2643 3706 2779 3760 urbe
2834 3704 3187 3759 remansisse.
3222 3701 3631 3773 Rclinquebant

2047 3800 2190 3856 servi
2216 3800 2563 3856 dominorum
2592 3797 2919 3863 ministeria;
2938 3797 3369 3867 etquodcunque
3389 3795 3599 3865 peregri
3613 3825 3631 3834 ς

2047 3907 2244 3947 norum
2273 3898 2369 3947 aut
2390 3890 2769 3961 indigenarum
2798 3888 2935 3953 erat,
2980 3902 3141 3943 omne
3174 3887 3225 3942 id
3264 3889 3367 3942 hoc
3404 3887 3458 3941 in
3509 3887 3640 3942 loco

2048 3986 2114 4041 ad
2176 3986 2355 4040 virum
2422 3983 2875 4054 conspiciendum
2946 3983 3184 4039 astabat.
3241 3980 3397 4036 Tunc
3463 3981 3628 4042 etiam

2047 4078 2201 4148 virgo
2235 4076 2470 4131 marium
2500 4077 2773 4133 sustinere
2813 4082 3096 4145 aspectum
3129 4088 3265 4130 ausa
3305 4081 3411 4140 est,
3438 4088 3632 4130 senex-

2046 4185 2154 4242 que
2192 4180 2246 4225 et
2289 4170 2563 4235 inlirmus,
2619 4170 2770 4225 illata
2822 4170 2874 4225 vi
2926 4167 3218 4232 debilitati,
3278 4174 3433 4223 erant
3476 4172 3630 4220 extra

2047 4278 2258 4317 muros.
2284 4259 2405 4315 Jam
2440 4262 2603 4333 igitur
2638 4261 2814 4316 virum
2862 4262 3082 4316 beatum
3130 4266 3308 4315 morte
3355 4259 3422 4313 ad
3463 4259 3637 4319 vitam

2049 4363 2431 4425 properantem
2474 4355 2901 4410 circumstantes
2954 4352 3118 4408 amici
3170 4367 3294 4407 cum
3340 4350 3635 4424 gemitibus

360 4442 445 4495 ἐπ’
475 4443 629 4514 αὐτῷ
657 4442 892 4517 δάκρυον
915 4445 1188 4513 ἀφιέντες,
1219 4444 1459 4500 ἱκέτευον
1496 4447 1572 4518 μὴ
1607 4447 1943 4518 παραδοῦναι

2048 4443 2544 4513 amplectebantur,
2605 4457 2669 4497 ac
2721 4451 3023 4499 extremam
3076 4444 3309 4498 salutem
3352 4442 3628 4503 dicebant,

358 4534 551 4601 ἑαυτὸν
590 4535 674 4607 τῷ
714 4538 868 4610 πυρὶ,
907 4538 981 4609 μὴ
1028 4538 1416 4611 παραναλῶσαι
1463 4539 1658 4594 ἑαυτοῦ
1688 4541 1787 4613 τὴν
1831 4541 1944 4595 νεό-

357 4644 517 4697 τητα,
550 4628 625 4701 μὴ
651 4631 970 4683 καταλιπεῖν
994 4632 1085 4684 τὸν
1110 4631 1314 4700 γλυκὺν
1337 4633 1526 4688 τοῦτον
1552 4633 1725 4703 ἥλιον.
1758 4632 1945 4686 Ἀλλοι

357 4719 414 4772 δὲ
446 4720 783 4791 συμϐουλαῖς
822 4723 1077 4788 πιθαναῖς
1108 4722 1408 4796 ἐπειρῶντο
1442 4723 1938 4797 παραλογίζεσθαι·

372 4812 607 4884 Ῥήματι
644 4816 793 4886 μόνῳ
816 4817 939 4870 εἰπὲ
964 4816 1064 4889 τὴν
1110 4817 1359 4890 ἄρνησιν,
1402 4819 1546 4890 ψυχῇ
1598 4818 1655 4873 δὲ
1699 4819 1790 4890 ἔχε
1842 4821 1941 4891 τὴν

360 4904 542 4957 πίστιν
562 4906 641 4970 ὡς
682 4905 750 4960 ἂν
782 4907 993 4979 ἐθέλῃς.
1034 4909 1257 4973 Πάντως
1285 4910 1405 4980 οὐχὶ
1432 4912 1497 4981 τῇ
1528 4910 1750 4984 γλώσσῃ
1776 4928 1945 4982 προσ-

430 5037 545 5109 (78)
571 5036 709 5111 Reg.
750 5039 966 5109 primus
997 5038 1411 5111 δεσμωτηρίων.
1441 5039 1581 5110 [Mox
1614 5040 1770 5098 Colb.
1827 5043 1945 5110 pri-

361 5122 483 5163 mus
512 5109 789 5164 σπείρετε.

430 5180 542 5252 (79)
570 5179 716 5252 εδιιί
759 5180 1010 5251 ἠδύνατο.
1037 5181 1107 5235 At
1134 5197 1269 5237 mss.
1306 5181 1417 5252 duo
1470 5181 1722 5252 ἠδύνατο,
1779 5192 1949 5238 recte.

430 5249 727 5323 (80iColb.
760 5248 972 5323 primus
1002 5252 1188 5323 ἐπειδὴ
1218 5252 1327 5323 γάρ
1368 5248 1530 5305 οἶδεν..
1570 5252 1767 5323 Statim
1815 5254 1948 5308 editi

362 5321 608 5409 589°le
626 5320 847 5409 Ριῖὶηίιιε
884 5320 1226 5409 Midam.
1248 5320 1642 5409 mersisse-A2
1667 5320 1823 5409 Bos“
1846 5326 1951 5392 ντί-

362 5405 482 5445 mus
513 5399 571 5464 et
590 5394 792 5447 tertius
827 5392 1143 5448 cumCoisl.
1177 5401 1233 5464 et
1269 5392 1392 5446 cum
1426 5393 1583 5449 Colb.
1614 5392 1949 5464 δελεάσμασι

363 5461 687 5533 περιελθεῖν,
720 5464 1123 5522 circumvenire.
1155 5463 1431 5532 decipere;
1457 5472 1512 5518 et
1546 5464 1622 5517 ita
1653 5461 1951 5531 scripéisse

362 5533 638 5605 putandus
681 5542 772 5605 est
802 5533 1064 5605 Basilius.
1118 5534 1373 5605 Subinde
1418 5534 1574 5605 Colb.
1634 5534 1847 5605 primus
1896 5544 1951 5590 et

362 5600 526 5677 Cois].
555 5603 1035 5677 aapd‘pactliémv,
1071 5600 1749 5677 abimperatotibuaJAlii
1811 5620 1946 5660 mss.

361 5682 406 5746 et
437 5673 570 5727 editi
596 5672 752 5746 παρᾶ
779 5675 1069 5744 βασιλέως,
1107 5674 1173 5727 ab
1203 5676 1540 5744 imperatore.
1580 5672 1790 5746 Ibidem
1815 5677 1946 5729 editi

360 5740 790 5815 ἆιηγγυᾶτο.Ἀι’
808 5761 949 5801 mss.
980 5746 1134 5800 multi
1160 5740 1285 5802 sine
1311 5756 1604 5819 augmemo
1638 5745 1822 5815 διεγγυ
1832 5748 1944 5802 ἄτθ’

2047 4547 2212 4605 atque
2262 4532 2453 4589 eﬂusis
2521 4534 2891 4611 ferventibus.
2927 4534 3217 4604 lacrymis,
3266 4532 3633 4604 precabantur.

2047 4641 2116 4680 ne
2138 4636 2310 4681 semet
2341 4625 2582 4681 traderet
2610 4626 2745 4697 igni,
2782 4644 2849 4683 ne
2882 4642 3038 4682 suam
3089 4620 3404 4681 absumeret
3427 4624 3628 4693 juven:

2047 4725 2242 4784 tutem,
2299 4734 2369 4773 ne
2414 4719 2725 4789 jucundum
2770 4718 2918 4773 hunc
2974 4718 3144 4773 solem
3199 4715 3625 4783 derelinqueret.

2048 4812 2152 4866 Alii
2184 4812 2433 4869 consiliis
2487 4811 2556 4866 ad
2588 4812 3029 4884 persuadendum
3062 4809 3274 4864 idoneis
3322 4823 3447 4863 eum
3483 4806 3632 4861 doci-

2048 4919 2176 4974 pere
2208 4904 2525 4959 nitebantur
2559 4923 2572 4959 :
2616 4902 2765 4976 Nega
2790 4903 2958 4958 verbo
2988 4903 3141 4967 solo;
3171 4902 3224 4955 in
3256 4899 3441 4954 animo
3466 4913 3628 4960 vero.

2121 5045 2231 5114 (8|)
2264 5045 2419 5100 Colb.
2442 5046 2638 5099 tertius
2673 5044 2857 5107 ἀνοίας
2882 5042 3051 5096 εἰπὼν
3072 5043 3142 5095 εί.
3165 5037 3278 5095 Hoc
3301 5037 3422 5109 ipso
3441 5037 3494 5093 in
3512 5053 3634 5093 loco

2050 5116 2160 5169 duo
2188 5131 2321 5170 mss.
2357 5115 2588 5186 νομίζει.

2049 5186 2234 5253 Εειὸἓ)
2264 5178 2507 5255 Εάίιῖτὸί
2533 5184 2847 5255 θαυμαστὸν
2880 5183 2974 5236 καὶ
3012 5180 3272 5255 ἀγγέλοις
3323 5178 3631 5255 θαυμαστὸν

2053 5250 2342 5327 “tum.
2373 5254 2487 5309 Vox
2516 5250 2827 5327 θαυμαστόν
2861 5253 3028 5307 semel
3074 5255 3339 5311 duntaxat
3379 5250 3437 5304 in
3496 5265 3630 5303 mss.

2052 5325 2406 5396 legiturﬂtec
2438 5341 2558 5381 eam
2590 5325 2759 5395 repeti
2791 5338 3019 5396 necesse
3048 5330 3154 5377 est.

2125 5389 2239 5467 (85)
2271 5389 2367 5467 Sic
2392 5396 2517 5450 libri
2564 5389 2797 5449 veteres.
2833 5393 3183 5467 _Editi__vc_ro
3224 5391 3544 5467 κατεδέξατο
3569 5389 3635 5467 τὸ

2054 5460 2170 5537 τῆς,
2197 5460 2304 5521 elo.
2341 5466 2535 5537 Statim
2576 5465 2917 5537 unusrcodex
2948 5462 3193 5528 ἐξέλιπον
3231 5464 3396 5527 τὰς...
3432 5460 3635 5533 διερῤἱο

2056 5534 2287 5590 πτετο...
2323 5536 2616 5589 κατέλιπον
2645 5534 2843 5589 δοῦλοι.

2127 5607 2240 5677 (84)
2271 5606 2429 5662 Colb.
2469 5606 2673 5677 tertius
2691 5605 2977 5658 τελευταῖα
3012 5604 3458 5677 σίπουδαζόμενοι.
3489 5600 3641 5677 _Sla-‘

2056 5672 2152 5731 tim
2187 5672 2259 5731 ex
2290 5676 2769 5746 antiquisrduobus
2800 5677 2957 5736 libris
2988 5676 3259 5735 edendum
3289 5672 3633 5746 curavimus

2057 5748 2251 5802 ἑαυτοῦ
2287 5763 2386 5820 pro
2413 5743 2597 5803 αὐτοῦ.
2638 5746 2882 5804 Subinde
2906 5761 3046 5803 unus
3078 5764 3178 5802 ms.
3216 5747 3419 5817 ῥήματι
3448 5743 3640 5815 μόνον.Ι
