4036 6236
393 250 499 306 503

1694 246 1753 304 S.
1792 244 2039 302 BASlLll
2077 241 2291 299 MAGNl

3533 245 3638 301 504

392 372 455 418 ut
482 362 653 425 voles,
694 373 851 414 serva
891 358 1072 413 ﬁdem.
1119 356 1320 427 Utique
1382 374 1494 414 non
1548 360 1794 429 attenditf
1832 360 1969 415 Deus

2079 357 2192 427 έχει
2231 355 2384 419 Θεὸς,
2429 354 2566 408 ἀλλὰ
2593 357 2659 426 τῇ
2692 354 2901 426 διανοιᾳ
2927 355 3020 408 τοῦ
3056 354 3447 426 φθεγγομένου.
3488 358 3644 412 Οὕτω

389 454 656 525 linguam,
712 454 814 507 sed
872 450 1148 522 loquentis
1210 458 1470 505 mentem.
1530 450 1607 505 Ita
1667 452 1808 506 enim
1864 452 1963 506 tibi

390 544 577 599 licebit
630 550 684 597 et
737 541 980 612 judicem
1025 540 1294 611 mitigare,
1341 548 1398 596 et
1438 538 1610 595 Deum
1661 540 1963 611 prepitium

390 637 639 692 reddere.

464 728 516 781 7.
557 727 624 781 At
650 725 739 779 ille
767 722 1081 778 inﬂexibilis
1115 734 1235 778 erat
1276 730 1331 778 et
1368 722 1690 785 indomitus,
1730 739 1832 778 nec
1854 723 1965 778 ullo

392 820 755 876 tentationum
813 819 1014 886 impetu
1070 816 1345 871 vulnerari
1389 824 1620 885 poterat.
1668 816 1966 887 Compara-

390 911 539 967 veris
587 910 756 964 animi
809 909 983 978 ipsius
1035 910 1320 961 immotam
1370 908 1734 961 constantiam
1779 905 1964 960 domui

391 1003 680 1073 sapientis,
723 1016 887 1071 quam
941 1014 1118 1069 neque
1159 1007 1443 1054 ventorum
1484 999 1566 1053 vis
1598 997 1963 1059 intoleranda,

390 1109 569 1164 neque
601 1093 893 1148 vehemens
924 1092 1192 1145 imber'ex
1232 1091 1472 1145 nubibus
1511 1106 1827 1160 erumpens,
1868 1104 1963 1143 ne-

391 1202 499 1258 que
528 1194 798 1240 torrentes
848 1182 1031 1237 ditiusi
1080 1191 1289 1252 queunt
1334 1190 1646 1246 concutere,
1695 1183 1766 1236 ob
1798 1190 1965 1251 petrae

393 1279 705 1330 ﬁrmitatem
761 1275 827 1326 ’⁸.
897 1273 1177 1343 Ejusmodi
1228 1280 1346 1328 erat
1387 1273 1473 1327 vir
1535 1273 1646 1337 ille,
1692 1271 1811 1327 ﬁdei
1844 1287 1966 1342 quae

392 1372 449 1424 in
482 1370 764 1423 Christum
797 1376 881 1423 est
905 1368 1286 1423 fulcimentum
1318 1369 1710 1422 inconcussum
1742 1382 1963 1420 conser-

392 1477 548 1517 vans.
584 1461 648 1513 Et
690 1476 815 1515 vero
863 1460 1245 1530 spiritualibus
1300 1460 1475 1514 oculis
1522 1459 1965 1514 circumcurren-

392 1565 501 1609 tem
530 1553 801 1607 diabolutn
825 1568 949 1605 cum
982 1560 1251 1616 cerneret,
1277 1552 1643 1605 concitantem
1687 1552 1850 1604 alium
1897 1551 1965 1604 ad

394 1644 711 1714 lugendum,
761 1642 1111 1712 adjuvantem
1171 1642 1338 1695 alium
1384 1642 1451 1696 ad
1499 1640 1961 1710 persuadendum,

2071 449 2181 519 γὰρ
2213 448 2441 519 ὑπάρξει
2488 464 2570 500 σοι
2604 448 2698 500 καὶ
2726 448 2815 501 τὸν
2858 446 3051 519 κριτὴν
3083 448 3507 518 ἐκμειλίξασθαι,
3550 452 3644 505 καὶ

2071 542 2161 595 τὸν
2210 539 2342 593 Θεὸν
2387 539 2774 605 ἐξιλεώσασθαι
2809 539 2941 610 (85).

2154 728 2205 783 7.
2259 727 2316 780 Ὀ
2346 726 2402 779 δὲ
2441 726 2727 797 ἄκαμπτος
2753 719 2842 795 ἦν,
2877 723 2972 776 καὶ
3002 722 3332 794 ἀδάμαστος,
3362 724 3456 778 καὶ
3495 723 3644 795 πάσῃ

2072 819 2343 891 προσϐολῇ
2395 817 2763 890 πειρατηρίων
2801 816 3059 887 ἄτρωτος.
3094 814 3354 878 Εἰκάσαις
3385 815 3450 869 ἂν
3478 815 3643 867 αὐτοῦ

2069 914 2168 983 τῆς
2194 909 2433 974 διανοίας
2462 910 2523 962 τὸ
2567 908 2813 962 ἄσειστον
2846 912 2914 980 τῇ
2957 908 3105 979 οἰκία
3135 908 3229 960 τοῦ
3266 908 3548 979 φρονίμου,
3574 908 3645 978 ἢν

2071 1004 2193 1058 οῦτε
2226 1004 2440 1073 ἀνέμων
2470 1003 2731 1074 ἀφόρητοι
2781 1001 2914 1072 βίαι,
2966 998 3090 1055 οὔτε
3132 999 3330 1072 λάϐρον
3387 1000 3529 1071 ὕδωρ
3579 1001 3646 1053 ἐκ

2072 1096 2248 1166 νεφῶν
2291 1094 2845 1167 καταρρηγνύμενον,
2891 1091 3015 1145 οὔτε
3062 1092 3328 1164 χαράδραι
3376 1094 3645 1164 περιρρη-

2071 1186 2359 1257 γνύμεναι,
2388 1186 2474 1238 διὰ
2505 1185 2603 1255 τὴν
2633 1188 2696 1238 ἐκ
2744 1184 2843 1254 τῆς
2873 1183 3080 1254 πέτρας
3108 1182 3429 1251 ἀσφάλειαν,
3465 1183 3648 1236 Statque

2071 1279 2261 1332 λεῦσαι
2291 1277 2563 1332 δύνανται.
2600 1275 2853 1340 Τοιοῦτος
2879 1271 2947 1347 ἦν
2975 1277 3004 1328 ὁ
3031 1275 3189 1346 ἀνὴρ,
3221 1274 3512 1328 ἀσάλευτον
3530 1273 3644 1345 (86)

2070 1370 2132 1422 τὸ
2186 1367 2471 1440 στερέωμα
2505 1367 2605 1436 τῆς
2654 1368 2733 1429 εἰς
2781 1365 3015 1436 Χριστὸν
3059 1365 3295 1428 πίστεως
3346 1365 3643 1430 διασώζων.

2072 1461 2293 1513 Βλέπων
2336 1461 2449 1522 τοῖς
2498 1460 2885 1528 πνευματικοῖς
2926 1455 3223 1527 ὀφθαλμοῖς
3262 1457 3649 1527 περιτρέχοντα

2071 1553 2161 1605 τὸν
2194 1550 2458 1615 διάϐολον,
2495 1550 2587 1603 καὶ
2636 1549 2727 1602 τὸν
2761 1549 2857 1620 μὲν
2900 1547 3155 1601 κινοῦντα
3210 1548 3345 1619 πρὸς
3392 1548 3647 1619 δάκρυον,

2073 1644 2152 1714 τῷ
2207 1644 2265 1696 δὲ
2326 1641 2695 1713 συνεργοῦντα
2768 1641 2905 1711 πρὸς
2961 1639 3326 1710 πιθανότητα·
3386 1643 3499 1702 τοῖς
3548 1639 3650 1710 μὲν

394 1735 736 1804 plorantibus
788 1731 1006 1802 quidem
1062 1733 1196 1786 illud
1258 1731 1467 1786 Domini
1536 1732 1760 1786 verbum
1809 1733 1965 1799 dixit,

2073 1736 2346 1791 κλαίουσιν
2388 1730 2509 1787 εἷπε
2554 1736 2614 1787 τὸ
2647 1734 2738 1787 τοῦ
2784 1732 2989 1805 Κυρίου
3041 1733 3223 1803 ῥῆμα·
3268 1732 3363 1799 Μὴ
3412 1731 3650 1785 κλαίετε

398 1825 579 1880 Nolite
623 1825 749 1893 ﬂere
809 1840 967 1894 super
1012 1841 1092 1877 me
1136 1824 1227 1877 9"z
1269 1824 1363 1878 sed
1402 1823 1527 1878 ﬂete
1561 1840 1726 1893 super
1782 1824 1969 1881 hostes

393 1915 513 1979 Dei,
565 1916 659 1985 qui
695 1915 751 1969 in
783 1914 1002 1984 pietatis
1047 1914 1290 1969 cultores
1321 1914 1451 1967 talia
1499 1916 1722 1981 audent,
1769 1918 1970 1986 quique

393 2021 491 2077 per
523 2005 665 2061 hanc
697 2007 968 2061 ﬂammam
1000 2023 1163 2078 quam
1198 2006 1264 2061 ad
1298 2021 1401 2061 nos
1434 2008 1835 2063 comburendos
1879 2023 1970 2063 ac-

394 2099 658 2163 cendunt,
687 2099 951 2170 gehennae
977 2100 1158 2171 ignem
1206 2099 1424 2153 sibimet
1467 2108 1683 2170 parant.
1727 2098 1970 2155 Desinite

394 2189 544 2256 ﬂere,
585 2200 641 2245 et
676 2204 774 2245 cor
808 2206 988 2245 meum
1031 2190 1288 2260 atlligere.
1334 2189 1448 2260 Ego
1486 2192 1628 2245 enim
1661 2207 1768 2245 non
1802 2194 1971 2247 semel

395 2283 574 2338 solum
604 2283 744 2337 mori
772 2291 997 2352 paratus
1023 2297 1144 2337 sum
1182 2297 1279 2351 pro
1300 2283 1520 2338 nomine
1553 2282 1967 2350 DominiJesu',

396 2374 493 2430 sed
532 2384 586 2429 et
638 2374 860 2436 millies,
915 2372 968 2427 id
1027 2375 1072 2429 si
1118 2374 1231 2429 ﬁeri
1269 2384 1473 2445 posset.
1514 2374 1651 2431 Aliis
1697 2392 1825 2431 vero
1854 2377 1970 2447 qui,

393 2470 456 2516 ut
499 2461 684 2532 lingua
734 2469 975 2532 negaret,
1027 2464 1359 2527 suadebant,
1396 2466 1697 2535 respondit,
1729 2468 1971 2539 linguam

394 2572 516 2629 qua:
542 2571 571 2610 a
598 2555 819 2612 Christo
846 2564 1029 2612 creata
1059 2566 1197 2625 erat,
1222 2558 1518 2628 quidquam
1549 2559 1606 2613 in
1631 2559 1973 2616 conditorem

394 2648 550 2720 loqui
596 2661 709 2703 non
757 2663 941 2719 posse.
980 2645 1163 2703 Corde
1203 2649 1349 2703 enim
1381 2649 1660 2705 credimus
1699 2650 1768 2704 ad
1808 2651 1974 2721 justi-

394 2741 550 2804 tiam,
585 2755 680 2795 ore
708 2754 836 2794 vero
864 2738 1192 2795 conﬁtemur
1222 2739 1288 2793 ad
1322 2740 1551 2796 salutem
1586 2743 1628 2795 ².
1672 2741 1813 2796 Num
1870 2744 1975 2797 uii-

394 2829 571 2884 litaris
601 2828 814 2885 ordinis
854 2831 1140 2900 desperata
1193 2832 1345 2887 salus
1391 2831 1511 2887 est?
1550 2834 1806 2890 nullusne
1844 2850 1974 2890 cen-

396 2922 541 2976 turio
597 2921 764 2990 pius?
812 2920 1093 2977 Recordor
1161 2922 1396 2990 primum
1447 2924 1787 2979 centurionis
1829 2925 1971 2994 ejus,

394 3012 492 3082 qui
546 3010 754 3067 Christi
814 3013 968 3066 cruci
1023 3020 1234 3075 astans,
1288 3028 1355 3068 ex
1408 3015 1689 3070 miraculis
1756 3018 1974 3087 cognita

2067 1823 2160 1877 ἐπ’
2188 1824 2354 1893 ἐμοί’
2392 1822 2526 1876 ἀλλὰ
2562 1822 2832 1875 κλαύσατε
2875 1822 2968 1875 ἐπὶ
3009 1821 3135 1885 τοὺς
3168 1821 3276 1893 (87)
3324 1821 3647 1891 θεομάχους,

2069 1914 2195 1977 τοὺς
2241 1914 2311 1967 τά
2350 1912 2579 1967 τοιαῦτα
2609 1913 2924 1983 τολμῶντας
2958 1912 3097 1966 κατὰ
3124 1912 3231 1966 τῶν
3261 1912 3647 1972 εὐσεϐούντων,

2068 2005 2194 2067 τοὺς
2218 2004 2307 2057 διὰ
2333 2005 2432 2075 τῆς
2467 2003 2661 2074 φλογὸς
2695 2004 2916 2076 ταύτης,
2947 2007 3011 2076 ἢν
3044 2005 3163 2059 καθ’
3195 2006 3350 2077 ἡμῶν
3380 2007 3649 2069 καίουσιν,

2070 2097 2284 2160 ἑαυτοῖς
2333 2097 2432 2168 τῆς
2478 2097 2703 2166 γεέννης
2745 2098 2809 2150 τὸ
2858 2097 2969 2168 πῦρ
3014 2097 3459 2170 θησαυρίζοντας.
3508 2099 3653 2152 Παύ-

2073 2188 2237 2241 σασθε
2284 2187 2583 2251 κλαίοντες,
2618 2190 2712 2241 καὶ
2758 2188 3187 2260 συνθρύπτοντές
3232 2208 3334 2260 μου
3374 2190 3471 2262 τὴν
3511 2209 3651 2263 καρ-

2070 2279 2205 2334 δίαν.
2245 2279 2388 2349 Ἐγὼ
2425 2278 2535 2351 γὰρ
2580 2280 2642 2333 ού
2694 2279 2853 2350 μόνον
2899 2280 3048 2345 ἆπαξ
3097 2281 3385 2335 ἀποθανεῖν
3418 2282 3651 2354 ἑτοίμως

2072 2371 2180 2442 ἔχω
2212 2372 2351 2443 θήρ
2369 2371 2464 2427 τοῦ
2485 2372 2749 2443 ὀνόματος
2773 2371 2869 2426 τοῦ
2898 2374 3103 2445 Κυρίου
3145 2373 3340 2445 Ἰησοῦ,
3382 2373 3517 2427 ἀλλὰ
3552 2375 3650 2435 καὶ

2076 2464 2355 2536 μυριάκις,
2393 2464 2488 2518 ἐὰν
2529 2460 2639 2519 οἷόν
2684 2483 2743 2519 τε
2779 2465 2889 2535 (88)
3044 2468 3169 2530 Τοῖς
3205 2467 3262 2519 δὲ
3307 2467 3404 2538 τὴν
3435 2465 3521 2519 διὰ
3547 2467 3649 2536 τῆς

2072 2555 2324 2627 γλώσσης
2380 2557 2610 2627 ἄρνησιν
2651 2557 3079 2628 συμϐουλεύουσι
3128 2558 3380 2611 τοσοῦτον
3425 2558 3652 2628 ἀπεκρί-

2073 2664 2221 2711 νατο,
2275 2647 2358 2700 ὅτι
2403 2648 2503 2701 οὐκ
2549 2648 2799 2719 ἀνέχεται
2839 2649 2874 2718 ὴ
2921 2649 3142 2717 γλῶσσα
3190 2650 3469 2703 κτισθεῖσα
3499 2648 3652 2720 παρὰ

2073 2737 2312 2810 Χριστοῦ
2340 2738 2677 2808 φθέγξασθαί
2709 2756 2763 2792 τι
2806 2739 2948 2793 κατὰ
2976 2740 3070 2794 τοῦ
3101 2740 3404 2806 κτίσαντος.
3437 2740 3653 2813 Καρδίᾳ

2073 2829 2189 2899 γὰρ
2218 2829 2545 2900 πιστεύομεν
2583 2831 2662 2891 εἰς
2694 2828 3062 2900 δικαιοσύνην,
3110 2832 3338 2903 στόματι
3366 2831 3422 2884 δὲ
3459 2830 3653 2902 ὁμολο-

2075 2918 2279 2990 γοῦμεν
2327 2922 2405 2981 εις
2458 2920 2752 2991 σωτηρίαν.
2793 2921 2882 2993 Μὴ
2911 2920 3020 2995 γὰρ
3064 2922 3484 2993 ἀπεγνωσμένον
3534 2922 3655 2976 ἐστὶ

2077 3010 2214 3080 πρὸς
2238 3011 2513 3082 σωτηρίαν
2553 3012 2613 3065 τὸ
2642 3014 3030 3084 στρατιωτικὸν
3063 3013 3284 3085 τάγμα;
3330 3015 3404 3086 μὴ
3436 3015 3544 3087 γὰρ
3567 3016 3656 3068 οὐ·

393 3104 517 3173 ejus
542 3102 809 3173 potentia,
845 3101 1092 3158 fervente
1149 3104 1329 3158 adhuc
1383 3102 1693 3160 Judaeorum
1745 3107 1969 3173 scelere,

2074 3076 2185 3165 δεὶς
2241 3076 2634 3174 ἑκατόνταρχος
2690 3076 2956 3173 εὐσεϐής
3009 3076 3460 3174 Μέμνημαίτοῦ

393 3210 585 3250 eorum
613 3209 724 3249 non
756 3194 1008 3250 extimuit
1055 3195 1217 3260 iram,
1258 3211 1432 3266 neque
1484 3205 1632 3253 metu
1688 3200 1973 3255 veritatem

393 3287 619 3343 reticuit
651 3305 665 3342 :
708 3286 804 3343 sed
837 3285 1125 3343 confessus
1168 3298 1271 3353 est,
1303 3303 1404 3344 nec
1428 3291 1642 3361 negavit
1691 3307 1816 3347 eum
1850 3308 1975 3347 vere

392 3395 520 3435 esse
547 3376 744 3433 Filium
774 3377 868 3433 Dei
901 3376 941 3435 ³.
974 3377 1109 3433 Novi
1138 3387 1192 3435 et
1235 3381 1402 3434 alium
1445 3382 1842 3446 centurionem,
1879 3385 1974 3453 qui

394 3472 711 3535 Dominum,
769 3486 893 3526 cum
950 3470 1131 3527 adhuc
1176 3471 1232 3524 in
1294 3487 1459 3527 carne
1517 3482 1970 3537 commoraretur,

393 3562 652 3633 cognovit
680 3560 851 3617 Deum
881 3577 1004 3618 esse
1034 3570 1478 3634 potestatumque
1507 3579 1710 3633 regem,
1735 3572 1787 3619 et
1810 3565 1972 3635 jussu

394 3655 513 3710 solo
540 3670 639 3726 per
662 3654 1018 3710 administros
1051 3655 1277 3724 spiritus
1305 3671 1463 3725 opem
1503 3654 1791 3724 egentibus
1841 3671 1973 3710 con-

396 3746 540 3801 ferre
569 3760 731 3815 posse
759 3765 775 3802 :
809 3760 969 3815 quem
994 3753 1048 3800 et
1085 3744 1188 3801 ﬁde
1220 3747 1477 3801 lsraelem
1528 3747 1844 3800 universum
1878 3763 1974 3800 su-

396 3852 618 3909 perasse
650 3836 913 3893 Dominus
956 3838 1335 3907 pronuntiavit
1382 3838 1425 3893 δ.
1455 3835 1646 3892 Nonne
1681 3846 1734 3892 et
1768 3838 1974 3894 Corne-

396 3931 524 3993 lius,
571 3943 697 3982 cum
757 3930 1010 3983 centurio
1057 3936 1222 3992 esset,
1275 3928 1579 3998 promeruit
1627 3936 1686 3981 ut
1723 3929 1973 3998 angelum

400 4022 564 4095 1&8
610 4021 839 4084 videret,
886 4034 951 4073 ac
998 4029 1278 4090 postremo
1334 4036 1428 4090 per
1467 4018 1687 4075 Petrum
1740 4022 1972 4076 salutem

397 4112 832 4183 adipisceretur?
880 4111 1092 4181 Quippe
1124 4113 1483 4183 eleemosynae
1527 4114 1648 4182 ejus
1701 4121 1753 4168 et
1782 4130 1972 4183 preces

396 4204 667 4258 exauditae
696 4210 824 4259 sunt
844 4205 988 4274 apud
1012 4204 1179 4259 Deum
1201 4204 1244 4258 ⁵.
1279 4205 1498 4259 Illorum
1522 4207 1644 4260 volo
1670 4222 1789 4261 esse
1808 4207 1975 4261 disci-

398 4296 577 4365 putus.
599 4294 884 4361 Quomodo
919 4296 1085 4365 igitur
1113 4297 1322 4366 negabo
1362 4295 1533 4351 Deum
1574 4315 1776 4363 meum,
1804 4315 1968 4369 quem

2072 3210 2166 3247 του
2201 3194 2312 3264 (89)
2351 3195 2772 3268 ἑκατοντάρχου,
2821 3196 2913 3259 ὃς,
2971 3194 3259 3266 παρεστὼς
3307 3194 3385 3266 τῷ
3432 3194 3655 3267 σταυρῷ

2070 3286 2167 3341 τοῦ
2200 3285 2460 3359 Χριστοῦ,
2493 3289 2558 3341 ἐκ
2608 3287 2717 3342 τῶν
2768 3287 3062 3359 θαυμάτων
3108 3288 3207 3358 τὴν
3252 3287 3480 3358 δύναμιν
3527 3288 3653 3339 ἐπι-

2072 3382 2254 3448 γνοὺς,
2296 3381 2374 3434 ἔτι
2407 3380 2610 3453 θερμοῦ
2661 3380 2754 3435 τοῦ
2801 3381 3145 3452 τολμήματος
3190 3380 3343 3444 ὄντος
3372 3378 3481 3432 τῶν
3521 3378 3655 3432 Ἰου-

2072 3474 2260 3537 δαίων,
2312 3475 2412 3527 οὐκ
2462 3474 2705 3546 ἐφοϐήθη
2752 3474 2844 3528 τὸν
2896 3473 3065 3545 θυμὸν
3111 3472 3325 3535 αὐτῶν,
3375 3471 3494 3525 οὐδὲ
3544 3472 3654 3543 μὴν

2073 3564 2349 3638 ὑπεστάλη
2383 3567 2697 3635 ἀναγγεῖλαι
2723 3567 2822 3637 τὴν
2850 3566 3129 3637 ἀλήθειαν,
3168 3566 3282 3620 ἀλλ’
3311 3564 3652 3637 ὡμολόγησε,

2073 3658 2167 3711 καὶ
2198 3659 2297 3711 οὐκ
2328 3660 2621 3731 ἠρνήσατο,
2669 3660 2751 3712 ὅτι
2790 3658 3006 3729 άληθῶς
3045 3657 3178 3712 Θεοῦ
3228 3658 3356 3719 Υἱὸς
3394 3653 3483 3729 ἦν.
3521 3653 3657 3711 Οἶδα

2073 3749 2168 3803 καὶ
2219 3748 2375 3803 ἄλλον
2412 3750 2830 3820 ἑκατόνταρχον,
2878 3751 2935 3800 ἐν
2979 3749 3143 3820 σαρκὶ
3191 3748 3272 3801 ἔτι
3309 3748 3399 3801 τὸν
3447 3748 3655 3819 Κύριον

2073 3840 2384 3909 ἐπιγνόντα,
2407 3841 2487 3893 ὅτι
2508 3839 2639 3903 Θεός
2671 3840 2786 3892 ἐστι
2806 3839 2900 3893 καὶ
2919 3838 3169 3909 βασιλεὺς
3199 3837 3308 3891 τῶν
3342 3837 3653 3908 δυνάμεων,

2074 3933 2169 3986 καὶ
2210 3933 2593 4004 προστάγματι
2634 3930 2779 4002 μόνῳ
2811 3930 2900 3984 διὰ
2937 3929 3045 3983 τῶν
3069 3928 3457 4001 λειτουργικῶν
3491 3944 3657 3981 πνευ-

2078 4026 2262 4095 μάτων
2297 4026 2478 4089 ίκανὸς
2515 4025 2625 4097 (90)
2650 4023 3061 4090 ἐξαποστέλλειν
3104 4022 3202 4087 τὰς
3248 4022 3498 4093 βοηθείας
3537 4025 3655 4086 τοῖς

2073 4115 2347 4186 δεομένοις
2368 4134 2379 4147 ·
2411 4110 2470 4169 οῦ
2500 4115 2594 4168 καὶ
2620 4115 2719 4186 τὴν
2759 4114 2939 4167 πίστιν
2967 4115 2994 4167 ὁ
3023 4112 3227 4185 Κύριος
3259 4110 3481 4184 μείζονα
3512 4107 3654 4165 εἶναι

2075 4207 2277 4270 παντὸς
2310 4206 2403 4260 τοῦ
2450 4206 2664 4278 Ἰσραὴλ
2713 4206 3047 4276 ἀπεφήνατο.
3096 4205 3395 4277 Κορνήλιος
3425 4204 3481 4257 δὲ
3530 4205 3651 4274 οὐχ,

2076 4300 2469 4372 ἑκατόνταρχος
2499 4298 2594 4361 ὣν,
2629 4299 2727 4369 τῆς
2756 4298 3021 4362 ὀπτασίας
3051 4296 3257 4368 ἠξιώθη
3300 4298 3398 4367 τῆς
3422 4295 3516 4350 τοῦ
3550 4297 3655 4365 ἀγ-

395 4404 427 4442 a
455 4402 625 4458 puero
659 4388 920 4442 adoravi?
948 4387 1137 4444 Nonne
1172 4391 1456 4445 borrescet
1480 4390 1678 4444 coelum
1708 4390 1969 4460 desuper?

2076 4392 2258 4459 γέλου,
2314 4392 2407 4444 καὶ
2432 4391 2495 4443 τὸ
2524 4390 2828 4444 τελευταῖον
2864 4389 2954 4443 διὰ
2984 4389 3077 4443 τοῦ
3106 4389 3313 4461 Πέτρου
3344 4391 3443 4457 τῆς
3478 4406 3656 4458 σωτη-

397 4498 579 4536 nonne
610 4480 1056 4536 obscurabuntur
1083 4495 1201 4535 mea
1247 4495 1415 4537 causa
1460 4481 1680 4535 sidera?
1707 4498 1838 4537 num
1866 4482 1967 4538 tel-

396 4574 482 4629 lus
533 4574 720 4644 aliquo
774 4573 938 4629 modo
989 4589 1075 4627 me
1135 4574 1468 4629 sustinebit?
1518 4573 1699 4629 Nolite
1750 4592 1969 4631 errare:

394 4664 537 4720 Deus
571 4682 673 4720 non
698 4665 950 4720 irridetur
973 4665 1012 4721 ‘.
1056 4665 1134 4719 Ex
1161 4680 1256 4721 ore
1310 4673 1501 4719 nostro
1531 4681 1630 4721 nos
1652 4666 1863 4736 judicat
1902 4667 1921 4696 ⁷
1953 4685 1965 4715 :

464 4823 512 4853 "
552 4822 738 4878 Matth.
778 4838 891 4888 vn,
925 4823 1031 4887 24,
1065 4821 1155 4877 25.

395 4893 417 4923 ⁵
455 4891 644 4946 Matth.
680 4900 809 4957 vnu’,
844 4892 996 4949 8-10.
1072 4892 1093 4924 ⁵
1128 4894 1249 4946 Act.
1287 4908 1351 4959 ι,
1384 4893 1419 4947 5
1451 4907 1604 4963 seqq.

1252 4821 1297 4854 ⁹⁹
1340 4821 1472 4875 Luc.
1512 4837 1679 4885 xxm,
1715 4821 1803 4887 ‘28.

467 5048 577 5119 (85)
596 5047 819 5119 Veteres
832 5049 1037 5119 aliquot
1059 5049 1185 5103 libri
1201 5047 1332 5101 Θεὸν
1349 5047 1491 5119 ἐχειν
1511 5047 1690 5119 ῖλεων.
1715 5048 1819 5101 Alii
1846 5050 1967 5117 qui-

394 5118 518 5173 dam
553 5118 700 5172 ῖλεω.
737 5117 879 5172 Editi
904 5117 957 5173 et
979 5119 1137 5173 Colb.
1174 5117 1451 5174 secundus
1481 5117 1891 5183 ἐξιλεώσασθαι.

468 5187 580 5255 (86)
616 5187 771 5243 Unus
797 5204 903 5245 ms.
937 5189 1254 5252 ἀσάλευτος.
1294 5203 1299 5209 ‘

470 5258 580 5328 (87)
608 5258 838 5313 Codices
864 5260 1248 5316 Combeﬁsiani
1268 5260 1534 5314 κλαύσατε
1558 5260 1703 5324 τούς.
1734 5260 1840 5313 Alii
1866 5258 1975 5312 duo

396 5343 532 5382 mss.
562 5338 616 5383 et
647 5329 773 5382 editi
799 5330 892 5382 ἐπὶ
917 5329 1065 5393 τούς.

467 5399 582 5474 (88)
738 5400 952 5474 antiqui
992 5401 1101 5474 duo
1130 5401 1272 5455 libri.
1300 5403 1408 5455 Alii
1446 5398 1515 5472 ἦν
1546 5397 1733 5474 pro
1769 5400 1925 5454 Eurr.

473 5468 587 5541 (89)
621 5469 776 5534 illud,
806 5470 899 5523 τοῦ
937 5470 1173 5539 πρώτου,
1211 5488 1320 5527 ηοιι
1352 5474 1428 5526 ita
1453 5468 1833 5541 accipiendum
1864 5479 1971 5534 est,

398 5549 458 5591 nt
492 5538 725 5612 Basilius
749 5541 917 5603 dicat,
947 5538 1320 5611 centurionem
1353 5559 1502 5604 eum,
1528 5538 1620 5612 qui
1654 5543 1801 5597 cruci
1836 5542 1969 5612 asti-

398 5614 485 5670 tit.
520 5611 930 5682 primumiesse,
980 5612 1138 5675 cuius
1185 5615 1238 5665 in
1283 5610 1587 5682 Scripturi’s
1617 5613 1824 5668 mentio
1855 5610 1967 5666 ﬁat.

399 5682 658 5752 Alioquin
688 5681 833 5735 enim
879 5681 1113 5737 Basilius
1149 5697 1333 5738 secum
1368 5681 1654 5756 pugnaret,
1696 5699 1817 5739 cum
1850 5684 1965 5753 ipse

1906 4823 1921 4853 ⁸
1959 4822 2083 4874 Act.
2123 4835 2250 4882 xxi,
2286 4822 2371 4875 15.

1681 4892 1703 4923 ⁸
1740 4891 1912 4946 Galat.
1940 4908 2014 4957 v1,
2050 4891 2103 4946 7.

2080 4478 2203 4550 ρίας
2233 4478 2420 4561 ἔτυχεν
2446 4497 2460 4543 ;
2510 4479 2575 4531 Αἱ
2602 4479 2711 4551 γάρ
2738 4476 3098 4550 ἐλεημοσύναι
3132 4478 3295 4532 αὐτοῦ
3329 4480 3423 4532 καὶ
3454 4479 3509 4531 αί
3539 4477 3659 4549 δεή-

2079 4590 2192 4636 σεις
2246 4571 2680 4642 είσηκούσθησαν
2733 4571 2885 4643 παρὰ
2925 4571 3004 4643 τῷ
3036 4570 3172 4642 Θεῷ.
3221 4571 3473 4624 Ἐκείνων
3513 4567 3654 4626 εἶναι

2079 4664 2338 4735 βούλομαι
2382 4664 2650 4736 μαθητής.
2709 4665 2834 4745 ne;
2870 4660 2976 4748 ὀὖν
3024 4664 3327 4736 ἀρνήσομαι
3379 4664 3471 4718 τὸν
3520 4664 3655 4717 Θεόν

2482 4824 2503 4851 ²
2542 4818 2699 4877 Rom.
2736 4837 2803 4884 Χ,
2849 4821 2933 4876 10.

2187 4894 2206 4923 ⁷
2246 4889 2378 4946 Luc.
2415 4907 2545 4955 m,
2581 4892 2670 4946 22.

3049 4822 3068 4851 ³
3109 4818 3301 4874 Matth.
3336 4835 3525 4885 xxvu,
3558 4819 3649 4876 5L

2077 5049 2263 5103 statim
2298 5049 2557 5112 ;nominet
2609 5047 2984 5103 centurionem
3037 5049 3224 5111 alium,
3276 5047 3435 5114 cuius
3491 5046 3652 5102 ﬁdem

2075 5120 2328 5174 Christus
2363 5118 2628 5172 Dominus
2654 5118 2782 5172 olim
2814 5126 2941 5172 ante
2971 5119 3246 5186 passionis
3281 5126 3495 5187 tempus
3527 5120 3654 5171 Ian--

2076 5189 2300 5243 daverat
2326 5209 2338 5243 :
2370 5189 2463 5243 sed
2496 5188 2650 5249 illud,
2682 5188 2776 5241 τοῦ
2803 5188 3041 5258 πρώτου,
3071 5204 3168 5258 per
3188 5188 3457 5257 quoddam
3479 5204 3655 5258 genus

2082 5260 2418 5330 attractionis
2452 5258 2540 5312 hic
2564 5259 2802 5328 positum
2828 5259 3044 5312 videtur
3069 5273 3167 5327 pro
3191 5259 3251 5330 τδ
3278 5258 3513 5330 πρῶτον,
3543 5261 3657 5326 pri-

2082 5347 2246 5383 mum.
2290 5329 2557 5383 Recordor
2583 5331 2811 5398 primum
2843 5331 3162 5382 centurionis
3200 5328 3334 5396 ejus,
3379 5328 3488 5397 qui,
3541 5338 3654 5385 etc.

2082 5399 2196 5455 Hoc
2242 5416 2366 5454 eum
2403 5414 2511 5453 non
2546 5399 3005 5453 animadverteret
3046 5407 3202 5453 vetus
3239 5400 3529 5468 interpres,
3580 5400 3657 5451 ita

2074 5472 2234 5525 vertit
2261 5491 2272 5524 :
2306 5468 2573 5523 Recordor
2603 5470 2763 5541 primi
2792 5470 3117 5541 centurionis
3153 5470 3261 5541 qui,
3287 5477 3400 5541 _e_t_c.

2145 5541 2256 5611 (90)
2290 5541 2385 5611 Sic
2422 5555 2558 5611 mss.
2603 5536 2780 5594 inulti.
2831 5539 2973 5594 Editi
3026 5536 3243 5603 ἱκανῶς.
3287 5537 3488 5593 Ibidem
3539 5536 3654 5591 duo

2073 5628 2206 5669 mss.
2238 5610 2335 5683 τὴν
2365 5610 2636 5682 βοήθειαν.
