4036 6236
397 275 503 335 50'!

1749 280 1807 339 S.
1850 270 2099 338 BASlLll
2140 281 2361 337 MAGNI

3555 281 3666 335 508

391 395 669 452 ctaculum
724 394 1034 464 conspexit,
1092 395 1239 464 quod
1277 396 1440 468 149
1488 412 1599 453 non
1659 397 1977 461 obscuravit

2103 398 2288 453 κείνου
2329 398 2424 451 τοὺ
2472 396 2815 468 στεφανίτου.
2866 394 3016 465 Αὕτη
3064 393 3277 457 ἐπεῖδεν
3307 395 3341 465 ή
3377 394 3561 465 ἡμέρα
3602 395 3669 448 τὸ

391 493 632 557 tempus,
664 499 773 539 non
803 484 1056 540 dissolvit
1081 487 1451 551 consuetudo,“
1480 502 1592 542 non
1626 488 1759 543 vicit
1786 495 1972 559 poste-

394 579 601 633 riorum
624 585 928 633 eventuum
961 578 1302 649 magnitudo.
1332 578 1801 644 Quemadmodum
1826 581 1972 636 enim

393 669 566 725 solem
616 682 832 737 semper
875 666 1173 732 intuentes,
1222 684 1439 739 semper
1489 668 1824 725 admiramur
1857 690 1870 726 :
1900 673 1976 726 ita

396 774 615 830 quoque
643 760 747 813 viri
778 760 924 815 illius
952 761 1272 814 memoriam
1309 775 1527 831 semper
1556 770 1831 818 recentem
1876 762 1975 816 ha-

398 852 610 907 bemus.
658 849 791 903 Nam
824 849 892 905 In
940 854 1198 907 memoria
1244 862 1444 908 aeterna
1487 856 1586 909 erit
1615 855 1798 925 justus
1826 858 1890 923 ¹³,
1923 865 1978 911 et

399 940 544 1012 apud
573 942 785 997 incolas
809 950 993 1009 terrze,
1030 944 1161 998 dum
1191 952 1339 1000 terra
1377 946 1504 1012 erit,
1539 958 1595 1003 et
1623 949 1680 1002 in
1709 950 1884 1015 caelis,
1927 960 1981 1005 et

399 1033 546 1105 apud
585 1033 831 1090 Judicem
859 1035 1104 1104 justum;
1140 1037 1231 1092 cui
1270 1038 1446 1109 gloria
1494 1045 1550 1094 et
1597 1041 1887 1112 imperium
1925 1042 1980 1096 in

400 1127 601 1185 mula
637 1128 983 1187 saeculorum.
1019 1129 1215 1183 Amen.

968 1477 1258 1534 HOMILIA
1298 1476 1437 1532 XIX.

694 1593 756 1648 In
784 1602 998 1649 sanctos
1030 1594 1385 1666 quadraginta
1417 1603 1698 1665 martyres.

2082 489 2394 562 θαυμαστὸν
2424 490 2602 544 ἐκεῖνο
2638 489 2835 560 θέαμα,
2861 487 2890 541 ὃ
2917 487 3017 541 οὐκ
3048 485 3376 558 ἠμαύρωσεν
3399 488 3429 539 ό
3452 486 3667 556 χρόνος,

2080 581 2202 634 οὐδὲ
2235 578 2484 646 ἐξέλυσεν
2518 579 2593 651 (6)
2624 581 2658 650 ὴ
2705 576 2991 650 συνήθεια·
3021 575 3137 630 ὀὐκ
3185 575 3432 645 ἐνίκησεν
3480 576 3514 645 ή
3557 576 3669 629 τῶν

2084 670 2477 742 ἐπιγινομένων
2525 668 2818 742 ὑπερϐολή.
2848 668 3059 740 ’Ὠσπερ
3104 666 3211 739 γὰρ
3258 666 3347 721 τὸν
3378 664 3529 737 ἥλιον
3579 667 3673 720 ἀεὶ

2084 761 2446 833 καθορῶντες,
2481 762 2570 815 ἀεὶ
2606 759 2990 832 θαυμάζομενο
3024 756 3165 822 οὔτω
3214 757 3308 810 καὶ¹
3349 756 3445 810 τοῦ
3477 756 3674 828 ἀνδρὸς

2084 853 2293 908 ἐκείνου
2318 854 2406 908 ἀεὶ
2438 852 2637 926 νεαρὰν
2674 853 2773 925 τὴν
2807 852 3026 923 μνήμην
3062 849 3275 921 ἔχομεν.
3309 851 3414 916 Εἰς
3439 851 3673 919 μνημό-

2082 960 2278 999 συνον
2304 944 2413 1017 γὰρ
2439 944 2681 999 αἰώνιον
2694 944 2867 999 ἐσται
2889 942 3140 1009 δίκαιος,
3159 942 3253 995 καὶ
3273 941 3425 1012 παρὰ
3443 943 3555 1005 τοῖς
3576 941 3675 994 ἐπὶ

2084 1037 2207 1108 γῆς,
2247 1037 2353 1100 ἕως
2377 1036 2524 1089 ἐστὶν
2553 1037 2586 1107 ἡ
2614 1035 2711 1106 γῆ,
2744 1037 2841 1089 καὶ
2869 1036 2927 1090 ἐν
2956 1037 3068 1098 τοῖς
3092 1035 3361 1106 οὐρανοῖς,
3394 1033 3488 1087 καὶ
3517 1030 3675 1103 παρὰ

2085 1126 2164 1196 τῷ
2191 1126 2383 1196 δικαίῳ
2411 1129 2571 1198 κριτῇ
2592 1141 2604 1155 ’
2629 1120 2674 1194 ᾧ
2707 1128 2741 1197 ή
2783 1125 2911 1192 δόξα
2954 1126 3047 1180 καὶ
3096 1124 3157 1178 τὸ
3201 1123 3400 1196 κράτος
3435 1125 3516 1186 είς
3544 1120 3676 1183 τοὺς

2088 1218 2292 1283 αἰῶνας
2322 1220 2431 1273 τῶν
2458 1218 2689 1274 αἰώνων.
2732 1220 2925 1291 Ἀμήν.

3233 1374 3667 1388 .——_

2695 1483 2938 1536 OMIAIA
2974 1481 3075 1535 ΙΘ’.

2214 1600 2317 1663 Εὶς
2346 1598 2487 1662 τοὺς
2513 1597 2722 1666 ἁγίους
2750 1592 3207 1663 τεσσαράκοντα
3228 1610 3553 1663 μαρτυρας.

479 1708 531 1763 ι.
573 1706 707 1773 Quae
735 1707 962 1762 satietas
999 1707 1054 1761 in
1104 1706 1398 1761 recolenda
1432 1716 1733 1778 martyrum
1778 1724 1986 1763 memo-

2164 1711 2216 1766 1.
2248 1710 2561 1783 Μαρτύρων
2612 1709 2833 1780 μνήμης
2879 1706 2963 1770 τίς
3011 1707 3079 1760 ἂν
3132 1706 3344 1775 γένοιτο
3390 1705 3552 1776 κόρος
3598 1704 3683 1775 τῷ

407 1797 491 1853 ria
520 1813 647 1855 esse
678 1798 875 1869 possit,
909 1797 979 1865 ei,
1013 1798 1108 1867 qui
1154 1805 1427 1869 martyres
1464 1812 1651 1853 amore
1683 1812 1988 1869 prosequa-

406 1896 519 1952 tur.
572 1904 699 1945 cum
727 1889 906 1944 honor
954 1904 1117 1959 quem
1156 1890 1441 1945 conservis
1472 1889 1634 1945 bouis
1663 1889 1988 1957 deferimus,

408 1988 618 2045 nostra:
676 1995 809 2051 erga
857 1995 1207 2035 communem
1259 1980 1551 2035 Dominum
1600 1982 1993 2040 benevolentiae

409 2075 688 2146 specimen
728 2074 800 2130 sit
841 2080 898 2127 et
942 2072 1395 2127 monumentum?
1437 2071 1652 2127 Etenim
1694 2074 1992 2129 obscurum

410 2185 521 2233 non
549 2177 634 2223 est
651 2182 775 2222 eum
806 2166 901 2237 qui
931 2177 1188 2222 strenuos
1211 2168 1363 2221 viros
1390 2166 1812 2233 commendarit,
1844 2169 1994 2239 ipsos

410 2266 469 2320 in
501 2265 779 2321 similibus
818 2263 1210 2319 occasionibus
1252 2264 1598 2318 imitaturum
1636 2279 1779 2320 esse.
1807 2265 1996 2320 Lauda

411 2360 624 2414 sincere
669 2373 794 2413 eum
841 2357 936 2426 qui
983 2357 1308 2428 martyrium
1343 2358 1591 2427 pertulit,
1635 2366 1696 2412 ut
1750 2358 1997 2414 etliciare

410 2456 620 2520 martyr
661 2449 964 2510 voluntate,
1013 2461 1078 2502 ac
1131 2446 1353 2501 demum
1419 2448 1541 2501 sine
1588 2449 1994 2518 persecutione,

410 2544 531 2600 sine
553 2542 699 2612 igne,
723 2542 843 2597 sine
872 2539 1193 2596 verberibus
1216 2539 1466 2594 eamdem
1492 2549 1659 2611 atque
1684 2540 1766 2595 illi
1789 2555 1998 2596 merce—

412 2631 539 2695 dem
574 2645 935 2701 consequare.
967 2628 1139 2684 Nobis
1176 2635 1360 2684 autem
1390 2644 1502 2684 non
1552 2646 1698 2687 unus
1730 2630 1799 2685 ad
1828 2646 1992 2685 vene-

412 2723 682 2779 rationem
729 2721 1075 2791 proponitur,
1126 2734 1239 2774 non
1284 2719 1395 2774 duo
1444 2720 1733 2787 duntaxat,
1775 2736 1885 2775 non
1929 2719 1998 2775 ad

411 2815 599 2875 decem
635 2828 812 2884 usque
852 2813 1139 2868 beatorum
1186 2827 1246 2867 se
1274 2828 1541 2869 numerus
1582 2812 1870 2868 extendit:
1903 2813 1999 2868 sed

413 2905 517 2961 viri
550 2903 939 2975 quadraginta,
989 2903 1149 2972 quasi
1192 2902 1430 2956 animam
1480 2917 1646 2956 unam
1681 2902 1739 2956 in
1767 2901 2000 2957 diversis

414 2996 744 3069 corporibus
774 2995 1064 3062 habentes,
1098 2995 1152 3048 in
1194 3009 1302 3049 una
1330 2993 1455 3049 fidei
1494 2994 1907 3061 conspiratione
1937 3010 2000 3049 ac

414 3088 739 3153 concordia,
766 3102 931 3140 unam
962 3087 1021 3141 in
1047 3086 1387 3141 cruciatibus
1406 3086 1773 3152 tolerantiam,
1802 3100 1998 3140 unam—

414 3196 525 3250 que
560 3194 662 3250 pro
701 3178 931 3234 veritate
969 3177 1337 3232 constantiam
1381 3177 1763 3233 ostenderunt.
1795 3176 2000 3233 Omnes

415 3273 557 3337 inter
586 3287 647 3328 se
694 3271 1033 3333 consimiles,
1066 3285 1230 3339 pares
1270 3270 1565 3333 sententia,
1614 3285 1780 3341 pares
1823 3281 2002 3325 certa-

416 3364 585 3420 mine.
623 3361 994 3429 Quamobrem
1037 3369 1094 3416 et
1144 3362 1335 3434 gloria:
1384 3377 1621 3417 coronas
1682 3378 1844 3432 pares
1883 3379 2003 3433 pro-

416 3471 688 3512 meruere.
722 3454 842 3522 Qua
878 3454 1045 3524 igitur
1082 3453 1336 3509 oratione
1380 3461 1620 3524 possunt
1664 3468 1764 3524 pro
1805 3454 2003 3509 merito

416 3549 667 3606 laudari?
698 3546 776 3603 Ne
810 3546 1176 3618 quadraginta
1220 3546 1442 3617 quidem
1473 3546 1675 3617 lingua:
1715 3548 1851 3602 satis
1887 3547 2005 3603 fue-

417 3642 533 3698 rint
559 3647 639 3695 tot
670 3641 916 3695 virorum
946 3638 1136 3693 virtuti
1176 3638 1541 3694 celebrandae.
1584 3637 1651 3692 Et
1680 3654 1810 3695 vero
1842 3639 1890 3695 si
1918 3640 2005 3694 vel

421 3750 592 3792 unum
626 3734 777 3789 cultu
807 3743 861 3788 et
902 3732 1257 3789 observantia
1294 3747 1778 3803 prosequeremur,
1811 3731 1859 3788 is
1899 3734 2006 3787 uti-

419 3843 528 3897 que
553 3827 883 3897 eloquentias
912 3833 1118 3881 nostras
1149 3827 1260 3880 vim
1284 3831 1590 3895 superaret,
1626 3826 1826 3881 nedum
1864 3825 2005 3879 mul-

421 3918 604 3973 titudo
632 3925 808 3982 tanta,
840 3918 1082 3989 phalanx
1118 3917 1400 3981 militaris,
1436 3931 1633 3987 agmen
1662 3916 1996 3988 inexpugna-

421 4012 552 4074 bile,
580 4009 727 4080 quod
759 4018 819 4064 ut
847 4009 902 4063 in
948 4008 1111 4064 bellis
1140 4008 1384 4070 vincere,
1419 4006 1497 4060 ita
1551 4005 1808 4061 laudibus
1856 4021 2008 4063 asse-

422 4099 517 4170 qui
547 4113 708 4154 nemo
733 4105 935 4169 potest.

492 4188 549 4243 2.
588 4189 701 4258 Age
741 4189 879 4257 jam,
916 4188 1043 4242 illos
1091 4186 1150 4242 in
1191 4186 1431 4243 medium
1485 4185 1777 4242 recolenda
1815 4201 2006 4242 eorum

424 4281 693 4340 memoria
718 4279 1080 4345 adducentes,
1110 4295 1459 4335 communem
1501 4280 1792 4334 utilitatem
1828 4294 1892 4334 ex
1926 4279 2008 4334 eis

2093 1801 2490 1873 φιλομάρτυρις
2518 1799 2650 1852 διότι
2681 1801 2715 1871 ὴ
2748 1797 2885 1870 πρὸς
2910 1790 3036 1860 τοὺς
3058 1796 3297 1866 ἀγαθοὺς
3326 1796 3435 1850 τῶν
3459 1794 3685 1867 ὁμοδούο

2092 1896 2198 1950 λων
2230 1894 2363 1966 τιμὴ
2397 1893 2672 1959 ἀπόδειξιν
2703 1894 2816 1964 ἕχει
2845 1894 2944 1965 τῆς
2974 1892 3109 1966 πρὸς
3140 1893 3232 1946 τὸν
3260 1892 3439 1946 κοινὸν
3475 1891 3687 1945 Δεσπό-

2092 2004 2191 2060 την
2222 1986 2454 2050 εὐνοίας.
2488 1986 2656 2057 Δῆλον
2681 1986 2810 2058 γὰρ,
2841 1986 2922 2039 ὅτι
2964 1987 2993 2038 ὁ
3025 1986 3149 2048 τοὺς
3171 1984 3450 2053 γενναίους
3483 1984 3687 2054 ἄνδρας

2093 2081 2488 2152 ἀποδεχόμενος
2531 2082 2589 2133 ἐν
2636 2083 2750 2144 τοῖς
2793 2079 2999 2151 ὁμοίοις
3055 2081 3269 2151 καιροῖς
3310 2078 3411 2135 οὐκ
3464 2077 3688 2132 ἀπολει-

2096 2173 2362 2246 φθήσεται
2416 2172 2520 2243 τῆς
2571 2173 2876 2243 μιμήσεως.
2924 2172 3247 2244 Μακάρισον
3306 2170 3544 2241 γνησίως
3591 2167 3689 2222 τὸν

2100 2266 2526 2339 μαρτυρήσαντα
2548 2263 2645 2335 (7),
2690 2263 2778 2317 ἵνα
2821 2262 2956 2336 γένῃ
3002 2264 3301 2334 μάρτυςτῇ
3344 2259 3687 2331 προαιρέσει,

2097 2358 2193 2415 καὶ
2219 2356 2389 2427 ἐκὸῇς
2414 2356 2585 2427 χωρὶς
2629 2353 2893 2426 διωγμοῦ,
2944 2355 3114 2426 χωρὶς
3158 2354 3352 2425 πυρὸς,
3381 2353 3549 2424 χωρὶς
3576 2369 3689 2423 μασ-

2100 2449 2322 2517 στίγων,
2347 2447 2455 2502 τῶν
2485 2447 2666 2503 αὐτῶν
2695 2447 2925 2510 ἐκείνοις
2948 2445 3157 2517 μισθῶν
3176 2445 3496 2515 ἠξιωμένος.
3523 2445 3691 2515 Ἡμῖν

2096 2543 2155 2596 δὲ
2204 2542 2300 2613 οὐχ
2346 2541 2443 2595 ἕνα
2494 2541 2779 2612 πρόκειται
2822 2538 3146 2610 θαυμάζειν,
3182 2537 3300 2592 οὐδὲ
3343 2537 3436 2591 δύο
3471 2536 3687 2608 μόνους,

2097 2634 2219 2688 οὐδέ
2256 2633 2416 2705 μέχρι
2452 2632 2674 2696 δεκάδος
2716 2634 2747 2686 ὁ
2793 2631 3026 2705 ἀριθμὸς
3062 2631 3276 2703 πρόεισι
3316 2628 3425 2683 τῶν
3447 2645 3693 2707 μακαρι-

2101 2724 2347 2796 ζομένων
2382 2723 2488 2795 (8)'
2537 2725 2674 2778 ἀλλὰ
2724 2725 3131 2795 τεσσαράκοντα
3175 2721 3387 2793 ἄνδρες,
3438 2720 3515 2783 ὡς
3558 2720 3694 2790 μίαν

2099 2816 2277 2889 ψυχὴν
2310 2819 2368 2870 ἐν
2399 2816 2746 2891 διῃρημένοις
2780 2815 3027 2887 σώμασιν
3059 2815 3294 2887 ἔχοντες,
3329 2815 3386 2867 ἐν
3422 2813 3518 2884 μιᾷ
3553 2828 3695 2882 συμ-

2102 2908 2265 2978 πνοίᾳ
2290 2908 2387 2962 καὶ
2417 2907 2645 2978 ὁμονοίᾳ
2674 2909 2774 2978 τῆς
2813 2907 3067 2970 πίστεως,
3122 2905 3253 2976 μίαν
3292 2904 3386 2957 καὶ
3426 2904 3526 2973 τὴν
3554 2902 3694 2975 πρὸς

2102 2998 2172 3052 τὰ
2194 2999 2345 3053 δεινὰ
2372 3000 2690 3070 καρτερίαν,
2735 2999 2830 3053 καὶ
2865 2998 2965 3069 τὴν
3003 2999 3143 3069 ὑπὲρ
3186 2997 3286 3069 τῆς
3318 2995 3574 3067 ἀληθείας
3606 2994 3695 3047 ἐνο

2104 3109 2293 3146 στασιν
2326 3092 2403 3165 (9)
2436 3091 2800 3158 ἐπεδείξαντο.
2852 3093 3060 3155 Πάντες
3105 3089 3475 3165 παραπλήσιοι
3526 3088 3698 3160 ἀλλήο

2100 3184 2233 3248 λοις,
2288 3185 2391 3239 ῐσοι
2436 3185 2536 3257 τὴν
2563 3183 2809 3256 γνώμην,
2860 3185 2966 3238 ι’σοι
3016 3183 3115 3255 τὴν
3159 3183 3404 3253 ἄθλησιν.
3464 3180 3556 3237 Διὸ
3588 3172 3725 3234 καὶ(

2102 3276 2379 3348 ὁμοτίμων
2396 3278 2504 3331 τῶν
2528 3276 2808 3345 στεφάνων
2831 3277 2931 3346 τῆς
2958 3275 3114 3347 δόξης
3136 3273 3572 3345 κατηξιώθησαν.
3596 3273 3697 3335 Τίς

2104 3368 2169 3422 ἂν
2194 3364 2287 3423 οὖν
2316 3369 2557 3438 ἐφίκοιτο
2583 3368 2740 3437 λόγος
2761 3368 2859 3439 τῆς
2872 3367 3078 3423 τούτων
3111 3365 3299 3432 ἀξίας;
3333 3365 3467 3421 Οὐδὲ
3493 3379 3695 3417 τεσσα-

2107 3462 2339 3533 ρᾶκοντα
2359 3461 2602 3532 γλῶσσαι
2624 3460 2924 3533 ἐξήρκεσαν
2951 3460 3016 3514 ἂν
3039 3459 3307 3513 τοσούτων
3340 3456 3549 3530 ἀνδρῶν
3569 3455 3697 3527 (10)

2104 3554 2306 3626 ἀρετὴν
2325 3554 2651 3625 ἀνυμνῆσαι.
2674 3553 2890 3615 Καίτοι,
2913 3554 2960 3605 εἰ
2989 3550 3086 3604 καλ⁸
3112 3544 3192 3612 εἷς
3210 3545 3278 3621 ἦν
3303 3545 3700 3618 ὁθαυμαζόμε-

2103 3654 2215 3710 νοςς
2235 3646 2336 3717 τήν
2354 3662 2419 3714 γε
2450 3644 2560 3699 τῶν
2585 3644 2869 3716 ἡμετέρων
2894 3642 3070 3712 λόγων
3099 3640 3329 3711 δύναμιν
3354 3636 3575 3710 ἐξήρκει
3596 3652 3700 3690 καρ-

2105 3728 2459 3803 ταπαλαῖσαι,
2498 3738 2572 3810 μὴ
2607 3738 2689 3791 ὃτι
2719 3737 2922 3808 πλῆθος
2954 3734 3230 3796 τοσοῦτον,
3280 3730 3495 3802 φάλαγξ
3533 3746 3700 3800 στρα-

2102 3832 2352 3903 τιωτικὴ,
2390 3831 2642 3901 σύστημα
2698 3826 3224 3898 δυσκαταγώνιστον,
3272 3824 3473 3896 ὁμοίως
3514 3821 3571 3877 ἐν
3636 3838 3699 3874 τε

2109 3920 2366 3993 πολέμοις
2397 3922 2665 3994 ἀήττητον
2690 3921 2784 3974 καὶ
2813 3921 2873 3974 ἐν
2893 3918 3136 3982 ἐπαίνοις
3164 3914 3477 3987 ἀπρόσιτον.

2178 4191 2232 4245 2.
2267 4191 2436 4263 Δεῦρο
2462 4191 2527 4262 δὴ
2569 4187 2682 4256 οὐν,
2726 4209 2806 4256 εις
2841 4208 3003 4264 μεσον
3042 4191 3238 4253 αὐτοὺς
3279 4186 3580 4257 ἀγαγόντες
3610 4183 3700 4247 διὰ

2109 4283 2212 4353 τῆς
2251 4284 2631 4356 ὑπομνήσεως,
2670 4284 2854 4356 κοινὴν
2900 4284 2999 4355 τὴν
3054 4284 3149 4337 ἀπ’
3195 4280 3374 4335 αὐτῶν
3429 4277 3702 4348 ὠφέλειαν

426 4375 747 4445 capiendam
792 4375 1104 4429 astantibus
1133 4388 1528 4445 proponamus,
1560 4372 1801 4428 exhibita
1830 4372 1997 4427 omni-

2111 4377 2224 4438 τοῖς
2258 4376 2493 4447 παροῦσι
2526 4376 2998 4447 καταστησώμεθα
3023 4417 3037 4441 ,
3082 4372 3461 4448 προδείξαντες
3510 4371 3700 4431 πᾶσιν.

427 4467 553 4531 bus,
592 4465 741 4521 velut
775 4464 829 4520 in
877 4465 1100 4529 tabella,
1133 4465 1333 4519 horum
1362 4464 1611 4518 virorum
1663 4463 2002 4518 fortitudine.

427 4557 564 4614 Nam
593 4562 649 4611 et
690 4570 782 4611 res
812 4556 868 4610 in
899 4554 1044 4612 bello
1073 4554 1291 4611 fortiter
1332 4566 1515 4626 gestas
1564 4569 1710 4625 saepe
1736 4562 1850 4609 tum
1883 4567 2007 4614 ora.-

500 4716 544 4750 ⁸³
580 4715 727 4774 Psal.
762 4731 851 4770 cxn
874 4754 889 4781 ,
926 4714 977 4770 7.

523 4873 578 4945 6)
609 4873 707 4945 §i_c
738 4888 873 4945 mss:
912 4869 1183 4945 nonnulli.
1217 4868 1358 4945 Editi
1392 4882 1523 4923 vero
1558 4869 1669 4945 oti-.3
1693 4867 1901 4945 ἔλυσεν.

525 4939 789 5015 7)Editio
842 4941 1020 4997 Paris.
1086 4941 1525 5016 μαρτυρήσοντα.
1590 4939 1741 4993 Libri
1795 4945 2011 4993 veteres

434 5015 880 5099 μαρξυβήςεανῖα·

527 5031 880 5137 οτυρησαντα.

527 5086 580 5157 8)
624 5086 763 5157 Διοιὶι.
802 5083 1000 5139 tertius
1051 5096 1151 5153 pro
1183 5080 1637 5153 μακαριζομένων
1669 5079 1833 5134 habet
1869 5095 2010 5147 μαρ-

429 5154 857 5228 τυρησένέιιένο-
934 5222 945 5228 ,
1121 5224 1131 5228 ,
1522 5220 1549 5228 -
1656 5219 1669 5228 .
1754 5217 1833 5228 -.
1933 5158 1980 5228 -“

501 5216 579 5297 ῖ9)
610 5221 1025 5300 Εᾱ-Ξιξρ-Ρῃὶετ-
1048 5224 1145 5278 καί
1177 5221 1457 5300 τῂνύπέρ
1486 5220 1589 5300 τῇς
1620 5217 1903 5300 εὐσεϐείας
1932 5216 2045 5285 ἕν-⁸

434 5291 643 5351 mm
672 5291 853 5347 Editio
880 5293 1051 5349 Basil.
1090 5302 1146 5349 et
1178 5291 1378 5348 Medic.
1410 5291 1465 5347 et
1491 5291 1585 5345 alii
1606 5291 1854 5362 quinque
1882 5303 2015 5342 mss.

434 5379 493 5428 ut
526 5367 579 5420 in
613 5371 894 5418 contextu.

504 5433 617 5505 (10)
642 5432 887 5503 Utraque
911 5433 1081 5489 editio
1103 5434 1379 5505 τοσούτων
1399 5431 1631 5503 ἀνδρῶν,
1659 5440 1731 5505 tot
1757 5430 2012 5505 virorum,

434 5497 530 5573 aut
560 5497 829 5558 tantorum
857 5505 1112 5559 virorum.
1140 5504 1364 5561 Veteres
1397 5497 1637 5573 quatuor
1669 5501 1794 5556 libri
1821 5497 2012 5573 τοσαύ-

433 5570 556 5657 τήν,
579 5582 755 5657 tanta:
787 5574 989 5657 virtuti.
1022 5574 1154 5657 Reg.
1193 5570 1469 5657 secundus
1508 5573 1580 5657 ἂν
1605 5570 2015 5657 τεσσαράκοντα

437 5642 668 5717 ᾁνδρῶνῃ,
691 5645 1043 5714 quadraginta
1072 5642 1324 5717 uirorum.
1355 5644 1461 5701 Sed
1486 5644 1625 5717 mihi
1646 5642 1871 5699 dubium
1903 5654 2011 5692 non

437 5714 701 5795 estfquin
727 5729 831 5772 vox
858 5716 1262 5787 τεσσαράκοντα
1288 5732 1317 5772 e
1348 5715 1592 5787 margine
1614 5715 1671 5770 in
1694 5717 2009 5769 contextum

2113 4465 2302 4537 ὥσπερ
2336 4467 2395 4518 ἐν
2426 4468 2635 4537 γραφῇ,
2659 4464 2760 4531 τὰς
2801 4466 2909 4520 τῶν
2953 4465 3162 4537 ἀνδρῶν
3209 4457 3705 4535 ἀριστείας-Ἐπεὶ

2115 4555 2212 4610 καὶ
2262 4556 2374 4628 (ii)
2422 4556 2679 4629 πολέμων
2724 4557 3194 4630 ἀνδραγαθήματα
3238 4555 3333 4608 καὶ
3373 4551 3705 4624 λογογράφοι

2117 4864 2423 4935 irrepserit.
2450 4862 2680 4918 Factum
2710 4870 2892 4917 autem
2916 4860 2972 4916 id
2999 4876 3122 4935 esse
3151 4860 3257 4915 hoc
3289 4858 3405 4935 fere
3424 4859 3589 4914 modo
3611 4874 3704 4913 ar-

2119 4932 2316 4991 bitror.
2351 4934 2636 4990 Librarius
2660 4935 2865 5004 legerat
2896 4932 3189 4989 τοσούτων.
3214 4941 3290 4984 tot
3313 4932 3567 5004 virorum,
3590 4945 3703 4986 non

2119 5006 2410 5077 τοσαύτην,
2442 5006 2520 5059 uti
2549 5005 2604 5059 in
2631 5002 2819 5077 multis
2846 5018 2982 5077 mss.
3015 5004 3213 5077 legitur
3240 5020 3254 5053 :
3277 5002 3485 5055 veritus
3516 5009 3705 5077 autem

2123 5072 2190 5130 ne
2214 5072 2660 5147 quis'numerum
2685 5074 2881 5147 horum
2910 5074 3158 5147 virorum
3189 5072 3489 5147 ignoraret,
3519 5072 3578 5124 in
3603 5086 3706 5124 ora

2117 5142 2246 5202 libri
2272 5146 2480 5201 addidit
2508 5145 2940 5216 τεσσαράκοντα,
2972 5142 3345 5216 quadraginta.

2194 5217 2308 5289 (iri)
2336 5217 2454 5279 Illa,
2486 5216 2608 5269 ἐπεὶ
2633 5207 2754 5289 κάξ..
2781 5207 3018 5289 ειοηοὶ)
3050 5207 3290 5289 Adriano
3319 5224 3457 5281 papa
3478 5224 3581 5289 ιιι-ο
3599 5207 3707 5263 de-

2122 5281 2371 5343 fensione
2398 5294 2711 5341 sanctarum
2743 5285 3044 5353 imaginum
3073 5283 3234 5339 citari
3259 5289 3445 5336 monet
3472 5281 3558 5334 vir
3582 5295 3710 5353 _el‘|,‘:-

2120 5358 2432 5413 ditissimus
2474 5355 2730 5411 Ducaeus.
2761 5350 2912 5409 ldein
2949 5356 3041 5407 ille
3083 5353 3299 5407 monuit
3332 5366 3553 5420 quoque
3586 5350 3708 5403 haec

2121 5430 2311 5500 verba,
2327 5427 2711 5500 6tértjatpdg,
2722 5433 2867 5500 _ctc.,
2897 5439 3019 5494 quae
3046 5424 3202 5500 initio
3224 5422 3488 5500 orationis
3516 5421 3711 5500 le'gun-

2120 5508 2245 5582 tur,
2267 5498 2436 5553 citata
2457 5491 2633 5582 iiiis-se
2657 5512 2687 5550 a
2710 5491 2984 5582 Germano
3015 5495 3274 5582 episcopo
3301 5491 3706 5582 Constantin‘o-

2118 5560 2398 5693 poli'tano‘3
2415 5576 2475 5622 ut
2501 5568 2687 5624 videre
2721 5575 2805 5623 est
2838 5566 2892 5621 in
2925 5560 3164 5622 concilio
3192 5560 3408 5620 Niceno
3431 5560 3683 5626 secundo

2119 5650 2335 5693 actione
2408 5680 2418 5691 .

2119 5642 2335 5697 actione
2364 5642 2418 5693 4.
