4036 6236
289 304 389 378 5:09.

1249 311 1537 369 HOMILIA
1577 316 1645 370 IN
1685 315 2191 383 QUADRAGINTA
2228 316 2632 373 MARTYRES.

3463 319 3571 374 510

289 417 566 493 πολλάκις,
597 418 694 472 καὶ
731 419 1019 491 ζωγράφοι
1068 421 1538 496 διασημαίνουσιν,
1585 430 1634 482 οί
1673 430 1772 500 μὲν
1807 428 1886 500 τῷ

2002 445 2160 493 .ores,
2185 439 2302 485 tum
2333 432 2574 502 pictores
2600 442 2936 501 exprimunt,
2974 434 3051 488 illi
3079 434 3298 504 quidem
3327 449 3423 490 eas
3450 451 3570 490 ser-

289 509 431 581 λόγῳ
453 510 899 581 διακοσμοῦντες,
935 515 986 566 οἱ
1032 515 1090 568 δὲ
1133 520 1245 580 τοῖς
1287 519 1502 584 πίναξιν
1530 522 1889 594 ἐγχαράττον-

288 620 401 677 τες,
449 605 544 657 καὶ
599 605 831 668 πολλοὺς
873 608 1177 679 ἐπήγειραν
1230 612 1368 683 πρὸς
1420 614 1642 684 ἀνδρίαν
1699 615 1889 678 ἑκά-τε..

289 712 397 782 por.
426 698 495 749 Ἀ
522 696 630 765 γὰρ
662 699 691 751 6
719 697 883 767 λόγος
904 701 1004 769 τῆς
1038 701 1275 772 ἱστορίας
1299 703 1390 767 διά
1416 709 1516 778 τῆς
1543 708 1714 779 ἀκοῆς
1744 726 1887 779 παρ-

292 783 494 859 ίστησι,
541 788 716 844 ταῦτα
765 791 1014 861 γραφικὴ
1059 794 1316 848 σιωπῶσα
1352 796 1438 850 διὰ
1478 802 1762 869 μιμήσεως
1790 801 1890 854 δεί-

293 897 502 933 κνυσιν.
549 881 707 935 Οὕτω
741 882 809 953 δὴ
852 884 946 936 καὶ
985 887 1147 955 ἡμεῖς
1197 888 1597 961 ἀναμνήσωμεν
1637 892 1746 962 (19.)
1791 894 1890 962 τῆς

292 975 498 1046 ἀρετῆς
535 976 648 1028 τῶν
694 975 905 1048 ἀνδρῶν
936 979 1064 1042 τοὺς
1102 983 1398 1052 παρόντας,
1446 985 1541 1036 καὶ
1587 986 1750 1038 οἱονεὶ
1799 988 1888 1038 ὑπ’

293 1067 418 1136 ὄψιν
448 1067 629 1121 αὐτῶν
662 1069 966 1138 ἀγαγόντες
997 1070 1096 1135 τὰς
1130 1073 1378 1144 πράξεις,
1409 1077 1720 1147 κινήσωμεν
1754 1078 1890 1148 πρὸς

296 1161 394 1232 τὴν
449 1161 688 1233 μίμησιν
732 1167 862 1229 τοὺς
913 1167 1319 1237 γενναιοτέρους
1379 1170 1472 1221 καὶ
1531 1171 1890 1240 οἰκειοτέρους

297 1255 482 1318 αὐτοῖς
527 1255 628 1328 τὴν
682 1257 1020 1329 προαίρεσιν.
1057 1259 1224 1312 Τοῦτο
1278 1261 1388 1330 γάρ
1429 1262 1544 1313 ἐστι
1599 1261 1890 1332 μαρτύρων

298 1347 594 1419 ἐγκώμιον,
633 1353 667 1420 ἡ
710 1352 848 1423 πρὸς
882 1353 1082 1426 ἀρετὴν
1124 1353 1471 1425 παράκλησις
1507 1353 1616 1407 τῶν
1656 1353 1891 1406 συνειλε-

299 1442 537 1512 γμένων.
590 1443 728 1496 Οὐδὲ
777 1445 885 1516 γὰρ
932 1446 1312 1516 καταδέχονται
1362 1447 1548 1518 νόμοις
1600 1447 1890 1517 ἐγκωμίων

298 1533 572 1588 δουλεύειν
615 1536 668 1587 οἱ
704 1537 836 1607 περὶ
869 1537 977 1589 τῶν
1023 1539 1194 1606 ἁγίων
1237 1540 1406 1607 λόγοι.
1443 1540 1586 1593 Διότι
1630 1541 1679 1592 oi
1725 1542 1890 1610 εὐφη-

303 1626 530 1697 μοῦντες
563 1627 678 1698 (15)
703 1631 770 1682 ὲκ
795 1629 900 1682 τῶν
927 1630 1021 1684 τοῦ
1049 1632 1255 1702 κόσμου
1284 1633 1550 1703 ἀφορμῶν
1583 1633 1680 1697 τὰς
1717 1633 1890 1704 ἀρχὰς

299 1716 407 1770 τῶν
426 1719 720 1787 εὐφημιῶν
754 1719 1152 1790 λαμϐάνουσιν·
1183 1715 1264 1784 οἷς
1302 1721 1358 1774 δὲ
1401 1721 1428 1772 6
1468 1722 1672 1792 κόσμος
1699 1722 1893 1776 ἐσταύ-

303 1827 498 1880 ρωται,
540 1810 662 1873 πῶς
693 1810 916 1863 δύναταί
947 1830 999 1864 τι
1043 1813 1148 1865 τῶν
1188 1814 1246 1864 έν
1280 1812 1428 1881 αὐτῷ
1473 1813 1724 1884 ἀφορμὴν
1761 1831 1893 1883 παρ-

300 1899 438 1970 έχειν
490 1902 577 1963 είς
626 1903 1023 1973 περιφάνειαν;
1076 1905 1190 1955 Οὐκ
1243 1899 1312 1974 ἦν
1373 1904 1470 1974 μία
1523 1905 1724 1974 πατρὶς
1781 1907 1894 1967 τοῖς

299 1993 506 2061 ἁγίοις·
543 1993 706 2057 ἄλλος
733 1995 842 2064 γὰρ
882 1994 1174 2065 ἀλλαχόθεν
1211 1995 1455 2067 ὥρμητο.
1501 1997 1566 2048 Τί
1590 1993 1713 2060 οὖνς
1759 1996 1884 2049 ἀπό·
1961 1997 1965 2005 ’

300 2083 447 2146 λιδας
503 2085 711 2148 αὐτοὺς
753 2085 1020 2155 εἴπωμεν,
1059 2088 1091 2158 ἢ
1137 2087 1239 2156 τῆς
1271 2089 1600 2159 οἰκουμένης
1633 2089 1856 2152 πολίτας
1880 2132 1892 2150 ,

303 2176 512 2247 Ὠσπερ
546 2176 657 2249 γὰρ
706 2178 765 2230 ἐν
804 2180 923 2240 ταῖς
961 2178 1069 2230 τῶν
1117 2180 1324 2250 ὲράνων
1377 2184 1758 2250 συνεισφοραῖς
1782 2181 1894 2249 (14)

300 2268 365 2321 τὰ
396 2271 531 2340 παρ’
578 2271 814 2324 ἑκάστου
853 2270 1268 2341 καταϐληθέντα
1311 2272 1466 2324 κοινά
1509 2272 1616 2325 τῶν
1655 2275 1897 2340 εἰσενεγ-

302 2361 510 2415 κάντων
535 2362 783 2429 γίνεται·
821 2362 965 2416 οὓτω
995 2364 1088 2416 καὶ
1108 2365 1202 2417 ἐπὶ
1232 2364 1339 2417 τῶν
1372 2366 1657 2438 μακαρίων
1690 2368 1896 2420 τούτων

302 2456 335 2524 ἡ
367 2453 602 2506 ἑκάστου
640 2448 843 2526 πατρὶς
896 2455 1048 2524 κοινὴ
1101 2456 1318 2509 πάντων
1355 2457 1502 2509 ἐστί·
1553 2459 1645 2512 καὶ
1695 2459 1893 2523 πάντες

303 2547 405 2598 εἰσὶ
439 2546 787 2616 πανταχόθεν
812 2547 1169 2611 ἀντιδιδόντες
1217 2548 1468 2619 ἀλλήλοις
1511 2551 1610 2612 τὰς
1641 2551 1889 2619 ἐνεγκού‹

307 2657 419 2706 σας.
458 2640 684 2694 Μᾶλλον
720 2641 777 2700 δὲ
816 2641 870 2694 τί
913 2641 995 2694 δεῖ
1023 2641 1121 2706 τὰς
1166 2645 1340 2715 χαμαὶ
1379 2645 1634 2713 κειμένας
1669 2645 1868 2718 περιζη

303 2736 434 2796 τεῖν,
469 2734 592 2797 ὲξδν
624 2734 726 2805 τὴν
763 2732 859 2787 νῦν
893 2733 1071 2787 αὐτῶν
1101 2735 1275 2799 πόλιν,
1305 2737 1426 2807 ἥτις
1463 2739 1628 2803 ἐστὶν,
1661 2739 1862 2790 ἐννοεῖν

307 2825 463 2889 Πόλις
511 2825 699 2879 τοίνυν
745 2826 1040 2898 μαρτύρων
1074 2829 1106 2898 ἡ
1142 2827 1296 2892 πόλις
1334 2831 1453 2882 ἐστὶ
1492 2830 1587 2882 τοῦ
1631 2831 1798 2883 Θεοῦ·

309 2918 554 2989 τεχνίτης
587 2919 687 2971 καὶ
715 2919 1046 2990 δημιουργὸς
1070 2923 1098 2973 6
1124 2921 1276 2985 Θεὸς,
1305 2925 1337 2992 ἡ
1373 2922 1485 2975 ἄνω
1520 2922 1876 2994 Ἰερουσαλὴμ

307 3015 337 3082 ὴ
377 3013 671 3084 ἐλευθέρα,
713 3015 745 3083 ἡ
797 3013 979 3083 μήτηρ
1026 3012 1261 3070 Παύλου.
1291 3014 1521 3067 καὶτῶν
1561 3015 1756 3086 ἐκείνῳ
1785 3016 1897 3088 (15)
1929 3008 1951 3022 ’

1991 539 2151 578 mone
2177 532 2458 590 ornantes,
2494 525 2548 578 hi
2583 541 2714 580 vero
2746 527 2894 594 ipsas
2924 525 3284 597 depingentes
3314 527 3371 582 in
3397 528 3573 583 tabel-

1990 614 2079 680 lis,
2122 623 2176 670 et
2216 616 2437 686 utrique
2466 631 2575 670 non
2608 631 2816 686 paucos
2858 617 2924 671 ad
2960 616 3338 671 fortitudinem
3367 618 3572 672 excita-

1990 715 2138 762 runt.
2164 707 2296 773 Quaa
2317 710 2462 763 enim
2479 710 2722 765 historiae
2753 725 2934 764 sermo
2951 726 3048 779 per
3063 710 3309 764 auditum
3327 710 3570 776 exhibet,

1989 815 2051 853 ea
2086 801 2157 855 ob
2187 803 2380 857 oculos
2410 804 2563 872 ponit
2592 803 2762 858 silens
2802 803 3020 873 pictura
3061 819 3158 874 per
3187 804 3570 858 imitationem.

1990 891 2149 946 Hunc
2194 893 2258 946 ad
2305 894 2524 947 modum
2557 902 2610 949 et
2657 910 2756 949 nos
2789 896 3096 950 astantibus
3147 898 3199 950 in
3251 896 3572 951 memoriam

1990 999 2312 1040 revocemus
2344 987 2587 1039 virorum
2618 987 2899 1049 virtutem,
2933 1003 3232 1057 eorumque
3263 988 3429 1057 gestis
3456 987 3574 1040 vel-

1991 1083 2051 1130 ut
2081 1077 2134 1129 in
2186 1085 2542 1146 conspectum
2579 1078 2850 1140 adductis,
2881 1079 2971 1149 qui
3001 1081 3379 1149 generosiores
3419 1087 3570 1143 sunt,

1991 1169 2284 1238 animoque
2312 1169 2448 1238 ipsis
2478 1170 2913 1238 conjunctiores,
2946 1186 3043 1225 eos
3078 1171 3144 1225 ad
3169 1172 3572 1225 aemulationem

1990 1262 2431 1316 exstimulemus.
2472 1261 2606 1316 Nam
2646 1272 3008 1334 congregatos
3047 1263 3330 1318 exhortari
3360 1264 3427 1318 ad
3462 1265 3575 1317 vir-

1991 1361 2186 1416 tutem,
2214 1355 2331 1410 haec
2361 1362 2444 1410 est
2472 1364 2777 1426 martyrum
2831 1357 2969 1410 laus.
3003 1356 3189 1426 Neque
3227 1357 3370 1410 enim
3403 1355 3575 1410 habiti

1991 1445 2059 1498 de
2115 1445 2274 1515 150
2319 1447 2529 1501 sanctis
2578 1463 2860 1502 sermones
2911 1449 3308 1517 praeconiorum
3363 1447 3574 1518 legibus

1992 1543 2292 1613 dignantur
2324 1544 2546 1597 servire.
2587 1543 2723 1598 Nam
2763 1544 2855 1614 qui
2892 1544 3138 1606 laudant,
3174 1560 3239 1598 ex
3280 1543 3575 1597 mundanis

1993 1635 2176 1690 causis
2202 1635 2424 1688 laudum
2457 1635 2726 1706 originem
2754 1643 2978 1690 sumunt
3004 1654 3016 1688 :
3052 1635 3251 1705 quibus
3270 1649 3402 1689 vero
3423 1650 3576 1687 mun-

1995 1728 2101 1784 dus
2130 1728 2429 1782 crucifixus
2457 1737 2564 1795 est,
2597 1729 2872 1798 quomodo
2917 1727 3218 1797 quidquam
3248 1741 3315 1782 ex
3356 1727 3424 1781 iis
3455 1740 3575 1794 quae

1998 1823 2052 1876 in
2084 1825 2290 1875 mundo
2321 1828 2468 1881 sunt,
2516 1835 2706 1874 eorum
2743 1820 2980 1873 claritati
3031 1830 3196 1888 atque
3223 1815 3574 1872 commenda-

1999 1913 2130 1967 tioni
2178 1913 2359 1967 locum
2412 1912 2583 1966 ullum
2615 1913 2858 1981 praebere
2883 1911 3116 1980 poterit?
3149 1908 3266 1963 Non
3306 1922 3414 1962 una
3457 1914 3574 1962 erat

1999 2006 2210 2060 sanctis
2261 2004 2436 2072 patria
2470 2019 2484 2056 :
2522 2002 2793 2072 siquidem
2855 2003 2994 2056 alius
3052 2000 3271 2054 aliunde
3327 2006 3554 2054 venerat

1998 2097 2138 2163 Quid
2196 2095 2398 2166 igitur?
2429 2096 2654 2164 ipsosne
2693 2105 2942 2148 extorres
2996 2093 3265 2155 dicemus,
3317 2105 3385 2144 an
3425 2089 3576 2143 orbis

1998 2187 2186 2241 cives?
2214 2185 2683 2251 Quemadmodum
2716 2187 2860 2239 enim
2894 2185 2948 2237 in
2997 2183 3369 2254 symbolorum
3404 2181 3576 2234 colla—

1997 2279 2242 2333 tionibus
2267 2294 2330 2332 ea
2369 2293 2489 2346 qua:
2519 2277 2589 2330 ab
2620 2291 2953 2346 unoquoque
2982 2276 3177 2328 collata
3211 2282 3359 2334 sunt,
3390 2270 3577 2326 confe-

1999 2372 2238 2424 rentium
2267 2369 2404 2423 ﬁunt
2437 2370 2750 2423 communia
2787 2388 2798 2422 :
2831 2368 2904 2421 ita
2933 2381 3150 2436 quoque
3195 2365 3249 2418 in
3282 2363 3368 2417 his
3403 2362 3578 2416 beatis

1999 2460 2436 2530 uniuscujusque
2463 2459 2637 2530 patria
2687 2457 2997 2512 communis
3029 2462 3112 2509 est
3155 2454 3420 2516 omnium,
3459 2465 3579 2504 om-

1999 2567 2210 2625 nesque
2252 2553 2621 2622 undecunque
2649 2549 2902 2619 profecti,
2931 2549 3070 2601 alter
3119 2560 3242 2598 cum
3277 2544 3449 2598 altero
3477 2558 3577 2612 pa-

1957 2630 1960 2635 .
2000 2648 2160 2701 triam
2194 2645 2626 2700 communicant.
2660 2640 2774 2694 lino
2798 2655 2928 2694 vero
2953 2637 3083 2707 quid
3107 2636 3303 2689 attinet
3332 2641 3580 2688 terrenas

1944 2739 1952 2810 ξ
2001 2737 2210 2807 patrias
2247 2735 2618 2804 investigare;
2651 2748 2774 2787 cum
2813 2747 2975 2785 nosse
3003 2744 3124 2798 qua:
3155 2741 3303 2780 nunc
3335 2725 3416 2779 eis
3444 2723 3578 2777 civi-

2001 2839 2087 2885 tas
2127 2829 2220 2893 sit,
2254 2827 2456 2882 liceat?
2480 2825 2688 2880 Civitas
2721 2824 2888 2893 igitur
2925 2829 3249 2890 martyrum,
3273 2816 3465 2870 civitas
3497 2822 3582 2868 est

2001 2922 2097 2976 Dei
2123 2921 2167 2952 ¹¹⁵
2197 2941 2208 2974 :
2239 2919 2399 2988 cujus
2429 2916 2612 2988 opifex
2648 2923 2701 2968 et
2729 2913 2928 2968 artifex
2964 2912 3104 2966 Deus
3131 2911 3196 2974 “,
3225 2919 3462 2978 superna
3486 2903 3580 2958 Je-

2002 3011 2264 3075 rusalem,
2317 3009 2512 3072 libera,
2567 3012 2742 3058 mater
2775 3002 2952 3066 Pauli,
3005 3009 3059 3053 et
3109 3012 3324 3060 eorum,
3379 2994 3472 3064 qui
3532 2993 3580 3047 ei

307 3104 734 3177 παραπλησίων.
787 3105 948 3168 Γένος
995 3104 1053 3157 δὲ
1097 3105 1158 3157 τὸ
1216 3105 1314 3176 μὲν
1372 3104 1714 3176 ἀνθρώπινον
1771 3108 1897 3162 ἄλλο

2004 3112 2132 3160 sunt
2156 3100 2496 3157 consimiles.
2533 3097 2598 3150 Et
2635 3111 2764 3150 vero
2805 3093 3090 3149 hominum
3130 3089 3349 3159 quidem
3387 3101 3582 3157 genus,

306 3197 464 3252 ἄλλον
485 3213 500 3225 ’
533 3196 597 3249 τὸ
629 3196 689 3249 δὲ
730 3197 1099 3265 πνευματικὸν
1149 3197 1207 3250 ἒν
1258 3198 1532 3253 ἁπάντων.
1570 3201 1763 3264 Κοινὸς
1787 3200 1894 3272 γὰρ

306 3289 482 3343 αὐτῶν
507 3288 698 3359 πατὴρ
747 3291 777 3342 6
819 3289 974 3352 Θεὸς,
1012 3291 1106 3341 καὶ
1151 3288 1369 3356 ἀδελφοὶ
1403 3291 1622 3356 πάντες,
1659 3293 1758 3344 οὐκ
1791 3293 1899 3346 ἀπὸ

308 3379 422 3442 ἑνὸς
465 3381 565 3432 καὶ
610 3379 744 3449 μιᾶς
795 3377 1166 3447 γεννηθέντες,
1220 3379 1336 3432 ἀλλ’
1379 3381 1443 3432 ἐκ
1478 3381 1577 3450 τῆς
1626 3381 1900 3444 υἱοθεσίας

309 3469 396 3522 τοῦ
425 3470 752 3540 Πνεύματος
779 3472 857 3532 είς
893 3468 993 3540 τὴν
1033 3468 1120 3521 διὰ
1150 3469 1248 3540 τῆς
1275 3470 1496 3542 ἀγάπης
1528 3471 1779 3542 ὁμόνοιαν
1807 3473 1901 3526 ἀλ-

310 3563 483 3635 λήλοις
549 3561 1044 3632 συναρμοσθέντες.
1091 3561 1262 3634 Χορὸς
1323 3563 1558 3632 ἕτοιμος,
1614 3565 1898 3637 προσθήκη

314 3653 522 3723 μεγάλη
564 3652 678 3705 τῶν
713 3653 809 3705 ἀπ’
843 3651 1042 3714 αἰῶνος
1081 3650 1410 3716 δοξαζόντων
1453 3654 1542 3706 τὸν
1581 3655 1804 3724 Κύριον,
1840 3657 1900 3707 οὐ

313 3746 429 3800 καθ’
458 3747 560 3799 ἕνα
592 3744 1096 3816 συναθροισθέντες,
1121 3744 1234 3798 ἀλλ’
1255 3743 1466 3816 ἀθρόως
1492 3746 1899 3815 μετατεθέντες.

315 3839 406 3902 Τίς
444 3839 504 3892 δὲ
550 3840 580 3889 ὁ
625 3837 829 3910 τρόπος
879 3837 980 3908 τῆς
1034 3836 1409 3907 μεταθέσεως;
1457 3834 1636 3902 Οὗτοι,
1685 3839 1902 3909 μεγέθει

319 3931 590 4002 σώματος,
618 3930 716 3983 καὶ
737 3929 958 4000 ἡλικίας
997 3931 1170 4001 ἀκμῇ,
1216 3931 1311 3983 καὶ
1354 3930 1582 4001 δυνάμει
1629 3931 1737 3984 τῶν
1783 3932 1903 3986 καθ’

317 4023 542 4086 ἑαυτοὺς
580 4023 840 4076 ἁπάντων
884 4022 1273 4091 διενεγκόντες,
1317 4025 1396 4087 εἰς
1429 4025 1554 4086 τοὺς
1587 4041 1904 4093 στρατιωτι-

317 4120 442 4193 κοὺς
469 4118 651 4171 τελεῖν
679 4116 790 4187 (16)
827 4114 1133 4186 ἐτάχθησαν
1176 4115 1539 4183 καταλόγους·
1573 4115 1667 4168 καὶ
1707 4116 1774 4169 δι’
1803 4118 1905 4187 ὲμ-

317 4212 534 4284 ,κειρίαν
587 4208 916 4280 πολεμικὴν,
970 4210 1066 4261 καὶ
1106 4207 1356 4280 ἀνδρείαν
1411 4206 1624 4277 ψυχῆς,
1658 4207 1759 4279 ἤδη
1809 4208 1905 4272 τὰς

323 4305 543 4375 πρώτας
584 4297 733 4373 εἶχον
787 4300 940 4372 παρὰ
994 4299 1254 4370 βασιλέων
1310 4300 1420 4370 (17)
1467 4299 1666 4370 τιμὰς,
1707 4302 1905 4370 ὀνομα-

324 4398 436 4450 στοὶ
462 4396 620 4468 παρά
649 4398 814 4449 πᾶσιν
839 4394 992 4457 ὄντες
1021 4393 1089 4445 δι’
1119 4394 1340 4464 ἀρετήν.

2005 3195 2153 3253 aliud
2197 3196 2377 3249 alius:
2406 3191 2501 3248 sed
2543 3205 2715 3260 genus
2749 3184 3055 3258 spirituale,
3105 3196 3272 3236 unum
3318 3177 3582 3233 omnium.

2005 3285 2329 3344 Communis
2383 3282 2528 3338 enim
2583 3281 2829 3351 ipsorum
2875 3286 3030 3345 pater
3063 3272 3231 3336 Deus,
3282 3280 3336 3325 et
3389 3269 3588 3323 fratres

2007 3395 2220 3443 omnes,
2253 3393 2362 3431 non
2398 3375 2468 3430 ab
2499 3389 2610 3428 uno
2641 3381 2697 3426 et
2725 3371 2795 3424 ab
2826 3384 2934 3424 una
2965 3366 3154 3437 geniti,
3188 3363 3282 3420 sed
3313 3379 3375 3416 ex
3412 3359 3586 3430 Spiri-

2008 3483 2096 3526 tus
2128 3471 2419 3541 adoptione
2462 3467 2518 3520 in
2563 3463 2916 3519 concordiam
2947 3459 3091 3514 inter
3135 3473 3193 3512 se
3235 3471 3330 3524 per
3359 3453 3590 3506 charita-

2009 3575 2118 3619 tein
2161 3560 2570 3616 convenientes.
2609 3555 2824 3609 Chorus
2862 3558 3111 3622 paratus,
3166 3560 3364 3614 magna
3403 3558 3590 3596 acces-

2010 3658 2093 3712 sio
2116 3669 2329 3716 eonnn,
2361 3650 2454 3720 qui
2482 3664 2510 3701 a
2548 3646 2748 3702 sreculo
2772 3643 2938 3699 Deum
2975 3641 3146 3712 gloria
3179 3636 3440 3695 alliciunt,
3480 3649 3590 3687 non

2010 3747 2289 3818 sigillatim
2320 3740 2653 3811 congregati,
2690 3736 2784 3792 sed
2825 3732 3120 3789 acervatim
3151 3727 3426 3784 translati.
3455 3725 3591 3792 Quis

2010 3854 2142 3895 vero
2190 3832 2570 3891 translationis
2616 3828 2851 3885 modus?
2877 3824 2942 3879 Hi
2979 3820 3354 3893 magnitudine
3394 3832 3593 3886 corpo-

2010 3935 2109 3996 ris,
2151 3938 2206 3986 et
2241 3927 2416 3983 artatis
2445 3925 2629 3996 vigore
2659 3936 2724 3976 ac
2759 3920 2957 3974 rohore
2984 3915 3240 3971 omnibus
3273 3911 3389 3967 suis
3411 3924 3593 3979 aequa—

2011 4026 2159 4080 libus
2185 4025 2530 4093 praestantes,
2564 4015 2619 4068 in
2649 4013 2918 4067 militares
2944 4008 3223 4076 catalogos
3245 4003 3403 4058 relati
3425 4007 3552 4057 sunt
3573 4016 3594 4066 ;_

2013 4091 2288 4187 atque‘oh
2313 4107 2708 4180 experientiam
2741 4103 3018 4164 bellicam,
3054 4096 3331 4167 animique
3369 4091 3592 4149 fortitu-

2013 4184 2223 4269 dinem,
2253 4205 2365 4275 jam
2411 4202 2620 4271 primos
2649 4198 2889 4252 honores
2919 4191 3064 4264 apud
3105 4191 3457 4260 imperatores
3495 4184 3594 4238 oli-

2014 4299 2285 4360 tinebant,
2316 4292 2466 4366 quod
2490 4291 2563 4347 ob
2588 4291 2844 4344 virtutem
2867 4281 3208 4342 celeberrimi
3235 4286 3419 4336 essent
3451 4275 3594 4347 apud

2017 4405 2235 4449 omnes.

389 4491 442 4544 5.
482 4460 713 4559 Ἐτιειδὴ
741 4486 797 4540 δὲ
829 4460 1168 4557 περιηγγέλη
1188 4485 1248 4538 τὸ
1272 4460 1431 4539 ἀθεον
1457 4486 1634 4538 ἐκεῖνο
1663 4487 1757 4539 καὶ
1785 4485 1897 4538 ἀσε-

2089 4484 2142 4537 5.
2187 4481 2482 4548 Postquam
2539 4482 2722 4528 autem
2772 4471 3177 4542 promulgatum
3226 4471 3312 4520 est
3366 4460 3600 4531 impium.

322 4578 414 4644 σὲς
446 4584 736 4652 κήρυγμα,
766 4579 840 4648 μὴ
870 4579 1150 4649 ὁμολογεῖν
1182 4577 1271 4631 τὸν
1293 4577 1599 4648 Χριστὸν,ἢ
1630 4577 1907 4639 κινδύνους

397 4739 440 4769 ⁸⁵
478 4735 648 4793 Hebr.
685 4752 796 4798 xu,
833 4735 924 4788 2:2.
1009 4736 1049 4766 ’⁵
1085 4733 1250 4789 llebr.
1292 4749 1379 4797 xi,
1415 4735 1497 4788 l0.

398 4892 507 4964 (12)
545 4891 642 4948 Sic
669 4891 812 4948 Med.
847 4901 900 4946 et
930 4890 1070 4947 Oliv.
1092 4900 1144 4947 et
1172 4891 1264 4946 alii
1291 4888 1562 4948 nonnulli.
1592 4886 1732 4940 Editi
1769 4885 1898 4936 ἀνα-

331 4967 695 5034 μνήσομεν....
735 4965 1054 5034 κινήσομεν.

399 5028 514 5104 (15)
538 5028 980 5091 ϐοιὺετιὶηἵόιίι)
1010 5032 1239 5103 Perinde
1268 5040 1330 5088 ut
1356 5030 1496 5086 Med.
1527 5028 1661 5082 διότι
1683 5029 1734 5079 οἱ
1760 5028 1912 5080 ἐπαι-

327 5105 564 5169 νοῦντες.

394 5177 504 5245 (14)
527 5176 714 5231 Codex
735 5172 879 5230 Med.
908 5172 1120 5243 ἐράνων
1141 5175 1440 5245 εἰσφοραῖς.
1465 5169 1585 5225 Mox
1609 5185 1752 5224 unus
1777 5183 1912 5222 mss.

330 5249 767 5315 εἰσενεγκόντων.

400 5319 512 5381 (15)
539 5319 674 5389 Reg.
705 5319 924 5389 primus
949 5316 1045 5389 καὶ
1071 5315 1180 5369 τῶν
1218 5315 1449 5368 ἐκείνου.

401 5379 510 5459 (16)
546 5379 794 5462 Utraque
843 5388 1112 5462 editio_et
1155 5403 1250 5441 sex
1285 5401 1435 5462 ,εἰπε-5.
1485 5379 1911 5462 στρατιωτικοὺς

335 5455 500 5520 τελεῖν
536 5455 850 5529 ἐτάχθησαν
884 5457 1236 5525 καταλόγους.
1278 5455 1432 5529 Coll).
1453 5527 1470 5529 η
1485 5455 1696 5529 primus
1744 5466 1909 5529 στρα-

335 5533 616 5600 τιωτικοὺς
632 5520 950 5600 ἐτάχθησαν
973 5520 1522 5600 καταλόγουςτελείν,
1547 5522 1654 5575 alio
1678 5520 1870 5573 ordine
1895 5537 1908 5571 :

338 5599 389 5652 in
417 5603 620 5670 quibus
651 5594 916 5660 omnibus
947 5600 1172 5670 verbum
1198 5595 1374 5649 τελεῖν
1401 5594 1619 5670 videtur
1649 5599 1742 5644 aut
1770 5606 1908 5659 παρ-

335 5664 528 5735 έλκειν,
566 5679 660 5726 aut
693 5671 938 5740 positum
976 5669 1404 5740 fuisse_ornatus
1437 5664 1634 5740 gratia.

401 5729 526 5816 (17)
550 5729 802 5812 Utraque
851 5740 1019 5796 editio
1051 5748 1106 5794 et
1150 5737 1282 5809 Reg.
1323 5729 1517 5794 tertius
1549 5732 1720 5790 codex
1768 5729 1902 5802 opti-

2017 4575 2149 4631 illud
2186 4574 2588 4639 scelestumque
2615 4569 2876 4629 edictum,
2908 4572 2967 4620 ut
2997 4579 3064 4618 ne
3095 4560 3218 4632 quis
3245 4555 3602 4613 conﬁteretur-

2010 4897 2134 4936 mus
2179 4879 2436 4946 idemque
2494 4875 2914 4946 antiquissimus
2973 4870 3121 4946 παρὰ
3162 4868 3471 4946 βασιλέων,

2019 4936 2442 5019 imperatoribus.
2510 4936 2644 5019 Reg:
2713 4945 2997 5019 secundus.
3035 4936 3098 5019 is}:
3159 4939 3437 5019 βασιλέων..
3492 4936 3602 5018 Alii

2019 5007 2262 5091 quinque
2303 5034 2454 5091 mss._
2486 5019 2550 5091 ἐκ
2585 5007 2892 5091 βασιλέως,
2943 5012 3006 5091 a6
3049 5007 3381 5091 imperatore.
3413 5007 3601 5061 Lectio

2020 5079 2294 5161 posterior
2346 5088 2535 5161 multis
2569 5079 3035 5161 fortassenmagis
3087 5079 3428 5161 probabitur,
3488 5093 3599 5160 non

2023 5149 2201 5217 solum
2244 5159 2390 5231 quod
2441 5157 2679 5228 plurium
2739 5149 2989 5231 codicum
3034 5151 3359 5231 auctoritate
3414 5149 3606 5231 innixa

2024 5234 2117 5295 sit,
2159 5218 2278 5288 sed.
2310 5218 2456 5298 quod
2503 5242 2704 5298 perrse
2751 5225 2932 5278 verior
2981 5238 3101 5276 esse
3155 5220 3425 5298 videatur.
3463 5218 3599 5298 Cum

2018 5289 2162 5358 enim
2211 5289 2574 5370 quadraginta
2617 5297 2689 5349 illi
2740 5304 3005 5370 martyres
3060 5298 3268 5370 starent
3308 5289 3609 5370 aLicinio,

2019 5361 2452 5428 conven'ientius'
2491 5369 2706 5421 videtur
2741 5361 2944 5427 dicere,
2983 5379 3081 5417 eos
3125 5361 3267 5430 apud
3309 5361 3602 5427 imperato-

2019 5459 2133 5498 rem
2192 5444 2247 5496 in
2301 5443 2506 5495 honore
2569 5437 2760 5497 fuisse,
2819 5450 2982 5504 quam
3030 5433 3172 5500 apud
3218 5432 3599 5501 imperatores.

2019 5514 2291 5580 Quoniam
2333 5519 2515 5564 tamen
2559 5523 2666 5580 non
2693 5521 2848 5580 iraro
2895 5505 3206 5580 contingit,_
3240 5510 3299 5580 ιιι
3335 5509 3615 5580 prtitores.

2017 5572 2119 5655 pro
2160 5596 2387 5655 numero
2439 5579 2706 5655 singulari
2757 5591 3047 5655 numerum
3098 5572 3600 5655 multitudinisnpo-

2017 5640 2172 5716 nant,
2219 5652 2352 5705 nihil
2392 5640 2715 5705 mutandum
2759 5646 3151 5718 judicavimus.
3213 5642 3407 5698 Statim
3462 5640 3611 5713 Bcg,‘

2020 5722 2296 5802 secundus
2318 5722 2436 5775 ἐπεὶ
2470 5721 2544 5774 δέ.
