4036 6236
425 290 526 351 εει

1737 294 1797 350 S.
1836 292 2085 350 BASILII
2124 293 2338 350 MAGNI

3572 305 3681 361 διε

422 411 729 473 Christum,
779 410 985 482 alioqui
1034 412 1319 468 subeunda
1366 413 1609 484 pericula
1644 423 1849 481 essent,
1885 423 1999 469 tum

2105 417 2458 487 ἐκδέχεσθαι·
2500 418 2774 488 ὴπειλείτο
2820 419 2878 471 δὲ
2922 422 3031 473 πᾶν
3075 419 3214 486 εἶδος
3257 423 3550 490 κολάσεως,
3593 428 3680 480 Ικαὶ

423 508 636 562 nullum
671 523 781 561 non
818 510 1193 564 intentabatur
1241 526 1413 580 genus
1462 512 1875 581 suppliciorum,
1912 520 1995 564 at-

423 614 533 670 que
577 599 795 668 judices
844 600 1155 669 iniquitatis
1203 601 1645 656 accendebantur
1696 604 1867 657 multa
1917 604 1995 655 ira

425 704 491 745 ac
524 689 698 745 ferina
734 693 788 745 in
835 692 935 747 hos
978 693 1196 763 pietatis
1238 694 1498 748 cultores.
1533 693 1751 749 Insidiae
1789 708 1852 748 ac
1887 695 1995 748 doli

357 770 364 783 ’
423 784 507 839 eis
539 783 924 847 tendebantur,
952 783 1366 853 studiosiusque
1394 783 1823 853 exquirebantur
1846 785 1996 837 varia

424 886 828 931 tormentorum
866 892 1089 947 genera.
1118 876 1381 931 Tortores
1412 876 1786 946 implacabiles
1818 884 1995 943 erant,

424 970 571 1037 ignis
622 977 869 1038 paratus,
947 970 1161 1039 gladius
1217 970 1535 1031 acuebatur,
1597 984 1733 1023 crux
1796 968 1995 1032 deﬁxa,

426 1060 599 1125 fossa,
633 1070 775 1126 rota,
806 1062 1040 1131 flagella.
1073 1061 1179 1114 Alii
1213 1061 1580 1130 conjiciebant
1612 1076 1671 1116 se
1700 1060 1754 1113 in
1790 1060 1997 1129 fugam,

427 1154 521 1207 alii
568 1154 1030 1217 succumbebant,
1078 1152 1168 1206 alii
1203 1152 1561 1206 ﬂuctuabant.
1612 1150 1843 1216 Quidam
1871 1165 2000 1204 vero

427 1256 555 1300 ante
614 1246 1051 1316 experimentum
1110 1244 1276 1299 minis
1338 1244 1471 1298 solis
1508 1243 1786 1297 absterriti
1847 1248 1995 1297 sunt.

425 1338 556 1401 Alii,
596 1338 933 1393 cruciatibus
973 1337 1084 1405 jam
1127 1351 1235 1390 non
1264 1338 1424 1406 longe
1456 1336 1691 1400 dissitis,
1732 1336 2002 1407 vertigine

424 1425 749 1478 laborarunt
804 1443 818 1479 :
860 1425 949 1477 alii
999 1426 1245 1495 aggressi
1297 1426 1628 1489 certamina,
1685 1425 1883 1481 deinde
1932 1425 1998 1479 ad

427 1516 588 1569 linem
631 1532 806 1586 usque
851 1516 1103 1571 laborum
1150 1533 1502 1587 perseverare
1541 1517 1687 1571 haud
1732 1518 1998 1583 valentes,

427 1608 483 1661 in
541 1608 722 1661 medio
769 1608 882 1664 fere
926 1610 1226 1664 certamine
1287 1609 1692 1679 despondentes
1734 1610 1999 1676 animum,

425 1715 539 1753 non
572 1715 733 1755 secus
766 1709 932 1771 atque
964 1702 1017 1755 hi
1047 1703 1141 1771 qui
1179 1703 1233 1757 in
1270 1702 1406 1755 mari
1438 1710 1763 1771 tempestate
1788 1701 2000 1770 jactan-

429 1801 539 1855 tur,
574 1793 739 1845 etiam
772 1801 959 1861 partas
990 1790 1101 1860 jam
1138 1793 1412 1862 patientiae
1458 1808 1667 1847 merces
1715 1791 2001 1862 naufragio

426 1879 747 1935 amiserunt.
814 1880 969 1935 Tunc
1034 1882 1198 1951 igitur
1264 1882 1453 1937 invicti
1523 1883 1601 1935 illi
1658 1896 1723 1937 ac
1790 1883 2000 1937 strenui

427 1969 633 2025 Christi
664 1973 867 2028 milites
903 1973 1236 2042 prodeuntes
1278 1974 1333 2028 in
1365 1974 1636 2039 medium,
1679 1975 2003 2029 ostendente

427 2063 686 2132 praefecto
714 2065 1062 2134 imperatoris
1098 2066 1334 2132 litteras,
1379 2081 1445 2120 ac
1473 2067 1842 2121 obedientiam
1879 2067 2000 2121 exi-

426 2165 606 2227 gente,
656 2158 807 2228 151
841 2159 1016 2213 libera
1058 2175 1217 2220 voce,
1262 2159 1607 2214 conﬁdenter
1654 2159 1998 2229 fortiterque,

428 2249 565 2302 nihil
594 2256 993 2305 tormentorum
1022 2258 1244 2320 aspectu
1280 2250 1874 2321 perterrefacti,neque
1907 2251 2003 2304 mi-

429 2356 532 2396 nas
559 2340 937 2406 formidantes,
962 2358 1086 2397 esse
1115 2358 1175 2397 se
1197 2343 1545 2398 Christianos
1578 2342 1821 2399 confessi
1849 2351 1998 2398 sunt.

428 2431 474 2486 Ο
511 2433 699 2489 beatas
731 2435 963 2504 linguas,
994 2450 1115 2505 qua:
1148 2450 1361 2491 sacram
1397 2436 1548 2490 illam
1584 2452 1775 2492 vocem
1801 2437 2002 2492 emisev

428 2530 580 2589 runt,
613 2541 775 2594 quam
802 2542 928 2580 eum
960 2542 1054 2581 aer
1082 2528 1312 2597 recepit,
1342 2528 1717 2583 sanctiﬁcatus
1739 2536 1821 2582 est
1853 2549 1866 2578 :
1894 2542 2002 2598 qua

430 2614 617 2669 audita
668 2616 918 2685 plausum
962 2619 1278 2671 excitarunt
1328 2619 1530 2688 angeli,
1573 2618 1824 2673 diabolus
1872 2634 2003 2673 vero

431 2721 537 2758 una
573 2721 697 2759 cum
722 2705 1060 2761 daemonibus
1095 2709 1374 2763 sauciatus
1405 2717 1489 2763 est
1518 2727 1532 2763 :
1560 2724 1727 2778 quam
1766 2708 2001 2779 denique

428 2795 697 2851 Dominus
730 2799 1013 2868 inscripsit
1041 2798 1096 2852 in
1124 2799 1300 2855 caelis.

497 2908 551 2963 4.
591 2908 776 2979 Itaque
823 2911 1199 2981 unusquisque
1242 2925 1431 2966 eorum
1485 2912 1541 2964 in
1581 2910 1817 2966 medium
1874 2925 2003 2979 pro-

430 2999 611 3061 diens,
662 3000 800 3054 dixit
835 3019 847 3054 :
877 3000 1226 3057 Christianus
1261 3017 1404 3056 sum.
1451 3000 1518 3054 Et
1542 3002 2000 3073 quemadmodum

2033 961 2093 971 ιη’-

2098 506 2263 569 πολὺς
2300 510 2329 561 6
2363 508 2533 579 θυμὸς
2562 507 2657 560 καὶ
2697 506 2969 580 θηριώδης
3005 511 3155 582 παρά
3194 510 3302 565 τῶν
3347 512 3552 583 κριτῶν
3580 514 3678 584 τῆς

2098 597 2311 661 ἀδικίας
2357 600 2498 654 κατὰ
2530 599 2639 652 τῶν
2674 598 3040 653 εὐσεϐούντων
3078 602 3361 674 κεκίνητο·
3393 602 3677 659 ἐπιϐουλαὶ

2097 690 2155 743 δὲ
2188 690 2280 743 καὶ
2312 690 2455 743 δόλοι
2482 694 2602 744 κατ’
2628 692 2807 745 αὐτῶν
2840 693 3299 763 συνερρἀτοντο,
3332 696 3427 749 καὶ
3454 698 3675 752 ποικίλα

2101 780 2214 850 είδη
2235 781 2484 851 βασάνων
2501 783 2885 853 ἐπετηδεύετο,
2922 784 3016 837 καὶ
3045 786 3095 837 οἱ
3126 785 3460 857 αἰκιζόμενοι
3488 790 3670 862 ἀπαρ-

2099 870 2344 949 αίτητοι,
2410 871 2471 924 τὸ
2520 872 2630 945 πῦρ
2680 873 2933 943 ἕτοιμον,
2986 874 3048 927 τὸ
3120 874 3271 945 ξίφος
3318 878 3587 949 ἡκόνητο,
3647 880 3676 930 6

2100 938 2335 1036 δ’ἦιῖρδς
2362 938 2661 1036 ἐπεπήγει·
2693 969 2721 1019 ὁ
2752 938 2960 1037 βόθρος,
2985 967 3014 1018 ὁ
3048 938 3259 1038 τροχδς,
3282 938 3353 1021 αἱ.
3376 938 3671 1039 μάστιγες⁸

2099 1055 2148 1106 οί
2186 1054 2283 1124 μὲν
2312 1054 2560 1123 ἔφευγον,
2592 1057 2640 1108 οἱ
2680 1055 2737 1107 δὲ
2771 1056 3116 1121 ύπέκυπτον,
3150 1059 3201 1111 οί
3233 1057 3287 1110 δὲ
3319 1059 3672 1114 ἐσαλεύοντο·

2098 1145 2243 1208 τινὲς
2284 1144 2340 1197 δὲ
2390 1144 2494 1214 πρὸ
2522 1146 2620 1216 τῆς
2663 1146 2858 1216 πείρας
2911 1147 3079 1216 μόνην
3124 1148 3224 1218 τὴν
3265 1148 3494 1220 ἀπειλὴν
3543 1166 3678 1203 κατ-

2068 1291 2072 1294 ,
2100 1234 2417 1305 επλάγησαν
2438 1251 2452 1265 ο
2483 1234 2657 1306 ἕτεροι
2690 1236 2767 1302 δὲ,
2807 1237 2974 1305 ἐγγὺς
3010 1237 3288 1308 γενόμενοι
3313 1238 3419 1292 τῶν
3463 1239 3674 1305 δεινῶν,

2105 1325 2442 1393 ίλιγγίασαψ
2483 1325 2632 1379 ἄλλοι
2673 1326 2750 1390 δέ,
2783 1331 2896 1390 τοῖς
2941 1327 3148 1395 ἀγῶσιν
3192 1328 3496 1398 ἐμϐάντες,
3556 1325 3678 1383 εἶτα

2099 1416 2381 1487 διαρκέσαι
2412 1418 2548 1489 πρὸς
2578 1419 2639 1471 τὸ
2665 1419 2837 1491 πέρας
2862 1419 2970 1473 τῶν
3003 1421 3180 1474 πόνων
3211 1421 3674 1493 ἀδυνατήσαντες,

2103 1511 2230 1581 περὶ
2266 1510 2334 1562 τὰ
2369 1509 2508 1580 μέσα
2538 1528 2641 1563 που
2667 1512 2764 1581 τῆς
2796 1512 3072 1581 ἀθλήσεως
3104 1515 3447 1580 ἀπειπόντες,
3481 1515 3676 1589 ὥσπερ

2101 1603 2149 1653 οί
2177 1603 2234 1654 ἐν
2258 1600 2486 1670 πελάγει
2505 1600 2911 1673 χειμαζόμενοι,
2946 1605 3040 1657 καὶ
3067 1604 3101 1657 ἂ
3124 1602 3267 1675 εἶχον
3287 1606 3387 1678 ἤδη
3415 1608 3673 1679 ἀγώγιμα

2101 1691 2203 1762 τῆς
2229 1694 2508 1764 ὑπομονῆς
2538 1696 2909 1767 ἐναυάγησαν·
2944 1697 3064 1749 τότε
3093 1697 3157 1768 δὴ
3198 1691 3363 1765 οὗτοι,
3393 1700 3442 1752 οί
3474 1701 3676 1771 ἀήττη-

2102 1802 2183 1839 τοι
2211 1785 2305 1839 καὶ
2330 1788 2564 1855 γενναῖοι
2591 1788 2686 1840 τοῦ
2719 1788 2953 1859 Χριστοῦ
2993 1791 3345 1862 στρατιῶται,
3375 1792 3671 1864 παρελθόνο

2099 1892 2190 1939 τες
2214 1878 2294 1938 είς
2322 1875 2539 1946 μέσους,
2574 1877 2972 1942 ἐπιδεικνύντος
2992 1879 3086 1931 τοῦ
3132 1880 3389 1951 ἄρχοντος
3424 1881 3492 1935 τὰ
3518 1881 3679 1951 βασι-

2100 1966 2236 2031 λέως
2268 1968 2571 2038 γράμματα
2594 1968 2689 2021 καλ⁵
2720 1967 2818 2040 τὴν
2854 1970 3100 2043 ὑπακοὴν
3130 1971 3506 2036 ἀπαιτοῦντος,
3529 1973 3680 2026 ἐλευ-

2101 2059 2235 2131 θέρᾳ
2271 2064 2338 2131 τῇ
2368 2064 2540 2131 φωνῇ,
2572 2060 2853 2133 εὐθαρσῶς
2881 2063 2977 2115 καὶ
3018 2063 3311 2134 ἀνδρείως,
3359 2065 3509 2119 οὐδὲν
3539 2067 3674 2120 ὐπο-

2102 2151 2402 2221 πτήξαντες
2440 2153 2548 2206 τῶν
2591 2154 2907 2224 ὁρωμένων,
2951 2155 3071 2209 ούδέ
3108 2157 3552 2225 καταπλαγέντες
3603 2158 3678 2212 τὰ

2101 2243 2498 2315 ἀπειλούμενα,
2526 2247 2888 2317 Χριστιανοὺς
2913 2247 3024 2319 (18)
3055 2249 3279 2313 ἑαυτοὺς
3311 2250 3672 2322 ἀνεκήρυξαν.

2100 2332 2171 2389 Ὦ
2207 2338 2475 2409 μακάριαι
2500 2338 2764 2407 γλῶσσαι,
2799 2341 2921 2393 ὅσαι
2960 2341 3060 2411 τὴν
3105 2341 3256 2412 ίεράν
3319 2342 3532 2414 ἐκείνην
3562 2344 3673 2410 ἀφ-

2101 2429 2240 2499 ῆκαν
2262 2432 2467 2501 φωνὴν,
2500 2431 2567 2502 ἣν
2597 2432 2704 2504 ἀὴρ
2736 2433 2832 2505 μὲν
2854 2432 3144 2504 δεξάμενος
3164 2433 3421 2505 ἡγιάσθη,
3453 2436 3675 2504 ἄγγελοι

2100 2520 2158 2572 δὲ
2186 2520 2518 2586 ἀκούσαντες
2561 2522 2967 2593 ἐπεκρότησαν’
3014 2524 3262 2587 διάϐολος
3285 2525 3342 2579 δέ
3375 2525 3512 2595 μετά
3552 2527 3673 2580 δαι-

2106 2612 2280 2681 μόνων
2337 2614 2779 2685 ἐτραυματίσθη·
2824 2614 3028 2686 Κύριος
3073 2614 3129 2668 δὲ
3184 2618 3243 2670 ἐν
3283 2616 3530 2688 οὐρανοῖς
3560 2616 3704 2688 (19).

2101 2701 2480 2773 ἀπεγράψατο.

2170 2901 2224 2955 4.
2274 2897 2440 2956 Εἶπον
2484 2903 2662 2957 τοίνυν
2706 2905 2935 2969 ἕκαστος
2975 2908 3057 2969 είς
3099 2907 3161 2961 τὸ
3210 2908 3374 2977 μέσον
3420 2908 3672 2981 παριών·

2102 2993 2429 3064 Χριστιανός
2480 2997 2615 3066 εἰμι.
2672 2996 2783 3049 Καὶ
2839 2996 3027 3070 ὥσπερ
3072 3000 3130 3051 ἐν
3176 3001 3290 3064 τοῖς
3337 3002 3572 3065 σταδίοις
3621 3005 3679 3056 οι

429 3090 484 3144 in
519 3088 735 3154 stadiis,
771 3090 840 3145 ad
868 3100 1144 3146 certamen
1164 3091 1257 3162 qui
1284 3092 1576 3157 accedunt,
1621 3094 1781 3149 simul
1813 3095 1999 3149 dicunt

2103 3085 2192 3138 ἐπ’
2220 3083 2445 3154 ἄθλησιν
2486 3086 2876 3158 παροδεύοντες
2899 3088 3034 3160 ὁμοῦ
3060 3106 3120 3143 τε
3173 3089 3421 3159 λέγουσιν
3466 3090 3677 3146 ἑαυτῶν

429 3181 650 3236 nomina
702 3196 832 3246 sua,
864 3189 919 3236 et
964 3182 1031 3236 ad
1075 3182 1393 3238 certaminis
1437 3184 1615 3238 locum
1660 3190 1996 3239 transeunt:

429 3275 507 3326 ita
537 3281 591 3327 et
624 3273 678 3326 lii
713 3289 933 3344 quoque
971 3284 1100 3330 tunc
1136 3291 1201 3331 ea
1234 3292 1356 3346 quae
1397 3277 1502 3332 sibi
1548 3283 1704 3331 ortus
1733 3276 2003 3332 indiderat

432 3367 658 3420 nomina
702 3367 1050 3437 abjicientes,
1092 3384 1123 3422 a
1166 3371 1446 3424 communi
1482 3368 1787 3439 ,Salvatore
1840 3386 2000 3425 suum

427 3456 658 3527 quisque
702 3473 900 3513 nomen
940 3459 1312 3530 desumpsere,
1344 3461 1505 3531 idque
1542 3461 1721 3516 fecere
1762 3461 1998 3532 ,singuli,

426 3550 564 3604 adeo
595 3558 653 3604 ut
689 3566 924 3621 sequens
959 3552 1127 3622 priori
1168 3562 1340 3609 semet
1382 3554 1728 3624 adjungeret.
1778 3552 1858 3606 Ex
1891 3569 2002 3623 quo

427 3639 628 3693 factum
665 3648 748 3696 est
769 3641 1014 3696 omnium
1045 3657 1245 3698 nomen
1274 3659 1444 3697 unum
1479 3661 1493 3698 :
1525 3644 1858 3715 quippejam
1890 3659 2000 3698 non

426 3739 544 3787 erat
580 3733 703 3787 talis
733 3741 827 3785 aut
860 3734 1006 3797 talis,
1044 3733 1138 3790 sed
1170 3732 1468 3790 Christiani
1503 3736 1845 3790 vocabantur
1876 3749 1999 3790 om-

428 3840 546 3880 nes.
576 3823 717 3890 Quid
752 3826 919 3891 igitur
945 3834 1077 3880 tunc
1111 3825 1439 3895 praefectus?
1460 3824 1594 3879 Nam
1617 3825 1850 3880 callidus
1884 3833 2001 3880 erat

425 3926 482 3971 ct
526 3918 747 3981 varius,
786 3925 898 3973 tum
955 3927 1016 3972 ut
1064 3920 1355 3974 seduceret
1408 3919 1718 3981 blanditiis,
1770 3926 1886 3971 tum
1941 3925 2001 3972 ut

425 4011 592 4067 minis
629 4012 987 4067 subverteret.
1038 4012 1537 4083 Primum‘quidem
1577 4012 1856 4067 blanditiis
1883 4012 1998 4081 pel-

427 4100 681 4166 liciebat,
738 4100 1049 4156 ﬁrmitatem
1114 4102 1332 4171 pietatis
1394 4110 1559 4172 atque
1627 4102 1997 4156 constantiam

428 4190 681 4261 frangere
710 4203 963 4247 conatus.
998 4190 1346 4247 Juventutem
1376 4200 1617 4247 vestram
1637 4207 1703 4245 ne
1732 4191 1997 4260 prodatis,

429 4299 568 4339 neve
604 4299 730 4338 cum
776 4292 952 4340 morte
991 4284 1375 4354 intempestiva
1420 4285 1587 4355 hujus
1630 4285 1754 4339 vita:
1799 4285 1998 4353 jucun-

429 4377 651 4432 ditatem
688 4379 1055 4432 commutetis.
1096 4377 1231 4432 Nam
1270 4380 1339 4434 ab
1387 4394 1447 4434 re
1490 4378 1653 4433 fuerit
1681 4393 1776 4433 eos
1817 4376 1908 4446 qui
1943 4377 1996 4430 in

2103 3175 2175 3229 τὰ
2201 3177 2475 3249 ὀνόματα,
2525 3180 2620 3232 καὶ
2658 3181 2750 3233 ἐπὶ
2796 3181 2889 3233 τὸν
2926 3180 3089 3235 τόπον
3124 3182 3224 3252 τῆς
3258 3183 3497 3251 ἀγωνίας
3543 3184 3677 3256 μεθ·

2106 3267 2351 3323 ίστανται
2370 3286 2384 3300 ο
2424 3270 2565 3323 οὕτω
2599 3271 2664 3343 δὴ
2701 3272 2794 3326 καὶ
2819 3266 2964 3327 οὗτοι
2990 3273 3133 3338 τότε,
3172 3274 3423 3344 ῥίψαντες
3443 3276 3540 3340 τὰς
3564 3276 3677 3330 ἀπὸ

2102 3361 2367 3429 γενέσεως
2401 3364 2585 3428 αὐτοῖς
2630 3364 3094 3437 ἐπιφημισθείσας
3139 3369 3534 3439 προσηγορίας,
3563 3370 3675 3424 ἀπὸ

2101 3452 2194 3505 τοῦ
2222 3454 2403 3507 κοινοῦ
2430 3455 2681 3528 Σωτῆρος
2707 3457 2935 3522 ἕκαστος
2969 3458 3161 3512 ἑαυτὸν
3189 3460 3539 3531 ἀνηγόρευον.
3560 3462 3675 3515 Καὶ

2101 3545 2258 3599 τοῦτο
2297 3548 2515 3601 ἐποίουν
2550 3549 2806 3613 ἆπαντες,
2842 3550 2920 3621 τῷ
2957 3550 3279 3622 προλαϐόντι
3321 3551 3512 3606 ἑαυτὸν
3544 3569 3672 3606 συν-

2102 3636 2289 3691 άπτων
2323 3640 2352 3691 6
2381 3638 2598 3710 ἐφεξῆς.
2634 3640 2797 3693 ’Ὥστε
2828 3641 3044 3709 ἐγένετο
3082 3642 3295 3697 πάντων
3330 3645 3698 3718 προσηγορία,

2105 3727 2235 3798 μία·
2266 3728 2449 3785 οὐκέτι
2479 3731 2586 3801 γὰρ
2612 3731 2640 3783 ό
2666 3730 2834 3796 δεῖνα,
2861 3732 2893 3803 ἢ
2924 3734 2953 3785 6
2983 3733 3151 3800 δεῖνα,
3188 3734 3322 3789 ἀλλά
3353 3737 3673 3808 Χριστιανοὶ

2102 3819 2303 3884 πάντες
2336 3821 2784 3893 ἀνεκηρύττοντο.
2824 3823 2889 3876 Τί
2929 3819 3023 3877 οὖν
3064 3828 3094 3878 ό
3120 3814 3337 3896 κρατῶν
3371 3827 3479 3899 (20)
3505 3828 3628 3882 τότε
3654 3845 3697 3895 ς,

2101 3911 2282 3974 Δεινδς
2308 3912 2417 3984 γὰρ
2456 3909 2523 3983 ἦν
2554 3914 2649 3966 καὶ
2689 3914 2952 3980 ποικίλος,
2983 3914 3053 3969 τὰ
3082 3917 3180 3987 μὲν
3212 3917 3471 3983 θωπείαις
3501 3920 3671 3974 ὑπελ-

2102 4002 2235 4068 θεῖν,
2260 4004 2329 4056 τά
2354 4004 2409 4056 δὲ
2431 4004 2681 4068 ἀπειλαῖς
2707 4008 3069 4079 παρατρέψαι.
3101 4009 3322 4081 Πρῶτον
3351 4010 3449 4081 μὲν
3474 4013 3672 4078 αὐτοὺς

2100 4096 2463 4166 κατεγοήτευε
2491 4099 2610 4159 ταῖς
2643 4097 2924 4162 θωπείαις,
2951 4100 3043 4153 τὸν
3064 4100 3217 4154 τόνον
3257 4102 3356 4174 τῆς
3387 4104 3687 4168 εὐσεϐείας]

2101 4187 2400 4258 παραλύειν
2446 4188 2785 4261 πειρώμενος
2808 4191 2939 4263 (21).
2978 4192 3070 4264 Μὴ
3112 4193 3355 4263 προδῶτε
3390 4196 3541 4267 ὑμῶν
3571 4196 3669 4269 τὴν

2100 4280 2360 4352 νεότητα·
2406 4283 2542 4352 μηδὲ
2594 4282 2824 4338 θάνατον
2874 4284 3052 4356 ἄωρον
3095 4286 3196 4357 τῆς
3242 4286 3430 4358 ἡδείας
3466 4289 3670 4361 ταύτης

2102 4369 2249 4441 ζωῆς
2273 4372 2618 4444 διαμείψητε.
2641 4376 2875 4429 Ἀτοπον
2899 4376 3008 4448 γάρ
3037 4379 3163 4442 τοὺς
3192 4381 3259 4433 ἐν.
3272 4382 3386 4443 τοῖς
3412 4380 3669 4451 πολέμοις

431 4468 591 4523 bellis
640 4466 857 4522 fortiter
913 4484 1077 4539 agere
1136 4477 1573 4534 consueverunt,
1625 4469 1995 4524 maleﬁcorum

2100 4464 2406 4535 ἀριστεύειν
2432 4467 2871 4538 συνειθισμένους
2893 4469 2985 4521 τὸν
3012 4468 3121 4523 τῶν
3147 4469 3472 4541 κακούργων
3507 4471 3668 4526 θάνα-

430 4567 607 4616 morte
633 4561 881 4616 interire.
907 4561 987 4616 Ad
1013 4562 1130 4616 haec
1162 4562 1525 4632 pollicebatur
1545 4562 1829 4632 pecunias.
1858 4559 2000 4615 Rur-

430 4667 526 4707 sus
569 4652 735 4707 dabat
782 4652 1016 4708 bonores
1057 4654 1126 4708 ab
1164 4653 1514 4724 imperatore,
1559 4653 2001 4724 dignitatumque

499 4807 610 4881 (18)
650 4807 795 4881 Εόίὶίί
831 4817 885 4863 et
932 4808 1085 4863 Colb.
1112 4810 1308 4864 tertius
1350 4808 1751 4880 ἀπειλούμενα,
1791 4809 1870 4873 είς
1914 4808 2005 4880 μέ-

429 4898 554 4952 σους
581 4880 961 4951 παρελθόντες,
985 4881 1358 4952 Χριστιανούς.
1379 4881 1547 4935 Coisl.
1569 4883 1648 4944 εἰς
1675 4881 1838 4951 μέσον
1864 4890 2005 4952 παρ-

428 4949 689 5012 ελθόντες.
727 4952 881 5005 (ἶοὶΙ).
920 4949 1113 5006 tertius
1135 4960 1189 5005 et
1211 4949 1343 5019 Reg.
1380 4952 1567 5006 itidem
1610 4949 1805 5005 tertius
1850 4949 2006 5004 ἀπει-

427 5020 684 5089 λούμενα,
719 5020 1078 5091 Χριστιανούς
1105 5038 1118 5051 ⁸
1155 5020 1297 5090 quod
1328 5038 1516 5075 verum
1545 5036 1669 5075 esse
1714 5029 1769 5075 et
1810 5022 2003 5091 genui—

428 5106 557 5162 num
581 5099 731 5158 puto.
776 5090 910 5145 Cum
942 5093 1025 5146 ha:
1060 5107 1242 5155 voces,
1274 5093 1354 5154 εἰς
1389 5093 1583 5162 μέσους
1621 5090 2001 5161 παρελθόντες,

432 5161 591 5227 paulo
615 5171 743 5217 ante
768 5162 1037 5233 legantur,
1067 5164 1284 5218 easdem
1303 5161 1397 5217 hic
1416 5161 1587 5232 repeti
1614 5163 1746 5215 nihil
1778 5176 2005 5216 necesse

427 5244 532 5285 (At.

502 5299 613 5370 (19)
648 5298 830 5356 Codex
869 5318 1012 5358 unus
1061 5303 1118 5356 ἐν
1162 5299 1396 5372 οὐρανῷ.
1445 5301 1568 5357 Mox
1610 5301 1743 5373 Reg.
1790 5302 2004 5373 primus

427 5367 615 5443 ὥσπερ
642 5373 695 5443 οξ
722 5374 778 5424 ἐν
804 5376 915 5435 τοῖς
946 5372 1175 5436 σταδίοις

501 5440 611 5509 (20)
650 5440 1017 5512 νοχῖκρατῶν
1048 5440 1245 5497 usitate
1277 5442 1493 5511 quidem
1514 5442 1748 5497 sumitur
1770 5455 1869 5510 pro
1904 5441 2004 5512 im-

432 5518 683 5579 peratore
716 5530 729 5565 :
764 5510 858 5568 sed
892 5522 1086 5583 tamen
1137 5514 1227 5566 hic
1285 5510 1598 5583 accipienda
1649 5520 1732 5565 est
1784 5526 1893 5564 non
1935 5510 2003 5583 de

433 5583 781 5653 imperatore,
813 5582 908 5637 sed
936 5584 1002 5636 de
1034 5583 1310 5653 praefecto.
1347 5581 1481 5637 cum
1523 5584 1666 5637 enim
1708 5596 1887 5637 sermo
1931 5581 2002 5634 sit

433 5653 537 5723 hoc
567 5651 686 5723 loco
714 5654 782 5707 de
821 5651 1056 5723 quodam
1095 5654 1277 5723 judice
1314 5657 1404 5723 qui
1441 5654 1658 5709 aderat,
1683 5658 2001 5723 constetque

436 5721 654 5777 aliunde
703 5738 809 5777 non
839 5721 1108 5778 adfuisse
1150 5721 1549 5793 imperatorem,
1606 5729 1792 5791 utpote
1842 5722 1999 5791 cujus

2096 4572 2188 4608 τον
2222 4557 2605 4630 ἀποθνήσκειν.
2637 4558 2783 4630 Πρὸς
2809 4560 3019 4625 τούτοις
3049 4563 3305 4632 χρήματα
3335 4563 3664 4633 ὑπισχνεῖτο.

2099 4648 2181 4702 Τά
2213 4648 2270 4703 δέ
2286 4649 2477 4717 ἐδίδου,
2503 4651 2670 4722 τιμὰς
2702 4655 2766 4706 ἐκ
2794 4653 3052 4723 βασιλέως
3074 4654 3205 4725 (.22),
3229 4655 3323 4709 καὶ
3345 4654 3669 4726 ἀξιωμάτων

2100 4810 2294 4883 litterae
2324 4810 2604 4883 aliquanto
2637 4818 2763 4865 ante
2791 4811 3047 4867 dicantur
3078 4812 3302 4883 prolatm
3329 4812 3384 4866 in
3412 4813 3665 4883 medium

2102 4881 2302 4952 fuisse;
2328 4881 2560 4952 dubium
2581 4897 2704 4952 esse
2731 4898 2837 4935 non
2870 4881 3231 4952 potest,’quin
3268 4882 3493 4951 simplex
3533 4899 3668 4952 pra:-

2103 4950 2275 5005 fectus
2325 4950 2551 5018 intelligi
2596 4951 2810 5006 debeat.
2855 4950 3133 5006 Diseimus
3164 4961 3344 5006 autem
3376 4950 3442 5005 ex
3473 4950 3666 5006 horum

2103 5033 2399 5090 martyrum
2443 5022 2616 5081 Actis.
2660 5024 2972 5092 prml'ectnm
3004 5023 3151 5075 illum
3190 5030 3442 5092 vocatum
3502 5024 3673 5078 fuisse

2102 5092 2449 5164 Agricolaum
2487 5109 2499 5143 :
2536 5094 2623 5146 cui
2664 5091 2741 5146 ise
2766 5093 3135 5164 postmodum
3176 5092 3284 5164 dqu
3331 5091 3521 5164 Lysias
3575 5095 3673 5146 ad-

2098 5162 2299 5234 junxit.
2325 5162 2477 5216 Colb.
2521 5164 2728 5234 primus
2760 5161 3074 5234 θεραπείαις
3105 5161 3387 5234 ὑπελθεῖν,
3409 5162 3673 5234 obsequiis

2103 5233 2490 5303 circumvenire.
2538 5231 2878 5303 Lectiognon
2928 5234 3088 5286 mala.
3151 5232 3391 5287 Subinde
3458 5233 3666 5303 aliqua!

2103 5316 2249 5373 mss.
2268 5301 2511 5373 ἀέειλαῖς
2540 5301 2881 5373 περιτρέψαι.

2174 5370 2463 5442 (2|)Editi
2508 5367 2720 5424 ἐκλύειν
2757 5367 3109 5442 πειρώμενος.
3151 5367 3379 5440 Antiqui
3406 5385 3500 5426 sex
3542 5371 3665 5425 libri

2102 5440 2417 5512 παραλύειν.
2441 5440 2632 5495 Statim
2667 5442 2797 5495 editi
2826 5440 2977 5512 ὑμῶν
2998 5440 3170 5512 λέγων
3191 5442 3290 5511 τήν
3316 5458 3330 5472 ⁸
3359 5442 3452 5496 sed
3478 5456 3670 5495 vocem

2102 5510 2273 5580 λέγων
2299 5512 2618 5574 delevimus,
2651 5511 2807 5565 ﬁdem
2839 5510 3081 5565 veterum
3116 5510 3379 5565 librorum
3423 5512 3621 5566 secuti.

2175 5580 2286 5651 (22)
2341 5580 2593 5652 Utraque
2623 5582 2881 5652 editioget
2929 5589 3041 5635 tres
3095 5596 3225 5635 mss.
3279 5583 3344 5634 ἐκ
3386 5580 3673 5652 βασιλέως,

2103 5650 2167 5704 ab
2201 5652 2535 5721 imperatore.
2572 5650 2674 5705 Alii
2707 5651 2925 5722 codices
2970 5666 3201 5705 numero
3231 5650 3395 5722 pares
3414 5653 3480 5722 ἐκ
3519 5651 3676 5722 βασι-

2102 5722 2257 5789 λέων,
2278 5720 2348 5775 'ab
2387 5721 2811 5791 imperatoribus.
2862 5720 2977 5776 Hoc
3010 5722 3093 5791 vel
3131 5720 3414 5777 illo'modo
3449 5720 3556 5792 legi
3591 5720 3679 5775 in-
