4036 6236
324 278 427 333 515

1267 278 1551 335 HOMILIA
1582 277 1648 332 IN
1685 276 2183 346 QUADBAGINTA
2220 279 2616 338 MARTYRES.

3484 292 3591 350 5M

322 394 601 465 διανομὰς,
649 392 749 445 καὶ
787 393 1010 465 μυρίαις
1047 392 1246 456 αὐτοὺς
1289 394 1555 457 ἐπινοίαις
1609 410 1892 464 κατεστρα·

2013 394 2455 462 distributiones,
2495 405 2661 468 atque
2701 399 2981 456 sexcentis
3024 401 3178 472 ipsos
3205 405 3468 463 versutiis
3493 424 3592 464 ex-

324 487 503 557 τήγει.
536 484 624 547 Ὡς
655 483 716 537 δὲ
762 483 866 537 οὐκ
910 483 1213 537 ἐνεδίδοσαν
1250 484 1385 555 πρὸς
1422 485 1523 556 τὴν
1554 486 1749 555 πεῖραν
1777 483 1909 537 ταύ-

322 593 446 649 την,
465 575 555 628 ἐπὶ
575 575 637 627 τὺ
658 575 852 644 ἓτερον
875 568 1015 636 εἶδος
1043 573 1145 642 τῆς
1177 574 1421 645 μηχανῆς
1449 574 1658 645 μετῄει.
1685 574 1909 644 Πληγάς

324 670 530 731 αὐτοῖς,
559 668 655 721 καὶ
682 666 975 729 θανάτους,
1003 666 1097 718 καὶ
1139 665 1417 720 κολάσεων
1441 667 1759 737 ἀνηκέστων
1785 668 1908 718 πεῖ-

322 778 429 834 ραν
466 758 863 814 ἐπανετείνετο.
920 758 1034 811 Καὶ
1080 760 1110 811 ό
1160 758 1258 829 μὲν
1298 757 1546 824 τοιαῦτα,
1580 758 1651 811 τά
1698 757 1756 811 δὲ
1800 758 1909 811 τῶν

327 851 622 925 μαρτύρων
647 853 853 915 timid;
888 850 977 915 Ti,
1011 852 1168 919 φησὶ,
1202 848 1475 915 δελεάζεις
1501 852 1673 921 ἡμᾶς,
1706 844 1751 904 ὦ
1787 848 1909 902 θεο-

328 946 500 1015 μάχε,
534 943 847 1013 ἀποστῆναι
881 943 991 995 ἀπὸ
1041 941 1178 996 Θεοῦ
1229 942 1429 1005 ζῶντος
1450 982 1464 1005 ,
1493 943 1589 995 καὶ
1637 942 1908 996 δουλεύειν

322 1038 572 1107 δαίμοσιν
596 1034 889 1105 ὀλεθρίοις,
913 1035 1333 1106 προτεινόμενος
1351 1036 1485 1105 ἡμῖν
1508 1033 1578 1087 τὰ
1599 1034 1666 1087 σά
1686 1035 1869 1104 ἀγαθά
1890 1052 1905 1102 ;

322 1129 388 1181 Τί
407 1132 664 1185 τοσοῦτον
692 1128 872 1192 δίδως,
896 1130 1023 1182 ὅσον
1050 1127 1348 1198 ἀφελέσθαι
1369 1127 1689 1192 σπουδάζεις
1709 1146 1723 1193 ;
1746 1128 1907 1183 Μισῶ

319 1221 530 1293 δωρεὰν
552 1222 759 1293 ζημίας
792 1222 1084 1294 πρόξενον·
1117 1223 1178 1274 ού
1216 1221 1447 1293 δέχομαι
1479 1222 1647 1293 τιμὴν
1683 1223 1907 1294 ἀτιμίας

324 1317 556 1386 μητέρα.
581 1317 863 1387 Χρήματα
890 1316 1047 1379 δίδως
1093 1314 1165 1368 τὰ
1225 1316 1590 1386 ἀπομένοντα,
1621 1316 1778 1381 δόξαν
1807 1317 1907 1387 τὴν

317 1406 673 1460 ἀπανθοῦσαν
704 1406 840 1477 (25).
868 1406 1149 1477 Γνὼριμον
1182 1409 1356 1469 ποιεῖς
1386 1406 1615 1476 βασιλεῖ,
1648 1406 1786 1460 ἀλλά
1810 1405 1905 1460 τοῦ

317 1498 471 1562 ϐντος
502 1499 771 1569 βασιλέως
799 1499 1121 1570 ἀλλοτριοῑς.
1153 1500 1218 1552 Τί
1248 1500 1587 1571 μικρολόγως
1606 1500 1717 1571 (24)
1750 1500 1906 1569 όλίγα

316 1591 426 1646 τῶν
456 1595 522 1646 ἐκ
549 1592 648 1646 τοῦ
690 1592 901 1662 κόσμου
926 1591 1267 1668 προτείνεις;
1295 1593 1452 1657 Ὅλος
1483 1594 1616 1663 ἡμῖν
1640 1595 1669 1645 ὁ
1703 1592 1905 1662 κόσμος

318 1684 827 1756 καταπεφρόνηται.
856 1685 971 1738 Οὐκ
998 1665 1146 1738 ἔστιν
1172 1687 1305 1755 ἡμῖν
1325 1684 1425 1754 τῆς
1459 1683 1901 1755 ἐπιθυμουμένης

2011 502 2253 557 pugnare
2293 491 2587 545 nitebatur.
2639 491 2778 546 Cum
2818 500 3001 546 autem
3047 495 3183 549 nihil
3212 498 3592 555 emollirentur

2010 580 2116 635 hoc
2159 585 2483 648 tentamine,
2522 585 2725 639 transit
2780 585 2847 639 ad
2899 587 3046 640 aliud
3103 588 3322 642 artiﬁcii
3360 576 3579 659 genus.

2008 669 2203 742 Plagas
2230 674 2313 728 eis
2354 683 2702 744 mortemque
2736 682 2789 729 et
2828 677 3225 746 suppliciorum
3266 680 3589 736 intolerabi-

2008 762 2142 816 lium
2172 764 2477 835 periculum
2502 766 2757 820 intentat.
2786 766 2854 820 Et
2880 768 2970 821 hic
2995 769 3215 838 quidem
3256 771 3406 836 talia,
3441 787 3588 825 mar-

2009 862 2157 921 tyres
2220 869 2351 909 vero
2409 856 2631 924 qualia?
2696 859 2875 925 Quid,
2931 860 3223 930 inquiunt,
3291 862 3585 920 oll‘erendis

2008 944 2332 1000 muneribus
2385 948 2519 1011 tuis,
2578 963 2612 1002 o
2663 948 2840 1004 bustis
2899 949 3014 1015 Dei,
3069 952 3287 1008 inescas
3349 970 3471 1021 nos,
3523 964 3583 1011 ut

2008 1037 2333 1093 secedamus
2370 1052 2402 1091 a
2435 1037 2543 1094 Deo
2577 1041 2817 1105 vivente,
2856 1051 2910 1096 et
2951 1044 3201 1099 exitiosis
3242 1046 3584 1105 daemonibus

2007 1129 2407 1186 inserviamus?
2434 1131 2574 1197 Quid
2604 1141 2812 1187 tantum
2845 1135 3084 1201 dederis,
3111 1145 3376 1207 quantum
3403 1155 3578 1197 cona-

2005 1223 2084 1278 ris
2138 1222 2403 1279 auferre?
2428 1224 2530 1279 Odi
2558 1241 2781 1289 munus,
2825 1242 2932 1296 quo
2970 1228 3231 1283 damnum
3267 1231 3578 1288 inferatur:

2003 1330 2113 1369 non
2140 1316 2383 1385 suscipio
2428 1316 2695 1372 honorem
2726 1318 3012 1376 dedecoris
3051 1331 3356 1391 parentem.
3405 1323 3582 1379 Pecu-

2004 1406 2128 1461 nias
2161 1408 2263 1461 das
2302 1408 2393 1461 hic
2417 1424 2828 1478 permansuras,
2859 1412 3087 1482 gloriam
3124 1424 3576 1472 marcescentem.

2002 1497 2203 1552 Notum
2242 1515 2329 1554 me
2368 1499 2620 1554 facturus
2649 1517 2709 1558 es
2740 1502 3080 1572 imperatori,
3115 1506 3211 1561 sed
3240 1521 3270 1560 a
3290 1523 3425 1563 vero
3453 1524 3580 1580 rege

2011 1589 2316 1644 abalienas.
2361 1588 2502 1654 Quid
2545 1605 2709 1659 parce
2756 1605 2929 1661 pauca
2971 1608 3037 1646 ex
3084 1594 3382 1649 mundanis
3411 1598 3578 1650 rebus

2002 1679 2329 1750 polliceris?
2371 1680 2607 1736 Mundus
2641 1689 2789 1738 totus
2825 1697 2857 1736 a
2886 1683 3048 1739 nobis
3075 1694 3429 1756 contemptus
3460 1696 3567 1743 est.

318 1774 531 1839 ἐλπίδος
559 1775 792 1840 ἀντάξια
821 1775 892 1828 τὰ
918 1774 1192 1848 ὁρώμενα.
1223 1776 1387 1847 Ὁρᾷς
1410 1775 1502 1828 τὸν
1523 1775 1749 1847 οὐρανὸν
1776 1774 1892 1828 τοῦ-

2002 1768 2112 1824 Res
2147 1769 2398 1827 visibiles
2437 1785 2565 1824 cum
2610 1785 2676 1825 ea
2717 1787 2815 1841 spe
2843 1788 2967 1842 qua:
3006 1774 3166 1829 nobis
3202 1773 3258 1827 in
3297 1776 3441 1832 votis
3470 1790 3576 1842 εει,

316 1880 430 1929 τον,
458 1865 535 1929 ὡς
588 1865 756 1928 καλὸς
815 1864 965 1927 ίδεῖν,
1013 1862 1090 1927 ὡς
1118 1863 1177 1917 δὲ
1227 1864 1434 1934 μέγας;
1489 1861 1586 1917 καὶ
1629 1861 1731 1933 τὴν
1770 1861 1897 1932 γῆν,

317 1957 519 2028 ἡλίκης
581 1957 678 2011 καὶ
725 1956 799 2010 τὰ
843 1958 902 2008 ἐν
945 1956 1082 2027 αὐτῇ
1138 1955 1423 2026 οαύματα;
1475 1954 1640 2008 Οὐδὲν
1694 1952 1899 2008 τούτων

313 2045 593 2113 ἐξισοῦται
624 2048 692 2118 τῇ
739 2047 1105 2118 μακαριότητι
1145 2046 1254 2099 τῶν
1288 2044 1530 2099 δικαίων.
1571 2044 1754 2124 Ταῦτα
1798 2045 1898 2116 μὲν

314 2138 427 2210 γὰρ
460 2139 828 2210 παρέρχεται*
863 2139 934 2192 τά
964 2139 1023 2192 δὲ
1063 2138 1308 2209 ἡμέτερα
1364 2138 1536 2208 μένει.
1580 2138 1728 2201 Μιᾶς
1771 2138 1897 2191 ἐπι-

315 2230 478 2301 θυμῶ
505 2233 738 2302 δωρεᾶς,
766 2230 862 2285 τοῦ
899 2231 1164 2301 στεφάνου
1204 2231 1305 2302 τῆς
1349 2230 1728 2300 δικαιοσύνηςο
1768 2230 1898 2301 περὶ

317 2322 450 2393 μίαν
472 2322 633 2387 δόξαν
660 2323 956 2393 ἐπτόημαι,
996 2323 1094 2395 τὴν
1124 2326 1182 2376 ἐν
1223 2326 1290 2394 τῇ
1324 2322 1574 2394 βασιλείᾳ
1602 2322 1710 2376 τῶν
1736 2323 1899 2395 ούρα-

312 2415 441 2469 νῶν.
474 2415 761 2486 Φιλότιμός
792 2418 909 2485 ειμι
955 2415 1094 2485 πρὸς
1133 2415 1232 2485 τὴν
1278 2415 1390 2469 ἄνω
1432 2415 1632 2486 τιμήν·
1673 2414 1896 2468 κόλασιν

308 2507 529 2561 δέδοικα
557 2507 658 2578 τὴν
703 2509 761 2561 ἐν
796 2510 864 2578 τῇ
897 2506 1111 2579 γεέννῃ.
1151 2507 1274 2578 Πῦρ
1297 2507 1473 2559 ἐκεῖνό
1509 2523 1599 2577 μοι
1626 2506 1856 2577 φοϐερόν
1877 2522 1892 2537 ·

312 2598 374 2652 τὸ
392 2599 453 2651 δὲ
474 2599 606 2668 παρ’
626 2597 780 2669 ὑμῶν
804 2597 1198 2668 ἀπειλούμενον
1223 2596 1510 2669 όμόδουλόν
1549 2599 1715 2650 ἐστιν.
1742 2582 1921 2651 ΟἶδενἸ

313 2689 582 2743 αἰδεῖσθαι
601 2691 727 2753 τοὺς
748 2688 983 2743 εἰδώλων
998 2691 1489 2762 καταφρονοῦντας.
1509 2691 1643 2762 Βέλη
1669 2690 1783 2762 (25)
1800 2708 1883 2762 νη-

311 2781 456 2835 πίων
473 2782 760 2852 λογίζομαι
780 2783 883 2846 τὰς
900 2783 1115 2855 πληγὰς
1140 2784 1169 2835 ὑ
1178 2782 1311 2853 μῶν.
1331 2783 1496 2853 Σῶμα
1516 2782 1625 2853 γὰρ
1640 2782 1890 2845 τύπτειςο

1999 1874 2111 1914 non
2155 1867 2363 1930 queunt
2408 1861 2741 1932 comparari.
2776 1859 2944 1917 Vides
2988 1861 3094 1916 hoc
3124 1864 3325 1918 cmlum
3358 1873 3418 1918 ut
3456 1867 3579 1936 pul-

1998 1950 2193 2005 chrum
2231 1957 2481 2021 aspectu,
2512 1958 2572 2005 ut
2599 1952 2901 2025 magnum?
2928 1952 3079 2009 vides
3118 1961 3342 2019 terram,
3369 1965 3574 2026 quanta

1998 2042 2094 2109 sit,
2123 2050 2179 2098 et
2213 2058 2334 2113 qua:
2383 2042 2437 2097 in
2479 2058 2544 2097 ea
2588 2051 2718 2099 sunt
2754 2043 3147 2102 admirationi?
3189 2046 3338 2102 Nihil
3378 2050 3574 2104 borum

1997 2133 2248 2204 adaequat
2281 2135 2560 2204 justorum
2610 2136 3006 2193 beatitudinem
3062 2157 3076 2193 :
3132 2140 3405 2210 siquidem
3453 2143 3572 2198 hac

1997 2235 2352 2297 praetereunt,
2399 2236 2589 2282 nostra
2628 2245 2756 2285 vero
2803 2239 3046 2285 manent.
3082 2230 3429 2304 Concupisco
3470 2236 3573 2290 do-

1996 2331 2128 2371 num
2174 2332 2368 2383 unum,
2407 2332 2669 2372 coronam
2714 2319 2946 2389 justitia:
2996 2322 3229 2393 :gloriie
3274 2325 3439 2379 unius
3472 2326 3575 2379 imo

1994 2408 2208 2477 potenti
2259 2407 2538 2464 desiderio
2578 2418 2795 2474 teneor,
2844 2411 2988 2480 ejus,
3022 2428 3144 2482 qua:
3175 2423 3260 2469 est
3305 2418 3361 2469 in
3404 2430 3575 2487 regno

2001 2496 2159 2568 152
2205 2498 2492 2552 calorum.
2535 2497 2810 2555 Honorem
2853 2514 3152 2570 supernum
3201 2503 3384 2557 ambio
3426 2521 3440 2559 :
3484 2520 3576 2577 ge—

1996 2587 2192 2642 bennze
2225 2596 2410 2645 metuo
2439 2590 2792 2660 supplicium.
2825 2589 2973 2663 Ignis
3006 2594 3098 2647 ille
3126 2596 3573 2656 extimescendus

1996 2679 2131 2733 milii
2162 2688 2248 2735 est
2292 2698 2305 2734 :
2346 2696 2512 2750 quem
2565 2696 2696 2736 vero
2727 2696 2824 2738 vos
2863 2684 3297 2750 comminamini,
3341 2688 3391 2742 is
3436 2702 3575 2743 con-

1996 2787 2190 2827 servus
2217 2780 2322 2827 est.
2352 2775 2772 2843 Contemptores
2800 2774 3072 2831 idolorum
3106 2777 3257 2831 novit
3309 2783 3571 2837 revereri.

310 2874 482 2943 ὅπερ,
526 2873 623 2925 ἐὰν
662 2873 762 2944 μὲν
805 2875 903 2927 ἐπὶ
958 2874 1141 2928 πλεῖον
1195 2875 1423 2945 ἀντίσχῃ
1448 2914 1464 2940 ,
1514 2874 1892 2946 λαμπρότερον

1997 2863 2184 2919 Jacula
2212 2881 2507 2935 puerorum
2536 2877 2668 2936 puto
2702 2868 2891 2937 plagas
2917 2876 3150 2925 vestras.
3179 2870 3394 2942 Corpus
3425 2874 3573 2928 enim

311 2964 715 3034 στεφανοῦται,
761 2964 858 3019 ἐὰν
906 2966 964 3020 δὲ
1014 2965 1206 3019 θᾶττον
1259 2965 1637 3040 ἀπαγορεύσῃ,
1685 2965 1892 3036 οἴχεται

1997 2955 2182 3018 caedis,
2217 2957 2385 3024 quod,
2438 2957 2484 3011 si
2520 2956 2732 3013 diutius
2769 2959 3057 3023 restiterit,
3097 2975 3359 3016 coronam
3390 2964 3574 3033 splen-

306 3058 627 3126 ἀπαλλαγὲν
687 3057 958 3112 δικαστῶν
995 3058 1138 3111 οὕτω
1192 3057 1383 3128 βιαίων
1408 3097 1423 3122 ,
1489 3058 1539 3111 οἳ
1561 3098 1576 3124 ,
1624 3059 1892 3129 σωμάτων

1997 3047 2265 3103 didiorem
2307 3060 2678 3119 consequetur
2709 3067 2723 3116 ;
2756 3051 2839 3106 sin
2865 3060 3047 3107 autem
3094 3053 3260 3109 citius
3288 3053 3570 3123 defecerit,

308 3152 625 3223 ὑπηρεσίαν
660 3150 1072 3223 παραλαϐόντες
1094 3191 1108 3216 ,
1145 3150 1224 3204 ἔτι
1245 3151 1348 3223 καὶ
1391 3151 1502 3206 τῶν
1539 3151 1727 3222 ψυχῶν
1762 3168 1892 3204 κατ-

1997 3140 2319 3195 liberabitur
2356 3116 2638 3211 judicibus
2685 3151 2795 3195 tam
2851 3144 3107 3199 violentis
3140 3145 3255 3215 qui,
3306 3160 3432 3200 cum
3485 3116 3570 3199 fa;

309 3243 497 3314 ἀρχειν
523 3242 882 3310 φιλονεικεῖτε
900 3260 914 3272 ·
945 3242 999 3295 οἰ
1025 3258 1113 3310 γε,
1145 3244 1194 3295 εί
1224 3242 1298 3314 μὴ
1337 3240 1431 3296 καὶ
1453 3242 1547 3295 τοῦ
1574 3242 1707 3294 Θεοῦ
1736 3241 1892 3312 ἡμῶν

308 3333 854 3407 προτιμηθείητε,ὠς
884 3333 953 3387 τὰ
977 3333 1179 3404 ἔσχατα
1208 3332 1525 3405 ὑϐρίσμὲνοι
1556 3336 1684 3406 παρ’
1713 3333 1889 3406 ἡμῶν,

306 3427 695 3498 χαλεπαίνετε,
727 3428 824 3480 καὶ
854 3427 953 3489 τὰς
979 3427 1218 3499 φοϐερὰς
1260 3426 1467 3489 ταύτας
1509 3427 1760 3490 κολάσεις
1793 3428 1891 3480 ἐπ-

306 3520 686 3585 ανατείνεσθε,
718 3520 971 3591 ἔγκλημα
994 3522 1126 3592 ἡμῖν
1142 3521 1438 3589 ἐπάγοντες
1460 3522 1558 3592 τὴν
1586 3522 1887 3576 εὐσέϐειαν.

320 3614 482 3668 Ἀλλὰ
511 3613 624 3687 γὰρ
662 3615 722 3666 οὐ
762 3614 979 3680 δειλοῖς,
1024 3613 1146 3667 ούδέ
1185 3611 1492 3683 φιλοζὼοις,
1523 3614 1633 3668 οὐδ’
1658 3616 1891 3668 εὐκατα-

307 3704 575 3774 πλήκτοις
626 3704 978 3769 ἐντεύξεσθε,
1014 3704 1157 3777 ὑπὲρ
1195 3705 1294 3775 τῆς
1344 3706 1425 3768 εἰς
1465 3703 1597 3758 Θεὸν
1645 3706 1885 3776 ἀγάπης.

307 3794 431 3847 Οἵδε
454 3796 619 3865 ἡμεῖς
663 3793 775 3864 (26)
819 3794 913 3846 καὶ
944 3792 1314 3864 τροχίζεσθαι,
1347 3794 1443 3847 καὶ⁹
1477 3794 1886 3865 στρεϐλοῦσθαι,

305 3887 401 3938 καὶ
441 3886 962 3956 καταπίμπρασθαι,
993 3886 1090 3938 καὶ
1139 3889 1247 3940 πᾶν
1276 3882 1414 3951 εἶδος
1456 3886 1889 3961 βασανιστηρίων

300 3980 517 4049 ἕτοιμοι
548 3979 961 4050 καταδέχεσθαι.

373 4070 432 4124 5.
475 4070 632 4123 Ἐπεὶ
658 4070 714 4122 δὲ
746 4070 955 4123 τούτων
982 4070 1212 4140 ἤκουσεν
1243 4070 1271 4123 ό
1299 4068 1512 4133 ἀλαζὼν
1553 4070 1761 4133 ἐκεῖνος
1791 4072 1886 4125 καὶ

301 4163 608 4235 βάρϐαρος,
640 4163 739 4215 οὐκ
771 4161 1013 4231 ἐνεγκὼν
1036 4162 1144 4215 τῶν
1179 4161 1386 4233 ἀνδρῶν
1414 4161 1512 4234 τὴν
1547 4163 1881 4234 παρρησίαν,

298 4255 619 4329 ῦπερζέσας
648 4256 727 4327 τῷ
752 4256 930 4327 θυμῷ,
961 4255 1184 4309 ἐσκόπει
1208 4255 1329 4308 τίνα
1361 4254 1427 4307 ἂν
1464 4253 1674 4326 ἐξεύροι
1706 4273 1882 4326 μηχα-

297 4348 426 4418 νὴν,
454 4348 600 4401 ὥστε
635 4348 844 4421 μακρόν
879 4365 940 4400 τε
978 4349 1160 4411 αὐτοῖς
1187 4348 1281 4400 καὶ
1333 4347 1527 4417 πικρὸν
1552 4347 1686 4418 ὁμοῦ
1718 4365 1884 4402 κατα-

1995 3234 2260 3287 mulatum
2286 3249 2576 3304 corporum
2606 3230 2760 3289 v0bis
2791 3238 3160 3304 sumpseritis,
3197 3239 3377 3293 adhuc
3405 3239 3569 3293 etiam

1993 3325 2329 3381 contenditis
2359 3327 2558 3380 animis
2587 3326 2857 3380 dominari
2896 3347 2909 3382 :
2942 3329 3057 3398 qui,
3096 3329 3203 3384 nisi
3240 3329 3347 3384 Deo
3379 3340 3569 3385 nostro

1993 3418 2391 3489 praeleramini,
2442 3418 2646 3473 szevitis
2692 3418 2851 3488 quasi
2896 3429 3142 3474 extrema
3193 3421 3493 3491 ignominia
3537 3436 3568 3475 a

1992 3510 2150 3567 nobis
2181 3510 2357 3566 allecti
2389 3528 2403 3578 ;
2448 3518 2613 3579 atque
2640 3510 2912 3563 horrenda
2942 3512 3055 3566 haec
3087 3513 3352 3583 supplicia
3392 3513 3569 3568 inlen-

1992 3606 2142 3669 tatis,
2184 3605 2392 3659 crimen
2421 3603 2581 3657 nobis
2622 3603 2959 3671 objectantes
2987 3605 3262 3672 pietatem.
3293 3605 3364 3658 At
3388 3605 3565 3661 allen-

1991 3696 2134 3752 detis
2158 3712 2266 3750 non
2294 3695 2540 3761 timidos,
2579 3711 2756 3766 neque
2786 3696 2910 3749 vita:
2950 3695 3204 3764 cupidos,
3249 3711 3427 3766 neque
3471 3698 3565 3768 qui

1993 3788 2153 3844 facile
2188 3796 2616 3858 perterreantur,
2649 3789 2813 3859 idque
2850 3804 2948 3858 pro
2979 3787 3074 3842 Dei
3117 3788 3428 3845 dilectione.
3454 3790 3566 3846 Nos

1988 3884 2136 3940 enim
2175 3890 2230 3937 et
2262 3883 2456 3948 rotari,
2481 3891 2535 3937 et
2569 3883 2814 3953 torqueri
2851 3886 3104 3951 equuleo,
3133 3891 3187 3938 et
3218 3882 3487 3950 comburi,
3511 3891 3564 3939 et

1988 3992 2150 4032 omne
2179 3984 2579 4030 tormentorum
2612 3991 2783 4046 genus
2811 3976 3055 4045 perl’erre
3079 3974 3254 4045 parati
3277 3991 3490 4031 sumus.

2058 4068 2112 4121 5.
2167 4065 2293 4120 Haec
2349 4073 2528 4120 autem
2582 4080 2707 4118 cum
2753 4065 3000 4120 audisset
3049 4065 3316 4134 superbus
3362 4066 3453 4121 ille
3500 4080 3564 4120 ac

1986 4162 2278 4228 barbarus,
2313 4161 2456 4216 haud
2500 4161 2680 4216 ferens
2713 4160 2957 4214 virorum
2991 4160 3206 4215 dicendi
3231 4161 3564 4217 libertatem.

1988 4257 2069 4311 ira
2131 4256 2252 4326 ejus
2295 4271 2463 4325 supra
2508 4253 2732 4308 modum
2797 4253 3225 4319 effervescente,
3281 4257 3565 4326 reputabat

1989 4366 2175 4407 secum
2209 4348 2486 4419 quodnam
2517 4346 2810 4401 artiﬁcium
2836 4347 3191 4417 excogitaret.
3235 4356 3293 4401 ut
3331 4360 3563 4404 mortem

301 4441 574 4494 σκευάσαι
617 4440 709 4493 τὸν
754 4440 1006 4495 θάνατον.
1044 4433 1185 4509 Εὗρε
1238 4438 1301 4509 δὴ
1342 4434 1435 4491 οὖν
1477 4439 1740 4502 ἐπίνοιαν,
1797 4443 1891 4493 κα¹ι

1997 4453 2049 4501 et
2082 4445 2296 4514 longam
2341 4452 2395 4496 et
2441 4455 2682 4494 amaram
2733 4439 2897 4494 simul
2934 4441 3013 4495 eis
3048 4448 3307 4496 strueret.
3351 4440 3563 4496 Invenit

299 4535 561 4585 σκοπεῖτε
581 4532 656 4597 ὡς
676 4531 944 4602 χαλεπήν.
971 4530 1452 4603 Περισκεψάμενος
1470 4531 1579 4602 γὰρ
1599 4531 1697 4602 τὴν
1723 4532 1885 4601 φύσιν

294 4625 403 4694 τῆς
434 4624 642 4697 χώρας,
672 4627 754 4678 δτι
796 4624 1112 4696 κρυμώδης,
1139 4625 1232 4677 καὶ
1263 4624 1362 4695 τὴν
1400 4621 1668 4695 ῶραντοῦ
1708 4624 1882 4692 ἔτους,

296 4718 385 4771 ὃτι
422 4717 704 4789 χειμέριος
728 4759 743 4784 ,
791 4718 966 4772 νύκτα
1012 4719 1350 4789 ἐπιτηρήσας
1392 4719 1452 4771 ἐν
1484 4713 1518 4795 ᾖ
1563 4719 1796 4790 μάλιστα
1823 4722 1884 4774 τὸ

297 4938 725 5010 discriminatim
778 4954 943 5010 posse
967 4980 981 5003 ,
1012 4955 1102 5010 _ex
1137 4939 1290 5009 prius
1331 4939 1494 4995 dictis
1540 4948 1709 5009 patet.
1756 4940 1881 4998 Mox

298 5008 519 5071 Media,
553 5011 647 5081 qui
676 5020 762 5065 est
779 5008 979 5065 noster
1011 5008 1155 5080 Reg.
1184 5011 1479 5081 secundus,
1515 5008 1569 5064 et
1596 5010 1749 5065 Colb.
1781 5021 1883 5066 ter-

296 5084 409 5152 tius
440 5079 700 5152 πρὺςτὴν
730 5082 1031 5152 ἐπήρειαν.)
1066 5080 1291 5152 assultu.
1323 5079 1509 5152 Lectio
1538 5097 1645 5134 non
1674 5081 1876 5152 inepta.

295 5149 405 5232 alii
435 5148 665 5232 quidam
689 5148 925 5232 mss."et
951 5151 1082 5232 editi
1112 5151 1249 5232 πρὸς
1285 5148 1383 5223 τὴν
1427 5153 1642 5222 πεῖραν.
1674 5148 1879 5207 Ibidem

295 5219 430 5289 Reg.
456 5219 679 5290 primus
707 5222 901 5292 ἕτερον
931 5219 1241 5292 μέροςᾼτῆς.

371 5293 483 5415 (230)
510 5291 704 5373 ~Editio
726 5290 1155 5414 Basil.Epei‘_inde
1180 5290 1240 5371 ut
1271 5291 1446 5345 nostri
1476 5290 1719 5372 quinque
1737 5306 1875 5369 mss.

371 5378 442 5415 :av
476 5379 660 5415 ουσαν.
681 5371 852 5415 recte.
937 5363 1073 5415 diuo
1094 5358 1270 5415 Paris.
1306 5361 1642 5415 ὲπανθουσαν
1674 5378 1687 5391 ο
1713 5378 1875 5415 uuam

295 5358 660 5432 ἀπανθοῦσαν,
681 5371 852 5418 recte.
892 5358 1073 5415 Editio
1094 5358 1270 5432 Paris.
1306 5358 1642 5432 ἐπανθοῦσαν
1674 5378 1687 5391 ο
1713 5366 1876 5432 quam

297 5430 488 5486 falsam
514 5435 843 5503 scripturam
878 5442 1103 5503 secutus
1137 5431 1428 5501 interpres,
1472 5431 1545 5485 ita
1597 5430 1743 5486 hunc
1789 5432 1873 5485 Ιο-

295 5514 420 5554 cum
450 5502 656 5558 vertit’:
684 5503 980 5557 Pecuniam
1013 5502 1085 5555 da
1115 5517 1233 5570 qum
1259 5512 1568 5571 permaneat
1600 5519 1662 5555 ac
1708 5504 1875 5555 conti-

298 5586 409 5643 nuo
437 5573 614 5640 duret,
643 5574 876 5643 gloriam
907 5588 1027 5643 qua:
1065 5588 1264 5640 semper
1300 5572 1489 5641 ﬂoreat
1523 5589 1541 5625 :
1570 5571 1666 5643 sed
1696 5586 1724 5643 a
1753 5586 1873 5625 sco-

1991 4537 2210 4593 tandem
2249 4532 2524 4604 ejusmodi
2581 4532 2909 4601 artiﬁcium,
2955 4533 3049 4587 sed
3094 4533 3360 4587 attendite
3397 4548 3558 4602 quam

1990 4629 2247 4685 acerbum
2278 4634 2333 4681 et
2366 4640 2552 4697 grave.
2584 4624 2720 4679 Cum
2752 4625 2901 4680 enim
2944 4624 3352 4681 considerasset
3386 4626 3563 4695 regio-

1987 4722 2076 4778 nis
2107 4729 2384 4785 naturam,
2431 4719 2577 4790 quod
2629 4717 2825 4788 frigida
2856 4726 3024 4785 esset,
3059 4727 3114 4772 et
3152 4716 3280 4770 anni
3318 4723 3557 4785 tempus,

1985 4952 2405 4999 marcescentem.
2438 4941 2555 4997 Hoc
2582 4948 2687 5005 est,
2731 4942 2843 4996 Das
2878 4941 3149 5011 pecunias,
3195 4955 3312 5009 quae
3342 4955 3423 4994 me
3456 4956 3558 4994 non

1982 5026 2105 5070 sunt
2128 5024 2385 5069 secuturae
2406 5022 2520 5081 post
2546 5023 2785 5073 mortem,
2806 5015 2893 5063 sed
2922 5027 3038 5079 qua:
3068 5012 3150 5064 hic
3182 5016 3558 5075 remanebunt;

1983 5086 2235 5140 similiter
2260 5084 2357 5137 das
2394 5085 2621 5153 gloriam
2657 5084 2889 5152 quidem,
2913 5082 2999 5134 sed
3027 5096 3144 5150 quae
3170 5082 3353 5135 statim
3387 5083 3560 5135 instar

1981 5156 2130 5225 ﬂoris
2158 5153 2426 5208 transibit.

2052 5226 2163 5296 (24)
2188 5225 2374 5278 Codex
2407 5238 2549 5278 unus
2578 5230 2631 5276 et
2656 5221 2784 5296 editi
2820 5219 3177 5290 μικρολόγων.
3196 5219 3350 5275 Alius
3369 5237 3560 5295 μικρο-

1979 5292 2157 5365 λόγος.
2200 5295 2305 5347 Alii
2348 5306 2459 5365 tres
2497 5292 2853 5365 μικρολόγως.

2049 5359 2164 5436 (25)
2198 5364 2381 5436 Edilio
2404 5359 2577 5417 Paris.
2600 5359 2755 5432 βέλη.
2792 5360 2968 5436 Editio
3000 5359 3169 5436 Basil.
3202 5366 3256 5414 et
3296 5376 3391 5436 se;
3418 5376 3555 5436 mss.

2014 5430 2154 5501 ἐλος.
2208 5435 2330 5489 Mox
2362 5450 2495 5488 mss.
2556 5430 2665 5485 non
2720 5430 2875 5501 pauci
2915 5431 3053 5501 ὅπερ
3100 5430 3272 5501 ἐὰν...
3330 5431 3426 5483 ὲάν
3476 5430 3554 5485 δέ.

2007 5500 2121 5560 Iditi
2153 5513 2207 5561 et
2238 5504 2370 5574 Reg.
2405 5503 2603 5574 tertius
2631 5500 2768 5572 ὅπερ
2985 5500 3053 5574 ἂν

2046 5576 2160 5647 (26)
2198 5567 2347 5647 Beg.‘
2370 5572 2645 5647 secundus
2685 5567 2780 5647 seu
2813 5570 2953 5647 Med.
2993 5567 3096 5624 οἶοι
3128 5572 3311 5642 ἡμεῖς,
3342 5575 3556 5639 non,ut

300 5654 368 5706 po
401 5642 564 5715 longe.
592 5638 895 5715 aberravit.
918 5638 1125 5715 Potius
1169 5638 1332 5712 igitur
1380 5644 1542 5696 velim
1594 5641 1666 5694 ita
1688 5642 1872 5715 _int_er-
1976 5638 2166 5703 scribit
2203 5638 2452 5707 Duc-aus,
2481 5638 2583 5695 οἶοί
2616 5658 2675 5695 τε
2703 5644 2880 5713 ἡμεῖς.

300 5709 563 5778 ρι’ωετᾶ.
618 5714 883 5771 Pecunias
941 5709 1593 5781 das'hic'remansuras,
1644 5712 1868 5780 qloriam
