4036 6236
409 256 513 314 διῆ

1742 253 1801 309 S.
1826 251 2073 309 BASlLll
2110 249 2329 307 MAGNI

3558 248 3665 303 516

406 375 556 447 quod
594 373 909 440 hibernum.
948 375 1238 431 observata
1278 380 1443 430 nocte
1482 373 1541 428 in
1591 390 1699 446 qua
1748 378 1983 432 maxime

2110 374 2255 429 letvbv
2297 373 2642 437 ἐπιτείνεται,
2689 369 2861 433 ἄλλως
2901 367 2960 422 δὲ
3007 368 3243 440 κα1(27)
3288 368 3409 423 τότε
3467 369 3664 442 βορεου

408 467 613 521 malum
642 466 963 538 augebatur,
1015 466 1320 535 praesertim
1355 481 1482 519 cum
1524 465 1722 522 boreas
1773 467 1829 521 in
1861 466 1982 537 ipsa

411 565 543 614 tunc
580 558 841 628 spiraret,
884 557 1191 613 denudatos
1229 570 1423 611 omnes
1458 555 1627 624 jussit
1663 557 1767 611 sub
1793 556 1886 613 dio
1926 558 1984 611 in

412 650 591 705 media
628 649 851 705 civitate
896 648 1216 718 congelatas
1257 647 1418 702 mori.
1458 645 1620 703 Scitis
1652 656 1833 701 autem
1870 662 1987 702 om-

414 740 548 795 nino
587 755 709 804 vos,
754 741 848 809 qui
878 740 1112 795 hiemem
1143 740 1353 808 experti
1385 738 1540 801 estis,
1587 753 1750 808 quam
1793 739 1986 794 intole-

415 832 588 888 rabile
627 833 700 888 sit
732 832 869 887 illud
916 832 1175 887 tormenti
1213 848 1406 902 genus.
1452 831 1640 903 Neque
1679 831 1825 886 enim
1871 831 1988 887 ﬁeri

416 931 597 999 potest
625 934 685 978 ut
716 924 769 979 id
799 923 922 980 aliis
950 930 1138 979 notum
1171 923 1263 989 sit,
1299 922 1405 978 nisi
1434 923 1634 993 quibus
1658 928 1783 991 post
1815 922 1987 991 ipsam

417 1014 808 1085 experientiam
837 1023 1131 1084 suppetunt
1161 1029 1350 1069 eorum
1380 1014 1448 1069 de
1475 1013 1678 1085 quibus
1718 1013 1992 1083 loquimur

417 1104 687 1175 exempla.
715 1103 931 1174 Corpus
952 1106 1100 1159 enim
1137 1104 1286 1173 quod
1312 1105 1500 1174 frigori
1534 1102 1847 1173 exponitur,
1879 1102 1993 1172 pri-

418 1209 567 1249 mum
594 1195 816 1266 quidem
862 1204 1037 1251 totum
1070 1195 1296 1251 lividum
1334 1207 1442 1259 εει,
1486 1197 1756 1266 sanguine
1803 1209 1995 1265 conge-

417 1285 535 1341 lato
572 1302 585 1338 :
625 1287 824 1343 exinde
865 1287 1106 1358 agitatur
1152 1301 1217 1341 ac
1267 1286 1600 1351 eﬁ‘ervcscit,
1645 1286 1901 1341 dentibus
1938 1285 1995 1339 in

420 1390 482 1431 se
524 1377 979 1449 impingentibus,
1014 1378 1273 1433 retractis
1325 1380 1529 1445 nervis,
1578 1386 1635 1434 et
1669 1379 1809 1435 mole
1847 1379 1995 1434 omni

423 1481 627 1542 praeter
673 1473 1009 1528 voluntatem
1048 1480 1350 1528 contracta.
1384 1472 1528 1540 Quin
1561 1483 1616 1529 et
1660 1481 1854 1529 acutus
1876 1473 1999 1543 qui-

419 1563 546 1618 dam
569 1563 868 1627 cruciatus,
898 1573 953 1620 et
974 1564 1129 1621 dolor
1152 1565 1537 1620 inenarrabilis
1562 1566 1628 1619 ad
1652 1566 1802 1635 ipsas
1827 1582 2000 1637 usque

420 1653 693 1710 medullas
750 1655 1109 1725 perveniens,
1167 1672 1330 1712 sensu
1375 1657 1708 1711 intolerabili
1759 1641 2001 1729 algentes

2084 464 2252 535 αὐτὴν
2286 463 2639 526 ἐπιπνέοντος
2659 503 2674 528 ,
2723 462 2980 515 ἐκέλευσε
3020 462 3231 525 πάντας
3278 461 3669 533 γυμνωθέντας

2085 555 2193 609 ὑπὸ
2219 552 2280 609 τὸ
2312 554 2526 628 αἴθριον
2545 558 2605 610 ὲν
2639 556 2780 627 μέσῃ
2812 557 2879 626 τῇ
2922 553 3073 607 πόλει
3115 555 3497 625 πηγνυμένους
3527 556 3666 609 dm—

2087 646 2290 700 θανεῖν.
2327 646 2554 711 Πάντως
2585 645 2697 717 (28)
2728 645 2789 699 δὲ
2834 646 2983 709 ἴστε,
3024 645 3076 697 οἱ
3119 644 3513 716 πεπειραμένοι
3554 663 3671 716 χει-

2091 737 2289 809 μῶνος,
2316 737 2392 802 ὡς
2415 736 2689 809 ἀφόρητόν
2712 737 2830 789 ἐστι
2855 737 2954 806 τῆς
2986 735 3224 806 βασάνου
3255 736 3317 789 τὸ
3344 732 3504 801 εἶδος.
3528 738 3669 791 Οὐδὲ

2087 829 2196 904 γὰρ
2241 829 2465 884 δυνατὸν
2494 829 2675 894 ἄλλοις
2725 827 3064 894 ἐνδείξασθαι
3111 829 3145 899 ἦ
3181 830 3295 893 τοῖς
3334 831 3671 901 προαποκεί-

2093 940 2229 993 μενα
2261 923 2475 993 ἔχουσιν
2507 922 2573 976 ὲκ
2624 923 2724 993 τῆς
2756 920 2954 991 πείρας
3003 921 3172 992 αὐτῆς
3207 921 3317 975 τῶν
3357 923 3671 994 λεγομένων

2088 1015 2160 1068 τά
2182 1014 2577 1085 ὑποδείγματα.
2603 1013 2771 1084 Σῶμα
2792 1013 2901 1083 γὰρ
2924 1013 3081 1085 κρύει
3103 1014 3423 1088 παραπεσὸν
3453 1015 3674 1087 πρῶτον

2096 1107 2194 1177 μὲν
2226 1107 2346 1161 ὅλον
2394 1106 2511 1159 ἐστὶ
2559 1105 2827 1173 πελιδνὸν,
2875 1108 3224 1178 πηγνυμένου
3255 1105 3352 1160 τοῦ
3396 1109 3629 1179 αἵματος
3655 1125 3671 1138 ο

2094 1198 2286 1252 ἔπειτα
2308 1197 2602 1252 -κλονεῖται
2638 1198 2732 1252 καὶ
2776 1198 3204 1269 ἀναϐράσσεται,
3240 1199 3466 1253 ὀδόντων
3496 1201 3674 1271 ἀρασ-

2097 1290 2374 1362 σομένων,
2411 1291 2712 1361 σπωμένων
2753 1289 2811 1342 δὲ
2840 1289 2952 1343 τῶν
2988 1290 3115 1344 ίνῶν
3134 1331 3149 1356 ,
3185 1291 3280 1344 καὶ
3326 1291 3527 1356 παντὸς
3573 1292 3674 1346 τοῦ

2096 1383 2260 1452 ὄγκου
2283 1383 2662 1456 ἀπροαιρέτως
2694 1383 3106 1454 συνελκομένου.
3144 1384 3333 1455 ὐδύνη
3368 1384 3425 1438 δέ
3448 1402 3537 1448 τις
3560 1385 3679 1457 δρι-

2102 1478 2248 1547 μεῖα,
2279 1477 2375 1530 καὶ
2404 1477 2567 1542 πόνος
2610 1477 2851 1549 ἄρρητός
2883 1476 3065 1530 αὐτῶν
3111 1459 3535 1549 καθικνούμενος
3564 1478 3679 1531 τῶν

2103 1565 2346 1637 μυελῶν,
2383 1566 2810 1641 δυσφορωτάτην
2854 1570 3088 1622 ποιεῖται
3139 1571 3256 1632 τοῖς
3304 1571 3681 1640 πηγνυμένοις

2098 1660 2199 1729 τὴν
2229 1659 2501 1731 αἴσθησιν.
2544 1661 2779 1714 Ἔπειτα
2818 1658 3293 1732 ἀκρωτηριάζεται
3318 1658 3450 1732 (ἓ9),
3485 1660 3681 1733 ὥσπερ

422 1744 606 1802 afﬁcit.
643 1744 782 1800 Tum
816 1747 1124 1813 mutilatur,
1146 1749 1409 1803 extremis
1443 1748 1692 1818 partibus
1732 1750 1891 1819 quasi
1929 1749 1999 1804 ab

2110 1750 2208 1805 Ξιπό
2253 1751 2446 1824 πυρὸς,
2481 1752 2787 1824 καιομένων
2825 1751 2934 1807 τῶν
2966 1752 3172 1823 ἄκρων.
3214 1752 3679 1823 ’Δποδιωκόμενον

420 1835 548 1906 igne
589 1838 976 1894 concrematis.
1024 1838 1190 1896 Calor
1238 1840 1383 1895 enim
1441 1840 1508 1894 ab
1564 1841 1999 1896 extremitatibus

422 1928 671 1997 corporis
704 1927 944 1999 fugatus,
970 1936 1025 1984 et
1054 1930 1123 1984 ad
1151 1930 1412 1986 interiora
1441 1932 1781 2002 confugiens,
1816 1942 2000 2004 partes

425 2034 457 2073 a
489 2020 690 2090 quibus
714 2022 980 2086 abscedit,
1014 2023 1278 2093 relinquit
1308 2032 1555 2079 mortuas
1594 2043 1607 2079 :
1645 2040 1740 2081 eas
1778 2041 1910 2081 vero
1932 2026 2000 2080 ad

425 2127 567 2183 quas
621 2115 972 2170 contruditur
1013 2115 1330 2178 excruciat,
1369 2123 1546 2172 morte
1594 2116 1855 2186 paulatim
1905 2133 2003 2188 per

429 2205 865 2276 congelationem
915 2207 1230 2263 accedente.
1275 2206 1433 2262 Tunc
1471 2208 1638 2278 igitur
1676 2222 1741 2263 ea
1781 2211 1836 2262 in
1877 2210 2002 2267 illos

425 2294 535 2350 lata
576 2297 843 2352 sententia
884 2305 1002 2361 est,
1057 2306 1115 2351 ut
1166 2298 1270 2353 sub
1306 2299 1397 2353 dio
1441 2306 1844 2369 pernoctarent,
1877 2316 2001 2355 cum

427 2395 707 2459 stagnum,
741 2389 948 2444 circum
988 2391 1134 2459 quod
1169 2390 1391 2445 condita
1427 2390 1583 2461 153
1621 2399 1742 2446 erat
1783 2392 2000 2457 civitas,

428 2478 484 2533 in
532 2495 642 2549 qua
691 2480 870 2535 sancti
923 2480 1316 2545 decertabant,
1366 2490 1517 2536 esset
1557 2481 1707 2536 velut
1754 2482 2004 2551 quaedam

429 2570 687 2640 planities
736 2573 1093 2642 equitabilis,
1136 2573 1312 2644 glacie
1376 2572 1513 2627 illud
1558 2582 2002 2637 transmutante,

428 2678 663 2732 cumque
695 2664 747 2718 id
778 2680 843 2719 ex
868 2664 1070 2735 frigore
1095 2667 1164 2719 ad
1188 2664 1525 2720 continentis
1549 2672 1804 2719 naturam
1839 2666 2005 2721 reda-

429 2761 601 2819 ctum,
653 2769 819 2824 super
857 2755 1084 2811 dorsum
1131 2757 1232 2811 iter
1282 2757 1593 2811 accolarum
1652 2756 1885 2826 pedibus
1917 2766 2005 2811 tu-

428 2850 545 2896 tum
575 2842 862 2911 praeberet,
900 2851 1274 2913 praetereaque
1307 2842 1459 2898 fluvii
1490 2843 1584 2914 qui
1629 2845 1836 2915 iugiter
1867 2845 2006 2900 flue-

430 2934 585 3000 bant,
612 2933 787 3005 glacie
815 2934 1124 2998 constricti,
1152 2935 1452 2990 desiissent
1479 2950 1724 2999 manare,
1758 2943 1814 2991 et
1836 2951 2006 3007 aqua-

431 3040 556 3080 rum
588 3033 784 3081 natura
821 3026 1038 3081 mollior
1071 3026 1127 3081 in
1176 3027 1417 3097 lapidum
1445 3027 1702 3082 duritiem
1737 3043 2006 3085 conversa

431 3124 599 3176 esset.
640 3130 763 3170 cum
797 3114 1034 3186 denique
1080 3131 1238 3171 acres
1275 3116 1458 3172 boreae
1500 3116 1666 3175 ﬂatus
1711 3120 2011 3173 animantia
2037 3111 2081 3169 (Σ

432 3207 616 3262 omnia
642 3214 898 3278 urgerent
923 3207 990 3262 ad
1016 3214 1268 3264 mortem.

504 3344 557 3401 6.
600 3343 756 3400 Tunc
791 3345 958 3416 igitur
1007 3344 1196 3400 audito
1238 3344 1417 3401 edicto
1452 3345 1529 3413 (et
1572 3344 1703 3421 mihi
1754 3346 1845 3400 hic
1886 3361 2015 3401 con-

432 3437 643 3494 sideres
671 3438 832 3492 velim
856 3438 1099 3492 virorum
1134 3437 1558 3507 insuperabilem
1587 3440 2007 3508 constantiam),

434 3526 815 3597 unusquisque
866 3535 1147 3597 postrema
1197 3528 1362 3583 etiam
1400 3528 1585 3582 tunica
1632 3529 1739 3583 late
1777 3529 2010 3598 abiecta,

434 3634 531 3690 per
561 3617 735 3689 frigus
757 3617 823 3672 ad
843 3625 1073 3674 mortem
1104 3618 1576 3688 progrediebatur,
1607 3619 1745 3673 alter
1777 3618 2009 3672 alterum

435 3712 591 3784 quasi
661 3709 729 3764 ad
791 3706 966 3781 spolia
1030 3707 1338 3779 diripienda
1407 3711 1755 3765 cohortatus.
1823 3708 2010 3780 Neque

507 3910 618 4033 (27?
652 3908 808 3991 Editi.
830 3908 1003 3989 ἄλλως
1028 3925 1089 3988 τε
1136 3908 1257 3991 καί..
1282 3908 1632 3991 Antiquisex
1652 3903 1796 3989 .libri
1833 3904 2009 3987 ἄλλως

521 4000 592 4033 κα
621 4021 634 4033 .
673 3979 868 4032 Stattm
908 3979 1000 4032 ubi
1049 3992 1104 4031 In
1148 3989 1389 4033 anttotus
1441 3979 1773 4033 edtttombus
1816 3976 2009 4033 legitur

434 3982 492 4036 δὲ
517 3976 634 4035 καί.
673 3979 878 4049 Statim
908 3979 1019 4049 ubi
1049 3979 1104 4031 in
1148 3980 1389 4049 antiquis
1433 3976 2015 4049 editionibuslegitur

438 4054 497 4105 ἓν
534 4052 672 4121 μέσῃ
703 4052 771 4121 τῇ
799 4048 970 4111 πόλει,
1002 4047 1057 4100 in
1082 4049 1255 4121 media
1280 4047 1511 4121 civitate,
1544 4048 1630 4121 vir
1653 4047 2016 4121 doctissimus

440 4115 672 4176 Vossius
709 4115 811 4188 legi
853 4124 1104 4190 oportere
1139 4120 1213 4172 ait
1246 4122 1305 4173 ὲν
1341 4118 1481 4190 μέσῃ
1508 4116 1798 4190 τῇᾲλίμνῃ,
1846 4115 2016 4190 medio

438 4192 496 4245 in
532 4186 868 4259 stagnofuti
892 4186 1178 4259 scriptum
1228 4186 1480 4243 inveniri
1505 4186 1757 4241 afﬁrmat
1786 4187 1843 4259 in
1874 4186 2017 4240 libro

441 4256 826 4330 antiquissimo
858 4257 1000 4336 {sed
1030 4256 1317 4327 vulgatam
1352 4259 1637 4311 lectionem
1670 4256 1847 4310 nostri
1876 4270 2012 4311 mss.

440 4345 631 4386 omnes
659 4341 856 4397 magno
879 4336 1019 4397 inter
1043 4341 1102 4381 SC
1131 4343 1402 4383 consensu
1436 4336 1680 4397 tuentur.

517 4400 625 4470 (28)
659 4396 805 4470 Editi
841 4396 1064 4470 rt_dtv-c_eg.
1092 4400 1174 4470 At_
1188 4398 1311 4452 libri
1342 4396 1824 4470 antiqui__r:dtv'cwg.

514 4464 625 4542 {29)
664 4468 844 4542 Editio
867 4465 1041 4542 Paris.
1067 4475 1121 4521 et
1142 4464 1271 4542 Reg.
1291 4464 1499 4542 tertius
1528 4467 1747 4542 liber__et
1775 4464 2016 4542 optimus

440 4549 497 4598 et
522 4535 1458 4608 νειυειίεείιηυεἀκρωτηριάζεται,
1491 4551 1593 4592 nec
1633 4537 1792 4608 aliter
1820 4535 2018 4608 legitur

445 4614 499 4666 in
526 4625 621 4666 ora
652 4604 1295 4677 codicumAnglicorum.
1329 4608 1395 4661 At
1441 4614 1673 4675 utraque
1708 4605 1877 4660 editio
1912 4604 2017 4677 Ba-

444 4683 532 4738 sil.
560 4688 614 4736 et
637 4678 777 4734 Med.
808 4684 862 4734 et
887 4673 1035 4731 Oliv.
1051 4683 1105 4732 et
1134 4677 1226 4731 alii
1253 4685 1489 4746 quatuor
1524 4673 1656 4732 mss.
1684 4673 2018 4746 ἀκροτηριά-

444 4752 599 4817 ζεται
625 4765 640 4780 ·
668 4764 832 4819 quam
852 4748 1110 4819 ultimam
1145 4745 1420 4819 scribendi
1459 4748 1726 4819 ratio_u_em
1763 4745 2017 4819 vitiosam

443 4814 570 4878 esse
594 4814 804 4890 jud'icat
852 4816 1119 4890 Henricus
1150 4815 1459 4890 Stephanus
1489 4819 1544 4871 in
1582 4815 1871 4870 Thesauro.
1913 4814 2022 4868 lbi-

446 4894 569 4948 dem
594 4886 747 4959 unus,
784 4886 1027 4959 [ηε-ὑπο
1057 4888 1248 4959 πυρός.

519 4960 631 5032 (50)
673 4954 852 5032 Editio
898 4955 1073 5012 Paris.
1105 4953 1160 5013 et
1203 4957 1362 5032 Aug].
1389 4955 1692 5032 striges"?
1724 4954 1916 5032 ὀδύνας
1941 4953 2022 5006 δί-

446 5024 752 5085 δωσι.Ἀιίἱ
808 5034 1045 5098 quatuor
1093 5042 1234 5098 mss.
1277 5024 1347 5098 τά
1403 5024 1601 5098 δῖε-ἐφ’
1646 5024 2022 5098 ἀἪη-όδύνας

447 5100 652 5154 δίδωσι.
676 5094 863 5169 Editio
896 5097 1062 5152 Basil.
1094 5107 1147 5169 et
1186 5094 1326 5169 Med.
1363 5101 1418 5153 et
1443 5094 1584 5150 Oliv.
1616 5103 1670 5150 et
1707 5094 1862 5149 Colb.
1918 5102 2023 5169 ter-_

452 5171 561 5224 tius
580 5176 639 5222 ut
672 5168 728 5221 in
757 5175 1012 5224 contextu
1042 5187 1056 5221 :
1084 5167 1152 5221 ad
1194 5162 1449 5222 verbum.
1481 5182 1572 5218 eas
1601 5180 1716 5219 vero
1746 5176 1921 5232 partes
1954 5162 2022 5216 ad

448 5254 583 5310 quas
602 5238 910 5310 impellitur,
933 5237 1201 5310 doloribus
1221 5235 1550 5310 tr_adit.Mox
1572 5242 1704 5291 mss.
1722 5245 1832 5290 tres
1850 5248 2023 5305 προσ-

452 5308 643 5378 ιόντος.
674 5308 829 5378 Alius
860 5317 925 5378 et
943 5308 1073 5363 editi
1118 5308 1418 5378 προϊόντος.

548 5374 835 5449 διλιιιιιά,
883 5375 1016 5430 Τότε
1052 5373 1231 5449 τοίνυν
1278 5377 1666 5449 αἴθριοᾼι,ςις.,
1717 5373 2026 5449 ita_Latine

450 5445 689 5503 reddidit
720 5449 992 5518 interpres
1023 5467 1037 5502 :
1076 5446 1259 5518 Igitur
1295 5445 1467 5500 sancti
1507 5445 1608 5502 Dei
1651 5445 1745 5518 sub
1788 5445 1879 5500 dio
1906 5454 2028 5512 per-

451 5528 664 5588 nectare
692 5518 749 5570 in
770 5516 957 5588 stagno
983 5516 1209 5588 quodam
1232 5517 1378 5587 jusst’
1415 5526 1558 5576 sunt,
1590 5516 1727 5588 quod
1760 5532 1855 5584 pro
1903 5531 2029 5588 mre-

453 5587 607 5642 nibus
630 5584 1014 5641 civitatis'erat'.
1048 5587 1155 5641 Sed
1190 5584 1293 5643 hoc
1323 5604 1431 5642 non
1463 5584 1611 5640 dixit
1646 5586 1898 5639 Basilius.
1938 5584 2028 5636 Ait

354 5719 363 5728 ,
455 5660 654 5720 solum,
677 5659 864 5715 beatos
890 5659 989 5714 hos
1016 5665 1283 5722 martyres
1314 5675 1377 5715 ex
1407 5658 1611 5722 judicis
1631 5656 1899 5713 sententia
1925 5655 2028 5709 sub

2100 1844 2209 1916 γὰρ
2237 1846 2300 1898 τὸ
2332 1845 2533 1916 θερμὸν
2575 1845 2685 1898 ἀπὸ
2711 1844 2822 1898 τῶν
2856 1845 3108 1917 περάτων
3149 1845 3244 1898 τοῦ
3281 1843 3551 1915 σώματος,
3582 1848 3682 1900 καὶ

2104 1937 2417 2009 συμφεῦγον
2442 1938 2536 1991 ἐπὶ
2560 1937 2621 1991 τὸ
2645 1936 2827 2007 βάθος,
2852 1937 2923 1990 τά
2947 1936 3066 2008 μὲν,
3092 1937 3215 1991 ὅθεν
3245 1937 3479 2009 ἀπέστη,
3506 1940 3682 2011 νεκρά

2102 2030 2421 2085 καταλείπει
2444 2072 2460 2096 ,
2498 2030 2568 2084 τὰ
2599 2031 2692 2094 δὲ,
2747 2031 2833 2099 ἐφ’
2881 2029 2918 2084 ἃ.
2957 2029 3309 2097 συνωθεῖται,
3346 2031 3557 2095 ὀδύναις
3596 2032 3683 2085 δί-

2102 2122 2232 2175 δωσι
2256 2120 2389 2193 (50),
2417 2121 2559 2175 κατά
2599 2121 2793 2193 μικρὸν
2818 2120 2913 2176 τοῦ
2953 2121 3186 2175 θανάτου
3214 2121 3303 2175 διά
3330 2120 3433 2191 τῆς
3464 2120 3684 2191 πήξεως

2104 2214 2443 2285 προσιόντος.
2482 2213 2617 2266 Τότε
2648 2213 2831 2266 τοίνυν
2874 2212 3075 2285 αἴθριοι
3105 2213 3217 2285 (51)
3245 2213 3685 2286 διανυκτερεύειν

2103 2305 2605 2376 κατεδικάσθησαν,
2659 2306 2750 2358 ὅτε
2792 2305 2957 2375 λίμνη
3000 2306 3132 2376 μὲν,
3173 2305 3300 2377 περὶ
3342 2306 3409 2377 ἢν
3447 2307 3481 2377 ἡ
3527 2305 3689 2368 πόλις

2105 2394 2459 2466 κατῴκισται,
2502 2391 2624 2468 ὲνῇ
2662 2395 2834 2449 ταῦτα
2879 2395 3126 2467 διήθλουν
3173 2397 3225 2449 οἱ
3266 2396 3434 2465 ἅγιοι,
3476 2392 3587 2452 οἷόν
3630 2415 3687 2449 τι

2106 2486 2288 2540 πεδίον
2343 2486 2646 2558 ἱππήλατον
2691 2483 2793 2558 ἦν,
2840 2489 3310 2560 μεταποιήσαντος
3362 2486 3539 2559 ἀὐτὴν
3588 2490 3689 2542 τοῦ

2106 2578 2472 2650 κρυστάλλου·
2521 2580 2616 2633 καὶ
2654 2580 3030 2653 ὴπειρωθεῖσα
3074 2580 3153 2652 τῷ
3198 2580 3378 2653 κρύει,
3427 2580 3690 2651 ἀσφαλῶς

2107 2671 2249 2743 ὑπὲρ
2305 2670 2474 2726 νῶτον
2532 2671 2782 2736 πεζεύειν
2834 2673 3130 2744 παρείχετο
3183 2675 3297 2736 τοῖς
3348 2668 3646 2744 περιοίκοις
3671 2691 3685 2702 ·

2107 2762 2342 2832 ποταμοὶ
2368 2763 2426 2815 δὲ
2447 2761 2646 2816 ἀένναα
2673 2763 2909 2834 ῥέοντες,
2942 2762 3021 2834 τῷ
3061 2762 3383 2834 κρυστάλλῳ
3415 2762 3687 2825 δεθέντες,

2104 2853 2215 2908 τῶν
2248 2854 2477 2928 ῥείθρων
2511 2855 2773 2927 ἔστησαν·
2802 2857 2836 2926 ἦ
2878 2873 2939 2909 τε
2979 2856 3091 2927 (52)
3134 2855 3319 2928 ἁπαλὴ
3359 2855 3454 2908 τοῦ
3496 2854 3694 2917 ὓδατος

2108 2945 2269 3016 φύσις
2291 2947 2428 3018 πρὸς
2459 2947 2560 3017 τὴν
2588 2947 2699 3000 τῶν
2738 2947 2902 3001 λίθων
2942 2947 3267 3001 ἀντιτυπίαν
3314 2944 3652 3018 μετεποιήθη
3673 2963 3689 2976 ·

2111 3038 2300 3109 βορέου
2330 3038 2387 3092 δὲ
2418 3038 2661 3111 δριμεῖαι
2716 3039 2877 3093 πνοαὶ
2900 3039 2963 3092 τὺ
2998 3037 3240 3109 ἔμψυχον
3275 3038 3423 3093 ἅπαν
3462 3036 3554 3090 ἐπὶ
3593 3036 3695 3090 τὸν

2114 3129 2346 3185 θάνατον
2374 3131 2603 3202 ἤπειγον
2632 3129 2770 3203 (55).

2183 3335 2235 3389 6.
2270 3335 2405 3388 Τότε
2426 3334 2606 3389 τοίνυν
2638 3332 2970 3397 ἀκούσαντες
2991 3332 3085 3386 τοῦ
3116 3332 3537 3405 προστάγματος
3566 3330 3697 3402 (καὶ

2113 3418 2309 3480 σκόπει
2347 3445 2437 3497 μοι
2470 3426 2705 3481 ἐνταῦθα
2731 3425 2841 3479 τῶν
2885 3423 3092 3497 ἀνδρῶν
3126 3424 3186 3478 τὺ
3230 3421 3554 3494 ἀήττητον),
3592 3440 3699 3494 με-

2108 3521 2178 3575 τά
2211 3522 2386 3593 χαρᾶς
2418 3520 2827 3593 ἀπορρίψαντες
2856 3519 3083 3583 ἕκαστος
3115 3517 3210 3572 καὶ
3242 3516 3335 3570 τὸν
3382 3515 3699 3569 τελευταῖον

2116 3612 2339 3683 χιτῶνα,
2373 3612 2510 3684 πρὸς
2541 3612 2634 3665 τὸν
2662 3610 2750 3664 διὰ
2790 3608 2883 3663 τοῦ
2933 3608 3132 3681 κρύους
3167 3606 3406 3680 ἐχώρουν
3443 3607 3699 3665 θάνατον.

2115 3701 2304 3773 ὥσπερ
2330 3705 2387 3756 ὲν
2415 3703 2625 3757 σκύλων
2652 3702 2931 3772 διαρπαγῇ
2964 3700 3219 3770 ἀλλήλοις
3260 3698 3703 3769 ἐγκελευόμενοι.

2110 3905 2204 3960 dio
2255 3904 2609 3975 pernoctasse
2655 3917 2729 3975 eo
2766 3908 3032 3975 tempore,
3068 3914 3178 3969 quo
3224 3911 3501 3975 stagnum,
3541 3897 3698 3975 circa

2113 3967 2272 4045 αιωᾶ
2285 3976 2509 4045 condita
2530 3981 2667 4045 erat?
2684 3967 2900 4045 civitas.
2932 3972 3053 4045 gelu
3087 3967 3439 4045 constiterat.
3457 3967 3695 4045 Errandi

2115 4037 2284 4101 causa
2318 4045 2419 4099 fuit
2461 4043 2617 4115 illud.
2655 4037 2773 4115 ἐν
2805 4061 2818 4095 :
2849 4037 2993 4110 quod
3048 4041 3202 4115 multi
3240 4041 3313 4092 ita
3350 4039 3697 4115 interpretati

2118 4126 2266 4188 sunt.
2301 4115 2459 4188 quasi
2492 4107 2835 4169 referendum
2867 4107 3022 4166 esset
3064 4111 3130 4164 ad
3185 4123 3368 4188 vocem
3401 4107 3586 4187 λίμνη,
3619 4109 3700 4188 ,ἐν

2117 4181 2151 4259 ᾗ
2183 4179 2455 4259 1(5)»th
2485 4200 2603 4259 quo
2628 4191 2836 4259 stagno,
2859 4193 3202 4259 cumntamen
3230 4179 3471 4258 dubitari
3499 4179 3702 4231 merita

2121 4244 2449 4324 Hon'po's'sit,
2476 4244 2609 4324 quin
2640 4244 2912 4307 adrvocem
2943 4249 3096 4324 πόλις
3124 4265 3287 4324 quam
3320 4247 3565 4324 proxime
3603 4262 3699 4302 se-

2048 4313 2094 4371 D
2119 4313 2326 4393 quitur,
2359 4313 2551 4379 referri
2589 4323 2801 4393 debeat,
2842 4325 2900 4375 ὲν
3003 4313 3189 4393 πόλεί,
3234 4321 3288 4373 in
3320 4313 3696 4393 qua_c_t:vi_tate.

2120 4386 2253 4467 Scio
2277 4386 2494 4467 quidem
2532 4408 2722 4467 omnes
2747 4391 2856 4448 fere
2884 4386 3265 4467 auctoritatem
3297 4386 3703 4467 sequiAEphrae-

2116 4466 2191 4520 mi
2225 4460 2473 4527 diaconi,
2512 4464 2603 4532 qui
2650 4466 2726 4515 ait
2777 4462 3135 4532 quadraginta
3174 4460 3296 4532 illos
3336 4465 3605 4527 martyres
3640 4460 3701 4512 in

2117 4544 2310 4605 stagno
2342 4529 2545 4605 frigori
2576 4529 3076 4605 expositosdfuisse
3102 4529 3247 4605 :_sed
3269 4544 3417 4605 lcum
3449 4543 3559 4581 non
3597 4543 3699 4605 ex:

2116 4596 2263 4661 stent
2297 4596 2779 4677 ipsa'sanctis'simi
2832 4603 2979 4677 illius
3030 4600 3313 4677 scriptoris
3361 4612 3556 4677 opera.
3599 4596 3701 4652 sed

2116 4671 2605 4730 eorum—duntaxat
2637 4671 3291 4743 interpretatioiquaadam
3313 4682 3435 4743 non
3470 4671 3543 4719 ita
3572 4682 3705 4743 per-

2118 4746 2280 4817 facta,
2307 4747 2465 4815 longe
2482 4753 2705 4817 praestat
2737 4737 2891 4812 sequi
2919 4737 3202 4817 Basilium,
3234 4738 3327 4817 qui
3354 4746 3541 4817 aperte
3559 4737 3702 4817 dicit

2119 4808 2450 4870 fortiSsimos
2478 4808 2780 4887 illosqviros
2817 4808 3141 4887 martyrium
3171 4809 3348 4887 media
3380 4812 3437 4861 in
3478 4808 3705 4887 civitate

2157 4887 2430 4958 ertulisse,
2454 4900 2566 4958 non
2604 4885 2660 4958 in
2689 4896 2904 4954 stagno.
2927 4877 3161 4958 _A'ccedit
3205 4880 3393 4942 etiam,
3428 4877 3700 4958 quod__illa

2157 4902 2430 4950 ertuttsse,
2454 4902 2566 4939 non
2604 4902 2660 4947 In
2689 4902 2904 4954 sragno.
2936 4902 3161 4936 ACCBUII.
3205 4902 3393 4942 cuum,
3428 4902 3573 4945 quuu
3605 4902 3700 4930 ma

2120 4902 2392 5024 Ephraemi
2447 4955 2665 5009 diaconi
2708 4952 3110 5024 scntentiajix
3156 4963 3375 5024 quoque
3417 4946 3705 5024 conciliari

2120 5014 2292 5093 possit
2323 5041 2449 5079 cum
2486 5025 2667 5079 verbis
2710 5022 2967 5093 Gregorii
2990 5014 3218 5093 Nysseni
3239 5058 3254 5084 ,
3287 5014 3456 5093 'tomo
3487 5014 3590 5093 Ill:
3640 5032 3701 5086 p.

2121 5083 2248 5164 3132,
2281 5095 2382 5150 sub
2431 5095 2613 5158 ﬁnem,
2645 5101 2696 5149 et
2744 5083 2868 5164 pag.
2916 5083 3221 5152 SMCCirea
3266 5088 3525 5143 medium.
3557 5083 3707 5157 Lege

2122 5163 2523 5220 Praefationem.

2216 5236 2305 5299 52)
2339 5234 2571 5289 Codices
2593 5232 2841 5287 nonnulli
2869 5239 2924 5287 et
2958 5231 3086 5286 editi
3121 5230 3156 5300 ἦ
3197 5245 3278 5300 τε.
3310 5227 3415 5300 Alii
3447 5228 3481 5298 ἡ

2216 5238 2305 5299 52)
2339 5238 2571 5289 Codices
2593 5238 2841 5287 nonnulli
2869 5239 2924 5287 et
2958 5238 3086 5286 editi
3121 5238 3156 5300 ἠ
3197 5245 3278 5283 τε.
3310 5238 3415 5281 Am
3447 5238 3481 5298 η
3515 5238 3594 5279 οε.

2194 5238 2696 5378 §3§)_Typographi
2730 5301 3073 5378 Parisienses
3101 5316 3167 5378 ex
3190 5298 3435 5378 Anglicis
3472 5295 3710 5378 quibus-7

2124 5364 2250 5431 darn
2279 5364 2746 5429 libris-ediderunt
2788 5373 3013 5441 ἐπῆγον,
3038 5364 3360 5424 άεάυεεὸᾱηι
3393 5384 3411 5421 :
3441 5364 3536 5421 sed
3562 5374 3619 5418 et
3647 5364 3709 5417 in’

2126 5445 2365 5502 editione
2394 5442 2691 5499 Basileeusi
2726 5452 2779 5497 et
2804 5445 2859 5497 in
2889 5441 3115 5497 Gallicis
3148 5455 3244 5509 sext
3273 5452 3409 5491 mss.
3446 5443 3712 5509 constane

2128 5528 2210 5571 ter
2232 5516 2430 5586 legitur
2465 5514 2713 5584 ἦπειγον,
2747 5512 3004 5584 urgebant
3039 5527 3057 5565 :
3096 5508 3240 5582 quod
3271 5509 3453 5563 verius
3486 5518 3611 5561 esse
3651 5508 3711 5556 et

2129 5587 2324 5643 melius
2354 5586 2704 5642 arbitramur.
