4036 6236
341 294 448 347 517

1270 302 1555 359 IIOMILIA
1595 306 1661 359 1N
1698 307 2193 373 QUADRAGINTA
2236 312 2636 370 ΜΑιιΤϊΒΕε.

3489 324 3595 380 518

341 409 436 480 Μὴ
459 409 566 482 γὰρ
604 412 837 482 ἱμάτιον,
882 417 1065 486 φησιν,
1111 419 1475 490 ἀποδυόμεθα,
1510 423 1647 476 ἀλλὰ
1693 426 1781 476 τὸν
1814 444 1906 478 πα-

2024 427 2192 489 enim,
2218 428 2492 499 inquiunt,
2533 440 2739 486 vestem
2774 433 3027 489 exuimus
3061 453 3072 488 :
3107 434 3201 489 sed
3229 442 3464 491 veterem
3496 438 3594 492 ho-

343 500 494 556 λαιὸν
522 503 804 574 ἄνθρωπον
839 508 1232 581 ἁποτιθέμεθα,
1263 514 1352 566 τὸν
1387 515 1742 587 φθειρόμενον
1778 520 1918 572 κατὰ

342 594 443 658 τὰς
472 596 761 667 ἐπιθυμίας
789 601 886 670 τῆς
930 602 1171 675 ἀπάτης.
1199 606 1644 678 Εὑχαριστοῦμέν
1674 627 1755 661 σοι
1781 611 1914 681 (54),

342 689 541 759 Κύριε,
561 690 638 761 τῷ
678 694 876 764 ἱματίῳ
904 696 1079 767 τούτῳ
1114 698 1211 769 τὴν
1246 700 1518 771 ἁμαρτίαν
1578 704 1916 757 συναποϐάλ-

340 784 547 848 λοντες.
585 787 802 857 Ἐπειδὴ
838 788 927 842 διὰ
971 790 1063 843 τὸν
1093 792 1215 861 ὄφιν
1250 794 1620 865 ἐνεδυσάμεθα
1642 836 1655 858 ,
1708 787 1943 849 διὰ-’ἶὅῖ

339 878 579 947 Χριστὸν
622 879 1003 951 ἐκδυσώμεθα.
1046 884 1138 955 Μὴ
1163 886 1539 957 ἀντισχώμεθα
1568 878 1796 957 ἱματίων
1828 889 1917 942 διὰ

337 968 434 1020 τὸν
468 970 792 1039 παράδεισον
815 973 873 1025 ὃν
900 975 1284 1047 ἀπωλέσαμεν.
1317 980 1380 1029 Τί
1422 980 1809 1051 ἀνταποδῶμεν
1838 982 1915 1052 τῷ

336 1060 534 1132 Κυρίῳ
556 1078 569 1125 ;
597 1061 851 1134 Ἐξεδύθη
885 1067 1043 1136 ἡμῶν
1067 1069 1161 1123 καὶ
1186 1072 1214 1121 ὁ
1241 1070 1462 1140 Κύριος.
1486 1073 1551 1124 Τί
1580 1073 1721 1143 μέγα
1743 1074 1915 1145 δούλῳ

334 1152 409 1207 τὰ
437 1153 534 1206 τοῦ
572 1156 843 1210 Δεσπότου
875 1158 1105 1224 παθεῖνς
1149 1162 1365 1216 Μᾶλλον
1390 1164 1446 1216 δὲ
1493 1166 1586 1217 καὶ
1620 1166 1781 1219 αὑτὸν
1822 1168 1913 1221 τὸν

333 1243 546 1316 Κύριον
582 1249 743 1317 ἡμεῖς
771 1249 938 1319 ἐσμεν
967 1253 1015 1304 οἱ
1045 1252 1387 1318 ἐκδύσαντες.
1420 1257 1773 1325 Στρατιωτῶν
1804 1259 1913 1330 γὰρ

332 1340 515 1390 ἐκεῖνο
538 1339 599 1391 τὸ
620 1339 897 1411 τόλμημα,
919 1344 1117 1395 ἐκεῖνοι
1138 1344 1391 1410 ἐξέδυσαν
1415 1348 1508 1399 καὶ
1534 1348 1913 1420 διεμερίσαντο

331 1429 405 1481 τὰ
438 1430 650 1500 ἱμάτια.
706 1433 1081 1504 Ἀνάγραπτον
1130 1432 1222 1489 οὖν
1254 1438 1411 1507 ἡμῶν
1459 1442 1793 1510 κατηγορίαν
1845 1440 1909 1493 δι’

330 1521 543 1576 ἑαυτῶν
576 1522 983 1595 ἀπαλεῖψωμεν.
1010 1527 1217 1597 Δριμὺς
1242 1530 1269 1580 ὀ
1294 1528 1520 1599 χειμὼν,
1546 1531 1681 1585 ἀλλὰ
1707 1532 1913 1598 γλυκὺς

327 1616 357 1666 ὁ
385 1615 750 1686 παράδεισος
802 1616 1025 1688 ἀλγεινὴ
1053 1621 1086 1688 ἡ
1132 1618 1315 1688 πῆξις,
1354 1620 1467 1673 ἀλλ’
1499 1622 1649 1691 ἡδεῖα
1699 1624 1732 1692 ἡ
1781 1622 1912 1676 ἀνά-

329 1728 531 1774 παυσις
555 1711 689 1781 (55).
709 1712 918 1784 Μικρὸν
946 1714 1345 1783 ἀναμείνωμεν,
1368 1713 1461 1767 καὶ
1487 1715 1515 1766 ὁ
1544 1712 1743 1777 κόλπος
1764 1716 1910 1784 ἡμᾶς

2020 517 2248 581 minem,
2296 522 2387 589 qui
2430 522 2734 576 secundum
2777 523 3050 578 desideria
3087 526 3293 579 erroris
3339 542 3592 581 corrum-

2020 612 2186 680 pitur,
2218 612 2543 682 deponimus
2568 615 2629 670 ¹⁶.
2670 615 2889 671 Gratias
2932 618 3030 671 tibi
3079 619 3311 687 agimus,
3344 618 3590 685 Domine,

2018 702 2164 770 quod
2202 718 2310 757 una
2350 720 2475 758 cum
2512 705 2616 759 hoc
2664 708 2867 761 amiCtu
2914 707 3241 776 ahjiciamus
3282 716 3590 776 peccatum.

2019 791 2287 857 Quoniam
2318 804 2540 865 propter
2564 808 2865 865 serpentem
2900 797 3073 850 induti
3099 798 3302 852 fuimus
3328 799 3391 865 ”,
3426 814 3593 853 exua-

2019 900 2141 937 mur
2175 894 2397 953 propter
2422 886 2721 941 Christum.
2756 887 2949 944 Vestes
2990 892 3236 944 tenacius
3266 906 3333 943 ne
3361 890 3595 945 retinea-

2017 993 2161 1043 mus,
2206 978 2277 1032 ob
2321 981 2660 1047 paradisum,
2705 998 2868 1051 quem
2910 984 3215 1038 amisimus.
3251 984 3390 1050 Quid
3430 984 3593 1040 retri-

2016 1066 2247 1123 buemus
2290 1069 2523 1125 Domino
2556 1074 2637 1126 1E‘?
2674 1072 2885 1129 Exutus
2930 1082 3015 1129 est
3062 1092 3280 1145 quoque
3328 1077 3592 1133 Dominus

2015 1168 2221 1214 noster.
2259 1160 2400 1226 Quid
2424 1177 2681 1233 magnum
2711 1179 2892 1229 servo,
2922 1180 2984 1219 ea
3013 1181 3134 1236 quae
3180 1166 3443 1223 Dominus
3467 1183 3593 1237 per-

2016 1268 2212 1321 pessus
2229 1261 2334 1321 est,
2357 1256 2605 1324 perpeti?
2629 1254 2741 1311 lmo
2768 1272 2897 1311 vero
2927 1273 3029 1311 nos
3059 1273 3272 1321 sumus,
3294 1260 3385 1327 qui
3412 1260 3592 1329 ipsum

2013 1344 2302 1400 Dominum
2320 1348 2572 1403 exuimus
2603 1349 2667 1403 ¹⁹.
2694 1347 2925 1403 Militum
2952 1351 3094 1403 enim
3122 1359 3205 1404 est
3226 1350 3361 1405 illud
3386 1353 3589 1419 scelus,

2014 1438 2091 1491 illi
2132 1447 2425 1503 exuerunt,
2458 1439 2875 1510 diviseruntque
2907 1451 3085 1497 vestes
3117 1443 3180 1495 ²⁰.
3222 1442 3589 1508 Quamobrem

2011 1535 2255 1600 nostram
2289 1531 2693 1584 accusationem
2724 1533 2921 1587 litteris
2947 1533 3216 1602 proditam
3245 1551 3341 1605 per
3376 1551 3478 1592 nos
3506 1538 3590 1606 ip-

2013 1636 2105 1676 sos
2122 1622 2422 1676 deleamus.
2446 1621 2604 1677 Acris
2629 1632 2714 1677 est
2738 1624 2932 1689 hiems,
2959 1633 3014 1677 at
3043 1625 3221 1682 dulcis
3254 1628 3543 1696 paradisus
3575 1647 3589 1683 :

2012 1711 2318 1780 congelatio
2363 1727 2581 1782 aspera,
2624 1714 2720 1768 sed
2751 1714 2993 1782 jucunda
3023 1719 3261 1785 requies.
3299 1717 3589 1773 Paululum

328 1804 523 1873 θάλψει
554 1806 645 1857 τοῦ
682 1807 1019 1878 πατριάρχου
1045 1808 1176 1878 (56).
1205 1809 1347 1869 Μιᾶς
1368 1808 1559 1871 νυκτὸς
1587 1808 1707 1860 ὅλον
1738 1808 1906 1861 αἰῶνα

2009 1812 2413 1871 exspectemus,
2456 1814 2507 1857 et
2544 1820 2647 1859 nos
2691 1805 2847 1859 sinus
2878 1806 3209 1874 patriarchae
3255 1808 3583 1863 confovebit.

326 1896 812 1968 ἀπαλλαξώμεθα.
875 1899 1149 1971 Καυθήτω
1194 1900 1239 1952 δ’
1280 1898 1455 1963 ποῦς,
1506 1901 1593 1953 ἵνα
1648 1899 1908 1970 διηνεκῶς

330 1988 448 2056 μετ’
474 1989 724 2057 ἀγγέλων
755 1989 956 2062 χορεύῃ
979 2008 992 2020 ·
1047 1992 1377 2063 ἀπορῤυήτω
1414 1992 1447 2062 ἡ
1486 1993 1604 2062 χεὶρ
1628 2032 1642 2055 ,
1678 1992 1765 2046 ἵνα
1811 1992 1910 2066 ἔχῃ

325 2079 644 2149 παρρησίαν
667 2080 802 2149 πρὸς
822 2080 911 2134 τὸν
935 2081 1215 2150 Δεσπότην
1238 2081 1581 2153 ἐπαίρεσθαι.
1611 2082 1776 2135 Πόσοι
1802 2082 1909 2135 τῶν

328 2170 680 2240 στρατιωτῶν
733 2172 841 2226 τῶν
895 2174 1180 2243 ἡμετέρων
1230 2173 1321 2226 ἐπὶ
1374 2172 1731 2244 παρατάξεως
1787 2172 1910 2225 ἐπε-

327 2278 421 2314 σον
455 2262 592 2331 (57),
631 2262 840 2331 βασιλεῖ
890 2264 1117 2334 φθαρτῷ
1145 2264 1243 2335 τὴν
1278 2264 1461 2318 πίστιν
1510 2264 1905 2333 φυλάττοντες;

324 2357 487 2425 ἡμεῖς
515 2356 572 2408 δὲ
598 2357 738 2425 ὑπὲρ
769 2354 864 2425 τῆς
890 2358 968 2419 εἰς
999 2356 1089 2408 τὸν
1126 2355 1380 2425 ἀληθινὸν
1413 2356 1637 2425 βασιλέα
1671 2356 1909 2419 πίστεως

322 2446 423 2517 τὴν
454 2447 599 2518 ζωὴν
645 2447 851 2517 ταύτην
898 2449 957 2501 οὐ
1006 2446 1400 2517 προησόμεθα;
1445 2447 1612 2500 Πόσοι
1657 2446 1749 2499 τὸν
1798 2446 1908 2499 τῶν

322 2538 651 2609 κακούργων
696 2540 1011 2607 ὑπέστησαν
1045 2538 1292 2602 θάνατον,
1331 2537 1550 2600 ἁλόντες
1602 2539 1686 2590 ἐπ’
1719 2537 1908 2606 ἀδική-

326 2647 493 2700 μασιν
518 2648 533 2695 ;
563 2632 726 2702 ἡμεῖς
760 2631 817 2683 δὲ
848 2632 989 2701 ὑπὲρ
1038 2629 1385 2700 δικαιοσύνης
1414 2629 1503 2681 τὸν
1548 2629 1776 2681 θάνατον
1809 2630 1908 2699 οὐχ

322 2721 658 2791 ὕποίσομεν;
706 2722 798 2792 Μὴ
852 2720 1225 2789 ἐκκλίνωμεν,
1280 2713 1324 2773 ὦ
1364 2720 1783 2790 συστρατιῶται,
1830 2720 1906 2790 μὴ

320 2813 502 2885 δῶμεν
525 2814 639 2885 (58)
674 2814 820 2867 νῶτα
858 2812 934 2884 τῷ
976 2814 1224 2884 διαϐόλῳ.
1258 2816 1465 2884 Σάρκες
1502 2814 1629 2875 εἰσὶ,
1668 2812 1745 2883 μὴ
1791 2829 1907 2882 φει-

324 2906 550 2978 σὼμεθα
570 2924 582 2935 ·
621 2906 807 2977 ἐπειδὴ
834 2906 915 2958 δεῖ
950 2905 1167 2969 πάντως
1199 2905 1514 2968 ἀποθανεῖν,
1545 2905 1905 2975 ἀποθάνωμεν

321 3002 411 3053 ἵνα
468 2999 745 3069 ζήσωμεν.
794 2997 1072 3052 Γενέσθω
1120 2998 1157 3064 ἠ
1202 2998 1382 3051 θυσία
1434 2997 1604 3067 ἡμῶν
1652 2997 1906 3050 ἐνώπιόν

318 3102 437 3143 σου
484 3089 621 3159 (59),
680 3089 891 3156 Κύριε·
928 3089 1021 3141 καὶ
1077 3088 1572 3161 προσδεχθείημεν,
1635 3090 1709 3152 ὡς
1744 3088 1903 3141 θυσία

2013 1888 2186 1946 Unam
2232 1903 2449 1948 noctem
2480 1896 2786 1949 mternitate
2822 1902 2937 1949 tota
2969 1904 3267 1951 mutemus.
3312 1897 3591 1952 Εκυτθῑυι·

2010 1998 2127 2051 pes,
2176 1991 2233 2038 ut
2277 1992 2541 2056 perpetuo
2590 2001 2712 2040 cum
2755 1987 2963 2058 angelis
3012 1989 3274 2059 tripudiet
3320 2004 3333 2040 :
3382 1990 3590 2044 difﬂuat

2010 2090 2243 2140 manus,
2284 2085 2343 2130 ut
2386 2093 2510 2132 sese
2550 2078 2617 2131 ad
2670 2077 2962 2132 Dominum
2995 2080 3283 2136 attollendi
3331 2082 3588 2136 fiduciam

2010 2163 2226 2220 habeat.
2260 2164 2403 2230 Quot
2442 2183 2473 2221 e
2514 2168 2722 2222 nostris
2755 2170 3221 2225 commilitonibus
3262 2172 3316 2225 in
3350 2173 3466 2227 acie
3499 2187 3590 2227 ce-

2010 2257 2282 2322 ciderunt,
2320 2260 2637 2328 imperatori
2667 2262 2884 2314 mortali
2924 2273 3138 2318 servata
3171 2263 3312 2317 fide?
3334 2280 3432 2319 nos
3458 2280 3592 2321 vero

2010 2350 2175 2402 vitam
2204 2352 2362 2404 istam
2404 2367 2503 2421 pro
2533 2353 2636 2407 fide
2664 2354 2717 2406 in
2741 2369 2929 2407 verum
2966 2370 3148 2425 regem
3190 2372 3299 2409 non
3334 2358 3591 2426 projieie-

2010 2442 2170 2497 mus?
2218 2443 2362 2507 Quot
2409 2451 2639 2498 mortem
2686 2444 3065 2499 maleficorum
3113 2448 3482 2515 pertulerunt,
3531 2450 3589 2503 in

2009 2535 2309 2589 sceleribus
2342 2535 2702 2605 deprehensi?
2746 2554 2848 2593 nos
2881 2554 3011 2593 vero
3046 2553 3145 2608 pro
3178 2538 3392 2608 justitia
3441 2555 3589 2594 mor-

2009 2634 2117 2681 tem
2147 2644 2254 2682 non
2287 2630 2720 2685 sustinebimus?
2746 2629 2825 2684 Ne
2850 2631 3212 2694 declinemus,
3246 2646 3279 2685 o
3315 2632 3589 2685 commili-

2009 2720 2186 2777 tones,
2235 2723 2386 2784 tcrga
2430 2731 2499 2770 ne
2535 2718 2729 2771 demus
2773 2717 3014 2773 diabolo.
3070 2719 3277 2775 Carnes
3322 2729 3471 2787 sunt,
3518 2736 3591 2778 ne

2008 2810 2467 2877 pepercerimus;
2539 2826 2663 2864 cum
2722 2813 2862 2866 mori
2912 2814 3139 2867 omnino
3192 2829 3420 2868 necesse
3474 2816 3582 2879 sit,

2007 2900 2309 2954 moriamur
2343 2912 2401 2956 ut
2427 2903 2694 2957 vivamus.
2726 2903 2855 2956 Fiat
2885 2906 3209 2973 sacriﬁcium
3252 2915 3489 2958 nostrum
3530 2907 3587 2960 in

2008 3002 2283 3060 conspectu
2338 3005 2447 3058 tuo,
2495 2995 2717 3050 Domine
2764 3000 2854 3064 ²¹;
2910 2998 3389 3068 suscipiamurque
3440 2999 3589 3053 velut

2009 3084 2189 3139 hostia
2240 3086 2430 3141 vivens
2483 3089 2549 3151 ²¹,
2596 3097 2819 3158 accepta
2878 3090 3012 3153 tibi,
3063 3090 3167 3143 hoc
3221 3090 3328 3145 isto
3383 3090 3589 3161 frigore

319 3179 491 3242 ζῶσα,
530 3178 824 3248 εὐάρεστός
866 3196 969 3241 σοι,
1018 3178 1095 3248 τῷ
1147 3178 1304 3250 κρύει
1357 3178 1532 3248 τούτῳ
1576 3178 1899 3232 ὁλοκαυτου-

2010 3178 2393 3233 holocaustum
2424 3180 2626 3245 effecti,
2668 3183 2873 3236 oblatio
2909 3184 3157 3251 pulchra,
3193 3199 3393 3237 novum
3436 3183 3591 3239 holo-

321 3290 497 3343 μενοι,
536 3272 678 3343 καλὴ
713 3273 745 3342 ἡ
778 3270 1085 3341 προσφορὰ,
1119 3271 1303 3324 καινὸν
1339 3270 1399 3324 τὸ
1436 3270 1811 3340 ὀλοκαύτωμα,
1840 3271 1899 3323 οὑ

317 3364 407 3418 διὰ.
431 3364 625 3435 πυρὸς,
663 3362 798 3415 ἀλλὰ
817 3362 905 3415 διὰ
929 3361 1128 3432 κρύους
1161 3360 1463 3433 ὁλοκαρπού
1474 3379 1648 3432 μενον.
1669 3360 1903 3423 Τούτους

318 3458 441 3519 τοὺς
472 3454 922 3527 παρακλητικοὺς
956 3453 1247 3516 ἐνδιδόντες
1290 3452 1561 3524 ἀλλήλοις,
1608 3453 1701 3505 καὶ
1743 3450 1903 3515 ἄλλος

318 3549 463 3620 ἄλλῳ
490 3549 923 3617 ἐγκελευόμενοι,
960 3546 1148 3616 ὥσπερ
1182 3546 1304 3599 τινὰ
1336 3545 1685 3617 προφυλακὴν
1716 3547 1772 3599 ἐν
1804 3563 1901 3598 πο-

316 3639 470 3710 λέμῳ
504 3637 859 3709 πληροῦντες,
892 3637 991 3707 τὴν
1021 3634 1192 3688 νύκτα
1234 3635 1341 3705 (40)
1386 3634 1771 3705 παρέπεμπον,
1809 3633 1905 3701 φέ-

322 3749 507 3803 ροντες
554 3731 621 3784 τὰ
663 3730 907 3800 παρόντα
940 3728 1200 3797 γενναίως
1224 3769 1237 3792 ,
1274 3728 1557 3798 χαίροντες
1595 3729 1707 3790 τοῖς
1752 3727 1903 3779 ἐλπι-

318 3826 604 3896 ζομένοις,
644 3822 1052 3893 καταγελῶντες
1089 3820 1184 3874 τοῦ
1233 3822 1547 3875 ἀντιπάλου.
1585 3821 1701 3875 Μία
1740 3820 1796 3873 δὲ
1832 3814 1900 3890 ἦν

389 3942 435 3972 ¹⁸
472 3939 675 4008 Ephes.
709 3953 782 4008 iv,
815 3934 907 3989 22.
986 3934 1027 3964 ¹⁷
1066 3931 1203 4008 Gen.
1241 3950 1339 3999 in,
1378 3933 1467 3986 21.

320 4028 417 4075 in,
455 4004 550 4065 40⁷.
629 4010 672 4039 ’³
710 4006 871 4061 Rom.
907 4020 1022 4069 xu,
1059 4004 1109 4058 l.

390 4125 501 4194 (54)
534 4124 712 4179 Editio
738 4123 917 4179 Paris.
960 4120 1387 4193 εὐχαριστοῦμεν
1424 4136 1526 4171 σοι.
1563 4115 1678 4170 V'ox
1716 4134 1795 4169 σοι
1832 4118 1899 4171 ab

317 4196 757 4270 omnibuslibris
790 4195 1297 4270 veteribusabest_._
1344 4262 1356 4270 _
1425 4260 1458 4270 ﬂ
1698 4259 1715 4270 ﬂ

392 4269 506 4335 (55)
538 4266 679 4318 Editi
704 4275 756 4319 et
787 4280 917 4319 mss.
948 4281 1056 4318 non
1090 4263 1245 4333 pauci
1275 4264 1307 4332 ἡ
1334 4260 1658 4335 ἀπόλαυσις,
1689 4259 1894 4335 fruitio.

315 4332 505 4393 Codei
540 4337 708 4391 Coisl.
737 4344 789 4391 et
817 4335 971 4389 Colb.
1011 4332 1201 4390 tertius
1229 4335 1262 4403 ἡ
1299 4332 1624 4403 ἀνάπαυσις,
1662 4333 1897 4403 requies;

315 4411 491 4489 et'ita
550 4422 769 4492 quoque
818 4406 1081 4486 scriptum
1130 4399 1454 4492 inveni-mus
1485 4402 1541 4454 in
1592 4416 1693 4492 ora
1734 4399 1896 4492 olﬁi‘egii
1934 4439 1975 4492 Β

318 4480 507 4550 primi.
542 4471 623 4550 sic
651 4471 710 4530 ut
739 4478 899 4550 lectio
932 4471 1176 4550 utraque
1206 4489 1269 4528 eo
1299 4474 1356 4550 in
1399 4474 1544 4550 libro
1570 4471 1895 4550 reperiatur.

396 4550 511 4620 (ὅθ)
545 4548 773 4617 Antiqui
803 4547 911 4599 duo
937 4540 1453 4620 libri'mrpta’tpxoa
1503 4540 1757 4620 Ἀϐρααμ
1789 4557 1801 4570 ο
1837 4548 1902 4620 ,ιιι

316 4624 377 4679 in
403 4610 532 4673 aliis
571 4610 807 4687 quatuor
835 4617 1060 4687 perinde
1088 4626 1146 4669 ut
1177 4610 1489 4687 inivu‘lg'atis
1513 4610 1618 4665 vox
1652 4610 1902 4682 Ἀὅραάμ

315 4694 493 4748 deest.
528 4684 656 4743 Haec
695 4684 872 4741 autem
898 4702 999 4741 vox
1027 4702 1149 4739 cum
1179 4684 1245 4737 ad
1281 4685 1645 4752 integritatem
1681 4693 1902 4735 senten-

315 4767 408 4818 tiae
436 4761 574 4815 nihil
605 4759 791 4829 faciat,
816 4758 943 4811 addi
978 4764 1071 4809 aut
1101 4755 1279 4829 omitti
1306 4762 1505 4829 potest.
1532 4751 1687 4818 Quod
1720 4753 1901 4820 sequi-

316 4844 430 4893 tur,
459 4835 587 4901 μιᾶς
620 4828 997 4901 vox-tegete,
1033 4827 1314 4901 credinon
1334 4824 1751 4901 debet'pugnare
1774 4838 1899 4901 eum

316 4894 499 4960 verbis
534 4899 781 4969 Gregorii
822 4897 1079 4969 Nysseni,
1112 4896 1205 4965 qui
1250 4896 1351 4949 hos
1405 4894 1901 4969 martyres__tribus

298 4968 513 5029 'diebus
544 4962 765 5040 frigoris
815 4962 925 5040 vim
958 4962 1223 5021 tolerasse
1260 4971 1447 5040 narrat
1488 4971 1636 5040 tonio
1664 4962 1748 5040 l_l_l_,
1776 4978 1897 5031 pag.

316 5046 442 5100 512.
474 5032 759 5097 Nam'haec
775 5039 963 5114 verba,
1000 5041 1127 5109 μιᾶς
1155 5038 1368 5100 νυκτός,
1404 5044 1535 5113 etc.,
1565 5032 1753 5114 Basilii
1792 5047 1899 5114 non

316 5126 447 5172 sunt
472 5115 661 5176 verba,
693 5112 785 5166 sed
812 5103 1059 5178 ipsorum
1090 5115 1413 5177 martyrum,
1443 5105 1539 5178 qui
1564 5104 1719 5178 initio
1746 5120 1805 5158 se
1830 5103 1900 5155 ob

316 5186 538 5257 frigoris
568 5175 927 5257 asperitatem
957 5175 1272 5257 iudicarent
1316 5175 1659 5257 morituros;
1700 5176 1754 5226 in
1788 5186 1899 5243 quo

311 5244 420 5314 eo;
439 5257 551 5310 falli
584 5244 738 5325 Deus
754 5244 1029 5325 permisit,
1063 5259 1122 5303 ut
1144 5244 1743 5325 majoremgmercedem
1768 5259 1901 5325 cpn-

314 5314 1038 5398 sequerentur._N_'otandum
1056 5328 1109 5398 et
1142 5314 1307 5398 illud,
1334 5317 1390 5369 in
1415 5315 1597 5398 tribus
1618 5314 1899 5395 codicibus

312 5384 415 5520 ρΣὸ
464 5392 928 5464 ἀνταλλαξώμεθα
968 5392 1237 5460 scriptum
1295 5385 1529 5440 inveniri
1574 5384 1900 5438 ἀντικαταλ-

386 5468 617 5520 Εὼαεθα.

386 5468 525 5537 ξὼμε

388 5469 675 5609 ῗὲἹῐῗεῧῗιῖιε
706 5536 882 5609 code;
907 5532 1137 5609 ἔπεσαν.
1179 5527 1375 5609 statim
1415 5541 1549 5609 mss;
1574 5539 1765 5579 omnes
1798 5541 1897 5593 φυ-

315 5596 615 5672 λάσσοντες,
647 5619 743 5663 aut
776 5605 1162 5676 φυλάττοντες.
1202 5598 1342 5651 Editi
1379 5596 1731 5676 φυλάξαντες.

385 5681 491 5752 (58)
522 5666 668 5735 Editi
718 5666 800 5748 μῆ
830 5675 1015 5752 δῶμεν
1060 5672 1243 5751 τόπον,
1282 5685 1342 5721 ne
1372 5669 1552 5752 demus
1597 5666 1787 5752 locum.
1829 5666 1896 5719 At

320 5737 487 5809 nostri
511 5769 605 5810 sex
637 5737 797 5806 mss.-
815 5747 892 5818 μὴ
916 5737 1105 5814 ’δῶμεν
1132 5740 1297 5807 νῶτα,
1327 5756 1388 5792 ne
1409 5737 1591 5791 demus
1617 5746 1781 5805 terga.

1547 3932 1589 3964 ¹⁸
1630 3931 1775 3986 Psal.
1808 3945 1931 3993 cxv,
1970 3931 2054 3986 12.

2010 3278 2286 3333 caustum,
2320 3270 2545 3341 frigore,
2570 3289 2681 3327 non
2706 3274 2820 3344 igni
2852 3285 3263 3345 consumptum.
3306 3274 3418 3331 Hos
3456 3295 3579 3331 ser-

2011 3376 2201 3416 mones
2246 3365 2647 3420 consolatorios
2684 3368 2825 3419 inter
2871 3382 2929 3421 se
2960 3368 3330 3431 conferentes,
3364 3378 3417 3421 et
3450 3368 3589 3422 alter

2010 3454 2242 3509 alterum
2279 3457 2657 3521 exhortantes,
2694 3460 2834 3513 actis
2879 3460 3027 3513 velut
3070 3460 3123 3512 in
3162 3460 3305 3513 bello
3339 3461 3587 3516 excubiis

2010 3548 2362 3616 quibusdam,
2403 3560 2619 3607 noctem
2668 3553 3135 3616 transmittebant,
3178 3552 3416 3607 ferentes
3447 3569 3588 3622 prae-

2010 3641 2186 3693 sentia
2246 3653 2503 3707 strenue,
2578 3645 2813 3713 speratis
2871 3645 3212 3713 gaudentes,
3274 3644 3589 3701 deridentes

2010 3728 2242 3785 hostem.
2280 3731 2456 3787 Unum
2496 3734 2656 3805 154
2701 3742 2882 3789 autem
2926 3743 3045 3788 erat
3084 3735 3327 3787 omnium
3373 3744 3581 3789 votum.

2009 3820 2383 3893 Quadraginta
2430 3827 2662 3897 ingrcssi
2719 3843 2909 3882 sumus
2953 3827 3007 3881 in
3050 3829 3311 3891 stadium,
3350 3829 3587 3898 quadra-

2148 3938 2191 3967 ¹⁹
2233 3935 2425 3990 Matth.
2465 3950 2651 4003 xrvu,
2687 3936 2775 3990 28.
2854 3938 2899 3968 ²⁰
2937 3937 3068 3993 ibid.
3108 3938 3199 3993 55.
3285 3941 3331 3971 ²¹
3374 3938 3509 3996 Dan.

2073 4119 2183 4195 (ξθ)
2214 4117 2347 4185 Reg.
2403 4119 2613 4195 primus
2653 4119 2892 4195 ἐνώπιόν
2923 4136 3031 4195 σου
3083 4121 3342 4195 σήμερον,
3387 4122 3582 4195 Κύριε,

2004 4189 2154 4241 hodie
2187 4206 2365 4242 coram
2403 4200 2470 4251 te,
2506 4189 2750 4244 Domine.
2781 4190 2891 4245 Nec
2922 4192 2993 4243 ita
3038 4189 3209 4243 multo
3235 4189 3381 4245 infra
3414 4189 3588 4250 editio

2004 4260 2177 4336 Paris.
2202 4259 2865 4336 galh_ﬁ_0u3ia.-Antiqui
2901 4262 3148 4336 scx_libr>i
3188 4264 3323 4333 καλὴ
3360 4266 3392 4336 ἡ
3423 4283 3585 4336 προσ-

2004 4331 2175 4402 φορᾷ.
2210 4330 2363 4402 l_l_aud
2407 4332 2562 4398 longe
2599 4330 2707 4402 duo
2737 4348 2868 4386 mss.
2911 4332 3066 4402 κρύει
3097 4330 3578 4402 ὀλιοκαυτοιῖμενον.

2075 4400 2186 4467 (40)
2219 4400 2317 4452 Hic
2342 4401 2574 4469 ingenue
2604 4401 2815 4453 fatebor
2845 4400 2982 4456 duos
3012 4402 3209 4456 fratres
3242 4400 3498 4457 Basilium
3530 4415 3584 4460 et

2005 4470 2326 4543 Gregorium
2359 4472 2491 4524 mihi
2510 4472 2684 4524 videri
2715 4477 2803 4524 vix
2830 4473 2970 4525 inter
2998 4490 3055 4527 se
3090 4474 3372 4527 conciliari
3397 4490 3578 4543 posse.

2004 4540 2301 4609 Gregorius
2330 4543 2473 4594 enim
2497 4558 2561 4595 eo
2597 4558 2759 4610 quem
2795 4544 2906 4595 dixi
2938 4545 3058 4596 loco
3093 4546 3372 4613 conceptis
3397 4540 3583 4600 verbis

2005 4613 2079 4663 ait
2113 4615 2395 4664 beatorum
2451 4620 2751 4682 martyrum
2806 4614 3133 4682 supplicium
3182 4617 3355 4668 tribus
3386 4615 3582 4671 diebus

2005 4697 2380 4750 perseverasse
2410 4700 2421 4735 ι
2460 4682 2691 4736 Basilius
2725 4699 2851 4735 vero
2890 4702 2996 4735 non
3029 4685 3262 4737 obscure
3289 4684 3493 4737 indicat
3524 4686 3580 4738 id

2006 4768 2111 4805 una
2143 4759 2304 4805 nocte
2337 4753 2503 4805 fuisse
2536 4755 2909 4806 terminatum.
2947 4753 3100 4813 Nam,
3137 4756 3331 4822 inquit,
3376 4763 3579 4807 noctem

2003 4823 2448 4883 transmittebant,
2476 4823 2694 4884 ferentes
2717 4826 2996 4891 praesentia
3021 4836 3249 4887 strenue,
3275 4832 3380 4877 etc.
3405 4827 3581 4891 Atqme

2004 4893 2287 4961 aliquanto
2323 4894 2487 4955 infra,
2527 4895 2627 4947 hoc
2664 4894 2803 4946 idem
2836 4896 3079 4961 apertius
3124 4894 3282 4946 Pater
3312 4895 3580 4963 gravissi-

2002 4978 2123 5015 mus
2152 4964 2443 5033 significat,
2482 4964 2571 5016 ubi
2603 4965 2761 5016 docet
2796 4974 3017 5017 sanctos
3048 4973 3316 5033 martyres
3346 4974 3458 5017 tum
3483 4965 3581 5018 de-

2003 5049 2150 5102 mum
2196 5043 2466 5087 crematos
2523 5033 2694 5088 fuisse
2739 5036 3032 5102 incipiente
3082 5035 3189 5086 die.
3242 5033 3377 5087 Cum
3432 5034 3578 5089 enim

2000 5101 2237 5157 Basilius
2261 5104 2326 5158 de
2355 5108 2510 5157 unica
2543 5116 2702 5157 nocte
2727 5101 3056 5157 mentionem
3087 5104 3294 5165 fecerit,
3317 5103 3435 5159 dies
3465 5106 3577 5169 ille,

2001 5188 2112 5244 quo
2148 5175 2442 5244 incipiente
2477 5176 2551 5227 ait
2583 5184 2805 5228 sanctos
2830 5183 3097 5243 martyres
3121 5174 3229 5241 igni
3265 5174 3437 5229 fuisse
3473 5184 3581 5228 tra-

2000 5243 2165 5305 ditos,
2202 5243 2309 5297 non
2356 5245 2570 5298 videtur
2598 5245 2666 5297 de
2708 5245 2813 5297 alio
2843 5245 3068 5313 intelligi
3113 5259 3294 5311 posse.
3320 5260 3481 5313 quam
3511 5244 3580 5300 de

2000 5328 2086 5374 eo,
2129 5316 2220 5383 qui
2246 5316 2387 5367 hanc
2418 5317 2593 5384 ipsam
2620 5322 2837 5368 noctem
2872 5324 3094 5368 secutus
3124 5323 3229 5368 est.
3256 5314 3331 5368 Ex
3364 5330 3471 5384 quo
3493 5316 3575 5377 ﬁt,

2000 5392 2060 5455 ut
2102 5393 2390 5455 martyres,
2458 5386 2525 5438 de
2574 5384 2756 5439 Basilii
2802 5387 3094 5445 sententia,
3134 5400 3242 5455 non
3294 5394 3414 5455 post
3463 5392 3579 5440 tres

1998 5454 2140 5516 dies,
2183 5454 2276 5509 sed
2311 5462 2434 5523 post
2458 5456 2623 5508 horas
2652 5457 2762 5507 fere
2790 5454 3099 5517 duodecim,
3130 5454 3219 5507 die
3254 5454 3575 5524 incipiente,

1999 5526 2265 5578 combusti
2290 5528 2418 5578 sint.
2456 5524 2568 5593 Ego
2594 5525 2761 5593 igitur
2794 5525 2933 5579 duos
2967 5524 3165 5579 fratres
3199 5525 3338 5580 inter
3365 5542 3422 5581 se
3445 5540 3576 5579 con-

1997 5596 2182 5649 ciliare
2210 5598 2648 5663 non-aggrediar.
2676 5595 2846 5651 Velim
2871 5596 3209 5665 provinciam
3235 5595 3377 5652 hanc
3396 5596 3579 5653 susci-

1995 5667 2145 5735 piant
2176 5665 2480 5735 peritiores.
