4036 6236
404 250 501 308 519

1726 247 1779 301 S.
1818 246 2067 302 BASILII
2096 245 2313 302 MAGNI

3546 251 3659 307 520

403 367 546 437 ginta
573 380 927 427 coronemur,
957 379 991 419 ο
1021 363 1269 420 Domine.
1298 364 1374 421 Ne
1406 380 1550 422 unus
1575 369 1797 437 quidem
1833 367 1977 423 desit

2082 368 2297 421 πάντων
2329 367 2485 438 εὐχή.
2517 366 2934 439 Τεσσαράκοντα
2963 368 3288 440 εἰσήλθομεν
3322 370 3402 433 εἰς
3437 370 3498 422 τὸ
3525 372 3659 422 στα-

404 455 531 509 huic
580 470 832 509 numero.
884 452 1224 509 Venerabilis
1261 463 1347 509 est
1375 454 1465 508 hic
1494 471 1778 521 numerus,
1812 472 1975 527 quem

402 544 759 615 quadraginta
788 544 998 599 dierum
1034 545 1246 614 jejunio
1272 546 1558 602 honorasti
1583 548 1649 612 ”,
1681 564 1780 618 per
1815 565 1978 618 quem

403 639 487 694 lex
521 637 767 706 ingressa
799 644 883 692 est
911 638 965 691 in
987 638 1251 692 mundum
1276 639 1341 695 “.
1369 638 1515 695 Elias
1538 655 1663 694 cum
1687 640 1977 696 Dominum

403 741 498 795 per
520 726 880 795 quadraginta
911 725 1029 780 dies
1067 726 1121 779 in
1149 724 1360 794 jejunio
1382 729 1771 796 eouquisisset,
1801 730 1977 798 ipsum

404 817 534 870 vidit
563 817 632 870 ³⁵.
668 816 733 868 Et
770 816 885 869 haec
919 816 1139 885 quidem
1167 823 1284 869 erat
1320 816 1538 870 illorum
1564 820 1804 887 precatio
1843 819 1979 874 :sed

402 924 543 962 unus
562 923 628 962 ex
651 923 840 962 eorum
860 921 1088 973 numero
1108 908 1374 963 cruciatui
1397 911 1778 975 succumbens,
1800 909 1982 964 ineﬂ‘a-

307 1054 313 1059 ,
402 1001 564 1054 bilem
596 1000 802 1053 luctum
824 999 1042 1053 deserto
1072 998 1282 1063 ordine,
1311 1002 1518 1055 sanctis
1539 1001 1849 1069 dereliquit.
1874 1000 1980 1056 Ve-

404 1107 525 1145 rum
562 1107 674 1145 non
721 1091 848 1144 sivit
878 1089 1143 1145 Dominus
1190 1106 1384 1145 eorum
1417 1107 1611 1161 preces
1640 1094 1827 1150 irritas
1855 1110 1979 1150 esse

402 1196 564 1253 atque
618 1182 947 1238 inefﬁcaces.
996 1181 1132 1236 Nam
1175 1184 1265 1237 cui
1310 1193 1611 1256 martyrum
1663 1187 1980 1241 concredita

402 1276 654 1331 custodia
703 1283 838 1340 erat,
885 1275 933 1330 is
973 1290 1085 1329 non
1130 1277 1291 1345 longe
1322 1292 1353 1330 e
1383 1277 1620 1345 quodam
1673 1280 1978 1348 gymnasio,

402 1368 532 1422 dum
566 1384 626 1423 se
658 1368 1007 1431 calefaceret,
1052 1369 1131 1422 rei
1164 1370 1368 1421 exitum
1400 1370 1747 1435 observabat,
1778 1371 1979 1426 milites

402 1475 497 1515 eos
532 1461 624 1528 qui
671 1459 739 1513 ad
781 1460 961 1528 ipsum
1009 1459 1372 1529 confugerent
1414 1461 1693 1529 suscipere
1734 1471 1978 1533 paratus.

402 1550 537 1604 Nam
563 1561 618 1606 et
648 1551 752 1606 hoc
780 1567 999 1620 quoque
1022 1553 1392 1621 excogitatum
1434 1550 1636 1620 fuerat,
1674 1564 1733 1607 ut
1764 1555 1816 1608 in
1849 1571 1981 1624 pro-

403 1646 610 1715 pinquo
643 1648 898 1701 balneum
941 1655 1110 1710 esset,
1162 1662 1271 1715 quo
1323 1648 1624 1702 remedium
1670 1656 1978 1717 promptum

2077 461 2207 521 διον,
2234 462 2282 513 οἱ
2306 459 2719 531 τεσσαράκοντα
2742 452 3108 529 στεφανωθείη
3120 478 3237 530 μεν,
3268 462 3532 514 Δέσποτα.
3560 463 3656 533 Μὴ

2078 551 2235 623 λείψῃ
2255 551 2332 621 τῷ
2358 550 2577 623 ἀριθμῷ
2609 551 2742 621 μηδέ
2767 544 2867 613 εἷς.
2886 550 3078 620 Τίμιός
3109 554 3274 615 ἐστιν,
3301 551 3360 604 ὃν
3384 551 3656 622 ἐτίμησας

2077 646 2144 715 τῇ
2175 643 2399 713 νηστείᾳ
2433 643 2541 696 τῶν
2586 644 2993 714 τεσσαράκοντα
3027 643 3271 714 ἡμερῶν,
3300 644 3367 697 δι’
3398 637 3460 698 οὗ
3497 662 3665 715 νομο-

2079 735 2233 788 θεσία
2262 734 2509 804 εἰσῆλθεν
2539 736 2619 797 εἰς
2663 735 2754 787 τὸν
2792 734 3017 805 κόσμον.
3063 735 3483 807 Τεσσαράκοντα
3513 736 3651 805 ἠμέ-

2080 845 2203 900 ραις
2229 828 2287 880 ἐν
2320 826 2545 897 νηστείᾳ
2589 826 2774 890 Ἠλίας
2807 828 3114 897 ἐκζητήσας
3152 827 3241 880 τὸν
3274 827 3477 898 Κύριον
3516 826 3654 897 (41),

2078 920 2179 985 τῆς
2206 917 2334 980 Οέας
2368 917 2576 987 ἔτυχεν.
2609 918 2719 972 Καὶ
2757 919 2790 988 ἡ
2826 918 2924 987 μὲν
2957 919 3179 972 ἐκείνων
3218 919 3349 991 εὐχὴ
3387 918 3611 989 τοιαύτη
3638 935 3654 948 ’

2079 1003 2159 1073 εἷς
2184 1008 2240 1061 δὲ
2266 1007 2361 1060 τοῦ
2399 1008 2663 1079 ἀριθμοῦ,
2700 1009 2935 1073 ὀκλάσας
2968 1009 3105 1080 πρὸς
3153 1009 3220 1064 τὰ
3264 1010 3439 1073 δεινὰ,
3473 1010 3661 1063 λειπο-

2078 1102 2357 1172 τακτήσας
2385 1101 2576 1171 ᾤχετο,
2601 1101 2795 1166 πένθος
2831 1101 3110 1172 ἀμύθητον
3144 1104 3258 1164 τοῖς
3284 1103 3462 1169 ἁγίοις
3491 1119 3663 1156 κατα-

2080 1192 2274 1247 λιπών.
2306 1194 2444 1246 Ἀλλ’
2477 1194 2539 1247 οὐ
2579 1193 2688 1263 γὰρ
2722 1194 2932 1264 ἀφῆκεν
2960 1193 3139 1246 αὐτῶν
3172 1193 3378 1257 ἀτελεῖς
3402 1193 3660 1262 γενέσθαι

2078 1285 2177 1350 τὰς
2220 1286 2433 1357 δεήσεις
2480 1288 2508 1339 ὀ
2552 1286 2775 1358 Κύριος.
2835 1286 2892 1339 Ὁ
2927 1285 3037 1357 γάρ
3083 1287 3182 1356 τὴν
3244 1285 3490 1357 φυλακήν
3544 1285 3656 1338 τῶν

2084 1378 2374 1450 μαρτύρων
2428 1378 2895 1450 πεπιστευμένος,
2947 1377 3175 1446 ἐγγύθεν
3212 1378 3320 1432 ἀπό
3363 1394 3504 1441 τινος
3560 1395 3659 1445 γυ-

2084 1473 2309 1543 μνασίου
2392 1472 2820 1542 διαθαλπὸμενος
2845 1512 2860 1535 ,
2935 1458 3256 1526 ἀπεσκόπεί
3295 1471 3354 1525 τὸ
3425 1470 3656 1541 μέλλον,

2080 1563 2295 1632 ἕτοιμος
2338 1561 2727 1634 προσδέχεσθαι
2771 1560 2881 1613 τῶν
2931 1560 3276 1632 στρατιωτῶν
3318 1561 3444 1624 τοὺς
3485 1578 3659 1632 προσ-

2084 1655 2403 1725 φεύγοντας.
2447 1654 2557 1708 Καὶ
2600 1653 2710 1724 γὰρ
2749 1649 2815 1707 αὗ
2863 1655 2958 1707 καὶ
2993 1653 3184 1718 τοῦτο,
3241 1653 3469 1722 ἐγγύθεν
3512 1649 3654 1706 εἶναι

404 1739 733 1794 sententiam
787 1741 1130 1796 mutantibus
1179 1742 1614 1795 denuntiaretur.
1677 1741 1781 1795 Sed
1838 1740 1980 1811 quod

2083 1747 2327 1819 λουτρὸν,
2361 1746 2650 1817 ἐπενοήθη,
2691 1745 2869 1813 ὀξεῖαν
2903 1745 3000 1817 τὴν
3045 1745 3297 1816 βοήθειαν
3337 1749 3451 1809 τοῖς
3486 1761 3660 1815 μεταο

408 1832 643 1902 maligne
681 1831 1016 1885 adversariis
1047 1833 1413 1901 excogitatum
1448 1842 1565 1895 est,
1597 1831 1886 1896 videlicet,
1921 1838 1982 1885 ut

409 1923 570 1977 talem
598 1921 918 1976 certaminis
951 1921 1133 1975 locum
1174 1922 1572 1986 adinvenirent,
1597 1923 1651 1976 in
1682 1938 1790 1992 quo
1820 1938 1983 1993 para-

410 2023 525 2066 tum
578 2012 826 2065 levamen
871 2011 1038 2065 robur
1081 2012 1478 2066 decertantium
1522 2020 1686 2082 atque
1725 2020 1985 2069 constan-

407 2109 535 2161 tiam
569 2106 964 2161 labefaeturum
991 2116 1138 2161 esset
1164 2126 1177 2161 :
1201 2107 1306 2162 hoc
1327 2115 1628 2179 martyrum
1666 2108 1983 2176 patientiam

407 2198 834 2267 splendidiorem
869 2198 1158 2260 .reddidit.
1210 2199 1329 2253 Non
1373 2200 1520 2255 enim
1567 2199 1616 2252 is
1663 2200 1751 2253 cui
1792 2214 1985 2253 neces-

407 2291 553 2344 saria
595 2291 818 2352 desunt.
864 2291 1109 2346 tolerans
1152 2300 1236 2347 cst
1275 2308 1287 2342 :
1325 2292 1420 2347 sed
1465 2294 1533 2356 is,
1578 2292 1671 2361 qui
1716 2291 1861 2345 inter
1890 2292 1985 2346 bo—

406 2398 603 2437 norum
635 2382 994 2438 fruendorum
1021 2382 1235 2454 co’piam
1262 2383 1317 2437 in
1344 2384 1500 2438 malis
1534 2381 1770 2438 ferendis
1799 2398 1986 2454 perse-

408 2481 582 2529 verat.

478 2563 529 2618 7.
562 2564 701 2619 Cum
730 2573 912 2621 autem
954 2565 1010 2619 hi
1041 2565 1406 2628 decertarent,
1435 2564 1525 2619 ille
1562 2580 1693 2619 vero
1720 2573 1976 2620 eventum

404 2659 768 2718 observaret.
818 2658 1192 2727 spectaculum
1250 2657 1452 2710 mirum
1504 2654 1676 2719 vidit,
1744 2657 1983 2711 virtutes

405 2749 671 2818 quasdam
715 2764 747 2804 e
791 2747 946 2803 caelis
987 2747 1384 2813 descendentes
1411 2786 1425 2813 ,
1475 2754 1532 2800 et
1576 2747 1723 2800 velut
1785 2761 1817 2800 a
1856 2761 1985 2816 rege

407 2855 632 2894 numera
662 2855 856 2909 magna
917 2840 1182 2894 militibus
1225 2838 1621 2893 distribuentes
1654 2857 1668 2892 :
1707 2852 1827 2907 qua
1861 2837 1983 2892 aliis

405 2930 625 3001 quidem
669 2930 924 2985 omnibus
975 2930 1118 2984 dona
1179 2928 1610 2999 dispertieliant,
1658 2928 1754 2983 sed
1802 2938 1985 2983 tamen

410 3038 580 3076 unum
625 3023 967 3091 reliquerunt
1003 3036 1113 3076 non
1156 3021 1441 3085 donatum,
1478 3021 1787 3090 judicantes
1820 3021 1977 3090 _indi«

407 3129 574 3185 gnum
603 3115 920 3170 ccelestibus
947 3115 1248 3168 honoribus
1287 3129 1300 3165 :
1330 3114 1425 3183 qui
1468 3114 1656 3169 statim
1676 3114 1884 3190 animo
1911 3114 1983 3168 ob

411 3205 655 3259 dolorem
721 3207 1062 3266 concidens,
1124 3203 1423 3275 transfugit
1487 3203 1556 3257 ad
1612 3203 1978 3259 adversarios.

416 3296 1137 3367 liiserabilespectaculum
1158 3295 1350 3364 justis,
1379 3294 1537 3349 miles
1566 3293 1866 3364 transfuga,
1900 3294 1984 3346 vir

412 3388 828 3444 strenuissimus
861 3397 1073 3458 captus.
1106 3387 1317 3457 direpta
1348 3402 1380 3441 a
1413 3388 1542 3457 lupo
1579 3386 1702 3441 ovis
1727 3384 1935 3441 Christi
1966 3404 1980 3440 :

411 3492 577 3551 atque
621 3479 755 3535 illud
806 3479 1198 3544 miserabilius,
1239 3481 1385 3550 quod
1415 3489 1470 3536 et
1501 3490 1763 3536 aeternam
1814 3479 1981 3532 vitam

409 3573 615 3637 amisit,
642 3580 698 3627 et
729 3587 798 3627 ne
839 3571 942 3626 hac
973 3572 1194 3643 quidem
1226 3572 1425 3627 fruitus
1453 3580 1558 3636 est,
1594 3586 1762 3626 carne
1807 3570 1996 3640 ipsius-

412 3666 482 3718 ad
516 3666 718 3721 caloris
754 3680 1040 3722 accessum
1077 3666 1262 3721 statim
1305 3667 1576 3722 exsoluta.
1614 3666 1685 3739 ,Ει
1731 3665 1822 3719 hic
1853 3665 1982 3734 qui-

409 3757 532 3812 dem
565 3758 692 3813 vita;
720 3774 931 3822 amans,
965 3758 1171 3814 frustra
1203 3758 1444 3814 admisso
1479 3760 1704 3820 scelere,
1729 3757 1927 3812 cecidit
1962 3772 1976 3809 :

413 3849 510 3904 sed
534 3848 695 3905 lictor
729 3857 789 3904 ut
818 3850 954 3905 vidit
984 3866 1107 3905 eum
1142 3850 1498 3913 abscessisse,
1539 3856 1593 3904 et
1624 3849 1691 3903 ad
1719 3849 1974 3903 balneum

410 3943 739 4006 accurrisse,
772 3948 942 3997 semet
981 3942 1263 3998 substituit
1291 3942 1346 3995 in
1379 3942 1555 3996 locum
1584 3941 1905 4003 desertoris,
1931 3948 1985 3995 et

412 4032 748 4088 indumentis
794 4033 1023 4101 abjectis
1053 4048 1111 4086 se
1153 4033 1271 4102 ipse
1307 4033 1470 4087 nudis
1494 4034 1808 4097 admiscuit,
1840 4035 1982 4088 idem

409 4124 553 4196 quod
598 4124 772 4178 sancti
813 4124 1080 4190 clamans,
1124 4123 1462 4180 Christianus
1505 4142 1643 4180 sum.
1677 4126 1854 4195 Atque
1888 4140 1977 4179 re~

412 4217 637 4285 pentina
693 4216 797 4270 hac
863 4217 1166 4280 mutatione
1219 4228 1465 4272 astantes
1519 4218 1981 4288 obstupefaciens,

410 4316 472 4365 ut
514 4324 803 4364 numerum
849 4310 1159 4378 complevit,
1219 4308 1293 4363 ita
1349 4310 1565 4363 illorum
1621 4309 1688 4365 de
1738 4309 1980 4364 emollito

2084 1836 2434 1907 ϐαλλομένοις
2506 1830 2998 1905 ἐπαγγελλόμενον.
3060 1835 3235 1905 Ὅπερ
3294 1836 3477 1904 μέντοι
3551 1837 3658 1897 τοῖς

2082 1928 2344 1991 ἐναντίοις
2399 1926 2723 1999 κακούργως
2773 1925 3076 1996 ἐπενοήθη,
3131 1924 3370 1980 τοιοῦτον
3413 1925 3656 1998 ἐξευρεῖν

2081 2018 2180 2089 τῆς
2215 2016 2496 2087 ἀθλήσεως
2524 2016 2711 2081 τόπον,
2744 2017 2802 2069 ἐν
2905 2015 2966 2069 τὸ
3008 2016 3224 2086 ἕτοιμον
3263 2016 3360 2086 τῆς
3397 2032 3654 2087 παραμυ-

2085 2108 2204 2172 θίας
2227 2107 2441 2162 ἐκλύειν
2469 2106 2660 2179 ἔμελλε
2676 2105 2785 2160 τῶν
2816 2107 3229 2177 ἀγωνιζομένων
3251 2106 3349 2177 τὴν
3366 2105 3615 2159 ἔνστασιν
3636 2123 3651 2135 ·

2083 2200 2239 2253 τοῦτο
2263 2199 2652 2271 λαμπροτέραν
2680 2198 2921 2253 ἐδείκνυε
2958 2198 3070 2267 (42)
3104 2197 3201 2268 τὴν
3232 2197 3506 2269 ὑπομονὴν
3545 2197 3657 2250 τῶν

2087 2293 2400 2365 μαρτύρων.
2428 2293 2503 2346 Οὐ
2531 2291 2641 2363 γάρ
2677 2292 2705 2344 6
2730 2290 2952 2362 ἀπορῶν
2979 2289 3087 2342 τῶν
3113 2288 3424 2358 ἀναγκαίων
3456 2304 3659 2359 καρτε-

2086 2384 2258 2455 ρικὸς,
2290 2382 2404 2436 ἁλλ’
2424 2384 2453 2435 6
2476 2385 2533 2436 ἐν
2555 2380 2787 2454 ἀφθονίᾳ
2809 2381 2909 2452 τῆς
2930 2379 3280 2444 ἀπολαύσεως
3305 2377 3659 2450 ἐγκαρτερῶν

2082 2477 2195 2538 τοῖς
2223 2473 2435 2537 δεινοῖς.

2154 2565 2206 2620 7.
2256 2566 2341 2628 Ὦς
2377 2565 2435 2619 δὲ
2484 2567 2533 2618 οἱ
2570 2566 2667 2636 μέν
2713 2564 3062 2634 ἠγωνίζοντο,
3110 2578 3138 2618 ο
3187 2566 3246 2618 δὲ
3282 2565 3539 2635 ἐπετήρει
3595 2564 3660 2619 τὸ

2084 2656 2481 2728 ἐκϐησόμενον,
2527 2653 2633 2708 εἶδε
2677 2654 2855 2726 θέαμα
2905 2654 3078 2721 ξένον,
3108 2656 3364 2726 δυνάμεις
3408 2654 3560 2718 τινὰς
3597 2653 3661 2721 ἐξ

2084 2747 2330 2818 οὐρανῶν
2360 2745 2677 2812 κατιούσας,
2700 2745 2796 2799 καί⁵
2821 2739 2933 2799 οἷον
2969 2744 3119 2817 παρὰ
3157 2743 3420 2815 βασιλέως
3449 2744 3729 2821 δωρεὲῖκ-⁸

2089 2839 2327 2911 μεγάλας
2358 2838 2719 2909 διανεμούσας
2746 2840 2860 2902 τοῖς
2888 2836 3278 2909 στρατιώταις·
3313 2836 3370 2890 αἳ
3409 2838 3520 2900 τοῖς
3555 2836 3657 2907 μὲν

2085 2932 2265 2995 ἄλλοις
2292 2933 2426 2986 πᾶσι
2451 2930 2670 3003 διῄρουν
2698 2932 2768 2986 τὰ
2803 2931 2973 3003 δῶρα,
3004 2930 3102 2985 ἕνα
3133 2930 3190 2983 δὲ
3236 2930 3392 3000 μόνον
3436 2929 3658 2999 ἀφῆκαν

2085 3023 2407 3095 ἀγέραστον,
2446 3022 2663 3087 ἀνάξιον
2693 3022 2946 3094 κρίνασαι
2979 3021 3087 3075 τῶν
3138 3020 3403 3092 οὐρανίων
3443 3020 3656 3092 τιμῶν·

2084 3114 2143 3177 ὃς
2174 3113 2357 3177 εὐθὺς,
2393 3112 2528 3183 πρὸς
2554 3113 2682 3174 τοὺς
2708 3112 2902 3175 πόνους
2928 3110 3333 3181 ἀπαγορεύσας,
3363 3109 3501 3181 πρὸς
3532 3111 3660 3171 τοὺς

2085 3202 2359 3266 ἐναντίους
2387 3200 2864 3272 ἀπηυτομόλησεν.
2910 3201 3173 3255 Ἐλεεινδν
3215 3200 3396 3270 θέαμα
3429 3201 3544 3263 τοῖς
3582 3199 3662 3252 δι-

2085 3294 2261 3358 καίοις
2285 3297 2313 3348 ὁ
2346 3292 2687 3365 στρατιώτης
2714 3292 2910 3363 φυγὰς,
2936 3295 2964 3346 6
2998 3292 3251 3364 ἀριστεὺς
3291 3291 3657 3362 αἰχμάλωτος,

2083 3390 2146 3442 τὺ
2172 3387 2409 3459 Χριστοῦ
2440 3386 2709 3459 πρόϐατον
2739 3386 3073 3457 θηριάλωτον
3090 3403 3102 3416 ·
3127 3385 3220 3438 καὶ
3250 3385 3311 3436 τό
3337 3373 3413 3452 γε’
3431 3384 3662 3436 ἐλεεινό-

2084 3499 2262 3553 τερον,
2297 3482 2380 3534 ὄτι
2414 3481 2510 3534 καὶ
2541 3481 2639 3551 τῆς
2659 3479 2876 3533 αἰωνίου
2911 3478 3055 3549 ζωῆς
3074 3479 3363 3549 διήμαρτε,
3404 3476 3501 3530 καὶ
3537 3475 3661 3528 οὐδὲ

2085 3575 2290 3646 ταύτης
2328 3575 2665 3645 ἀπήλαυσεν,
2713 3573 2875 3637 εὐθὺς
2907 3572 3056 3642 αὐτῷ
3097 3572 3196 3642 τῆς
3243 3569 3443 3641 σαρκὸς
3503 3570 3561 3621 ἐν
3590 3570 3658 3639 τῇ

2087 3666 2358 3739 προσϐολῇ
2387 3667 2485 3737 τῆς
2520 3665 2728 3736 θέρμης
2758 3664 3120 3734 διαλυθείσης.
3164 3663 3275 3715 Καὶ
3318 3664 3347 3715 6
3381 3660 3480 3731 μὲν
3510 3659 3661 3728 φιλό-

2087 3759 2224 3824 ζωος
2265 3759 2460 3812 ἔπεσεν
2514 3759 2791 3829 ἀνομήσας
2845 3756 3121 3825 διακενῆς·
3164 3755 3192 3806 6
3228 3755 3285 3807 δὲ
3332 3753 3544 3823 δήμιος,
3584 3750 3661 3814 ὡς

2086 3845 2222 3902 εἶδεν
2248 3850 2410 3903 αὐτὸν
2443 3848 2769 3902 ἐκκλίναντα
2788 3887 2802 3910 ,
2837 3848 2933 3900 καὶ
2964 3847 3102 3919 πρὸς
3132 3845 3243 3917 (45)
3279 3845 3340 3897 τὸ
3380 3844 3662 3916 βαλανεῖον

2086 3940 2505 4013 ἀποδραμόντα,
2538 3940 2728 3995 ἑαυτὸν
2763 3943 2841 4003 εἰς
2871 3940 2968 4011 τὴν
3008 3938 3099 3993 τοῦ
3133 3937 3660 4006 λειποτακτήσαντος

2086 4028 2267 4100 χώραν
2297 4028 2743 4099 ἀντικατέστησε,
2769 4029 2864 4081 καὶ
2898 4027 3061 4099 ῥίψας
3087 4026 3153 4080 τὰ
3184 4026 3526 4098 περιϐόλαια,
3546 4028 3660 4088 τοῖς

2085 4123 2311 4190 γυμνοῖς
2344 4120 2534 4172 ἐαυτὸν
2565 4118 2910 4188 ἐγκατέμιξε,
2952 4117 3170 4189 κράζων
3193 4117 3291 4189 τὴν
3326 4116 3496 4187 αὐτὴν
3531 4116 3660 4187 βοὴν

2085 4213 2198 4274 τοῖς
2241 4210 2420 4278 ἁγίοις
2448 4211 2842 4278 ’Χριστιανός
2872 4212 3006 4279 εἰμι.
3048 4209 3159 4261 Καὶ
3204 4208 3284 4279 τῷ
3328 4208 3512 4279 ἀθρόῳ
3557 4208 3659 4277 τῆς

2090 4303 2392 4373 μεταϐολῆς
2446 4301 2726 4373 ἐκπλήξας
2778 4302 2904 4365 τοὺς
2968 4302 3391 4373 συμπαρόντας,
3442 4303 3535 4354 τόν
3598 4318 3659 4354 τε

354 4396 694 4467 ςῑνςιηείυςιι
763 4410 1053 4451 mmrorem
1128 4397 1447 4451 accessione
1528 4412 1628 4453 sua
1702 4398 1980 4461 delinivit,

2086 4394 2319 4467 ἀριθμὸν
2363 4393 2741 4465 ἀνεπλήρωσε,
2773 4393 2867 4446 καὶ
2899 4392 2997 4465 τὴν
3026 4393 3120 4447 ἐπὶ
3158 4393 3237 4463 τῷ
3275 4392 3659 4462 καταμαλακι-

412 4488 662 4543 imitatus
705 4502 802 4543 eos
843 4487 937 4557 qui
980 4487 1033 4540 in
1077 4487 1195 4541 acie
1230 4496 1543 4554 versantur,
1577 4488 1693 4558 qui,
1730 4503 1841 4542 uno
1881 4487 1983 4541 ali-

409 4598 521 4652 quo
574 4582 630 4635 in
688 4580 864 4651 prima
919 4580 1037 4635 acie
1087 4578 1353 4642 cadente,
1411 4579 1697 4634 confestim
1774 4579 1982 4648 replent

410 4675 754 4743 phalangem,
805 4680 865 4726 ut
902 4687 973 4727 ne
1023 4672 1164 4726 inter
1222 4671 1370 4741 ipsos
1420 4671 1673 4726 ordinum
1730 4673 1978 4727 densitas

408 4768 625 4820 defectu
660 4765 809 4819 illius
861 4763 1312 4833 interrumpatur.
1365 4762 1517 4818 Fecit
1553 4765 1722 4833 igitur
1757 4770 1813 4819 et
1859 4763 1978 4834 ipse

408 4855 665 4925 quiddam
724 4871 833 4909 non
881 4855 1170 4910 dissimile.
1213 4856 1362 4910 Vidit
1398 4857 1645 4910 cmlestia
1691 4855 1975 4916 miracula,

407 4947 628 5015 agnovit
672 4946 982 5013 veritatem,
1035 4944 1283 5018 confugit
1333 4946 1402 5002 ad
1442 4946 1757 5013 Dominum,
1800 4964 1981 5003 annu-

480 5128 524 5158 ³³
562 5126 751 5181 Matth.
790 5144 865 5193 tv,
896 5127 952 5184 2.

480 5302 599 5375 (41),
626 5304 775 5357 Colb.
809 5304 1002 5360 tertius
1029 5304 1334 5375 ἐκζητήσας
1363 5304 1458 5356 τὸν
1489 5304 1639 5375 Θεόν.
1676 5303 1797 5359 Mox
1822 5311 1973 5358 utra-

407 5389 511 5447 que
542 5374 705 5426 cditio
734 5382 797 5447 et_
815 5375 1027 5442 Anglic.
1060 5373 1267 5447 esteo;
1305 5373 1733 5447 ἀπαραμύθητον
1761 5391 1774 5405 °
1805 5391 1970 5445 quam

407 5446 740 5519 scripturam
772 5443 998 5519 Dacicus
1024 5445 1103 5519 ait
1113 5444 1250 5519 ferri
1284 5443 1468 5519 posse,
1498 5443 1686 5519 sicque
1709 5443 1973 5519 interpre:

407 5512 594 5586 ILattir.._
610 5512 991 5586 intolerabilem
1026 5515 1255 5585 reliquit.
1284 5512 1512 5571 Veteres
1561 5512 1803 5586 quinque
1849 5512 1974 5570 libri

406 5580 603 5656 Galiici
616 5582 927 5656 ἀμύθητον,
964 5580 1164 5656 luctum
1194 5580 1597 5641 inenarrabileni
1619 5580 1852 5656 reliquit,
1877 5601 1976 5656 0p-

408 5653 557 5710 time.
588 5652 1001 5723 Monere‘juvat,
1043 5652 1268 5726 Regium
1303 5658 1524 5713 tertium
1557 5652 1972 5726 prima'quide'm

2089 4486 2267 4540 σθέντι
2295 4486 2471 4557 λύπην
2500 4489 2565 4558 τῇ
2611 4487 2740 4559 παρ’
2778 4486 2970 4540 ἑαυτοῦ
3012 4487 3294 4560 προσθήκῃ
3332 4485 3659 4558 παρεμυθή-

2089 4595 2218 4632 σατο
2241 4618 2254 4642 ,
2313 4577 2691 4649 μιμησάμενος
2721 4579 2845 4642 τοὺς
2878 4579 2970 4632 ἐπὶ
3015 4577 3373 4651 παρατάξεως
3394 4618 3409 4641 ,
3444 4577 3517 4641 οἳ,
3562 4576 3658 4631 τοῦ

2086 4671 2228 4725 κατά
2266 4671 2362 4741 τὴν
2406 4670 2631 4743 πρώτην
2665 4672 2866 4725 ἀσπίδα
2901 4672 3178 4736 πεσόντος,
3222 4670 3383 4734 εὐθὺς
3416 4669 3659 4742 ἀναπληο

2087 4764 2240 4835 ροῦσι
2277 4764 2377 4836 τὴν
2415 4763 2692 4833 φάλαγγα,
2731 4764 2806 4828 ὡς
2835 4765 2907 4835 μὴ
2934 4765 3024 4818 τὸν
3065 4763 3439 4834 συνασπισμὸν
3477 4764 3661 4826 αὐτοῖς

2083 4856 2408 4928 διακοπῆναι
2453 4856 2530 4927 τῷ
2566 4856 2826 4910 λείποντι.
2877 4855 3128 4910 Τοιοῦτον
3169 4856 3233 4929 δή
3271 4873 3325 4908 τι
3370 4854 3465 4908 καὶ
3497 4854 3661 4917 αὐτὸς

2086 4946 2360 5017 ἐποίησεν.
2407 4943 2527 5001 Εῐδε
2584 4948 2653 5002 τὰ
2700 4948 2925 5020 οὐράνια
2957 4946 3231 5019 θαύματα,
3282 4946 3500 5016 ἐπέγνω
3557 4944 3662 5019 τὴν

1029 5128 1075 5160 ²⁶
1114 5127 1508 5192 Exod.-xxx1v,
1540 5127 1630 5183 9.8.
1707 5129 1753 5160 ’³
1792 5126 1859 5180 ιιι
1890 5126 2025 5199 Reg.
2059 5143 2176 5193 XIX,
2216 5127 2267 5182 8-

2068 5321 2236 5379 manu
2288 5307 2545 5379 nabuisse
2593 5307 2915 5379 ἀμύθητονο
2972 5308 3069 5379 sed
3111 5308 3292 5375 inepte
3343 5318 3658 5379 correctum

2070 5376 2262 5449 fuisse,
2280 5378 2361 5449 sic
2376 5386 2436 5449 ut
2457 5392 2604 5433 nunc
2623 5379 2718 5431 illo
2734 5376 2786 5431 in
2807 5378 2948 5449 libro
2971 5378 3182 5449 legatur
3200 5376 3656 5449 ἀπαραμύθητον.

2139 5446 2252 5508 (42)
2282 5448 2511 5511 Codices
2545 5463 2654 5502 non
2692 5449 2850 5516 pauci
2884 5446 3117 5503 ἐδείκνυ.
3150 5450 3286 5503 Editi
3320 5446 3583 5503 ἐδείκνυε.

2145 5516 2527 5591 μῶυιιειᾳυε
2570 5517 2737 5591 editio
2780 5521 3004 5591 1:11}:er
3239 5518 3389 5591 Libri
3442 5520 3658 5591 antiqui

2071 5590 2166 5643 καὶ
2182 5588 2339 5659 πρός.
2367 5587 2562 5642 Statim
2589 5589 2758 5642 editio
2781 5587 2969 5646 Paris.
2986 5587 3437 5659 συνὲγκατέμιξε.
3466 5590 3537 5641 At
3561 5605 3659 5644 sex

2073 5674 2206 5715 mss.
2234 5658 2565 5725 Simpliciter
2598 5658 2947 5722 ἐγκατέμιεε.
