4036 6236
372 394 471 450 531
1304 397 1590 454 HOMILIA
1630 398 1695 454 IN
1737 398 2242 467 QUADRAGINTA
2282 396 2686 458 MARTYRES.
3534 404 3640 460 5‘22

372 507 652 577 ἀλήθειαν,
690 510 1004 581 προσέφυγε
1032 511 1109 582 τῷ
1138 515 1402 586 Δεσπότῃ,
1435 533 1565 587 συνη
1577 516 1814 588 ριθμήθη
1843 520 1954 581 τοῖς

2062 523 2304 571 meratus
2329 526 2413 572 est
2435 517 2578 571 inter
2604 526 2891 589 martyres.
2923 517 3326 589 Discipulorum
3354 522 3637 577 renovavit

376 599 635 668 μάρτυσι.
654 600 698 651 Τ
702 600 738 651 ὰ
763 600 870 652 τῶν
894 601 1005 671 (44)
1036 603 1290 674 μαθητῶν
1314 605 1665 661 ἀνενεώσατο.
1695 606 1960 678 Ἀπῆλθεν

2064 607 2230 663 facta.
2258 609 2407 663 Abiit
2437 609 2627 671 Judas,
2661 619 2716 667 ct
2740 613 2787 665 ei
2818 614 3145 681 subrogatus
3178 623 3262 668 est
3293 614 3545 669 Matthias
3565 616 3632 668 “.

386 689 618 755 Ἰούδας,
658 691 755 743 καὶ
791 693 1120 767 ἀντεισήχθη
1155 696 1421 761 Ματθίας.
1460 700 1717 772 Μιμητὴς
1744 702 1960 770 ἐγένετο

2066 697 2223 769 155
2272 699 2520 756 lmitator
2550 700 2778 757 ell‘ectns
2815 714 2899 757 est
2931 703 3107 767 Pauli,
3148 704 3263 758 heri
3294 714 3632 775 persecutor,

372 781 610 847 Παύλου,
644 785 673 835 ὁ
716 783 844 853 χθὲς
881 784 1137 858 διώκτης,
1164 790 1402 861 σήμερον
1449 790 1955 863 εὐαγγελιζόμενος.

2063 791 2225 846 hodic
2250 790 2532 863 Evangelii
2568 809 2745 863 praeco
2774 796 2837 847 ³⁷.
2874 794 3074 850 Habuit
3099 803 3154 850 et
3185 797 3299 866 ipse
3341 812 3409 851 ex
3444 812 3634 866 super-

377 874 622 927 Ἀνωθεν
654 874 780 946 ἔσχε
831 877 926 930 καὶ
956 878 1117 943 αὐτὸς
1154 881 1253 953 τὴν
1299 882 1511 953 κλῆσιν,
1548 886 1671 937 Οὐκ
1707 886 1809 939 ἀπ’
1855 886 1959 940 ἁν-

2061 883 2147 937 nis
2182 885 2549 949 vocationem,
2594 884 2718 942 Non
2749 886 2812 940 ab
2839 887 3135 942 hominibus
3164 905 3323 958 neque
3342 904 3433 958 per
3465 889 3634 943 homi-

376 965 642 1033 Ορὼπων,
693 967 839 1021 οὐδὲ
889 968 968 1024 δι’
1009 972 1345 1041 ἀνθρώπου.
1384 976 1735 1030 Ἐπίστευσεν
1781 981 1860 1043 εἰς
1897 979 1960 1033 τὺ

2060 988 2175 1025 nem
2235 973 2302 1028 ’⁸.
2371 973 2613 1030 Credidit
2652 977 2706 1030 in
2753 978 2976 1032 nomine
3022 976 3236 1033 Domini
3282 979 3454 1035 nostri
3504 977 3633 1033 Jesu

377 1060 546 1130 ὄνομα
573 1059 670 1114 τοῦ
700 1063 906 1133 Κυρίου
938 1065 1094 1136 ἡμῶν
1140 1068 1312 1140 Ἰησοῦ
1348 1070 1583 1141 Χριστοῦ
1604 1089 1617 1104 ’
1653 1072 1954 1148 ἐϐαπτίσθη

2058 1063 2270 1120 Christi
2318 1083 2329 1117 :
2373 1065 2684 1137 baptizatus
2741 1077 2826 1122 cst
2880 1068 2935 1123 in
2993 1070 3201 1140 ipsum,
3243 1085 3352 1125 non
3390 1070 3460 1124 ab
3498 1071 3630 1135 alio,

375 1153 458 1216 εἰς
481 1154 667 1223 αὐτὸν,
706 1158 807 1228 οὐχ
844 1158 950 1212 ὑπὸ
986 1160 1169 1222 ἄλλου,
1200 1163 1316 1216 ἀλλ’
1351 1164 1456 1218 ὑπὸ
1492 1167 1591 1236 τῆς
1621 1167 1827 1231 οίκείας
1863 1169 1954 1221 πί-

2058 1154 2154 1211 sed
2197 1172 2227 1211 a
2280 1159 2501 1229 prepria
2544 1159 2671 1224 ﬁde,
2716 1175 2829 1216 non
2870 1161 2923 1216 in
2976 1176 3137 1231 aqua,
3175 1160 3270 1216 sed
3312 1162 3367 1215 in
3411 1164 3632 1231 proprio

377 1261 547 1311 στεως
566 1262 582 1277 ·
609 1248 710 1302 οὐκ
738 1251 794 1302 ἐν
818 1249 994 1317 ὕδατι,
1020 1253 1134 1306 ἀλλ’
1160 1256 1217 1307 ἐν
1242 1256 1321 1312 τῶ
1345 1256 1459 1327 ἰδίῳ
1488 1258 1704 1328 αἵματι.
2058 1249 2346 1319 sanguine.

442 1359 497 1414 8.
528 1362 642 1415 Καὶ
674 1362 866 1429 οὕτως,
902 1366 1115 1438 ἡμέρας
1141 1369 1470 1443 ἀρχομένης,
1498 1372 1580 1426 ἔτι
1625 1375 1954 1443 ἐμπνέοντες

2124 1360 2177 1413 8,
2212 1359 2288 1415 ita
2322 1361 2565 1426 demum,
2604 1363 2827 1418 ineunte
2852 1364 2960 1429 die,
3006 1364 3185 1420 adhuc
3215 1366 3487 1438 Spirantcs
3517 1368 3626 1436 igni

366 1450 485 1521 (45)
517 1451 599 1523 τῷ
638 1456 771 1525 πυρὶ
815 1458 1216 1532 παρεδόθησαν,
1265 1465 1359 1516 καὶ
1404 1464 1470 1517 τὰ
1505 1463 1599 1517 τοῦ
1642 1466 1812 1537 πυρὸς
1840 1466 1951 1520 λεί-

2053 1450 2240 1505 traditi
2276 1460 2433 1515 sunt,
2463 1461 2627 1524 atque
2656 1455 2901 1525 reliquiae
2938 1456 3082 1527 ignis
3138 1456 3192 1510 in
3238 1456 3462 1511 ﬂuvium
3501 1472 3630 1526 pro-

360 1542 514 1611 ψανα
550 1544 647 1598 ἐπὶ
686 1540 778 1598 τὸν
817 1548 1061 1618 ποταμὸν
1105 1551 1420 1623 ἀπερρίφη’
1454 1544 1597 1607 ὥστε
1641 1553 1730 1609 διὰ
1768 1557 1951 1628 πάσης

2046 1543 2205 1611 jectae
2234 1543 2407 1607 fuere.
2440 1547 2798 1603 utbeatorum
2824 1556 3098 1603 certamen
3124 1564 3221 1619 per
3241 1564 3456 1605 omnem
3475 1565 3629 1605 crea-

361 1635 466 1706 τῆς
506 1637 741 1700 κτίσεως
769 1637 1059 1702 διεξελθεῖν
1090 1641 1197 1694 τῶν
1235 1644 1522 1715 μακαρίων
1559 1646 1661 1718 τὴν
1700 1646 1944 1718 ἄθλησιν.

2053 1644 2229 1690 turam
2260 1638 2541 1705 transiret.
2578 1639 2939 1694 Decertarunt
2975 1641 3030 1696 in
3057 1648 3228 1704 terra,
3277 1642 3625 1696 tolerantiam

377 1728 503 1781 Ἐπὶ
542 1727 646 1799 τῆς
684 1730 789 1799 γῆς
816 1732 1170 1799 ἠγωνίσαντο,
1216 1735 1295 1804 τῷ
1329 1735 1453 1806 ἁέρι
1490 1736 1945 1810 ἐνεκαρτέρησαν,

2050 1731 2409 1785 ostenderunt
2468 1734 2521 1787 in
2554 1748 2701 1796 aere,
2755 1718 2942 1788 tFaditi
2966 1735 3075 1804 igni
3110 1743 3256 1801 sunt,
3291 1750 3433 1804 aqua
3476 1736 3623 1805 ipsos

360 1819 442 1889 τῷ
473 1822 609 1892 πυρὶ
646 1820 1043 1893 παρεδόθησαν,
1084 1825 1146 1878 τὺ
1194 1826 1339 1897 ὕδωρ
1385 1828 1587 1892 αὐτοὺς
1633 1831 1942 1895 ὑπεδέξατο.

2048 1824 2282 1893 excepit.
2318 1823 2540 1879 Illorum
2576 1831 2660 1880 est
2678 1840 2777 1881 vox
2802 1826 2895 1880 illa
2931 1845 2943 1880 :
2986 1828 3621 1897 Transivimusperignem

374 1909 631 1965 Ἐκείνων
654 1914 801 1966 ἐστὶν
839 1915 872 1984 ἡ
906 1916 1058 1986 φωνή
1082 1933 1094 1944 ·
1136 1917 1464 1987 Διήλθομεν
1499 1919 1596 1974 διὰ
1633 1923 1822 1989 πιψός
1849 1925 1943 1978 καὶ

2046 1924 2096 1966 et
2131 1930 2344 1985 aquam.
2381 1928 2430 1969 et
2464 1917 2699 1972 eduxisti
2728 1935 2822 1972 nos
2865 1919 2924 1973 in
2946 1918 3278 1988 refrigerium
3293 1920 3359 1971 ".
3397 1918 3460 1973 Hi
3494 1930 3625 1975 sunt

360 2001 603 2069 ὕδατος,
652 2005 752 2058 καὶ
778 2005 1071 2076 ἐξήγαγες
1102 2007 1258 2078 ἡμᾶς
1297 2013 1384 2076 είς
1409 2012 1758 2081 ἀναψυχήν,
1786 2008 1945 2067 Οὗτοί

2046 2007 2142 2076 qui
2201 2009 2477 2078 regionem
2526 2018 2772 2065 nostram
2820 2012 3154 2075 obtinentes,
3219 2014 3384 2068 veluti
3442 2014 3622 2068 densa

358 2096 500 2147 εἰσιν
550 2096 601 2148 οἱ
656 2096 755 2167 τὴν
782 2098 903 2151 καθ’
936 2100 1086 2170 ἡμᾶς
1126 2099 1309 2172 χώραν
1364 2102 1731 2169 διαλαϐόντες,
1783 2107 1944 2160 οἱονεὶ

2045 2102 2290 2171 quaedam
2327 2111 2509 2160 turres
2548 2104 2719 2175 ipsam
2761 2105 3028 2163 adversus
3066 2107 3303 2164 hostium
3339 2110 3621 2165 incursum

359 2186 561 2257 πύργοι
592 2189 739 2253 τινές
771 2193 1033 2261 συνεχεῖς,
1066 2192 1364 2261 ἀσφάλειαν
1411 2195 1476 2247 ἐκ
1516 2195 1616 2263 τῆς
1652 2196 1760 2249 τῶν
1787 2198 1943 2251 ἐναν-

2047 2205 2165 2250 ιιιιο
2209 2197 2613 2264 communiunt,
2654 2214 2763 2253 non
2822 2200 2879 2254 in
2930 2216 3040 2255 uno
3072 2202 3194 2257 loco
3227 2203 3440 2271 seipsos
3484 2217 3620 2257 con-

357 2279 492 2330 τίων
526 2280 879 2353 καταδρομῆς
915 2285 1313 2355 παρεχόμενοι,
1365 2288 1464 2357 οὐχ
1510 2288 1590 2340 ἐνί
1632 2289 1782 2361 τόπῳ
1818 2292 1944 2343 ἐαυ-

2044 2289 2348 2353 eludentes,
2394 2288 2488 2343 sed
2538 2290 2723 2345 multis
2769 2291 2903 2347 locis
2943 2292 3057 2361 jam
3103 2293 3341 2363 hospitio
3385 2298 3618 2363 excepti,

357 2376 487 2438 τοὺς
520 2377 1003 2443 κατακλείσαντες,
1048 2381 1183 2434 ἀλλὰ
1232 2382 1447 2447 πολλοῖς
1475 2383 1584 2451 (46)
1615 2385 1712 2455 ἥδη
1764 2386 1943 2452 ἐπιξε-

2045 2381 2402 2450 regionesque
2465 2382 2666 2455 multas
2725 2382 3076 2439 adornantes.
3122 2383 3189 2437 Et
3228 2385 3371 2455 quod
3422 2387 3620 2439 mirum

357 2465 624 2530 νωθέντες
662 2470 904 2540 χωρίοις,
932 2471 1029 2523 καὶ
1068 2470 1269 2535 πολλὰς
1297 2472 1564 2544 πατρίδας
1594 2476 1944 2547 κατακοσμή-

2043 2483 2145 2533 est,
2177 2489 2284 2527 non
2315 2473 2634 2541 singulatim
2662 2474 2824 2530 divisi
2857 2477 3127 2530 accedunt
3142 2476 3208 2531 ad
3231 2479 3616 2547 suscipientes,

358 2574 571 2623 σαντες.
610 2561 722 2614 Καὶ
753 2562 814 2614 τὸ
843 2563 1168 2632 παράδοξον,
1203 2565 1264 2617 οὐ
1300 2564 1423 2618 καθ’
1453 2565 1547 2617 ἕνα
1568 2565 1943 2636 διαμερισθέν-

2043 2564 2138 2618 Sed
2165 2565 2309 2618 inter
2338 2579 2398 2618 se
2416 2564 2693 2619 commisti
2728 2564 3064 2631 coniunctim
3094 2565 3417 2635 tripudiant.
3435 2563 3481 2620 Ο
3503 2580 3616 2620 rem

352 2669 446 2715 τες
490 2652 606 2725 (477)
653 2656 763 2717 τοῖς
805 2654 1117 2725 δεχομένοις
1159 2655 1514 2725 ἐπιφοιτῶσιν
1538 2672 1552 2688 ’
1583 2656 1697 2710 ἀλλ’
1739 2659 1938 2727 ἀναμι-

2043 2650 2266 2704 miram!
2300 2650 2490 2721 Neque
2524 2668 2757 2707 numero
2792 2654 3077 2722 pauciores
3102 2663 3251 2719 sunt,
3276 2672 3453 2727 neque
3489 2660 3613 2726 plu-

354 2745 578 2816 χθέντες
607 2747 880 2818 ἀλλήλοις,
913 2749 1207 2820 ἡνωμένως
1235 2750 1571 2821 χορεύουσιν.
1611 2751 1673 2802 ’Ὠ
1700 2750 1795 2802 τοῦ
1818 2750 1940 2803 θαύ-

2041 2762 2150 2800 res.
2178 2745 2285 2823 1:205
2311 2746 2363 2799 in
2394 2754 2611 2801 centum
2643 2746 2688 2802 si
2717 2748 2989 2813 diviseris,
3024 2751 3301 2821 proprium
3331 2767 3615 2806 numerum

355 2841 557 2909 ματοςί
601 2839 740 2894 Οὔτε
778 2840 1080 2894 ἐλλείπουσι
1118 2841 1196 2913 τῷ
1234 2840 1455 2912 ἀριθμῷ
1480 2881 1495 2905 ,
1540 2839 1663 2893 οὔτε
1713 2839 1939 2893 πλεοναο

2042 2854 2148 2892 non
2176 2837 2486 2893 excedunt:
2514 2839 2561 2892 si
2594 2840 2648 2894 in
2701 2856 2867 2893 unum
2915 2842 3224 2911 collegeris,
3259 2844 3614 2900 nihilominus

356 2930 497 3001 σμὸν
524 2932 886 3004 ἐπιδέχονται.
919 2933 1046 2987 Ἐὰν
1061 2935 1141 2997 είς
1170 2934 1362 2987 ἑκατὸν
1391 2934 1502 3003 (48)
1520 2934 1714 2998 αὐτοὺς
1736 2933 1935 3003 διέλῃς,

2040 2940 2219 2986 tamen
2276 2931 2641 3001 quadraginta
2697 2942 3035 3001 permanent,
3088 2951 3197 2989 non
3254 2936 3411 2990 aliter
3452 2946 3615 3004 atque

350 3022 445 3075 τὸν
466 3025 670 3077 οἰκεῖον
703 3025 938 3097 ἀριθμὸν
968 3027 1067 3079 οὐκ
1098 3026 1440 3081 ἐκϐαίνουσιν
1461 3044 1474 3056 ·
1505 3026 1600 3079 ἐὰν
1620 3028 1699 3089 εἰς
1721 3025 1779 3078 ἓν
1814 3043 1938 3078 συν-

2040 3024 2180 3094 ignis
2213 3035 2422 3078 natura.
2454 3023 2588 3077 Nam
2622 3032 2677 3079 et
2717 3025 2809 3078 ille
2854 3024 2922 3079 ad
2957 3026 3344 3081 accendentem
3393 3029 3615 3090 transit,

351 3117 589 3188 αγὰγῃς,
623 3119 1035 3188 τεσσαράκοντα
1075 3119 1169 3172 καὶ
1212 3117 1353 3172 οὕτω
1391 3119 1631 3190 μένουσι,
1661 3119 1802 3172 κατὰ
1837 3118 1935 3188 τὴν

2037 3123 2090 3168 et
2118 3122 2267 3168 totus
2299 3123 2385 3169 est
2414 3116 2554 3184 apud
2584 3115 2871 3171 habentem
2909 3137 2921 3170 :
2950 3117 3028 3172 sic
3046 3120 3208 3171 etiam
3232 3118 3615 3189 quadraginta,

350 3207 445 3259 τοῦ
471 3207 647 3277 πυρὸς
691 3209 873 3275 φύσιν.
910 3210 1021 3263 Καὶ
1059 3209 1167 3281 γὰρ
1209 3210 1385 3263 ἐκεῖνο
1422 3211 1517 3263 καὶ
1551 3211 1685 3283 πρὸς
1728 3209 1819 3261 τὸν
1855 3209 1938 3272 €5-

2040 3214 2093 3259 et
2123 3221 2314 3259 omnes
2349 3207 2511 3259 simul
2545 3216 2692 3266 sunt,
2714 3215 2766 3259 et
2793 3223 2984 3262 omnes
3028 3209 3171 3279 apud
3203 3210 3446 3280 singulos
3468 3223 3615 3266 sunt.

352 3299 596 3353 ἀπτοντα
640 3300 971 3368 μεταϐαίνει,
1000 3301 1094 3355 καὶ
1122 3301 1240 3354 ὅλον
1287 3302 1405 3354 ἐστὶ
1440 3302 1587 3371 παρὰ
1618 3301 1698 3370 τῷ
1728 3300 1931 3370 ἔχοντι·

2044 3296 2408 3352 Beneﬁcentia
2441 3297 2739 3376 uberrima,
2760 3288 2961 3353 denum
2989 3301 3131 3368 quod
3159 3317 3265 3353 non
3289 3302 3614 3365 absumitur.

350 3392 447 3442 καὶ
500 3392 552 3443 oi
608 3391 1016 3463 τεσςαράκοντα
1071 3391 1164 3445 καὶ
1196 3394 1395 3455 πάντες
1447 3392 1582 3444 είοὶν
1631 3391 1788 3461 ὁμοῦ,
1842 3391 1936 3444 καὶ

2044 3397 2291 3459 paratum
2329 3390 2589 3444 auxilium
2623 3391 2978 3456 Christianis,
3018 3392 3247 3447 ecclesia
3290 3403 3613 3464 martyrum,

352 3481 557 3544 πάντες
587 3482 695 3533 sisi
726 3483 857 3550 παρ’
896 3482 1128 3551 ἑκάστῳ.
1172 3481 1235 3532 Ἦ
1282 3479 1513 3550 ἄφθονος
1558 3480 1865 3549 εὐεργεσία,
1900 3482 1932 3549 ἡ

2043 3481 2319 3535 exercitus
2352 3490 2554 3551 tropaea
2589 3484 2940 3552 gestantium,
2989 3483 3191 3538 chorus
3243 3485 3430 3540 laudes
3477 3485 3614 3540 divi-

354 3570 429 3638 μὴ
458 3569 825 3641 δαπανωμένη
868 3571 1026 3642 χάρις
1040 3588 1058 3600 λ·
1096 3571 1287 3640 ἑτοίμη
1324 3569 1540 3641 βοήθεια
1570 3571 1932 3640 Χριστιανοῖς,

2045 3588 2143 3627 nas
2189 3573 2604 3628 celebrantium.
2652 3575 2926 3639 Quantum
2972 3575 3331 3643 impendisses
3390 3578 3612 3644 laboris,

352 3661 635 3730 ἐκκλησία
660 3663 978 3734 μαρτύρων,
1031 3662 1260 3733 στρατὸς
1295 3661 1729 3732 τροπαιοφόρων,
1776 3662 1935 3732 χορὸς

2043 3672 2102 3716 ιιι
2131 3663 2402 3731 reperires
2435 3678 2602 3716 unum
2654 3662 2911 3732 aliquem,
2966 3663 3058 3732 qui
3107 3680 3204 3731 pro
3236 3674 3287 3717 te
3330 3663 3614 3719 Dominum

350 3750 778 3822 δοξολογούντων
800 3754 932 3821 (‘59)-
967 3755 1113 3806 Πόσα
1134 3755 1199 3808 ἂν
1229 3754 1452 3824 ἔκαμες,
1482 3753 1567 3805 ἵνα
1599 3753 1692 3805 ἕνα
1722 3770 1825 3805 που
1848 3752 1938 3804 εὖ·

2048 3755 2338 3807 exorarct?
2379 3754 2518 3806 Sunt
2555 3754 2938 3830 quadraginta,
2986 3757 3351 3824 precationem
3385 3772 3615 3812 concor-

423 3869 469 3899 "
505 3870 626 3921 Act.
666 3887 717 3925 ι.
751 3870 844 3922 26.
922 3870 964 3900 ³⁷
1007 3871 1122 3923 Act.
1161 3887 1213 3931 γ,
1248 3870 1337 3924 20.
1416 3872 1460 3900 ⁸³
1501 3870 1677 3925 Calui.
1716 3888 1766 3930 ι,
1814 3872 1857 3922 l.
1936 3870 1980 3900 ¹⁹

922 3870 964 3900 ³⁷
1007 3871 1122 3923 Act.
1161 3887 1213 3931 γ,
1248 3870 1337 3924 20.
1416 3872 1460 3900 ⁸³
1501 3870 1677 3925 Calai.
1716 3888 1766 3930 ι,
1814 3872 1857 3922 1.
1936 3870 1980 3900 ⁸⁵
2022 3868 2166 3922 Pol.
2204 3885 2324 3929 LXV,
2366 3870 2447 3922 1‘2.

421 3982 536 4050 (44)
567 3981 726 4035 Colb.
762 3983 969 4054 primus
993 3984 1055 4035 τὸ
1075 3983 1202 4038 τῶν.
1239 3982 1347 4038 Nec
1378 3985 1449 4036 ita
1488 3984 1659 4036 multo
1690 3991 1813 4051 post
1838 4000 1933 4036 an-
2038 3998 2232 4036 omnes
2257 3992 2370 4036 tum
2405 3986 2616 4036 calamo
2643 3985 2833 4040 notati.
2864 3994 2975 4037 tum
3006 3992 3147 4054 typis
3176 3983 3432 4053 descripti
3466 3984 3611 4040 libri.

350 4054 487 4120 tiqui
531 4054 796 4123 tresilihri
838 4052 905 4105 δι’
953 4053 1263 4123 ἀνθρώπου.
1306 4056 1457 4106 Alitis
1487 4062 1539 4107 et
1576 4054 1708 4107 editi
1743 4054 1810 4107 δι’
1834 4055 1930 4107 av-
2038 4055 2201 4107 Certe
2235 4054 2455 4123 quoties
2484 4069 2675 4109 omnes
2722 4056 2865 4115 libri,
2899 4064 2952 4109 et
2988 4052 3240 4123 impressi
3282 4067 3335 4107 et
3364 4052 3610 4117 veteres,

350 4071 487 4120 tiqui
531 4071 644 4106 tres
678 4071 796 4105 nnri
838 4071 888 4105 οι
953 4071 1049 4107 avo
1092 4072 1263 4107 ωπου.
1306 4071 1457 4106 unus
1487 4071 1539 4107 et
1576 4071 1708 4107 cuiu
1743 4071 1794 4107 οι
1834 4071 1930 4107 αν-

350 4123 607 4195 θρώπωνἶ
653 4122 805 4176 Hand
850 4126 1008 4193 longe
1046 4071 1202 4178 δυιι).
1250 4126 1458 4194 primus
1489 4123 1792 4195 ἐϐαπτίσθη
1838 4123 1933 4193 βά-

2038 4071 2201 4107 msrte
2235 4071 2455 4123 quoues
2484 4071 2675 4109 omnes
2722 4071 2865 4115 non,
2899 4071 2952 4109 et
2988 4071 3240 4123 impressi
3282 4071 3335 4107 et
3377 4071 3610 4117 veteres.

2040 4125 2183 4195 inter
2213 4140 2279 4195 se
2310 4125 2680 4195 consentiunt,
2713 4125 2779 4178 ab
2804 4125 2888 4179 his
2915 4124 3196 4179 discedere
3244 4123 3612 4192 periculosum

350 4192 561 4263 πτισμα
590 4193 660 4244 δι’
682 4196 913 4263 αἵματος
953 4192 1032 4257 εἰς
1065 4192 1261 4264 αὐτόν,
1294 4195 1594 4263 baptizatus
1628 4205 1708 4247 est
1754 4192 1931 4264 bapti-

2038 4193 2201 4264 duco.
2229 4193 2333 4264 nisi
2357 4192 2493 4248 forte
2524 4195 2743 4248 aliunde
2773 4205 2986 4249 constet
3023 4195 3181 4247 aliter
3206 4195 3306 4263 legi
3341 4204 3610 4263 oportere.

1979 1880 2020 1932 Β

349 4262 521 4317 amate
540 4262 819 4335 sanguinis
844 4265 897 4316 iu
925 4266 1116 4334 ipsum.
1146 4263 1253 4319 Sed
1280 4262 1386 4318 non
1413 4264 1568 4318 valde
1589 4266 1779 4328 dubito
1799 4262 1931 4335 quin

2041 4332 2049 4335 Α
2110 4263 2222 4331 (46)
2254 4262 2407 4335 Unus
2433 4265 2605 4319 codex
2642 4265 2754 4318 ἀλλ’
2777 4267 2835 4317 ἐν
2859 4264 3093 4327 πολλοῖς.
3122 4264 3219 4318 llic
3252 4262 3431 4318 autem
3464 4267 3614 4319 locus

352 4335 509 4406 illud,
536 4333 844 4406 βάπτισμα
870 4332 951 4388 δι’
982 4335 1236 4406 αἳματος,
1277 4351 1340 4390 ex
1386 4335 1571 4389 aliouo
1606 4332 1935 4398 glossemate

2039 4332 2113 4385 ita
2156 4333 2540 4406 intelligendus
2567 4344 2673 4397 est,
2702 4343 2771 4406 ut
2805 4337 3019 4406 cineres
3051 4344 3363 4389 sanctorum
3407 4344 3610 4405 marty-

350 4405 596 4475 tluxerit.
772 4404 779 4405 “
1052 4404 1059 4406 ⁷
1418 4410 1453 4475 ξ
2038 4418 2158 4475 rum
2193 4406 2380 4459 multis
2415 4405 2468 4457 in
2495 4405 2630 4459 locis
2659 4405 2891 4475 dispersi
2927 4404 3095 4459 fuisse
3124 4406 3397 4458 dicantur.

423 4474 538 4545 (45)
567 4474 725 4541 Quod
753 4475 943 4546 aitgvir
977 4475 1386 4546 eruditissimus
1416 4472 1824 4546 Tillemontius,
1849 4476 1931 4528 νῖν
1967 4487 2007 4542 ι)

2042 4545 2046 4546 ν
2110 4474 2223 4543 (47)
2260 4477 2313 4546 Ιιι
2340 4476 2580 4543 antiquis
2610 4472 2827 4530 duobus
2859 4475 3013 4546 libris
3050 4491 3146 4543 pro
3175 4475 3614 4546 διαμερισόεντες

350 4543 469 4600 deri
500 4543 555 4599 in
589 4546 794 4609 verbis,
820 4544 898 4599 ἐτι
941 4545 1290 4617 ἐμπνέοντες,
1325 4545 1442 4599 vitii
1477 4546 1681 4614 aliquid
1728 4546 1925 4617 inesse,

2040 4545 2238 4617 legitur
2268 4545 2649 4617 διαιρεθέντες.
2702 4543 3098 4617 διηιίιιιίῖοΙΙ».
3144 4543 3354 4615 primus
3389 4554 3445 4617 et
3482 4545 3611 4617 editi

353 4617 420 4671 de
446 4632 513 4668 eo
544 4616 677 4669 mihi
712 4631 837 4671 cum
884 4613 986 4670 illo'
1010 4632 1118 4669 non
1146 4616 1370 4669 omnino
1398 4613 1675 4686 convenit.
1712 4615 1811 4669 Aio
1833 4617 1931 4683 igi-

2040 4617 2102 4686 Ὤ
2135 4613 2228 4686 τοῦ
2266 4614 2455 4686 καινοῦ
2487 4614 2795 4686 θαύματοςί
2828 4614 2932 4669 Alii
2978 4632 3070 4670 sex
3116 4613 3250 4670 mss.
3292 4616 3612 4684 simpliciter

354 4693 443 4739 tur
457 4686 715 4741 Basilium
731 4702 855 4739 cum
869 4686 1307 4756 locupletissimis
1320 4688 1634 4741 auctoribus
1645 4684 1928 4753 Gregorio,

971 4686 1307 4756 ipletissimis
1320 4688 1634 4741 auctoribus
1645 4684 1928 4753 Gregorio,
2042 4685 2105 4736 Ὢ
2119 4752 2124 4756 ί
2138 4685 2230 4756 τοῦ
2258 4685 2363 4756 Qad
2373 4702 2537 4754 ματος
2555 4686 2565 4737 l

356 4756 642 4827 Εριιηιειηο
681 4765 738 4809 et
799 4751 1127 4817 Gaudentio,
1178 4758 1271 4824 qui
1327 4758 1558 4809 traditos
1597 4756 1706 4825 igni
1761 4751 1929 4811 fuisse

2107 4752 2220 4824 (48)
2258 4751 2503 4827 Utraque
2532 4754 2702 4827 editio
2729 4762 2784 4809 et
2824 4751 3340 4827 unus_,codex_Reg.
3374 4754 3456 4827 ei;
3486 4768 3613 4827 εκα-

355 4821 625 4897 πῖπιγιέε
650 4827 763 4890 jam
795 4834 1042 4897 mortuos
1070 4821 1281 4887 dicunt,
1312 4827 1592 4897 conciliari
1621 4821 1755 4881 satis
1778 4840 1929 4897 com~
2040 4821 2183 4897 στον,
2210 4833 2263 4876 et
2299 4826 2389 4897 ita“
2408 4821 2535 4893 legit
2565 4826 2855 4897 interpres.
2888 4824 2982 4895 qui
3020 4824 3165 4897 hunc
3192 4823 3371 4897 locum
3405 4821 3615 4897 itala-

357 4889 513 4952 ωοόὲ
562 4889 746 4965 posse.
793 4894 985 4950 Notum
1042 4907 1128 4949 est
1177 4897 1347 4950 enim.
1392 4896 1687 4959 hominem,
1722 4896 1817 4966 qui
1857 4898 1927 4948 ita
2037 4895 2418 4966 tineirealditlit
2446 4889 2544 4948 ε’δί
2582 4896 2634 4947 in
2669 4889 3074 4966 si‘ngulos'ipsgs
3102 4892 3367 4966 diviseris.
3392 4889 3613 4966 AtCol-

357 4962 594 5035 graviter
644 4975 894 5036 :cgrotat,
923 4977 979 5018 ut
1031 4967 1315 5035 depositus
1354 4966 1466 5033 jam
1518 4975 1572 5019 et
1605 4962 1928 5034 desperatus
2038 4963 2232 5036 bertini
2268 4976 2377 5019 tres
2407 4966 2626 5019 codices
2655 4977 2710 5020 et
2738 4962 2829 5020 alii
2864 4962 2974 5018 duo
3006 4963 3161 5033 Regii
3200 4964 3279 5023 εἰς
3315 4962 3532 5027 ἑκατόν,
3564 4980 3611 5017 si

359 5034 447 5097 sit,
484 5038 674 5091 haberi
700 5034 805 5105 pro
826 5046 1063 5099 mortuo,
1096 5034 1208 5091 imo
1239 5037 1403 5090 etiam
1431 5037 1629 5104 saepius
1651 5045 1925 5090 mortuum
2038 5034 2092 5087 in
2126 5044 2356 5105 centum,
2389 5044 2519 5098 etc.,
2545 5042 2710 5089 recte.

358 5106 484 5161 dici.
521 5107 603 5161 Ex
642 5102 847 5177 quibus
893 5107 1190 5177 colligitur,
1224 5116 1445 5161 sanctos
1472 5102 1763 5177 martyres,
1799 5121 1926 5177 cum

2036 5175 2078 5177 __
2104 5104 2219 5177 (49)
2252 5103 2415 5177 Unus
2432 5105 2617 5177 codex,
2639 5105 2798 5177 Colb.
2831 5112 2886 5159 et
2913 5103 3043 5177 editi
3073 5102 3496 5177 δοξολογούντων
3519 5104 3610 5157 τὸν

356 5179 465 5246 jam
496 5173 740 5233 animam
782 5185 1005 5244 agerent
1030 5173 1113 5231 'eo
1142 5185 1409 5244 tempore,
1442 5191 1551 5245 quo
1596 5173 1705 5244 igni
1741 5176 1927 5229 traditi
2035 5173 2261 5246 Κύριον.
2294 5177 2360 5229 At
2387 5176 2540 5240 illud,
2574 5176 2666 5228 τὸν
2699 5175 2924 5246 Κύριον,
2953 5173 3167 5246 inualiis
3197 5174 3440 5246 quinque
3472 5189 3607 5246 mss.

359 5242 504 5314 sunt,
529 5259 783 5303 mortuos
818 5242 928 5302 dici
960 5246 1223 5317 potuisse.
1251 5242 1516 5299 Praeterea
1549 5242 1693 5317 beati
1722 5254 1929 5315 marty-
2036 5242 2145 5298 non
2182 5246 2401 5317 legitur.
2433 5246 2547 5299 Hoc
2570 5246 2689 5317 ipso
2713 5246 2766 5298 in
2794 5242 3095 5317 loco_Colb_.
3130 5242 3340 5311 primus
3362 5243 3489 5317 ⁸είπιὲ
3517 5262 3609 5314 μοι

360 5334 465 5382 res,
492 5313 629 5374 cum
671 5320 766 5373 alii
810 5319 935 5372 aliis
961 5313 1163 5372 'essent
1205 5317 1564 5380 robustiores,
1601 5316 1720 5370 sine
1759 5313 1928 5369 duh‘io
2035 5317 2177 5368 πόσα
2198 5313 2283 5368 ἄν.
2317 5314 2536 5370 Priores
2562 5313 2682 5369 dum
2705 5329 2864 5369 voces
2894 5314 2964 5367 ab
2992 5313 3114 5367 aliis
3150 5328 3282 5368 mss.
3326 5313 3527 5366 absunt
3555 5326 3609 5368 et

354 5404 463 5445 non
484 5406 600 5445 uno
628 5398 687 5444 et
714 5389 907 5444 eodem
936 5398 1181 5455 tempore
1212 5387 1411 5439 mortui
1442 5395 1593 5441 sunt.
1624 5383 1763 5438 Fieri
1797 5402 1928 5453 ergo
2035 5398 2066 5437 a
2121 5386 2375 5455 vulgatis.
2423 5385 2667 5439 Subinde
2709 5386 2839 5438 editi
2882 5385 2985 5455 ἥδη
3036 5382 3346 5455 σύμφωνον.
3404 5382 3605 5438 Vocula

354 5463 548 5531 potuit.
585 5469 647 5515 ut
671 5475 799 5514 cum
830 5458 941 5529 igni
965 5454 1149 5511 traditi
1178 5464 1327 5520 sunt,
1356 5456 1469 5524 jam
1498 5457 1698 5509 mortui
1742 5466 1928 5510 essent
2033 5455 2133 5578 367}
2159 5454 2511 5511 inveteribus
2539 5455 2692 5508 libris
2714 5454 3177 5515 omnibus'deest;
3209 5454 3459 5522 obidqne
3485 5468 3602 5505 eam

354 5532 670 5578 debiliores-
702 5531 883 5578 adhuc
920 5542 1047 5578 vero
1076 5528 1358 5578 paululum
1390 5527 1725 5578 resuirarent
1752 5527 1929 5578 valen-
2071 5526 2358 5578 elevimus.
2391 5524 2521 5578 Ome
2548 5533 2854 5578 seuuuntur
2877 5525 3063 5578 verba.
3091 5527 3121 5576 ὁ
3157 5523 3474 5578 θλιϐόμενος
3510 5523 3602 5577 ἐπὶ

349 5523 671 5595 ἂοῠίιὶοτεε,
702 5523 883 5585 adhuc
920 5542 1047 5583 vero
1076 5523 1368 5596 paululum
1390 5527 1725 5596 respirarent
1752 5527 1929 5579 valen-
2033 5523 2358 5579 delevimus.
2391 5524 2521 5596 Quae
2548 5533 2854 5594 sequuntur
2877 5525 3063 5596 verba,
3091 5527 3121 5576 ὁ
3157 5523 3474 5593 θλιϐόμενος
3510 5523 3606 5596 ἐπὶ

348 5604 539 5659 tiores.
570 5601 634 5656 ld
664 5606 850 5654 autem
894 5600 940 5653 si
991 5595 1158 5651 semel
1203 5595 1556 5659 concedatur,
1590 5595 1926 5666 indiscrimi-
2032 5596 2159 5666 τοὺς
2206 5595 2639 5666 τεσσαράκοντα,
2671 5603 2802 5666 etc.,
2845 5595 3106 5666 quisquis
3141 5601 3346 5666 attente
3395 5595 3604 5662 legerit,

348 5674 541 5738 natim,
575 5679 736 5743 parte
761 5683 863 5740 pro
899 5677 1017 5723 toto
1045 5674 1289 5743 accepta,
1316 5674 1412 5743 aut
1448 5665 1652 5720 mortui
1690 5666 1802 5743 dici
1830 5680 1927 5734 po-
2034 5664 2329 5743 bonalide,
2355 5663 2421 5743 si
2449 5663 2875 5743 verumndicere:
2900 5663 3364 5743 velit,_fatebit_ur,
3404 5667 3512 5729 hic,
3547 5674 3609 5719 ut

342 5733 596 5807 tuerunt;
637 5750 735 5795 aut
764 5733 877 5793 non
908 5738 1129 5791 mortui.
1173 5733 1240 5791 Ut
1268 5745 1327 5788 ut
1370 5737 1485 5790 haec
1511 5744 1660 5807 sunt,
1689 5733 1928 5788 arbitror
2032 5736 2090 5789 in
2123 5735 2246 5789 aliis
2276 5733 2607 5807 quibusdam
2639 5733 2823 5788 Basilii
2859 5737 3018 5807 locis,
3053 5735 3455 5807 invocationem
3480 5751 3612 5789 san-

344 5804 610 5869 Basi'lium
640 5811 935 5880 scripsisse
962 5808 1041 5861 ἔτι
1068 5808 1414 5877 ἐμπνέοντες,
1442 5823 1567 5863 cum
1591 5806 1664 5861 ita
1691 5807 1926 5862 habeant
2034 5814 2246 5859 ctorum
2292 5804 2345 5861 et
2374 5804 2596 5876 probari
2638 5813 2692 5859 et
2737 5804 3132 5861 commendari.
3163 5805 3302 5876 Lege.
3336 5806 3609 5861 Duczrum.

625 5905 905 5967 Ρηιιοι..
940 5902 1058 5964 Gn.
1094 5902 1330 5964 XXXI.

2362 5968 2365 5971 _
2820 5967 2840 5976 ρ
3308 5900 3376 5958 ιτ
