4036 6236
410 313 527 371 523

1725 309 1781 367 S.
1820 308 2065 364 BASILH
2105 308 2322 365 MAG-Nl

3562 310 3668 366 524

421 427 542 488 dem
572 445 792 491 sursum
821 430 1153 487 emittentes.
1203 428 1306 485 Ubi
1352 428 1460 483 duo
1489 434 1581 482 aut
1611 435 1725 483 tres
1765 443 1997 497 congre-

2104 441 2198 500 ρης
2228 425 2367 496 ὑπὲρ
2389 423 2481 477 σοῦ
2514 422 2864 478 δυσωποῦντα
2880 423 2968 477 τὸν
2989 424 3223 495 Κυριον;
3252 424 3674 497 Τεσσαράκοντὰ.

416 525 527 596 gati
561 530 690 577 sunt
718 522 770 576 in
805 524 1024 577 nomine
1053 522 1289 585 Domini,
1319 523 1527 575 illicest
1559 520 1613 574 in
1644 519 1823 575 medio
1851 522 1997 590 ipso-

422 615 615 668 rum”.
679 612 779 668 Ubi
836 629 965 668 vero
1021 614 1386 684 quadraginta
1440 614 1682 677 fuerint,
1756 613 1882 682 quis
1930 612 1997 666 de

425 702 517 758 llei
550 703 835 771 praesentia
868 702 1150 773 ambigat?
1181 702 1284 769 Qui
1310 705 1561 774 angustia
1593 703 1773 773 aliqua
1798 703 1998 773 premi-

423 801 534 859 tur,
557 793 626 847 ad
651 795 1008 864 quadraginta
1040 803 1309 866 martyres
1337 797 1580 867 confugit
1604 815 1616 865 ;
1640 797 1731 866 qui
1762 797 1995 859 laztatur,

424 886 662 941 recurrit
684 886 749 939 ad
782 887 1000 941 eosdem
1029 906 1042 940 :
1077 888 1166 942 ille
1188 887 1407 957 quidem
1447 898 1504 942 ut
1537 904 1567 943 a
1599 889 1757 943 malis
1802 889 2000 942 libere-

424 986 548 1042 tur;
579 974 669 1030 liic
700 991 850 1039 vero,
899 985 957 1029 ut
1009 991 1096 1031 rrs
1146 977 1250 1031 sibi
1301 978 1554 1031 secunda:
1587 992 1711 1033 esse
1747 984 1994 1047 pergant.

422 1067 524 1122 llic
548 1069 743 1122 mulier
772 1070 857 1137 pia
888 1084 984 1137 pro
1011 1069 1195 1123 liberis
1215 1083 1378 1124 orans
1405 1068 2000 1139 deprehenditur:per-

422 1163 694 1235 egrinanti
744 1166 941 1216 marito
997 1156 1255 1229 reditum,
1302 1163 1519 1217 inﬁrmo
1562 1164 1792 1219 salutem
1841 1162 1996 1232 petit.

423 1252 581 1307 Fiant
611 1267 734 1306 cum
769 1253 1098 1324 martyribus
1128 1267 1320 1321 preces
1355 1260 1567 1307 vestrae.
1608 1251 2000 1306 Adolescentes

423 1345 706 1399 imitentur
738 1345 974 1413 requales
1007 1360 1137 1400 suos
1166 1361 1179 1397 :
1210 1352 1392 1414 patres
1421 1345 1611 1397 talium
1639 1344 1868 1397 filiorum
1904 1358 2003 1412 pa-

422 1443 537 1491 tres
564 1450 685 1491 esse
715 1443 1016 1505 exoptent:
1058 1443 1259 1492 matres
1321 1437 1508 1489 matris
1549 1437 1707 1490 bona:
1752 1434 2000 1490 ediscant

421 1525 751 1594 exemplum.
781 1523 950 1578 Mater
985 1525 1148 1579 unius
1182 1526 1400 1579 illorum
1430 1525 1737 1589 beatorum,
1762 1539 1885 1578 cum
1917 1524 1999 1578 vi-

423 1618 601 1673 disset
622 1617 760 1672 alios
779 1616 889 1687 jam
929 1614 1130 1687 frigore
1165 1626 1543 1687 consumptos,
1589 1632 1748 1671 suum
1781 1630 1908 1670 vero
1938 1616 1999 1668 iis

423 1707 559 1761 lium
586 1706 746 1778 156
769 1707 947 1761 adhuc
972 1706 1292 1776 spirantem,
1328 1714 1441 1759 tum
1474 1708 1544 1761 ob
1574 1708 1763 1771 robur,
1783 1715 1898 1760 tum
1927 1706 2000 1760 ob

2099 522 2224 581 εἰσι,
2257 518 2541 587 σύμσωνον
2570 517 2981 588 ἀναπέμποντες
3013 517 3338 588 προσευχήν.
3376 518 3548 570 Ὅπου
3577 517 3673 571 δύο

2098 611 2130 681 ἢ
2164 613 2312 682 τρεῖς
2350 613 2454 663 εἰσι
2485 609 2808 680 συνηγμένοι
2837 607 2930 661 ἐπὶ
2956 607 3035 677 τῷ
3059 608 3280 679 ὀνόματι
3318 608 3411 661 τοῦ
3439 609 3672 681 Κυρίου,

2099 704 2215 755 ἐκεῖ
2255 703 2399 754 ἐστιν
2445 703 2502 755 ἐν
2537 701 2686 773 μέσῳ
2715 701 2907 754 αὐτῶν.
2942 701 3114 752 Ὅπου
3157 700 3213 752 δὲ
3244 698 3697 771 τεσσαράκοντα,
3718 692 3739 697 ﬁ

2097 791 2180 856 τίς
2218 791 2542 862 ἀμφιϐάλλει
2579 792 2711 845 Θεοῦ
2758 792 3096 863 παρουσίαν;
3132 792 3189 845 '0
3232 791 3546 861 θλιϐόμενος
3580 792 3674 843 ἐπὶ

2099 887 2222 947 τοὺς
2267 883 2671 954 τεσσαράκοντα
2703 882 3053 952 καταφεύγει,
3077 885 3103 935 ὁ
3133 882 3552 953 εὐφραινόμενος
3580 880 3675 934 ἐπ’

2101 975 2297 1037 αὐτοὺς
2343 975 2634 1046 ἀποτρέχει
2672 974 2814 1042 (50)·
2873 975 2901 1027 ὀ
2947 974 3066 1044 μὲν,
3100 975 3185 1026 ἵνα
3214 973 3365 1026 λύσιν
3397 971 3533 1045 εῦρῃ
3561 969 3675 1023 τῶν

2098 1065 2372 1136 ὼσχερῶν
2398 1082 2409 1093 ·
2441 1068 2469 1118 ὀ
2492 1066 2572 1127 δὲ,
2603 1066 2691 1120 ἵνα
2736 1066 2978 1137 φυλαχθῇ
3019 1065 3165 1135 αὐτῷ
3212 1066 3279 1118 τὰ
3308 1065 3670 1135 χρηστότερα.

2113 1157 2375 1211 Ἐνταῦθα
2411 1157 2547 1228 γυνὴ
2589 1158 2817 1229 εὐσεϐὴς
2859 1158 2998 1230 ὑπὲρ
3041 1159 3243 1211 τέκνων
3274 1156 3537 1228 εὐχομένη
3566 1171 3674 1208 κα-

2099 1249 2521 1320 ταλαμϐάνεται,
2568 1246 2933 1319 ἁποδημοῦντι
2985 1247 3138 1319 ἀνδρὶ
3173 1247 3270 1317 τὴν
3300 1247 3553 1301 ἐπάνοδον
3581 1251 3674 1302 αι-

2100 1342 2354 1414 τουμένη,
2394 1341 2759 1414 ἀρρωστοῦντι
2806 1341 2904 1412 τὴν
2939 1341 3227 1411 σωτηρίαν.
3268 1340 3423 1394 Μετὰ
3460 1341 3674 1412 μαρτύ-

2103 1450 2210 1505 ρων
2247 1433 2486 1503 γενέσθω
2513 1432 2583 1485 τὰ
2619 1434 2898 1502 αἰτήματα
2938 1431 3113 1503 ὑμῶν.
3149 1432 3210 1484 Oi
3238 1430 3509 1484 νεανίσκοι
3541 1432 3675 1494 τοὺς

2098 1523 2391 1596 ἡλικιώτας
2420 1523 2792 1595 μιμείσθωσαν
2817 1540 2830 1554 ·
2870 1524 2921 1576 ot
2958 1523 3215 1593 πατέρες,
3241 1521 3498 1575 τοιούτων
3528 1517 3677 1575 εἶναι

2101 1618 2304 1672 παίδων
2359 1617 2595 1689 πατέρες
2664 1616 3038 1687 εὐχέσθωσαψ
3089 1616 3145 1666 αἱ
3206 1613 3463 1685 μητέρες,
3497 1611 3674 1682 καλῆς,

2105 1705 2307 1777 μητρδς
2356 1706 2600 1777 διήγημα
2656 1704 3056 1775 διδαχθήτωσαν
3100 1702 3234 1775 (51).
3300 1703 3498 1773 Μήτηρ
3550 1701 3678 1763 ἑνὸς

426 1799 669 1851 animum
697 1798 752 1850 in
784 1797 1025 1852 ferendis
1063 1797 1224 1852 malis
1254 1812 1456 1859 acrem,
1501 1812 1734 1867 cumque
1768 1812 1894 1852 eum
1931 1798 1994 1850 li-

2104 1798 2203 1851 τῶν
2238 1797 2523 1869 μακαρίων
2571 1797 2814 1863 ἐκείνων,
2861 1795 3168 1866 θεασαμένη
3202 1795 3326 1858 τοὺς
3352 1794 3542 1856 ἄλλους
3566 1792 3675 1865 ήδη

425 1900 626 1956 ctores,
665 1891 810 1963 quod
844 1889 981 1944 forte
1007 1889 1299 1944 consilium
1334 1900 1547 1944 mutare
1578 1889 1865 1959 potuisset,
1910 1905 1996 1944 re-

428 1984 760 2054 linquerent,
792 1982 910 2051 ipsa
941 1980 1058 2038 suis
1088 1980 1263 2050 ipsius
1293 1983 1546 2036 manibus
1580 1982 1856 2036 sublatum
1890 1982 1994 2035 im-

427 2073 833 2145 posuitcurrui,
849 2073 905 2126 in
922 2089 1031 2142 quo
1060 2074 1253 2142 reliqui
1274 2073 1694 2141 simuljacenies
1718 2073 1783 2127 ad
1806 2088 1993 2144 rogum

437 2167 773 2228 ferebantur,
807 2180 935 2219 vere
969 2164 1226 2234 martyris
1264 2171 1458 2217 mater.
1489 2162 1607 2218 Non
1630 2166 1775 2218 enim
1802 2167 1997 2235 ignave

426 2257 595 2321 ﬂevit,
632 2272 730 2310 nec
764 2257 1061 2325 quidquam
1088 2255 1315 2319 humile,
1356 2263 1449 2307 aut
1483 2256 1576 2309 illo
1616 2257 1876 2325 temporis
1910 2270 2007 2309 ar-

425 2350 597 2404 ticulo
642 2350 925 2419 indignum
970 2349 1150 2402 locuta
1185 2357 1288 2402 est.
1347 2347 1476 2413 Sed,
1530 2349 1654 2415 Abi,
1710 2351 1905 2419 inquit,
1964 2365 1998 2403 ο

425 2438 526 2501 tili,
555 2438 697 2492 viam
724 2438 922 2491 bonam
952 2452 1077 2491 cum
1109 2439 1429 2507 aequalibus,
1464 2454 1586 2492 cum
1618 2444 1998 2494 contuberna—

428 2532 572 2586 libus
604 2547 619 2594 ;
648 2545 720 2584 ne
761 2530 1096 2600 disjungaris
1137 2545 1167 2583 a
1204 2533 1404 2585 chorea
1440 2550 1452 2587 ;
1479 2546 1548 2585 ne
1574 2532 1797 2601 reliquis
1823 2534 1997 2588 serius

426 2620 657 2674 Domino
674 2619 909 2675 sistaris.
959 2616 1167 2672 Revera
1198 2618 1399 2674 radicis
1433 2620 1590 2673 bona:
1630 2619 1831 2674 bonum
1879 2635 1999 2689 ger-

426 2727 571 2767 men.
625 2709 876 2766 Ostendit
907 2723 1171 2780 generosa
1214 2720 1408 2776 mater,
1439 2711 1584 2781 quod
1623 2725 1745 2765 eum
1783 2712 1997 2780 pictatis

426 2802 772 2872 dogmatibus
801 2799 972 2869 magis
997 2814 1159 2868 quam
1192 2799 1332 2853 lacte
1367 2800 1708 2853 enutriverit.
1745 2801 1919 2869 Atque
1951 2802 1997 2853 is

427 2892 649 2963 quidem
680 2892 760 2946 sic
784 2892 1068 2955 educatus,
1094 2890 1172 2944 sic
1203 2905 1232 2943 a
1255 2891 1341 2959 pia
1373 2898 1547 2943 matre
1576 2889 1842 2946 deductus
1870 2899 1952 2945 est
1982 2909 1995 2943 :

424 2983 678 3038 diabolus
700 2996 829 3035 vero
860 2981 1065 3050 pudore
1108 2979 1332 3035 affectus
1367 2979 1518 3033 abiit.
1556 2978 1689 3034 Nam
1730 2990 1998 3035 commota

420 3079 485 3131 .in
515 3077 638 3130 illos
668 3085 922 3128 creatura
953 3074 1124 3137 omni,
1160 3073 1341 3127 omnia
1378 3071 1585 3125 invenit
1614 3072 1877 3128 horumce
1921 3076 1998 3127 vi-

417 3176 618 3217 .rorum
654 3161 854 3214 virtute
897 3169 1173 3229 superata,
1205 3168 1420 3214 noctem
1444 3168 1606 3214 vento
1638 3163 1787 3231 gravi
1821 3165 1997 3233 agita-

422 3263 562 3317 tam,
595 3252 870 3322 regionem
902 3251 1176 3321 frigidam,
1217 3260 1595 3321 tempestatem
1633 3254 2001 3324 anni,corpo-

431 3361 551 3402 rum
587 3344 910 3400 nuditatem.
946 3344 990 3399 Ο
1038 3346 1238 3399 chorus
1287 3354 1531 3411 sanctus,
1573 3362 1605 3401 ο
1655 3362 1812 3402 sacer
1840 3348 1998 3412 ordo,

430 3456 463 3491 ο
493 3434 953 3490 confertissimum
979 3444 1031 3489 et
1063 3436 1354 3491 infractum
1388 3452 1601 3507 agmen,
1622 3454 1655 3490 o
1683 3453 2001 3494 communes

430 3529 646 3601 generis
678 3529 900 3582 humani
934 3530 1213 3596 custodes,
1246 3530 1370 3583 boni
1404 3546 1659 3584 curarum
1693 3533 1852 3597 socii,
1877 3548 2001 3603 pre-

431 3640 555 3679 cum
593 3622 857 3685 fautores,
892 3622 1051 3692 legati
1090 3622 1478 3691 potentissimi,
1509 3624 1680 3677 stella:
1707 3624 1856 3678 orbis
1895 3635 2003 3680 ter-

430 3731 641 3781 rarum,
666 3715 1033 3771 Ecclesiarum
1068 3714 1257 3769 flores!
1287 3713 1404 3768 Non
1442 3731 1541 3770 vos
1592 3724 1734 3770 terra
1769 3718 2002 3787 operuit,

432 3809 528 3863 sed
585 3808 784 3863 coelum
834 3809 1079 3878 suscepit
1108 3827 1121 3863 :
1148 3815 1348 3877 aperta:
1402 3816 1531 3862 sunt
1572 3810 1727 3864 vobis
1764 3811 2004 3880 paradisi

414 3909 622 3971 portae.
670 3898 903 3971 Dignum
956 3902 1329 3970 spectaculum
1369 3903 1614 3957 exercitu
1667 3903 2004 3974 angelorum,

416 3992 1047 4063 .diguumpatriarcbis,
1083 3995 1382 4063 prophetis,
1408 3995 1596 4065 justis,
1626 3995 1750 4062 viri,
1798 3996 1893 4065 qui
1951 3997 2006 4050 in

438 4083 556 4152 ipso
578 4082 880 4151 juventutis
913 4083 1045 4137 flore
1073 4093 1381 4154 contempta
1431 4086 1563 4149 vita,
1617 4099 1727 4155 prae
1769 4087 2011 4153 parenti-

439 4173 562 4236 bus,
602 4186 710 4240 prae
739 4171 945 4234 liberis,
978 4171 1267 4225 Dominum
1296 4173 1622 4229 dilexerunt.
1674 4173 1912 4229 A‘Jtatem
1950 4176 2009 4228 il-

426 4265 545 4316 lam
586 4262 712 4316 dum
757 4270 1000 4331 agerent,
1053 4264 1109 4317 in
1158 4279 1265 4332 qua
1325 4281 1452 4334 spcs
1503 4265 1715 4320 vivendi
1757 4267 2006 4331 habetur,

439 4355 714 4425 aspernati
739 4363 863 4409 sunt
905 4356 1287 4425 temporariam
1320 4357 1505 4422 vitam,
1548 4365 1606 4410 ut
1636 4355 1804 4412 Deum
1844 4359 2013 4428 glori-

2096 1890 2175 1960 τῷ
2213 1890 2367 1960 κρύει
2393 1888 2793 1952 τελειωθέντας,
2827 1888 2918 1941 τὸν
2955 1888 3011 1941 δὲ
3053 1887 3254 1956 ἑαυτῆς
3284 1886 3398 1938 υἱὸν
3440 1885 3551 1955 (52)
3588 1884 3677 1937 ἔτι

2097 1984 2394 2053 ἐμπνέοντα
2429 1984 2531 2035 ὐπὸ
2553 1999 2611 2035 τε
2639 1981 2830 2053 ῥώμης
2860 1982 2954 2034 καὶ
2978 1980 3076 2050 τῆς
3102 1980 3239 2052 πρὸς
3274 1974 3343 2032 τά
3363 1977 3510 2032 δεινὰ
3543 1995 3683 2049 καρ-

2096 2073 2302 2143 τερίας,
2335 2072 2849 2142 καταλιμπανόντων
2900 2072 3060 2125 αὐτὸν
3089 2071 3197 2125 τῶν
3228 2070 3437 2142 δημίων
3464 2072 3540 2133 ὡς
3576 2069 3676 2122 δυ-

2097 2163 2328 2232 νάμενόν
2378 2180 2442 2232 γε
2498 2162 3048 2233 μεταϐουλεύσασθαι,
3091 2163 3229 2233 αὐτὴ
3274 2164 3395 2225 ταῖς
3440 2160 3678 2223 οἰκείαις

2097 2251 2283 2322 χερσὶν
2312 2253 2583 2323 ἀραμένη,
2612 2253 2848 2323 ἐπέθηκε
2877 2256 2941 2325 τῇ
2971 2253 3176 2324 ἁμάξῃ,
3218 2254 3303 2322 ἐφ’
3328 2249 3396 2325 ἧς
3418 2254 3466 2305 οἱ
3497 2252 3680 2306 λοιιτιοὶ⁵

2099 2346 2444 2416 συγκείμενοι
2469 2346 2605 2416 πρὸς
2624 2346 2722 2418 τὴν
2754 2345 2934 2417 πυρὰν
2962 2347 3175 2416 ἤγοντο,
3211 2344 3482 2416 μάρτυρος
3503 2344 3677 2408 ὅντως

2105 2438 2307 2508 μήτηρ.
2361 2438 2436 2490 Ui)
2493 2439 2601 2507 γὰρ
2653 2438 2887 2508 δάκρυον
2950 2436 3160 2506 ἀφῆκεν
3235 2436 3457 2505 ἀγεννές
3483 2452 3498 2466 ·
3560 2435 3676 2488 οὐδ’

2099 2525 2397 2594 ἐφθέγξατο
2416 2527 2666 2579 ταπεινόν
2699 2544 2753 2578 τι
2777 2527 2870 2582 καὶ
2893 2526 3108 2589 ἀνάξιον
3147 2525 3241 2579 τοῦ
3272 2525 3465 2597 καιροῦ
3485 2543 3498 2554 ·
3533 2526 3674 2589 ἀλλ’,

2102 2617 2311 2680 Ἄπιθι,
2337 2618 2521 2688 φησιν,
2555 2611 2600 2671 ὦ
2632 2619 2751 2681 παῖ,
2777 2618 2875 2689 τὴν
2898 2617 3105 2689 ἀγαθὴν
3148 2619 3373 2689 πορείαν
3402 2618 3539 2688 μετὰ
3563 2619 3678 2671 τῶν

2099 2708 2425 2779 ἡλικιωτῶν,
2447 2709 2584 2780 μετὰ
2602 2710 2712 2762 τῶν
2742 2710 3055 2782 συσκήνων’
3105 2710 3179 2781 μὴ
3212 2709 3541 2783 ἀπολειφθῇ
3574 2712 3679 2781 τῆς

2100 2800 2334 2870 χορείας·
2362 2802 2434 2871 μὴ
2448 2801 2700 2873 δεύτερος
2715 2801 2823 2854 τῶν
2840 2801 3013 2855 ἄλλων
3031 2802 3371 2874 ὲμφανισθῇς
3384 2801 3461 2872 τῷ
3472 2803 3680 2855 Δεσπό⁸

2098 2894 2403 2965 τῃ.”οντως
2425 2894 2631 2964 ἀγαθῆς
2662 2894 2820 2965 ῥίζης
2835 2894 3038 2963 ἀγαθὸν
3058 2894 3260 2966 βλάστη
3268 2912 3360 2965 μα.
3382 2895 3618 2959 Ἔδειξεν
3633 2899 3673 2967 ὴ

2099 2987 2321 3054 γενναία
2338 2988 2634 3057 μήτηριὸτι
2645 2987 2908 3058 δόγμασιν
2924 2987 3203 3051 εὐσεϐείας
3218 2987 3503 3060 ἐξέθρεψεν
3513 2988 3682 3042 αὐτὸν

2025 3120 2068 3176 C
2105 3076 2304 3146 μᾶλλον
2322 3078 2353 3148 ἢ
2373 3078 2625 3146 γάλακτι.
2642 3080 2752 3131 Καὶ
2764 3082 2790 3132 ὁ
2811 3080 2907 3148 μὲν
2919 3078 3060 3132 οὕτω
3074 3082 3299 3151 τραφεὶς
3314 3078 3454 3133 οὕτω
3467 3096 3681 3151 προεπ-

2107 3168 2287 3239 έμφθη
2303 3169 2452 3239 παρὰ
2466 3170 2668 3240 μητρὸς
2678 3169 2952 3233 εὐσεϐοῦς’
2969 3171 2995 3222 ὁ
3009 3171 3065 3224 δὲ
3080 3171 3319 3234 διάϐολος
3331 3170 3537 3241 ἀπῆλθε
3553 3187 3686 3223 κατ-

2107 3262 2482 3332 ῃσχυμμένος.
2533 3262 2786 3315 ’Ἅπασαν
2816 3261 2926 3333 γὰρ
2959 3264 3045 3315 ἐπ’
3082 3264 3278 3325 αὐτοὺς
3322 3264 3547 3334 κινήσας
3577 3263 3684 3334 τὴν

2107 3352 2303 3417 κτίσιν,
2335 3353 2513 3406 πάντα
2547 3345 2703 3424 εὗρεν
2730 3351 3017 3424 ἡττώμενα
3042 3354 3141 3423 τῆς
3170 3353 3276 3407 τῶν
3312 3352 3517 3424 ἀνδρῶν
3549 3353 3686 3424 ἀρε-

2107 3445 2224 3515 τῆς,
2260 3445 2428 3497 νύκτα
2454 3444 2772 3515 δυσήνεμον,
2809 3446 3043 3516 πατρίδα
3069 3447 3366 3518 χειμέριον,
3399 3447 3498 3517 τὴν
3526 3443 3685 3516 ὥραν

2108 3536 2201 3588 τοῦ
2232 3535 2405 3600 ἔτους,
2456 3536 2565 3590 τῶν
2598 3538 2865 3607 σωμάτων
2915 3537 3014 3608 τὴν
3061 3537 3356 3608 γύμνωσιν.
3407 3538 3471 3590 Ὢ
3518 3538 3686 3610 χορὸς

2111 3629 2296 3695 ἆγιοςί
2336 3628 2382 3680 ὣ
2427 3628 2710 3698 σύνταγμα
2751 3628 2863 3700 (55)
2893 3629 3068 3699 ἱερόνί
3103 3628 3148 3681 ὼ
3186 3629 3554 3699 συνασπισμὸς
3578 3631 3685 3701 ἀρ-

2113 3721 2315 3790 ραγήςί
2352 3718 2397 3771 ὣ
2441 3721 2612 3774 κοινοὶ
2646 3719 2883 3789 φύλακες
2934 3719 3028 3772 τοῦ
3085 3720 3271 3786 γένους
3317 3722 3424 3773 τῶν
3469 3720 3687 3793 ἀνθρώ-

2112 3815 2261 3866 πωνί
2313 3813 2504 3880 ἀγαθοὶ
2544 3812 2792 3866 κοινωνοὶ
2839 3811 3163 3883 φροντίδων,
3204 3813 3439 3883 δεήσεως
3488 3829 3687 3883 συνερ-

2113 3905 2217 3971 γοὶ,
2253 3903 2580 3973 πρεσϐευταὶ
2620 3901 2999 3967 δυνατώτατοι,
3048 3903 3274 3974 ἀστέρες
3299 3904 3397 3974 τῆς
3426 3904 3685 3974 οἰκουμέ-

2113 4012 2232 4065 νης,
2257 3993 2391 4064 ἄνθη
2418 3994 2524 4046 τῶν
2555 3995 2909 4066 Ἐκκλησιῶν.
2943 3995 3116 4065 ’Υμᾶς
3145 3995 3255 4066 (54)
3271 3996 3370 4067 οὐχ
3390 3998 3422 4064 ή
3453 3997 3520 4067 γῆ
3549 4013 3689 4049 κατ-

2114 4087 2367 4157 έκρυψεν,
2418 4086 2531 4140 ἀλλ’
2563 4087 2790 4158 οὐρανὸς
2835 4088 3165 4154 ὐπεδέξατο’
3212 4090 3509 4160 ἠνοίγησαν
3553 4090 3684 4159 ὑμῖν

2115 4179 2441 4249 παραδείσου
2493 4179 2675 4233 πύλαι.
2728 4179 2910 4244 ’Ἄξιον
2957 4180 3137 4252 θέαμα
3194 4184 3261 4252 τῇ
3308 4184 3533 4255 στρατιᾷ
3572 4183 3684 4235 τῶν

2116 4271 2400 4339 ἀγγέλων,
2467 4273 2616 4336 ἄξιον
2696 4273 3081 4344 πατριάρχαις,
3172 4275 3515 4345 προφήταις,
3604 4275 3686 4327 δι-

2117 4364 2310 4426 καίοις,
2356 4364 2542 4436 ἄνδρες
2564 4369 2636 4418 ’ὲν
2669 4365 2815 4435 αὐτῷ
2847 4367 2923 4437 τῷ
2967 4366 3114 4420 ἄνθει
3152 4367 3253 4437 τῆς
3282 4366 3553 4437 νεότητος,
3585 4367 3687 4419 τοῦ

440 4451 663 4503 ﬁcarent
726 4447 783 4501 i-n
839 4447 952 4501 suis
1007 4448 1245 4517 ipsorum
1306 4450 1584 4512 membris,
1637 4452 2001 4521 spectaculum

2120 4455 2233 4523 βίου
2264 4458 2790 4527 καταφρονήσαντες,
2827 4442 2979 4529 ὑπὲρ
3006 4461 3201 4526 γονεῖς,
3229 4459 3366 4530 ὑπὲρ
3399 4460 3565 4512 τέκνα
3590 4459 3686 4511 τὸν

439 4539 641 4596 mundo
665 4538 979 4610 angelisque
1012 4546 1065 4593 et
1086 4539 1399 4593 hominibus
1425 4540 1668 4594 effecti“.
1708 4540 2008 4597 Erexerunt

509 4749 554 4779 ³ο
594 4747 989 4811 διακυμςγηι,
1024 4745 1116 4799 20.
1192 4745 1233 4775 ³¹
1276 4741 1295 4795 Ι
1332 4741 1454 4797 Cor.
1495 4760 1567 4808 Iv,
1604 4746 1657 4799 9.

497 4926 621 4994 (ὅθ)
649 4922 802 4978 Unus
830 4922 998 4994 codex
1028 4921 1377 4994 «κατατρέχει.

511 4989 621 5063 (51)
668 4995 845 5048 Editio
891 4991 1066 5063 Paris.
1122 4989 1543 5054 διδασκέτωσαν,
1591 4990 1831 5045 doceant.
1864 4989 2012 5045 Libri

438 5062 871 5134 veteresiomnes
895 5062 1321 5134 5t5410ﬂ2w64y,
1356 5063 1667 5134 doceantur,
1701 5070 1867 5134 recte.

514 5135 625 5204 (52)
662 5133 899 5203 Utraque
925 5130 1323 5204 ειίὶὶίοἶέαυτῇς
1355 5133 1488 5184 υἱόν.
1527 5130 1644 5185 Vox
1673 5132 1788 5204 υἱόν
1818 5132 1880 5204 Δἰιι
1909 5147 2011 5204 no-

445 5200 579 5258 stris
606 5200 864 5257 omnibus
889 5218 1022 5258 mss.
1048 5204 1217 5258 deest.
1253 5200 1326 5254 Ea
1357 5210 1538 5256 autem
1569 5218 1694 5264 vox,
1727 5201 1832 5257 nisi
1855 5203 2013 5257 valde

444 5277 627 5336 fallor,
671 5274 726 5328 in
752 5282 1065 5328 contextum
1098 5274 1319 5342 irrepsit
1348 5288 1379 5326 e
1411 5273 1674 5343 margine,
1706 5272 1794 5326 ubi
1831 5273 2009 5341 posita

446 5344 643 5408 fuerat,
687 5353 747 5396 ut
791 5359 1133 5398 moneremur
1185 5343 1358 5411 ipsam
1399 5343 1825 5396 subaudiendam
1868 5358 2009 5396 esse.

445 5414 601 5482 Quod
630 5415 717 5468 hic
749 5412 824 5466 ait
868 5412 1123 5475 Basilius,
1167 5428 1336 5468 unum
1381 5423 1675 5482 martyrem
1709 5411 1887 5466 adhuc
1926 5428 2013 5465 re-

447 5487 708 5555 spirasse,
746 5500 870 5555 cum
903 5484 1083 5555 caueri
1107 5484 1236 5555 jam
1259 5482 1460 5555 frigore
1488 5483 1808 5555 consumpti
1829 5492 2015 5537 essent

445 5552 498 5607 ei.
530 5556 784 5621 confecti,
816 5554 867 5606 id
901 5554 973 5607 ita
1015 5553 1240 5622 intelligi
1270 5552 1449 5615 debet,
1497 5563 1557 5606 ut
1595 5553 1647 5605 lii
1681 5552 1898 5622 quidem
1928 5568 2014 5605 re-

444 5629 740 5694 spirarcnt.
765 5623 859 5680 sed
882 5625 1021 5694 ritra
1039 5624 1203 5677 ullam
1220 5638 1370 5693 spem
1391 5622 1641 5677 sanitatis
1665 5623 2009 5690 recipiendae.

436 5693 536 5754 ille
575 5710 703 5752 vero
732 5697 834 5761 sic,
871 5702 929 5749 ut
956 5693 1102 5749 vires
1130 5707 1453 5765 recuperare
1481 5709 1641 5766 posse
1676 5694 2007 5749 crederetur.

2114 4544 2315 4616 Κύριον
2374 4546 2772 4618 ἀγαπήσαντες.
2803 4549 2943 4602 Αὐτὸ
2984 4550 3080 4621 τῆς
3128 4550 3339 4620 ἡλικίας
3373 4549 3596 4612 ἄγοντες
3624 4550 3688 4603 τὸ

2115 4921 2372 5001 Alioquin
2421 4923 2567 5001 enim
2598 4922 2835 5001 Basilius
2879 4927 3175 4996 pugnantia
3212 4927 3547 5001 loqueretur,
3592 4934 3691 5001 qui

2115 4994 2280 5061 paulo
2294 5003 2420 5047 ante
2439 4994 2637 5069 dixerit
2660 4994 3167 5069 sanctosmartyres
3189 4994 3366 5052 adhuc
3384 4994 3693 5069 respirasse

2117 5074 2253 5141 tum,
2286 5078 2409 5117 cum
2441 5063 2625 5141 traditi
2671 5074 2800 5141 sunt
2832 5068 2962 5136 igni.
3010 5063 3214 5141 Martyr
3244 5080 3422 5141 autem
3465 5063 3557 5141 ille
3593 5077 3687 5141 qui

2115 5132 2293 5205 adhuc
2341 5136 2640 5205 respirasse
2685 5132 2906 5198 dicitur,
2941 5132 3168 5192 vocatur
3196 5138 3252 5191 in
3296 5140 3449 5194 Actis
3482 5132 3686 5197 Meliio.

2187 5204 2299 5281 (55)
2330 5203 2509 5281 fiditio
2533 5203 2700 5260 Basil.
2731 5216 2786 5261 et
2814 5222 2908 5262 sex
2934 5223 3067 5265 mss.
3090 5206 3135 5260 ὣ
3161 5207 3465 5281 σύνταγμα.
3507 5209 3691 5267 Editio

2114 5271 2289 5345 Paris.
2323 5273 2369 5325 ὢ
2405 5274 2675 5345 σύστημα.

2185 5343 2302 5424 (54)
2342 5343 2569 5424 \letercs
2586 5343 2832 5424 quinque
2855 5346 2988 5424 libri
3006 5360 3060 5405 et
3081 5350 3170 5405 alii
3192 5352 3304 5424 duo
3330 5349 3695 5424 pacemn-

2120 5414 2250 5467 σιῶν
2276 5414 2450 5494 ὑμᾶς..
2472 5414 2851 5494 Editio_Paris_.
2885 5418 3074 5494 fusius
3090 5421 3412 5494 ἐκκλησιῶν.
3457 5414 3691 5494 ’Eyt‘oeﬁ

2118 5501 2261 5561 φημι
2295 5483 2461 5561 νοητά
2480 5487 2690 5561 ’τε-καὶ
2721 5488 2972 5561 αἰσθητά.
3015 5492 3208 5561 ’Υμᾶς.
3246 5483 3351 5546 Sed
3387 5508 3498 5546 non
3527 5483 3693 5547 'valdé

2117 5554 2410 5629 admodum
2463 5554 2672 5629 dubito,
2721 5554 3224 5629 quin'interuiedia
3275 5563 3438 5619 verba
3502 5563 3691 5618 addita

2118 5626 2229 5680 sint
2258 5626 2327 5680 ab
2363 5625 2576 5697 Anglic.
