  <div class='ocr_page' id='page_1' title='image "/cluster/home/n/w/nwhite01/storage/ocr_20150623/31/mdp.39015012934363/272.png"; bbox 0 0 4036 6236; ppageno 0'>
   <div class='ocr_carea' id='block_1_1' title="bbox 244 427 348 480">
    <p class='ocr_par' dir='ltr' id='par_1_1' title="bbox 244 427 348 480">
     <span class='ocr_line' id='line_1_1' title="bbox 244 427 348 480; baseline -0.01 0"><span class='ocrx_word' id='word_1_1' title='bbox 244 427 348 480; x_wconf 73' lang='grc' dir='ltr'><strong>5ξῦ</strong></span> 
     </span>
    </p>
   </div>
   <div class='ocr_carea' id='block_1_2' title="bbox 1413 413 2321 471">
    <p class='ocr_par' dir='ltr' id='par_1_2' title="bbox 1413 413 2321 471">
     <span class='ocr_line' id='line_1_2' title="bbox 1413 413 2321 471; baseline 0 -1"><span class='ocrx_word' id='word_1_2' title='bbox 1413 413 1698 470; x_wconf 71' lang='lat' dir='ltr'><strong>IIOMILIA</strong></span> <span class='ocrx_word' id='word_1_3' title='bbox 1739 413 1827 468; x_wconf 82' lang='lat' dir='ltr'><strong>DE</strong></span> <span class='ocrx_word' id='word_1_4' title='bbox 1867 413 2321 471; x_wconf 79' lang='lat' dir='ltr'><strong>HUMILITATE.</strong></span> 
     </span>
    </p>
   </div>
   <div class='ocr_carea' id='block_1_3' title="bbox 3404 415 3506 470">
    <p class='ocr_par' dir='ltr' id='par_1_3' title="bbox 3404 415 3506 470">
     <span class='ocr_line' id='line_1_3' title="bbox 3404 415 3506 470; baseline -0.02 0"><span class='ocrx_word' id='word_1_5' title='bbox 3404 415 3506 470; x_wconf 61' lang='lat'><strong>526</strong></span> 
     </span>
    </p>
   </div>
   <div class='ocr_carea' id='block_1_4' title="bbox 249 530 1830 616">
    <p class='ocr_par' dir='ltr' id='par_1_4' title="bbox 249 531 1830 616">
     <span class='ocr_line' id='line_1_4' title="bbox 249 531 1830 616; baseline -0.001 -20"><span class='ocrx_word' id='word_1_6' title='bbox 249 544 527 616; x_wconf 74' lang='grc' dir='ltr'><strong>βιώσιμον,</strong></span> <span class='ocrx_word' id='word_1_7' title='bbox 553 539 843 611; x_wconf 79' lang='grc' dir='ltr'>ὑπερεῖδον</span> <span class='ocrx_word' id='word_1_8' title='bbox 871 538 968 607; x_wconf 79' lang='grc' dir='ltr'>τῆς</span> <span class='ocrx_word' id='word_1_9' title='bbox 1001 533 1332 605; x_wconf 68' lang='grc' dir='ltr'>προσκαίρου</span> <span class='ocrx_word' id='word_1_10' title='bbox 1364 531 1530 602; x_wconf 76' lang='grc' dir='ltr'>ζωῆς.</span> <span class='ocrx_word' id='word_1_11' title='bbox 1569 533 1656 585; x_wconf 77' lang='grc' dir='ltr'><strong>ἵνα</strong></span> <span class='ocrx_word' id='word_1_12' title='bbox 1681 531 1830 595; x_wconf 79' lang='grc' dir='ltr'>δοξά-</span> 
     </span>
    </p>
   </div>
   <div class='ocr_carea' id='block_1_5' title="bbox 1934 530 3507 616">
    <p class='ocr_par' dir='ltr' id='par_1_5' title="bbox 1936 530 3507 601">
     <span class='ocr_line' id='line_1_5' title="bbox 1936 530 3507 601; baseline 0 -15"><span class='ocrx_word' id='word_1_13' title='bbox 1936 532 2232 601; x_wconf 88' lang='lat' dir='ltr'><strong>collapsos,</strong></span> <span class='ocrx_word' id='word_1_14' title='bbox 2265 530 2603 599; x_wconf 78' lang='lat' dir='ltr'><strong>ambigentes</strong></span> <span class='ocrx_word' id='word_1_15' title='bbox 2634 531 3050 596; x_wconf 80' lang='lat' dir='ltr'><strong>conﬁrmarunt,</strong></span> <span class='ocrx_word' id='word_1_16' title='bbox 3076 530 3180 601; x_wconf 88' lang='lat' dir='ltr'><strong>piis</strong></span> <span class='ocrx_word' id='word_1_17' title='bbox 3211 531 3507 601; x_wconf 78' lang='lat' dir='ltr'><strong>religiosis-</strong></span> 
     </span>
    </p>
   </div>
   <div class='ocr_carea' id='block_1_6' title="bbox 248 624 1829 698">
    <p class='ocr_par' dir='ltr' id='par_1_6' title="bbox 248 624 1829 698">
     <span class='ocr_line' id='line_1_6' title="bbox 248 624 1829 698; baseline -0.011 -9"><span class='ocrx_word' id='word_1_18' title='bbox 248 653 380 690; x_wconf 86' lang='grc' dir='ltr'>σωσι</span> <span class='ocrx_word' id='word_1_19' title='bbox 416 634 507 686; x_wconf 81' lang='grc' dir='ltr'><strong>τὸν</strong></span> <span class='ocrx_word' id='word_1_20' title='bbox 538 633 672 685; x_wconf 76' lang='grc' dir='ltr'>Θεὸν</span> <span class='ocrx_word' id='word_1_21' title='bbox 720 633 778 683; x_wconf 85' lang='grc' dir='ltr'><strong>ἐν</strong></span> <span class='ocrx_word' id='word_1_22' title='bbox 801 633 911 692; x_wconf 81' lang='grc' dir='ltr'>τοῖς</span> <span class='ocrx_word' id='word_1_23' title='bbox 943 628 1154 698; x_wconf 83' lang='grc' dir='ltr'>μέλεσιν</span> <span class='ocrx_word' id='word_1_24' title='bbox 1196 625 1428 678; x_wconf 80' lang='grc' dir='ltr'>ἑαυτῶν·</span> <span class='ocrx_word' id='word_1_25' title='bbox 1483 624 1708 694; x_wconf 85' lang='grc' dir='ltr'>θέατρον</span> <span class='ocrx_word' id='word_1_26' title='bbox 1737 641 1829 692; x_wconf 75' lang='grc' dir='ltr'>γε-</span> 
     </span>
    </p>
   </div>
   <div class='ocr_carea' id='block_1_7' title="bbox 245 716 1827 798">
    <p class='ocr_par' dir='ltr' id='par_1_7' title="bbox 245 716 1827 798">
     <span class='ocr_line' id='line_1_7' title="bbox 245 716 1827 798; baseline -0.008 -17"><span class='ocrx_word' id='word_1_27' title='bbox 245 730 457 798; x_wconf 79' lang='grc' dir='ltr'>νόμενοι</span> <span class='ocrx_word' id='word_1_28' title='bbox 617 726 831 794; x_wconf 80' lang='grc' dir='ltr'>κόσμῳ,</span> <span class='ocrx_word' id='word_1_29' title='bbox 878 722 972 774; x_wconf 65' lang='grc' dir='ltr'>καὶ</span> <span class='ocrx_word' id='word_1_30' title='bbox 1035 719 1304 788; x_wconf 81' lang='grc' dir='ltr'>ἀγγέλοις,</span> <span class='ocrx_word' id='word_1_31' title='bbox 1339 716 1450 770; x_wconf 80' lang='grc' dir='ltr'>’καὶ</span> <span class='ocrx_word' id='word_1_32' title='bbox 1499 716 1827 788; x_wconf 81' lang='grc' dir='ltr'>ἀνθρώποις,</span> 
     </span>
    </p>
   </div>
   <div class='ocr_carea' id='block_1_8' title="bbox 244 807 1831 884">
    <p class='ocr_par' dir='ltr' id='par_1_8' title="bbox 244 807 1831 884">
     <span class='ocr_line' id='line_1_8' title="bbox 244 807 1831 884; baseline -0.009 -12"><span class='ocrx_word' id='word_1_33' title='bbox 244 822 373 878; x_wconf 77' lang='grc' dir='ltr'>τοὺς</span> <span class='ocrx_word' id='word_1_34' title='bbox 398 817 756 878; x_wconf 80' lang='grc' dir='ltr'>πεπτωκότας</span> <span class='ocrx_word' id='word_1_35' title='bbox 781 816 1029 884; x_wconf 75' lang='grc' dir='ltr'>ῆγειραν,</span> <span class='ocrx_word' id='word_1_36' title='bbox 1058 812 1184 873; x_wconf 75' lang='grc' dir='ltr'>τοὺς</span> <span class='ocrx_word' id='word_1_37' title='bbox 1213 809 1544 880; x_wconf 78' lang='grc' dir='ltr'>ἀμφιϐόλους</span> <span class='ocrx_word' id='word_1_38' title='bbox 1576 807 1831 860; x_wconf 83' lang='grc' dir='ltr'>ἐϐεϐαιώ-</span> 
     </span>
    </p>
   </div>
   <div class='ocr_carea' id='block_1_9' title="bbox 250 899 1821 975">
    <p class='ocr_par' dir='ltr' id='par_1_9' title="bbox 250 899 1821 975">
     <span class='ocr_line' id='line_1_9' title="bbox 250 899 1821 975; baseline -0.008 -12"><span class='ocrx_word' id='word_1_39' title='bbox 250 928 433 974; x_wconf 73' lang='grc' dir='ltr'>σαντο,</span> <span class='ocrx_word' id='word_1_40' title='bbox 472 912 582 972; x_wconf 82' lang='grc' dir='ltr'>τοῖς</span> <span class='ocrx_word' id='word_1_41' title='bbox 632 906 881 960; x_wconf 81' lang='grc' dir='ltr'>εὐσεϐέσι</span> <span class='ocrx_word' id='word_1_42' title='bbox 940 904 1040 975; x_wconf 77' lang='grc' dir='ltr'>τὴν</span> <span class='ocrx_word' id='word_1_43' title='bbox 1081 901 1374 971; x_wconf 75' lang='grc' dir='ltr'>ἐπιθυμίαν</span> <span class='ocrx_word' id='word_1_44' title='bbox 1419 899 1821 952; x_wconf 82' lang='grc' dir='ltr'>ἐδιπλασίασαν.</span> 
     </span>
    </p>
   </div>
   <div class='ocr_carea' id='block_1_10' title="bbox 1935 615 3508 694">
    <p class='ocr_par' dir='ltr' id='par_1_10' title="bbox 1935 615 3508 694">
     <span class='ocr_line' id='line_1_10' title="bbox 1935 615 3508 694; baseline -0.001 -16"><span class='ocrx_word' id='word_1_45' title='bbox 1935 640 2041 694; x_wconf 86' lang='lat' dir='ltr'><strong>que</strong></span> <span class='ocrx_word' id='word_1_46' title='bbox 2070 623 2401 677; x_wconf 84' lang='lat' dir='ltr'><strong>desiderium</strong></span> <span class='ocrx_word' id='word_1_47' title='bbox 2423 625 2597 678; x_wconf 84' lang='lat' dir='ltr'><strong>altero</strong></span> <span class='ocrx_word' id='word_1_48' title='bbox 2620 631 2772 676; x_wconf 89' lang='lat' dir='ltr'><strong>tanto</strong></span> <span class='ocrx_word' id='word_1_49' title='bbox 2803 624 2978 693; x_wconf 88' lang='lat' dir='ltr'><strong>majus</strong></span> <span class='ocrx_word' id='word_1_50' title='bbox 2992 615 3278 692; x_wconf 86' lang='lat' dir='ltr'><strong>reliquere.</strong></span> <span class='ocrx_word' id='word_1_51' title='bbox 3309 621 3508 677; x_wconf 82' lang='lat' dir='ltr'><strong>Omnes</strong></span> 
     </span>
    </p>
   </div>
   <div class='ocr_carea' id='block_1_11' title="bbox 1934 715 3508 785">
    <p class='ocr_par' dir='ltr' id='par_1_11' title="bbox 1934 715 3508 785">
     <span class='ocr_line' id='line_1_11' title="bbox 1934 715 3508 785; baseline -0.001 -16"><span class='ocrx_word' id='word_1_52' title='bbox 1934 731 2045 769; x_wconf 90' lang='lat' dir='ltr'><strong>uno</strong></span> <span class='ocrx_word' id='word_1_53' title='bbox 2086 723 2292 784; x_wconf 60' lang='lat' dir='ltr'><strong>tropaeo</strong></span> <span class='ocrx_word' id='word_1_54' title='bbox 2324 731 2422 784; x_wconf 92' lang='lat' dir='ltr'><strong>pro</strong></span> <span class='ocrx_word' id='word_1_55' title='bbox 2446 716 2648 785; x_wconf 77' lang='lat' dir='ltr'><strong>pietate</strong></span> <span class='ocrx_word' id='word_1_56' title='bbox 2694 724 2897 777; x_wconf 88' lang='lat' dir='ltr'><strong>erecto,</strong></span> <span class='ocrx_word' id='word_1_57' title='bbox 2941 730 3047 768; x_wconf 90' lang='lat' dir='ltr'><strong>una</strong></span> <span class='ocrx_word' id='word_1_58' title='bbox 3085 716 3246 768; x_wconf 90' lang='lat' dir='ltr'><strong>etiam</strong></span> <span class='ocrx_word' id='word_1_59' title='bbox 3285 715 3508 783; x_wconf 78' lang='lat' dir='ltr'><strong>justitia:</strong></span> 
     </span>
    </p>
   </div>
   <div class='ocr_carea' id='block_1_12' title="bbox 1931 809 3508 874">
    <p class='ocr_par' dir='ltr' id='par_1_12' title="bbox 1931 809 3508 874">
     <span class='ocr_line' id='line_1_12' title="bbox 1931 809 3508 874; baseline -0.004 -10"><span class='ocrx_word' id='word_1_60' title='bbox 1931 825 2134 864; x_wconf 82' lang='lat' dir='ltr'><strong>corona</strong></span> <span class='ocrx_word' id='word_1_61' title='bbox 2156 811 2404 864; x_wconf 82' lang='lat' dir='ltr'><strong>exornati</strong></span> <span class='ocrx_word' id='word_1_62' title='bbox 2427 818 2576 874; x_wconf 89' lang='lat' dir='ltr'><strong>sunt,</strong></span> <span class='ocrx_word' id='word_1_63' title='bbox 2599 810 2652 863; x_wconf 94' lang='lat' dir='ltr'><strong>in</strong></span> <span class='ocrx_word' id='word_1_64' title='bbox 2670 809 2889 865; x_wconf 85' lang='lat' dir='ltr'><strong>Christo</strong></span> <span class='ocrx_word' id='word_1_65' title='bbox 2905 809 3034 864; x_wconf 81' lang='lat' dir='ltr'><strong>Jesu</strong></span> <span class='ocrx_word' id='word_1_66' title='bbox 3055 809 3281 862; x_wconf 90' lang='lat' dir='ltr'><strong>Domino</strong></span> <span class='ocrx_word' id='word_1_67' title='bbox 3297 817 3508 873; x_wconf 88' lang='lat' dir='ltr'><strong>nostro,</strong></span> 
     </span>
    </p>
   </div>
   <div class='ocr_carea' id='block_1_13' title="bbox 1928 895 3507 970">
    <p class='ocr_par' dir='ltr' id='par_1_13' title="bbox 1928 895 3507 970">
     <span class='ocr_line' id='line_1_13' title="bbox 1928 895 3507 970; baseline -0.004 -17"><span class='ocrx_word' id='word_1_68' title='bbox 1928 903 2016 953; x_wconf 91' lang='lat' dir='ltr'><strong>cui</strong></span> <span class='ocrx_word' id='word_1_69' title='bbox 2050 901 2225 970; x_wconf 80' lang='lat' dir='ltr'><strong>gloria</strong></span> <span class='ocrx_word' id='word_1_70' title='bbox 2255 909 2309 954; x_wconf 89' lang='lat' dir='ltr'><strong>et</strong></span> <span class='ocrx_word' id='word_1_71' title='bbox 2332 900 2620 970; x_wconf 88' lang='lat' dir='ltr'><strong>imperium</strong></span> <span class='ocrx_word' id='word_1_72' title='bbox 2649 900 2702 952; x_wconf 92' lang='lat' dir='ltr'><strong>in</strong></span> <span class='ocrx_word' id='word_1_73' title='bbox 2733 900 2930 953; x_wconf 86' lang='lat' dir='ltr'><strong>saecula</strong></span> <span class='ocrx_word' id='word_1_74' title='bbox 2949 899 3294 952; x_wconf 64' lang='lat' dir='ltr'><strong>saeculorum.</strong></span> <span class='ocrx_word' id='word_1_75' title='bbox 3315 895 3507 948; x_wconf 84' lang='lat' dir='ltr'><strong>Amen.</strong></span> 
     </span>
    </p>
   </div>
   <div class='ocr_carea' id='block_1_14' title="bbox 255 991 3510 1076">
    <p class='ocr_par' dir='ltr' id='par_1_14' title="bbox 255 991 3510 1076">
     <span class='ocr_line' id='line_1_14' title="bbox 255 991 3510 1076; baseline -0.006 -17"><span class='ocrx_word' id='word_1_76' title='bbox 255 1009 351 1059; x_wconf 85' lang='grc' dir='ltr'>Ἐν</span> <span class='ocrx_word' id='word_1_77' title='bbox 385 1007 525 1076; x_wconf 82' lang='grc' dir='ltr'>ὑπὲρ</span> <span class='ocrx_word' id='word_1_78' title='bbox 554 1005 652 1074; x_wconf 87' lang='grc' dir='ltr'>τῆς</span> <span class='ocrx_word' id='word_1_79' title='bbox 683 1001 964 1062; x_wconf 80' lang='grc' dir='ltr'>εὐσεϐείας</span> <span class='ocrx_word' id='word_1_80' title='bbox 1003 1000 1238 1059; x_wconf 86' lang='grc' dir='ltr'>ἆπαντες</span> <span class='ocrx_word' id='word_1_81' title='bbox 1279 996 1682 1065; x_wconf 73' lang='grc' dir='ltr'><strong>ἀναστήσαντες</strong></span> <span class='ocrx_word' id='word_1_82' title='bbox 1745 995 2022 1064; x_wconf 72' lang='grc' dir='ltr'>τρόπαιον,</span> <span class='ocrx_word' id='word_1_83' title='bbox 2054 996 2133 1048; x_wconf 72' lang='grc' dir='ltr'><strong>ἐνὶ</strong></span> <span class='ocrx_word' id='word_1_84' title='bbox 2167 995 2259 1048; x_wconf 74' lang='grc' dir='ltr'><strong>καὶ</strong></span> <span class='ocrx_word' id='word_1_85' title='bbox 2319 995 2396 1064; x_wconf 84' lang='grc' dir='ltr'><strong>τῷ</strong></span> <span class='ocrx_word' id='word_1_86' title='bbox 2443 995 2689 1064; x_wconf 71' lang='grc' dir='ltr'>στεφάνῳ</span> <span class='ocrx_word' id='word_1_87' title='bbox 2725 994 2824 1063; x_wconf 73' lang='grc' dir='ltr'>τῆς</span> <span class='ocrx_word' id='word_1_88' title='bbox 2874 991 3217 1061; x_wconf 80' lang='grc' dir='ltr'><strong>δικαιοσύνης</strong></span> <span class='ocrx_word' id='word_1_89' title='bbox 3285 1005 3510 1042; x_wconf 84' lang='grc' dir='ltr'>κατεκο-</span> 
     </span>
    </p>
   </div>
   <div class='ocr_carea' id='block_1_15' title="bbox 249 1084 3506 1172">
    <p class='ocr_par' dir='ltr' id='par_1_15' title="bbox 249 1084 3506 1172">
     <span class='ocr_line' id='line_1_15' title="bbox 249 1084 3506 1172; baseline -0.008 -16"><span class='ocrx_word' id='word_1_90' title='bbox 249 1103 557 1172; x_wconf 74' lang='grc' dir='ltr'>σμήθησαν,</span> <span class='ocrx_word' id='word_1_91' title='bbox 594 1104 652 1154; x_wconf 92' lang='grc' dir='ltr'><strong>ἐν</strong></span> <span class='ocrx_word' id='word_1_92' title='bbox 681 1095 904 1170; x_wconf 80' lang='grc' dir='ltr'>Χριστῷ</span> <span class='ocrx_word' id='word_1_93' title='bbox 946 1094 1122 1165; x_wconf 78' lang='grc' dir='ltr'>Ἰησοῦ</span> <span class='ocrx_word' id='word_1_94' title='bbox 1180 1091 1256 1162; x_wconf 81' lang='grc' dir='ltr'><strong>τῷ</strong></span> <span class='ocrx_word' id='word_1_95' title='bbox 1291 1091 1479 1162; x_wconf 81' lang='grc' dir='ltr'><strong>Κυρίῳ</strong></span> <span class='ocrx_word' id='word_1_96' title='bbox 1515 1091 1690 1161; x_wconf 82' lang='grc' dir='ltr'>ἡμῶν,</span> <span class='ocrx_word' id='word_1_97' title='bbox 1740 1084 1845 1161; x_wconf 79' lang='grc' dir='ltr'>ᾧή</span> <span class='ocrx_word' id='word_1_98' title='bbox 1906 1092 2033 1157; x_wconf 80' lang='grc' dir='ltr'>δόξα</span> <span class='ocrx_word' id='word_1_99' title='bbox 2067 1092 2161 1145; x_wconf 73' lang='grc' dir='ltr'>καὶ</span> <span class='ocrx_word' id='word_1_100' title='bbox 2205 1090 2265 1142; x_wconf 84' lang='grc' dir='ltr'><strong>τὸ</strong></span> <span class='ocrx_word' id='word_1_101' title='bbox 2319 1089 2517 1160; x_wconf 83' lang='grc' dir='ltr'>κράτος</span> <span class='ocrx_word' id='word_1_102' title='bbox 2568 1091 2648 1152; x_wconf 81' lang='grc' dir='ltr'><strong>εἰς</strong></span> <span class='ocrx_word' id='word_1_103' title='bbox 2710 1089 2834 1151; x_wconf 74' lang='grc' dir='ltr'>τοὺς</span> <span class='ocrx_word' id='word_1_104' title='bbox 2878 1087 3078 1149; x_wconf 79' lang='grc' dir='ltr'>αἰῶνας</span> <span class='ocrx_word' id='word_1_105' title='bbox 3127 1085 3236 1139; x_wconf 89' lang='grc' dir='ltr'><strong>τῶν</strong></span> <span class='ocrx_word' id='word_1_106' title='bbox 3280 1087 3506 1138; x_wconf 85' lang='grc' dir='ltr'>αἰώνων.</span> 
     </span>
    </p>
   </div>
   <div class='ocr_carea' id='block_1_16' title="bbox 259 1196 458 1265">
    <p class='ocr_par' dir='ltr' id='par_1_16' title="bbox 259 1196 458 1265">
     <span class='ocr_line' id='line_1_16' title="bbox 259 1196 458 1265; baseline 0.005 -19"><span class='ocrx_word' id='word_1_107' title='bbox 259 1197 318 1246; x_wconf 74' lang='grc' dir='ltr'><strong>Ἀ</strong></span> <span class='ocrx_word' id='word_1_108' title='bbox 326 1196 458 1265; x_wconf 78' lang='grc' dir='ltr'>μήν.</span> 
     </span>
    </p>
   </div>
   <div class='ocr_carea' id='block_1_17' title="bbox 868 1477 1234 1530">
    <p class='ocr_par' dir='ltr' id='par_1_17' title="bbox 868 1477 1234 1530">
     <span class='ocr_line' id='line_1_17' title="bbox 868 1477 1234 1530; baseline 0.005 -2"><span class='ocrx_word' id='word_1_109' title='bbox 868 1477 1114 1530; x_wconf 70' lang='grc' dir='ltr'><strong>ΟΜΙΛΙΑ</strong></span> <span class='ocrx_word' id='word_1_110' title='bbox 1147 1477 1234 1530; x_wconf 80' lang='grc' dir='ltr'><strong>Κ’.</strong></span> 
     </span>
    </p>
   </div>
   <div class='ocr_carea' id='block_1_18' title="bbox 586 1589 1491 1659">
    <p class='ocr_par' dir='ltr' id='par_1_18' title="bbox 586 1589 1491 1659">
     <span class='ocr_line' id='line_1_18' title="bbox 586 1589 1491 1659; baseline -0.004 -15"><span class='ocrx_word' id='word_1_111' title='bbox 586 1591 727 1658; x_wconf 56' lang='grc' dir='ltr'>Περὶ</span> <span class='ocrx_word' id='word_1_112' title='bbox 769 1591 1328 1659; x_wconf 57' lang='grc' dir='ltr'><strong>ταπεινοφροσύνης</strong></span> <span class='ocrx_word' id='word_1_113' title='bbox 1359 1589 1491 1659; x_wconf 75' lang='lat'><strong>(&#39;35).</strong></span> 
     </span>
    </p>
   </div>
   <div class='ocr_carea' id='block_1_19' title="bbox 318 1702 1828 1777">
    <p class='ocr_par' dir='ltr' id='par_1_19' title="bbox 318 1702 1828 1777">
     <span class='ocr_line' id='line_1_19' title="bbox 318 1702 1828 1777; baseline -0.003 -20"><span class='ocrx_word' id='word_1_114' title='bbox 318 1706 370 1757; x_wconf 82' lang='grc' dir='ltr'><strong>Ι.</strong></span> <span class='ocrx_word' id='word_1_115' title='bbox 399 1705 650 1774; x_wconf 57' lang='grc' dir='ltr'>Ὦτειλεν</span> <span class='ocrx_word' id='word_1_116' title='bbox 682 1705 968 1777; x_wconf 81' lang='grc' dir='ltr'>ἄνθρωπος</span> <span class='ocrx_word' id='word_1_117' title='bbox 990 1706 1046 1757; x_wconf 83' lang='grc' dir='ltr'><strong>ἐν</strong></span> <span class='ocrx_word' id='word_1_118' title='bbox 1082 1707 1146 1775; x_wconf 80' lang='grc' dir='ltr'>τῇ</span> <span class='ocrx_word' id='word_1_119' title='bbox 1180 1703 1329 1774; x_wconf 86' lang='grc' dir='ltr'><strong>παρά</strong></span> <span class='ocrx_word' id='word_1_120' title='bbox 1349 1703 1468 1774; x_wconf 83' lang='grc' dir='ltr'><strong>Θεῷ</strong></span> <span class='ocrx_word' id='word_1_121' title='bbox 1500 1702 1625 1772; x_wconf 83' lang='grc' dir='ltr'>δόξῃ</span> <span class='ocrx_word' id='word_1_122' title='bbox 1659 1718 1828 1772; x_wconf 87' lang='grc' dir='ltr'>μεμε-</span> 
     </span>
    </p>
   </div>
   <div class='ocr_carea' id='block_1_20' title="bbox 243 1793 1828 1867">
    <p class='ocr_par' dir='ltr' id='par_1_20' title="bbox 243 1793 1828 1867">
     <span class='ocr_line' id='line_1_20' title="bbox 243 1793 1828 1867; baseline -0.001 -18"><span class='ocrx_word' id='word_1_123' title='bbox 243 1797 489 1866; x_wconf 81' lang='grc' dir='ltr'>νηκέναι,</span> <span class='ocrx_word' id='word_1_124' title='bbox 527 1799 620 1849; x_wconf 78' lang='grc' dir='ltr'><strong>καὶ</strong></span> <span class='ocrx_word' id='word_1_125' title='bbox 649 1793 792 1867; x_wconf 79' lang='grc' dir='ltr'>εἶχεν</span> <span class='ocrx_word' id='word_1_126' title='bbox 824 1797 888 1850; x_wconf 85' lang='grc' dir='ltr'>ἂν</span> <span class='ocrx_word' id='word_1_127' title='bbox 911 1796 1042 1866; x_wconf 71' lang='grc' dir='ltr'>ὕψος</span> <span class='ocrx_word' id='word_1_128' title='bbox 1061 1797 1160 1849; x_wconf 82' lang='grc' dir='ltr'><strong>οὐκ</strong></span> <span class='ocrx_word' id='word_1_129' title='bbox 1178 1796 1527 1862; x_wconf 81' lang='grc' dir='ltr'>ἐπίπλαστον,</span> <span class='ocrx_word' id='word_1_130' title='bbox 1558 1795 1669 1848; x_wconf 87' lang='grc' dir='ltr'>ἀλλ’</span> <span class='ocrx_word' id='word_1_131' title='bbox 1699 1794 1828 1866; x_wconf 87' lang='grc' dir='ltr'>ἀλη-</span> 
     </span>
    </p>
   </div>
   <div class='ocr_carea' id='block_1_21' title="bbox 247 1887 1829 1961">
    <p class='ocr_par' dir='ltr' id='par_1_21' title="bbox 247 1887 1829 1961">
     <span class='ocr_line' id='line_1_21' title="bbox 247 1887 1829 1961; baseline -0.003 -18"><span class='ocrx_word' id='word_1_132' title='bbox 247 1890 391 1943; x_wconf 76' lang='grc' dir='ltr'>θινὸν</span> <span class='ocrx_word' id='word_1_133' title='bbox 415 1932 429 1956; x_wconf 88' lang='grc'><strong>,</strong></span> <span class='ocrx_word' id='word_1_134' title='bbox 462 1891 691 1961; x_wconf 86' lang='grc' dir='ltr'>δυνάμει</span> <span class='ocrx_word' id='word_1_135' title='bbox 715 1889 851 1944; x_wconf 75' lang='grc' dir='ltr'>Θεοῦ</span> <span class='ocrx_word' id='word_1_136' title='bbox 893 1889 1340 1961; x_wconf 84' lang='grc' dir='ltr'>μεγαλυνόμενος,</span> <span class='ocrx_word' id='word_1_137' title='bbox 1366 1888 1527 1958; x_wconf 64' lang='grc' dir='ltr'>σοφία</span> <span class='ocrx_word' id='word_1_138' title='bbox 1559 1887 1675 1958; x_wconf 83' lang='grc' dir='ltr'>θείᾳ</span> <span class='ocrx_word' id='word_1_139' title='bbox 1705 1905 1829 1957; x_wconf 79' lang='grc' dir='ltr'>φαι-</span> 
     </span>
    </p>
   </div>
   <div class='ocr_carea' id='block_1_22' title="bbox 1595 1357 3478 1381">
    <p class='ocr_par' dir='ltr' id='par_1_22' title="bbox 1595 1357 3478 1381">
     <span class='ocr_line' id='line_1_22' title="bbox 1595 1357 3478 1381; baseline -0.007 0"><span class='ocrx_word' id='word_1_140' title='bbox 1595 1357 3478 1381; x_wconf 76' lang='lat'><strong>__________________.._______._._.._____._.</strong></span> 
     </span>
    </p>
   </div>
   <div class='ocr_carea' id='block_1_23' title="bbox 2483 1468 2940 1526">
    <p class='ocr_par' dir='ltr' id='par_1_23' title="bbox 2483 1468 2940 1526">
     <span class='ocr_line' id='line_1_23' title="bbox 2483 1468 2940 1526; baseline -0.004 -2"><span class='ocrx_word' id='word_1_141' title='bbox 2483 1469 2771 1526; x_wconf 80' lang='lat' dir='ltr'><strong>HOMILIA</strong></span> <span class='ocrx_word' id='word_1_142' title='bbox 2822 1468 2940 1523; x_wconf 76' lang='lat' dir='ltr'><strong>XX.</strong></span> 
     </span>
    </p>
   </div>
   <div class='ocr_carea' id='block_1_24' title="bbox 2494 1585 2941 1640">
    <p class='ocr_par' dir='ltr' id='par_1_24' title="bbox 2494 1585 2941 1640">
     <span class='ocr_line' id='line_1_24' title="bbox 2494 1585 2941 1640; baseline -0.004 0"><span class='ocrx_word' id='word_1_143' title='bbox 2494 1585 2572 1640; x_wconf 87' lang='lat' dir='ltr'><strong>De</strong></span> <span class='ocrx_word' id='word_1_144' title='bbox 2621 1585 2941 1638; x_wconf 77' lang='lat' dir='ltr'><strong>humilitate.</strong></span> 
     </span>
    </p>
   </div>
   <div class='ocr_carea' id='block_1_25' title="bbox 2003 1701 3512 1772">
    <p class='ocr_par' dir='ltr' id='par_1_25' title="bbox 2003 1701 3512 1772">
     <span class='ocr_line' id='line_1_25' title="bbox 2003 1701 3512 1772; baseline 0 -16"><span class='ocrx_word' id='word_1_145' title='bbox 2003 1704 2056 1758; x_wconf 74' lang='lat' dir='ltr'><strong>l.</strong></span> <span class='ocrx_word' id='word_1_146' title='bbox 2099 1701 2317 1758; x_wconf 83' lang='lat' dir='ltr'><strong>Utinam</strong></span> <span class='ocrx_word' id='word_1_147' title='bbox 2370 1703 2536 1756; x_wconf 88' lang='lat' dir='ltr'><strong>homo</strong></span> <span class='ocrx_word' id='word_1_148' title='bbox 2587 1701 2886 1756; x_wconf 86' lang='lat' dir='ltr'><strong>mansisset</strong></span> <span class='ocrx_word' id='word_1_149' title='bbox 2926 1701 2980 1755; x_wconf 95' lang='lat' dir='ltr'><strong>in</strong></span> <span class='ocrx_word' id='word_1_150' title='bbox 3032 1717 3095 1757; x_wconf 90' lang='lat' dir='ltr'><strong>ea</strong></span> <span class='ocrx_word' id='word_1_151' title='bbox 3147 1718 3310 1772; x_wconf 89' lang='lat' dir='ltr'><strong>quam</strong></span> <span class='ocrx_word' id='word_1_152' title='bbox 3368 1702 3512 1772; x_wconf 85' lang='lat' dir='ltr'><strong>apud</strong></span> 
     </span>
    </p>
   </div>
   <div class='ocr_carea' id='block_1_26' title="bbox 1931 1794 3512 1866">
    <p class='ocr_par' dir='ltr' id='par_1_26' title="bbox 1931 1794 3512 1866">
     <span class='ocr_line' id='line_1_26' title="bbox 1931 1794 3512 1866; baseline 0 -18"><span class='ocrx_word' id='word_1_153' title='bbox 1931 1794 2097 1850; x_wconf 90' lang='lat' dir='ltr'><strong>Deum</strong></span> <span class='ocrx_word' id='word_1_154' title='bbox 2123 1796 2354 1850; x_wconf 88' lang='lat' dir='ltr'><strong>habebat</strong></span> <span class='ocrx_word' id='word_1_155' title='bbox 2376 1797 2568 1866; x_wconf 82' lang='lat' dir='ltr'><strong>gloria,</strong></span> <span class='ocrx_word' id='word_1_156' title='bbox 2610 1796 2888 1850; x_wconf 89' lang='lat' dir='ltr'><strong>habuisset</strong></span> <span class='ocrx_word' id='word_1_157' title='bbox 2919 1795 3304 1851; x_wconf 89' lang='lat' dir='ltr'><strong>sublimitatem</strong></span> <span class='ocrx_word' id='word_1_158' title='bbox 3325 1811 3430 1849; x_wconf 91' lang='lat' dir='ltr'><strong>non</strong></span> <span class='ocrx_word' id='word_1_159' title='bbox 3449 1795 3512 1848; x_wconf 89' lang='lat' dir='ltr'><strong>fi-</strong></span> 
     </span>
    </p>
   </div>
   <div class='ocr_carea' id='block_1_27' title="bbox 1928 1883 3510 1955">
    <p class='ocr_par' dir='ltr' id='par_1_27' title="bbox 1928 1883 3510 1955">
     <span class='ocr_line' id='line_1_27' title="bbox 1928 1883 3510 1955; baseline 0 -18"><span class='ocrx_word' id='word_1_160' title='bbox 1928 1893 2094 1949; x_wconf 87' lang='lat' dir='ltr'><strong>ctam,</strong></span> <span class='ocrx_word' id='word_1_161' title='bbox 2128 1885 2221 1940; x_wconf 91' lang='lat' dir='ltr'><strong>sed</strong></span> <span class='ocrx_word' id='word_1_162' title='bbox 2250 1900 2433 1940; x_wconf 85' lang='lat' dir='ltr'><strong>veram</strong></span> <span class='ocrx_word' id='word_1_163' title='bbox 2467 1904 2479 1938; x_wconf 90' lang='lat'><strong>:</strong></span> <span class='ocrx_word' id='word_1_164' title='bbox 2506 1884 2741 1954; x_wconf 88' lang='lat' dir='ltr'><strong>potentia</strong></span> <span class='ocrx_word' id='word_1_165' title='bbox 2762 1883 2853 1938; x_wconf 88' lang='lat' dir='ltr'><strong>Dei</strong></span> <span class='ocrx_word' id='word_1_166' title='bbox 2877 1884 3218 1949; x_wconf 85' lang='lat' dir='ltr'><strong>nobilitatus,</strong></span> <span class='ocrx_word' id='word_1_167' title='bbox 3243 1885 3510 1955; x_wconf 82' lang='lat' dir='ltr'><strong>sapientia</strong></span> 
     </span>
    </p>
   </div>
   <div class='ocr_carea' id='block_1_28' title="bbox 241 1964 1830 2052">
    <p class='ocr_par' dir='ltr' id='par_1_28' title="bbox 241 1977 1823 2052">
     <span class='ocr_line' id='line_1_28' title="bbox 241 1977 1823 2052; baseline -0.004 -17"><span class='ocrx_word' id='word_1_168' title='bbox 241 1983 591 2052; x_wconf 77' lang='grc' dir='ltr'>δρυνόμενος,</span> <span class='ocrx_word' id='word_1_169' title='bbox 630 1982 822 2052; x_wconf 71' lang='grc' dir='ltr'>αίωνίᾳ</span> <span class='ocrx_word' id='word_1_170' title='bbox 850 1979 963 2052; x_wconf 81' lang='grc' dir='ltr'><strong>ζωῇ</strong></span> <span class='ocrx_word' id='word_1_171' title='bbox 1007 1981 1101 2033; x_wconf 77' lang='grc' dir='ltr'><strong>καὶ</strong></span> <span class='ocrx_word' id='word_1_172' title='bbox 1145 1981 1256 2044; x_wconf 88' lang='grc' dir='ltr'>τοῖς</span> <span class='ocrx_word' id='word_1_173' title='bbox 1283 1977 1504 2047; x_wconf 86' lang='grc' dir='ltr'>ἀγαθοῖς</span> <span class='ocrx_word' id='word_1_174' title='bbox 1539 1978 1823 2049; x_wconf 73' lang='grc' dir='ltr'>εὐφραινό-</span> 
     </span>
    </p>
   </div>
   <div class='ocr_carea' id='block_1_29' title="bbox 1934 1964 3514 2052">
    <p class='ocr_par' dir='ltr' id='par_1_29' title="bbox 1934 1975 3514 2046">
     <span class='ocr_line' id='line_1_29' title="bbox 1934 1975 3514 2046; baseline -0.001 -16"><span class='ocrx_word' id='word_1_175' title='bbox 1934 1975 2105 2031; x_wconf 81' lang='lat' dir='ltr'><strong>divina</strong></span> <span class='ocrx_word' id='word_1_176' title='bbox 2136 1978 3073 2046; x_wconf 60' lang='lat' dir='ltr'><strong>illustratus,vitaaiternailliusque</strong></span> <span class='ocrx_word' id='word_1_177' title='bbox 3100 1977 3514 2032; x_wconf 45' lang='lat' dir='ltr'><strong>bonisoblecta‘</strong></span> 
     </span>
    </p>
   </div>
   <div class='ocr_carea' id='block_1_30' title="bbox 250 2069 1827 2145">
    <p class='ocr_par' dir='ltr' id='par_1_30' title="bbox 250 2069 1827 2145">
     <span class='ocr_line' id='line_1_30' title="bbox 250 2069 1827 2145; baseline -0.004 -18"><span class='ocrx_word' id='word_1_178' title='bbox 250 2091 431 2143; x_wconf 86' lang='grc' dir='ltr'>μενος.</span> <span class='ocrx_word' id='word_1_179' title='bbox 480 2074 699 2145; x_wconf 76' lang='grc' dir='ltr'>Ἐπειδὴ</span> <span class='ocrx_word' id='word_1_180' title='bbox 745 2073 800 2126; x_wconf 85' lang='grc' dir='ltr'>δὲ</span> <span class='ocrx_word' id='word_1_181' title='bbox 845 2074 945 2143; x_wconf 79' lang='grc' dir='ltr'><strong>τὴν</strong></span> <span class='ocrx_word' id='word_1_182' title='bbox 994 2073 1095 2142; x_wconf 77' lang='grc' dir='ltr'>τῆς</span> <span class='ocrx_word' id='word_1_183' title='bbox 1145 2072 1295 2134; x_wconf 87' lang='grc' dir='ltr'>θείας</span> <span class='ocrx_word' id='word_1_184' title='bbox 1326 2071 1483 2141; x_wconf 83' lang='grc' dir='ltr'>δόξης</span> <span class='ocrx_word' id='word_1_185' title='bbox 1533 2069 1827 2140; x_wconf 75' lang='grc' dir='ltr'>ἐπιθυμίαν</span> 
     </span>
    </p>
   </div>
   <div class='ocr_carea' id='block_1_31' title="bbox 249 2161 1828 2237">
    <p class='ocr_par' dir='ltr' id='par_1_31' title="bbox 249 2161 1828 2237">
     <span class='ocr_line' id='line_1_31' title="bbox 249 2161 1828 2237; baseline -0.004 -17"><span class='ocrx_word' id='word_1_186' title='bbox 249 2168 542 2237; x_wconf 75' lang='grc' dir='ltr'>μετέθηκε,</span> <span class='ocrx_word' id='word_1_187' title='bbox 606 2167 700 2220; x_wconf 70' lang='grc' dir='ltr'><strong>καὶ</strong></span> <span class='ocrx_word' id='word_1_188' title='bbox 733 2165 953 2236; x_wconf 80' lang='grc' dir='ltr'>μείζονα</span> <span class='ocrx_word' id='word_1_189' title='bbox 1003 2165 1398 2236; x_wconf 85' lang='grc' dir='ltr'>προσδοκήσας,</span> <span class='ocrx_word' id='word_1_190' title='bbox 1447 2165 1541 2216; x_wconf 75' lang='grc' dir='ltr'>καὶ</span> <span class='ocrx_word' id='word_1_191' title='bbox 1591 2161 1828 2224; x_wconf 86' lang='grc' dir='ltr'>σπεύσας</span> 
     </span>
    </p>
   </div>
   <div class='ocr_carea' id='block_1_32' title="bbox 242 2253 1828 2330">
    <p class='ocr_par' dir='ltr' id='par_1_32' title="bbox 242 2253 1828 2330">
     <span class='ocr_line' id='line_1_32' title="bbox 242 2253 1828 2330; baseline -0.003 -19"><span class='ocrx_word' id='word_1_192' title='bbox 242 2261 382 2330; x_wconf 79' lang='grc' dir='ltr'>ὅπερ</span> <span class='ocrx_word' id='word_1_193' title='bbox 412 2261 514 2311; x_wconf 74' lang='grc' dir='ltr'><strong>οὑκ</strong></span> <span class='ocrx_word' id='word_1_194' title='bbox 541 2257 764 2310; x_wconf 84' lang='grc' dir='ltr'>ἐδύνατο</span> <span class='ocrx_word' id='word_1_195' title='bbox 806 2256 1011 2318; x_wconf 85' lang='grc' dir='ltr'>λαϐεῖν,</span> <span class='ocrx_word' id='word_1_196' title='bbox 1047 2255 1328 2308; x_wconf 82' lang='grc' dir='ltr'>ἀπώλεσεν</span> <span class='ocrx_word' id='word_1_197' title='bbox 1361 2257 1498 2325; x_wconf 82' lang='grc' dir='ltr'>ὅπερ</span> <span class='ocrx_word' id='word_1_198' title='bbox 1525 2254 1667 2324; x_wconf 78' lang='grc' dir='ltr'>ἔχειν</span> <span class='ocrx_word' id='word_1_199' title='bbox 1705 2253 1828 2307; x_wconf 78' lang='grc' dir='ltr'>ἐδύ-</span> 
     </span>
    </p>
   </div>
   <div class='ocr_carea' id='block_1_33' title="bbox 245 2345 1828 2420">
    <p class='ocr_par' dir='ltr' id='par_1_33' title="bbox 245 2345 1828 2420">
     <span class='ocr_line' id='line_1_33' title="bbox 245 2345 1828 2420; baseline -0.004 -17"><span class='ocrx_word' id='word_1_200' title='bbox 245 2368 376 2404; x_wconf 84' lang='grc' dir='ltr'>νατο</span> <span class='ocrx_word' id='word_1_201' title='bbox 399 2369 413 2379; x_wconf 90' lang='grc'><strong>·</strong></span> <span class='ocrx_word' id='word_1_202' title='bbox 451 2349 684 2420; x_wconf 76' lang='grc' dir='ltr'>μεγίστη</span> <span class='ocrx_word' id='word_1_203' title='bbox 725 2349 971 2419; x_wconf 89' lang='grc' dir='ltr'>σωτηρία</span> <span class='ocrx_word' id='word_1_204' title='bbox 1005 2347 1173 2417; x_wconf 76' lang='grc' dir='ltr'>αὐτῷ,</span> <span class='ocrx_word' id='word_1_205' title='bbox 1207 2347 1301 2399; x_wconf 77' lang='grc' dir='ltr'><strong>καὶ</strong></span> <span class='ocrx_word' id='word_1_206' title='bbox 1331 2346 1432 2416; x_wconf 77' lang='grc' dir='ltr'>τῆς</span> <span class='ocrx_word' id='word_1_207' title='bbox 1482 2347 1638 2398; x_wconf 69' lang='grc' dir='ltr'>νόσου</span> <span class='ocrx_word' id='word_1_208' title='bbox 1671 2345 1828 2415; x_wconf 88' lang='grc' dir='ltr'>θερα-</span> 
     </span>
    </p>
   </div>
   <div class='ocr_carea' id='block_1_34' title="bbox 250 2437 1829 2513">
    <p class='ocr_par' dir='ltr' id='par_1_34' title="bbox 250 2437 1829 2513">
     <span class='ocr_line' id='line_1_34' title="bbox 250 2437 1829 2513; baseline -0.004 -18"><span class='ocrx_word' id='word_1_209' title='bbox 250 2444 400 2506; x_wconf 88' lang='grc' dir='ltr'>πεία,</span> <span class='ocrx_word' id='word_1_210' title='bbox 429 2443 524 2495; x_wconf 78' lang='grc' dir='ltr'><strong>καὶ</strong></span> <span class='ocrx_word' id='word_1_211' title='bbox 550 2441 686 2513; x_wconf 75' lang='grc' dir='ltr'>πρὸς</span> <span class='ocrx_word' id='word_1_212' title='bbox 711 2440 771 2493; x_wconf 81' lang='grc' dir='ltr'><strong>τὸ</strong></span> <span class='ocrx_word' id='word_1_213' title='bbox 799 2441 858 2506; x_wconf 83' lang='grc' dir='ltr'><strong>ἐξ</strong></span> <span class='ocrx_word' id='word_1_214' title='bbox 891 2442 1065 2510; x_wconf 81' lang='grc' dir='ltr'>ἀρχῆς</span> <span class='ocrx_word' id='word_1_215' title='bbox 1092 2439 1366 2501; x_wconf 79' lang='grc' dir='ltr'>ἐπάνοδος,</span> <span class='ocrx_word' id='word_1_216' title='bbox 1399 2439 1620 2506; x_wconf 68' lang='grc' dir='ltr'>ἀτυφία,</span> <span class='ocrx_word' id='word_1_217' title='bbox 1650 2437 1744 2490; x_wconf 70' lang='grc' dir='ltr'>καὶ</span> <span class='ocrx_word' id='word_1_218' title='bbox 1769 2439 1829 2489; x_wconf 78' lang='grc' dir='ltr'><strong>τὸ</strong></span> 
     </span>
    </p>
   </div>
   <div class='ocr_carea' id='block_1_35' title="bbox 251 2529 1826 2606">
    <p class='ocr_par' dir='ltr' id='par_1_35' title="bbox 251 2529 1826 2606">
     <span class='ocr_line' id='line_1_35' title="bbox 251 2529 1826 2606; baseline -0.005 -18"><span class='ocrx_word' id='word_1_219' title='bbox 251 2536 325 2606; x_wconf 77' lang='grc' dir='ltr'>μὴ</span> <span class='ocrx_word' id='word_1_220' title='bbox 353 2535 726 2605; x_wconf 68' lang='grc' dir='ltr'>φαντάζεσθαι</span> <span class='ocrx_word' id='word_1_221' title='bbox 773 2533 930 2602; x_wconf 89' lang='grc' dir='ltr'>δόξης</span> <span class='ocrx_word' id='word_1_222' title='bbox 975 2533 1118 2595; x_wconf 86' lang='grc' dir='ltr'>τινὸς</span> <span class='ocrx_word' id='word_1_223' title='bbox 1166 2530 1456 2603; x_wconf 84' lang='grc' dir='ltr'>περιϐολὴν</span> <span class='ocrx_word' id='word_1_224' title='bbox 1511 2529 1578 2581; x_wconf 84' lang='grc' dir='ltr'>δι’</span> <span class='ocrx_word' id='word_1_225' title='bbox 1609 2529 1826 2592; x_wconf 63' lang='grc' dir='ltr'>ἑαυτοῦ,</span> 
     </span>
    </p>
   </div>
   <div class='ocr_carea' id='block_1_36' title="bbox 245 2621 1830 2700">
    <p class='ocr_par' dir='ltr' id='par_1_36' title="bbox 245 2621 1830 2700">
     <span class='ocr_line' id='line_1_36' title="bbox 245 2621 1830 2700; baseline -0.006 -18"><span class='ocrx_word' id='word_1_226' title='bbox 245 2630 385 2683; x_wconf 83' lang='grc' dir='ltr'><strong>ἀλλά</strong></span> <span class='ocrx_word' id='word_1_227' title='bbox 428 2629 611 2699; x_wconf 79' lang='grc' dir='ltr'>ζητεῖν</span> <span class='ocrx_word' id='word_1_228' title='bbox 671 2628 820 2700; x_wconf 87' lang='grc' dir='ltr'><strong>παρά</strong></span> <span class='ocrx_word' id='word_1_229' title='bbox 876 2625 1032 2679; x_wconf 80' lang='grc' dir='ltr'>Θεοῦ.</span> <span class='ocrx_word' id='word_1_230' title='bbox 1092 2625 1247 2677; x_wconf 78' lang='grc' dir='ltr'>Οὕτω</span> <span class='ocrx_word' id='word_1_231' title='bbox 1293 2623 1402 2694; x_wconf 85' lang='grc' dir='ltr'>γὰρ</span> <span class='ocrx_word' id='word_1_232' title='bbox 1449 2621 1730 2693; x_wconf 84' lang='grc' dir='ltr'>διορθώσει</span> <span class='ocrx_word' id='word_1_233' title='bbox 1771 2621 1830 2674; x_wconf 79' lang='grc' dir='ltr'>τὸ</span> 
     </span>
    </p>
   </div>
   <div class='ocr_carea' id='block_1_37' title="bbox 249 2713 1828 2792">
    <p class='ocr_par' dir='ltr' id='par_1_37' title="bbox 249 2713 1828 2792">
     <span class='ocr_line' id='line_1_37' title="bbox 249 2713 1828 2792; baseline -0.006 -18"><span class='ocrx_word' id='word_1_234' title='bbox 249 2725 520 2792; x_wconf 81' lang='grc' dir='ltr'>πταῖσμα,</span> <span class='ocrx_word' id='word_1_235' title='bbox 570 2720 743 2783; x_wconf 77' lang='grc' dir='ltr'>οὕτως</span> <span class='ocrx_word' id='word_1_236' title='bbox 786 2721 994 2773; x_wconf 80' lang='grc' dir='ltr'>ἰάσεται</span> <span class='ocrx_word' id='word_1_237' title='bbox 1033 2717 1096 2769; x_wconf 83' lang='grc' dir='ltr'><strong>τὸ</strong></span> <span class='ocrx_word' id='word_1_238' title='bbox 1124 2718 1362 2788; x_wconf 76' lang='grc' dir='ltr'>νόσημαο</span> <span class='ocrx_word' id='word_1_239' title='bbox 1391 2713 1561 2777; x_wconf 77' lang='grc' dir='ltr'>οὕτως</span> <span class='ocrx_word' id='word_1_240' title='bbox 1595 2713 1828 2784; x_wconf 85' lang='grc' dir='ltr'>ἀναδρα-</span> 
     </span>
    </p>
   </div>
   <div class='ocr_carea' id='block_1_38' title="bbox 252 2805 1828 2884">
    <p class='ocr_par' dir='ltr' id='par_1_38' title="bbox 252 2805 1828 2884">
     <span class='ocr_line' id='line_1_38' title="bbox 252 2805 1828 2884; baseline -0.007 -17"><span class='ocrx_word' id='word_1_241' title='bbox 252 2818 432 2883; x_wconf 84' lang='grc' dir='ltr'>μεῖται</span> <span class='ocrx_word' id='word_1_242' title='bbox 465 2813 605 2884; x_wconf 82' lang='grc' dir='ltr'>πρὸς</span> <span class='ocrx_word' id='word_1_243' title='bbox 632 2813 730 2883; x_wconf 84' lang='grc' dir='ltr'>τὴν</span> <span class='ocrx_word' id='word_1_244' title='bbox 765 2811 936 2882; x_wconf 71' lang='grc' dir='ltr'>ἱερὰν,</span> <span class='ocrx_word' id='word_1_245' title='bbox 968 2810 1035 2879; x_wconf 78' lang='grc' dir='ltr'>ῆν</span> <span class='ocrx_word' id='word_1_246' title='bbox 1058 2809 1364 2872; x_wconf 80' lang='grc' dir='ltr'>κατέλιπεν,</span> <span class='ocrx_word' id='word_1_247' title='bbox 1405 2805 1645 2876; x_wconf 82' lang='grc' dir='ltr'>ἐντολήν.</span> <span class='ocrx_word' id='word_1_248' title='bbox 1693 2806 1828 2858; x_wconf 83' lang='grc' dir='ltr'>Ἀλλ’</span> 
     </span>
    </p>
   </div>
   <div class='ocr_carea' id='block_1_39' title="bbox 245 2895 1826 2971">
    <p class='ocr_par' dir='ltr' id='par_1_39' title="bbox 245 2895 1826 2971">
     <span class='ocr_line' id='line_1_39' title="bbox 245 2895 1826 2971; baseline -0.006 -13"><span class='ocrx_word' id='word_1_249' title='bbox 245 2908 277 2957; x_wconf 80' lang='grc' dir='ltr'><strong>ὁ</strong></span> <span class='ocrx_word' id='word_1_250' title='bbox 308 2904 634 2958; x_wconf 82' lang='grc' dir='ltr'>καταϐαλὼν</span> <span class='ocrx_word' id='word_1_251' title='bbox 671 2903 841 2955; x_wconf 85' lang='grc' dir='ltr'>ἐλπίδι</span> <span class='ocrx_word' id='word_1_252' title='bbox 863 2900 1019 2971; x_wconf 80' lang='grc' dir='ltr'>δόξης</span> <span class='ocrx_word' id='word_1_253' title='bbox 1043 2899 1268 2970; x_wconf 76' lang='grc' dir='ltr'>ψευδοῦς</span> <span class='ocrx_word' id='word_1_254' title='bbox 1289 2901 1378 2951; x_wconf 79' lang='grc' dir='ltr'>τὸν</span> <span class='ocrx_word' id='word_1_255' title='bbox 1407 2898 1692 2968; x_wconf 81' lang='grc' dir='ltr'>ἄνθρωπον</span> <span class='ocrx_word' id='word_1_256' title='bbox 1719 2895 1826 2967; x_wconf 78' lang='grc'><strong>(56)</strong></span> 
     </span>
    </p>
   </div>
   <div class='ocr_carea' id='block_1_40' title="bbox 246 2988 1828 3058">
    <p class='ocr_par' dir='ltr' id='par_1_40' title="bbox 246 2988 1828 3058">
     <span class='ocr_line' id='line_1_40' title="bbox 246 2988 1828 3058; baseline -0.004 -13"><span class='ocrx_word' id='word_1_257' title='bbox 246 2993 492 3056; x_wconf 85' lang='grc' dir='ltr'>διάϐολος</span> <span class='ocrx_word' id='word_1_258' title='bbox 530 2994 591 3045; x_wconf 77' lang='grc' dir='ltr'><strong>οὐ</strong></span> <span class='ocrx_word' id='word_1_259' title='bbox 624 2992 857 3045; x_wconf 84' lang='grc' dir='ltr'>παύεται</span> <span class='ocrx_word' id='word_1_260' title='bbox 897 2993 1009 3054; x_wconf 88' lang='grc' dir='ltr'>τοῖς</span> <span class='ocrx_word' id='word_1_261' title='bbox 1035 2991 1219 3052; x_wconf 82' lang='grc' dir='ltr'>αὑτοῖς</span> <span class='ocrx_word' id='word_1_262' title='bbox 1270 2989 1624 3058; x_wconf 82' lang='grc' dir='ltr'>ἐρεθίσμασιν</span> <span class='ocrx_word' id='word_1_263' title='bbox 1667 2988 1828 3039; x_wconf 82' lang='grc' dir='ltr'>ἐκκα-</span> 
     </span>
    </p>
   </div>
   <div class='ocr_carea' id='block_1_41' title="bbox 247 3081 1832 3160">
    <p class='ocr_par' dir='ltr' id='par_1_41' title="bbox 247 3081 1832 3160">
     <span class='ocr_line' id='line_1_41' title="bbox 247 3081 1832 3160; baseline -0.005 -20"><span class='ocrx_word' id='word_1_264' title='bbox 247 3090 530 3160; x_wconf 84' lang='grc' dir='ltr'>λούμενος,</span> <span class='ocrx_word' id='word_1_265' title='bbox 572 3089 668 3141; x_wconf 74' lang='grc' dir='ltr'>καὶ</span> <span class='ocrx_word' id='word_1_266' title='bbox 712 3088 880 3158; x_wconf 88' lang='grc' dir='ltr'>μυρία</span> <span class='ocrx_word' id='word_1_267' title='bbox 921 3087 1288 3156; x_wconf 66' lang='grc' dir='ltr'>μηχανήματα</span> <span class='ocrx_word' id='word_1_268' title='bbox 1334 3083 1468 3154; x_wconf 76' lang='grc' dir='ltr'>πρὸς</span> <span class='ocrx_word' id='word_1_269' title='bbox 1500 3082 1658 3134; x_wconf 80' lang='grc' dir='ltr'>τοῦτο</span> <span class='ocrx_word' id='word_1_270' title='bbox 1691 3081 1832 3144; x_wconf 84' lang='grc' dir='ltr'>ἐξευ-</span> 
     </span>
    </p>
   </div>
   <div class='ocr_carea' id='block_1_42' title="bbox 250 3173 1830 3252">
    <p class='ocr_par' dir='ltr' id='par_1_42' title="bbox 250 3173 1830 3252">
     <span class='ocr_line' id='line_1_42' title="bbox 250 3173 1830 3252; baseline -0.007 -20"><span class='ocrx_word' id='word_1_271' title='bbox 250 3183 484 3252; x_wconf 76' lang='grc' dir='ltr'>ρίσκωνο</span> <span class='ocrx_word' id='word_1_272' title='bbox 515 3181 660 3250; x_wconf 84' lang='grc' dir='ltr'>μέγα</span> <span class='ocrx_word' id='word_1_273' title='bbox 698 3179 795 3248; x_wconf 82' lang='grc' dir='ltr'><strong>μὲν</strong></span> <span class='ocrx_word' id='word_1_274' title='bbox 820 3177 1126 3240; x_wconf 82' lang='grc' dir='ltr'>ἐπιδεικνὺς</span> <span class='ocrx_word' id='word_1_275' title='bbox 1155 3174 1321 3244; x_wconf 79' lang='grc' dir='ltr'>αὐτῷ,</span> <span class='ocrx_word' id='word_1_276' title='bbox 1351 3173 1649 3245; x_wconf 78' lang='grc' dir='ltr'>χρημάτων</span> <span class='ocrx_word' id='word_1_277' title='bbox 1685 3188 1830 3242; x_wconf 88' lang='grc' dir='ltr'>περι-</span> 
     </span>
    </p>
   </div>
   <div class='ocr_carea' id='block_1_43' title="bbox 247 3263 1828 3344">
    <p class='ocr_par' dir='ltr' id='par_1_43' title="bbox 247 3263 1828 3344">
     <span class='ocr_line' id='line_1_43' title="bbox 247 3263 1828 3344; baseline -0.006 -19"><span class='ocrx_word' id='word_1_278' title='bbox 247 3274 428 3344; x_wconf 78' lang='grc' dir='ltr'>ϐολὴν,</span> <span class='ocrx_word' id='word_1_279' title='bbox 455 3274 548 3326; x_wconf 81' lang='grc' dir='ltr'><strong>ἵνα</strong></span> <span class='ocrx_word' id='word_1_280' title='bbox 589 3272 682 3325; x_wconf 66' lang='grc' dir='ltr'><strong>ἐπὶ</strong></span> <span class='ocrx_word' id='word_1_281' title='bbox 710 3270 883 3340; x_wconf 82' lang='grc' dir='ltr'>τούτῳ</span> <span class='ocrx_word' id='word_1_282' title='bbox 939 3268 1307 3340; x_wconf 85' lang='grc' dir='ltr'>μεγαλύνηται</span> <span class='ocrx_word' id='word_1_283' title='bbox 1363 3267 1456 3320; x_wconf 73' lang='grc' dir='ltr'>καὶ</span> <span class='ocrx_word' id='word_1_284' title='bbox 1493 3266 1620 3336; x_wconf 74' lang='grc' dir='ltr'>περὶ</span> <span class='ocrx_word' id='word_1_285' title='bbox 1672 3263 1828 3318; x_wconf 72' lang='grc' dir='ltr'>τοῦτο</span> 
     </span>
    </p>
   </div>
   <div class='ocr_carea' id='block_1_44' title="bbox 249 3353 1828 3435">
    <p class='ocr_par' dir='ltr' id='par_1_44' title="bbox 249 3353 1828 3435">
     <span class='ocr_line' id='line_1_44' title="bbox 249 3353 1828 3435; baseline -0.006 -20"><span class='ocrx_word' id='word_1_286' title='bbox 249 3363 530 3435; x_wconf 78' lang='grc' dir='ltr'>σπουδάζῃ</span> <span class='ocrx_word' id='word_1_287' title='bbox 557 3380 568 3391; x_wconf 93' lang='grc'><strong>·</strong></span> <span class='ocrx_word' id='word_1_288' title='bbox 604 3363 742 3433; x_wconf 83' lang='grc' dir='ltr'>ὅπερ</span> <span class='ocrx_word' id='word_1_289' title='bbox 782 3361 926 3413; x_wconf 76' lang='grc' dir='ltr'>ἐστὶν</span> <span class='ocrx_word' id='word_1_290' title='bbox 950 3359 1100 3412; x_wconf 76' lang='grc' dir='ltr'>οὐδὲν</span> <span class='ocrx_word' id='word_1_291' title='bbox 1156 3358 1254 3428; x_wconf 82' lang='grc' dir='ltr'><strong>μὲν</strong></span> <span class='ocrx_word' id='word_1_292' title='bbox 1281 3359 1361 3420; x_wconf 87' lang='grc' dir='ltr'><strong>είς</strong></span> <span class='ocrx_word' id='word_1_293' title='bbox 1398 3355 1574 3420; x_wconf 80' lang='grc' dir='ltr'>δόξαν,</span> <span class='ocrx_word' id='word_1_294' title='bbox 1611 3353 1828 3425; x_wconf 86' lang='grc' dir='ltr'>μέγαδέ</span> 
     </span>
    </p>
   </div>
   <div class='ocr_carea' id='block_1_45' title="bbox 246 3444 1827 3525">
    <p class='ocr_par' dir='ltr' id='par_1_45' title="bbox 246 3444 1827 3525">
     <span class='ocr_line' id='line_1_45' title="bbox 246 3444 1827 3525; baseline -0.008 -16"><span class='ocrx_word' id='word_1_295' title='bbox 246 3459 326 3519; x_wconf 85' lang='grc' dir='ltr'><strong>είς</strong></span> <span class='ocrx_word' id='word_1_296' title='bbox 372 3457 641 3508; x_wconf 76' lang='grc' dir='ltr'>κίνδυνον.</span> <span class='ocrx_word' id='word_1_297' title='bbox 689 3453 1000 3525; x_wconf 76' lang='grc' dir='ltr'>Χρημάτων</span> <span class='ocrx_word' id='word_1_298' title='bbox 1056 3451 1164 3522; x_wconf 81' lang='grc' dir='ltr'><strong>γὰρ</strong></span> <span class='ocrx_word' id='word_1_299' title='bbox 1207 3449 1468 3520; x_wconf 86' lang='grc' dir='ltr'>πορισμὸς</span> <span class='ocrx_word' id='word_1_300' title='bbox 1519 3444 1827 3509; x_wconf 83' lang='grc' dir='ltr'>πλεονεξίας</span> 
     </span>
    </p>
   </div>
   <div class='ocr_carea' id='block_1_46' title="bbox 248 3539 1830 3618">
    <p class='ocr_par' dir='ltr' id='par_1_46' title="bbox 248 3539 1830 3618">
     <span class='ocr_line' id='line_1_46' title="bbox 248 3539 1830 3618; baseline -0.008 -15"><span class='ocrx_word' id='word_1_301' title='bbox 248 3551 348 3618; x_wconf 74' lang='grc' dir='ltr'>μὲν</span> <span class='ocrx_word' id='word_1_302' title='bbox 396 3548 690 3611; x_wconf 79' lang='grc' dir='ltr'>ὑπόθεσις⁶</span> <span class='ocrx_word' id='word_1_303' title='bbox 742 3549 934 3618; x_wconf 78' lang='grc' dir='ltr'>κτῆσις</span> <span class='ocrx_word' id='word_1_304' title='bbox 979 3545 1034 3598; x_wconf 81' lang='grc' dir='ltr'><strong>δὲ</strong></span> <span class='ocrx_word' id='word_1_305' title='bbox 1059 3545 1208 3597; x_wconf 75' lang='grc' dir='ltr'>οὐδὲν</span> <span class='ocrx_word' id='word_1_306' title='bbox 1255 3545 1332 3604; x_wconf 86' lang='grc' dir='ltr'>εἰς</span> <span class='ocrx_word' id='word_1_307' title='bbox 1385 3540 1660 3603; x_wconf 80' lang='grc' dir='ltr'>εὐδοξίαν’</span> <span class='ocrx_word' id='word_1_308' title='bbox 1697 3539 1830 3591; x_wconf 88' lang='grc' dir='ltr'><strong>ἀλλά</strong></span> 
     </span>
    </p>
   </div>
   <div class='ocr_carea' id='block_1_47' title="bbox 250 3633 1830 3710">
    <p class='ocr_par' dir='ltr' id='par_1_47' title="bbox 250 3633 1830 3710">
     <span class='ocr_line' id='line_1_47' title="bbox 250 3633 1830 3710; baseline -0.011 -13"><span class='ocrx_word' id='word_1_309' title='bbox 250 3641 430 3710; x_wconf 77' lang='grc' dir='ltr'>μάτην</span> <span class='ocrx_word' id='word_1_310' title='bbox 467 3639 683 3708; x_wconf 69' lang='grc' dir='ltr'>τυφλοῖ,</span> <span class='ocrx_word' id='word_1_311' title='bbox 712 3637 963 3707; x_wconf 79' lang='grc' dir='ltr'>διακενῆς</span> <span class='ocrx_word' id='word_1_312' title='bbox 997 3635 1234 3705; x_wconf 77' lang='grc' dir='ltr'>ἐπαίρει,</span> <span class='ocrx_word' id='word_1_313' title='bbox 1271 3633 1544 3701; x_wconf 79' lang='grc' dir='ltr'>φλεγμονῇ</span> <span class='ocrx_word' id='word_1_314' title='bbox 1584 3649 1688 3682; x_wconf 89' lang='grc' dir='ltr'>τινι</span> <span class='ocrx_word' id='word_1_315' title='bbox 1729 3647 1830 3681; x_wconf 88' lang='grc' dir='ltr'>πα-</span> 
     </span>
    </p>
   </div>
   <div class='ocr_carea' id='block_1_48' title="bbox 251 3729 1830 3812">
    <p class='ocr_par' dir='ltr' id='par_1_48' title="bbox 251 3729 1830 3812">
     <span class='ocr_line' id='line_1_48' title="bbox 251 3729 1830 3812; baseline -0.01 -18"><span class='ocrx_word' id='word_1_316' title='bbox 251 3742 552 3812; x_wconf 77' lang='grc' dir='ltr'>ραπλήσιον</span> <span class='ocrx_word' id='word_1_317' title='bbox 586 3739 758 3801; x_wconf 82' lang='grc' dir='ltr'>πάθος</span> <span class='ocrx_word' id='word_1_318' title='bbox 798 3735 1090 3808; x_wconf 79' lang='grc' dir='ltr'>ἐργάζεται</span> <span class='ocrx_word' id='word_1_319' title='bbox 1118 3735 1242 3805; x_wconf 79' lang='grc' dir='ltr'>περὶ</span> <span class='ocrx_word' id='word_1_320' title='bbox 1267 3733 1365 3803; x_wconf 79' lang='grc' dir='ltr'><strong>τὴν</strong></span> <span class='ocrx_word' id='word_1_321' title='bbox 1390 3731 1588 3800; x_wconf 73' lang='grc' dir='ltr'>ψυχήν.</span> <span class='ocrx_word' id='word_1_322' title='bbox 1624 3730 1698 3781; x_wconf 86' lang='grc' dir='ltr'>Οὑ</span> <span class='ocrx_word' id='word_1_323' title='bbox 1725 3729 1830 3800; x_wconf 80' lang='grc' dir='ltr'><strong>γάρ</strong></span> 
     </span>
    </p>
   </div>
   <div class='ocr_carea' id='block_1_49' title="bbox 250 3820 1831 3905">
    <p class='ocr_par' dir='ltr' id='par_1_49' title="bbox 250 3820 1831 3905">
     <span class='ocr_line' id='line_1_49' title="bbox 250 3820 1831 3905; baseline -0.011 -18"><span class='ocrx_word' id='word_1_324' title='bbox 250 3834 408 3905; x_wconf 75' lang='grc' dir='ltr'>ὑγιὴς</span> <span class='ocrx_word' id='word_1_325' title='bbox 459 3833 625 3900; x_wconf 69' lang='grc' dir='ltr'>ὄγκος</span> <span class='ocrx_word' id='word_1_326' title='bbox 679 3831 798 3883; x_wconf 77' lang='grc' dir='ltr'>οὐδὲ</span> <span class='ocrx_word' id='word_1_327' title='bbox 844 3828 1119 3898; x_wconf 68' lang='grc' dir='ltr'>ὠφέλιμος</span> <span class='ocrx_word' id='word_1_328' title='bbox 1169 3828 1197 3878; x_wconf 86' lang='grc' dir='ltr'>ὁ</span> <span class='ocrx_word' id='word_1_329' title='bbox 1242 3824 1350 3876; x_wconf 89' lang='grc' dir='ltr'><strong>τῶν</strong></span> <span class='ocrx_word' id='word_1_330' title='bbox 1395 3820 1831 3890; x_wconf 65' lang='grc' dir='ltr'>φλεγμαινόντων</span> 
     </span>
    </p>
   </div>
   <div class='ocr_carea' id='block_1_50' title="bbox 253 3909 1829 3995">
    <p class='ocr_par' dir='ltr' id='par_1_50' title="bbox 253 3909 1829 3995">
     <span class='ocr_line' id='line_1_50' title="bbox 253 3909 1829 3995; baseline -0.012 -17"><span class='ocrx_word' id='word_1_331' title='bbox 253 3923 544 3995; x_wconf 73' lang='grc' dir='ltr'>σωμάτων,</span> <span class='ocrx_word' id='word_1_332' title='bbox 574 3922 709 3976; x_wconf 82' lang='grc' dir='ltr'><strong>άλλά</strong></span> <span class='ocrx_word' id='word_1_333' title='bbox 737 3920 995 3990; x_wconf 84' lang='grc' dir='ltr'>νοσώδης,</span> <span class='ocrx_word' id='word_1_334' title='bbox 1037 3915 1353 3986; x_wconf 80' lang='grc' dir='ltr'>ἐπιϐλαϐὴς,</span> <span class='ocrx_word' id='word_1_335' title='bbox 1394 3912 1536 3983; x_wconf 78' lang='grc' dir='ltr'>ἀρχὴ</span> <span class='ocrx_word' id='word_1_336' title='bbox 1565 3909 1829 3969; x_wconf 79' lang='grc' dir='ltr'>κινδύνου,</span> 
     </span>
    </p>
   </div>
   <div class='ocr_carea' id='block_1_51' title="bbox 250 4003 1832 4087">
    <p class='ocr_par' dir='ltr' id='par_1_51' title="bbox 250 4003 1832 4087">
     <span class='ocr_line' id='line_1_51' title="bbox 250 4003 1832 4087; baseline -0.009 -19"><span class='ocrx_word' id='word_1_337' title='bbox 250 4019 344 4070; x_wconf 70' lang='grc' dir='ltr'><strong>καὶ</strong></span> <span class='ocrx_word' id='word_1_338' title='bbox 389 4016 663 4087; x_wconf 68' lang='grc' dir='ltr'>πρόφασις</span> <span class='ocrx_word' id='word_1_339' title='bbox 720 4011 1013 4072; x_wconf 83' lang='grc' dir='ltr'>ἀπωλείας.</span> <span class='ocrx_word' id='word_1_340' title='bbox 1067 4007 1286 4061; x_wconf 77' lang='grc' dir='ltr'>Τοιοῦτο</span> <span class='ocrx_word' id='word_1_341' title='bbox 1336 4007 1430 4058; x_wconf 74' lang='grc' dir='ltr'><strong>καὶ</strong></span> <span class='ocrx_word' id='word_1_342' title='bbox 1476 4007 1604 4075; x_wconf 78' lang='grc' dir='ltr'>περὶ</span> <span class='ocrx_word' id='word_1_343' title='bbox 1657 4003 1832 4073; x_wconf 80' lang='grc' dir='ltr'>ψυχὴν</span> 
     </span>
    </p>
   </div>
   <div class='ocr_carea' id='block_1_52' title="bbox 248 4093 1833 4182">
    <p class='ocr_par' dir='ltr' id='par_1_52' title="bbox 248 4093 1833 4182">
     <span class='ocr_line' id='line_1_52' title="bbox 248 4093 1833 4182; baseline -0.011 -20"><span class='ocrx_word' id='word_1_344' title='bbox 248 4109 620 4182; x_wconf 62' lang='grc' dir='ltr'>ὑπερηφανία.</span> <span class='ocrx_word' id='word_1_345' title='bbox 671 4106 780 4158; x_wconf 76' lang='grc' dir='ltr'>Καὶ</span> <span class='ocrx_word' id='word_1_346' title='bbox 816 4104 924 4173; x_wconf 76' lang='grc' dir='ltr'><strong>γάρ</strong></span> <span class='ocrx_word' id='word_1_347' title='bbox 957 4103 1018 4154; x_wconf 82' lang='grc' dir='ltr'><strong>οὑ</strong></span> <span class='ocrx_word' id='word_1_348' title='bbox 1054 4101 1208 4171; x_wconf 86' lang='grc' dir='ltr'>μόνον</span> <span class='ocrx_word' id='word_1_349' title='bbox 1239 4099 1330 4150; x_wconf 71' lang='grc' dir='ltr'><strong>ἐπὶ</strong></span> <span class='ocrx_word' id='word_1_350' title='bbox 1356 4098 1628 4168; x_wconf 77' lang='grc' dir='ltr'>χρήμασιν</span> <span class='ocrx_word' id='word_1_351' title='bbox 1667 4093 1833 4163; x_wconf 79' lang='grc' dir='ltr'>ἔπαρ-</span> 
     </span>
    </p>
   </div>
   <div class='ocr_carea' id='block_1_53' title="bbox 251 4185 1832 4270">
    <p class='ocr_par' dir='ltr' id='par_1_53' title="bbox 251 4185 1832 4270">
     <span class='ocr_line' id='line_1_53' title="bbox 251 4185 1832 4270; baseline -0.014 -12"><span class='ocrx_word' id='word_1_352' title='bbox 251 4223 335 4268; x_wconf 78' lang='grc' dir='ltr'><strong>σις</strong></span> <span class='ocrx_word' id='word_1_353' title='bbox 385 4203 614 4270; x_wconf 85' lang='grc' dir='ltr'>γίνεται,</span> <span class='ocrx_word' id='word_1_354' title='bbox 676 4198 794 4251; x_wconf 86' lang='grc' dir='ltr'><strong>ούδέ</strong></span> <span class='ocrx_word' id='word_1_355' title='bbox 829 4197 989 4267; x_wconf 88' lang='grc' dir='ltr'>μόνον</span> <span class='ocrx_word' id='word_1_356' title='bbox 1037 4195 1155 4254; x_wconf 87' lang='grc' dir='ltr'>ταῖς</span> <span class='ocrx_word' id='word_1_357' title='bbox 1217 4190 1323 4244; x_wconf 85' lang='grc' dir='ltr'><strong>ἀπὸ</strong></span> <span class='ocrx_word' id='word_1_358' title='bbox 1374 4189 1480 4242; x_wconf 86' lang='grc' dir='ltr'><strong>τῶν</strong></span> <span class='ocrx_word' id='word_1_359' title='bbox 1535 4185 1832 4257; x_wconf 81' lang='grc' dir='ltr'>χρημάτων</span> 
     </span>
    </p>
   </div>
   <div class='ocr_carea' id='block_1_54' title="bbox 248 4275 1835 4365">
    <p class='ocr_par' dir='ltr' id='par_1_54' title="bbox 248 4275 1835 4365">
     <span class='ocr_line' id='line_1_54' title="bbox 248 4275 1835 4365; baseline -0.013 -17"><span class='ocrx_word' id='word_1_360' title='bbox 248 4293 570 4365; x_wconf 79' lang='grc' dir='ltr'>κομπώδεσι</span> <span class='ocrx_word' id='word_1_361' title='bbox 602 4291 832 4350; x_wconf 83' lang='grc' dir='ltr'>διαίταις</span> <span class='ocrx_word' id='word_1_362' title='bbox 864 4304 921 4339; x_wconf 90' lang='grc' dir='ltr'><strong>τε</strong></span> <span class='ocrx_word' id='word_1_363' title='bbox 955 4285 1050 4338; x_wconf 71' lang='grc' dir='ltr'><strong>καὶ</strong></span> <span class='ocrx_word' id='word_1_364' title='bbox 1074 4281 1384 4352; x_wconf 81' lang='grc' dir='ltr'>περιϐολαῖς</span> <span class='ocrx_word' id='word_1_365' title='bbox 1408 4279 1723 4348; x_wconf 78' lang='grc' dir='ltr'>ἐπαίρονται</span> <span class='ocrx_word' id='word_1_366' title='bbox 1750 4275 1835 4328; x_wconf 65' lang='grc' dir='ltr'><strong>ἄνα</strong></span> 
     </span>
    </p>
   </div>
   <div class='ocr_carea' id='block_1_55' title="bbox 254 4367 1832 4459">
    <p class='ocr_par' dir='ltr' id='par_1_55' title="bbox 254 4367 1832 4459">
     <span class='ocr_line' id='line_1_55' title="bbox 254 4367 1832 4459; baseline -0.013 -19"><span class='ocrx_word' id='word_1_367' title='bbox 254 4389 466 4459; x_wconf 86' lang='grc' dir='ltr'>Θρωποι</span> <span class='ocrx_word' id='word_1_368' title='bbox 489 4426 506 4451; x_wconf 87' lang='grc'><strong>,</strong></span> <span class='ocrx_word' id='word_1_369' title='bbox 551 4381 859 4442; x_wconf 86' lang='grc' dir='ltr'>πολυτελεῖς</span> <span class='ocrx_word' id='word_1_370' title='bbox 890 4377 1032 4447; x_wconf 78' lang='grc' dir='ltr'>ὑπὲρ</span> <span class='ocrx_word' id='word_1_371' title='bbox 1061 4374 1156 4445; x_wconf 81' lang='grc' dir='ltr'>τὴν</span> <span class='ocrx_word' id='word_1_372' title='bbox 1199 4372 1384 4444; x_wconf 87' lang='grc' dir='ltr'>χρείαν</span> <span class='ocrx_word' id='word_1_373' title='bbox 1417 4367 1832 4441; x_wconf 78' lang='grc' dir='ltr'>παρατιθέμενοι</span> 
     </span>
    </p>
   </div>
   <div class='ocr_carea' id='block_1_56' title="bbox 251 4459 1832 4550">
    <p class='ocr_par' dir='ltr' id='par_1_56' title="bbox 251 4459 1832 4550">
     <span class='ocr_line' id='line_1_56' title="bbox 251 4459 1832 4550; baseline -0.016 -17"><span class='ocrx_word' id='word_1_374' title='bbox 251 4479 534 4550; x_wconf 77' lang='grc' dir='ltr'>τραπέζας</span> <span class='ocrx_word' id='word_1_375' title='bbox 563 4472 841 4546; x_wconf 67' lang='grc' dir='ltr'>τρυφηλάς</span> <span class='ocrx_word' id='word_1_376' title='bbox 863 4511 878 4532; x_wconf 83' lang='grc'><strong>,</strong></span> <span class='ocrx_word' id='word_1_377' title='bbox 926 4470 1024 4522; x_wconf 87' lang='grc' dir='ltr'><strong>οὑκ</strong></span> <span class='ocrx_word' id='word_1_378' title='bbox 1053 4465 1354 4534; x_wconf 85' lang='grc' dir='ltr'>ἀναγκαίας</span> <span class='ocrx_word' id='word_1_379' title='bbox 1387 4459 1832 4533; x_wconf 84' lang='grc' dir='ltr'>περιϐαλλόμενοι</span> 
     </span>
    </p>
   </div>
   <div class='ocr_carea' id='block_1_57' title="bbox 247 4551 1833 4640">
    <p class='ocr_par' dir='ltr' id='par_1_57' title="bbox 247 4551 1833 4640">
     <span class='ocr_line' id='line_1_57' title="bbox 247 4551 1833 4640; baseline -0.015 -15"><span class='ocrx_word' id='word_1_380' title='bbox 247 4573 348 4636; x_wconf 72' lang='grc' dir='ltr'>τὰς</span> <span class='ocrx_word' id='word_1_381' title='bbox 397 4571 632 4640; x_wconf 73' lang='grc' dir='ltr'>ἐσθῆτας</span> <span class='ocrx_word' id='word_1_382' title='bbox 658 4608 673 4630; x_wconf 86' lang='grc'><strong>,</strong></span> <span class='ocrx_word' id='word_1_383' title='bbox 723 4569 881 4618; x_wconf 78' lang='grc' dir='ltr'>οἴκων</span> <span class='ocrx_word' id='word_1_384' title='bbox 943 4560 1144 4633; x_wconf 89' lang='grc' dir='ltr'>μεγέθη</span> <span class='ocrx_word' id='word_1_385' title='bbox 1192 4553 1693 4615; x_wconf 76' lang='grc' dir='ltr'>κατασκευάζοντες</span> <span class='ocrx_word' id='word_1_386' title='bbox 1740 4551 1833 4603; x_wconf 74' lang='grc' dir='ltr'><strong>καὶ</strong></span> 
     </span>
    </p>
   </div>
   <div class='ocr_carea' id='block_1_58' title="bbox 246 4642 1834 4720">
    <p class='ocr_par' dir='ltr' id='par_1_58' title="bbox 246 4642 1834 4720">
     <span class='ocr_line' id='line_1_58' title="bbox 246 4642 1834 4720; baseline -0.013 -3"><span class='ocrx_word' id='word_1_387' title='bbox 246 4666 439 4720; x_wconf 72' lang='grc' dir='ltr'>κάλλει</span> <span class='ocrx_word' id='word_1_388' title='bbox 468 4660 856 4720; x_wconf 84' lang='grc' dir='ltr'>ποικίλλοντες,</span> <span class='ocrx_word' id='word_1_389' title='bbox 901 4651 1126 4706; x_wconf 87' lang='grc' dir='ltr'>οἰκετῶν</span> <span class='ocrx_word' id='word_1_390' title='bbox 1164 4646 1471 4702; x_wconf 83' lang='grc' dir='ltr'>ἀκολούθων</span> <span class='ocrx_word' id='word_1_391' title='bbox 1518 4643 1695 4714; x_wconf 81' lang='grc' dir='ltr'>πλήθη</span> <span class='ocrx_word' id='word_1_392' title='bbox 1740 4642 1834 4694; x_wconf 74' lang='grc' dir='ltr'><strong>καὶ</strong></span> 
     </span>
    </p>
   </div>
   <div class='ocr_carea' id='block_1_59' title="bbox 247 4737 1832 4822">
    <p class='ocr_par' dir='ltr' id='par_1_59' title="bbox 247 4737 1832 4822">
     <span class='ocr_line' id='line_1_59' title="bbox 247 4737 1832 4822; baseline -0.014 -11"><span class='ocrx_word' id='word_1_393' title='bbox 247 4759 497 4811; x_wconf 78' lang='grc' dir='ltr'>κολάκων</span> <span class='ocrx_word' id='word_1_394' title='bbox 521 4751 907 4822; x_wconf 82' lang='grc' dir='ltr'>ἀναριθμήτων</span> <span class='ocrx_word' id='word_1_395' title='bbox 935 4742 1288 4815; x_wconf 80' lang='grc' dir='ltr'>ἐξηρτημένοι</span> <span class='ocrx_word' id='word_1_396' title='bbox 1314 4741 1630 4810; x_wconf 82' lang='grc' dir='ltr'>συστήματα</span> <span class='ocrx_word' id='word_1_397' title='bbox 1654 4755 1667 4768; x_wconf 77' lang='grc'><strong><em>⁸</em></strong></span> <span class='ocrx_word' id='word_1_398' title='bbox 1697 4737 1832 4790; x_wconf 83' lang='grc' dir='ltr'><strong>ἀλλά</strong></span> 
     </span>
    </p>
   </div>
   <div class='ocr_carea' id='block_1_60' title="bbox 247 4831 1832 4917">
    <p class='ocr_par' dir='ltr' id='par_1_60' title="bbox 247 4831 1832 4917">
     <span class='ocr_line' id='line_1_60' title="bbox 247 4831 1832 4917; baseline -0.013 -17"><span class='ocrx_word' id='word_1_399' title='bbox 247 4852 344 4902; x_wconf 76' lang='grc' dir='ltr'><strong>καὶ</strong></span> <span class='ocrx_word' id='word_1_400' title='bbox 365 4846 761 4917; x_wconf 74' lang='grc' dir='ltr'>χειροτονητοῖς</span> <span class='ocrx_word' id='word_1_401' title='bbox 786 4839 1085 4909; x_wconf 84' lang='grc' dir='ltr'>ἀξιώμασιν</span> <span class='ocrx_word' id='word_1_402' title='bbox 1109 4837 1247 4905; x_wconf 83' lang='grc' dir='ltr'>ὑπὲρ</span> <span class='ocrx_word' id='word_1_403' title='bbox 1271 4835 1432 4903; x_wconf 81' lang='grc' dir='ltr'>φύσιν</span> <span class='ocrx_word' id='word_1_404' title='bbox 1458 4832 1735 4902; x_wconf 64' lang='grc' dir='ltr'>ὑψοῦνται.</span> <span class='ocrx_word' id='word_1_405' title='bbox 1769 4831 1832 4883; x_wconf 73' lang='lat' dir='ltr'><strong>Ei</strong></span> 
     </span>
    </p>
   </div>
   <div class='ocr_carea' id='block_1_61' title="bbox 246 4923 1832 5012">
    <p class='ocr_par' dir='ltr' id='par_1_61' title="bbox 246 4923 1832 5012">
     <span class='ocr_line' id='line_1_61' title="bbox 246 4923 1832 5012; baseline -0.033 11"><span class='ocrx_word' id='word_1_406' title='bbox 246 4944 421 5012; x_wconf 56' lang='grc' dir='ltr'><strong>δῆμος</strong></span> <span class='ocrx_word' id='word_1_407' title='bbox 449 4939 670 5007; x_wconf 69' lang='grc' dir='ltr'><strong>ἀξίωμα</strong></span> <span class='ocrx_word' id='word_1_408' title='bbox 698 4935 805 5002; x_wconf 73' lang='grc' dir='ltr'><strong>δῷ⁹</strong></span> <span class='ocrx_word' id='word_1_409' title='bbox 853 4934 905 4985; x_wconf 77' lang='grc' dir='ltr'><strong>εἴ</strong></span> <span class='ocrx_word' id='word_1_410' title='bbox 933 4947 1078 4993; x_wconf 77' lang='grc' dir='ltr'>τινος</span> <span class='ocrx_word' id='word_1_411' title='bbox 1112 4928 1400 5000; x_wconf 81' lang='grc' dir='ltr'>προεδρίας</span> <span class='ocrx_word' id='word_1_412' title='bbox 1432 4923 1702 4990; x_wconf 80' lang='grc' dir='ltr'>ἀξιώσειε,</span> <span class='ocrx_word' id='word_1_413' title='bbox 1738 4924 1832 4975; x_wconf 76' lang='grc' dir='ltr'><strong>καὶ</strong></span> 
     </span>
    </p>
   </div>
   <div class='ocr_carea' id='block_1_62' title="bbox 247 5013 1832 5098">
    <p class='ocr_par' dir='ltr' id='par_1_62' title="bbox 247 5013 1832 5098">
     <span class='ocr_line' id='line_1_62' title="bbox 247 5013 1832 5098; baseline -0.015 -13"><span class='ocrx_word' id='word_1_414' title='bbox 247 5032 314 5084; x_wconf 80' lang='grc' dir='ltr'><strong>τὸ</strong></span> <span class='ocrx_word' id='word_1_415' title='bbox 342 5033 441 5098; x_wconf 85' lang='grc' dir='ltr'>τῆς</span> <span class='ocrx_word' id='word_1_416' title='bbox 495 5026 769 5096; x_wconf 75' lang='grc' dir='ltr'>ὑπεροχῆς</span> <span class='ocrx_word' id='word_1_417' title='bbox 815 5022 1030 5091; x_wconf 81' lang='grc' dir='ltr'>ἀξίωμα</span> <span class='ocrx_word' id='word_1_418' title='bbox 1057 5019 1354 5089; x_wconf 76' lang='grc' dir='ltr'>ψηφίσαιτο</span> <span class='ocrx_word' id='word_1_419' title='bbox 1405 5013 1553 5083; x_wconf 74' lang='grc' dir='ltr'>αὐτῷ</span> <span class='ocrx_word' id='word_1_420' title='bbox 1577 5031 1590 5044; x_wconf 76' lang='grc' dir='ltr'><strong><em>ο</em></strong></span> <span class='ocrx_word' id='word_1_421' title='bbox 1624 5014 1716 5066; x_wconf 79' lang='grc' dir='ltr'><strong>καὶ</strong></span> <span class='ocrx_word' id='word_1_422' title='bbox 1747 5014 1832 5064; x_wconf 90' lang='grc' dir='ltr'>ἐν-</span> 
     </span>
    </p>
   </div>
   <div class='ocr_carea' id='block_1_63' title="bbox 248 5103 1830 5190">
    <p class='ocr_par' dir='ltr' id='par_1_63' title="bbox 248 5103 1830 5190">
     <span class='ocr_line' id='line_1_63' title="bbox 248 5103 1830 5190; baseline -0.013 -14"><span class='ocrx_word' id='word_1_423' title='bbox 248 5123 427 5176; x_wconf 75' lang='grc' dir='ltr'>ταῦθα</span> <span class='ocrx_word' id='word_1_424' title='bbox 462 5121 546 5190; x_wconf 75' lang='grc' dir='ltr'>δὴ,</span> <span class='ocrx_word' id='word_1_425' title='bbox 602 5116 850 5186; x_wconf 79' lang='grc' dir='ltr'>καθάπερ</span> <span class='ocrx_word' id='word_1_426' title='bbox 881 5110 1309 5183; x_wconf 86' lang='grc' dir='ltr'>ὑπερϐάλλοντες</span> <span class='ocrx_word' id='word_1_427' title='bbox 1338 5109 1434 5178; x_wconf 82' lang='grc' dir='ltr'>τὴν</span> <span class='ocrx_word' id='word_1_428' title='bbox 1492 5103 1830 5177; x_wconf 85' lang='grc' dir='ltr'>ἀνθρώπειον</span> 
     </span>
    </p>
   </div>
   <div class='ocr_carea' id='block_1_64' title="bbox 249 5195 1831 5284">
    <p class='ocr_par' dir='ltr' id='par_1_64' title="bbox 249 5195 1831 5284">
     <span class='ocr_line' id='line_1_64' title="bbox 249 5195 1831 5284; baseline -0.015 -16"><span class='ocrx_word' id='word_1_429' title='bbox 249 5215 365 5284; x_wconf 83' lang='lat'><strong>(57)</strong></span> <span class='ocrx_word' id='word_1_430' title='bbox 397 5212 578 5282; x_wconf 75' lang='grc' dir='ltr'>φύσιν,</span> <span class='ocrx_word' id='word_1_431' title='bbox 616 5209 774 5280; x_wconf 82' lang='grc' dir='ltr'>μόνον</span> <span class='ocrx_word' id='word_1_432' title='bbox 801 5206 900 5277; x_wconf 76' lang='grc' dir='ltr'>τὴν</span> <span class='ocrx_word' id='word_1_433' title='bbox 926 5206 1029 5257; x_wconf 80' lang='grc' dir='ltr'><strong>οὑκ</strong></span> <span class='ocrx_word' id='word_1_434' title='bbox 1072 5203 1162 5254; x_wconf 69' lang='grc' dir='ltr'><strong>ἐπὶ</strong></span> <span class='ocrx_word' id='word_1_435' title='bbox 1199 5198 1437 5269; x_wconf 75' lang='grc' dir='ltr'>νεφελῶν</span> <span class='ocrx_word' id='word_1_436' title='bbox 1468 5195 1713 5266; x_wconf 82' lang='grc' dir='ltr'>ἱδρῦσθαι</span> <span class='ocrx_word' id='word_1_437' title='bbox 1748 5211 1831 5247; x_wconf 92' lang='grc' dir='ltr'>νο-</span> 
     </span>
    </p>
   </div>
   <div class='ocr_carea' id='block_1_65' title="bbox 325 5347 1832 5439">
    <p class='ocr_par' dir='ltr' id='par_1_65' title="bbox 325 5347 1832 5439">
     <span class='ocr_line' id='line_1_65' title="bbox 325 5347 1832 5439; baseline -0.014 -15"><span class='ocrx_word' id='word_1_438' title='bbox 325 5369 440 5439; x_wconf 80' lang='grc'><strong>(55)</strong></span> <span class='ocrx_word' id='word_1_439' title='bbox 472 5367 636 5439; x_wconf 68' lang='lat' dir='ltr'><strong>Editi</strong></span> <span class='ocrx_word' id='word_1_440' title='bbox 667 5361 990 5439; x_wconf 64' lang='lat' dir='ltr'><strong>simpliciter</strong></span> <span class='ocrx_word' id='word_1_441' title='bbox 1025 5359 1153 5428; x_wconf 77' lang='grc' dir='ltr'>περὶ</span> <span class='ocrx_word' id='word_1_442' title='bbox 1196 5350 1714 5439; x_wconf 70' lang='grc' dir='ltr'>ταπεινοφροσύνης,</span> <span class='ocrx_word' id='word_1_443' title='bbox 1736 5347 1832 5439; x_wconf 15' lang='lat' dir='ltr'><strong>Uide</strong></span> 
     </span>
    </p>
   </div>
   <div class='ocr_carea' id='block_1_66' title="bbox 253 5429 1832 5499">
    <p class='ocr_par' dir='ltr' id='par_1_66' title="bbox 253 5429 1832 5499">
     <span class='ocr_line' id='line_1_66' title="bbox 253 5429 1832 5499; baseline -0.014 -7"><span class='ocrx_word' id='word_1_444' title='bbox 253 5429 573 5492; x_wconf 70' lang='lat' dir='ltr'><strong>humilitate.</strong></span> <span class='ocrx_word' id='word_1_445' title='bbox 610 5436 679 5489; x_wconf 84' lang='lat' dir='ltr'><strong>At</strong></span> <span class='ocrx_word' id='word_1_446' title='bbox 707 5429 864 5488; x_wconf 80' lang='lat' dir='ltr'><strong>Colb.</strong></span> <span class='ocrx_word' id='word_1_447' title='bbox 905 5431 1117 5499; x_wconf 87' lang='lat' dir='ltr'><strong>primus</strong></span> <span class='ocrx_word' id='word_1_448' title='bbox 1146 5429 1832 5499; x_wconf 57' lang='lat' dir='ltr'><strong>nsp‘tfrarrswogapoci&#39;wqg,</strong></span> 
     </span>
    </p>
   </div>
   <div class='ocr_carea' id='block_1_67' title="bbox 255 5490 1835 5574">
    <p class='ocr_par' dir='ltr' id='par_1_67' title="bbox 255 5490 1835 5574">
     <span class='ocr_line' id='line_1_67' title="bbox 255 5490 1835 5574; baseline -0.016 -9"><span class='ocrx_word' id='word_1_449' title='bbox 527 5490 608 5561; x_wconf 57' lang='lat' dir='ltr'><strong>&amp;E</strong></span> <span class='ocrx_word' id='word_1_450' title='bbox 661 5490 979 5574; x_wconf 72' lang='grc' dir='ltr'>σωφρονεῖν,</span> <span class='ocrx_word' id='word_1_451' title='bbox 1014 5490 1835 5574; x_wconf 27' lang='grc' dir='ltr'>ἄελΙιιη-νξὶίὶεαιεκεῑίιιιοιηοῡάο</span> 
     </span>
    </p>
   </div>
   <div class='ocr_carea' id='block_1_68' title="bbox 257 5562 1838 5646">
    <p class='ocr_par' dir='ltr' id='par_1_68' title="bbox 257 5562 1838 5646">
     <span class='ocr_line' id='line_1_68' title="bbox 257 5562 1838 5646; baseline -0.013 -12"><span class='ocrx_word' id='word_1_452' title='bbox 257 5562 492 5646; x_wconf 61' lang='lat' dir='ltr'><strong>oporteat</strong></span> <span class='ocrx_word' id='word_1_453' title='bbox 519 5562 829 5631; x_wconf 49' lang='lat' dir='ltr'><strong>modeste-se</strong></span> <span class='ocrx_word' id='word_1_454' title='bbox 852 5562 1046 5641; x_wconf 27' lang='lat' dir='ltr'><strong>gere—re.</strong></span> <span class='ocrx_word' id='word_1_455' title='bbox 1079 5567 1233 5646; x_wconf 62' lang='lat' dir='ltr'><strong>Regii</strong></span> <span class='ocrx_word' id='word_1_456' title='bbox 1262 5562 1838 5646; x_wconf 31' lang='lat' dir='ltr'><strong>Secundus&#39;et‘tertius</strong></span> 
     </span>
    </p>
   </div>
   <div class='ocr_carea' id='block_1_69' title="bbox 261 5631 1833 5718">
    <p class='ocr_par' dir='ltr' id='par_1_69' title="bbox 261 5631 1833 5718">
     <span class='ocr_line' id='line_1_69' title="bbox 261 5631 1833 5718; baseline -0.012 -18"><span class='ocrx_word' id='word_1_457' title='bbox 517 5631 1138 5718; x_wconf 46' lang='lat' dir='ltr'><strong>amzppoveiv,_vquornodo</strong></span> <span class='ocrx_word' id='word_1_458' title='bbox 1164 5631 1409 5718; x_wconf 60' lang='lat' dir='ltr'><strong>oporteat</strong></span> <span class='ocrx_word' id='word_1_459' title='bbox 1431 5633 1694 5718; x_wconf 48' lang='lat' dir='ltr'><strong>modestia</strong></span> <span class='ocrx_word' id='word_1_460' title='bbox 1733 5631 1833 5682; x_wconf 76' lang='lat' dir='ltr'><strong>uti.</strong></span> 
     </span>
    </p>
   </div>
   <div class='ocr_carea' id='block_1_70' title="bbox 332 5702 1833 5791">
    <p class='ocr_par' dir='ltr' id='par_1_70' title="bbox 332 5702 1833 5791">
     <span class='ocr_line' id='line_1_70' title="bbox 332 5702 1833 5791; baseline -0.016 -16"><span class='ocrx_word' id='word_1_461' title='bbox 332 5702 442 5791; x_wconf 60' lang='lat'><strong>(36)</strong></span> <span class='ocrx_word' id='word_1_462' title='bbox 473 5702 1104 5791; x_wconf 50' lang='lat' dir='ltr'><strong>Com&#39;liEﬁsianialiquot</strong></span> <span class='ocrx_word' id='word_1_463' title='bbox 1133 5702 1364 5791; x_wconf 65' lang='lat' dir='ltr'><strong>codices</strong></span> <span class='ocrx_word' id='word_1_464' title='bbox 1398 5705 1486 5786; x_wconf 64' lang='grc' dir='ltr'><strong>τδν</strong></span> <span class='ocrx_word' id='word_1_465' title='bbox 1526 5702 1833 5791; x_wconf 68' lang='grc' dir='ltr'>ἀνθρωπον,</span> 
     </span>
    </p>
   </div>
   <div class='ocr_carea' id='block_1_71' title="bbox 265 5777 1838 5857">
    <p class='ocr_par' dir='ltr' id='par_1_71' title="bbox 265 5777 1838 5857">
     <span class='ocr_line' id='line_1_71' title="bbox 265 5777 1838 5857; baseline -0.012 -15"><span class='ocrx_word' id='word_1_466' title='bbox 265 5777 517 5844; x_wconf 64' lang='lat' dir='ltr'><strong>hominem</strong></span> <span class='ocrx_word' id='word_1_467' title='bbox 555 5788 767 5857; x_wconf 84' lang='lat' dir='ltr'><strong>dejecit,</strong></span> <span class='ocrx_word' id='word_1_468' title='bbox 798 5777 1069 5857; x_wconf 70' lang='lat' dir='ltr'><strong>Adamum</strong></span> <span class='ocrx_word' id='word_1_469' title='bbox 1097 5778 1397 5857; x_wconf 38' lang='lat' dir='ltr'><strong>videlicet;</strong></span> <span class='ocrx_word' id='word_1_470' title='bbox 1439 5777 1630 5857; x_wconf 57' lang='lat' dir='ltr'><strong>innquo</strong></span> <span class='ocrx_word' id='word_1_471' title='bbox 1678 5788 1838 5825; x_wconf 89' lang='lat' dir='ltr'><strong>omne</strong></span> 
     </span>
    </p>
   </div>
   <div class='ocr_carea' id='block_1_72' title="bbox 269 5844 1840 5927">
    <p class='ocr_par' dir='ltr' id='par_1_72' title="bbox 269 5844 1840 5927">
     <span class='ocr_line' id='line_1_72' title="bbox 269 5844 1840 5927; baseline -0.01 -13"><span class='ocrx_word' id='word_1_472' title='bbox 269 5861 428 5915; x_wconf 80' lang='lat' dir='ltr'><strong>simul</strong></span> <span class='ocrx_word' id='word_1_473' title='bbox 465 5844 763 5916; x_wconf 25' lang='lat' dir='ltr'><strong>hominum.</strong></span> <span class='ocrx_word' id='word_1_474' title='bbox 779 5868 952 5927; x_wconf 76' lang='lat' dir='ltr'><strong>genus</strong></span> <span class='ocrx_word' id='word_1_475' title='bbox 986 5849 1200 5919; x_wconf 73' lang='lat' dir='ltr'><strong>deiecit.</strong></span> <span class='ocrx_word' id='word_1_476' title='bbox 1236 5848 1373 5903; x_wconf 84' lang='lat' dir='ltr'><strong>Editi</strong></span> <span class='ocrx_word' id='word_1_477' title='bbox 1401 5855 1452 5901; x_wconf 88' lang='lat' dir='ltr'><strong>et</strong></span> <span class='ocrx_word' id='word_1_478' title='bbox 1490 5844 1621 5917; x_wconf 76' lang='lat' dir='ltr'><strong>Reg.</strong></span> <span class='ocrx_word' id='word_1_479' title='bbox 1650 5859 1840 5900; x_wconf 81' lang='lat' dir='ltr'><strong>secun-</strong></span> 
     </span>
    </p>
   </div>
   <div class='ocr_carea' id='block_1_73' title="bbox 1939 2066 3509 2140">
    <p class='ocr_par' dir='ltr' id='par_1_73' title="bbox 1939 2066 3509 2140">
     <span class='ocr_line' id='line_1_73' title="bbox 1939 2066 3509 2140; baseline 0.001 -19"><span class='ocrx_word' id='word_1_480' title='bbox 1939 2077 2043 2122; x_wconf 92' lang='lat' dir='ltr'><strong>tus.</strong></span> <span class='ocrx_word' id='word_1_481' title='bbox 2083 2066 2186 2122; x_wconf 91' lang='lat' dir='ltr'><strong>Sed</strong></span> <span class='ocrx_word' id='word_1_482' title='bbox 2208 2068 2300 2122; x_wconf 91' lang='lat' dir='ltr'><strong>ubi</strong></span> <span class='ocrx_word' id='word_1_483' title='bbox 2323 2069 2520 2122; x_wconf 69' lang='lat' dir='ltr'><strong>divintr</strong></span> <span class='ocrx_word' id='word_1_484' title='bbox 2550 2069 2734 2140; x_wconf 71' lang='lat' dir='ltr'><strong>gloria:</strong></span> <span class='ocrx_word' id='word_1_485' title='bbox 2755 2069 3083 2123; x_wconf 87' lang='lat' dir='ltr'><strong>desiderium</strong></span> <span class='ocrx_word' id='word_1_486' title='bbox 3103 2069 3509 2130; x_wconf 81' lang='lat' dir='ltr'><strong>transmutavit,</strong></span> 
     </span>
    </p>
   </div>
   <div class='ocr_carea' id='block_1_74' title="bbox 1934 2157 3516 2228">
    <p class='ocr_par' dir='ltr' id='par_1_74' title="bbox 1934 2157 3516 2228">
     <span class='ocr_line' id='line_1_74' title="bbox 1934 2157 3516 2228; baseline 0.001 -17"><span class='ocrx_word' id='word_1_487' title='bbox 1934 2167 1990 2211; x_wconf 94' lang='lat' dir='ltr'><strong>et</strong></span> <span class='ocrx_word' id='word_1_488' title='bbox 2006 2157 2269 2227; x_wconf 78' lang='lat' dir='ltr'><strong>majorem</strong></span> <span class='ocrx_word' id='word_1_489' title='bbox 2289 2173 2537 2227; x_wconf 89' lang='lat' dir='ltr'><strong>sperans,</strong></span> <span class='ocrx_word' id='word_1_490' title='bbox 2560 2166 2615 2212; x_wconf 89' lang='lat' dir='ltr'><strong>et</strong></span> <span class='ocrx_word' id='word_1_491' title='bbox 2636 2159 2884 2228; x_wconf 88' lang='lat' dir='ltr'><strong>accipere</strong></span> <span class='ocrx_word' id='word_1_492' title='bbox 2909 2157 3176 2212; x_wconf 83' lang='lat' dir='ltr'><strong>festinans</strong></span> <span class='ocrx_word' id='word_1_493' title='bbox 3203 2158 3346 2227; x_wconf 93' lang='lat' dir='ltr'><strong>quod</strong></span> <span class='ocrx_word' id='word_1_494' title='bbox 3364 2173 3516 2212; x_wconf 86' lang='lat' dir='ltr'><strong>asse-</strong></span> 
     </span>
    </p>
   </div>
   <div class='ocr_carea' id='block_1_75' title="bbox 1935 2251 3513 2320">
    <p class='ocr_par' dir='ltr' id='par_1_75' title="bbox 1935 2251 3513 2320">
     <span class='ocr_line' id='line_1_75' title="bbox 1935 2251 3513 2320; baseline 0 -18"><span class='ocrx_word' id='word_1_495' title='bbox 1935 2251 2025 2320; x_wconf 87' lang='lat' dir='ltr'><strong>qui</strong></span> <span class='ocrx_word' id='word_1_496' title='bbox 2053 2251 2340 2319; x_wconf 70' lang='lat' dir='ltr'><strong>nequiliat,</strong></span> <span class='ocrx_word' id='word_1_497' title='bbox 2371 2251 2558 2304; x_wconf 88' lang='lat' dir='ltr'><strong>amisit</strong></span> <span class='ocrx_word' id='word_1_498' title='bbox 2583 2251 2730 2319; x_wconf 90' lang='lat' dir='ltr'><strong>quod</strong></span> <span class='ocrx_word' id='word_1_499' title='bbox 2759 2251 2957 2306; x_wconf 87' lang='lat' dir='ltr'><strong>habere</strong></span> <span class='ocrx_word' id='word_1_500' title='bbox 2986 2258 3196 2320; x_wconf 86' lang='lat' dir='ltr'><strong>poterat</strong></span> <span class='ocrx_word' id='word_1_501' title='bbox 3230 2270 3241 2304; x_wconf 87' lang='lat'><strong>:</strong></span> <span class='ocrx_word' id='word_1_502' title='bbox 3276 2253 3513 2304; x_wconf 74' lang='lat' dir='ltr'><strong>maxima</strong></span> 
     </span>
    </p>
   </div>
   <div class='ocr_carea' id='block_1_76' title="bbox 1936 2343 3510 2414">
    <p class='ocr_par' dir='ltr' id='par_1_76' title="bbox 1936 2343 3510 2414">
     <span class='ocr_line' id='line_1_76' title="bbox 1936 2343 3510 2414; baseline -0.001 -16"><span class='ocrx_word' id='word_1_503' title='bbox 1936 2345 2085 2398; x_wconf 91' lang='lat' dir='ltr'><strong>salus</strong></span> <span class='ocrx_word' id='word_1_504' title='bbox 2113 2344 2340 2406; x_wconf 89' lang='lat' dir='ltr'><strong>homini,</strong></span> <span class='ocrx_word' id='word_1_505' title='bbox 2376 2344 2662 2414; x_wconf 88' lang='lat' dir='ltr'><strong>morbique</strong></span> <span class='ocrx_word' id='word_1_506' title='bbox 2696 2343 2924 2405; x_wconf 87' lang='lat' dir='ltr'><strong>medela,</strong></span> <span class='ocrx_word' id='word_1_507' title='bbox 2949 2352 3002 2397; x_wconf 87' lang='lat' dir='ltr'><strong>et</strong></span> <span class='ocrx_word' id='word_1_508' title='bbox 3043 2343 3250 2397; x_wconf 91' lang='lat' dir='ltr'><strong>reditus</strong></span> <span class='ocrx_word' id='word_1_509' title='bbox 3293 2344 3360 2396; x_wconf 92' lang='lat' dir='ltr'><strong>ad</strong></span> <span class='ocrx_word' id='word_1_510' title='bbox 3398 2345 3510 2411; x_wconf 86' lang='lat' dir='ltr'><strong>pri-</strong></span> 
     </span>
    </p>
   </div>
   <div class='ocr_carea' id='block_1_77' title="bbox 1936 2436 3514 2506">
    <p class='ocr_par' dir='ltr' id='par_1_77' title="bbox 1936 2436 3514 2506">
     <span class='ocr_line' id='line_1_77' title="bbox 1936 2436 3514 2506; baseline 0 -16"><span class='ocrx_word' id='word_1_511' title='bbox 1936 2451 2083 2490; x_wconf 89' lang='lat' dir='ltr'><strong>mum</strong></span> <span class='ocrx_word' id='word_1_512' title='bbox 2121 2445 2345 2500; x_wconf 89' lang='lat' dir='ltr'><strong>statum,</strong></span> <span class='ocrx_word' id='word_1_513' title='bbox 2387 2444 2471 2490; x_wconf 88' lang='lat' dir='ltr'><strong>est</strong></span> <span class='ocrx_word' id='word_1_514' title='bbox 2501 2436 2758 2490; x_wconf 91' lang='lat' dir='ltr'><strong>humilem</strong></span> <span class='ocrx_word' id='word_1_515' title='bbox 2781 2451 2926 2502; x_wconf 90' lang='lat' dir='ltr'><strong>esse,</strong></span> <span class='ocrx_word' id='word_1_516' title='bbox 2970 2436 3284 2504; x_wconf 87' lang='lat' dir='ltr'><strong>nulliusque</strong></span> <span class='ocrx_word' id='word_1_517' title='bbox 3329 2436 3514 2506; x_wconf 76' lang='lat' dir='ltr'><strong>gloriae</strong></span> 
     </span>
    </p>
   </div>
   <div class='ocr_carea' id='block_1_78' title="bbox 1936 2528 3509 2600">
    <p class='ocr_par' dir='ltr' id='par_1_78' title="bbox 1936 2528 3509 2600">
     <span class='ocr_line' id='line_1_78' title="bbox 1936 2528 3509 2600; baseline -0.001 -19"><span class='ocrx_word' id='word_1_518' title='bbox 1936 2539 2257 2600; x_wconf 85' lang='lat' dir='ltr'><strong>apparatum</strong></span> <span class='ocrx_word' id='word_1_519' title='bbox 2295 2545 2323 2583; x_wconf 88' lang='lat' dir='ltr'><strong>a</strong></span> <span class='ocrx_word' id='word_1_520' title='bbox 2355 2547 2412 2583; x_wconf 91' lang='lat' dir='ltr'><strong>se</strong></span> <span class='ocrx_word' id='word_1_521' title='bbox 2453 2530 2818 2591; x_wconf 89' lang='lat' dir='ltr'><strong>comminisci,</strong></span> <span class='ocrx_word' id='word_1_522' title='bbox 2873 2529 2965 2583; x_wconf 91' lang='lat' dir='ltr'><strong>sed</strong></span> <span class='ocrx_word' id='word_1_523' title='bbox 3010 2545 3040 2582; x_wconf 89' lang='lat' dir='ltr'><strong>a</strong></span> <span class='ocrx_word' id='word_1_524' title='bbox 3076 2528 3186 2583; x_wconf 91' lang='lat' dir='ltr'><strong>Deo</strong></span> <span class='ocrx_word' id='word_1_525' title='bbox 3244 2543 3509 2598; x_wconf 71' lang='lat' dir='ltr'><strong>quaerere.</strong></span> 
     </span>
    </p>
   </div>
   <div class='ocr_carea' id='block_1_79' title="bbox 1938 2621 3513 2691">
    <p class='ocr_par' dir='ltr' id='par_1_79' title="bbox 1938 2621 3513 2691">
     <span class='ocr_line' id='line_1_79' title="bbox 1938 2621 3513 2691; baseline -0.001 -16"><span class='ocrx_word' id='word_1_526' title='bbox 1938 2623 2012 2675; x_wconf 91' lang='lat' dir='ltr'><strong>Ita</strong></span> <span class='ocrx_word' id='word_1_527' title='bbox 2044 2622 2188 2676; x_wconf 89' lang='lat' dir='ltr'><strong>enim</strong></span> <span class='ocrx_word' id='word_1_528' title='bbox 2231 2631 2472 2675; x_wconf 78' lang='lat' dir='ltr'><strong>erratum</strong></span> <span class='ocrx_word' id='word_1_529' title='bbox 2522 2622 2774 2691; x_wconf 83' lang='lat' dir='ltr'><strong>corriget,</strong></span> <span class='ocrx_word' id='word_1_530' title='bbox 2823 2621 2895 2674; x_wconf 89' lang='lat' dir='ltr'><strong>ita</strong></span> <span class='ocrx_word' id='word_1_531' title='bbox 2942 2621 3132 2674; x_wconf 91' lang='lat' dir='ltr'><strong>morbo</strong></span> <span class='ocrx_word' id='word_1_532' title='bbox 3188 2621 3513 2682; x_wconf 86' lang='lat' dir='ltr'><strong>medehitur.</strong></span> 
     </span>
    </p>
   </div>
   <div class='ocr_carea' id='block_1_80' title="bbox 1936 2714 3510 2785">
    <p class='ocr_par' dir='ltr' id='par_1_80' title="bbox 1936 2714 3510 2785">
     <span class='ocr_line' id='line_1_80' title="bbox 1936 2714 3510 2785; baseline -0.001 -16"><span class='ocrx_word' id='word_1_533' title='bbox 1936 2717 2012 2770; x_wconf 88' lang='lat' dir='ltr'><strong>ita</strong></span> <span class='ocrx_word' id='word_1_534' title='bbox 2042 2714 2108 2768; x_wconf 90' lang='lat' dir='ltr'><strong>ad</strong></span> <span class='ocrx_word' id='word_1_535' title='bbox 2146 2722 2476 2785; x_wconf 59' lang='lat' dir='ltr'><strong>praecptum</strong></span> <span class='ocrx_word' id='word_1_536' title='bbox 2511 2730 2751 2780; x_wconf 85' lang='lat' dir='ltr'><strong>sacrum,</strong></span> <span class='ocrx_word' id='word_1_537' title='bbox 2781 2715 2925 2783; x_wconf 90' lang='lat' dir='ltr'><strong>quod</strong></span> <span class='ocrx_word' id='word_1_538' title='bbox 2956 2715 3220 2778; x_wconf 87' lang='lat' dir='ltr'><strong>deseruit,</strong></span> <span class='ocrx_word' id='word_1_539' title='bbox 3242 2724 3510 2768; x_wconf 87' lang='lat' dir='ltr'><strong>recurret.</strong></span> 
     </span>
    </p>
   </div>
   <div class='ocr_carea' id='block_1_81' title="bbox 1936 2803 3511 2876">
    <p class='ocr_par' dir='ltr' id='par_1_81' title="bbox 1936 2803 3511 2876">
     <span class='ocr_line' id='line_1_81' title="bbox 1936 2803 3511 2876; baseline -0.001 -14"><span class='ocrx_word' id='word_1_540' title='bbox 1936 2806 2230 2876; x_wconf 85' lang='lat' dir='ltr'><strong>Postquam</strong></span> <span class='ocrx_word' id='word_1_541' title='bbox 2280 2815 2460 2858; x_wconf 83' lang='lat' dir='ltr'><strong>autem</strong></span> <span class='ocrx_word' id='word_1_542' title='bbox 2507 2805 2757 2860; x_wconf 88' lang='lat' dir='ltr'><strong>diabolus</strong></span> <span class='ocrx_word' id='word_1_543' title='bbox 2799 2822 2894 2874; x_wconf 89' lang='lat' dir='ltr'><strong>spe</strong></span> <span class='ocrx_word' id='word_1_544' title='bbox 2936 2803 3083 2858; x_wconf 72' lang='lat' dir='ltr'><strong>falsre</strong></span> <span class='ocrx_word' id='word_1_545' title='bbox 3133 2805 3316 2874; x_wconf 65' lang='lat' dir='ltr'><strong>gloria:</strong></span> <span class='ocrx_word' id='word_1_546' title='bbox 3354 2803 3511 2874; x_wconf 80' lang='grc'><strong>157</strong></span> 
     </span>
    </p>
   </div>
   <div class='ocr_carea' id='block_1_82' title="bbox 1937 2897 3516 2966">
    <p class='ocr_par' dir='ltr' id='par_1_82' title="bbox 1937 2897 3516 2966">
     <span class='ocr_line' id='line_1_82' title="bbox 1937 2897 3516 2966; baseline -0.003 -14"><span class='ocrx_word' id='word_1_547' title='bbox 1937 2899 2207 2953; x_wconf 90' lang='lat' dir='ltr'><strong>hominem</strong></span> <span class='ocrx_word' id='word_1_548' title='bbox 2236 2897 2452 2966; x_wconf 80' lang='lat' dir='ltr'><strong>dejcrit,</strong></span> <span class='ocrx_word' id='word_1_549' title='bbox 2489 2911 2595 2950; x_wconf 88' lang='lat' dir='ltr'><strong>non</strong></span> <span class='ocrx_word' id='word_1_550' title='bbox 2625 2905 2804 2951; x_wconf 90' lang='lat' dir='ltr'><strong>cessat</strong></span> <span class='ocrx_word' id='word_1_551' title='bbox 2832 2912 2954 2949; x_wconf 92' lang='lat' dir='ltr'><strong>eum</strong></span> <span class='ocrx_word' id='word_1_552' title='bbox 2984 2897 3176 2950; x_wconf 88' lang='lat' dir='ltr'><strong>iisdem</strong></span> <span class='ocrx_word' id='word_1_553' title='bbox 3201 2897 3516 2950; x_wconf 84' lang='lat' dir='ltr'><strong>irritamen-</strong></span> 
     </span>
    </p>
   </div>
   <div class='ocr_carea' id='block_1_83' title="bbox 1936 2985 3517 3059">
    <p class='ocr_par' dir='ltr' id='par_1_83' title="bbox 1936 2985 3517 3059">
     <span class='ocr_line' id='line_1_83' title="bbox 1936 2985 3517 3059; baseline 0 -17"><span class='ocrx_word' id='word_1_554' title='bbox 1936 2990 2007 3043; x_wconf 87' lang='lat' dir='ltr'><strong>tis</strong></span> <span class='ocrx_word' id='word_1_555' title='bbox 2040 3004 2357 3059; x_wconf 82' lang='lat' dir='ltr'><strong>provocare,</strong></span> <span class='ocrx_word' id='word_1_556' title='bbox 2390 2997 2442 3042; x_wconf 89' lang='lat' dir='ltr'><strong>et</strong></span> <span class='ocrx_word' id='word_1_557' title='bbox 2482 2988 2768 3040; x_wconf 87' lang='lat' dir='ltr'><strong>innumera</strong></span> <span class='ocrx_word' id='word_1_558' title='bbox 2802 2985 2869 3040; x_wconf 89' lang='lat' dir='ltr'><strong>ad</strong></span> <span class='ocrx_word' id='word_1_559' title='bbox 2917 2987 3022 3040; x_wconf 88' lang='lat' dir='ltr'><strong>hoc</strong></span> <span class='ocrx_word' id='word_1_560' title='bbox 3078 2988 3517 3042; x_wconf 74' lang='lat' dir='ltr'><strong>machinamenta</strong></span> 
     </span>
    </p>
   </div>
   <div class='ocr_carea' id='block_1_84' title="bbox 1935 3076 3518 3146">
    <p class='ocr_par' dir='ltr' id='par_1_84' title="bbox 1935 3076 3518 3146">
     <span class='ocr_line' id='line_1_84' title="bbox 1935 3076 3518 3146; baseline -0.004 -12"><span class='ocrx_word' id='word_1_561' title='bbox 1935 3079 2300 3134; x_wconf 87' lang='lat' dir='ltr'><strong>comminisci.</strong></span> <span class='ocrx_word' id='word_1_562' title='bbox 2340 3077 2402 3131; x_wconf 83' lang='lat' dir='ltr'><strong>Et</strong></span> <span class='ocrx_word' id='word_1_563' title='bbox 2429 3077 2646 3146; x_wconf 81' lang='lat' dir='ltr'><strong>quidem</strong></span> <span class='ocrx_word' id='word_1_564' title='bbox 2673 3077 2984 3130; x_wconf 79' lang='lat' dir='ltr'><strong>divitiarum</strong></span> <span class='ocrx_word' id='word_1_565' title='bbox 3018 3076 3230 3145; x_wconf 89' lang='lat' dir='ltr'><strong>copiam</strong></span> <span class='ocrx_word' id='word_1_566' title='bbox 3264 3090 3363 3130; x_wconf 87' lang='lat' dir='ltr'><strong>ceu</strong></span> <span class='ocrx_word' id='word_1_567' title='bbox 3402 3091 3518 3129; x_wconf 87' lang='lat' dir='ltr'><strong>ma-</strong></span> 
     </span>
    </p>
   </div>
   <div class='ocr_carea' id='block_1_85' title="bbox 1935 3163 3517 3235">
    <p class='ocr_par' dir='ltr' id='par_1_85' title="bbox 1935 3163 3517 3235">
     <span class='ocr_line' id='line_1_85' title="bbox 1935 3163 3517 3235; baseline -0.002 -14"><span class='ocrx_word' id='word_1_568' title='bbox 1935 3183 2100 3234; x_wconf 77' lang='lat' dir='ltr'><strong>gnum</strong></span> <span class='ocrx_word' id='word_1_569' title='bbox 2128 3167 2389 3235; x_wconf 86' lang='lat' dir='ltr'><strong>quiddam</strong></span> <span class='ocrx_word' id='word_1_570' title='bbox 2423 3168 2471 3220; x_wconf 93' lang='lat' dir='ltr'><strong>ei</strong></span> <span class='ocrx_word' id='word_1_571' title='bbox 2501 3165 2742 3220; x_wconf 89' lang='lat' dir='ltr'><strong>ostendit</strong></span> <span class='ocrx_word' id='word_1_572' title='bbox 2786 3173 2845 3218; x_wconf 88' lang='lat' dir='ltr'><strong>ut</strong></span> <span class='ocrx_word' id='word_1_573' title='bbox 2882 3165 3008 3218; x_wconf 86' lang='lat' dir='ltr'><strong>inde</strong></span> <span class='ocrx_word' id='word_1_574' title='bbox 3055 3163 3332 3226; x_wconf 71' lang='lat' dir='ltr'><strong>efferatur,</strong></span> <span class='ocrx_word' id='word_1_575' title='bbox 3379 3165 3517 3218; x_wconf 88' lang='lat' dir='ltr'><strong>illic-</strong></span> 
     </span>
    </p>
   </div>
   <div class='ocr_carea' id='block_1_86' title="bbox 1936 3252 3517 3327">
    <p class='ocr_par' dir='ltr' id='par_1_86' title="bbox 1936 3252 3517 3327">
     <span class='ocr_line' id='line_1_86' title="bbox 1936 3252 3517 3327; baseline -0.003 -17"><span class='ocrx_word' id='word_1_576' title='bbox 1936 3273 2042 3327; x_wconf 89' lang='lat' dir='ltr'><strong>que</strong></span> <span class='ocrx_word' id='word_1_577' title='bbox 2081 3257 2319 3312; x_wconf 88' lang='lat' dir='ltr'><strong>studium</strong></span> <span class='ocrx_word' id='word_1_578' title='bbox 2368 3265 2533 3325; x_wconf 89' lang='lat' dir='ltr'><strong>ponat</strong></span> <span class='ocrx_word' id='word_1_579' title='bbox 2566 3278 2577 3310; x_wconf 86' lang='lat'><strong>:</strong></span> <span class='ocrx_word' id='word_1_580' title='bbox 2611 3255 2754 3325; x_wconf 92' lang='lat' dir='ltr'><strong>quod</strong></span> <span class='ocrx_word' id='word_1_581' title='bbox 2790 3264 2967 3308; x_wconf 87' lang='lat' dir='ltr'><strong>tamen</strong></span> <span class='ocrx_word' id='word_1_582' title='bbox 3025 3254 3158 3306; x_wconf 92' lang='lat' dir='ltr'><strong>nihil</strong></span> <span class='ocrx_word' id='word_1_583' title='bbox 3201 3252 3413 3307; x_wconf 84' lang='lat' dir='ltr'><strong>confert</strong></span> <span class='ocrx_word' id='word_1_584' title='bbox 3447 3253 3517 3306; x_wconf 89' lang='lat' dir='ltr'><strong>ad</strong></span> 
     </span>
    </p>
   </div>
   <div class='ocr_carea' id='block_1_87' title="bbox 1933 3346 3508 3421">
    <p class='ocr_par' dir='ltr' id='par_1_87' title="bbox 1933 3346 3508 3421">
     <span class='ocr_line' id='line_1_87' title="bbox 1933 3346 3508 3421; baseline -0.005 -16"><span class='ocrx_word' id='word_1_585' title='bbox 1933 3351 2184 3421; x_wconf 78' lang='lat' dir='ltr'><strong>gloriam,</strong></span> <span class='ocrx_word' id='word_1_586' title='bbox 2210 3351 2318 3403; x_wconf 90' lang='lat' dir='ltr'><strong>imo</strong></span> <span class='ocrx_word' id='word_1_587' title='bbox 2345 3349 2522 3418; x_wconf 91' lang='lat' dir='ltr'><strong>potius</strong></span> <span class='ocrx_word' id='word_1_588' title='bbox 2553 3351 2608 3404; x_wconf 93' lang='lat' dir='ltr'><strong>in</strong></span> <span class='ocrx_word' id='word_1_589' title='bbox 2638 3362 2892 3417; x_wconf 81' lang='lat' dir='ltr'><strong>magnum</strong></span> <span class='ocrx_word' id='word_1_590' title='bbox 2921 3347 3220 3415; x_wconf 91' lang='lat' dir='ltr'><strong>periculum</strong></span> <span class='ocrx_word' id='word_1_591' title='bbox 3263 3346 3508 3399; x_wconf 89' lang='lat' dir='ltr'><strong>adducit.</strong></span> 
     </span>
    </p>
   </div>
   <div class='ocr_carea' id='block_1_88' title="bbox 1932 3437 3513 3511">
    <p class='ocr_par' dir='ltr' id='par_1_88' title="bbox 1932 3437 3513 3511">
     <span class='ocr_line' id='line_1_88' title="bbox 1932 3437 3513 3511; baseline -0.006 -14"><span class='ocrx_word' id='word_1_592' title='bbox 1932 3442 2066 3496; x_wconf 84' lang='lat' dir='ltr'><strong>Nam</strong></span> <span class='ocrx_word' id='word_1_593' title='bbox 2105 3440 2460 3511; x_wconf 88' lang='lat' dir='ltr'><strong>pecuniarum</strong></span> <span class='ocrx_word' id='word_1_594' title='bbox 2491 3439 2827 3507; x_wconf 86' lang='lat' dir='ltr'><strong>comparatio</strong></span> <span class='ocrx_word' id='word_1_595' title='bbox 2863 3437 3108 3490; x_wconf 71' lang='lat' dir='ltr'><strong>avaritizr.</strong></span> <span class='ocrx_word' id='word_1_596' title='bbox 3145 3437 3361 3504; x_wconf 80' lang='lat' dir='ltr'><strong>quidem</strong></span> <span class='ocrx_word' id='word_1_597' title='bbox 3398 3451 3513 3488; x_wconf 89' lang='lat' dir='ltr'><strong>ma-</strong></span> 
     </span>
    </p>
   </div>
   <div class='ocr_carea' id='block_1_89' title="bbox 1930 3526 3520 3597">
    <p class='ocr_par' dir='ltr' id='par_1_89' title="bbox 1930 3526 3520 3597">
     <span class='ocr_line' id='line_1_89' title="bbox 1930 3526 3520 3597; baseline -0.006 -10"><span class='ocrx_word' id='word_1_598' title='bbox 1930 3538 2066 3588; x_wconf 89' lang='lat' dir='ltr'><strong>teria</strong></span> <span class='ocrx_word' id='word_1_599' title='bbox 2093 3543 2197 3595; x_wconf 90' lang='lat' dir='ltr'><strong>est,</strong></span> <span class='ocrx_word' id='word_1_600' title='bbox 2225 3550 2326 3587; x_wconf 89' lang='lat' dir='ltr'><strong>nec</strong></span> <span class='ocrx_word' id='word_1_601' title='bbox 2361 3543 2543 3586; x_wconf 89' lang='lat' dir='ltr'><strong>tamen</strong></span> <span class='ocrx_word' id='word_1_602' title='bbox 2581 3545 2771 3584; x_wconf 88' lang='lat' dir='ltr'><strong>earum</strong></span> <span class='ocrx_word' id='word_1_603' title='bbox 2810 3529 3088 3597; x_wconf 83' lang='lat' dir='ltr'><strong>possessio</strong></span> <span class='ocrx_word' id='word_1_604' title='bbox 3123 3529 3188 3580; x_wconf 92' lang='lat' dir='ltr'><strong>ad</strong></span> <span class='ocrx_word' id='word_1_605' title='bbox 3238 3526 3520 3580; x_wconf 82' lang='lat' dir='ltr'><strong>existima-</strong></span> 
     </span>
    </p>
   </div>
   <div class='ocr_carea' id='block_1_90' title="bbox 1932 3618 3519 3692">
    <p class='ocr_par' dir='ltr' id='par_1_90' title="bbox 1932 3618 3519 3692">
     <span class='ocr_line' id='line_1_90' title="bbox 1932 3618 3519 3692; baseline -0.007 -13"><span class='ocrx_word' id='word_1_606' title='bbox 1932 3629 2132 3681; x_wconf 91' lang='lat' dir='ltr'><strong>tionem</strong></span> <span class='ocrx_word' id='word_1_607' title='bbox 2159 3627 2355 3679; x_wconf 87' lang='lat' dir='ltr'><strong>bonam</strong></span> <span class='ocrx_word' id='word_1_608' title='bbox 2392 3622 2686 3692; x_wconf 89' lang='lat' dir='ltr'><strong>quidquam</strong></span> <span class='ocrx_word' id='word_1_609' title='bbox 2712 3618 2846 3672; x_wconf 83' lang='lat' dir='ltr'><strong>facit</strong></span> <span class='ocrx_word' id='word_1_610' title='bbox 2887 3637 2901 3670; x_wconf 87' lang='lat'><strong>:</strong></span> <span class='ocrx_word' id='word_1_611' title='bbox 2939 3619 3048 3671; x_wconf 93' lang='lat' dir='ltr'><strong>imo</strong></span> <span class='ocrx_word' id='word_1_612' title='bbox 3070 3632 3200 3672; x_wconf 89' lang='lat' dir='ltr'><strong>vero</strong></span> <span class='ocrx_word' id='word_1_613' title='bbox 3247 3633 3383 3671; x_wconf 87' lang='lat' dir='ltr'><strong>vane</strong></span> <span class='ocrx_word' id='word_1_614' title='bbox 3423 3631 3519 3670; x_wconf 78' lang='lat' dir='ltr'><strong>ex-</strong></span> 
     </span>
    </p>
   </div>
   <div class='ocr_carea' id='block_1_91' title="bbox 1933 3711 3519 3780">
    <p class='ocr_par' dir='ltr' id='par_1_91' title="bbox 1933 3711 3519 3780">
     <span class='ocr_line' id='line_1_91' title="bbox 1933 3711 3519 3780; baseline -0.005 -7"><span class='ocrx_word' id='word_1_615' title='bbox 1933 3727 2121 3780; x_wconf 68' lang='lat' dir='ltr'><strong>caecat,</strong></span> <span class='ocrx_word' id='word_1_616' title='bbox 2156 3717 2360 3771; x_wconf 79' lang='lat' dir='ltr'><strong>frustra</strong></span> <span class='ocrx_word' id='word_1_617' title='bbox 2392 3715 2624 3778; x_wconf 79' lang='lat' dir='ltr'><strong>extollit,</strong></span> <span class='ocrx_word' id='word_1_618' title='bbox 2654 3712 2903 3766; x_wconf 88' lang='lat' dir='ltr'><strong>morbum</strong></span> <span class='ocrx_word' id='word_1_619' title='bbox 2943 3711 3358 3764; x_wconf 86' lang='lat' dir='ltr'><strong>inflammationi</strong></span> <span class='ocrx_word' id='word_1_620' title='bbox 3401 3712 3519 3765; x_wconf 91' lang='lat' dir='ltr'><strong>cui-</strong></span> 
     </span>
    </p>
   </div>
   <div class='ocr_carea' id='block_1_92' title="bbox 1934 3800 3520 3882">
    <p class='ocr_par' dir='ltr' id='par_1_92' title="bbox 1934 3800 3520 3882">
     <span class='ocr_line' id='line_1_92' title="bbox 1934 3800 3520 3882; baseline -0.006 -18"><span class='ocrx_word' id='word_1_621' title='bbox 1934 3811 2077 3882; x_wconf 87' lang='lat' dir='ltr'><strong>piam</strong></span> <span class='ocrx_word' id='word_1_622' title='bbox 2129 3823 2236 3862; x_wconf 89' lang='lat' dir='ltr'><strong>non</strong></span> <span class='ocrx_word' id='word_1_623' title='bbox 2275 3805 2599 3860; x_wconf 85' lang='lat' dir='ltr'><strong>dissimilem</strong></span> <span class='ocrx_word' id='word_1_624' title='bbox 2658 3803 2714 3856; x_wconf 92' lang='lat' dir='ltr'><strong>in</strong></span> <span class='ocrx_word' id='word_1_625' title='bbox 2761 3801 2943 3855; x_wconf 88' lang='lat' dir='ltr'><strong>anima</strong></span> <span class='ocrx_word' id='word_1_626' title='bbox 2989 3801 3264 3870; x_wconf 88' lang='lat' dir='ltr'><strong>producit.</strong></span> <span class='ocrx_word' id='word_1_627' title='bbox 3315 3800 3520 3855; x_wconf 88' lang='lat' dir='ltr'><strong>Tumor</strong></span> 
     </span>
    </p>
   </div>
   <div class='ocr_carea' id='block_1_93' title="bbox 1933 3895 3522 3967">
    <p class='ocr_par' dir='ltr' id='par_1_93' title="bbox 1933 3895 3522 3967">
     <span class='ocr_line' id='line_1_93' title="bbox 1933 3895 3522 3967; baseline -0.006 -10"><span class='ocrx_word' id='word_1_628' title='bbox 1933 3903 2078 3957; x_wconf 91' lang='lat' dir='ltr'><strong>enim</strong></span> <span class='ocrx_word' id='word_1_629' title='bbox 2120 3914 2412 3967; x_wconf 88' lang='lat' dir='ltr'><strong>corporum</strong></span> <span class='ocrx_word' id='word_1_630' title='bbox 2447 3895 2905 3949; x_wconf 85' lang='lat' dir='ltr'><strong>inflammatorum</strong></span> <span class='ocrx_word' id='word_1_631' title='bbox 2939 3909 3039 3948; x_wconf 86' lang='lat' dir='ltr'><strong>nec</strong></span> <span class='ocrx_word' id='word_1_632' title='bbox 3081 3907 3249 3946; x_wconf 88' lang='lat' dir='ltr'><strong>sanus</strong></span> <span class='ocrx_word' id='word_1_633' title='bbox 3279 3901 3382 3958; x_wconf 89' lang='lat' dir='ltr'><strong>est,</strong></span> <span class='ocrx_word' id='word_1_634' title='bbox 3421 3909 3522 3947; x_wconf 83' lang='lat' dir='ltr'><strong>nec</strong></span> 
     </span>
    </p>
   </div>
   <div class='ocr_carea' id='block_1_94' title="bbox 1935 3985 3524 4054">
    <p class='ocr_par' dir='ltr' id='par_1_94' title="bbox 1935 3985 3524 4054">
     <span class='ocr_line' id='line_1_94' title="bbox 1935 3985 3524 4054; baseline -0.007 -5"><span class='ocrx_word' id='word_1_635' title='bbox 1935 3995 2084 4049; x_wconf 90' lang='lat' dir='ltr'><strong>utilis</strong></span> <span class='ocrx_word' id='word_1_636' title='bbox 2120 4012 2133 4047; x_wconf 95' lang='lat'><strong>:</strong></span> <span class='ocrx_word' id='word_1_637' title='bbox 2169 3992 2261 4046; x_wconf 89' lang='lat' dir='ltr'><strong>sed</strong></span> <span class='ocrx_word' id='word_1_638' title='bbox 2296 3990 2586 4043; x_wconf 90' lang='lat' dir='ltr'><strong>morbosus</strong></span> <span class='ocrx_word' id='word_1_639' title='bbox 2621 3996 2675 4041; x_wconf 88' lang='lat' dir='ltr'><strong>et</strong></span> <span class='ocrx_word' id='word_1_640' title='bbox 2706 3986 2928 4048; x_wconf 79' lang='lat' dir='ltr'><strong>noxius,</strong></span> <span class='ocrx_word' id='word_1_641' title='bbox 2957 3985 3188 4054; x_wconf 88' lang='lat' dir='ltr'><strong>periculi</strong></span> <span class='ocrx_word' id='word_1_642' title='bbox 3235 3985 3413 4054; x_wconf 81' lang='lat' dir='ltr'><strong>origo,</strong></span> <span class='ocrx_word' id='word_1_643' title='bbox 3467 3995 3524 4038; x_wconf 88' lang='lat' dir='ltr'><strong>et</strong></span> 
     </span>
    </p>
   </div>
   <div class='ocr_carea' id='block_1_95' title="bbox 1935 4076 3523 4150">
    <p class='ocr_par' dir='ltr' id='par_1_95' title="bbox 1935 4076 3523 4150">
     <span class='ocr_line' id='line_1_95' title="bbox 1935 4076 3523 4150; baseline -0.006 -8"><span class='ocrx_word' id='word_1_644' title='bbox 1935 4102 2098 4142; x_wconf 87' lang='lat' dir='ltr'><strong>causa</strong></span> <span class='ocrx_word' id='word_1_645' title='bbox 2132 4084 2408 4138; x_wconf 90' lang='lat' dir='ltr'><strong>interitus.</strong></span> <span class='ocrx_word' id='word_1_646' title='bbox 2438 4081 2568 4135; x_wconf 87' lang='lat' dir='ltr'><strong>Tale</strong></span> <span class='ocrx_word' id='word_1_647' title='bbox 2600 4080 2730 4150; x_wconf 92' lang='lat' dir='ltr'><strong>quid</strong></span> <span class='ocrx_word' id='word_1_648' title='bbox 2757 4087 2810 4133; x_wconf 88' lang='lat' dir='ltr'><strong>et</strong></span> <span class='ocrx_word' id='word_1_649' title='bbox 2845 4080 2899 4132; x_wconf 93' lang='lat' dir='ltr'><strong>in</strong></span> <span class='ocrx_word' id='word_1_650' title='bbox 2935 4078 3118 4132; x_wconf 90' lang='lat' dir='ltr'><strong>anima</strong></span> <span class='ocrx_word' id='word_1_651' title='bbox 3155 4076 3286 4130; x_wconf 84' lang='lat' dir='ltr'><strong>facit</strong></span> <span class='ocrx_word' id='word_1_652' title='bbox 3331 4093 3523 4141; x_wconf 82' lang='lat' dir='ltr'><strong>super-</strong></span> 
     </span>
    </p>
   </div>
   <div class='ocr_carea' id='block_1_96' title="bbox 1935 4168 3520 4240">
    <p class='ocr_par' dir='ltr' id='par_1_96' title="bbox 1935 4168 3520 4240">
     <span class='ocr_line' id='line_1_96' title="bbox 1935 4168 3520 4240; baseline -0.009 -6"><span class='ocrx_word' id='word_1_653' title='bbox 1935 4180 2044 4234; x_wconf 91' lang='lat' dir='ltr'><strong>bia.</strong></span> <span class='ocrx_word' id='word_1_654' title='bbox 2078 4177 2287 4232; x_wconf 88' lang='lat' dir='ltr'><strong>Etenim</strong></span> <span class='ocrx_word' id='word_1_655' title='bbox 2312 4190 2418 4228; x_wconf 91' lang='lat' dir='ltr'><strong>non</strong></span> <span class='ocrx_word' id='word_1_656' title='bbox 2453 4189 2482 4226; x_wconf 90' lang='lat' dir='ltr'><strong>e</strong></span> <span class='ocrx_word' id='word_1_657' title='bbox 2525 4171 2770 4240; x_wconf 89' lang='lat' dir='ltr'><strong>pecuniis</strong></span> <span class='ocrx_word' id='word_1_658' title='bbox 2811 4169 2987 4224; x_wconf 88' lang='lat' dir='ltr'><strong>solum</strong></span> <span class='ocrx_word' id='word_1_659' title='bbox 3027 4169 3274 4221; x_wconf 89' lang='lat' dir='ltr'><strong>nascitur</strong></span> <span class='ocrx_word' id='word_1_660' title='bbox 3315 4168 3520 4238; x_wconf 79' lang='lat' dir='ltr'><strong>elatio;</strong></span> 
     </span>
    </p>
   </div>
   <div class='ocr_carea' id='block_1_97' title="bbox 1937 4261 3521 4335">
    <p class='ocr_par' dir='ltr' id='par_1_97' title="bbox 1937 4261 3521 4335">
     <span class='ocr_line' id='line_1_97' title="bbox 1937 4261 3521 4335; baseline -0.008 -10"><span class='ocrx_word' id='word_1_661' title='bbox 1937 4286 2036 4325; x_wconf 89' lang='lat' dir='ltr'><strong>nec</strong></span> <span class='ocrx_word' id='word_1_662' title='bbox 2064 4269 2240 4323; x_wconf 89' lang='lat' dir='ltr'><strong>solum</strong></span> <span class='ocrx_word' id='word_1_663' title='bbox 2293 4268 2364 4321; x_wconf 88' lang='lat' dir='ltr'><strong>ob</strong></span> <span class='ocrx_word' id='word_1_664' title='bbox 2398 4264 2660 4335; x_wconf 90' lang='lat' dir='ltr'><strong>pecunias</strong></span> <span class='ocrx_word' id='word_1_665' title='bbox 2708 4261 3002 4333; x_wconf 85' lang='lat' dir='ltr'><strong>magnifico</strong></span> <span class='ocrx_word' id='word_1_666' title='bbox 3044 4261 3190 4316; x_wconf 83' lang='lat' dir='ltr'><strong>victu</strong></span> <span class='ocrx_word' id='word_1_667' title='bbox 3222 4268 3275 4315; x_wconf 88' lang='lat' dir='ltr'><strong>et</strong></span> <span class='ocrx_word' id='word_1_668' title='bbox 3317 4263 3521 4315; x_wconf 89' lang='lat' dir='ltr'><strong>amictu</strong></span> 
     </span>
    </p>
   </div>
   <div class='ocr_carea' id='block_1_98' title="bbox 1937 4355 3520 4432">
    <p class='ocr_par' dir='ltr' id='par_1_98' title="bbox 1937 4355 3520 4432">
     <span class='ocr_line' id='line_1_98' title="bbox 1937 4355 3520 4432; baseline -0.007 -14"><span class='ocrx_word' id='word_1_669' title='bbox 1937 4363 2268 4432; x_wconf 85' lang='lat' dir='ltr'><strong>superbiunt</strong></span> <span class='ocrx_word' id='word_1_670' title='bbox 2293 4359 2568 4421; x_wconf 89' lang='lat' dir='ltr'><strong>homines,</strong></span> <span class='ocrx_word' id='word_1_671' title='bbox 2601 4371 2820 4411; x_wconf 90' lang='lat' dir='ltr'><strong>mensas</strong></span> <span class='ocrx_word' id='word_1_672' title='bbox 2851 4355 3190 4410; x_wconf 88' lang='lat' dir='ltr'><strong>instruentes</strong></span> <span class='ocrx_word' id='word_1_673' title='bbox 3235 4365 3520 4425; x_wconf 88' lang='lat' dir='ltr'><strong>sumptuo-</strong></span> 
     </span>
    </p>
   </div>
   <div class='ocr_carea' id='block_1_99' title="bbox 1937 4446 3515 4523">
    <p class='ocr_par' dir='ltr' id='par_1_99' title="bbox 1937 4446 3515 4523">
     <span class='ocr_line' id='line_1_99' title="bbox 1937 4446 3515 4523; baseline -0.008 -14"><span class='ocrx_word' id='word_1_674' title='bbox 1937 4456 2113 4509; x_wconf 89' lang='lat' dir='ltr'><strong>siores</strong></span> <span class='ocrx_word' id='word_1_675' title='bbox 2145 4468 2308 4523; x_wconf 91' lang='lat' dir='ltr'><strong>quam</strong></span> <span class='ocrx_word' id='word_1_676' title='bbox 2350 4451 2654 4505; x_wconf 88' lang='lat' dir='ltr'><strong>necessitas</strong></span> <span class='ocrx_word' id='word_1_677' title='bbox 2687 4447 2890 4517; x_wconf 81' lang='lat' dir='ltr'><strong>exigat,</strong></span> <span class='ocrx_word' id='word_1_678' title='bbox 2934 4447 3266 4516; x_wconf 87' lang='lat' dir='ltr'><strong>easdemque</strong></span> <span class='ocrx_word' id='word_1_679' title='bbox 3308 4446 3515 4499; x_wconf 89' lang='lat' dir='ltr'><strong>delica-</strong></span> 
     </span>
    </p>
   </div>
   <div class='ocr_carea' id='block_1_100' title="bbox 1939 4537 3523 4612">
    <p class='ocr_par' dir='ltr' id='par_1_100' title="bbox 1939 4537 3523 4612">
     <span class='ocr_line' id='line_1_100' title="bbox 1939 4537 3523 4612; baseline -0.008 -13"><span class='ocrx_word' id='word_1_680' title='bbox 1939 4555 2046 4612; x_wconf 87' lang='lat' dir='ltr'><strong>tas,</strong></span> <span class='ocrx_word' id='word_1_681' title='bbox 2075 4545 2366 4599; x_wconf 90' lang='lat' dir='ltr'><strong>induentes</strong></span> <span class='ocrx_word' id='word_1_682' title='bbox 2396 4551 2573 4596; x_wconf 84' lang='lat' dir='ltr'><strong>vestes</strong></span> <span class='ocrx_word' id='word_1_683' title='bbox 2606 4554 2715 4593; x_wconf 89' lang='lat' dir='ltr'><strong>non</strong></span> <span class='ocrx_word' id='word_1_684' title='bbox 2747 4537 3112 4598; x_wconf 87' lang='lat' dir='ltr'><strong>necessarias,</strong></span> <span class='ocrx_word' id='word_1_685' title='bbox 3136 4537 3280 4590; x_wconf 66' lang='lat' dir='ltr'><strong>aedes</strong></span> <span class='ocrx_word' id='word_1_686' title='bbox 3313 4537 3523 4604; x_wconf 86' lang='lat' dir='ltr'><strong>amplas</strong></span> 
     </span>
    </p>
   </div>
   <div class='ocr_carea' id='block_1_101' title="bbox 1867 4623 3525 4717">
    <p class='ocr_par' dir='ltr' id='par_1_101' title="bbox 1867 4623 3525 4717">
     <span class='ocr_line' id='line_1_101' title="bbox 1867 4623 3525 4717; baseline -0.012 -22"><span class='ocrx_word' id='word_1_687' title='bbox 1867 4663 1910 4717; x_wconf 75' lang='grc' dir='ltr'><strong>ι)</strong></span> <span class='ocrx_word' id='word_1_688' title='bbox 1940 4642 2320 4695; x_wconf 83' lang='lat' dir='ltr'><strong>exstruentes.</strong></span> <span class='ocrx_word' id='word_1_689' title='bbox 2345 4641 2717 4700; x_wconf 89' lang='lat' dir='ltr'><strong>ornantesque</strong></span> <span class='ocrx_word' id='word_1_690' title='bbox 2745 4631 2899 4683; x_wconf 77' lang='lat' dir='ltr'><strong>vario</strong></span> <span class='ocrx_word' id='word_1_691' title='bbox 2929 4629 3101 4693; x_wconf 85' lang='lat' dir='ltr'><strong>cultu,</strong></span> <span class='ocrx_word' id='word_1_692' title='bbox 3138 4627 3414 4693; x_wconf 81' lang='lat' dir='ltr'><strong>ingentem</strong></span> <span class='ocrx_word' id='word_1_693' title='bbox 3444 4623 3525 4676; x_wconf 86' lang='lat' dir='ltr'><strong>fa—</strong></span> 
     </span>
    </p>
   </div>
   <div class='ocr_carea' id='block_1_102' title="bbox 1939 4719 3525 4794">
    <p class='ocr_par' dir='ltr' id='par_1_102' title="bbox 1939 4719 3525 4794">
     <span class='ocr_line' id='line_1_102' title="bbox 1939 4719 3525 4794; baseline -0.011 -10"><span class='ocrx_word' id='word_1_694' title='bbox 1939 4730 2214 4784; x_wconf 91' lang='lat' dir='ltr'><strong>mulorum</strong></span> <span class='ocrx_word' id='word_1_695' title='bbox 2247 4722 2976 4794; x_wconf 88' lang='lat' dir='ltr'><strong>subsequentiumturmam,</strong></span> <span class='ocrx_word' id='word_1_696' title='bbox 3003 4719 3525 4783; x_wconf 88' lang='lat' dir='ltr'><strong>innumerorumque</strong></span> 
     </span>
    </p>
   </div>
   <div class='ocr_carea' id='block_1_103' title="bbox 1937 4806 3522 4886">
    <p class='ocr_par' dir='ltr' id='par_1_103' title="bbox 1937 4806 3522 4886">
     <span class='ocr_line' id='line_1_103' title="bbox 1937 4806 3522 4886; baseline -0.012 -10"><span class='ocrx_word' id='word_1_697' title='bbox 1937 4821 2280 4879; x_wconf 62' lang='lat' dir='ltr'><strong>adulatorum</strong></span> <span class='ocrx_word' id='word_1_698' title='bbox 2309 4817 2526 4886; x_wconf 81' lang='lat' dir='ltr'><strong>globum</strong></span> <span class='ocrx_word' id='word_1_699' title='bbox 2566 4822 2688 4884; x_wconf 89' lang='lat' dir='ltr'><strong>post</strong></span> <span class='ocrx_word' id='word_1_700' title='bbox 2709 4827 2767 4867; x_wconf 90' lang='lat' dir='ltr'><strong>se</strong></span> <span class='ocrx_word' id='word_1_701' title='bbox 2785 4812 3066 4866; x_wconf 87' lang='lat' dir='ltr'><strong>trahentes</strong></span> <span class='ocrx_word' id='word_1_702' title='bbox 3097 4828 3111 4864; x_wconf 91' lang='lat'>:</span> <span class='ocrx_word' id='word_1_703' title='bbox 3149 4821 3337 4862; x_wconf 79' lang='lat' dir='ltr'><strong>verum</strong></span> <span class='ocrx_word' id='word_1_704' title='bbox 3357 4806 3522 4860; x_wconf 91' lang='lat' dir='ltr'><strong>etiam</strong></span> 
     </span>
    </p>
   </div>
   <div class='ocr_carea' id='block_1_104' title="bbox 1936 4900 3522 4981">
    <p class='ocr_par' dir='ltr' id='par_1_104' title="bbox 1936 4900 3522 4981">
     <span class='ocr_line' id='line_1_104' title="bbox 1936 4900 3522 4981; baseline -0.011 -15"><span class='ocrx_word' id='word_1_705' title='bbox 1936 4913 2006 4968; x_wconf 92' lang='lat' dir='ltr'><strong>ob</strong></span> <span class='ocrx_word' id='word_1_706' title='bbox 2047 4912 2341 4981; x_wconf 81' lang='lat' dir='ltr'><strong>dignitates</strong></span> <span class='ocrx_word' id='word_1_707' title='bbox 2392 4922 2530 4976; x_wconf 89' lang='lat' dir='ltr'><strong>quas</strong></span> <span class='ocrx_word' id='word_1_708' title='bbox 2585 4921 2682 4976; x_wconf 87' lang='lat' dir='ltr'><strong>per</strong></span> <span class='ocrx_word' id='word_1_709' title='bbox 2722 4903 2980 4972; x_wconf 81' lang='lat' dir='ltr'><strong>suffragia</strong></span> <span class='ocrx_word' id='word_1_710' title='bbox 3031 4901 3341 4960; x_wconf 90' lang='lat' dir='ltr'><strong>obtinuere,</strong></span> <span class='ocrx_word' id='word_1_711' title='bbox 3381 4900 3522 4951; x_wconf 92' lang='lat' dir='ltr'><strong>ultra</strong></span> 
     </span>
    </p>
   </div>
   <div class='ocr_carea' id='block_1_105' title="bbox 1937 4990 3522 5074">
    <p class='ocr_par' dir='ltr' id='par_1_105' title="bbox 1937 4990 3522 5074">
     <span class='ocr_line' id='line_1_105' title="bbox 1937 4990 3522 5074; baseline -0.011 -17"><span class='ocrx_word' id='word_1_712' title='bbox 1937 5019 2100 5074; x_wconf 90' lang='lat' dir='ltr'><strong>quam</strong></span> <span class='ocrx_word' id='word_1_713' title='bbox 2127 5012 2320 5056; x_wconf 90' lang='lat' dir='ltr'><strong>natura</strong></span> <span class='ocrx_word' id='word_1_714' title='bbox 2357 5001 2508 5065; x_wconf 83' lang='lat' dir='ltr'><strong>sinit,</strong></span> <span class='ocrx_word' id='word_1_715' title='bbox 2545 4997 2866 5052; x_wconf 67' lang='lat' dir='ltr'><strong>efferuntur.</strong></span> <span class='ocrx_word' id='word_1_716' title='bbox 2917 4993 3076 5046; x_wconf 88' lang='lat' dir='ltr'><strong>Plebs</strong></span> <span class='ocrx_word' id='word_1_717' title='bbox 3126 4990 3443 5060; x_wconf 83' lang='lat' dir='ltr'><strong>dignitatem</strong></span> <span class='ocrx_word' id='word_1_718' title='bbox 3478 4992 3522 5042; x_wconf 91' lang='lat' dir='ltr'><strong>si</strong></span> 
     </span>
    </p>
   </div>
   <div class='ocr_carea' id='block_1_106' title="bbox 1937 5080 3525 5162">
    <p class='ocr_par' dir='ltr' id='par_1_106' title="bbox 1937 5080 3525 5162">
     <span class='ocr_line' id='line_1_106' title="bbox 1937 5080 3525 5162; baseline -0.01 -14"><span class='ocrx_word' id='word_1_719' title='bbox 1937 5095 2170 5157; x_wconf 86' lang='lat' dir='ltr'><strong>dederit,</strong></span> <span class='ocrx_word' id='word_1_720' title='bbox 2198 5094 2242 5147; x_wconf 92' lang='lat' dir='ltr'><strong>si</strong></span> <span class='ocrx_word' id='word_1_721' title='bbox 2285 5108 2394 5162; x_wconf 91' lang='lat' dir='ltr'><strong>quo</strong></span> <span class='ocrx_word' id='word_1_722' title='bbox 2428 5094 2550 5158; x_wconf 84' lang='lat' dir='ltr'><strong>jure</strong></span> <span class='ocrx_word' id='word_1_723' title='bbox 2602 5085 2928 5158; x_wconf 72' lang='lat' dir='ltr'><strong>praesidendi</strong></span> <span class='ocrx_word' id='word_1_724' title='bbox 2973 5081 3434 5143; x_wconf 86' lang='lat' dir='ltr'><strong>cohonestaverit,</strong></span> <span class='ocrx_word' id='word_1_725' title='bbox 3480 5080 3525 5134; x_wconf 91' lang='lat' dir='ltr'><strong>si</strong></span> 
     </span>
    </p>
   </div>
   <div class='ocr_carea' id='block_1_107' title="bbox 1937 5175 3528 5255">
    <p class='ocr_par' dir='ltr' id='par_1_107' title="bbox 1937 5175 3528 5255">
     <span class='ocr_line' id='line_1_107' title="bbox 1937 5175 3528 5255; baseline -0.013 -11"><span class='ocrx_word' id='word_1_726' title='bbox 1937 5187 2239 5244; x_wconf 79' lang='lat' dir='ltr'><strong>decreverit</strong></span> <span class='ocrx_word' id='word_1_727' title='bbox 2264 5183 2780 5255; x_wconf 74' lang='lat' dir='ltr'><strong>praestantissimum</strong></span> <span class='ocrx_word' id='word_1_728' title='bbox 2821 5177 3114 5248; x_wconf 88' lang='lat' dir='ltr'><strong>quemdam</strong></span> <span class='ocrx_word' id='word_1_729' title='bbox 3151 5175 3434 5234; x_wconf 90' lang='lat' dir='ltr'><strong>honorem,</strong></span> <span class='ocrx_word' id='word_1_730' title='bbox 3473 5180 3528 5225; x_wconf 88' lang='lat' dir='ltr'><strong>et</strong></span> 
     </span>
    </p>
   </div>
   <div class='ocr_carea' id='block_1_108' title="bbox 1943 5330 3530 5406">
    <p class='ocr_par' dir='ltr' id='par_1_108' title="bbox 1943 5330 3530 5406">
     <span class='ocr_line' id='line_1_108' title="bbox 1943 5330 3530 5406; baseline -0.012 -7"><span class='ocrx_word' id='word_1_731' title='bbox 1943 5345 2048 5399; x_wconf 91' lang='lat' dir='ltr'><strong>dus</strong></span> <span class='ocrx_word' id='word_1_732' title='bbox 2071 5351 2124 5398; x_wconf 84' lang='lat' dir='ltr'><strong>et</strong></span> <span class='ocrx_word' id='word_1_733' title='bbox 2146 5343 2343 5398; x_wconf 85' lang='lat' dir='ltr'><strong>tertius</strong></span> <span class='ocrx_word' id='word_1_734' title='bbox 2371 5355 2494 5395; x_wconf 92' lang='lat' dir='ltr'><strong>cum</strong></span> <span class='ocrx_word' id='word_1_735' title='bbox 2522 5337 2678 5392; x_wconf 86' lang='lat' dir='ltr'><strong>Colb.</strong></span> <span class='ocrx_word' id='word_1_736' title='bbox 2714 5335 2891 5406; x_wconf 91' lang='lat' dir='ltr'><strong>primo</strong></span> <span class='ocrx_word' id='word_1_737' title='bbox 2909 5332 3037 5396; x_wconf 72' lang='grc' dir='ltr'>τοὺς</span> <span class='ocrx_word' id='word_1_738' title='bbox 3066 5330 3530 5406; x_wconf 39' lang='grc' dir='ltr'>ἀνθρωπουςηζιο-</span> 
     </span>
    </p>
   </div>
   <div class='ocr_carea' id='block_1_109' title="bbox 1943 5399 3528 5482">
    <p class='ocr_par' dir='ltr' id='par_1_109' title="bbox 1943 5399 3528 5482">
     <span class='ocr_line' id='line_1_109' title="bbox 1943 5399 3528 5482; baseline -0.01 -14"><span class='ocrx_word' id='word_1_739' title='bbox 1943 5419 2111 5468; x_wconf 82' lang='lat' dir='ltr'><strong>mines</strong></span> <span class='ocrx_word' id='word_1_740' title='bbox 2163 5414 2374 5482; x_wconf 76' lang='lat' dir='ltr'><strong>deiecit,</strong></span> <span class='ocrx_word' id='word_1_741' title='bbox 2422 5399 2846 5482; x_wconf 55' lang='lat' dir='ltr'><strong>videlice_t,&#39;per</strong></span> <span class='ocrx_word' id='word_1_742' title='bbox 2892 5418 3084 5458; x_wconf 90' lang='lat' dir='ltr'><strong>casum</strong></span> <span class='ocrx_word' id='word_1_743' title='bbox 3135 5399 3348 5456; x_wconf 60' lang='lat' dir='ltr'><strong>A&#39;dami.</strong></span> <span class='ocrx_word' id='word_1_744' title='bbox 3403 5399 3528 5453; x_wconf 79' lang='lat' dir='ltr'><strong>Mox</strong></span> 
     </span>
    </p>
   </div>
   <div class='ocr_carea' id='block_1_110' title="bbox 1943 5475 3068 5554">
    <p class='ocr_par' dir='ltr' id='par_1_110' title="bbox 1943 5475 3068 5554">
     <span class='ocr_line' id='line_1_110' title="bbox 1943 5475 3068 5554; baseline -0.013 -15"><span class='ocrx_word' id='word_1_745' title='bbox 1943 5485 2074 5554; x_wconf 77' lang='lat' dir='ltr'><strong>Reg.</strong></span> <span class='ocrx_word' id='word_1_746' title='bbox 2107 5475 2314 5553; x_wconf 83' lang='lat' dir='ltr'><strong>primus</strong></span> <span class='ocrx_word' id='word_1_747' title='bbox 2344 5485 2454 5554; x_wconf 78' lang='grc' dir='ltr'>τοῖς</span> <span class='ocrx_word' id='word_1_748' title='bbox 2479 5477 2670 5554; x_wconf 80' lang='grc' dir='ltr'>ἑαυτοῦ</span> <span class='ocrx_word' id='word_1_749' title='bbox 2694 5475 3068 5554; x_wconf 41' lang='grc' dir='ltr'>ἐρεθίσμασινι.</span> 
     </span>
    </p>
   </div>
   <div class='ocr_carea' id='block_1_111' title="bbox 2017 5538 3530 5625">
    <p class='ocr_par' dir='ltr' id='par_1_111' title="bbox 2017 5538 3530 5625">
     <span class='ocr_line' id='line_1_111' title="bbox 2017 5538 3530 5625; baseline -0.013 -16"><span class='ocrx_word' id='word_1_750' title='bbox 2017 5538 2128 5625; x_wconf 58' lang='grc' dir='ltr'><strong>(δῒῖ</strong></span> <span class='ocrx_word' id='word_1_751' title='bbox 2160 5538 2515 5625; x_wconf 64' lang='lat' dir='ltr'><strong>Nosterlieg.</strong></span> <span class='ocrx_word' id='word_1_752' title='bbox 2556 5538 3210 5625; x_wconf 42' lang='lat' dir='ltr'><strong>primit-scuirtnreliquis</strong></span> <span class='ocrx_word' id='word_1_753' title='bbox 3257 5538 3530 5625; x_wconf 66' lang='lat' dir='ltr'><strong>Combefl-</strong></span> 
     </span>
    </p>
   </div>
   <div class='ocr_carea' id='block_1_112' title="bbox 1947 5610 3529 5694">
    <p class='ocr_par' dir='ltr' id='par_1_112' title="bbox 1947 5610 3529 5694">
     <span class='ocr_line' id='line_1_112' title="bbox 1947 5610 3529 5694; baseline -0.014 -14"><span class='ocrx_word' id='word_1_754' title='bbox 1947 5610 2121 5680; x_wconf 46' lang='lat' dir='ltr'><strong>siailis&#39;</strong></span> <span class='ocrx_word' id='word_1_755' title='bbox 2149 5626 2246 5694; x_wconf 85' lang='grc' dir='ltr'><strong>τὴν</strong></span> <span class='ocrx_word' id='word_1_756' title='bbox 2281 5610 2640 5694; x_wconf 66' lang='grc' dir='ltr'>ἀνθρώπειρν.</span> <span class='ocrx_word' id='word_1_757' title='bbox 2681 5615 2821 5694; x_wconf 60' lang='lat' dir='ltr'><strong>Etljti</strong></span> <span class='ocrx_word' id='word_1_758' title='bbox 2855 5610 3396 5694; x_wconf 35' lang='lat' dir='ltr'><strong>et_Beg._;seCttnld‘us</strong></span> <span class='ocrx_word' id='word_1_759' title='bbox 3428 5611 3529 5694; x_wconf 52' lang='grc' dir='ltr'><strong>ἐν·</strong></span> 
     </span>
    </p>
   </div>
   <div class='ocr_carea' id='block_1_113' title="bbox 1945 5678 3513 5768">
    <p class='ocr_par' dir='ltr' id='par_1_113' title="bbox 1945 5678 3513 5768">
     <span class='ocr_line' id='line_1_113' title="bbox 1945 5678 3513 5768; baseline -0.013 -19"><span class='ocrx_word' id='word_1_760' title='bbox 1945 5678 2246 5768; x_wconf 71' lang='grc' dir='ltr'>θρωπείαν.</span> <span class='ocrx_word' id='word_1_761' title='bbox 2283 5678 2423 5768; x_wconf 54' lang='lat' dir='ltr'><strong>lieg&#39;.</strong></span> <span class='ocrx_word' id='word_1_762' title='bbox 2445 5690 2638 5768; x_wconf 77' lang='lat' dir='ltr'><strong>tertius</strong></span> <span class='ocrx_word' id='word_1_763' title='bbox 2675 5678 3210 5768; x_wconf 40' lang='lat' dir='ltr'><strong>Etvilouinivyyl‘hlo:</strong></span> <span class='ocrx_word' id='word_1_764' title='bbox 3233 5680 3402 5768; x_wconf 71' lang='lat' dir='ltr'><strong>editio</strong></span> <span class='ocrx_word' id='word_1_765' title='bbox 3421 5678 3513 5768; x_wconf 43' lang='lat' dir='ltr'><strong>[Pa-</strong></span> 
     </span>
    </p>
   </div>
   <div class='ocr_carea' id='block_1_114' title="bbox 1945 5751 3531 5838">
    <p class='ocr_par' dir='ltr' id='par_1_114' title="bbox 1945 5751 3531 5838">
     <span class='ocr_line' id='line_1_114' title="bbox 1945 5751 3531 5838; baseline -0.013 -17"><span class='ocrx_word' id='word_1_766' title='bbox 1945 5751 2043 5822; x_wconf 70' lang='lat' dir='ltr'><strong>ris.</strong></span> <span class='ocrx_word' id='word_1_767' title='bbox 2085 5767 2244 5838; x_wconf 86' lang='grc' dir='ltr'>μόνον</span> <span class='ocrx_word' id='word_1_768' title='bbox 2274 5751 2502 5838; x_wconf 51' lang='grc' dir='ltr'>οὑκνέΞὶ</span> <span class='ocrx_word' id='word_1_769' title='bbox 2539 5759 2636 5829; x_wconf 78' lang='grc' dir='ltr'>τὴν</span> <span class='ocrx_word' id='word_1_770' title='bbox 2671 5751 2928 5824; x_wconf 68' lang='grc' dir='ltr'>νεφελῶν.</span> <span class='ocrx_word' id='word_1_771' title='bbox 3173 5751 3531 5838; x_wconf 41' lang='grc' dir='ltr'>βειςίι..μόνρν</span> 
     </span>
    </p>
   </div>
   <div class='ocr_carea' id='block_1_115' title="bbox 1945 5821 3532 5909">
    <p class='ocr_par' dir='ltr' id='par_1_115' title="bbox 1945 5821 3532 5909">
     <span class='ocr_line' id='line_1_115' title="bbox 1945 5821 3532 5909; baseline -0.013 -15"><span class='ocrx_word' id='word_1_772' title='bbox 1945 5821 2133 5909; x_wconf 58' lang='grc' dir='ltr'>οὔτῆν</span> <span class='ocrx_word' id='word_1_773' title='bbox 2162 5837 2253 5890; x_wconf 77' lang='grc' dir='ltr'><strong>ἐπὶ</strong></span> <span class='ocrx_word' id='word_1_774' title='bbox 2283 5850 2402 5903; x_wconf 78' lang='grc' dir='ltr'>νεφ.</span> <span class='ocrx_word' id='word_1_775' title='bbox 2442 5821 2666 5886; x_wconf 73' lang='lat' dir='ltr'><strong>Veteres</strong></span> <span class='ocrx_word' id='word_1_776' title='bbox 2693 5821 2929 5900; x_wconf 83' lang='lat' dir='ltr'><strong>quatuor</strong></span> <span class='ocrx_word' id='word_1_777' title='bbox 2961 5825 3084 5881; x_wconf 88' lang='lat' dir='ltr'><strong>libri</strong></span> <span class='ocrx_word' id='word_1_778' title='bbox 3121 5823 3278 5895; x_wconf 86' lang='grc' dir='ltr'>μόνον</span> <span class='ocrx_word' id='word_1_779' title='bbox 3306 5821 3403 5891; x_wconf 72' lang='grc' dir='ltr'><strong>τὴν</strong></span> <span class='ocrx_word' id='word_1_780' title='bbox 3432 5821 3532 5874; x_wconf 76' lang='grc' dir='ltr'>οὐκ</span> 
     </span>
    </p>
   </div>
  </div>
