4036 6236
534 380 647 438 527

1894 376 1954 433 S.
1994 374 2240 435 BASILII
2276 374 2494 430 MAGNI

3720 378 3827 433 528

540 495 633 552 hic
667 500 814 549 certe
843 495 998 566 quasi
1022 493 1317 550 humanam
1351 505 1604 549 naturam
1650 495 2133 556 transcendentes,

2242 493 2478 564 μίζουσι,
2508 493 2651 564 πάτη
2661 509 2736 563 μα
2757 491 2881 557 τοὺς
2903 492 3295 563 ὑποκειμένους
3326 492 3646 565 ἀνθρωπους
3675 496 3832 567 moti-

546 593 761 640 tantum
790 599 897 639 non
938 584 1077 655 ipsis
1113 584 1357 641 nubibus
1395 582 1637 639 insidere
1676 599 1737 640 se
1773 585 2133 647 arbitrantur,

544 676 798 734 homines
836 678 1115 747 subjectos
1142 693 1242 748 pro
1276 676 1518 733 scabello
1550 676 1837 741 ducentes,
1857 692 2025 747 seque
2051 683 2138 729 at-

546 770 805 825 tollentes
855 770 909 824 in
945 770 1095 839 ipsos
1126 770 1340 824 collatae
1392 768 1497 824 sibi
1530 769 1817 840 dignitatis
1858 778 2135 832 auctores,

548 868 604 914 et
636 861 900 915 adversus
926 875 1043 925 eos,
1076 876 1309 931 quorum
1351 873 1516 930 Opera
1544 860 1729 915 eximii
1767 859 1987 930 quidam
2032 858 2138 913 viri

549 971 674 1012 esse
702 953 976 1019 videntur,
1007 953 1427 1007 insolescentes.
1464 950 1647 1023 Agunt
1688 967 1806 1007 rem
1852 951 2139 1005 dementiae

556 1052 794 1122 plenam,
824 1064 947 1105 cum
973 1048 1209 1103 habeant
1252 1047 1485 1118 gloriam
1536 1046 1757 1101 somnio
1791 1044 2135 1109 debiliorem,

545 1142 1072 1210 circumdenturque
1090 1139 1381 1209 splendore
1398 1141 1684 1192 nocturnis
1706 1136 1840 1192 visis
1858 1136 2134 1192 inaniore:

548 1236 640 1306 qui
683 1234 894 1290 scilicet
925 1232 1111 1305 populi
1142 1238 1275 1285 nutu
1308 1229 1599 1295 conﬂetur,
1632 1237 1687 1284 et
1710 1236 1846 1284 nutu
1892 1228 2138 1300 ejusdem

547 1325 903 1381 dissolvatur.
954 1322 1238 1393 Ejusmodi
1278 1333 1399 1378 erat
1438 1322 1663 1379 demens
1695 1322 1787 1378 ille
1828 1321 2140 1379 Salomonis

549 1419 715 1483 titius,
746 1425 904 1473 aetate
938 1415 1182 1486 juvenis.
1225 1416 1426 1471 mentis
1465 1414 1751 1486 prudentia
1790 1415 1997 1485 junior,
2046 1415 2139 1487 qui

548 1523 670 1564 eum
721 1508 922 1579 pepulo
952 1507 1241 1577 imperium
1281 1506 1470 1561 mitius
1510 1506 1719 1578 petenti
1753 1505 1947 1562 durius
1989 1519 2141 1560 com-

549 1601 790 1656 minatus
819 1607 986 1665 esset,
1012 1606 1067 1654 et
1082 1615 1178 1670 per
1202 1600 1379 1654 minas
1413 1613 1641 1669 regnum
1674 1599 1973 1664 amisisset,
1997 1598 2141 1653 unde

549 1700 906 1763 regnaturum
942 1707 1001 1747 se
1019 1691 1308 1761 augustius
1335 1691 1612 1761 sperabat,
1640 1690 1766 1745 inde
1786 1707 1852 1745 ex
1874 1689 2142 1763 dignitate

548 1802 712 1858 quam
744 1787 1002 1851 habebat,
1038 1787 1288 1857 dejectus
1319 1786 1473 1842 est".
1519 1785 1717 1842 Reddit
1750 1793 1933 1840 autem
1956 1786 2138 1841 homi-

549 1895 677 1935 nem
700 1879 1024 1934 insolentem
1057 1886 1111 1934 et
1135 1892 1397 1932 manuum
1433 1877 1539 1941 vis,
1562 1885 1617 1934 et
1646 1877 1896 1932 celeritas
1912 1876 2134 1947 pedum,

549 1978 604 2024 ct
640 1969 892 2042 corporis
915 1976 1179 2024 venustas
1211 1986 1225 2022 :
1259 1983 1383 2039 qua:
1426 1984 1455 2022 a
1489 1967 1697 2022 morbis
1735 1969 2047 2031 abolentur,
2083 1976 2137 2021 et

552 2074 797 2135 tempore
817 2064 1218 2127 absumuntur;
1248 2076 1349 2117 nec
1366 2060 1755 2115 animadvertit
1774 2058 1921 2130 quod
1950 2058 2136 2113 Omnis

550 2171 677 2211 caro
701 2155 880 2225 fenum
910 2156 999 2220 sit,
1054 2163 1105 2209 et
1151 2154 1323 2209 omnis
1353 2152 1526 2224 gloria
1556 2153 1808 2219 hominis,
1857 2154 1993 2207 sicut
2036 2153 2136 2222 ﬂos

552 2247 679 2317 feni.
714 2246 868 2299 Aruit
894 2246 1069 2314 fenum
1097 2255 1147 2300 et
1172 2247 1274 2316 ﬂos
1317 2242 1583 2299 decidit”.
1615 2242 1766 2299 Talis
1799 2252 1918 2299 erat
1948 2243 2137 2315 gigan-

547 2348 668 2394 tum
697 2339 767 2393 ob
798 2338 966 2392 robur
998 2351 1061 2392 ac
1086 2339 1232 2393 vires
1260 2336 1647 2409 arrogantia“,
1690 2337 1816 2393 talis
1849 2345 1967 2393 erat
1997 2351 2137 2407 quo-

552 2447 661 2499 que
697 2429 880 2486 stolidi
916 2430 1065 2488 illius
1100 2429 1317 2485 Goliath
1384 2430 1643 2501 superbia
1685 2428 1800 2485 Deo
1847 2430 2132 2486 infensa“.

554 2519 705 2576 Talis
740 2529 858 2575 erat
902 2532 957 2576 et
1000 2522 1244 2577 Adonias
1279 2523 1348 2578 de
1386 2522 1792 2593 pulchritudine
1821 2521 2135 2592 gloriabun-

555 2613 730 2679 dus",
766 2621 818 2667 et
845 2612 1107 2668 Absalom
1150 2614 1465 2685 prolixitate
1497 2629 1667 2669 comae
1702 2613 2097 2684 superbiens".

626 2704 680 2758 2.
724 2702 837 2759 Imo
874 2719 1001 2758 vero
1032 2704 1177 2773 quod
1214 2704 1362 2757 inter
1390 2704 1498 2757 alia
1533 2704 1846 2758 mortalium
1877 2704 2019 2758 bona
2053 2705 2137 2758 vi-

555 2794 715 2849 detur
748 2798 1044 2851 maximum
1079 2812 1202 2853 esse
1236 2811 1299 2849 ac
1332 2797 1844 2850 constantissimum
1866 2837 1881 2859 ,
1917 2799 2136 2866 sapien-

551 2885 630 2937 tia
662 2893 716 2938 et
751 2884 1076 2955 prudentia,
1114 2884 1166 2939 id
1216 2899 1434 2955 quoque
1484 2885 1646 2937 habet
1697 2898 1892 2936 vanam
1938 2884 2132 2939 elatio-

553 2993 715 3039 nem,
752 2986 1017 3047 paratque
1050 2977 1442 3033 sublimitatem
1476 2992 1582 3030 non
1613 2991 1802 3029 veram
1854 2990 1978 3029 cum
2030 2975 2131 3029 ha-

553 3083 680 3122 rum
721 3084 906 3124 rerum
954 3069 1224 3122 habeatur
1266 3068 1409 3123 ratio
1441 3068 1622 3130 nulla,
1660 3068 1704 3122 si
1741 3064 1833 3120 Dei
1864 3066 2010 3122 desit
2041 3081 2132 3122 sa-

2241 589 2510 661 μενοι,καὶ
2530 589 2673 643 κατά
2694 589 2803 642 τῶν
2826 588 2923 660 τὴν
2948 588 3104 655 ἀξίαν
3125 586 3432 643 δεδωκότων
3458 589 3645 653 αὐτοῖς
3667 591 3825 643 ἐπαι-

2243 686 2480 757 ρόμενοι,
2510 685 2603 739 καὶ
2636 684 2704 738 δι’
2734 679 2809 738 ὧν
2838 680 2975 738 εἶναι
3005 682 3219 736 δοκοῦσί
3238 699 3402 746 τινες,
3442 682 3587 737 κατά
3625 684 3832 739 τούτων

2238 776 2683 848 ἀλαζονευόμενοι
2708 792 2721 806 ·
2741 777 2973 847 πρᾶγμα
3004 774 3209 844 πλῆρες
3232 774 3415 838 ἀνοίας
3443 774 3831 845 ὑπομένοντες,

2238 871 2446 941 ὀνείρου
2469 869 2800 942 σαθροτέραν
2818 869 3031 940 ἔχοντες
3046 867 3222 933 δόξαν,
3237 869 3331 921 καὶ
3352 869 3719 940 ματαιοτέραν
3739 886 3836 939 φα-

2242 962 2463 1035 σμάτων
2482 961 2810 1034 νυκτερινῶν
2833 960 3127 1033 περιϐεϐλη
3137 960 3284 1031 μένοι
3306 959 3689 1032 λαμπρότητα,
3722 959 3837 1012 νεῦ-

2243 1074 2374 1128 ματι
2402 1056 2573 1128 δήμου
2616 1054 3030 1125 συνισταμένην,
3068 1054 3161 1107 καὶ
3195 1052 3423 1123 νεύματι
3443 1052 3833 1123 διαλυομένην.

2242 1143 2365 1211 υἷος
2392 1143 2460 1219 ἦν
2492 1149 2520 1202 6
2549 1151 2853 1219 παράφρων
2887 1148 3112 1209 ἐκεῖνος,
3140 1147 3168 1199 6
3188 1146 3282 1199 τοῦ
3313 1146 3658 1216 Σολομῶντος
3695 1147 3833 1210 υἱὸς,

2239 1240 2269 1293 6
2302 1239 2418 1304 νέος
2447 1239 2546 1310 τὴν
2587 1239 2821 1310 ἡλικίαν,
2860 1239 2952 1291 καὶ
2989 1239 3089 1302 τάς
3120 1237 3321 1311 φρένας
3359 1237 3641 1310 νεώτερος,
3681 1240 3712 1292 6
3756 1238 3835 1309 τῷ

2239 1331 2399 1403 δήμῳ
2434 1329 2686 1403 ζητοῦντι
2728 1331 3039 1404 πραοτέραν
3082 1332 3379 1402 ἡγεμονίαν
3407 1331 3711 1402 ἀπειλήσας
3743 1350 3836 1403 χα-

2242 1422 2577 1494 λεπωτέραν,
2613 1421 2708 1475 καὶ
2748 1420 2838 1475 διὰ
2864 1421 2963 1491 τῆς
2992 1421 3222 1492 ἀπειλῆς
3254 1419 3523 1483 ἀπολέσας
3545 1420 3642 1491 τὴν
3677 1419 3836 1490 βασι-

2242 1511 2407 1575 λείαν,
2435 1512 2502 1564 δι’
2526 1507 2595 1584 ἦς
2623 1511 2989 1583 προσεδόκησε
3021 1511 3439 1582 βασιλικώτερος
3469 1512 3830 1583 ὀφθήσεσθαι,

2242 1602 2329 1656 διὰ
2355 1600 2560 1674 ταύτης
2600 1601 2945 1675 καθαιρεθεὶς
2974 1597 3042 1675 ἦς
3078 1598 3223 1673 εἶχεν
3249 1602 3425 1668 ἀξίας.
3472 1601 3743 1673 Θρασύνει
3774 1602 3833 1655 δὲ

2242 1693 2529 1766 ἄνθρωπον
2561 1694 2657 1747 καὶ
2680 1693 2878 1765 χειρῶν
2910 1693 3158 1766 δύναμις,
3190 1695 3283 1747 καὶ
3310 1696 3474 1765 τάχος
3502 1695 3703 1758 ποδῶν,
3736 1696 3836 1748 καὶ

2247 1785 2497 1858 σώματος
2522 1786 2827 1858 εὐμορφία·
2859 1787 3028 1843 νόσων
3057 1786 3521 1858 παραναλώματα,
3570 1786 3665 1841 καὶ
3695 1788 3835 1857 χρό-

2242 1897 2332 1934 νου
2391 1879 2789 1952 δαπανήματα’
2847 1880 2941 1935 καὶ
2984 1881 3085 1934 οὐκ
3130 1880 3464 1945 αίσθάνεται,
3515 1881 3598 1932 ὃτι
3652 1878 3835 1933 Πᾶσα

2240 1972 2396 2041 σὰρξ
2447 1975 2683 2041 χόρτος,
2725 1971 2823 2027 καί
2870 1971 3037 2027 πᾶσα
3071 1973 3219 2038 δόξα
3253 1970 3588 2042 ἀνθρώπου,
3618 1974 3702 2039 ὡς
3727 1973 3835 2025 ἇν-

2240 2068 2343 2131 θος
2378 2065 2623 2134 χόρτου.
2679 2064 3009 2134 Ἐξηράνθη
3072 2069 3105 2120 ό
3148 2067 3381 2135 χόρτος,
3418 2065 3514 2118 καὶ
3550 2064 3615 2118 τὸ
3642 2064 3834 2131 ἅνθις

2236 2154 2513 2219 ἐξέπεσε.
2559 2155 2818 2209 Τοιαῦται
2869 2156 3143 2226 γιγάντων
3198 2157 3295 2210 ἐπὶ
3340 2157 3567 2227 δυνάμει
3629 2156 3835 2220 ἀλαζοο

2238 2250 2407 2311 νεῖαι,
2443 2247 2537 2301 καὶ
2581 2247 2771 2301 Γολιάθ
2823 2249 3049 2320 ἀνοήτου
3096 2248 3352 2320 φρόνημα
3398 2248 3696 2319 θεομάχον,
3733 2248 3835 2301 καὶ

2238 2340 2266 2391 6
2293 2337 2478 2392 κάλλει
2510 2339 2654 2410 μέγα
2682 2339 2894 2410 φρονῶν
2936 2340 3193 2404 Ἀδωνίας
3215 2379 3232 2405 ,
3261 2340 3355 2393 καὶ
3388 2339 3609 2412 μεγέθει
3647 2341 3834 2411 κόμης

2241 2429 2604 2501 ἐπαιρόμενος
2649 2428 3022 2501 Ἀϐεσσαλὼμ.

2306 2698 2360 2753 2.
2403 2699 2469 2751 Ὃ
2506 2698 2563 2750 δὲ
2594 2697 2742 2751 δοκεῖ
2765 2696 2873 2751 τῶν
2899 2696 3074 2751 ἄλλων
3097 2695 3205 2751 τῶν
3232 2697 3581 2769 ὑπαρχόντων
3608 2698 3710 2751 ἀνθ
3719 2697 3832 2769 ρώ-

2235 2808 2358 2855 ποις
2381 2790 2559 2844 καλῶν
2592 2791 2846 2861 μέγιστον
2874 2785 3012 2844 εἶναι
3047 2790 3141 2845 καὶ
3184 2788 3547 2860 βεϐαιότερον,
3591 2791 3624 2861 ή
3658 2790 3831 2858 σοφία

2236 2884 2329 2937 καὶ
2349 2886 2382 2955 ὴ
2405 2883 2516 2955 (58)
2546 2884 2830 2956 φρόνησις,
2855 2884 2947 2936 καὶ
2972 2882 3132 2937 τοῦτο
3177 2885 3407 2955 ματαῖον
3436 2881 3569 2952 (58‘)
3591 2883 3706 2954 ἔχει
3723 2883 3830 2954 τὴν

2236 2977 2485 3048 ἔπαρσιν,
2518 2977 2611 3031 καὶ
2661 2977 2796 3046 ὕψος
2841 2980 2940 3033 οὐκ
2984 2978 3182 3050 ἀληθὲς
3238 2976 3680 3049 παρασκευάζει·
3721 2975 3829 3045 τῆς

2237 3068 2391 3143 παρὰ
2420 3069 2553 3123 Θεοῦ
2573 3071 2766 3139 σοφίας
2793 3070 3060 3141 ἀπούσης,
3098 3072 3178 3134 είς
3198 3070 3350 3123 οὐδὲν
3375 3068 3580 3123 τούτων
3610 3068 3830 3136 λογιζο-

548 3162 776 3230 pientia.
808 3159 943 3215 Nam
982 3160 1196 3215 diabolo
1228 3160 1330 3230 ipsi
1364 3161 1504 3213 male
1531 3160 1699 3212 cessit
1738 3157 2037 3213 adhibitum
2076 3158 2131 3212 in

2242 3164 2436 3235 μένων.
2470 3165 2758 3218 Διαπίπτει
2796 3165 2892 3235 μὲν
2921 3163 3029 3237 γὰρ
3063 3162 3211 3234 αὐτῷ
3232 3163 3311 3233 τῷ
3339 3162 3565 3231 διαϐόλῳ
3586 3160 3647 3213 τὸ
3680 3161 3831 3216 κατά

557 3254 831 3308 hominem
860 3251 1150 3307 artificium
1176 3270 1190 3317 ;
1221 3259 1273 3305 et
1305 3252 1451 3320 quod
1483 3251 1827 3306 machinatus
1856 3256 1939 3305 est
1973 3250 2134 3322 158

2242 3256 2331 3309 τοῦ
2387 3256 2672 3328 ἀνθρώπου
2737 3257 3001 3328 σόφισμα,
3048 3258 3143 3311 καὶ
3172 3256 3293 3310 καθ’
3329 3254 3523 3309 ἑαυτοῦ
3552 3254 3831 3324 τεχνάσας

554 3356 748 3400 contra
779 3346 1090 3414 hominem,
1124 3342 1177 3399 id
1222 3345 1428 3400 struxit
1460 3344 1701 3400 insciens
1736 3343 2002 3399 adversus
2047 3360 2135 3400 se-

559 3441 888 3510 metipsum:
932 3437 1201 3509 siquidem
1233 3453 1342 3492 non
1376 3446 1587 3491 tantum
1631 3437 1819 3491 nocuit
1854 3436 1934 3500 ei,
1971 3452 2131 3508 quem

553 3546 586 3587 ι
621 3532 731 3588 Deo
762 3542 815 3587 et
849 3549 877 3586 a
911 3532 1021 3587 vita
1052 3539 1257 3587 aeterna
1303 3530 1743 3585 abalienaturum
1790 3545 1851 3584 se
1881 3545 2137 3600 sperave-

552 3637 674 3690 rat,
709 3637 977 3697 quantum
1022 3641 1082 3678 se
1130 3625 1248 3693 ipse
1306 3623 1577 3693 prodidit,
1632 3623 1914 3692 transfuga
1949 3636 1978 3673 a
2025 3619 2134 3675 Deo

556 3718 770 3782 factus,
834 3725 886 3771 ct
940 3716 1099 3770 morti
1153 3724 1369 3768 ωιιξτηαξ
1405 3714 1677 3768 addictus.
1714 3712 1893 3784 Atque
1941 3714 2135 3783 laqueo

557 3826 717 3881 quem
770 3808 998 3862 Domino
1037 3809 1271 3871 struxit,
1313 3816 1507 3875 captus
1541 3807 1657 3876 ipse
1683 3813 1800 3869 est,
1840 3804 2135 3860 crucifixus

558 3904 614 3956 in
647 3916 709 3955 ea
741 3916 903 3954 rruce
924 3940 938 3965 ,
974 3900 1028 3953 in
1054 3915 1160 3969 qua
1192 3899 1584 3953 crucilixurum
1618 3912 1678 3951 se
1708 3896 1961 3963 rebatur;
1990 3903 2044 3949 et
2073 3911 2136 3949 ea

558 4003 731 4049 morte
764 4006 1012 4048 mortuus
1042 4008 1146 4061 qua
1177 3991 1467 4043 Dominum
1516 3989 1755 4059 speravit
1806 4004 1836 4041 a
1888 4005 1947 4043 se
1990 3989 2137 4042 occi—

557 4103 681 4143 sum
727 4086 814 4140 iri.
858 4084 1016 4152 Quod
1056 4086 1105 4139 si
1151 4083 1342 4138 mundi
1390 4083 1683 4152 princeps,
1718 4080 1929 4151 primus
1962 4081 2053 4134 ille
2084 4088 2137 4134 et

558 4180 831 4234 maximus
874 4187 927 4233 et
974 4176 1264 4232 invisibilis
1313 4176 1593 4244 sapientiae
1639 4174 1931 4229 mundana:
1964 4173 2136 4241 magi-

559 4281 674 4327 ster
704 4271 918 4341 capitur
952 4271 1067 4324 suis
1115 4268 1285 4339 ipsius
1318 4267 1605 4330 artificiis,
1658 4274 1710 4320 et
1747 4265 1811 4319 ad
1867 4264 2127 4336 insipien-

558 4363 693 4417 tiam
736 4369 1039 4416 extremam
1089 4359 1394 4428 redigitur:
1441 4358 1614 4412 multo
1662 4357 1835 4427 magis
1882 4356 2003 4425 ejus
2052 4355 2138 4409 di-

560 4459 757 4528 scipuli
788 4466 953 4526 atque
983 4456 1366 4518 annulatores,
1398 4452 1615 4507 etiamsi
1648 4450 1954 4506 innumeris
1985 4465 2137 4505 com-

2239 3348 2426 3402 ἔλαθεν
2459 3350 2488 3402 ὃ
2526 3350 2669 3403 κατὰ
2718 3348 2808 3402 τοῦ
2870 3349 3159 3421 ἀνθρώπου
3217 3350 3621 3420 μεμηχάνηται,
3667 3345 3830 3399 οὐδὲν

2238 3441 2491 3496 τοσοῦτον
2520 3443 2724 3496 ἐκεῖνον
2757 3441 3061 3514 ζημιώσας,
3088 3443 3146 3496 ὃν
3173 3443 3401 3514 ἤλπισεν
3447 3439 3831 3508 ἀπαλλοτριώ-

2242 3551 2355 3587 σειν
2398 3533 2531 3587 Θεοῦ
2567 3534 2660 3587 καὶ
2715 3533 2861 3605 ζωῆς
2898 3534 3140 3597 αἰωνίου,
3180 3535 3302 3587 ὅσον
3340 3533 3529 3585 ἑαυτὸν
3565 3531 3830 3602 προδοὺς,

2238 3626 2551 3697 ἀποστάτης
2574 3624 2708 3679 Θεοῦ
2737 3625 2996 3696 γεγονὼς,
3036 3627 3131 3681 καὶ
3156 3626 3370 3696 θανάτῳ
3401 3624 3832 3689 καταδικασθεὶς

2240 3720 2459 3791 αἰωνίῳ.
2509 3722 2619 3773 Καὶ
2660 3720 2757 3791 τὴν
2808 3719 2951 3774 κατά
2980 3718 3075 3773 τοῦ
3108 3721 3314 3791 Κυρίου
3350 3719 3553 3790 στήσας
3596 3716 3830 3786 παγίδα,

2236 3814 2323 3868 διὰ
2350 3814 2552 3885 ταύτης
2573 3812 2735 3877 ἑάλω,
2769 3811 3101 3886 σταυρωθεὶς
3133 3814 3189 3866 ὲν
3220 3805 3264 3879 ᾧ
3296 3809 3630 3880 σταυρώσειν
3654 3827 3834 3882 προσ-

2239 3904 2484 3975 εδόκησε,
2538 3905 2633 3957 καὶ
2661 3902 2948 3958 ἀποθανὼν
2997 3904 3055 3955 ὲν
3102 3896 3146 3971 ᾧ
3201 3902 3293 3958 τὸν
3344 3902 3549 3974 Κύριον
3592 3901 3836 3972 ἤλπισεν

2239 3996 2553 4067 ἀναιρήσειν
2610 3994 2844 4065 θανάτῳ.
2896 3995 2958 4047 Ei
2993 3994 3049 4047 δὲ
3094 3995 3123 4046 6
3168 3993 3264 4047 τοῦ
3299 3994 3507 4063 κόσμου
3543 3992 3751 4064 ἄρχων,
3799 3992 3875 4045 ὁ·

2239 4086 2454 4158 πρῶτος
2498 4085 2589 4139 καὶ
2618 4086 2874 4156 μέγιστος
2902 4085 2997 4139 καὶ
3024 4085 3254 4158 ἀόρατος
3281 4085 3384 4155 τῆς
3412 4085 3681 4155 κοσμικῆς
3739 4102 3838 4139 σο-

2240 4178 2369 4247 φίας
2401 4178 2679 4248 σοφιστὴς,
2706 4177 2989 4231 ἁλίσκεται
3008 4180 3123 4241 τοῖς
3148 4177 3340 4232 ἑαυτοῦ
3376 4177 3726 4248 σοφίσμασιν,
3746 4180 3835 4242 είς

2238 4267 2335 4339 τὴν
2367 4268 2603 4340 ἐσχάτην
2654 4270 3080 4341 περιιστάμενος
3119 4269 3450 4341 ἀφροσύνην,
3481 4268 3661 4339 πολλῷ
3695 4271 3838 4340 μάλ·

2239 4362 2329 4413 λον
2367 4363 2417 4414 οί
2448 4362 2659 4415 ἐκείνου
2699 4361 2940 4433 μαθηταὶ
2978 4363 3073 4415 καὶ
3111 4361 3372 4434 ζηλωταὶ,
3399 4362 3503 4415 κᾶν
3538 4361 3710 4433 μυρία
3736 4379 3834 4414 σο-

2241 4453 2525 4519 φίσωνται,
2572 4452 2912 4519 Φὰσκοντες
2941 4450 3091 4507 εἶναι
3124 4453 3325 4521 σοφοὶ,
3365 4452 3829 4522 ἐμωράνθησαν.

559 4524 760 4606 mentis
801 4524 1047 4610 utantur,
1094 4546 1337 4600 Dicentes
1386 4563 1441 4600 se
1481 4559 1593 4599 esse
1637 4544 1935 4613 sapientes,
1987 4542 2135 4597 stulti

2244 4524 2683 4614 Κατασοφίζεται
2730 4547 2929 4619 Φαραὼ
2954 4546 3065 4615 (59)
3106 4548 3194 4599 ἐπ’
3210 4545 3417 4617 ὀλέθρῳ
3453 4545 3685 4617 Ἰσραήλ·
3710 4545 3835 4598 ἀλλ’

558 4645 692 4717 [acti
721 4652 842 4698 sunt
871 4642 935 4696 ³⁸.
970 4640 1205 4696 Adhibet
1231 4648 1377 4695 artes
1408 4638 1578 4693 malas
1612 4636 1828 4691 Pharao
1863 4637 1929 4689 ad
1963 4634 2137 4691 Israe-

560 4740 666 4793 lem
700 4734 1169 4807 disperdendum:
1209 4735 1303 4788 sed
1337 4748 1446 4787 nun
1481 4729 1869 4785 animadvertit
1902 4729 2030 4784 inde
2063 4729 2136 4783 ir-

557 4833 720 4885 ritam
755 4829 872 4885 fore
904 4843 1061 4883 suam
1106 4828 1403 4887 astutiam,
1446 4823 1589 4879 unde
1634 4823 1772 4877 nihil
1820 4820 2136 4892 huiusmodi

557 4922 929 4992 exspectabat.
962 4919 1027 4973 Et
1055 4918 1236 4973 iulans
1263 4918 1383 4987 ejus
1411 4916 1574 4984 jussu
1606 4914 1674 4969 ad
1706 4921 1936 4969 mortem
1968 4928 2139 4984 expo-

555 5015 730 5078 situs,
760 5014 901 5068 clam
932 5012 988 5067 in
1020 5011 1183 5066 domo
1207 5009 1357 5081 regia
1388 5009 1633 5062 nutritur
1662 5006 1705 5037 "
1731 5024 1744 5059 :
1775 5006 1867 5077 qui
1903 5014 1957 5060 et
1989 5005 2137 5059 illius

667 5195 711 5227 ³³
752 5193 817 5251 Ill
852 5196 983 5263 Reg.
1019 5210 1134 5254 Ill,
1169 5193 1225 5263 τι,
1252 5192 1347 5263 μ.
1456 5191 1502 5223 ³³
1541 5189 1643 5263 lsa.
1670 5198 1784 5263 ’κιρ
1817 5188 1877 5263 ρ,
1917 5188 1970 5245 7.

2077 5187 2123 5221 “
2161 5186 2296 5243 Gen.
2348 5204 2434 5251 vt,
2471 5188 2540 5254 Δ,
2582 5187 2710 5255 Sap.
2747 5202 2858 5248 stv,
2894 5188 2951 5243 6.
3028 5186 3075 5217 ³⁵
3114 5184 3131 5237 Ι
3168 5183 3300 5255 Reg.
3335 5199 3484 5251 xvu,
3519 5184 3573 5237 4.

2243 4635 2431 4689 ἔλαθεν
2459 4639 2487 4690 ὁ
2510 4639 2916 4709 κατασοφισμδς
2933 4637 3080 4709 αῦτῷ
3106 4637 3396 4702 διαλυθεὶς,
3431 4638 3551 4691 ὅθεν
3570 4639 3630 4691 οὐ
3656 4655 3837 4709 προσ-

2240 4729 2486 4800 εδόκησε.
2517 4731 2627 4785 Καὶ
2652 4730 2848 4803 βρέφος
2869 4730 3089 4785 ἐκτεθὲν
3108 4730 3197 4785 διὰ
3218 4731 3280 4784 τὸ
3302 4732 3631 4802 πρόσταγμα
3656 4733 3834 4785 αὐτοῦ

2239 4824 2320 4885 εἰς
2352 4823 2583 4877 θάνατον
2619 4823 2872 4879 λανθάνει
2906 4823 3239 4895 τρεφόμενον
3265 4825 3357 4877 ἐπὶ.
3394 4825 3495 4894 τῆς
3518 4824 3698 4888 οἰκίας
3728 4826 3835 4896 τῆς

2243 4916 2551 4987 βασιλικῆς,
2598 4919 2692 4972 καὶ
2744 4917 3041 4989 καθαιροῦν
3083 4918 3185 4987 τὴν
3223 4917 3432 4971 ἐκείνου
3461 4916 3691 4987 δύναμιν
3734 4922 3840 4972 καὶ

2232 5009 2340 5095 τὴν
2375 5008 2468 5062 τοῦ
2520 5008 2720 5071 παντὸς
2754 5008 2959 5075 ἔθνους,
2996 5011 3089 5064 καί⁵
3134 5008 3225 5061 τὸν
3267 5008 3486 5079 Ἰσραὴλ
3523 5008 3722 5076 ἐξάγον
3750 5011 3841 5074 εἰς

3675 5184 3725 5215 ³⁸
3767 5184 3840 5238 ΙΙΙ

564 5264 697 5337 Reg.
736 5283 784 5333 ι,
818 5267 853 5321 5
881 5255 1003 5336 ειῖιι.
1079 5265 1123 5297 ⁸⁷
1165 5255 1218 5316 11⁷
1245 5262 1377 5333 Reg.
1410 5277 1524 5325 ιη,
1561 5260 1653 5314 26.
1729 5260 1775 5290 ³⁸
1808 5258 1973 5314 ‘Rom.
2007 5274 2064 5326 ι,
2097 5258 2133 5313 2

2268 5259 2313 5290 ³’
2351 5255 2477 5312 Jud.
2520 5274 2610 5321 Ix,
2649 5260 2669 5310 1
2712 5273 2867 5327 seqq.

561 5431 655 5504 ἐπὶ
701 5449 940 5520 νεφελῶν
984 5447 1129 5520 {ubi
1158 5456 1288 5520 post
1330 5447 1581 5520 voculam
1629 5444 1729 5515 τήν
1773 5439 2135 5520 supplendum

560 5529 646 5576 est
677 5512 832 5581 illud,
865 5518 1071 5574 ἑαυτῶν
1100 5512 1282 5587 φύσιν,
1312 5533 1467 5572 suam
1500 5512 1735 5587 ipsorum
1766 5523 2014 5566 naturam
2037 5512 2138 5565 col-

564 5594 753 5655 locari,
788 5606 884 5646 seu
917 5590 1166 5645 collocari
1194 5605 1271 5644 se.

637 5652 748 5731 (58$
778 5661 1003 5730 Antiqui
1033 5662 1142 5714 duo
1177 5658 1318 5731 libri
1342 5658 1439 5731 καλ.
1472 5658 1527 5731 ἡ..
1574 5655 1739 5710 Deest
1776 5652 2044 5731 articulus
2082 5652 2138 5707 in

565 5723 815 5799 vulgatis.
834 5723 1108 5799 Sapientia
1120 5739 1167 5783 et
1182 5723 1740 5799 prudentia.'humana
1763 5723 1992 5799 scilicet.

632 5794 770 5874 (ὅδ’)
804 5794 919 5857 Καί
938 5801 1115 5855 τοῦτο
1145 5794 1418 5871 parcior.
1471 5798 1566 5852 Ed.
1593 5796 1769 5850 Paris.
1821 5795 1961 5851 i859
2006 5794 2136 5864 legit

2248 5440 2509 5512 ματαίαν,
2540 5440 2764 5495 rectius.
2797 5437 2963 5512 Enn.

2318 5511 2431 5579 (59)
2464 5508 2584 5582 Vox
2622 5509 2822 5582 Φαραώ
2850 5507 3121 5582 reperitur
3168 5509 3223 5564 in
3270 5506 3736 5582 Colb._primo_et
3770 5506 3838 5564 in

2243 5576 2379 5652 Reg.
2420 5580 2609 5652 itidem
2649 5576 2847 5650 primo,
2895 5576 2997 5652 hoc
3039 5582 3231 5652 modo,
3264 5576 3586 5652 Φαραῲέπ*
3616 5576 3837 5652 ὀλέθρῳ

2498 5649 2713 5734 {harae
2742 5653 2796 5704 in
2828 5651 2914 5734 sui
2949 5650 3115 5732 ipsius
3167 5649 3466 5705 Pharabnis
3510 5650 3832 5720 perniciem.

2246 5719 2389 5777 Editi
2425 5730 2478 5777 et
2512 5719 2645 5794 Reg.
2676 5722 2951 5778 secundus
2972 5719 3039 5775 ut
3074 5721 3126 5775 iu
3155 5729 3436 5776 contextu.
