4036 6236
226 300 335 369 529

1403 322 1689 380 HOMILIA
1730 326 1819 382 DE
1860 326 2307 384 HUMILlTATE.

3385 333 3492 393 530

228 427 522 517 σωτηρίαν.
565 427 629 484 ’0
685 431 743 485 δὲ
772 433 1105 504 ἀνδροφόνος
1165 434 1470 507 Ἀϐιμέλεχ,
1502 441 1530 492 ὁ
1573 440 1668 493 τοῦ
1716 441 1807 493 Γε-

1918 453 1970 496 et
1997 443 2175 512 gentis
2206 443 2373 498 totius
2403 458 2594 500 eversa
2626 448 2866 517 potentia
2888 487 2904 512 ,
2937 456 3082 504 esset
3115 446 3369 503 Israelem
3403 448 3487 502 in-

224 514 359 570 δεὼν
388 518 500 590 (ὅθ)
536 521 691 586 νόθος
712 523 847 586 υίὸς,
877 525 1052 588 ότοὺς
1083 523 1451 597 ἐϐδομήκοντα
1481 529 1675 593 παῖδας
1690 532 1816 593 τοὺς

226 612 483 680 γνησίους
519 615 867 681 ἀποκτείνας,
910 618 1004 670 καὶ
1036 618 1196 686 σοφὸν
1224 620 1381 673 τοῦτο
1411 622 1638 692 νομίσας
1666 623 1815 687 ἐξευ-

226 702 457 774 ρηκέναι
506 705 645 775 πρὸς
693 706 755 759 τὸ
785 706 1022 777 βεϐαίως
1072 709 1169 780 τὴν
1196 709 1473 780 βασιλείαν
1498 715 1811 782 κατασχεῖν,

225 794 503 863 συντρίϐει
553 796 652 866 μὲν
686 799 812 861 τοὺς
843 802 1139 871 συνεργοὺς
1166 803 1314 874 αὐτῷ
1347 803 1442 857 τοῦ
1473 806 1632 873 φόνου
1665 824 1815 875 γενο-

226 886 447 953 μένους,
483 889 826 962 συντρίϐεται
865 891 921 944 δὲ
952 893 1042 945 ὑπ’
1076 892 1275 946 αὐτῶνθ
1324 896 1420 948 καὶ
1465 897 1620 961 τέλος
1649 899 1815 952 ἀπόλ-

221 975 384 1030 λυται
409 980 553 1050 χειρὶ
582 984 842 1048 γυναικὸς
872 986 966 1038 καὶ
991 985 1140 1039 λίθου
1172 986 1320 1058 βολῇ.
1354 989 1463 1041 Καὶ
1491 990 1814 1058 ἐσοφίσαντο

219 1071 429 1134 πάντες
467 1072 709 1127 Ἰουδαῖοι
728 1076 871 1129 κατά
900 1076 995 1131 τοῦ
1023 1080 1227 1152 Κυρίου
1247 1079 1522 1152 βούλευμα
1549 1083 1809 1155 ὀλέθριον,

220 1163 438 1226 ἑαυτοῖς
469 1164 741 1235 λέγοντεςο
790 1171 931 1225 Ἐὰν
958 1173 1200 1244 ἀφῶμεν
1214 1176 1401 1242 οὕτως
1427 1177 1558 1248 (61),
1591 1177 1811 1247 πάντες

222 1258 671 1313 πιστεύσουσιν
698 1264 789 1329 εἰς
826 1267 1032 1319 αὐτόν’
1068 1268 1168 1321 καὶ
1206 1269 1562 1325 ἐλεύσονται
1590 1275 1644 1325 ol
1684 1272 1812 1326 Ῥω·

215 1344 402 1413 μαῖοι,
432 1346 536 1400 καὶ
560 1349 816 1418 ἀροῦσιν
838 1353 1007 1422 ἡμῶν
1037 1357 1144 1410 τὸν
1166 1359 1353 1411 τόπον
1379 1359 1480 1414 καὶ
1517 1360 1582 1414 τὸ
1615 1363 1810 1429 ἔθνος.

232 1436 327 1489 Ἕκ
374 1438 569 1492 τούτου
594 1441 690 1495 τοῦ
724 1443 1091 1517 βουλεύματος
1124 1448 1216 1503 ἐπὶ
1264 1450 1363 1522 τὴν
1391 1453 1811 1523 Χριστοκτονίαν

219 1528 490 1595 ἐλθόντες,
515 1534 593 1596 ὡς
623 1535 686 1588 τὸ
718 1536 870 1602 ἔθνος
893 1540 1045 1593 αὐτοὶ
1068 1542 1162 1595 καὶ
1191 1543 1289 1615 τὴν
1312 1542 1497 1616 χώραν
1520 1545 1809 1600 διασώσον-

217 1635 329 1683 τες,
356 1621 676 1677 ἀπολώλασι
710 1626 778 1678 δι’
806 1621 881 1682 ὧν
909 1628 1315 1696 ἐϐουλεύσαντο,
1346 1636 1440 1688 καὶ
1476 1635 1541 1688 ἐκ
1567 1638 1667 1707 τῆς
1704 1634 1811 1706 χώ-

220 1727 322 1783 ρας
350 1714 670 1780 ἀνάστατοι,
702 1721 797 1773 καὶ
826 1720 935 1772 τῶν
950 1722 1130 1793 νόμων
1158 1724 1425 1798 ἀλλότριοι
1457 1728 1551 1781 καὶ
1585 1728 1685 1797 τῆς
1713 1727 1807 1781 λα-

216 1806 410 1876 τρείας
435 1812 817 1882 γεγενημένοι.
852 1816 961 1868 Καὶ
1002 1816 1138 1883 ὅλως
1168 1820 1225 1871 ὲν
1256 1796 1474 1890 μυρίοις
1500 1822 1564 1875 ἀν
1591 1796 1676 1885 τις
1709 1840 1807 1875 κα-
1841 1796 1881 1849 Β

216 1898 456 1968 ταμάθοι
495 1901 609 1970 (62)
645 1905 1057 1978 παραδείγμασι
1088 1909 1284 1982 σαθρὸν
1314 1911 1375 1964 τὸ
1401 1911 1500 1981 τῆς
1537 1912 1806 1986 ἀνθρωπί-

214 2007 317 2059 νης
378 1995 576 2063 σοφίας
617 1996 1021 2071 πλεονέκτημα,
1075 2003 1270 2075 μικρόν
1316 2021 1376 2057 τε
1422 2006 1517 2059 καὶ
1556 2008 1807 2062 ταπεινὸν

220 2084 423 2153 μᾶλλον
449 2088 481 2156 ἥ
512 2088 661 2157 μέγα
683 2091 777 2142 καὶ
818 2091 1039 2164 via-{mitem

288 2175 342 2228 3.
378 2177 735 2244 Ὠστεούδεὶς
764 2176 823 2234 εὖ
858 2178 1092 2253 φρονῶν,
1142 2184 1266 2239 οὔτε
1307 2187 1399 2240 ἐπὶ
1429 2191 1493 2260 τῇ
1526 2190 1688 2262 σοφίᾳ
1738 2194 1803 2262 τῇ

216 2266 414 2319 ἑαυτοῦ
475 2270 620 2339 μέγα
644 2273 926 2343 φρονήσει,
976 2274 1099 2328 οὔτε
1153 2278 1244 2330 ἐπὶ
1299 2280 1412 2343 τοῖς
1470 2280 1649 2345 ἄλλοις
1693 2286 1807 2348 τοῖς

216 2360 659 2429 προειρημένοις,
683 2363 821 2417 ἀλλά
846 2365 1195 2439 πεισθήσεται
1223 2372 1287 2440 τῇ
1306 2370 1564 2445 καλλίστῃ
1601 2392 1803 2447 παραι-

214 2448 360 2503 νέσει
381 2451 485 2519 τῆς
514 2456 798 2526 μακαρίας
841 2458 1038 2528 Ἀννης
1062 2462 1157 2513 καί
1188 2461 1282 2514 τοῦ
1322 2466 1603 2536 προφήτου
1641 2468 1804 2540 Ἱερεο

215 2541 361 2612 μίου’
388 2545 490 2613 Μὴ
519 2546 848 2614 καυχάσθω
882 2554 914 2603 ὁ
943 2550 1135 2619 σοφὸς
1164 2552 1235 2605 ἐν
1269 2554 1344 2622 τῇ
1379 2558 1564 2625 σοφίᾳ
1594 2559 1802 2623 αὐτοῦ,

211 2635 309 2687 καὶ
333 2634 423 2703 μὴ
458 2637 789 2706 καυχάσθω
816 2643 850 2693 ὁ
884 2641 1133 2711 ἰσχυρὸς
1165 2644 1236 2696 ἐν
1280 2645 1355 2714 τῇ
1392 2650 1563 2716 ἰσχύϊ
1594 2650 1802 2714 αὑτοῦ,

213 2726 307 2779 καὶ
327 2725 417 2795 μὴ
444 2728 777 2798 καυχάσθω
808 2736 842 2785 ό
858 2735 1157 2802 πλούσιος
1190 2737 1263 2790 ἐν
1306 2738 1386 2804 τῷ
1434 2743 1675 2808 πλούτῳ
1698 2746 1805 2797 ai)-

211 2820 338 2873 τοῦ.
382 2821 549 2875 Ἀλλὰ
605 2823 662 2876 τί
692 2825 753 2877 τὺ
790 2826 1053 2899 καύχημα
1100 2830 1161 2882 τὸ
1193 2830 1422 2902 ἀληθές;
1483 2834 1577 2886 καὶ
1612 2836 1671 2888 ἐν
1699 2836 1803 2888 τίνι

215 2912 389 2978 μέγας
419 2916 448 2966 ό
475 2913 803 2986 ἄνθρωποςς
852 2918 954 2972 Ἐν
976 2921 1180 2985 τούτῳ,
1218 2923 1372 2993 φησὶ,
1407 2923 1733 2993 καυχάσθω
1771 2929 1804 2981 ὁ

211 3005 622 3075 καυχώμενος,
666 3009 737 3062 ὲν
772 3010 855 3076 τῷ
902 3012 1137 3067 συνιεῖν
1196 3015 1295 3068 καί
1338 3018 1673 3087 γινώσκειν,
1714 3018 1803 3073 ὅτι

1917 534 2186 589 columem
2237 534 2561 591 educturus.
2617 537 2931 593 Abimelech
2995 555 3158 603 vero,
3219 540 3490 594 homicida

1916 624 2041 690 ille,
2112 623 2385 681 Gedeonis
2455 628 2675 696 spurius
2728 629 2908 691 ﬁlius.
2957 632 3051 701 qui
3099 629 3369 701 legitimos
3402 644 3491 685 se-

1916 720 2197 790 ptuaginta
2239 719 2380 775 ﬁlios
2414 720 2722 786 occiderat,
2761 722 2974 793 hocque
3008 722 3077 777 ad
3112 720 3492 778 stabiliendam

1915 813 2066 881 regni
2127 812 2531 881 possessionem
2581 814 2859 884 sapienter
2906 816 3271 883 excogitatum
3321 812 3493 867 fuisse

1915 911 2234 972 putaverat,
2290 911 2350 958 ut
2399 906 2563 963 caedis
2595 907 2741 962 illius
2782 907 3061 977 adjutores
3099 906 3368 970 conterit,
3415 906 3489 959 ita

1914 998 1982 1051 ab
2027 998 2162 1066 ipsis
2208 1000 2532 1064 conteritur,
2578 1015 2643 1055 ac
2690 1000 2910 1055 tandem
2954 1000 3199 1054 mulieris
3243 1014 3406 1053 manu
3435 1004 3505 1051 eL

1914 1090 2109 1159 lapidis
2139 1090 2247 1146 ictu
2293 1092 2453 1162 perit.
2490 1092 2631 1157 Quin
2670 1101 2724 1147 et
2758 1090 2929 1146 Judaei
2972 1105 3174 1146 omnes
3199 1090 3488 1146 consilium

1914 1182 2017 1237 sibi
2047 1182 2343 1237 exitiosum
2391 1193 2584 1237 contra
2617 1182 2903 1237 Dominum
2937 1180 3284 1237 architectati
3321 1187 3511 1241 sunt,

1913 1288 2037 1328 cum
2073 1274 2361 1330 dicerent:
2400 1273 2460 1330 Si
2501 1276 2775 1330 siverimus
2816 1276 2892 1330 sic
2916 1315 2930 1337 ,
2977 1291 3155 1330 omnes
3188 1274 3398 1329 credent
3436 1274 3519 1326 inw

1911 1381 2073 1419 eum:
2107 1375 2157 1421 et
2197 1368 2397 1421 venient
2427 1365 2683 1431 Romani,
2728 1376 2777 1421 et
2823 1366 3006 1421 tollent
3043 1376 3283 1422 nostrum
3314 1365 3511 1419 locum.

1911 1468 1960 1510 et
1993 1467 2195 1528 gentem
2231 1458 2298 1511 ⁸ο.
2336 1456 2467 1512 Post
2497 1457 2600 1513 hoc
2632 1458 2925 1513 consilium
2968 1458 3280 1514 occidentes
3323 1457 3487 1511 Chri-

1913 1556 2055 1603 stum
2078 1590 2093 1611 ,
2112 1550 2258 1604 velut
2274 1558 2490 1620 gentem
2510 1565 2572 1605 ac
2595 1550 2871 1620 regionem
2903 1551 3199 1613 servaturi,
3232 1550 3337 1604 hoc
3368 1549 3504 1619 ipso

1913 1642 2145 1696 consilio
2176 1648 2467 1712 utramque
2498 1643 2814 1713 perdidere,
2848 1650 2961 1696 tum
2993 1657 3023 1696 e
3057 1646 3276 1713 regione
3306 1641 3486 1712 pulsi,

1913 1735 2026 1781 tum
2063 1743 2093 1782 a
2129 1728 2339 1800 legibus
2376 1744 2440 1784 ac
2478 1731 2630 1785 cultu
2663 1730 2758 1785 Dei
2799 1731 3114 1787 abalienati.
3159 1731 3224 1784 Et
3249 1732 3304 1786 in
3339 1747 3489 1787 sum-

1909 1834 2030 1884 ma,
2062 1835 2130 1875 ex
2160 1820 2466 1876 innumeris
2500 1820 2765 1891 exemplis
2807 1820 3023 1877 discere
3073 1823 3271 1891 cuique
3318 1821 3445 1875 licet
3468 1861 3483 1880 .

1910 1913 2318 1983 praerogativam
2344 1913 2623 1983 sapientiae
2648 1914 2898 1968 humana:
2920 1912 3150 1969 debilem
3178 1929 3301 1969 esse
3324 1954 3338 1973 ,
3368 1928 3492 1982 par-

1909 2020 2140 2073 vamque
2173 2013 2228 2059 et
2271 2006 2531 2059 humilem
2577 2006 2751 2076 magis
2792 2022 2957 2076 quam
2988 2021 3238 2076 magnam
3286 2019 3348 2059 ac
3394 2021 3489 2059 sn-

1907 2097 2153 2151 blimem.

1978 2191 2032 2245 5.
2076 2189 2263 2260 Itaque
2294 2205 2453 2245 nemo
2482 2189 2719 2260 prudens
2742 2232 2756 2256 ,
2788 2207 2963 2261 neque
2993 2191 3061 2245 de
3091 2188 3361 2259 sapientia
3388 2202 3488 2242 sua

1906 2282 2092 2338 eﬂeret
2121 2299 2210 2347 se,
2258 2299 2437 2353 neque
2482 2284 2550 2338 de
2597 2284 2808 2339 czeteris
2855 2300 2991 2353 quas
3041 2290 3167 2337 anle
3210 2281 3485 2337 nominavi

1908 2376 2111 2431 rebus:
2141 2376 2235 2431 sed
2267 2375 2665 2445 obtemperabit
2687 2376 2905 2445 optimae
2934 2372 3292 2431 admonitioni
3319 2373 3489 2427 beata:

1907 2467 2077 2522 Anna)
2107 2483 2171 2520 ac
2195 2466 2444 2522 Jercniiaa
2478 2469 2774 2536 pmpbetaa.
2808 2463 2890 2519 Ne
2915 2467 3170 2536 glorietur
3197 2465 3403 2532 sapiens
3431 2464 3489 2517 in

1906 2559 2167 2626 sapientia
2197 2574 2336 2611 sua:
2371 2567 2421 2613 et
2461 2575 2524 2613 ne
2568 2558 2826 2629 glorietur
2864 2558 3021 2629 fortis
3065 2560 3120 2615 in
3169 2560 3488 2630 fortitudine

1906 2666 2049 2704 sua:
2097 2661 2149 2704 et
2196 2667 2258 2705 ne
2290 2651 2548 2721 glorietur
2593 2652 2733 2705 diues
2781 2652 2837 2705 in
2884 2652 3086 2707 divitiis
3137 2654 3249 2707 suis
3280 2652 3343 2706 “.
3379 2650 3488 2707 Sed

1905 2756 2153 2809 quamam
2197 2749 2283 2796 est
2321 2757 2445 2796 vera
2477 2741 2758 2813 gloriatio,
2798 2748 2853 2797 et
2897 2742 2951 2797 in
2992 2757 3102 2815 quo
3147 2757 3376 2815 magnus
3403 2748 3489 2798 est

1907 2831 2122 2886 homo?
2167 2829 2235 2885 In
2278 2832 2411 2896 hoc,
2461 2833 2674 2902 inquit,
2719 2832 2976 2902 glorietur
3002 2834 3091 2903 qui
3127 2832 3413 2903 gloriatur,
3440 2833 3488 2885 si

1906 2924 2172 2993 cognoscit
2201 2940 2263 2977 ac
2292 2923 2540 2994 intelligit
2568 2923 2707 2993 quod
2731 2940 2823 2994 ego
2847 2925 2948 2977 sim
2980 2922 3234 2978 Dominus
3266 2923 3330 2977 δ’.
3360 2921 3489 2978 Πυιο

1905 3024 1989 3071 est
2016 3016 2326 3070 sublimitas
2356 3016 2629 3080 hominis,
2670 3016 2786 3072 haec
2824 3023 2909 3071 est
2947 3015 3118 3086 gloria
3163 3023 3327 3085 atque
3372 3030 3489 3069 ma—

209 3096 323 3164 ért'u
348 3100 594 3166 Κύριος.
630 3099 805 3154 Τοῦτο
846 3100 979 3172 ὕψος
1024 3104 1332 3176 ἀνθρώπου,
1370 3107 1529 3161 τοῦτο
1559 3109 1686 3174 δόξα
1711 3110 1805 3163 καὶ

1908 3107 2109 3173 jestas.
2140 3121 2268 3160 vere
2295 3121 2631 3176 cognoscere
2669 3106 2815 3176 quod
2864 3121 3121 3176 magnum
3166 3114 3283 3169 est,
3326 3104 3489 3175 eique

213 3191 601 3262 μεγαλειότης,
652 3193 869 3265 ἀληθῶς
923 3196 1125 3265 γνῶναι
1170 3199 1232 3252 τὸ
1266 3200 1430 3271 μέγα,
1489 3203 1581 3255 καὶ
1629 3202 1806 3275 τούτῳ

210 3283 622 3352 προσφύεσθαι,
684 3286 779 3340 καὶ
806 3286 967 3352 δόξαν
1009 3289 1105 3360 τὴν
1136 3292 1286 3362 παρὰ
1317 3293 1412 3347 τοῦ
1443 3294 1651 3365 Κυρίου
1706 3296 1805 3364 τῆς

209 3373 367 3444 6631;;
393 3375 701 3446 ἐπιζητεῖν.
736 3378 899 3446 Λέγει
930 3381 986 3433 δὲ
1009 3384 1039 3435 ό
1081 3383 1421 3449 Ἀπόστολος’
1469 3388 1530 3440 '0
1569 3388 1805 3456 καυχώ-

210 3484 411 3535 μενος.
447 3468 526 3520 ὲν
568 3470 767 3537 Κυρίῳ
816 3470 1158 3540 καυχάσθω,
1214 3475 1386 3543 λέγων
1432 3477 1514 3530 ὃτι
1550 3479 1807 3546 Χριστὸς

211 3555 354 3623 ἡμῖν
374 3557 639 3626 ἐγενήθη
669 3560 856 3629 σοφία
879 3562 998 3614 ἀπὸ
1028 3562 1194 3629 Θεοῦ,
1233 3562 1588 3634 δικαιοσύνη
1618 3584 1682 3620 τε
1704 3569 1803 3621 καὶ

208 3646 511 3716 ἁγιασμιῖς
538 3650 638 3703 καὶ
668 3650 1105 3719 ἀπολύτρωσις·
1124 3654 1226 3707 ἵνα
1242 3655 1434 3722 καθὼς
1463 3655 1803 3726 γέγραπται,

219 3739 284 3791 '0
308 3742 721 3809 καυχώμενος,
752 3744 823 3796 ἐν
843 3746 1042 3813 Κυρίῳ
1072 3746 1577 3821 καυχάσθω.Αῦτη
1611 3751 1717 3824 γάρ
1738 3753 1803 3824 δὴ

207 3836 243 3901 ἡ
281 3833 467 3887 τελεία
489 3836 587 3888 καὶ
619 3836 917 3909 ὁλόκληρος
946 3838 1213 3911 καύχησις
1245 3844 1302 3893 ἐν
1351 3842 1491 3913 Θεῷ,
1534 3845 1623 3897 ὅτε
1666 3848 1802 3917 μήτε

210 3928 305 3980 ἐπὶ
327 3927 650 3999 δικαιοσύνῃ
681 3946 765 3993 τις
795 3929 1081 4001 ἐπαίρεται
1135 3934 1200 4003 τῇ
1242 3933 1458 3996 ἑαυτοῦ,
1500 3933 1615 3988 ἀλλ’
1663 3935 1804 4004 ἔγνω

214 4020 315 4088 μὲν
346 4021 508 4091 ἐνδεῆ
536 4021 666 4074 ὄντα
712 4024 904 4077 ἑαυτὸν
943 4024 1287 4096 δικαιοσύνης
1333 4026 1584 4096 ἀληθοῦς,
1623 4028 1802 4082 πίστει

209 4111 271 4164 δὲ
296 4112 439 4185 μόνῃ
464 4116 533 4183 τῇ
565 4115 647 4177 εἰς
670 4114 909 4185 Χριστὸν
934 4115 1354 4188 δεδικαιωμένον
1382 4118 1515 4189 (65).
1537 4120 1649 4175 Καὶ
1667 4139 1803 4174 καυ-

210 4204 378 4272 χᾶται
411 4204 627 4269 Παῦλος
659 4206 753 4259 ἐπὶ
787 4205 865 4277 τῷ
922 4209 1333 4279 καταφρονῆσαι
1380 4210 1479 4280 τῆς
1513 4211 1703 4265 ἑαυτοῦ
1727 4212 1806 4266 δι-

1907 3198 2188 3253 adhtercre
2208 3238 2223 3262 ,
2257 3207 2312 3253 et
2340 3200 2569 3270 gloriam
2601 3216 2631 3253 a
2660 3198 2892 3253 Domino
2919 3199 3105 3268 gloriae
3135 3198 3482 3267 conquirere.

1907 3290 1996 3344 Ait
2022 3292 2167 3346 enim
2197 3291 2494 3361 Apostolus
2520 3311 2532 3345 :
2569 3289 2673 3357 Qui
2704 3291 2993 3363 gloriatur,
3022 3291 3076 3344 in
3104 3289 3332 3344 Domino
3369 3290 3489 3362 glo-

1906 3386 2073 3438 rietur
2093 3383 2160 3451 “;
2184 3385 2272 3438 ubi
2294 3384 2455 3438 dicit:
2482 3381 2726 3437 Christus
2749 3384 2924 3446 {artus
2949 3393 3025 3437 est
3051 3383 3199 3437 nobis
3222 3384 3486 3452 sapientia

1908 3494 1940 3529 a
1970 3475 2078 3529 Deo
2099 3516 2113 3538 ,
2146 3485 2193 3528 et
2217 3475 2453 3545 justitia,
2483 3484 2533 3528 et
2567 3475 2947 3543 sanctiﬁcatio,
2981 3482 3031 3528 et
3064 3474 3350 3542 redemptio
3378 3490 3396 3527 :
3428 3483 3487 3529 ut

1905 3567 2350 3640 quemadmodum
2381 3568 2635 3636 scriptum
2666 3577 2779 3630 est,
2814 3565 2919 3631 Qui
2963 3566 3244 3636 gloriatur,
3286 3565 3342 3619 in
3375 3563 3487 3619 Do-

1907 3662 2049 3713 mino
2078 3658 2428 3730 glorietur“.
2462 3658 2587 3712 llaec
2631 3667 2713 3712 est
2757 3658 2903 3711 enim
2949 3659 3187 3727 perfecta
3231 3672 3295 3712 ac
3338 3657 3486 3712 inte-

1905 3767 2001 3823 gra
2033 3754 2089 3806 in
2120 3750 2229 3805 Deo
2258 3751 2540 3822 gloriatio,
2571 3767 2694 3805 cum
2736 3751 2860 3820 quis
2903 3766 3013 3805 non
3038 3750 3111 3805 ob
3139 3765 3293 3806 suam
3321 3749 3485 3820 justi-

1907 3842 2038 3894 tiam
2067 3841 2366 3905 estollitur,
2403 3840 2496 3895 sed
2532 3841 2682 3894 novit
2721 3840 2943 3894 destitui
2991 3855 3051 3895 se
3094 3838 3313 3909 quidem
3355 3855 3486 3895 vera

1902 3936 2153 4005 justitia,
2185 3950 2373 3990 verum
2406 3934 2523 3990 sola
2558 3933 2616 3989 in
2644 3930 2927 3988 Christum
2976 3932 3082 3986 ﬁde
3118 3930 3484 4002 justiﬁcatum

1905 4044 2049 4084 esse.
2089 4029 2267 4099 Atque
2299 4025 2460 4098 159
2500 4027 2556 4082 in
2601 4027 2706 4081 hoc
2747 4026 3015 4097 gloriatur
3052 4021 3290 4088 Paulus,
3335 4025 3482 4095 quod

1901 4119 2172 4190 justitiam
2200 4135 2356 4176 suam
2390 4125 2706 4175 contemnat
2734 4137 2747 4174 :
2782 4127 2990 4189 quaerat
3019 4130 3150 4171 vero
3176 4131 3296 4171 eam
3317 4158 3332 4182 ,
3360 4132 3484 4187 qua:

1906 4225 2003 4279 per
2030 4209 2311 4266 Christum
2356 4216 2475 4273 est,
2530 4224 2653 4278 qua:
2695 4223 2762 4264 ex
2805 4206 2915 4262 Deo
2957 4216 3075 4271 est,
3112 4205 3382 4277 justitiam
3425 4208 3482 4262 in

212 4296 536 4368 καιοσύνης,
570 4296 753 4367 ζητεῖν
793 4299 850 4353 δὲ
880 4300 979 4370 τὴν
1016 4300 1105 4353 διὰ
1143 4300 1401 4373 Χριστοῦ,
1444 4302 1542 4374 τὴν
1572 4305 1636 4357 ὲκ
1668 4304 1803 4358 Θεοῦ

1908 4302 2013 4357 lide
2041 4302 2087 4335 “
2118 4320 2132 4358 :
2163 4308 2225 4357 ut
2269 4308 2565 4372 c0gnoscat
2611 4300 2797 4365 illum,
2838 4306 2893 4353 et
2934 4298 3190 4353 virtutem
3232 4313 3484 4355 resurre-

211 4388 568 4458 ὃικαιοσύνην
592 4391 683 4442 ἐπὶ
712 4393 780 4460 τῇ
804 4391 1004 4457 πίστει,
1026 4390 1120 4445 τοῦ
1151 4392 1354 4462 γνῶναι
1379 4394 1541 4448 αὑτὸν
1580 4395 1673 4448 καὶ
1704 4396 1805 4467 τὴν

1908 4392 2109 4447 ctionis
2137 4392 2292 4463 ejus,
2323 4403 2378 4448 et
2405 4391 2848 4447 communionem
2882 4390 3235 4446 afﬁictionum
3264 4391 3440 4462 ipsius
3465 4430 3480 4456 ,

214 4481 448 4550 δύναμιν
487 4481 588 4551 τῆς
633 4482 982 4548 ἀναστάσεως
1030 4485 1217 4552 αὐτοῦ,
1257 4487 1352 4540 καὶ
1390 4486 1489 4559 τὴν
1524 4488 1807 4542 κοινωνίαν

1911 4484 2216 4541 conformis
2243 4483 2423 4540 factus
2454 4484 2619 4540 morti
2648 4484 2800 4555 ejus,
2842 4484 2888 4539 si
2935 4497 3043 4553 quo
3075 4483 3237 4539 modo
3280 4482 3349 4537 ad
3395 4499 3484 4539 re-

213 4571 323 4624 τῶν
356 4571 700 4642 παθημάτων
728 4573 916 4640 αὐτοῦ,
948 4577 1457 4649 συμμορφιζόμενος
1476 4578 1556 4650 τῷ
1584 4578 1799 4651 θανάτῳ

1908 4577 2306 4633 surrectionem
2339 4583 2682 4632 mortuorum
2714 4576 3004 4647 pertingat.
3036 4573 3135 4629 Hic
3162 4573 3361 4630 cecidit
3391 4589 3484 4629 su-

212 4662 409 4729 αὐτοῦ,
461 4662 518 4715 εξ
539 4680 656 4726 πως
694 4666 1022 4737 καταντήσει
1073 4668 1184 4738 (64)
1213 4670 1296 4732 είς
1320 4669 1421 4740 τὴν
1444 4669 1802 4735 ἐξανάστασιν

1912 4670 2114 4741 ρεὼὶαι
2143 4668 2373 4725 altitudo
2400 4669 2603 4726 omnis.
2643 4668 2791 4723 Nihil
2827 4667 2971 4723 unde
3010 4666 3234 4737 gloriari
3278 4681 3480 4737 queas,

286 4821 534 4893 “,Joan.
571 4840 661 4888 ιι,
695 4822 784 4877 48.
862 4823 906 4854 ⁸⁸
942 4823 1118 4893 lReg.
1158 4840 1232 4884 tt,
1265 4825 1330 4891 5;
1368 4823 1479 4879 Jer.
1518 4841 1605 4888 ιιι,
1641 4824 1732 4880 25.

1908 4824 2126 4881 ὺίιί.2ι1.
2206 4824 2251 4855 ⁸³
2292 4824 2311 4877 1
2344 4825 2471 4879 Cur.
2508 4841 2559 4887 ι,
2596 4826 2684 4879 31.
2762 4823 2807 4855 ⁸⁸
2845 4824 2979 4879 ibid.
3016 4826 3105 4880 3i).
3183 4823 3232 4854 "
3269 4821 3470 4893 Philip.

215 4892 401 4957 ut,9.

287 5047 407 5117 (60)
438 5046 571 5119 Reg.
619 5030 830 5119 primus
860 5050 890 5101 ό
935 5047 1029 5102 τοῦ
1060 5047 1347 5119 Γεδεῶνος.
1385 5049 1700 5107 Abimelech
1736 5048 1794 5106 in

212 5116 473 5173 .udicum
507 5116 647 5173 libro
678 5135 755 5179 ix,
786 5119 842 5183 1,
878 5119 1023 5173 ﬁlius
1051 5116 1306 5174 Jerobaal
1335 5120 1558 5174 dicitur.

288 5188 404 5259 (6|)
432 5186 611 5243 Editio
637 5188 819 5244 Paris.
850 5188 1085 5260 ἀφῶμεν
1102 5189 1290 5243 τοῦτον
1317 5188 1512 5254 οὓτως.
1543 5192 1655 5246 Vos
1684 5191 1799 5246 τοῦο

213 5278 307 5314 τον
340 5275 517 5329 neque
542 5262 595 5314 in
625 5261 871 5315 editione
904 5260 1070 5316 Basil.
1102 5276 1281 5331 neque
1316 5262 1374 5315 in
1414 5262 1622 5317 nostris
1655 5279 1796 5333 qua-

215 5341 346 5384 tuor
384 5346 516 5384 mss.
552 5330 774 5384 legitur.

215 5341 346 5386 tuor
384 5346 516 5385 mss.
554 5341 774 5401 legitur.

286 5400 679 5473 (6Ξ)Ει1ἰιὶνβι
730 5402 868 5471 Reg.
925 5400 1122 5455 tertius
1177 5401 1495 5473 καταμάθῃ.
1549 5402 1658 5456 Alii
1693 5412 1804 5458 tres

215 5472 722 5544 ωιιᾼκαταμάθοι,
767 5473 1068 5544 Aliquanto
1122 5480 1247 5541 post
1274 5472 1416 5544 unus
1445 5472 1550 5528 ms.
1588 5474 1799 5544 μεγάλα

218 5541 492 5625 (φρονήσει.
509 5541 668 5626 _Alter
692 5542 1187 5616 μεγαλοφρονήσει.
1210 5543 1317 5598 Alii
1340 5542 1449 5597 duo
1473 5541 1618 5615 μέγα
1643 5561 1798 5616 φρον-

218 5612 363 5668 ήσει.
387 5612 524 5668 Edtti
562 5614 708 5668 μέγα
743 5614 1017 5668 φωνήσῃ.

218 5612 524 5679 ήσειΛὰΙίιὶ
560 5612 708 5685 μέγα
743 5612 1017 5687 φρονήσῃ.
1067 5612 1075 5613 ί
1476 5612 1485 5615 ⁷
1559 5612 1565 5614 ⁷
1656 5612 1702 5616 Ἴ

223 5752 234 5764 υ
290 5681 582 5766 (θεῆςὶιιοιι
614 5686 693 5766 ait
731 5685 999 5766 hocloco
1036 5682 1316 5766 Basilius,
1348 5683 1625 5766 hominem
1680 5685 1796 5740 sola

220 5753 277 5807 in
309 5753 583 5812 Christum
617 5755 726 5813 ﬁde
749 5754 1074 5825 justiﬁcari,
1107 5754 1180 5823 id,
1216 5755 1321 5812 nisi
1348 5756 1673 5826 explicetur,
1699 5771 1796 5827 po-

1900 5057 2010 5105 test
2040 5048 2408 5106 simnliciores
2449 5047 2507 5103 in
2549 5064 2793 5104 errorem
2840 5048 3122 5103 inducere.
3166 5046 3481 5103 Notandum

1902 5120 2094 5191 igitur,
2129 5119 2393 5191 Basilium
2422 5119 2477 5191 id
2509 5119 2613 5173 sibi
2646 5119 2836 5191 inghac
2865 5119 3115 5191 oratione
3149 5133 3475 5191 proponere,

1902 5189 1966 5246 ut
2002 5190 2256 5246 ostendat
2298 5204 2401 5261 nos
2450 5189 2505 5245 in
2532 5189 2757 5261 nostris
2800 5190 3064 5261 roperibus
3109 5189 3343 5261 gloriari
3367 5204 3477 5244 non

1905 5276 2090 5332 posse.
2126 5260 2308 5326 Quare
2328 5259 2664 5332 hoedicit:
2699 5259 2813 5315 Etsi
2842 5259 3083 5332 jejunas,
3118 5259 3231 5315 'etsi
3277 5260 3475 5330 stipem

1907 5329 2125 5412 erogas,
2149 5332 2261 5412 etsi
2287 5330 2393 5384 alia
2422 5330 2473 5412 id
2500 5337 2847 5412 genusrecte
2874 5329 3032 5412 iacis:
3051 5346 3168 5412 “non
3188 5338 3476 5412 prapterea
3529 5385 3539 5395 ,

1903 5399 2312 5470 justiticabere;
2346 5399 2441 5456 sed
2473 5399 2699 5470 accedat
2735 5407 2953 5470 Oportet
2997 5400 3152 5465 ﬁdes,
3190 5399 3307 5455 non
3328 5399 3474 5470 quod

1906 5468 2041 5529 ﬁdes
2070 5473 2188 5543 sola
2222 5471 2344 5528 sine
2371 5469 2632 5543 Operihus
2655 5468 2942 5543 justiﬁeet,
2978 5471 3075 5528 sed
3104 5472 3251 5543 quod
3285 5468 3361 5526 ad
3379 5469 3474 5539 ju-

1905 5542 2286 5599 Stiticationem
2319 5540 2635 5597 neCessario
2662 5540 3001 5610 requiratur.

1978 5614 2091 5689 (tu)
2124 5612 2489 5689 Antiquiduo
2694 5606 3030 5689 κάταντῄσῃ.
3074 5608 3217 5689 Editl
3255 5616 3311 5664 et
3339 5606 3473 5689 Reg.

1978 5630 2091 5685 (ne)
2124 5630 2346 5682 Anuqut
2378 5630 2489 5667 auo
2530 5630 2654 5666 1|an
2694 5630 3030 5683 xaTaV1n6..
3074 5630 3217 5666 nutu
3255 5630 3311 5664 et
3340 5630 3473 5689 ιιι-δ.

1904 5686 2100 5739 tertius
2145 5684 2496 5753 καταντήσει.
2542 5679 2745 5753 Ibidem
2788 5683 2921 5737 editi
2963 5630 3319 5749 ἐξανάστασιν
3367 5695 3478 5753 τέων

1905 5754 2132 5826 νεκρῶν.
2159 5752 2225 5807 At
2249 5749 2384 5811 mss.
2406 5762 2645 5824 quatuor
2666 5751 3021 5817 ἐξανάστασιν
3038 5753 3137 5823 τὴν
3157 5755 3222 5807 ὲκ
3242 5749 3473 5824 νεκρῶν.
