4036 6236
527 323 624 381 551

1840 340 1896 395 S.
1940 337 2181 397 BASlLll
2219 340 2430 397 MAGNI

3697 353 3803 409 552

524 442 779 497 relictum
809 452 892 500 est
919 445 1018 501 tibi
1042 489 1056 514 ,
1087 462 1121 503 ο
1151 448 1316 506 homo
1336 491 1349 515 ,
1382 451 1544 522 cujus
1576 452 1829 511 videlicet
1857 456 2082 528 gloriati

2211 456 2308 528 τὴν
2335 459 2399 510 ἐκ
2428 458 2658 530 νεκρῶν.
2698 459 2960 514 Ἐνταῦθα
2997 462 3252 516 πέπτωκε
3282 466 3389 518 πᾶν
3423 465 3555 536 ficio;
3590 468 3798 539 ὑπερη-

522 546 588 586 ac
632 547 758 603 spes
807 536 913 590 sita
959 538 1012 591 in
1058 555 1124 594 eo
1166 543 1271 601 sit.
1316 551 1376 596 ut
1421 545 1718 602 mortiiices
1762 556 1854 603 tua
1882 553 2100 615 omnia,

521 641 848 699 quaerasque
886 629 1127 686 futuram
1172 635 1227 690 in
1273 636 1495 692 Christo
1526 640 1692 695 vitam
1725 661 1738 696 :
1784 642 1946 713 cujus
1975 660 2099 700 cum

520 715 823 775 habeamus
853 722 1123 791 primitias
1144 765 1159 788 ,
1185 723 1296 793 jam
1329 726 1383 779 in
1417 727 1503 784 his
1534 745 1760 793 sumus.
1791 733 2015 789 omnino
2044 737 2100 789 in

520 809 694 877 gratia
724 824 790 865 ac
820 812 965 868 dono
994 813 1090 869 Dei
1119 816 1384 873 viventes.
1418 819 1486 874 Et
1531 819 1677 876 Deus
1717 825 1935 894 quidem
1979 834 2096 892 est,

519 898 626 966 Qui
675 913 925 970 operatur
967 905 1023 959 in
1054 905 1204 962 nobis
1233 918 1282 962 et
1312 909 1441 964 velle
1470 921 1520 965 et
1563 913 1759 982 efﬁcere
1780 956 1795 981 ,
1831 930 1924 983 pro
1963 917 2098 973 bona

517 993 787 1048 voluntate
815 996 881 1051 ⁸⁸.
928 994 1142 1054 Rursus
1186 998 1330 1057 Deus
1370 1005 1693 1073 sapientiam
1738 1023 1893 1063 suam
1933 1027 2097 1082 quam

516 1080 573 1136 in
602 1091 847 1139 nostram
877 1086 1105 1156 gloriam
1137 1086 1585 1159 praedestinavit,
1615 1099 1818 1153 revelat
1850 1080 2097 1172 per—Spi-

516 1174 679 1227 ritum
712 1191 874 1232 suum
903 1179 969 1232 ‘7.
998 1178 1232 1236 Praestat
1260 1182 1404 1240 Deus
1435 1187 1579 1242 vires
1608 1204 1673 1244 ac
1714 1191 1881 1245 robur
1921 1193 1975 1246 in
2019 1195 2097 1247 la-

514 1266 759 1324 boz'ibus.
783 1268 1157 1325 Abundantius
1180 1275 1421 1329 omnibus
1449 1276 1720 1345 laboravi,
1747 1282 1924 1353 inquit
1949 1282 2092 1340 Pau-

513 1356 641 1423 lus;
677 1374 779 1412 non
806 1375 900 1430 ego
934 1371 1143 1427 autem,
1187 1365 1279 1419 sed
1319 1369 1498 1437 gratia
1547 1371 1673 1435 Dei,
1715 1389 1831 1442 qua:
1868 1384 1946 1430 est
1987 1394 2094 1431 me-

511 1463 633 1501 cum
659 1448 723 1505 ⁸⁸.
770 1448 970 1508 Eximit
1016 1452 1159 1510 Deus
1205 1456 1274 1513 de
1324 1460 1581 1528 periculis
1632 1475 1827 1533 praeter
1877 1482 2093 1523 onmem

511 1534 809 1590 humanam
852 1553 1027 1607 spem.
1071 1539 1216 1608 Ipsi,
1262 1542 1473 1613 inquit,
1514 1547 1567 1599 iu
1594 1549 1983 1621 nobismetipsis
2011 1571 2094 1609 re-

511 1641 759 1693 sponsum
787 1631 974 1684 mortis
1022 1632 1303 1689 habuimus
1339 1646 1398 1689 ut
1428 1654 1530 1692 non
1573 1641 1740 1694 simus
1784 1642 2004 1711 ﬁdentes
2036 1647 2092 1699 in

510 1718 696 1783 nobis,
744 1722 835 1775 sed
887 1723 941 1777 in
989 1728 1132 1787 Deo,
1182 1729 1272 1796 qui
1323 1733 1550 1784 suscitat
1599 1743 1878 1787 mortuos:
1910 1737 2000 1806 qui
2027 1753 2092 1792 ea:

511 1819 665 1865 tanta
695 1822 862 1867 morte
890 1831 983 1870 nos
1014 1818 1243 1887 eripuit,
1290 1829 1341 1873 et
1379 1823 1576 1891 eripit:
1614 1826 1668 1879 in
1708 1843 1859 1897 quem
1900 1845 2084 1898 spera-

508 1917 627 1957 mus
653 1907 902 1973 quoniam
931 1916 979 1961 et
1012 1908 1183 1965 adhuc
1210 1913 1387 1980 eripiet
1421 1915 1484 1966 δ’.

2211 552 2427 620 φανίας.
2458 553 2624 606 Οὐδὲν
2661 553 3048 608 ὑπολέλειπται
3092 572 3172 608 σοι
3212 556 3349 627 πρὸς
3378 557 3717 623 ἀλαζονείαν,
3753 555 3798 613 ὦ

2208 640 2484 713 ἄνθρωπε,
2506 635 2551 709 ᾧ
2578 642 2640 694 τὸ
2672 642 2937 715 καύχημα
2970 645 3064 698 καὶ
3087 647 3119 716 ὴ
3141 645 3299 709 ἐλπὶς
3325 648 3381 700 ἐν
3409 647 3489 718 τῷ
3520 649 3795 717 νεκρῶσαι

2210 732 2307 802 μὲν
2338 734 2514 786 πάντα
2559 734 2627 787 τά
2672 733 2918 798 σεαυτοῦ,
2960 734 3194 806 ζητῆσαι
3227 735 3286 789 δὲ
3309 736 3407 809 τὴν
3434 736 3544 808 (65)
3578 740 3636 791 ἐν
3663 739 3798 809 Χρι-

2207 823 2317 894 στῷ
2343 823 2486 896 ζωὴν
2509 824 2607 897 τὴν
2650 825 2969 895 μέλλουσαν’
3012 822 3081 900 ἦς
3112 828 3367 901 ἀπαρχὰς
3406 828 3638 899 ἔχοντες,
3692 831 3795 900 ἥδη

2202 919 2260 971 ἐν
2289 918 2500 981 τούτοις
2531 919 2717 988 ἐσμὲν,
2742 917 2808 971 τὸ
2834 917 2954 971 ὅλον
2983 920 3039 973 ἐν
3062 919 3243 991 χάριτι
3272 919 3473 984 ζῶντες
3505 922 3794 993 καὶδωρεᾷ

2200 1009 2358 1063 Θεοῦ.
2391 1011 2501 1064 Καὶ
2529 1010 2662 1074 Θεὸς
2700 1011 2798 1082 μέν
2834 1014 3005 1077 ἐστιν,
3047 1012 3099 1064 '0
3134 1013 3392 1082 ἐνεργῶν
3415 1014 3485 1067 ἐν
3509 1015 3655 1083 ἡμῖν
3688 1016 3790 1068 καὶ

2202 1100 2267 1154 τὸ
2295 1102 2494 1156 θέλειν
2519 1111 2615 1156 καὶ
2643 1102 2709 1157 τὸ
2731 1103 2997 1174 ἐνεργεῖν
3018 1103 3169 1173 ὑπὲρ
3196 1105 3305 1175 τῆς
3336 1106 3636 1173 εὐδοκίας
3655 1107 3793 1172 Θεὸς

2199 1194 2384 1266 δὲτὴν
2422 1195 2617 1247 ἐαυτοῦ
2670 1194 2859 1265 σοφίαν
2898 1195 2996 1267 τὴν
3042 1198 3462 1269 προωρισμένην
3507 1200 3587 1263 είς
3626 1200 3790 1264 δόξαν

2199 1285 2355 1356 ἡμῶν
2382 1286 2758 1340 ἀποκαλύπτει
2784 1286 2872 1340 διὰ
2904 1286 2999 1340 τοῦ
3038 1287 3166 1341 ἰδίου
3200 1287 3535 1359 Πνεύματος.
3568 1289 3704 1353 Θεὸς
3730 1290 3789 1345 δέ

2196 1377 2295 1448 τὴν
2331 1378 2389 1429 ἐν
2417 1378 2599 1442 πόνοις
2649 1379 2834 1433 δίδωσι
2867 1379 3120 1451 δύναμιν.
3166 1383 3607 1450 Περισσότερον
3633 1380 3789 1436 πάν-

2196 1484 2312 1521 των
2335 1469 2652 1536 ἐκοπίασα,
2682 1473 2815 1543 φησὶ
2844 1471 3078 1535 Παῦλος·
3125 1475 3237 1526 οὐκ
3270 1473 3385 1543 ἐγὼ
3438 1473 3527 1536 δὲ,
3567 1475 3708 1529 ἀλλ’
3742 1477 3785 1544 ἠ

2193 1558 2367 1628 χάρις
2392 1561 2498 1615 τοῦ
2536 1562 2683 1617 Θεοῦ
2710 1565 2749 1632 ἡ
2778 1564 2901 1618 σὺν
2924 1564 3074 1633 ἐμοί.
3104 1563 3237 1628 Θεὸς
3266 1565 3324 1618 δὲ
3349 1564 3643 1638 ἐξαιρεῖται
3669 1583 3786 1619 κιν-

2193 1650 2363 1705 δύνων
2390 1651 2542 1722 παρά
2573 1656 2751 1708 πᾶσαν
2783 1655 3125 1727 ἀνθρωπίνην
3156 1657 3366 1713 ἐλπίδα.
3411 1657 3611 1721 Αὐτοὶ,
3663 1676 3776 1728 φη-

2195 1744 2299 1808 σὶν,
2321 1744 2392 1797 ἐν
2424 1745 2661 1812 ἑαυτοῖς
2688 1746 2754 1800 τὸ
2782 1748 3083 1818 ἀπόκριμα
3101 1749 3206 1803 τοῦ
3232 1749 3492 1803 θανάτου
3509 1750 3780 1818 ἐσχήκα-

2185 1854 2322 1905 μεν,
2362 1840 2461 1891 ἵνα
2491 1839 2578 1907 μὴ
2614 1841 2963 1907 πεποιθότες
3000 1837 3158 1911 ὦμεν
3193 1842 3287 1910 ἐφ’
3333 1842 3588 1908 ἑαυτοῖς,
3629 1844 3774 1897 ἀλλ’

2190 1930 2292 1982 ἐπὶ
2318 1929 2399 1996 τῷ
2433 1931 2553 1997 Θεῷ
2578 1932 2658 1999 τῷ
2689 1933 2976 2003 ἐγείροντι
3005 1935 3147 2002 τοὺς
3188 1937 3460 2004 νεκρούς’
3494 1936 3561 2001 ὃς
3586 1937 3655 1991 ἐκ
3680 1955 3780 2005 τη-

504 1997 1081 2099 λικούτῳ-θανάτου
1096 2006 1402 2099 ερῤὐσατο
1419 2007 1602 2078 ἡμᾶς,
1630 2013 1729 2067 καί
1758 2016 1969 2083 ,δύεται
1992 2018 2126 2092 (66),
2159 2027 2248 2090 είς
2281 2024 2354 2078 ὃν
2377 1997 2741 2097 ἠλπίκαμεν,
2775 1997 2864 2082 ὅτι
2894 2030 2993 2083 καὶ
3015 1997 3396 2099 ἔτιρύσεται.

577 2089 633 2145 4.
680 2089 823 2157 Quid
857 2093 1042 2164 igitur,
1078 2095 1168 2152 dic
1200 2113 1418 2168 quasso,
1455 2108 1506 2157 te
1538 2104 1657 2173 ipse
1689 2108 1847 2176 quasi
1877 2109 1945 2165 de
1977 2089 2082 2168 tuis

2224 2089 2232 2090 ί
2259 2116 2313 2170 4.
2343 2089 2412 2172 Τί
2430 2114 2522 2172 οὖν
2541 2089 2809 2192 ἐπαίρεις,
2851 2121 2974 2174 είπέ
3007 2089 3342 2193 μοιξσαυτὸν
3364 2122 3439 2186 ὡς
3460 2123 3553 2176 ἐπὶ
3588 2123 3780 2189 καλοῖς

506 2179 682 2251 ipsius
713 2183 872 2240 bonis
901 2185 1096 2252 ell‘ers,
1127 2204 1252 2244 cum
1296 2192 1522 2249 deberes
1565 2211 1663 2265 pro
1708 2200 1946 2269 acceptis
1988 2202 2086 2258 do-

506 2272 594 2326 nis
643 2274 871 2343 gratiam
935 2277 1183 2350 largitori
1233 2282 1475 2339 habere?
1519 2285 1663 2352 Quid
1706 2291 1847 2344 enim
1886 2292 2079 2359 habes,

505 2363 644 2431 quod
691 2381 795 2419 non
826 2368 1117 2436 accepisti?
1150 2371 1305 2439 Quod
1334 2374 1381 2429 si
1422 2377 1583 2431 etiam
1623 2381 1912 2449 accepisti,
1956 2384 2082 2454 quid

504 2456 754 2526 gloriaris
785 2462 941 2529 quasi
970 2478 1075 2516 non
1106 2467 1369 2534 acceperis
1399 2468 1450 2499 ⁸⁰
1472 2469 1496 2522 ?
1520 2468 1640 2525 Non
1673 2480 1733 2526 tu
1778 2472 1946 2528 Deum
1988 2491 2084 2531 co-

503 2549 739 2617 gnovisti
774 2566 874 2621 per
908 2560 1056 2608 tuam
1087 2556 1358 2624 justitiam
1388 2578 1402 2614 :
1436 2561 1531 2616 sed
1565 2560 1710 2619 Deus
1742 2568 1998 2638 cognovit
2028 2577 2082 2626 te

502 2650 729 2712 propter
760 2660 916 2700 suam
951 2646 1271 2705 bonitatem.
1318 2649 1452 2706 Cum
1492 2658 1833 2725 cogitaveritis
1882 2660 2081 2730 Deum,

506 2735 714 2804 inquit,
760 2738 1102 2808 quinpotius
1143 2744 1338 2813 cogniti
1386 2747 1504 2801 sitis
1530 2765 1563 2802 a
1594 2748 1703 2804 Deo
1737 2754 1804 2807 ⁵³.
1854 2754 1975 2810 Non
2023 2765 2083 2811 tu

505 2829 920 2898 apprehendisti
970 2831 1250 2890 Christum
1304 2852 1401 2907 per
1448 2840 1737 2906 virtutem,
1781 2845 1877 2900 sed
1923 2847 2085 2903 Chri—

504 2928 625 2975 stus
659 2928 713 2977 te
745 2938 841 2993 per
872 2940 1033 2980 suum
1065 2928 1357 2991 adventum
1391 2934 1765 3004 apprehendit.
1802 2937 2081 3010 Insequar,

503 3012 712 3086 inquit,
761 3018 808 3070 si
845 3020 1009 3071 etiam
1049 3021 1436 3089 apprehendam
1456 3064 1471 3090 ,
1503 3025 1557 3079 in
1588 3043 1689 3096 quo
1718 3036 1768 3081 et
1799 3031 2084 3100 apprehen-

2195 2210 2365 2274 ἰδίοις,
2391 2212 2515 2266 ἀντὶ
2543 2213 2638 2266 τοῦ
2676 2213 2836 2285 χάριν
2870 2214 2964 2268 ἐπὶ
3004 2216 3119 2279 τοῖς
3156 2213 3348 2286 δώροις
3375 2215 3652 2285 ὁμολογεῖν
3697 2214 3779 2284 τῷ

2188 2300 2476 2369 δεδωκότι;
2517 2305 2579 2358 Τί
2608 2304 2719 2373 γὰρ
2759 2304 2941 2373 ἔχεις,
2972 2304 3004 2358 ὃ
3043 2306 3155 2358 οὐκ
3188 2305 3431 2370 ἐλαϐες;
3455 2307 3520 2357 El
3561 2304 3630 2357 δὲ
3673 2304 3778 2357 καὶ

2188 2390 2422 2457 ἔλαϐες,
2462 2394 2518 2447 τί
2546 2395 2849 2464 καυχᾶσαι
2871 2396 2951 2462 ὡς
2996 2395 3083 2466 μὴ
3122 2395 3357 2460 λαϐών;
3400 2396 3473 2450 Οὐ
3528 2398 3592 2450 σὺ
3637 2395 3777 2451 Θεὸν

2188 2482 2360 2552 ἔγνως
2390 2484 2479 2538 διὰ
2504 2486 2872 2559 δικαιοσύνης,
2898 2488 3033 2543 ἀλλά
3047 2488 3179 2552 Θεός
3212 2507 3271 2542 σε
3310 2489 3397 2543 διὰ
3424 2489 3775 2560 χρηστότητα.

2187 2574 2348 2643 ἔγνω.
2377 2578 2663 2645 Γνόντες,
2713 2580 2869 2651 φησὶ,
2903 2580 3071 2644 Θεὸν,
3098 2579 3342 2650 μᾶλλον
3377 2580 3444 2633 δὲ
3469 2581 3773 2649 γνωσθέν-

2184 2683 2282 2731 τες
2315 2666 2435 2721 ὑπὸ
2489 2667 2657 2724 Θεοῦ.
2697 2671 2770 2722 Ui;
2807 2672 2871 2725 σὺ
2900 2670 3133 2743 Χριστὸν
3163 2672 3493 2741 κατείληφας
3524 2672 3611 2725 διά
3664 2672 3773 2741 τῆς

2186 2757 2410 2828 ἀρετῆς,
2454 2760 2590 2814 ἀλλά
2630 2762 2865 2832 Χριστός
2915 2780 2973 2816 σε
3005 2764 3093 2818 διὰ
3120 2765 3220 2836 τῆς
3254 2767 3556 2835 παρουσίας
3584 2768 3771 2821 κατεί-
3840 2814 3843 2815 ν

2185 2848 2342 2920 ληφε.
2397 2850 2611 2916 Διώκω,
2644 2853 2827 2923 φησιν,
2861 2857 2913 2908 εὶ
2956 2856 3054 2910 καὶ
3090 2855 3418 2920 καταλάϐω,
3449 2858 3539 2927 ἐφ’
3567 2851 3615 2924 ᾧ
3664 2859 3769 2912 καὶ

2183 2939 2572 3010 κατελήφθην
2609 2942 2728 2996 ὑπὸ
2769 2945 3048 3013 Χριστοῦ.
3107 2948 3231 3016 Οὐχ
3266 2947 3433 3016 ὑμεῖς
3462 2965 3537 3017 με
3567 2949 3771 3012 ἐξελέ-

2185 3030 2391 3097 ξασθε,
2428 3033 2593 3103 φησὶν
2621 3035 2648 3087 ό
2665 3034 2891 3105 Κύριος,
2920 3036 3182 3106 ἀλλ’ἐτὼ
3196 3038 3570 3109 ἐξελεξάμην
3584 3040 3763 3110 ὑμᾶς.

501 3119 593 3159 sus
625 3120 745 3159 sum
776 3122 809 3159 a
839 3105 1052 3163 Christo
1083 3111 1149 3164 ⁸⁸.
1184 3109 1309 3166 Non
1351 3129 1440 3169 vos
1474 3131 1556 3169 me
1594 3116 1824 3187 elegistis
1844 3158 1859 3185 ,
1907 3121 2082 3193 inquit

2196 3122 2335 3176 Ἀλλ’
2383 3123 2464 3177 ὅτι
2513 3126 2831 3197 τετίμησαι,
2869 3129 3011 3199 μέγα
3043 3105 3277 3200 φρονεῖς,
3327 3133 3422 3185 καὶ
3445 3105 3567 3187 ντδν
3614 3105 3768 3189 ἐλεόν

499 3197 766 3255 Dominus
787 3239 801 3263 ,
833 3204 923 3254 sed
952 3217 1044 3272 ego
1072 3203 1204 3274 elegi
1231 3221 1319 3259 vos
1343 3206 1409 3259 ⁸³.
1437 3210 1520 3261 An
1563 3210 1822 3277 quoniam
1871 3211 2081 3270 honore

500 3291 728 3349 aﬂectus
770 3309 861 3361 es,
898 3293 1151 3365 gloriaris
1180 3304 1234 3351 et
1268 3297 1700 3355 misericordiam
1732 3305 2080 3362 occasionem

496 3387 698 3456 arripis
734 3388 1127 3458 superbiendi?
1154 3390 1219 3445 Et
1263 3397 1392 3446 tunc
1445 3408 1747 3463 cognoscas
1805 3397 2077 3468 teipsum,

380 3467 386 3472 ’
495 3479 623 3550 quis
657 3481 770 3545 sis,
805 3481 953 3537 velut
996 3482 1169 3536 Adam
1217 3483 1427 3552 ejectus
1468 3501 1499 3539 e
1544 3488 1800 3556 paradiso
1830 3467 1896 3557 5‘,
1931 3492 2081 3546 velut

501 3571 635 3625 Saul
661 3571 914 3628 desertus
940 3586 970 3626 a
1002 3572 1210 3643 Spiritu
1242 3574 1333 3629 Dei
1363 3576 1431 3639 ⁸⁵,
1462 3577 1608 3632 velut
1637 3579 1805 3635 lsrael
1833 3595 1863 3634 a
1895 3580 2080 3636 radice

499 3671 691 3720 sancta
722 3672 992 3721 resectos.
1029 3663 1197 3735 Fide,
1228 3668 1437 3738 inquit,
1468 3679 1617 3725 stas:
1646 3672 1758 3726 noli
1792 3673 1963 3728 altum
1990 3690 2080 3726 sa-

495 3772 652 3825 pere,
698 3756 790 3813 sed
835 3761 959 3813 time
989 3759 1056 3814 ⁵⁸.
1090 3759 1368 3817 Iudicium
1413 3766 1663 3835 sequitur
1707 3767 1983 3837 gratiam;
2024 3777 2078 3823 et

499 3850 778 3919 quomodo
807 3851 953 3908 datis
982 3868 1118 3909 usus
1148 3852 1354 3921 fueris,
1395 3857 1652 3927 expendit
1692 3858 1881 3929 judex.
1921 3860 2079 3926 Quod

499 3944 548 3997 si
579 3959 648 3998 ne
678 3944 781 3999 hoc
813 3945 1036 4016 quidem
1075 3947 1336 4019 intelligis
1357 3991 1371 4016 ,
1405 3949 1574 4005 fuisse
1603 3958 1656 4005 te
1688 3952 1918 4021 gratiam
1946 3968 2078 4008 con-

497 4043 785 4105 secutum,
818 4047 914 4091 aut
943 4038 990 4093 si
1033 4054 1145 4109 prae
1172 4040 1339 4095 nimia
1384 4042 1700 4112 stupiditate
1730 4053 1875 4097 tuam
1906 4044 2077 4115 ipsius

496 4127 759 4184 virtutem
786 4130 1072 4188 existimas
1104 4133 1335 4202 gratiam
1368 4148 1491 4188 esse
1511 4173 1527 4199 ,
1560 4150 1671 4189 non
1698 4151 1759 4192 es
1790 4136 1947 4191 beato
1976 4134 2077 4191 Pe-

496 4225 588 4274 tro
614 4218 864 4288 apostolo
887 4223 1254 4290 praestantior.
1277 4221 1388 4278 Nec
1408 4226 1552 4280 enim
1577 4225 1867 4281 Dominum
1890 4243 2079 4284 amore

502 4309 697 4381 majori
741 4312 999 4382 prosequi
1041 4314 1281 4384 poteris,
1338 4332 1500 4387 quam
1542 4320 1635 4389 qui
1662 4321 1738 4373 ita
1784 4320 2076 4376 vehemen-

498 4410 588 4458 ter
635 4403 829 4457 dilexit
873 4413 934 4458 ut
986 4405 1153 4461 etiam
1199 4407 1435 4462 voluerit
1482 4424 1582 4479 pro
1624 4411 1743 4481 ipso
1772 4413 1932 4466 mori.
1967 4412 2075 4470 Sed

499 4496 760 4567 quoniam
793 4496 979 4553 animo
1027 4499 1256 4556 elatiore
1303 4501 1522 4558 locutus
1561 4510 1679 4568 est,
1715 4518 1839 4558 cum
1891 4503 2072 4559 dixit:

501 4589 645 4645 Etsi
676 4606 855 4646 omnes
901 4591 1260 4647 scandalizati
1303 4593 1502 4663 fuerint
1538 4596 1594 4649 in
1645 4605 1721 4660 te,
1764 4613 1857 4667 ego
1900 4605 2075 4652 tamen

492 4699 766 4754 nunquam
797 4682 1211 4739 scandalizabor
1239 4686 1306 4750 ⁵⁷,
1354 4687 1637 4742 timiditati
1679 4688 1933 4744 humanae
1958 4698 2073 4743 tra-

492 4775 644 4835 ditus
686 4783 806 4842 est,
850 4777 1159 4849 ceciditque
1201 4778 1256 4833 in
1294 4778 1719 4845 inliciationem,
1763 4782 1920 4852 lapsu
1946 4796 2074 4838 eru-

2183 3215 2455 3288 πρόφασιν
2508 3218 2887 3289 ὑπερηφανίας
2919 3220 3242 3291 λαμϐάνειςς
3276 3224 3387 3277 Καὶ
3412 3225 3532 3278 τότε
3577 3225 3766 3298 γνώσῃ

2183 3308 2407 3362 σεαυτὸν
2442 3308 2551 3381 (67)
2593 3310 2742 3375 ὅστις
2780 3308 2850 3379 εἴ,
2884 3312 2959 3377 ὡς
3006 3313 3177 3385 Ἀδὰμ
3218 3315 3504 3387 ἐκϐληθεὶς
3555 3318 3618 3370 ἐκ
3665 3321 3765 3372 τοῦ

2182 3401 2531 3472 παραδείσου,
2565 3402 2642 3467 ὡς
2682 3404 2854 3457 Σαοὺλ
2882 3405 3263 3476 καταλειφθεὶς
3312 3408 3419 3462 ὑπὸ
3446 3409 3764 3480 Πνεῦμα-τος

2179 3494 2339 3558 Θεοῦ,
2369 3495 2445 3559 ὼς
2491 3495 2706 3567 Ἰσραὴλ
2745 3496 2844 3567 τῆς
2896 3497 3060 3565 ἁγίας
3092 3497 3247 3569 ῥίζης
3278 3500 3629 3571 ἀποτμηθείς.
3683 3500 3767 3571 Τῇ

2179 3585 2400 3651 πίστει,
2432 3587 2616 3657 φησὶν,
2668 3587 2950 3655 ἕστηκας·
2994 3587 3082 3657 μὴ
3111 3591 3541 3659 ὐψηλοφρόνει,
3601 3592 3768 3647 ἀλλὰ

2178 3677 2386 3745 φοϐοῦ.
2417 3678 2613 3750 Κρίσις
2640 3679 2831 3733 ἕπεται
2860 3681 3063 3752 χάριτι,
3095 3681 3189 3734 καὶ
3214 3682 3358 3747 ὅπως
3393 3683 3611 3754 ἐχρήσω
3646 3687 3765 3749 τοῖς

2179 3767 2534 3839 χαρισθεῖσιν,
2558 3770 2586 3821 ὁ
2621 3770 2813 3842 κριτὴς
2830 3769 3093 3836 ἐξετάσει.
3119 3772 3183 3824 El
3211 3771 3267 3825 δὲ
3286 3774 3422 3844 μηδὲ
3444 3774 3598 3827 τοῦτο
3626 3776 3764 3829 αὐτὸ

2182 3861 2385 3933 συνίῃς,
2414 3860 2494 3913 ὅτι
2520 3860 2740 3932 χάριτος
2768 3863 3092 3935 τετύχηκας,
3120 3867 3235 3921 ἀλλ’
3262 3867 3390 3921 ι’διον
3415 3870 3540 3939 ποιῇ
3563 3869 3764 3940 κατόρ-

2179 3950 2337 4022 θωμα
2377 3952 2472 4023 τὴν
2505 3954 2665 4025 χάριν
2694 3954 2966 4029 ὑπερϐολῇ
3015 3958 3116 4028 τῆς
3160 3958 3534 4029 ἀναισθησίας,
3568 3960 3671 4013 οὐκ
3711 3957 3763 4014 ei

2176 4042 2271 4095 τοῦ
2311 4044 2580 4115 μακαρίου
2623 4044 2948 4119 τιμιώτερος
2979 4049 3275 4105 ἀποστόλου
3327 4050 3555 4123 Πέτρου.
3621 4052 3761 4106 Οὐδὲ

2176 4136 2284 4206 γὰρ
2319 4137 2508 4211 ἀγάπῃ
2527 4140 2592 4210 τῇ
2625 4140 2761 4210 πρὸς
2792 4140 2882 4194 τὸν
2904 4141 3108 4213 Κύριον
3128 4143 3527 4214 ὑπερϐαλέσθαι
3554 4144 3763 4217 δυνήσῃ

2176 4228 2267 4283 τὸν
2314 4228 2455 4282 οὕτω
2491 4229 2735 4302 σφοδρῶς
2764 4233 3086 4302 ἀγαπῶντα,
3127 4235 3203 4299 ὡς
3247 4235 3339 4290 καὶ
3379 4236 3759 4307 ὁπεραποθνή-

2179 4338 2328 4374 σκειν
2390 4320 2619 4376 ἐθέλειν.
2675 4322 2815 4376 Ἀλλ’
2847 4324 2929 4377 ὅτι
2966 4326 3530 4399 μεγαλοφρονέστερον
3564 4326 3761 4397 ἐφθέγ-

2178 4412 2327 4480 ξατο,
2366 4412 2558 4482 λέγων,
2594 4416 2665 4468 El
2710 4414 2812 4468 καὶ
2855 4415 3079 4484 πάντες
3121 4417 3760 4488 σκανδαλισθήσονται

2180 4505 2250 4558 ἐν
2289 4505 2406 4569 σοὶ,
2445 4506 2585 4561 ἀλλ’
2639 4505 2753 4575 ἐγὼ
2796 4507 3081 4562 οὐδέποτε
3130 4509 3754 4579 σκανδαλισθήσομαι,

2182 4579 2450 4670 παρεδόθή
2477 4602 2542 4670 τῇ
2581 4598 2893 4672 ἀνθρωπίνῃ
2942 4601 3133 4674 δειλίᾳ,
3180 4604 3275 4657 καὶ
3324 4603 3611 4657 πέπτωκεν
3672 4606 3758 4669 είς

2179 4690 2425 4763 ἄρνησιν,
2461 4691 2925 4764 σωφρονιζόμενος
2974 4693 3051 4765 τῷ
3080 4695 3357 4765 σφάλματι
3412 4697 3549 4768 πρὸς
3590 4696 3755 4753 εὐλα-

2179 4782 2330 4839 6ειαν
2360 4782 2492 4857 (68),
2524 4784 2617 4837 καὶ
2643 4783 3021 4856 διδασκόμενος
3044 4786 3318 4856 φείδεσθαι
3340 4786 3445 4840 τῶν
3464 4787 3756 4842 ἀσθενούν-

566 4912 612 4943 ⁸⁶
650 4910 849 4984 Philip.
890 4912 1087 4984 tt._i5.
1166 4913 1210 4945 ⁸⁷
1253 4913 1268 4966 l
1303 4914 1432 4969 Cor.
1468 4931 1539 4974 ιι.
1580 4916 1726 4981 7,10.
1804 4915 1850 4949 ⁸⁸
1888 4915 1907 4969 Ι
1939 4915 2068 4972 Cor.

2187 4958 2195 4974 .
2233 4917 2317 4972 10.
2395 4919 2441 4952 δ’
2473 4919 2515 4973 11
2546 4920 2673 4976 Cor.
2709 4935 2762 4983 ι,
2799 4917 2864 4980 9,
2902 4917 2992 4973 ιο.
3065 4919 3112 4953 ⁸ο
3148 4918 3167 4972 ι
3200 4919 3330 4975 Cor.
3366 4935 3439 4983 tv,
3458 4920 3513 4973 7.
3587 4920 3783 4977 “Gs--

494 4983 599 5054 Iat._
616 4999 701 5054 41v.
725 4980 815 5054 9.—
866 4983 914 5015 "‘
951 4980 1184 5054 Philipp.
1223 5000 1304 5050 ιιι,
1340 4985 1425 5039 12.
1505 4987 1550 5018 ⁵³
1574 4980 1732 5042 JOan.
1768 5002 1858 5054 xv,
1885 4986 1971 5041 16.

494 5053 542 5086 ⁸⁷
584 5051 775 5107 Matth.
809 5067 960 5116 nvi,
996 5052 1085 5108 55.

568 5189 891 5263 (65)_Editio
932 5191 1121 5263 Paris.
1174 5192 1353 5246 πάντα
1384 5192 1477 5263 7τά
1523 5189 1718 5246 ἑαυτοῦ
1768 5191 2070 5263 θελήματα,

493 5261 655 5333 ζῆσαι
687 5261 744 5314 δὲ
768 5263 886 5332 τήν.
926 5262 1058 5333 Reg.
1090 5264 1290 5318 tertius
1322 5262 1500 5317 πάντα
1529 5262 1597 5316 τὰ
1638 5262 1852 5325 ἑαυτοῦ,
1882 5261 2068 5333 ζῆσαι.

463 5331 598 5385 -Λιὶἰ
622 5338 735 5385 tres
762 5346 894 5387 mss.
924 5331 1049 5388 cum
1075 5335 1317 5390 editione
1345 5333 1648 5390 Basileensi
1685 5333 1781 5394 ita,
1816 5341 1878 5387 ut
1906 5331 2072 5387 eden—

491 5402 622 5455 dum
670 5403 1009 5459 curavimus.
1061 5403 1209 5462 Satis
1255 5412 1435 5461 autem
1483 5405 1615 5458 mihi
1659 5404 1951 5458 verisimile
1991 5404 2068 5467 lit,

493 5484 682 5546 vocem
730 5470 1013 5546 θελήματα
1057 5490 1088 5529 a
1143 5476 1497 5546 typographis
1551 5476 1820 5546 adjectam
1876 5473 2068 5529 fuisse.

490 5541 652 5622 Quod
684 5541 1109 5623 mossoquitur,
1205 5541 1422 5610 τοῦτοὶς
1449 5541 1737 5623 ὲσμένζιίιι
1754 5544 1836 5598 his
1854 5561 2067 5623 sumus,

493 5613 568 5665 ita
601 5612 827 5684 intelligi
852 5612 1066 5682 oportet
1093 5633 1104 5667 :
1141 5614 1344 5670 Nostra
1367 5612 1693 5671 conversatio
1710 5620 1827 5684 jam
1848 5615 1903 5668 in
1924 5615 2068 5668 caelis

488 5682 834 5757 animaque
861 5700 1137 5757 versamur
1160 5687 1213 5739 in
1246 5687 1392 5742 bonis
1421 5689 1615 5757 futura?
1647 5682 1782 5740 vitat.

558 5752 674 5824 (66)
711 5754 933 5826 Antiqui
954 5760 1065 5812 tres
1088 5755 1211 5812 libri
1238 5758 1384 5829 ἡμᾶς
1413 5752 1503 5813 καὶ
1530 5758 1840 5829 poemata...
1873 5756 1964 5810 καὶ
1985 5755 2065 5810 ἔτι

2072 4988 2121 5019 δ”
2157 4987 2295 5043 Gen.
2330 5003 2424 5053 ιιι,
2453 4989 2544 5044 Ξςί.
2632 4992 2679 5023 ⁵⁵
2720 4990 2737 5042 l
2772 4987 2905 5058 Reg.
2941 5005 3053 5052 xvi,
3093 4990 3180 5044 Μ.
3254 4992 3303 5023 ⁸⁸
3340 4989 3501 5045 Rom.
3540 5005 3622 5055 st,
3657 4994 3755 5050 ‘20.

2179 5193 2645 5267 pse-comam“
2672 5195 2776 5251 hoc
2808 5196 2927 5267 ipso
2955 5196 3014 5251 in
3050 5196 3172 5252 loco
3203 5206 3315 5252 tres
3351 5207 3485 5251 mss.
3517 5194 3761 5265 ὴλπῐκςν

2181 5281 2317 5336 μεν.
2341 5264 2481 5336 Editi
2513 5264 2843 5336 ὴλπίσαμενξ

2250 5334 2791 5408 (67)_EditioParis.
2819 5337 2942 5391 τότε
2968 5338 3115 5408 γνῷς
3148 5336 3390 5391 σεαυτόν.
3432 5334 3616 5408 Editio
3649 5335 3763 5391 Ba»

2177 5403 2268 5480 sil.
2290 5403 2506 5480 γνώσῃς
2536 5406 2720 5480 αὐτόν.
2748 5407 2903 5480 Unus
2924 5403 3387 5480 eCoin‘heiisianis
3413 5405 3600 5480 γνώσῃ
3627 5409 3762 5460 ἐαυ-

2175 5476 2285 5529 τόν.
2305 5474 2690 5551 Βεεῖριιίιιιυε
2719 5478 2906 5551 γνώσῃ
2936 5478 3179 5551 σεαυτόν.
3216 5477 3459 5548 Denique
3491 5474 3628 5549 Reg.
3668 5493 3763 5534 se-

2174 5546 2473 5619 cunduset
2500 5546 2673 5619 Coll).
2694 5546 2905 5619 primus
2935 5548 3098 5619 γνῷς.

2248 5614 2364 5692 (68)
2394 5614 2546 5672 Unus
2580 5606 2752 5692 codex
2800 5606 2959 5692 Reg:
2998 5606 3133 5691 πρὸς
3176 5618 3477 5673 εὐσέϐειαν.
3510 5616 3660 5672 Editi
3704 5625 3761 5674 et

2175 5687 2367 5759 reliqui
2402 5703 2532 5744 mss.
2567 5687 2873 5745 εὐλάϐειαν.
