4036 6236
411 248 522 307 535
1588 252 1869 309 llOlllLlA
1912 253 1998 308 DE
2036 250 2485 307 nummum.
3578 242 3695 296 ass

404 385 544 432 των,
572 369 649 441 τῷ
674 373 769 425 καὶ
799 372 898 441 τὴν
922 373 1121 426 ἑαυτοῦ
1163 374 1498 444 καταμαθεῖν
1542 376 1846 437 ἀσθένειαν,
1901 394 1959 431 κο

2097 373 2330 430 diendus
2375 371 2449 427 ad
2476 376 2681 426 metum
2730 375 2892 440 atque
2939 367 3005 423 ad
3049 376 3396 433 cautionem,
3443 365 3680 421 edocen-

406 459 614 528 γνῶναι
652 462 857 530 σαφῶς,
893 465 978 517 ὅτι
1007 464 1260 536 καθάπερ
1286 467 1342 518 ὲν
1368 464 1446 534 τῷ
1477 466 1703 534 πελάγει
1733 484 1959 521 καταποι

2104 466 2315 535 dusque
2345 462 2579 518 inﬁrmis
2612 476 2835 532 parcere
2854 468 2908 514 et
2942 460 3101 532 160
3128 459 3418 526 debilibus,
3447 456 3597 530 quod
3626 466 3680 513 et

406 552 714 623 τιζόμενος,
747 556 1054 627 ἐκουφίσθη
1100 560 1168 628 τῇ
1198 557 1294 611 τοῦ
1324 557 1565 630 Χριστοῦ
1610 559 1779 631 δεξιᾷ,
1828 557 1959 613 οὖτα

2104 573 2257 613 suam
2288 556 2548 626 cognovit
2577 554 2944 609 inﬁrmitatem
2965 595 2978 618 ,
3010 562 3064 609 et
3095 552 3383 625 perspicue
3415 551 3682 609 intellexit

410 644 472 695 ἐν
486 644 566 715 τῷ
597 646 827 700 κλύδωνι
863 648 961 701 τοῦ
991 651 1395 722 σκανδαλισμώ
1422 653 1773 716 κινδυνεύσας
1806 652 1959 705 ἁπολε

2100 651 2245 721 quod
2270 648 2749 720 quemadmodum,
2778 662 2904 702 cum
2923 650 2978 701 in
2996 648 3188 717 pelago
3211 654 3565 715 mergeretur,
3584 660 3681 715 per

411 736 541 790 σθαι
564 738 632 790 δι’
666 741 948 806 ἀπιστίας.
970 742 1246 815 ἐφυλάχθη
1278 745 1504 816 δυνάμει
1527 745 1788 818 Χριστοῦ,
1823 745 1881 808 ὃς
1907 761 1959 798 κε

2099 741 2304 797 Christi
2350 741 2631 796 dexteram
2671 746 2861 794 erutus
2901 746 3018 804 est,
3050 738 3124 791 ita
3169 737 3223 791 in
3264 736 3508 792 scandali
3553 752 3681 807 pro-

408 833 671 899 προείπεν
700 832 851 903 αὖτῷ
880 835 942 889 τὸ
979 835 1408 907 συμϐησόμενον,
1441 838 1633 906 λέγων·
1664 838 1878 907 Σίμων,
1903 838 1959 888 ΣΑ

2098 833 2235 888 cella
2268 833 2338 887 ob
2371 831 2809 886 incredulitatem
2846 829 2900 883 in
2939 828 3200 899 pereundi
3242 828 3544 897 periculum
3592 844 3680 882 ve-

399 935 557 985 μων,
610 919 741 974 ίδοὺ
794 925 828 976 ὁ
860 923 1136 990 Σατανᾶς
1181 925 1521 995 ἐξῃτήσατο
1564 928 1672 982 τοῦ
1722 929 1959 985 σινιάσο

2097 930 2286 991 niens,
2327 924 2533 978 Christi
2571 923 2773 977 virtute
2824 928 3075 976 servatus
3120 922 3232 974 sit:
3276 920 3369 989 qui
3412 919 3461 973 ei
3517 919 3679 974 etiam

407 1007 570 1076 ὑμᾶς
589 1010 672 1075 ὡς
690 1010 798 1064 τὸν
808 1012 1002 1069 σῖτον.
1033 1015 1203 1085 Κάγὼ
1219 1016 1475 1086 ἐδεήθην
1489 1020 1620 1087 περὶ
1641 1020 1779 1084 σοῦ,
1798 1022 1959 1091 ἵναμή

2094 1014 2423 1085 ρι’κάἱιετιιι
2450 1012 2594 1083 quod
2629 1019 2749 1067 erat
2780 1011 3057 1077 futurum,
3089 1010 3173 1065 his
3204 1010 3421 1065 verbis:
3456 1008 3641 1063 Simon
3661 1047 3677 1072 ,

404 1096 659 1167 ἐκλείπῃ
693 1100 805 1167 (69)
833 1103 873 1165 ἡ
898 1104 1103 1170 πίστις
1127 1123 1264 1171 σου,
1295 1108 1392 1161 καὶ
1428 1109 1511 1162 σύ
1543 1126 1692 1163 ποτε
1718 1111 1959 1180 ἐπιστρέ

2095 1107 2317 1162 Simon:
2352 1122 2467 1161 ecce
2501 1104 2737 1161 Satanas
2769 1107 3049 1173 expetivit,
3084 1113 3140 1155 ut
3167 1102 3422 1157 cribraret
3452 1119 3540 1155 vos
3570 1104 3677 1155 sic-

406 1193 534 1258 ψας
552 1191 843 1260 στήριξον
866 1195 1010 1262 τοὺς
1038 1196 1342 1267 ἀδελφούς
1364 1216 1502 1254 σου.
1532 1203 1641 1256 Καὶ
1663 1202 1868 1275 Πέτρος
1892 1207 1958 1277 μὲ

2093 1210 2148 1251 ιιι
2207 1201 2462 1252 triticum.
2511 1198 2579 1251 Et
2619 1215 2712 1269 ego
2763 1198 2942 1266 rogavi
2979 1213 3075 1265 pro
3118 1207 3196 1262 te,
3232 1206 3288 1249 ut
3323 1213 3424 1249 non
3465 1195 3677 1264 deficiat

405 1281 583 1347 οὕτως
614 1284 913 1357 ἐλεγχθεὶς,
943 1290 1164 1354 δικαίως
1210 1280 1507 1363 ὲ6οηθέῖτο,
1557 1297 1694 1365 πρὸς
1731 1299 1956 1352 ἀπόθεσι

2090 1291 2221 1360 ﬁdes
2251 1301 2342 1345 tua
2365 1308 2382 1345 :
2418 1301 2465 1345 et
2501 1302 2557 1344 tu
2590 1290 2875 1360 aliquando
2905 1307 3181 1344 conversus
3203 1331 3217 1351 ,
3264 1289 3522 1358 conﬁrma
3562 1289 3679 1357 [ra-

403 1374 726 1443 ἀλαζονείας
755 1382 853 1435 καὶ
880 1382 1044 1451 φειδὼ
1065 1384 1177 1438 τῶν
1216 1385 1583 1441 ἀσθενούντων
1604 1390 1959 1461 ὲκπαιδευόμε

2099 1390 2203 1435 tres
2234 1393 2349 1434 tuos
2378 1381 2442 1436 ⁵⁸.
2476 1381 2552 1436 Ac
2579 1380 2776 1435 Petrus
2802 1380 3020 1450 quidem
3048 1380 3129 1435 sic
3154 1380 3521 1450 reprehensus
3542 1417 3558 1441 ,
3587 1393 3677 1431 ac-

402 1486 513 1533 νος·
542 1474 573 1523 6
594 1472 653 1525 δὲ
672 1474 966 1545 Φαρισαῖος
990 1478 1214 1541 ἐκεῖνος,
1238 1480 1267 1531 6
1298 1478 1466 1551 βαρὺς
1489 1481 1583 1534 καὶ
1612 1482 1731 1536 καθ’
1762 1484 1959 1557 ὑπερϐο

2087 1482 2233 1544 cepit
2262 1488 2421 1543 opem
2466 1474 2693 1537 merito,
2738 1483 2794 1527 et
2838 1472 3139 1538 auxilium,
3175 1480 3235 1527 ut
3281 1470 3484 1527 fastum
3515 1471 3679 1540 depo-

400 1560 501 1630 λὴν
528 1562 899 1635 ὑπερήφανος,
947 1569 975 1622 ὁ
1012 1567 1086 1639 μὴ
1137 1570 1297 1639 μόνον
1328 1572 1414 1640 ἐφ’
1444 1574 1622 1644 ἑαυτῷ
1648 1573 1984 1647 θρασυνόμε-

400 1670 511 1716 νος,
563 1655 701 1710 ἁλλὰ
740 1659 836 1712 καὶ
873 1661 968 1713 τὸν
999 1661 1238 1735 τελώνην
1271 1665 1364 1717 ἐπὶ
1387 1665 1523 1718 Θεοῦ
1546 1667 1838 1741 διασύρων,
1874 1670 1980 1723 ἀπ-

2088 1581 2254 1629 nerc,
2288 1573 2343 1620 et
2383 1554 2621 1621 inﬁrmis
2664 1580 2891 1635 parcere
2932 1565 3191 1621 disceret.
3240 1563 3454 1619 llursus
3481 1562 3680 1619 Pinaria

2085 1668 2230 1711 saaus
2255 1658 2365 1722 ille,
2397 1657 2686 1728 impudens
2718 1665 2771 1710 et
2801 1672 2966 1728 supra
2994 1659 3214 1713 modum
3240 1658 3533 1728 superbus,
3563 1671 3671 1711 non

398 1744 575 1799 ὤλεσε
611 1750 712 1819 τῆς
728 1750 1079 1821 δικαιοσύνης
1096 1754 1156 1807 τὸ
1172 1756 1431 1827 καύχημα
1457 1757 1546 1811 διὰ
1567 1759 1626 1811 τὸ
1648 1758 1746 1829 τῆς
1776 1761 1952 1834 ὑπερη

2089 1750 2143 1803 in
2176 1750 2359 1818 seipso
2389 1749 2565 1804 solum
2596 1749 2911 1812 conﬁdens,
2943 1748 3038 1804 sed
3066 1749 3358 1819 publicano
3385 1749 3548 1804 etiam
3579 1763 3673 1803 co-

400 1839 597 1905 φανίας
613 1840 782 1913 ἔγκλη
793 1861 885 1912 μα.
909 1846 1020 1899 Καὶ
1047 1846 1316 1919 κατῆλθεν
1338 1851 1367 1902 6
1388 1848 1623 1921 τελώνης
1638 1851 1984 1923 δεδικαιωμέ-

397 1946 485 1994 νος
512 1933 657 2004 ὑπὲρ
689 1937 872 2000 αὐτὸν,
890 1939 971 1991 ὅτι
1010 1939 1103 1993 τὸν
1134 1942 1287 2010 ἅγιον
1310 1942 1528 2010 ἐδόξαζε
1563 1945 1716 2010 Θεὸν,
1736 1947 1829 2001 καὶ
1859 1948 1979 2002 οὐδὲ

392 2023 724 2079 ἀναϐλέπειν
754 2029 979 2100 ἐτόλμα,
1006 2031 1122 2085 ἀλλ’
1161 2032 1384 2104 ἱλασμὸν
1424 2034 1605 2108 ἐζήτει
1631 2038 1808 2108 μόνον,
1846 2057 1979 2093 κατ-

391 2117 591 2187 ήγορος
609 2116 688 2171 ὣν
700 2120 897 2174 ἑαυτοῦ
916 2124 1012 2175 καὶ
1036 2123 1113 2194 τῷ
1138 2127 1377 2196 σχήματι
1397 2128 1490 2180 καὶ
1512 2130 1577 2199 τῇ
1595 2129 1735 2183 κατά
1751 2129 1980 2202 στήθους

392 2207 596 2279 πληγῇ,
625 2212 721 2264 καὶ
746 2212 825 2284 τῷ
849 2214 1033 2283 ζητεῖν
1062 2217 1215 2270 οὐδὲν
1247 2217 1374 2272 ἄλλο
1400 2219 1537 2291 πλὴν
1570 2220 1815 2291 ἱλασμόν.
1834 2223 1976 2293 Ὅρα

385 2302 451 2371 δὴ
493 2299 588 2356 οὖν
610 2304 706 2357 καὶ
729 2306 1001 2372 φυλάττου
1036 2308 1095 2361 τὸ
1124 2311 1476 2382 παράδειγμα
1507 2314 1608 2383 τῆς
1635 2314 1877 2384 χαλεπῆς
1907 2315 1975 2368 δι’

388 2393 776 2465 ὑπερηφανίαν
814 2398 1038 2470 ζημίας.
1106 2402 1418 2476 Ἐζημιώθη
1474 2406 1574 2476 τὴν
1628 2407 1974 2479 δικαιοσύνην

384 2484 1002 2560 ὑἭρη(ριινευςιὸιξ.ιενος,
1027 2492 1273 2548 ἀπώλεσε
1302 2497 1390 2549 τὸν
1425 2498 1615 2567 μισθὸν
1650 2498 1976 2571 θρασυνόμε-

383 2595 494 2642 νος·
522 2580 809 2653 ἠλαττώθη
836 2584 928 2637 τοῦ
954 2587 1210 2641 ταπεινοῦ
1237 2589 1331 2641 καὶ
1364 2588 1710 2661 ἀμαρτωλοῦ,
1735 2592 1972 2661 μεγαλύ-

381 2688 481 2735 νας
513 2674 707 2729 ἑαυτὸν
740 2677 883 2748 ὑπὲρ
898 2679 1126 2745 ἐκεῖνον,
1152 2681 1245 2733 καὶ
1266 2682 1366 2736 οὐκ
1391 2682 1687 2753 ἀναμείνας
1707 2683 1804 2755 τὴν
1823 2702 1896 2738 πα
1906 2686 1973 2756 ρὰ

379 2762 522 2816 Θεοῦ
552 2767 755 2835 κρίσιν,
785 2769 1047 2841 ἀλλά-τὴν
1071 2772 1221 2843 παρὰ
1246 2773 1411 2827 αὑτοῦ
1444 2773 1765 2844 ἐξενεγκὼν.
1809 2778 1881 2829 Σὺ
1914 2778 1971 2829 δὲ

382 2856 504 2908 κατ’
538 2857 755 2923 οὐδενὸς
806 2861 1096 2934 ὲπαρθήσῃ
1132 2865 1283 2927 ποτὲ,
1341 2866 1460 2919 οὐδὲ
1491 2867 1631 2921 κατά
1677 2869 1787 2921 τῶν
1833 2870 1971 2938 ἄγαν

379 2945 745 3018 ἁμαρτωλῶν.
783 2950 998 3006 Ῥύεται
1027 2954 1338 3028 πολλάκιςτί)
1369 2960 1838 3033 ταπεινοφροσύνη
1880 2961 1972 3015 τὸν

382 3040 748 3111 ἡμαρτηκότα
773 3044 944 3098 πολλά
978 3047 1072 3100 καὶ
1099 3048 1327 3118 μεγάλα.
1363 3050 1454 3122 Μὴ
1494 3047 1587 3105 οὖν
1626 3053 1853 3106 σεαυτὸν
1893 3054 1971 3107 δι-

2090 1857 2205 1895 ram
2236 1841 2348 1897 Deo
2376 1844 2718 1899 conviciatus
2740 1885 2755 1909 ,
2796 1844 3030 1913 justitiaa
3056 1843 3285 1914 gloriam
3311 1842 3381 1898 ob
3404 1841 3674 1911 superbiat

2084 1935 2293 1988 crimen
2319 1935 2522 1990 amisit.
2551 1935 2657 1990 Sed
2681 1935 2964 1991 descendit
2989 1937 3318 2006 publicanus
3336 1935 3672 2005 justiﬁcatus

2082 2042 2194 2097 pra:
2226 2042 2291 2081 eo
2311 2066 2326 2090 ,
2357 2026 2506 2095 quod
2536 2027 2764 2097 gloriam
2796 2026 2906 2082 Deo
2934 2033 3128 2084 sancto
3157 2029 3311 2082 daret
3332 2067 3348 2089 ,
3380 2034 3435 2082 et
3467 2042 3535 2082 ne
3581 2040 3670 2080 at-

2081 2119 2274 2174 tollere
2308 2119 2528 2188 quidem
2565 2120 2793 2175 auderet
2834 2121 3026 2176 oeulos
3047 2160 3062 2183 ,
3100 2121 3195 2175 sed
3227 2120 3668 2191 pr0pitiationem

2080 2210 2256 2265 solum
2283 2220 2642 2281 exposceret:
2671 2212 2871 2282 quippe
2896 2220 2944 2268 et
2976 2212 3162 2266 habitu
3185 2254 3198 2277 ,
3230 2220 3285 2267 et
3312 2211 3669 2282 percutiendo

2079 2312 2333 2372 pectore,
2390 2313 2445 2359 et
2499 2304 2605 2358 alia
2662 2306 2813 2360 nulla
2866 2321 2926 2361 re
2975 2316 3172 2376 praeter
3221 2306 3667 2376 propitiationem

2076 2396 2309 2464 quaesita
2344 2412 2405 2451 se
2450 2398 2567 2467 ipse
2597 2397 2895 2453 accusabat
2928 2398 2993 2451 '9.
3023 2397 3160 2453 Vide
3209 2398 3375 2468 igitur
3420 2406 3474 2452 et
3524 2412 3661 2453 eave

2075 2489 2382 2557 exemplum
2409 2489 2591 2559 gravis
2617 2489 2800 2545 damni
2828 2530 2842 2553 ,
2869 2490 2939 2545 ob
2966 2490 3299 2561 superbiam.
3325 2487 3558 2545 Justitiaa
3584 2489 3665 2543 fe-

2075 2579 2150 2633 cit
2169 2579 2441 2649 jacturam
2466 2622 2480 2646 ,
2507 2580 2654 2650 quod
2686 2581 2829 2636 ultra
2856 2583 3078 2637 modum
3107 2580 3449 2651 superbiret;
3479 2581 3666 2635 amisit

2075 2671 2418 2737 mercedem,
2453 2673 2599 2742 quod
2647 2673 2836 2728 ﬁderet
2886 2673 2989 2728 sibi
3037 2673 3159 2744 plus
3207 2687 3405 2743 atquo;
3459 2673 3661 2729 humili

2075 2760 2420 2833 postpositus
2451 2772 2535 2819 est
2564 2772 2619 2819 et
2652 2765 2923 2833 peccatori
2953 2805 2967 2828 ,
2998 2765 3144 2835 quod
3186 2779 3244 2820 se
3283 2763 3457 2834 pluris
3496 2778 3660 2834 quam

2076 2853 2228 2908 illum
2266 2855 2504 2921 faceret,
2540 2872 2645 2912 nec
2673 2855 2768 2911 Dei
2804 2864 3147 2926 exspectaret
3196 2856 3498 2926 judicium,
3558 2857 3656 2912 sed

2073 2963 2233 3002 suum
2265 2948 2437 3016 ipsius
2468 2949 2755 3018 proferret.
2804 2947 2886 3003 Tu
2922 2964 3051 3004 vero
3081 2947 3345 3004 adversus
3383 2948 3651 3004 neminem

2077 3056 2317 3110 unquam
2353 3050 2405 3096 te
2429 3040 2625 3097 ell‘eras
2644 3081 2659 3106 ,
2690 3049 2745 3097 et
2787 3057 2856 3097 ne
2883 3041 3149 3097 adversus
3177 3057 3272 3098 eos
3312 3040 3532 3113 quidem
3563 3043 3663 3113 qut

377 3131 629 3202 καιώσῃς
676 3135 817 3206 ὑπὲρ
850 3137 1058 3209 ἕτερον,
1100 3114 1334 3210 μήποτε,
1359 3114 1670 3206 δικαιωθεὶς
1701 3148 1767 3216 τῇ
1804 3162 1959 3198 σεαυ-

2074 3132 2258 3203 magni
2291 3140 2420 3188 sunt
2451 3142 2790 3204 peccatores.
2821 3132 2923 3200 Qui
2955 3135 3143 3189 multis
3171 3134 3497 3206 magnisque
3526 3151 3658 3206 pec-

374 3223 472 3276 τοῦ
512 3224 704 3295 ψήφῳ,
739 3230 805 3298 τῇ
834 3228 928 3281 τοῦ
946 3229 1081 3283 Θεοῦ
1113 3232 1467 3305 κατακριθῇς.
1491 3237 1613 3289 Οὐκ
1642 3237 1963 3305 ἀνακρίνω,

376 3316 566 3384 φησὶν,
624 3317 905 3385 ἐμαυτὸν,
950 3321 978 3373 6
1034 3320 1265 3387 Παῦλος.
1323 3324 1516 3377 Οὐδὲν
1572 3327 1684 3395 γὰρ
1728 3328 1964 3397 ἐμαυτῷ

375 3408 655 3460 σύνοιδα·
687 3409 825 3463 ἀλλ’
859 3413 970 3463 οὐκ
1001 3411 1070 3464 ἐν
1122 3416 1309 3479 τούτῳ
1343 3415 1737 3487 δεδικαίωμαι.
1794 3421 1855 3473 Ὁ
1895 3420 1965 3474 δὲ

374 3499 721 3566 ἀνακρίνων
739 3518 837 3569 με,
862 3504 1076 3571 Κύριός
1100 3505 1292 3561 ἐστιν.

444 3742 499 3796 5.
548 3743 666 3797 Οἴει
717 3747 1013 3819 κατορθοῦν
1055 3751 1290 3819 ἀγαθόν;
1326 3754 1650 3828 Εὐχαρίστει
1706 3759 1784 3831 τῷ
1817 3761 1958 3832 Θεῷ,

375 3834 451 3904 μὴ
478 3834 626 3889 κατὰ
656 3836 751 3890 τοῦ
769 3839 993 3911 πλησίον
1021 3844 1269 3915 ἐπαίρου.
1300 3846 1370 3901 Τὸ
1387 3848 1565 3918 ἔργον
1583 3851 1801 3905 ἑαυτοῦ
1823 3854 1956 3923 (70),

370 3926 545 3995 φησι,
589 3926 944 3999 δοκιμαζέτω
980 3934 1256 4004 ἕκαστος,
1295 3939 1395 3993 καὶ
1439 3943 1576 3996 τότε
1619 3947 1709 4009 εὶς
1739 3945 1958 4000 ἑαυτὸν

366 4018 565 4085 μόνον
604 4020 674 4073 τὸ
704 4024 982 4093 καύχημα
1022 4026 1165 4093 ἕξει,
1206 4031 1302 4084 καὶ
1333 4035 1443 4086 οὐκ
1476 4037 1564 4100 εἰς
1595 4036 1703 4089 τὸν
1725 4037 1950 4106 ἕτερον.

372 4107 437 4160 Τί
460 4109 573 4182 γὰρ
606 4111 824 4185 ὤνησας
854 4117 947 4171 τὸν
970 4118 1215 4189 πλησίον,
1251 4124 1333 4176 ὅτι
1364 4124 1546 4181 πίστιν
1575 4128 1956 4201 ὡμολόγησας,

367 4201 402 4271 ἧ
441 4204 629 4275 φυγὴν
666 4205 965 4277 ὑπέμεινας
997 4210 1085 4264 διὰ
1118 4212 1287 4284 ὄνομα
1318 4216 1579 4287 Χριστοῦ,
1624 4219 1657 4289 ἢ
1702 4222 1817 4285 τοῖς
1858 4241 1955 4294 νη-

370 4295 557 4360 στείας
581 4297 1021 4371 ὲνεκαρτέρησας
1046 4303 1260 4370 πόνοις;
1289 4308 1399 4378 Οὐχ
1426 4309 1615 4382 ἐτέρου
1654 4311 1714 4365 τὸ
1744 4312 1953 4385 κέρδος,

2071 3226 2212 3281 catis
2236 3226 2510 3282 obnoxius
2532 3228 2649 3292 est,
2677 3242 2802 3281 eum
2832 3242 2975 3298 saepe
3003 3227 3199 3283 liberat
3222 3227 3526 3284 humilitas.
3556 3227 3658 3283 lta~

2072 3334 2178 3389 que
2207 3334 2276 3374 ne
2308 3330 2360 3374 te
2394 3319 2511 3389 ipse
2553 3335 2664 3390 pra:
2692 3321 2865 3375 altero
2897 3320 3330 3389 justiﬁcaveris;
3363 3323 3662 3393 nequando

2071 3410 2166 3465 Dei
2220 3413 2530 3476 sententia,
2576 3413 2678 3467 etsi
2712 3420 2807 3468 tua
2851 3412 3218 3483 justiﬁcatus,
3266 3414 3659 3481 condemnem.

2073 3502 2195 3556 Non
2232 3503 2422 3570 judico
2465 3505 2752 3573 meipsum,
2804 3506 2981 3574 inquit
3032 3505 3258 3562 Paulus.
3305 3504 3477 3560 Nihil.
3509 3509 3649 3562 enim

2070 3595 2197 3649 milti
2227 3597 2471 3649 conscius
2500 3612 2618 3650 sum
2643 3611 2660 3648 :
2697 3596 2789 3651 sed
2814 3614 2917 3651 non
2945 3599 2996 3652 in
3027 3598 3124 3651 hoc
3144 3598 3487 3669 justiﬁcatus
3505 3616 3644 3654 sum.

2070 3685 2176 3752 Qui
2205 3697 2381 3741 autem
2403 3686 2615 3757 judicat
2647 3704 2756 3753 me,
2786 3688 3049 3744 Dominus
3076 3699 3155 3744 est
3184 3690 3252 3745 ‘°.

2139 3779 2193 3834 5.
2225 3778 2579 3850 Perpetrasse
2619 3790 2672 3836 te
2714 3782 2840 3835 boni
2895 3782 3101 3852 aliquid
3161 3782 3452 3838 arbitraris
3474 3784 3645 3855 ?-Age

2063 3870 2268 3939 gratias
2299 3867 2427 3949 Deo,
2460 3886 2527 3926 ne
2557 3873 2757 3927 extolle
2799 3882 2852 3927 te
2892 3880 3082 3928 contra
3125 3874 3457 3944 proximum.
3496 3873 3645 3943 Opus

2062 3978 2237 4029 suum,
2275 3963 2471 4032 inquit.
2495 3963 2676 4031 probet
2706 3967 3083 4035 unusquisque,
3130 3975 3181 4019 et
3229 3975 3339 4019 tum
3374 3967 3426 4019 in
3456 3977 3643 4021 semet-

2061 4053 2172 4119 ipso
2206 4061 2413 4106 tantum
2440 4054 2668 4121 gloriam
2702 4054 2934 4119 habebit,
2967 4067 3017 4109 et
3048 4073 3152 4111 non
3176 4056 3233 4110 in
3262 4056 3371 4111 alio
3409 4056 3474 4110 “.
3497 4055 3640 4123 Quid

2059 4143 2204 4197 enim
2236 4144 2543 4213 proximum
2592 4146 2806 4214 juvisti,
2843 4148 2989 4218 quod
3039 4148 3198 4203 ﬁdem
3236 4162 3295 4204 es
3326 4147 3638 4214 confessus,

2059 4242 2154 4288 aut
2185 4235 2441 4289 exsilium
2494 4251 2787 4307 perpessus
2839 4239 2911 4294 ob
2940 4238 3145 4295 Christi
3178 4254 3397 4303 nomen,
3431 4244 3525 4295 aut
3553 4240 3642 4310 je-

2054 4324 2198 4393 junii
2231 4326 2450 4382 labores
2480 4335 2800 4385 constanter
2829 4330 3138 4401 pertulisti?
3186 4329 3424 4386 Lucrum
3480 4343 3643 4389 tuum

367 4386 509 4440 ἀλλά
538 4388 650 4441 σόν.
682 4391 953 4464 Φοϐήθητι
998 4395 1096 4466 τῆς
1127 4397 1222 4450 τοῦ
1271 4398 1517 4454 διαϐόλου
1574 4403 1831 4470 πτώσεως
1855 4408 1955 4479 τὴν

2067 4426 2163 4478 est,
2196 4431 2307 4471 non
2328 4418 2574 4474 alterius.
2601 4418 2753 4474 Time
2777 4439 2845 4477 ne
2868 4423 3119 4497 similiter
3144 4425 3310 4480 cadas
3339 4434 3505 4497 atque
3524 4427 3638 4485 dia.-

364 4482 629 4551 ὀμοίωσιν
647 4501 660 4513 ·
691 4484 770 4547 ὃς,
799 4486 1065 4558 ,ἐπαρθεὶς
1092 4490 1232 4544 κατά
1254 4493 1349 4546 τοῦ
1378 4495 1666 4567 ἀνθρώπου
1684 4538 1699 4561 ,
1729 4499 1948 4554 πέπτω-

2048 4503 2340 4578 bolus,qui
2369 4508 2546 4563 elatus
2578 4519 2767 4565 contra
2796 4511 3095 4578 hominem,
3151 4514 3221 4569 ab
3254 4516 3636 4587 hominepro-

361 4590 457 4625 κεν
488 4575 579 4625 ὑπ’
612 4574 901 4645 ἀνθρώπου
934 4579 1069 4650 (71),
1101 4584 1191 4635 καὶ
1227 4585 1584 4655 παραδέδοται
1614 4592 1841 4662 πάτημα
1870 4592 1949 4662 τῷ

2067 4574 2394 4664 atratus—est,
2421 4609 2475 4654 et
2510 4600 2628 4655 vice
2661 4593 2884 4658 scabelli
2915 4605 3151 4661 traditus
3177 4614 3262 4662 est
3284 4574 3631 4667 conculcato.

360 4666 758 4736 ππατημένῳ.
805 4668 1039 4741 Τοιαύτη
1071 4672 1164 4724 καὶ
1204 4673 1311 4728 τῶν
1356 4676 1762 4752 Ἰσραηλιτῶνὴ
1798 4682 1946 4735 πτῶ-

2050 4686 2198 4744 Talis
2228 4699 2314 4745 est
2338 4700 2392 4746 et
2421 4692 2795 4750 lsraelitarum
2828 4711 3014 4753 casus.
3069 4698 3207 4753 Cum
3254 4700 3401 4754 enim
3436 4700 3632 4756 adver-

359 4774 464 4819 σις.
523 4758 908 4831 Ἐπαιρόμενοι
945 4762 1067 4833 γὰρ.
1104 4767 1245 4820 κατὰ
1296 4768 1404 4821 τῶν
1439 4770 1632 4834 ἐθνῶν,
1682 4774 1758 4838 ὡς
1809 4778 1946 4830 ἀκα-

2067 4798 2144 4837 tus
2173 4792 2365 4854 gentes
2419 4788 2569 4841 velut
2603 4788 3285 4847 immundascﬁ‘errentur
3308 4832 3323 4856 ,
3357 4809 3483 4849 vero
3527 4795 3632 4849 im-

363 4850 598 4920 ὶάρτων,
647 4852 950 4925 ἀκάθαρτοι
988 4856 1277 4924 γεγόνασιν
1315 4859 1564 4932 ἀληθῶς·
1602 4865 1668 4919 τὰ
1718 4867 1773 4920 δὲ
1815 4868 1943 4940 ἔθνη

2067 4850 2237 4929 nundi
2269 4874 2397 4931 facti
2426 4887 2555 4933 sunt
2580 4898 2593 4933 :
2627 4891 2817 4950 gentes
2840 4897 2970 4936 vero
2991 4881 3194 4937 eﬁ‘ectae
3222 4895 3351 4938 sunt
3380 4885 3619 4944 mundae.

426 5009 473 5041 ³³
511 5007 646 5068 Luc.
686 5028 833 5080 χχιι,
867 5013 970 5081 51,
1004 5015 1093 5070 52.
1169 5017 1214 5050 ⁸³
1255 5016 1387 5074 Luc.
1425 5036 1552 5076 xvm
1580 5065 1595 5090 ,
1634 5024 1824 5082 11-14.
1902 5030 1950 5061 ⁸⁸

2067 5032 2165 5087 ζον.
2205 5051 2278 5099 ιν,
2315 5035 2385 5099 5,
2422 5037 2475 5090 4.
2554 5039 2597 5069 ⁸⁸
2637 5038 2815 5096 Galat.
2852 5057 2937 5105 vr,
2967 5042 3021 5107 4.

423 5165 540 5247 ςιξ9)
572 5167 816 5247 Codices
842 5168 1053 5247 aliquot
1088 5172 1335 5247 ἐκλείπῃ.
1374 5175 1514 5231 Editi
1560 5180 1779 5247 ἐκλίπῃ.
1815 5183 1937 5239 Mox

423 5197 540 5238 una,
572 5197 803 5224 Luutcca
842 5197 1053 5240 aliqum
1088 5197 1335 5247 εκΑειπῃ.
1374 5197 1514 5231 nam
1560 5197 1699 5234 εκΛιι
1767 5225 1779 5238 .
1815 5197 1935 5239 Mox

353 5235 481 5324 adi-ti
513 5239 644 5324 ποτὲ
798 5240 981 5324 επιστ,
1003 5243 1096 5324 _A_t
1138 5259 1297 5324 mss._
1319 5247 1450 5324 ποτὲ
1489 5197 1840 5324 Exierit-93a;
1877 5255 1935 5309 ln

352 5303 583 5384 Vulgata
612 5310 899 5384 rosaria;
925 5312 1145 5384 videtur
1181 5316 1360 5384 posita
1396 5320 1515 5373 loco
1555 5303 1666 5375 noti
1693 5303 1936 5380 ὲὶιόἷίἱξ

348 5376 575 5459 enimin
613 5376 934 5459 eadegitur
969 5376 1214 5459 :_Zip.w_v',
1255 5386 1459 5459 Σίμων,
1495 5390 1604 5443 ἰδοὺ
1634 5394 1662 5445 6
1691 5376 1935 5459 Σατανάξ

347 5444 645 5528 ξξῃτήσατο
689 5444 859 5528 ὑμᾶς,
904 5452 1001 5506 τοῦ
1035 5444 1271 5528 σίνιάσαι
1300 5444 1376 5522 ὧς
1402 5444 1493 5511 τόν
1526 5444 1931 5528 σῖτονίδὶιηοηῖ

347 5514 554 5592 sum,
587 5538 705 5576 ecce
726 5514 976 5579 Satanas
1003 5527 1248 5592 expetivit
1275 5514 1388 5592 vos,
1416 5538 1474 5584 ut
1504 5514 1932 5591 cribra'retvsicut

349 5589 598 5645 triticum.
770 5594 995 5672 melius,
1029 5589 1090 5672 ut
1119 5589 1533 5672 vid_etur,'apud
1564 5589 1849 5670 Basilium,
1874 5589 1931 5663 in

347 5672 451 5728 quo
489 5677 595 5719 vox
632 5664 781 5736 ὑμᾶς
815 5665 999 5723 locata
1038 5665 1313 5726 invenitur
1344 5664 1467 5742 post
1498 5674 1721 5731 verbum
1758 5664 1927 5733 σινίά-

2043 5205 2158 5313 ραι,
2192 5189 2326 5245 Ecce
2359 5190 2595 5248 Satanas
2640 5195 2905 5262 expetivit,
2951 5205 3008 5249 ιιι
3049 5198 3306 5251 cribraret
3353 5214 3439 5253 vos
3482 5201 3619 5253 sicut

2068 5270 2303 5313 rtttcum.

2068 5270 2303 5317 rtticum.

2139 5331 2226 5403 70)
2254 5331 2479 5403 ᾼηιίιιυί
2520 5341 2632 5388 tres
2668 5335 2791 5390 libri
2824 5336 3035 5391 ἑαυτοῦ.
3064 5336 3205 5392 Editi
3238 5338 3424 5393 αὐτοῦ.

2139 5332 2202 5384 70
2254 5332 2479 5403 Antiqui
2520 5341 2632 5388 tres
2668 5335 2791 5390 libri
2824 5336 3035 5391 ἑαυτοῦ.
3064 5336 3205 5392 Editi
3238 5338 3424 5393 αὐτοῦ.

2137 5332 2226 5474 7Ἆέ
2257 5401 2690 5474 Editioutraque
2710 5414 2763 5461 et
2779 5404 3167 5463 Combeﬁsiani
3196 5408 3307 5465 duo
3334 5425 3467 5465 mss.
3492 5426 3614 5465 cum

2040 5472 2165 5550 aliis
2196 5472 2412 5550 duobus
2443 5472 2629 5550 Regiis
2658 5485 2752 5530 aut
2782 5477 2875 5550 ὑπ’
2903 5477 3212 5550 ἀνθρώπου,
3250 5489 3344 5535 aut
3382 5480 3489 5535 ὑπὸ
3519 5484 3616 5536 ἀν-

2035 5540 2276 5620 θρώπου,
2302 5545 2368 5596 ad
2400 5540 2650 5620 verbum,
2684 5547 2962 5620 cecidit_ab
2984 5540 3209 5615 nomine,
3240 5553 3340 5608 hoc
3365 5559 3470 5615 est,
3493 5568 3616 5619 pro-

2032 5613 2236 5693 stratus
2272 5623 2349 5667 est
2391 5613 2819 5693 ab‘homine._At
2850 5617 2995 5693 Beg.
3036 5613 3247 5693 primus
3273 5622 3376 5684 ὑπὸ
3403 5613 3502 5685 1.va
3520 5624 3614 5681 ἄν’

2032 5681 2269 5756 θρωπον,
2301 5684 2488 5740 cecidit
2514 5688 2695 5745 subter
2718 5681 3003 5748 hominem.

3812 316 3867 417 ε
