4036 6236
342 241 449 298 535

1644 246 1703 300 Β.
1744 238 1985 295 BASlLll
2022 239 2238 295 MAGNI

3476 241 3580 298 556

341 356 421 409 Ac
444 354 660 408 illorum
692 355 911 423 quidem
929 355 1143 423 iustitia
1168 358 1312 414 sicut
1332 375 1540 428 pannus
1563 368 1910 415 menstruam:

2018 357 2367 430 κεκάθαρται.
2416 359 2525 411 Καὶ
2574 357 2680 410 τῶν
2723 357 2879 427 μὲνὴ
2911 356 3220 427 δικαιοσύνη
3253 356 3473 425 γέγονεν
3504 359 3578 423 ὡς

344 447 486 500 facta
519 453 604 502 est
632 446 709 501 z“
736 447 977 516 gentium
1001 465 1129 504 vero
1157 452 1418 522 iniquitas
1442 453 1798 523 impietasque
1823 452 1913 506 de-

342 541 448 593 leta
477 547 563 594 est
598 554 693 608 per
726 540 909 595 tidem.
928 542 987 595 In
1017 558 1261 611 summa,
1284 546 1599 601 memineris
1622 546 1736 600 veri
1766 545 1913 600 illius

342 630 618 699 proverbii
638 648 651 662 ·
671 631 923 699 superbis
945 632 1087 688 Deus
1121 637 1342 697 resistit,
1373 636 1658 690 humilibus
1684 652 1801 689 vero
1819 634 1913 687 dat

339 706 664 789 gratiam".
700 722 849 778 llabe
894 725 947 778 in
991 736 1244 795 promptu
1292 728 1620 783 sententiam
1653 726 1862 781 Domini
1895 748 1919 781 εν

343 813 530 865 Omnis
562 815 652 882 qui
684 830 740 866 se
762 816 1030 880 humiliat,
1070 817 1430 882 exaltabitur;
1464 828 1514 872 et
1546 819 1634 889 qui
1669 834 1725 872 se
1760 820 1912 872 exal-

342 913 440 968 tat,
465 905 833 961 humiliabitur
861 908 928 962 “.
959 906 1038 962 Ne
1066 910 1145 962 tui
1166 910 1338 979 ipsius
1368 911 1466 965 tias
1486 910 1652 980 judex
1673 910 1911 980 iniquus,

340 1011 518 1067 neque
571 998 639 1053 ad
677 999 906 1069 gratiam
935 1001 1218 1070 expende:
1270 1006 1316 1058 si
1348 1003 1568 1059 videare
1618 1003 1717 1058 tibi
1748 1004 1912 1073 quid-

343 1105 504 1159 quam
536 1090 661 1145 boni
698 1090 896 1145 habere
918 1132 932 1151 ,
981 1104 1268 1148 numerata
1306 1096 1395 1148 illa
1429 1110 1486 1149 re
1510 1134 1525 1159 ,
1582 1094 1911 1165 delictisque

344 1182 603 1236 oblivioni
635 1183 780 1235 ultro
811 1183 1059 1245 traditis,
1106 1200 1282 1253 neque
1323 1187 1395 1240 ob
1445 1194 1592 1240 recte
1641 1185 1783 1239 facta
1815 1185 1914 1239 bo-

344 1273 533 1326 dierna
567 1273 898 1329 insolescas.
949 1289 1126 1343 neque
1174 1277 1474 1330 recentium
1531 1284 1623 1330 aut
1668 1284 1911 1332 veterqu

345 1364 755 1419 malefactorum
792 1366 943 1435 161
971 1365 1066 1418 tibi
1094 1367 1302 1419 veniam
1325 1368 1594 1422 concedas
1627 1387 1638 1421 :
1673 1368 1767 1423 sed
1788 1380 1911 1422 cum

344 1471 585 1524 praesens
625 1456 919 1512 reddiderit
950 1466 1001 1513 te
1031 1458 1253 1523 elatum,
1289 1474 1481 1514 revoca
1512 1460 1565 1513 in
1596 1460 1910 1515 memoriam

348 1548 625 1617 antiquam
649 1550 852 1617 agendi
875 1551 1159 1614 rationem,
1190 1550 1376 1620 sicque
1403 1553 1634 1607 stolidus
1671 1563 1797 1608 tuus
1825 1563 1905 1608 tu-

346 1655 467 1695 mor
488 1642 744 1695 cessabit.
792 1642 872 1704 Et,
901 1643 944 1696 si
981 1644 1284 1712 proximum
1322 1655 1634 1714 peccantem
1663 1646 1867 1703 videris
1893 1688 1909 1712 ,

346 1748 478 1787 cave
504 1732 817 1789 consideres
858 1735 1028 1803 ipsius
1052 1742 1336 1804 peccatum
1370 1737 1545 1790 solum
1579 1758 1590 1792 :
1624 1737 1718 1792 sed
1748 1739 1913 1793 etiam

348 1839 468 1891 qua-
503 1823 628 1878 fecit
649 1832 742 1879 aut
767 1824 894 1878 facit
932 1835 1096 1892 recte,
1128 1827 1334 1898 cogita;
1370 1835 1424 1880 et
1472 1843 1614 1898 saepe
1649 1844 1774 1884 eum
1821 1830 1917 1885 de-

349 1912 650 1983 prebendes
684 1915 858 1985 teipso
892 1918 1211 1986 meliorem,
1257 1920 1515 1989 expensis
1547 1922 1707 1976 rebus
1733 1922 1915 1975 omni-

349 2007 491 2070 bus,
536 2021 646 2061 non
692 2023 797 2061 una
839 2010 1106 2063 duntaxat
1166 2018 1318 2079 parte
1362 2011 1687 2066 exatuinata.
1731 2010 1934 2082 Neque.

348 2100 493 2153 enim
527 2097 667 2155 Deus
697 2099 971 2155 hominem
1006 2101 1058 2154 in
1094 2111 1248 2172 parte
1274 2102 1570 2171 expendit:
1608 2102 1721 2173 Ego
1743 2104 1912 2169 enim,

347 2192 544 2261 inquit,
585 2208 742 2260 opera
773 2201 822 2245 et
854 2193 1195 2261 cogitationes
1233 2210 1409 2247 eorum
1449 2195 1592 2247 venio
1635 2211 1918 2267 congrega-

352 2284 589 2336 tnrus“.
638 2282 977 2348 Quinetiam
1032 2299 1155 2338 cum
1207 2284 1467 2355 Josaphat
1524 2287 1816 2355 aliquando
1846 2289 1917 2342 ob

351 2391 591 2444 praesens
618 2387 897 2446 peccatum
931 2377 1259 2447 increparet,
1305 2380 1550 2432 meminit
1579 2395 1796 2450 quoque
1840 2397 1918 2435 re-

348 2478 435 2521 cte
461 2466 727 2521 factorum
759 2467 953 2536 ipsius,
984 2468 1069 2521 his
1105 2468 1283 2522 verbis
1312 2487 1322 2522 :
1366 2468 1733 2523 Verumtamen
1764 2469 1917 2525 verba

349 2560 483 2612 bona
508 2561 713 2613 inventa
747 2569 866 2614 sunt
893 2560 947 2612 in
983 2569 1032 2613 te
1051 2559 1117 2614 δ’.

415 2735 472 2789 6.
507 2735 630 2791 llaec
657 2745 712 2791 et
747 2738 943 2792 similia
975 2737 1236 2794 adversus
1271 2740 1580 2808 superbiam
1622 2741 1919 2798 nobismet—

349 2828 484 2897 ipsis
518 2844 733 2898 semper
766 2830 1111 2893 acciuamus,
1144 2830 1493 2887 demittentes
1527 2850 1627 2889 nos
1679 2836 1830 2905 ipsos
1862 2847 1920 2891 ut

349 2923 672 2985 exaltemur,
704 2924 979 2980 imitantes
1015 2925 1322 2991 Dominum,
1347 2926 1442 2997 qui
1476 2928 1544 2982 de
1574 2929 1715 2983 caelo
1748 2930 1802 2984 in
1828 2946 1918 2991 ex-

2015 450 2181 520 ρἁος
2216 450 2675 521 ἀποκαθημένης,
2715 449 2821 501 τῶν
2866 448 2922 502 δέ
2969 448 3137 502 ἐθνῶν
3180 451 3213 518 ἡ
3255 449 3453 520 ἀνομία
3487 451 3581 502 καὶ

2011 543 2044 611 ἡ
2076 541 2297 594 άσέὃεια
2331 540 2419 593 διὰ
2451 539 2688 603 πίστεως
2711 538 3041 608 ἐξήλειπται.
3092 538 3335 592 Καθόλου
3369 539 3580 610 μέμνη-

2014 648 2074 684 σο
2100 631 2199 701 τῆς
2224 630 2455 701 ἀληθοῦς
2487 630 2781 700 παροιμίας
2799 646 2812 658 ⁸
2857 628 3285 697 ’Υπερηςράνοις
3310 629 3454 694 Θεὸς
3476 629 3579 683 ἀνι

2013 721 2375 785 τιτάσσεται,
2415 720 2717 785 ταπεινοῖς
2742 718 2809 772 δὲ
2852 717 3061 771 δίδωσι
3108 716 3298 785 χάριν.
3328 719 3458 787 Ἔχε
3485 715 3580 770 τοῦ

2013 814 2221 885 Κυρίου
2257 810 2318 867 τὸ
2351 815 2501 885 ῥῆμα
2534 813 2852 885 πρόχειρον·
2885 808 3011 875 Πᾶς
3047 813 3079 863 ό
3116 809 3410 862 ταπεινῶν
3444 809 3580 863 ἑαυ-

2014 907 2138 971 τὸν,
2156 906 2540 975 ὑψωθήσεται
2561 924 2574 937 ·
2602 905 2701 959 καί
2728 908 2759 959 d
2779 905 2888 973 (7‘2)
2924 902 3099 971 ὑψῶν
3122 902 3357 966 ἑαυτὸν,
3383 917 3583 957 ταπει-

2013 996 2362 1063 νωθήσεται.
2407 999 2498 1068 Μὴ
2532 998 2681 1065 γίνου
2715 996 2905 1066 κριτὴς
2945 995 3127 1057 ἄνισος
3160 993 3406 1059 σεαυτοῦ,
3447 993 3580 1063 μηδὲ

2014 1088 2150 1160 πρὸς
2192 1090 2350 1160 χάριν
2402 1088 2648 1154 ἐξέταζε·
2693 1090 2741 1141 εί
2780 1086 2879 1159 μέν
2923 1106 2974 1141 τι
3003 1087 3179 1151 δοκεῖς
3208 1087 3352 1157 ἔχειν
3394 1087 3579 1151 καλὸν,

2011 1181 2169 1234 τοῦτο
2218 1184 2277 1234 ἐν
2306 1181 2470 1252 ψήφῳ
2517 1181 2724 1246 τιθεὶς,
2778 1181 2885 1234 τῶν
2934 1181 2990 1234 δὲ
3039 1181 3392 1250 πταισμάτων
3439 1180 3581 1234 ἑκὼν

2014 1272 2501 1344 ἐπιλανθανόμενος
2522 1312 2537 1337 ,
2575 1274 2710 1345 μηδὲ
2746 1276 2830 1343 ἐφ’
2859 1268 2939 1337 οἷς
2976 1274 3074 1345 μέν
3114 1275 3351 1344 σήμερον
3378 1291 3581 1344 κατορ-

2014 1363 2125 1428 θοῖς
2175 1363 2627 1435 μεγαλυνόμενος,
2677 1364 2761 1434 ἐφ’
2796 1360 2877 1429 οἷς
2924 1365 2978 1419 δὲ
3026 1365 3216 1436 πρώην
3257 1360 3363 1418 ’καὶ
3414 1366 3582 1419 πάλαι

2015 1454 2202 1519 κακῶς
2255 1456 2517 1526 εἰργάσω,
2574 1454 2914 1528 συγχώρησιν
2961 1457 3172 1527 σεαυτῷ
3208 1456 3414 1521 διδοῦς’
3466 1454 3578 1510 ἀλλ’

2013 1547 2141 1601 ὅταν
2174 1564 2232 1600 σε
2268 1548 2329 1600 τὸ
2365 1547 2535 1620 παρὸν
2567 1548 2768 1622 ἐπάρῃ,
2799 1548 2859 1601 τὸ
2888 1547 3116 1602 παλαιὸν
3158 1549 3238 1612 εἰς
3279 1549 3580 1619 ἀνάμνησιιι

2015 1636 2213 1705 ἀγέτω,
2259 1638 2353 1690 καὶ.
2387 1636 2569 1709 παύσῃ
2607 1638 2706 1709 τῆς
2739 1638 3061 1710 άναισθήτου
3109 1638 3436 1711 φλεγμονῆς.
3473 1640 3582 1693 Καὶ

2017 1731 2066 1783 εἰ
2098 1730 2188 1783 τὸν
2220 1730 2391 1793 πέλας
2418 1731 2798 1802 ἁμαρτάνοντα
2830 1731 3128 1804 θεωρήσεις
3157 1733 3292 1805 (75),
3322 1733 3396 1806 μή
3427 1733 3583 1787 τοῦτο

2021 1822 2179 1891 μόνον
2210 1821 2373 1874 αὑτοῦ
2403 1823 2682 1895 σκοπήσῃς
2702 1841 2716 1855 ο
2750 1822 3085 1895 ἐνθυμήθητι
3123 1824 3309 1893 δέυκαὶ
3347 1826 3445 1879 ὅσα
3483 1825 3583 1879 πέυ

2018 1931 2226 1984 πραχεν
2278 1913 2311 1985 ἢ
2355 1914 2583 1986 πράττει
2636 1915 2834 1980 καλῶς,
2881 1916 2976 1971 καὶ
3025 1916 3282 1982 πολλάκις
3333 1918 3582 1989 εὑρήσεις

2018 2006 2178 2059 αὑτὸν
2222 2006 2480 2076 ἀμείνονα
2513 2008 2761 2073 σεαυτοῦ,
2794 2009 2884 2062 διὰ
2930 2009 3145 2063 πάντων
3168 2009 3454 2077 ἐξετάζων,
3490 2013 3584 2065 καὶ

2021 2096 2095 2169 μὴ
2130 2099 2327 2169 μερικὰ
2351 2096 2716 2169 ψηφιζόμενος
2741 2098 2874 2170 (74).
2903 2099 3037 2153 Οὑδὲ
3051 2099 3159 2171 γὰρ
3186 2100 3316 2164 Θεὸς
3343 2102 3580 2172 μερικῶς

2017 2187 2258 2255 ἐξετάζει
2295 2188 2387 2242 τὸν
2422 2188 2738 2260 άνθρωποψ
2794 2189 2939 2261 Ἐγὼ
2970 2189 3100 2264 γὰρ,
3151 2193 3303 2262 φησὶ,
3344 2192 3415 2246 τὰ
3441 2193 3582 2262 ἔργα

2019 2278 2115 2331 καὶ
2167 2281 2306 2345 τοὺς
2335 2280 2666 2350 λογισμοὺς
2692 2279 2888 2335 αὐτῶν
2911 2281 3156 2352 ἔρχομαι
3199 2284 3576 2355 συναγαγεῖν.

2020 2373 2129 2425 Καὶ
2171 2371 2250 2441 τῷ
2295 2372 2559 2441 Ἰωσαφὰτ
2592 2374 2924 2444 ἐπιτιμήσας
2972 2375 3102 2428 ποτέ
3148 2374 3237 2428 διὰ
3266 2376 3363 2446 τὴν
3409 2394 3584 2449 παραο

2019 2464 2182 2526 πόδας
2215 2463 2508 2534 ἁμαρτίαν,
2551 2465 2794 2535 ἐμνήσθη
2846 2466 2939 2518 καὶ
2987 2464 3095 2519 τῶν
3140 2467 3585 2538 κατωρθωμένων

2018 2557 2185 2625 αὐτῷ,
2212 2555 2594 2625 λέγωνηλὴλι·
2630 2555 2788 2610 ἀλλὰ
2819 2558 2987 2626 λόγοι
3026 2558 3228 2627 ἁγαθοὶ
3250 2557 3585 2626 εἰιρέθησαν

2015 2644 2085 2703 ἐν
2110 2650 2229 2705 σοι’.

2090 2742 2142 2794 6.
2178 2739 2362 2793 Ταῦτα
2395 2739 2489 2793 καὶ
2535 2740 2602 2792 τὰ
2640 2738 2861 2793 τοιαῦτα
2899 2740 3035 2811 πρὸς
3071 2742 3169 2811 τὴν
3205 2741 3586 2812 ὑπερηφανίαν

2019 2834 2305 2904 ἐπᾴδωμεν
2351 2835 2561 2895 ἑαυτοῖς
2607 2833 2883 2894 ἑκάστοτε,
2935 2833 3316 2905 καθαιροῦντες
3362 2834 3586 2896 ἑαυτοὺς

2021 2926 2084 2978 ἵν’
2113 2925 2436 2996 ὑψωθῶμεν,
2475 2922 2799 2995 μιμούμενοι
2837 2924 2926 2980 τὸν
2957 2926 3016 2990 ἐξ
3034 2925 3272 2997 ,οὐρανοῦ
3313 2925 3585 2980 καταὸάνέ

348 3020 578 3067 tramam
610 3013 970 3070 humilitatem
1002 3016 1327 3080 descendit,
1387 3027 1442 3072 et
1494 3019 1612 3073 vice
1662 3036 1820 3077 versa
1851 3038 1914 3077 ex

2020 3035 2089 3072 τα
2118 3018 2318 3087 Κύριον
2351 3014 2485 3089 πρὸς
2526 3018 2623 3088 τὴν
2666 3017 2899 3089 ἐσχάτην
2932 3018 3311 3088 ταπεινότητα,
3338 3018 3430 3070 καὶ
3464 3018 3587 3070 τοὺ-

349 3104 659 3159 humilitate
693 3106 758 3160 ad
809 3105 1088 3161 decentem
1135 3108 1477 3164 altitudinem
1532 3121 1751 3166 evectus
1812 3120 1916 3168 est.

350 3193 729 3263 Comperimus
786 3195 928 3250 enim
1000 3195 1215 3251 Domini
1278 3204 1428 3268 gesta
1461 3201 1643 3253 omnia
1689 3216 1789 3255 nos
1853 3200 1918 3253 ad

352 3283 712 3340 humilitatem
748 3288 1038 3342 instruere.
1088 3286 1272 3343 lnl‘ans
1305 3303 1428 3344 cum
1458 3296 1624 3356 esset,
1649 3293 1831 3347 statim
1863 3293 1917 3345 in

351 3381 631 3450 spelunca,
656 3390 713 3436 et
757 3397 823 3436 ne
862 3382 914 3435 in
952 3382 1090 3435 lecto
1135 3382 1388 3452 quidem,
1441 3384 1537 3438 sed
1580 3385 1636 3439 in
1694 3387 1918 3455 prazsepi

346 3472 543 3538 jacuit.
574 3470 631 3526 ιη
665 3472 827 3528 domo
856 3472 957 3527 fuit
986 3474 1120 3526 fabri
1156 3475 1372 3545 lignarii
1411 3481 1465 3530 et
1493 3477 1685 3533 matris
1714 3493 1916 3548 paupe-

351 3564 451 3630 ris,
480 3565 643 3619 matri
669 3565 919 3621 subditus
945 3574 996 3620 et
1021 3566 1166 3622 illius
1196 3582 1437 3637 sponso:
1471 3567 1790 3635 docebatur,
1818 3584 1916 3622 au-

351 3657 536 3712 diebat
560 3658 760 3728 quibus
786 3658 889 3713 sibi
919 3674 1058 3728 opus
1087 3675 1197 3713 non
1230 3668 1381 3715 erat:
1412 3661 1802 3732 interrogabat,
1824 3663 1916 3717 scd

353 3751 428 3804 ita
469 3758 673 3813 tamen,
718 3758 779 3804 ut
807 3751 1148 3822 interrogans
1179 3762 1327 3808 esset
1356 3754 1703 3810 admirationi
1725 3757 1796 3811 ob
1832 3771 1920 3811 sa-

353 3843 633 3913 pientiam.
661 3843 1008 3900 Subdebatur
1054 3843 1274 3912 Joanni,
1320 3855 1375 3902 et
1406 3848 1668 3921 Dominus
1700 3865 1728 3903 a
1761 3866 1920 3905 servo

351 3936 618 4004 baptisma
640 3936 941 4006 accipiebat
974 3954 988 3990 :
1040 3937 1433 4008 insurgentium
1456 3943 1509 3995 in
1546 3956 1606 3996 se
1633 3943 1923 3998 resistebat

352 4030 513 4095 nulli,
544 4045 720 4100 neque
758 4040 1078 4100 potestatem
1111 4032 1468 4095 inellabilem,
1507 4049 1615 4104 qua
1659 4037 1920 4107 praeditus

349 4130 502 4187 erat,
544 4125 868 4178 exercebat:
907 4125 1001 4179 sed
1034 4125 1370 4181 concedebat
1407 4129 1564 4206 quasi
1594 4129 1921 4198 potentiori-

351 4213 480 4276 bus,
508 4220 562 4268 et
606 4215 948 4283 temporariae
993 4218 1246 4285 potestati
1284 4219 1578 4287 potentiam
1622 4220 1670 4274 ei
1717 4235 1920 4277 conve-

352 4302 592 4356 nientem
634 4304 1000 4372 permittebat.
1037 4304 1342 4361 Sistebatur
1377 4310 1727 4377 pontificibus
1756 4312 1811 4366 in
1840 4313 1916 4368 rei

352 4393 581 4451 habitu:
618 4395 919 4450 ducebatur
946 4398 1012 4450 ad
1044 4398 1349 4467 prazsidem,
1384 4407 1439 4453 et
1467 4400 1733 4471 judicium
1767 4405 1920 4459 subi-

352 4479 473 4547 bat,
500 4494 554 4540 et
595 4498 721 4539 cum
771 4485 1035 4554 potuisset
1085 4488 1510 4546 calumniatores
1557 4492 1916 4564 redarguere,

351 4576 571 4632 silentio
607 4576 815 4633 ferebat
847 4577 1170 4633 calumnias.
1215 4578 1633 4652 Conspuebatur
1671 4601 1702 4640 a
1746 4588 1921 4643 servis

349 4669 741 4739 vilissimisque
757 4668 1064 4738 mancipiis,
1084 4672 1245 4725 morti
1258 4673 1760 4746 tradebatur.eique
1778 4679 1918 4745 apud

347 4761 601 4817 homines
650 4760 998 4832 turpissimae.
1049 4759 1139 4815 Sic
1185 4764 1367 4818 omnia
1399 4766 1467 4821 ab
1501 4777 1624 4821 ortu
1659 4770 1724 4823 ad
1760 4769 1918 4825 ﬁnem

419 4960 469 5031 ἶῖ
506 4959 609 5031 [ὅθι
644 4975 791 5031 ων,
828 4959 881 5013 6.
950 4960 1001 5031 7⁸³
1039 4958 1198 5013 Prov.
1240 4974 1297 5014 ιιι
1322 5002 1334 5022 ,
1373 4961 1482 5029 3t;
1526 4962 1642 5016 3;"...
1683 4981 1755 5029 ,ν’
1805 4964 1875 5031 6;

2018 4973 2111 5015 ριν.
2175 4978 2222 5022 v,
2277 4963 2326 5014 5.

348 5028 392 5055 ⁸⁸
431 5027 469 5083 ΙΙ
507 5027 745 5100 Paralip.
782 5045 906 5094 nx,
943 5030 995 5083 5.

422 5205 534 5275 (Ἱῖ)
566 5203 721 5275 Unus
746 5202 903 5260 Colb.
933 5207 962 5259 ὁ
989 5204 1067 5269 δέ,
1098 5203 1291 5258 vocula
1321 5202 1416 5256 καί
1446 5204 1668 5257 omissa.

428 5272 538 5343 (73)
571 5274 660 5329 Sic
688 5275 1097 5329 rescribendum
1131 5275 1388 5329 duximus
1422 5288 1520 5342 pro
1543 5275 1692 5345 edito
1715 5272 1924 5345 θεωρή-

357 5360 476 5416 σῃς,
499 5345 652 5416 quod
693 5345 775 5416 ad‘
791 5355 1069 5416 poetarum
1101 5346 1391 5416 dialectum
1429 5344 1680 5412 pertinet.
1714 5344 1872 5398 EDIT.

428 5412 538 5482 (7H
569 5414 718 5485 Unus
744 5412 876 5485 Reg.
903 5413 1074 5484 μικρά
1095 5412 1553 5485 ψηλαφιζόμενος,

430 5485 542 5553 (75)
567 5482 919 5549 Veterestres
945 5482 1064 5538 libri
1090 5482 1213 5538 cum
1240 5491 1470 5552 utraque
1491 5482 1729 5537 editione
1751 5482 1925 5536 αἴσιον

352 5549 772 5626 ἐξογκούμενοι,
805 5556 869 5607 At
907 5555 1059 5608 Colb.
1106 5554 1315 5626 primus
1352 5549 1526 5626 αἶσιον
1561 5553 1920 5626 ἐξελκόμενοι.

355 5622 565 5682 Sensus
587 5622 836 5696 postulat
863 5633 921 5679 ut
958 5637 1058 5694 pro
1088 5622 1469 5694 ἐξογκούμενοι
1500 5622 1921 5693 ιεεειιιιυεὲξογα

2021 3111 2230 3164 ναντίον
2267 3110 2331 3161 ἐκ
2364 3110 2745 3181 ταπεινότητος
2784 3112 2862 3173 εἰς
2893 3108 3025 3179 ὕψος
3059 3109 3231 3163 αἴσιον
3261 3109 3588 3180 ἐξογκούμε-

2021 3220 2099 3254 νοι
2135 3202 2270 3272 (75).
2304 3203 2485 3256 Πάντα
2523 3202 2631 3273 γὰρ
2656 3201 2883 3272 δήπρὸς
2920 3202 3411 3273 ταπεινοφροσύνην
3460 3220 3588 3255 παι·

2020 3291 2242 3343 δεύοντα
2291 3290 2360 3342 τὰ
2417 3289 2512 3343 τοῦ
2562 3290 2766 3362 Κυρίου
2820 3288 3161 3360 εὑρίσκομεν.
3226 3288 3432 3359 Βρέφος
3486 3287 3584 3349 ὣν,

2020 3383 2178 3447 εὐθὺς
2228 3386 2284 3435 ἐν
2331 3382 2600 3453 σπηλαίῳ,
2652 3383 2745 3435 καὶ
2794 3380 2913 3433 οὐδὲ
2961 3380 3050 3432 ἐπὶ
3096 3379 3301 3450 κλίνης,
3345 3379 3459 3432 ἀλλ’
3492 3379 3587 3433 ἐπὶ

2021 3476 2226 3544 φάτνης
2249 3492 2260 3504 ·
2286 3477 2343 3525 ἐν
2363 3474 2497 3542 οἴκῳ
2517 3473 2764 3534 τέκτονος
2792 3471 2884 3523 καὶ
2918 3467 3119 3541 μητρὸς
3152 3471 3430 3540 πενιχρᾶς,
3453 3471 3586 3522 ὑπο-

2019 3567 2348 3635 τασσόμενος
2397 3564 2464 3634 τῇ
2520 3562 2685 3633 μητρὶ
2736 3561 2828 3614 καὶ
2886 3558 2962 3630 τῷ
3016 3559 3217 3630 ταύτης
3283 3561 3580 3631 μνηστῆρι·

2018 3655 2418 3727 διδασκόμενος,
2452 3654 2664 3708 ἀκούων
2702 3646 2777 3706 ὧν
2815 3652 2913 3704 οὐκ
2953 3652 3159 3714 ἐδεῖτο,·
3193 3649 3480 3720 ἐπερωτῶν
3527 3650 3585 3703 δὲ

2020 3750 2189 3819 ὅμως,
2230 3749 2324 3801 καὶ
2354 3746 2441 3800 διὰ
2468 3747 2566 3816 τῆς
2595 3745 2916 3816 ἐρωτήσεως
2947 3742 3039 3794 ἐπὶ⁵
3076 3743 3142 3810 τῇ
3185 3740 3346 3811 σοφίᾳ.
3380 3739 3588 3810 θαυμα-

2021 3842 2248 3912 ζόμενος
2273 3851 2286 3871 ⁵
2347 3836 2785 3907 ὑποτασσόμενος
2850 3834 3104 3904 Ἰωάννῃ,
3157 3833 3252 3886 καὶ
3305 3831 3586 3902 βάπτισμα

2022 3934 2173 4007 παρὰ
2200 3932 2295 3986 τοῦ
2333 3931 2520 3985 δούλου
2553 3929 2839 4000 δεχόμενος
2868 3930 2897 3980 ὁ
2932 3927 3200 3995 Δεσπότης
3229 3942 3242 3954 ·
3268 3924 3441 3978 οὐδενὶ
3477 3925 3586 3978 τῶν

2023 4024 2474 4095 ἐπανισταμένων
2505 4020 2914 4088 ἀνθιστάμενος,
2938 4016 3057 4070 οὑδὲ
3080 4016 3176 4084 τὴν
3208 4016 3409 4084 ἄφατον
3433 4014 3584 4079 ἐξου-

2023 4121 2167 4183 σίαν,
2207 4119 2273 4189 ἣν
2311 4112 2475 4187 εἶχεν,
2510 4111 2989 4183 ἐπανατεινόμενος
3011 4125 3024 4138 ·
3057 4108 3169 4162 ἀλλ’
3198 4108 3273 4170 ὡς
3296 4107 3587 4160 δυνατωτέ·

2025 4230 2137 4286 ροις
2164 4196 2484 4282 ὑποχωρῶν,
2522 4207 2617 4262 καὶ⁵
2655 4210 2720 4278 τῇ
2764 4203 3083 4277 προσκαίρῳ
3114 4200 3330 4272 ἐξουσίᾳ
3358 4201 3419 4253 τὸ
3466 4200 3585 4253 κατ’

2024 4306 2195 4376 αὐτὴν
2234 4302 2450 4374 ἰσχυρὸν
2483 4299 2825 4370 ἐπιτρέπων·
2857 4296 2949 4349 ἐπὶ
2975 4294 3086 4348 τῶν
3119 4292 3417 4381 ἀρχιερέων
3440 4293 3589 4346 ἱστά-

1953 4365 1997 4419 D
2028 4365 2186 4466 μενος
2218 4365 2543 4464 emax-ﬁgam
2583 4365 2961 4459 δικαζομένου,
2994 4387 3220 4457 ἡγεμόνι
3248 4376 3589 4457 προσαγόμε-

2021 4507 2109 4552 νος
2138 4489 2233 4541 καὶ
2284 4486 2461 4558 κρίσιν
2495 4482 2804 4553 ὑποφέρων,
2838 4481 2931 4534 καὶ
2965 4474 3136 4549 παρὸν
3191 4477 3432 4548 ἐλέγχειν
3457 4476 3582 4539 τοὺς

2024 4580 2521 4652 συκοφαντοῦντας,
2570 4579 2744 4646 σιωπῇ
2807 4575 2987 4645 φέρων
3042 4572 3141 4635 τὰς
3188 4570 3582 4639 συκοφαντίας⁶

2022 4673 2397 4744 ἐμπτυόμενος
2429 4668 2534 4722 ὑπὸ
2568 4666 2771 4719 δούλων
2802 4667 2897 4717 καὶ
2934 4661 3233 4732 παιδαρίων
3274 4658 3589 4713 εὐτελεστὰ-

2023 4783 2150 4831 των,
2188 4765 2402 4834 θανάτῳ
2436 4760 2879 4834 παραδιδόμενος,
2915 4756 3011 4808 καὶ
3058 4754 3273 4823 θανάτῳ
3314 4755 3392 4824 τῷ
3438 4751 3589 4823 παρὰ

2425 4961 2468 4990 ⁸⁸⁵
2508 4958 2641 5012 Luc.
2707 4976 2816 5020 xiv,
2890 4958 2969 5010 ll.
3083 4958 3126 4987 ⁸⁵
3168 4954 3267 5010 Isa.
3307 4972 3461 5011 Lm.
3504 4954 3585 5011 l8.

2029 5203 2309 5272 κοὺμενον,
2344 5210 2571 5255 evectum
2606 5201 2917 5256 Dominum.
2950 5199 3273 5272 Erratumne
3316 5200 3384 5252 sit
3421 5198 3592 5272 libra-

2028 5269 2258 5338 riorum,
2305 5288 2371 5325 an
2409 5274 2508 5325 hoc
2539 5272 2742 5326 dictum
2775 5273 2846 5326 sit
2887 5286 2982 5339 per
3013 5271 3399 5330 attractiouem,
3434 5269 3589 5322 vide-

2028 5344 2161 5395 bunt
2194 5342 2309 5396 alii.
2344 5340 2542 5396 Vocem
2580 5352 2759 5396 autem
2800 5343 2974 5395 αίσιον
3004 5341 3076 5394 ita
3118 5339 3310 5394 Latine
3355 5340 3592 5393 reddidit

2026 5411 2409 5476 Combeﬁsius,
2454 5411 2523 5481 ad
2576 5413 2826 5465 eximiam
2872 5428 2935 5464 ac
2965 5411 3283 5481 singularem
3316 5410 3589 5481 celsitudi-

2027 5498 2139 5534 nem
2170 5484 2421 5550 provexit.
2477 5480 2580 5536 Sed
2634 5485 2678 5537 si
2724 5483 2887 5535 semel
2932 5480 3291 5535 recedendum
3324 5483 3392 5535 sit
3427 5480 3587 5550 abgea

2027 5548 2188 5618 quam
2222 5568 2323 5606 vox
2353 5551 2525 5615 αἴσιος
2548 5553 2744 5606 usitate
2766 5552 2926 5606 habet
2954 5552 3366 5620 signiﬁcatione,
3400 5548 3587 5603 malim

2026 5633 2258 5688 vertere,
2289 5622 2357 5675 ad
2393 5639 2651 5677 summam
2681 5622 3061 5677 celsitudinem.
