4036 6236
326 215 431 275 53!

1502 235 1785 293 HOMILIA
1823 239 1910 294 DE
1948 239 2398 299 llUMlLlTATE.

3503 256 3610 312 558

319 337 634 442 ἀνθρώποις
677 341 965 442 αἰσχίστῳ.
1019 344 1177 400 Οὕτω
1217 348 1308 401 τὸν
1350 349 1637 424 ἄνθρωπον
1670 354 1899 427 διεξῆλθε

2020 375 2194 429 usque
2220 367 2435 416 aetatem
2473 362 2713 422 hominis
2746 367 3150 438 absumpsere:
3203 370 3299 426 sed
3339 376 3462 442 post
3489 381 3611 426 tan-
3647 346 3657 369 \

322 435 509 488 πάντα
546 434 615 486 τὰ
648 435 757 488 ἀπὸ
796 434 908 506 (76)
952 439 1222 507 γενέσεως
1272 445 1353 507 εἰς
1394 443 1577 509 τέλοςσ
1629 449 1725 501 καὶ
1775 449 1916 519 μετὰ

322 528 592 600 τοσαύτην
614 532 1120 604 ταπεινοφροσύνην
1150 533 1373 608 ὕστερον
1402 538 1499 609 τὴν
1533 540 1692 605 δόξαν
1718 543 1915 613 ἐκφαί-

321 637 428 685 νει,
461 621 799 687 συνδοξάζων
833 623 1013 695 ἑαυτῷ
1046 627 1173 690 τοὺς
1210 628 1697 702 συναδοξήσαντας.
1732 627 1832 687 Ὧν
1864 634 1915 687 οἱ

328 713 589 783 μακάριοι
623 716 863 787 μαθηταὶ
905 717 1137 789 πρῶτοι,
1179 722 1410 795 πένητες
1453 727 1545 780 καὶ
1581 730 1781 799 γυμνοὶ
1812 730 1915 801 τὴν

326 805 651 877 οἰκουμένην
672 807 1088 881 διαδραμόντες,
1116 815 1217 867 οὑκ
1249 816 1306 868 ἐν
1337 818 1500 890 σοφίᾳ
1525 818 1706 889 λόγου,
1730 822 1831 875 οὐκ
1855 823 1914 877 ὲν

320 900 635 954 ἀκολούθων
671 901 895 973 πλήθει,
936 906 1117 975 μόνοι,
1163 910 1256 961 καὶ
1298 910 1516 983 ἀλῆται,
1560 913 1655 967 καὶ
1686 914 1910 986 ἔρημοι,

318 995 429 1063 γῆν
479 1010 542 1046 τε
573 993 673 1047 καὶ
715 993 991 1052 θάλατταν
1046 998 1449 1071 ἐξαμείϐοντες,
1499 1006 1909 1078 μαστιζόμενοι,

316 1083 762 1157 λιθοϐολούμενοι
789 1128 804 1153 ,
860 1088 1226 1163 διωκόμενοι,
1292 1098 1445 1161 τέλος
1506 1100 1908 1174 ἀναιρούμενοι.

319 1175 506 1269 Ταῦτα
534 1179 669 1249 ἡμῖν
696 1181 931 1255 πατρῷα
957 1187 1052 1239 καὶ
1086 1186 1206 1241 θεῖα
1234 1190 1598 1262 παιδεύματα.
1632 1196 1776 1266 Πρὸς
1812 1198 1914 1269 τὴν

318 1268 530 1324 τούτων
561 1271 811 1345 ἔλθωμεν
855 1276 1112 1349 μίμησιν,
1166 1280 1232 1333 ἶν’
1266 1283 1398 1353 ἡμῖν
1431 1287 1496 1339 ἐκ
1529 1286 1628 1357 τῆς
1656 1268 1912 1343 ταπεινό-

316 1377 480 1432 τητος
506 1365 768 1437 ἀνατείλῃ
797 1368 929 1435 δόξα
964 1369 1198 1437 αἰώνιος,
1246 1377 1279 1445 ἠ
1325 1376 1509 1430 τελεία
1556 1380 1651 1433 καὶ
1706 1380 1913 1453 ἀληθὴς

314 1454 557 1525 Χριστοῦ
582 1457 789 1530 δωρεά.

390 1548 442 1600 7.
477 1549 606 1615 Πῶς
633 1549 729 1606 οῦν
759 1555 841 1617 είς
874 1555 971 1627 τὴν
992 1559 1260 1631 σωτήριον
1284 1565 1786 1636 ταπεινοφροσύνην
1814 1585 1915 1621 κα-

315 1642 699 1714 ταϐησόμεθα,
757 1648 849 1701 τὸν
895 1649 1139 1723 ὀλέθριον
1166 1653 1331 1722 ὄγκον
1380 1657 1482 1726 τῆς
1531 1658 1912 1731 ὑπερηφανίας

310 1735 749 1801 καταλιπόντεςς
793 1738 919 1791 Ἐὰν
939 1739 1029 1794 διὰ
1058 1743 1275 1796 πάντων
1300 1747 1561 1818 ἀσκῶμεν
1587 1749 1649 1802 τὸ
1675 1752 1906 1817 τοιοῦτο,

316 1826 415 1878 καὶ
444 1827 615 1897 μηδὲν
644 1830 979 1902 παρορῶμεν
1024 1834 1100 1897 ὡς
1146 1837 1207 1889 οὑ
1249 1840 1409 1907 παρὰ,
1453 1841 1612 1894 τοῦτο
1646 1842 1911 1916 βλαϐησό-

321 1936 490 1988 μενοι.
526 1920 657 1986 Τοῖς
686 1923 796 1994 γὰρ
822 1925 1254 1996 ἐπιτηδεύμασιν
1285 1931 1567 2002 ὁμοιοῦται
1608 1935 1777 2007 ψυχὴ,
1816 1941 1909 1993 καὶ

315 2014 453 2083 πρὶς
484 2014 521 2068 ἃ
548 2017 799 2087 πράττει,
834 2021 1117 2085 τυποῦται,
1149 2025 1241 2077 καὶ
1267 2026 1403 2097 πρὸς
1434 2028 1606 2081 ταῦτα
1639 2034 1908 2101 σχηματί-

315 2106 491 2160 τεται.
533 2109 716 2163 Ἔστω
766 2127 850 2164 σοι
895 2113 990 2166 καὶ
1038 2115 1245 2186 σχῆμα,
1289 2119 1382 2172 καὶ
1414 2121 1650 2190 ἱμάτιον,
1686 2126 1777 2177 καὶ
1811 2125 1909 2194 βά-

311 2194 517 2265 δισμα,
561 2199 658 2250 καὶ
699 2200 962 2273 καθέδρα,
1000 2205 1096 2257 καὶ
1143 2208 1351 2277 τροφῆς
1408 2212 1761 2277 κατάστασις,
1813 2217 1908 2269 καὶ

314 2289 610 2359 στρωμνῆς
641 2294 989 2365 παρασκευὴ,
1036 2297 1129 2349 καὶ⁹
1173 2294 1343 2362 οἶκος,
1397 2303 1493 2354 καὶ
1547 2304 1616 2356 τὰ
1667 2305 1725 2357 ὲν
1772 2307 1906 2376 οἴκῳ

312 2382 481 2454 σκεύη
518 2384 697 2438 πάντα
750 2388 888 2458 πρὸς
925 2389 1200 2445 εὐτέλειαν
1230 2394 1550 2465 ἠσκημένα’
1586 2397 1681 2450 καὶ
1725 2398 1903 2467 λόγος,

309 2476 408 2527 καὶ
437 2476 574 2546 ᾠδὴ,
608 2478 704 2531 καὶ
732 2480 766 2548 ἡ
795 2478 890 2533 τοῦ
913 2481 1143 2553 πλησίον
1169 2484 1429 2551 ἔντευξις,
1453 2489 1548 2541 καὶ
1575 2488 1750 2543 ταῦτα
1768 2494 1906 2564 πρὸς

312 2569 650 2639 μετριότητα
694 2572 896 2642 μᾶλλον
941 2574 975 2644 ῆ
1025 2576 1163 2645 πρὸς
1209 2578 1373 2647 ὄγκον
1415 2581 1614 2651 ὁράτω.
1664 2585 1756 2655 Μή
1813 2603 1904 2655 μοι

308 2660 559 2730 κόμπους
596 2666 656 2717 ἐν
694 2665 840 2737 λόγῳ
888 2671 1256 2736 σοφιστικοὺς,
1305 2672 1440 2743 μηδὲ
1487 2676 1545 2727 ὲν
1579 2675 1743 2746 ᾠδαῖς
1774 2677 1903 2748 ἡδυ-

309 2754 522 2821 φωνίας
559 2756 1031 2826 ὑπερϐαλλούσας,
1068 2762 1203 2831 μηδὲ
1227 2762 1486 2829 διαλέξεις
1518 2767 1905 2839 ὑπερηφάνους

310 2844 406 2897 καὶ
440 2845 697 2917 βαρείας·
734 2849 850 2902 ἀλλ’
881 2852 940 2904 ὲν
977 2850 1184 2906 ἅπασιν
1212 2853 1433 2925 ὑφαίρει
1471 2854 1567 2909 τοῦ
1599 2859 1899 2928 μεγέθουςο

309 2938 546 3008 χρηστὸς
586 2938 726 3011 πρὸς
772 2941 863 2995 τὸν
914 2942 1087 3012 φίλον,
1137 2945 1299 3015 ἤπιος
1343 2946 1480 3015 πρὸς
1528 2948 1622 3000 τὸν
1658 2948 1898 3021 οἰκέτην,

2018 460 2127 504 tam
2166 452 2568 519 humilitatem,
2611 457 2839 526 gloriam
2875 460 3096 514 tandem
3143 462 3419 529 ostendit,
3464 466 3611 536 igno-

2016 545 2198 599 minim
2229 546 2413 601 socios
2455 547 2509 601 in
2543 549 2860 603 societatem
2904 551 3091 620 gloria:
3124 568 3236 607 suae
3289 554 3604 610 admittens.

2017 635 2264 701 Quorum
2300 639 2461 710 primi
2491 647 2619 693 sunt
2650 641 2791 695 beati
2822 641 3100 713 discipuli,
3124 646 3215 714 qui
3251 662 3520 717 pauperes
3551 659 3608 704 et

2016 731 2148 785 nudi
2185 732 2372 786 orbem
2403 741 2673 787 terrarum
2715 745 3135 803 percurrerunt,
3174 739 3360 793 nonin
3392 742 3609 810 sapien-

2015 823 2093 877 tia
2131 824 2426 890 sermonis,
2457 840 2564 878 non
2597 841 2721 879 cum
2754 834 3091 882 sectatorum
3124 828 3451 900 frequentia,
3481 835 3606 901 soli,

2016 914 2136 986 vagi
2167 930 2230 969 ac
2253 915 2502 978 desolati,
2540 924 2741 970 terram
2772 931 2836 971 ac
2879 933 3031 973 mare
3076 932 3431 990 peragrantes
3452 965 3464 983 .
3510 923 3608 979 ﬂa-

2016 1006 2129 1075 gris
2153 1006 2303 1071 caesi,
2337 1006 2611 1076 lapidibus
2649 1008 2821 1075 petiti,
2850 1007 3111 1072 divexati,
3141 1012 3309 1065 occisi
3347 1014 3603 1084 denique.

2017 1095 2143 1150 Haec
2176 1097 2334 1152 nobis
2368 1106 2499 1152 sunt
2527 1107 2752 1166 paterna
2779 1098 3107 1154 documenta
3143 1111 3198 1156 et
3233 1104 3438 1158 divina.
3481 1105 3609 1162 "sic

2015 1190 2312 1254 imitemur,
2351 1197 2405 1242 ut
2437 1191 2597 1244 nobis
2639 1206 2736 1260 per
2775 1190 3140 1247 humilitatem
3180 1197 3404 1250 accedat
3432 1198 3606 1267 gloria

2014 1291 2240 1348 aeterna,
2267 1283 2574 1354 perfectum
2600 1286 2735 1338 illud
2760 1302 2824 1341 ac
2853 1302 3042 1341 verum
3065 1288 3272 1345 Christi
3301 1289 3531 1345 donum.

2090 1552 2144 1607 7.
2172 1550 2459 1619 Quomodo
2489 1568 2621 1623 ergo
2660 1553 2727 1607 ad
2771 1553 3069 1609 salutarem
3098 1552 3468 1608 humilitatem
3502 1552 3604 1608 de-

2014 1647 2334 1711 veniemus,
2374 1645 2607 1700 exitiose
2634 1646 2904 1716 superbiae
2936 1654 3151 1701 tumore
3180 1646 3491 1702 derelicto?
3543 1645 3603 1701 Si

2011 1739 2143 1809 quid
2172 1738 2444 1807 ejusmodi
2477 1739 2889 1795 excreuerimus
2911 1737 2963 1791 in
2997 1737 3277 1801 omnibus,
3313 1753 3414 1792 nec
3436 1737 3601 1808 quid-

2010 1845 2175 1900 quam
2211 1830 2613 1900 neglexerimus
2641 1839 2903 1901 tanquam
2937 1830 3148 1883 nullum
3184 1829 3309 1884 inde
3335 1832 3601 1885 damnum

2010 1924 2343 1993 perpessuri.
2386 1923 2580 1976 Anima
2635 1925 2781 1978 enim
2837 1923 3036 1978 studiis
3084 1925 3281 1978 similis
3324 1925 3384 1978 iit
3439 1910 3603 1994 atque

2008 2015 2518 2080 exercitationibus,
2548 2024 2603 2070 et
2647 2016 2715 2069 ad
2738 2031 2803 2069 ea
2840 2031 2963 2085 qua:
2986 2015 3170 2081 elIicit,
3197 2016 3468 2070 formatur
3496 2018 3600 2070 llu-

2007 2108 2282 2176 giturque.
2310 2103 2434 2160 Tibi
2465 2118 2519 2160 et
2557 2107 2798 2171 habitus,
2824 2118 2879 2162 et
2912 2108 3178 2171 vestitus,
3220 2115 3275 2164 et
3326 2109 3599 2180 incessus,

2007 2209 2061 2253 et
2090 2199 2265 2254 sessio
2289 2239 2304 2264 ,
2339 2206 2393 2252 et
2431 2200 2612 2255 victus
2641 2201 2779 2255 ratio
2815 2207 2871 2255 et
2899 2202 3026 2256 lecti
3063 2211 3383 2272 apparatus,
3416 2212 3470 2257 et
3499 2203 3599 2259 do-

2008 2307 2153 2353 mus,
2194 2298 2249 2346 et
2281 2291 2464 2346 omnis
2498 2291 2658 2363 162
2704 2292 2905 2347 aedium
2941 2294 3186 2364 supellex
3233 2294 3501 2349 instructa
3527 2296 3600 2350 sit

2006 2382 2074 2436 ad
2100 2385 2438 2439 tenuitatem.
2464 2382 2605 2450 Quin
2635 2394 2690 2439 et
2716 2400 2918 2449 sermo,
2945 2393 3000 2440 et
3019 2394 3238 2450 cantus,
3264 2396 3319 2440 et
3343 2404 3600 2457 congres-

2006 2492 2104 2532 sus
2148 2492 2274 2531 cum
2315 2477 2603 2546 proximo,
2650 2486 2705 2532 et
2739 2477 2856 2531 haec
2879 2494 3099 2548 quoque
3153 2479 3221 2533 ad
3267 2480 3597 2537 modestiam

2004 2567 2180 2638 magis
2213 2582 2376 2636 quam
2421 2566 2491 2621 ad
2528 2566 2725 2621 fastum
2772 2570 3075 2637 composita
3116 2585 3239 2625 esse
3284 2570 3593 2627 videantur.

2005 2659 2083 2714 Ne
2122 2659 2252 2712 mihi
2304 2660 2358 2713 in
2404 2675 2656 2714 sermone
2688 2660 3042 2729 sophisticam
3094 2661 3453 2731 jactantiam,
3501 2677 3597 2721 aut

2005 2753 2060 2806 in
2100 2752 2389 2808 cantilenis
2420 2752 2646 2805 nimiam
2689 2753 2842 2807 vocis
2890 2754 3236 2819 suavitatem,
3268 2766 3361 2808 aut
3394 2771 3593 2825 super-

2001 2845 2127 2900 bam
2162 2860 2227 2899 ac
2247 2859 2466 2915 gravem
2491 2844 2832 2915 disceptandi
2859 2846 3126 2900 rationem
3160 2848 3461 2904 ostendas:
3496 2848 3594 2905 sed

2004 2940 2091 2993 lac
2125 2953 2341 2993 reseces
2366 2938 2422 2991 in
2450 2938 2706 2992 omnibus
2738 2936 3151 3007 amplitudinem
3186 2947 3353 3008 atque
3392 2943 3597 3011 magni-

305 3029 629 3096 α·ρεξίκακος
683 3033 822 3103 πρὸς
867 3034 994 3099 τοὺς
1044 3034 1293 3107 θρασεῖς,
1348 3037 1730 3110 φιλάνθρωπος
1762 3042 1899 3113 πρὸς

2005 3031 2304 3095 ticentiam,
2334 3029 2611 3085 olliciosus
2644 3029 2698 3084 in
2750 3031 2986 3085 amicum
3009 3070 3023 3094 ,
3073 3032 3224 3086 mitis
3258 3047 3388 3102 erga
3423 3032 3597 3087 fantu-

303 3121 430 3183 τοὺς
448 3123 763 3186 ταπεινοὺς,
795 3126 1125 3197 παρηγορῶν
1155 3128 1545 3199 κακουμένους,
1571 3130 1895 3184 ἐπισκεπτό-

306 3228 468 3281 μενος
508 3213 639 3278 τοὺς
668 3217 727 3267 ὲν
761 3215 992 3285 ὀδύναις,
1037 3218 1239 3290 μηδένα
1280 3219 1535 3285 καθάπαξ
1587 3222 1892 3294 ὑπερορῶν,

303 3305 512 3372 γλυκὺς
532 3306 594 3358 ὲν
627 3309 992 3381 προσηγορίᾳ,
1022 3310 1247 3380 φαιδρὸς
1274 3313 1333 3366 ὲν
1360 3313 1669 3385 ἀποκρίσει,
1697 3314 1891 3382 δεξιὸς,

303 3397 630 3467 εὐπρόσιτος
660 3399 858 3463 ἅπασι,
894 3403 1032 3472 μήτε
1082 3403 1311 3457 σεαυτοῦ
1365 3404 1578 3472 διεξιὼν
1607 3406 1892 3477 ἐγκώμια,

306 3491 444 3563 μηδὲ
494 3494 721 3565 ἑτέρους
771 3493 952 3562 λέγειν
1012 3496 1450 3567 παρασκευάζων
1473 3537 1487 3563 ,
1547 3497 1682 3571 μηδὲ
1735 3500 1895 3567 λόγον

301 3585 540 3656 ἄσεμνον
597 3586 1020 3658 ἀποδεχόμενος,
1076 3588 1465 3643 ἐπικαλύπτων
1516 3592 1618 3643 ὅσα
1666 3591 1896 3645 δυνατὸν

302 3678 409 3730 τῶν
444 3677 678 3732 σεαυτοῦ
714 3660 1211 3750 πλεονεκτημάτων
1232 3697 1245 3709 θ
1295 3682 1389 3736 ἐπὶ
1417 3682 1475 3735 δὲ
1505 3685 1618 3745 τοῖς
1642 3684 1897 3755 ἁμαρτή-

307 3789 441 3840 μασι
493 3771 823 3844 κατηγορῶν
886 3774 1141 3839 σεαυτοῦ,
1206 3775 1301 3828 καὶ
1369 3775 1443 3846 μὴ
1505 3775 1632 3837 τοὺς
1693 3777 1895 3846 ἑτέρων

304 3864 562 3934 ἐλέγχους
601 3865 912 3935 ἀναμένων,
962 3865 1051 3920 ἵνα
1079 3865 1214 3940 γένῃ
1242 3867 1383 3921 κατὰ
1428 3868 1520 3922 τὸν
1560 3868 1767 3921 δίκαιον
1804 3869 1895 3922 τὸν

303 3956 499 4010 ἑαυτοῦ
539 3958 847 4027 κατήγορον
898 3959 957 4011 ὲν
1004 3959 1367 4032 πρωτολογίᾳ,
1404 3960 1491 4014 ἵνα
1521 3956 1589 4033 ᾖς
1632 3961 1772 4014 κατὰ
1804 3961 1896 4014 τὸν

315 4046 455 4111 Ἰὼϐ,
491 4048 551 4111 ὃς
583 4049 645 4101 οὑ
678 4049 946 4120 διετράπη
983 4051 1305 4123 πολυοχλίαν
1341 4054 1570 4116 πόλεως,
1599 4053 1685 4106 ἐπ’
1714 4054 1896 4107 αὐτῶν

302 4136 664 4208 ἐξαγορεῦσαι
687 4138 750 4191 τὸ
780 4139 908 4192 ἴδιον
936 4143 1200 4212 πταῖσμα.
1232 4142 1322 4214 Μὴ
1357 4142 1530 4215 βαρὺς
1558 4144 1614 4196 ὲν
1639 4145 1896 4215 ὲπιτιμήι

304 4247 423 4284 σεσι
476 4231 648 4299 γίνου,
684 4232 820 4303 μηδὲ
848 4233 1086 4302 ταχέως,
1126 4234 1260 4305 μηδὲ
1296 4235 1559 4307 ἐμπαθῶς
1596 4236 1894 4307 ἐξελέγχων

304 4321 561 4389 (αὔθαδες
594 4324 703 4393 γὰρ
748 4324 810 4376 τὸ
855 4325 1138 4396 τοιοῦτον),
1172 4326 1305 4398 μηδὲ
1342 4328 1437 4381 ἐπὶ
1472 4332 1687 4401 μικροῖς
1721 4347 1893 4384 κατα-

2000 3124 2136 3188 lum,
2166 3121 2379 3193 patiens
2409 3136 2539 3190 erga
2567 3121 2874 3190 petulantes
2893 3163 2908 3187 ,
2940 3122 3217 3177 humanus
3247 3137 3376 3193 erga
3410 3123 3594 3179 humi-

1996 3217 2107 3283 les,
2156 3216 2456 3271 consolans
2488 3214 2753 3279 aﬂlictos,
2808 3216 3054 3271 invisens
3090 3215 3283 3271 dolore
3323 3215 3589 3281 allectos,

1995 3311 2269 3365 neminem
2305 3310 2530 3364 omnino
2572 3318 2970 3373 contemnens,
3026 3309 3213 3365 suavis
3252 3310 3307 3363 in
3357 3311 3592 3379 compel-

1997 3401 2190 3468 lando,
2244 3401 2436 3456 hilaris
2484 3401 2540 3455 in
2593 3399 3005 3470 respondendo,
3064 3401 3281 3464 comis,
3340 3400 3591 3468 praebens

1995 3493 2252 3547 omnibus
2285 3492 2496 3547 facilem
2526 3506 2849 3558 accessum,
2892 3508 3070 3561 neque
3116 3506 3350 3547 narrans
3398 3493 3591 3548 laudes

1998 3594 2121 3640 tuas
2147 3625 2161 3646 ,
2194 3600 2372 3655 neque
2400 3585 2539 3639 alios
2573 3584 2639 3638 ad
2663 3586 2993 3637 narrandum
3025 3583 3337 3638 subornatis
3357 3622 3372 3644 ,
3406 3598 3587 3653 neque

1996 3678 2292 3731 admittens
2316 3678 2666 3732 inhonestum
2714 3692 3045 3737 sermonem,
3074 3676 3307 3730 eximias
3337 3684 3464 3732 tuas
3497 3678 3592 3732 do-

1997 3778 2110 3834 tes,
2149 3770 2332 3839 quoad
2375 3770 2496 3839 ejus
2530 3769 2644 3823 lieri
2675 3771 2911 3840 poterit,
2938 3770 3220 3840 obtegens.
3248 3768 3478 3832 Contra,
3511 3771 3587 3825 ob

1998 3870 2219 3933 peccata
2245 3870 2298 3918 te
2329 3863 2447 3934 ipse
2479 3877 2678 3917 accusa
2710 3862 2791 3926 ⁶⁷;
2840 3871 2894 3915 et
2929 3876 2995 3916 ne
3029 3868 3318 3931 exspectes
3349 3861 3585 3915 aliorum

2000 3953 2507 4024 reprehensionem,
2538 3960 2597 4006 ut
2620 3954 2831 4023 justum
2854 3954 3010 4006 initio
3040 3951 3313 4007 sermonis
3340 3951 3583 4020 seipsum

1998 4054 2347 4102 accusantem
2380 4044 2621 4108 imitere,
2672 4053 2732 4098 ut
2776 4042 2914 4098 Jobo
2942 4044 3138 4100 similis
3172 4044 3252 4098 sis
3278 4041 3322 4075 ⁸³
3351 4082 3367 4108 ,
3415 4056 3579 4113 quem

1999 4155 2107 4192 non
2137 4138 2331 4208 puduit
2369 4138 2490 4206 ejus
2520 4152 2644 4208 quae
2672 4137 2724 4190 in
2757 4137 2978 4191 civitate
3019 4145 3140 4191 erat
3168 4136 3539 4190 multitudinis
3565 4152 3579 4189 :

1998 4230 2091 4282 sed
2124 4237 2368 4283 erratum
2403 4242 2568 4282 suum
2591 4242 2778 4282 coram
2821 4227 2959 4296 ipsis
2986 4227 3279 4297 evolgavit.
3310 4225 3389 4281 Ne
3419 4228 3498 4280 sis
3524 4226 3579 4280 in

1996 4321 2344 4392 objurgando
2374 4319 2589 4390 gravis,
2640 4334 2819 4389 neque
2846 4319 2979 4387 cito,
3010 4335 3186 4387 neque
3226 4319 3410 4373 animo
3435 4332 3586 4373 com-

299 4413 559 4479 δικάζων.
616 4417 692 4479 ὡς
739 4418 1145 4489 ἀκριϐοδίκαιος
1196 4421 1309 4489 (77)
1365 4421 1526 4484 αὑτὸς
1589 4424 1885 4495 ὑπάρχων·

2004 4423 2142 4470 moto
2196 4414 2498 4484 redarguas
2559 4412 2706 4483 (hoc
2755 4412 2902 4466 enim
2966 4412 3158 4483 resipit
3209 4413 3578 4483 arrogantiam

300 4510 429 4571 τοὺς
460 4511 519 4561 ἐν
546 4511 952 4582 παραπτώματι
980 4511 1560 4585 προσλαμϐανόμενος,
1596 4515 1690 4569 καὶ
1724 4533 1890 4570 πνευ-

304 4600 554 4670 ματικῶς
596 4602 939 4673 καταρτίζων
989 4604 1205 4667 αὑτοὺς,
1235 4606 1370 4667 ὠςό
1417 4606 1737 4671 Ἀπόστολος
1787 4624 1892 4661 πα-

301 4696 515 4763 ραινεῖ·
552 4691 803 4747 Σκοπῶν
829 4694 1114 4757 σεαυτὸν,
1147 4696 1233 4765 μὴ
1268 4696 1366 4751 καὶ
1406 4696 1487 4749 σὺ
1514 4696 1847 4766 πειρασθῇς
1873 4715 1887 4729 ο

299 4783 572 4854 τοσαύτην
602 4785 924 4856 ποιούμενος
956 4787 1190 4861 σπουδὴν
1247 4789 1321 4861 μὴ
1364 4789 1683 4865 δοξάζεσθαι
1735 4789 1886 4861 παρὰ

298 4876 635 4949 ἀνθρώποις,
666 4879 801 4948 ὅσην
846 4878 1023 4951 ἕτεροι
1063 4882 1189 4954 περὶ
1235 4881 1329 4935 τοῦ
1365 4880 1707 4950 δοξάζεσθαι,
1738 4884 1792 4936 εἴ
1822 4897 1887 4950 γε

1994 4509 2353 4581 quamdam),
2400 4521 2579 4577 neque
2616 4506 2688 4561 ob
2724 4522 2813 4561 res
2875 4506 3029 4576 parvi
3075 4506 3337 4559 momenti
3386 4503 3583 4559 conde-

1995 4618 2172 4667 mnes,
2193 4612 2452 4672 tanquam
2476 4601 2524 4655 si
2548 4598 2664 4670 ipse
2688 4598 3122 4669 perfectejustus
3142 4595 3400 4651 exsistas.
3416 4594 3577 4648 Com-

1994 4698 2231 4767 plectere
2278 4695 2699 4764 delinquentes,
2758 4707 2822 4747 ac
2869 4689 3230 4761 spiritualiter
3284 4687 3432 4756 ipsos
3491 4686 3579 4740 in-

1993 4797 2202 4850 staura,
2242 4787 2317 4841 uti
2349 4793 2533 4840 monet
2568 4783 2899 4853 Apostolus:
2940 4779 3296 4837 Considamus
3331 4778 3575 4846 leipsum,

1992 4892 2122 4936 nec:
2147 4888 2200 4933 tu
2232 4879 2448 4934 tenter-is
2482 4879 2549 4932 ".
2582 4876 2820 4931 Tantum
2870 4874 3037 4930 studii
3087 4874 3142 4927 in
3181 4889 3247 4927 eo
3297 4873 3485 4940 ponito
3519 4879 3578 4925 ut

372 5031 418 5063 "
461 5032 621 5089 Prov.
657 5050 824 5101 xvul,
868 5036 956 5091 l7.
1031 5037 1079 5069 ⁸⁸
1115 5035 1218 5093 Job
1252 5055 1380 5093 xui
1404 5081 1417 5102 ,
1452 5038 1542 5093 5i.
1619 5038 1666 5072 "
1708 5037 1886 5093 Galat.
1924 5052 2015 5104 vt,
2052 5037 2103 5091 1.

375 5194 490 5269 (76)
519 5195 763 5269 Utraque
792 5197 965 5253 editio
1001 5197 1181 5251 πάντα
1203 5195 1313 5251 τῶν
1344 5198 1473 5253 ἀπό.
1506 5198 1574 5251 At
1608 5196 1880 5253 Combeli-

302 5267 444 5320 siani
475 5267 695 5324 codices
728 5269 911 5324 πάντα
944 5269 1037 5321 τὸν
1076 5269 1186 5321 ἀπό
1218 5285 1231 5299 ·
1265 5269 1409 5337 quod
1446 5269 1521 5322 ita
1552 5270 1880 5336 interpreta-

301 5347 393 5391 tur
420 5339 508 5392 vir
530 5339 890 5395 doctissimus
920 5338 1308 5404 Combelisius,
1343 5339 1455 5402 Sic,
1488 5355 1604 5409 qua:
1630 5346 1752 5393 sunt
1782 5340 1879 5392 lio-

302 5410 753 5482 minjstransegit
792 5412 976 5482 omnia
1004 5415 1238 5482 abortu,
1263 5411 1560 5465 nativitatis
1601 5411 1656 5464 in
1700 5410 1877 5482 ﬁnem.

298 5481 370 5531 At
396 5479 550 5535 Colb.
587 5479 800 5548 primus
829 5481 1010 5534 πάντα
1042 5481 1111 5535 τὰ
1136 5481 1265 5536 ἀπό.
1290 5483 1370 5535 Ad
1406 5482 1653 5543 verbum,
1688 5479 1881 5535 Omnia

298 5565 416 5617 qua:
445 5563 723 5606 evenerunt
755 5551 822 5622 ab
847 5562 968 5606 ortu
1003 5552 1074 5604 ad
1111 5553 1268 5619 liuent
1298 5568 1481 5622 usque,
1514 5552 1774 5606 hominem
1801 5554 1878 5605 sic

299 5623 739 5695 pertransiernnt.
770 5620 889 5676 Hoc
922 5634 1030 5681 est.
1060 5622 1316 5677 Christus
1353 5620 1515 5678 homo
1551 5625 1629 5679 sic
1665 5625 1718 5678 in
1748 5640 1876 5695 ope-

300 5693 455 5747 ribus
483 5692 785 5750 humilibus
814 5702 987 5750 totam
1014 5696 1180 5749 vitam
1215 5695 1499 5765 transegit.

2064 5192 2180 5261 (77)
2210 5190 2372 5252 Illud.
2403 5190 2477 5253 ὡς
2504 5187 2931 5261 ἀκριϐοδίκαιος,
2968 5187 3015 5241 si
3051 5186 3250 5245 mavis.
3290 5184 3573 5261 ita_inter-

1988 5255 2297 5334 metabere,
2350 5255 2741 5334 Velutqsnmmo
2760 5260 2895 5334 jure
2917 5275 3075 5328 agens
3104 5268 3258 5334 atque
3288 5255 3572 5334 inclamant

1989 5328 2117 5388 tius.
2146 5332 2262 5388 Vox
2306 5333 2468 5394 αὑτός
2510 5332 2565 5385 in
2612 5346 2780 5384 causa
2824 5330 2947 5392 fuit,
2982 5343 3082 5382 cur
3122 5330 3203 5381 ita
3230 5328 3573 5397 interpretati

1989 5406 2184 5486 simus,
2224 5404 2499 5486 Tanquam
2520 5403 2567 5484 si
2591 5404 2697 5469 ipse
2717 5400 2945 5486 percute
2959 5399 3142 5486 justus
3165 5396 3392 5486 emistus
3436 5396 3572 5486 Nam

1988 5490 2093 5528 vox
2124 5474 2284 5537 αὐτός
2314 5470 2405 5527 vix
2440 5474 2592 5537 sinit,
2628 5481 2691 5526 ut
2714 5472 2804 5525 hic
2833 5471 2988 5525 locus
3021 5471 3179 5523 alites
3208 5470 3345 5525 verti
3373 5470 3570 5537 possit.

1988 5542 2144 5612 Quod
2179 5560 2303 5599 mox
2336 5544 2608 5613 sequitur,
2639 5541 2989 5613 καταρτίξων
3013 5540 3240 5605 αὐτούς,
3269 5544 3342 5595 ita
3380 5540 3574 5595 Latine

1988 5616 2140 5669 reddi
2174 5622 2357 5687 potest
2380 5612 2447 5670 ci
2476 5612 2727 5685 Vulgata,
2757 5612 3026 5667 instruens
3052 5613 3216 5680 ipsa.
