4036 6236
453 317 642 377 539'

1761 326 1820 385 S.
1863 327 2104 385 BASlLlI
2148 328 2360 384 MAGNI

3591 313 3701 384 sic

453 452 521 490 ne
538 436 679 506 apud
707 437 954 495 homines
984 439 1155 510 gloria
1174 440 1410 498 afficiare
1430 484 1443 509 ,
1469 452 1733 514 quantum
1758 447 1940 499 ezctcri
1968 458 2019 500 ut

2129 447 2410 519 μέμνησαι
2437 443 2531 498 τοῦ
2571 443 2831 517 Χριστοῦ,
2886 440 3090 513 ζημίαν
3132 441 3380 511 λέγοντος
3423 438 3562 496 εἶναι
3602 443 3701 498 τοῦ

449 529 1098 601 gloriamadipiscantur,
1132 533 1179 588 si
1212 535 1433 604 quidem
1467 538 1780 593 memineris
1795 537 2022 602 Christi,

452 619 547 688 qui
585 618 718 675 dicit
764 622 1068 678 mercedem
1103 624 1246 695 apud
1298 626 1465 681 Deum
1499 629 1709 693 amitti,
1742 644 1866 683 cum
1902 630 2025 698 quis

453 719 648 781 sponte
681 713 983 769 claritatem
1015 717 1158 786 apud
1188 718 1435 773 homines
1475 728 1641 790 atque
1680 720 2027 790 splendorem

453 801 557 857 sibi
588 812 889 872 comparat,
920 804 1235 876 bonumque
1279 808 1487 864 idcirco
1528 809 1656 865 facit
1699 818 1758 864 ut
1804 810 2025 879 conspi-

448 897 627 949 ciatur
657 896 725 950 ab
766 896 1098 955 hominibus.
1142 899 1413 969 Recipiunt
1444 903 1612 970 enim,
1645 902 1855 973 inquit,
1889 918 2026 955 mer-

448 987 622 1042 cedem
649 1005 801 1043 suam
828 990 898 1042 ".
939 990 1127 1062 itaque
1154 1009 1223 1048 ne
1246 992 1346 1048 tibi
1374 994 1491 1063 ipse
1518 994 1775 1049 damnum
1805 994 2020 1059 afferas,

448 1081 752 1135 claritatem
785 1082 975 1137 volens
1007 1083 1149 1155 apud
1180 1084 1429 1140 homines
1465 1086 1738 1141 obtinere.
1772 1085 2026 1152 Quando-

447 1172 666 1241 quidem
690 1171 832 1228 Deus
856 1182 941 1228 est
973 1183 1249 1245 spectator
1280 1191 1534 1246 magnus,
1560 1175 1771 1231 ambias
1792 1176 2024 1247 gloriam

448 1265 713 1333 consequi
759 1266 899 1335 apud
937 1263 1150 1322 Deum:
1193 1267 1531 1338 splendidam
1563 1270 1764 1338 quippe
1817 1283 2026 1323 merce-

448 1351 570 1407 dem
611 1354 884 1410 retribuit.
914 1355 983 1408 At
1011 1355 1241 1426 adeptus
1263 1371 1321 1411 es
1342 1357 1656 1427 praeclaram
1681 1357 2022 1427 dignitatem,

447 1443 808 1515 hominesque
844 1446 1030 1501 colunt
1080 1455 1133 1501 te
1159 1455 1321 1519 atque
1358 1449 1670 1514 observant,
1701 1456 1755 1504 et
1796 1449 2022 1519 gloriam

449 1536 617 1590 dant?
643 1536 773 1591 Esto
811 1539 1043 1594 subditis
1076 1540 1295 1607 similis,
1340 1538 1464 1594 Non
1516 1542 1652 1595 velut
1691 1539 2019 1603 dominium,

449 1627 643 1697 inquit,
682 1631 736 1682 in
766 1628 918 1684 cleris
945 1646 1188 1685 exercens
1220 1632 1265 1663 '“
1292 1673 1307 1697 ,
1352 1646 1530 1702 neque
1566 1640 1623 1685 te
1676 1647 1835 1703 geras
1875 1647 2024 1688 more

448 1717 847 1772 mundanorum
870 1721 1197 1790 principum.
1222 1718 1356 1775 Nam
1374 1722 1465 1791 qui
1486 1722 1595 1775 vult
1628 1723 1843 1791 primus
1871 1737 2015 1785 esse,

2131 539 2281 609 παρὰ
2324 536 2444 607 Θεῷ
2494 534 2707 606 μισθοῦ,
2757 534 2856 605 τὴν
2907 532 3155 587 ἑκούσιον
3188 533 3339 603 παρὰ
3392 533 3700 604 ἀνθρώποις

2128 629 2467 698 ἐπιφάνειαν,
2508 628 2602 680 καὶ
2634 627 2694 679 τὸ
2737 628 2909 678 ποιεῖν
2934 623 3139 692 ἀγαθὸν
3172 624 3308 694 πρὸς
3336 623 3398 676 τὸ
3438 623 3700 695 θεαθῆναι

2127 717 2238 777 τοῖς
2261 713 2566 785 ἀνθρώποις
2582 729 2598 744 ο
2646 712 2957 782 Ἀπέχουσι
2982 712 3111 783 γὰρ,
3145 712 3327 783 φησιν,
3353 713 3457 765 τὸν
3477 713 3701 782 μισθὸν

2129 804 2348 860 αὐτῶν.
2398 806 2490 877 Μὴ
2535 806 2716 858 τοίνυν
2748 804 2946 876 ζημίου
2990 803 3232 866 σεαυτὸν,
3272 804 3364 855 ἐπὶ
3395 803 3700 875 ἀνθρώπων

2131 898 2419 967 φαίνεσθαι
2462 898 2804 968 βουλόμενος.
2860 896 3077 967 Ἐπειδὴ
3105 896 3235 959 Θεὸς
3278 898 3452 966 μέγας
3476 895 3696 966 θεατὴς,

2128 990 2474 1062 φιλοδόξησον
2511 991 2602 1043 ἐπὶ
2652 990 2816 1043 Θεοῦ·
2848 989 3097 1061 λαμπρὸν
3125 989 3235 1059 γὰρ
3278 987 3566 1040 ἀποδίδωσι
3604 988 3701 1041 τὸν

2131 1081 2340 1153 μισθόν.
2382 1082 2540 1134 Ἀλλὰ
2573 1082 2861 1153 προεδρίας
2889 1080 3145 1151 ἡξιώθης,
3180 1083 3272 1134 καὶ
3288 1080 3606 1152 περιέπουσι
3635 1098 3698 1135 σε

2129 1175 2225 1230 ἄνθ
2233 1192 2407 1247 ρωποι
2429 1174 2522 1228 καὶ
2536 1174 2814 1239 δοξάζουσι
2830 1191 2846 1240 ;
2865 1175 2903 1226 Γ
2910 1174 3017 1228 ίνου
3032 1177 3145 1237 τοῖς
3161 1174 3418 1249 ὑπηκόοις
3443 1175 3577 1238 ῐσος,
3598 1174 3696 1242 Μὴ

2125 1268 2207 1333 ὡς
2238 1265 2710 1331 κατεξουσιάζων
2737 1264 2855 1320 τῶν
2884 1266 3143 1334 κλήρων,
3186 1266 3337 1335 φησὶ,
3390 1264 3526 1335 μηδε
3556 1264 3697 1318 κατὰ

2126 1362 2250 1423 τοὺς
2274 1360 2570 1429 κοσμικοὺς
2595 1358 2880 1428 ἄρχοντας.
2895 1357 2998 1411 Τὸν
3018 1355 3127 1427 γὰρ
3151 1356 3374 1408 θέλοντα
3390 1355 3606 1426 πρῶτον
3627 1350 3702 1408 εἷ-

2125 1468 2234 1514 ναι,
2258 1450 2444 1503 δοῦλον
2456 1446 2595 1503 εἶναι
2614 1451 2831 1504 πάντων
2850 1448 2959 1520 (78)
2975 1449 3003 1500 ὁ
3020 1449 3220 1520 Κύριος
3248 1446 3520 1501 ἐκέλευσε.
3548 1447 3699 1501 me-

2122 1540 2245 1593 όλου
2272 1540 2329 1593 δὲ
2354 1542 2550 1605 εἰπεῖν,
2577 1539 2719 1593 οῦτω
2743 1538 2931 1603 δίωξον
2952 1538 3049 1609 τὴν
3072 1536 3591 1609 ταπεινοφροσύνην,
3619 1538 3699 1601 ὡς

2124 1631 2359 1703 ἐραστὴς
2375 1630 2564 1699 αὐτῆς.
2584 1631 2638 1682 Ἐ
2647 1628 2875 1700 ράσθητι
2899 1629 3088 1699 αὐτῆς,
3114 1630 3207 1682 καὶ
3221 1627 3430 1695 δοξάσει
3450 1645 3529 1681 σε.
3542 1628 3706 1682 Οὕτω

2126 1720 2304 1784 καλῶς
2329 1720 2422 1773 ἐπὶ
2453 1718 2613 1785 δόξαν
2656 1720 2895 1782 ὁδεύσεις
2935 1718 3034 1789 τὴν
3069 1718 3268 1789 ἀληθῆ,
3312 1718 3411 1787 τὴν
3443 1719 3502 1771 ἐν
3530 1717 3701 1786 ἀγγέ-

446 1820 572 1860 eum
609 1809 851 1863 omnium
880 1825 1097 1865 servum
1130 1826 1252 1866 esse
1277 1810 1542 1868 Dominus
1587 1812 1755 1882 jussit
1781 1815 1849 1866 ".
1892 1812 2019 1875 Sed,

2124 1814 2257 1878 λοις,
2288 1814 2387 1883 τὴν
2426 1812 2581 1884 παρὰ
2781 1811 3133 1882 Ὀμολογὴσει
3165 1812 3224 1865 δέ
3260 1828 3317 1863 σε
3354 1810 3587 1881 Χριστὸς
3616 1810 3698 1873 ὡς

448 1907 508 1952 ut
535 1900 704 1956 verbo
752 1902 965 1967 dicam,
1018 1918 1345 1974 persequere
1394 1905 1754 1960 humilitatem
1795 1905 1910 1971 ita,
1961 1914 2023 1959 ut

446 1990 565 2056 ejus
593 2001 889 2046 amatorem
919 1993 1094 2048 decet.
1129 1994 1267 2047 Ama
1311 1995 1459 2049 illam
1484 2034 1501 2061 ,
1540 2003 1595 2049 et
1628 1996 1801 2066 gloria
1836 2003 1891 2050 te
1934 1997 2019 2050 af-

445 2080 609 2137 ficiet.
649 2080 740 2139 Sic
768 2083 870 2137 iter
913 2100 972 2139 es
1006 2085 1111 2139 rite
1152 2085 1401 2143 facturus
1435 2085 1506 2141 ad
1539 2101 1722 2142 veram
1751 2087 1980 2157 gloriam
2003 2127 2017 2150 ,

443 2189 563 2244 quae
593 2186 677 2231 est
704 2177 760 2229 in
788 2177 1014 2245 angelis,
1038 2186 1091 2232 et
1125 2180 1267 2248 apud
1299 2180 1487 2235 Deum.
1524 2178 1887 2234 Confitebitur
1916 2194 2019 2233 au-

443 2274 552 2321 tem
584 2276 635 2323 te
661 2267 915 2324 Christus
960 2276 1221 2339 tanquam
1260 2270 1588 2340 discipulum
1622 2286 1805 2334 suum,
1830 2286 2018 2325 coram

443 2359 650 2429 angelis
679 2358 758 2427 ’3;
796 2361 1003 2431 tibique
1041 2362 1191 2415 dabit
1234 2363 1502 2433 gloriam,
1559 2362 1605 2417 si
1656 2362 2019 2417 humilitatem

2130 1905 2258 1957 ἴδιον
2294 1903 2539 1975 μαθητὴν
2565 1904 2658 1956 ἐπὶ
2688 1903 2796 1957 τῶν
2824 1903 3093 1972 ἀγγέλων,
3135 1902 3230 1956 καὶ
3265 1901 3478 1966 δοξάσει
3513 1917 3594 1965 σε,
3630 1900 3699 1953 ἂν

2126 1996 2260 2066 γένῃ
2278 1994 2378 2064 τῆς
2407 1992 2903 2065 ταπεινοφροσύνης
2928 1992 3090 2047 αὑτοῦ
3112 1992 3372 2065 μιμητὴς,
3399 1990 3493 2044 τοῦ
3516 1990 3700 2058 λέγον·

2126 2103 2245 2150 τος*
2282 2087 2507 2141 Μὰθετε
2536 2087 2636 2140 ἀπ’
2674 2085 2842 2154 ἐμοῦ,
2862 2085 2951 2137 ὅτι
2982 2084 3172 2154 πρᾶός
3200 2088 3334 2154 ειμι,
3371 2084 3471 2138 καὶ
3499 2098 3701 2137 ταπει-

2126 2177 2236 2243 νὸς
2278 2175 2351 2244 τῇ
2407 2176 2644 2245 καρδίᾳ,
2698 2174 2798 2230 καὶ
2844 2175 3131 2243 εὑρήσετε
3178 2174 3523 2231 ἀνάπαυσιν
3568 2172 3704 2237 ταῖς

2126 2267 2354 2336 ψυχαῖς
2401 2267 2597 2337 ὑμῶν·
2724 2270 2758 2340 ή
2809 2267 2935 2331 δόξα
2987 2268 3181 2323 καὶτὸ
3216 2269 3417 2340 κράτος
3443 2268 3524 2332 εἰς
3571 2265 3702 2330 τοὺς

2125 2359 2329 2422 αἰῶνας
2350 2359 2458 2414 τῶν
2486 2358 2718 2415 αἰώνων.
2760 2361 2814 2413 Ἀ
2825 2362 2952 2431 μήν.

445 2455 678 2511 imiteris
719 2455 893 2527 ipsius
915 2498 930 2523 ,
965 2457 1061 2528 qui
1098 2458 1273 2513 dixit:
1312 2457 1510 2514 Discite
1532 2476 1565 2512 α
1586 2476 1686 2525 me,
1715 2459 1840 2529 quia
1872 2458 2017 2511 mitis
2051 2472 2189 2518 sum,
2219 2466 2269 2509 et
2303 2457 2519 2511 humilis
2557 2457 2713 2510 corde
2738 2497 2753 2522 ,
2789 2467 2840 2511 et
2896 2456 3166 2511 invenietis
3226 2456 3451 2527 requiem
3490 2454 3704 2508 animo“

446 2545 541 2603 bus
575 2550 760 2604 vestris
794 2550 878 2606 ’δε
936 2552 1025 2606 cui
1062 2552 1236 2624 gloria
1286 2562 1340 2609 et
1390 2552 1680 2624 imperium
1744 2554 1798 2607 in
1837 2552 2037 2607 saecula
2072 2550 2413 2607 saeculorum.
2446 2553 2640 2607 Amen.

904 2808 1061 2880 133
1103 2807 1385 2863 HOMILIA
1421 2808 1564 2862 XXI.

447 2913 600 2981 Quod
626 2916 775 2969 rebus
796 2918 1075 2971 mundanis
1105 2918 1479 2971 adhwrendum
1508 2937 1611 2973 non
1643 2921 1732 2986 sit,
1756 2930 1805 2975 et
1845 2920 1908 2975 de
1938 2922 2023 2975 in-

794 2988 977 3042 cendio
1008 2999 1161 3042 extra
1193 2987 1485 3043 Ecclesium
1524 2992 1687 3058 facto.

517 3158 569 3212 1.
610 3156 724 3229 Ego
762 3160 1010 3229 quidem,
1045 3162 1412 3228 dilectissimi,
1467 3166 1726 3236 putabam
1759 3166 1894 3233 fore,
1937 3176 2018 3231 ut,

448 3249 579 3305 dum
633 3250 948 3322 frequenter
1009 3255 1281 3311 sermonis
1329 3257 1584 3313 stimulos
1642 3259 2021 3316 vehementius

449 3340 738 3407 admoveo,
771 3344 928 3399 vobis
953 3343 1169 3399 viderer
1208 3348 1474 3403 molestus
1503 3362 1627 3404 esse
1652 3356 1708 3404 et
1740 3364 2018 3413 morosus,

449 3441 706 3503 tanquam
735 3434 829 3504 qui
864 3435 1086 3490 nimiam
1120 3437 1417 3507 quamdam
1454 3438 1676 3494 dicendi
1714 3440 2020 3495 libertatem

448 3526 756 3592 ostendam,
789 3542 910 3597 quae
956 3543 1135 3597 neque
1167 3529 1437 3597 hospitem
1467 3530 1676 3596 deceat,
1723 3548 1899 3602 neque
1939 3534 2021 3586 vi-

446 3632 569 3671 rum
597 3618 870 3675 similibus
920 3620 1070 3675 vitiis
1098 3620 1395 3677 obnoxium
1430 3639 1445 3674 :
1479 3639 1578 3678 vos
1612 3631 1791 3679 tamen
1840 3625 2022 3680 fuistis

448 3710 962 3779 reprehensionibus
1012 3712 1079 3767 ad
1121 3714 1555 3769 benevolentiam
1608 3718 1912 3785 provocati,
1968 3727 2023 3772 et

447 3802 635 3871 plagas
686 3817 715 3856 a
744 3802 930 3872 lingua
975 3813 1165 3860 nostra
1218 3805 1453 3862 inﬂictas
1504 3805 1748 3862 fomitem
1800 3809 2023 3877 majoris

447 3892 613 3947 studii
639 3892 867 3950 fecistis.
899 3894 1009 3951 Nec
1034 3897 1230 3951 mirmn
1256 3897 1551 3967 quidquam
1584 3906 1666 3953 est
1688 3907 1741 3953 et
1760 3900 2019 3954 insolens.

450 3983 597 4041 Estis
628 3986 775 4041 enim
811 3987 869 4041 in
910 3988 1075 4043 rebus
1112 3990 1342 4060 spiritus
1373 3992 1669 4060 sapientes.
1708 3995 1882 4061 Argue
1920 4007 2018 4045 au-

448 4082 557 4130 tem
583 4078 888 4144 sapientem,
910 4089 959 4133 et
996 4081 1175 4150 diliget
1214 4091 1261 4136 te
1284 4082 1360 4147 ⁷⁵,’
1379 4083 1554 4151 inquit
1579 4084 1784 4139 alicubi
1811 4086 1867 4138 in
1905 4086 2021 4139 suis

447 4169 669 4237 scriptis
700 4168 983 4225 Salomon.
1014 4172 1377 4244 Quapropter.
1411 4178 1634 4242 fratres,
1668 4179 1832 4233 etiam
1874 4194 2021 4232 nunc

445 4259 825 4315 exhortatione
873 4262 1060 4317 eadem
1105 4275 1247 4329 utor,
1287 4267 1473 4321 volens
1510 4285 1628 4333 vos,
1678 4269 1857 4339 quoad
1900 4271 2021 4336 ejus

449 4350 631 4405 facere
680 4361 905 4421 potero,
958 4369 990 4408 a
1040 4356 1242 4411 diaboli
1297 4360 1511 4415 retibus
1552 4361 1841 4416 abducere.
1885 4361 2018 4415 Nam

2690 2806 2932 2859 OMIMA
2966 2807 3099 2859 ΚΝ.

2123 2919 2267 2987 Περὶ
2313 2919 2419 2972 τοῦ
2462 2918 2549 2988 μὴ
2583 2916 3013 2988 προσηλῶσθαι
3063 2914 3186 2981 τοῖς
3230 2914 3547 2988 ,βιωςςκοῖςρ
3599 2913 3704 2969 και

2197 2984 2331 3059 περὶ
2379 2984 2485 3043 τοῧ
2537 2984 2861 3059 malum;
2918 2986 3271 3057 ἐμπρησμοῦ
3321 2984 3432 3056 (79)
3477 2986 3705 3049 ἔξωθεν·

2196 3058 2306 3129 τῆς
2333 3058 2727 3127 Ἐκκλησίας.
3056 3064 3062 3071 ’

2195 3171 2244 3224 1.
2282 3170 2421 3239 Ἐγὼ
2446 3172 2542 3242 μὲν
2571 3169 2749 3241 ᾤμην,
2777 3169 3071 3240 ἀγαπητοὶ,
3100 3168 3448 3241 σφοδρότερον
3476 3169 3703 3224 ἑκάστο-

2120 3278 2180 3314 τε
2198 3260 2291 3314 τοῦ
2316 3261 2474 3331 λόγου
2505 3255 2566 3314 τὺ
2598 3262 2820 3332 κέντρον
2840 3261 3152 3331 προσάγων,
3171 3259 3414 3331 λυπηρός
3455 3278 3538 3323 τις
3558 3256 3703 3315 εἶναι

2119 3353 2291 3419 δόξειν
2313 3354 2460 3425 ὑμῖν,
2496 3354 2572 3417 ὡς
2599 3355 2861 3424 περιττήν
2888 3350 3009 3406 τινα
3055 3352 3365 3424 παρρησίαν
3397 3352 3705 3405 ἐπιδεικνὺ-

2125 3465 2307 3519 μενος,
2327 3448 2420 3501 καὶ
2443 3445 2564 3500 οῦτε
2591 3445 2722 3516 ξένῳ
2741 3445 3082 3516 πρέπουσαν,
3101 3444 3222 3498 οὔτε
3245 3445 3397 3517 ἀνδρὶ
3412 3443 3630 3515 κατειλη
3638 3462 3705 3514 μ-

2124 3540 2269 3610 μένῳ
2327 3537 2729 3609 παραπλησίυις
2783 3536 3139 3605 ἐγκλήμασιν·
3174 3537 3331 3607 ὑμεῖς
3386 3535 3442 3588 δὲ
3491 3537 3555 3587 ἐκ
3586 3535 3700 3588 τῶν

2121 3630 2358 3700 ἐλέγχων
2388 3631 2467 3692 εἰς
2509 3627 2721 3681 εὔνοιαν
2756 3626 3080 3699 ἡρεθίσθητε
3118 3627 3250 3699 (80),
3285 3626 3380 3681 καὶ
3437 3625 3533 3689 τὰς
3586 3628 3704 3680 ἀπὸ

2119 3723 2225 3791 τῆς
2259 3720 2503 3791 γλώττης
2563 3719 2778 3790 πληγὰς
2821 3718 3350 3789 ὑπέκκαυμα-πόθου
3401 3717 3703 3788 πεποίησθε

2122 3814 2386 3877 πλείονος.
2418 3814 2528 3865 Καὶ
2557 3813 2708 3865 οὐδὲν
2742 3812 2911 3878 ξένον.
2960 3812 3113 3864 Ἐστὲ
3154 3811 3263 3881 γὰρ
3308 3812 3460 3880 σοφοὶ
3491 3811 3559 3863 τὰ
3600 3809 3702 3861 τοῦ

2123 3905 2453 3975 πνεύματος.
2495 3907 2747 3973 Ἔλεγχε
2777 3904 2833 3956 δὲ
2873 3903 3092 3972 σοφὸν,
3137 3903 3233 3956 καὶ
3271 3903 3568 3973 ἀγαπήσει
3599 3917 3702 3965 σε,

2122 3995 2254 4065 φησί
2291 4012 2392 4048 που
2423 3996 2532 4048 τῶν
2562 3994 2731 4048 αὑτοῦ
2764 3994 2937 4070 λόγων
2975 3997 3003 4047 ὁ
3045 3993 3317 4064 Σολομῶν.
3364 3992 3464 4046 Διὰ
3514 3992 3702 4056 τοῦτο,

2121 4088 2360 4155 ἀδελφοὶ,
2404 4088 2499 4140 καὶ
2534 4086 2627 4140 νῦν
2684 4086 2776 4139 ἐπὶ
2815 4086 2912 4157 τὴν
2962 4087 3133 4157 αὐτὴν
3186 4087 3307 4158 ἥκω
3353 4085 3702 4156 παραίνεσιν,

2120 4181 2337 4252 ὃπηπερ
2353 4178 2419 4232 ἂν
2458 4174 2567 4242 οἷός
2593 4195 2651 4231 τε
2672 4172 2738 4239 ὦ,
2770 4178 2877 4231 τῶν
2899 4177 2993 4231 τοῦ
3024 4177 3271 4231 διαϐόλου
3299 4177 3528 4229 δικτύων
3554 4177 3705 4247 ὑμᾶς

2122 4269 2359 4336 ἁπάγειν
2431 4268 2771 4340 βουλόμενος.
2825 4266 2998 4321 Πολὺν
3053 4267 3182 4339 γὰρ,
3239 4265 3533 4336 ἀγαπητοὶ,
3603 4268 3706 4319 καὶ

2122 4359 2360 4413 ποικίλον
2411 4360 2494 4428 ἐφ’
2544 4360 2755 4430 ἡμέραν
2798 4360 2931 4429 ἡμῖν
2989 4362 3017 4413 ό
3054 4360 3153 4430 τῆς
3203 4357 3456 4428 ἀληθείας
3505 4356 3706 4428 ἐχθρὸς

446 4457 702 4512 magnum
733 4458 799 4498 ac
825 4446 1033 4499 varium
1068 4447 1267 4502 bellum
1298 4450 1477 4513 nobis,
1508 4453 2019 4522 dilectissimi,quo-

2128 4453 2394 4521 προσάγει
2424 4455 2513 4504 τὸν
2566 4452 2819 4522 πόλεμον.
2852 4450 3124 4522 Προσάγει
3172 4450 3251 4515 δὲ,
3290 4450 3366 4513 ὡς
3413 4449 3548 4512 ῐστε,
3602 4448 3705 4511 τὰς

436 4534 576 4589 tidie
605 4534 768 4589 infert
800 4536 974 4593 hostis
1008 4539 1277 4594 veritatis.
1341 4542 1509 4596 Infert
1541 4552 1745 4607 autem,
1784 4546 1859 4598 uti
1910 4545 2018 4600 sci-

440 4628 536 4688 tis,
571 4627 700 4681 dum
732 4629 1062 4699 cupiditates
1116 4642 1331 4687 nostras
1356 4632 1541 4700 jacula
1572 4635 1863 4691 adversum
1914 4651 2018 4691 nos

440 4719 625 4784 edicit,
677 4736 1003 4793 semperque
1034 4724 1179 4779 vires
1221 4739 1249 4777 a
1285 4725 1444 4780 nobis
1498 4727 1565 4781 ad
1597 4743 1699 4782 nos
1746 4728 2020 4785 lwdendos

434 4822 743 4869 mutuatur.
783 4814 1054 4880 Quoniam
1089 4817 1232 4872 enim
1269 4832 1518 4887 magnam
1563 4821 1816 4889 potentiae
1870 4821 2019 4876 illius

441 4913 652 4973 partem
705 4905 1181 4963 indissolubilibus
1243 4909 1456 4979 legibus
1489 4910 1750 4967 Dominus
1793 4913 2017 4982 colliga-

440 4998 538 5059 vit,
569 5012 672 5051 nec
699 4999 826 5051 sivit
853 4999 1032 5067 ipsum
1071 5000 1273 5070 impetu
1303 5018 1403 5056 suo
1442 5002 1739 5058 humanum
1768 5020 1941 5075 genus
1983 5020 2014 5060 e

440 5099 584 5140 terra
627 5088 789 5143 simul
819 5089 1021 5152 delere.
1048 5092 1160 5161 jam
1206 5095 1423 5150 invidus
1479 5096 1568 5149 ille
1615 5110 1716 5165 per
1767 5103 2010 5151 nostram

440 5177 809 5248 insipientiam
848 5197 879 5235 a
914 5183 1071 5240 nobis
1104 5184 1290 5239 furtim
1324 5194 1566 5255 reportat
1602 5188 1911 5243 victoriam.
1945 5186 2011 5241 Et

548 5337 594 5367 "°
636 5334 826 5393 Matth.
859 5356 910 5395 νι
932 5381 948 5405 ,
983 5340 1038 5395 2.

442 5418 493 5458 tx
513 5443 529 5469 ,
562 5404 637 5461 8.-

515 5497 630 5576 (78)
642 5500 811 5576 _Editi_
826 5505 1041 5559 πάντων
1064 5504 1390 5576 ἀνθρώπων.
1419 5503 1537 5559 Vox
1568 5503 1760 5559 ultima
1790 5504 1847 5559 in
1871 5503 2013 5558 anti—

440 5569 567 5638 quis
600 5571 757 5626 libris
783 5573 956 5628 deest.

516 5638 625 5717 (79)
656 5641 847 5717 Editio
879 5645 1055 5700 Paris.
1086 5645 1464 5717 epiruptauoﬁ.
1505 5644 1589 5717 At
1610 5643 1763 5717 Coll).
1797 5644 2006 5715 primus

444 5723 497 5764 et
534 5708 744 5783 Anglic.
781 5708 1138 5787 ἐμπρησμοῦ.’
1167 5708 1449 5785 Ιιιιὶά,’και
1478 5716 1605 5788 περι⁹
1647 5714 1740 5769 τοῦ
1779 5708 2005 5788 γενομέη

1144 5338 1425 5396 ⁷¹’1Ροιι’.
1462 5358 1515 5405 v,
1557 5342 1613 5398 5.

1722 5343 1769 5373 ⁷¹
1808 5342 1974 5395 Marc.
2016 5357 2045 5395 ι
2071 5383 2085 5407 ,

2121 4543 2393 4614 ἡμετέρας
2423 4541 2717 4611 ἐπιθυμίας
2747 4542 2863 4595 καθ’
2887 4541 3040 4612 ἡμῶν
3074 4541 3201 4612 βέλη
3234 4540 3576 4611 ποιούμενος,
3602 4540 3705 4591 καὶ

2123 4636 2253 4705 παρ’
2282 4635 2437 4706 ἡμῶν
2462 4637 2542 4698 εἰς
2564 4635 2626 4688 τὸ
2651 4635 2907 4705 βλάπτειν
2931 4637 3079 4705 ἡμᾶς
3104 4634 3191 4687 ἀεὶ
3207 4632 3495 4704 λαμϐάνων
3521 4632 3700 4701 ἰσχύν.

2135 4727 2351 4798 Ἐπειδὴ
2412 4727 2522 4797 γὰρ
2554 4728 2612 4781 τὸ
2644 4728 2779 4781 πολὺ
2842 4728 2942 4797 τῆς
2994 4727 3201 4779 ἐκείνου
3235 4726 3513 4796 δυνάμεως
3545 4727 3573 4777 ὁ
3602 4732 3702 4775 Δε-

2123 4821 2326 4891 σπότης
2352 4820 2540 4891 νόμοις
2565 4819 2781 4883 ἀλύτοις
2808 4819 3093 4888 κατέδησε,
3122 4819 3216 4870 καὶ
3241 4819 3341 4870 οὐκ
3393 4816 3575 4869 εἴασεν
3614 4818 3704 4881 είς

2123 4911 2267 4976 ἅπαξ
2286 4912 2606 4983 ὁρμήσαντα
2636 4910 2868 4978 τὸγένος
2889 4910 3144 4980 ἐκτρῖψαι
3188 4909 3285 4979 τῆς
3317 4906 3441 4977 γῆς,
3473 4905 3704 4959 κλέπτει

2120 5002 2218 5074 τὴν
2254 5002 2374 5057 καθ’
2401 5003 2556 5075 ἡμῶν
2589 5005 2745 5073 νίκην
2766 5003 2951 5055 λοιπὸν
2982 5002 3047 5054 ὲκ
3072 5001 3169 5071 τῆς
3200 4998 3476 5069 ἡμετέρας
3510 4998 3704 5061 ἀνοίας

2117 5099 2146 5149 ὁ
2176 5095 2464 5166 βάσκανος.
2513 5096 2623 5150 Καὶ
2656 5096 2909 5165 καθάπερ
2949 5095 2999 5148 οἱ
3046 5093 3274 5164 πονηροὶ
3328 5093 3422 5145 καὶ
3475 5090 3703 5143 πλεονεο

2116 5190 2293 5241 κτικοὶ
2316 5189 2423 5241 τῶν
2449 5187 2772 5262 ἀνθρώπων,
2799 5184 2879 5251 οἷς
2904 5186 3061 5257 ἔργον
3092 5186 3189 5256 μέν
3219 5186 3335 5237 ἐστι
3365 5183 3460 5235 καὶ
3500 5183 3704 5252 προαί-

2121 5344 2210 5399 44.
2287 5344 2332 5374 ⁷³
2372 5342 2504 5399 Luc.
2526 5358 2625 5405 xu,
2662 5343 2714 5398 8.
2793 5341 2841 5374 “
2880 5340 3071 5395 Matth.
3115 5355 3207 5400 ιι.
3242 5339 3334 5396 29.
3442 5336 3491 5369 ⁷⁸
3528 5335 3701 5391 Prov.

2118 5521 2232 5565 νου,
2267 5510 2398 5562 etc.,
2433 5500 2486 5553 in
2512 5499 2752 5569 antiquis
2782 5498 2998 5554 duobus
3026 5498 3183 5569 libris
3216 5496 3585 5569 desideratur.

2192 5572 2309 5640 (80)
2362 5567 2757 5640 Ἠρεθίσθήτε.
2779 5568 3049 5640 Ediderat
3085 5568 3402 5640 Garnerius,
3431 5567 3552 5640 sine
3584 5582 3696 5640 au-

2116 5635 2353 5715 gmento,
2382 5635 2721 5715 ἐρεθίσθητε,
2752 5640 2896 5709 quod
2918 5647 3001 5693 est
3032 5638 3205 5693 forma
3240 5637 3570 5715 imperativi;
3584 5635 3706 5690 Nos

2116 5705 2495 5778 indicati’vu'm,
2544 5705 2857 5781 poStulante
2897 5726 3084 5776 sensu,
3127 5705 3486 5764 restitu’imus.
3529 5705 3678 5764 Enn
