4036 6236
461 327 566 382 5H

1255 320 1491 378 HOMIL.
1544 323 1735 393 QUOD
1774 322 2131 381 MUNDANIS
2164 322 2672 380 ADHA‘JRENDUM
2711 323 2847 379 NON
2887 322 3014 380 SIT.

3634 326 3741 383 542

469 458 621 513 ρεσις
637 437 826 493 ἐκτῶν
851 439 1154 511 ἀλλοτρίων
1187 441 1458 506 πλουτεῖν,
1487 442 1791 513 δύναμιςδέ
1823 445 1883 496 οὐ
1916 444 2018 516 πάρ

2119 474 2130 512 ι
2160 441 2621 512 quemadmodum
2653 441 2888 511 improbi
2921 441 3170 499 homines
3202 448 3367 514 atque
3406 442 3580 508 avari,
3604 459 3741 514 quo-

464 550 615 586 εστιν
653 530 797 585 ὥστε
846 531 987 601 μετὰ
1034 532 1346 604 παρρησίας
1404 533 1707 605 βιάζεσθαι,
1738 538 1860 599 ταῖς
1915 536 2055 602 ὁδοῖς

466 622 782 695 ἐφεδρεύειν
815 621 1065 676 εἰώθασι·
1102 626 1198 678 καὶ
1222 626 1269 677 εί
1295 624 1449 679 ἴδωσί
1490 644 1543 679 τι
1569 628 1770 699 χωρίον
1804 629 1933 699 περὶ
1955 630 2054 681 αύ-

464 718 587 780 τὰς,
626 716 660 787 ἢ
698 715 941 787 φάραγξι
997 717 1243 786 βαθείαις
1280 719 1599 791 διερρωγὸς,
1642 721 1675 792 ἢ
1727 722 1908 791 φυτῶν
1947 739 2052 775 πυ-

402 866 407 870 ,
466 810 687 880 κνότητι
717 808 966 874 σύσκιον,
990 812 1072 875 είς
1098 811 1255 864 τοῦτο
1280 813 1691 884 καταδυόμενοι.
1720 814 1813 867 καὶ
1838 814 1936 886 τὴν
1986 817 2050 867 ἐκ

469 898 668 952 πολλοῦ
695 899 924 970 πρὸοψιν
949 901 1059 954 τῶν
1095 902 1519 974 ὁδοιπορούντων
1546 905 1810 969 τοιούτοις
1855 907 2049 960 ὑποτε-

468 990 724 1061 μνόμενοι
750 992 1232 1065 προκαλύμμασιν,
1263 996 1459 1067 ἀθρόον
1488 997 1826 1068 ἐπιπηδῶσιν
1842 1000 2044 1064 αὐτοῖς,

461 1082 604 1136 ὥστε
632 1086 708 1155 μὴ
735 1085 1001 1159 πρότερον
1031 1087 1323 1160 δυνηθῆναί
1359 1107 1479 1142 τινα
1519 1090 1646 1153 τοὺς
1673 1090 1768 1143 τοῦ
1799 1090 2044 1144 κινδύνου

461 1172 693 1244 βρόχους
724 1175 850 1229 ἰδεῖν
889 1177 1022 1247 πρὶν
1054 1180 1134 1241 είς
1166 1180 1386 1243 τούτους
1414 1184 1600 1233 πεσεῖν
1618 1198 1633 1212 ο
1660 1180 1832 1246 οὕτως
1860 1183 1888 1234 6
1914 1182 2043 1236 δυσ-

466 1264 637 1335 μενὴς
668 1265 877 1319 ἄνωθεν
932 1269 1063 1338 ἡμῖν
1098 1268 1191 1322 καὶ
1248 1270 1507 1340 πολέμιος
1539 1270 1639 1336 τὰς
1687 1273 1796 1325 τῶν
1852 1291 2043 1345 κοσμι-

454 1353 568 1408 κῶν
600 1356 843 1427 τέρψεων
874 1359 1190 1432 ὑποτρέχων
1222 1362 1402 1426 σκιὰς,
1436 1363 1493 1416 αἳ
1527 1365 1654 1435 περὶ
1684 1365 1781 1434 τὴν
1802 1364 1920 1419 ὁδὸν
1945 1365 2039 1419 τοῦ

455 1445 571 1515 βίου
600 1448 794 1502 τούτου
819 1453 1099 1521 πεφύκασι
1121 1454 1290 1507 δειναὶ
1314 1455 1518 1526 κρῦψαι
1554 1455 1777 1529 λῃστὴν,
1809 1457 1904 1510 καὶ
1948 1457 2039 1511 τὸν

450 1539 876 1605 ἐπιϐουλεύοντα
922 1545 1148 1616 ποιῆσαι
1179 1545 1383 1612 λαθεῖν,
1429 1547 1678 1602 ἐντεῦθεν
1713 1550 2039 1621 ἁπροόπτως

447 1633 549 1696 τὰς
609 1635 710 1706 τῆς
762 1635 1037 1701 ἀπωλείας
1088 1639 1413 1712 ὑποσπείρει
1456 1640 1685 1709 παγίδας
1733 1642 1885 1713 ἡμῖν.
1946 1643 2039 1694 Δεῖ

2156 546 2278 586 rum
2297 546 2463 603 Opera
2496 546 2561 586 ac
2590 531 2929 601 propositum
2964 537 3051 586 est
3083 546 3151 587 ex
3199 532 3392 590 alienis
3448 532 3736 597 ditescere,

2155 623 2252 680 sed
2299 623 2502 693 quibus
2559 638 2669 677 non
2737 624 2982 693 suppetit
3028 624 3273 693 potentia
3313 634 3372 679 ut
3421 627 3735 682 violentiam

2153 725 2397 787 apertam
2424 724 2735 779 exerceant,
2771 717 2891 770 vias
2918 716 3185 771 insidiose
3225 731 3498 786 occupare
3530 718 3731 789 solent,

2150 815 2205 860 et
2236 805 2282 861 si
2317 805 2552 860 viderint
2576 805 2631 859 in
2663 806 2744 860 eis
2785 806 2965 859 locum
2995 807 3327 877 quempiam,
3370 814 3466 861 aut
3499 810 3732 865 vallibus

2149 896 2438 967 profundis
2472 896 2806 962 dim-actum,
2839 905 2934 951 aut
2978 898 3236 953 arborum
3287 898 3562 955 densitate
3596 917 3733 956 um-

2148 988 2396 1053 brosum,
2429 1004 2495 1045 eo
2531 990 2863 1058 recipientes
2891 1003 2975 1053 se,
3007 996 3062 1042 et
3096 990 3258 1059 longe
3291 998 3418 1047 ante
3457 992 3729 1061 ejusmodi

2147 1082 2497 1150 tegumentis,
2546 1081 2844 1150 quominus
2874 1085 3115 1138 viatores
3160 1082 3516 1151 pratvideant,
3552 1085 3728 1154 impe-

2145 1172 2379 1235 dientes,
2436 1172 2731 1229 confertim
2784 1181 2839 1227 et
2890 1189 2957 1227 ex
2992 1173 3290 1242 improviso
3342 1174 3398 1229 in
3436 1175 3559 1230 illos
3587 1174 3728 1230 insi-

2145 1263 2303 1329 liunt,
2342 1281 2410 1320 ne
2438 1265 2729 1336 quisquam
2765 1264 2997 1335 periculi
3044 1265 3273 1335 laqueos
3305 1267 3625 1336 priusquam
3667 1268 3726 1323 in

2142 1356 2266 1410 illos
2299 1356 2573 1419 inciderit,
2608 1356 2784 1426 possit
2817 1356 3001 1411 videre
3041 1376 3058 1414 :
3089 1357 3171 1414 sic
3214 1358 3305 1411 ille
3332 1357 3425 1428 qui
3461 1357 3622 1413 nobis
3654 1359 3727 1413 ab

2141 1445 2301 1500 initio
2324 1446 2573 1503 infensus
2601 1456 2685 1502 est
2727 1457 2780 1502 et
2813 1447 3010 1513 hostis,
3041 1448 3382 1519 voluptatum
3418 1449 3723 1504 mundana-

2138 1552 2258 1592 rum
2293 1540 2517 1596 umbras
2543 1540 2931 1608 subiens,qua:
2959 1541 3012 1594 in
3044 1540 3210 1610 hujus
3246 1542 3371 1596 vitae
3402 1541 3492 1595 via
3526 1540 3594 1594 ad
3623 1555 3722 1597 oc-

2136 1632 2453 1686 cultandam
2482 1633 2790 1702 praedonem
2822 1641 2878 1688 et
2905 1633 2973 1688 ad
2995 1634 3206 1689 dandas
3240 1633 3551 1689 insidiatori
3583 1633 3721 1692 lateo

447 1725 628 1779 τοίνυν
656 1728 828 1798 ἡμᾶς,
864 1727 1023 1800 εἴπερ
1046 1730 1319 1802 ἐθέλοιμεν
1342 1732 1452 1805 (81)
1480 1733 1739 1803 ἀσφαλῶς
1769 1734 1867 1806 τὴν
1900 1735 2018 1788 ὑπο-

2135 1722 2270 1779 bras
2305 1723 2518 1779 idonea:
2546 1740 2671 1780 esse
2705 1726 2906 1790 solent,
2958 1723 3086 1779 inde
3128 1726 3412 1796 inopinato
3462 1725 3720 1785 interitus

446 1815 711 1889 κειμένην
737 1819 856 1873 666v
893 1820 986 1874 τοῦ
1025 1820 1141 1892 βίου
1180 1802 1518 1895 διαδραμεῖν,
1546 1802 1641 1878 καὶ
1681 1802 2018 1897 παραστῆσαι

2132 1814 2358 1885 laqueos
2385 1815 2548 1871 nobis
2577 1817 2821 1887 subjicit.
2851 1816 3037 1888 itaque
3078 1818 3125 1875 si
3148 1817 3310 1873 modo
3332 1818 3562 1879 velimus
3583 1818 3719 1874 sub-

443 1907 668 1980 Χριστῷ
694 1909 794 1982 τὴν
825 1911 1008 1983 ψυχήν
1039 1931 1098 1967 τε
1121 1916 1254 1986 ὁμοῦ
1288 1916 1383 1970 καὶ
1415 1917 1477 1969 τὸ
1504 1916 1663 1988 σῶμα
1693 1921 1793 1989 τῆς
1824 1919 1886 1971 ἐκ
1920 1918 2030 1971 τῶν

441 2001 779 2070 τραυμάτων
805 2004 1068 2075 αἰσχύνης
1096 2006 1378 2080 ἐλεύθερα,
1415 2010 1658 2072 καὶτοὺς
1677 2011 1771 2064 ἐπὶ
1801 2012 1867 2082 τῇ
1902 2010 2027 2083 νίκῃ

444 2094 746 2160 στεφάνους
775 2094 983 2161 λαϐεῖν,
1006 2100 1377 2171 ἐγρηγορότας
1397 2101 1684 2173 περιάγειν
1713 2103 1800 2155 ἀεὶ
1823 2119 2031 2157 παντα-

442 2183 576 2253 χόσε
604 2188 734 2249 τοὺς
763 2187 863 2257 τῆς
906 2189 1086 2260 ψυχῆς
1139 2191 1455 2261 ὀφθαλμοὺς
1512 2195 1609 2247 καὶ
1668 2195 1846 2248 πάντα
1898 2196 2031 2248 ὑπο-

439 2275 661 2328 πτεύειν
718 2278 821 2331 ὅσα
864 2282 1093 2350 τερπνὰ,
1140 2282 1236 2336 καὶ
1293 2284 1657 2357 παρατρέχειν
1715 2287 1897 2350 εὐθὺς,
1934 2289 2028 2339 καὶ

441 2364 637 2434 μηδενὶ
681 2369 1058 2441 προσερείδειν
1104 2374 1201 2442 τὴν
1254 2374 1481 2438 ἔννοιαν,
1542 2377 1677 2447 μηδέ
1723 2380 1773 2431 εί
1828 2378 2028 2449 χρυσὸς

436 2451 682 2520 φαίνοιτο
729 2457 898 2529 χύδην
946 2462 1328 2533 προκείμενος,
1388 2467 1605 2537 ἕτοιμος
1660 2469 1741 2532 είς
1780 2469 1881 2533 τὰς
1918 2469 2025 2523 τῶν

437 2541 785 2616 βουλομένων
811 2554 1002 2623 χεῖρας
1036 2553 1211 2608 ἐλθεῖν
1228 2556 1521 2628 (Πλοῦτος
1544 2560 1676 2632 γὰρ,
1699 2562 1887 2631 φησὶν,
1915 2562 2025 2615 ἐὰν

427 2636 566 2705 ῥέῃ,
596 2639 685 2708 μὴ
738 2645 1136 2712 προστίθεσθε
1180 2648 1396 2717 καρδίᾳ
1426 2649 1546 2723 [8Ξ]
1574 2651 1615 2719 )-
1674 2653 1809 2724 μηδὲ
1856 2656 1904 2707 εἰ
1950 2655 2022 2725 γῆ

436 2728 815 2796 βλαστάνουσα
874 2739 1054 2792 πᾶσαν
1110 2742 1343 2813 τρυφὴν,
1402 2744 1496 2797 καὶ
1545 2744 1858 2809 πολυτελεῖς
1910 2747 2022 2800 δει-

432 2825 673 2876 κνύουσα
715 2828 919 2896 σκηνὰς
944 2830 1172 2901 (Ἡμῶν
1201 2834 1308 2905 γὰρ
1341 2833 1408 2889 τὸ
1437 2839 1769 2908 πολίτευμα
1806 2841 1877 2893 ἐν
1919 2844 2020 2895 oi)-

422 2914 616 2980 ρανῷν
645 2917 715 2981 ἐξ
745 2916 818 2975 οὗ
848 2921 946 2974 καί
973 2922 1217 2994 Σωτῆρα
1243 2926 1693 2998 ἀπεκδεχόμεθα
1715 2933 2016 3005 Χριστόν)·

432 3007 571 3078 μηδὲ
591 3012 640 3062 εἰ
668 3014 900 3082 χορεῖαι,
931 3016 1025 3069 καὶ
1043 3014 1241 3087 κῶμοι,
1267 3019 1359 3072 καὶ
1388 3018 1570 3089 μέθαι,
1598 3021 1694 3076 καὶ
1716 3022 2015 3076 καταυλούι

2132 1917 2363 1979 stratam
2408 1909 2532 1964 vitae
2566 1909 2710 1965 viam
2745 1917 2864 1965 tuto
2895 1926 3235 1980 percurrere,
3282 1918 3446 1980 atque
3474 1910 3714 1971 animam

2130 2001 2294 2056 simul
2325 2008 2381 2057 et
2410 2017 2612 2073 corpus
2648 2004 2934 2059 vulnerum
2964 2004 3304 2075 turpitudine
3337 2002 3599 2057 immania
3630 2002 3716 2058 of-

2129 2091 2273 2148 ferre
2308 2091 2552 2157 Christo,
2607 2109 2953 2165 coronasque
2984 2095 3056 2150 ob
3102 2093 3390 2149 victoriam
3438 2093 3711 2165 accipere,

2129 2194 2342 2255 oportet
2370 2202 2473 2242 nos
2504 2188 2674 2242 animi
2715 2190 2907 2244 oculos
2944 2203 3163 2261 semper
3212 2187 3575 2257 undecunque
3629 2188 3713 2242 vi-

2127 2275 2364 2345 gilantes
2397 2277 2805 2346 circumagere,
2842 2286 2897 2331 ct
2930 2293 3018 2333 res
3051 2293 3245 2333 omnes
3283 2278 3562 2347 jucundas
3610 2274 3712 2331 ha-

2127 2368 2256 2423 bere
2284 2379 2589 2438 suspectas,
2630 2383 2695 2423 ac
2723 2368 2908 2423 statim
2938 2367 3243 2438 praeterire,
3295 2378 3349 2423 et
3388 2368 3456 2422 ad
3500 2367 3709 2423 nullam

2120 2459 2369 2525 animum
2424 2459 2716 2530 appellere,
2751 2474 2822 2515 ne
2865 2461 2912 2515 si
2948 2475 3141 2514 aurum
3188 2459 3410 2530 quidem
3457 2458 3710 2514 videatur

2125 2550 2248 2606 fuse
2295 2566 2570 2622 sparsum,
2615 2552 2763 2623 quod
2797 2554 2855 2608 in
2902 2553 3245 2623 cupientium
3290 2567 3488 2606 manus
3518 2551 3707 2607 venire

2122 2650 2371 2713 paratum
2415 2645 2487 2700 sit
2514 2645 2747 2714 (Divitiae
2770 2646 2939 2708 enim,
2985 2646 3186 2715 inquit,
3214 2647 3262 2699 si
3306 2645 3561 2714 afﬂuant,
3608 2661 3705 2699 no-

2121 2736 2213 2790 lite
2245 2752 2338 2789 cor
2374 2751 2633 2807 apponere
2652 2738 2720 2809 ⁷⁸)
2748 2756 2763 2805 ;
2817 2753 2996 2811 neque
3024 2740 3072 2792 si
3118 2736 3361 2809 proferat
3392 2746 3540 2792 terra
3564 2737 3703 2793 deli-

2120 2828 2238 2883 cias
2264 2843 2455 2885 omnes
2476 2844 2540 2883 ac
2578 2839 2900 2900 sumptuosa
2932 2829 3284 2885 tabernacula
3321 2828 3471 2898 (nam
3497 2825 3704 2882 Nostra

2117 2923 2444 2977 conversatio
2478 2925 2532 2976 in
2550 2922 2680 2978 coelo
2713 2933 2812 2989 est,
2833 2922 2971 2980 unde
2983 2924 3149 2978 etiam
3176 2922 3511 2978 Salvatorem
3542 2919 3706 2996 ια

2117 3024 2478 3085 exspectamus
2515 3015 2787 3071 Christum
2812 3016 2880 3087 ⁷⁷)
2910 3034 2925 3084 ;
2958 3032 3134 3087 neque
3167 3017 3215 3072 si
3250 3016 3486 3081 chorea,
3526 3024 3579 3071 et
3606 3028 3702 3070 τοο

430 3114 593 3167 μεναι
632 3101 903 3171 τράπεζαι
929 3104 1288 3175 (Ματαιότης
1314 3108 1443 3181 γὰρ,
1479 3110 1664 3182 φησὶν,
1690 3110 2012 3179 ματαιοτή-

2119 3110 2501 3173 messationes,
2544 3117 2601 3163 et
2625 3108 2943 3171 ebrietates,
2975 3118 3030 3164 ct
3063 3124 3266 3164 mensae
3298 3107 3553 3162 tibiarum
3579 3121 3699 3161 mo-

425 3209 567 3257 των,
598 3193 670 3247 τὰ
700 3195 900 3250 πάντα
916 3202 1289 3267 ματαιότης)·
1319 3202 1454 3274 μηδὲ
1474 3205 1523 3257 εἰ
1552 3205 1820 3275 σωμάτων
1838 3204 2007 3277 κάλλη

422 3287 795 3356 προτείνοιτο,
859 3289 1013 3362 παρὰ
1072 3292 1327 3365 πονηρῶν
1399 3294 1588 3366 ψυχῶν
1656 3296 2009 3369 ἐνοικούμενα

422 3378 604 3444 (Ἀπὸ
652 3380 982 3449 προσώπου
1019 3385 1129 3457 γὰρ
1160 3389 1445 3456 γυναικὸς
1506 3391 1586 3456 ὡς
1646 3392 1764 3445 ἀπὸ
1822 3408 2011 3461 προσ-

415 3469 587 3524 ώπου
632 3470 823 3540 ὄφεως
867 3475 1050 3546 φεῦγε
1074 3477 1207 3549 (83),
1244 3480 1409 3549 φησὶν
1440 3482 1470 3535 6
1516 3483 1729 3551 Σοφόςγ
1786 3484 1920 3556 μηδέ
1959 3489 2007 3540 εί

417 3560 733 3615 δυναστεῖαι
764 3565 861 3617 καὶ
881 3568 1221 3635 τυραννίδες,
1246 3570 1339 3623 καὶ
1362 3570 1677 3644 δορυφόρων
1700 3573 1733 3645 ἢ
1757 3576 2007 3631 κολάκων

415 3652 600 3724 ἑσμοί·
640 3655 780 3725 μηδὲ
814 3659 864 3711 εί
892 3659 1082 3730 θρόνος
1106 3661 1308 3733 ὑψηλὸς
1345 3666 1439 3718 καὶ
1472 3665 1744 3739 λαμπρὸς,
1777 3670 2006 3733 ὑποζεύ-

414 3741 518 3806 ξας
542 3743 672 3814 ἔθνη
704 3745 801 3797 καὶ
849 3747 1034 3811 πόλεις
1074 3751 1154 3813 είς
1200 3751 1448 3805 δουλείαν
1511 3755 1757 3810 ἑκούσιον
1808 3756 2006 3827 (Πᾶσα

411 3833 528 3904 γὰρ
554 3837 717 3904 σὰρξ
746 3839 828 3904 ὡς
854 3841 1091 3909 χόρτος,
1131 3843 1231 3897 καὶ
1286 3844 1458 3899 πᾶσα
1508 3846 1658 3911 δόξα
1686 3849 2003 3918 ἀνθρώπου

411 3926 496 3991 ὡς
522 3926 709 3993 ἄνθος
730 3933 971 3999 χόρτου·
1005 3932 1306 4004 ἐξηράνθη
1330 3940 1362 3990 ό
1395 3938 1630 4006 χόρτος,
1662 3940 1761 3994 καὶ
1790 3942 1855 3995 τὸ
1894 3943 2002 3997 ἅν-

412 4022 519 4086 θος
545 4020 848 4085 ἐξέπεσε).
885 4024 1109 4091 Τούτοις
1160 4028 1268 4100 γὰρ
1302 4029 1365 4100 δὴ
1407 4033 1541 4084 πᾶσι
1568 4036 1682 4096 τοῖς
1714 4034 1856 4088 οὕτω
1887 4055 2005 4109 τερ-

409 4116 568 4177 πνοῖς
592 4116 621 4167 6
660 4117 841 4181 κοινὸς
889 4118 1232 4192 ύποκάθηται
1273 4121 1568 4194 δυσμενὴς,
1622 4127 1909 4196 ἀναμένων
1950 4129 2007 4182 εἴ

408 4224 542 4260 ποτε
565 4207 704 4279 (84),
736 4213 851 4274 τοῖς
875 4214 1176 4283 ὁρωμένοις
1209 4215 1610 4283 δελεασθέντες,
1645 4220 1743 4291 τῆς
1778 4221 1878 4291 μὲν
1917 4223 2003 4275 εύ-

405 4298 560 4363 θείας
604 4303 977 4373 ἐπραπὼμεν
1014 4306 1157 4371 ὁδοῦ,
1206 4309 1343 4378 πρὸς
1381 4309 1438 4364 δέ
1487 4312 1579 4365 τὸν
1610 4315 1819 4367 ἐκείνου
1844 4314 1999 4387 λόχον

405 4393 636 4457 ἑαυτοὺς
654 4394 1062 4468 ἀποκλίνωμεν.
1087 4401 1195 4454 Καὶ
1228 4402 1346 4467 δέος
1387 4405 1520 4459 πολὺ
1550 4408 1624 4477 μή
1658 4424 1807 4470 ποτε,
1838 4426 2003 4479 προσο

2112 3198 2258 3256 dulis
2309 3208 2631 3264 resonantes
2688 3210 3072 3272 proponantur
3115 3200 3369 3272 (Vanitas
3405 3198 3575 3264 enim,
3610 3199 3697 3254 in-

2110 3293 2251 3363 quit,
2290 3295 2607 3357 vanitatum,
2654 3296 2831 3349 omnia
2876 3296 3089 3349 vanitas
3112 3294 3177 3364 ")
3208 3312 3222 3361 ;
3261 3309 3442 3364 neque
3479 3293 3526 3366 si
3556 3290 3696 3348 oﬂ‘eo

2110 3393 2304 3440 rantur
2336 3401 2570 3456 corpora
2618 3385 2882 3450 formosa,
2925 3387 2980 3440 in
3021 3386 3224 3456 quibus
3272 3385 3468 3440 anima:
3512 3398 3698 3457 prave

2108 3478 2415 3533 inhabitent
2450 3477 2513 3549 (Α
2548 3480 2685 3547 facie
2716 3481 2861 3534 enim
2898 3478 3135 3533 mulieris
3176 3478 3313 3532 velut
3344 3495 3378 3531 a
3408 3478 3547 3547 {acie
3583 3491 3695 3533 ser-

2106 3569 2276 3637 pentis
2300 3569 2439 3639 fuge,
2468 3569 2647 3639 inquit
2687 3567 2920 3638 Sapiens
2948 3569 3017 3640 ")
3048 3587 3063 3636 ;
3094 3583 3269 3639 neque
3303 3568 3348 3623 si
3378 3575 3695 3638 potentatus

2106 3660 2566 3731 dominatusque,
2612 3676 2678 3716 ac
2704 3662 3001 3716 satellitum
3047 3670 3142 3716 aut
3183 3660 3529 3715 adulatorum
3574 3668 3691 3714 tur-

2106 3770 2226 3808 mas
2277 3763 2601 3825 exspectare
2632 3756 2813 3817 liceat,
2847 3769 3028 3825 neque
3057 3754 3103 3809 si
3136 3755 3489 3825 promittatur
3544 3753 3690 3808 altus

2103 3845 2336 3901 thronus
2374 3857 2537 3916 atque
2580 3846 2921 3917 splendidus,
2958 3853 3149 3917 gentes
3178 3859 3243 3899 ac
3292 3846 3543 3900 civitates
3592 3859 3689 3899 vo-

2105 3939 2357 3995 luntariae
2397 3942 2649 3995 servituti
2700 3940 3001 4009 subjiciens
3025 3938 3234 4010 (Omnis
3259 3938 3403 3993 enim
3443 3954 3570 3993 caro
3608 3936 3688 4008 fe-

2104 4049 2250 4096 num,
2283 4042 2333 4088 et
2363 4035 2534 4088 omnis
2564 4034 2737 4104 gloria
2779 4033 3013 4086 hominis
3039 4032 3194 4100 quasi
3219 4032 3320 4100 ﬂos
3356 4030 3503 4101 feni;
3540 4031 3687 4086 aruit

2102 4123 2302 4193 fenum,
2342 4133 2392 4177 et
2429 4124 2530 4193 ﬂos
2570 4124 2759 4178 cecidit
2785 4125 2876 4195 ⁸⁸).
2911 4123 3127 4179 Etenim
3166 4124 3273 4178 sub
3304 4123 3393 4178 his
3427 4122 3684 4179 omnibus

2101 4217 2238 4271 adeo
2263 4216 2525 4286 jucundis
2558 4218 2869 4273 communis
2896 4218 2987 4272 ille
3028 4216 3205 4272 hostis
3241 4216 3441 4283 latitat,
3482 4232 3682 4287 exspe-

2099 4317 2258 4361 ctans
2283 4321 2414 4360 num
2447 4306 2667 4376 quando
2690 4308 2858 4362 rebus
2891 4307 3204 4377 conspectis
3238 4307 3425 4372 illecti,
3466 4308 3553 4361 via
3596 4321 3684 4361 re-

2097 4406 2188 4452 cta
2224 4399 2503 4463 derelicta,
2558 4414 2659 4456 nos
2713 4402 2863 4470 ipsos
2891 4399 2945 4453 in
2977 4400 3128 4455 illius
3163 4400 3391 4455 insidias
3419 4400 3682 4469 conjicia-

400 4485 707 4555 δραμόντες
730 4488 1059 4557 ἀφυλάκτως
1098 4495 1304 4560 αὐτοῖς,
1341 4498 1435 4551 καὶ
1489 4498 1587 4570 τὴν
1620 4502 1683 4554 ἐκ
1712 4502 1812 4572 τῆς
1861 4504 1994 4556 ἀπο-

2119 4505 2241 4545 nus.
2271 4489 2413 4556 Quin
2441 4492 2607 4546 etiam
2644 4493 2996 4547 metuendum
3028 4493 3182 4547 valde
3220 4506 3304 4549 est
3328 4531 3344 4555 ,
3392 4491 3682 4562 nequando

400 4576 650 4643 λαύσεως
681 4580 876 4651 τέρψιν
903 4584 1055 4638 οὐδὲν
1109 4588 1447 4658 ἡγησάμενοι
1490 4590 1774 4664 βλαϐερὸν,
1833 4596 1993 4663 ἐγκε-

398 4674 724 4743 κρυμμένον
751 4679 818 4747 τῇ
843 4677 1034 4749 πρώτῃ
1064 4681 1252 4748 γεύσει
1281 4684 1342 4736 τὸ
1391 4684 1485 4737 τοῦ
1522 4685 1673 4739 δόλου
1708 4689 1991 4742 καταπίω-

402 4782 505 4821 μεν
539 4765 866 4839 ἀγκιστρονο
903 4765 1022 4823 εἶτα
1050 4773 1155 4826 ὑπὸ
1182 4774 1374 4829 τούτου
1400 4775 1473 4829 τὰ
1509 4778 1608 4847 μὲν
1649 4779 1886 4845 ἑκόντες,
1920 4782 1989 4836 τὰ

396 4857 724 4925 δὲᾶκοντες,
756 4864 1143 4936 προσδεθῶμεν
1179 4871 1384 4934 αὐτοῖς,
1419 4871 1677 4943 καὶπρὸς
1712 4872 1773 4925 τὸ
1822 4875 1985 4942 φοϐε-

397 4952 492 5020 ρὸν
524 4951 623 5004 τοῦ
672 4953 871 5025 λῃστοῦ
929 4959 1276 5028 καταγώγιον
1327 4961 1420 5015 τὸν
1460 4962 1687 5016 θάνατον
1733 4962 1987 5037 λάθωμεν

400 5040 751 5108 ἐλκυσθέντες
780 5046 887 5100 61:6
912 5048 1019 5103 τῶν
1047 5049 1270 5120 ἡδονῶν.

2096 4584 2165 4638 ad
2188 4584 2303 4639 haec
2324 4586 2544 4641 incaute
2569 4594 2943 4653 accurrentes,
2968 4586 3213 4656 nihilque
3241 4585 3390 4639 noxii
3411 4586 3464 4638 in
3501 4584 3681 4641 fruen-

2095 4677 2162 4733 da
2227 4678 2318 4734 illa
2353 4677 2700 4749 jucuntlitate
2764 4680 2946 4735 inesse
2994 4680 3118 4743 rati,
3154 4678 3266 4733 doli
3314 4677 3535 4731 hamum
3581 4674 3679 4731 de-

2095 4772 2393 4841 glutiamus
2439 4774 2494 4828 in
2527 4774 2706 4843 primo
2746 4782 2907 4843 gustu
2940 4773 3272 4827 occultatum
3302 4787 3319 4826 :
3360 4769 3582 4836 deinde,
3606 4784 3679 4825 ne

2095 4861 2164 4915 ab
2193 4862 2297 4916 hoc
2329 4864 2510 4927 tracti,
2541 4867 2740 4933 partim
2767 4863 3020 4928 libentes,
3053 4863 3252 4933 partim
3276 4861 3435 4915 inviti
3472 4860 3559 4916 his
3588 4875 3675 4917 ro-

2093 4952 2196 5008 bus
2228 4953 2532 5023 alligentur,
2559 4956 2965 5026 inscientesque
2989 4970 3020 5008 a
3049 4953 3418 5024 voluptatibus
3440 4952 3508 5008 ad
3539 4952 3672 5009 hor-

2091 5045 2319 5097 randum
2364 5044 2594 5100 latronis
2651 5046 2949 5115 hospitium
2991 5045 3298 5111 trabamur,
3333 5044 3403 5099 ad
3439 5051 3672 5100 mortem

2091 5136 2328 5191 scilicet.

465 5229 513 5261 τ’
551 5229 698 5286 Psal.
731 5248 860 5300 ut,
897 5234 986 5290 Η.
1063 5237 1107 5269 ⁷⁷
1147 5236 1343 5311 Philip.
1384 5257 1477 5309 ιιι,
1510 5244 1601 5299 20.
1680 5247 1728 5280 ⁷⁸
1760 5247 1939 5303 Eccle.
1986 5267 2018 5315 t,

2190 5252 2237 5283 "
2281 5249 2447 5307 Eccli.
2485 5268 2599 5316 nl,
2639 5252 2693 5306 2.
2766 5253 2813 5285 ⁸⁸
2851 5252 2955 5307 lsa.
2993 5269 3083 5312 XL.
3117 5254 3185 5318 6,
3224 5251 3277 5308 7.

465 5345 993 5437 QihYetei'c‘shd‘uo
1187 5354 1467 5437 ἐθέλομεν.
1498 5361 1655 5417 Alius
1683 5362 1977 5437 ἐθέλωμεν.

391 5417 552 5503 Alius
589 5432 715 5503 cum
746 5420 985 5503 vulgatis
1012 5417 1643 5503 é_0£)50qtav_._2tliquanto
1675 5444 1798 5503 post
1835 5417 1981 5494 unus

392 5487 570 5587 pado}
600 5498 655 5543 et
696 5488 833 5545 editi
849 5487 961 5545 ἐπὶ
984 5495 1052 5565 τῇ
1082 5487 1228 5569 vitari.
1274 5499 1377 5554 Alii
1420 5487 1532 5557 ties
1566 5487 1699 5560 mss:
1745 5487 1979 5579 ἐπὶῃτῆξ

789 5638 845 5685 et
874 5630 986 5715 du?
1019 5651 1153 5690 mss.
1190 5638 1406 5717 καρδίᾳ·
1441 5641 1803 5717 Culum“
1838 5663 1976 5717 καθ’

2164 5368 2277 5438 (85)
2312 5369 2467 5439 Apud
2495 5368 2633 5441 LXX
2654 5371 2816 5439 paulo
2841 5371 3214 5441 aliterlegitur
3235 5368 3415 5425 Eccle.
3449 5386 3560 5436 XXI,
3583 5372 3618 5426 2
3646 5382 3662 5419 :

2090 5439 2165 5502 ὡς
2198 5441 2307 5492 ἀπὸ
2334 5439 2854 5521 προσώπουιδιρεως,
2882 5442 3051 5511 φεῦγε
3071 5439 3188 5495 άπὸ
3214 5441 3515 5521 ἡμαρτίας,
3544 5458 3665 5497 tan-

2088 5526 2251 5579 quam
2274 5528 2307 5583 _a
2336 5510 2473 5578 facie
2502 5510 2728 5572 colubri.
2759 5510 2936 5582 fugea
2968 5510 3183 5581 peccato
3210 5510 3294 5569 fa
3329 5510 3439 5583 qua
3486 5514 3662 5568 inter-

2088 5581 2403 5655 pretatiolte
2419 5596 2526 5655 non
2565 5581 2774 5655 recedit
2814 5581 3062 5655 Vulgata.

2161 5650 2275 5720 (84)
2311 5649 2531 5725 Editioh
2564 5650 2738 5725 Paris.
2798 5649 3085 5725 ἀναμένων
3147 5655 3197 5709 εἰ
3254 5651 3406 5708 πότε.
3449 5651 3661 5708 Vocula

390 5696 680 5799 Ea‘v..§o§
717 5700 854 5799 Reg;
900 5696 1373 5795 primtts.:p.ucpi}v'
1397 5711 1489 5766 καὶ
1528 5696 1975 5787 ἀπόλαυσξνξκὲὶ

2119 5721 2132 5771 t
2162 5696 2340 5799 incq’ue
2372 5722 2430 5799 in_
2450 5723 2690 5782 editione
2719 5725 2886 5781 Basil.
2906 5696 3083 5799 neque
3108 5726 3163 5782 iu
3194 5725 3401 5783 nostris
3422 5733 3660 5797 quatuor

394 5767 721 5838 πολυτελεῖς.
730 5813 744 5829 .
756 5816 767 5829 .
781 5814 793 5829 .
802 5767 887 5828 ’ἐν
900 5767 1161 5847 ὀὐρανοῖς
1175 5767 1399 5853 ’ὑπάρχε
1410 5799 1444 5837 ι.

2081 5805 2217 5848 mss.
2254 5792 2543 5851 invenitur.
