4036 6236
276 290 381 347 545

1606 289 1664 346 S.
1701 289 1945 346 BASlLll
1986 290 2203 345 MAGNI

3437 293 3545 351 5“

346 411 402 466 2.
436 410 617 476 Quare
652 410 1027 466 necessarium
1059 417 1145 465 est
1175 417 1231 466 et
1267 410 1397 465 utile
1423 411 1702 475 omnibus,
1755 411 1863 467 l‘ra-

2035 411 2090 463 2.
2124 411 2289 463 Ὥστε
2317 411 2609 478 ἀναγκαῖον
2632 411 2727 464 καὶ
2760 409 3036 474 λυσιτελὲς
3054 409 3277 477 ἅπασιν,
3307 409 3546 479 ἀδελφοὶ,

278 511 415 565 tres,
474 516 577 556 nos
631 515 784 555 more
839 501 1112 556 viatorum
1159 511 1252 557 aut
1296 517 1589 558 cursorum
1644 505 1867 558 succin-

277 602 418 658 ctos,
448 600 503 648 et
534 592 815 648 undelibet
856 594 1131 649 levitatem
1189 596 1479 651 animabus
1536 597 1743 652 nostris
1797 597 1865 651 ad

280 701 505 741 cursum
544 687 687 740 hunc
717 688 1105 756 perliciendum
1157 689 1539 753 conciliantes,
1575 690 1642 743 ad
1671 690 1772 742 viae
1802 688 1867 741 li-

280 795 404 834 nem
436 788 586 833 recta
620 778 907 835 festinare.
937 779 1049 835 Nec
1081 782 1373 851 quisquam
1409 782 1613 851 lingere
1652 798 1738 837 me
1767 797 1869 835 no-

282 869 432 923 mina
477 884 616 923 nova
650 871 985 939 suspicetur,
1011 872 1154 942 quod
1193 874 1486 926 humanam
1522 874 1689 927 vitam
1724 878 1866 926 viam

279 979 428 1018 nunc
480 964 704 1029 vocavi;
753 979 879 1018 cum
937 974 992 1019 et
1041 965 1209 1019 David
1262 967 1525 1035 propheta
1564 967 1645 1020 sic
1701 969 1867 1019 vitam

283 1056 690 1110 nominaverit:
728 1056 820 1126 qui
879 1074 1027 1112 nunc
1080 1059 1298 1131 quidem
1350 1058 1551 1113 alicubi
1594 1058 1669 1112 ita
1714 1058 1867 1120 dicit,

283 1146 437 1201 Beati
472 1148 811 1202 immaculati
859 1149 915 1201 in
950 1149 1055 1212 via,
1087 1150 1179 1218 qui
1205 1148 1480 1202 ambulant
1512 1150 1565 1202 in
1600 1149 1708 1217 lege
1754 1146 1869 1201 Do-

284 1240 415 1292 mini
437 1240 482 1272 ⁶¹
532 1257 548 1293 :
602 1256 751 1294 nunc
781 1255 909 1295 vero
945 1241 1013 1293 ad
1069 1240 1360 1294 Dominum
1417 1256 1578 1294 suum
1645 1241 1868 1302 clamat,

299 1329 448 1383 Viam
488 1331 790 1400 iniquitatis
827 1347 1008 1385 aniovc
1037 1348 1069 1384 a
1114 1347 1212 1395 me,
1266 1340 1316 1384 et
1346 1331 1454 1401 lege
1487 1340 1580 1384 tua
1627 1331 1871 1384 miserere

286 1423 389 1474 mei
427 1422 494 1475 ".
535 1420 747 1476 Rursus
789 1422 991 1476 alicubi
1026 1421 1121 1476 Dei
1168 1423 1463 1477 adversum
1509 1437 1605 1477 eos
1636 1422 1727 1491 qui
1767 1423 1871 1477 sibi

285 1511 475 1567 infesti
507 1524 685 1580 erant,
727 1516 957 1568 celeren
987 1530 1144 1584 opem
1191 1514 1509 1569 collaudans
1558 1522 1613 1568 et
1664 1514 1732 1567 ad
1794 1515 1872 1585 ly-

289 1620 409 1659 ram
443 1606 614 1661 hilare
642 1617 857 1675 aptans,
902 1607 1120 1662 dicebat
1159 1625 1171 1662 :
1209 1605 1277 1660 Et
1320 1607 1437 1676 quis
1498 1606 1633 1660 Deus
1682 1616 1875 1676 prwter

287 1695 457 1748 Deum
511 1699 798 1752 nostrum?
854 1697 994 1751 Deus
1025 1700 1115 1767 qui
1151 1698 1426 1767 praecingit
1465 1713 1547 1750 me
1575 1699 1788 1762 virtute,
1823 1707 1873 1752 et

287 1787 463 1854 posuit
537 1787 939 1839 immaculatum
993 1790 1133 1841 ciam
1183 1804 1351 1841 meam
1377 1788 1471 1840 8’:
1525 1797 1677 1843 ratus
1708 1828 1722 1851 ,
1773 1803 1876 1842 nec

289 1880 598 1943 immerito,
640 1881 807 1933 vitam
858 1896 1020 1949 quam
1072 1880 1322 1934 homines
1358 1879 1672 1949 ubicunque
1701 1886 1877 1934 terra-

290 1987 411 2026 rum
444 1972 665 2043 degunt,
698 1973 815 2026 sive
852 1972 1147 2041 egregiam,
1191 1972 1306 2026 sive
1350 1986 1596 2041 pravam,
1635 1971 1709 2025 ita
1755 1987 1878 2027 esse

292 2064 693 2133 appellandam.
738 2063 1209 2130 Quemadmodum
1232 2064 1376 2118 cnim
1401 2064 1496 2134 qui
1524 2064 1745 2133 aliquod
1776 2065 1878 2119 iter

292 2156 436 2210 haud
480 2156 710 2212 remisse
764 2167 1081 2226 susceptum
1129 2157 1452 2232 coniiciunt,
1508 2173 1732 2227 gressus
1785 2173 1878 2227 pe-

292 2248 422 2301 dum
457 2248 524 2302 ad
547 2264 769 2304 cursum
805 2249 1176 2319 peragendum
1210 2249 1461 2304 certatim
1494 2251 1723 2305 ulterius
1752 2266 1879 2320 pro-

295 2347 612 2405 moventes,
658 2341 971 2411 jugiterqne
1018 2357 1269 2412 gressum
1320 2343 1471 2397 humi
1516 2344 1670 2412 prius
1707 2342 1876 2397 ﬁxum

294 2430 469 2484 veloci
516 2431 741 2485 alterius
772 2432 1134 2485 translatione
1167 2432 1530 2500 posteriorem
1561 2417 1876 2495 reddentes.

296 2521 614 2592 pertingunt
649 2523 807 2577 facile
856 2524 922 2575 ad
952 2524 1054 2578 viae
1083 2524 1243 2579 linem
1288 2525 1403 2578 :ita
1436 2525 1529 2594 qui
1596 2525 1653 2578 in
1710 2525 1878 2578 vitam

297 2628 328 2665 a
361 2613 647 2669 conditore
694 2615 996 2669 introducti
1031 2623 1181 2679 sunt,
1218 2616 1400 2671 statim
1462 2619 1517 2670 in
1555 2617 1675 2687 ipso
1721 2618 1880 2671 initio

297 2710 596 2777 particulas
627 2711 889 2781 temporis
920 2712 1307 2781 ingredientes,
1339 2727 1403 2766 ac
1438 2712 1675 2781 priorem
1732 2727 1879 2766 scm-

301 2813 398 2867 per
431 2799 789 2868 posteriorem
846 2800 1241 2869 relinquentes,
1294 2802 1361 2856 ad
1403 2802 1526 2858 vitae
1580 2804 1878 2858 terminum

298 2890 649 2960 perveniunt.
687 2893 883 2946 Annon
914 2892 1083 2947 etiam
1118 2908 1362 2962 praesens
1392 2894 1503 2948 vita
1538 2895 1695 2950 vobis
1727 2895 1883 2950 vide-

299 2990 393 3039 tur
420 2984 681 3039 continua
719 2986 967 3055 quadam
1000 2994 1055 3040 et
1096 2996 1349 3057 porrecta
1379 2988 1469 3042 via
1499 3002 1644 3052 esse,
1686 2997 1740 3042 ct
1776 2990 1882 3043 iter

1975 502 2228 573 καθάπερ
2273 503 2585 574 ὁδοιπόρους
2616 503 2906 574 ἢδρομὲας
2956 502 3335 571 στειλαμένους
3376 504 3546 573 ἡμᾶς,

1969 596 2063 646 καὶ
2091 592 2426 664 πανταχόθεν
2455 594 2515 646 τὸ
2551 594 2750 663 κοῦφον
2772 597 2889 654 ταῖς
2912 594 3112 664 ψυχαῖς
3147 593 3284 664 πρὸς
3311 593 3400 646 τὸν
3420 594 3548 667 ,δρό-

1972 704 2072 756 μον
2100 684 2291 739 τοῦτον
2344 686 2759 757 ἐπινοήσαντας,
2811 686 3275 758 ἀμεταστρέπτως
3309 686 3419 756 (85)
3456 688 3550 741 ἐπὶ

1968 777 2028 830 τὸ
2058 778 2154 846 τῆς
2187 777 2306 830 ὁδοῦ
2358 777 2530 845 πέρας
2578 779 2910 847 ἐπείγεσθαι.
2946 778 3055 832 Καί
3094 796 3159 849 με
3196 779 3381 849 μηδεὶς
3415 780 3552 832 ὐπο-

1968 870 2122 922 λάϐοι
2149 869 2350 923 καινῶν
2403 870 2682 940 ὀνομάτων
2721 870 2968 939 γίνεσθαι
3024 871 3274 942 ποιητὴν,
3331 873 3412 924 ὅτι
3453 872 3553 940 τὴν

1969 961 2319 1031 ἀνθρωπίνην
2347 960 2490 1032 ζωὴν
2522 962 2639 1014 ὁδὸν
2681 962 2915 1015 ἐκάλεσα
2950 961 3066 1025 νῦν,
3101 963 3222 1014 ἐπεὶ
3254 964 3347 1016 καὶ
3390 962 3557 1015 Δαϐὶδ

1971 1057 1998 1107 ὁ
2034 1055 2322 1124 προφήτης
2371 1053 2514 1106 οὕτω
2563 1054 2656 1106 τὸν
2705 1054 2819 1124 βίον
2874 1054 3148 1124 ὠνόμασε’
3190 1053 3284 1106 νῦν
3323 1055 3419 1124 μὲν
3448 1047 3555 1107 ὧδέ

1972 1162 2049 1214 πη
2078 1145 2252 1212 λέγων
2279 1160 2293 1172 ·
2318 1144 2607 1213 Μακάριοι
2641 1148 2694 1199 ol
2716 1145 2939 1215 ἄμωμοι
2961 1146 3029 1200 ἐν
3056 1144 3193 1211 ὁδῷ,
3229 1149 3281 1199 οὶ
3306 1146 3557 1213 πορευό-

1964 1255 2136 1307 μενοι
2175 1237 2245 1290 ἐν
2271 1239 2432 1305 νόμῳ
2456 1239 2677 1305 Κυρίου
2702 1255 2714 1268 ·
2779 1238 2874 1292 νῦν
2905 1238 2960 1291 δὲ
3013 1239 3150 1308 πρὸς
3210 1238 3300 1291 τὸν
3356 1237 3555 1291 ἑαυτοῦ

1971 1330 2250 1398 Δεσπότην
2308 1327 2466 1396 βοῶν’
2533 1328 2708 1381 Ὀδὸν
2755 1328 2992 1395 ἀδικίας
3037 1329 3397 1395 ἀπόστησον
3453 1314 3557 1382 ἀπ’

1971 1422 2138 1489 ἐμοῦ,
2171 1421 2268 1475 καὶ
2297 1421 2378 1486 τῷ
2398 1422 2562 1489 νόμῳ
2583 1436 2699 1475 σου
2730 1420 2994 1486 ἐλέησόν
3008 1436 3104 1488 με.
3140 1419 3278 1472 Ποτὲ
3293 1418 3346 1471 δὲ
3371 1419 3559 1489 ὑμνῶν

1972 1514 2068 1585 τὴν
2099 1514 2277 1578 ὀξεῖαν
2306 1512 2399 1566 τοῦ
2430 1512 2566 1566 Θεοῦ
2613 1512 2765 1566 κατὰ,
2807 1512 2916 1565 τῶν
2973 1508 3389 1582 ἐπηρεαζόντων
3436 1508 3561 1579 βοὴο

1975 1608 2142 1673 θειαν,
2182 1608 2277 1662 καὶ
2309 1610 2373 1678 τῇ
2405 1606 2544 1679 λύρᾳ
2585 1606 2879 1678 προσάγων
2911 1605 3022 1677 (86)
3054 1605 3172 1676 μεθ’
3207 1603 3420 1676 ἡδονῆς,
3448 1601 3561 1655 Καὶ

1973 1703 2066 1768 τίς
2094 1702 2238 1766 Θεὸς
2261 1698 2429 1767 πλὴν
2451 1699 2556 1754 τοῦ
2590 1699 2741 1753 Θεοῦ
2772 1698 2976 1768 mulir;
3008 1698 3221 1766 ἕλεγενο
3262 1696 3324 1749 '0
3358 1694 3503 1761 Θεὸς
3525 1697 3561 1748 ό

1977 1792 2387 1861 περιζψφοὺων
2414 1808 2491 1860 με
2528 1791 2806 1860 δύναμιν,
2843 1790 2942 1844 καὶ
2984 1790 3149 1843 ἔθετο
3180 1787 3423 1858 ἄμωμον
3446 1785 3562 1853 τὴν

1977 1886 2123 1939 ὀδόν
2150 1900 2291 1954 μων
2329 1883 2607 1954 πανταχοῦ
2666 1883 2764 1953 τὴν
2819 1883 2913 1936 ἐπὶ
2947 1882 3051 1952 γῆς
3086 1881 3197 1934 τῶν
3248 1879 3558 1949 ἀνθρώπων

1976 1976 2278 2047 διατριϐὴν,
2331 1975 2363 2046 ῆ
2413 1973 2836 2046 θαυμαζομένην
2886 1975 2920 2045 ἢ
2987 1974 3221 2043 φαύλην,
3255 1972 3399 2026 οὕτω
3448 1972 3565 2024 δεῖν

1982 2066 2408 2139 προσαγορεύειν
2454 2065 2756 2137 ἡγούμενος
2804 2066 3046 2128 εἰκότως.
3101 2065 3312 2135 ’Ὠσπερ
3361 2064 3471 2136 γὰρ
3508 2065 3564 2117 οἵ

1978 2178 2103 2215 τινα
2127 2158 2531 2230 συντεταμένην
2556 2158 2780 2230 πορείαν
2809 2158 3090 2220 ἀνύοντες,
3121 2158 3214 2211 ἐπὶ
3257 2156 3326 2209 τὰ
3374 2156 3564 2228 πρόσω

1978 2252 2078 2316 τὰς
2115 2253 2224 2306 τῶν
2269 2252 2444 2305 ποδῶν
2490 2251 2675 2322 βάσεις
2736 2250 3121 2321 ἁμιλλωμένας
3176 2250 3433 2322 ἀλλήλαις
3482 2253 3564 2313 είς

1980 2345 2181 2416 δρόμον
2216 2344 2557 2415 ἀμείϐοντες,
2601 2345 2696 2397 καὶ
2749 2344 2850 2414 τὴν
2899 2343 2988 2395 ἀεὶ
3023 2343 3295 2415 προτέραν
3339 2343 3431 2395 ἐπὶ
3462 2341 3568 2411 τῆς

1980 2436 2084 2505 γῆς
2117 2433 2458 2505 ὲρεισθεῖσαν
2490 2433 2747 2505 δευτέραν
2799 2432 3216 2497 ἀποδεικνύντες
3264 2436 3328 2504 τῇ
3372 2433 3566 2505 ταχείᾳ

1985 2527 2267 2597 μεταθέσει
2310 2526 2407 2597 τῆς
2435 2525 2620 2596 ἄλλης,
2655 2525 2854 2597 ῥᾳδίως
2881 2526 2973 2577 ἐπὶ
3006 2526 3067 2578 τὸ
3089 2526 3188 2594 τῆς
3233 2524 3355 2579 ὀδοῦ
3387 2526 3567 2597 τέρμα

1982 2619 2270 2689 χωροῦσινο
2306 2619 2480 2682 οὕτως
2526 2621 2576 2672 οί
2611 2618 2748 2690 πρὸς
2800 2618 2861 2670 τὸ
2905 2619 3002 2689 ζῇν
3035 2617 3408 2690 παραχθέντες
3461 2615 3571 2670 ὑπὸ

1981 2711 2074 2764 τοῦ
2103 2712 2411 2774 κτίσαντος,
2445 2710 2606 2775 εὐθὺς
2632 2712 2692 2764 ἐν
2724 2712 2867 2783 ἀρχῇ
2896 2712 3008 2774 τοῖς
3040 2710 3136 2764 τοῦ
3189 2711 3384 2782 χρόνου
3422 2710 3568 2780 τμή-

1985 2821 2150 2875 μασιν
2180 2803 2626 2875 ἐπεμϐαίνοντες,
2667 2804 2761 2858 καὶ
2789 2803 2849 2856 τὸ
2893 2805 3156 2874 πρότερον
3181 2803 3269 2856 ἀεὶ
3307 2802 3571 2871 καταλιμ-

1985 2898 2253 2960 πάνοντες
2300 2895 2549 2967 ὕστερον,
2603 2896 2697 2948 ἐπὶ
2722 2896 2782 2948 τὸ
2814 2895 2986 2965 πέρας
3005 2893 3376 2964 φθάνουσιτῆς
3402 2892 3566 2964 ζωῆς.

1986 2991 2056 3042 Ἢ
2081 2989 2201 3059 οὐχὶ
2234 2989 2328 3042 καὶ
2350 2989 2480 3058 ὑμῖν
2513 2989 2661 3041 δοκεῖ
2686 2989 2916 3056 συνεχής
2948 3005 3033 3050 τις
3064 2986 3179 3050 ὁδὸς
3203 2985 3570 3057 ὑφηπλῶσθαι

299 3076 553 3130 εἰειὶὺυε
582 3078 741 3147 quasi
782 3078 1115 3149 quibusdam
1164 3079 1548 3135 mansionibus
1598 3082 1882 3136 interstin-

1986 3080 2304 3153 ἠπαροῦσα
2350 3080 2484 3153 ζωὴ.
2530 3080 2626 3135 καὶ
2658 3081 2852 3151 πορεία
2902 3081 3258 3152 διειλημμένη
3310 3083 3425 3143 ταῖς
3455 3080 3574 3150 ἡλι-

300 3168 493 3223 ctnm?
523 3170 666 3239 quod
689 3177 751 3223 ut
789 3169 1148 3240 profectionis
1184 3170 1402 3225 initium
1432 3180 1649 3242 partum
1683 3182 1882 3229 mater-

299 3275 434 3314 num
468 3261 767 3332 unicuique
812 3262 1055 3325 exhibet,
1087 3264 1163 3318 ita
1211 3279 1410 3321 cursus
1444 3266 1604 3321 linem
1641 3270 1882 3323 tentoria

302 3352 682 3422 sepulcrorum
711 3353 975 3419 ostendit,
1020 3365 1181 3425 atque
1219 3355 1327 3410 huc
1379 3372 1568 3411 omnes
1598 3359 1880 3423 conducit,

304 3447 445 3501 alios
477 3446 663 3508 citius,
708 3446 888 3500 serius
911 3447 1072 3511 alios,
1102 3455 1155 3502 et
1183 3447 1282 3502 hos
1324 3448 1543 3518 quidem
1573 3464 1671 3517 per
1699 3450 1881 3503 omnia

302 3540 570 3608 temporis
598 3539 882 3593 intervalla
925 3541 1222 3608 profectos,
1260 3541 1382 3595 illos
1425 3556 1555 3595 vero
1581 3556 1650 3596 ne
1684 3543 1740 3596 in
1781 3542 1889 3612 pri-

305 3631 408 3686 mis
436 3630 654 3700 quidem
687 3631 812 3686 vitae
844 3633 1175 3688 stationibus
1205 3641 1595 3688 commoratus.
1655 3632 1719 3687 Et
1746 3634 1884 3687 alias

302 3723 527 3792 quidem
563 3724 681 3779 vias
733 3739 855 3795 quae
883 3740 949 3779 ex
982 3726 1116 3780 urbe
1146 3725 1213 3779 ad
1249 3727 1438 3779 urbem
1470 3725 1702 3793 ducunt,
1761 3728 1890 3780 licet

303 3812 605 3879 declinare,
653 3820 707 3868 et
736 3830 835 3885 per
866 3830 962 3870 eas
1006 3831 1116 3870 non
1156 3814 1313 3886 165
1347 3815 1647 3884 proﬁcisci,
1683 3815 1727 3870 si
1764 3817 1890 3886 quis

306 3906 389 3961 ita
411 3906 555 3961 volet
594 3925 606 3960 :
655 3907 771 3961 bare
811 3922 964 3970 vero,
1010 3906 1230 3961 etiamsi
1265 3921 1367 3961 nos
1403 3905 1624 3961 differre
1663 3922 1888 3963 cursum

306 3998 677 4062 voluerimus,
705 4013 802 4053 eos
856 3999 951 4068 qui
994 3999 1050 4051 in
1092 4014 1152 4053 se
1185 3999 1452 4053 incedunt
1482 3999 1721 4054 viatores
1771 4002 1892 4053 vio-

309 4091 489 4145 lenter
525 4091 899 4160 apprehensos
937 4091 1003 4143 ad
1033 4091 1361 4145 destinatam
1408 4107 1437 4144 a
1478 4090 1716 4145 Domino
1773 4109 1890 4145 me-

306 4190 420 4235 tam
452 4182 657 4248 trahit;
708 4197 809 4236 nec
846 4181 958 4236 lieri
986 4189 1189 4251 potest,
1219 4182 1588 4245 dilectissimi,
1624 4191 1683 4237 ut
1713 4184 1760 4237 is
1797 4186 1895 4255 qui

309 4275 482 4329 semel
533 4282 689 4329 extra
746 4281 962 4345 portam
1014 4274 1083 4329 ad
1120 4276 1266 4330 hanc
1321 4275 1487 4330 vitam
1530 4276 1897 4335 deducentem

306 4379 567 4435 egressus
604 4371 707 4429 est,
769 4365 933 4436 idque
976 4366 1082 4421 iter
1108 4367 1287 4431 inivit,
1354 4382 1467 4422 non
1505 4369 1673 4422 etiam
1713 4369 1782 4423 ad
1830 4369 1899 4424 il-

1987 3175 2133 3238 κίαις
2190 3174 2443 3246 καθάπερ
2490 3173 2772 3244 σταθμοῖς,
2834 3173 3010 3245 ἀρχὴν
3064 3173 3162 3245 μὲν
3220 3174 3434 3244 ἑκάστῳ
3473 3172 3574 3237 τῆς

1985 3267 2296 3338 ὁδοιπορίας
2371 3267 2688 3337 παρέχουσα
2745 3265 2843 3329 τὰς
2895 3265 3005 3319 τῶν
3072 3266 3294 3338 μητρῶν
3355 3265 3573 3328 ὠδῖνας,

1987 3358 2162 3428 τέρμα
2197 3358 2254 3411 δὲ
2311 3358 2676 3412 ὑποδεικνῦσα
2721 3359 2815 3411 τοῦ
2875 3360 3076 3430 δρόμου
3100 3360 3197 3421 τὰς
3230 3357 3337 3410 τῶν
3389 3357 3575 3424 τάφων

1990 3450 2215 3521 σκηνὰς,
2248 3453 2498 3523 καὶπρὸς
2530 3452 2747 3513 ὲκείνας
2772 3452 3016 3514 ἅπαντας
3050 3449 3259 3518 ἄγουσα
3283 3489 3298 3515 ,
3326 3448 3452 3510 τοὺς
3476 3445 3575 3516 μὲν

1989 3546 2205 3609 θᾶττον,
2239 3546 2366 3608 τοὺς
2393 3545 2448 3597 δὲ
2472 3543 2823 3615 βραδύτερον,
2865 3544 2961 3596 καὶ
3006 3544 3133 3604 τοὺς
3173 3540 3272 3611 μὲν
3305 3537 3393 3592 διά
3434 3537 3572 3593 πάν-

1991 3656 2098 3691 των
2120 3638 2227 3691 τῶν
2252 3636 2346 3690 τοῦ
2377 3637 2571 3707 χρόνου
2605 3635 2992 3705 διαστημάτων
3050 3632 3398 3695 ὁδεύσαντας,
3450 3628 3577 3693 τοὺς

1991 3729 2048 3780 δὲ
2079 3728 2201 3781 οὐδὲ
2230 3730 2343 3790 τοῖς
2384 3726 2622 3798 πρώτοις
2664 3726 3079 3787 ἐναυλισθέντας
3130 3723 3222 3778 τοῦ
3276 3722 3390 3793 βίου
3448 3738 3578 3774 στα-

1994 3821 2185 3892 θμοῖςς
2224 3821 2336 3884 Τὰς
2369 3821 2465 3890 μὲν
2489 3817 2580 3874 οὖν
2618 3819 2783 3884 ἄλλας
2806 3821 2978 3882 ὁδοὺς,
3012 3821 3133 3873 ὅσαι
3162 3817 3297 3891 πρὸς
3329 3816 3482 3869 πόλιν
3512 3817 3579 3869 ὲκ

1994 3915 2204 3977 πόλεως
2238 3914 2484 3982 ἄγουσιν,
2509 3912 2654 3965 ἔστιν
2677 3911 2943 3973 ἐκκλῖναι,
2985 3910 3080 3962 καὶ
3118 3910 3190 3980 μὴ
3227 3906 3444 3960 ὁδεῦσαι
3486 3904 3579 3957 τὸν

2001 4007 2074 4078 μὴ
2117 4007 2463 4077 βουλόμενοψ
2518 4004 2656 4075 αὕτη
2688 4004 2765 4068 δὲ,
2831 4002 2933 4056 κᾶν
2980 4005 3143 4072 ἡμεῖς
3185 3996 3579 4054 ἀναϐάλλεσθαι

1999 4097 2349 4169 βουληθῶμεν
2371 4096 2461 4149 τὸν
2497 4094 2715 4166 δρόμον,
2743 4090 3115 4163 περιλαϐοῦσα
3137 4090 3271 4161 πρὸς
3306 4087 3448 4157 βίαν,
3485 4087 3582 4138 ἐπὶ

1996 4190 2057 4243 τό
2089 4188 2420 4257 τεταγμένον
2460 4186 2567 4238 ὑπὸ
2596 4184 2689 4237 τοῦ
2725 4183 2996 4236 Δεσπότου
3054 4182 3226 4252 πέρας
3270 4180 3416 4233 ἕλκει
3455 4180 3583 4243 τοὺς

2000 4284 2086 4334 ἐπ’
2120 4281 2309 4349 αὐτῆς·
2338 4284 2431 4332 καὶ
2454 4280 2554 4331 οὐκ
2587 4278 2757 4343 ἔστιν,
2795 4277 3090 4346 ἀγαπητοὶ,
3112 4274 3203 4326 τὸν
3229 4272 3375 4340 ἅπαξ
3415 4272 3586 4325 ὑπεκ-

1999 4374 2277 4446 δραμόντα
2322 4371 2421 4443 τὴν
2475 4372 2569 4424 ἐπὶ
2597 4370 2749 4423 τόνδε
2780 4369 2870 4423 τὸν
2919 4368 3030 4438 βίον
3065 4366 3337 4440 φέρουσαν
3387 4364 3583 4435 πύλην,

313 4459 421 4514 lius
472 4457 765 4513 terminum
824 4461 1157 4530 perveniat:
1208 4461 1305 4516 sed
1359 4463 1739 4532 unusquisque
1794 4477 1882 4516 no-

2002 4467 2095 4519 καὶ
2123 4465 2224 4533 τῆς
2255 4463 2374 4517 ὀδοῦ
2399 4463 2602 4533 ταύτης
2623 4460 2907 4523 ἐπιϐάντα,
2953 4460 3027 4531 μὴ
3050 4459 3141 4513 καὶ
3178 4459 3314 4530 πρὸς
3347 4458 3406 4511 τὸ
3432 4457 3588 4521 τέλος

312 4559 487 4604 strum
520 4550 612 4605 ubi
656 4567 687 4605 e
731 4559 981 4606 materno
1012 4553 1138 4607 sinu
1185 4553 1376 4614 exivit.
1408 4555 1590 4607 statim
1629 4555 1896 4622 temporis

313 4642 517 4698 ﬂuento
554 4643 795 4714 illigatus
829 4643 1058 4713 rapitur,
1079 4659 1297 4713 semper
1320 4659 1350 4697 a
1380 4653 1532 4713 tergo
1557 4643 1703 4696 diem
1727 4659 1895 4712 quam

313 4736 449 4791 vixit
474 4736 812 4807 relinquens,
843 4751 945 4792 nec
966 4752 1204 4806 unquam
1238 4738 1304 4790 ad
1336 4737 1672 4796 hesternam,
1697 4737 1897 4795 etiam-

313 4831 361 4884 si
398 4830 547 4893 velit,
582 4830 783 4884 reverti
814 4830 1023 4885 valens.
1088 4827 1201 4883 Nos
1248 4837 1427 4883 autem
1478 4828 1726 4881 laetamur
1772 4843 1898 4882 cum

315 4924 695 4995 progredimur
735 4925 1001 4988 ulterius,
1053 4931 1107 4979 et
1147 4930 1458 4994 permutata
1504 4932 1665 4977 aetate
1721 4924 1890 4993 quasi

316 5007 567 5071 nonnihil
639 5004 1033 5087 acquirentes,
1104 5016 1448 5087 gaudemus;
1539 5028 1604 5067 ac
1677 5014 1900 5071 beatum

317 5108 574 5177 quiddam
625 5110 900 5177 ducimus,
939 5125 1067 5164 cum
1114 5110 1359 5184 quis-ex
1391 5122 1559 5178 puero
1588 5108 1692 5169 vir,
1746 5114 1800 5161 et
1834 5120 1902 5161 ex

318 5207 437 5260 viro
467 5223 636 5262 senex
685 5206 863 5264 factus
894 5217 1001 5265 est.
1043 5207 1150 5264 Sed
1204 5207 1343 5279 fugit
1382 5221 1485 5260 nos
1514 5210 1732 5259 tantum
1777 5204 1905 5258 vitae

394 5362 437 5396 ⁸³
480 5363 864 5433 Ρειι1.,βχνιιι,
908 5369 952 5422 l.
1030 5369 1074 5400 ³³²
1118 5367 1250 5422 ibid.
1286 5368 1374 5420 “29.

400 5521 535 5593 (83)-
555 5519 709 5593 Unus
761 5538 867 5577 ms.
916 5523 1367 5593 ἀμετατρὲπτως.
1428 5520 1549 5576 Mox
1595 5536 1734 5577 mss.
1793 5520 1901 5573 duo

328 5590 784 5663 ῦπολάϐῃνΑΙὶιιε
810 5610 933 5647 cum
958 5590 1144 5648 'eulitis—
1167 5594 1447 5647 ὑπολάϐοι.

406 5649 724 5735 ιϐθῌὲόίιίο
754 5662 923 5717 Paris.
962 5664 1103 5735 λύρᾳ.
1144 5664 1445 5734 προσᾴὃων,
1496 5663 1562 5716 ml
1603 5663 1782 5735 lyram
1814 5678 1907 5714 ca-

338 5751 484 5799 nens,
518 5733 634 5805 lyra
675 5750 884 5799 canem.
928 5735 995 5788 At
1036 5733 1202 5789 editio
1238 5733 1399 5789 Basil.
1441 5744 1494 5789 et
1557 5734 1735 5790 uestri
1770 5749 1907 5803 qua-

2001 4557 2204 4628 ταύτης
2243 4555 2438 4608 ἐλθεῖψ
2463 4555 2697 4616 ἕκαστος
2737 4552 2793 4605 δὲ
2828 4550 3004 4623 ἡμῶν,
3055 4549 3192 4622 μετά
3230 4551 3291 4603 τὸ
3322 4550 3430 4619 (87)
3457 4549 3588 4611 τοὺς

2009 4647 2295 4719 unt-primu;
2334 4647 2568 4708 κόλπους
2604 4646 2928 4713 ἀποφυγεῖν,
2992 4644 3151 4707 εὐθὺς
3185 4646 3293 4707 τοῖς
3319 4642 3413 4696 τοῦ
3459 4641 3590 4712 χρό-

2004 4760 2096 4794 νου
2133 4740 2395 4811 ῥεύμασιν
2439 4737 2671 4801 ὲνδεθεὶς
2715 4736 3068 4808 ὑποσύρεται,
3111 4736 3339 4789 κατόπιν
3380 4735 3466 4787 ἀεὶ
3488 4734 3590 4802 τὴν

2010 4832 2348 4902 βεϐιωμένην
2375 4830 2586 4901 ἡμέραν
2612 4829 2738 4894 ἐῶν,
2771 4830 2863 4882 καὶ
2918 4828 3054 4899 πρὸς
3083 4827 3178 4899 τὴν
3209 4827 3334 4898 χθὲς
3355 4824 3590 4878 ἐπανελ-

2009 4927 2122 4981 θεῖν
2160 4925 2434 4986 οὐδέποτε,
2480 4922 2582 4976 κᾶν
2622 4923 2867 4992 θελήσοι,
2915 4922 3232 4991 δυνάμενος.
3283 4921 3471 4989 Ἡμεῖς
3530 4917 3592 4973 δὲ

2005 5019 2244 5089 ἡδόμεθα
2270 5018 2366 5088 μὲν
2401 5017 2494 5069 ἐπὶ
2527 5014 2594 5069 τά
2621 5016 2807 5085 πρόσω
2852 5014 3162 5086 φερόμενοι,
3216 5012 3308 5065 καὶ
3340 5011 3437 5073 τάς
3468 5009 3590 5081 ήλιέ

2007 5110 2131 5172 κὶας
2156 5106 2495 5178 ἀμείϐοντες,
2530 5104 2604 5168 ὥς
2633 5122 2686 5157 τι
2731 5102 3259 5175 προσλαμϐάνοντες,
3301 5100 3587 5171 χαίρομεν·

2007 5202 2104 5256 καὶ
2138 5199 2406 5272 μακάριον
2439 5195 2722 5268 κρίνομεν,
2741 5197 2868 5249 ὅταν
2903 5195 2969 5247 ἐκ
2998 5192 3185 5254 παιδὸς
3219 5193 3315 5262 μὲν
3337 5190 3495 5261 ἀνὴρ,
3524 5188 3593 5240 ὲκ

1457 5365 1503 5396 ⁸³
1544 5363 1696 5420 Psa‘c.
1733 5380 1880 5428 xvu,
1912 5362 2015 5428 39.,
2051 5361 2139 5415 55.

2018 5522 2165 5571 tuor‘
2185 5532 2319 5587 mss,
2359 5511 2651 5587 προσάγων
2673 5510 2783 5587 Δαά-
2813 5510 2984 5587 lyram
3010 5515 3224 5587 aptam.
3254 5517 3589 5587 componens.

2021 5588 2222 5707 lbi‘dezn
2252 5577 2422 5641 editio
2458 5577 2634 5638 Paris.
2668 5581 2700 5653 ἢ
2732 5577 2849 5644 τίςξ
2882 5577 3024 5632 Editi
3064 5585 3118 5632 et
3160 5591 3295 5630 mss.
3354 5580 3595 5629 ouatuor

2021 5676 2109 5707 και
2139 5676 2167 5707 τ
2194 5676 2220 5707 ε
2551 5684 2562 5696 .

2020 5676 2109 5710 και
2139 5676 2220 5721 τις
2551 5684 2562 5696 ο

2087 5714 2372 5797 (87)Ἐ(ιίῑὶ
2416 5724 2554 5797 μετά
2584 5722 2697 5777 τοῦ.
2728 5720 2875 5777 Libri
2906 5716 3112 5788 antiqui
3143 5717 3280 5786 μετὰ
3299 5714 3379 5768 τό.
