4036 6236
451 405 550 460 Βιὸ

1190 398 1424 455 HOMlL.
1469 398 1658 465 QUOD
1709 396 2069 452 MUNDANIS
2111 397 2621 451 ADH/ERENDUM
2660 397 2797 452 NON
2835 398 2963 453 SIT.

3612 401 3719 457 51.6

455 522 506 573 se
533 515 723 588 ἀνδρὸς
753 513 985 585 γένηταί
1014 533 1095 577 τις
1121 515 1458 586 πρεσϐύτηςο
1489 513 1791 584 ἀγνοοῦμεν
1818 514 1873 565 δὲ
1901 513 2028 583 ἄρα,

2149 512 2374 579 spatium
2423 527 2452 564 a
2481 511 2639 566 nobis
2694 513 2892 577 amitti,
2939 519 3206 582 quantum
3239 513 3497 580 viximus,
3530 515 3722 588 sicque

461 609 700 665 τοσοῦτον
715 606 1050 670 ἀπολλύντες
1073 607 1333 660 ἑκάστοτε
1355 610 1454 676 τῆς
1484 607 1648 675 ζωῆς,
1676 607 1800 659 ὅσον
1834 606 2032 673 ὲζήσα-

455 721 572 774 μεν,
604 703 699 755 καὶ
736 701 838 754 ούκ
900 701 1262 770 αἰσθανόμεθα
1303 699 1695 769 δαπανωμένου
1753 697 1848 750 τοῦ
1898 696 2033 766 βίου,

454 795 694 861 καίτοιγε
726 793 816 845 ἀεὶ
870 791 1199 862 μετροῦντες
1249 791 1410 844 αὐτὸν
1445 791 1551 844 ἀπὸ
1603 789 1698 842 τοῦ
1755 789 2035 860 παραδρα-

455 889 645 958 μόντος
673 886 769 940 καὶ
800 884 1302 957 παραρρεύσαντος,
1332 885 1452 937 οὐδὲ
1478 883 1786 954 ἐννοοῦμεν,
1823 883 1897 946 ὡς
1927 882 2036 952 ἄρα

454 981 645 1052 ἄδηλον
662 980 856 1033 ὁπόσον
873 982 900 1032 ὁ
919 978 1054 1050 πρὸς
1073 979 1171 1048 τὴν
1198 978 1507 1048 ὁδοιπορίαν
1524 976 1726 1046 ταύτην
1751 975 2038 1045 ἐκπέμψας

457 1073 604 1142 ἡμᾶς
636 1071 880 1124 ἐνδοῦναι
930 1070 1010 1142 τῷ
1053 1071 1236 1142 δρόμῳ
1297 1071 1487 1142 χρόνον
1545 1069 1885 1140 βουλήσεται,
1949 1068 2041 1119 καὶ

457 1165 592 1216 πότε
612 1165 829 1234 ἑκάστῳ
853 1163 963 1217 τῶν
1009 1164 1255 1236 δρομέων
1304 1163 1506 1227 ἀνοίξει
1557 1162 1655 1231 τῆς
1708 1161 1912 1213 εἰσόδου
1943 1159 2040 1221 τὰς

457 1254 650 1319 πύλας,
711 1256 806 1308 καὶ
845 1256 925 1308 ὅτι
971 1255 1052 1307 δεῖ
1096 1254 1645 1325 παρεσκευασμένους
1691 1255 1774 1321 ἐφ’
1831 1253 2040 1322 ἡμέραν

457 1343 596 1400 εἶναι
621 1347 758 1419 πρὸς
792 1347 888 1418 τὴν
921 1347 1170 1400 ἐντεῦθεν
1197 1347 1506 1417 ἀποδημίαν
1540 1347 1708 1417 ἡμᾶς,
1738 1344 1832 1398 καὶ
1858 1345 1917 1396 τὸ
1946 1342 2040 1396 τοῦ

458 1439 732 1492 Δεσπὸτου
770 1440 946 1509 νεῦμα
983 1439 1298 1511 περιμένειν
1329 1438 1528 1491 ἑστῶσι
1577 1441 1688 1499 τοῖς
1723 1437 2040 1506 ὀφθαλμοῖς.

457 1532 783 1586 Ἔστωσαν
818 1532 952 1603 γὰρ,
1001 1534 1186 1603 φησιν,
1213 1536 1272 1587 αὶ
1319 1531 1548 1600 ὀσφύες
1574 1528 1740 1598 ὑμῶν
1775 1528 2043 1596 περιεᾷο-

456 1625 698 1692 σμέναι,
732 1627 830 1678 καὶ
856 1629 910 1678 οί
944 1627 1162 1693 λύχνοι
1187 1624 1507 1693 καιόμενον
1536 1623 1634 1676 καὶ
1658 1620 1829 1692 ὑμεῖς
1859 1620 2046 1690 ὅμοιοι

458 1717 796 1784 ἀνθρώποις
823 1716 1333 1786 προσδεχομένοις
1376 1715 1483 1768 τόν
1539 1713 1748 1780 κύριον
1793 1712 2044 1778 ἑαυτῶν,

457 1813 606 1863 πότε
637 1810 934 1863 ἀναλύσει
956 1810 1025 1862 ἐκ
1051 1808 1170 1862 τῶν
1189 1807 1411 1878 γάμων,
1454 1807 1575 1871 ἵνα,
1623 1805 1908 1870 ἐλθόντος
1946 1806 2044 1858 καὶ

458 1903 856 1966 κρούσαντος,
883 1900 1099 1965 εὐθέως
1122 1899 1450 1961 ἀνοίξωσιν
1479 1898 1660 1963 αὐτῷ.

529 1991 581 2045 ’5.
618 1988 753 2044 Οὐδὲ
779 1991 1034 2062 ἐθέλομεν
1063 1994 1285 2044 σκοπεῖν
1310 1991 1575 2062 ἀκριϐῶς,
1595 1995 1722 2046 ποῖα
1751 1993 1849 2064 μὲν
1869 1991 2046 2059 κοῦφα

461 2086 658 2157 φορτία
700 2086 836 2155 πρὸς
860 2085 952 2140 τὸν
984 2085 1454 2163 τοιοῦτονγδρόμον
1483 2087 1615 2157 ἡμῖν
1645 2087 1741 2140 καὶ
1776 2087 2045 2159 συμμεθί-

463 2176 691 2229 στασθαι
723 2177 948 2230 δύναται
980 2181 1094 2241 τοῖς
1139 2177 1448 2241 συλλέξασι,
1507 2179 1597 2231 καὶ
1652 2180 1743 2232 τὸν
1777 2181 1895 2232 ἐκεῖ
1951 2197 2047 2233 πε-

462 2269 665 2341 ριχαρῆ
688 2273 832 2322 ποιεῖ
855 2270 1130 2341 βίονήμῖν,
1153 2270 1257 2323 ἴδια
1273 2277 1286 2338 (
1295 2271 1382 2339 88)
1401 2270 1508 2323 τῶν
1529 2273 1887 2343 κτησαμένων
1905 2274 2047 2340 γινό-

463 2375 622 2427 μενα·
656 2362 784 2412 ποῖα
811 2359 870 2412 δὲ
892 2359 1062 2432 βαρέα
1092 2362 1185 2413 καὶ
1214 2360 1448 2432 δυσχερῆ
1495 2363 1587 2416 καὶ
1647 2363 2047 2434 προσηλωμένα

461 2452 529 2520 τῇ
559 2453 651 2521 γῇ.
681 2451 774 2503 καὶ
792 2453 852 2503 ού
888 2453 1168 2520 πεφυκότα
1217 2456 1328 2517 τοῖς
1359 2453 1668 2526 ἀνθρώποις
1719 2457 2046 2510 οἰκειοῦσθαι

463 2542 743 2608 καθάπαξ,
800 2545 923 2597 οῦδὲ
960 2545 1389 2616 συγχωρούμενα
1419 2547 1506 2600 διά
1533 2551 1633 2619 τῆς
1664 2550 1857 2619 στενῆς
1912 2551 2048 2602 ἐκεί-

464 2652 561 2705 νης
593 2636 772 2706 πύλης
794 2637 1158 2708 ἀκολουθῆσαι
1184 2641 1300 2702 τοῖς
1339 2638 1578 2710 ἔχουσιν.
1625 2641 1765 2693 Ἀλλ’
1809 2644 1908 2694 ὅσα
1949 2645 2048 2713 μὲν

472 2727 752 2796 συλλέγειν
776 2729 966 2799 ἐχρῆν,
988 2729 1371 2800 κατελίπομεν·
1393 2726 1468 2784 ῶν
1491 2731 1549 2784 δὲ
1577 2734 1851 2805 ύπερορᾷν
1879 2753 2048 2804 προσ-

464 2819 613 2889 ήκει,
647 2820 823 2874 ταῦτα
862 2820 1192 2893 συλλέγομεν
1215 2841 1228 2853 ·
1261 2829 1355 2878 καὶ
1382 2825 1420 2880 δι
1456 2827 1553 2896 μὲν
1589 2830 1721 2899 ἡμῖν
1758 2829 2044 2898 ἐνωθῆναι,

467 2910 563 2962 καὶ
594 2913 797 2982 κόσμος
820 2913 989 2977 ὅντως
1009 2915 1262 2982 γενέσθαι
1290 2917 1512 2972 δύναται
1540 2923 1790 2991 συμφυὴς
1816 2923 1960 2993 ψυχῇ
1989 2940 2047 2975 τε

470 3004 562 3056 καὶ
599 3004 836 3074 σώματι,
858 3005 1066 3070 τούτοις
1097 3008 1216 3060 οὐδὲ
1239 3011 1601 3081 προσέχομεν
1637 3013 1673 3066 ἀ
1701 3014 1757 3066 δὲ
1793 3015 2050 3088 ἀλλότρια

470 3096 623 3166 μένει
675 3095 962 3166 διηνεκῶς,
1014 3099 1182 3170 μόνην
1224 3102 1357 3170 ἡμῖν
1425 3106 1909 3175 ἐναποματτόμενα
1952 3109 2048 3176 τὴν

2141 603 2506 657 inscientibus
2540 603 2702 658 nobis
2726 605 2836 658 vita
2856 604 3186 674 absumitur,
3218 620 3537 674 quanquam
3575 623 3722 663 sem-

2140 709 2234 763 per
2276 695 2449 764 ipsam
2499 710 2562 748 ex
2596 711 2662 748 eo
2707 695 2853 766 quod
2909 704 3036 751 ante
3079 673 3262 750 ae'tunt
3301 673 3407 762 est,
3468 701 3724 769 quodque

2134 788 2246 856 jam
2308 789 2709 857 prater-fluxit,
2765 790 3056 843 metiamur
3107 806 3122 842 :
3179 805 3358 859 neque
3419 793 3724 862 cogitamus

2139 895 2301 950 quam
2348 882 2616 935 incertum
2673 881 2766 944 sit,
2809 889 3080 949 quantum
3129 883 3290 938 nobis
3341 884 3609 953 temporis
3654 885 3725 939 ad

2142 973 2288 1027 hunc
2315 987 2540 1027 cursum
2572 973 2857 1043 impertire
2898 974 3030 1026 velit
3059 975 3152 1042 qui
3187 989 3288 1029 nos
3340 976 3408 1029 ad
3451 976 3556 1030 hoc
3615 977 3724 1031 iter

2143 1064 2530 1134 perficiendum
2576 1066 2748 1130 misit,
2783 1075 2835 1120 et
2880 1066 3099 1136 quando
3128 1068 3354 1122 cuilibet
3396 1069 3612 1123 cursori
3655 1071 3726 1123 sit

2143 1158 2407 1212 introitus
2448 1169 2634 1228 portas
2674 1171 2990 1228 aperturus,
3025 1166 3079 1212 et
3127 1159 3276 1229 quod
3328 1167 3580 1229 oporteat
3625 1175 3726 1214 nos

2143 1249 2388 1319 quotidie
2423 1249 2492 1302 ad
2553 1248 2947 1319 profectionem
3011 1250 3141 1305 hinc
3172 1248 3479 1304 faciendam
3517 1266 3728 1322 praepa-

2146 1348 2297 1394 ratos
2328 1355 2470 1404 esse,
2508 1349 2562 1394 et
2611 1341 2834 1394 Domini
2892 1349 3086 1394 nutum
3145 1341 3322 1396 oculis
3369 1340 3492 1396 fixis
3537 1356 3730 1411 exspe-

2146 1440 2314 1486 ctare.
2353 1431 2664 1498 Sintenim,
2705 1433 2903 1503 inquit,
2952 1433 3116 1486 lumbi
3148 1435 3307 1486 vestri
3337 1434 3627 1502 pra'cincti',
3677 1441 3728 1487 et

2117 1528 2374 1579 lucernae
2400 1525 2646 1580 ardentes
2687 1543 2705 1580 :
2741 1536 2790 1580 et
2835 1543 2923 1580 vos
2969 1527 3166 1580 similes
3204 1526 3508 1595 hominibus
3547 1542 3729 1595 exspe-

2147 1618 2410 1672 ctantibus
2449 1619 2720 1672 dominum
2747 1635 2924 1684 suum,
2947 1618 3159 1686 quando
3195 1593 3488 1674 "variatur
3527 1637 3559 1672 τι
3591 1637 3727 1688 nup-

2150 1711 2260 1772 tiis,
2302 1719 2382 1770 ut,
2417 1725 2536 1762 cum
2577 1712 2796 1775 venerit,
2833 1720 2883 1764 et
2922 1710 3234 1777 pulsauerit,
3275 1710 3553 1779 confestim
3606 1727 3729 1780 ape-

2150 1803 2293 1855 riant
2329 1801 2377 1853 ei
2398 1801 2466 1853 3‘.

2217 1986 2268 2038 ’5.
2313 1983 2498 2054 Neque
2544 1982 2834 2053 diligenter
2884 1981 3237 2036 considerare
3275 1984 3561 2045 volumus,
3603 1999 3727 2053 qua:

2149 2079 2381 2134 sarcina:
2407 2079 2553 2132 leves
2585 2077 2696 2132 sint
2722 2076 2880 2131 nobis
2919 2077 2987 2130 ad
3027 2078 3172 2130 hunc
3215 2092 3458 2142 cursum,
3486 2086 3539 2132 et
3565 2078 3725 2140 tales,

2151 2178 2208 2224 ut
2245 2187 2371 2226 cum
2411 2171 2801 2241 colligentibus
2840 2171 3128 2225 transferri
3190 2172 3423 2240 possint,
3469 2170 3729 2224 reddant-

2149 2281 2276 2335 que,
2310 2279 2433 2319 cum
2475 2264 2874 2333 possidentium
2915 2265 3027 2318 sint
3067 2264 3326 2332 prOpriaz,
3368 2263 3608 2317 futuram
3642 2266 3724 2318 vi-

2151 2366 2257 2411 tam
2299 2370 2562 2425 perquam
2607 2355 2833 2408 hilarem
2875 2370 2887 2406 :
2937 2370 3058 2424 qua:
3098 2370 3226 2408 vero
3275 2371 3470 2425 graves
3518 2357 3630 2411 sint
3676 2364 3730 2410 et

2152 2449 2414 2511 molestae,
2447 2457 2608 2516 atque
2649 2448 2801 2501 humi
2838 2446 3048 2512 defixae,
3083 2458 3137 2502 et
3168 2449 3459 2517 ejusmodi,
3505 2459 3564 2504 ut
3600 2466 3732 2505 sua-

2153 2549 2240 2611 pte
2275 2550 2471 2596 natura
2504 2541 2786 2596 hominum
2839 2541 3071 2611 pmprize
3125 2557 3405 2612 nunquam
3439 2559 3564 2599 esse
3602 2559 3736 2614 pos-

2152 2635 2284 2697 sint,
2316 2650 2416 2688 nec
2443 2648 2794 2703 possessores
2833 2648 2965 2688 suos
2995 2647 3090 2701 per
3117 2641 3406 2702 angustam
3438 2634 3584 2688 illam
3612 2651 3732 2705 por-

2153 2737 2262 2783 tam
2303 2729 2563 2800 subsequi
2593 2729 2994 2798 pet-mittantur.
3035 2726 3142 2782 Sed
3180 2736 3361 2782 tamen
3403 2730 3728 2798 reliquimus

2153 2838 2275 2892 quze
2319 2824 2623 2892 colligenda
2655 2829 2813 2877 erant
2847 2841 2861 2876 :
2911 2837 3032 2892 quae
3070 2837 3198 2875 vero
3245 2830 3595 2877 contemnere
3634 2839 3734 2892 par

2156 2916 2352 2978 fuerat,
2393 2916 2747 2983 collegimus.
2809 2913 2874 2968 Et
2921 2931 3042 2983 quae
3098 2913 3384 2968 nobiscum
3444 2915 3732 2984 copulari,

2155 3023 2392 3076 vereque
2441 3023 2566 3062 esse
2622 3014 2856 3076 possunt
2917 3015 3300 3061 ornamentum
3337 3008 3534 3061 anima:
3572 3006 3735 3062 simul

2155 3109 2209 3155 et
2247 3101 2463 3170 corpori
2492 3101 2847 3164 conveniens,
2886 3099 2970 3154 his
3010 3115 3077 3153 ne
3110 3099 3444 3152 attendimus
3473 3098 3730 3168 quidem:

466 3185 752 3255 αἰσχύνην,
787 3185 958 3239 ταῦτα
989 3187 1258 3259 ἀθροίζειν
1292 3192 1698 3262 ἐπιχειροῦμεν,
1723 3195 2044 3264 μοχθοῦντες

2155 3209 2278 3264 qua:
2307 3207 2436 3247 vero
2468 3204 2728 3264 perpetuo
2764 3193 2940 3245 aliena
2977 3199 3219 3254 manent,
3267 3192 3439 3244 solam
3475 3191 3634 3245 nobis
3657 3191 3737 3244 in-

463 3277 744 3348 διακενῆς,
778 3281 874 3331 καὶ
924 3281 1212 3344 πονοῦντες
1271 3283 1449 3348 πόνον,
1504 3287 1667 3338 οἱονεί
1709 3303 1793 3349 τις
1855 3289 2048 3341 ἑαυτὸν

463 3370 714 3435 ἀπατῶν,
762 3373 842 3434 εἰς
896 3373 1230 3444 τετρημένον
1284 3375 1438 3428 πίθον
1485 3379 1696 3430 ἀντλεῖν
1747 3379 2044 3448 ἐθελήσειε.

463 3463 636 3519 Τοῦτο
658 3464 770 3534 γὰρ
793 3466 963 3535 δήπου
988 3467 1261 3540 γνώριμον
1286 3467 1440 3541 οἶμαι
1471 3475 1564 3524 καὶ
1614 3473 1828 3544 νηπίοις
1861 3476 2046 3538 πᾶσιν,

461 3555 538 3618 ὡς
573 3557 728 3609 οῦδὲν
756 3557 865 3611 τῶν
899 3561 957 3612 ὲν
987 3559 1065 3631 τῷ
1113 3561 1212 3631 βίῳ
1253 3563 1363 3633 (89)
1409 3565 1682 3634 τερπνῶν,
1740 3567 1826 3634 ἐφ’
1872 3561 1952 3628 οἷς
2000 3569 2048 3619 οἱ

461 3648 561 3700 πλε
572 3650 684 3712 ἱους
714 3668 780 3719 με
790 3652 1043 3721 μήνασιν,
1071 3655 1241 3724 ήμέτε
1251 3671 1342 3727 ρον
1359 3655 1527 3718 ὅντως
1550 3657 1718 3720 ἐστὶν,
1749 3658 1781 3728 ἦ
1804 3659 2047 3726 γίνεσθαι

458 3742 726 3810 πέφυκεν·
746 3744 1072 3815 ἀλλ’όμοίως
1091 3749 1346 3804 ἁπάντων
1374 3748 1630 3819 ἀλλότρια
1655 3751 1924 3817 φαίνεται,
1941 3753 2049 3804 τῶν

459 3851 520 3886 τε
544 3836 842 3888 ἀπολαύειν
867 3838 1186 3904 δοκούντων,
1214 3842 1322 3894 τῶν
1368 3859 1426 3894 τε
1475 3842 1598 3894 οὔτε
1641 3846 2050 3913 προσπελαζόν-

457 3944 571 3981 των
622 3931 826 3992 αὐτοῖς.
878 3930 1016 3985 Οὐδὲ
1049 3933 1158 4007 γὰρ
1203 3936 1252 3986 εἰ
1287 3938 1483 4006 χρυσόν
1518 3955 1662 4000 τινες
1707 3942 1764 3991 ἐν
1814 3939 1892 4010 τῷ
1950 3942 2050 4012 βίῳ

462 4022 827 4089 συναγάγοιεν
859 4023 1110 4086 ἄπλετον,
1149 4026 1281 4089 ἴδιος
1319 4027 1500 4081 αὐτῶν
1560 4029 1707 4099 μένει
1751 4030 2045 4100 διηνεκῶςο

462 4111 579 4163 ἀλλ’
609 4113 642 4181 ἢ
673 4112 882 4176 ζῶντας
910 4114 989 4167 ἔτι
1025 4118 1361 4187 πανταχόθεν
1393 4119 1554 4172 αὐτὸν
1590 4123 2049 4193 περισφίγγοντας

463 4207 878 4277 ἀποδιδράσκει,
915 4210 1055 4280 πρὸς
1096 4211 1223 4274 τοὺς
1257 4211 1661 4284 δυνατωτέρους
1700 4217 2046 4287 μεταρρυεὶς,

461 4297 498 4368 ἢ
522 4298 658 4368 πρὸς
683 4299 762 4368 τῷ
787 4299 1005 4369 Θανάτῳ
1033 4304 1433 4373 γεγενημένους
1475 4306 1574 4375 ἤδη
1625 4307 2046 4378 καταλιμπάνει,

462 4391 562 4441 καὶ
583 4391 685 4442 ούκ
716 4391 900 4443 ὲθέλεί
929 4396 1041 4456 τοῖς
1079 4396 1444 4466 κτησαμένοις
1486 4397 1860 4468 συνεκδημεῖν.
1908 4401 2047 4453 Ἀλλ’

461 4484 514 4533 οι
554 4482 654 4551 μὲν
688 4483 794 4535 ὑπὸ
813 4483 906 4536 τοῦ
941 4485 1078 4555 πρὸς
1108 4485 1228 4555 βίαν
1257 4488 1583 4558 χωρίζοντος
1610 4490 1708 4553 τὰς
1741 4491 1916 4562 ψυχὰς
1948 4495 2046 4564 τῆς

463 4574 812 4646 ταλαιπώρου
871 4576 1077 4648 ταύτης
1136 4579 1338 4648 σαρκὸς
1394 4579 1678 4650 ἑλκόμενοι
1755 4586 1891 4654 πρὸς
1949 4587 2047 4657 τὴν

461 4669 771 4735 ἁναγκαῐαν
825 4668 962 4728 eam.
1002 4672 1184 4724 πυκνά
1236 4675 1737 4744 μεταστρεφόμενοι
1803 4679 1937 4748 πρὸς
1986 4681 2050 4734 τὰ

462 4761 567 4829 χρὴ
578 4778 743 4829 ματα,
776 4764 900 4825 τοῦς
919 4766 980 4816 ἐκ
1007 4764 1257 4832 νεότητος
1285 4768 1370 4818 ἐπ’
1394 4769 1575 4831 αὐτοῖς
1610 4769 1842 4839 ἱδρῶτας
1905 4774 2044 4824 ἀπο-

458 4855 810 4926 δακρύουσιν·
849 4860 874 4910 ὀ
902 4858 1129 4922 πλοῦτος
1159 4860 1214 4911 δὲ
1245 4863 1322 4923 εἰς
1346 4863 1552 4933 ἐτέρων
1580 4867 1770 4934 χεῖρας
1801 4867 1924 4936 ὁρᾷ,
1952 4868 2042 4936 μό-

459 4964 552 5001 νον
592 4950 824 5012 ἐκείνοις
853 4951 943 5003 τὸν
968 4953 1057 5003 ἐπὶ
1084 4955 1149 5022 τῇ
1181 4953 1411 5024 συλλογῇ
1457 4955 1656 5026 μόχθον
1691 4959 1784 5011 καὶ
1825 4959 1886 5011 τὸ
1945 4961 2046 5028 τῆς

457 5041 775 5108 πλεονεξίας
797 5044 1046 5114 ἔγκλημα
1069 5048 1558 5118 προστριψάμενος.
1592 5051 1728 5105 Οὔτε
1747 5056 1793 5105 εὶ
1820 5055 1913 5106 ἐπὶ
1933 5055 2043 5124 (90)

459 5134 565 5203 γῆς
588 5133 798 5206 πλέθρα
833 5139 1092 5206 κτήσαιτό
1125 5156 1204 5201 τις
1238 5141 1428 5210 μυρία,
1482 5143 1576 5194 καὶ
1608 5145 2046 5217 μεγαλοπρεπεῖς

457 5229 660 5290 οἰκίας,
678 5230 774 5282 καὶ
807 5229 962 5293 ζώων
994 5231 1194 5297 ἀγέλας
1218 5234 1592 5298 παντοδαπῶν,
1628 5239 1721 5288 καὶ
1747 5238 1844 5304 τὴν
1869 5240 1925 5289 ἐν
1953 5239 2046 5290 ἀν-

457 5321 698 5393 Θρὼποις
755 5325 973 5376 ἃπασαν
1019 5325 1362 5394 περιόάλοιτο
1409 5326 1748 5393 δυναστείαν,
1781 5329 2043 5384 ἀπολαύει

529 5476 576 5508 ³⁵
615 5475 744 5533 Luc.
785 5495 890 5540 xu,
929 5479 1030 5540 55,
1065 5479 1152 5534 56.

535 5682 650 5764 (88)
687 5683 783 5738 Hic
812 5687 1040 5764 virtutes
1063 5703 1125 5741 ac
1152 5697 1299 5764 recte
1325 5689 1466 5764 facta
1491 5692 1893 5764 intelliguntur,
1916 5709 2036 5763 qua:

466 5758 686 5824 propria
711 5765 839 5808 sunt
865 5760 1119 5825 pietatem
1148 5762 1465 5815 colentium.

525 5826 651 5893 189)
680 5825 818 5880 Edit.
848 5829 949 5897 βίῳ
976 5829 1167 5900 τούτῳ.
1197 5829 1309 5885 Vox
1344 5834 1529 5886 ultima
1561 5835 1614 5888 in
1647 5834 1923 5889 veteribus
1967 5836 2032 5888 li-

2157 3284 2376 3338 famiam
2410 3285 2706 3347 inurentia,
2741 3300 2805 3338 ea
2835 3298 3163 3338 coacervare
3213 3284 3481 3350 nitimur;
3513 3283 3731 3338 inanem

2153 3393 2373 3446 operam
2412 3387 2713 3440 sumentes,
2752 3386 2917 3447 atque
2943 3376 3216 3444 ejusmodi
3252 3377 3616 3445 suscipientes
3655 3376 3736 3429 1a..

2153 3472 2366 3536 berem,
2405 3470 2629 3540 perinde
2661 3479 2719 3522 ut
2747 3471 2791 3524 si
2832 3471 3106 3540 quispiam
3136 3485 3194 3523 se
3227 3469 3406 3538 ipsum
3437 3469 3731 3533 seduct'ns,

2153 3558 2210 3618 in
2257 3571 2537 3634 pertusum
2592 3563 2796 3616 dolium
2868 3561 3154 3615 infundere
3212 3561 3481 3614 voluerit.
3531 3560 3729 3614 Notum

2152 3658 2296 3710 enim
2336 3672 2400 3709 ac
2439 3666 2785 3726 perspectum
2819 3655 2898 3706 vel
2929 3655 3115 3722 pueris
3155 3653 3413 3707 omnibus
3442 3667 3566 3705 esse
3607 3653 3729 3721 opi-

2153 3767 2276 3816 nor,
2314 3751 2449 3803 nihil
2503 3764 2692 3802 eorum
2742 3763 2862 3816 quae
2919 3747 2971 3800 in
3021 3747 3128 3799 vita
3176 3745 3421 3813 jucunda
3481 3751 3637 3808 sunt,
3678 3752 3732 3797 et

2153 3860 2383 3914 quorum
2424 3844 2597 3912 gratia
2650 3842 2897 3910 plerique
2947 3841 3254 3900 insaniunt,
3313 3853 3439 3891 vere
3482 3848 3731 3891 nostrum

2151 3951 2296 3997 esse,
2328 3941 2422 3986 aut
2453 3949 2519 3985 ex
2545 3949 2602 3986 se
2627 3947 2750 3986 esse
2785 3946 2946 3999 posse
2974 3947 2987 3982 :
3021 3930 3114 3984 sed
3147 3939 3423 3990 constare,
3468 3929 3584 3998 ipsa
3611 3944 3735 3982 om-

2152 4028 2316 4082 nibus
2349 4029 2554 4095 pariter
2579 4031 2838 4078 extranea
2886 4037 3028 4086 esse,
3082 4033 3195 4075 tum
3238 4023 3306 4075 iis
3349 4021 3441 4090 qui
3497 4023 3577 4075 eis
3625 4019 3732 4073 frui

2153 4121 2405 4174 videntur
2431 4159 2446 4182 ,
2489 4127 2602 4172 tum
2659 4119 2724 4171 iis
2763 4118 2854 4185 qui
2907 4133 2972 4170 ne
3013 4116 3103 4169 illa
3160 4116 3380 4185 quidem
3422 4116 3727 4185 attingunt.

2152 4214 2263 4269 Nec
2297 4214 2440 4268 enim
2477 4215 2522 4269 si
2557 4215 2650 4283 qui
2693 4217 2748 4266 in
2791 4213 2901 4265 vita
2944 4212 3238 4281 plurimum
3295 4210 3414 4263 auri
3443 4225 3736 4280 congesSe-

2153 4309 2282 4370 rint,
2333 4308 2386 4361 id
2441 4308 2682 4378 ipsorum
2741 4306 3018 4374 proprium
3063 4310 3321 4372 perpetuo
3363 4310 3545 4356 manet
3583 4320 3596 4356 :
3639 4304 3734 4358 sed

2150 4401 2252 4455 etsi
2296 4401 2660 4468 undecunque
2691 4397 3076 4458 constrictum,
3129 4403 3222 4448 ant
3259 4395 3396 4464 fugit
3430 4411 3457 4447 a
3501 4394 3729 4448 viventi-

2156 4495 2256 4548 bus
2289 4493 2490 4556 adhuc,
2517 4493 2794 4545 transiens
2822 4490 2888 4544 ad
2928 4488 3284 4557 potentiores,
3316 4497 3407 4540 aut
3444 4485 3556 4554 jam
3589 4499 3738 4538 mor-

2159 4589 2196 4640 ti
2256 4588 2541 4657 proximos
2599 4585 2844 4646 deserit,
2873 4599 2974 4636 nec
3025 4584 3140 4636 vult
3177 4581 3335 4650 136
3367 4596 3470 4633 una
3501 4594 3626 4632 cum
3671 4580 3736 4632 iis

2157 4679 2249 4749 qui
2279 4681 2458 4748 ipsum
2489 4681 2900 4744 compararunt,
2932 4687 3158 4742 peregre
3203 4671 3497 4740 proficisci.
3542 4668 3648 4723 Sed
3682 4669 3734 4723 hi

2155 4773 2376 4842 quidem
2423 4771 2493 4825 ab
2517 4785 2604 4832 eo,
2650 4768 2742 4838 qui
2797 4767 2848 4820 vi
2885 4766 3098 4819 animas
3141 4779 3168 4816 a
3201 4764 3400 4817 misera
3436 4763 3534 4814 hac
3569 4777 3736 4816 carne

2153 4872 2397 4935 separat,
2425 4864 2493 4918 ad
2535 4861 2943 4917 ineluctabilem
2993 4856 3370 4925 migrationem
3418 4855 3598 4917 tracti,
3629 4857 3735 4908 fre-

2150 4969 2382 5029 quenter
2413 4964 2798 5012 convertenles
2825 4970 2884 5008 se
2906 4953 2973 5008 ad
3021 4949 3302 5021 pecunias,
3331 4949 3562 5003 sudores
3592 4963 3732 5018 quos

2151 5054 2486 5122 ajuventute
2510 5051 2579 5104 ob
2610 5064 2705 5103 eas
2735 5048 2991 5110 emisere,
3014 5044 3302 5113 deplorant
3330 5061 3344 5095 :
3378 5040 3583 5094 divitia-
3603 5056 3734 5095 vero

2152 5145 2206 5197 in
2236 5141 2445 5196 alienas
2481 5154 2677 5192 manus
2711 5135 3098 5204 commigrant,
3149 5138 3508 5202 posteaquam
3553 5131 3730 5185 solum

2156 5237 2262 5290 illis
2291 5233 2582 5303 colligendi
2622 5231 2862 5284 laborem
2899 5236 3064 5298 atque
3105 5224 3346 5279 avaritiae
3387 5224 3592 5278 crimen
3635 5225 3732 5276 ad-

2155 5330 2438 5385 sciverint.
2500 5325 2688 5395 Neque
2743 5323 2789 5378 si
2849 5319 2974 5391 quis
3009 5320 3298 5372 innumera
3332 5326 3489 5371 terra:
3536 5316 3731 5386 jugera

2148 5691 2262 5746 bris
2290 5705 2395 5743 non
2439 5688 2653 5757 legitur.

2217 5762 2326 5833 (90)
2365 5751 2625 5816 Voculam
2657 5757 2747 5810 ἐπί
2789 5773 2855 5811 cx
2905 5754 3151 5825 antiquis
3187 5753 3346 5809 libris
3393 5751 3724 5814 addidimus.
