4036 6236
332 374 434 428 5ιῖ

1556 371 1614 427 S.
1658 372 1904 429 BASILII
1948 370 2162 428 MAG-NI

3478 381 3583 437 518

330 495 631 569 possideat,
662 503 718 552 et
743 494 1064 567 magnificas
1104 495 1273 558 :edes,
1305 500 1359 547 et
1390 493 1747 549 animantium
1780 511 1903 565 gre-

2008 496 2068 549 δι⁹
2099 494 2292 559 αἰῶνος
2329 494 2528 550 αὐτῶν·
2565 496 2651 549 ἐπ’
2682 496 2861 566 ὀλίγον
2892 497 2949 551 δὲ
2980 497 3087 551 άπὸ
3124 497 3328 553 τούτων
3386 503 3588 573 ὀνομα-

328 604 428 660 ges
455 588 636 643 omnis
663 590 901 659 generis,
935 587 1207 657 fueritque
1238 588 1479 641 humano
1511 589 1661 641 omni
1711 599 1903 656 poten-

333 688 449 734 tatu
478 689 685 748 septus,
721 681 807 735 his
841 690 1103 749 perpetuo
1147 680 1365 746 fruitur,
1416 679 1510 733 sed
1544 679 1615 733 ab
1669 679 1803 748 ipsis
1836 680 1903 734 ad

331 769 495 825 breve
525 779 738 841 tempus
784 780 1010 841 accepto
1044 772 1286 837 nomine,
1346 771 1467 826 aliis
1517 771 1717 825 iterum
1773 787 1905 841 opes

330 861 499 925 cedit,
526 862 702 933 ipsum
722 877 852 916 vero
881 862 1076 931 exigua
1100 863 1262 918 tellus
1292 862 1560 918 recondit.
1591 861 1705 917 ltno
1737 864 1903 918 etiam

337 967 475 1022 saepe
501 964 625 1009 ante
670 956 1027 1023 sepulturam,
1058 963 1111 1010 et
1143 965 1433 1026 antequam
1468 957 1596 1009 hinc
1636 956 1903 1018 discedat,

336 1046 534 1100 videbit
564 1061 663 1100 sua
700 1046 839 1101 bona
871 1048 938 1101 ad
978 1048 1138 1111 alios,
1170 1063 1374 1118 eosque
1425 1048 1659 1103 fortasse
1719 1048 1904 1102 inimi-

333 1153 449 1203 cos,
515 1141 773 1195 transire.
832 1140 917 1194 An
982 1141 1302 1211 ignoramus
1349 1155 1514 1210 quam
1571 1141 1730 1194 multi
1765 1141 1904 1210 agri,

331 1241 495 1302 quam
525 1235 710 1288 multa:
738 1234 904 1297 aedes,
938 1249 1099 1304 quam
1134 1235 1318 1289 multae
1351 1244 1541 1304 gentes
1596 1249 1662 1287 ac
1711 1233 1907 1288 civita-

331 1332 436 1388 tes,
472 1326 635 1378 etiam
688 1324 867 1378 adhuc
898 1324 1212 1380 viventibus
1257 1324 1352 1395 qui
1392 1340 1454 1379 ea
1506 1324 1905 1395 possederant,

330 1415 562 1470 aliorum
593 1416 943 1471 dominorum
966 1418 1187 1471 nomina
1217 1417 1495 1487 prioribus
1516 1419 1696 1472 exutis
1723 1417 1911 1472 indue-

330 1509 479 1563 rint?
508 1519 561 1565 et
592 1511 1051 1581 quemadmodum
1085 1510 1124 1565 ii
1157 1511 1249 1581 qui
1293 1510 1425 1565 olim
1472 1511 1720 1566 servituti
1753 1511 1910 1566 addi-

2007 586 2175 650 σθεὶς,
2206 586 2388 650 ἄλλοις
2422 586 2583 641 πάλιν
2621 587 2722 657 τῆς
2752 587 3013 656 εὐπορίας
3053 590 3399 661 ἐκστήσεται,
3453 592 3587 663 βρα-

2004 679 2153 746 χεῖαν
2170 676 2274 747 γῆν
2300 676 2461 739 αὐτὸς
2486 676 2706 741 ὑποδὺς,
2742 676 3000 742 πολλάκις
3021 677 3078 730 δὲ
3103 680 3195 732 καὶ
3234 680 3340 751 πρὸ
3362 680 3457 735 τοῦ
3485 684 3586 736 τά-

2006 787 2130 838 φου,
2158 770 2252 823 καὶ
2288 770 2393 841 πρὸ
2415 769 2513 840 τῆς
2531 770 2781 824 ἐντεῦθεν
2833 772 3282 837 ἀπαναστάσεως,
3337 774 3418 838 είς
3470 776 3589 829 ἑτέ-

2008 879 2155 933 ρους,
2213 862 2309 916 καὶ
2355 862 2643 933 πολεμίους
2676 864 2858 935 τυχὸν,
2904 866 3005 934 τὴν
3041 866 3346 937 εὐπραγίαν
3397 868 3590 937 ὄψεται

2007 953 2459 1025 μεταϐαίνουσαν.
2496 957 2564 1007 Ἢ
2595 956 2695 1008 οὐκ
2723 957 2882 1026 ἴσμεν
2927 956 3114 1009 ὁπόσοι
3147 958 3244 1027 μὲν
3278 960 3458 1027 ἀγροὶ,
3492 960 3591 1012 πό-

2006 1063 2096 1099 σαι
2126 1046 2184 1100 δὲ
2216 1047 2403 1109 οἰκίαι,
2432 1046 2573 1099 πόσα
2610 1047 2667 1100 δὲ
2699 1046 2825 1117 ἔθνη
2859 1049 2951 1101 καὶ
2983 1049 3186 1113 πόλεις,
3230 1052 3325 1103 καὶ
3368 1049 3589 1113 ζώντων

2005 1137 2086 1191 ἔτι
2109 1137 2217 1193 τῶν
2246 1140 2624 1210 κτησαμένων,
2649 1141 2851 1213 ἑτέρων
2874 1142 3115 1212 ὀνόματα
3136 1143 3591 1214 μετημφιάσαντο

2004 1229 2311 1295 δεσποτῶνς
2349 1231 2441 1284 xui
2464 1232 2542 1296 ὡς
2559 1234 2609 1285 οὶ
2654 1232 2753 1303 μὲν
2783 1233 2949 1288 πάλαι
2978 1234 3320 1299 δουλεύοντες
3365 1236 3457 1288 ἐπὶ
3491 1234 3588 1288 τὸν

2007 1319 2110 1390 τῆς
2130 1321 2308 1392 ἀρχῆς
2340 1322 2527 1394 θρόνον
2555 1324 2847 1393 ἀνέϐησαν,
2879 1328 2927 1379 οἱ
2947 1326 3003 1379 δὲ
3037 1327 3220 1397 κύριοι
3253 1328 3348 1381 καὶ
3389 1327 3590 1380 δεσπό-

2006 1433 2097 1468 ται
2126 1416 2453 1488 καλούμενοι
2502 1418 2691 1488 στῆναι
2720 1420 2857 1489 μετά
2881 1419 2991 1472 τῶν
3026 1421 3344 1490 ἀρχομένων
3363 1420 3588 1490 ἠγάπη-

2011 1524 2131 1572 σαν,
2168 1508 2263 1561 xui
2298 1511 2411 1572 τοῖς
2451 1508 2660 1563 ἑαυτῶν
2703 1509 2911 1573 δούλοις
2940 1511 3248 1580 ὑπέκυψαν,
3300 1511 3490 1584 ὥσπερ
3528 1516 3590 1566 ὲν

329 1598 624 1665 cebantur,
669 1599 1095 1654 conscenderint
1136 1599 1477 1670 principatus
1507 1601 1782 1665 thronum,
1816 1602 1904 1671 qui

2008 1600 2190 1655 κύϐων
2242 1604 2626 1673 περιτροπαῖς,
2694 1603 3073 1673 μεταχθέντων
3127 1603 3237 1673 (9i)
3283 1604 3438 1674 ἄφνω
3478 1603 3592 1659 τῶ)

329 1705 461 1744 vero
490 1692 694 1745 domini
727 1692 955 1763 herique
990 1693 1351 1757 vocabantur,
1403 1693 1452 1748 si
1499 1708 1626 1748 cum
1670 1693 1904 1751 subditis

2008 1694 2348 1766 πραγμάτων
2367 1696 2549 1759 αὐτοῖς
2568 1713 2584 1762 ;

331 1784 595 1849 sederint,
635 1786 773 1840 bene
803 1801 989 1841 secum
1022 1794 1204 1841 actum
1241 1786 1493 1841 arbitrati
1526 1787 1660 1853 sint,
1696 1803 1762 1842 ac
1817 1789 2210 1846 succubuerint
2258 1790 2376 1845 suis
2434 1791 2677 1860 ipsorum
2714 1791 2910 1856 servis,
2945 1792 3132 1860 rebus,
3177 1793 3324 1848 velut
3346 1794 3397 1848 in
3414 1801 3594 1851 tesse-

326 1894 514 1935 rarum
544 1881 900 1949 circumactu,
925 1884 1216 1953 derepente
1246 1883 1672 1939 transmutatis?

397 1973 451 2027 4.
493 1970 614 2027 Jam
647 1989 778 2029 vero
809 1989 874 2029 ea
903 1990 1025 2044 quae
1066 1975 1229 2030 nobis
1278 1976 1345 2029 ad
1378 1974 1559 2030 cibum
1598 1990 1663 2030 ac
1715 1983 1903 2045 potum

2084 1971 2134 2025 4.
2169 1970 2251 2024 Τά
2281 1987 2345 2040 γε
2377 1970 2484 2043 μὴν
2524 1972 2606 2036 είς
2658 1971 2861 2043 βρῶσιν
2887 1975 3019 2045 ἡμῖν
3051 1975 3445 2048 ἐπινενοημένα
3495 1976 3595 2030 καὶ

325 2066 635 2136 excogitata
665 2074 815 2131 sunt,
867 2074 923 2122 et
953 2068 1217 2138 quidquid
1251 2070 1557 2139 petulantes
1584 2069 1789 2124 divitiae
1821 2070 1904 2123 ul-

2010 2064 2188 2128 πόσιν,
2216 2064 2310 2118 καὶ¹
2333 2063 2531 2127 πάντα,
2579 2065 2680 2117 ὅσα
2714 2065 2857 2136 πέρα
2910 2066 3011 2137 τῆς
3050 2067 3240 2139 χρείας
3275 2071 3304 2121 ὁ
3357 2067 3593 2133 πλοῦτος

328 2164 410 2211 tra
473 2157 858 2212 necessitatem
916 2158 985 2212 ad
1042 2158 1241 2228 ingrati
1291 2158 1537 2229 nihilque
1572 2160 1904 2215 continentis

2010 2156 2246 2228 ὑϐρίζων
2304 2158 2693 2228 ἐμηχανήσατο
2739 2157 2877 2229 πρὸς
2916 2158 3211 2230 θεραπείαν
3243 2160 3342 2230 τῆς
3397 2161 3595 2230 ἀχαρί-

328 2249 535 2304 ventris
562 2249 887 2320 obsequium
909 2250 1256 2312 adinvenere,
1281 2254 1501 2322 quando
1523 2261 1711 2307 nostra
1745 2260 1900 2316 sunt,

326 2342 541 2396 etiamsi
578 2350 842 2413 perpetuo
874 2342 1285 2398 infunduntur?
1313 2344 1445 2411 Quae
1478 2345 1571 2399 ubi
1604 2354 1823 2415 gustum
1850 2347 1904 2401 in

325 2436 565 2489 transitu
617 2435 884 2490 duntaxat
931 2437 1147 2491 modica
1181 2436 1418 2506 quadam
1449 2437 1733 2507 voluptate
1774 2437 1895 2493 affe-

324 2526 525 2590 cerint,
583 2540 711 2580 mox
770 2533 1033 2597 tanquam
1067 2527 1298 2582 molesta
1353 2541 1418 2581 ac
1454 2526 1732 2597 superflua
1762 2542 1906 2599 :egre

325 2616 574 2681 ferimus,
601 2618 1033 2690 festinanterque
1062 2618 1210 2675 foras
1244 2620 1518 2690 ejicimus,
1550 2627 1611 2675 ut
1646 2621 1705 2675 in
1753 2635 1906 2677 sum-

324 2726 476 2766 mum
522 2712 648 2766 vitae
712 2711 1011 2767 discrimen
1045 2712 1355 2778 venientes,
1409 2713 1456 2768 si
1510 2714 1566 2768 in
1604 2714 1905 2770 visceribus

324 2803 418 2857 diu
453 2813 861 2873 permanerent.
891 2804 1117 2860 Mortem
1149 2805 1294 2861 enim
1335 2820 1445 2859 non
1483 2807 1674 2876 paucis
1722 2806 1908 2861 intulit

325 2893 575 2957 satietas,
619 2893 829 2964 fuitque
872 2896 928 2948 in
968 2908 1157 2959 causa,
1216 2910 1315 2948 cur
1345 2895 1479 2949 nihil
1511 2896 1749 2965 amplius
1805 2894 1903 2949 de-

324 2991 630 3054 gustarent.
662 2983 890 3040 Lasciva
916 2985 1152 3058 denique
1181 2986 1409 3051 cubilia,
1430 2987 1738 3058 impurique
1760 3003 1905 3043 com-

323 3079 540 3151 plexus,
566 3086 620 3135 et
652 3080 838 3133 omnia
868 3080 1101 3136 rabiosae
1149 3091 1312 3151 atque
1353 3081 1682 3138 insanientis
1709 3082 1905 3137 anima:

321 3188 511 3245 Opera,
544 3189 728 3228 nonne
754 3182 963 3229 naturae
1007 3184 1136 3229 sunt
1175 3174 1563 3229 detrimentum
1596 3177 1758 3246 plane
1787 3176 1901 3230 evi-

2009 2263 2135 2299 στου
2159 2246 2256 2300 καὶ
2295 2247 2460 2318 μηδὲν
2491 2246 2788 2319 στεγούσης
2817 2248 3076 2318 γαστρὸς,
3107 2248 3226 2303 πότ’
3257 2249 3325 2303 ἂν
3343 2250 3596 2320 ἡμέτερα

2006 2339 2236 2408 γένοιτο,
2263 2341 2366 2396 κᾶν
2382 2340 2713 2412 ὲπαντλῆται
2743 2341 3037 2414 διηνεκῶς;
3066 2342 3134 2394 ’Ἀ
3154 2358 3219 2411 γε
3251 2342 3454 2413 μικράν
3470 2359 3595 2395 τινα

2005 2436 2072 2504 τῇ
2106 2433 2293 2503 γεύσει
2326 2435 2486 2505 μόνον
2522 2434 2897 2506 έναποθέμενα
2921 2434 3063 2488 κατὰ
3089 2435 3187 2506 τὴν
3214 2435 3449 2507 πάροδον
3474 2435 3595 2506 ἡδο-

2007 2526 2125 2598 νὴν,
2151 2525 2312 2589 εὐθὺς
2341 2526 2417 2591 ὠς
2447 2525 2655 2597 ὀχληρὰ
2709 2527 2806 2580 καὶ
2853 2526 3085 2598 περιττά
3140 2526 3587 2598 δυσχεραίνομεν,

2008 2619 2105 2672 xui
2166 2617 2304 2689 μετά
2358 2618 2596 2688 σπουδῆς
2641 2617 2745 2684 ἔξω
2799 2636 2890 2673 ποι
2944 2618 3229 2689 βάλλομεν,
3279 2619 3355 2683 ὡς
3401 2621 3450 2672 εί
3476 2621 3591 2682 τοῖς

2010 2708 2334 2779 σπλάγχνοις
2358 2709 2682 2780 έγχρονίσοι,
2717 2708 2787 2761 τά
2816 2710 3055 2780 μέγιστα
3086 2708 3328 2781 περὶτοῦ
3353 2709 3451 2781 ζῇν
3471 2727 3589 2764 κιν-

2006 2800 2517 2872 δυνεύσοντες,(92).
2551 2800 2774 2866 Πολλοῖς
2801 2801 2934 2871 γοῦν
2956 2803 2984 2854 ὁ
3010 2801 3171 2873 κόρος
3209 2803 3385 2873 ἤγαγε
3426 2802 3592 2857 θάνα-

2008 2911 2121 2956 τον,
2148 2893 2243 2946 καὶ
2275 2892 2368 2946 τοῦ
2400 2893 2630 2963 μηδενὸς
2674 2893 2971 2947 ἀπολαύειν
3004 2893 3085 2946 ἔτι
3124 2894 3417 2965 γεγένηται
3458 2895 3593 2965 πρό-

2011 2987 2181 3051 ξενος.
2212 2987 2403 3039 Κοῖται
2432 2987 2487 3039 δὲ
2520 2987 2802 3057 ἀσελγεῖς,
2849 2989 2945 3042 xui
2981 2988 3199 3060 βέϐηλοι
3254 2988 3588 3059 συμπλοκαὶ,

2010 3082 2104 3134 καὶ
2136 3080 2314 3134 πάντα
2338 3081 2438 3134 ὅσα
2457 3080 2736 3153 λυττώσης
2765 3080 2902 3152 ἔργα
2931 3082 3026 3135 xui
3046 3082 3367 3153 παραφόρου
3389 3080 3588 3153 ψυχῆς,

2009 3173 2130 3242 οὐχὶ
2193 3171 2461 3244 πρόδηλος
2515 3172 2693 3243 πάντη
2755 3173 2866 3244 (95)
2932 3173 3106 3244 ζημία
3154 3176 3221 3245 τῇ
3271 3173 3453 3244 φύσει,
3497 3176 3593 3228 καὶ

323 3267 485 3330 dens,
513 3275 568 3322 et
597 3267 871 3338 pernicies
896 3269 1065 3331 clara,
1103 3276 1155 3322 et
1189 3269 1377 3323 dotum
1399 3285 1522 3339 quae
1550 3270 1750 3339 cuique
1778 3285 1904 3324 vere

2012 3263 2183 3335 βλάϐη
2205 3264 2530 3336 περιφανὴς,
2558 3264 2782 3317 καὶτῶν
2821 3264 2970 3319 ἰδίων
2996 3266 3167 3328 ὅντως
3195 3267 3426 3320 ἑκάστου
3455 3267 3592 3336 μᾶλ-

323 3361 561 3431 propria:
608 3367 739 3416 sunt
764 3359 1098 3416 abalienatio
1126 3376 1191 3417 ac
1224 3362 1560 3427 imminutio,
1605 3377 1729 3416 cum
1780 3376 1906 3416 cor-

323 3467 428 3523 pus
455 3458 708 3507 tenuetur
726 3452 781 3507 in
810 3452 1206 3524 complexibus,
1240 3460 1293 3508 et
1318 3453 1578 3508 alimento
1599 3467 1905 3524 congruen-

322 3545 541 3599 tissimo
597 3552 761 3615 atque
813 3544 883 3599 ad
918 3545 1294 3601 conservanda
1323 3546 1568 3600 membra
1598 3559 1902 3600 accommo-

322 3634 610 3691 datissimo
643 3635 947 3707 spolietur?
984 3634 1172 3708 Itaque
1195 3652 1644 3708 unumquemque
1682 3637 1904 3693 illorum

321 3726 419 3798 qui
448 3728 725 3783 cubilibus
758 3728 1053 3799 impudicis
1094 3731 1430 3795 volutantur,
1466 3732 1651 3787 statim
1679 3738 1802 3801 post
1827 3729 1907 3784 fa-

322 3819 506 3885 cinus,
547 3835 673 3875 cum
704 3829 936 3878 (nstrum
959 3822 1204 3893 elanguit
1228 3823 1435 3887 carnis,
1472 3838 1760 3892 mensque,
1808 3822 1905 3876 de-

321 3912 562 3968 testabili
604 3911 713 3969 fine
754 3915 981 3970 obtento
1025 3929 1215 3971 eorum
1249 3931 1371 3986 quae
1405 3916 1657 3980 tentavit,
1689 3915 1910 3970 recolle-

323 4007 405 4077 git
430 4023 551 4065 sese
584 4015 846 4076 tanquam
875 4025 941 4063 ex
981 4008 1247 4064 ebrietate
1286 4016 1382 4064 aut
1411 4016 1738 4079 tempestate
1769 4022 1908 4079 qua-

323 4100 472 4167 dam,
505 4109 581 4165 et,
618 4103 840 4157 ubinam
866 4106 958 4166 sit,
986 4100 1372 4156 considerandi
1398 4104 1569 4156 otium
1612 4110 1773 4156 nacta
1798 4111 1903 4167 est,

324 4192 738 4250 incontinentiae
768 4210 882 4249 suae
924 4195 1082 4250 valde
1131 4194 1427 4249 admodum
1460 4196 1712 4265 paenitet.
1769 4194 1908 4250 Sen-

324 4284 391 4339 tit
430 4285 575 4339 enim
612 4299 814 4355 corpus
858 4292 912 4340 et
947 4285 1275 4341 imbecillius
1319 4284 1525 4340 factum
1559 4300 1703 4351 esse,
1750 4292 1803 4339 et
1838 4285 1906 4340 ad

325 4393 556 4434 munera
589 4380 908 4434 necessaria
938 4379 1191 4434 obeunda
1217 4378 1432 4449 pigrum
1464 4393 1530 4433 ac
1559 4394 1789 4450 prorsus
1810 4377 1908 4433 de-

325 4473 455 4528 bile.
491 4472 604 4527 Hoc
631 4473 797 4542 igitur
819 4487 943 4527 cum
972 4472 1079 4541 ipsi
1109 4486 1328 4542 quoque
1360 4471 1678 4542 paedotriba:
1706 4470 1909 4526 intelli-

2008 3356 2097 3410 λον
2121 3356 2475 3429 ἀλλοτρίωσίς
2523 3373 2585 3409 τε
2638 3357 2734 3409 καὶ
2772 3356 3019 3427 μείωσις,
3068 3355 3461 3428 ἐλαττουμένου
3489 3356 3589 3410 τοῦ

2010 3446 2260 3518 σώματος
2310 3449 2369 3501 ὲν
2409 3449 2531 3511 ταῖς
2570 3446 2769 3518 μίξεσι,
2832 3448 2923 3500 καὶ
2946 3448 3044 3519 τῆς
3069 3447 3449 3519 γνησιωτάτης
3497 3448 3593 3501 καὶ

2011 3543 2480 3614 συνεκτικωτάτης
2498 3543 2609 3597 τῶν
2642 3543 2821 3615 μελῶν
2865 3542 3290 3614 άποσυλωμένου
3348 3540 3591 3612 τροφῆς;

2008 3636 2306 3709 Τοιγαροῦν
2354 3637 2587 3690 ἑκάστου
2631 3636 2741 3690 τῶν
2787 3640 2906 3701 ταῖς
2953 3636 3241 3705 άσελγέσιν
3273 3633 3593 3704 ὲγκαλινδη-

2009 3728 2209 3783 θέντων
2237 3730 2441 3794 εὐναῖς,
2475 3729 2615 3801 μετὰ
2662 3730 2759 3802 τὴν
2813 3729 3015 3802 πρᾶξιν
3046 3728 3229 3793 εὐθὺς,
3262 3730 3391 3795 ὅταν
3418 3730 3447 3782 ὁ
3490 3726 3592 3797 μὲν

2007 3821 2108 3892 τῆς
2141 3822 2341 3893 σαρκὸς
2357 3817 2574 3895 οἶστρος
2597 3822 2983 3895 ἀπομαρανθῇ,
3009 3822 3146 3894 πρὸς
3175 3822 3235 3875 τὸ
3256 3820 3508 3892 βδελυρὸν
3532 3820 3593 3873 δὲ

2005 3907 2081 3967 ὧν
2116 3916 2430 3987 ἐνεχείρησε
2460 3917 2635 3987 πέρας
2673 3915 2845 3970 ἐλθὼν
2867 3916 2896 3967 ὁ
2922 3914 3067 3979 νοῦς,
3099 3914 3289 3987 ὥσπερ
3317 3916 3380 3967 ὲκ
3417 3911 3594 3984 μέθης

2007 4007 2339 4079 ἢχειμῶνός
2389 4026 2556 4074 τινος,
2613 4008 2707 4062 τοῦ
2769 4006 3111 4076 λογίσασθαι,
3151 4010 3246 4060 ποῖ
3281 4005 3413 4060 ποτέ
3447 4006 3590 4069 ἐστι,

2007 4100 2160 4154 λάϐοι
2188 4100 2404 4174 σχολὴν,
2440 4101 2667 4173 σφοδρός
2692 4118 2777 4164 τις
2812 4100 3120 4172 εἰσέρχεται
3167 4098 3269 4169 τῆς
3318 4095 3591 4169 ἀκρασίας

2011 4193 2334 4264 μετάμελος.
2383 4193 2799 4265 ’Δδρανεστέρου
2819 4211 2878 4246 τε
2899 4193 3009 4263 γὰρ
3033 4192 3348 4247 αἰσθάνεται
3365 4206 3593 4260 γεγενη-

2012 4286 2175 4356 μένου
2208 4286 2302 4339 τοῦ
2339 4283 2610 4355 σώματος,
2642 4286 2737 4340 xui
2786 4285 2924 4355 πρὸς
2978 4285 3079 4358 τὴν
3121 4284 3228 4339 τῶν
3275 4283 3593 4352 ἀναγκαίων

2008 4377 2272 4448 ἐργασίαν
2288 4376 2520 4449 νωθροῦ,
2555 4378 2649 4433 xui
2686 4379 3033 4432 παντάπασιν
3080 4376 3361 4439 ἀσθενοῦς.
3419 4375 3592 4429 Τοῦτο

2006 4469 2071 4541 δὴ
2105 4470 2214 4543 ἄρα
2256 4471 2350 4524 καὶ
2397 4473 2510 4534 τοῖς
2559 4470 2934 4540 παιδοτρίϐαις
2983 4471 3385 4540 κατανοήσασιν
3420 4470 3449 4522 ὁ
3487 4466 3592 4536 τῆς

326 4572 538 4635 gerent,
572 4565 923 4619 continentiae
964 4564 1138 4634 legem
1173 4564 1230 4617 in
1269 4563 1541 4633 palaestris
1582 4571 1901 4627 sanxerunt,

2012 4562 2364 4635 σωφροσύνης
2425 4564 2483 4616 ὲν
2541 4565 2663 4627 ταῖς
2720 4563 3084 4635 παλαίστραις
3130 4564 3436 4633 γέγραπται
3499 4560 3590 4613 νό-

326 4656 755 4712 adolescentium
786 4670 1019 4725 corpora
1050 4671 1083 4710 a
1114 4656 1488 4726 voluptatibus
1523 4663 1643 4709 tuta
1677 4669 1909 4709 servan-

326 4756 460 4813 tem,
483 4750 671 4819 eisque
697 4748 1039 4804 certantibus
1072 4763 1140 4802 ne
1168 4749 1412 4818 aspicere
1436 4747 1652 4817 quidem
1688 4746 1906 4816 elegan-

328 4850 412 4898 tes
446 4843 648 4898 formas
682 4841 1106 4912 peruiittentem,
1143 4842 1189 4897 si
1216 4842 1417 4897 vellent
1439 4841 1621 4912 capita
1674 4855 1774 4895 sua
1804 4855 1901 4894 co-

326 4936 480 4990 ronis
506 4950 793 5000 exornare,
833 4936 980 5006 quod
1006 4935 1407 4990 incontinentis
1436 4935 1609 4990 risum
1635 4936 1693 4988 in
1718 4932 1901 4988 lucta-

325 5028 476 5083 tione
504 5026 716 5094 aﬁ‘erat,
754 5043 866 5083 non
897 5041 1185 5083 coronam.

395 5210 447 5265 5.
490 5206 616 5264 Haec
655 5210 873 5280 quidem
925 5219 1182 5283 tanquam
1231 5198 1410 5265 aliena
1459 5207 1688 5263 omnino
1742 5218 1906 5278 atque

327 5301 534 5364 inania.
568 5310 624 5357 et
658 5317 778 5371 quae
802 5304 1008 5358 nullius
1037 5303 1258 5374 propria
1283 5317 1407 5357 esse
1454 5301 1691 5372 possint,
1719 5315 1901 5371 operae

326 5393 562 5462 pretium
600 5400 684 5448 est
714 5394 917 5449 clausis
951 5394 1128 5449 oculis
1181 5394 1462 5463 praeterire
1504 5411 1516 5446 :
1547 5405 1739 5447 eorum
1773 5405 1905 5446 vero

325 5497 447 5553 quae
475 5499 604 5540 vere
636 5494 825 5541 nostra
853 5496 1005 5552 sunt,
1042 5486 1300 5541 convenit
1334 5483 1492 5557 167
1529 5499 1718 5539 curam
1758 5483 1905 5536 mul-

395 5659 505 5732 (91)
545 5658 680 5730 Reg.
713 5660 921 5729 primus
951 5645 1308 5732 περιτροπαῖς
1343 5658 1766 5732 μετατεθέντων.

395 5730 508 5804 (92)
547 5732 772 5804 Antiqui
797 5741 914 5804 tres
942 5730 1065 5804 libri
1097 5730 1522 5804 κινδυνεύοντεὲ
1552 5732 1619 5804 At
1650 5730 1784 5804 Reg.
1816 5746 1900 5785 se-

322 5801 538 5861 cundus
562 5815 616 5859 et
646 5803 777 5858 editi
808 5802 1260 5867 κινδυνεύσαντες.
1301 5801 1446 5858 Mox.
1484 5802 1641 5857 Colb.
1689 5801 1898 5873 primus

2014 4672 2115 4727 μος
2144 4654 2277 4727 (94),
2324 4654 2497 4709 ἄσυλα
2542 4654 2697 4725 παρὰ
2740 4654 2848 4709 τῶν
2891 4654 3092 4727 ἡδονῶν
3127 4657 3237 4718 τοῖς
3286 4653 3590 4714 νεανίσκοις

2013 4745 2295 4816 φυλάττων
2330 4745 2410 4799 τά
2440 4744 2690 4817 σώματα,
2734 4747 2830 4801 xui
2855 4746 2956 4801 οὐκ
2988 4747 3297 4817 ἐπιτρέπων
3328 4742 3590 4814 ἀγωνιζο-

2013 4837 2195 4909 μένοις
2243 4839 2450 4902 αὐτοῖς,
2479 4838 2601 4892 οὐδὲ
2643 4839 2766 4892 ὅσον
2801 4839 3140 4911 προσϐλέψαι
3191 4843 3312 4902 ταῖς
3340 4837 3593 4909 λαμπού-

2011 4947 2135 4995 σαις
2168 4933 2423 5001 μορφαῖς,
2446 4930 2562 4999 εῐγε
2591 4930 2827 4985 ἐθέλοιεν
2854 4932 3266 5003 στεφανωθῆναι
3299 4932 3398 5003 τὴν
3423 4947 3595 5000 κεφα-

2009 5022 2128 5096 λὴν,
2167 5023 2241 5086 ὡς
2272 5025 2373 5094 τῆς
2404 5024 2678 5095 ἀκρασίας
2723 5024 2937 5094 γέλωτα
2988 5024 3229 5096 ἀγούσης
3279 5026 3337 5078 ὲν
3366 5023 3445 5094 τῷ
3485 5039 3594 5077 πα-

2011 5116 2201 5181 λαίειν,
2232 5118 2292 5171 οὐ
2329 5118 2609 5186 στέφανον.

2083 5209 2136 5264 5.
2164 5209 2350 5263 Ταῦτα
2379 5210 2476 5280 μὲν
2496 5210 2572 5273 ὡς
2601 5210 2861 5282 ἀλλότρια
2886 5210 3064 5282 πάντη
3088 5211 3184 5265 καὶ
3218 5211 3468 5282 περιττὰ,
3495 5216 3594 5263 xu‘t

2011 5300 2225 5364 οὐδενὸς
2241 5301 2349 5355 ἴδια
2371 5302 2624 5370 γενέσθαι
2650 5302 2948 5373 δυνάμενα,
3006 5302 3375 5374 παρατρέχειν
3405 5302 3589 5364 καλὸν,

2012 5394 2136 5456 τοὺς
2158 5391 2470 5463 ὀφθαλμοὺς
2499 5393 2897 5462 ὲπιμύσαντας·
2919 5393 3025 5446 τῶν
3044 5394 3099 5446 δὲ
3114 5394 3283 5457 ὅντως
3308 5393 3594 5465 ἡμετέρων

2014 5483 2274 5555 πρόνοιαν
2323 5485 2591 5556 προσήκει
2644 5484 2917 5539 ποιεῖσθαι
2951 5485 3176 5558 πολλὴν.
3232 5487 3298 5539 Τί
3328 5486 3385 5538 δὲ
3425 5486 3595 5548 ὅντως

2012 5660 2207 5713 Κοῖται
2233 5659 2290 5713 δὲ
2318 5660 2436 5714 καί.

2081 5730 2195 5805 (νδ)
2232 5730 2594 5805 βάἰῑὶρταντί.
2631 5731 2703 5805 At
2739 5734 3104 5805 mss._7:uerq.

2081 5799 2192 5872 (94)
2229 5799 2370 5873 Lege
2399 5800 2650 5857 Ducaeum
2686 5804 2743 5860 in
2773 5803 2929 5872 illud,
2957 5799 3267 5878 γέγραπται
3296 5803 3481 5877 νόμος.
