4036 6236
313 363 416 420 549

1064 361 1297 420 HOMIL.
1337 357 1528 426 QUOD
1565 351 1921 412 MUNDANIS
1958 346 2465 406 ADHI’ERENDUM
2503 346 2641 403 NON
2683 343 2814 403 SIT.

3459 343 3564 397 530

312 486 612 556 ἡμέτερον;
676 484 839 555 Ψυχή
894 500 975 545 τε,
1071 481 1274 552 ζῶμεν,
1304 478 1476 550 λεπτή
1508 494 1591 541 τις
1616 472 1752 531 οὖσα
1801 473 1895 527 καὶ

2015 483 2109 522 ,am
2134 467 2354 522 habere.
2388 464 2530 531 Quid
2567 472 2747 518 autem
2772 476 2899 517 vere
2932 466 3180 515 nostrum
3204 458 3326 514 est?
3355 459 3571 513 Anima.

318 575 499 644 νοερὰ,
524 575 623 629 καὶ
648 575 807 629 οὐδὲν
830 575 1059 646 δεομένη
1081 574 1189 628 τῶν
1220 571 1581 644 βαρυνόντων⁸
1600 567 1894 638 καὶσῶμα,

317 674 381 726 τὸ
403 671 576 745 ταύτῃ
623 670 777 724 δοθὲν
805 670 989 742 δχημα
1037 670 1173 743 πρὸς
1202 669 1291 723 τὸν
1320 667 1435 738 βίον
1462 665 1614 737 παρά
1644 662 1739 717 τοῦ
1780 661 1896 714 κτί-

322 780 533 826 σαντος.
566 760 743 815 Τοῦτο
762 762 873 833 γὰρ
892 763 1193 834 ἄνθρωπος·
1224 760 1346 824 νοῦς
1372 758 1712 828 ἐνδεδεμένος
1728 772 1897 828 προσ-

322 857 474 929 φόρῳ
530 857 625 909 καὶ
659 855 948 928 πρεπούσῃ
1010 856 1191 927 σαρκί.
1227 853 1397 908 Τοῦτο
1429 852 1533 905 ὑπὸ
1560 851 1653 904 τοῦ
1696 849 1898 903 πανσό-

324 968 425 1020 (pou
447 950 690 1021 τεχνίτου
710 951 822 1004 τῶν
860 951 996 1004 ὅλων
1024 952 1082 1003 ἐν
1110 953 1223 1014 τοῖς
1246 948 1519 1021 μητρῴοις
1548 946 1703 1018 ἡμῶν
1732 945 1889 998 πλάτο

324 1057 475 1093 τεται
503 1040 745 1103 κόλποις.
774 1039 946 1093 Τοῦτο
968 1042 1049 1105 είς
1082 1039 1199 1109 φῶς
1232 1042 1294 1092 ἐκ
1318 1040 1425 1091 τῶν
1452 1034 1739 1090 σκοτεινῶν
1764 1034 1881 1087 ὲκεί

322 1151 432 1187 νων
461 1132 720 1203 θαλάμων
739 1134 767 1185 ὀ
799 1132 910 1186 τῶν
956 1132 1160 1187 ὠδίνων
1190 1132 1311 1200 ἄγει
1341 1131 1549 1201 καιρός,
1593 1131 1635 1181 Τ
1638 1129 1761 1182 οὗτο
1803 1128 1903 1197 ἄρα

324 1245 443 1298 χειν
470 1225 674 1297 ἐτάχθη
708 1226 820 1280 τῶν
850 1227 944 1279 ἐπὶ
980 1226 1102 1297 γῆς.
1145 1225 1329 1295 Τούτῳ
1373 1223 1673 1294 γυμνάσιον
1700 1220 1902 1293 ἀρετῆς

323 1315 362 1385 ἡ
383 1314 559 1378 κτίσις
614 1315 957 1385 ὑφήπλωται.
990 1314 1176 1386 Τούτῳ
1207 1316 1381 1367 κεῖται
1406 1313 1588 1383 νόμος,
1619 1308 1902 1382 μιμεῖσθαι

321 1405 418 1460 τὸν
452 1406 698 1476 πλάστην
728 1408 809 1470 είς
839 1406 1087 1479 δύναμιν,
1113 1407 1208 1462 καὶ
1241 1407 1339 1477 τὴν
1371 1408 1429 1459 ὲν
1452 1407 1700 1477 οὐρανοῖς
1745 1404 1905 1456 εὐτα-

324 1495 447 1562 ξίαν
475 1500 838 1570 σκιαγραφεῖν
872 1499 967 1551 ἐπὶ
989 1499 1111 1569 γῆς.
1140 1498 1330 1558 Τοῦτο,
1365 1495 1614 1551 ἐντεῦθεν
1639 1494 1906 1565 καλούμε-

322 1605 439 1653 νον,
466 1590 853 1644 ἀπανίσταται.
872 1590 1042 1644 Τοῦτο
1066 1589 1144 1661 τῷ
1168 1591 1260 1644 τοῦ
1279 1589 1588 1661 πέμψαντος
1605 1586 1738 1642 Θεοῦ
1765 1605 1840 1641 πα
1848 1607 1906 1662 ρ·

330 1679 544 1733 ίσταται
575 1679 800 1751 βήματι.
830 1680 1003 1734 Τοῦτο
1035 1680 1337 1735 εὐθύνεταισ
1365 1681 1525 1734 τοῦτο
1557 1680 1769 1752 δέχεται
1808 1682 1906 1753 τὴν

324 1772 435 1824 τῶν
480 1770 716 1825 ἐνταῦθα
770 1772 1244 1844 πεπολιτευμένων
1298 1773 1584 1827 ἀντίδοσιν.
1639 1772 1748 1826 Καὶ
1805 1771 1903 1837 τὰς

327 1861 531 1932 ἀρετὰς
558 1863 618 1915 δὲ
651 1862 895 1935 ἡμέτερα
930 1864 1183 1935 κτήματα
1226 1863 1486 1934 γινόμενα
1512 1861 1662 1934 εὖροι
1689 1880 1774 1926 τις
1817 1862 1904 1926 ἂν,

327 1955 457 2008 ὅταν
488 1952 550 2019 ἐξ
581 1954 901 2023 ἐπιμελείας
943 1955 1320 2024 συνυφανθῶσι
1354 1958 1420 2026 τῇ
1455 1954 1638 2024 φύσει’
1669 1956 1762 2008 καὶ
1784 1954 1907 2008 οὔτε

329 2045 425 2099 ἐπὶ
473 2046 580 2115 γῆς
615 2044 947 2117 μοχθοῦντας
991 2048 1135 2118 ἡμᾶς
1179 2047 1576 2118 ἀπολιμπάνειν
1614 2046 1906 2112 ἐθέλουσιν,

328 2136 399 2208 ἢν
433 2136 511 2209 μὴ
537 2137 676 2209 πρὸς
710 2137 831 2208 βίαν
876 2139 1047 2204 αύτάς
1087 2140 1306 2203 ἑκόντες
1353 2139 1740 2211 ἀποδιὼξωμεν
1790 2142 1910 2203 ταῖς

329 2230 440 2283 τῶν
467 2231 729 2302 χειρόνων
751 2235 1089 2301 ἐπαγωγαῖς·
1109 2233 1286 2294 ὲκεῖσέ
1304 2252 1364 2287 τε
1385 2233 1754 2304 ἐπειγομένων
1780 2251 1912 2306 προ-

327 2322 611 2392 ⁸ινρέχουσι,
663 2324 757 2377 καὶ
810 2326 926 2387 τοῖς
970 2324 1222 2393 ἀγγέλοις
1269 2326 1363 2378 τὸν
1420 2325 1764 2397 κτησάμενον
1800 2325 1908 2395 (95)

334 2414 710 2477 συντάττουσι,
759 2415 852 2469 καὶ
878 2415 1153 2487 λάμπουσι
1185 2416 1251 2469 δι’
1285 2416 1481 2480 αἰῶνος
1518 2416 1622 2470 ὑπὸ
1656 2420 1769 2480 τοῖς
1816 2415 1910 2470 τοῦ

331 2506 623 2570 κτίσαντος
679 2506 997 2578 ὀφθαλμοῖς.
1051 2508 1288 2572 Πλοῦτος
1335 2509 1416 2576 δὲ,
1471 2509 1565 2563 καὶ
1602 2510 1910 2575 δυναστεία,

334 2602 431 2655 καὶ
461 2602 814 2674 περιφάνεια,
868 2603 966 2656 καὶ
1015 2605 1217 2676 τρυφὴ,
1276 2605 1371 2657 καὶ
1436 2604 1544 2668 πᾶς
1596 2605 1625 2657 ό
1669 2603 1913 2668 τοιοῦτος

334 2692 515 2764 ὄχλος,
550 2698 579 2747 ό
610 2695 731 2748 καθ’
762 2694 978 2766 ἡμέραν
1000 2696 1066 2748 ὲκ
1088 2698 1186 2767 τῆς
1207 2694 1485 2767 ἡμετέρας
1522 2695 1707 2759 ἀνοίας
1741 2696 1913 2761 αὐξα-

334 2784 579 2853 νόμενος,
617 2782 740 2836 οὔτε
773 2782 1123 2855 συμπροῆλθε
1162 2782 1296 2854 πρὸς
1329 2782 1419 2835 τὸν
1453 2781 1565 2851 βίον
1594 2784 1746 2853 ἡμῖν,
1790 2782 1914 2837 οὔτε

337 2872 648 2942 συναπῆλθέ
678 2889 843 2938 τισιν,
876 2871 1013 2925 ἀλλά
1040 2870 1099 2924 τὸ
1118 2869 1193 2941 τῷ
1229 2869 1419 2939 δικαίῳ
1446 2868 1612 2921 πάλαι
1636 2868 1798 2939 ῥηθὲν
1822 2869 1914 2921 ἐπὶ

336 2966 541 3029 παντὸς
611 2964 898 3036 ἀνθρώπου
965 2964 1180 3033 πέπηγε
1246 2963 1339 3016 καὶ
1400 2963 1594 3033 κρατεῖ
1620 2978 1633 2990 '
1670 2960 1914 3030 Γυμνὸς

333 3057 603 3127 ἐξῆλθον
631 3058 698 3110 ὲκ
736 3056 970 3123 κοιλίας
989 3057 1213 3125 μητρός
1228 3072 1368 3123 μου,
1392 3052 1619 3125 γυμνὸς
1658 3053 1759 3108 καὶ
1803 3054 1915 3108 ἀπ-

334 3151 685 3220 ελεύσομαι.

405 3303 461 3359 6.
505 3304 565 3357 '0
600 3303 697 3374 μὲν
724 3297 816 3356 οὖν
846 3301 1045 3373 ἄριστα
1078 3298 1479 3370 βουλευόμενος,
1504 3299 1604 3369 τῆς
1630 3297 1808 3370 ψυχῆς
1838 3298 1919 3352 ὅτι

340 3398 577 3470 μάλιστα
614 3395 909 3468 ᾳροντίσει,
939 3392 1035 3446 καὶ
1084 3392 1239 3445 τούτο
1284 3390 1374 3444 διὰ
1420 3392 1636 3444 πάντων
1672 3389 1923 3462 πειράσε-

336 3499 428 3536 ται
475 3480 669 3546 σώζειν
707 3479 996 3548 εἰλικρινές
1039 3495 1097 3531 τε
1146 3478 1239 3531 καὶ
1268 3478 1527 3547 γνήσιον⁶
1573 3477 1672 3545 τῆς
1718 3475 1921 3547 σαρκὸς

336 3575 396 3628 δὲ
434 3574 469 3645 ἢ
518 3572 663 3643 λιμῷ
700 3572 1030 3643 τηκομένης,
1076 3569 1109 3641 ἢ
1159 3567 1355 3641 κρυμῷ
1396 3569 1490 3622 καὶ
1527 3567 1720 3621 θάλπει
1750 3584 1920 3638 προσ-

338 3665 701 3734 παλαιούσης,
732 3663 766 3734 ἢ
799 3663 976 3725 νόσοις
1005 3660 1394 3731 ἀλγυνομένης,
1442 3660 1475 3730 ἢ
1527 3657 1842 3729 πασχούσης
1870 3676 1920 3711 τι

340 3758 495 3827 παρά
517 3773 680 3810 τινων
706 3755 880 3826 βίαιον
914 3753 1048 3823 (96),
1078 3753 1254 3821 ὀλίγον
1284 3752 1565 3822 ποιήσεται
1614 3751 1705 3804 τὸν
1741 3750 1918 3818 λόγον,

322 3851 402 3901 τὸ
435 3849 533 3901 τοῦ
576 3847 792 3901 Παύλου
848 3845 1040 3915 φωνῶν
1094 3847 1178 3913 ἐφ’
1211 3843 1441 3897 ἑκάστου
1482 3843 1593 3895 τῶν
1623 3843 1921 3913 δυσχερῶν,

337 3940 436 3991 καὶ
463 3936 836 4008 φθεγγόμενος
853 3953 867 3965 ⁸
896 3937 965 3989 El
997 3938 1093 3989 καὶ
1121 3940 1152 3989 ὀ
1175 3936 1397 4000 ἔξωθεν
1420 3934 1590 4003 ἡμῶν
1614 3935 1925 4003 ἄνθρωπος

338 4030 663 4098 φθείρεται,
697 4030 835 4083 ἀλλ’
878 4033 910 4083 d
955 4030 1184 4083 ἔσωθεν
1229 4028 1655 4083 ἀνακαινοῦται
1697 4028 1925 4096 ἡμέραν

338 4122 471 4175 καθ’
510 4121 759 4190 ἡμέραν.
786 4122 896 4173 Kal.
932 4121 1055 4173 οὗτε
1085 4122 1209 4183 τοὺς
1236 4121 1373 4191 ὑπὲρ
1398 4119 1491 4174 τοῦ
1521 4120 1619 4191 ζῇν
1649 4120 1926 4185 κινδύνους

341 4213 634 4283 προϊόντας
664 4211 826 4283 ὀρῶν,
864 4214 1160 4281 φανήσεται
1199 4211 1404 4275 δεδιὼς,
1438 4210 1550 4265 ἀλλ’
1584 4211 1760 4282 ἑαυτῷ
1784 4211 1925 4278 λέξει

340 4304 565 4377 θαρρῶν
583 4322 599 4336 ο
632 4305 912 4373 Οἴδαμεν,
944 4302 1053 4366 ὅτι,
1086 4302 1195 4356 ἐὰν
1221 4304 1256 4369 ἡ
1281 4304 1540 4373 ἐπίγειος
1578 4302 1744 4373 ἡμῶν
1770 4304 1926 4356 οἰκία

338 4394 451 4448 τοῦ
475 4392 751 4459 σκήνους
782 4391 1112 4459 καταλυθῇ,
1152 4391 1475 4461 οἰκοδομὴν
1511 4395 1579 4446 ἐκ
1613 4393 1762 4447 Θεοῦ
1788 4394 1925 4461 ἕχο-

341 4504 476 4556 μεν,
504 4489 706 4540 οὶκίαν
733 4486 1209 4555 ἀχειροποίητον,
1236 4485 1478 4539 αἰώνιον
1503 4487 1574 4538 ἐν
1610 4487 1732 4552 τοῖς
1761 4489 1927 4553 οἰιοαρ

2004 574 2111 631 qua
2142 560 2402 622 vivimus,
2438 573 2559 628 qua:
2590 556 2771 612 tenuis
2800 563 2884 611 est
2912 567 2976 608 ac
3022 554 3355 622 intelligens,
3380 553 3580 624 cuique

2006 652 2141 707 nihil
2170 665 2361 706 eorum
2400 665 2521 720 quas
2550 655 2777 720 gravant
2798 663 2936 717 opus
2966 653 3073 708 est,
3105 652 3158 701 et
3204 660 3405 715 corpus
3434 646 3578 714 quod

2005 744 2053 800 ei
2100 759 2201 814 pro
2232 742 2485 797 vehiculo
2530 741 2597 794 ad
2644 739 3056 810 transigendam
3088 738 3257 791 vitam
3315 752 3344 789 a
3379 730 3613 791 condi-'

2006 843 2127 890 tore
2165 835 2353 889 datum
2387 841 2493 889 est.
2527 831 2642 887 Hoc
2673 833 2818 887 enim
2852 832 3017 885 homo
3055 839 3161 894 est,
3187 846 3343 885 mens
3367 844 3584 883 accom-

2005 928 2179 982 modas
2203 940 2267 980 ac
2292 925 2615 996 congruenti
2654 922 2805 978 carni
2838 921 3063 992 illigata.
3104 920 3217 975 lloc
3276 936 3305 973 a
3362 920 3583 989 sapien-

2006 1020 2223 1074 tissimo
2253 1020 2635 1072 universorum
2668 1017 2863 1086 Opiﬁce
2897 1016 2951 1069 in
3004 1022 3162 1069 utero
3194 1022 3438 1070 materno
3468 1015 3583 1069 for-

2008 1120 2208 1166 matur.
2253 1109 2367 1163 Hoc
2404 1109 2460 1163 in
2504 1110 2679 1163 lucem
2713 1124 2777 1162 ex
2828 1107 3139 1161 tenebrosis
3172 1106 3282 1160 illis
3324 1106 3584 1161 thalamis

2008 1205 2193 1259 educit
2230 1201 2476 1273 pariendi
2507 1210 2742 1271 tempus.
2776 1198 2911 1264 Hoc,
2941 1199 3106 1253 rebus
3128 1198 3366 1252 terrenis
3399 1206 3455 1249 ut
3484 1196 3587 1249 im~

2010 1302 2246 1363 pcraret,
2277 1292 2638 1347 constitutum
2683 1296 2785 1344 est.
2836 1288 2976 1342 Huic
3006 1290 3283 1343 substrata
3331 1293 3587 1340 creatura

2009 1396 2093 1441 est
2133 1385 2199 1439 ad
2247 1384 2470 1439 virtutis
2499 1381 2843 1438 exercitium.
2883 1380 3021 1435 Huic
3068 1381 3244 1451 posita
3276 1380 3359 1433 lex
3390 1387 3495 1442 est,
3527 1386 3588 1433 ut

2011 1492 2110 1547 pro
2153 1475 2363 1530 viribus
2408 1475 2650 1527 imitetur
2688 1471 3076 1534 conditorem,
3122 1477 3285 1538 atque
3337 1469 3587 1539 discipli-

2011 1579 2137 1619 nam
2192 1563 2471 1618 cmlestcm
2524 1561 2579 1616 in
2630 1563 2791 1615 terris
2827 1560 3134 1614 aduntbret.
3172 1557 3285 1612 Hoc
3321 1559 3588 1623 abscedit,

2013 1655 2143 1708 hinc
2181 1662 2494 1708 evocatum.
2533 1650 2646 1705 Hoc
2690 1651 2758 1705 ad
2788 1650 2881 1704 Dei
2912 1651 3004 1720 qui
3053 1650 3229 1721 ipsum
3276 1650 3445 1714 misit,
3492 1654 3592 1704 tri-

2014 1746 2180 1801 bunal
2212 1745 2426 1800 sistitur
2459 1763 2472 1798 :
2509 1743 2613 1797 hoc
2644 1744 2700 1797 in
2741 1742 3009 1812 judicium
3043 1753 3271 1797 vocatur
3302 1763 3315 1798 :
3352 1743 3455 1797 hoc
3493 1758 3591 1798 eo-

1939 1852 1978 1906 Β
2008 1852 2126 1891 rum
2192 1853 2311 1907 quae
2349 1851 2446 1906 per
2498 1836 2666 1888 vitam
2711 1836 2949 1905 patravit
3003 1834 3243 1890 debitam
3286 1836 3590 1890 mercedem

2007 1926 2222 1997 recipit.
2259 1927 2435 1996 Atque
2458 1924 2691 1979 virtutes
2714 1939 2933 1994 quaque
2956 1924 3338 1994 possessiones
3370 1933 3592 1979 nostras

2008 2021 2124 2075 ﬁeri
2157 2018 2580 2091 deprehenderit
2610 2019 2756 2088 quis,
2821 2017 2916 2071 ubi
2974 2017 3178 2071 fuerint
3229 1997 3355 2071 cum
3394 2024 3592 2071 natura

2007 2114 2292 2184 diligenter
2329 2117 2630 2177 contextae;
2680 2120 2735 2165 et
2780 2125 2959 2180 neque
3008 2109 3323 2163 laborantes
3386 2123 3489 2163 nos
3537 2108 3594 2161 in

2011 2215 2154 2261 terra
2206 2205 2398 2261 volunt
2431 2206 2706 2267 deserere,
2742 2202 2851 2259 nisi
2905 2202 3054 2257 vitiis
3100 2200 3435 2256 introductis
3494 2214 3591 2256 eas

2009 2314 2105 2369 per
2140 2297 2249 2353 vim
2283 2307 2477 2369 sponte
2508 2295 2903 2366 fugaverimus,
2954 2301 3009 2348 et
3041 2293 3109 2347 ad
3147 2291 3385 2347 futuram
3426 2292 3594 2346 vitam

2011 2390 2336 2446 festinantes
2379 2396 2744 2459 praecurrunt,
2789 2394 2842 2442 et
2869 2386 3139 2440 collocant
3184 2385 3325 2439 inter
3373 2384 3595 2455 angelos

2011 2498 2170 2539 suum
2203 2496 2601 2553 possessorem,
2635 2489 2689 2534 et
2722 2480 2824 2535 sub
2872 2477 3175 2533 conditoris
3223 2477 3398 2533 oculis
3439 2488 3597 2531 aeter-

2010 2590 2142 2631 num
2174 2573 2403 2646 fulgent.
2438 2573 2650 2627 Divitiae
2687 2588 2837 2635 vero,
2878 2579 2933 2627 et
2971 2578 3309 2641 potentatus,
3346 2578 3402 2625 et
3433 2571 3598 2623 clari-

2013 2666 2166 2730 tudo,
2196 2672 2250 2720 et
2278 2665 2509 2731 deliciae,
2556 2671 2610 2718 et
2638 2666 2819 2718 omnis
2852 2661 3120 2732 ejusmodi
3153 2662 3315 2715 turba
3353 2659 3599 2732 quotidie

2010 2771 2111 2827 per
2135 2764 2380 2811 nostram
2405 2754 2778 2825 insipientiam
2810 2769 3139 2824 augescens,
3186 2768 3366 2823 neque
3402 2753 3600 2807 introi-

2012 2850 2089 2905 vit
2128 2829 2423 2904 nobiscum.
2466 2848 2521 2903 in
2560 2847 2753 2911 vitam,
2803 2863 2982 2917 neque
3039 2863 3162 2902 cum
3204 2845 3316 2901 illis
3356 2862 3596 2919 unquam

2013 2940 2194 2994 abiit:
2232 2939 2325 2994 sed
2372 2940 2425 2993 in
2457 2953 2793 3009 unoquoque
2852 2938 3073 2994 homine
3114 2939 3279 2992 ﬁxum
3313 2946 3367 2993 et
3416 2946 3597 2992 ratum

2014 3039 2219 3091 manet,
2246 3031 2390 3102 quod
2420 3031 2548 3085 olim
2579 3047 2606 3083 a
2633 3030 2786 3098 justo
2816 3030 3020 3083 dictum
3054 3037 3137 3083 est
3166 3047 3178 3082 :
3213 3027 3406 3083 Nudus
3434 3044 3604 3099 egres-

2016 3136 2107 3174 sus
2148 3138 2265 3174 sum
2309 3136 2375 3174 ea:
2417 3130 2567 3175 utero
2603 3120 2791 3173 matris
2840 3136 2989 3184 mete,
3026 3119 3199 3172 nudus
3233 3120 3393 3176 etiam
3425 3134 3598 3174 rever-

1938 3210 1982 3269 C
2016 3219 2100 3264 tar
2121 3210 2187 3265 ⁸⁸.

2094 3303 2147 3360 6.
2188 3301 2374 3374 Itaque
2422 3303 2515 3374 qui
2558 3303 2662 3357 sibi
2704 3303 2908 3373 optime
2931 3302 3191 3367 consulit,
3230 3299 3595 3356 curabitani-

2020 3408 2162 3447 mam
2189 3409 2348 3464 quam
2382 3397 2633 3457 maxime,
2660 3395 2874 3465 hocque
2905 3396 3082 3449 modis
3116 3395 3371 3449 omnibus
3401 3403 3453 3447 et
3485 3394 3601 3449 sin-

2022 3500 2208 3540 cerum
2249 3496 2300 3540 et
2328 3486 2622 3556 genuinum
2655 3502 2876 3543 servare
2903 3487 3191 3540 conabitur
3220 3505 3232 3539 :
3262 3486 3444 3540 carnis
3472 3498 3604 3541 vero

2023 3577 2137 3637 sive
2158 3576 2297 3631 fame
2335 3578 2677 3641 conficiatur,
2723 3580 2838 3634 sive
2862 3595 2985 3633 cum
3039 3578 3240 3650 frigore
3274 3585 3367 3631 aut
3420 3576 3602 3632 calore

2024 3668 2280 3731 luctetur,
2317 3669 2433 3722 sive
2465 3683 2494 3721 a
2522 3668 2728 3723 morbis
2763 3669 3132 3732 excrucietur,
3168 3666 3283 3722 sive
3302 3665 3599 3720 violentum

2022 3757 2154 3827 quid
2197 3759 2264 3811 ab
2303 3758 2579 3828 aliquibus
2636 3760 2997 3828 perpetiatur,
3049 3759 3322 3813 rationem
3376 3772 3602 3827 parvam

2025 3843 2265 3907 habebit,
2301 3845 2432 3898 illud
2469 3843 2622 3899 Pauli
2654 3847 2708 3900 in
2754 3848 2986 3917 singulis
3018 3847 3443 3902 adversitatibus
3478 3861 3603 3917 pro-

2028 3936 2228 4001 ferens,
2264 3951 2328 3991 ac
2361 3938 2551 3994 dicens
2582 3956 2595 3992 :
2635 3937 2781 3992 Licet
2823 3940 3052 3993 exterior
3090 3938 3242 3992 homo
3276 3947 3455 3991 noster
3484 3955 3604 3992 cor-

2024 4038 2321 4097 rumpatur,
2347 4030 2568 4083 interior
2595 4039 2768 4084 tamen
2800 4040 3081 4085 renovatur
3096 4032 3160 4086 dc
3184 4033 3267 4085 dic
3295 4032 3347 4083 in
3370 4029 3506 4083 diem
3534 4029 3602 4087 ⁸⁸.

2028 4116 2092 4171 Ει
2134 4118 2224 4172 ubi
2260 4121 2448 4175 venire
2479 4136 2540 4176 se
2584 4121 2639 4175 in
2668 4122 2792 4175 vitae
2825 4123 3127 4191 periculum
3178 4122 3397 4186 viderit,
3430 4123 3605 4177 haud-

2026 4226 2299 4279 quaquam
2339 4214 2624 4282 apparebit
2668 4214 2934 4270 timidus:
2969 4216 3064 4269 sed
3124 4214 3227 4270 sibi
3269 4216 3385 4285 ipse
3436 4215 3607 4270 confl-

2027 4302 2219 4357 deuter
2237 4303 2486 4360 dicturus
2502 4314 2621 4378 est:
2661 4305 2868 4361 Scimus
2891 4308 3030 4378 quod
3063 4309 3109 4361 si
3133 4311 3398 4364 terrestris
3423 4320 3607 4366 nostra

2026 4393 2214 4448 domus
2256 4394 2413 4464 hujus
2459 4396 2786 4452 tabernaculi
2818 4398 3164 4467 dissolvatur,
3203 4402 3608 4470 (odi/icationcm

2029 4501 2093 4539 ea:
2124 4485 2231 4539 Deo
2260 4487 2509 4541 habemus
2543 4504 2561 4542 :
2592 4489 2807 4543 domum
2857 4507 2959 4543 non
3007 4492 3392 4560 manufactam,
3456 4502 3605 4546 teter-

339 4576 496 4641 roiq.
528 4577 590 4628 Ei
616 4576 675 4628 δέ
713 4593 798 4639 τις
831 4575 1005 4629 ἐθέλοι
1043 4576 1318 4643 φείδεσθαι
1363 4576 1459 4629 καὶ¹
1509 4576 1605 4629 τοῦ
1657 4575 1907 4646 σώματος

2034 4595 2156 4631 nam
2206 4579 2261 4632 in
2315 4580 2458 4633 celi:
2506 4581 2571 4635 ⁸⁷.
2616 4580 2673 4635 Si
2717 4583 2842 4652 quis
2895 4593 3075 4637 tamen
3132 4585 3367 4638 voluerit
3410 4598 3610 4653 corpus

340 4666 421 4729 ὡς
454 4667 616 4737 μόνου
651 4668 928 4737 κτήματος
959 4666 1258 4734 ἀναγκαίου
1287 4667 1457 4738 ψυχῇ,
1492 4668 1586 4720 καλ⁹
1618 4667 1932 4737 συνεργοῦν-

342 4771 438 4819 τος
464 4758 601 4828 αὐτῇ
637 4757 776 4828 πρὸς
803 4757 865 4810 τὸ
905 4757 1003 4828 ζῇν
1033 4759 1124 4811 ἐπὶ
1155 4759 1279 4829 γῆς,
1314 4758 1485 4829 μικρά
1522 4758 1655 4828 πρὸς
1690 4757 1787 4820 τὰς
1812 4757 1933 4810 τού-

2033 4669 2197 4721 etiam
2253 4670 2651 4736 commiserari,
2688 4680 2951 4742 tanquam
2992 4674 3137 4743 quod
3190 4689 3296 4726 uua
3331 4674 3611 4742 possessio

2035 4758 2125 4822 sit,
2164 4774 2285 4827 qua:
2321 4760 2518 4814 animae
2566 4764 2879 4817 necessaria
2920 4771 3024 4827 est,
3070 4765 3227 4834 eique
3262 4763 3329 4817 ad
3356 4766 3519 4817 vitam
3555 4766 3609 4817 in

347 4864 441 4899 του
474 4849 664 4919 χρείας
690 4850 1177 4920 ὲπιστραφήσεται,
1207 4850 1301 4901 καὶ
1327 4847 1468 4901 ὥστε
1499 4849 1739 4918 συνέχειν
1772 4849 1913 4919 μόνοτ

2033 4856 2178 4904 terra
2208 4851 2506 4920 degendam
2540 4857 2820 4923 suppetias
2851 4854 2977 4920 fert,
3018 4856 3270 4926 exiguam
3302 4854 3610 4909 necessita-

348 4940 500 5003 αὐτὸ,
532 4942 625 4994 καὶ
656 4944 719 5012 τῇ
751 4941 851 5011 τῆς
876 4941 1055 5011 ψυχῆς
1098 4942 1370 5013 ὑπηρεσίᾳ
1413 4941 1502 4994 διὰ
1547 4941 1771 5011 μετρίας
1814 4943 1913 4994 ἐπι⁴

2035 4951 2147 4995 ιιιιη
2199 4944 2319 5012 ejus
2368 4959 2558 5000 curam
2622 4948 2906 5017 suscipiet,
2951 4957 3010 5001 ιιι
3039 4947 3172 5001 illud
3224 4956 3278 5002 et
3331 4946 3612 5003 contineat

352 5032 571 5100 μελείας
600 5032 914 5103 ἐρρωμένον
957 5035 1164 5103 τηρεῖν,
1207 5033 1282 5103 μὴ
1325 5032 1572 5102 μέντοιγε
1615 5032 1913 5102 ἐπιτρέπειη

2034 5041 2268 5098 tantum,
2302 5044 2357 5090 et
2385 5052 2481 5107 per
2511 5038 2840 5094 mediocrem
2872 5055 3063 5093 curam
3088 5055 3284 5094 sanum
3317 5051 3610 5099 conservet

348 5123 455 5175 ὑπὸ
485 5125 649 5195 κόρου
684 5126 928 5195 σοιιιρτᾷν.
958 5125 1020 5178 Εἰ
1045 5125 1101 5177 δὲ
1143 5126 1238 5178 ἴδοι
1268 5124 1397 5176 ποτὲ
1426 5126 1544 5187 ταῖς
1566 5124 1658 5176 τοῦ
1689 5124 1913 5188 πλείονος

2035 5127 2102 5180 ad
2155 5128 2351 5183 anima:
2405 5132 2952 5194 ministerium,~non
2993 5132 3066 5184 ita
3100 5140 3281 5186 autem
3337 5142 3396 5186 ut
3432 5133 3609 5204 ipsum

349 5216 443 5267 καὶ
467 5215 610 5286 πέρα
637 5215 733 5269 τοῦ
772 5216 1171 5279 λυσιτελοῦντος
1226 5217 1541 5287 ἐπιθυμίαις
1580 5216 1907 5285 φλεγόμενον

2038 5220 2294 5276 satietate
2328 5223 2582 5278 lascivire
2613 5225 2778 5280 sinat.
2806 5223 2961 5289 Quod
2993 5226 3039 5279 si
3078 5225 3275 5279 viderit
3318 5226 3449 5280 illud
3487 5228 3609 5297 plu-

350 5308 536 5379 βοήσει
566 5309 703 5381 πρὸς
734 5309 870 5362 αὐτὸ
905 5310 967 5363 τὸ
1004 5309 1098 5362 τοῦ
1125 5309 1339 5362 Παύλου
1369 5308 1701 5377 νομοθετῶν·
1740 5308 1913 5362 Οὐδὲν

2038 5312 2183 5367 rium
2230 5312 2506 5370 desiderio
2547 5315 2787 5382 incendi,
2816 5316 2981 5386 idque
3021 5317 3160 5371 citra
3208 5318 3610 5384 necessitatem,

418 5466 466 5499 ⁸⁸
499 5465 603 5523 Job
633 5484 689 5534 ι,
726 5467 814 5525 li.
889 5467 938 5499 ⁸⁸
975 5465 1020 5520 ll
1050 5462 1178 5523 Cor.
1213 5482 1288 5533 tv,
1327 5466 1416 5521 16.
1495 5466 1540 5498 ⁸⁷
1579 5464 1621 5519 ll
1653 5467 1782 5522 Cor.
1818 5483 1872 5532 v,
1910 5466 1967 5522 l.

419 5605 531 5679 (95)
556 5604 735 5679 Editio
773 5602 944 5658 Basil.
982 5608 1052 5679 et_
1078 5599 1234 5679 (ξοην.
1273 5602 1482 5671 primus
1520 5602 1776 5670 ἀγγέλοις
1824 5599 1916 5679 1:06

351 5671 702 5748 κτίσαμένου,
735 5690 928 5748 eosque
960 5671 1511 5748 qaiufcstinaveruntt
1549 5689 1666 5725 cum
1716 5672 1918 5748 augetis

351 5741 630 5801 conditori:
655 5741 947 5801 collocant.
973 5741 1093 5814 Ἀιἰὶ
1119 5750 1233 5798 tres
1263 5759 1398 5801 mss.
1421 5741 1514 5797 τοῦ
1547 5741 1915 5814 κτησαμένου.

356 5816 529 5874 Editio
550 5817 727 5875 Paris.
758 5817 853 5871 τὸν
886 5812 1254 5886 κτησάμενον.

2099 5602 2212 5675 (96)
2240 5603 2392 5676 ςοιι).
2425 5607 2635 5674 primus
2660 5626 2823 5662 τινων
2852 5605 3061 5676 βιαίων,
3090 5624 3123 5659 a
3156 5606 3468 5676 quibusdam
3506 5611 3614 5663 vio-

2027 5672 2350 5750 lentis._Nec
2389 5672 2465 5730 ita
2512 5680 2685 5735 multo
2729 5672 2862 5750 post
2896 5678 3029 5747 Reg.
3089 5672 3285 5734 tertius
3336 5678 3613 5744 κινδύνους

2027 5746 2377 5817 προσιόντας.
