3982 6240
418 423 515 477 5231

1709 414 1767 468 ὃ.
1813 412 2010 466 BASIL
2026 411 2059 464 .l
2098 408 2310 464 MAGIu‘l

3582 395 3690 449 551

414 539 464 591 ei
494 509 836 601 reclamabit,
863 533 1233 604 pra-scribens
1269 530 1401 585 illud
1430 530 1585 585 Pauli
1615 549 1628 585 :
1668 529 1818 583 Nihil
1863 530 2004 582 intu-

2132 523 2543 593 ’ίσηνέγκιιμεν
2588 522 2675 584 είς
2724 517 2829 571 τόν
2887 517 3117 585 κόσμον
3173 511 3418 566 τοῦτον·
3473 508 3687 577 δῆλον.

416 628 576 678 timus
607 625 664 677 in
699 624 836 678 hunc
878 625 1163 689 mundum;
1212 626 1557 692 conspicuum
1586 633 1686 687 est,
1735 620 1872 693 quod
1920 637 2008 674 ne-

416 730 515 783 que
547 714 757 775 auferre
785 714 1068 786 quidquam
1093 731 1390 784 possumus.
1429 712 1692 766 Habentes
1714 709 2007 765 autemnli-

419 816 617 871 "tanta,
632 816 681 861 et
702 807 890 878 quibus
915 807 1344 879 tegamur,]_63
1365 806 1446 859 his
1470 805 1705 859 contenti
1721 805 1917 857 erimus
1938 802 2003 854 ⁸⁸.

422 896 636 953 Etenim
677 901 727 954 si
765 901 876 955 haec
913 911 1176 971 perpetuo
1210 901 1425 968 corpori
1459 899 1700 961 oecinat,
1733 898 2010 951 inclamet-

423 1007 549 1061 que,
579 992 714 1047 illud
746 1000 799 1048 et
844 996 1173 1065 morigerum
1207 1004 1261 1049 et
1288 1009 1503 1064 semper
1528 994 1595 1048 ad
1617 990 2009 1064 prefectionem

421 1086 707 1140 caelestem
743 1086 1056 1155 expeditum
1095 1085 1306 1150 reddet,
1337 1085 1552 1155 eritque
1576 1082 1783 1138 auxilio
1814 1079 2010 1151 majori

427 1175 494 1229 ad
527 1189 591 1230 ea
629 1191 752 1246 qua:
780 1177 1055 1247 proposita
1082 1186 1211 1231 sunt
1239 1175 1489 1232 obeunda
1518 1175 1706 1229 munia
1739 1192 1753 1229 :
1793 1175 1878 1229 sin
1909 1189 2011 1228 au-

428 1273 537 1319 tem
593 1266 838 1322 insolens
897 1282 961 1322 ac
1017 1275 1332 1337 protervum
1385 1282 1510 1322 esse
1557 1266 1898 1337 permiserit,
1956 1278 2012 1323 et

427 1358 714 1428 quibusvis
772 1360 1017 1429 quotidie
1081 1366 1344 1430 tanquam
1385 1360 1682 1414 immanem
1715 1359 2009 1428 quamdam

429 1450 664 1506 bestiam
703 1451 935 1522 oppleri,
985 1460 1099 1506 tum
1155 1451 1374 1507 demum
1423 1452 1600 1522 ipsius
1650 1452 1890 1522 pondere
1943 1451 2015 1505 ad

412 1555 636 1598 'terram
663 1544 932 1599 violenter
960 1534 1220 1614 vergente
1251 1550 1543 1607 attractus,
1588 1543 1794 1611 jaeebit
1833 1542 2013 1597 inani-

430 1647 514 1691 ter
553 1637 940 1706 ingemiscens.
973 1636 1119 1701 Quin
1158 1645 1211 1691 et
1245 1635 1313 1690 ad
1359 1633 1653 1689 Dominum
1718 1634 2010 1696 adductus,

431 1736 486 1781 et
515 1728 718 1782 terreni
750 1727 897 1782 illius
928 1727 1146 1782 itineris
1184 1727 1291 1781 sibi
1320 1725 1606 1781 commissi
1645 1725 1888 1780 fructum
1922 1740 2014 1779 ro—

434 1829 615 1890 gatus,
652 1836 752 1874 nec
783 1820 1013 1875 reddere
1043 1821 1250 1883 valens,
1277 1819 1571 1889 plurimum
1605 1818 2010 1882 lamentabitur,

2114 618 2204 672 ὅτι
2258 614 2402 669 οὐδὲ
2445 610 2782 681 ἐξενεγκεῖν
2828 627 2879 662 τι
2927 607 3248 674 δυνάμεθαᾳ
3304 604 3588 669 Ἔχοντες
3627 600 3694 653 δὲ

2113 706 2433 777 διατροφὰς
2471 705 2563 758 καὶ
2605 700 3024 769 σκεπάσματα,
3059 697 3291 761 τούτοις
3323 694 3694 764 ἀρκεσθησό-

2108 803 2282 872 μεθα.
2321 798 2505 852 Ταῦτα
2559 796 2656 867 μὲν
2698 795 2807 866 γὰρ
2861 791 3073 863 ἐπᾴδων
3119 788 3266 859 αὐτῷ
3317 785 3557 855 συνεχῶς
3601 782 3694 836 καὶ

2117 888 2275 958 βοῶν,
2302 885 2513 958 εὐήνιόν
2539 903 2598 939 τε
2624 884 2756 939 αὐτὸ
2792 883 2885 936 καὶ
2913 881 3114 949 κοῦφον
3146 881 3233 933 ἀεὶ
3260 877 3394 950 πρὸς
3416 879 3513 946 τὴν
3541 874 3697 944 οὐρά-

2114 998 2225 1035 νιον
2248 976 2548 1050 ὁδοιπορίαν
2573 978 2886 1049 ἐργάσεται,
2917 974 3010 1027 καὶ
3041 972 3239 1042 μᾶλλον
3271 973 3349 1033 εἰς
3373 968 3442 1021 τὰ
3477 965 3697 1038 προκεί-

2119 1089 2256 1145 μενα
2301 1071 2562 1140 κτήσεται
2613 1068 2904 1140 συνεργόν·
2953 1068 3000 1118 εἰ
3039 1065 3096 1117 δὲ
3135 1062 3376 1133 ὑϐρίζειν
3405 1058 3538 1113 αὐτὸ
3570 1073 3697 1124 cnv—

2116 1163 2375 1232 χωρήσοι,
2409 1161 2503 1214 καὶ
2531 1159 2748 1213 πάντων
2771 1158 2855 1227 ἐφ’
2879 1155 3096 1228 ἡμέραν
3147 1150 3545 1224 ἐμπίπλασθαι,
3576 1145 3700 1202 καθα

2116 1259 2257 1331 άπερ
2288 1275 2340 1310 τι
2364 1255 2551 1328 θηρίον
2583 1256 2876 1325 ἀνήμερον,
2916 1247 3143 1321 ὕστερον
3169 1250 3289 1310 ταῖς
3314 1243 3510 1316 βιαίοις
3534 1240 3699 1295 αὐτοῦ

2117 1350 2255 1421 πρὸς
2286 1350 2391 1420 γῆν
2443 1347 2727 1410 ἀνθολκαῖς
2761 1339 3248 1404 συνεπισπασθεὶς,
3298 1337 3541 1392 κείσεται
3590 1334 3703 1387 στέο

2116 1460 2222 1496 νων
2262 1443 2497 1514 ἀνόνητα
2548 1441 2685 1512 (97).
2729 1439 2839 1492 Καὶ
2883 1435 3019 1507 πρὸς
3068 1434 3158 1486 τὸν
3189 1430 3462 1499 Δεσπότην
3494 1425 3700 1497 ἀχθεὶς,

2117 1538 2212 1590 καὶ
2250 1536 2350 1606 τῆς
2404 1536 2497 1589 ἐπὶ⁴
2535 1534 2641 1603 γῆς
2685 1531 2910 1603 πορείας
2952 1528 3051 1598 τῆς
3094 1523 3402 1594 ἐνδοθείσης
3440 1518 3589 1589 αὐτῷ
3612 1518 3703 1570 τὸν

2118 1631 2330 1703 καρπὸν
2358 1628 2775 1699 ἀπαιτούμενος,
2813 1619 2930 1677 εἶτα
2967 1623 3066 1675 οὐκ
3102 1620 3240 1690 ἔχων
3264 1616 3471 1678 δοῦναι,
3506 1613 3707 1683 θρηνή-

2120 1743 2202 1778 σει
2243 1721 2451 1795 μακρὰ,
2492 1722 2586 1774 καὶ
2633 1720 2820 1781 σκότος
2863 1716 3073 1786 οἰκήσει
3111 1710 3375 1782 διηνεκὲς,
3424 1705 3596 1795 πολλὰ
3637 1706 3704 1774 τῇ

3519 1793 3547 1817 τ

2117 1818 2296 1888 τρυφῇ
2327 1815 2418 1869 καὶ
2445 1817 2513 1886 τῇ
2547 1811 2746 1880 ταύτης
2778 1809 2955 1881 πλάνῃ
2987 1804 3355 1877 μεμφόμενος,
3386 1800 3475 1867 ὑφ’
3516 1796 3583 1869 ἧς
3616 1796 3707 1848 τὸν

432 1888 634 1967 etenim
690 1912 967 1982 perpetuis
1026 1888 1291 1967 tenebris
1317 1911 1607 1975 habitabit,
1641 1910 1891 1977 delicias,
1923 1925 2018 1964 eo-

2132 1910 2220 1980 τῆς
2250 1906 2521 1979 σωτηρίας
2563 1902 2799 1975 ἐσυλήθη
2843 1899 3060 1969 καιρόν·
3110 1894 3262 1948 οὐδὲν
3302 1894 3360 1947 δέ
3389 1895 3454 1945 ἐκ
3482 1890 3592 1942 τῶν
3616 1888 3711 1982 δα-

434 2018 666 2074 tumque
721 2002 995 2056 fallaciam
1067 2018 1177 2057 non
1232 2018 1425 2072 parum
1477 2003 1764 2068 incusans,
1818 2003 2020 2072 quibus

434 2096 630 2150 salutis
662 2100 880 2165 tempus
915 2094 1021 2149 sibi
1056 2094 1368 2164 ademptum
1400 2100 1502 2148 est.
1540 2091 1643 2148 Sed
1702 2093 1834 2147 nihil
1879 2102 2012 2148 tunc

437 2187 693 2241 utilitatis
722 2201 789 2240 ex
841 2185 1099 2257 lacrymis
1144 2186 1342 2256 capiet.
1376 2183 1442 2238 In
1474 2183 1681 2252 inferno
1710 2184 1857 2238 enim
1904 2187 2020 2255 quis

436 2281 533 2333 tibi
563 2278 936 2348 conﬁtebitur?
976 2278 1154 2347 inquit
1183 2277 1353 2331 David
1394 2278 1462 2331 3’.

509 2369 560 2422 '7.
599 2369 902 2426 Caveamus
934 2370 1103 2440 igitur
1135 2385 1298 2439 quam
1340 2369 1627 2423 celerrime
1654 2366 1764 2423 ﬁeri
1799 2368 2020 2437 poterit,

438 2480 513 2519 ne
538 2480 641 2520 nos
671 2463 773 2534 ipsi
825 2470 1024 2533 sponte
1072 2461 1429 2525 sutl‘ocemus.
1475 2458 1632 2525 Quod
1666 2460 1711 2514 si
1748 2460 2021 2530 quispiam

434 2557 549 2627 jam
580 2556 711 2611 olim
743 2555 1045 2618 inescatus,
1078 2561 1176 2608 aut
1223 2552 1539 2607 divitiarum
1585 2553 1863 2622 pulverem
1919 2552 2026 2606 ini-

440 2667 548 2721 que
575 2649 721 2721 apud
752 2666 811 2704 se
833 2648 1201 2711 coacervavit,
1243 2661 1545 2714 earumque
1592 2645 1743 2700 curis
1793 2645 2026 2716 illigavit

442 2743 708 2805 animum,
741 2748 835 2794 aut
862 2741 1104 2794 lascivia:
1143 2739 1325 2793 scelus
1347 2736 1494 2807 quod
1524 2738 1615 2791 vix
1654 2737 1763 2791 elui
1821 2744 2024 2807 potest,

443 2842 656 2889 naturae
687 2831 959 2901 adiunxit,
994 2841 1088 2885 aut
1125 2830 1452 2885 criminibus
1482 2829 1608 2885 aliis
1645 2837 1819 2885 semet
1870 2843 2029 2884 exsa-

396 2936 401 2939 '
444 2928 641 2982 tiavit:
679 2927 748 2993 is,
806 2926 935 2979 dum
976 2925 1155 2979 adhuc
1212 2931 1429 2993 tempus
1484 2929 1591 2987 est,
1634 2932 1926 2992 antequam
1959 2920 2029 2975 ad

446 3020 720 3090 integrum
780 3016 1006 3071 exitium
1066 3015 1384 3086 perveniat,
1460 3012 1698 3084 deponat
1767 3013 2027 3082 majorem

446 3113 788 3167 sarcinarum
833 3115 1064 3179 partem,
1105 3117 1159 3162 et
1208 3107 1527 3177 priusquam
1563 3105 1721 3159 navis
1772 3105 2029 3159 submer-

449 3213 628 3273 gatur,
653 3203 916 3256 mercium
957 3200 1216 3254 indecore
1240 3208 1628 3269 congestarum
1664 3196 1827 3250 faciat
1846 3197 2029 3267 jactu-

451 3313 588 3361 ram,
626 3304 790 3366 atque
816 3294 1099 3364 operarios
1128 3294 1372 3348 marinos
1401 3293 1664 3346 imitetur.
1719 3291 1800 3345 Illi
1852 3291 2025 3355 enim,

449 3389 664 3443 etiamsi
717 3389 1151 3442 necessariorum
1188 3384 1396 3454 aliquid
1425 3385 1480 3438 in
1509 3385 1633 3439 navi
1679 3384 1899 3449 vehant,
1943 3391 2028 3436 ta-

454 3497 576 3533 men
604 3480 648 3535 si
677 3495 744 3533 ex
778 3480 970 3548 pelago
1001 3478 1252 3547 insurgat
1281 3476 1337 3530 in
1386 3491 1447 3530 se
1482 3475 1849 3531 etl'ervescens
1882 3490 2031 3550 qum-

452 3575 577 3626 dam
610 3581 928 3642 tempestas,
980 3578 1036 3624 et
1064 3584 1257 3624 navem
1292 3568 1531 3638 pondere
1558 3582 1804 3637 pressam
1856 3566 2032 3620 mine-

453 3672 543 3717 tur
602 3664 857 3727 obruere,
914 3677 1079 3731 quam
1149 3660 1496 3715 velocissime
1560 3668 1816 3731 possunt,
1889 3672 2032 3711 onus

453 3771 647 3826 magna
706 3771 773 3810 ex
826 3766 980 3825 parte
1021 3754 1280 3817 allevant,
1332 3767 1395 3804 ac
1432 3766 1643 3804 mereas
1701 3749 2033 3803 indiscrimi-

455 3852 623 3903 natim
649 3849 863 3919 jaciunt
891 3851 946 3902 in
973 3861 1143 3911 mare,
1186 3854 1244 3899 ιιι
1279 3846 1462 3899 navim
1502 3844 1735 3899 reddant
1774 3843 2033 3897 ﬂuctibus

453 3940 814 4009 superiorem,
855 3946 910 3993 et
943 3938 1233 3992 animabus
1278 3936 1415 3990 solis
1464 3944 1628 4005 atque
1683 3934 2030 4003 corporibus,

457 4032 504 4086 si
538 4032 696 4084 modo
734 4032 845 4085 ﬁeri
877 4032 1073 4100 possit,
1107 4028 1316 4083 vitandi
1370 4030 1598 4098 periculi
1658 4029 1836 4081 locum
1894 4042 2032 4094 prte-

458 4124 640 4176 beant.
669 4120 780 4174 lmo
801 4122 962 4175 etiam
995 4122 1113 4174 han:
1138 4121 1290 4189 apud
1322 4137 1423 4175 nos
1444 4131 1496 4176 et
1528 4128 1769 4174 statuere
1801 4126 1855 4171 et
1879 4134 2029 4172 exse~

458 4215 551 4283 qui
583 4215 737 4280 longe
769 4213 940 4280 magis
971 4214 1129 4265 nobis
1156 4226 1319 4280 quant
1346 4212 1455 4265 illis
1480 4211 1758 4265 convenit.
1785 4208 1864 4262 llli
1890 4210 2035 4263 enim

457 4305 723 4377 quidquid
784 4304 1001 4356 tandem
1065 4304 1347 4371 ejeeerint,
1387 4304 1535 4357 illico
1566 4303 1843 4365 amittunt,
1885 4310 1939 4355 et
1970 4301 2038 4354 de

459 4408 657 4454 caetero
701 4396 949 4450 incidunt
982 4395 1137 4448 inviti
1188 4396 1242 4449 in
1305 4404 1706 4465 paupertatem,
1757 4408 1858 4448 nos
1910 4408 2037 4447 vero

460 4510 569 4564 quo
601 4492 763 4545 citius
791 4503 1016 4557 pravum
1050 4489 1153 4541 hoc
1176 4504 1317 4542 onus
1344 4488 1761 4556 proiecerimns,
1803 4502 1870 4541 eo
1921 4501 2039 4539 am-

2124 1978 2303 2071 κρύων
2327 1978 2409 2051 ἔτι
2430 1994 2745 2068 κερδαίνων.
2786 1993 2882 2045 Ἐν
2912 1990 3014 2060 γὰρ
3046 1985 3124 2053 τῷ
3160 1985 3272 2053 ᾄδῃ
3304 1985 3399 2050 τίς
3421 1978 3710 2050 ἐξομολο-

2121 2091 2372 2162 γήσεται
2397 2104 2532 2152 σοι;
2565 2088 2728 2158 φησιν
2759 2087 2787 2139 ὁ
2817 2082 2996 2141 Δαϐίδ.

2197 2363 2248 2417 7.
2298 2361 2562 2431 Φύγωμεν
2611 2352 2703 2411 οὖν
2759 2356 2908 2417 ὅπως
2946 2351 3022 2405 ἐνι
3072 2347 3306 2418 τάχους,
3358 2342 3432 2413 μὴ
3483 2339 3714 2431 ἑαυτοὺς

2126 2452 2341 2516 ἐκόντες
2372 2428 2775 2522 συμπνίξωμεν.
2818 2448 2880 2500 Et
2923 2444 2966 2498 δ’
3014 2443 3120 2514 ἄρα
3167 2456 3250 2501 τις
3281 2435 3377 2489 καὶ
3427 2431 3596 2485 πάλαι
3630 2428 3716 2522 δε-

2126 2545 2393 2609 λεασθεὶς,
2527 2541 2759 2597 πλούτου
2817 2539 2964 2592 κόνιν
3021 2532 3082 2598 ἐξ
3129 2529 3339 2590 ἀδικίας
3389 2526 3473 2594 ἐφ’
3519 2520 3715 2575 ἑαυτὸν

2129 2615 2469 2709 συνεφόρησε
2496 2635 2627 2706 (98),
2650 2635 2744 2689 καὶ
2776 2633 2866 2685 τὸν
2892 2628 3016 2682 νοῦν
3049 2628 3168 2688 ταῖς
3200 2620 3387 2676 τούτου
3418 2615 3716 2709 μερίμναις

2127 2731 2513 2806 κατέδησεν,ἧ
2561 2729 2728 2802 μύσος
2787 2721 3075 2792 ἀσελγείας
3131 2713 3379 2789 προσῆψε
3420 2713 3487 2782 τῇ
3551 2707 3716 2777 φύσει

2126 2829 2502 2890 δυσέκνιπτον,
2548 2824 2581 2894 ἦ
2616 2821 2723 2875 τῶν
2775 2819 2951 2873 ἄλλων
2994 2810 3353 2885 ἐγκλημάτων
3398 2804 3717 2873 ἐπλήρωσεν

2129 2921 2348 2978 ἑαυτύνο
2382 2912 2558 2993 οὗτος,
2603 2915 2678 2979 ὡς
2712 2913 2791 2966 ἐτι
2839 2909 3050 2976 καιρὸς,
3100 2906 3227 2976 πρὶν
3271 2900 3445 2954 ἐλθεῖν
3496 2896 3591 2993 είς.
3622 2908 3716 2943 τε-

2129 3016 2278 3068 λείαν
2305 2986 2604 3073 ἀπώλειαν,
2635 3003 2921 3061 ἀποθέσθω
2946 3001 3053 3055 τῶν
3092 2996 3325 3070 φορτίων
3368 2991 3437 3044 τὰ
3470 2986 3715 3043 πλείονα,

2131 3111 2224 3162 καὶ
2270 3107 2398 3177 πρὶν
2447 3100 2774 3172 ὑποϐρύχιον
2819 3094 3070 3166 γενέσθαι
3115 3091 3175 3144 τὸ
3224 3086 3449 3155 σκάφος,
3487 3077 3719 3177 ἐκβολὴν

2134 3167 2449 3271 ποιησάσθω
2479 3167 2602 3247 τῶν-
2622 3167 2941 3260 ἀγωγίμων,
2976 3185 3012 3239 ἃ
3047 3185 3122 3256 μὴ
3166 3180 3393 3239 δεόντως
3438 3167 3718 3271 συνέλεξε,

2057 3254 2103 3313 C
2134 3254 2229 3347 καὶ
2250 3254 2598 3363 Ιμιμηιςόισθω
2632 3254 2765 3347 τοὺς⁷
2795 3254 2892 3353 τῆς
2927 3254 3197 3347 θαλάττης
3241 3271 3496 3363 ἐργάτας.
3540 3262 3719 3363 ἰζκεί-

2133 3403 2213 3440 νοι
2237 3356 2367 3456 γὲιρ,
2392 3356 2441 3436 εί
2471 3381 2564 3436 καί
2591 3397 2645 3432 τι
2673 3378 2780 3432 τῶν
2812 3372 3124 3443 ἀναγκαίων
3154 3367 3246 3420 ἐπὶ
3270 3365 3370 3435 τῆς
3394 3360 3520 3431 νηὸς
3556 3356 3724 3424 ἄγον-

2132 3494 2222 3539 τες
2255 3474 2487 3545 τύχοιεν,
2514 3471 2720 3526 κλύδων
2747 3470 2803 3522 δέ
2833 3467 3109 3534 ἐπαναστῇ
3141 3464 3277 3527 ζέων
3327 3463 3392 3514 ἐκ
3423 3458 3517 3512 τοῦ
3551 3456 3724 3510 πελά-

2134 3586 2261 3638 γους
2290 3569 2492 3630 αὐτοῖς,
2527 3566 2617 3619 καὶ
2651 3562 2947 3617 καλύπτειν
2976 3557 3245 3627 ἀπειλήσῃ
3277 3552 3389 3622 (99)
3420 3549 3725 3619 πεπιεσμέ-

2134 3678 2231 3730 νην
2267 3658 2346 3729 τῷ
2384 3658 2565 3727 φόρτῳ
2603 3654 2699 3726 τὴν
2751 3652 2902 3715 ναῦν,
2955 3652 3104 3713 ὅπως
3156 3648 3340 3719 έχουσι
3394 3644 3613 3713 τάχους,
3659 3640 3727 3693 τὸ

2135 3749 2270 3802 πολὺ
2302 3747 2397 3801 τοῦ
2425 3746 2625 3819 βάρους
2671 3742 3123 3806 ἀποσκευάζουσι,
3158 3739 3255 3793 καὶ
3300 3738 3399 3808 τὴν
3449 3733 3726 3806 ἐμπορίαν

2135 3844 2368 3912 ἀφειδῶς
2423 3841 2705 3896 ἁντλοῦσιν
2748 3840 2830 3901 εἰς
2874 3837 3169 3899 θάλασσαν,
3201 3831 3341 3885 ὥστε
3382 3826 3726 3899 ὑψηλοτέραν

2135 3935 2359 4006 ποιῆσαι
2386 3934 2485 4005 τὴν
2523 3931 2656 3986 ναῦν
2701 3929 2795 3983 τοῦ
2832 3929 3096 3999 κύματος,
3129 3926 3222 3978 καὶ
3258 3924 3446 3995 μόναις
3468 3923 3587 3982 ταῖς
3614 3918 3728 3988 ψυ-

2136 4032 2277 4099 χαῖς,
2318 4026 2476 4097 εἴπερ
2518 4022 2629 4079 οἷόν
2670 4041 2754 4091 τε,
2801 4022 2894 4076 καὶ
2936 4023 3046 4082 τοῖς
3089 4018 3333 4088 σώμασιν
3374 4016 3439 4067 ἐκ
3476 4012 3571 4066 τοῦ
3602 4028 3729 4064 κιν-

2135 4121 2291 4173 δύνου
2348 4119 2531 4172 δοῦναι
2577 4118 2755 4186 φυγήν
2794 4116 2891 4185 (1).
2939 4110 3127 4181 Πολλῷ
3174 4110 3230 4162 δέ
3278 4107 3498 4160 ἐκείνων
3548 4104 3728 4175 δήπου

2141 4212 2339 4283 μᾶλλον
2391 4208 2563 4263 ταῦτα
2612 4210 2761 4280 ἡμᾶς
2813 4201 3159 4276 βουλεύεσθαί
3201 4218 3260 4253 τε
3309 4198 3572 4270 προσήκει
3624 4198 3728 4249 καὶ

2139 4304 2420 4376 πράττειν.
2459 4303 2684 4354 Ἐκεῖνοι
2733 4299 2829 4368 μὲν
2862 4297 2971 4367 γὰρ
3017 4296 3155 4366 ὅπερ
3203 4291 3268 4346 ἂν
3323 4290 3729 4363 ἀπορρίψωσιν,

2139 4395 2340 4457 εὐθέως
2374 4391 2681 4454 ἀπώλεσαν,
2708 4389 2802 4441 καὶ
2835 4385 3178 4457 περιίσταται
3206 4380 3392 4433 λοιπὸν
3419 4378 3507 4449 βία
3534 4376 3734 4438 πενίας

2139 4488 2354 4548 αὐτοῖς·
2391 4486 2549 4555 ἡμεῖς
2577 4483 2633 4536 δέ
2667 4483 2751 4551 ἐφ’
2778 4470 2901 4534 ὅσον
2946 4478 3012 4531 ἂν
3057 4475 3147 4528 τὸν
3188 4473 3420 4543 πονηρὸν
3462 4467 3731 4538 ἐξαντλῆ-

464 4586 663 4656 pliores
690 4581 1209 4653 praestantioresque
1238 4580 1461 4635 divitias
1492 4581 1782 4634 animabus
1829 4577 2025 4633 nostris

2142 4594 2322 4649 σωμεν
2356 4577 2597 4654 φόρτον,
2626 4574 2846 4627 πλείονα
2896 4572 2993 4625 καὶ
3050 4566 3293 4638 βελτίονα
3340 4564 3460 4627 ταῖς
3523 4561 3735 4630 ψυχαῖς

462 4676 950 4733 aceumulabimus.
996 4673 1271 4728 Scortatio
1302 4689 1562 4743 namque,
1609 4681 1665 4726 et
1694 4685 2038 4742 quacunque

462 4770 594 4823 talia
632 4778 781 4831 sunt,
812 4766 986 4834 ejecta
1020 4773 1268 4834 pereunt,
1323 4772 1377 4819 et
1420 4780 1485 4819 eo
1532 4765 1831 4818 deveniunt
1875 4772 1936 4816 ut
1971 4778 2040 4817 ne

464 4864 576 4919 sint
614 4859 832 4932 quidem
893 4859 1149 4927 amplius,
1216 4872 1339 4912 cum
1396 4858 1653 4927 laerymis
1711 4857 2038 4910 deleantur:

468 4954 831 5013 sanctimonia
858 4966 991 5008 vero
1014 4958 1069 5007 et
1094 4950 1307 5023 justitia
1354 4952 1409 5004 in
1459 4952 1677 5004 illorum
1726 4961 1915 5019 postea
1971 4949 2046 5002 Io-

469 5066 595 5105 cum
628 5054 943 5115 transeunt,
976 5062 1066 5101 res
1116 5046 1286 5108 leves,
1328 5052 1383 5099 et
1429 5060 1551 5114 qua:
1585 5044 1839 5099 ﬂuctibus
1873 5042 2039 5097 nullis

467 5149 672 5218 queant
701 5140 937 5195 obvolvi.
978 5137 1166 5208 Neque
1194 5153 1326 5209 vero
1353 5139 1598 5207 pecuniae
1629 5136 1799 5207 probe
1848 5136 2040 5204 ejecta:

464 5238 694 5303 pereunt
719 5230 1129 5285 eﬂ'undentibus
1158 5242 1223 5283 ac
1252 5227 1669 5299 projicientibus
1697 5245 1710 5280 :
1749 5224 1846 5280 sed
1875 5222 2036 5293 quasi

465 5325 519 5379 in
558 5325 693 5377 alias
717 5325 982 5393 quasdam
1013 5322 1294 5377 onerarias
1329 5335 1497 5376 naves
1525 5319 1778 5383 tutiores,
1834 5331 2039 5389 paupe-

534 5480 578 5510 ⁸⁸
620 5481 635 5532 l
671 5476 811 5533 Tim.
847 5494 939 5543 v1,
979 5478 1031 5542 7,
1068 5484 1123 5533 8.
1199 5478 1244 5509 ⁸³
1319 5476 1463 5532 Psal.
1502 5477 1656 5542 vt,ti.

534 5635 647 5704 (9'7)
687 5634 833 5691 Editi
863 5637 1114 5706 ἀνόνητα.
1155 5634 1378 5705 Antiqui
1412 5641 1526 5687 tres
1556 5630 1684 5685 libri
1713 5630 1937 5702 ἀνόητα,
1983 5636 2036 5683 et

464 5707 538 5765 ita
587 5709 793 5778 legerat
824 5708 1119 5776 interpres.

534 5774 1042 5850 (98)'7Unus_tlolb.
1085 5777 1170 5845 ἐφ’
1210 5775 1401 5829 ἑαυτὸν
1461 5774 1768 5844 συνήγαγεν
1798 5812 1813 5837 ,
1869 5786 2037 5827 sensu

461 5848 609 5906 haud
625 5848 917 5904 dissimili.

2140 4669 2369 4724 πλοῦτον
2400 4652 2865 4739 ἐπισωρεύσομεν.
2919 4659 3153 4731 Πορνεία
3199 4657 3297 4728 μὲν
3323 4653 3452 4724 γὰρ,
3488 4652 3581 4705 καὶ
3615 4652 3737 4739 ⁸ὅσα.

2139 4760 2384 4823 τοιαῦτα,
2423 4736 2646 4830 ῥιφέντα
2683 4756 2970 4815 διόλλυται,
3019 4750 3113 4805 καὶ
3155 4749 3292 4821 πρὸς
3317 4748 3379 4801 τὸ
3406 4743 3552 4817 μηδὲ⁹
3586 4736 3739 4797 εἶναι

2144 4857 2329 4926 χωρεῖ,
2375 4851 2604 4906 λυθέντα
2657 4852 2768 4911 τοῖς
2811 4847 3102 4921 δάκρυσιν’
3153 4842 3376 4911 ἀγιότης
3407 4838 3464 4890 δὲ
3508 4836 3602 4889 καὶ
3649 4836 3742 4887 ξι,-

2145 4947 2408 5015 καιοσύνη
2435 4945 2619 4998 λοιπὸν
2651 4945 2731 5006 είς
2772 4941 2863 4994 τὸν
2908 4936 3131 4992 ἐκείνων
3172 4934 3491 5006 μεθίσταται
3525 4928 3737 5001 χῶρον,

2147 5040 2448 5110 πράγματα
2480 5035 2678 5105 κοῦφα,
2712 5033 2807 5087 καὶ
2851 5031 2952 5084 οὐκ
2998 5028 3174 5082 εἰδότα
3218 5024 3423 5095 κύμασι
3449 5018 3747 5089 καλυφθῆ-

2145 5132 2233 5185 ναί
2273 5148 2402 5184 τισι.
2454 5128 2535 5182 Τὰ
2564 5126 2823 5199 χρήματά
2854 5140 2916 5192 γε
2954 5122 3094 5193 μὴν,
3148 5115 3482 5188 ἐκϐληθέντα
3520 5112 3741 5175 καλῶς,

2144 5225 2268 5280 οὔτε
2317 5224 2611 5294 ἀπόλλυται
2659 5223 2772 5282 τοῖς
2821 5215 3112 5271 ἐκϐαλοῦσι
3157 5213 3252 5265 καὶ
3299 5209 3548 5280 ῥίψασιν·
3588 5205 3743 5265 ἀλλ’,

2145 5317 2331 5386 ὥσπερ
2370 5318 2447 5378 είς
2481 5313 2712 5374 ὁλκάδας
2762 5310 2928 5372 ἄλλας
2966 5303 3375 5376 ἀσφαλεστέρας
3424 5297 3599 5360 τινὰς,
3636 5298 3744 5359 τὰς

2213 5626 2325 5696 (99)
2357 5623 2499 5677 Editi
2526 5621 2833 5696 ἀπειλήσει.
2870 5598 2939 5696 At
2963 5612 3419 5696 lllS§.~d1tSt).ﬁ6n.
3489 5678 3507 5696 .
3528 5678 3582 5696 lu

2210 5678 2284 5769 ξι)
2310 5678 2538 5780 Ειιὶιίνει
2567 5678 3004 5765 Βοε.’ςρουιιιιιιε
3036 5686 3218 5740 δοῦναι
3252 5678 3449 5752 φυγῆν.
3478 5678 3585 5735 Alii
3619 5686 3749 5734 tres

2141 5785 2277 5824 mss.
2312 5782 2524 5836 φυγειν.
