3982 6240
301 312 406 367 555

1040 307 1274 363 llOMlL.
1318 303 1506 374 QUOD
1547 299 1901 358 MUNDANIS
1933 297 2437 357 ADIUERENDUM
2479 297 2619 354 NON
2662 297 2789 353 SIT.

3443 305 3552 362 554

298 429 408 483 τῶν
433 429 682 498 πενήτων
716 428 1078 500 μετατεθέντα
1107 429 1396 500 γαστέρας,
1431 425 1752 490 διασώζεται
1783 422 1876 476 καὶ

1990 438 2100 476 rum
2131 424 2381 479 videlicet
2423 435 2660 488 ventres,
2701 431 2999 494 exportata:
3051 435 3464 493 conservantur,
3495 437 3552 484 et

302 521 491 591 φθάνει
537 521 676 592 πρὸς
722 519 947 592 λιμένας
988 521 1231 586 ἐλθόντα,
1262 523 1358 574 καὶ
1396 520 1720 590 φυλάττεται
1768 523 1880 581 τοῖς

301 613 646 677 ἐκϐάλλουσι,
675 612 900 683 κόσμος,
932 614 994 666 οὐ
1032 613 1294 677 κίνδυνος.

370 707 426 765 8.
471 705 899 778 Βουλευσώμεθα
953 707 1162 771 τοίνυν,
1212 709 1518 779 ἀγαπητοὶ,
1571 708 1699 780 περὶ
1756 703 1882 761 ἑαυ-

301 798 425 862 τούς
459 797 534 868 (2)
561 809 615 850 τι
645 798 1045 870 φιλάνθρωπον,
1074 799 1168 853 καὶ
1189 791 1249 854 to
1275 801 1371 871 τῆς
1401 801 1662 872 εὐπορίας
1691 801 1878 871 ἄχθος,

303 889 458 959 εἴπερ
489 889 627 950 ὅλως
673 888 948 959 ἐθέλοιμεν
993 887 1320 960 ποιήσασθαι
1368 888 1558 960 κέρδος
1592 890 1880 960 ἡμέτερον,

307 982 520 1045 πολλοῖς
543 980 927 1051 διανείμωμεν,
961 980 1010 1033 οἳ
1042 979 1366 1050 βαστάσουσί
1399 997 1456 1032 τε
1488 976 1616 1034 αὐτὸ
1657 997 1885 1050 περιχα-

307 1073 434 1144 ρῶς,
479 1073 575 1126 καὶ
615 1075 728 1135 τοῖς
770 1072 864 1124 τοῦ
911 1072 1176 1125 Δεσπότου
1230 1071 1469 1135 κόλποις,
1520 1073 1738 1137 ἀσύλοις
1783 1090 1882 1126 τα-

306 1165 497 1235 μείοις,
531 1164 1023 1229 ὲναποκλείσουσιν,
1055 1165 1239 1218 Ὅπου
1284 1165 1403 1232 σὴς
1433 1168 1543 1218 οὐκ
1593 1165 1879 1235 ἀφανίζει,

302 1255 446 1309 οὐδὲ
473 1255 699 1324 λῃσταὶ
737 1256 1171 1324 διορύττουσιν,
1205 1256 1348 1309 οὐδὲ
1393 1258 1739 1313 κλέπτουσι.
1769 1258 1882 1310 Δῶ-

305 1363 404 1416 μεν
454 1346 705 1411 ἐξουσίαν
773 1347 1142 1418 ὑπερχυθῆναι
1195 1346 1498 1418 βουλομένῳ
1560 1348 1696 1418 πρὸς
1758 1350 1883 1411 τοὺς

299 1435 591 1505 δεομένους
629 1436 708 1507 τῷ
754 1436 984 1508 πλούτῳ.
1036 1437 1127 1508 Μὴ
1172 1438 1619 1510 παραδράμωμεν
1661 1439 1787 1502 τοὺς
1825 1439 1883 1491 ἐν

300 1526 600 1596 ὀφθαλμοῖς
643 1528 800 1598 ἡμῶν
848 1529 928 1582 ἔτι
974 1530 1067 1583 καὶ
1109 1530 1202 1583 νῦν
1247 1534 1533 1601 κειμένους
1580 1529 1882 1602 Λαζάρους,

306 1619 440 1689 μηδέ
460 1619 570 1671 τῶν
602 1621 797 1690 ψιχίων
823 1623 924 1692 τῆς
967 1624 1236 1694 ἡμετέρας
1265 1623 1546 1694 τραπέζης
1574 1623 1885 1694 ἀρκούντων

302 1712 488 1774 αὐτοῖς
518 1714 599 1775 εἰς
632 1713 793 1782 κόρον
847 1713 1239 1786 βασκὴνωμενο
1287 1715 1450 1786 μηδὲ,
1485 1715 1574 1768 τὸν
1609 1717 1882 1786 ἀνήμερον

303 1805 512 1857 ἐκεῖνον
582 1803 922 1877 ζηλώσαντες
986 1807 1236 1860 πλούσιον
1263 1847 1278 1870 ,
1349 1808 1486 1877 πρὸς
1548 1805 1646 1878 τὴν
1715 1808 1884 1877 αὐτὴν

303 1893 497 1964 ἐκείνῳ
543 1895 640 1965 τῆς
673 1895 898 1965 γεέννης
939 1896 1109 1965 φλόγα
1157 1894 1522 1968 μετέλθωμεν.
1567 1897 1719 1949 Ἐπεὶ
1760 1895 1886 1949 πολ-

303 1983 373 2036 λὰ
423 1984 521 2053 μὲν
562 1986 658 2038 τοῦ
697 1986 947 2058 Ἀϐραὰμ
997 1987 1370 2058 δεηθησόμεθα
1417 1989 1559 2054 τότε,
1611 1987 1782 2041 πολλά
1833 1988 1887 2041 δὲ

304 2075 539 2130 ἑκάστου
589 2078 699 2130 τῶν
752 2077 1088 2147 βεϐιωκότων
1148 2080 1364 2144 καλῶς’
1428 2081 1578 2134 οὐδὲν
1627 2081 1683 2133 δὲ
1735 2080 1886 2135 ἐσται

306 2164 498 2234 κέρδος
541 2166 672 2236 ἡμῖν
720 2165 820 2237 τῆς
871 2165 1029 2238 βοῆς·
1067 2167 1345 2238 Ἆδελφὸς
1387 2169 1497 2240 γὰρ
1522 2171 1596 2224 οὐ
1633 2171 1885 2238 λυτροῦ-

304 2268 400 2305 tat
451 2253 549 2324 (3),
590 2254 960 2324 λυτρώσεται
1003 2255 1347 2327 ἄνθρωπος
1385 2260 1530 2328 Ἐρεῖ
1573 2259 1628 2311 δὲ
1661 2261 1887 2324 ἕκαστος

303 2345 530 2400 ἐκείνων
571 2350 700 2418 ἡμῖν
758 2349 1071 2421 κεκραγώςο
1120 2353 1212 2424 Μὴ
1260 2351 1410 2424 ζήτει
1459 2353 1884 2426 φιλανθρωπίαν,

306 2439 373 2506 ην
402 2439 564 2502 αὐτὸς
592 2441 678 2508 ἐφ’
711 2442 915 2512 ἐτέρων
946 2443 1251 2516 ἠγνόησας·
1297 2441 1438 2515 ’μηδέ
1485 2445 1674 2515 βούλου
1702 2445 1884 2500 λαϐεῖν

306 2529 451 2583 οὕτω
489 2533 701 2601 μεγάλα
754 2536 817 2588 σὺ
857 2536 964 2589 τῶν
1006 2532 1302 2590 ἐλαττόνων
1343 2538 1686 2606 φεισάμενος.
1725 2541 1883 2593 Ἀπό-

305 2619 438 2674 λαυε
468 2623 675 2677 τούτων
707 2618 782 2678 ὧν
821 2628 878 2680 ἐν
908 2626 986 2698 τῷ
1031 2627 1130 2699 βίῳ
1179 2629 1480 2697 συνέλεξας.
1529 2632 1739 2703 Δάκρυε
1770 2632 1883 2696 νῦν,

308 2712 495 2783 ἐπειδὴ
519 2714 640 2768 τότε
670 2717 972 2788 δακρύοντα
1020 2716 1110 2772 τὸν
1145 2721 1371 2790 ἀδελφὸν
1412 2723 1554 2794 ὀρῶν
1593 2724 1692 2776 οὐκ
1723 2723 1888 2794 ἠλέηο

307 2822 428 2868 σας.
475 2807 660 2861 Ταῦτα
701 2810 904 2880 ἐροῦσι,
953 2812 1048 2865 καὶ
1096 2811 1338 2878 δικαίως,
1376 2817 1527 2885 ἡμῖν.
1574 2816 1794 2870 Δέδοικα
1833 2817 1888 2869 δὲ

308 2896 442 2964 ἐγὼ,
480 2899 555 2970 μὴ
607 2901 701 2953 καὶ
739 2903 1085 2974 πικροτέροις
1129 2907 1274 2976 ἡμᾶς
1316 2906 1522 2960 τούτων
1559 2907 1759 2977 βάλωσι
1789 2909 1888 2980 ῥή-

311 3007 506 3058 μασιν,
561 2992 747 3064 ἐπειδὴ
800 2996 895 3048 καὶ
943 2995 1178 3066 νικῶμεν
1231 3000 1434 3052 ἐκεῖνον
1461 3040 1476 3064 ,
1529 3001 1603 3065 ώς
1655 3001 1788 3066 ῐστε,
1821 3005 1885 3074 τῇ

1983 514 2048 567 ad
2085 523 2273 583 portus
2301 517 2646 585 perveniunt,
2672 518 3168 588 custodiunturque
3195 519 3549 590 jacientibus,

1982 607 2179 677 quibus
2207 618 2524 665 ornamento
2554 617 2700 671 sunt,
2730 627 2835 665 non
2862 612 3124 681 periculo.

2052 699 2103 754 8.
2150 697 2468 755 Statuamus
2509 702 2676 772 igitur
2713 701 2782 758 de
2833 701 3265 773 nobismetipsis,
3309 704 3556 763 dilectis-

1984 791 2131 853 simi,
2185 791 2479 848 humanius
2520 793 2800 864 quiddam,
2862 801 2917 849 et
2948 794 3261 850 divitiarum
3310 812 3471 857 onus.
3508 801 3554 852 si

1983 881 2145 936 modo
2171 881 2329 936 nobis
2360 884 2618 953 prodesse
2670 885 2828 955 plane
2856 885 3104 951 velimus,
3137 887 3323 942 multis
3370 887 3552 942 distri-

1982 972 2217 1029 buamus
2254 973 2384 1043 :qui
2434 975 2564 1029 illud
2622 985 2676 1031 et
2729 977 3084 1032 transvelicnt
3116 994 3377 1049 perquam
3409 979 3550 1045 laztc,

1982 1073 2035 1119 ct
2056 1065 2111 1117 in
2143 1063 2355 1118 Domini
2391 1066 2537 1129 sinu,
2575 1067 2718 1120 velut
2749 1068 2802 1121 in
2839 1070 3231 1138 promptuariis
3259 1071 3555 1127 tutissimis

1983 1155 2301 1219 recondent,
2340 1154 2438 1209 Ubi
2469 1158 2609 1210 tinea
2635 1175 2737 1211 non
2761 1158 3061 1222 demolitur,
3091 1176 3250 1229 neque
3273 1162 3416 1230 fures
3435 1163 3560 1232 effo-

1983 1247 2155 1315 diunt,
2181 1265 2341 1318 neque
2369 1249 2619 1318 furantur
2647 1251 2712 1302 ’°.
2761 1249 2972 1307 Divitiis
3021 1251 3223 1307 effundi
3257 1254 3312 1308 in
3357 1269 3558 1324 egenos

1985 1338 2334 1405 cupientibus
2355 1354 2450 1408 per
2471 1355 2572 1395 nos
2599 1341 2775 1394 liceat.
2807 1339 2888 1396 Ob
2914 1342 3103 1397 oculos
3132 1350 3350 1398 nostros
3378 1343 3561 1399 bodie-

1986 1430 2360 1500 quejacentes
2401 1430 2639 1486 Lazaros
2698 1449 2765 1487 ne
2806 1442 3214 1503 praetereamus,
3251 1451 3426 1506 neque
3476 1437 3558 1492 eis
3648 1420 3653 1425 ’

1986 1537 2187 1576 mensa:
2216 1530 2418 1578 nostrae
2443 1524 2696 1588 micas“,
2722 1524 2882 1596 169
2899 1542 3018 1597 qua:
3041 1527 3108 1580 ad
3134 1529 3282 1596 ipsos
3299 1538 3558 1582 saturan-

1985 1613 2086 1668 dos
2126 1612 2422 1678 sufﬁciunt,
2472 1615 2835 1681 invideamus,
2885 1628 3047 1688 atque
3093 1619 3354 1673 immitem
3403 1619 3558 1674 illum

1986 1706 2206 1760 divitem
2239 1707 2456 1771 imitati,
2504 1706 2571 1761 ad
2625 1709 2871 1764 eamdem
2921 1719 3083 1780 atque
3132 1712 3247 1780 ipse
3299 1712 3562 1782 gehennae

1987 1797 2259 1850 flammam
2322 1799 2622 1854 veniamus.
2683 1798 2819 1853 Nam
2869 1802 3098 1855 multum
3148 1803 3368 1872 quidem
3427 1815 3560 1860 tunc

1987 1890 2354 1945 Abrahamum
2386 1891 2721 1961 rogabimus,
2755 1895 2984 1947 multum
3006 1895 3168 1948 etiam
3200 1911 3561 1966 quoscunque

1987 1983 2079 2053 qui
2110 1984 2273 2038 vitam
2330 1997 2485 2039 suam
2528 1983 2697 2053 probe
2729 1985 3136 2056 transcgerint:
3203 1989 3300 2043 sed
3346 1989 3560 2045 lucrum

1988 2076 2194 2129 nullum
2253 2092 2318 2129 ex
2377 2082 2568 2130 nostro
2625 2076 2864 2132 clamore
2930 2080 3302 2134 consecuturi.
3364 2079 3560 2136 Frater

1987 2167 2132 2222 enim
2165 2184 2266 2222 non
2300 2168 2530 2233 redimit,
2577 2167 2794 2223 redimet
2851 2169 3002 2224 homo
3028 2171 3117 2224 9’?
3173 2174 3559 2244 Unusquisque

1987 2267 2168 2313 autem
2207 2261 2424 2314 illorum
2476 2261 2720 2316 clamans
2755 2261 3003 2317 dicturus
3036 2263 3196 2319 nobis
3233 2273 3315 2318 est
3352 2266 3557 2320 :Com—

1986 2351 2396 2406 miserationem
2445 2366 2608 2422 quam
2657 2352 2774 2422 ipse
2806 2368 2934 2422 erga
2964 2354 3101 2409 alios
3157 2354 3442 2424 ignorasti,
3489 2372 3560 2413 ne

1985 2460 2220 2515 quaeras,
2247 2460 2421 2515 neque
2459 2445 2593 2499 velis
2617 2445 2864 2515 accipere
2900 2444 3036 2500 adeo
3065 2461 3285 2517 magna,
3337 2457 3415 2511 tu,
3461 2449 3558 2520 qui

1987 2552 2018 2590 a
2064 2536 2370 2590 minoribus
2430 2535 2721 2605 erogandis
2793 2537 3126 2592 abstinuisti.
3183 2538 3443 2596 Collectis
3500 2541 3560 2595 in

1987 2627 2098 2680 vita
2127 2627 2284 2683 bonis
2311 2626 2511 2681 fruere.
2544 2625 2873 2698 Lacrymare
2901 2643 3068 2692 nunc,
3125 2642 3248 2682 cum
3292 2638 3421 2684 tunc
3477 2631 3556 2686 la.

1995 2725 2331 2788 crymantcm
2365 2716 2583 2770 fratrem
2614 2717 2852 2782 intuens,
2885 2717 3006 2786 ejus
3030 2733 3140 2774 non
3169 2719 3247 2773 sis
3276 2721 3554 2776 misertus.

1988 2806 2114 2862 "ac
2149 2807 2334 2863 dicent
2364 2808 2543 2871 nobis,
2580 2824 2678 2862 nec
2727 2809 2946 2879 injuria.
2976 2809 3087 2863 lmo
3115 2825 3307 2867 vereor
3343 2829 3410 2867 ne
3459 2830 3560 2870 nos

1989 2902 2256 2971 impetant
2303 2901 2679 2956 acerbior-ibus
2709 2901 2872 2955 etiam
2903 2901 3105 2967 verbis,
3160 2919 3284 2958 cum
3333 2905 3560 2960 divitem

1991 2993 2164 3059 illum,
2222 3000 2281 3046 ut
2344 2992 2516 3056 scitis,
2577 2993 2922 3063 improbitate
2981 3010 3324 3065 superemus.
3375 2995 3561 3067 Neque

307 3084 546 3156 πονηρίᾳ
597 3085 690 3136 τὸν
733 3085 1005 3140 πλούσιον.
1055 3089 1189 3142 Οὐδὲ
1257 3091 1363 3162 γὰρ
1411 3093 1715 3164 φειδόμενοι
1755 3096 1883 3149 καθ-

1990 3087 2157 3150 enim,
2196 3093 2256 3139 ut
2282 3084 2488 3141 divitiis
2517 3081 2745 3156 prorsus
2780 3101 3093 3156 parcamus,
3134 3088 3284 3142 humi
3315 3098 3562 3159 prostra-

308 3175 462 3240 ἅπαξ
498 3175 754 3240 πλούτου,
794 3178 921 3242 τοὺς
949 3181 1312 3251 ἐρριμμένους
1336 3184 1509 3254 χαμαὶ
1552 3187 1890 3258 παρατρέχο-

309 3286 410 3338 μεν
439 3267 724 3337 ἀδελφοὺς,
756 3270 877 3323 οὐδὲ
907 3274 1019 3334 τοῖς
1046 3273 1226 3325 παισὶν
1251 3273 1282 3343 ἢ
1316 3277 1427 3338 τοῖς
1466 3274 1644 3340 ἄλλοις
1672 3277 1889 3341 οἰκείοις

305 3360 402 3430 τὴν
440 3360 702 3431 εὐπορίαν
734 3362 1108 3430 φυλάττοντες,
1151 3365 1510 3438 ἀποκλείομεν
1551 3371 1661 3432 τοῖς
1709 3369 1891 3439 δεομέ-

305 3470 418 3516 νοις
442 3452 544 3515 τάς
581 3454 784 3518 ἀκοάςο
815 3455 948 3509 ἀλλά
983 3457 1082 3527 τὴν
1122 3457 1361 3529 δαπάνην
1402 3461 1773 3530 μετατιθέντες
1798 3465 1888 3517 ἐπὶ

303 3548 416 3608 τοῖς
440 3546 672 3616 χείροσι,
698 3548 791 3601 καὶ
819 3548 878 3600 τὸ
901 3548 1180 3619 φιλότιμον
1206 3552 1406 3623 ἀκόνην
1430 3554 1691 3624 πονηρίας
1716 3556 1892 3608 ποιού-

311 3653 461 3706 μενοι
501 3641 614 3702 τοῖς
651 3639 852 3710 ταύτην
889 3641 1279 3713 ἐπιτηδεύουσι.
1314 3643 1485 3698 Πόσαι
1519 3646 1626 3718 γὰρ
1660 3647 1694 3718 ἢ
1734 3647 1888 3701 πόσοι

305 3729 412 3782 τῶν
448 3730 607 3784 ἐνίων
638 3733 1028 3802 περιεστήκασι
1071 3733 1380 3804 τράπεζανι
1421 3738 1470 3790 οἱ
1512 3739 1610 3808 μὲν
1647 3742 1888 3812 αἰσχροῖς

308 3821 520 3891 ῥήμασι
586 3821 678 3874 τὸν
732 3823 1019 3894 ἑστιάτορα
1077 3824 1388 3894 θέλγοντες,
1443 3829 1493 3880 οἱ
1555 3829 1612 3882 δὲ
1667 3832 1889 3896 ἀτόποις

309 3911 587 3981 βλέμμασί
616 3931 678 3966 τε
708 3914 803 3968 καὶ
833 3915 1072 3986 σχήμασι
1111 3914 1171 3968 τὸ
1206 3916 1303 3986 τῆς
1339 3917 1612 3988 ἀκρασίας
1639 3922 1887 3976 ἐκκαίον-

305 4018 396 4066 τες
422 4004 535 4076 πῦρ
555 4022 568 4034 ·
606 4007 652 4058 οξ
679 4004 737 4057 δὲ
764 4008 875 4069 τοῖς
907 4008 987 4070 εἰς
1033 4005 1296 4078 ἀλλήλους
1341 4009 1634 4082 σκώμμασι
1679 4013 1888 4082 γέλωτα

304 4093 383 4163 τῷ
439 4095 733 4165 κεκληκότι
786 4098 1212 4161 κατασκευάζειν
1265 4099 1571 4164 ἐθέλοντες-⁸
1632 4103 1778 4157 ἄλλοι
1834 4105 1889 4158 δὲ

306 4186 661 4257 ἐψευσμένοις
716 4189 956 4252 ἐπαίνοις
1003 4190 1315 4255 ἀπατῶντες
1343 4192 1418 4264 (4)
1452 4193 1630 4248 αὐτόν.
1681 4197 1788 4249 Καὶ
1827 4199 1888 4250 οὐ

303 4277 366 4332 ἐδ
393 4279 493 4349 μὲν
523 4277 697 4342 οὕτως
720 4279 1031 4352 ὲστιαθῆναι
1076 4282 1344 4354 λαμπρῶς
1383 4283 1542 4354 μόνον
1579 4287 1891 4358 κερδαίνου-

307 4388 412 4433 σιν,
445 4371 580 4424 em
611 4374 705 4424 καὶ
753 4372 851 4436 τάς
896 4375 1083 4444 χεῖρας
1115 4374 1550 4445 πεπληρωμένας
1584 4379 1888 4435 πολυτελῶν

1992 3186 2077 3234 tos
2135 3178 2332 3234 fratres
2386 3179 2767 3250 praeterimus:
2821 3196 2997 3250 neque
3054 3189 3115 3235 ut
3161 3196 3293 3252 opes
3341 3192 3560 3240 nostras

1991 3273 2177 3327 liberis
2225 3279 2318 3326 aut
2351 3272 2474 3328 aliis
2504 3270 2824 3342 propinquis
2857 3287 3159 3336 servemus,
3193 3289 3352 3329 aures
3385 3274 3561 3344 prcci‘

1990 3363 2096 3418 bus
2155 3379 2450 3435 egenorum
2517 3362 2896 3430 occludimus;
2938 3364 3034 3419 sed
3067 3372 3128 3418 ut
3180 3365 3248 3420 ad
3292 3364 3561 3419 deteriora

1991 3462 2293 3508 transmota
2330 3453 2596 3524 impensa,
2623 3453 3051 3510 munificentiam
3082 3457 3364 3525 pravitatis
3411 3457 3556 3512 inci-

1993 3555 2292 3601 tamentam
2328 3546 2592 3602 faciamus
2631 3547 2720 3609 iis,
2761 3547 2854 3616 qui
2885 3563 3003 3602 eam
3062 3556 3362 3606 sectantur.
3415 3553 3562 3619 Quot

1991 3640 2137 3694 enim
2194 3640 2480 3709 utriusque
2529 3654 2693 3694 sexus
2738 3641 3096 3709 quorumdam
3158 3658 3401 3699 mensam
3452 3646 3562 3699 cir-

1993 3733 2302 3787 cumstant!
2344 3747 2576 3801 quorum
2611 3731 2700 3784 alii
2742 3732 2995 3786 obscenis
3049 3733 3232 3789 verbis
3283 3734 3561 3790 oblectant

1992 3823 2420 3887 con‘vivatorem,
2452 3822 2542 3876 alii
2573 3821 2847 3876 indecoris
2899 3832 2951 3877 et
2985 3822 3268 3879 obtutibus
3295 3832 3348 3879 et
3395 3827 3562 3896 gesti-

1992 3915 2095 3970 bus
2152 3915 2559 3970 incontinentiaa
2611 3913 2788 3984 ignem
2834 3912 3156 3978 arcendunt,
3189 3915 3277 3970 alii
3313 3915 3560 3974 dicteriis

1992 4008 2200 4062 mutuis
2230 4007 2418 4062 volunt
2457 4005 2627 4060 risum
2659 4005 2914 4060 invitanti
2949 4020 3186 4070 movere,
3247 4007 3337 4061 alii
3383 4008 3562 4063 laudi-

1992 4099 2096 4154 bus
2129 4099 2281 4155 falsis
2305 4115 2428 4152 eum
2460 4098 2918 4153 circumveniunt.
2955 4097 3064 4152 Nec
3098 4099 3200 4153 hoc
3229 4101 3390 4156 modo
3420 4101 3561 4156 lucri

1994 4191 2222 4256 faciunt,
2287 4199 2344 4244 ut
2402 4190 2654 4244 convivio
2707 4190 2780 4242 ita
2828 4189 3114 4260 splendido
3169 4191 3558 4262 excipiantur:

1993 4284 2086 4339 sed
2111 4299 2306 4337 manus
2341 4283 2504 4336 etiam
2537 4282 2794 4352 pretiosis
2842 4282 3159 4338 muneribus
3190 4284 3378 4352 plenas
3421 4285 3564 4341 refe-

1990 4383 2151 4443 runt;
2187 4383 2241 4431 et
2265 4375 2483 4430 discunt
2517 4391 2582 4430 ex
2615 4375 2794 4440 nobis,
2835 4390 2956 4430 esse
3013 4376 3114 4430 sibi
3152 4378 3339 4432 utilius
3373 4394 3563 4447 prose-

303 4460 492 4532 δώρων
540 4463 858 4530 κατάγουσι,
1031 4442 1356 4533 μανθάνουσι
1387 4442 1539 4536 παρ’
1583 4466 1759 4537 ἡμῶν,
1806 4472 1883 4523 ὅτι

1994 4467 2088 4537 qui
2127 4442 2253 4518 talia
2279 4474 2331 4518 et
2359 4463 2588 4526 cflicere,
2621 4479 2784 4533 quam
2818 4464 3073 4519 virtutem
3097 4467 3294 4523 colere.
3338 4468 3492 4533 Quod
3516 4469 3563 4523 si

305 4552 574 4605 λυσιτελεῖ
619 4554 819 4623 μᾶλλον
862 4555 972 4607 τῶν
1021 4554 1229 4626 ἀρετῶν
1271 4555 1337 4608 τά
1378 4555 1600 4610 τοιαῦτα
1646 4558 1885 4628 μετιέναι

305 4646 398 4698 καὶ
426 4644 688 4715 πράττειν
716 4647 914 4708 αὐτοῖς.
959 4647 1022 4699 Εἰ
1065 4645 1121 4698 δὲ
1170 4646 1483 4718 παρασταίη
1529 4647 1697 4719 πένης
1727 4652 1882 4721 ἡμῖν,

375 4767 424 4798 ⁸⁸
463 4764 656 4820 Matth.
692 4782 767 4830 vi,
799 4766 888 4821 20.
929 4767 974 4798 ⁹¹
1015 4766 1147 4822 Luc.
1186 4783 1312 4831 va,
1352 4766 1442 4822 20.

375 4880 455 4955 (2)
486 4880 787 4955 Editimp‘t
813 4882 1043 4939 ἑαυτῶν.
1077 4884 1301 4955 Antiqui
1334 4892 1446 4940 tres
1467 4885 1592 4939 libri
1632 4885 1878 4953 ἑαυτούς.

306 4951 462 5004 Alius
492 4951 713 5015 αὐτούς.

376 5021 646 5094 (ὄρ-,(1011),
681 5021 891 5091 primus
919 5021 979 5074 οὗ
1010 5022 1365 5094 λυτρώσεται,
1399 5041 1501 5077 non
1537 5024 1754 5079 redimet
1783 5027 1877 5081 lio-

307 5108 412 5144 mo.
453 5089 655 5145 Vocula
684 5089 744 5144 οὑ
778 5107 885 5146 non
915 5089 1186 5161 reperitur
1228 5109 1403 5162 neque
1442 5095 1496 5148 in
1535 5095 1656 5150 aliis
1701 5098 1878 5152 tribus

306 5177 656 5232 msssneque
689 5163 742 5215 in
770 5163 1026 5232 vulgatis.
1049 5163 1312 5232 Suspicor
1339 5173 1519 5219 autem
1549 5166 1874 5232 particulam

305 5232 366 5283 οὐ
402 5229 640 5287 additam
680 5232 853 5288 fuisse
874 5229 951 5286 'ab
989 5229 1194 5302 aliquo,
1218 5234 1310 5303 qui
1351 5233 1471 5302 ejus
1513 5229 1616 5288 loci
1654 5243 1876 5290 senten-

307 5303 438 5354 tiam
464 5319 570 5355 non
601 5312 1008 5374 assequeretur.
1037 5303 1248 5358 Etenim
1273 5319 1379 5357 non
1405 5305 1739 5374 intelligebat
1763 5308 1877 5360 fieri

305 5384 488 5440 posse,
517 5381 577 5426 ut
610 5373 775 5444 hpmo
815 5373 1108 5428 redimeret
1152 5393 1172 5444 ι
1206 5374 1261 5427 in
1296 5390 1404 5443 quo
1435 5373 1610 5444 ipsum
1659 5391 1876 5432 errasse

305 5457 413 5514 non
445 5454 595 5512 puto.
629 5441 738 5496 Sed
768 5445 823 5496 in
843 5458 911 5498 eo
936 5445 1068 5496 mihi
1090 5441 1611 5513 videtur—peccasse,
1631 5448 1774 5514 quod
1792 5448 1880 5500 de-

307 5508 512 5584 buisset
535 5515 719 5583 potius
738 5523 923 5566 notam
957 5508 1403 5584 interrogationis
1429 5522 1550 5584 post
1578 5508 1763 5569 vocem
1784 5516 1874 5569 ἄν·

535 5577 788 5655 ροηετθγε
823 5592 882 5636 ιιι
913 5577 1234 5655 εἱιᾼερηδιιῖς,
1269 5585 1330 5636 Si
1371 5577 1474 5638 non
1514 5585 1723 5638 redimit
1758 5587 1873 5655 fra-

312 5652 405 5724 ξεττ
426 5652 709 5707 rediinetne
747 5654 944 5724 homo?
970 5653 1156 5724 Neque
1188 5670 1317 5708 vero
1346 5655 1447 5708 hoc
1477 5655 1710 5710 dicimus
1739 5652 1873 5709 con-

313 5723 512 5777 Ιεεῑυῐει
548 5726 731 5793 aliqua
765 5723 914 5778 ducti
947 5743 958 5776 :
1013 5723 1106 5778 sed
1167 5740 1224 5778 re
1260 5725 1380 5791 ipsa
1431 5727 1872 5796 interrogationis

624 5815 736 5872 Ρη
755 5841 892 5881 nm.
939 5819 1057 5877 Gn.
1092 5816 1331 5876 XXXI.

1994 4558 2048 4610 in
2096 4567 2342 4610 nostrum
2389 4562 2743 4624 conspectum
2794 4569 2997 4623 pauper
3041 4557 3270 4621 venerit,
3321 4560 3415 4625 qui
3470 4557 3562 4611 vix

1991 4651 2155 4706 etiam
2208 4664 2315 4720 pra:
2370 4647 2510 4702 fame
2571 4646 2847 4716 loquatur,
2902 4662 3219 4702 aversantur
3284 4647 3561 4702 hominem

1520 4767 1566 4800 "
1607 4769 1752 4826 Psal.
1798 4788 2002 4842 XLVIII,
2038 4774 2093 4828 8.

1988 4899 2113 4945 nota
2140 4890 2192 4940 in
2229 4884 2470 4954 antiquis
2503 4882 2720 4935 duobus
2745 4882 2898 4935 libris
2927 4882 3220 4936 invenitur.

2058 4961 2134 5028 (6)
2168 4955 2268 5010 Ubi
2293 4952 2880 5028 iri—utraquecditione
2897 4955 3100 5028 legitur
3125 4952 3562 5028 errati/omnm?-

1986 5022 2210 5090 τοντες,
2272 5025 2344 5078 ibi
2394 5023 2512 5077 vitii
2565 5023 2768 5090 aliquid
2827 5022 3053 5076 subesse
3105 5031 3249 5076 recte
3294 5023 3560 5089 judicavit

1985 5096 2381 5180 Combefisiuis:
2414 5093 2508 5147 sed
2539 5091 2682 5162 quod
2726 5092 3027 5180 addithpro
3068 5090 3412 5180 πλάττοντες,
3454 5093 3556 5163 legi

1986 5186 2086 5226 suo
2121 5165 2364 5238 periculo
2399 5161 2650 5238 upon-tero
2677 5172 2771 5214 aut
2806 5161 3123 5238 131‘¢;0\I‘T_€g,
3159 5170 3270 5238 aut
3297 5161 3560 5238 βλάπτον-

1979 5257 2091 5303 τες,
2121 5231 2216 5291 Ξιιιι
2249 5231 2598 5306 πράττοντες,
2618 5233 2688 5306 in
2711 5231 2927 5306 eo___fal_li
2962 5231 3195 5286 videtur.
3228 5231 3336 5306 Nec
3355 5233 3558 5306 rectius

1980 5302 2180 5378 legitur
2206 5307 2259 5360 in
2287 5302 2534 5378 antiquis
2565 5303 2742 5357 tribus
2766 5302 2925 5378 libris
2973 5317 2985 5352 :
3022 5317 3257 5378 quorum
3293 5303 3348 5355 in
3382 5304 3558 5378 primo

1981 5370 2379 5449 Sc‘i'iplllm_fltil
2407 5370 2648 5449 ἐπαίνοις
2671 5373 3101 5449 πράττονᾼτεςλὶιι
3123 5373 3245 5449 aliis
3272 5370 3398 5426 vero
3422 5374 3559 5426 duo-

1981 5440 2111 5512 bus;
2141 5446 2381 5508 ἐπαίνοις
2417 5440 2848 5512 σπαράττοντες,
2887 5441 2958 5512 At
2999 5440 3129 5512 Reg.
3165 5443 3377 5512 primus
3411 5450 3559 5498 recte

1983 5511 2148 5573 habet
2179 5517 2420 5576 ἐπαίνοις
2454 5511 2790 5575 ἀπατῶντες,
2824 5511 2977 5579 falsis
3017 5511 3264 5566 laudibus
3298 5513 3562 5582 decipiat-

1987 5601 2082 5644 tes.
2104 5589 2278 5641 Paulo
2309 5595 2434 5655 ante
2465 5587 2517 5636 in
2543 5583 2784 5653 antiquis
2803 5583 3014 5638 duobus
3044 5583 3199 5639 libris
3228 5584 3424 5655 legitur
3447 5584 3558 5645 τοῖς

1985 5658 2226 5730 ἀλλήλων
2258 5652 2574 5723 σκώμμασι.

3175 5812 3248 5872 18
