  <div class='ocr_page' id='page_1' title='image "/cluster/home/n/w/nwhite01/storage/ocr_20150623/31/mdp.39015012934363/287.png"; bbox 0 0 3982 6240; ppageno 0'>
   <div class='ocr_carea' id='block_1_1' title="bbox 412 246 518 303">
    <p class='ocr_par' dir='ltr' id='par_1_1' title="bbox 412 246 518 303">
     <span class='ocr_line' id='line_1_1' title="bbox 412 246 518 303; baseline 0 0"><span class='ocrx_word' id='word_1_1' title='bbox 412 246 518 303; x_wconf 72' lang='lat'><strong>655</strong></span> 
     </span>
    </p>
   </div>
   <div class='ocr_carea' id='block_1_2' title="bbox 1734 236 2335 295">
    <p class='ocr_par' dir='ltr' id='par_1_2' title="bbox 1734 236 2335 295">
     <span class='ocr_line' id='line_1_2' title="bbox 1734 236 2335 295; baseline -0.005 0"><span class='ocrx_word' id='word_1_2' title='bbox 1734 238 1799 295; x_wconf 81' lang='lat' dir='ltr'><strong>S.</strong></span> <span class='ocrx_word' id='word_1_3' title='bbox 1835 236 2082 294; x_wconf 75' lang='lat' dir='ltr'><strong>BASILH</strong></span> <span class='ocrx_word' id='word_1_4' title='bbox 2118 236 2335 295; x_wconf 78' lang='lat' dir='ltr'><strong>MAGNI</strong></span> 
     </span>
    </p>
   </div>
   <div class='ocr_carea' id='block_1_3' title="bbox 3556 240 3660 296">
    <p class='ocr_par' dir='ltr' id='par_1_3' title="bbox 3556 240 3660 296">
     <span class='ocr_line' id='line_1_3' title="bbox 3556 240 3660 296; baseline 0 -1"><span class='ocrx_word' id='word_1_5' title='bbox 3556 240 3660 296; x_wconf 82' lang='lat'><strong>556</strong></span> 
     </span>
    </p>
   </div>
   <div class='ocr_carea' id='block_1_4' title="bbox 413 354 1973 430">
    <p class='ocr_par' dir='ltr' id='par_1_4' title="bbox 413 354 1973 430">
     <span class='ocr_line' id='line_1_4' title="bbox 413 354 1973 430; baseline -0.002 -14"><span class='ocrx_word' id='word_1_6' title='bbox 413 358 656 416; x_wconf 85' lang='lat' dir='ltr'><strong>eamdem</strong></span> <span class='ocrx_word' id='word_1_7' title='bbox 687 364 848 430; x_wconf 85' lang='lat' dir='ltr'><strong>atque</strong></span> <span class='ocrx_word' id='word_1_8' title='bbox 874 372 976 414; x_wconf 87' lang='lat' dir='ltr'><strong>nos</strong></span> <span class='ocrx_word' id='word_1_9' title='bbox 1001 363 1255 413; x_wconf 89' lang='lat' dir='ltr'><strong>naturam</strong></span> <span class='ocrx_word' id='word_1_10' title='bbox 1277 354 1601 421; x_wconf 76' lang='lat' dir='ltr'><strong>“habentem,</strong></span> <span class='ocrx_word' id='word_1_11' title='bbox 1632 354 1973 422; x_wconf 79' lang='lat' dir='ltr'><strong>fastidimus,</strong></span> 
     </span>
    </p>
   </div>
   <div class='ocr_carea' id='block_1_5' title="bbox 2076 354 3664 430">
    <p class='ocr_par' dir='ltr' id='par_1_5' title="bbox 2084 356 3664 430">
     <span class='ocr_line' id='line_1_5' title="bbox 2084 356 3664 430; baseline -0.001 -19"><span class='ocrx_word' id='word_1_12' title='bbox 2084 357 2237 429; x_wconf 81' lang='grc' dir='ltr'>μόλις</span> <span class='ocrx_word' id='word_1_13' title='bbox 2275 356 2382 411; x_wconf 75' lang='grc' dir='ltr'><strong>ὑπὸ</strong></span> <span class='ocrx_word' id='word_1_14' title='bbox 2410 356 2504 412; x_wconf 78' lang='grc' dir='ltr'><strong>τοῦ</strong></span> <span class='ocrx_word' id='word_1_15' title='bbox 2537 356 2698 429; x_wconf 80' lang='grc' dir='ltr'>λιμοῦ</span> <span class='ocrx_word' id='word_1_16' title='bbox 2736 357 2829 412; x_wconf 74' lang='grc' dir='ltr'><strong>καὶ</strong></span> <span class='ocrx_word' id='word_1_17' title='bbox 2874 357 3242 430; x_wconf 83' lang='grc' dir='ltr'><strong>φθεγγόμενος</strong></span> <span class='ocrx_word' id='word_1_18' title='bbox 3265 397 3281 421; x_wconf 91' lang='grc'><strong>,</strong></span> <span class='ocrx_word' id='word_1_19' title='bbox 3324 358 3664 429; x_wconf 76' lang='grc' dir='ltr'><strong>ἀποστρεφό-</strong></span> 
     </span>
    </p>
   </div>
   <div class='ocr_carea' id='block_1_6' title="bbox 414 449 1983 523">
    <p class='ocr_par' dir='ltr' id='par_1_6' title="bbox 414 449 1983 523">
     <span class='ocr_line' id='line_1_6' title="bbox 414 449 1983 523; baseline -0.001 -17"><span class='ocrx_word' id='word_1_20' title='bbox 414 454 733 509; x_wconf 72' lang='lat' dir='ltr'><strong>festinanter</strong></span> <span class='ocrx_word' id='word_1_21' title='bbox 758 453 1078 519; x_wconf 77' lang='lat' dir='ltr'><strong>transimus,</strong></span> <span class='ocrx_word' id='word_1_22' title='bbox 1114 451 1271 523; x_wconf 92' lang='lat' dir='ltr'><strong>quasi</strong></span> <span class='ocrx_word' id='word_1_23' title='bbox 1296 450 1476 519; x_wconf 89' lang='lat' dir='ltr'><strong>veriti,</strong></span> <span class='ocrx_word' id='word_1_24' title='bbox 1506 465 1575 506; x_wconf 89' lang='lat' dir='ltr'><strong>ne</strong></span> <span class='ocrx_word' id='word_1_25' title='bbox 1606 449 1651 507; x_wconf 85' lang='lat' dir='ltr'><strong>si</strong></span> <span class='ocrx_word' id='word_1_26' title='bbox 1678 449 1842 507; x_wconf 89' lang='lat' dir='ltr'><strong>etiam</strong></span> <span class='ocrx_word' id='word_1_27' title='bbox 1869 449 1983 506; x_wconf 87' lang='lat' dir='ltr'><strong>len-</strong></span> 
     </span>
    </p>
   </div>
   <div class='ocr_carea' id='block_1_7' title="bbox 415 541 1982 617">
    <p class='ocr_par' dir='ltr' id='par_1_7' title="bbox 415 541 1982 617">
     <span class='ocr_line' id='line_1_7' title="bbox 415 541 1982 617; baseline -0.004 -16"><span class='ocrx_word' id='word_1_28' title='bbox 415 546 529 601; x_wconf 89' lang='lat' dir='ltr'><strong>tius</strong></span> <span class='ocrx_word' id='word_1_29' title='bbox 566 545 904 617; x_wconf 87' lang='lat' dir='ltr'><strong>gradiamur,</strong></span> <span class='ocrx_word' id='word_1_30' title='bbox 942 544 1190 614; x_wconf 89' lang='lat' dir='ltr'><strong>ejusdem</strong></span> <span class='ocrx_word' id='word_1_31' title='bbox 1219 543 1455 600; x_wconf 61' lang='lat' dir='ltr'><strong>miseriae</strong></span> <span class='ocrx_word' id='word_1_32' title='bbox 1489 541 1982 613; x_wconf 81' lang='lat' dir='ltr'><strong>eﬂiciamurparti-</strong></span> 
     </span>
    </p>
   </div>
   <div class='ocr_carea' id='block_1_8' title="bbox 410 633 1978 706">
    <p class='ocr_par' dir='ltr' id='par_1_8' title="bbox 410 633 1978 706">
     <span class='ocr_line' id='line_1_8' title="bbox 410 633 1978 706; baseline -0.002 -16"><span class='ocrx_word' id='word_1_33' title='bbox 410 635 580 706; x_wconf 88' lang='lat' dir='ltr'><strong>cipes.</strong></span> <span class='ocrx_word' id='word_1_34' title='bbox 610 633 677 689; x_wconf 90' lang='lat' dir='ltr'><strong>Et</strong></span> <span class='ocrx_word' id='word_1_35' title='bbox 709 635 757 691; x_wconf 91' lang='lat' dir='ltr'><strong>si</strong></span> <span class='ocrx_word' id='word_1_36' title='bbox 787 635 844 689; x_wconf 89' lang='lat' dir='ltr'><strong>in</strong></span> <span class='ocrx_word' id='word_1_37' title='bbox 876 642 1079 689; x_wconf 89' lang='lat' dir='ltr'><strong>terram</strong></span> <span class='ocrx_word' id='word_1_38' title='bbox 1106 633 1316 699; x_wconf 87' lang='lat' dir='ltr'><strong>oculos,</strong></span> <span class='ocrx_word' id='word_1_39' title='bbox 1349 633 1665 689; x_wconf 85' lang='lat' dir='ltr'><strong>calamitate</strong></span> <span class='ocrx_word' id='word_1_40' title='bbox 1713 633 1978 704; x_wconf 86' lang='lat' dir='ltr'><strong>pudorem</strong></span> 
     </span>
    </p>
   </div>
   <div class='ocr_carea' id='block_1_9' title="bbox 412 724 1980 798">
    <p class='ocr_par' dir='ltr' id='par_1_9' title="bbox 412 724 1980 798">
     <span class='ocr_line' id='line_1_9' title="bbox 412 724 1980 798; baseline -0.001 -16"><span class='ocrx_word' id='word_1_41' title='bbox 412 731 462 782; x_wconf 91' lang='lat' dir='ltr'><strong>ei</strong></span> <span class='ocrx_word' id='word_1_42' title='bbox 506 728 825 793; x_wconf 87' lang='lat' dir='ltr'><strong>incutiente,</strong></span> <span class='ocrx_word' id='word_1_43' title='bbox 878 727 1167 793; x_wconf 86' lang='lat' dir='ltr'><strong>dimiserit,</strong></span> <span class='ocrx_word' id='word_1_44' title='bbox 1204 742 1329 782; x_wconf 89' lang='lat' dir='ltr'><strong>eum</strong></span> <span class='ocrx_word' id='word_1_45' title='bbox 1386 724 1696 798; x_wconf 81' lang='lat' dir='ltr'><strong>hypocrisis</strong></span> <span class='ocrx_word' id='word_1_46' title='bbox 1745 725 1980 781; x_wconf 80' lang='lat' dir='ltr'><strong>dicimus</strong></span> 
     </span>
    </p>
   </div>
   <div class='ocr_carea' id='block_1_10' title="bbox 412 812 1980 878">
    <p class='ocr_par' dir='ltr' id='par_1_10' title="bbox 412 812 1980 878">
     <span class='ocr_line' id='line_1_10' title="bbox 412 812 1980 878; baseline -0.003 -5"><span class='ocrx_word' id='word_1_47' title='bbox 412 817 678 874; x_wconf 82' lang='lat' dir='ltr'><strong>artificem</strong></span> <span class='ocrx_word' id='word_1_48' title='bbox 709 832 834 874; x_wconf 90' lang='lat' dir='ltr'><strong>esse</strong></span> <span class='ocrx_word' id='word_1_49' title='bbox 861 836 874 872; x_wconf 91' lang='lat'>:</span> <span class='ocrx_word' id='word_1_50' title='bbox 905 817 951 873; x_wconf 91' lang='lat' dir='ltr'><strong>si</strong></span> <span class='ocrx_word' id='word_1_51' title='bbox 980 832 1111 872; x_wconf 85' lang='lat' dir='ltr'><strong>vero</strong></span> <span class='ocrx_word' id='word_1_52' title='bbox 1130 816 1319 871; x_wconf 85' lang='lat' dir='ltr'><strong>‘libere</strong></span> <span class='ocrx_word' id='word_1_53' title='bbox 1341 830 1405 870; x_wconf 90' lang='lat' dir='ltr'><strong>ac</strong></span> <span class='ocrx_word' id='word_1_54' title='bbox 1442 813 1801 878; x_wconf 89' lang='lat' dir='ltr'><strong>conﬁdenter,</strong></span> <span class='ocrx_word' id='word_1_55' title='bbox 1827 812 1980 869; x_wconf 84' lang='lat' dir='ltr'><strong>.fame</strong></span> 
     </span>
    </p>
   </div>
   <div class='ocr_carea' id='block_1_11' title="bbox 408 905 1981 980">
    <p class='ocr_par' dir='ltr' id='par_1_11' title="bbox 408 905 1981 980">
     <span class='ocr_line' id='line_1_11' title="bbox 408 905 1981 980; baseline -0.003 -16"><span class='ocrx_word' id='word_1_56' title='bbox 408 909 652 980; x_wconf 73' lang='lat' dir='ltr'><strong>graviter</strong></span> <span class='ocrx_word' id='word_1_57' title='bbox 709 909 1115 973; x_wconf 82' lang='lat' dir='ltr'><strong>exstimulatus,</strong></span> <span class='ocrx_word' id='word_1_58' title='bbox 1169 907 1444 978; x_wconf 81' lang='lat' dir='ltr'><strong>aspexerit</strong></span> <span class='ocrx_word' id='word_1_59' title='bbox 1497 921 1622 971; x_wconf 81' lang='lat' dir='ltr'><strong>nos,</strong></span> <span class='ocrx_word' id='word_1_60' title='bbox 1672 905 1981 962; x_wconf 87' lang='lat' dir='ltr'><strong>econtrario</strong></span> 
     </span>
    </p>
   </div>
   <div class='ocr_carea' id='block_1_12' title="bbox 410 995 1981 1071">
    <p class='ocr_par' dir='ltr' id='par_1_12' title="bbox 410 995 1981 1071">
     <span class='ocr_line' id='line_1_12' title="bbox 410 995 1981 1071; baseline -0.003 -15"><span class='ocrx_word' id='word_1_61' title='bbox 410 999 779 1071; x_wconf 89' lang='lat' dir='ltr'><strong>impudentem</strong></span> <span class='ocrx_word' id='word_1_62' title='bbox 812 999 1145 1069; x_wconf 87' lang='lat' dir='ltr'><strong>appellamus</strong></span> <span class='ocrx_word' id='word_1_63' title='bbox 1193 1013 1255 1052; x_wconf 83' lang='lat' dir='ltr'><strong>ac</strong></span> <span class='ocrx_word' id='word_1_64' title='bbox 1296 998 1611 1052; x_wconf 87' lang='lat' dir='ltr'><strong>violentum.</strong></span> <span class='ocrx_word' id='word_1_65' title='bbox 1646 995 1713 1050; x_wconf 87' lang='lat' dir='ltr'><strong>Et</strong></span> <span class='ocrx_word' id='word_1_66' title='bbox 1757 996 1804 1051; x_wconf 91' lang='lat' dir='ltr'><strong>si</strong></span> <span class='ocrx_word' id='word_1_67' title='bbox 1840 996 1981 1052; x_wconf 89' lang='lat' dir='ltr'><strong>inte-</strong></span> 
     </span>
    </p>
   </div>
   <div class='ocr_carea' id='block_1_13' title="bbox 408 1088 1976 1165">
    <p class='ocr_par' dir='ltr' id='par_1_13' title="bbox 408 1088 1976 1165">
     <span class='ocr_line' id='line_1_13' title="bbox 408 1088 1976 1165; baseline -0.004 -16"><span class='ocrx_word' id='word_1_68' title='bbox 408 1093 523 1165; x_wconf 88' lang='lat' dir='ltr'><strong>gris</strong></span> <span class='ocrx_word' id='word_1_69' title='bbox 554 1091 801 1147; x_wconf 81' lang='lat' dir='ltr'><strong>vestibus</strong></span> <span class='ocrx_word' id='word_1_70' title='bbox 830 1106 862 1146; x_wconf 90' lang='lat' dir='ltr'><strong>a</strong></span> <span class='ocrx_word' id='word_1_71' title='bbox 891 1090 1146 1163; x_wconf 87' lang='lat' dir='ltr'><strong>quopiam</strong></span> <span class='ocrx_word' id='word_1_72' title='bbox 1182 1091 1285 1145; x_wconf 86' lang='lat' dir='ltr'><strong>sibi</strong></span> <span class='ocrx_word' id='word_1_73' title='bbox 1311 1089 1454 1147; x_wconf 84' lang='lat' dir='ltr'><strong>(latis</strong></span> <span class='ocrx_word' id='word_1_74' title='bbox 1478 1098 1765 1145; x_wconf 89' lang='lat' dir='ltr'><strong>contectus</strong></span> <span class='ocrx_word' id='word_1_75' title='bbox 1788 1088 1976 1153; x_wconf 86' lang='lat' dir='ltr'><strong>fuerit,</strong></span> 
     </span>
    </p>
   </div>
   <div class='ocr_carea' id='block_1_14' title="bbox 385 1177 1981 1256">
    <p class='ocr_par' dir='ltr' id='par_1_14' title="bbox 385 1177 1981 1256">
     <span class='ocr_line' id='line_1_14' title="bbox 385 1177 1981 1256; baseline -0.004 -17"><span class='ocrx_word' id='word_1_76' title='bbox 385 1177 570 1256; x_wconf 86' lang='lat' dir='ltr'><strong>quasi</strong></span> <span class='ocrx_word' id='word_1_77' title='bbox 602 1181 985 1252; x_wconf 82' lang='lat' dir='ltr'><strong>inexplebilem</strong></span> <span class='ocrx_word' id='word_1_78' title='bbox 1021 1181 1360 1250; x_wconf 86' lang='lat' dir='ltr'><strong>repellimus,</strong></span> <span class='ocrx_word' id='word_1_79' title='bbox 1388 1195 1453 1235; x_wconf 90' lang='lat' dir='ltr'><strong>ac</strong></span> <span class='ocrx_word' id='word_1_80' title='bbox 1473 1179 1723 1250; x_wconf 77' lang='lat' dir='ltr'><strong>iuramus</strong></span> <span class='ocrx_word' id='word_1_81' title='bbox 1752 1194 1981 1252; x_wconf 87' lang='lat' dir='ltr'><strong>pauper-</strong></span> 
     </span>
    </p>
   </div>
   <div class='ocr_carea' id='block_1_15' title="bbox 406 1271 1978 1343">
    <p class='ocr_par' dir='ltr' id='par_1_15' title="bbox 406 1271 1978 1343">
     <span class='ocr_line' id='line_1_15' title="bbox 406 1271 1978 1343; baseline -0.001 -14"><span class='ocrx_word' id='word_1_82' title='bbox 406 1281 575 1330; x_wconf 89' lang='lat' dir='ltr'><strong>tatem</strong></span> <span class='ocrx_word' id='word_1_83' title='bbox 610 1273 679 1329; x_wconf 90' lang='lat' dir='ltr'><strong>ab</strong></span> <span class='ocrx_word' id='word_1_84' title='bbox 708 1274 802 1328; x_wconf 92' lang='lat' dir='ltr'><strong>illo</strong></span> <span class='ocrx_word' id='word_1_85' title='bbox 832 1272 1080 1329; x_wconf 84' lang='lat' dir='ltr'><strong>simulari</strong></span> <span class='ocrx_word' id='word_1_86' title='bbox 1116 1289 1135 1326; x_wconf 66' lang='grc' dir='ltr'><strong>ι</strong></span> <span class='ocrx_word' id='word_1_87' title='bbox 1171 1273 1215 1327; x_wconf 89' lang='lat' dir='ltr'><strong>si</strong></span> <span class='ocrx_word' id='word_1_88' title='bbox 1245 1287 1376 1327; x_wconf 92' lang='lat' dir='ltr'><strong>vero</strong></span> <span class='ocrx_word' id='word_1_89' title='bbox 1403 1272 1713 1343; x_wconf 89' lang='lat' dir='ltr'><strong>panniculis</strong></span> <span class='ocrx_word' id='word_1_90' title='bbox 1742 1271 1978 1342; x_wconf 87' lang='lat' dir='ltr'><strong>putridis</strong></span> 
     </span>
    </p>
   </div>
   <div class='ocr_carea' id='block_1_16' title="bbox 406 1360 1980 1433">
    <p class='ocr_par' dir='ltr' id='par_1_16' title="bbox 406 1360 1980 1433">
     <span class='ocr_line' id='line_1_16' title="bbox 406 1360 1980 1433; baseline -0.004 -13"><span class='ocrx_word' id='word_1_91' title='bbox 406 1365 717 1429; x_wconf 87' lang='lat' dir='ltr'><strong>amiciatur,</strong></span> <span class='ocrx_word' id='word_1_92' title='bbox 746 1376 951 1418; x_wconf 75' lang='lat' dir='ltr'><strong>rursus</strong></span> <span class='ocrx_word' id='word_1_93' title='bbox 991 1361 1259 1433; x_wconf 78' lang='lat' dir='ltr'><strong>abigimus</strong></span> <span class='ocrx_word' id='word_1_94' title='bbox 1308 1362 1392 1416; x_wconf 89' lang='lat' dir='ltr'><strong>uti</strong></span> <span class='ocrx_word' id='word_1_95' title='bbox 1441 1361 1585 1429; x_wconf 86' lang='lat' dir='ltr'><strong>male</strong></span> <span class='ocrx_word' id='word_1_96' title='bbox 1622 1360 1879 1427; x_wconf 89' lang='lat' dir='ltr'><strong>olentem,</strong></span> <span class='ocrx_word' id='word_1_97' title='bbox 1924 1365 1980 1416; x_wconf 90' lang='lat' dir='ltr'><strong>et</strong></span> 
     </span>
    </p>
   </div>
   <div class='ocr_carea' id='block_1_17' title="bbox 407 1456 1978 1529">
    <p class='ocr_par' dir='ltr' id='par_1_17' title="bbox 407 1456 1978 1529">
     <span class='ocr_line' id='line_1_17' title="bbox 407 1456 1978 1529; baseline 0 -18"><span class='ocrx_word' id='word_1_98' title='bbox 407 1457 660 1529; x_wconf 79' lang='lat' dir='ltr'><strong>quamvis</strong></span> <span class='ocrx_word' id='word_1_99' title='bbox 715 1456 1028 1512; x_wconf 86' lang='lat' dir='ltr'><strong>Conditoris</strong></span> <span class='ocrx_word' id='word_1_100' title='bbox 1080 1471 1277 1513; x_wconf 89' lang='lat' dir='ltr'><strong>nomen</strong></span> <span class='ocrx_word' id='word_1_101' title='bbox 1326 1457 1588 1528; x_wconf 82' lang='lat' dir='ltr'><strong>precibus</strong></span> <span class='ocrx_word' id='word_1_102' title='bbox 1633 1457 1750 1514; x_wconf 90' lang='lat' dir='ltr'><strong>suis</strong></span> <span class='ocrx_word' id='word_1_103' title='bbox 1804 1456 1978 1511; x_wconf 81' lang='lat' dir='ltr'><strong>admi-</strong></span> 
     </span>
    </p>
   </div>
   <div class='ocr_carea' id='block_1_18' title="bbox 413 1548 1977 1621">
    <p class='ocr_par' dir='ltr' id='par_1_18' title="bbox 413 1548 1977 1621">
     <span class='ocr_line' id='line_1_18' title="bbox 413 1548 1977 1621; baseline -0.003 -15"><span class='ocrx_word' id='word_1_104' title='bbox 413 1559 588 1615; x_wconf 88' lang='lat' dir='ltr'><strong>sceat,</strong></span> <span class='ocrx_word' id='word_1_105' title='bbox 618 1550 984 1621; x_wconf 83' lang='lat' dir='ltr'><strong>continuoque</strong></span> <span class='ocrx_word' id='word_1_106' title='bbox 1008 1550 1327 1619; x_wconf 87' lang='lat' dir='ltr'><strong>interposita</strong></span> <span class='ocrx_word' id='word_1_107' title='bbox 1361 1550 1618 1620; x_wconf 83' lang='lat' dir='ltr'><strong>religione</strong></span> <span class='ocrx_word' id='word_1_108' title='bbox 1646 1555 1790 1615; x_wconf 89' lang='lat' dir='ltr'><strong>oret,</strong></span> <span class='ocrx_word' id='word_1_109' title='bbox 1820 1564 1890 1604; x_wconf 90' lang='lat' dir='ltr'><strong>ne</strong></span> <span class='ocrx_word' id='word_1_110' title='bbox 1912 1548 1977 1602; x_wconf 85' lang='lat' dir='ltr'><strong>in</strong></span> 
     </span>
    </p>
   </div>
   <div class='ocr_carea' id='block_1_19' title="bbox 406 1638 1979 1704">
    <p class='ocr_par' dir='ltr' id='par_1_19' title="bbox 406 1638 1979 1704">
     <span class='ocr_line' id='line_1_19' title="bbox 406 1638 1979 1704; baseline -0.003 -8"><span class='ocrx_word' id='word_1_111' title='bbox 406 1639 617 1696; x_wconf 87' lang='lat' dir='ltr'><strong>similes</strong></span> <span class='ocrx_word' id='word_1_112' title='bbox 669 1653 940 1695; x_wconf 63' lang='lat' dir='ltr'><strong>aerumnas</strong></span> <span class='ocrx_word' id='word_1_113' title='bbox 994 1638 1323 1704; x_wconf 88' lang='lat' dir='ltr'><strong>incidamus,</strong></span> <span class='ocrx_word' id='word_1_114' title='bbox 1375 1646 1558 1693; x_wconf 88' lang='lat' dir='ltr'><strong>tamen</strong></span> <span class='ocrx_word' id='word_1_115' title='bbox 1596 1639 1979 1694; x_wconf 84' lang='lat' dir='ltr'><strong>immisericor-</strong></span> 
     </span>
    </p>
   </div>
   <div class='ocr_carea' id='block_1_20' title="bbox 404 1730 1975 1805">
    <p class='ocr_par' dir='ltr' id='par_1_20' title="bbox 404 1730 1975 1805">
     <span class='ocr_line' id='line_1_20' title="bbox 404 1730 1975 1805; baseline -0.003 -17"><span class='ocrx_word' id='word_1_116' title='bbox 404 1732 530 1788; x_wconf 88' lang='lat' dir='ltr'><strong>dem</strong></span> <span class='ocrx_word' id='word_1_117' title='bbox 601 1740 846 1787; x_wconf 86' lang='lat' dir='ltr'><strong>nostram</strong></span> <span class='ocrx_word' id='word_1_118' title='bbox 917 1730 1254 1786; x_wconf 84' lang='lat' dir='ltr'><strong>voluntatem</strong></span> <span class='ocrx_word' id='word_1_119' title='bbox 1323 1730 1539 1787; x_wconf 89' lang='lat' dir='ltr'><strong>ﬂectere</strong></span> <span class='ocrx_word' id='word_1_120' title='bbox 1604 1746 1715 1805; x_wconf 81' lang='lat' dir='ltr'><strong>non</strong></span> <span class='ocrx_word' id='word_1_121' title='bbox 1766 1737 1975 1801; x_wconf 82' lang='lat' dir='ltr'><strong>.potest.</strong></span> 
     </span>
    </p>
   </div>
   <div class='ocr_carea' id='block_1_21' title="bbox 405 1823 1978 1897">
    <p class='ocr_par' dir='ltr' id='par_1_21' title="bbox 405 1823 1978 1897">
     <span class='ocr_line' id='line_1_21' title="bbox 405 1823 1978 1897; baseline -0.002 -17"><span class='ocrx_word' id='word_1_122' title='bbox 405 1825 748 1897; x_wconf 84' lang='lat' dir='ltr'><strong>Quapropter</strong></span> <span class='ocrx_word' id='word_1_123' title='bbox 766 1823 1040 1895; x_wconf 79' lang='lat' dir='ltr'><strong>gehennae</strong></span> <span class='ocrx_word' id='word_1_124' title='bbox 1075 1824 1255 1895; x_wconf 86' lang='lat' dir='ltr'><strong>ignem</strong></span> <span class='ocrx_word' id='word_1_125' title='bbox 1305 1826 1611 1896; x_wconf 78' lang='lat' dir='ltr'><strong>graviorem</strong></span> <span class='ocrx_word' id='word_1_126' title='bbox 1669 1839 1832 1896; x_wconf 90' lang='lat' dir='ltr'><strong>quam</strong></span> <span class='ocrx_word' id='word_1_127' title='bbox 1884 1824 1978 1894; x_wconf 77' lang='lat' dir='ltr'><strong>qui</strong></span> 
     </span>
    </p>
   </div>
   <div class='ocr_carea' id='block_1_22' title="bbox 404 1915 1980 1983">
    <p class='ocr_par' dir='ltr' id='par_1_22' title="bbox 404 1915 1980 1983">
     <span class='ocr_line' id='line_1_22' title="bbox 404 1915 1980 1983; baseline -0.001 -12"><span class='ocrx_word' id='word_1_128' title='bbox 404 1915 628 1973; x_wconf 86' lang='lat' dir='ltr'><strong>divitem</strong></span> <span class='ocrx_word' id='word_1_129' title='bbox 682 1915 834 1970; x_wconf 89' lang='lat' dir='ltr'><strong>illum</strong></span> <span class='ocrx_word' id='word_1_130' title='bbox 890 1915 1193 1972; x_wconf 86' lang='lat' dir='ltr'><strong>combussit</strong></span> <span class='ocrx_word' id='word_1_131' title='bbox 1225 1915 1303 1978; x_wconf 73' lang='grc'><strong>⁸³.</strong></span> <span class='ocrx_word' id='word_1_132' title='bbox 1353 1915 1671 1972; x_wconf 77' lang='lat' dir='ltr'><strong>reformido.</strong></span> <span class='ocrx_word' id='word_1_133' title='bbox 1728 1915 1883 1983; x_wconf 88' lang='lat' dir='ltr'><strong>Quod</strong></span> <span class='ocrx_word' id='word_1_134' title='bbox 1931 1915 1980 1970; x_wconf 90' lang='lat' dir='ltr'><strong>si</strong></span> 
     </span>
    </p>
   </div>
   <div class='ocr_carea' id='block_1_23' title="bbox 404 2007 1981 2079">
    <p class='ocr_par' dir='ltr' id='par_1_23' title="bbox 404 2007 1981 2079">
     <span class='ocr_line' id='line_1_23' title="bbox 404 2007 1981 2079; baseline 0.001 -19"><span class='ocrx_word' id='word_1_135' title='bbox 404 2013 622 2077; x_wconf 87' lang='lat' dir='ltr'><strong>tempus</strong></span> <span class='ocrx_word' id='word_1_136' title='bbox 660 2007 1040 2078; x_wconf 85' lang='lat' dir='ltr'><strong>permitteret,</strong></span> <span class='ocrx_word' id='word_1_137' title='bbox 1076 2008 1323 2079; x_wconf 88' lang='lat' dir='ltr'><strong>satisque</strong></span> <span class='ocrx_word' id='word_1_138' title='bbox 1374 2015 1519 2064; x_wconf 87' lang='lat' dir='ltr'><strong>esset</strong></span> <span class='ocrx_word' id='word_1_139' title='bbox 1568 2008 1789 2072; x_wconf 90' lang='lat' dir='ltr'><strong>virium,</strong></span> <span class='ocrx_word' id='word_1_140' title='bbox 1833 2007 1981 2063; x_wconf 92' lang='lat' dir='ltr'><strong>illius</strong></span> 
     </span>
    </p>
   </div>
   <div class='ocr_carea' id='block_1_24' title="bbox 405 2098 1978 2172">
    <p class='ocr_par' dir='ltr' id='par_1_24' title="bbox 405 2098 1978 2172">
     <span class='ocr_line' id='line_1_24' title="bbox 405 2098 1978 2172; baseline 0.001 -20"><span class='ocrx_word' id='word_1_141' title='bbox 405 2100 583 2165; x_wconf 89' lang='lat' dir='ltr'><strong>vobis,</strong></span> <span class='ocrx_word' id='word_1_142' title='bbox 617 2102 694 2155; x_wconf 72' lang='lat' dir='ltr'><strong>uti</strong></span> <span class='ocrx_word' id='word_1_143' title='bbox 728 2098 1016 2171; x_wconf 87' lang='lat' dir='ltr'><strong>Scriptura</strong></span> <span class='ocrx_word' id='word_1_144' title='bbox 1044 2100 1253 2163; x_wconf 89' lang='lat' dir='ltr'><strong>docuit,</strong></span> <span class='ocrx_word' id='word_1_145' title='bbox 1283 2102 1552 2172; x_wconf 82' lang='lat' dir='ltr'><strong>explicata</strong></span> <span class='ocrx_word' id='word_1_146' title='bbox 1580 2101 1811 2157; x_wconf 90' lang='lat' dir='ltr'><strong>historia</strong></span> <span class='ocrx_word' id='word_1_147' title='bbox 1843 2108 1978 2163; x_wconf 87' lang='lat' dir='ltr'><strong>tota,</strong></span> 
     </span>
    </p>
   </div>
   <div class='ocr_carea' id='block_1_25' title="bbox 402 2189 1982 2262">
    <p class='ocr_par' dir='ltr' id='par_1_25' title="bbox 402 2189 1982 2262">
     <span class='ocr_line' id='line_1_25' title="bbox 402 2189 1982 2262; baseline 0.001 -17"><span class='ocrx_word' id='word_1_148' title='bbox 402 2190 665 2262; x_wconf 87' lang='lat' dir='ltr'><strong>loquendi</strong></span> <span class='ocrx_word' id='word_1_149' title='bbox 712 2191 927 2245; x_wconf 88' lang='lat' dir='ltr'><strong>muneri</strong></span> <span class='ocrx_word' id='word_1_150' title='bbox 963 2189 1398 2247; x_wconf 68' lang='lat' dir='ltr'><strong>satiSl‘ecissem:</strong></span> <span class='ocrx_word' id='word_1_151' title='bbox 1449 2193 1609 2262; x_wconf 81' lang='lat'><strong>170</strong></span> <span class='ocrx_word' id='word_1_152' title='bbox 1656 2205 1803 2246; x_wconf 90' lang='lat' dir='ltr'><strong>nunc</strong></span> <span class='ocrx_word' id='word_1_153' title='bbox 1853 2205 1982 2247; x_wconf 87' lang='lat' dir='ltr'><strong>vero</strong></span> 
     </span>
    </p>
   </div>
   <div class='ocr_carea' id='block_1_26' title="bbox 403 2279 1980 2352">
    <p class='ocr_par' dir='ltr' id='par_1_26' title="bbox 403 2279 1980 2352">
     <span class='ocr_line' id='line_1_26' title="bbox 403 2279 1980 2352; baseline 0.001 -17"><span class='ocrx_word' id='word_1_154' title='bbox 403 2288 623 2351; x_wconf 87' lang='lat' dir='ltr'><strong>tempus</strong></span> <span class='ocrx_word' id='word_1_155' title='bbox 648 2288 735 2337; x_wconf 89' lang='lat' dir='ltr'><strong>est</strong></span> <span class='ocrx_word' id='word_1_156' title='bbox 763 2279 1090 2351; x_wconf 83' lang='lat' dir='ltr'><strong>defatigatus</strong></span> <span class='ocrx_word' id='word_1_157' title='bbox 1112 2296 1210 2336; x_wconf 90' lang='lat' dir='ltr'><strong>vos</strong></span> <span class='ocrx_word' id='word_1_158' title='bbox 1239 2281 1534 2337; x_wconf 86' lang='lat' dir='ltr'><strong>dimittere.</strong></span> <span class='ocrx_word' id='word_1_159' title='bbox 1576 2279 1685 2352; x_wconf 88' lang='lat' dir='ltr'><strong>lpsi</strong></span> <span class='ocrx_word' id='word_1_160' title='bbox 1716 2289 1899 2335; x_wconf 90' lang='lat' dir='ltr'><strong>autem</strong></span> <span class='ocrx_word' id='word_1_161' title='bbox 1933 2281 1980 2336; x_wconf 91' lang='lat' dir='ltr'><strong>si</strong></span> 
     </span>
    </p>
   </div>
   <div class='ocr_carea' id='block_1_27' title="bbox 401 2371 1983 2443">
    <p class='ocr_par' dir='ltr' id='par_1_27' title="bbox 401 2371 1983 2443">
     <span class='ocr_line' id='line_1_27' title="bbox 401 2371 1983 2443; baseline -0.001 -16"><span class='ocrx_word' id='word_1_162' title='bbox 401 2371 533 2443; x_wconf 89' lang='lat' dir='ltr'><strong>quid</strong></span> <span class='ocrx_word' id='word_1_163' title='bbox 560 2371 633 2427; x_wconf 91' lang='lat' dir='ltr'><strong>ob</strong></span> <span class='ocrx_word' id='word_1_164' title='bbox 654 2371 849 2426; x_wconf 87' lang='lat' dir='ltr'><strong>mentis</strong></span> <span class='ocrx_word' id='word_1_165' title='bbox 883 2371 1047 2428; x_wconf 91' lang='lat' dir='ltr'><strong>simul</strong></span> <span class='ocrx_word' id='word_1_166' title='bbox 1072 2385 1140 2426; x_wconf 88' lang='lat' dir='ltr'><strong>ac</strong></span> <span class='ocrx_word' id='word_1_167' title='bbox 1173 2372 1373 2443; x_wconf 72' lang='lat' dir='ltr'><strong>lingua:</strong></span> <span class='ocrx_word' id='word_1_168' title='bbox 1390 2371 1827 2426; x_wconf 86' lang='lat' dir='ltr'><strong>imbecillitatem</strong></span> <span class='ocrx_word' id='word_1_169' title='bbox 1850 2384 1983 2441; x_wconf 73' lang='lat' dir='ltr'><strong>prae-</strong></span> 
     </span>
    </p>
   </div>
   <div class='ocr_carea' id='block_1_28' title="bbox 370 2461 1980 2533">
    <p class='ocr_par' dir='ltr' id='par_1_28' title="bbox 370 2461 1980 2533">
     <span class='ocr_line' id='line_1_28' title="bbox 370 2461 1980 2533; baseline -0.001 -13"><span class='ocrx_word' id='word_1_170' title='bbox 370 2463 718 2520; x_wconf 85' lang='lat' dir='ltr'><strong>‘termissum</strong></span> <span class='ocrx_word' id='word_1_171' title='bbox 767 2475 799 2515; x_wconf 86' lang='lat' dir='ltr'><strong>a</strong></span> <span class='ocrx_word' id='word_1_172' title='bbox 848 2461 1010 2518; x_wconf 89' lang='lat' dir='ltr'><strong>nobis</strong></span> <span class='ocrx_word' id='word_1_173' title='bbox 1054 2462 1149 2530; x_wconf 87' lang='lat' dir='ltr'><strong>sit,</strong></span> <span class='ocrx_word' id='word_1_174' title='bbox 1198 2462 1265 2518; x_wconf 62' lang='lat' dir='ltr'><strong>‘id</strong></span> <span class='ocrx_word' id='word_1_175' title='bbox 1320 2463 1506 2518; x_wconf 92' lang='lat' dir='ltr'><strong>animo</strong></span> <span class='ocrx_word' id='word_1_176' title='bbox 1555 2463 1885 2533; x_wconf 88' lang='lat' dir='ltr'><strong>impressum</strong></span> <span class='ocrx_word' id='word_1_177' title='bbox 1922 2463 1980 2518; x_wconf 90' lang='lat' dir='ltr'><strong>in</strong></span> 
     </span>
    </p>
   </div>
   <div class='ocr_carea' id='block_1_29' title="bbox 401 2552 1981 2627">
    <p class='ocr_par' dir='ltr' id='par_1_29' title="bbox 401 2552 1981 2627">
     <span class='ocr_line' id='line_1_29' title="bbox 401 2552 1981 2627; baseline -0.001 -16"><span class='ocrx_word' id='word_1_178' title='bbox 401 2553 768 2627; x_wconf 87' lang='lat' dir='ltr'><strong>quorumdam</strong></span> <span class='ocrx_word' id='word_1_179' title='bbox 805 2552 1226 2622; x_wconf 86' lang='lat' dir='ltr'><strong>pharmacorum</strong></span> <span class='ocrx_word' id='word_1_180' title='bbox 1267 2567 1474 2610; x_wconf 90' lang='lat' dir='ltr'><strong>morem</strong></span> <span class='ocrx_word' id='word_1_181' title='bbox 1516 2554 1824 2609; x_wconf 84' lang='lat' dir='ltr'><strong>animarum</strong></span> <span class='ocrx_word' id='word_1_182' title='bbox 1859 2556 1981 2610; x_wconf 84' lang='lat' dir='ltr'><strong>vul-</strong></span> 
     </span>
    </p>
   </div>
   <div class='ocr_carea' id='block_1_30' title="bbox 400 2643 1982 2714">
    <p class='ocr_par' dir='ltr' id='par_1_30' title="bbox 400 2643 1982 2714">
     <span class='ocr_line' id='line_1_30' title="bbox 400 2643 1982 2714; baseline -0.001 -13"><span class='ocrx_word' id='word_1_183' title='bbox 400 2648 627 2704; x_wconf 85' lang='lat' dir='ltr'><strong>neribus</strong></span> <span class='ocrx_word' id='word_1_184' title='bbox 656 2646 962 2702; x_wconf 89' lang='lat' dir='ltr'><strong>admovete.</strong></span> <span class='ocrx_word' id='word_1_185' title='bbox 998 2643 1085 2699; x_wconf 90' lang='lat' dir='ltr'><strong>Da</strong></span> <span class='ocrx_word' id='word_1_186' title='bbox 1115 2646 1263 2700; x_wconf 91' lang='lat' dir='ltr'><strong>enim</strong></span> <span class='ocrx_word' id='word_1_187' title='bbox 1296 2644 1521 2714; x_wconf 75' lang='lat' dir='ltr'><strong>sapienti</strong></span> <span class='ocrx_word' id='word_1_188' title='bbox 1550 2646 1899 2712; x_wconf 83' lang='lat' dir='ltr'><strong>occasionem,</strong></span> <span class='ocrx_word' id='word_1_189' title='bbox 1930 2654 1982 2699; x_wconf 83' lang='lat' dir='ltr'><strong>et</strong></span> 
     </span>
    </p>
   </div>
   <div class='ocr_carea' id='block_1_31' title="bbox 400 2734 1981 2807">
    <p class='ocr_par' dir='ltr' id='par_1_31' title="bbox 400 2734 1981 2807">
     <span class='ocr_line' id='line_1_31' title="bbox 400 2734 1981 2807; baseline -0.001 -14"><span class='ocrx_word' id='word_1_190' title='bbox 400 2737 688 2807; x_wconf 72' lang='lat' dir='ltr'><strong>sapientior</strong></span> <span class='ocrx_word' id='word_1_191' title='bbox 710 2737 832 2803; x_wconf 84' lang='lat' dir='ltr'><strong>erit,</strong></span> <span class='ocrx_word' id='word_1_192' title='bbox 862 2734 1359 2806; x_wconf 79' lang='lat' dir='ltr'><strong>inquit&#39;Scriptura</strong></span> <span class='ocrx_word' id='word_1_193' title='bbox 1374 2735 1439 2792; x_wconf 76' lang='lat'><strong>“.</strong></span> <span class='ocrx_word' id='word_1_194' title='bbox 1474 2735 1667 2790; x_wconf 83' lang='lat' dir='ltr'><strong>Potens</strong></span> <span class='ocrx_word' id='word_1_195' title='bbox 1704 2746 1780 2792; x_wconf 83' lang='lat' dir='ltr'><strong>est</strong></span> <span class='ocrx_word' id='word_1_196' title='bbox 1803 2746 1981 2792; x_wconf 87' lang='lat' dir='ltr'><strong>autem</strong></span> 
     </span>
    </p>
   </div>
   <div class='ocr_carea' id='block_1_32' title="bbox 401 2825 1978 2897">
    <p class='ocr_par' dir='ltr' id='par_1_32' title="bbox 401 2825 1978 2897">
     <span class='ocr_line' id='line_1_32' title="bbox 401 2825 1978 2897; baseline 0 -15"><span class='ocrx_word' id='word_1_197' title='bbox 401 2825 545 2882; x_wconf 76' lang='lat' dir='ltr'><strong>Deus</strong></span> <span class='ocrx_word' id='word_1_198' title='bbox 585 2842 788 2881; x_wconf 88' lang='lat' dir='ltr'><strong>omnem</strong></span> <span class='ocrx_word' id='word_1_199' title='bbox 837 2826 1068 2897; x_wconf 83' lang='lat' dir='ltr'><strong>gratiam</strong></span> <span class='ocrx_word' id='word_1_200' title='bbox 1100 2825 1371 2880; x_wconf 81' lang='lat' dir='ltr'><strong>abundare</strong></span> <span class='ocrx_word' id='word_1_201' title='bbox 1417 2825 1589 2896; x_wconf 70' lang='lat' dir='ltr'><strong>facere</strong></span> <span class='ocrx_word' id='word_1_202' title='bbox 1626 2829 1682 2882; x_wconf 84' lang='lat' dir='ltr'><strong>in</strong></span> <span class='ocrx_word' id='word_1_203' title='bbox 1711 2827 1875 2893; x_wconf 83' lang='lat' dir='ltr'><strong>vobis,</strong></span> <span class='ocrx_word' id='word_1_204' title='bbox 1918 2837 1978 2882; x_wconf 81' lang='lat' dir='ltr'><strong>ut</strong></span> 
     </span>
    </p>
   </div>
   <div class='ocr_carea' id='block_1_33' title="bbox 400 2918 1974 2989">
    <p class='ocr_par' dir='ltr' id='par_1_33' title="bbox 400 2918 1974 2989">
     <span class='ocr_line' id='line_1_33' title="bbox 400 2918 1974 2989; baseline 0.001 -16"><span class='ocrx_word' id='word_1_205' title='bbox 400 2919 457 2974; x_wconf 86' lang='lat' dir='ltr'><strong>in</strong></span> <span class='ocrx_word' id='word_1_206' title='bbox 492 2918 733 2973; x_wconf 84' lang='lat' dir='ltr'><strong>omnibus</strong></span> <span class='ocrx_word' id='word_1_207' title='bbox 790 2934 990 2989; x_wconf 79' lang='lat' dir='ltr'><strong>semper</strong></span> <span class='ocrx_word' id='word_1_208' title='bbox 1021 2933 1228 2972; x_wconf 88' lang='lat' dir='ltr'><strong>omnem</strong></span> <span class='ocrx_word' id='word_1_209' title='bbox 1279 2918 1647 2989; x_wconf 74' lang='lat' dir='ltr'><strong>sufﬁcientiam</strong></span> <span class='ocrx_word' id='word_1_210' title='bbox 1707 2920 1974 2985; x_wconf 81' lang='lat' dir='ltr'><strong>habentes,</strong></span> 
     </span>
    </p>
   </div>
   <div class='ocr_carea' id='block_1_34' title="bbox 401 3007 1389 3079">
    <p class='ocr_par' dir='ltr' id='par_1_34' title="bbox 401 3007 1389 3079">
     <span class='ocr_line' id='line_1_34' title="bbox 401 3007 1389 3079; baseline 0.001 -15"><span class='ocrx_word' id='word_1_211' title='bbox 401 3009 679 3065; x_wconf 74' lang='lat' dir='ltr'><strong>abundetis</strong></span> <span class='ocrx_word' id='word_1_212' title='bbox 701 3010 756 3064; x_wconf 84' lang='lat' dir='ltr'><strong>in</strong></span> <span class='ocrx_word' id='word_1_213' title='bbox 780 3026 931 3064; x_wconf 88' lang='lat' dir='ltr'><strong>omne</strong></span> <span class='ocrx_word' id='word_1_214' title='bbox 953 3024 1081 3079; x_wconf 78' lang='lat' dir='ltr'><strong>opus</strong></span> <span class='ocrx_word' id='word_1_215' title='bbox 1095 3008 1303 3064; x_wconf 67' lang='lat' dir='ltr'><strong>bonum:</strong></span> <span class='ocrx_word' id='word_1_216' title='bbox 1318 3007 1389 3065; x_wconf 78' lang='lat'><strong>&quot;.</strong></span> 
     </span>
    </p>
   </div>
   <div class='ocr_carea' id='block_1_35' title="bbox 469 3100 1967 3173">
    <p class='ocr_par' dir='ltr' id='par_1_35' title="bbox 469 3100 1967 3173">
     <span class='ocr_line' id='line_1_35' title="bbox 469 3100 1967 3173; baseline 0.001 -16"><span class='ocrx_word' id='word_1_217' title='bbox 469 3101 526 3157; x_wconf 86' lang='lat'><strong>9.</strong></span> <span class='ocrx_word' id='word_1_218' title='bbox 564 3100 769 3158; x_wconf 82' lang='lat' dir='ltr'><strong>Verum</strong></span> <span class='ocrx_word' id='word_1_219' title='bbox 794 3102 905 3173; x_wconf 82' lang='lat' dir='ltr'><strong>jam</strong></span> <span class='ocrx_word' id='word_1_220' title='bbox 934 3102 1002 3156; x_wconf 89' lang='lat' dir='ltr'><strong>ad</strong></span> <span class='ocrx_word' id='word_1_221' title='bbox 1031 3112 1271 3172; x_wconf 89' lang='lat' dir='ltr'><strong>portum,</strong></span> <span class='ocrx_word' id='word_1_222' title='bbox 1303 3109 1366 3157; x_wconf 93' lang='lat' dir='ltr'><strong>ut</strong></span> <span class='ocrx_word' id='word_1_223' title='bbox 1411 3103 1630 3168; x_wconf 89' lang='lat' dir='ltr'><strong>videtis,</strong></span> <span class='ocrx_word' id='word_1_224' title='bbox 1676 3102 1967 3160; x_wconf 90' lang='lat' dir='ltr'><strong>deductam</strong></span> 
     </span>
    </p>
   </div>
   <div class='ocr_carea' id='block_1_36' title="bbox 398 3192 1971 3265">
    <p class='ocr_par' dir='ltr' id='par_1_36' title="bbox 398 3192 1971 3265">
     <span class='ocr_line' id='line_1_36' title="bbox 398 3192 1971 3265; baseline -0.001 -14"><span class='ocrx_word' id='word_1_225' title='bbox 398 3192 705 3251; x_wconf 86' lang='lat' dir='ltr'><strong>orationem</strong></span> <span class='ocrx_word' id='word_1_226' title='bbox 746 3199 992 3249; x_wconf 87' lang='lat' dir='ltr'><strong>nostram</strong></span> <span class='ocrx_word' id='word_1_227' title='bbox 1019 3192 1220 3251; x_wconf 80' lang='lat' dir='ltr'><strong>fratres</strong></span> <span class='ocrx_word' id='word_1_228' title='bbox 1251 3193 1474 3265; x_wconf 88' lang='lat' dir='ltr'><strong>quidam</strong></span> <span class='ocrx_word' id='word_1_229' title='bbox 1502 3195 1570 3250; x_wconf 90' lang='lat' dir='ltr'><strong>ad</strong></span> <span class='ocrx_word' id='word_1_230' title='bbox 1600 3197 1816 3253; x_wconf 88' lang='lat' dir='ltr'><strong>consilii</strong></span> <span class='ocrx_word' id='word_1_231' title='bbox 1850 3211 1971 3252; x_wconf 88' lang='lat' dir='ltr'><strong>sua-</strong></span> 
     </span>
    </p>
   </div>
   <div class='ocr_carea' id='block_1_37' title="bbox 399 3290 1970 3362">
    <p class='ocr_par' dir='ltr' id='par_1_37' title="bbox 399 3290 1970 3362">
     <span class='ocr_line' id='line_1_37' title="bbox 399 3290 1970 3362; baseline -0.003 -14"><span class='ocrx_word' id='word_1_232' title='bbox 399 3290 686 3362; x_wconf 83' lang='lat' dir='ltr'><strong>sionisque</strong></span> <span class='ocrx_word' id='word_1_233' title='bbox 712 3306 937 3347; x_wconf 88' lang='lat' dir='ltr'><strong>cursum</strong></span> <span class='ocrx_word' id='word_1_234' title='bbox 972 3299 1252 3355; x_wconf 88' lang='lat' dir='ltr'><strong>revocant,</strong></span> <span class='ocrx_word' id='word_1_235' title='bbox 1283 3290 1562 3360; x_wconf 76' lang='lat' dir='ltr'><strong>iubentes,</strong></span> <span class='ocrx_word' id='word_1_236' title='bbox 1592 3307 1661 3346; x_wconf 91' lang='lat' dir='ltr'><strong>ne</strong></span> <span class='ocrx_word' id='word_1_237' title='bbox 1695 3307 1814 3362; x_wconf 62' lang='lat' dir='ltr'><strong>quae</strong></span> <span class='ocrx_word' id='word_1_238' title='bbox 1842 3290 1970 3347; x_wconf 85' lang='lat' dir='ltr'><strong>heri</strong></span> 
     </span>
    </p>
   </div>
   <div class='ocr_carea' id='block_1_38' title="bbox 398 3381 1972 3452">
    <p class='ocr_par' dir='ltr' id='par_1_38' title="bbox 398 3381 1972 3452">
     <span class='ocr_line' id='line_1_38' title="bbox 398 3381 1972 3452; baseline 0 -15"><span class='ocrx_word' id='word_1_239' title='bbox 398 3382 665 3438; x_wconf 76' lang='lat' dir='ltr'><strong>miracuia</strong></span> <span class='ocrx_word' id='word_1_240' title='bbox 692 3397 724 3438; x_wconf 90' lang='lat' dir='ltr'><strong>a</strong></span> <span class='ocrx_word' id='word_1_241' title='bbox 747 3381 977 3438; x_wconf 90' lang='lat' dir='ltr'><strong>Domino</strong></span> <span class='ocrx_word' id='word_1_242' title='bbox 1000 3381 1142 3438; x_wconf 73' lang='lat' dir='ltr'><strong>facta</strong></span> <span class='ocrx_word' id='word_1_243' title='bbox 1160 3389 1312 3447; x_wconf 92' lang='lat' dir='ltr'><strong>sunt,</strong></span> <span class='ocrx_word' id='word_1_244' title='bbox 1350 3389 1762 3452; x_wconf 82' lang='lat' dir='ltr'><strong>praetereamus,</strong></span> <span class='ocrx_word' id='word_1_245' title='bbox 1796 3398 1972 3452; x_wconf 89' lang='lat' dir='ltr'><strong>neque</strong></span> 
     </span>
    </p>
   </div>
   <div class='ocr_carea' id='block_1_39' title="bbox 396 3472 1974 3546">
    <p class='ocr_par' dir='ltr' id='par_1_39' title="bbox 396 3472 1974 3546">
     <span class='ocr_line' id='line_1_39' title="bbox 396 3472 1974 3546; baseline 0.001 -17"><span class='ocrx_word' id='word_1_246' title='bbox 396 3480 664 3546; x_wconf 68' lang='lat' dir='ltr'><strong>tropaeum</strong></span> <span class='ocrx_word' id='word_1_247' title='bbox 702 3489 734 3527; x_wconf 88' lang='lat' dir='ltr'><strong>a</strong></span> <span class='ocrx_word' id='word_1_248' title='bbox 765 3472 1057 3529; x_wconf 89' lang='lat' dir='ltr'><strong>Servatore</strong></span> <span class='ocrx_word' id='word_1_249' title='bbox 1109 3481 1304 3529; x_wconf 79' lang='lat' dir='ltr'><strong>contra</strong></span> <span class='ocrx_word' id='word_1_250' title='bbox 1355 3473 1557 3528; x_wconf 88' lang='lat' dir='ltr'><strong>diaboli</strong></span> <span class='ocrx_word' id='word_1_251' title='bbox 1608 3475 1813 3531; x_wconf 89' lang='lat' dir='ltr'><strong>rabiem</strong></span> <span class='ocrx_word' id='word_1_252' title='bbox 1861 3491 1974 3531; x_wconf 90' lang='lat' dir='ltr'><strong>ere-</strong></span> 
     </span>
    </p>
   </div>
   <div class='ocr_carea' id='block_1_40' title="bbox 397 3564 1972 3638">
    <p class='ocr_par' dir='ltr' id='par_1_40' title="bbox 397 3564 1972 3638">
     <span class='ocr_line' id='line_1_40' title="bbox 397 3564 1972 3638; baseline 0.001 -18"><span class='ocrx_word' id='word_1_253' title='bbox 397 3572 551 3621; x_wconf 88' lang='lat' dir='ltr'><strong>ctum</strong></span> <span class='ocrx_word' id='word_1_254' title='bbox 601 3565 976 3633; x_wconf 88' lang='lat' dir='ltr'><strong>obticeamus;</strong></span> <span class='ocrx_word' id='word_1_255' title='bbox 1003 3564 1099 3621; x_wconf 88' lang='lat' dir='ltr'><strong>sed</strong></span> <span class='ocrx_word' id='word_1_256' title='bbox 1131 3564 1323 3621; x_wconf 83' lang='lat' dir='ltr'><strong>demus</strong></span> <span class='ocrx_word' id='word_1_257' title='bbox 1363 3566 1518 3621; x_wconf 87' lang='lat' dir='ltr'><strong>vobis</strong></span> <span class='ocrx_word' id='word_1_258' title='bbox 1565 3566 1710 3622; x_wconf 88' lang='lat' dir='ltr'><strong>inter</strong></span> <span class='ocrx_word' id='word_1_259' title='bbox 1738 3566 1972 3638; x_wconf 83' lang='lat' dir='ltr'><strong>hymnos</strong></span> 
     </span>
    </p>
   </div>
   <div class='ocr_carea' id='block_1_41' title="bbox 396 3657 1968 3727">
    <p class='ocr_par' dir='ltr' id='par_1_41' title="bbox 396 3657 1968 3727">
     <span class='ocr_line' id='line_1_41' title="bbox 396 3657 1968 3727; baseline 0.001 -12"><span class='ocrx_word' id='word_1_260' title='bbox 396 3657 679 3716; x_wconf 78' lang='lat' dir='ltr'><strong>canendus</strong></span> <span class='ocrx_word' id='word_1_261' title='bbox 716 3658 1024 3716; x_wconf 83' lang='lat' dir='ltr'><strong>exsultandi</strong></span> <span class='ocrx_word' id='word_1_262' title='bbox 1053 3660 1420 3715; x_wconf 86' lang='lat' dir='ltr'><strong>occasionem.</strong></span> <span class='ocrx_word' id='word_1_263' title='bbox 1473 3658 1632 3727; x_wconf 85' lang='lat' dir='ltr'><strong>Nam,</strong></span> <span class='ocrx_word' id='word_1_264' title='bbox 1694 3667 1754 3715; x_wconf 92' lang='lat' dir='ltr'><strong>ut</strong></span> <span class='ocrx_word' id='word_1_265' title='bbox 1788 3662 1968 3726; x_wconf 78' lang='lat' dir='ltr'><strong>scitis,</strong></span> 
     </span>
    </p>
   </div>
   <div class='ocr_carea' id='block_1_42' title="bbox 396 3744 1968 3817">
    <p class='ocr_par' dir='ltr' id='par_1_42' title="bbox 396 3744 1968 3817">
     <span class='ocr_line' id='line_1_42' title="bbox 396 3744 1968 3817; baseline 0.001 -14"><span class='ocrx_word' id='word_1_266' title='bbox 396 3744 654 3805; x_wconf 81' lang='lat' dir='ltr'><strong>diabolus</strong></span> <span class='ocrx_word' id='word_1_267' title='bbox 710 3748 909 3803; x_wconf 90' lang='lat' dir='ltr'><strong>iterum</strong></span> <span class='ocrx_word' id='word_1_268' title='bbox 960 3763 1119 3804; x_wconf 87' lang='lat' dir='ltr'><strong>suam</strong></span> <span class='ocrx_word' id='word_1_269' title='bbox 1178 3748 1233 3802; x_wconf 88' lang='lat' dir='ltr'><strong>in</strong></span> <span class='ocrx_word' id='word_1_270' title='bbox 1289 3764 1391 3804; x_wconf 90' lang='lat' dir='ltr'><strong>nos</strong></span> <span class='ocrx_word' id='word_1_271' title='bbox 1449 3750 1656 3805; x_wconf 89' lang='lat' dir='ltr'><strong>rabiem</strong></span> <span class='ocrx_word' id='word_1_272' title='bbox 1707 3750 1968 3817; x_wconf 86' lang='lat' dir='ltr'><strong>ostendit,</strong></span> 
     </span>
    </p>
   </div>
   <div class='ocr_carea' id='block_1_43' title="bbox 396 3839 1975 3915">
    <p class='ocr_par' dir='ltr' id='par_1_43' title="bbox 396 3839 1975 3915">
     <span class='ocr_line' id='line_1_43' title="bbox 396 3839 1975 3915; baseline 0.001 -19"><span class='ocrx_word' id='word_1_273' title='bbox 396 3839 651 3914; x_wconf 80' lang='lat' dir='ltr'><strong>ignisque</strong></span> <span class='ocrx_word' id='word_1_274' title='bbox 698 3839 914 3896; x_wconf 91' lang='lat' dir='ltr'><strong>ﬂamma</strong></span> <span class='ocrx_word' id='word_1_275' title='bbox 967 3856 1187 3897; x_wconf 89' lang='lat' dir='ltr'><strong>armans</strong></span> <span class='ocrx_word' id='word_1_276' title='bbox 1243 3844 1633 3914; x_wconf 77' lang='lat' dir='ltr'><strong>semetipsum,</strong></span> <span class='ocrx_word' id='word_1_277' title='bbox 1683 3856 1831 3913; x_wconf 80' lang='lat' dir='ltr'><strong>septa</strong></span> <span class='ocrx_word' id='word_1_278' title='bbox 1884 3860 1975 3915; x_wconf 91' lang='lat' dir='ltr'><strong>op-</strong></span> 
     </span>
    </p>
   </div>
   <div class='ocr_carea' id='block_1_44' title="bbox 396 3931 1970 4005">
    <p class='ocr_par' dir='ltr' id='par_1_44' title="bbox 396 3931 1970 4005">
     <span class='ocr_line' id='line_1_44' title="bbox 396 3931 1970 4005; baseline 0 -17"><span class='ocrx_word' id='word_1_279' title='bbox 396 3933 659 4005; x_wconf 78' lang='lat' dir='ltr'><strong>pugnavit</strong></span> <span class='ocrx_word' id='word_1_280' title='bbox 680 3931 959 3990; x_wconf 66' lang='lat' dir='ltr'><strong>Ecclesiaa.</strong></span> <span class='ocrx_word' id='word_1_281' title='bbox 982 3933 1052 3988; x_wconf 88' lang='lat' dir='ltr'><strong>At</strong></span> <span class='ocrx_word' id='word_1_282' title='bbox 1078 3949 1271 3991; x_wconf 87' lang='lat' dir='ltr'><strong>rursus</strong></span> <span class='ocrx_word' id='word_1_283' title='bbox 1292 3936 1608 4004; x_wconf 81' lang='lat' dir='ltr'><strong>communis</strong></span> <span class='ocrx_word' id='word_1_284' title='bbox 1624 3945 1797 3989; x_wconf 85' lang='lat' dir='ltr'><strong>mater</strong></span> <span class='ocrx_word' id='word_1_285' title='bbox 1819 3934 1970 4002; x_wconf 83' lang='lat' dir='ltr'><strong>vicit,</strong></span> 
     </span>
    </p>
   </div>
   <div class='ocr_carea' id='block_1_45' title="bbox 395 4023 1973 4094">
    <p class='ocr_par' dir='ltr' id='par_1_45' title="bbox 395 4023 1973 4094">
     <span class='ocr_line' id='line_1_45' title="bbox 395 4023 1973 4094; baseline -0.001 -15"><span class='ocrx_word' id='word_1_286' title='bbox 395 4031 453 4079; x_wconf 91' lang='lat' dir='ltr'><strong>et</strong></span> <span class='ocrx_word' id='word_1_287' title='bbox 484 4023 541 4079; x_wconf 89' lang='lat' dir='ltr'><strong>id</strong></span> <span class='ocrx_word' id='word_1_288' title='bbox 577 4023 1003 4080; x_wconf 83' lang='lat' dir='ltr'><strong>machinamenti</strong></span> <span class='ocrx_word' id='word_1_289' title='bbox 1042 4025 1261 4080; x_wconf 84' lang='lat' dir='ltr'><strong>intorsit</strong></span> <span class='ocrx_word' id='word_1_290' title='bbox 1296 4025 1350 4079; x_wconf 91' lang='lat' dir='ltr'><strong>in</strong></span> <span class='ocrx_word' id='word_1_291' title='bbox 1387 4025 1572 4094; x_wconf 84' lang='lat' dir='ltr'><strong>ipsum</strong></span> <span class='ocrx_word' id='word_1_292' title='bbox 1606 4025 1844 4086; x_wconf 84' lang='lat' dir='ltr'><strong>hostem,</strong></span> <span class='ocrx_word' id='word_1_293' title='bbox 1872 4038 1973 4078; x_wconf 88' lang='lat' dir='ltr'><strong>uec</strong></span> 
     </span>
    </p>
   </div>
   <div class='ocr_carea' id='block_1_46' title="bbox 395 4113 1974 4187">
    <p class='ocr_par' dir='ltr' id='par_1_46' title="bbox 395 4113 1974 4187">
     <span class='ocr_line' id='line_1_46' title="bbox 395 4113 1974 4187; baseline 0.001 -18"><span class='ocrx_word' id='word_1_294' title='bbox 395 4113 696 4187; x_wconf 86' lang='lat' dir='ltr'><strong>quidquam</strong></span> <span class='ocrx_word' id='word_1_295' title='bbox 730 4116 820 4170; x_wconf 90' lang='lat' dir='ltr'><strong>ille</strong></span> <span class='ocrx_word' id='word_1_296' title='bbox 840 4115 1039 4179; x_wconf 83' lang='lat' dir='ltr'><strong>eﬂ‘ecit,</strong></span> <span class='ocrx_word' id='word_1_297' title='bbox 1092 4116 1194 4171; x_wconf 88' lang='lat' dir='ltr'><strong>nisi</strong></span> <span class='ocrx_word' id='word_1_298' title='bbox 1236 4115 1381 4186; x_wconf 89' lang='lat' dir='ltr'><strong>quod</strong></span> <span class='ocrx_word' id='word_1_299' title='bbox 1424 4117 1606 4170; x_wconf 88' lang='lat' dir='ltr'><strong>odium</strong></span> <span class='ocrx_word' id='word_1_300' title='bbox 1651 4132 1807 4171; x_wconf 89' lang='lat' dir='ltr'><strong>suum</strong></span> <span class='ocrx_word' id='word_1_301' title='bbox 1845 4130 1974 4186; x_wconf 79' lang='lat' dir='ltr'><strong>pro-</strong></span> 
     </span>
    </p>
   </div>
   <div class='ocr_carea' id='block_1_47' title="bbox 272 4203 1974 4276">
    <p class='ocr_par' dir='ltr' id='par_1_47' title="bbox 272 4203 1974 4276">
     <span class='ocr_line' id='line_1_47' title="bbox 272 4203 1974 4276; baseline -0.002 -15"><span class='ocrx_word' id='word_1_302' title='bbox 272 4250 281 4260; x_wconf 91' lang='lat'><strong>.</strong></span> <span class='ocrx_word' id='word_1_303' title='bbox 392 4203 552 4261; x_wconf 83' lang='lat' dir='ltr'><strong>didit.</strong></span> <span class='ocrx_word' id='word_1_304' title='bbox 583 4204 769 4260; x_wconf 83' lang='lat' dir='ltr'><strong>Gratia</strong></span> <span class='ocrx_word' id='word_1_305' title='bbox 798 4204 987 4261; x_wconf 88' lang='lat' dir='ltr'><strong>reﬂatu</strong></span> <span class='ocrx_word' id='word_1_306' title='bbox 1022 4206 1286 4274; x_wconf 91' lang='lat' dir='ltr'><strong>repressit</strong></span> <span class='ocrx_word' id='word_1_307' title='bbox 1323 4207 1431 4259; x_wconf 86' lang='lat' dir='ltr'><strong>vim</strong></span> <span class='ocrx_word' id='word_1_308' title='bbox 1468 4206 1642 4261; x_wconf 85' lang='lat' dir='ltr'><strong>hostis</strong></span> <span class='ocrx_word' id='word_1_309' title='bbox 1669 4214 1832 4276; x_wconf 86' lang='lat' dir='ltr'><strong>atque</strong></span> <span class='ocrx_word' id='word_1_310' title='bbox 1873 4207 1974 4258; x_wconf 83' lang='lat' dir='ltr'><strong>im-</strong></span> 
     </span>
    </p>
   </div>
   <div class='ocr_carea' id='block_1_48' title="bbox 394 4295 1971 4369">
    <p class='ocr_par' dir='ltr' id='par_1_48' title="bbox 394 4295 1971 4369">
     <span class='ocr_line' id='line_1_48' title="bbox 394 4295 1971 4369; baseline -0.003 -16"><span class='ocrx_word' id='word_1_311' title='bbox 394 4306 619 4369; x_wconf 86' lang='lat' dir='ltr'><strong>petum;</strong></span> <span class='ocrx_word' id='word_1_312' title='bbox 652 4298 952 4368; x_wconf 87' lang='lat' dir='ltr'><strong>permansit</strong></span> <span class='ocrx_word' id='word_1_313' title='bbox 998 4299 1261 4368; x_wconf 89' lang='lat' dir='ltr'><strong>templum</strong></span> <span class='ocrx_word' id='word_1_314' title='bbox 1312 4298 1563 4352; x_wconf 67' lang='lat' dir='ltr'><strong>illzcsum.</strong></span> <span class='ocrx_word' id='word_1_315' title='bbox 1615 4295 1737 4352; x_wconf 86' lang='lat' dir='ltr'><strong>Non</strong></span> <span class='ocrx_word' id='word_1_316' title='bbox 1788 4297 1971 4366; x_wconf 85' lang='lat' dir='ltr'><strong>potuit</strong></span> 
     </span>
    </p>
   </div>
   <div class='ocr_carea' id='block_1_49' title="bbox 2084 448 3659 522">
    <p class='ocr_par' dir='ltr' id='par_1_49' title="bbox 2084 448 3659 522">
     <span class='ocr_line' id='line_1_49' title="bbox 2084 448 3659 522; baseline -0.001 -19"><span class='ocrx_word' id='word_1_317' title='bbox 2084 449 2225 521; x_wconf 88' lang='grc' dir='ltr'><strong>μεθα</strong></span> <span class='ocrx_word' id='word_1_318' title='bbox 2249 449 2340 503; x_wconf 83' lang='grc' dir='ltr'><strong>τὸν</strong></span> <span class='ocrx_word' id='word_1_319' title='bbox 2369 451 2601 521; x_wconf 84' lang='grc' dir='ltr'><strong>ὁμοφυῆ,</strong></span> <span class='ocrx_word' id='word_1_320' title='bbox 2634 448 3049 521; x_wconf 80' lang='grc' dir='ltr'><strong>βδελυττόμεθα,</strong></span> <span class='ocrx_word' id='word_1_321' title='bbox 3088 452 3224 522; x_wconf 89' lang='grc' dir='ltr'><strong>μετά</strong></span> <span class='ocrx_word' id='word_1_322' title='bbox 3254 450 3491 520; x_wconf 78' lang='grc' dir='ltr'><strong>σπουδῆς</strong></span> <span class='ocrx_word' id='word_1_323' title='bbox 3518 451 3659 503; x_wconf 79' lang='grc' dir='ltr'><strong>ἀπο-</strong></span> 
     </span>
    </p>
   </div>
   <div class='ocr_carea' id='block_1_50' title="bbox 2080 540 3661 615">
    <p class='ocr_par' dir='ltr' id='par_1_50' title="bbox 2080 540 3661 615">
     <span class='ocr_line' id='line_1_50' title="bbox 2080 540 3661 615; baseline -0.001 -20"><span class='ocrx_word' id='word_1_324' title='bbox 2080 541 2361 613; x_wconf 84' lang='grc' dir='ltr'><strong>τρέχομεν,</strong></span> <span class='ocrx_word' id='word_1_325' title='bbox 2392 540 2580 615; x_wconf 88' lang='grc' dir='ltr'><strong>ῶσπερ</strong></span> <span class='ocrx_word' id='word_1_326' title='bbox 2620 541 2918 606; x_wconf 86' lang='grc' dir='ltr'><strong>δεδοικότες</strong></span> <span class='ocrx_word' id='word_1_327' title='bbox 2953 541 3028 613; x_wconf 79' lang='grc' dir='ltr'><strong>μὴ</strong></span> <span class='ocrx_word' id='word_1_328' title='bbox 3064 542 3159 596; x_wconf 76' lang='grc' dir='ltr'><strong>καὶ</strong></span> <span class='ocrx_word' id='word_1_329' title='bbox 3191 543 3291 614; x_wconf 80' lang='grc' dir='ltr'><strong>τῆς</strong></span> <span class='ocrx_word' id='word_1_330' title='bbox 3320 541 3661 612; x_wconf 85' lang='grc' dir='ltr'><strong>δυσπραγίας</strong></span> 
     </span>
    </p>
   </div>
   <div class='ocr_carea' id='block_1_51' title="bbox 2080 630 3781 705">
    <p class='ocr_par' dir='ltr' id='par_1_51' title="bbox 2080 630 3781 705">
     <span class='ocr_line' id='line_1_51' title="bbox 2080 630 3781 705; baseline -0.003 -19"><span class='ocrx_word' id='word_1_331' title='bbox 2080 633 2249 704; x_wconf 78' lang='grc' dir='ltr'><strong>αὐτῆς</strong></span> <span class='ocrx_word' id='word_1_332' title='bbox 2277 634 2341 686; x_wconf 82' lang='grc' dir='ltr'><strong>ἐκ</strong></span> <span class='ocrx_word' id='word_1_333' title='bbox 2366 631 2459 686; x_wconf 81' lang='grc' dir='ltr'><strong>τοῦ</strong></span> <span class='ocrx_word' id='word_1_334' title='bbox 2485 631 2827 705; x_wconf 73' lang='grc' dir='ltr'><strong>σχολαίτερον</strong></span> <span class='ocrx_word' id='word_1_335' title='bbox 2862 631 3077 703; x_wconf 83' lang='grc' dir='ltr'><strong>βαδίσαι</strong></span> <span class='ocrx_word' id='word_1_336' title='bbox 3106 632 3484 703; x_wconf 69' lang='grc' dir='ltr'><strong>μετάσχοιμεν.</strong></span> <span class='ocrx_word' id='word_1_337' title='bbox 3525 630 3657 693; x_wconf 79' lang='grc' dir='ltr'><strong>Καὶ,</strong></span> <span class='ocrx_word' id='word_1_338' title='bbox 3764 658 3781 670; x_wconf 81' lang='lat'><strong><em>~</em></strong></span> 
     </span>
    </p>
   </div>
   <div class='ocr_carea' id='block_1_52' title="bbox 2079 721 3654 797">
    <p class='ocr_par' dir='ltr' id='par_1_52' title="bbox 2079 721 3654 797">
     <span class='ocr_line' id='line_1_52' title="bbox 2079 721 3654 797; baseline -0.003 -19"><span class='ocrx_word' id='word_1_339' title='bbox 2079 726 2129 778; x_wconf 87' lang='grc' dir='ltr'><strong>εί</strong></span> <span class='ocrx_word' id='word_1_340' title='bbox 2165 725 2262 797; x_wconf 81' lang='grc' dir='ltr'><strong>μὲν</strong></span> <span class='ocrx_word' id='word_1_341' title='bbox 2296 725 2378 787; x_wconf 90' lang='grc' dir='ltr'><strong>είς</strong></span> <span class='ocrx_word' id='word_1_342' title='bbox 2419 724 2521 795; x_wconf 87' lang='grc' dir='ltr'><strong>γῆν</strong></span> <span class='ocrx_word' id='word_1_343' title='bbox 2550 721 2749 789; x_wconf 85' lang='grc' dir='ltr'><strong>νεύσοι,</strong></span> <span class='ocrx_word' id='word_1_344' title='bbox 2774 723 2874 795; x_wconf 78' lang='grc' dir='ltr'><strong>τὴν</strong></span> <span class='ocrx_word' id='word_1_345' title='bbox 2915 723 3200 795; x_wconf 83' lang='grc' dir='ltr'><strong>συμφορὰν</strong></span> <span class='ocrx_word' id='word_1_346' title='bbox 3246 721 3654 791; x_wconf 84' lang='grc' dir='ltr'><strong>αἰσχυνόμενος,</strong></span> 
     </span>
    </p>
   </div>
   <div class='ocr_carea' id='block_1_53' title="bbox 2082 810 3659 890">
    <p class='ocr_par' dir='ltr' id='par_1_53' title="bbox 2082 810 3659 890">
     <span class='ocr_line' id='line_1_53' title="bbox 2082 810 3659 890; baseline -0.005 -18"><span class='ocrx_word' id='word_1_347' title='bbox 2082 818 2420 890; x_wconf 82' lang='grc' dir='ltr'><strong>ὑποκρίσεως</strong></span> <span class='ocrx_word' id='word_1_348' title='bbox 2448 814 2585 871; x_wconf 76' lang='grc' dir='ltr'><strong>εἶναι</strong></span> <span class='ocrx_word' id='word_1_349' title='bbox 2617 816 2844 887; x_wconf 80' lang='grc' dir='ltr'><strong>λέγομεν</strong></span> <span class='ocrx_word' id='word_1_350' title='bbox 2870 818 3107 888; x_wconf 80' lang='grc' dir='ltr'><strong>ἐργάτην</strong></span> <span class='ocrx_word' id='word_1_351' title='bbox 3128 815 3291 869; x_wconf 76' lang='grc' dir='ltr'><strong>αὐτόν</strong></span> <span class='ocrx_word' id='word_1_352' title='bbox 3311 832 3324 846; x_wconf 89' lang='grc'><strong>·</strong></span> <span class='ocrx_word' id='word_1_353' title='bbox 3352 817 3402 867; x_wconf 85' lang='grc' dir='ltr'><strong>εί</strong></span> <span class='ocrx_word' id='word_1_354' title='bbox 3433 813 3491 867; x_wconf 86' lang='grc' dir='ltr'><strong>δέ</strong></span> <span class='ocrx_word' id='word_1_355' title='bbox 3519 810 3659 883; x_wconf 80' lang='grc' dir='ltr'><strong>μετά</strong></span> 
     </span>
    </p>
   </div>
   <div class='ocr_carea' id='block_1_54' title="bbox 2082 902 3658 983">
    <p class='ocr_par' dir='ltr' id='par_1_54' title="bbox 2082 902 3658 983">
     <span class='ocr_line' id='line_1_54' title="bbox 2082 902 3658 983; baseline -0.005 -18"><span class='ocrx_word' id='word_1_356' title='bbox 2082 910 2392 983; x_wconf 74' lang='grc' dir='ltr'><strong>παρρησίας</strong></span> <span class='ocrx_word' id='word_1_357' title='bbox 2431 902 2755 979; x_wconf 71' lang='grc' dir='ltr'><strong>προσϐλέψοι</strong></span> <span class='ocrx_word' id='word_1_358' title='bbox 2792 908 2880 963; x_wconf 84' lang='grc' dir='ltr'><strong>διὰ</strong></span> <span class='ocrx_word' id='word_1_359' title='bbox 2923 908 2984 961; x_wconf 84' lang='grc' dir='ltr'><strong>τὸ</strong></span> <span class='ocrx_word' id='word_1_360' title='bbox 3026 907 3163 980; x_wconf 80' lang='grc' dir='ltr'><strong>βαρὺ</strong></span> <span class='ocrx_word' id='word_1_361' title='bbox 3203 906 3297 961; x_wconf 81' lang='grc' dir='ltr'><strong>τοῦ</strong></span> <span class='ocrx_word' id='word_1_362' title='bbox 3339 904 3504 978; x_wconf 70' lang='grc' dir='ltr'><strong>λιμοῦ</strong></span> <span class='ocrx_word' id='word_1_363' title='bbox 3535 904 3658 961; x_wconf 79' lang='grc' dir='ltr'><strong>κέν-</strong></span> 
     </span>
    </p>
   </div>
   <div class='ocr_carea' id='block_1_55' title="bbox 2077 994 3654 1071">
    <p class='ocr_par' dir='ltr' id='par_1_55' title="bbox 2077 994 3654 1071">
     <span class='ocr_line' id='line_1_55' title="bbox 2077 994 3654 1071; baseline -0.004 -18"><span class='ocrx_word' id='word_1_364' title='bbox 2077 1016 2206 1071; x_wconf 86' lang='grc' dir='ltr'><strong>τρον</strong></span> <span class='ocrx_word' id='word_1_365' title='bbox 2237 1001 2403 1071; x_wconf 78' lang='grc' dir='ltr'><strong>ἡμᾶς,</strong></span> <span class='ocrx_word' id='word_1_366' title='bbox 2432 998 2625 1069; x_wconf 81' lang='grc' dir='ltr'><strong>ἀναιδῆ</strong></span> <span class='ocrx_word' id='word_1_367' title='bbox 2656 997 2816 1052; x_wconf 70' lang='grc' dir='ltr'><strong>πάλιν</strong></span> <span class='ocrx_word' id='word_1_368' title='bbox 2841 997 3113 1068; x_wconf 74' lang='grc' dir='ltr'><strong>καλοῦμεν</strong></span> <span class='ocrx_word' id='word_1_369' title='bbox 3155 996 3249 1049; x_wconf 74' lang='grc' dir='ltr'><strong>καὶ</strong></span> <span class='ocrx_word' id='word_1_370' title='bbox 3288 996 3477 1066; x_wconf 84' lang='grc' dir='ltr'><strong>βίαιον.</strong></span> <span class='ocrx_word' id='word_1_371' title='bbox 3523 994 3654 1058; x_wconf 83' lang='grc' dir='ltr'><strong>Καὶ,</strong></span> 
     </span>
    </p>
   </div>
   <div class='ocr_carea' id='block_1_56' title="bbox 2080 1085 3654 1162">
    <p class='ocr_par' dir='ltr' id='par_1_56' title="bbox 2080 1085 3654 1162">
     <span class='ocr_line' id='line_1_56' title="bbox 2080 1085 3654 1162; baseline -0.003 -19"><span class='ocrx_word' id='word_1_372' title='bbox 2080 1093 2128 1145; x_wconf 85' lang='grc' dir='ltr'><strong>εί</strong></span> <span class='ocrx_word' id='word_1_373' title='bbox 2160 1090 2261 1162; x_wconf 83' lang='grc' dir='ltr'><strong>μὲν</strong></span> <span class='ocrx_word' id='word_1_374' title='bbox 2291 1092 2442 1161; x_wconf 81' lang='grc' dir='ltr'><strong>τύχοι</strong></span> <span class='ocrx_word' id='word_1_375' title='bbox 2485 1091 2887 1161; x_wconf 84' lang='grc' dir='ltr'><strong>καλυπτόμενος</strong></span> <span class='ocrx_word' id='word_1_376' title='bbox 2918 1089 3124 1158; x_wconf 74' lang='grc' dir='ltr'><strong>ὑγιέσιν</strong></span> <span class='ocrx_word' id='word_1_377' title='bbox 3156 1087 3456 1158; x_wconf 87' lang='grc' dir='ltr'><strong>ἐσθήμασιν</strong></span> <span class='ocrx_word' id='word_1_378' title='bbox 3487 1085 3654 1139; x_wconf 88' lang='grc' dir='ltr'><strong>δεδω-</strong></span> 
     </span>
    </p>
   </div>
   <div class='ocr_carea' id='block_1_57' title="bbox 2079 1175 3656 1253">
    <p class='ocr_par' dir='ltr' id='par_1_57' title="bbox 2079 1175 3656 1253">
     <span class='ocr_line' id='line_1_57' title="bbox 2079 1175 3656 1253; baseline -0.004 -18"><span class='ocrx_word' id='word_1_379' title='bbox 2079 1180 2233 1245; x_wconf 87' lang='grc' dir='ltr'><strong>κότος</strong></span> <span class='ocrx_word' id='word_1_380' title='bbox 2270 1181 2436 1247; x_wconf 78' lang='grc' dir='ltr'><strong>τινὸς,</strong></span> <span class='ocrx_word' id='word_1_381' title='bbox 2476 1181 2552 1245; x_wconf 85' lang='grc' dir='ltr'><strong>ὡς</strong></span> <span class='ocrx_word' id='word_1_382' title='bbox 2589 1181 2861 1253; x_wconf 82' lang='grc' dir='ltr'><strong>ἄπληστον</strong></span> <span class='ocrx_word' id='word_1_383' title='bbox 2907 1178 3304 1249; x_wconf 86' lang='grc' dir='ltr'><strong>ἀπελαύνομεν,</strong></span> <span class='ocrx_word' id='word_1_384' title='bbox 3345 1177 3443 1232; x_wconf 81' lang='grc' dir='ltr'><strong>καὶ</strong></span> <span class='ocrx_word' id='word_1_385' title='bbox 3488 1175 3656 1246; x_wconf 85' lang='grc' dir='ltr'><strong>ὀμνύ-</strong></span> 
     </span>
    </p>
   </div>
   <div class='ocr_carea' id='block_1_58' title="bbox 2070 1269 3659 1344">
    <p class='ocr_par' dir='ltr' id='par_1_58' title="bbox 2070 1269 3659 1344">
     <span class='ocr_line' id='line_1_58' title="bbox 2070 1269 3659 1344; baseline -0.003 -18"><span class='ocrx_word' id='word_1_386' title='bbox 2070 1271 2222 1341; x_wconf 88' lang='grc' dir='ltr'><strong>μεθα</strong></span> <span class='ocrx_word' id='word_1_387' title='bbox 2249 1272 2659 1344; x_wconf 85' lang='grc' dir='ltr'><strong>προσποιεῖσθαι</strong></span> <span class='ocrx_word' id='word_1_388' title='bbox 2707 1271 2899 1326; x_wconf 79' lang='grc' dir='ltr'><strong>πενίαν</strong></span> <span class='ocrx_word' id='word_1_389' title='bbox 2938 1270 3124 1325; x_wconf 80' lang='grc' dir='ltr'><strong>αὐτόν’</strong></span> <span class='ocrx_word' id='word_1_390' title='bbox 3157 1270 3206 1323; x_wconf 80' lang='grc' dir='ltr'><strong>εί</strong></span> <span class='ocrx_word' id='word_1_391' title='bbox 3237 1269 3295 1323; x_wconf 88' lang='grc' dir='ltr'><strong>δέ</strong></span> <span class='ocrx_word' id='word_1_392' title='bbox 3332 1269 3659 1333; x_wconf 77' lang='grc' dir='ltr'><strong>σκεπάζοιτο</strong></span> 
     </span>
    </p>
   </div>
   <div class='ocr_carea' id='block_1_59' title="bbox 2080 1358 3660 1436">
    <p class='ocr_par' dir='ltr' id='par_1_59' title="bbox 2080 1358 3660 1436">
     <span class='ocr_line' id='line_1_59' title="bbox 2080 1358 3660 1436; baseline -0.003 -19"><span class='ocrx_word' id='word_1_393' title='bbox 2080 1364 2340 1436; x_wconf 87' lang='grc' dir='ltr'><strong>σεσηπόσι</strong></span> <span class='ocrx_word' id='word_1_394' title='bbox 2388 1365 2618 1436; x_wconf 76' lang='grc' dir='ltr'><strong>ῥακίοις,</strong></span> <span class='ocrx_word' id='word_1_395' title='bbox 2661 1364 2739 1428; x_wconf 86' lang='grc' dir='ltr'><strong>ὡς</strong></span> <span class='ocrx_word' id='word_1_396' title='bbox 2776 1363 3012 1418; x_wconf 85' lang='grc' dir='ltr'><strong>ὀδωδότα</strong></span> <span class='ocrx_word' id='word_1_397' title='bbox 3045 1359 3204 1416; x_wconf 88' lang='grc' dir='ltr'><strong>πάλιν</strong></span> <span class='ocrx_word' id='word_1_398' title='bbox 3242 1359 3530 1431; x_wconf 84' lang='grc' dir='ltr'><strong>διώκομεν,</strong></span> <span class='ocrx_word' id='word_1_399' title='bbox 3561 1358 3660 1413; x_wconf 78' lang='grc' dir='ltr'><strong>καὶ</strong></span> 
     </span>
    </p>
   </div>
   <div class='ocr_carea' id='block_1_60' title="bbox 2077 1452 3657 1527">
    <p class='ocr_par' dir='ltr' id='par_1_60' title="bbox 2077 1452 3657 1527">
     <span class='ocr_line' id='line_1_60' title="bbox 2077 1452 3657 1527; baseline -0.004 -17"><span class='ocrx_word' id='word_1_400' title='bbox 2077 1456 2200 1511; x_wconf 72' lang='grc' dir='ltr'><strong>οὔτε</strong></span> <span class='ocrx_word' id='word_1_401' title='bbox 2227 1456 2289 1510; x_wconf 86' lang='grc' dir='ltr'><strong>τὺ</strong></span> <span class='ocrx_word' id='word_1_402' title='bbox 2318 1455 2409 1509; x_wconf 80' lang='grc' dir='ltr'><strong>τοῦ</strong></span> <span class='ocrx_word' id='word_1_403' title='bbox 2439 1456 2723 1520; x_wconf 77' lang='grc' dir='ltr'><strong>κτίσαντος</strong></span> <span class='ocrx_word' id='word_1_404' title='bbox 2747 1455 2916 1527; x_wconf 78' lang='grc' dir='ltr'><strong>ὄνομα</strong></span> <span class='ocrx_word' id='word_1_405' title='bbox 2948 1457 3069 1519; x_wconf 85' lang='grc' dir='ltr'><strong>ταῖς</strong></span> <span class='ocrx_word' id='word_1_406' title='bbox 3100 1452 3403 1525; x_wconf 78' lang='grc' dir='ltr'><strong>ἱκετηρίαις</strong></span> <span class='ocrx_word' id='word_1_407' title='bbox 3448 1452 3657 1513; x_wconf 81' lang='grc' dir='ltr'><strong>ἐκεῖνος</strong></span> 
     </span>
    </p>
   </div>
   <div class='ocr_carea' id='block_1_61' title="bbox 2078 1545 3658 1622">
    <p class='ocr_par' dir='ltr' id='par_1_61' title="bbox 2078 1545 3658 1622">
     <span class='ocr_line' id='line_1_61' title="bbox 2078 1545 3658 1622; baseline -0.006 -18"><span class='ocrx_word' id='word_1_408' title='bbox 2078 1549 2398 1622; x_wconf 74' lang='grc' dir='ltr'><strong>ἀναμιγνὺς,</strong></span> <span class='ocrx_word' id='word_1_409' title='bbox 2423 1549 2547 1604; x_wconf 76' lang='grc' dir='ltr'><strong>οὔτε</strong></span> <span class='ocrx_word' id='word_1_410' title='bbox 2592 1548 2654 1603; x_wconf 75' lang='grc' dir='ltr'><strong>τὸ</strong></span> <span class='ocrx_word' id='word_1_411' title='bbox 2687 1548 2760 1620; x_wconf 82' lang='grc' dir='ltr'><strong>μὴ</strong></span> <span class='ocrx_word' id='word_1_412' title='bbox 2789 1547 3048 1612; x_wconf 85' lang='grc' dir='ltr'><strong>τοιούτοις</strong></span> <span class='ocrx_word' id='word_1_413' title='bbox 3098 1546 3298 1601; x_wconf 81' lang='grc' dir='ltr'><strong>πάθεσι</strong></span> <span class='ocrx_word' id='word_1_414' title='bbox 3337 1545 3658 1615; x_wconf 83' lang='grc' dir='ltr'><strong>περιπεσεῖν</strong></span> 
     </span>
    </p>
   </div>
   <div class='ocr_carea' id='block_1_62' title="bbox 2078 1635 3656 1714">
    <p class='ocr_par' dir='ltr' id='par_1_62' title="bbox 2078 1635 3656 1714">
     <span class='ocr_line' id='line_1_62' title="bbox 2078 1635 3656 1714; baseline -0.005 -17"><span class='ocrx_word' id='word_1_415' title='bbox 2078 1644 2225 1714; x_wconf 82' lang='grc' dir='ltr'><strong>ἡμᾶς</strong></span> <span class='ocrx_word' id='word_1_416' title='bbox 2251 1642 2485 1714; x_wconf 80' lang='grc' dir='ltr'><strong>ἐξορκῶν</strong></span> <span class='ocrx_word' id='word_1_417' title='bbox 2529 1641 2786 1712; x_wconf 81' lang='grc' dir='ltr'><strong>συνεχῶς,</strong></span> <span class='ocrx_word' id='word_1_418' title='bbox 2827 1640 3044 1694; x_wconf 87' lang='grc' dir='ltr'><strong>δύναται</strong></span> <span class='ocrx_word' id='word_1_419' title='bbox 3081 1638 3180 1711; x_wconf 86' lang='grc' dir='ltr'><strong>τὴν</strong></span> <span class='ocrx_word' id='word_1_420' title='bbox 3207 1636 3399 1708; x_wconf 88' lang='grc' dir='ltr'><strong>ἀνελεῆ</strong></span> <span class='ocrx_word' id='word_1_421' title='bbox 3437 1635 3656 1707; x_wconf 81' lang='grc' dir='ltr'><strong>κάμψαι</strong></span> 
     </span>
    </p>
   </div>
   <div class='ocr_carea' id='block_1_63' title="bbox 2078 1728 3657 1807">
    <p class='ocr_par' dir='ltr' id='par_1_63' title="bbox 2078 1728 3657 1807">
     <span class='ocr_line' id='line_1_63' title="bbox 2078 1728 3657 1807; baseline -0.004 -19"><span class='ocrx_word' id='word_1_422' title='bbox 2078 1734 2413 1807; x_wconf 88' lang='grc' dir='ltr'><strong>προαίρεσιν.</strong></span> <span class='ocrx_word' id='word_1_423' title='bbox 2470 1733 2569 1787; x_wconf 74' lang='grc' dir='ltr'><strong>Διά</strong></span> <span class='ocrx_word' id='word_1_424' title='bbox 2629 1734 2802 1787; x_wconf 83' lang='grc' dir='ltr'><strong>ταῦτα</strong></span> <span class='ocrx_word' id='word_1_425' title='bbox 2849 1733 3137 1805; x_wconf 80' lang='grc' dir='ltr'><strong>ὑφορῶμαι</strong></span> <span class='ocrx_word' id='word_1_426' title='bbox 3197 1729 3497 1803; x_wconf 79' lang='grc' dir='ltr'><strong>βαρύτερον</strong></span> <span class='ocrx_word' id='word_1_427' title='bbox 3554 1728 3657 1798; x_wconf 87' lang='grc' dir='ltr'><strong>τῆς</strong></span> 
     </span>
    </p>
   </div>
   <div class='ocr_carea' id='block_1_64' title="bbox 2077 1815 3657 1902">
    <p class='ocr_par' dir='ltr' id='par_1_64' title="bbox 2077 1815 3657 1902">
     <span class='ocr_line' id='line_1_64' title="bbox 2077 1815 3657 1902; baseline -0.007 -18"><span class='ocrx_word' id='word_1_428' title='bbox 2077 1830 2301 1902; x_wconf 80' lang='grc' dir='ltr'><strong>γεέννης</strong></span> <span class='ocrx_word' id='word_1_429' title='bbox 2326 1829 2386 1883; x_wconf 84' lang='grc' dir='ltr'><strong>τὸ</strong></span> <span class='ocrx_word' id='word_1_430' title='bbox 2414 1827 2525 1899; x_wconf 80' lang='grc' dir='ltr'><strong>πῦρ</strong></span> <span class='ocrx_word' id='word_1_431' title='bbox 2555 1828 2697 1900; x_wconf 78' lang='grc' dir='ltr'><strong>ἤπερ</strong></span> <span class='ocrx_word' id='word_1_432' title='bbox 2729 1828 2935 1889; x_wconf 84' lang='grc' dir='ltr'><strong>ἐκεῖνος</strong></span> <span class='ocrx_word' id='word_1_433' title='bbox 2967 1827 2995 1879; x_wconf 86' lang='grc' dir='ltr'>ὁ</span> <span class='ocrx_word' id='word_1_434' title='bbox 3029 1824 3301 1887; x_wconf 84' lang='grc' dir='ltr'><strong>πλούσιος.</strong></span> <span class='ocrx_word' id='word_1_435' title='bbox 3332 1823 3397 1876; x_wconf 88' lang='grc' dir='ltr'><strong>Εἰ</strong></span> <span class='ocrx_word' id='word_1_436' title='bbox 3431 1822 3530 1893; x_wconf 86' lang='grc' dir='ltr'><strong>μὲν</strong></span> <span class='ocrx_word' id='word_1_437' title='bbox 3560 1815 3657 1874; x_wconf 81' lang='grc' dir='ltr'><strong>οὖν</strong></span> 
     </span>
    </p>
   </div>
   <div class='ocr_carea' id='block_1_65' title="bbox 2075 1911 3660 1991">
    <p class='ocr_par' dir='ltr' id='par_1_65' title="bbox 2075 1911 3660 1991">
     <span class='ocr_line' id='line_1_65' title="bbox 2075 1911 3660 1991; baseline -0.006 -18"><span class='ocrx_word' id='word_1_438' title='bbox 2075 1921 2108 1973; x_wconf 98' lang='lat'><strong>6</strong></span> <span class='ocrx_word' id='word_1_439' title='bbox 2140 1919 2330 1991; x_wconf 80' lang='grc' dir='ltr'><strong>καιρὸς</strong></span> <span class='ocrx_word' id='word_1_440' title='bbox 2359 1917 2613 1982; x_wconf 83' lang='grc' dir='ltr'><strong>ἐνεδίδου,</strong></span> <span class='ocrx_word' id='word_1_441' title='bbox 2636 1915 2861 1987; x_wconf 89' lang='grc' dir='ltr'><strong>δύναμίς</strong></span> <span class='ocrx_word' id='word_1_442' title='bbox 2903 1932 2963 1969; x_wconf 90' lang='grc' dir='ltr'><strong>τε</strong></span> <span class='ocrx_word' id='word_1_443' title='bbox 3004 1913 3250 1985; x_wconf 77' lang='grc' dir='ltr'><strong>ἀρκοῦσα</strong></span> <span class='ocrx_word' id='word_1_444' title='bbox 3280 1912 3449 1982; x_wconf 67' lang='grc' dir='ltr'><strong>ὑπῆν,</strong></span> <span class='ocrx_word' id='word_1_445' title='bbox 3477 1911 3660 1965; x_wconf 82' lang='grc' dir='ltr'><strong>πάντα.</strong></span> 
     </span>
    </p>
   </div>
   <div class='ocr_carea' id='block_1_66' title="bbox 2079 2004 3656 2082">
    <p class='ocr_par' dir='ltr' id='par_1_66' title="bbox 2079 2004 3656 2082">
     <span class='ocr_line' id='line_1_66' title="bbox 2079 2004 3656 2082; baseline -0.005 -18"><span class='ocrx_word' id='word_1_446' title='bbox 2079 2011 2146 2066; x_wconf 79' lang='grc' dir='ltr'><strong>ἂν</strong></span> <span class='ocrx_word' id='word_1_447' title='bbox 2190 2011 2319 2082; x_wconf 83' lang='grc' dir='ltr'><strong>ὑμῖν</strong></span> <span class='ocrx_word' id='word_1_448' title='bbox 2363 2010 2431 2063; x_wconf 81' lang='grc' dir='ltr'><strong>τὰ</strong></span> <span class='ocrx_word' id='word_1_449' title='bbox 2471 2011 2593 2063; x_wconf 86' lang='grc' dir='ltr'><strong>κατ’</strong></span> <span class='ocrx_word' id='word_1_450' title='bbox 2645 2010 2872 2072; x_wconf 81' lang='grc' dir='ltr'><strong>ἐκεῖνον,</strong></span> <span class='ocrx_word' id='word_1_451' title='bbox 2928 2009 3074 2070; x_wconf 86' lang='grc' dir='ltr'><strong>ὅπως</strong></span> <span class='ocrx_word' id='word_1_452' title='bbox 3120 2004 3325 2070; x_wconf 71' lang='grc' dir='ltr'><strong>ἔδειξεν</strong></span> <span class='ocrx_word' id='word_1_453' title='bbox 3368 2006 3403 2075; x_wconf 81' lang='grc' dir='ltr'>ἡ</span> <span class='ocrx_word' id='word_1_454' title='bbox 3438 2005 3656 2067; x_wconf 87' lang='grc' dir='ltr'><strong>Βίϐλος,</strong></span> 
     </span>
    </p>
   </div>
   <div class='ocr_carea' id='block_1_67' title="bbox 2081 2095 3659 2173">
    <p class='ocr_par' dir='ltr' id='par_1_67' title="bbox 2081 2095 3659 2173">
     <span class='ocr_line' id='line_1_67' title="bbox 2081 2095 3659 2173; baseline -0.004 -17"><span class='ocrx_word' id='word_1_455' title='bbox 2081 2101 2384 2167; x_wconf 83' lang='grc' dir='ltr'><strong>ἐπεξελθὼν</strong></span> <span class='ocrx_word' id='word_1_456' title='bbox 2417 2101 2671 2155; x_wconf 84' lang='grc' dir='ltr'><strong>ἀπέδωκα</strong></span> <span class='ocrx_word' id='word_1_457' title='bbox 2709 2102 2807 2173; x_wconf 76' lang='grc' dir='ltr'><strong>τὴν</strong></span> <span class='ocrx_word' id='word_1_458' title='bbox 2859 2100 3119 2172; x_wconf 74' lang='grc' dir='ltr'><strong>ἐργασίαν</strong></span> <span class='ocrx_word' id='word_1_459' title='bbox 3165 2097 3272 2152; x_wconf 87' lang='grc' dir='ltr'><strong>τῶν</strong></span> <span class='ocrx_word' id='word_1_460' title='bbox 3312 2097 3527 2166; x_wconf 72' lang='grc' dir='ltr'><strong>λόγων·</strong></span> <span class='ocrx_word' id='word_1_461' title='bbox 3560 2095 3659 2150; x_wconf 83' lang='grc' dir='ltr'><strong>νῦν</strong></span> 
     </span>
    </p>
   </div>
   <div class='ocr_carea' id='block_1_68' title="bbox 2081 2189 3659 2265">
    <p class='ocr_par' dir='ltr' id='par_1_68' title="bbox 2081 2189 3659 2265">
     <span class='ocr_line' id='line_1_68' title="bbox 2081 2189 3659 2265; baseline -0.004 -17"><span class='ocrx_word' id='word_1_462' title='bbox 2081 2194 2138 2248; x_wconf 87' lang='grc' dir='ltr'><strong>δὲ</strong></span> <span class='ocrx_word' id='word_1_463' title='bbox 2171 2194 2290 2265; x_wconf 85' lang='grc' dir='ltr'><strong>ὥρα</strong></span> <span class='ocrx_word' id='word_1_464' title='bbox 2329 2194 2598 2263; x_wconf 78' lang='grc' dir='ltr'><strong>διαφεῖναι</strong></span> <span class='ocrx_word' id='word_1_465' title='bbox 2652 2193 3027 2265; x_wconf 83' lang='grc' dir='ltr'><strong>πεπονηκότας</strong></span> <span class='ocrx_word' id='word_1_466' title='bbox 3076 2193 3241 2262; x_wconf 84' lang='grc' dir='ltr'><strong>ὑμᾶς.</strong></span> <span class='ocrx_word' id='word_1_467' title='bbox 3289 2191 3454 2244; x_wconf 57' lang='grc' dir='ltr'><strong>Αὐτοὶ⁸</strong></span> <span class='ocrx_word' id='word_1_468' title='bbox 3501 2190 3561 2244; x_wconf 85' lang='grc' dir='ltr'><strong>δέ</strong></span> <span class='ocrx_word' id='word_1_469' title='bbox 3608 2189 3659 2242; x_wconf 85' lang='grc' dir='ltr'><strong>εί</strong></span> 
     </span>
    </p>
   </div>
   <div class='ocr_carea' id='block_1_69' title="bbox 2082 2279 3659 2357">
    <p class='ocr_par' dir='ltr' id='par_1_69' title="bbox 2082 2279 3659 2357">
     <span class='ocr_line' id='line_1_69' title="bbox 2082 2279 3659 2357; baseline -0.004 -19"><span class='ocrx_word' id='word_1_470' title='bbox 2082 2285 2176 2339; x_wconf 86' lang='grc' dir='ltr'><strong>καί</strong></span> <span class='ocrx_word' id='word_1_471' title='bbox 2216 2302 2268 2338; x_wconf 92' lang='grc' dir='ltr'><strong>τι</strong></span> <span class='ocrx_word' id='word_1_472' title='bbox 2312 2284 2791 2357; x_wconf 86' lang='grc' dir='ltr'><strong>παραλελοίπαμεν</strong></span> <span class='ocrx_word' id='word_1_473' title='bbox 2820 2284 2885 2337; x_wconf 84' lang='grc' dir='ltr'><strong>δι’</strong></span> <span class='ocrx_word' id='word_1_474' title='bbox 2942 2282 3223 2338; x_wconf 81' lang='grc' dir='ltr'><strong>ἀσθένειαν</strong></span> <span class='ocrx_word' id='word_1_475' title='bbox 3272 2281 3480 2344; x_wconf 87' lang='grc' dir='ltr'><strong>ἐννοίας</strong></span> <span class='ocrx_word' id='word_1_476' title='bbox 3539 2279 3659 2350; x_wconf 73' lang='grc' dir='ltr'><strong>ἅμα</strong></span> 
     </span>
    </p>
   </div>
   <div class='ocr_carea' id='block_1_70' title="bbox 2083 2371 3660 2448">
    <p class='ocr_par' dir='ltr' id='par_1_70' title="bbox 2083 2371 3660 2448">
     <span class='ocr_line' id='line_1_70' title="bbox 2083 2371 3660 2448; baseline -0.005 -15"><span class='ocrx_word' id='word_1_477' title='bbox 2083 2379 2178 2433; x_wconf 80' lang='grc' dir='ltr'><strong>καὶ</strong></span> <span class='ocrx_word' id='word_1_478' title='bbox 2227 2376 2491 2448; x_wconf 80' lang='grc' dir='ltr'><strong>γλώττης,</strong></span> <span class='ocrx_word' id='word_1_479' title='bbox 2539 2379 2764 2441; x_wconf 62' lang='grc' dir='ltr'><strong>ἑαυτοῖς</strong></span> <span class='ocrx_word' id='word_1_480' title='bbox 2794 2376 3247 2440; x_wconf 79' lang='grc' dir='ltr'><strong>ἀναπλάττοντες,</strong></span> <span class='ocrx_word' id='word_1_481' title='bbox 3293 2374 3479 2447; x_wconf 85' lang='grc' dir='ltr'><strong>ὥσπερ</strong></span> <span class='ocrx_word' id='word_1_482' title='bbox 3534 2371 3660 2426; x_wconf 78' lang='grc' dir='ltr'><strong>τινὰ</strong></span> 
     </span>
    </p>
   </div>
   <div class='ocr_carea' id='block_1_71' title="bbox 2084 2462 3655 2542">
    <p class='ocr_par' dir='ltr' id='par_1_71' title="bbox 2084 2462 3655 2542">
     <span class='ocr_line' id='line_1_71' title="bbox 2084 2462 3655 2542; baseline -0.006 -17"><span class='ocrx_word' id='word_1_483' title='bbox 2084 2471 2347 2542; x_wconf 81' lang='grc' dir='ltr'><strong>φάρμακα</strong></span> <span class='ocrx_word' id='word_1_484' title='bbox 2386 2473 2495 2533; x_wconf 77' lang='grc' dir='ltr'><strong>τοῖς</strong></span> <span class='ocrx_word' id='word_1_485' title='bbox 2540 2470 2648 2523; x_wconf 90' lang='grc' dir='ltr'><strong>τῶν</strong></span> <span class='ocrx_word' id='word_1_486' title='bbox 2697 2467 2881 2539; x_wconf 79' lang='grc' dir='ltr'><strong>ψυχῶν</strong></span> <span class='ocrx_word' id='word_1_487' title='bbox 2928 2467 3307 2540; x_wconf 70' lang='grc' dir='ltr'><strong>προσαγάγετε</strong></span> <span class='ocrx_word' id='word_1_488' title='bbox 3353 2462 3655 2536; x_wconf 87' lang='grc' dir='ltr'><strong>τραύμασι.</strong></span> 
     </span>
    </p>
   </div>
   <div class='ocr_carea' id='block_1_72' title="bbox 2083 2555 3656 2635">
    <p class='ocr_par' dir='ltr' id='par_1_72' title="bbox 2083 2555 3656 2635">
     <span class='ocr_line' id='line_1_72' title="bbox 2083 2555 3656 2635; baseline -0.006 -17"><span class='ocrx_word' id='word_1_489' title='bbox 2083 2563 2258 2619; x_wconf 85' lang='grc' dir='ltr'><strong>Διδου</strong></span> <span class='ocrx_word' id='word_1_490' title='bbox 2287 2563 2394 2635; x_wconf 68' lang='grc' dir='ltr'><strong>γὰρ</strong></span> <span class='ocrx_word' id='word_1_491' title='bbox 2434 2562 2605 2631; x_wconf 69' lang='grc' dir='ltr'><strong>σοφῷ</strong></span> <span class='ocrx_word' id='word_1_492' title='bbox 2637 2560 2932 2631; x_wconf 72' lang='grc' dir='ltr'><strong>ἀφορμὴν,</strong></span> <span class='ocrx_word' id='word_1_493' title='bbox 2954 2559 3051 2613; x_wconf 73' lang='grc' dir='ltr'><strong>καὶ</strong></span> <span class='ocrx_word' id='word_1_494' title='bbox 3092 2558 3430 2628; x_wconf 66' lang='grc' dir='ltr'><strong>σοφώτερος</strong></span> <span class='ocrx_word' id='word_1_495' title='bbox 3460 2555 3656 2617; x_wconf 76' lang='grc' dir='ltr'><strong>ἔσται,</strong></span> 
     </span>
    </p>
   </div>
   <div class='ocr_carea' id='block_1_73' title="bbox 2083 2647 3657 2729">
    <p class='ocr_par' dir='ltr' id='par_1_73' title="bbox 2083 2647 3657 2729">
     <span class='ocr_line' id='line_1_73' title="bbox 2083 2647 3657 2729; baseline -0.005 -18"><span class='ocrx_word' id='word_1_496' title='bbox 2083 2657 2246 2729; x_wconf 77' lang='grc' dir='ltr'><strong>φησὶν</strong></span> <span class='ocrx_word' id='word_1_497' title='bbox 2281 2658 2314 2729; x_wconf 74' lang='grc' dir='ltr'>ἡ</span> <span class='ocrx_word' id='word_1_498' title='bbox 2349 2656 2557 2729; x_wconf 73' lang='grc' dir='ltr'><strong>Γραφή.</strong></span> <span class='ocrx_word' id='word_1_499' title='bbox 2597 2655 2862 2721; x_wconf 73' lang='grc' dir='ltr'><strong>Δυνατὸς</strong></span> <span class='ocrx_word' id='word_1_500' title='bbox 2886 2655 2955 2707; x_wconf 83' lang='grc' dir='ltr'><strong>δὲ</strong></span> <span class='ocrx_word' id='word_1_501' title='bbox 2995 2656 3030 2708; x_wconf 80' lang='grc' dir='ltr'><em>ὁ</em></span> <span class='ocrx_word' id='word_1_502' title='bbox 3065 2652 3208 2719; x_wconf 83' lang='grc' dir='ltr'><strong>Θεὸς</strong></span> <span class='ocrx_word' id='word_1_503' title='bbox 3240 2650 3447 2705; x_wconf 76' lang='grc' dir='ltr'><strong>πᾶσαν</strong></span> <span class='ocrx_word' id='word_1_504' title='bbox 3480 2647 3657 2718; x_wconf 71' lang='grc' dir='ltr'><strong>χάριν</strong></span> 
     </span>
    </p>
   </div>
   <div class='ocr_carea' id='block_1_74' title="bbox 2081 2741 3658 2819">
    <p class='ocr_par' dir='ltr' id='par_1_74' title="bbox 2081 2741 3658 2819">
     <span class='ocr_line' id='line_1_74' title="bbox 2081 2741 3658 2819; baseline -0.006 -16"><span class='ocrx_word' id='word_1_505' title='bbox 2081 2748 2479 2819; x_wconf 80' lang='grc' dir='ltr'><strong>περισσεῦσαι</strong></span> <span class='ocrx_word' id='word_1_506' title='bbox 2532 2751 2620 2814; x_wconf 81' lang='grc' dir='ltr'><strong>εὶς</strong></span> <span class='ocrx_word' id='word_1_507' title='bbox 2666 2746 2842 2817; x_wconf 77' lang='grc' dir='ltr'><strong>ὑμᾶς,</strong></span> <span class='ocrx_word' id='word_1_508' title='bbox 2899 2748 3017 2810; x_wconf 72' lang='grc' dir='ltr'><strong>ἵνα,</strong></span> <span class='ocrx_word' id='word_1_509' title='bbox 3070 2747 3141 2799; x_wconf 60' lang='grc' dir='ltr'><strong>ἐν</strong></span> <span class='ocrx_word' id='word_1_510' title='bbox 3180 2744 3361 2799; x_wconf 76' lang='grc' dir='ltr'><strong>παντί</strong></span> <span class='ocrx_word' id='word_1_511' title='bbox 3399 2741 3658 2796; x_wconf 73' lang='grc' dir='ltr'><strong>πάντοτε</strong></span> 
     </span>
    </p>
   </div>
   <div class='ocr_carea' id='block_1_75' title="bbox 2081 2831 3657 2910">
    <p class='ocr_par' dir='ltr' id='par_1_75' title="bbox 2081 2831 3657 2910">
     <span class='ocr_line' id='line_1_75' title="bbox 2081 2831 3657 2910; baseline -0.004 -15"><span class='ocrx_word' id='word_1_512' title='bbox 2081 2841 2287 2898; x_wconf 85' lang='grc' dir='ltr'><strong>πᾶσαν</strong></span> <span class='ocrx_word' id='word_1_513' title='bbox 2310 2840 2667 2908; x_wconf 77' lang='grc' dir='ltr'><strong>αὐτάρκειαν</strong></span> <span class='ocrx_word' id='word_1_514' title='bbox 2692 2837 3373 2910; x_wconf 69' lang='grc' dir='ltr'><strong>ἐχοντες,περισσεύητε</strong></span> <span class='ocrx_word' id='word_1_515' title='bbox 3406 2837 3495 2900; x_wconf 84' lang='grc' dir='ltr'><strong>εις</strong></span> <span class='ocrx_word' id='word_1_516' title='bbox 3531 2831 3657 2888; x_wconf 66' lang='grc' dir='ltr'><strong>πᾶν</strong></span> 
     </span>
    </p>
   </div>
   <div class='ocr_carea' id='block_1_76' title="bbox 2082 2918 2721 3006">
    <p class='ocr_par' dir='ltr' id='par_1_76' title="bbox 2082 2918 2721 3006">
     <span class='ocr_line' id='line_1_76' title="bbox 2082 2918 2721 3006; baseline -0.002 -19"><span class='ocrx_word' id='word_1_517' title='bbox 2082 2934 2258 3005; x_wconf 67' lang='grc' dir='ltr'><strong>ἔργον</strong></span> <span class='ocrx_word' id='word_1_518' title='bbox 2289 2935 2531 3006; x_wconf 67' lang='grc' dir='ltr'><strong>ἀγαθόν.</strong></span> <span class='ocrx_word' id='word_1_519' title='bbox 2718 2918 2721 2923; x_wconf 88' lang='grc'><em>’</em></span> 
     </span>
    </p>
   </div>
   <div class='ocr_carea' id='block_1_77' title="bbox 2143 3100 3653 3178">
    <p class='ocr_par' dir='ltr' id='par_1_77' title="bbox 2143 3100 3653 3178">
     <span class='ocr_line' id='line_1_77' title="bbox 2143 3100 3653 3178; baseline -0.006 -15"><span class='ocrx_word' id='word_1_520' title='bbox 2143 3108 2195 3163; x_wconf 88' lang='lat'><strong>9.</strong></span> <span class='ocrx_word' id='word_1_521' title='bbox 2243 3107 2401 3161; x_wconf 82' lang='grc' dir='ltr'><strong>Ἀλλὰ</strong></span> <span class='ocrx_word' id='word_1_522' title='bbox 2433 3107 2541 3178; x_wconf 80' lang='grc' dir='ltr'><strong>γὰρ</strong></span> <span class='ocrx_word' id='word_1_523' title='bbox 2573 3106 2673 3177; x_wconf 76' lang='grc' dir='ltr'><strong>ἤδη</strong></span> <span class='ocrx_word' id='word_1_524' title='bbox 2711 3108 2847 3177; x_wconf 82' lang='grc' dir='ltr'><strong>πρὸς</strong></span> <span class='ocrx_word' id='word_1_525' title='bbox 2896 3105 3121 3177; x_wconf 83' lang='grc' dir='ltr'><strong>λιμένας</strong></span> <span class='ocrx_word' id='word_1_526' title='bbox 3163 3106 3313 3175; x_wconf 83' lang='grc' dir='ltr'><strong>ἡμῖν,</strong></span> <span class='ocrx_word' id='word_1_527' title='bbox 3348 3101 3425 3166; x_wconf 86' lang='grc' dir='ltr'><strong>ὡς</strong></span> <span class='ocrx_word' id='word_1_528' title='bbox 3463 3100 3653 3173; x_wconf 64' lang='grc' dir='ltr'><strong>ὁρᾶτε,</strong></span> 
     </span>
    </p>
   </div>
   <div class='ocr_carea' id='block_1_78' title="bbox 2073 3192 3655 3271">
    <p class='ocr_par' dir='ltr' id='par_1_78' title="bbox 2073 3192 3655 3271">
     <span class='ocr_line' id='line_1_78' title="bbox 2073 3192 3655 3271; baseline -0.006 -18"><span class='ocrx_word' id='word_1_529' title='bbox 2073 3199 2406 3271; x_wconf 79' lang='grc' dir='ltr'><strong>καταχθέντα</strong></span> <span class='ocrx_word' id='word_1_530' title='bbox 2430 3200 2518 3252; x_wconf 81' lang='grc' dir='ltr'><strong>τὸν</strong></span> <span class='ocrx_word' id='word_1_531' title='bbox 2546 3198 2723 3266; x_wconf 82' lang='grc' dir='ltr'><strong>λόγον,</strong></span> <span class='ocrx_word' id='word_1_532' title='bbox 2753 3200 2831 3260; x_wconf 80' lang='grc' dir='ltr'><strong>εἰς</strong></span> <span class='ocrx_word' id='word_1_533' title='bbox 2863 3197 2954 3250; x_wconf 77' lang='grc' dir='ltr'><strong>τὸν</strong></span> <span class='ocrx_word' id='word_1_534' title='bbox 2984 3197 3080 3267; x_wconf 84' lang='grc' dir='ltr'><strong>τῆς</strong></span> <span class='ocrx_word' id='word_1_535' title='bbox 3113 3193 3419 3266; x_wconf 85' lang='grc' dir='ltr'><strong>συμϐουλῆς</strong></span> <span class='ocrx_word' id='word_1_536' title='bbox 3451 3192 3655 3263; x_wconf 77' lang='grc' dir='ltr'><strong>δρόμον</strong></span> 
     </span>
    </p>
   </div>
   <div class='ocr_carea' id='block_1_79' title="bbox 2073 3285 3654 3361">
    <p class='ocr_par' dir='ltr' id='par_1_79' title="bbox 2073 3285 3654 3361">
     <span class='ocr_line' id='line_1_79' title="bbox 2073 3285 3654 3361; baseline -0.007 -14"><span class='ocrx_word' id='word_1_537' title='bbox 2073 3290 2228 3357; x_wconf 73' lang='grc' dir='ltr'><strong>αὖθις</strong></span> <span class='ocrx_word' id='word_1_538' title='bbox 2274 3291 2489 3361; x_wconf 81' lang='grc' dir='ltr'><strong>ἀδελφοί</strong></span> <span class='ocrx_word' id='word_1_539' title='bbox 2536 3309 2678 3354; x_wconf 85' lang='grc' dir='ltr'><strong>τινες</strong></span> <span class='ocrx_word' id='word_1_540' title='bbox 2730 3289 3085 3358; x_wconf 83' lang='grc' dir='ltr'><strong>ἐπανάγουσι,</strong></span> <span class='ocrx_word' id='word_1_541' title='bbox 3143 3287 3218 3359; x_wconf 79' lang='grc' dir='ltr'><strong>μὴ</strong></span> <span class='ocrx_word' id='word_1_542' title='bbox 3272 3285 3654 3356; x_wconf 72' lang='grc' dir='ltr'><strong>παραδραμεῖν</strong></span> 
     </span>
    </p>
   </div>
   <div class='ocr_carea' id='block_1_80' title="bbox 2071 3376 3652 3458">
    <p class='ocr_par' dir='ltr' id='par_1_80' title="bbox 2071 3376 3652 3458">
     <span class='ocr_line' id='line_1_80' title="bbox 2071 3376 3652 3458; baseline -0.006 -20"><span class='ocrx_word' id='word_1_543' title='bbox 2071 3387 2141 3440; x_wconf 81' lang='grc' dir='ltr'><strong>τὰ</strong></span> <span class='ocrx_word' id='word_1_544' title='bbox 2194 3385 2320 3458; x_wconf 80' lang='grc' dir='ltr'><strong>χθὲς</strong></span> <span class='ocrx_word' id='word_1_545' title='bbox 2362 3385 2465 3438; x_wconf 77' lang='grc' dir='ltr'><strong>ὑπὸ</strong></span> <span class='ocrx_word' id='word_1_546' title='bbox 2514 3384 2608 3436; x_wconf 72' lang='grc' dir='ltr'><strong>τοῦ</strong></span> <span class='ocrx_word' id='word_1_547' title='bbox 2642 3383 2909 3435; x_wconf 75' lang='grc' dir='ltr'><strong>Δεσπότου</strong></span> <span class='ocrx_word' id='word_1_548' title='bbox 2960 3376 3513 3451; x_wconf 82' lang='grc' dir='ltr'><strong>θαυματουργηθέντα</strong></span> <span class='ocrx_word' id='word_1_549' title='bbox 3546 3393 3652 3429; x_wconf 81' lang='grc' dir='ltr'><strong>,κε-</strong></span> 
     </span>
    </p>
   </div>
   <div class='ocr_carea' id='block_1_81' title="bbox 2072 3466 3759 3548">
    <p class='ocr_par' dir='ltr' id='par_1_81' title="bbox 2072 3466 3759 3548">
     <span class='ocr_line' id='line_1_81' title="bbox 2072 3466 3759 3548; baseline -0.009 -16"><span class='ocrx_word' id='word_1_550' title='bbox 2072 3477 2340 3542; x_wconf 82' lang='grc' dir='ltr'><strong>λεύοντες,</strong></span> <span class='ocrx_word' id='word_1_551' title='bbox 2395 3476 2529 3548; x_wconf 87' lang='grc' dir='ltr'><strong>μηδέ</strong></span> <span class='ocrx_word' id='word_1_552' title='bbox 2585 3475 2805 3546; x_wconf 76' lang='grc' dir='ltr'><strong>σιγῆσαι</strong></span> <span class='ocrx_word' id='word_1_553' title='bbox 2855 3474 2916 3527; x_wconf 80' lang='grc' dir='ltr'><strong>τὸ</strong></span> <span class='ocrx_word' id='word_1_554' title='bbox 2960 3472 3239 3544; x_wconf 72' lang='grc' dir='ltr'><strong>τρόπαιον,</strong></span> <span class='ocrx_word' id='word_1_555' title='bbox 3287 3469 3317 3521; x_wconf 82' lang='grc' dir='ltr'><strong>ὃ</strong></span> <span class='ocrx_word' id='word_1_556' title='bbox 3364 3467 3503 3521; x_wconf 79' lang='grc' dir='ltr'><strong>κατὰ</strong></span> <span class='ocrx_word' id='word_1_557' title='bbox 3547 3466 3651 3536; x_wconf 87' lang='grc' dir='ltr'><strong>τῆς</strong></span> <span class='ocrx_word' id='word_1_558' title='bbox 3753 3484 3759 3491; x_wconf 63' lang='grc' dir='ltr'><strong><em>ε</em></strong></span> 
     </span>
    </p>
   </div>
   <div class='ocr_carea' id='block_1_82' title="bbox 2072 3556 3651 3636">
    <p class='ocr_par' dir='ltr' id='par_1_82' title="bbox 2072 3556 3651 3636">
     <span class='ocr_line' id='line_1_82' title="bbox 2072 3556 3651 3636; baseline -0.01 -12"><span class='ocrx_word' id='word_1_559' title='bbox 2072 3568 2166 3624; x_wconf 79' lang='grc' dir='ltr'><strong>τοῦ</strong></span> <span class='ocrx_word' id='word_1_560' title='bbox 2209 3568 2453 3623; x_wconf 80' lang='grc' dir='ltr'><strong>διαϐόλου</strong></span> <span class='ocrx_word' id='word_1_561' title='bbox 2487 3567 2683 3636; x_wconf 86' lang='grc' dir='ltr'><strong>λύττης</strong></span> <span class='ocrx_word' id='word_1_562' title='bbox 2731 3564 2955 3633; x_wconf 75' lang='grc' dir='ltr'><strong>ἔστησεν</strong></span> <span class='ocrx_word' id='word_1_563' title='bbox 3004 3564 3032 3615; x_wconf 89' lang='lat'><strong>6</strong></span> <span class='ocrx_word' id='word_1_564' title='bbox 3085 3562 3310 3631; x_wconf 70' lang='grc' dir='ltr'><strong>Σωτήρ·</strong></span> <span class='ocrx_word' id='word_1_565' title='bbox 3359 3556 3540 3611; x_wconf 77' lang='grc' dir='ltr'><strong>δοῦναι</strong></span> <span class='ocrx_word' id='word_1_566' title='bbox 3591 3556 3651 3610; x_wconf 86' lang='grc' dir='ltr'><strong>δὲ</strong></span> 
     </span>
    </p>
   </div>
   <div class='ocr_carea' id='block_1_83' title="bbox 2074 3649 3652 3733">
    <p class='ocr_par' dir='ltr' id='par_1_83' title="bbox 2074 3649 3652 3733">
     <span class='ocr_line' id='line_1_83' title="bbox 2074 3649 3652 3733; baseline -0.009 -18"><span class='ocrx_word' id='word_1_567' title='bbox 2074 3661 2326 3733; x_wconf 68' lang='grc' dir='ltr'><strong>ἀφορμὴν</strong></span> <span class='ocrx_word' id='word_1_568' title='bbox 2381 3659 2489 3713; x_wconf 90' lang='grc' dir='ltr'><strong>τῶν</strong></span> <span class='ocrx_word' id='word_1_569' title='bbox 2554 3660 2652 3729; x_wconf 88' lang='grc' dir='ltr'><strong>τῆς</strong></span> <span class='ocrx_word' id='word_1_570' title='bbox 2713 3656 2982 3728; x_wconf 71' lang='grc' dir='ltr'><strong>ὑμνῳδίαις</strong></span> <span class='ocrx_word' id='word_1_571' title='bbox 3042 3652 3428 3725; x_wconf 83' lang='grc' dir='ltr'><strong>σκιρτημάτων</strong></span> <span class='ocrx_word' id='word_1_572' title='bbox 3493 3649 3652 3719; x_wconf 83' lang='grc' dir='ltr'><strong>ὑμῖν.</strong></span> 
     </span>
    </p>
   </div>
   <div class='ocr_carea' id='block_1_84' title="bbox 2075 3741 3650 3823">
    <p class='ocr_par' dir='ltr' id='par_1_84' title="bbox 2075 3741 3650 3823">
     <span class='ocr_line' id='line_1_84' title="bbox 2075 3741 3650 3823; baseline -0.01 -16"><span class='ocrx_word' id='word_1_573' title='bbox 2075 3754 2242 3807; x_wconf 85' lang='grc' dir='ltr'><strong>Πάλιν</strong></span> <span class='ocrx_word' id='word_1_574' title='bbox 2302 3753 2398 3823; x_wconf 82' lang='grc' dir='ltr'><strong>μὲν</strong></span> <span class='ocrx_word' id='word_1_575' title='bbox 2445 3751 2573 3820; x_wconf 71' lang='grc' dir='ltr'><strong>γάρ,</strong></span> <span class='ocrx_word' id='word_1_576' title='bbox 2624 3750 2699 3813; x_wconf 79' lang='grc' dir='ltr'><strong>ὡς</strong></span> <span class='ocrx_word' id='word_1_577' title='bbox 2758 3749 2890 3811; x_wconf 77' lang='grc' dir='ltr'><strong>ἴστε,</strong></span> <span class='ocrx_word' id='word_1_578' title='bbox 2943 3746 3039 3817; x_wconf 82' lang='grc' dir='ltr'><strong>τὴν</strong></span> <span class='ocrx_word' id='word_1_579' title='bbox 3095 3745 3299 3800; x_wconf 78' lang='grc' dir='ltr'><strong>οἰκείαν</strong></span> <span class='ocrx_word' id='word_1_580' title='bbox 3338 3745 3366 3797; x_wconf 86' lang='grc' dir='ltr'>ὁ</span> <span class='ocrx_word' id='word_1_581' title='bbox 3403 3741 3650 3804; x_wconf 86' lang='grc' dir='ltr'><strong>διάϐολος</strong></span> 
     </span>
    </p>
   </div>
   <div class='ocr_carea' id='block_1_85' title="bbox 2075 3832 3651 3916">
    <p class='ocr_par' dir='ltr' id='par_1_85' title="bbox 2075 3832 3651 3916">
     <span class='ocr_line' id='line_1_85' title="bbox 2075 3832 3651 3916; baseline -0.008 -17"><span class='ocrx_word' id='word_1_582' title='bbox 2075 3847 2195 3900; x_wconf 79' lang='grc' dir='ltr'><strong>καθ’</strong></span> <span class='ocrx_word' id='word_1_583' title='bbox 2224 3844 2381 3916; x_wconf 76' lang='grc' dir='ltr'><strong>ἡμῶν</strong></span> <span class='ocrx_word' id='word_1_584' title='bbox 2417 3842 2726 3906; x_wconf 80' lang='grc' dir='ltr'><strong>ἐπεδείξατο</strong></span> <span class='ocrx_word' id='word_1_585' title='bbox 2764 3842 2840 3908; x_wconf 80' lang='lat'><strong>(5)</strong></span> <span class='ocrx_word' id='word_1_586' title='bbox 2872 3840 3087 3904; x_wconf 84' lang='grc' dir='ltr'><strong>λύτταν,</strong></span> <span class='ocrx_word' id='word_1_587' title='bbox 3135 3838 3229 3892; x_wconf 77' lang='grc' dir='ltr'><strong>καὶ</strong></span> <span class='ocrx_word' id='word_1_588' title='bbox 3274 3835 3433 3906; x_wconf 72' lang='grc' dir='ltr'><strong>φλογὶ</strong></span> <span class='ocrx_word' id='word_1_589' title='bbox 3476 3832 3651 3903; x_wconf 74' lang='grc' dir='ltr'><strong>πυρὸς</strong></span> 
     </span>
    </p>
   </div>
   <div class='ocr_carea' id='block_1_86' title="bbox 2074 3927 3649 4005">
    <p class='ocr_par' dir='ltr' id='par_1_86' title="bbox 2074 3927 3649 4005">
     <span class='ocr_line' id='line_1_86' title="bbox 2074 3927 3649 4005; baseline -0.01 -11"><span class='ocrx_word' id='word_1_590' title='bbox 2074 3941 2300 4003; x_wconf 74' lang='grc' dir='ltr'><strong>ὁπλίσας</strong></span> <span class='ocrx_word' id='word_1_591' title='bbox 2350 3938 2561 3996; x_wconf 82' lang='grc' dir='ltr'><strong>ἐαυτὸν.</strong></span> <span class='ocrx_word' id='word_1_592' title='bbox 2608 3938 2721 3998; x_wconf 83' lang='grc' dir='ltr'><strong>τοῖς</strong></span> <span class='ocrx_word' id='word_1_593' title='bbox 2767 3937 2864 4005; x_wconf 84' lang='grc' dir='ltr'><strong>τῆς</strong></span> <span class='ocrx_word' id='word_1_594' title='bbox 2904 3931 3227 4003; x_wconf 81' lang='grc' dir='ltr'><strong>Ἐκκλησίας</strong></span> <span class='ocrx_word' id='word_1_595' title='bbox 3276 3931 3460 4000; x_wconf 82' lang='grc' dir='ltr'><strong>σηκοῖς</strong></span> <span class='ocrx_word' id='word_1_596' title='bbox 3505 3927 3649 4001; x_wconf 59' lang='grc' dir='ltr'><strong>,ἐπε-</strong></span> 
     </span>
    </p>
   </div>
   <div class='ocr_carea' id='block_1_87' title="bbox 2076 4021 3648 4104">
    <p class='ocr_par' dir='ltr' id='par_1_87' title="bbox 2076 4021 3648 4104">
     <span class='ocr_line' id='line_1_87' title="bbox 2076 4021 3648 4104; baseline -0.011 -17"><span class='ocrx_word' id='word_1_597' title='bbox 2076 4034 2389 4104; x_wconf 83' lang='grc' dir='ltr'><strong>στράτευσε.</strong></span> <span class='ocrx_word' id='word_1_598' title='bbox 2441 4031 2606 4084; x_wconf 84' lang='grc' dir='ltr'><strong>Πάλιν</strong></span> <span class='ocrx_word' id='word_1_599' title='bbox 2647 4028 2772 4098; x_wconf 59' lang='lat' dir='ltr'><strong>aer;</strong></span> <span class='ocrx_word' id='word_1_600' title='bbox 2831 4027 2980 4098; x_wconf 84' lang='grc' dir='ltr'><strong>κοινὴ</strong></span> <span class='ocrx_word' id='word_1_601' title='bbox 3031 4025 3211 4096; x_wconf 78' lang='grc' dir='ltr'><strong>μήτηρ</strong></span> <span class='ocrx_word' id='word_1_602' title='bbox 3264 4023 3500 4091; x_wconf 81' lang='grc' dir='ltr'><strong>ἐνίκησε,</strong></span> <span class='ocrx_word' id='word_1_603' title='bbox 3552 4021 3648 4071; x_wconf 63' lang='grc' dir='ltr'><strong>καὶ</strong></span> 
     </span>
    </p>
   </div>
   <div class='ocr_carea' id='block_1_88' title="bbox 2074 4109 3650 4193">
    <p class='ocr_par' dir='ltr' id='par_1_88' title="bbox 2074 4109 3650 4193">
     <span class='ocr_line' id='line_1_88' title="bbox 2074 4109 3650 4193; baseline -0.009 -17"><span class='ocrx_word' id='word_1_604' title='bbox 2074 4122 2151 4193; x_wconf 81' lang='grc' dir='ltr'><strong>τῷ</strong></span> <span class='ocrx_word' id='word_1_605' title='bbox 2211 4121 2453 4192; x_wconf 86' lang='grc' dir='ltr'><strong>πολεμίῳ</strong></span> <span class='ocrx_word' id='word_1_606' title='bbox 2496 4118 2817 4190; x_wconf 70' lang='grc' dir='ltr'><strong>περιέτρεψε</strong></span> <span class='ocrx_word' id='word_1_607' title='bbox 2876 4117 2936 4169; x_wconf 75' lang='grc' dir='ltr'><strong>τὸ</strong></span> <span class='ocrx_word' id='word_1_608' title='bbox 2986 4116 3307 4186; x_wconf 83' lang='grc' dir='ltr'><strong>μηχάνημα.</strong></span> <span class='ocrx_word' id='word_1_609' title='bbox 3355 4112 3445 4165; x_wconf 74' lang='grc' dir='ltr'><strong>καὶ</strong></span> <span class='ocrx_word' id='word_1_610' title='bbox 3491 4109 3650 4162; x_wconf 77' lang='grc' dir='ltr'><strong>οὐδὲν</strong></span> 
     </span>
    </p>
   </div>
   <div class='ocr_carea' id='block_1_89' title="bbox 2074 4201 3651 4285">
    <p class='ocr_par' dir='ltr' id='par_1_89' title="bbox 2074 4201 3651 4285">
     <span class='ocr_line' id='line_1_89' title="bbox 2074 4201 3651 4285; baseline -0.01 -15"><span class='ocrx_word' id='word_1_611' title='bbox 2074 4214 2317 4285; x_wconf 78' lang='grc' dir='ltr'><strong>ὑπῆρξεν</strong></span> <span class='ocrx_word' id='word_1_612' title='bbox 2367 4212 2516 4284; x_wconf 76' lang='grc' dir='ltr'><strong>αύτῷ</strong></span> <span class='ocrx_word' id='word_1_613' title='bbox 2553 4212 2692 4282; x_wconf 83' lang='grc' dir='ltr'><strong>πλὴν</strong></span> <span class='ocrx_word' id='word_1_614' title='bbox 2725 4211 2819 4264; x_wconf 79' lang='grc' dir='ltr'><strong>τοῦ</strong></span> <span class='ocrx_word' id='word_1_615' title='bbox 2867 4207 3224 4281; x_wconf 77' lang='grc' dir='ltr'><strong>δημοσιεῦσαι</strong></span> <span class='ocrx_word' id='word_1_616' title='bbox 3274 4206 3373 4276; x_wconf 79' lang='grc' dir='ltr'><strong>τὴν</strong></span> <span class='ocrx_word' id='word_1_617' title='bbox 3420 4201 3651 4273; x_wconf 80' lang='grc' dir='ltr'><strong>ἔχθραν.</strong></span> 
     </span>
    </p>
   </div>
   <div class='ocr_carea' id='block_1_90' title="bbox 2088 4295 3647 4374">
    <p class='ocr_par' dir='ltr' id='par_1_90' title="bbox 2088 4295 3647 4374">
     <span class='ocr_line' id='line_1_90' title="bbox 2088 4295 3647 4374; baseline -0.012 -14"><span class='ocrx_word' id='word_1_618' title='bbox 2088 4306 2470 4359; x_wconf 80' lang='grc' dir='ltr'><strong>Ἀντέπνευσεν</strong></span> <span class='ocrx_word' id='word_1_619' title='bbox 2510 4306 2542 4374; x_wconf 81' lang='grc' dir='ltr'>ἡ</span> <span class='ocrx_word' id='word_1_620' title='bbox 2594 4303 2753 4374; x_wconf 82' lang='grc' dir='ltr'><strong>χάρις</strong></span> <span class='ocrx_word' id='word_1_621' title='bbox 2805 4303 2924 4364; x_wconf 86' lang='grc' dir='ltr'><strong>ταῖς</strong></span> <span class='ocrx_word' id='word_1_622' title='bbox 2968 4298 3061 4351; x_wconf 81' lang='grc' dir='ltr'><strong>τοῦ</strong></span> <span class='ocrx_word' id='word_1_623' title='bbox 3110 4296 3367 4366; x_wconf 84' lang='grc' dir='ltr'><strong>πολεμίου</strong></span> <span class='ocrx_word' id='word_1_624' title='bbox 3415 4295 3609 4365; x_wconf 80' lang='grc' dir='ltr'><strong>ῥοπαῖς</strong></span> <span class='ocrx_word' id='word_1_625' title='bbox 3634 4304 3647 4316; x_wconf 94' lang='grc'><strong>·</strong></span> 
     </span>
    </p>
   </div>
   <div class='ocr_carea' id='block_1_91' title="bbox 393 4384 1973 4467">
    <p class='ocr_par' dir='ltr' id='par_1_91' title="bbox 393 4386 1964 4459">
     <span class='ocr_line' id='line_1_91' title="bbox 393 4386 1964 4459; baseline -0.001 -16"><span class='ocrx_word' id='word_1_626' title='bbox 393 4386 608 4444; x_wconf 88' lang='lat' dir='ltr'><strong>admota</strong></span> <span class='ocrx_word' id='word_1_627' title='bbox 633 4387 701 4444; x_wconf 90' lang='lat' dir='ltr'><strong>ab</strong></span> <span class='ocrx_word' id='word_1_628' title='bbox 717 4388 872 4444; x_wconf 89' lang='lat' dir='ltr'><strong>hoste</strong></span> <span class='ocrx_word' id='word_1_629' title='bbox 900 4396 1192 4459; x_wconf 81' lang='lat' dir='ltr'><strong>tempestas</strong></span> <span class='ocrx_word' id='word_1_630' title='bbox 1213 4397 1505 4443; x_wconf 88' lang='lat' dir='ltr'><strong>concutere</strong></span> <span class='ocrx_word' id='word_1_631' title='bbox 1533 4397 1765 4458; x_wconf 88' lang='lat' dir='ltr'><strong>petram,</strong></span> <span class='ocrx_word' id='word_1_632' title='bbox 1799 4403 1964 4457; x_wconf 84' lang='lat' dir='ltr'><strong>super</strong></span> 
     </span>
    </p>
   </div>
   <div class='ocr_carea' id='block_1_92' title="bbox 2076 4384 3652 4467">
    <p class='ocr_par' dir='ltr' id='par_1_92' title="bbox 2076 4385 3652 4467">
     <span class='ocr_line' id='line_1_92' title="bbox 2076 4385 3652 4467; baseline -0.011 -18"><span class='ocrx_word' id='word_1_633' title='bbox 2076 4397 2280 4467; x_wconf 74' lang='grc' dir='ltr'><strong>ἔμεινεν</strong></span> <span class='ocrx_word' id='word_1_634' title='bbox 2323 4397 2351 4448; x_wconf 85' lang='grc' dir='ltr'>ὁ</span> <span class='ocrx_word' id='word_1_635' title='bbox 2385 4392 2522 4456; x_wconf 85' lang='grc' dir='ltr'><strong>νεὼς</strong></span> <span class='ocrx_word' id='word_1_636' title='bbox 2565 4392 2637 4462; x_wconf 92' lang='grc'><strong>(6)</strong></span> <span class='ocrx_word' id='word_1_637' title='bbox 2675 4390 2911 4461; x_wconf 84' lang='grc' dir='ltr'><strong>ἀπαθής.</strong></span> <span class='ocrx_word' id='word_1_638' title='bbox 2973 4389 3086 4443; x_wconf 80' lang='grc' dir='ltr'><strong>Οὐκ</strong></span> <span class='ocrx_word' id='word_1_639' title='bbox 3126 4388 3343 4457; x_wconf 73' lang='grc' dir='ltr'><strong>ἴσχυσεν</strong></span> <span class='ocrx_word' id='word_1_640' title='bbox 3395 4385 3423 4436; x_wconf 88' lang='grc' dir='ltr'><strong>ό</strong></span> <span class='ocrx_word' id='word_1_641' title='bbox 3472 4396 3652 4451; x_wconf 85' lang='grc' dir='ltr'><strong>προσ-</strong></span> 
     </span>
    </p>
   </div>
   <div class='ocr_carea' id='block_1_93' title="bbox 389 4478 1964 4553">
    <p class='ocr_par' dir='ltr' id='par_1_93' title="bbox 389 4478 1964 4553">
     <span class='ocr_line' id='line_1_93' title="bbox 389 4478 1964 4553; baseline -0.003 -18"><span class='ocrx_word' id='word_1_642' title='bbox 389 4493 558 4553; x_wconf 78' lang='lat' dir='ltr'><strong>quam</strong></span> <span class='ocrx_word' id='word_1_643' title='bbox 595 4479 852 4535; x_wconf 82' lang='lat' dir='ltr'><strong>Christus</strong></span> <span class='ocrx_word' id='word_1_644' title='bbox 883 4481 1063 4550; x_wconf 80' lang='lat' dir='ltr'><strong>gregis</strong></span> <span class='ocrx_word' id='word_1_645' title='bbox 1097 4478 1180 4532; x_wconf 89' lang='lat' dir='ltr'><strong>sui</strong></span> <span class='ocrx_word' id='word_1_646' title='bbox 1215 4479 1357 4533; x_wconf 84' lang='lat' dir='ltr'><strong>ovile</strong></span> <span class='ocrx_word' id='word_1_647' title='bbox 1381 4478 1672 4532; x_wconf 66' lang='lat' dir='ltr'><strong>aediﬁcavit</strong></span> <span class='ocrx_word' id='word_1_648' title='bbox 1711 4478 1777 4533; x_wconf 70' lang='grc'><strong>⁸⁸.</strong></span> <span class='ocrx_word' id='word_1_649' title='bbox 1818 4479 1964 4533; x_wconf 92' lang='lat' dir='ltr'><strong>lnler</strong></span> 
     </span>
    </p>
   </div>
   <div class='ocr_carea' id='block_1_94' title="bbox 388 4567 1962 4640">
    <p class='ocr_par' dir='ltr' id='par_1_94' title="bbox 388 4567 1962 4640">
     <span class='ocr_line' id='line_1_94' title="bbox 388 4567 1962 4640; baseline -0.001 -13"><span class='ocrx_word' id='word_1_650' title='bbox 388 4587 494 4628; x_wconf 89' lang='lat' dir='ltr'><strong>nos</strong></span> <span class='ocrx_word' id='word_1_651' title='bbox 523 4586 583 4628; x_wconf 90' lang='lat' dir='ltr'><strong>se</strong></span> <span class='ocrx_word' id='word_1_652' title='bbox 607 4570 771 4627; x_wconf 89' lang='lat' dir='ltr'><strong>etiam</strong></span> <span class='ocrx_word' id='word_1_653' title='bbox 804 4586 950 4625; x_wconf 90' lang='lat' dir='ltr'><strong>nunc</strong></span> <span class='ocrx_word' id='word_1_654' title='bbox 978 4571 1287 4633; x_wconf 87' lang='lat' dir='ltr'><strong>collocavit,</strong></span> <span class='ocrx_word' id='word_1_655' title='bbox 1324 4569 1417 4640; x_wconf 92' lang='lat' dir='ltr'><strong>qui</strong></span> <span class='ocrx_word' id='word_1_656' title='bbox 1446 4569 1577 4624; x_wconf 92' lang='lat' dir='ltr'><strong>olim</strong></span> <span class='ocrx_word' id='word_1_657' title='bbox 1605 4568 1658 4623; x_wconf 90' lang='lat' dir='ltr'><strong>iu</strong></span> <span class='ocrx_word' id='word_1_658' title='bbox 1686 4567 1962 4639; x_wconf 84' lang='lat' dir='ltr'><strong>Babylone</strong></span> 
     </span>
    </p>
   </div>
   <div class='ocr_carea' id='block_1_95' title="bbox 389 4661 1962 4735">
    <p class='ocr_par' dir='ltr' id='par_1_95' title="bbox 389 4661 1962 4735">
     <span class='ocr_line' id='line_1_95' title="bbox 389 4661 1962 4735; baseline -0.001 -17"><span class='ocrx_word' id='word_1_659' title='bbox 389 4662 670 4720; x_wconf 77' lang='lat' dir='ltr'><strong>fornacem</strong></span> <span class='ocrx_word' id='word_1_660' title='bbox 702 4662 846 4735; x_wconf 88' lang='lat' dir='ltr'><strong>ignis</strong></span> <span class='ocrx_word' id='word_1_661' title='bbox 871 4662 1134 4719; x_wconf 73' lang='lat' dir='ltr'><strong>exstinxit</strong></span> <span class='ocrx_word' id='word_1_662' title='bbox 1161 4662 1230 4721; x_wconf 77' lang='lat'><strong>&quot;.</strong></span> <span class='ocrx_word' id='word_1_663' title='bbox 1260 4662 1537 4729; x_wconf 85' lang='lat' dir='ltr'><strong>Quantum</strong></span> <span class='ocrx_word' id='word_1_664' title='bbox 1567 4662 1775 4733; x_wconf 87' lang='lat' dir='ltr'><strong>putatis</strong></span> <span class='ocrx_word' id='word_1_665' title='bbox 1810 4661 1962 4731; x_wconf 83' lang='lat' dir='ltr'><strong>inge-</strong></span> 
     </span>
    </p>
   </div>
   <div class='ocr_carea' id='block_1_96' title="bbox 386 4755 1957 4826">
    <p class='ocr_par' dir='ltr' id='par_1_96' title="bbox 386 4755 1957 4826">
     <span class='ocr_line' id='line_1_96' title="bbox 386 4755 1957 4826; baseline -0.003 -12"><span class='ocrx_word' id='word_1_666' title='bbox 386 4757 588 4814; x_wconf 82' lang='lat' dir='ltr'><strong>miscat</strong></span> <span class='ocrx_word' id='word_1_667' title='bbox 615 4756 778 4813; x_wconf 82' lang='lat' dir='ltr'><strong>hodie</strong></span> <span class='ocrx_word' id='word_1_668' title='bbox 807 4755 1080 4820; x_wconf 83' lang='lat' dir='ltr'><strong>diabolus,</strong></span> <span class='ocrx_word' id='word_1_669' title='bbox 1127 4762 1359 4811; x_wconf 84' lang='lat' dir='ltr'><strong>conatus</strong></span> <span class='ocrx_word' id='word_1_670' title='bbox 1400 4755 1520 4826; x_wconf 90' lang='lat' dir='ltr'><strong>ejus</strong></span> <span class='ocrx_word' id='word_1_671' title='bbox 1551 4770 1713 4826; x_wconf 89' lang='lat' dir='ltr'><strong>quem</strong></span> <span class='ocrx_word' id='word_1_672' title='bbox 1745 4755 1848 4810; x_wconf 90' lang='lat' dir='ltr'><strong>sibi</strong></span> <span class='ocrx_word' id='word_1_673' title='bbox 1899 4755 1957 4809; x_wconf 90' lang='lat' dir='ltr'><strong>in</strong></span> 
     </span>
    </p>
   </div>
   <div class='ocr_carea' id='block_1_97' title="bbox 386 4847 1963 4912">
    <p class='ocr_par' dir='ltr' id='par_1_97' title="bbox 386 4847 1963 4912">
     <span class='ocr_line' id='line_1_97' title="bbox 386 4847 1963 4912; baseline -0.001 -8"><span class='ocrx_word' id='word_1_674' title='bbox 386 4848 631 4904; x_wconf 81' lang='lat' dir='ltr'><strong>animum</strong></span> <span class='ocrx_word' id='word_1_675' title='bbox 656 4847 967 4912; x_wconf 69' lang='lat' dir='ltr'><strong>induxerat,</strong></span> <span class='ocrx_word' id='word_1_676' title='bbox 991 4862 1099 4904; x_wconf 87' lang='lat' dir='ltr'><strong>non</strong></span> <span class='ocrx_word' id='word_1_677' title='bbox 1124 4855 1407 4903; x_wconf 80' lang='lat' dir='ltr'><strong>assecutus</strong></span> <span class='ocrx_word' id='word_1_678' title='bbox 1438 4848 1623 4903; x_wconf 85' lang='lat' dir='ltr'><strong>ﬁnem.</strong></span> <span class='ocrx_word' id='word_1_679' title='bbox 1659 4847 1795 4902; x_wconf 86' lang='lat' dir='ltr'><strong>Nam</strong></span> <span class='ocrx_word' id='word_1_680' title='bbox 1826 4848 1963 4902; x_wconf 88' lang='lat' dir='ltr'><strong>vici-</strong></span> 
     </span>
    </p>
   </div>
   <div class='ocr_carea' id='block_1_98' title="bbox 385 4938 1963 5012">
    <p class='ocr_par' dir='ltr' id='par_1_98' title="bbox 385 4938 1963 5012">
     <span class='ocr_line' id='line_1_98' title="bbox 385 4938 1963 5012; baseline 0.001 -18"><span class='ocrx_word' id='word_1_681' title='bbox 385 4953 518 4995; x_wconf 88' lang='lat' dir='ltr'><strong>num</strong></span> <span class='ocrx_word' id='word_1_682' title='bbox 543 4938 803 4995; x_wconf 68' lang='lat' dir='ltr'><strong>Ecclesia:</strong></span> <span class='ocrx_word' id='word_1_683' title='bbox 832 4955 1020 5012; x_wconf 90' lang='lat' dir='ltr'><strong>rogum</strong></span> <span class='ocrx_word' id='word_1_684' title='bbox 1048 4940 1219 4996; x_wconf 85' lang='lat' dir='ltr'><strong>hostis</strong></span> <span class='ocrx_word' id='word_1_685' title='bbox 1243 4941 1331 4994; x_wconf 91' lang='lat' dir='ltr'><strong>ille</strong></span> <span class='ocrx_word' id='word_1_686' title='bbox 1360 4941 1623 5002; x_wconf 87' lang='lat' dir='ltr'><strong>incendit,</strong></span> <span class='ocrx_word' id='word_1_687' title='bbox 1648 4951 1706 4996; x_wconf 92' lang='lat' dir='ltr'><strong>ut</strong></span> <span class='ocrx_word' id='word_1_688' title='bbox 1734 4956 1963 5011; x_wconf 87' lang='lat' dir='ltr'><strong>prospe-</strong></span> 
     </span>
    </p>
   </div>
   <div class='ocr_carea' id='block_1_99' title="bbox 367 5032 1962 5089">
    <p class='ocr_par' dir='ltr' id='par_1_99' title="bbox 367 5032 1962 5089">
     <span class='ocr_line' id='line_1_99' title="bbox 367 5032 1962 5089; baseline 0.003 -5"><span class='ocrx_word' id='word_1_689' title='bbox 367 5044 479 5085; x_wconf 76' lang='lat' dir='ltr'><strong>ros</strong></span> <span class='ocrx_word' id='word_1_690' title='bbox 512 5042 732 5088; x_wconf 90' lang='lat' dir='ltr'><strong>nostros</strong></span> <span class='ocrx_word' id='word_1_691' title='bbox 763 5048 1052 5089; x_wconf 82' lang='lat' dir='ltr'><strong>successus</strong></span> <span class='ocrx_word' id='word_1_692' title='bbox 1107 5032 1408 5089; x_wconf 78' lang='lat' dir='ltr'><strong>infestaret.</strong></span> <span class='ocrx_word' id='word_1_693' title='bbox 1442 5033 1561 5088; x_wconf 83' lang='lat' dir='ltr'><strong>Jam</strong></span> <span class='ocrx_word' id='word_1_694' title='bbox 1590 5032 1814 5087; x_wconf 88' lang='lat' dir='ltr'><strong>ﬂamma</strong></span> <span class='ocrx_word' id='word_1_695' title='bbox 1847 5034 1962 5088; x_wconf 88' lang='lat' dir='ltr'><strong>vio-</strong></span> 
     </span>
    </p>
   </div>
   <div class='ocr_carea' id='block_1_100' title="bbox 384 5120 1955 5196">
    <p class='ocr_par' dir='ltr' id='par_1_100' title="bbox 384 5120 1955 5196">
     <span class='ocr_line' id='line_1_100' title="bbox 384 5120 1955 5196; baseline 0.003 -21"><span class='ocrx_word' id='word_1_696' title='bbox 384 5120 547 5178; x_wconf 83' lang='lat' dir='ltr'><strong>lentis</strong></span> <span class='ocrx_word' id='word_1_697' title='bbox 602 5123 749 5180; x_wconf 90' lang='lat' dir='ltr'><strong>illius</strong></span> <span class='ocrx_word' id='word_1_698' title='bbox 795 5124 1012 5180; x_wconf 86' lang='lat' dir='ltr'><strong>ﬂatibus</strong></span> <span class='ocrx_word' id='word_1_699' title='bbox 1068 5125 1430 5196; x_wconf 84' lang='lat' dir='ltr'><strong>undecunque</strong></span> <span class='ocrx_word' id='word_1_700' title='bbox 1468 5125 1729 5190; x_wconf 79' lang='lat' dir='ltr'><strong>excitata,</strong></span> <span class='ocrx_word' id='word_1_701' title='bbox 1783 5140 1955 5196; x_wconf 89' lang='lat' dir='ltr'><strong>super</strong></span> 
     </span>
    </p>
   </div>
   <div class='ocr_carea' id='block_1_101' title="bbox 2069 4472 3653 4557">
    <p class='ocr_par' dir='ltr' id='par_1_101' title="bbox 2069 4472 3653 4557">
     <span class='ocr_line' id='line_1_101' title="bbox 2069 4472 3653 4557; baseline -0.013 -17"><span class='ocrx_word' id='word_1_702' title='bbox 2069 4486 2253 4557; x_wconf 72' lang='grc' dir='ltr'><strong>αχθεὶς</strong></span> <span class='ocrx_word' id='word_1_703' title='bbox 2282 4484 2388 4537; x_wconf 79' lang='grc' dir='ltr'><strong>ὑπὸ</strong></span> <span class='ocrx_word' id='word_1_704' title='bbox 2417 4482 2510 4537; x_wconf 78' lang='grc' dir='ltr'><strong>τοῦ</strong></span> <span class='ocrx_word' id='word_1_705' title='bbox 2538 4482 2796 4553; x_wconf 86' lang='grc' dir='ltr'><strong>πολεμίου</strong></span> <span class='ocrx_word' id='word_1_706' title='bbox 2840 4477 3044 4551; x_wconf 83' lang='grc' dir='ltr'><strong>χειμὼν</strong></span> <span class='ocrx_word' id='word_1_707' title='bbox 3074 4477 3284 4543; x_wconf 80' lang='grc' dir='ltr'><strong>τινάξαι</strong></span> <span class='ocrx_word' id='word_1_708' title='bbox 3308 4475 3410 4544; x_wconf 81' lang='grc' dir='ltr'><strong>τὴν</strong></span> <span class='ocrx_word' id='word_1_709' title='bbox 3440 4472 3653 4539; x_wconf 80' lang='grc' dir='ltr'><strong>πέτραν</strong></span> 
     </span>
    </p>
   </div>
   <div class='ocr_carea' id='block_1_102' title="bbox 2068 4561 3651 4647">
    <p class='ocr_par' dir='ltr' id='par_1_102' title="bbox 2068 4561 3651 4647">
     <span class='ocr_line' id='line_1_102' title="bbox 2068 4561 3651 4647; baseline -0.011 -18"><span class='ocrx_word' id='word_1_710' title='bbox 2068 4577 2153 4645; x_wconf 81' lang='grc' dir='ltr'><strong>ἐφ’</strong></span> <span class='ocrx_word' id='word_1_711' title='bbox 2182 4572 2250 4647; x_wconf 82' lang='grc' dir='ltr'><strong>ἦς</strong></span> <span class='ocrx_word' id='word_1_712' title='bbox 2272 4575 2299 4626; x_wconf 90' lang='lat'><strong>6</strong></span> <span class='ocrx_word' id='word_1_713' title='bbox 2327 4573 2560 4644; x_wconf 81' lang='grc' dir='ltr'><strong>Χριστὸς</strong></span> <span class='ocrx_word' id='word_1_714' title='bbox 2592 4570 2690 4642; x_wconf 79' lang='grc' dir='ltr'><strong>τὴν</strong></span> <span class='ocrx_word' id='word_1_715' title='bbox 2718 4572 2813 4642; x_wconf 86' lang='grc' dir='ltr'><strong>τῆς</strong></span> <span class='ocrx_word' id='word_1_716' title='bbox 2842 4567 3031 4623; x_wconf 79' lang='grc' dir='ltr'><strong>ἑαυτοῦ</strong></span> <span class='ocrx_word' id='word_1_717' title='bbox 3064 4567 3299 4637; x_wconf 80' lang='grc' dir='ltr'><strong>ποίμνης</strong></span> <span class='ocrx_word' id='word_1_718' title='bbox 3329 4561 3651 4634; x_wconf 80' lang='grc' dir='ltr'><strong>ᾠκοδόμησε</strong></span> 
     </span>
    </p>
   </div>
   <div class='ocr_carea' id='block_1_103' title="bbox 2071 4652 3652 4739">
    <p class='ocr_par' dir='ltr' id='par_1_103' title="bbox 2071 4652 3652 4739">
     <span class='ocr_line' id='line_1_103' title="bbox 2071 4652 3652 4739; baseline -0.013 -15"><span class='ocrx_word' id='word_1_719' title='bbox 2071 4667 2330 4739; x_wconf 81' lang='grc' dir='ltr'><strong>μάνδραν.</strong></span> <span class='ocrx_word' id='word_1_720' title='bbox 2376 4662 2606 4734; x_wconf 79' lang='grc' dir='ltr'><strong>Ἐτάχθη</strong></span> <span class='ocrx_word' id='word_1_721' title='bbox 2640 4662 2735 4716; x_wconf 64' lang='grc' dir='ltr'><strong>καὶ</strong></span> <span class='ocrx_word' id='word_1_722' title='bbox 2771 4660 2864 4715; x_wconf 75' lang='grc' dir='ltr'><strong>νῦν</strong></span> <span class='ocrx_word' id='word_1_723' title='bbox 2903 4659 3021 4732; x_wconf 89' lang='grc' dir='ltr'><strong>μεθ’</strong></span> <span class='ocrx_word' id='word_1_724' title='bbox 3068 4656 3226 4729; x_wconf 87' lang='grc' dir='ltr'><strong>ἡμῶν</strong></span> <span class='ocrx_word' id='word_1_725' title='bbox 3257 4658 3285 4710; x_wconf 84' lang='grc' dir='ltr'>ὁ</span> <span class='ocrx_word' id='word_1_726' title='bbox 3339 4654 3434 4708; x_wconf 69' lang='grc' dir='ltr'><strong>καὶ</strong></span> <span class='ocrx_word' id='word_1_727' title='bbox 3473 4652 3652 4706; x_wconf 85' lang='grc' dir='ltr'><strong>πάλαι</strong></span> 
     </span>
    </p>
   </div>
   <div class='ocr_carea' id='block_1_104' title="bbox 2067 4743 3651 4822">
    <p class='ocr_par' dir='ltr' id='par_1_104' title="bbox 2067 4743 3651 4822">
     <span class='ocr_line' id='line_1_104' title="bbox 2067 4743 3651 4822; baseline -0.01 -9"><span class='ocrx_word' id='word_1_728' title='bbox 2067 4758 2267 4819; x_wconf 78' lang='grc' dir='ltr'><strong>σϐέσας</strong></span> <span class='ocrx_word' id='word_1_729' title='bbox 2296 4758 2357 4809; x_wconf 79' lang='grc' dir='ltr'><strong>ἐν</strong></span> <span class='ocrx_word' id='word_1_730' title='bbox 2383 4753 2660 4808; x_wconf 85' lang='grc' dir='ltr'><strong>Βαϐυλῶνι</strong></span> <span class='ocrx_word' id='word_1_731' title='bbox 2703 4752 2800 4822; x_wconf 82' lang='grc' dir='ltr'><strong>τὴν</strong></span> <span class='ocrx_word' id='word_1_732' title='bbox 2852 4750 3103 4821; x_wconf 82' lang='grc' dir='ltr'><strong>κάμινον.</strong></span> <span class='ocrx_word' id='word_1_733' title='bbox 3150 4746 3273 4810; x_wconf 89' lang='grc' dir='ltr'><strong>Πῶς</strong></span> <span class='ocrx_word' id='word_1_734' title='bbox 3313 4744 3487 4797; x_wconf 79' lang='grc' dir='ltr'><strong>οίεσθε</strong></span> <span class='ocrx_word' id='word_1_735' title='bbox 3517 4743 3651 4797; x_wconf 79' lang='grc' dir='ltr'><strong>στέ-</strong></span> 
     </span>
    </p>
   </div>
   <div class='ocr_carea' id='block_1_105' title="bbox 2064 4828 3650 4918">
    <p class='ocr_par' dir='ltr' id='par_1_105' title="bbox 2064 4828 3650 4918">
     <span class='ocr_line' id='line_1_105' title="bbox 2064 4828 3650 4918; baseline -0.011 -15"><span class='ocrx_word' id='word_1_736' title='bbox 2064 4868 2143 4903; x_wconf 89' lang='grc' dir='ltr'><strong>νει</strong></span> <span class='ocrx_word' id='word_1_737' title='bbox 2193 4849 2432 4918; x_wconf 86' lang='grc' dir='ltr'><strong>σήμερον</strong></span> <span class='ocrx_word' id='word_1_738' title='bbox 2478 4848 2507 4898; x_wconf 86' lang='lat'><strong>6</strong></span> <span class='ocrx_word' id='word_1_739' title='bbox 2552 4845 2815 4908; x_wconf 85' lang='grc' dir='ltr'><strong>διάϐολος,</strong></span> <span class='ocrx_word' id='word_1_740' title='bbox 2862 4845 2963 4896; x_wconf 82' lang='grc' dir='ltr'><strong>οὐκ</strong></span> <span class='ocrx_word' id='word_1_741' title='bbox 3006 4839 3316 4900; x_wconf 83' lang='grc' dir='ltr'><strong>ἀπολαύσας</strong></span> <span class='ocrx_word' id='word_1_742' title='bbox 3362 4836 3446 4906; x_wconf 78' lang='grc' dir='ltr'><strong>ἐφ’</strong></span> <span class='ocrx_word' id='word_1_743' title='bbox 3487 4828 3650 4906; x_wconf 78' lang='grc' dir='ltr'><strong>ᾧπερ</strong></span> 
     </span>
    </p>
   </div>
   <div class='ocr_carea' id='block_1_106' title="bbox 2062 4927 3650 5013">
    <p class='ocr_par' dir='ltr' id='par_1_106' title="bbox 2062 4927 3650 5013">
     <span class='ocr_line' id='line_1_106' title="bbox 2062 4927 3650 5013; baseline -0.01 -18"><span class='ocrx_word' id='word_1_744' title='bbox 2062 4941 2335 5013; x_wconf 82' lang='grc' dir='ltr'><strong>ἠϐουλήθη</strong></span> <span class='ocrx_word' id='word_1_745' title='bbox 2387 4941 2486 5011; x_wconf 89' lang='grc' dir='ltr'><strong>τῆς</strong></span> <span class='ocrx_word' id='word_1_746' title='bbox 2543 4939 2948 5009; x_wconf 76' lang='grc' dir='ltr'><strong>ἐγχειρήσεωςς</strong></span> <span class='ocrx_word' id='word_1_747' title='bbox 3004 4933 3227 4986; x_wconf 88' lang='grc' dir='ltr'><strong>Γείτονα</strong></span> <span class='ocrx_word' id='word_1_748' title='bbox 3274 4929 3374 5002; x_wconf 89' lang='grc' dir='ltr'><strong>μέν</strong></span> <span class='ocrx_word' id='word_1_749' title='bbox 3410 4928 3519 5000; x_wconf 83' lang='grc' dir='ltr'><strong>γὰρ</strong></span> <span class='ocrx_word' id='word_1_750' title='bbox 3543 4927 3650 4998; x_wconf 83' lang='grc' dir='ltr'><strong>τῆς</strong></span> 
     </span>
    </p>
   </div>
   <div class='ocr_carea' id='block_1_107' title="bbox 2073 5021 3647 5103">
    <p class='ocr_par' dir='ltr' id='par_1_107' title="bbox 2073 5021 3647 5103">
     <span class='ocr_line' id='line_1_107' title="bbox 2073 5021 3647 5103; baseline -0.01 -17"><span class='ocrx_word' id='word_1_751' title='bbox 2073 5031 2397 5102; x_wconf 85' lang='grc' dir='ltr'><strong>Ἑκκλησίας</strong></span> <span class='ocrx_word' id='word_1_752' title='bbox 2429 5033 2457 5083; x_wconf 89' lang='grc' dir='ltr'><strong>ὁ</strong></span> <span class='ocrx_word' id='word_1_753' title='bbox 2485 5027 2753 5098; x_wconf 82' lang='grc' dir='ltr'><strong>δυσμενὴς</strong></span> <span class='ocrx_word' id='word_1_754' title='bbox 2779 5025 2949 5097; x_wconf 71' lang='grc' dir='ltr'><strong>ἀνῆψε</strong></span> <span class='ocrx_word' id='word_1_755' title='bbox 2978 5022 3178 5103; x_wconf 65' lang='grc' dir='ltr'><strong>πυρὰν,</strong></span> <span class='ocrx_word' id='word_1_756' title='bbox 3212 5023 3298 5076; x_wconf 79' lang='grc' dir='ltr'><strong>ἵνα</strong></span> <span class='ocrx_word' id='word_1_757' title='bbox 3340 5023 3459 5082; x_wconf 88' lang='grc' dir='ltr'><strong>ταῖς</strong></span> <span class='ocrx_word' id='word_1_758' title='bbox 3498 5021 3647 5089; x_wconf 63' lang='grc' dir='ltr'><strong>ἡμεο</strong></span> 
     </span>
    </p>
   </div>
   <div class='ocr_carea' id='block_1_108' title="bbox 2059 5109 3646 5196">
    <p class='ocr_par' dir='ltr' id='par_1_108' title="bbox 2059 5109 3646 5196">
     <span class='ocr_line' id='line_1_108' title="bbox 2059 5109 3646 5196; baseline -0.011 -18"><span class='ocrx_word' id='word_1_759' title='bbox 2059 5124 2244 5196; x_wconf 77' lang='grc' dir='ltr'><strong>τέραις</strong></span> <span class='ocrx_word' id='word_1_760' title='bbox 2296 5122 2624 5193; x_wconf 81' lang='grc' dir='ltr'><strong>εὐπραγίαις</strong></span> <span class='ocrx_word' id='word_1_761' title='bbox 2661 5120 2998 5190; x_wconf 79' lang='grc' dir='ltr'><strong>λυμήνηται’</strong></span> <span class='ocrx_word' id='word_1_762' title='bbox 3069 5116 3165 5170; x_wconf 81' lang='grc' dir='ltr'><strong>καὶ</strong></span> <span class='ocrx_word' id='word_1_763' title='bbox 3219 5109 3557 5182; x_wconf 84' lang='grc' dir='ltr'><strong>πανταχόθεν</strong></span> <span class='ocrx_word' id='word_1_764' title='bbox 3604 5110 3646 5180; x_wconf 75' lang='grc' dir='ltr'>ἡ</span> 
     </span>
    </p>
   </div>
   <div class='ocr_carea' id='block_1_109' title="bbox 447 5272 1973 5349">
    <p class='ocr_par' dir='ltr' id='par_1_109' title="bbox 447 5278 1973 5349">
     <span class='ocr_line' id='line_1_109' title="bbox 447 5278 1973 5349; baseline 0.003 -16"><span class='ocrx_word' id='word_1_765' title='bbox 447 5278 497 5313; x_wconf 83' lang='grc'><strong><em>⁸³</em></strong></span> <span class='ocrx_word' id='word_1_766' title='bbox 533 5278 669 5335; x_wconf 91' lang='lat' dir='ltr'><strong>Luc.</strong></span> <span class='ocrx_word' id='word_1_767' title='bbox 706 5297 832 5347; x_wconf 70' lang='lat' dir='ltr'><strong>xvx,</strong></span> <span class='ocrx_word' id='word_1_768' title='bbox 863 5281 955 5337; x_wconf 70' lang='grc'><strong>24.</strong></span> <span class='ocrx_word' id='word_1_769' title='bbox 1031 5283 1077 5315; x_wconf 66' lang='grc' dir='ltr'><strong>’δ</strong></span> <span class='ocrx_word' id='word_1_770' title='bbox 1116 5282 1278 5340; x_wconf 88' lang='lat' dir='ltr'><strong>Prov.</strong></span> <span class='ocrx_word' id='word_1_771' title='bbox 1313 5300 1365 5338; x_wconf 80' lang='lat' dir='ltr'><strong>Ix</strong></span> <span class='ocrx_word' id='word_1_772' title='bbox 1387 5323 1401 5349; x_wconf 88' lang='lat'><strong>,</strong></span> <span class='ocrx_word' id='word_1_773' title='bbox 1435 5281 1491 5338; x_wconf 89' lang='lat'><strong>9.</strong></span> <span class='ocrx_word' id='word_1_774' title='bbox 1564 5284 1612 5316; x_wconf 82' lang='lat'>&quot;</span> <span class='ocrx_word' id='word_1_775' title='bbox 1651 5282 1695 5338; x_wconf 91' lang='lat' dir='ltr'><strong>ll</strong></span> <span class='ocrx_word' id='word_1_776' title='bbox 1729 5282 1856 5338; x_wconf 89' lang='lat' dir='ltr'><strong>Cor.</strong></span> <span class='ocrx_word' id='word_1_777' title='bbox 1892 5299 1973 5347; x_wconf 74' lang='lat' dir='ltr'><strong>Ix,</strong></span> 
     </span>
    </p>
   </div>
   <div class='ocr_carea' id='block_1_110' title="bbox 2076 5272 3273 5349">
    <p class='ocr_par' dir='ltr' id='par_1_110' title="bbox 2148 5272 3273 5345">
     <span class='ocr_line' id='line_1_110' title="bbox 2148 5272 3273 5345; baseline -0.009 -8"><span class='ocrx_word' id='word_1_778' title='bbox 2148 5282 2195 5314; x_wconf 78' lang='lat'>&quot;</span> <span class='ocrx_word' id='word_1_779' title='bbox 2233 5279 2425 5337; x_wconf 79' lang='lat' dir='ltr'><strong>Matth.</strong></span> <span class='ocrx_word' id='word_1_780' title='bbox 2462 5294 2587 5345; x_wconf 83' lang='lat' dir='ltr'><strong>xVI,</strong></span> <span class='ocrx_word' id='word_1_781' title='bbox 2624 5277 2735 5332; x_wconf 85' lang='lat' dir='ltr'><strong>l8..</strong></span> <span class='ocrx_word' id='word_1_782' title='bbox 2785 5277 2830 5311; x_wconf 78' lang='grc'><strong>⁸⁷</strong></span> <span class='ocrx_word' id='word_1_783' title='bbox 2871 5273 3010 5330; x_wconf 91' lang='lat' dir='ltr'><strong>Dan.</strong></span> <span class='ocrx_word' id='word_1_784' title='bbox 3045 5289 3145 5340; x_wconf 82' lang='grc' dir='ltr'><strong>ιιι,</strong></span> <span class='ocrx_word' id='word_1_785' title='bbox 3182 5272 3273 5328; x_wconf 73' lang='grc'><strong>49.</strong></span> 
     </span>
    </p>
   </div>
   <div class='ocr_carea' id='block_1_111' title="bbox 453 5435 1944 5510">
    <p class='ocr_par' dir='ltr' id='par_1_111' title="bbox 453 5435 1944 5510">
     <span class='ocr_line' id='line_1_111' title="bbox 453 5435 1944 5510; baseline -0.001 -18"><span class='ocrx_word' id='word_1_786' title='bbox 453 5438 530 5510; x_wconf 83' lang='grc'><strong>(5)</strong></span> <span class='ocrx_word' id='word_1_787' title='bbox 559 5435 716 5493; x_wconf 85' lang='lat' dir='ltr'><strong>Unus</strong></span> <span class='ocrx_word' id='word_1_788' title='bbox 738 5436 893 5510; x_wconf 60' lang='grc' dir='ltr'><strong>(1011)Σ</strong></span> <span class='ocrx_word' id='word_1_789' title='bbox 921 5438 1237 5508; x_wconf 68' lang='grc' dir='ltr'><strong>ἐνεδείξατο.</strong></span> <span class='ocrx_word' id='word_1_790' title='bbox 1276 5438 1392 5494; x_wconf 75' lang='lat' dir='ltr'><strong>Vox</strong></span> <span class='ocrx_word' id='word_1_791' title='bbox 1444 5439 1631 5510; x_wconf 75' lang='grc' dir='ltr'><strong>σηκός,</strong></span> <span class='ocrx_word' id='word_1_792' title='bbox 1665 5454 1785 5509; x_wconf 60' lang='lat' dir='ltr'><strong>quae</strong></span> <span class='ocrx_word' id='word_1_793' title='bbox 1819 5453 1944 5510; x_wconf 75' lang='lat' dir='ltr'><strong>mox</strong></span> 
     </span>
    </p>
   </div>
   <div class='ocr_carea' id='block_1_112' title="bbox 378 5507 1946 5580">
    <p class='ocr_par' dir='ltr' id='par_1_112' title="bbox 378 5507 1946 5580">
     <span class='ocr_line' id='line_1_112' title="bbox 378 5507 1946 5580; baseline -0.002 -16"><span class='ocrx_word' id='word_1_794' title='bbox 378 5507 665 5580; x_wconf 81' lang='lat' dir='ltr'><strong>sequitur,</strong></span> <span class='ocrx_word' id='word_1_795' title='bbox 720 5507 991 5579; x_wconf 85' lang='lat' dir='ltr'><strong>signiﬁcat</strong></span> <span class='ocrx_word' id='word_1_796' title='bbox 1041 5512 1142 5565; x_wconf 90' lang='lat' dir='ltr'><strong>hoc</strong></span> <span class='ocrx_word' id='word_1_797' title='bbox 1204 5512 1323 5566; x_wconf 88' lang='lat' dir='ltr'><strong>loco</strong></span> <span class='ocrx_word' id='word_1_798' title='bbox 1376 5507 1697 5565; x_wconf 71' lang='lat' dir='ltr'><strong>interiorem</strong></span> <span class='ocrx_word' id='word_1_799' title='bbox 1755 5509 1946 5578; x_wconf 78' lang='lat' dir='ltr'><strong>templi</strong></span> 
     </span>
    </p>
   </div>
   <div class='ocr_carea' id='block_1_113' title="bbox 381 5590 1939 5720">
    <p class='ocr_par' dir='ltr' id='par_1_113' title="bbox 381 5590 1939 5720">
     <span class='ocr_line' id='line_1_113' title="bbox 381 5590 1939 5720; baseline 0 -15"><span class='ocrx_word' id='word_1_800' title='bbox 381 5590 788 5720; x_wconf 43' lang='lat' dir='ltr'><strong>pTﬂgmvcteres</strong></span> <span class='ocrx_word' id='word_1_801' title='bbox 812 5650 921 5705; x_wconf 91' lang='lat' dir='ltr'><strong>duo</strong></span> <span class='ocrx_word' id='word_1_802' title='bbox 960 5648 1081 5705; x_wconf 89' lang='lat' dir='ltr'><strong>libri</strong></span> <span class='ocrx_word' id='word_1_803' title='bbox 1111 5653 1140 5705; x_wconf 87' lang='grc' dir='ltr'><strong>ό</strong></span> <span class='ocrx_word' id='word_1_804' title='bbox 1178 5652 1320 5716; x_wconf 85' lang='grc' dir='ltr'><strong>ναός.</strong></span> <span class='ocrx_word' id='word_1_805' title='bbox 1366 5650 1561 5707; x_wconf 85' lang='lat' dir='ltr'><strong>Statim</strong></span> <span class='ocrx_word' id='word_1_806' title='bbox 1601 5651 1709 5706; x_wconf 90' lang='lat' dir='ltr'><strong>duo</strong></span> <span class='ocrx_word' id='word_1_807' title='bbox 1756 5650 1939 5706; x_wconf 89' lang='lat' dir='ltr'><strong>itidem</strong></span> 
     </span>
    </p>
   </div>
   <div class='ocr_carea' id='block_1_114' title="bbox 2053 5417 3642 5507">
    <p class='ocr_par' dir='ltr' id='par_1_114' title="bbox 2053 5417 3642 5507">
     <span class='ocr_line' id='line_1_114' title="bbox 2053 5417 3642 5507; baseline -0.013 -14"><span class='ocrx_word' id='word_1_808' title='bbox 2053 5452 2190 5493; x_wconf 89' lang='lat' dir='ltr'><strong>mss.</strong></span> <span class='ocrx_word' id='word_1_809' title='bbox 2230 5434 2317 5507; x_wconf 73' lang='grc' dir='ltr'><strong>ἐφ’</strong></span> <span class='ocrx_word' id='word_1_810' title='bbox 2347 5428 2678 5507; x_wconf 31' lang='lat' dir='ltr'><strong>ﬁsA&#39;liiduo</strong></span> <span class='ocrx_word' id='word_1_811' title='bbox 2715 5429 2919 5507; x_wconf 59' lang='grc' dir='ltr'><strong>ειριιίιξ</strong></span> <span class='ocrx_word' id='word_1_812' title='bbox 2956 5419 3156 5507; x_wconf 43' lang='grc' dir='ltr'><strong>ἐφ’-ἦς.</strong></span> <span class='ocrx_word' id='word_1_813' title='bbox 3204 5417 3642 5507; x_wconf 42' lang='grc' dir='ltr'><strong>δυβίιιὰᾗεςέο</strong></span> 
     </span>
    </p>
   </div>
   <div class='ocr_carea' id='block_1_115' title="bbox 2055 5493 3643 5578">
    <p class='ocr_par' dir='ltr' id='par_1_115' title="bbox 2055 5493 3643 5578">
     <span class='ocr_line' id='line_1_115' title="bbox 2055 5493 3643 5578; baseline -0.011 -18"><span class='ocrx_word' id='word_1_814' title='bbox 2055 5517 2207 5578; x_wconf 90' lang='lat' dir='ltr'><strong>ptum</strong></span> <span class='ocrx_word' id='word_1_815' title='bbox 2242 5493 2521 5578; x_wconf 73' lang='lat' dir='ltr'><strong>invehitur</strong></span> <span class='ocrx_word' id='word_1_816' title='bbox 2543 5504 2604 5578; x_wconf 81' lang='lat' dir='ltr'><strong>in</strong></span> <span class='ocrx_word' id='word_1_817' title='bbox 2624 5516 2743 5578; x_wconf 86' lang='lat' dir='ltr'><strong>_uuo</strong></span> <span class='ocrx_word' id='word_1_818' title='bbox 2767 5493 3253 5578; x_wconf 24' lang='lat' dir='ltr'><strong>Quilibeﬁsia&#39;no‘et</strong></span> <span class='ocrx_word' id='word_1_819' title='bbox 3280 5497 3347 5578; x_wconf 78' lang='lat' dir='ltr'><strong>_in</strong></span> <span class='ocrx_word' id='word_1_820' title='bbox 3370 5493 3508 5578; x_wconf 56' lang='lat' dir='ltr'><strong>aliis</strong></span> <span class='ocrx_word' id='word_1_821' title='bbox 3533 5493 3643 5578; x_wconf 61' lang='lat' dir='ltr'><strong>tri:</strong></span> 
     </span>
    </p>
   </div>
   <div class='ocr_carea' id='block_1_116' title="bbox 2058 5558 3646 5645">
    <p class='ocr_par' dir='ltr' id='par_1_116' title="bbox 2058 5558 3646 5645">
     <span class='ocr_line' id='line_1_116' title="bbox 2058 5558 3646 5645; baseline -0.013 -13"><span class='ocrx_word' id='word_1_822' title='bbox 2058 5558 2488 5644; x_wconf 53' lang='lat' dir='ltr'><strong>Bi.§&#39;mss.‘pse‘</strong></span> <span class='ocrx_word' id='word_1_823' title='bbox 2532 5572 2711 5645; x_wconf 80' lang='grc' dir='ltr'><strong>ἡμῶν,</strong></span> <span class='ocrx_word' id='word_1_824' title='bbox 2748 5571 2840 5625; x_wconf 88' lang='lat' dir='ltr'><strong>ubi</strong></span> <span class='ocrx_word' id='word_1_825' title='bbox 2889 5570 2943 5623; x_wconf 91' lang='lat' dir='ltr'><strong>in</strong></span> <span class='ocrx_word' id='word_1_826' title='bbox 2997 5568 3233 5641; x_wconf 84' lang='lat' dir='ltr'><strong>vulgatis</strong></span> <span class='ocrx_word' id='word_1_827' title='bbox 3279 5565 3478 5639; x_wconf 87' lang='lat' dir='ltr'><strong>legitur</strong></span> <span class='ocrx_word' id='word_1_828' title='bbox 3515 5558 3646 5632; x_wconf 75' lang='grc' dir='ltr'><strong>μεθ’</strong></span> 
     </span>
    </p>
   </div>
   <div class='ocr_carea' id='block_1_117' title="bbox 2051 5645 3027 5720">
    <p class='ocr_par' dir='ltr' id='par_1_117' title="bbox 2051 5645 3027 5720">
     <span class='ocr_line' id='line_1_117' title="bbox 2051 5645 3027 5720; baseline -0.002 -18"><span class='ocrx_word' id='word_1_829' title='bbox 2051 5647 2229 5720; x_wconf 82' lang='grc' dir='ltr'><strong>ὑμῶν,</strong></span> <span class='ocrx_word' id='word_1_830' title='bbox 2266 5645 2557 5711; x_wconf 82' lang='lat' dir='ltr'><strong>vobiscum,</strong></span> <span class='ocrx_word' id='word_1_831' title='bbox 2592 5658 2703 5700; x_wconf 89' lang='lat' dir='ltr'><strong>non</strong></span> <span class='ocrx_word' id='word_1_832' title='bbox 2740 5647 2813 5697; x_wconf 81' lang='lat' dir='ltr'><strong>ita</strong></span> <span class='ocrx_word' id='word_1_833' title='bbox 2852 5647 3027 5700; x_wconf 78' lang='lat' dir='ltr'><strong>recte.</strong></span> 
     </span>
    </p>
   </div>
  </div>
