3982 6240
364 201 471 257 557

1104 204 1335 261 HOMIL.
1380 207 1567 275 QUOD
1606 208 1962 266 MUNDANIS
1995 210 2497 273 ADHASBENDUM
2538 218 2673 273 NON
2717 216 2847 273 SIT.
2908 212 2911 215 λ

3495 214 3602 271 558

363 312 498 383 φλὸξ
538 313 1003 385 ἀναρριπιζομένη
1053 321 1171 380 ταῖς
1222 319 1413 388 βιαίοις
1464 323 1674 377 ἐκείνου
1726 330 1932 392 πνοαῖς,

2050 332 2323 386 materiam
2365 332 2471 388 sibi
2519 333 2822 400 subjectam
2863 331 3286 397 diffundebatur,
3323 349 3385 390 ac
3437 336 3603 409 depa-

362 405 679 475 ὐπερεχεῖτο
722 404 830 457 τῶν
887 406 1257 478 ὑποκειμένων
1306 412 1442 482 αὐτῇ
1468 452 1482 474 ,
1534 416 1627 467 καὶ
1670 416 1759 469 τὸν
1798 418 1935 488 ἀέρα

360 497 453 551 τὸν
486 497 651 564 ἐγγὺς
690 498 1003 569 ἐπενέμετο,
1032 500 1235 568 ψαῦσαι
1274 502 1379 556 τῶν
1413 505 1728 577 ἀνακτόρων
1772 510 1937 578 ἀναγ-

366 586 674 660 καζομένη,
722 590 817 643 καὶ
869 591 1005 662 πρὸς
1053 593 1329 648 κοινωνίαν
1394 597 1542 666 ἡμᾶς
1602 599 1937 653 καθέλκουσα

366 678 461 747 τῆς
488 680 789 749 συμφορᾶς.
834 679 892 731 '0
926 681 1116 751 Σωτὴρ
1148 681 1204 735 δὲ
1246 684 1340 736 ἐπὶ
1376 685 1465 737 τὸν
1501 686 1780 757 ἀνάψαντα
1810 692 1939 744 ταύ-

367 785 463 839 την
515 770 712 839 ῥυῆναι
763 771 1070 841 πεποίηκε,
1129 774 1221 826 καὶ
1268 777 1544 831 συστεῖλαι
1591 780 1690 851 τὴν
1745 783 1939 852 μανίαν

362 858 530 912 αὐτοῦ
568 862 646 923 είς
679 862 869 914 ἑαυτὸν
901 864 1063 916 πάλιν
1103 866 1417 935 προσέταξε.
1462 870 1570 923 Καὶ
1609 871 1669 923 τὸ
1705 874 1802 942 μὲν
1844 874 1940 945 τῆς

363 952 655 1021 ἐπιϐουλῆς
689 954 841 1020 τόξον
873 958 1200 1027 ηὐτρέπισεν
1231 962 1259 1014 ὁ
1290 961 1546 1032 πολέμιος
1578 964 1686 1032 (7)·
1726 968 1942 1034 ἀφεῖναι

361 1042 421 1095 δὲ
457 1043 518 1096 τὸ
549 1044 703 1113 βέλος
733 1045 1064 1101 κεκώλυται·
1104 1050 1300 1119 μᾶλλον
1340 1052 1398 1106 δὲ
1440 1055 1615 1126 ἀφῆκε
1652 1058 1749 1127 μὲν
1770 1098 1783 1120 ,
1819 1060 1944 1111 άντ-

362 1134 665 1207 έστραπται
690 1137 746 1191 δὲ
770 1138 862 1190 ἐπὶ
884 1139 984 1210 τὴν
1009 1142 1201 1196 ἑαυτοῦ
1221 1146 1480 1217 κεφαλήν.
1500 1149 1670 1213 Αὐτὸς
1683 1149 1941 1204 ἀπολαύει

359 1227 473 1280 τῶν
506 1228 716 1300 πικρῶν
745 1231 969 1286 ἐκείνων
997 1233 1263 1308 δακρύων,
1292 1237 1436 1310 άπερ
1462 1241 1593 1311 ἡμῖν
1610 1242 1945 1313 παρεσκεύα-

361 1337 478 1374 σεν.
546 1322 707 1375 Ἀλλά
775 1325 1120 1396 ποιήσωμεν,
1177 1327 1425 1398 ἀδελφοὶ,
1484 1331 1546 1385 τὸ
1594 1332 1813 1404 τραῦμα
1866 1333 1944 1403 τῷ

358 1414 618 1485 δυσμενεῖ
653 1415 1072 1487 φορτικώτερον,
1113 1421 1474 1493 ἐπιτείνωμεν
1515 1424 1577 1477 τὸ
1614 1426 1808 1489 πένθος
1843 1429 1942 1480 αὐ-

359 1505 477 1557 τοῦ.
506 1506 581 1559 Τὸ
609 1506 667 1558 δὲ
704 1508 870 1572 ὅπως,
894 1508 1031 1574 λέξω
1070 1509 1169 1579 μὲν
1204 1510 1334 1580 ἐγὼ,
1367 1512 1612 1584 πράξατε
1662 1514 1718 1567 δὲ
1763 1517 1939 1586 ὑμεῖς.

360 1596 486 1650 Εἰσί
527 1614 672 1660 τινες
721 1599 783 1650 ὲκ
824 1598 922 1668 τῆς
970 1602 1319 1673 ἐπικρατείας
1353 1602 1450 1656 τοῦ
1486 1605 1655 1676 πυρὸς
1698 1606 1943 1677 ἀναρπα-

2040 422 2300 475 scebatur
2347 436 2526 477 aerem
2555 423 2820 483 vicinum,
2849 422 3019 476 aedem
3072 437 3283 477 sacram
3338 426 3606 497 attingere

2036 520 2247 581 coacta,
2297 529 2505 584 nosque
2547 513 2873 583 protrahens
2920 513 2973 567 in
3002 514 3333 570 calamitatis
3368 517 3605 573 societa-

2037 612 2195 659 tem:
2253 606 2347 660 sed
2382 606 2438 660 in
2484 622 2607 661 eum
2666 605 2763 676 qui
2818 605 3059 661 incendit
3102 606 3360 661 Servator
3424 609 3602 680 ipsam

2039 698 2323 760 contorsit,
2361 698 2637 767 jussitque
2675 713 2869 753 rursus
2919 698 3195 754 vesaniam
3228 715 3382 755 suam
3426 701 3480 755 iu
3520 717 3608 757 se-

2043 786 2224 857 ipsum
2259 796 2491 845 vertere.
2522 788 2599 842 Ac
2621 789 2837 859 quidem
2864 789 3187 845 insidiarum
3225 806 3411 845 arcum
3442 807 3608 861 appa-

2042 888 2189 933 rarat
2216 878 2583 945 adversarius,
2609 879 2703 936 sed
2733 880 2981 936 emittere
3014 880 3257 949 jaculum
3297 882 3607 952 prohibitus

2041 976 2158 1035 est;
2188 970 2299 1023 imo
2336 970 2520 1040 potius
2550 971 2778 1025 immisit
2806 971 3051 1039 quidem,
3087 978 3142 1025 at
3180 973 3233 1025 in
3267 973 3416 1028 illius
3438 982 3607 1043 caput

2040 1066 2303 1114 retortum
2331 1068 2433 1116 est.
2484 1061 2718 1116 Amaras
2766 1062 2887 1117 illas
2918 1062 3213 1133 lacrymas,
3268 1080 3407 1134 quas
3443 1066 3606 1119 nobis

2042 1153 2390 1223 praeparavit,
2423 1154 2650 1209 sortitus
2682 1154 2798 1224 ipse
2828 1162 2933 1209 est.
2989 1153 3093 1211 Sed
3140 1156 3364 1211 inimico
3396 1157 3608 1228 inﬂiga-

2043 1258 2189 1310 mus,
2223 1243 2444 1310 fratres,
2501 1245 2702 1301 vulnus
2752 1246 3023 1315 quoddam
3061 1247 3299 1316 gravius,
3355 1248 3609 1304 intenda-

2044 1351 2166 1391 mus
2218 1337 2295 1391 illi
2339 1338 2567 1392 luctum.
2623 1336 2912 1403 Quomodo
2958 1336 3011 1392 id
3049 1338 3225 1408 possit
3255 1338 3395 1406 fieri,
3425 1338 3607 1394 dicam

2044 1427 2263 1498 quidem
2288 1443 2407 1499 ego,
2440 1444 2539 1485 vos
2560 1444 2691 1484 vero
2713 1428 3111 1497 exsequamini.
3147 1426 3286 1481 Sunt
3315 1429 3408 1498 qui
3436 1428 3606 1498 erepti

2045 1518 2197 1573 fuere
2234 1533 2299 1573 ex
2338 1518 2481 1589 ignis
2504 1516 2748 1589 potentia
2783 1532 2815 1571 a
2839 1517 3165 1583 Conditore,
3189 1531 3290 1571 nec
3327 1517 3496 1571 ullum
3525 1517 3608 1573 eis

2046 1609 2114 1664 de
2162 1620 2357 1663 caetero
2403 1609 2528 1664 vitae
2565 1608 2866 1665 subsidium
2913 1616 3185 1676 superest,
3231 1608 3325 1664 sed
3369 1608 3608 1662 animam

365 1688 587 1753 σθέντες
625 1691 731 1744 ὐπὸ
773 1691 865 1745 τοῦ
912 1691 1212 1757 κτίσαντος,
1264 1696 1357 1748 καὶ⁹
1404 1696 1674 1767 μηδεμίαν
1734 1697 1944 1768 ἔχοντες

2054 1698 2225 1753 solam
2256 1705 2309 1753 et
2363 1712 2563 1769 corpus
2622 1698 2866 1769 periculo
2918 1698 3247 1753 subduxere.
3304 1696 3413 1752 Nos
3454 1712 3606 1769 ergo,

287 1810 333 1868 ᾖ,
361 1784 858 1857 περιλελειμμὲνην
895 1789 1075 1852 αὐτοῖς
1112 1789 1227 1858 βίου
1270 1788 1455 1842 λοιπὸν
1495 1789 1768 1861 ἀφορμὴν,
1809 1790 1943 1844 ἀλλὰ

312 1866 319 1871 ⁷
365 1874 503 1945 μόνῃ
530 1879 595 1946 τῇ
623 1877 765 1948 ψυχῇ
797 1880 889 1931 καὶ
920 1879 999 1949 τῷ
1038 1879 1247 1950 σῶματι
1296 1881 1647 1950 διαφυγόντες
1698 1882 1787 1935 τὸν
1829 1883 1945 1936 xiv-

360 1966 538 2020 δυνον.
583 1969 771 2039 Ἡμεῖς
810 1973 989 2024 τοίνυν
1034 1974 1146 2025 ὅσοι
1178 1973 1278 2043 τῆς
1318 1973 1427 2026 τῶν
1462 1973 1739 2045 δυσχερῶν
1782 1975 1943 2042 ἄγευ-

366 2075 484 2110 στοι
523 2059 722 2130 πείρας
772 2060 1090 2132 ἐμείναμεν,
1144 2062 1326 2133 κοινὴν
1375 2063 1603 2127 ἐκείνοις
1653 2063 1945 2136 προθῶμεν

362 2151 464 2223 τὴν
520 2153 783 2223 εὐπορίαν
830 2154 929 2225 τὴν
969 2155 1193 2207 ἑαυτῶν.
1252 2154 1764 2226 Ἐναγκαλισώμεθα
1816 2158 1944 2221 τοὺς

364 2244 769 2316 ’περισωθέντας
815 2245 967 2316 μόλις
1010 2245 1119 2298 τῶν
1174 2246 1418 2314 ἀδελφῶν
1444 2288 1459 2312 ,
1514 2247 1754 2319 εἴπωμεν
1806 2250 1944 2319 πρὸς

361 2339 598 2392 ἕκαστον
629 2339 857 2403 ἕκαστος
879 2356 892 2369 ·
924 2326 1153 2408 Νεκρὶδς
1181 2335 1281 2410 ἦν,
1315 2340 1413 2393 καὶ
1443 2340 1761 2408 ἀνέζησενο
1793 2344 1941 2395 ἀπο-

362 2431 598 2496 λωλὼς,
628 2432 728 2485 καὶ
756 2430 966 2500 εὑρέθη
986 2448 1001 2461 ο
1038 2430 1134 2484 καὶ
1170 2431 1232 2484 τὸ
1256 2432 1514 2501 συγγενὲς
1556 2433 1715 2504 σῶμα
1743 2434 1943 2487 σκεπά-

367 2538 571 2592 σωμεν.
616 2522 1049 2594 Ἀντιστήσωμεν
1077 2525 1193 2585 ταῖς
1214 2522 1306 2576 τοῦ
1332 2524 1629 2594 δυσμενοῦς
1665 2526 1943 2596 έπηρείαις

362 2612 465 2683 τὴν
495 2613 770 2683 ἡμετέραν
794 2613 1162 2685 παράκλησιν,
1183 2614 1269 2667 ἵνα
1312 2614 1404 2667 καλ⁴
1449 2614 1700 2686 βλάπτων
1740 2617 1941 2680 ἐκεῖνος

367 2705 536 2774 μηδὲν
589 2704 731 2775 μέγα
790 2706 989 2775 βλάψαι
1030 2706 1182 2777 δοκῇ,
1216 2707 1310 2759 καὶ
1354 2707 1689 2780 πολεμήσας,
1737 2709 1942 2781 μηδένα

2044 1796 2313 1861 quotquot
2355 1790 2739 1845 adversitatem
2794 1790 2940 1843 illam
2995 1790 3206 1860 experti
3238 1806 3346 1844 non
3392 1805 3606 1853 sumus,

2045 1880 2337 1937 facultates
2374 1889 2593 1937 nostras
2628 1883 2737 1936 illis
2779 1897 3100 1937 communes
3146 1881 3435 1936 faciamus.
3477 1881 3610 1934 Am-

2043 1972 2349 2042 plectamur
2381 1971 2577 2026 fratres
2607 1972 2694 2026 vix
2743 1980 3011 2033 servatos,
3079 1972 3328 2027 dicamus
3375 1972 3611 2042 quisque

2045 2066 2241 2135 cuique
2273 2085 2285 2119 :
2332 2064 2574 2118 Mortuus
2610 2074 2745 2128 erat,
2783 2079 2833 2119 et
2888 2066 3113 2129 revixit;
3151 2066 3401 2134 perierat,
3430 2076 3481 2120 et
3522 2067 3612 2119 in-

2046 2167 2224 2213 ventus
2260 2168 2337 2210 est
2370 2157 2451 2223 ";
2500 2164 2662 2227 atque
2715 2171 2917 2227 corpus
2963 2167 3153 2213 nostro
3207 2156 3363 2212 aliine
3424 2166 3614 2211 conte-

2047 2264 2261 2322 gamus.
2299 2248 2650 2320 Opponamus
2682 2250 2734 2303 vi
2776 2250 2983 2305 inimici
3035 2258 3200 2320 atque
3255 2251 3475 2318 injuriis
3505 2265 3605 2304 no-

2050 2350 2218 2397 stram
2275 2340 2734 2403 consolationem,
2790 2349 2851 2394 ut
2907 2341 3073 2396 etiam
3103 2357 3225 2397 cum
3270 2342 3459 2396 nocuit
3499 2342 3612 2408 ille,

2048 2447 2309 2503 magnum
2366 2433 2575 2486 nullum
2626 2432 3012 2489 detrimentum
3057 2433 3310 2489 intulisse
3338 2433 3612 2497 videatur,

2051 2540 2153 2579 nec
2205 2541 2534 2595 quemquam
2569 2526 2824 2580 ostendat
2865 2542 3025 2595 quem
3071 2525 3365 2597 pugnando
3397 2523 3612 2588 vicerit,

2049 2618 2143 2672 sed
2201 2617 2519 2685 disperditis
2571 2617 2800 2671 fratrum
2858 2618 3230 2686 facultatibus,
3284 2616 3615 2674 liberalitate

2048 2721 2234 2766 nostra
2265 2710 2442 2767 victus
2470 2710 2855 2780 comp-,riatnr.

356 2796 533 2863 δεῖξαι
565 2799 933 2869 νενικημένον,
966 2800 1062 2853 καὶ
1108 2798 1373 2870 περιελὼν
1402 2803 1502 2873 τὴν
1532 2803 1790 2874 εὐπορίαν
1826 2804 1931 2857 τῶν
1970 2803 2231 2873 ἀδελφῶν,
2255 2803 2358 2856 ὐπὸ
2391 2804 2489 2872 τῆς
2517 2802 2789 2874 ἡμετέρας
2829 2802 3138 2874 φιλοτιμίας
3198 2802 3394 2873 φανείη
3455 2797 3616 2854 νικώ-

362 2908 551 2961 μενος.

437 2986 526 3040 10.
561 2986 751 3056 Ὑμεῖς
779 2988 835 3040 δὲ
860 2989 910 3041 οί
934 2989 1285 3060 διαφυγόντες
1308 2990 1399 3047 τὸν
1418 2991 1681 3055 κίνδυνον,
1706 2992 1942 3062 ἀδελφοὶ,
1973 3000 2013 3056 C

366 3079 445 3148 μὴ
478 3079 685 3150 σφῶρα
723 3080 951 3149 ἄχθεσθε
988 3084 1101 3147 τοῖς
1143 3084 1513 3155 συμϐεϐηκόσι
1562 3088 1771 3148 κακοῖς,
1816 3086 1947 3156 μηδὲ

362 3171 763 3242 κατασεισθῆτε
812 3173 909 3245 τὴν
959 3174 1185 3240 ἔννοιαν,
1229 3177 1344 3230 ἀλλ’
1404 3178 1797 3243 ἁποτινάξασθε
1845 3179 1948 3244 τὴν

358 3263 470 3333 τῆς
503 3262 681 3334 λύττης
726 3264 912 3335 ἀχλὺν,
948 3268 1042 3320 καὶ
1084 3267 1183 3331 τὰς
1216 3268 1391 3339 ψυχὰς
1422 3268 1773 3341 ἀναῤῥώσατε
1803 3269 1949 3337 λογι-

364 3358 529 3427 σμοῖς
559 3358 952 3431 ἀνδρειοτέροις
985 3362 1340 3432 χρησάμενοι,
1379 3365 1472 3416 καὶ
1512 3363 1572 3416 τὸ
1606 3362 1948 3433 συμϐεϐηκὸς

367 3449 651 3518 στεφάνων
690 3451 987 3521 ποιήσασθε
1027 3452 1317 3523 πρόφασιν.
1360 3455 1455 3507 Ἂν
1500 3453 1608 3525 γὰρ
1656 3454 1947 3507 ὰκατάσει-

366 3557 484 3594 στοι
534 3541 777 3612 μείνητε,
825 3544 920 3596 καὶ
965 3547 1030 3616 τῇ
1087 3546 1266 3600 πίστει
1306 3546 1610 3617 φανήσεσθε
1655 3545 1949 3616 δοκιμώτε-

362 3650 476 3705 ροι,
506 3634 759 3705 καθάπερ
784 3636 983 3706 χρυσὸς
1012 3636 1235 3709 εὐγενὴς
1277 3639 1342 3690 ἐκ
1381 3636 1475 3691 τοῦ
1507 3638 1681 3707 πυρὸς
1708 3638 1950 3709 ἀναλάμ-

364 3727 605 3795 ψαντες,
652 3727 746 3779 καὶ
792 3726 868 3797 τῷ
915 3728 1171 3798 δυσμενεῖ
1221 3729 1320 3798 τὴν
1372 3728 1632 3799 αίσχῦνην
1685 3728 1948 3800 αὐξήσετε

369 3818 594 3888 μᾶλλον,
620 3818 695 3883 ὡς
727 3820 848 3872 οὐδὲ
885 3820 1117 3890 δάκρυον
1145 3821 1271 3891 ὐμῖν
1302 3821 1375 3893 (8)
1402 3820 1679 3891 δυνηθέντι
1711 3824 1946 3892 κινῆσαι,

363 3909 394 3961 ε
418 3911 433 3928 9
461 3904 512 3944 τι
591 3928 656 3943 ⁸,-
731 3910 755 3943 ,α
1017 3913 1032 3929 ν
1234 3914 1246 3931 r
1454 3912 1479 3924 ’ν
1614 3912 1637 3922 α’
1676 3915 1689 3933 9
1728 3912 1740 3927 ι

399 3928 415 3961 ι
455 3929 529 3964 ωδ
561 3910 971 3964 ἐπεϐουλευσεν.
1034 3914 1391 3983 Αναμνησατε
1422 3930 1518 3982 της
1548 3931 1639 3965 του
1692 3913 1795 3965 Ιωϐ
1826 3916 1951 3967 ὲαυ-

364 4001 494 4064 τοὺς
528 4001 844 4071 καρτερίας.
875 4001 1079 4054 Εἴπατε
1110 4002 1244 4073 πρὸς
1288 4002 1511 4065 ἑαυτοὺς
1538 4002 1680 4073 ἆπερ
1710 4003 1947 4064 ἐκεῖνος’

378 4095 435 4146 Ὁ
470 4095 688 4163 Κύριος
716 4094 958 4158 ἔδωκεν,
988 4098 1019 4148 ὀ
1051 4096 1261 4162 Κύριος
1289 4095 1566 4163 ἀφείλετο
1588 4112 1601 4124 ·
1627 4094 1706 4163 ὼς
1737 4093 1815 4162 τῷ
1844 4098 1952 4147 Κυ-

363 4188 474 4251 ρίῳ
498 4187 732 4251 ἔδοξεν,
783 4188 935 4241 οὕτω
974 4188 1071 4241 καὶ
1117 4187 1370 4256 ἐγένετο.
1410 4188 1519 4241 Καὶ
1556 4187 1743 4258 μηδεὶς
1782 4185 1840 4253 ἐξ
1878 4181 1951 4239 ὧν

369 4275 567 4327 ἔπαθες
598 4277 899 4349 ἀναπεισθῇ
934 4279 1252 4347 λογίσασθαί
1286 4297 1345 4331 τε
1386 4280 1480 4332 καὶ
1515 4279 1713 4348 λέγειν,
1742 4278 1813 4343 ὡς
1844 4279 1950 4347 ἄρα.

367 4367 598 4436 οὐδεμία
650 4373 871 4439 πρόνοια
923 4372 1106 4424 τάττει
1153 4372 1221 4424 τὰ
1269 4371 1389 4424 καθ’
1429 4374 1598 4444 ἡμᾶς,
1647 4372 1779 4442 μηδὲ
1827 4389 1950 4424 κατ·
1982 4350 2023 4403 D

368 4459 645 4529 ηγορείτω
671 4460 774 4530 τῆς
793 4464 1100 4533 οἰκονομίας
1126 4464 1222 4515 τοῦ
1250 4463 1522 4516 Δεσπότου
1556 4463 1647 4517 καὶ
1675 4463 1910 4535 κρίσεως
1930 4480 1943 4492 σ

366 4550 489 4603 ἀλλ’
524 4552 603 4612 είς
636 4549 729 4602 τὸν
764 4551 997 4623 ἀθλητὴν
1032 4556 1236 4607 ἐκεῖνον
1279 4553 1476 4625 ὁράτω,
1523 4554 1773 4607 κάκεῖνον
1810 4552 1949 4623 σύμ-

368 4641 559 4695 ϐουλον
587 4643 846 4697 ποιείσθω
877 4645 969 4698 τοῦ
1009 4646 1333 4715 κρείττονος.
1365 4644 1786 4713 Ἀναλογιζέσθω
1827 4646 1951 4706 τοὺς

366 4734 589 4800 ἀγῶνοις
624 4735 869 4798 ἅπαντας
898 4736 1115 4807 ἐφεξῆς,
1149 4737 1233 4808 ἐφ’
1261 4731 1341 4799 οἷς
1370 4739 1574 4800 ἐκεῖνος
1624 4738 1911 4809 ἠρίστευσε
1934 4752 1946 4763 ·

369 4822 467 4874 καὶ
508 4823 699 4884 πόσοις
755 4822 961 4893 βέλεσιν
1004 4824 1107 4877 ὐπὺ
1158 4825 1253 4877 τοῦ
1303 4825 1545 4878 διαϐόλου
1582 4824 1815 4896 βληθεὶς,
1850 4825 1948 4876 οὐκ

368 4914 589 4979 ἐδέξατο
616 4916 838 4985 καιρίαν
866 4914 1096 4986 πληγὴν.
1130 4918 1375 4988 Περιεῖλε
1409 4919 1504 4987 μὲν
1529 4918 1633 4988 γὰρ
1663 4916 1825 4967 αὐτοῦ
1851 4916 1951 4983 τὴν

370 5004 678 5075 εὐπραγίαν
733 5006 841 5058 τῶν
891 5008 1136 5070 οἰκείων,
1182 5008 1495 5077 καταχῶσαι
1532 5008 1588 5061 δὲ
1633 5006 1794 5059 αὐτὸν
1831 5010 1949 5070 ταῖς

369 5098 695 5169 ἐπαλλήλοις
745 5098 856 5153 τῶν
906 5099 1090 5152 κακῶν
1146 5099 1500 5153 ἐϐουλεύσατο
1549 5099 1777 5170 φήμαις.
1828 5099 1949 5152 Ἔτι

444 5252 490 5284 ³⁸
529 5251 662 5309 Luc.
701 5270 795 5319 xv,
826 5253 921 5308 Ἡ.
993 5253 1039 5285 ⁹⁹
1076 5252 1180 5308 Job
1217 5270 1273 5319 ι,
1310 5254 1403 5310 21.

443 5410 517 5482 (7)
558 5410 736 5465 Editio
778 5418 1009 5477 utraque
1044 5407 1311 5482 Pansaet
1338 5408 1515 5482 Basil._
1558 5409 1942 5482 ηὐτρέπισενό

371 5478 630 5544 διάϐολος.
672 5482 895 5535 Veteres
921 5489 1156 5549 quatuor
1187 5478 1311 5531 libri
1349 5478 1681 5549 ηὐτρέπισεν
1716 5481 1743 5529 ὁ
1773 5479 1934 5549 πολέ-

378 5570 513 5616 μιος.
566 5550 683 5605 Vox
729 5549 977 5610 διάϐολος
1014 5548 1224 5602 videtur
1264 5548 1497 5615 primum
1539 5551 1717 5617 posita
1765 5548 1936 5603 fuisse

377 5618 432 5670 in
466 5637 559 5677 ora
593 5622 744 5687 libri,
780 5632 842 5674 ut
873 5633 1221 5675 moneremur
1245 5619 1522 5673 diabolum
1563 5620 1665 5674 hoc
1707 5620 1824 5673 loco
1855 5621 1935 5673 in—

2120 2992 2204 3047 lO.
2250 2991 2357 3048 Vos
2388 2999 2592 3057 autem,
2623 2990 2843 3052 fratres,
2883 2989 2977 3059 qui
3026 2988 3129 3043 hoc
3159 2988 3463 3058 periculum
3491 3004 3619 3044 eva-

2047 3086 2220 3147 sistis,
2259 3100 2328 3138 ne
2363 3086 2593 3138 multum
2623 3083 2855 3138 doleaiis
2894 3081 2961 3136 de
3009 3082 3092 3135 liis
3141 3097 3262 3151 qua:
3294 3081 3619 3137 acciderunt

2053 3174 2205 3244 171
2267 3175 2451 3238 malis,
2509 3189 2685 3243 neque
2737 3182 2920 3227 mente
2978 3169 3473 3225 eommoveamini:
3521 3170 3617 3225 sed

2050 3267 2303 3320 niuei-oris
2348 3267 2588 3321 excutite
2635 3265 2944 3336 caliginem,
2992 3277 3058 3317 ac
3105 3262 3426 3333 generosius
3455 3262 3618 3332 quid-

2049 3355 2173 3410 dam
2212 3359 2539 3427 cogitantes,
2594 3358 2805 3412 animas
2854 3365 3064 3411 vestras
3121 3354 3505 3418 corroborate;
3562 3362 3619 3408 et

2050 3448 2195 3516 quod
2231 3446 2453 3511 accidit,
2487 3448 2539 3501 id
2571 3448 2627 3501 in
2656 3462 2983 3502 coronarum
3028 3450 3370 3503 occasionem
3399 3447 3615 3501 vertite.

2049 3538 2223 3603 Nam,
2258 3541 2310 3595 si
2363 3539 2678 3595 inconcussi
2713 3539 3086 3609 perstiteritis,
3140 3538 3287 3593 haud
3336 3554 3492 3594 secus
3555 3552 3619 3591 ac

2050 3634 2327 3702 egregium
2358 3646 2551 3685 aurum
2573 3645 2640 3685 ex
2663 3630 2786 3700 igne
2806 3630 3241 3699 resplendentes,
3274 3637 3329 3683 et
3359 3628 3462 3683 fide
3492 3642 3619 3697 pro-

2051 3725 2289 3780 batiores
2330 3722 2832 3794 deprehendemini,
2866 3732 2920 3776 et
2976 3724 3170 3791 majori
3225 3722 3436 3791 pudore
3483 3721 3619 3776 estis

2052 3814 2425 3871 adversarium
2458 3814 2723 3878 alieeturi,
2754 3815 2845 3884 qui
2882 3814 2999 3869 suis
3043 3814 3260 3869 insidiis
3314 3829 3383 3869 ne
3441 3814 3621 3884 lacry-

2052 3925 2193 3964 mam
2233 3908 2452 3976 quidem
2483 3908 2628 3962 ciere
2654 3907 2811 3962 vobis
2841 3907 3098 3976 potuerit.
3137 3902 3462 3961 Palientiam
3495 3903 3620 3959 Jobi

2050 4002 2207 4058 vobis
2230 4003 2284 4055 in
2316 4001 2635 4056 memoriam
2666 4011 2937 4055 revocate.
2970 3998 3142 4053 Dicite
3169 3998 3326 4053 vobis
3354 3998 3479 4067 ipsi,
3501 4013 3623 4069 qua:

2055 4092 2144 4147 ille
2173 4110 2188 4146 :
2225 4090 2482 4145 Dominus
2516 4090 2682 4155 dedit,
2732 4087 2985 4143 Dominus
3036 4089 3258 4141 abstulit
3294 4103 3312 4141 :
3348 4089 3482 4142 sicut
3512 4086 3625 4141 Do«

2054 4185 2197 4238 mino
2244 4183 2466 4248 placuit,
2512 4182 2591 4235 ita
2637 4190 2688 4236 et
2723 4181 2925 4251 factum
2966 4190 3044 4234 est
3083 4180 3149 4234 ".
3183 4178 3294 4234 Nec
3329 4182 3623 4250 quisquam

2054 4277 2139 4331 his
2160 4292 2282 4347 quae
2313 4276 2418 4331 sibi
2446 4276 2725 4345 contigere
2755 4274 3057 4329 adducatur
3078 4281 3137 4327 ut
3172 4273 3371 4343 cogitet
3398 4287 3460 4326 ac
3478 4271 3627 4326 dicat

2056 4384 2146 4425 res
2199 4378 2418 4424 nostras
2467 4366 2808 4437 providentia
2861 4366 3012 4419 nulla
3057 4364 3395 4436 gubernari;
3446 4376 3626 4432 neque

2057 4460 2273 4517 Domini
2321 4459 2850 4514 administrationem
2925 4473 2989 4512 ac
3046 4457 3311 4527 judicium
3368 4456 3621 4510 incuset:

2057 4551 2150 4606 sed
2184 4551 2238 4605 in
2269 4550 2525 4604 athletam
2558 4549 2707 4602 illum
2741 4548 3045 4611 intueatur,
3077 4547 3366 4616 ipsumque
3399 4543 3504 4599 sibi
3530 4555 3627 4595 co-

2058 4642 2381 4712 gitationum
2433 4641 2721 4695 meliorum
2770 4639 3147 4694 consiliarium
3196 4636 3470 4691 adhibeat.
3522 4634 3628 4688 Re-

2056 4740 2208 4803 putet
2256 4732 2439 4785 omnia
2492 4747 2557 4785 ex
2612 4731 2804 4785 ordine
2842 4731 3162 4793 certamina,
3205 4729 3257 4781 in
3285 4728 3485 4796 quibus
3537 4726 3629 4781 ille

2056 4825 2228 4878 victor
2285 4824 2510 4890 exstitit,
2542 4835 2595 4878 et
2637 4832 2770 4893 quot
2816 4823 3014 4892 jaculis
3055 4836 3085 4873 a
3134 4820 3352 4873 diabolo
3402 4818 3627 4888 petitus,

2060 4917 2273 4971 letalem
2331 4917 2535 4969 nullam
2585 4917 2797 4987 plagam
2831 4913 3124 4983 acceperit.
3158 4910 3369 4965 Evertit
3404 4909 3624 4980 quidem

2058 5007 2207 5061 illius
2229 5007 2584 5063 domesticam
2616 5007 3054 5077 prosperitatem,
3080 5002 3441 5072 eumdemque
3463 5003 3627 5057 alter-

2058 5098 2146 5154 nis
2194 5098 2587 5154 adversitatum
2636 5099 2846 5154 nuntiis
2894 5099 3130 5153 obruere
3179 5104 3464 5152 statuerat.
3490 5093 3627 5149 Cum

2051 5409 2245 5471 dicari,
2286 5406 2381 5461 sed
2412 5404 2757 5474 postmodum
2788 5401 2906 5455 haec
2933 5415 3035 5474 vox
3071 5416 3101 5454 e
3133 5398 3379 5469 margine
3401 5397 3466 5474 _in
3495 5412 3629 5474 cou-

2049 5468 2256 5532 textum
2291 5468 2530 5546 irrepsit.
2572 5473 2682 5528 Nec
2726 5474 2801 5526 ita
2848 5473 3021 5525 multo
3059 5479 3185 5540 post
3210 5468 3343 5525 mss.
3382 5469 3490 5523 duo
3526 5468 3632 5538 τὴν

2047 5566 2234 5602 αυτου.

2111 5621 2187 5689 (8)
2226 5617 2388 5684 Editi,
2424 5617 2655 5687 δάκρυον
2682 5616 2831 5685 ἡμῖν.
2870 5610 3091 5683 Antiqui
3122 5611 3229 5665 duo
3259 5610 3403 5677 libri,
3436 5610 3590 5680 ὑμῖν.
