3982 6240
331 176 433 233 559

1658 176 1716 228 s.
1762 154 2006 230 essunt
2044 177 2261 233 unum

3470 180 3577 235 560

330 293 473 345 enim
533 290 684 358 prior
740 290 947 345 cladem
996 290 1236 362 aliquam
1287 290 1465 344 adhuc
1516 293 1894 359 annuntiaret,

2006 294 2109 365 γὰρ
2146 294 2241 346 τοῦ
2290 309 2553 365 προτέρου
2599 293 2697 364 τὴν
2742 292 2953 346 τοιάνδε
3004 293 3290 365 συμφορὰν
3320 293 3577 363 ἐξαγγέλ-
3668 364 3675 373 ,

331 383 558 438 nuntius
597 384 733 436 alter
763 397 946 437 rerum
980 382 1312 438 deteriorum
1354 383 1633 440 tristitiam
1665 384 1899 441 aﬂ‘erens

330 474 601 541 veniebat,
622 472 874 544 malaque
903 474 1371 528 connectebantur
1401 473 1543 529 inter
1566 490 1646 539 se,
1672 482 1725 530 et
1747 477 1898 530 cala—

330 566 550 620 mitates
610 565 880 621 undarum
941 565 1226 632 incursum
1290 566 1668 631 imitabantur,
1738 576 1901 639 atque

331 655 650 726 priusquam
706 655 919 725 priores
976 654 1231 727 lacrymae
1275 654 1618 719 sedarentur,
1670 658 1899 711 aliarum

332 746 659 802 efferebatur
687 746 927 803 occasio.
958 745 1063 815 Sed
1084 747 1271 816 justus
1301 748 1644 818 tempestatis
1672 755 1901 819 excepto

330 841 559 911 impetu,
606 846 658 893 et
686 838 957 893 undarum
1018 839 1070 892 vi
1133 840 1186 892 in
1234 855 1485 909 spumam
1532 847 1897 908 commutata,

329 933 477 986 velut
508 931 772 1000 scopulus
826 929 1025 994 stabat,
1066 931 1460 1000 emittebatque
1502 930 1569 985 ad
1609 930 1899 986 Dominum

330 1033 541 1092 gratam
598 1022 747 1077 illam
811 1036 1037 1076 vocem:
1104 1021 1358 1076 Dominus
1418 1021 1584 1088 dedit,
1641 1022 1899 1079 Dominus

331 1111 600 1168 abstulit:
648 1112 784 1167 sicut
828 1111 1051 1164 Domino
1078 1111 1300 1179 placuit,
1344 1114 1420 1165 ita
1465 1123 1514 1166 et
1554 1113 1755 1182 factum
1799 1124 1896 1180 est,

332 1223 433 1261 nec
486 1205 781 1277 quidquam
849 1219 1038 1260 eorum
1083 1220 1203 1275 qua:
1252 1205 1589 1273 accidebant,
1642 1207 1899 1278 lacrymis

332 1300 555 1370 dignum
587 1298 760 1354 duxit.
788 1297 890 1353 Ubi
919 1312 1047 1352 vero
1071 1299 1289 1352 etvenit
1321 1297 1413 1368 qui
1442 1305 1691 1357 narraret
1711 1314 1899 1368 quem-

334 1393 625 1447 admodum
676 1390 802 1447 ﬁliis
843 1399 896 1445 et
927 1389 1141 1466 filiabus
1175 1390 1592 1455 convivantihus
1632 1391 1897 1446 violentus

332 1484 553 1557 quidam
584 1492 779 1539 ventus
803 1483 1183 1539 oblectationis
1200 1484 1418 1538 domum
1442 1492 1893 1553 conquassasset.

335 1588 466 1632 tunc
490 1578 668 1633 solum
719 1576 883 1632 scidit
917 1582 1147 1641 vestem,
1184 1575 1480 1637 ostendens
1515 1575 1897 1647 condolentcm

2004 385 2204 449 λοντος,
2248 385 2431 456 ἕτερος
2484 385 2708 454 ἄγγελος
2753 386 2979 455 ἤρχετο,
3023 386 3275 457 χειρόνων
3319 386 3576 456 πραγμά-

2005 495 2111 529 των
2144 477 2324 548 φέρων
2356 476 2656 547 κατήφειαν
2676 495 2688 507 ⁸
2721 478 2968 548 ἀλλήλοις
2999 494 3055 528 τε
3085 476 3480 545 ὲπισυνήπτετο
3507 476 3577 530 τὰ

2005 565 2172 629 δεινὰ,
2203 566 2296 618 καὶ
2324 565 2420 637 τὴν
2471 567 2577 619 τῶν
2630 567 2888 638 κυμάτων
2922 567 3221 637 ἐπιδρομὴν
3260 567 3483 638 ἐζήλουν
3520 568 3576 619 αἰ

2009 661 2303 730 συμφοραὶ,
2356 659 2450 711 καὶ
2488 661 2617 730 πρὶν
2663 660 2695 730 ἢ
2755 660 3021 730 παυθῆναι
3072 659 3132 712 τὸ
3183 660 3445 731 πρότερον
3483 658 3577 711 δά-

2007 766 2189 820 κρυον,
2242 749 2427 820 ἐτέρου
2477 751 2781 820 προσήγετο
2840 750 3132 820 πρόφασις.
3173 749 3229 800 Ὁ
3277 748 3483 811 δίκαιος
3518 748 3577 801 δὲ

2006 837 2194 912 ῶσπερ
2238 857 2322 902 τις
2382 839 2640 913 πρόϐολος
2693 841 2969 911 εἱστήκει,
3020 838 3119 901 τὰς
3162 837 3255 891 τοῦ
3311 839 3577 909 χειμῶνος

2008 930 2398 1000 ὑποδεχόμενος
2457 930 2793 1000 προσϐολὰς,
2847 932 2941 985 καὶ
2989 930 3213 984 ἀλλοιῶν
3270 932 3351 994 εἰς
3403 931 3575 1002 ἀφρὸν

2006 1020 2112 1076 τῶν
2152 1021 2410 1091 κυμάτων
2454 1023 2551 1091 τὴν
2609 1021 2749 1090 βίαν,
2798 1022 2890 1075 καὶ
2943 1020 3039 1092 τὴν
3090 1019 3403 1091 εὐγνώμονα
3440 1021 3577 1091 πρὸς

2006 1113 2095 1165 τὸν
2143 1113 2592 1183 Δεσπότηνςὴφίει
2637 1114 2851 1185 φωνήνο
2895 1114 2955 1166 '0
3006 1114 3221 1180 Κύριος
3268 1112 3508 1180 ἔδωκεν,
3543 1116 3577 1167 ὁ

2005 1206 2217 1272 Κύριος
2250 1205 2561 1273 ἀφείλετοο
2594 1205 2673 1271 ὡς
2700 1204 2779 1269 τῷ
2813 1205 3007 1270 Κυρίῳ
3036 1204 3265 1271 ἔδοξεν,
3296 1206 3450 1259 οὕτω
3476 1205 3581 1267 καὶ,

2004 1296 2268 1366 ἐγένετο·
2330 1297 2425 1355 καὶ
2486 1297 2635 1353 οὐδὲν
2692 1296 2802 1349 τῶν
2870 1296 3270 1367 συμϐαινόντων
3327 1297 3578 1368 δακρύων

2005 1389 2250 1459 ἠξίωσεν.
2286 1389 2505 1463 Ἐπειδὴ
2526 1389 2583 1443 δὲ
2609 1385 2711 1461 ἧκέ
2738 1406 2820 1452 τις
2855 1388 3154 1458 ἀγγέλλων,
3175 1389 3250 1452 ὡς
3274 1391 3385 1452 τοῖς
3417 1388 3577 1441 παισὶ

2007 1484 2098 1536 καὶ
2128 1486 2249 1546 ταῖς
2273 1482 2603 1554 θυγατράσιν
2630 1482 3020 1552 εὐωχουμένοις
3049 1479 3328 1546 ἐπετὼαξε
3360 1478 3580 1551 πνεύμά

2005 1592 2056 1627 τι
2087 1573 2257 1644 βίαιον
2288 1575 2362 1644 (9)
2389 1574 2450 1627 τὸ
2477 1574 2576 1644 τῆς
2620 1572 2955 1644 εὐφροσύνης
2998 1572 3289 1643 δωμάτιον,
3318 1572 3437 1625 τότε
3483 1572 3580 1642 μό-

334 1677 610 1736 naturam,
661 1676 823 1738 atque
857 1668 926 1722 iis
966 1669 1192 1738 agendis
1227 1667 1514 1723 declarans
1547 1676 1753 1736 patrem
1780 1683 1902 1725 esse

2006 1685 2090 1721 νον
2136 1666 2233 1738 τὴν
2287 1665 2487 1737 ἐσθῆτα
2529 1664 2813 1737 διέρρηξε,
2862 1661 2920 1717 τὸ
2963 1664 3060 1734 τῆς
3110 1664 3326 1733 φύσεως
3378 1663 3581 1717 ἐπιδει-

334 1777 392 1816 se
418 1762 714 1817 liberorum
742 1766 1037 1814 amantem.
1071 1759 1323 1814 Attamen
1354 1758 1519 1813 etiam
1560 1767 1689 1813 tunc
1717 1758 1904 1813 tenni-

335 1871 469 1910 num
494 1868 558 1907 ac
590 1852 812 1910 modum
842 1853 1127 1922 imponens
1160 1851 1358 1915 dolori,
1390 1858 1444 1906 et
1478 1851 1584 1921 piis
1614 1851 1723 1906 illis
1748 1851 1900 1905 voci-

336 1948 436 2003 bus
457 1946 600 2017 quod
626 1953 879 2001 evenerat
906 1960 1133 2011 ornans,
1161 1944 1379 1999 dicebat
1403 1962 1414 1997 :
1447 1944 1705 1998 Dominus
1737 1943 1899 2007 dedit,

335 2038 593 2095 Dominus
616 2036 833 2091 abstulit
878 2050 896 2088 :
935 2036 1071 2089 sicut
1103 2035 1325 2089 Domino
1360 2035 1578 2103 placuit,
1609 2036 1688 2088 ita
1717 2043 1767 2089 et
1818 2034 1902 2102 fa-

332 2142 476 2185 ctum
526 2141 633 2194 est,
677 2137 887 2183 tantum
944 2143 1053 2182 non
1089 2128 1334 2183 clamans
1374 2129 1429 2181 in
1462 2128 1608 2205 hunc
1639 2127 1895 2181 modum:

334 2222 496 2279 Pater
522 2229 744 2277 vocatus
774 2237 894 2276 sum
923 2221 1052 2275 dum
1084 2221 1258 2276 voluit
1292 2220 1386 2290 qui
1421 2235 1507 2276 me
1536 2228 1746 2290 patrem
1773 2219 1899 2274 clle-

333 2316 425 2370 cit.
461 2314 663 2369 Statuit
697 2329 888 2394 rursus
929 2314 1134 2368 sobolis
1167 2313 1300 2366 mibi
1347 2327 1607 2368 coronam
1658 2312 1898 2382 auferre,

337 2407 483 2461 haud
548 2421 791 2477 repugno
848 2405 1146 2476 quominus
1204 2420 1305 2459 sua
1351 2405 1583 2459 auferat.
1643 2404 1907 2467 Obtineat‘

336 2501 483 2573 quod
512 2498 743 2554 Domino
764 2500 941 2553 visum
974 2505 1057 2553 est
1082 2516 1097 2553 :
1133 2499 1248 2568 ipse
1268 2506 1353 2552 est
1376 2499 1593 2569 generis
1622 2498 1897 2563 conditor,

336 2609 438 2664 ego
478 2608 767 2663 organum.
803 2588 944 2656 Quid
975 2604 1204 2645 necesse
1232 2598 1340 2654 est,
1389 2605 1582 2645 servus
1615 2605 1740 2644 cum
1770 2591 1894 2655 sim,

332 2686 517 2740 dolere
551 2700 639 2738 me
691 2683 916 2747 frustra,
970 2696 1034 2735 ac
1080 2681 1147 2736 de
1176 2682 1444 2737 sententia
1474 2697 1638 2752 quam
1685 2697 1898 2752 nequeo

332 2777 543 2831 irritam
581 2774 785 2840 facere,
841 2773 1143 2842 conqueri?
1196 2773 1386 2828 Verbis
1418 2773 1689 2843 ejusmodi
1736 2775 1897 2846 quasi

329 2869 531 2940 iaculis
556 2868 738 2938 justus
760 2866 850 2921 ille
872 2864 1152 2920 diabolum
1181 2865 1448 2921 confodit.

407 3126 488 3179 ll.
529 3124 827 3190 Postquam
858 3128 1038 3174 autem
1075 3119 1272 3173 iterum
1320 3117 1574 3175 inimicus
1609 3135 1732 3175 eum
1764 3119 1901 3177 vidit

331 3232 452 3271 esse
495 3213 779 3275 victorem,
830 3225 932 3265 nec
963 3208 1070 3263 ulla
1115 3209 1308 3263 harum
1356 3222 1724 3265 aarumnarum
1765 3227 1899 3267 con—

334 3307 443 3362 cuti
491 3318 684 3375 posse,
728 3300 1046 3356 tentationis
1107 3299 1348 3353 admovit
1401 3300 1898 3357 machinamentum

335 3398 488 3454 carni
518 3395 643 3469 ipsi,
675 3402 727 3471 et
755 3408 984 3463 corpore
1015 3389 1255 3447 infandis
1286 3393 1607 3447 vulneribus
1637 3408 1902 3463 percusso

332 3492 534 3555 effecit,
566 3498 628 3544 ut
673 3504 741 3545 ex
786 3503 851 3542 eo
892 3488 1157 3541 vermium
1205 3484 1384 3540 fontes
1437 3486 1791 3553 scaturirent,
1826 3488 1903 3540 vi-

334 3596 567 3652 rumque
596 3595 662 3636 ex
695 3578 847 3648 regio
885 3577 1083 3630 throno
1119 3574 1467 3630 deturbatum
1518 3575 1574 3628 in
1623 3576 1903 3644 sterquili-

335 3676 427 3730 nio
462 3671 769 3729 collocavit.
803 3669 895 3722 llle
932 3682 1063 3722 vero
1092 3667 1174 3721 vel
1209 3666 1410 3721 talibus
1444 3666 1603 3736 172
1629 3669 1901 3737 angustiis

336 3766 647 3829 lacessitus,
699 3759 1001 3833 permansit
1049 3758 1335 3826 immotus;
1386 3769 1439 3813 et
1494 3758 1735 3813 lacerato
1780 3774 1905 3814 cor-

339 3874 490 3933 pore,
524 3856 743 3929 pietatis
785 3853 1102 3907 thesaurum
1155 3850 1211 3904 in
1256 3848 1540 3905 recondito
1588 3850 1783 3905 animae
1820 3866 1906 3907 re-

335 3968 492 4007 cessu
525 3949 843 4005 inviolatum
873 3943 1146 3999 servabat.
1177 3941 1314 3996 Cum
1344 3942 1511 4013 igitur
1541 3956 1651 3997 non
1680 3942 1905 3998 haberet

336 4041 483 4113 quod
511 4040 623 4110 jam
663 4038 867 4093 faceret
917 4035 1117 4098 hostis,
1155 4032 1479 4089 insidiarum
1531 4042 1782 4089 veterum
1820 4050 1906 4091 re-

336 4132 628 4198 cordatur;
655 4139 817 4200 atque
856 4127 923 4181 ad
956 4126 1181 4195 impium
1214 4139 1277 4178 ac
1309 4123 1690 4195 blasphemum
1721 4128 1905 4183 consi-

336 4225 470 4278 lium
515 4220 703 4276 uxoris
736 4219 977 4271 animum
1023 4215 1367 4285 pertrahens,
1402 4232 1566 4286 opera
1613 4217 1762 4274 illius
1807 4234 1904 4289 ag-

336 4313 685 4389 grediehatur
731 4309 988 4363 athletam
1037 4316 1350 4361 concutere.
1399 4308 1631 4362 Aeiilla
1685 4309 1903 4380 quidem

336 4406 600 4478 temporis
648 4400 996 4457 diuturnitati
1038 4397 1261 4461 cedens,
1309 4399 1464 4469 justo
1521 4400 1714 4465 astitit,
1756 4401 1907 4461 humi

336 4511 532 4570 prona,
564 4508 759 4548 manus
788 4505 954 4562 super
1002 4489 1070 4545 iis
1110 4503 1231 4558 quae
1260 4488 1482 4543 videbat
1527 4488 1906 4560 complodens,

338 4588 557 4660 pietatis
576 4586 625 4640 ei
659 4584 871 4640 fructus
902 4582 1261 4653 exprobrans,
1286 4581 1415 4635 hinc
1440 4591 1678 4637 veterem
1712 4582 1791 4636 rei
1828 4580 1933 4648 fa-,

337 4680 570 4736 miliaris
598 4676 934 4749 opulentiam
967 4690 1283 4736 recensens,
1314 4673 1464 4727 illine
1490 4676 1630 4727 mala
1666 4690 1909 4744 praesen—

338 4774 413 4828 tia
454 4778 918 4834 commonstraus,
949 4774 1003 4822 et
1029 4767 1243 4836 qualem
1284 4780 1350 4819 ex
1382 4766 1637 4834 qualibus
1679 4769 1911 4822 sortitus

338 4872 486 4921 esset
514 4862 703 4923 vitam,
735 4869 789 4914 et
828 4873 991 4930 quam
1026 4872 1124 4928 pro
1157 4856 1342 4910 multis
1371 4856 1658 4912 sacrificiis
1701 4874 1911 4914 merce-

340 4957 463 5011 dem
496 4970 526 5009 a
560 4953 787 5007 Domino
815 4952 1131 5020 recepisset.
1166 4948 1231 5002 Et
1258 4964 1470 5017 semper
1513 4950 1677 5003 verba
1709 4952 1909 5020 pusillo

340 5046 559 5117 quidem
592 5046 877 5098 mulierum
909 5043 1092 5096 animo
1122 5043 1287 5113 digna
1313 5040 1624 5111 proferebat
1652 5060 1665 5094 :
1691 5042 1787 5097 sed
1822 5050 1916 5097 ta—

414 5182 492 5257 (9)
509 5178 681 5257 _l_.l_t_tus
709 5180 865 5237 Colb.
909 5195 1019 5257 pro
1044 5179 1217 5250 βίαιον
1260 5181 1424 5237 habet
1469 5181 1665 5257 νότιον,
1711 5182 1912 5257 austri-

340 5251 482 5308 ausi
509 5253 639 5307 Mihi
682 5260 863 5307 autem
891 5251 1119 5306 dubium
1159 5266 1269 5305 non
1301 5263 1385 5307 est
1421 5253 1553 5319 quin
1590 5267 1692 5304 vox
1737 5252 1911 5306 νότιον

344 5324 527 5377 addita
576 5337 793 5393 quoque
838 5322 1003 5393 fuerit
1022 5324 1264 5391 primum
1314 5322 1370 5376 in
1408 5322 1532 5393 libri
1567 5337 1663 5374 ora
1700 5321 1769 5393 ab
1810 5323 1911 5374 ali-

344 5408 474 5463 quo,
520 5391 616 5464 qui
663 5391 784 5464 ejus
822 5392 980 5464 venti
1009 5393 1324 5447 violentiam
1383 5391 1555 5462 magis
1604 5391 1912 5464 exprimere

342 5465 506 5518 vellet
535 5462 553 5516 Ξ
589 5463 683 5517 sed
707 5471 887 5528 ea,,nt
918 5462 1035 5515 alia:
1069 5465 1271 5526 multae,
1308 5463 1656 5533 postmodum
1687 5463 1743 5515 in
1777 5478 1911 5516 con-

344 5544 549 5588 textum
578 5533 751 5587 fluxit.

414 5606 525 5676 (to)
567 5602 787 5660 Veteres
832 5610 1063 5673 quatuor
1092 5603 1218 5660 libri
1260 5604 1524 5675 προσῇτε.
1558 5602 1698 5658 Editi
1740 5619 1906 5673 προσ-

2007 1759 2273 1832 κνύμενος
2311 1758 2615 1829 συμπαθὲς,
2656 1758 2748 1811 καὶ
2802 1757 2883 1810 δτι
2921 1756 3111 1827 πατὴρ.
3154 1758 3238 1827 εἴη
3298 1756 3583 1825 φιλόστορ-

2002 1866 2096 1918 γος
2151 1844 2232 1912 οἷς
2282 1848 2518 1922 ἔπραττε
2582 1847 3015 1920 μαρτυρόμενος.
3083 1845 3228 1915 Πλὴν
3298 1846 3393 1898 καὶ
3453 1847 3578 1898 τότε

2002 1945 2119 2005 ταῖς
2168 1941 2365 2005 λύπαις
2415 1942 2540 2014 ὅρον
2591 1940 2687 1994 καὶ
2740 1943 2935 2013 μέτρον
2975 1938 3265 2005 ἐπιτιθεὶς,
3321 1938 3413 1990 καὶ
3458 1940 3581 2000 ταῖς

2003 2033 2278 2097 εὐσεϐέσιν
2328 2035 2566 2099 ἐκείναις
2620 2035 2825 2103 φωναῖς
2886 2031 3107 2102 κοσμῶν
3158 2026 3219 2084 τὸ
3272 2030 3577 2100 γινόμενον,

2001 2125 2220 2195 ἑλεγεν’
2263 2126 2327 2180 '0
2359 2127 2574 2195 Κύριος
2614 2126 2876 2189 ἔδωκεν,
2919 2128 2951 2179 ό
3000 2124 3216 2192 Κύριος
3261 2123 3597 2192 ἀφείλετοο.

2000 2214 2080 2280 ὡς
2102 2213 2180 2279 τῷ
2200 2215 2394 2283 Κυρίῳ
2415 2213 2645 2279 ἔδοξεν,
2682 2214 2837 2267 οὕτω
2872 2214 2969 2266 καὶ
3008 2212 3265 2283 ἐγένετο,
3297 2209 3591 2282 μονονουχὶ

2000 2306 2219 2360 τοιαῦτα
2251 2305 2418 2376 βοῶν’
2462 2305 2728 2377 Ἐκλήθην
2767 2304 2947 2376 πατὴρ
2979 2305 3065 2373 ἐφ’
3093 2305 3214 2358 ὅσον
3259 2305 3294 2357 ὁ
3327 2301 3482 2356 τοῦτό
3510 2319 3580 2373 με

2000 2399 2229 2468 ποιήσας
2254 2397 2503 2453 ἐϐούλετο
2534 2398 2744 2469 χρόνον.
2785 2396 3064 2469 Περιελεῖν
3111 2414 3212 2468 μου
3258 2396 3350 2450 τὸν
3387 2399 3450 2450 ἐκ
3482 2399 3581 2468 τῆς

1999 2491 2161 2561 γονῆς
2209 2490 2470 2560 στέφανον
2519 2489 2876 2544 ἐϐουλεύσατο
2930 2490 3111 2553 πάλιν,
3144 2491 3202 2544 ού
3244 2491 3585 2562 διαμάχομαι

2001 2582 2127 2651 περὶ
2181 2580 2285 2634 τῶν
2336 2581 2480 2635 ἰδίων
2537 2581 2708 2652 αὐτῷ.
2758 2581 3044 2653 Κρατείτω
3101 2582 3165 2634 τὸ
3217 2580 3295 2653 τῷ
3337 2584 3581 2653 Δεσπότῃ

1998 2670 2219 2726 δοκοῦν⁸
2259 2673 2421 2737 αὐτός
2468 2674 2616 2727 ἐστιν
2647 2676 2676 2726 ό
2717 2672 2960 2744 πλάστης
3009 2671 3104 2726 τοῦ
3131 2672 3344 2742 γένους,
3382 2672 3493 2742 ἐγὼ
3521 2673 3585 2725 δὲ

1997 2760 2246 2831 ὄργανον.
2288 2763 2353 2815 Τί
2402 2780 2469 2833 με
2509 2763 2616 2835 χρὴ
2662 2762 2849 2818 δοῦλον
2898 2764 3026 2817 ὂντα
3067 2763 3441 2837 δυσχεραίνειν
3486 2765 3583 2817 ἀν-

1997 2852 2181 2921 όνητα,
2235 2855 2329 2907 καὶ
2383 2853 2693 2925 μέμφεσθαι
2737 2854 2917 2925 ψῆφον
2958 2857 3024 2927 ἣν
3052 2856 3112 2910 ού
3138 2855 3367 2926 δύναμαι
3400 2854 3579 2918 λύειν;

2002 2944 2275 3008 Τοιούτοις
2322 2943 2409 2998 τὸν
2453 2944 2698 2999 διάϐολον
2745 2947 2773 2999 ό
2821 2945 3026 3011 δίκαιος
3079 2944 3433 3016 κατηκόντιζε
3483 2948 3584 3017 ῥή-

2005 3050 2187 3103 μασιν.

2072 3126 2159 3180 Η.
2207 3126 2425 3199 Ἐπειδὴ
2456 3126 2513 3181 δὲ
2532 3127 2691 3181 αύτζν
2713 3128 2946 3181 νικῶντα
2984 3124 3091 3182 εἶδε
3137 3128 3299 3187 πάλιν
3330 3130 3358 3183 ὀ
3380 3127 3582 3198 δυσμε-

1999 3213 2116 3285 νὴς,
2159 3214 2253 3268 καὶ
2291 3214 2464 3268 οὐδενὶ
2495 3217 2699 3270 τούτων
2728 3217 3043 3288 τιναχθῆναι
3087 3217 3400 3289 δυνάμενον,
3439 3219 3587 3290 αὐτῇ

1998 3307 2065 3375 τῇ
2095 3306 2255 3376 σαρκὶ
2285 3304 2349 3358 τὸ
2371 3305 2471 3376 τῆς
2491 3308 2687 3379 πείρας
2717 3308 2963 3378 προσῆγε
2994 3308 3103 3382 (10)
3131 3311 3448 3381 μηχάνημα,
3486 3310 3582 3362 καὶ

1999 3397 2062 3450 τὸ
2095 3397 2251 3469 σῶμα
2286 3396 2549 3469 μαστίξας
2579 3400 2839 3472 ἀρρήτοις
2859 3400 3111 3471 πληγαῖς,
3132 3401 3427 3471 σκωλήκων
3452 3402 3584 3454 ἁνα-

2001 3489 2232 3543 δίδοσθαι
2269 3490 2448 3562 πηγὰς
2478 3491 2536 3558 ἐξ
2573 3491 2737 3547 αὐτοῦ
2774 3493 3151 3563 παρεσκεύασε
3174 3510 3189 3524 ·
3213 3493 3307 3547 καὶ
3347 3492 3454 3546 τῶν
3482 3494 3584 3564 τῆς

2005 3580 2277 3652 βασιλείας
2308 3582 2510 3655 Θρόνων
2538 3582 2629 3635 τὸν
2656 3582 2825 3655 ἄνδρα
2854 3584 3207 3654 καταγαγὼν,
3236 3585 3327 3638 ἐπὶ
3348 3585 3585 3656 κοπρίας

2003 3674 2275 3730 ἐκάθισεν.
2318 3677 2374 3729 Ὀ
2432 3676 2510 3741 δέ,
2544 3677 2632 3729 καὶ
2678 3676 2940 3741 τοιούτοις
2979 3677 3304 3748 βαλλόμενος
3330 3676 3584 3745 πάθεσιν,

2002 3766 2254 3839 ἀκίνητος
2291 3766 2503 3838 ἔμεινε·
2545 3769 2638 3821 καὶ
2683 3769 3125 3840 σπαραττομένου
3170 3769 3264 3823 τοῦ
3306 3769 3581 3841 σώματος,

2004 3856 2197 3912 ἄσυλον
2248 3858 2511 3929 ἐφύλαττε
2541 3860 2631 3913 τὸν
2676 3860 2774 3931 τῆς
2798 3860 3076 3924 εὐσεϐείας
3117 3860 3385 3933 θησαυρὸν
3419 3865 3475 3916 ἐν
3503 3862 3584 3933 τῷ

2007 3947 2230 4019 κρυπτῷ
2281 3951 2377 4020 τῆς
2411 3949 2609 4020 ψυχῆς.
2656 3951 2769 4004 Οὐκ
2819 3949 2954 4020 ἔχων
3002 3952 3180 4005 τοίνυν
3223 3953 3252 4005 ὅ
3280 3969 3330 4005 τι
3364 3953 3581 4022 ποιήσει

2005 4039 2188 4092 λοιπὸν
2232 4041 2260 4092 ό
2310 4041 2585 4111 πολέμιος,
2615 4043 2708 4097 ἐπὶ
2754 4042 2850 4114 τὴν
2892 4044 2991 4114 τῆς
3030 4045 3258 4115 ἀρχαίας
3289 4043 3586 4114 ἐπιϐουλῆς

2006 4129 2221 4200 ἔρχεται
2270 4136 2510 4204 μνήμην,
2554 4135 2648 4187 καὶ
2676 4133 2773 4205 τὴν
2802 4133 2896 4187 τοῦ
2926 4134 3149 4204 γυναίου
3186 4134 3421 4188 διάνοιαν
3451 4135 3579 4188 ὑπο-

2009 4224 2175 4294 σύρας
2209 4226 2322 4297 (11)
2357 4228 2437 4289 εἰς
2484 4227 2654 4300 ἀσεϐῆ
2701 4227 2926 4300 γνώμην
2984 4230 3077 4282 καὶ
3125 4229 3461 4301 βλάσφημον,
3510 4226 3577 4277 δι’

1939 4345 1984 4401 D
2010 4317 2221 4389 ἐκείνης
2290 4318 2534 4371 σαλεύειν
2582 4321 2840 4391 ἐπειρᾶτο
2871 4320 2963 4372 τὸν
2989 4320 3245 4392 ἀθλητήν.
3274 4322 3381 4373 Καὶ
3412 4318 3445 4386 ἡ
3477 4316 3586 4385 μὲν·

2013 4410 2148 4481 πρὸς
2177 4408 2266 4463 τὸν
2332 4410 2541 4480 μακρὸν
2601 4411 2791 4483 χρόνον
2847 4410 2958 4482 (19.)
3000 4408 3451 4482 ἀπαγορεύσασα,
3501 4407 3580 4476 τῷ

2009 4499 2200 4570 δικαίῳ
2243 4498 2563 4572 παρίστατο,
2624 4499 2774 4553 κάτω
2804 4504 3109 4567 νενευκυῖα,
3146 4500 3237 4553 καὶ
3266 4498 3362 4561 τὰς
3390 4500 3581 4569 χεῖρας

2011 4592 2101 4642 ἐπὶ
2137 4592 2248 4654 τοῖς
2272 4589 2566 4661 ὁρωμένοις
2595 4590 2989 4662 συγκρούουσα,
3028 4592 3119 4644 καὶ
3144 4590 3268 4652 τοὺς
3300 4589 3397 4658 τῆς
3422 4589 3579 4640 εὐσε-

2012 4681 2161 4744 ϐείας
2205 4679 2353 4750 αὐτῷ
2401 4681 2645 4753 καρποὺς
2700 4681 3051 4747 ὀνειδίζουσα,
3090 4681 3178 4733 καὶ
3207 4680 3588 4748 καταλέγουσα.

2014 4771 2111 4841 μὲν
2132 4770 2227 4841 τὴν
2246 4770 2477 4823 παλαιὰν
2496 4770 2750 4842 εὐθηνίαν
2771 4771 2878 4826 τῶν
2897 4772 3132 4835 οἰκείων,
3154 4769 3582 4823 ύποδεικνύουσα

2010 4864 2065 4917 δὲ
2089 4863 2158 4916 τὰ
2186 4865 2428 4935 παρόντα
2448 4865 2614 4928 κακὰ,
2643 4866 2737 4917 καὶ
2758 4858 2869 4917 οἷον
2895 4862 2953 4928 ἐξ
2978 4864 3103 4917 οἴων
3133 4861 3292 4933 ἔλαχε
3317 4861 3449 4932 βίον,
3486 4861 3584 4914 καὶ

2011 4956 2131 5008 τίνα
2154 4955 2261 5006 τῶν
2292 4954 2496 5007 πολλῶν
2526 4955 2725 5008 θυσιῶν
2754 4955 2971 5022 ἐδέξατο
3002 4956 3153 5026 παρὰ
3178 4953 3271 5007 τοῦ
3305 4953 3579 5006 Δεσπότου

2013 5049 2222 5122 μισθὸν,
2276 5049 2430 5117 ἔλεγέ
2453 5066 2512 5102 τε
2548 5051 2635 5103 ἀεὶ
2685 5051 2784 5122 τῆς
2816 5049 2920 5121 μὲν
2959 5049 3068 5104 τῶν
3105 5047 3376 5120 γυναικῶν
3407 5048 3583 5115 ὀλιγο-

2011 5186 2202 5256 ήγαγε.
2228 5184 2521 5256 Aliquanto
2555 5192 2678 5256 post
2713 5184 2866 5242 Colb.
2908 5186 3118 5256 primus
3153 5183 3340 5256 τοῦ....
3368 5182 3580 5255 Θρόνου.

2081 5258 2130 5328 (1
2144 5256 2192 5325 1)
2230 5255 2381 5328 linus
2408 5256 2579 5328 code;
2606 5254 2736 5326 Reg.
2768 5254 3007 5328 διάνοιαν
3040 5255 3341 5328 ἁποσύρας.

2082 5321 2192 5398 (12)
2229 5326 2421 5380 Εύὶιὶοε
2445 5325 2625 5380 Paris.
2659 5321 2886 5398 μακρὸν
2929 5326 3115 5398 πόνον,
3142 5321 3407 5398 diutinum
3429 5321 3585 5374 dolo-

2012 5396 2120 5451 rem
2154 5413 2273 5450 cum
2308 5414 2411 5451 non
2440 5406 2612 5464 posset
2642 5396 2777 5466 ferre
2805 5396 3034 5466 amplius
3065 5413 3084 5451 :
3125 5397 3356 5466 sediqua
3394 5403 3583 5466 a_uCIo_~

2012 5471 2175 5521 ritate
2206 5468 2331 5520 nixa
2362 5463 2445 5522 sit
2464 5468 2577 5522 lucc
2637 5463 2933 5537 Scriptura,
2964 5467 3171 5521 nescio.
3204 5463 3381 5522 Editio
3412 5463 3583 5520 Basil-

2011 5546 2065 5593 et
2094 5540 2272 5593 nostri
2297 5547 2531 5609 quatuor
2553 5554 2690 5595 mss.
2724 5538 2931 5610 μακρὸν
2960 5537 3169 5609 χρόνον.
