3982 6240
298 413 396 469 561

1046 423 1285 482 ιιοιιιι.
1323 428 1515 495 QUOD
1555 431 1911 490 MUNDANIS
1949 435 2452 497 ADIUERENDUM
2493 444 2633 498 NON
2676 443 2804 500 SlT.

3448 450 3557 511 562

295 529 491 600 Φυχίας
522 531 652 598 ἀξια
682 535 925 607 ῥήματα,
972 540 1200 610 ταράξαι
1231 542 1288 595 δὲ
1322 543 1500 597 πάντα
1523 545 1690 616 ἄνδρα
1718 547 1866 601 δυνά-

1986 548 2058 602 lia
2087 557 2292 616 tamen,
2333 569 2458 623 qua:
2486 554 2668 610 virum
2702 571 2919 614 omnem
2968 559 3305 628 perturbare,
3339 569 3393 617 et
3433 564 3551 618 ani-

301 637 454 692 μενα,
479 623 574 675 καὶ
598 628 924 698 περιτρέψαι
964 632 1056 683 καὶ
1088 634 1340 699 γενναίαν
1371 635 1606 689 διάνοιαν
1626 654 1639 667 ·
1674 638 1881 708 πλανῆ-

293 728 377 775 τις
401 712 506 785 γὰρ
546 716 643 768 καὶ⁸
682 716 873 789 λάτρις
900 721 1280 794 περιέρχομαι,
1309 726 1342 796 ἡ
1377 724 1585 795 βασιλὶς
1618 727 1876 793 δουλεύω,

296 805 545 877 καὶπρὸς
572 809 676 871 τὰς
710 810 819 863 τῶν
852 812 1002 883 ἐμῶν
1043 815 1267 868 οἰκετῶν
1310 820 1498 888 χεῖρας
1529 818 1878 892 ἠνάγκασμαι

297 899 533 968 βλέπειν,
563 904 660 956 καὶ
707 904 987 976 τρέφουσα
1016 908 1181 963 πάλαι
1209 911 1454 977 πολλοὺς,
1491 912 1789 984 ἀγαπητῶς
1814 916 1879 969 ἐκ

290 991 402 1044 τῶν
433 993 728 1066 ἀλλοτρίων
764 998 1183 1071 παρατρέφομαι
1212 1001 1305 1054 νῦν
1331 1019 1345 1032 ο
1369 1004 1462 1056 καὶ
1484 1004 1565 1057 ὅτι
1601 1005 1762 1058 καλὸν
1790 1005 1877 1077 εἴη

293 1086 387 1138 καὶ
434 1087 727 1158 χρήσιμον,
774 1090 997 1144 ἀσεϐέσι
1038 1093 1377 1165 χρησάμενον
1414 1097 1653 1167 ῥήμασιν
1682 1098 1874 1152 ἑαυτὸν

289 1178 389 1247 τῆς
430 1180 534 1249 γῆς
574 1181 853 1252 ἐκτεμεῖν,
896 1184 957 1236 τὸ
983 1186 1081 1256 τῆς
1109 1186 1201 1239 τοῦ
1229 1188 1513 1252 κτίσαντος
1542 1190 1713 1261 ὀργῆς
1747 1192 1877 1248 ἁκο-

290 1271 525 1337 νήσαντα
561 1269 731 1338 ξίφος,
767 1273 800 1344 ἢ
827 1273 1286 1347 διακαρτεροῦντα
1319 1280 1453 1346 πρὸς
1485 1279 1555 1333 τὰ
1587 1281 1754 1348 δεινὰ,
1783 1283 1877 1337 τὸν

292 1362 348 1412 ἐν
372 1364 483 1424 τοῖς
512 1363 690 1432 ἀγῶσι
738 1365 935 1436 μόχθον
986 1369 1162 1440 ἐαυτῷ
1196 1371 1288 1422 καὶ
1317 1374 1383 1442 τῇ
1414 1374 1740 1446 συνοικούσῃ
1773 1391 1879 1445 μη-

290 1450 492 1505 κύνειν.
528 1452 587 1506 Ὀ
615 1453 693 1517 δὲ,
728 1457 822 1509 ἐπὶ
843 1457 1051 1523 τούτοις
1077 1463 1188 1524 τοῖς
1212 1465 1449 1532 ῥήμασιν
1472 1464 1774 1535 ἀχθεσθεὶς,
1800 1468 1879 1529 ὡς

285 1543 376 1594 ἐπ’
392 1543 571 1597 οὐδενὶ
598 1545 706 1598 τῶν
729 1550 1011 1621 προτέρων
1039 1552 1244 1619 κακῶν,
1267 1556 1361 1607 καὶ
1383 1555 1555 1626 θυμοῦ
1573 1557 1633 1609 τὸ
1654 1555 1875 1627 βλέμμα

287 1632 606 1705 πληρώσας,
653 1639 747 1690 καὶ
800 1640 936 1710 πρὸς
990 1641 1085 1713 τὴν
1147 1648 1381 1712 γυναῖκα
1437 1647 1687 1719 καθάπερ
1740 1650 1874 1721 πρὸς

295 1725 569 1795 πολεμίαν
600 1728 994 1801 ἀποστραφεὶς,
1022 1734 1073 1785 τί
1096 1750 1289 1804 φησιν;
1323 1740 1438 1792 Ἵνα
1464 1729 1516 1797 τί
1545 1740 1619 1803 ὡς
1641 1740 1738 1810 μία
1769 1741 1873 1795 τῶν

287 1815 537 1885 ἀφρόνων
554 1819 827 1886 γυναικῶν
849 1821 1110 1890 ὲφθὲγξοη
1137 1825 1406 1891 Κατὰθου,
1430 1830 1613 1898 φησὶν,
1631 1824 1676 1882 ὦ
1690 1829 1870 1897 γύναι,

1987 656 2137 695 nium
2172 644 2255 698 vel
2284 644 2478 701 fortem
2508 648 2827 705 subvertere
2852 659 3097 719 possent.
3142 651 3307 722 Vaga,
3340 654 3551 726 inquie-

1985 730 2097 796 bat,
2130 741 2186 788 et
2224 736 2424 789 ancilla
2470 738 2689 803 oberro,
2728 740 2915 811 regina
2967 744 3163 803 servio.
3198 754 3252 800 et
3297 747 3365 801 ad
3410 764 3553 804 meo-

1985 835 2105 874 rum
2139 822 2467 879 famulorum
2520 842 2715 883 manus
2751 831 3023 899 respicere
3067 839 3257 887 coacta
3303 848 3467 900 sum,
3496 846 3553 891 et

1984 928 2109 981 quae
2149 914 2351 970 multos
2400 916 2530 971 olim
2566 919 2793 983 nutrivi,
2838 921 2977 977 bene
3018 936 3167 977 nunc
3207 937 3417 979 mecum
3465 927 3549 995 agi
3618 912 3623 917 ’

1985 1001 2240 1059 existimo
2290 1004 2337 1060 si
2384 1008 2632 1063 enutriar
2678 1024 2745 1065 ex
2793 1010 3009 1067 alienis.
3035 1010 3301 1079 Addebat,
3355 1017 3551 1072 melius

1989 1107 2114 1148 esse
2145 1109 2208 1148 ac
2245 1097 2434 1153 utilius
2465 1099 2511 1152 si
2539 1100 2607 1154 de
2634 1107 2777 1155 terra
2810 1117 2869 1157 se
2908 1103 3025 1172 ipse
3050 1104 3414 1171 exscinderet,
3450 1109 3550 1161 im-

1989 1185 2095 1256 piis
2124 1188 2307 1244 verbis
2338 1191 2561 1255 utendo,
2593 1203 2647 1248 et
2694 1194 2931 1263 gladium
2967 1198 3058 1249 ira:
3100 1196 3413 1254 Conditoris
3454 1217 3551 1255 ex-

1987 1279 2257 1344 acuendo,
2286 1298 2449 1350 quam
2499 1285 2545 1337 si
2592 1285 2861 1342 malorum
2894 1289 3178 1351 tolerantia
3225 1290 3329 1345 sibi
3363 1292 3464 1361 ipsi
3496 1300 3551 1347 et

1986 1370 2145 1424 uxori
2176 1375 2537 1428 certaminum
2573 1376 2812 1431 laborem
2860 1388 3135 1450 proroget.
3176 1379 3270 1437 Ille
3297 1397 3427 1437 vero
3462 1383 3549 1439 his

1980 1462 2165 1517 verbis
2196 1465 2369 1535 magis
2399 1481 2561 1537 quam
2596 1469 2707 1524 ullo
2729 1470 2994 1525 malorum
3020 1473 3261 1541 priorum
3287 1473 3546 1542 offensus,

1980 1561 2034 1607 et
2072 1554 2282 1609 vultum
2329 1557 2410 1610 ira
2450 1559 2716 1628 replente,
2755 1560 2822 1615 ad
2871 1577 3097 1617 uxorem
3144 1564 3292 1618 velut
3338 1565 3549 1621 hostem

1979 1658 2311 1715 conversus,
2361 1649 2494 1719 quid
2557 1651 2729 1707 dicit?
2783 1651 2963 1718 Quare
3011 1662 3268 1724 tanquam
3315 1672 3423 1712 una
3479 1656 3549 1713 de

1979 1737 2163 1793 stultis
2201 1740 2524 1796 mulieribus
2568 1743 2749 1797 locuta
2801 1760 2861 1799 es
2884 1746 2937 1797 ‘?
2965 1744 3204 1816 Depone,
3248 1762 3283 1801 ο
3322 1748 3541 1813 mulier,

1981 1828 2180 1899 inquit,
2212 1832 2345 1887 illud
2376 1835 2692 1891 consilium.
2724 1835 3021 1907 Quousque
3046 1832 3210 1894 dictis
3236 1841 3344 1895 tuis
3372 1839 3543 1896 dede-

288 1906 384 1978 τὴν
411 1909 742 1982 συμϐουλήν.
776 1912 955 1984 Μέχρι
982 1915 1126 1980 τίνος
1151 1918 1249 1989 τὴν
1273 1919 1456 1989 κοινὴν
1491 1922 1549 1973 ὲν
1576 1916 1658 1985 οἷς
1691 1921 1866 1990 λέγεις

1973 1924 2190 1978 corabis
2230 1926 2398 1980 vitam
2449 1930 2835 1984 communem?
2885 1928 3137 1996 Violasti,
3198 1932 3345 2003 quod
3397 1931 3551 1988 Deus

289 1998 531 2070 ὑϐρίζεις
563 2001 738 2075 ζωηνς
788 2005 1030 2075 Ἐψεύσω
1061 2012 1154 2062 καὶ
1189 2010 1287 2078 τὴν
1321 2012 1484 2083 ἐμὴν,
1516 2013 1591 2077 ὡς
1629 2015 1727 2068 οὐκ
1773 2016 1871 2086 ηὑ-

287 2093 482 2163 χόμην,
534 2096 903 2169 ἀναστροφὴν,
956 2100 1200 2166 διέϐαλες
1237 2105 1294 2158 ὲν
1350 2100 1432 2169 οἷς
1461 2105 1728 2177 ὲλάλησας
1778 2110 1872 2162 καὶ

288 2183 377 2234 τόν
435 2184 570 2254 ἐμὸν
622 2186 759 2255 βίον.
801 2189 890 2254 Ἐξ
922 2191 1177 2261 ἡμισείας
1236 2196 1567 2267 ἠσεϐηκέναι
1611 2199 1872 2269 νενόμικα

288 2275 400 2341 νῦν,
453 2277 751 2352 ἐπειδήπερ
797 2281 856 2333 ἓν
880 2284 980 2353 μὲν
1007 2284 1164 2356 σῶμα
1202 2288 1547 2361 ἀμφοτέρους
1574 2293 1722 2362 ἡμᾶς
1758 2292 1867 2363 (15)

287 2368 318 2417 ό
344 2365 523 2435 γάμος
559 2368 805 2439 ἐποίησε,
842 2373 903 2426 σὺ
938 2372 997 2426 δὲ
1042 2376 1120 2438 είς
1157 2376 1503 2449 βλασφημίαν
1549 2382 1866 2447 κατέπεσες.

288 2453 357 2508 Εἰ
392 2455 463 2509 τὰ
480 2458 675 2526 ἀγαθὰ
693 2460 1021 2532 ἐδεξάμεθα
1045 2465 1111 2519 ἐκ
1132 2467 1331 2536 χειρὸς
1359 2471 1597 2539 Κυρίου,
1617 2471 1686 2526 τὰ
1715 2473 1871 2529 κακὰ

284 2550 400 2617 οὐχ
430 2551 811 2620 ὑποίσομεν;
863 2556 1196 2626 Ἀνάμνησον
1223 2559 1334 2613 τῶν
1353 2559 1673 2630 φθασάντων
1703 2580 1867 2615 σεαυ-

285 2638 379 2708 τὴν
410 2640 658 2710 ἀγαθῶν.
707 2644 1105 2717 Ἀντισήκωσον
1120 2649 1187 2703 τὰ
1214 2651 1449 2722 κρείττω
1465 2656 1580 2717 τοῖς
1605 2655 1862 2724 χείροσιν,

284 2732 514 2797 Οὐδενὸς
576 2736 885 2808 ἀνθρώπων
941 2741 972 2791 ὁ
1025 2739 1137 2810 βίος
1161 2740 1333 2795 διόλου
1365 2745 1651 2818 μακάριος.
1680 2748 1752 2800 Τὸ
1780 2747 1868 2800 διὰ

284 2823 484 2885 παντὸς
515 2819 577 2876 εὖ
615 2825 874 2896 πράττειν
904 2827 1060 2896 μόνου
1083 2828 1216 2883 Θεοῦ
1239 2846 1251 2859 ·
1272 2833 1344 2886 Σὺ
1366 2833 1442 2898 δὲ,
1467 2837 1515 2888 εἰ
1535 2838 1647 2899 τοῖς
1660 2837 1865 2908 παροῦο

284 2930 366 2966 σιν
383 2915 595 2984 ἀλγεῖς,
621 2918 731 2971 ἀπὸ
761 2921 868 2974 τῶν
892 2922 1270 2993 προλαϐόντων
1306 2928 1509 2996 σαυτὴν
1539 2928 1866 3000 παραμύθη-

282 3022 389 3061 σαι.
418 3006 537 3060 Νῦν
582 3009 866 3081 δακρύεις,
918 3013 1031 3068 ἀλλ’
1079 3015 1345 3083 ἐγέλασας
1409 3018 1712 3089 πρότερον·
1769 3020 1864 3074 νῦν

282 3100 610 3169 πτωχεύεις,
666 3102 783 3155 ἀλλ’
842 3106 1180 3177 ἐπλούτησας
1234 3108 1527 3180 πρότερον.
1577 3111 1766 3176 Ἐπιες
1804 3114 1865 3167 τὸ

279 3188 473 3254 διειδὲς
504 3193 658 3262 νᾶμα
696 3193 790 3246 τοῦ
826 3194 965 3264 βίου,
1000 3198 1093 3251 καὶ
1128 3197 1189 3250 τὸ
1215 3198 1428 3271 θολερὸν
1452 3201 1610 3256 τοῦτο
1637 3204 1861 3258 πίνουσα

280 3281 641 3353 καρτέρησον.
688 3286 821 3338 Οὐδὲ
867 3286 937 3340 τὰ
992 3288 1099 3341 τῶν
1132 3292 1388 3362 ποταμῶν
1413 3295 1661 3365 ῥεύματα
1686 3299 1860 3352 διόλου
1890 3277 1929 3331 C

280 3372 531 3439 φαίνεται
566 3375 799 3447 καθαρά.
830 3378 1080 3449 Ποταμὸς
1095 3382 1169 3443 δὲ.
1192 3383 1267 3447 ὡς
1295 3381 1472 3451 οἶσθα,
1502 3391 1530 3442 ὁ
1553 3389 1663 3459 βίος
1684 3392 1865 3462 ἡμῶν,

281 3464 419 3533 ῥέων
447 3465 744 3557 ἐνδελεχῶς
777 3472 869 3523 καὶ
908 3472 1143 3542 κύμασιν
1173 3476 1595 3551 ἀλλεπαλλήλοις
1628 3483 1865 3557 πληρούο

282 3570 439 3622 μενος
474 3555 610 3628 (14).
643 3550 716 3611 Τὸ
761 3562 989 3634 μὲνγὰρ
1030 3565 1191 3619 αὐτοῦ
1232 3550 1596 3640 προέρελῖυσεν
1802 3577 1864 3629 τὸ

278 3648 331 3701 δὲ
384 3651 466 3705 ἔτι
515 3653 848 3724 πορεύεται⁸
905 3658 998 3712 καὶ
1032 3658 1090 3711 τὸ
1124 3661 1223 3730 μὲν
1262 3661 1387 3733 ἄρτι
1425 3664 1698 3734 προέκυψε
1754 3668 1863 3720 τῶν

280 3743 493 3812 πηγῶν,
528 3746 591 3798 τὸ
643 3746 699 3800 δὲ
737 3749 917 3819 μέλλει
945 3768 957 3824 ξ
993 3754 1085 3805 καὶ
1113 3752 1246 3823 πρὸς
1280 3754 1377 3825 τὴν
1410 3756 1593 3827 κοινὴν
1629 3758 1864 3823 ἅπαντες

279 3835 369 3888 τοῦ
394 3835 632 3890 θανάτου
664 3840 965 3912 σπεύδομεν
1004 3842 1289 3896 θάλατταν.
1324 3848 1393 3898 Ei
1424 3844 1494 3898 τὰ
1528 3846 1717 3915 ἀγαθὰ
1747 3847 1864 3902 ἐδε-

281 3927 506 3996 ξάμεθα
524 3930 595 3983 ἐκ
618 3931 818 4000 χειρὸς
832 3935 1069 4001 Kt'plov,
1086 3934 1158 3988 τὰ
1183 3936 1337 3991 κακὰ
1360 3940 1471 4007 οὐχ
1508 3940 1863 4009 ὺποίσομεφτ

293 4020 704 4093 Ἀναγκὰζομεν
742 4024 834 4077 τὸν
863 4025 1054 4096 κριτὴν
1085 4027 1242 4098 ὅμοια
1280 4032 1535 4101 χορηγεῖν
1562 4032 1862 4104 πράγματα

280 4106 343 4160 δι’
375 4109 576 4173 αἰῶνος
606 4112 739 4182 ἡμῖν
760 4129 774 4177 ;
798 4114 1236 4185 Διδάσκομεντον
1264 4120 1362 4170 Δεσ
1377 4120 1562 4191 πότην,
1589 4122 1735 4184 ὅπως
1756 4123 1860 4194 χρὴ

282 4200 547 4271 διεξάγειν
600 4204 694 4257 τὸν
740 4206 1004 4277 ἡμέτερον
1050 4208 1193 4277 βίον;
1258 4211 1428 4274 Αύτδς
1482 4211 1589 4264 τῶν
1649 4215 1861 4269 οἰκείων

282 4289 474 4359 ψήφων
527 4293 643 4365 ἔχει
697 4296 795 4366 τὴν
832 4297 1101 4363 ἐξουσίαν.
1146 4301 1332 4366 Ὅπως
1384 4302 1626 4372 βούλεται
1681 4307 1861 4359 τάττει

283 4376 351 4428 τὲ
370 4377 492 4430 καθ’
529 4383 700 4449 ἡμᾶς.
728 4384 896 4452 Σοφδς
927 4385 982 4438 δέ
1016 4389 1151 4451 ἐστι,
1187 4389 1280 4443 καὶ
1310 4390 1369 4443 τὸ
1398 4391 1707 4447 λυσιτελοῦν
1741 4397 1860 4448 ἐπι-

285 4474 477 4540 μετρεῖ
498 4475 613 4537 τοῖς
632 4476 890 4541 οἰκέταις.

356 4561 444 4614 12.
491 4562 584 4633 Μὴ
648 4569 1010 4638 περιεργάζου
1058 4571 1151 4625 τοῦ
1198 4575 1462 4630 Δεσπότου
1514 4578 1609 4648 τὴν
1656 4577 1853 4648 κρίσιν.

295 4653 511 4722 Ἀγάπα
543 4655 705 4725 μόνον
730 4658 797 4711 τὰ
822 4661 971 4731 παρὰ
1001 4663 1097 4732 τῆς
1131 4663 1294 4717 αὑτοῦ
1322 4668 1512 4736 σοφίας
1544 4668 1856 4738 οἰκονομού-

286 4761 443 4814 μενα·
508 4745 691 4818 Ὅπερ
749 4748 815 4800 ἂν
860 4749 934 4820 δῷ
976 4769 1076 4817 σοι,
1123 4754 1282 4809 τοῦτο
1313 4755 1465 4827 δέχου
1491 4757 1607 4828 μεθ’
1641 4757 1851 4828 ἡδονῆς.

284 4837 465 4903 Δεῖξον
507 4840 569 4891 ὲν
616 4842 731 4903 τοῖς
788 4841 1074 4910 ἀλγεινοῖς,
1118 4846 1192 4909 ὼς
1237 4848 1330 4899 καὶ
1376 4849 1476 4919 τῆς
1520 4849 1855 4921 εὐφροσύνης

283 4926 407 4993 ἀξία
448 4929 548 5000 τῆς
598 4930 835 5002 πρόσθεν
870 4934 1178 5005 ἐτύγχανες.
1217 4939 1399 4993 Ταῦτα
1431 4942 1459 4992 ὁ
1490 4940 1631 4993 ’Ἰὼϐ
1661 4941 1855 5010 λέγων,

284 5019 664 5089 ἀπεκρούσατο
691 5022 786 5075 καὶ
812 5023 1013 5096 ταύτην
1027 5026 1118 5079 τοῦ
1142 5027 1385 5082 διαϐόλου
1409 5030 1506 5101 τὴν
1533 5032 1853 5104 προσϐολὴν,

284 5110 376 5161 καὶ
400 5111 613 5167 τελείαν
627 5113 779 5185 αὐτῷ
804 5118 902 5186 τῆς
925 5118 1091 5189 ἥττης
1115 5121 1373 5191 αἰσχύνην
1395 5124 1660 5193 ἐπήγαγε.
1681 5125 1745 5176 Τί
1765 5122 1857 5177 οὖν

282 5203 531 5256 ἐντεῦθεν
576 5207 930 5274 ωνέὸαινεν;
972 5211 1177 5279 Ἐφυγε
1206 5211 1359 5276 αὖθις
1399 5216 1430 5284 ὴ
1466 5217 1619 5279 νόσος
1673 5217 1854 5281 αὐτὸν,

281 5291 357 5354 ὡς
393 5293 514 5364 εἰκῆ
550 5296 943 5367 προσελθοῦσα,
990 5303 1083 5354 καὶ
1146 5304 1311 5374 μηδὲν
1370 5308 1612 5361 ἀνύσασα
1674 5308 1851 5361 πλέον.

293 5383 683 5469 ’Δνέθαλεν-είς
710 5389 969 5462 δευτέραν
988 5394 1127 5464 ἥϐην
1158 5398 1190 5466 ἡ
1218 5396 1381 5468 σάρξ’
1412 5398 1645 5468 ἤνθησεν
1676 5403 1704 5452 ό
1743 5400 1855 5469 βίος

282 5471 446 5527 πάλιν
477 5466 611 5529 πᾶσι
628 5480 742 5552 τοῖς
768 5478 1016 5547 ἀγαθοῖς,
1041 5484 1134 5536 καὶ
1159 5485 1456 5540 διπλασίων
1481 5490 1571 5540 ἐπὶ
1585 5489 1675 5540 τὸν
1710 5486 1854 5541 οἶκον

353 5590 369 5619 ¹
409 5586 513 5645 Job
544 5607 619 5657 ll,
656 5592 743 5648 10.
821 5596 843 5625 ²
883 5593 1017 5649 ibid.

286 5697 466 5823 diligis)
493 5700 694 5759 Vocem
724 5706 875 5775 ἡμᾶς
906 5723 971 5762 ex
1007 5709 1250 5779 antiquis
1276 5711 1490 5767 duobus
1514 5713 1667 5768 libris
1699 5715 1855 5767 addi-

324 5786 479 5824 unus.

359 5838 467 5911 (Η)
503 5839 685 5899 Editio
714 5845 893 5902 Paris.
928 5847 1441 5921 πλημμυροιὲμενος.
1470 5851 1691 5912 Veteres
1716 5872 1854 5925 qua-

1978 2014 2289 2081 avertisset,
2349 2019 2820 2076 conversationem
2875 2035 3053 2076 meam
3097 2029 3262 2093 atque
3310 2024 3544 2080 societa-

1979 2112 2110 2170 tem,
2162 2115 2217 2162 et
2258 2109 2370 2165 tuis
2413 2110 2537 2167 istis
2565 2111 2749 2166 verbis
2796 2111 2966 2166 vitam
3010 2128 3186 2169 meam
3240 2114 3404 2169 etiam
3449 2128 3545 2169 ca-

1976 2197 2187 2253 lumnia
2240 2203 2544 2271 aspersisti.
2596 2202 2799 2259 Videor
2841 2220 2992 2261 nunc
3038 2206 3171 2259 mihi
3205 2206 3431 2260 dimidia
3472 2219 3543 2263 ex

1976 2298 2130 2358 parte
2180 2291 2345 2360 impie
2378 2293 2561 2363 egisse
2589 2312 2603 2348 :
2629 2294 2901 2364 siquidem
2944 2310 3114 2349 unum
3151 2296 3372 2365 quidem
3414 2311 3546 2350 cor-

1975 2395 2079 2450 pus
2101 2390 2365 2453 utrosque
2394 2398 2496 2440 nos
2525 2385 2731 2455 nuptiae
2766 2386 3158 2455 prastiterunt,
3200 2386 3296 2441 sed
3325 2393 3380 2439 tu
3415 2382 3561 2456 pro,

1975 2472 2127 2543 lapsa
2162 2490 2224 2529 es
2269 2476 2327 2529 in
2372 2474 2786 2547 blasphemiam.
2834 2477 2895 2532 Si
2928 2480 3064 2532 bona
3104 2477 3427 2547 suscepimus
3474 2477 3539 2531 de

1974 2582 2133 2619 manu
2173 2566 2409 2632 Domini,
2453 2569 2598 2625 mala
2646 2586 2748 2627 non
2803 2570 3255 2626 sustinebimus’?
3305 2569 3540 2641 Redigas

1973 2654 2071 2710 tibi
2101 2656 2155 2710 in
2187 2659 2505 2711 memoriam
2538 2658 2809 2728 praeterita
2842 2659 3008 2714 bona.
3044 2658 3350 2728 Compensa
3394 2658 3543 2712 bona

1972 2748 2150 2803 malis.
2173 2747 2387 2805 Nullius
2416 2749 2657 2805 hominis
2681 2750 2792 2805 vita
2813 2751 2971 2804 beata
2995 2759 3079 2804 est
3105 2750 3351 2804 omnino.
3378 2747 3536 2805 Sem-

1970 2855 2068 2909 per
2110 2839 2325 2896 felicem
2367 2857 2511 2908 esse,
2548 2842 2723 2899 solius
2773 2843 2872 2898 Dei
2913 2851 3017 2899 est.
3053 2841 3134 2897 ’λι
3173 2842 3340 2912 igitur
3377 2843 3423 2897 si
3466 2842 3537 2897 ob

1970 2933 2259 3001 praesentia
2311 2934 2499 2989 dolore
2551 2934 2805 3000 alliceris,
2862 2951 2926 2990 ex
2983 2936 3272 3005 praeteritis
3327 2943 3380 2989 te
3416 2936 3537 3004 ipsa

1969 3024 2273 3079 consolare.
2306 3023 2465 3082 Nunc
2504 3026 2843 3097 lacrymaris.
2879 3035 2932 3081 at
2966 3027 3117 3097 prius
3147 3027 3319 3082 risisti
3352 3042 3536 3081 :nunc

1971 3129 2174 3185 pauper
2218 3130 2299 3182 es,
2332 3122 2387 3169 at
2418 3116 2573 3186 prius
2610 3116 2764 3172 fuisti
2808 3118 2981 3172 dives.
3027 3117 3219 3173 Bihisti
3250 3116 3537 3187 limpidum

1968 3209 2093 3261 vitae
2120 3206 2357 3270 laticem,
2388 3208 2502 3277 jam
2533 3209 2810 3268 turbidum
2845 3209 3037 3265 bibens
3066 3211 3247 3264 animo
3266 3223 3422 3278 aequo
3440 3224 3537 3278 pa-

1965 3300 2121 3353 tiare.
2158 3297 2237 3353 Ne
2268 3298 2555 3354 fluviorum
2589 3301 2807 3371 quidem
2835 3300 3036 3356 fluenta
3081 3308 3338 3372 perpetuo
3371 3315 3536 3370 appa-

1966 3398 2087 3447 rent
2113 3406 2267 3461 pura.
2306 3390 2400 3447 Est
2430 3400 2609 3447 autem
2642 3392 2840 3449 ﬂuvius
2878 3393 2984 3448 vita
3032 3402 3242 3457 nostra,
3280 3400 3339 3446 ut
3366 3392 3531 3455 nosti,

1964 3486 2223 3541 continue
2250 3484 2447 3546 fluens,
2475 3500 2539 3540 ac
2568 3484 2828 3541 fluctibus
2855 3486 3164 3541 alternatim
3206 3485 3310 3540 sibi
3343 3499 3535 3539 succe—

1963 3577 2216 3631 dentibus
2262 3574 2482 3630 referta.
2540 3575 2753 3631 Etenim
2798 3576 2911 3647 jam
2967 3592 3095 3646 pars
3150 3575 3581 3647 praeterfluit,-

1965 3684 2092 3737 pars
2136 3667 2316 3722 adhuc
2346 3667 2584 3723 transit:
2616 3683 2744 3737 pars
2778 3669 2892 3738 jam
2935 3668 3159 3722 emersit
3194 3684 3223 3722 e
3262 3666 3529 3727 fontibus.

1964 3773 2091 3828 pars
2144 3772 2272 3811 vero
2324 3769 2604 3811 emersura
2647 3763 2751 3821 est,
2799 3764 2852 3810 et
2896 3757 2962 3810 ad
3005 3771 3293 3810 commune
3340 3757 3532 3809 mortis

1966 3862 2119 3901 mare
2166 3846 2493 3901 festinamus
2544 3861 2754 3902 omnes.
2808 3847 2869 3901 Si
2929 3846 3064 3899 bona
3113 3840 3433 3916 suscepimus
3470 3847 3533 3899 de

1965 3954 2123 3990 manu
2146 3936 2376 4001 Domini,
2426 3937 2569 3991 mala
2612 3956 2714 3992 non
2748 3937 3165 3994 sustinebimus?
3191 3937 3535 4007 Cogimusne.

1958 4030 2197 4099 judicem
2243 4031 2401 4086 nobis
2450 4039 2710 4101 perpetuo
2742 4029 2894 4099 paria
2941 4028 3324 4099 suppeditare?
3358 4027 3531 4082 Doce-

1963 4135 2158 4173 lllUSlle
2187 4117 2499 4184 Dominum,
2538 4120 2814 4190 quomodo
2863 4120 3058 4175 debeat
3082 4119 3247 4174 vitam
3284 4126 3533 4174 nostram

1963 4213 2272 4267 moderari?
2301 4211 2525 4269 Decreta
2559 4228 2657 4268 sua
2701 4227 2869 4283 penes
2898 4213 3077 4285 ipsum
3110 4222 3258 4270 sunt.
3292 4211 3400 4268 Res
3430 4227 3535 4266 no-

1963 4310 2106 4357 stras
2142 4318 2239 4372 pro
2282 4320 2387 4377 suo
2433 4304 2702 4358 arbitratu
2739 4306 2898 4374 regit.
2949 4304 3045 4360 Est
3095 4304 3240 4359 enim
3276 4303 3525 4374 sapiens;

1963 4394 2187 4465 etquod
2224 4395 2355 4449 utile
2392 4402 2497 4459 est,
2535 4396 2587 4450 id
2611 4399 2728 4451 suis
2761 4396 2935 4450 servis
2967 4395 3279 4451 admetitur.

2036 4562 2121 4624 12.
2176 4570 2319 4626 Cave
2382 4572 2656 4627 curiosius
2709 4574 3074 4644 perscruteris
3130 4572 3345 4628 Domini
3380 4570 3527 4641 judi-

1963 4664 2128 4717 cium.
2175 4661 2340 4733 quui
2371 4663 2608 4734 bonique
2638 4663 2723 4719 fac
2768 4665 2944 4720 solum
2987 4682 3108 4735 qua:
3151 4666 3219 4720 ab
3266 4663 3412 4718 illius
3440 4678 3529 4717 sa-

1963 4755 2162 4825 pientia
2203 4756 2612 4825 dispensantur.
2655 4755 2931 4828 Quidquid
2980 4757 3190 4812 dederit
3237 4757 3357 4821 tibi,
3401 4772 3525 4811 cum

1962 4846 2159 4915 gaudio
2189 4849 2396 4918 accipe.
2432 4846 2667 4904 Ostende
2701 4848 2756 4903 in
2796 4848 3039 4904 adversis
3068 4849 3342 4904 exstitisse
3371 4849 3527 4919 173

1964 4950 2016 4994 te
2048 4940 2232 4995 laetitia
2258 4942 2488 5011 pristina
2518 4942 2761 5012 dignam.
2798 4940 2894 4996 llis
2922 4942 3170 5003 dicendis
3200 4942 3402 5012 repulit
3426 4941 3528 4995 Job

1963 5043 2015 5086 et
2044 5032 2191 5086 hunc
2219 5034 2417 5087 diaboli
2458 5036 2750 5099 assultum,
2782 5044 2836 5089 et
2869 5035 3141 5105 integrum
3183 5037 3234 5090 ei
3266 5036 3527 5106 pudorem

1963 5125 2211 5180 de'illata
2255 5127 2410 5181 clade
2453 5128 2705 5184 incussit.
2754 5129 2896 5195 Quid
2947 5130 3112 5199 igitur
3142 5128 3271 5183 hinc
3310 5130 3529 5186 evenit?

1966 5215 2124 5287 Fugit
2158 5218 2352 5272 iterum
2388 5219 2455 5273 ab
2489 5221 2583 5273 illo
2627 5221 2872 5285 morbus,
2913 5231 3169 5291 tanquam
3204 5221 3295 5292 qui
3341 5237 3527 5276 act-es-

1964 5310 2127 5364 sisset
2179 5310 2404 5377 frustra,
2453 5327 2553 5366 nec
2603 5313 2901 5383 quidquam
2955 5315 3188 5383 amplius
3232 5314 3524 5370 eﬂ'ecisset.

1962 5400 2202 5456 Iieversa
2231 5418 2360 5457 caro
2400 5403 2455 5456 in
2489 5403 2715 5457 alteram
2756 5405 3096 5474 pubertatem
3141 5408 3400 5462 reviruit:
3429 5408 3527 5461 llo-

1963 5491 2072 5544 ruit
2105 5506 2297 5547 rursus
2338 5494 2447 5548 vita
2484 5493 2642 5548 bonis
2673 5495 2947 5561 omnibus,
2993 5505 3046 5551 et
3077 5495 3366 5568 duplicatae
3391 5496 3524 5551 divi-

1963 5725 2086 5771 tuor
2135 5719 2257 5798 libri
2301 5718 2695 5843 πληρούμενος.
2734 5719 2926 5803 Statim
2970 5722 3101 5793 Reg.
3155 5724 3428 5805 secundus
3474 5731 3529 5780 et.

1963 5789 2095 5841 [Lolli
2147 5805 2352 5843 Drlmus
2388 5806 2416 5841 τ
2474 5790 2569 5843 μὲν
2602 5792 2707 5843 γὰο
2743 5793 2927 5843 αύτου.
2984 5792 3096 5843 Vox
3140 5796 3326 5843 ullnna
3377 5795 3529 5843 deem

1959 5789 2095 5867 finiit
2127 5790 2352 5909 lprimus
2388 5789 2447 5843 τὸ
2473 5790 2569 5859 μὲν
2602 5792 2707 5863 γὰρ
2743 5793 2927 5849 αὑτοῦ.
2984 5789 3097 5848 Vox
3140 5795 3326 5849 ultima
3377 5795 3533 5850 deest

1961 5874 2015 5911 In
2055 5875 2118 5911 vu
2145 5869 2302 5929 gatts.
