3982 6240
447 414 552 471 565

1751 413 1809 470 S.
1852 413 2093 468 BASILII
2135 412 2344 469 MAGNI

3595 413 3701 468 564

439 532 529 584 tia
557 528 918 600 undecunque
947 529 1000 585 in
1046 531 1268 586 domum
1303 531 1705 598 conﬂuxerunt,
1751 539 1810 584 ut
1850 532 2006 601 quasi

2117 531 2447 601 πανταχόθεν
2497 529 2525 580 ὁ
2581 528 2807 592 πλοῦτος
2847 528 3226 600 συνέρρευσεν,
3267 528 3354 582 ἵνα
3389 527 3450 580 τὸ
3495 528 3591 598 μὲν
3621 529 3700 594 ὡς

439 623 577 677 nihil
617 623 914 686 amisisset,
961 639 1126 678 unam
1166 633 1378 694 partem
1429 624 1676 686 haberet,
1714 638 1843 694 pars
1879 639 2009 679 vero

439 715 610 769 altera
658 714 808 782 justo
858 724 1006 770 esset
1057 716 1334 786 patientia
1381 732 1610 772 merces.
1654 715 1760 772 Sed
1807 731 1908 771 cur
1955 724 2010 771 et

438 821 630 876 equos,
665 817 719 861 et
764 807 964 871 mulos,
1004 816 1060 863 et
1103 808 1362 872 camelos,
1397 816 1452 864 et
1489 823 1643 874 oves,
1671 817 1728 864 et
1769 823 1928 879 agros
1957 814 2010 862 et

437 911 631 954 omnes
656 898 948 969 opulentia
974 898 1202 954 delicias
1244 897 1412 968 duplo
1445 900 1670 969 recepit,
1711 898 2008 953 liberorum

437 1003 570 1044 vero
598 1004 862 1045 numerus
890 989 1124 1044 mortuis
1150 1003 1249 1059 par
1273 989 1515 1060 prodiit?
1544 989 1816 1055 Quoniam
1849 989 2009 1044 bruta

438 1080 697 1135 animalia
731 1089 786 1136 et
811 1080 1033 1136 caduca
1064 1097 1255 1136 omnes
1299 1080 1501 1135 divitia
1529 1081 1749 1150 penitus
1782 1079 2009 1134 interie-

437 1181 565 1227 rant
592 1192 605 1227 :
634 1172 794 1228 liberi
823 1188 958 1228 vero
986 1173 1114 1228 licet
1145 1173 1366 1237 mortui,
1399 1173 1604 1240 Optima
1635 1172 1720 1228 sui
1751 1181 1904 1243 parte
1929 1172 2011 1225 vi-

436 1263 657 1317 vebant.
693 1262 877 1333 Itaque
908 1265 1031 1319 aliis
1063 1264 1187 1320 ﬁliis
1227 1264 1551 1335 ﬁliabusque
1578 1265 1776 1320 iterum
1809 1280 1840 1319 a
1868 1264 2010 1320 Con-

435 1351 613 1405 ditore
644 1359 893 1414 ornatus,
943 1353 1104 1406 etiam
1142 1353 1284 1408 hanc
1327 1354 1732 1424 possessionem
1779 1354 2014 1410 habebat

434 1443 788 1511 duplicatam.
836 1443 942 1498 Alii
995 1445 1142 1500 enim
1193 1447 1513 1516 parentibus
1565 1447 1618 1500 in
1665 1448 1779 1500 vita
1822 1446 2013 1502 aﬂ‘ere—

435 1532 569 1587 bant
601 1533 840 1588 latitiam
869 1553 882 1589 :
913 1535 1024 1601 alii,
1056 1535 1150 1598 qui
1198 1537 1410 1593 scilicet
1442 1539 1809 1606 praivissent,
1856 1539 2010 1610 geni-

434 1633 608 1680 torem
647 1628 1062 1697 exspectabant,
1094 1645 1285 1685 omnes
1310 1630 1415 1686 Job
1444 1632 1885 1694 circumstaturi,
1919 1633 2010 1687 ubi

434 1715 690 1772 humana
721 1717 844 1773 vita
882 1719 1051 1789 judex
1097 1723 1512 1791 congregaverit
1548 1721 1846 1777 Ecclesiam
1884 1723 2011 1776 uni-

434 1811 724 1876 versalem,
785 1812 880 1868 ubi
932 1814 1062 1868 tuba
1105 1815 1400 1870 adventum
1449 1817 1596 1886 regis
1652 1816 2006 1880 denuntians,

432 1902 584 1958 edito
623 1903 680 1958 in
715 1905 987 1975 sepulcris
1020 1907 1204 1962 sonitu
1253 1909 1680 1976 vehementiore,
1714 1923 2004 1978 corporum
2045 1891 2084 1945 Β

432 1994 744 2066 depositum
790 2009 1064 2069 reposcct.
1108 1999 1265 2056 Tunc
1305 2009 1359 2057 et
1414 2016 1562 2056 nunc
1608 2002 1704 2071 qui
1755 2001 2009 2056 videntur

433 2088 634 2141 mortui
663 2102 808 2153 esse,
837 2091 1151 2147 viventibus
1179 2092 1345 2148 citius
1379 2093 1646 2148 sistentur
1675 2092 1858 2162 opiﬁci
1893 2092 2008 2146 uni-

431 2192 740 2234 versorum.
773 2180 1006 2244 Idcirco,
1041 2183 1260 2252 opinor,
1297 2197 1422 2236 cum
1463 2184 1704 2254 reliquas
1733 2198 1866 2253 opes
1911 2199 2006 2253 ge-

434 2270 671 2326 minatas
715 2271 766 2327 ei
822 2272 1119 2329 admensus
1161 2273 1376 2341 fuisset,
1426 2275 1628 2330 liberos
1681 2284 1862 2329 tamen
1904 2290 2008 2328 nu-

433 2353 588 2419 inero
631 2379 794 2435 pares
845 2366 896 2421 ei
946 2366 1199 2438 sulIiccre
1225 2367 1513 2437 judicavit.
1561 2365 1724 2422 Vides
1776 2376 1910 2438 quot
1953 2376 2008 2422 et

433 2465 640 2527 quanta
660 2458 847 2528 justus
883 2458 976 2514 ille
1007 2458 1110 2514 J‘ob
1156 2474 1254 2530 per
1284 2459 1604 2530 patientiam
1654 2459 1758 2515 sibi
1790 2475 2013 2530 congcs-

432 2551 568 2605 sei-it
610 2550 800 2606 bona?
842 2559 896 2607 et
932 2560 988 2605 tu
1035 2551 1218 2622 igitur,
1271 2552 1317 2608 si
1367 2551 1498 2622 quid
1541 2553 1636 2606 tibi
1683 2551 1898 2607 molesti
1941 2567 2006 2607 ex

432 2642 692 2697 hesterno
723 2643 866 2712 igne,
909 2643 1330 2712 quidamonum
1367 2642 1583 2698 insidiis
1618 2642 1880 2698 incensus
1899 2650 2006 2704 est,

432 2733 654 2798 accidit,
693 2734 748 2789 id
778 2735 1050 2804 patienter
1082 2733 1242 2800 ferto,
1275 2744 1331 2790 et
1363 2750 1528 2805 quam
1559 2734 1820 2788 damnum
1862 2735 2012 2788 intu-

433 2824 498 2878 lit
548 2824 828 2879 tristitiam
861 2826 1290 2896 cogitationibus
1337 2825 1658 2880 melioribus
1697 2825 2010 2894 consOpito.

432 2915 676 2984 Etjuxta
707 2914 764 2970 id
789 2917 937 2986 (mod
981 2918 1248 2988 scriptum
1291 2925 1397 2980 est,
1427 2915 1590 2970 Iacto
1635 2931 1792 2984 super
1821 2915 2008 2970 Domi-

434 3025 561 3062 num
589 3025 772 3063 curam
801 3019 968 3075 tuam,
998 3020 1047 3066 ct
1081 3012 1191 3079 ipse
1221 3021 1269 3066 te
1299 3011 1524 3066 enutriet
1551 3011 1591 3065 ³.
1622 3008 1805 3080 Ipsum
1851 3009 2006 3066 decet

431 3099 606 3170 gloria
635 3100 692 3155 in
721 3102 920 3157 sacula
951 3103 1301 3159 saeculorum.
1333 3101 1528 3157 Amen.

2115 624 2280 695 μηδὲν
2306 620 2666 685 ἀπολωλεκὼς
2692 621 2811 694 ἔχῃ,
2838 621 2898 675 τὸ
2930 621 2986 674 δὲ
3024 621 3243 695 ὑπάρξῃ
3279 623 3376 691 τῆς
3405 621 3700 692 καρτερίας

2110 716 2187 787 τῷ
2213 717 2406 787 δικαίῳ
2429 715 2634 788 μισθός.
2656 714 2754 767 Διὰ
2770 715 2823 767 τί
2847 714 2904 767 δὲ
2928 715 3125 779 ἵππους
3161 715 3281 786 μὲν,
3305 715 3400 768 καὶ
3417 713 3696 785 ἡμιόνους,

2114 808 2209 862 καὶ
2224 807 2524 880 καμήλους,
2555 807 2651 859 καὶ
2681 805 2949 879 πρόϐατα,
2990 807 3084 859 καὶ
3119 805 3383 876 γεώργια,
3405 807 3498 858 καὶ
3514 807 3699 859 πᾶσαν

2112 900 2211 968 τὴν
2243 901 2341 971 τῆς
2388 899 2705 972 περιουσίας
2732 899 2946 970 τρυφὴν
2987 900 3051 952 ἐκ
3091 897 3185 951 τοῦ
3216 897 3558 962 διπλασίονος
3592 899 3698 950 ὑπ-

2115 991 2353 1058 εδέξατο,
2384 993 2414 1044 ὁ
2437 990 2548 1044 τῶν
2570 989 2773 1043 παίδων
2791 989 2848 1042 δὲ
2864 988 3096 1060 ἀριθμὸς
3116 989 3228 1052 ἴσος
3263 991 3374 1051 τοῖς
3398 987 3698 1042 ἀποθανοῦ-

2115 1099 2200 1137 σιν
2219 1083 2585 1154 ὲὸλάστησενς
2625 1082 2745 1134 Ὅτι
2767 1079 2837 1134 τὰ
2863 1082 2961 1152 μὲν
2985 1081 3153 1148 ἄλογα
3179 1081 3373 1152 κτήνη,
3405 1097 3499 1134 και
3534 1082 3644 1144 πᾶς
3669 1081 3701 1132 ό

2113 1173 2342 1238 πλοῦτος
2361 1173 2830 1245 διαφθειρόμενος,
2864 1174 2946 1237 είς
2972 1171 3182 1226 τελείαν
3204 1167 3366 1242 ἦλθεν
3389 1169 3697 1225 ἀταῦλειανο

2113 1269 2162 1319 οί
2198 1266 2384 1329 παῖδες
2401 1266 2480 1330 δὲ,
2510 1265 2604 1319 καὶ
2624 1264 2939 1329 τεθνεῶτες,
2967 1264 3110 1328 ἔζων
3133 1263 3211 1334 τῷ
3240 1262 3511 1334 καλλίστῳ
3541 1263 3702 1333 μέρει

2113 1359 2212 1429 τῆς
2242 1357 2452 1428 φύσεως
2481 1357 2614 1429 (15).
2657 1356 2970 1428 Κοσμηθεὶς
2999 1352 3091 1410 οὖν
3124 1351 3282 1420 αὖθις
3321 1356 3529 1428 ἑτέροις
3561 1357 3703 1418 υίοτς

2115 1452 2208 1504 καὶ
2259 1449 2592 1520 θυγατράσιν
2639 1448 2744 1502 ὑπὸ
2771 1447 2866 1501 τοῦ
2918 1448 3226 1511 κτίσαντος,
3260 1447 3354 1500 καὶ
3399 1446 3556 1499 τοῦτο
3585 1442 3703 1516 εἶχε

2115 1543 2300 1612 κτῆμα
2331 1538 2575 1594 διπλοῦν.
2620 1540 2684 1591 Οἱ
2727 1538 2827 1608 μὲν
2860 1537 2970 1609 γὰρ
3000 1539 3254 1609 παρῆσαν
3275 1538 3373 1608 τὴν
3405 1539 3462 1590 ὲν
3498 1535 3576 1608 τῷ
3600 1535 3704 1607 βίῳ

2115 1636 2228 1697 τοῖς
2257 1635 2584 1704 γεννήσασιν
2634 1629 2971 1701 εὐφροσύνην
3017 1629 3368 1699 παρέχοντες,
3400 1631 3452 1683 οἱ
3481 1629 3538 1682 δὲ
3568 1645 3706 1700 προ·

2114 1727 2432 1790 οδεύσαντες
2479 1725 2740 1796 ἀνέμενον
2794 1723 2885 1776 τὸν
2929 1721 3300 1792 φυτεύσανταο
3332 1723 3453 1775 τότε
3500 1722 3704 1784 πάντες

2116 1837 2181 1872 πε
2193 1819 2570 1890 ριστησόμενοι
2609 1817 2702 1870 τὸν
2747 1813 2892 1879 Ἰὼϐ,
2937 1815 3067 1868 ὅταν
3094 1817 3122 1868 ὁ
3151 1816 3344 1886 κριτὴς
3367 1816 3466 1885 τῆς
3485 1814 3704 1885 ἀνθρω-

2113 1913 2274 1984 πίνης
2303 1912 2449 1981 ζωῆς
2485 1909 2768 1980 συναγάγῃ
2822 1907 2921 1979 τὴν
2976 1907 3301 1979 Ἐκκλησίαν
3345 1907 3445 1977 τὴν
3492 1906 3702 1977 πάνδη-

2116 2022 2214 2075 μον
2241 2021 2253 2034 ·
2289 2003 2417 2056 ὅταν
2437 2004 2471 2072 ἡ
2499 1999 2753 2070 σάλπιγξ,
2786 2001 2821 2072 ἡ
2865 1999 2964 2069 τὴν
2994 1998 3086 2052 τοῦ
3120 1998 3380 2068 βασιλέως
3404 1997 3702 2068 ἐπιδημίαν

2113 2096 2474 2166 σημαίνουσα,
2530 2096 2642 2156 τοῖς
2688 2093 2880 2161 τάφοις
2929 2091 3284 2162 σφοδρότερον
3339 2089 3701 2161 ἐμϐοήσασα,

2111 2188 2211 2260 τῆν
2253 2188 2360 2240 τῶν
2413 2187 2679 2256 σωμάτων
2721 2184 3000 2254 ἀπαιτήσῃ
3045 2181 3156 2254 (16)
3203 2181 3697 2252 παρακαταθήκην.

2113 2279 2246 2333 Τότε
2301 2280 2397 2332 καὶ
2439 2279 2491 2331 οἱ
2544 2277 2640 2331 νῦν
2665 2272 2806 2330 εἶναι
2831 2274 3117 2339 δοκοῦντες
3151 2276 3336 2346 νεκροὶ
3365 2273 3556 2327 θᾶττον
3590 2273 3704 2327 τῶν

2113 2371 2331 2436 ζώντων
2371 2371 2811 2442 παραστήσονται
2841 2369 2920 2441 τῷ
2946 2367 3054 2423 τῶν
3083 2367 3220 2422 ὅλων
3245 2365 3581 2438 δημιουργῷ.
3599 2364 3704 2418 Διὰ

2111 2462 2289 2526 τοῦτο,
2343 2458 2516 2532 οἶμαι,
2560 2459 2783 2514 διπλοῦν
2811 2460 2904 2513 τὸν
2943 2460 3100 2514 ἄλλον
3132 2458 3359 2512 πλοῦτον
3393 2458 3702 2529 ἐπιμετρή-

2115 2571 2214 2617 σας
2248 2553 2362 2624 (17)
2382 2553 2552 2623 αὐτῷ,
2575 2555 2691 2616 τοῖς
2716 2553 2903 2606 παισὶν
2925 2551 3212 2624 ἀρκεῖσθαι
3232 2553 3344 2615 τοῖς
3368 2552 3504 2615 ῖσοις
3537 2549 3704 2605 αὑτὸν

2113 2644 2452 2699 ἐδικαίωσεν.
2501 2644 2662 2716 Ὁρᾷς
2683 2643 2856 2697 ὁπόσα
2880 2644 2908 2696 ὁ
2937 2643 3145 2707 δίκαιος
3185 2641 3304 2696 ’1ὼὸ
3327 2643 3398 2696 ἐκ
3424 2642 3526 2710 τῆς
3566 2658 3702 2695 υπο-

2115 2735 2282 2806 μονῆς
2308 2733 2486 2804 ἑαυτῷ
2526 2732 2804 2797 συνέλεξεν
2846 2732 3057 2802 ἀγαοά;
3093 2732 3202 2785 Καὶ
3243 2732 3306 2784 σὺ
3337 2729 3539 2789 τοίνυν,
3570 2731 3624 2782 εἴ
3647 2727 3703 2782 τί

2113 2844 2193 2880 σοι
2219 2826 2594 2898 προσεπέλασε
2645 2825 2907 2898 δυσχερὲς
2952 2825 3060 2878 ἀπὸ
3084 2821 3180 2876 τοῦ
3207 2823 3337 2894 χθὲς
3368 2820 3702 2890 ἀναφθέντος

2113 2919 2284 2990 πυρὸς
2303 2919 2369 2972 ἐκ
2398 2919 2496 2990 τῆς
2527 2918 2634 2972 τῶν
2665 2918 2934 2990 δαιμόνων
2977 2917 3287 2986 ἐπιϐουλῆς,
3319 2914 3478 2968 τοῦτο
3502 2913 3702 2984 καρτέ-

2117 3028 2300 3084 ρησον,
2330 3011 2424 3064 καὶ
2452 3010 2550 3082 τὴν
2573 3012 2638 3064 ὲκ
2657 3011 2750 3064 τοῦ
2785 3010 2990 3075 πάθους
3019 3011 3172 3065 ἀνίαν
3195 3007 3465 3080 κρείττοσι
3505 3004 3700 3060 κατεύ-

2115 3119 2277 3158 νασθν
2306 3103 2586 3174 λογισμοῖς
2605 3119 2618 3133 ο
2658 3103 2753 3157 καὶ
2780 3101 2922 3156 κατὰ
2953 3101 3016 3154 τὸ
3055 3099 3462 3171 γεγραμμένον,
3509 3097 3703 3166 Ἐπίρο

427 3192 618 3262 petitor
657 3193 757 3247 ἐπὶ
785 3195 1013 3263 Κύριον
1037 3195 1152 3265 τὴν
1174 3193 1466 3266 μέριμνάν
1478 3210 1616 3263 σου,
1642 3195 1743 3250 καὶ
1757 3197 1942 3264 αὐτός
1965 3213 2040 3254 σε
2075 3199 2402 3269 διαθρέψει.
2425 3199 2585 3271 Αὐτῷ
2622 3199 2822 3270 πρέπει
2853 3196 3022 3270 (18)ή
3055 3197 3182 3262 δόξα
3213 3197 3294 3261 είς
3323 3197 3449 3258 τοὺς
3495 3192 3702 3256 αἰῶνας

429 3288 549 3344 τῶν
569 3290 803 3346 αἰώνων.
841 3292 1035 3363 Ἀμήν.

428 3397 3657 3430 W

869 3496 963 3551 AD
999 3497 1568 3566 ADOLESCENTES,

433 3587 712 3662 Quomodo
730 3591 932 3660 possint
963 3607 1028 3646 ea:
1053 3593 1325 3663 gentilium
1354 3595 1504 3648 libris
1537 3596 1767 3663 fructum
1801 3611 2004 3664 capere.

506 3683 559 3739 1.
599 3682 837 3739 Invitant
866 3700 953 3740 me
983 3686 1174 3749 multa,
1219 3693 1280 3740 ut
1316 3686 1439 3741 d‘cm
1468 3688 1644 3752 vobis,
1683 3688 2007 3742 adolescen-

439 3788 540 3837 λεδ,
572 3774 864 3830 consilium
910 3774 980 3830 de
1017 3775 1085 3830 iis
1135 3791 1259 3846 qua
1291 3778 1493 3846 optima
1522 3777 1738 3847 judico,
1781 3793 2011 3847 quaque

430 3866 592 3922 vobis
637 3882 843 3923 morem
887 3869 1126 3938 gesturis
1169 3867 1460 3938 profutura
1513 3882 1638 3923 esse
1675 3869 2006 3923 existimavi.

433 3952 570 4014 Cum
599 3960 744 4015 enim
777 3961 830 4014 id
855 3961 1033 4016 atatis
1063 3961 1190 4026 sim,
1219 3961 1524 4032 fuerimque
1545 3964 1657 4033 jam
1677 3963 2010 4018 exercitatus

433 4049 625 4106 multis
665 4051 856 4114 rebus,
885 4059 940 4107 et
971 4055 1324 4106 mutationem
1356 4054 1525 4121 illam,
1557 4067 1665 4123 qua
1698 4055 1884 4108 omnia
1912 4053 2010 4108 do-

432 4150 655 4203 centur,
703 4142 838 4197 satis
882 4158 1155 4214 superque
1205 4144 1260 4198 in
1314 4153 1600 4214 utramque
1641 4153 1852 4214 partem
1904 4144 2006 4199 sim

433 4239 714 4302 expertus,
745 4233 872 4288 hinc
903 4233 1079 4291 factus
1113 4252 1234 4290 sum
1269 4251 1449 4291 rerum
1478 4236 1842 4290 humanarum
1872 4235 2011 4306 peri-

429 4331 545 4384 :us,
583 4324 666 4378 sic
705 4331 766 4378 ut
794 4325 962 4383 vitam
1010 4342 1202 4382 recens
1234 4328 1648 4383 instituentibus
1677 4327 1833 4398 quasi
1865 4327 2008 4383 viam

433 4414 768 4470 tutissimam
797 4417 1086 4473 ostendere
1109 4419 1338 4488 possim.
1367 4419 1639 4475 Praterea
1669 4419 1858 4475 statim
1885 4427 2011 4488 post

435 4514 696 4577 parentes
723 4509 1129 4568 necessitudine
1153 4522 1363 4567 natura
1386 4521 1439 4568 et
1477 4513 1888 4584 pr0pinquitate
1914 4528 2010 4568 vo-

433 4599 524 4654 bis
557 4599 630 4652 ita
659 4601 990 4670 conjunctus
1025 4618 1168 4665 sum,
1203 4615 1262 4660 .ut
1296 4620 1398 4676 ego
1433 4621 1543 4659 non
1568 4605 1769 4660 minori
1797 4621 1897 4661 vos
1923 4605 2013 4661 be-

433 4689 748 4745 nevolentia
791 4706 1134 4762 prosequar,
1193 4708 1357 4764 quam
1405 4695 1575 4750 vestri
1635 4702 1816 4763 patres
1865 4713 1877 4748 :
1916 4709 2012 4749 vos

2037 3506 2084 3568 C

2482 3497 2664 3551 ΠΡυΣ
2706 3495 2886 3548 rora
2914 3493 3154 3560 ,ΝΕυΥΣ
3193 3491 3330 3562 (19),

2147 3593 2336 3658 Ὅπως
2370 3590 2448 3645 ἂν
2478 3589 2547 3656 ἐξ
2591 3585 2963 3656 Ἑλληνικῶν
2987 3584 3314 3655 ὠφελοῖτοτο
3341 3585 3542 3652 λόγων
3574 3582 3661 3653 (³).

2182 3687 2232 3738 1.
2262 3684 2442 3739 Πολλά
2473 3701 2540 3752 με
2573 3681 2644 3735 τὰ
2676 3679 3099 3751 παρακαλοῦντά
3143 3681 3261 3731 ἐστι
3293 3676 3697 3748 ξυμϐουλεῦσαι

2111 3779 2259 3848 ὑμῖν,
2295 3771 2339 3830 ὦ
2368 3775 2577 3839 παῖδες,
2603 3774 2638 3828 ἂ
2671 3773 2917 3844 βέλτιστα
2943 3769 3082 3825 εἶναι
3113 3771 3301 3843 κρίνω,
3337 3771 3429 3824 καὶ
3452 3770 3487 3823 ἆ
3521 3768 3701 3836 ξυνοί-

2112 3887 2226 3924 σειν
2254 3871 2382 3941 ὑμῖν
2433 3869 2708 3940 ἑλομένοις
2769 3868 3128 3920 πεπίστευκα.
3159 3865 3233 3918 Τό
3268 3882 3326 3918 τε
3354 3865 3463 3934 γὰρ
3487 3862 3706 3934 ἡλικίας

2109 3962 2285 4025 οὕτως
2332 3959 2500 4031 ἔχειν,
2549 3960 2644 4014 καὶ
2694 3959 2755 4013 τὺ
2801 3959 2888 4012 διὰ
2939 3957 3149 4011 πολλῶν
3181 3956 3282 4028 ἤδη
3318 3953 3701 4026 γεγυμνάσθαι

2111 4053 2473 4126 πραγμάτων,
2499 4052 2594 4106 καὶ
2625 4049 2730 4122 μὴν
2761 4051 2855 4104 καὶ
2887 4051 2948 4102 τὸ
2987 4048 3086 4118 τῆς
3122 4047 3301 4100 πάντα
3341 4045 3706 4114 παιδευούσης

2109 4147 2196 4197 ἐπ’
2227 4145 2395 4215 ἄμφω
2433 4141 2732 4214 μεταϐολῆς
2766 4141 2966 4204 ἱκανῶς
3001 4143 3309 4212 μετασχεῖν,
3335 4137 3597 4210 ἔμπειρόν
3633 4152 3705 4207 με

2111 4233 2252 4293 εἶναι
2302 4238 2411 4292 τῶν
2457 4237 2812 4310 ἀνθρωπίνων
2858 4235 3177 4306 πεποίηκεν,
3213 4232 3353 4286 ῶστε
3406 4235 3519 4295 τοῖς
3573 4230 3702 4299 ἄρτι

2110 4329 2530 4400 καθισταμένοις
2578 4328 2669 4382 τὸν
2713 4327 2826 4397 βίον
2856 4325 2999 4398 ἔχειν
3023 4325 3209 4396 ὥσπερ
3241 4323 3362 4378 ὁδοῦ
3389 4322 3490 4391 τὴν.
3524 4319 3704 4387 ἀσφα-

2110 4421 2378 4492 λεστάτην
2425 4419 2827 4474 ὑποδεικνύναι.
2859 4419 2938 4489 Τῇ
2977 4435 3037 4470 τε
3058 4415 3210 4488 παρὰ
3241 4416 3339 4483 τῆς
3378 4410 3592 4482 φύσεως
3617 4410 3701 4462 οξ,-

2111 4515 2351 4584 κειότητι
2378 4513 2542 4576 εὐθὺς
2571 4512 2710 4584 μετὰ
2734 4513 2860 4574 τοὺς
2883 4509 3077 4580 γονέας
3101 4510 3229 4580 ὑμῖν
3251 4505 3528 4576 τυγχάνω,
3557 4502 3701 4556 ὥστε

2114 4607 2249 4677 μήτε
2279 4606 2441 4670 αὐτὸς
2475 4604 2588 4675 (21))
2619 4605 2841 4658 ἔλαττόν
2883 4622 2936 4658 τι
2969 4603 3219 4674 πατέρων
3264 4598 3476 4660 εὐνοίας
3513 4595 3702 4664 νέμειν

2113 4699 2259 4768 ὑμῖν,
2295 4699 2440 4768 ὑμᾶς
2465 4715 2526 4750 τε
2545 4697 2656 4768 (2|)
2676 4696 2902 4767 νομίζω,
2924 4698 2972 4749 εἰ
3001 4698 3075 4767 μή
3093 4712 3144 4747 τι
3167 4692 3321 4764 ὑμῶν
3346 4688 3704 4760 διαμαρτάνω

433 4798 588 4850 vero,
626 4783 734 4840 nisi
769 4785 909 4840 forte
939 4801 1059 4842 mea
1087 4785 1155 4841 de
1189 4786 1344 4842 vobis
1386 4786 1720 4842 existimatio
1751 4799 1836 4841 me
1867 4785 2008 4841 deci-

2117 4789 2210 4859 τῆς
2247 4788 2491 4860 γνώμης,
2523 4789 2596 4860 μὴ
2618 4788 2804 4844 ποθεῖν
2839 4789 2967 4853 τοὺς
3003 4787 3280 4848 τεκόντας.
3298 4783 3433 4855 πρὸς
3459 4782 3556 4852 ἐμὲ
3576 4779 3700 4850 βλέ-

505 4921 528 4952 ³
565 4919 711 4979 Psal.
746 4937 853 4990 ιιν,
887 4922 976 4978 25.

469 5107 482 5119 .
508 5037 620 5107 (13)
645 5037 816 5120 111υώ
857 5039 934 5109 τῷ
975 5040 1248 5120 καλλίστῳ
1299 5042 1470 5120 μέρει-
1495 5042 1599 5112 τῆς
1643 5041 1880 5109 φύσεως,
1915 5041 2011 5120 ita,

435 5113 484 5163 si
519 5113 714 5182 mavis.
743 5113 1091 5181 interpretari
1142 5123 1318 5182 potes,
1363 5114 1560 5178 optima
1591 5122 1803 5166 natura
1840 5115 2009 5179 par‘te.

511 5178 624 5246 (16)
659 5178 904 5254 Υςιετεε
925 5178 1156 5254 aliquot-
1179 5185 1304 5236 libri
1339 5185 1642 5254 ἀπαιτήσῃ.
1675 5178 2014 5254 Εᾱὶιίξὰπαι-

435 5249 614 5320 τήσει.
686 5249 1079 5308 Mox-codices
1128 5254 1377 5308 nonnulli
1424 5249 1621 5307 καὶόῗ
1653 5253 1769 5308 νῦν.
1820 5253 2014 5307 Deerat

437 5321 706 5395 articolus
745 5323 802 5376 in
827 5323 1087 5395 vulgatis.
1127 5324 1372 5380 Subinde
1408 5325 1520 5379 duo
1563 5339 1699 5378 mss.
1750 5325 2013 5395 περιστή-

437 5406 622 5466 covini;
871 5390 1226 5466 δημιουργόν,
1269 5395 1693 5449 circumstabant
1746 5390 2010 5465 opiﬁcem.

508 5458 555 5538 (1
569 5461 624 5538 7)
853 5458 1060 5538 primus
1078 5458 1431 5538 ἒπιμερίσας.

508 5532 620 5602 (18)
639 5531 730 5587 Sic
747 5532 875 5588 libri
897 5543 1130 5591 veteres.
1154 5531 1270 5592 Voi
1292 5538 1493 5609 πρέπει
1509 5539 1665 5594 deest
1681 5539 1734 5592 in
1755 5535 2012 5608 vulgatis.

2190 5041 2302 5110 (19)
2339 5040 2471 5111 Reg.
2509 5043 2724 5112 primus
2749 5049 2804 5095 et
2827 5041 3024 5094 tertius
3055 5037 3242 5112 ὁμιλία
3278 5037 3358 5097 εἰς
3390 5031 3700 5112 τούςηιίςιο.

2120 5101 2224 5166 Sed
2279 5101 2478 5167 nomEn
2511 5101 2748 5166 humilia
2799 5112 2929 5165 huic
2971 5101 3156 5164 libello
3193 5101 3700 5179 convenire_nullo_

2119 5184 2281 5238 modo
2321 5198 2502 5252 posse,
2539 5199 2629 5237 res
2679 5184 2797 5253 ipsa
2831 5179 3268 5253 loquitur._l_ieg.
3296 5173 3579 5253 secundus
3603 5173 3704 5251 τοῦ

2118 5253 2281 5306 αὑτοῦ
2312 5249 2392 5316 εἰς
2418 5255 2543 5315 τοὺς
2589 5249 2763 5316 νέους,
2806 5249 2974 5315 ὅπως.
3019 5249 3199 5305 Editio
3241 5257 3472 5315 utraque
3529 5249 3588 5297 ut
3643 5249 3705 5295 in

2117 5331 2399 5395 contextu.
2436 5322 2572 5378 Vide
2594 5323 2851 5395 Ducaum
2885 5324 2938 5376 in
2960 5320 3392 5395 hunciibe‘llum.
3430 5385 3442 5395 .
3471 5335 3474 5338 η
3636 5379 3672 5395 μ

2124 5464 2140 5518 1
2195 5394 2313 5483 $20.)
2339 5392 2587 5517 thraque
2614 5393 2787 5450 editio
2820 5395 2957 5466 μήτε
2987 5390 3174 5448 αὑτὸν.
3217 5385 3445 5456 Antiqui
3497 5397 3593 5440 sex
3634 5379 3709 5435 ii-

2145 5480 2206 5518 )l‘l
2234 5483 2336 5518 αυτ
2370 5482 2418 5518 ς.

2145 5467 2206 5518 )ι“ἰ
2234 5467 2418 5526 αὑτός.

2201 5535 2314 5605 (21)
2343 5535 2500 5606 Vulg.
2532 5534 2610 5588 δέ.
2639 5535 2797 5590 Eon.

501 5667 564 5735 (ἶ)
607 5667 853 5735 Elimiam
872 5671 999 5722 hanc
1037 5675 1334 5732 orationem,
1373 5677 1432 5726 ad
1456 5690 1572 5726 mss.
1622 5676 1672 5726 in
1704 5675 2012 5725 Bibliotheca
2053 5675 2207 5735 Regia
2234 5679 2512 5723 asservatos
2539 5664 2767 5723 collatam
2791 5671 3015 5730 Parisiis,
3047 5683 3176 5722 anno
3204 5669 3346 5729 1819,
3369 5659 3706 5735 in—8°,_edidit

436 5730 486 5781 (ἶ.
519 5732 581 5802 Αι
637 5731 694 5780 F.
723 5732 978 5802 Fremion,
1011 5736 1060 5783 in
1106 5730 1389 5802 Facultateﬂ
1411 5737 1684 5802 Parisieusi
1710 5739 2051 5787 humaniorum
2098 5730 2376 5802 litterarum
2399 5736 2670 5802 professor.
2696 5735 2820 5802 Ejus
2842 5736 3129 5802 editionem
3135 5734 3184 5782 in
3205 5732 3499 5783 recensione
3528 5731 3706 5774 textus

431 5795 723 5858 sequimur;
761 5796 980 5846 codicum
1008 5809 1126 5847 vero
1154 5798 1213 5847 ab
1237 5813 1296 5849 eo
1318 5801 1649 5851 adhibitorum
1677 5803 1898 5850 notitiam
1921 5808 1972 5849 et
1996 5803 2153 5849 varias
2178 5795 2421 5849 lectiones
2444 5798 2564 5848 infra
2594 5795 2902 5847 exhibemus.
2930 5797 3063 5846 Emr.
3094 5796 3246 5845 Pun.
