3982 6240
309 299 416 355 365

1265 301 1500 356 SERMO
1541 300 1626 354 DE
1661 301 1999 357 LEGENDIS
2036 298 2261 358 LIBRIS
2298 299 2676 357 GENTILIUM

3475 303 3582 360 566

319 433 530 476 κοντας.
566 417 631 468 Εἰ
664 418 765 487 μὲν
788 435 884 472 ουν
914 419 1211 490 προθύμως
1235 417 1475 489 δέχοισθε
1512 420 1580 472 τά
1609 419 1894 489 λεγόμενα,

2003 421 2133 491 piat,
2172 420 2427 486 arbitror,
2464 419 2510 476 si
2562 434 2648 474 me
2698 418 2977 488 respicitis
3005 457 3018 482 ,
3065 427 3318 489 parentes
3358 422 3581 478 minimo

319 511 408 579 τῆς
431 509 688 580 δευτέρας
707 510 819 564 τῶν
843 513 1249 582 ἐπαινουμένων
1280 511 1466 564 ἔσεσθε
1501 511 1631 581 παρ’
1675 511 1901 584 Ἡσιόδῳ

317 598 515 664 τάξεως
537 615 552 628 ⁶
580 602 630 654 εί
661 601 719 654 δὲ
745 603 843 674 μὴ,
864 603 1092 674 ἐγὼμὲν
1113 604 1262 657 οὐδὲν
1289 603 1354 656 ἂν
1380 605 1589 674 εἴποιμι
1618 604 1898 674 δυσχερὲς,

318 692 466 744 αὐτοὶ
493 691 548 744 δὲ
581 691 863 763 μέμνησθε
891 695 1002 746 τῶν
1025 695 1170 747 ἐπῶν
1199 695 1459 767 δηλονότι,
1495 696 1553 748 ὲν
1590 692 1669 758 οἷς
1698 697 1901 759 ἐκεῖνός

317 798 448 852 φησι
461 783 539 845 (21
554 783 612 852 ⁶)·
633 785 893 854 Ἀριστον
918 784 1016 854 μὲν
1029 781 1164 839 εἶναι
1180 784 1267 838 τόν
1281 785 1614 856 παρ’ὲαυτοῦ
1634 785 1901 840 τάδέοντα

317 873 653 945 ξυνορῶντα·
688 876 878 929 ἐσθλὸν
902 877 960 928 δὲ
995 878 1242 931 κάκεῖνον
1278 879 1368 931 τὸν
1393 882 1503 942 τοῖς
1529 879 1657 949 παρ’
1697 880 1898 950 ἐτέρων

315 967 706 1036 ὑποδειχθεῖσιν
763 970 1026 1040 ἑπόμενον
1047 987 1061 1000 ·
1095 971 1184 1023 τὸν
1209 969 1270 1023 δὲ
1303 971 1438 1042 πρὸς
1473 971 1751 1041 οὐδέτερον
1781 973 1899 1024 ἑπι-

315 1058 540 1128 τὴδειον,
576 1061 795 1132 ἀχρεῖον
821 1058 964 1116 εἶναι
988 1063 1122 1139 πρὸς
1149 1063 1384 1116 ἃπαντα.

2005 512 2435 567 desideraturos.
2486 509 2648 582 175
2678 512 2888 580 Itaque,
2917 511 3182 566 si-animo
3209 513 3375 567 alacri
3413 516 3578 569 verba

2008 618 2145 658 mea-
2170 604 2521 674 exceperitis,
2555 604 2836 657 inter‘eos
2855 604 2947 672 qui
2979 601 3047 657 ab
3088 601 3322 658 Hesiodo
3349 605 3580 660 laudan-

2009 701 2120 757 tur,
2169 693 2472 746 secundum
2521 693 2700 746 locum
2742 693 3060 747 obtinebitis
3093 693 3215 748 :sin
3266 693 3469 756 minus,
3518 703 3579 749 ut

2007 801 2108 857 ego
2141 785 2274 839 nihil
2315 785 2529 839 molesti
2556 785 2757 842 dicam.
2791 785 2862 838 ita
2897 800 2994 839 vos
3024 786 3330 839 carminum
3358 785 3576 840 illorum

2005 878 2466 940 reminiscamini,
2496 876 2551 929 in
2575 877 2776 946 quibus
2800 876 2873 930 ait
2896 877 2984 930 ille
3015 895 3027 930 :
3053 875 3330 946 Optimum
3358 877 3577 948 quidem

2005 986 2127 1025 esse
2155 986 2278 1025 eum
2314 969 2409 1038 qui
2441 984 2520 1023 ex-
2550 970 2728 1038 seipso
2773 985 2836 1022 ea
2886 984 3006 1037 quae
3043 968 3259 1023 decent-
3284 969 3574 1038 perspicit;

2008 1062 2208 1116 bonum
2237 1077 2366 1116 vero
2417 1077 2542 1116 eum
2571 1061 2662 1130 qui
2706 1061 3083 1116 demonstrata
3111 1061 3177 1115 ab
3215 1061 3354 1116 aliis-
3391 1059 3577 1130 sequi-

314 1155 433 1213 tur;
467 1165 590 1203 eum
621 1152 860 1220 denique
887 1154 978 1223 qui
1016 1153 1082 1207 ad
1128 1162 1380 1206 neutrum
1416 1151 1644 1206 idoneus
1685 1158 1790 1216 est,
1821 1151 1888 1206 ad
1926 1154 2109 1207 omnia
2147 1152 2395 1206 inutilem
2420 1166 2564 1206 esse.

381 1242 436 1294 ἓ.
462 1243 553 1311 Μὴ
580 1241 894 1315 θαυμάζετε
927 1244 1005 1311 δὲ,
1045 1244 1093 1295 εἰ
1143 1243 1235 1295 καὶ
1270 1242 1392 1295 καθ’
1424 1241 1660 1311 ἑκάστην
1685 1243 1898 1314 ἡμέραν

311 1335 391 1394 είς
433 1333 796 1398 διδασκάλους
832 1335 1076 1402 φοιτῶσι,
1135 1335 1228 1387 καὶ
1286 1337 1398 1397 τοῖς
1450 1334 1754 1406 ἐλλογίμοις
1792 1335 1900 1388 τῶν

311 1426 562 1479 παλαιῶν
606 1427 841 1497 ἀνδρῶν,
877 1426 943 1478 δι’
979 1422 1052 1478 ὧν
1098 1427 1516 1480 καταλελοίπασι
1547 1427 1740 1496 λόγων,
1773 1444 1901 1496 συγ-

309 1515 621 1585 γινομὲνοις
676 1517 826 1586 ὑμῖν,
889 1517 1050 1579 αὑτός
1101 1535 1152 1569 τι
1197 1520 1326 1589 παρ’
1363 1519 1601 1588 ἐμαυτοῦ
1631 1519 1902 1573 λυσιτελέ-

310 1625 506 1678 στερον
552 1607 906 1679 ἐξευρηκέναι
957 1609 1117 1679 φημί.
1163 1609 1332 1661 Τοῦτο
1368 1610 1466 1680 μὲν
1506 1607 1610 1664 οὖν·
1637 1611 1769 1664 αὐτὸ
1807 1613 1900 1666 καὶ

2070 1243 2125 1295 9..
2166 1241 2355 1311 Neque
2405 1256 2536 1296 vero
2579 1240 2876 1306 miremini,
2926 1242 2973 1296 si
3019 1241 3184 1297 vobis
3215 1241 3479 1311 quotidie-
3507 1243 3576 1297 ad

2004 1341 2367 1403 praeceptores
2398 1332 2677 1400 euntibus,
2714 1342 2768 1387 et
2799 1348 2924 1386 cum
2972 1334 3251 1388 veteribus
3281 1334 3436 1397 viris,
3479 1335 3577 1390 iis-

2001 1442 2108 1495 que
2152 1425 2623 1496 praestantissimis
2660 1424 3170 1489 consuescentibus,
3223 1441 3319 1495 per
3359 1442 3422 1482 ea
3455 1442 3578 1497 qua:

2001 1519 2338 1588 reliquerunt
2377 1517 2602 1588 scripta,
2651 1516 2829 1571 dicam
2874 1533 2960 1572 me
2995 1533 3059 1572 ex
3101 1534 3188 1572 me
3222 1519 3341 1588 ipso
3369 1520 3576 1574 condu-

2001 1612 2220 1665 cibilius
2247 1610 2506 1680 quiddam
2535 1595 2910 1665 ladinvenisse.
2945 1611 3160 1665 Accedo
3185 1612 3371 1681 igitur,
3405 1612 3459 1667 id
3480 1627 3586 1667 νου--

310 1699 732 1768 ξυμϐουλεύσων
764 1700 905 1769 ἥκω,
931 1700 990 1751 τὸ
1020 1700 1092 1768 μὴ
1128 1699 1236 1751 δεῖν
1267 1703 1347 1762 εἰς
1371 1699 1516 1765 ἅπαξ
1534 1705 1652 1765 τοῖς
1671 1703 1894 1775 ἀνδράσι

2002 1701 2086 1756 bis
2126 1702 2342 1756 consilii
2378 1702 2628 1767 daturus,
2673 1706 2732 1755 ut
2760 1716 2828 1755 ne
2872 1703 3038 1757 semel
3083 1704 3250 1758 vestri
3278 1704 3446 1758 animi
3475 1721 3574 1775 gub

309 1791 542 1854 τούτοις,
568 1790 756 1862 ὥσπερ
782 1792 966 1844 πλοίου
998 1793 1066 1845 τὰ
1096 1793 1325 1862 πηδάλια
1349 1795 1446 1864 τῆς
1471 1795 1706 1858 διανοίας
1745 1797 1898 1866 ὑμῶν

312 1884 674 1954 παραδόντας,
702 1880 845 1956 ᾗπερ
873 1884 935 1937 ἂν
965 1885 1157 1952 ἄγωσι,
1191 1885 1360 1956 ταύτῃ
1398 1888 1720 1941 συνέπεσθαι
1742 1905 1754 1917 ·
1783 1888 1900 1941 ἀλλ’

310 1963 436 2029 ὅσον
471 1978 590 2030 ἐστὶ
615 1979 885 2048 χρήσιμον
908 1978 1087 2030 αὐτῶν
1108 1979 1447 2048 δεχομένους,
1481 1981 1677 2034 εἰδέναι
1705 1982 1756 2034 τί
1793 1982 1897 2053 χρὴ

308 2072 402 2123 καὶ
456 2071 724 2141 παριδεῖν.
779 2072 914 2124 Τίνα
953 2068 1046 2126 οὖν
1093 2075 1207 2126 ἐστι
1253 2074 1446 2137 ταῦτα,
1481 2075 1573 2126 καὶ
1599 2077 1748 2138 ὅπως
1784 2075 1899 2128 διαι-

310 2161 628 2231 κρινοῦμεν,
658 2162 816 2214 τοῦτο
845 2163 910 2232 δὴ
944 2164 1038 2215 καὶ
1068 2163 1259 2229 διδάξω
1289 2163 1440 2216 ἐνθεν
1473 2163 1626 2216 ἑλών.
1687 2166 1895 2235 Ἡμεῖς,

306 2246 352 2302 ὦ
406 2252 622 2314 παῖδες,
653 2253 806 2306 οὐδὲν
835 2248 974 2308 εἶναι
1009 2257 1193 2325 χρῆμα
1223 2255 1532 2310 παντάπασι
1563 2258 1652 2310 τὸν
1685 2256 1896 2329 ἀνθρώ-

309 2362 464 2397 πινον
525 2345 642 2414 βίον
703 2345 894 2398 τοῦτον
935 2346 1407 2419 ὑπολαμὸάνομεν,
1440 2347 1551 2401 οὔτ’
1594 2349 1800 2417 ἀγαθόν
1843 2367 1895 2402 τι

306 2437 604 2508 νομίζομεν
645 2438 803 2502 ἃλως,
853 2438 964 2492 οὔτ’
1011 2440 1365 2510 ὀνομάζομεν,
1403 2441 1431 2494 ὃ
1462 2442 1562 2512 τὴν
1590 2442 1896 2498 συντέλειαν

305 2534 439 2599 ἡμῖν
484 2532 615 2602 ἄχρι
647 2532 840 2584 τούτου
870 2534 1188 2604 παρέχεται.
1218 2532 1425 2586 Οὓκουν
1474 2535 1752 2605 προγόνων
1782 2535 1892 2606 (22)

303 2622 688 2691 περιφάνειαν,
719 2623 818 2673 οὐκ
871 2623 1022 2691 ἰσχὺν
1058 2621 1419 2692 σώματος,οὐ
1455 2623 1666 2688 κάλλος,
1697 2625 1754 2676 οὺ
1797 2624 1892 2694 μέν

304 2712 484 2778 γεθος,
511 2715 575 2766 οὐ
603 2713 701 2775 τὰς
727 2715 876 2783 παρὰ
904 2715 1121 2767 πάντων
1153 2713 1457 2784 ἀνθρώπων
1487 2716 1674 2785 τιμὰς,
1709 2716 1768 2767 οὐ
1799 2715 1894 2784 βα-

304 2805 724 2876 σιλεὼναύτὴν,
755 2807 853 2875 οὐχ
885 2808 913 2858 ὃ
941 2825 994 2859 τι
1023 2808 1086 2860 ἂν
1113 2807 1256 2860 εἴποι
1279 2825 1362 2872 τις
1383 2807 1490 2860 τῶν
1513 2808 1890 2879 ἀνθρωπίνων,

305 2895 470 2964 μέγα,
498 2896 615 2948 ἀλλ’
640 2897 762 2950 οὐδὲ
790 2899 953 2967 εὐχῆς
989 2897 1135 2964 ἄξιον
1158 2900 1437 2970 κρίνομεν,
1470 2899 1503 2970 ἢ
1525 2900 1652 2962 τοὺς
1673 2900 1894 2970 ἔχοντας

302 2987 724 3059 ἀποϐλέπομεν
779 2989 893 3043 ἀλλ’
942 2991 1032 3045 ἐπὶ
1099 2993 1432 3063 μακρότερον
1494 2995 1726 3063 πρόῖμεν
1771 2996 1891 3056 ταῖς

303 3080 508 3143 ἐλπίσι,
531 3082 627 3133 καὶ
651 3081 787 3152 πρὸς
819 3081 1006 3153 ἐτέρου
1025 3081 1140 3152 βίου
1166 3084 1518 3155 παρασκευὴν
1543 3085 1656 3154 (25)
1680 3085 1892 3139 ἅπαντα

302 3172 642 3242 πράττομεν.
711 3177 776 3225 Ἃ
837 3175 935 3244 μὲν
987 3171 1077 3227 οὖν
1136 3174 1202 3230 ἂν
1267 3176 1491 3246 συντελῇ
1532 3177 1665 3248 πρὸς
1706 3177 1896 3230 τοῦτον

302 3267 458 3334 ἡμῖν,
513 3268 738 3337 ἀγαπᾷν
777 3283 835 3318 τε
889 3267 984 3318 καὶ
1026 3267 1242 3320 διώκειν
1287 3271 1450 3321 παντὶ
1490 3269 1666 3321 σθένει
1697 3269 1893 3340 χρῆναί

303 3374 485 3427 φαμεν
503 3375 515 3387 ·
544 3357 613 3410 τά
637 3358 695 3410 δὲ
728 3359 826 3410 οὐκ
862 3357 1220 3428 ἐξικνούμενα
1251 3358 1386 3430 πρὸς
1413 3361 1617 3412 ἐκεῖνον
1643 3399 1657 3423 ,
1701 3359 1776 3423 ὡς
1801 3359 1894 3412 οὑ-

302 3449 452 3512 δενὺς
476 3447 605 3513 άξια
634 3452 900 3520 παρορᾷν.
927 3450 1022 3514 Τίς
1064 3450 1127 3520 δὴ
1151 3447 1242 3504 οὖν
1263 3447 1416 3514 οὗτος
1441 3453 1470 3503 ὁ
1499 3452 1630 3522 βίος,
1663 3453 1755 3505 καὶ
1788 3453 1894 3521 ὅπη

304 3541 397 3592 καὶ
442 3541 594 3603 ὅπως
645 3542 808 3593 αὑτὸν
841 3541 1171 3611 βιωσόμεθα,
1203 3543 1542 3612 μακρότερον
1573 3543 1670 3611 μὲν
1697 3541 1729 3611 ἦ
1755 3541 1897 3596 κατὰ

305 3633 400 3702 τὴν
431 3631 718 3703 παροῦσαν
749 3633 922 3704 ὁρμὴν
977 3636 1280 3702 ἐφικέσθαι,
1319 3634 1580 3705 μειζόνων
1613 3635 1668 3687 δὲ
1709 3635 1740 3706 ἢ
1774 3633 1895 3687 καθ’

307 3726 451 3794 ὑμᾶς
495 3727 782 3796 ἀκροατῶν
833 3725 1082 3780 ἀκοῦσαι.
1133 3725 1400 3780 Τοσοῦτόν
1436 3745 1499 3795 γε
1549 3727 1656 3797 μὴν
1703 3725 1893 3788 εἰπὼν,

311 3816 509 3880 ἱκανῶς
560 3817 628 3870 ἂν
689 3818 818 3880 ἴσως
849 3818 978 3888 ὑμῖν
1009 3816 1373 3890 ἐνδειξαίμην,
1413 3821 1492 3872 ὅτι
1545 3821 1726 3872 πᾶσαν
1757 3818 1895 3890 ὁμοῦ

305 3907 423 3977 τὴν,
449 3909 543 3977 ἀφ’
556 3899 618 3959 οὗ
644 3909 932 3976 γεγόνασιν
951 3909 1047 3966 ἄνθ
1055 3927 1247 3981 ρωποι,
1266 3910 1344 3979 τῷ
1367 3911 1507 3982 λόγῳ
1521 3929 1603 3973 τις
1618 3911 1896 3964 συλλαϐὼν

308 3997 398 4050 καὶ
431 3998 513 4061 εἰς
534 3996 594 4050 ἓν
622 3997 688 4050 άθ
700 3998 882 4068 ροίσας
903 3998 1268 4068 εὐδαιμονίαν,
1292 4001 1411 4053 οὐδὲ
1436 4001 1712 4072 πολλοστῷ
1741 4002 1894 4074 μέρει

310 4090 415 4142 τῶν
432 4089 546 4159 (24)
564 4088 788 4157 ἀγαθῶν
813 4090 1034 4142 ἐκείνων
1060 4090 1278 4160 εὑρήσει
1301 4108 1530 4160 παρισου
1539 4091 1720 4162 μένην,
1761 4092 1897 4146 ἀλλὰ

313 4179 490 4233 πλεῖον
518 4179 615 4233 τοῦ
664 4181 719 4231 ἐν
761 4178 988 4242 ἐκείνοις
1022 4180 1304 4250 ἐλαχίστου
1339 4180 1407 4232 τά
1456 4180 1744 4250 σύμπαντα
1788 4179 1896 4232 τῶν

311 4268 432 4339 τῇδε
461 4269 647 4322 καλῶν
673 4269 816 4323 κατὰ
835 4268 933 4339 τὴν
973 4270 1128 4335 ἀξίαν
1159 4270 1582 4340 ἁφεστηκότα,ἣ
1616 4270 1736 4322 καθ’
1771 4271 1894 4323 ὅσον

317 4361 439 4415 σκιά
476 4362 572 4414 κα)⁸
598 4361 734 4432 ὄναρ
766 4361 876 4414 τῶν
908 4361 1118 4431 άληθῶν
1168 4361 1539 4416 ἀπολείπεται.
1574 4361 1788 4414 Μᾶλλον
1813 4361 1890 4422 δὲ,

315 4454 376 4504 ἶν’
417 4451 733 4522 οίκειοτέρῳ
767 4454 1056 4524 χρήσωμαι
1102 4453 1535 4523 παραδείγματι,
1595 4451 1892 4522 ὅσῳ-ψυχὴ

312 4548 419 4609 τοῖς
445 4545 895 4615 πᾶσιτιμιωτέρα
919 4543 1190 4615 σώματος,
1221 4545 1460 4615 τοσούτῳ
1490 4544 1585 4597 καὶ
1609 4543 1719 4596 τῶν
1761 4543 1891 4613 βίων

313 4637 586 4708 ἑκατέρων
613 4637 730 4689 ἐστὶ
759 4638 820 4690 τό
855 4638 1130 4709 διάφορον.
1155 4639 1246 4702 Et;
1269 4637 1332 4708 δὴ
1362 4635 1548 4691 τοῦτον
1581 4635 1772 4705 ἄγουσι
1794 4636 1894 4706 μὲν

313 4733 443 4801 ἱεροὶ
472 4731 645 4799 λόγοι,
675 4731 742 4784 δι’
768 4731 1093 4802 ἀπορρήτων
1127 4730 1236 4800 (25)
1255 4731 1404 4800 ἡμᾶς
1447 4728 1890 4790 ὲκπαιδεύοντες·

314 4823 411 4886 ἕως
431 4840 494 4891 γε
522 4823 629 4894 μὴν
655 4823 762 4875 ὑπὸ
783 4823 884 4892 τῆς
907 4823 1122 4894 ἡλικίας
1149 4823 1437 4876 ἐπακούειν
1461 4822 1554 4875 τοῦ
1577 4821 1773 4892 βάθους
1795 4821 1894 4890 τῆς

312 4915 546 4980 διανοίας
593 4916 776 4970 αὐτῶν
818 4916 916 4985 οὐχ
960 4911 1069 4968 οἶόν
1127 4933 1207 4979 τε,
1241 4917 1297 4968 ἐν
1355 4916 1561 4984 ἑτέροις
1604 4915 1664 4966 οὐ
1716 4912 1892 4983 πάντη

313 5007 671 5078 διεστηκόσιν,
708 5006 899 5077 ὥσπερ
947 5009 1006 5060 ὲν
1055 5009 1232 5070 σκιαῖς
1262 5024 1371 5059 τισι
1421 5007 1512 5059 καὶ
1547 5006 1888 5074 κατόπτροις,

315 5096 388 5165 τῷ
420 5098 523 5166 τῆς
571 5097 754 5167 ψυχῆς
782 5098 992 5168 ὄμματι
1037 5098 1172 5160 τέως
1221 5095 1738 5168 προγυμναζόμεθα,
1767 5094 1891 5157 τοὺς

315 5189 368 5241 ὲν
382 5194 490 5254 τοῖς
509 5193 784 5255 τακτικοῖς
799 5189 898 5253 τὰς
915 5189 1150 5261 ,μελέτας
1173 5190 1521 5260 ποιουμένους
1545 5187 1888 5259 μιμούμενοι·

384 5321 733 5394 (21’)7ΫἘργ.
769 5324 870 5394 καὶ
900 5324 1029 5393 λήμη
1062 5341 1112 5378 v.
1139 5323 1391 5394 291-295.

385 5392 675 5464 (2‘2)'Editi
698 5393 895 5447 οὐκοῦν
924 5392 1224 5465 προγόνων.
1263 5393 1417 5449 Unus
1456 5410 1485 5448 e
1523 5392 1884 5465 (Zombeﬁsia-

321 5462 400 5516 nis
428 5462 623 5519 οὔκουν
645 5465 958 5535 προγόνων,
971 5462 1096 5520 Nec
1126 5465 1198 5520 ita
1243 5468 1413 5520 multo
1443 5471 1564 5534 post
1594 5464 1747 5519 Colb.
1782 5475 1892 5519 ter-

321 5535 420 5588 tius
446 5535 593 5602 ἄξιον
615 5529 780 5589 εἶναι,

387 5603 494 5672 (‘23)
529 5605 682 5659 Unus
716 5605 854 5674 Reg.
907 5603 1019 5674 βίου
1056 5607 1418 5674 κατασκευήν.
1466 5603 1584 5659 Mox
1619 5621 1758 5674 unus
1783 5620 1884 5659 ms.

326 5647 574 5750 τυντε-λεῖ.
610 5647 1027 5750 Subint'icurnus
1063 5651 1496 5750 gonlbelisianus
1531 5677 1608 5738 τίς
1642 5677 1694 5729 δὲ
1714 5671 1884 5739 οὖτος.

322 5745 418 5799 Alii
447 5746 552 5802 duo
581 5754 635 5802 et
666 5747 798 5801 editi
834 5747 914 5808 τίς
951 5745 1004 5798 δὲ
1034 5745 1123 5800 οὖν
1152 5740 1323 5810 οὗτος,

2004 1793 2359 1848 bernaculum
2410 1793 2498 1849 his
2555 1792 2691 1849 viris
2741 1797 3118 1863 permittentes
3163 1796 3323 1865 quasi
3372 1799 3585 1868 navigii

2001 1883 2255 1951 alicujus,
2292 1897 2618 1952 quacunque
2657 1882 2932 1946 duxerint,
2965 1883 3067 1937 hac
3107 1885 3411 1953 sequamini
3440 1904 3452 1939 :
3477 1888 3582 1940 sed-

2001 1975 2266 2044 quidquid
2295 1976 2349 2028 in
2381 1975 2462 2030 eis
2503 1976 2636 2029 utile
2687 1975 2850 2029 fuerit
2883 1985 3192 2043 carpentes,
3228 1978 3584 2046 cognoscatis.

2000 2067 2130 2135 quid
2162 2069 2326 2121 ctiam
2358 2067 2635 2121 contemni
2667 2075 2935 2135 oporteat.
2967 2068 3097 2131 Quae
3117 2067 3282 2139 igitur
3303 2073 3413 2122 sint
3437 2069 3573 2133 haec,

1998 2176 2218 2229 quoque
2259 2161 2420 2213 modo
2447 2158 2855 2224 discernamus,‘
2892 2160 2995 2212 hoc
3021 2161 3134 2228 jam
3178 2161 3405 2225 docebo,
3447 2161 3573 2217 inde

1997 2269 2247 2308 exorsus.
2291 2250 2420 2319 Nos,
2465 2253 2860 2318 adolescentes,
2903 2253 3199 2308 humanam
3231 2254 3373 2308 hanc
3401 2255 3572 2308 vitam

1996 2345 2134 2400 nihil
2176 2345 2400 2398 omnino
2444 2360 2568 2400 esse
2619 2345 2971 2410 arbitramur,
3003 2360 3102 2400 nec
3143 2345 3440 2417 quidquam
3484 2347 3572 2402 bo-

1997 2453 2126 2490 num
2151 2438 2375 2490 omnino
2400 2445 2672 2507 putamus,
2695 2445 2786 2490 aut
2804 2437 3168 2502 nominamus,
3197 2436 3342 2508 quod
3362 2438 3572 2492 utilita-

1997 2533 2067 2586 tis
2107 2531 2265 2586 nobis
2309 2530 2514 2600 aliquid
2564 2531 2738 2584 solum
2788 2532 2844 2585 in
2893 2531 2995 2585 hoc
3043 2546 3158 2586 aevo
3203 2531 3413 2588 aﬂerat.
3449 2531 3572 2586 Non

1996 2638 2219 2679 avorum
2255 2623 2627 2692 splendorem,
2661 2638 2771 2677 non
2801 2622 2947 2678 vires
2986 2623 3258 2693 corporis,
3307 2638 3419 2677 non
3449 2625 3572 2693 pul-

1994 2713 2384 2778 chritudinem,
2415 2729 2525 2768 non
2567 2713 3018 2784 magnitudinem,
3060 2730 3171 2769 non
3209 2716 3448 2770 honores
3477 2715 3576 2770 de-

1996 2807 2134 2860 latos
2165 2806 2233 2859 ab
2273 2806 2533 2861 omnibus
2577 2805 2915 2870 hominibus,
2962 2821 3072 2860 non
3105 2821 3334 2877 regnum
3365 2806 3570 2877 ipsum,

1994 2914 2102 2952 non
2127 2897 2390 2968 quidquid
2417 2897 2716 2952 humanum
2748 2897 2858 2953 dici
2890 2906 3092 2969 potest,
3118 2913 3377 2970 magnum
3412 2899 3573 2956 nobis

1994 2990 2231 3054 videtur,
2274 2991 2385 3044 imo
2432 3005 2502 3044 ne
2541 2991 2685 3046 votis
2725 2990 2946 3061 quidem
2984 2991 3209 3062 dignum
3257 3005 3570 3056 censemus,

1998 3098 2173 3152 neque
2225 3082 2489 3138 habentes
2528 3082 2854 3153 respicimus
2890 3103 2902 3137 :
2944 3081 3041 3138 sed
3089 3097 3184 3154 spe
3221 3082 3572 3154 procedimus

1999 3175 2238 3245 longius,
2264 3182 2317 3229 et
2350 3174 2416 3228 ad
2442 3177 2668 3230 alteram
2701 3177 2869 3230 vitam
2893 3176 3314 3246 comparandam
3340 3175 3573 3230 facimus
3597 3220 3608 3229 .

1996 3265 2204 3320 omnia.
2237 3266 2368 3330 Qua:
2407 3266 2575 3336 igitur
2612 3267 2875 3337 prodesse
2929 3267 3089 3321 nobis
3120 3275 3355 3336 possunt
3402 3266 3470 3321 ad
3503 3265 3573 3321 il-

1997 3357 2103 3410 lam
2154 3359 2566 3426 acquirendam,
2613 3375 2677 3414 ea
2707 3367 2760 3413 et
2791 3359 3068 3429 amplecti,
3114 3366 3170 3413 et
3197 3357 3330 3413 totis
3357 3357 3606 3417 viribus-

1998 3448 2256 3515 prosequi
2283 3454 2540 3516 Oportere
2575 3447 2850 3503 dicimus:
2882 3465 3002 3518 quae
3027 3463 3166 3504 vero
3194 3448 3261 3502 ad
3289 3462 3428 3501 eam
3461 3458 3570 3502 non

1997 3537 2252 3600 attinent,
2283 3538 2427 3591 velut
2453 3539 2613 3606 pretii
2636 3539 2839 3593 nullius
2859 3539 3022 3609 digna
3043 3545 3416 3593 contemnere.
3439 3535 3598 3602 Quae.

1998 3638 2182 3686 autem
2223 3630 2339 3685 haec
2374 3633 2484 3685 vita
2527 3632 2618 3698 sit,
2655 3643 2710 3686 et
2755 3631 2848 3687 ubi
2878 3631 3244 3703 et-quomodo
3273 3631 3433 3687 nobis
3470 3630 3571 3686 du-

1997 3723 2194 3787 cenda,
2231 3733 2290 3776 ut
2341 3723 2506 3779 fuerit
2553 3724 3296 3796 longiuscxponere-quam
3328 3739 3572 3795 praesens
3591 3765 3610 3778 ..

1999 3812 2316 3867 institutum
2369 3815 2534 3879 sinat,
2591 3813 2668 3868 ita
2725 3813 2908 3868 fuerit
2939 3815 3254 3871 auditorum
3297 3814 3571 3884 majorum

1997 3919 2160 3973 quam
2198 3921 2296 3960 vos
2327 3906 2483 3968 estis,
2517 3906 2730 3961 audire.
2766 3905 3003 3960 Tantum
3050 3905 3250 3968 dicam,
3303 3913 3467 3975 atque
3503 3920 3606 3962 ex.

1998 3996 2102 4050 hoc
2140 3996 2374 4052 fortasse
2418 3998 2572 4052 vobis
2605 3999 2740 4054 satis
2782 3997 3097 4073 ostendero,
3141 3997 3289 4068 quod
3333 3998 3378 4052 si
3417 3997 3574 4067 quis-

1999 4089 2142 4157 piam
2179 4105 2396 4144 omnem
2444 4091 2608 4144 simul
2639 4106 2705 4145 cx
2733 4105 2842 4159 quo
2871 4090 3122 4145 homines
3154 4090 3268 4143 nati
3302 4099 3434 4144 sunt
3455 4088 3573 4144 teli-

1997 4181 2220 4236 eitatem
2257 4196 2512 4237 sermone
2547 4183 2890 4252 complexus,
2917 4181 3172 4240 inunum
3209 4195 3571 4237 eoacervave-

1997 4272 2091 4335 rit,
2126 4287 2247 4327 eam
2275 4279 2457 4327 tamen
2495 4273 2796 4343 comperiet
2846 4287 2914 4326 ne
2950 4271 3188 4326 minima:
3214 4272 3435 4340 quidem
3465 4270 3570 4328 b0-

1999 4380 2195 4419 norum
2225 4365 2442 4418 illorum
2479 4365 2622 4434 parti
2660 4364 3106 4439 atquiparandam
3129 4379 3291 4419 esse:
3321 4363 3415 4417 sed
3448 4378 3572 4417 om-

1999 4456 2088 4510 nia
2119 4457 2404 4526 preescntis
2434 4456 2558 4510 vitae
2595 4455 2734 4510 bona
2766 4456 2889 4526 plus
2929 4471 2959 4508 a
3003 4456 3236 4508 minimo
3260 4453 3570 4508 futurorum

1996 4547 2262 4617 dignitate
2307 4547 2535 4612 distare,
2577 4563 2741 4616 quam
2796 4563 2825 4601 a
2870 4548 3038 4602 rebus
3085 4547 3231 4602 veris
3279 4544 3469 4599 umbra
3515 4552 3573 4597 et

1998 4641 2291 4694 somnium.
2327 4637 2442 4693 lmo
2472 4654 2603 4694 vero
2627 4648 2686 4692 ut
2710 4639 2960 4709 exemplo
2987 4638 3162 4708 magis
3191 4637 3388 4691 idoneo
3419 4642 3568 4697 utar,

1995 4740 2204 4801 quanto
2248 4731 2430 4785 anima
2471 4732 2726 4787 omnibus
2758 4741 2980 4801 praestat
3026 4729 3264 4800 corpori,
3297 4734 3450 4782 tanta
3484 4735 3570 4781 est

1995 4832 2057 4878 ct-
2086 4824 2378 4894 utriusque
2411 4824 2536 4878 vitae
2566 4825 2895 4880 dili‘erentia.
2941 4824 3021 4877 Ad
3071 4827 3210 4876 hanc
3257 4831 3441 4876 autem
3474 4820 3571 4874 de-

1993 4918 2200 4972 ducunt
2239 4935 2522 4975 sermones
2557 4919 2724 4981 sacri,
2759 4932 2855 4988 per
2882 4931 3079 4976 arcana
3103 4930 3206 4970 nos
3227 4913 3565 4968 erudientes.

1996 5010 2122 5076 Sed,
2143 5011 2272 5065 dum
2305 5029 2401 5082 per
2429 5020 2645 5067 aetatem
2671 5027 2779 5065 non
2817 5011 2944 5065 licet
2970 5008 3348 5078 intelligentiae
3373 5021 3580 5061 eorum.

1994 5103 2338 5158 altitudinem
2369 5104 2563 5158 audire
2588 5114 2641 5158 ct
2663 5103 2905 5171 assequi,
2941 5101 3160 5161 interim
3197 5101 3250 5152 in
3282 5099 3405 5154 aliis
3427 5099 3568 5158 seri-

1992 5195 2102 5265 ptis
2137 5211 2244 5250 non
2273 5195 2499 5251 omnino
2528 5195 2762 5251 diversis
2796 5193 2954 5264 quasi
3003 5193 3056 5247 in
3097 5192 3304 5247 umbris
3332 5191 3564 5262 quibus-

2063 5332 2180 5402 (9.4)
2211 5331 2364 5387 Colb.
2415 5330 2827 5402 primuspépst
2881 5331 2957 5396 τῇ
3004 5329 3240 5402 μεγέθει
3269 5328 3398 5402 τῷν.
3448 5328 3565 5380 Ali-

1990 5399 2200 5472 quanto
2233 5414 2354 5471 post
2395 5399 2525 5456 editi
2561 5399 2715 5465 ἀξίαν
2747 5399 3115 5471 ἐφεστηκότα.
3163 5399 3313 5456 Libri
3355 5405 3593 5458 veteres.

1990 5472 2362 5543 ἀφεστηκότα,
2389 5483 2557 5543 recte.

2064 5539 2851 5612 (‘25)'Colbertinirsecundus
2903 5550 2950 5595 et
3001 5542 3194 5596 tertius
3238 5539 3567 5610 ἀπορρήτων

1989 5611 2296 5682 δογμάτων.
2327 5612 2430 5684 Sed
2462 5611 2665 5684 ultima
2686 5629 2785 5666 vox
2821 5628 2994 5682 neque
3024 5614 3076 5667 in
3104 5612 3359 5684 vulgatis,
3391 5627 3567 5684 neque

1992 5684 2048 5739 in
2083 5685 2204 5739 aliis
2237 5683 2512 5739 veteribus
2547 5682 2701 5740 libris
2735 5685 3030 5741 invenitur.
