3982 6240
404 291 508 349 567

1750 291 1806 348 s.
1849 290 2096 355 BASlLll
2144 290 2361 368 MAGNI

3551 290 3660 348 568

406 405 533 461 dam
570 409 626 459 et
657 403 899 474 speculis
936 403 992 459 in
1026 411 1374 461 antecessum
1394 406 1563 462 animi
1591 407 1791 463 intuitu
1823 424 1981 464 exer-

2101 409 2138 463 δῖ
2161 423 2224 475 γε
2252 404 2385 476 (26),
2423 417 2481 457 εν
2519 419 2887 475 χειρονομιαις
2913 402 3007 459 καὶ
3027 401 3286 474 ὀρχήσεσι
3327 402 3425 473 τὴν
3462 386 3662 473 ἐμπέι-

407 508 621 559 cemur,
662 509 781 558 eos,
814 495 908 564 qui
943 494 999 549 in
1049 495 1277 550 militari
1319 496 1609 567 disciplina
1640 496 1796 568 175
1823 513 1981 553 exer-

409 592 626 653 centur,
661 586 899 642 imitati:
931 585 1027 657 qui
1075 587 1168 645 ubi
1206 588 1261 644 in
1308 603 1571 652 manuum
1618 586 1769 645 motu
1819 597 1983 659 atque

409 678 797 743 saltationibus
818 679 1209 750 experientiam
1242 679 1426 752 adepti
1454 681 1680 747 fuerint,
1715 682 1771 738 in
1801 691 1981 739 certa-

410 768 654 831 minibus
703 783 770 824 ex
822 769 927 825 hac
971 769 1092 840 ipsa
1147 770 1358 825 ludicra
1406 770 1697 841 disciplina
1744 769 1981 826 fructum

411 858 748 929 percipiunt,
779 860 846 913 Et
874 869 1024 915 certe
1047 861 1347 931 putandum
1379 869 1465 917 est
1492 870 1768 918 certamen
1805 870 1985 918 certa-

412 952 627 1006 minum
661 952 905 1013 omnium
948 954 1247 1008 maximum
1283 954 1443 1009 nobis
1475 955 1817 1026 propositum
1836 970 1981 1019 esse,

411 1056 515 1112 pro
557 1058 668 1114 quo
710 1044 917 1115 agenda
956 1044 1113 1107 nobis
1157 1052 1286 1100 sunt
1315 1047 1497 1101 omnia
1534 1054 1590 1102 et
1622 1045 1983 1101 laborandum

415 1149 517 1206 pro
549 1135 760 1191 viribus
792 1143 850 1190 ut
878 1137 942 1191 ad
976 1136 1030 1190 id
1070 1151 1461 1207 praeparentur,
1503 1147 1666 1207 atque
1696 1138 1893 1208 poetis,
1930 1143 1986 1193 et

414 1226 717 1293 historicis,
748 1234 805 1282 et
856 1226 1190 1293 rhetoribus,
1236 1235 1290 1287 et
1352 1228 1668 1292 hominibus
1730 1229 1985 1287 omnibus

417 1319 705 1383 utendum,
757 1319 905 1375 unde
934 1320 1141 1376 utilitas
1171 1320 1352 1391 aliqua
1401 1320 1466 1376 ad
1499 1322 1738 1377 animam
1783 1336 1985 1376 curan-

415 1409 542 1465 dam
567 1426 859 1472 accessura
888 1410 980 1466 sit.
1013 1411 1483 1481 Quemadmodum
1512 1413 1658 1468 enim
1690 1410 1986 1469 infectores

414 1503 684 1574 quidquid
744 1504 1062 1575 tingendum
1117 1513 1207 1560 est
1250 1505 1406 1574 prius
1453 1504 1604 1561 curis
1656 1504 1984 1575 quibusdam

415 1603 752 1666 praeparant,
781 1604 835 1651 et
869 1596 942 1652 ita
974 1596 1194 1657 demum
1236 1596 1479 1651 colorem
1509 1595 1626 1651 sive
1649 1609 1985 1665 purpureum

416 1686 537 1743 sive
581 1686 889 1757 quempiam
939 1686 1108 1743 alium
1156 1687 1426 1749 inducunt
1454 1705 1466 1741 :
1494 1684 1685 1747 eodem
1724 1684 1888 1741 modo
1933 1691 1987 1739 et

2088 501 2210 572 ρίαν
2240 497 2593 568 κτησάμενοι,
2626 495 2840 555 ἐπὶτῶν
2859 493 3084 565 ἀγώνων
3098 494 3194 549 τοῦ
3221 497 3288 549 ἑκ
3310 496 3411 566 τῆς
3440 495 3664 559 παιδιᾶς

2083 591 2415 649 ἀπολαύουσι
2467 588 2711 661 κέρδους.
2768 587 2877 641 Καὶ
2927 589 3061 658 ἡμῖν
3094 585 3159 661 δὴ
3190 581 3284 640 οὖν
3309 585 3495 654 ἀγῶνα
3528 602 3666 657 προ-

2084 680 2296 734 κεῖσθαι
2333 679 2550 735 πάντων
2605 677 2834 745 ἀγώνων
2865 677 3123 747 μέγιστον
3169 676 3410 747 νομίζειν
3463 674 3662 748 χρεὼν,

2087 771 2228 842 ὑπὲρ
2252 764 2312 823 οὗ
2346 770 2527 824 πάντα
2548 767 2798 839 ποιητέον
2832 769 2964 838 ἡμῖν
2990 767 3085 821 κα)⁵
3115 766 3372 836 πονητέον
3396 768 3476 830 είς
3497 766 3661 820 δύνα-

2089 875 2180 928 μιν
2213 859 2317 917 ἐπὶ
2346 857 2446 929 τὴν
2500 856 2692 910 τούτου
2724 857 3099 929 παρασκευὴν,
3124 857 3220 912 καὶ
3260 859 3533 928 ποιηταῖς,
3565 857 3665 912 καὶ

2084 951 2406 1021 λογοποιοῖς,
2439 951 2535 1004 καὶ
2561 951 2803 1021 ῥήτορσι,
2834 948 2929 1004 καὶ
2952 951 3117 1005 πᾶσιν
3142 948 3447 1021 ἀνθρώποις
3467 947 3663 1020 ὁμιλη-

2083 1044 2224 1107 τέον,
2264 1042 2384 1096 ὅθεν
2414 1041 2479 1096 ἂν
2517 1042 2681 1112 μέλλῃ
2708 1042 2842 1111 πρὸς
2871 1041 2971 1113 τὴν
3013 1042 3112 1113 τῆς
3138 1041 3316 1111 ψυχῆς
3347 1040 3665 1111 ἐπιμέλειαν

2083 1136 2322 1205 ὠφέλειά
2341 1151 2425 1203 τις
2449 1132 2688 1196 ἔσεσθαι,
2712 1134 2921 1205 Ὥσπερ
2942 1128 3036 1186 οὖν
3053 1134 3103 1186 οἱ
3132 1133 3455 1196 δευσοποιοὶ,
3484 1148 3667 1202 παρα·-

2085 1225 2453 1293 σκευάσαντες
2490 1223 2752 1294 πρότερον
2790 1222 3105 1295 θεραπείαις
3136 1222 3275 1276 τισὶν
3307 1224 3336 1275 ὅ
3361 1223 3413 1275 τί
3445 1224 3567 1276 ποτ’
3595 1223 3667 1277 ἂν

2083 1313 2118 1390 ᾗ
2140 1318 2201 1371 τδ
2232 1316 2515 1387 δεξόμενον
2540 1315 2637 1387 τὴν
2673 1314 2870 1387 βαφὴν,
2899 1315 3041 1369 οὕτω
3060 1315 3122 1368 τὸ
3151 1313 3312 1379 άνθος
3338 1314 3661 1383 ἐπάγουσιν,

2085 1410 2150 1464 ἄν
2194 1426 2254 1462 τε
2304 1407 2588 1479 ἁλουργὸν,
2634 1407 2699 1475 ἄν
2726 1407 2787 1461 τέ
2818 1424 2871 1461 τι
2907 1406 3093 1479 ἕτερον
3247 1406 3339 1460 τὸν
3388 1406 3547 1461 αὑτὸν
3596 1405 3665 1487 δὴ

2086 1500 2182 1554 καὶ
2218 1502 2382 1572 ἡμεῖς
2419 1501 2639 1572 τρόπον,
2672 1501 2721 1552 εἰ
2756 1499 2939 1571 μέλλοι
2994 1500 3325 1564 ἀνέκπλυτος
3375 1501 3508 1571 ἡμῖν
3547 1498 3663 1569 (27)

2086 1592 2301 1646 ἅπαντα
2347 1591 2438 1644 τὸν
2483 1593 2730 1663 χρόνονὴ
2761 1590 2855 1654 τοῦ
2915 1590 3082 1645 καλοῦ
3138 1591 3476 1663 παραμένειν
3514 1591 3665 1657 δόξα,

2086 1686 2198 1747 τοῖς
2225 1681 2331 1748 ἔξω
2383 1682 2447 1754 δὴ
2475 1682 2684 1746 τούτοις
2707 1681 3175 1753 προτελεσθέντες,
3218 1681 3521 1752 τηνικαῦτα
3557 1680 3670 1743 τῶν

417 1794 523 1842 nos
564 1794 806 1851 quoque,
846 1779 893 1835 si
928 1778 1236 1837 indelebilis
1274 1780 1330 1834 in
1376 1779 1534 1835 nobis
1564 1778 1778 1834 honesti
1816 1777 1987 1847 gloria

2101 1774 2252 1847 ἱερῶν
2295 1775 2388 1828 καὶ
2418 1774 2744 1853 ἀπορρήτων
2793 1773 3211 1845 ὲπακουσόμεθα
3246 1772 3629 1845 παιδευμάτων
3650 1791 3668 1807 ’

420 1872 570 1935 omni
612 1880 858 1942 tempore
902 1886 1265 1942 permansura
1317 1879 1422 1933 est.
1453 1871 1541 1928 his
1571 1869 1815 1931 externis
1864 1877 1989 1923 ante

419 1965 662 2031 ininiati,
692 1964 890 2020 deinde
918 1979 1107 2021 sacras
1129 1971 1183 2020 et
1220 1977 1450 2022 arcanas
1470 1962 1752 2018 doctrinas
1782 1960 1991 2017 edisce-

419 2073 581 2115 mus:
608 2065 664 2112 et
714 2057 884 2116 Solem
931 2058 1078 2115 velut
1115 2057 1172 2112 in
1220 2071 1361 2127 aqua
1403 2056 1589 2113 videre
1635 2054 1864 2121 assueti,
1909 2053 1991 2109 sic

421 2148 535 2202 luci
570 2147 676 2217 ipsi
701 2147 896 2203 oculos
921 2146 1355 2203 admovebimus.
1378 2144 1534 2212 Quod
1561 2144 1608 2200 si
1634 2153 1821 2203 mutua
1842 2158 1991 2213 quae-

420 2238 547 2293 dam
591 2237 974 2293 convenientia
1013 2237 1234 2293 intersit
1277 2236 1421 2291 inter
1448 2235 1752 2302 doctrinas,
1799 2249 1989 2293 earum

421 2327 583 2383 nobis
603 2326 845 2399 cognitio
875 2327 1032 2382 valde
1059 2327 1209 2382 utilis
1244 2325 1408 2381 fuerit
1438 2343 1452 2381 :
1486 2325 1570 2383 sin
1612 2326 1813 2393 minus,
1842 2335 1993 2382 certe

421 2434 614 2477 earum
653 2422 798 2475 inter
839 2434 901 2474 se
948 2418 1269 2474 collatarum
1312 2415 1608 2473 discrimen
1658 2417 1990 2482 internosse,

422 2508 489 2571 ad
518 2509 786 2578 potiorem
818 2509 1140 2569 ﬁrmandam
1170 2522 1282 2562 non
1306 2522 1497 2577 parum
1523 2506 1838 2561 contulerit.
1884 2504 1992 2561 Sed

423 2599 643 2680 cuinam
698 2600 776 2656 rei
835 2607 1152 2671 comparata
1199 2598 1452 2657 doctrina
1506 2609 1758 2669 utraque,
1814 2598 1994 2670 possis

423 2692 719 2762 imaginem
766 2692 1026 2762 assequi?
1058 2692 1220 2748 Certe
1269 2691 1731 2762 quemadmodum
1779 2690 1995 2746 arboris

423 2785 645 2856 propria
697 2784 871 2840 virtus
918 2792 1025 2847 est,
1064 2787 1387 2855 tempestivo
1426 2783 1611 2839 fructu
1657 2792 1889 2845 scatere,
1939 2789 1994 2837 et

425 2885 609 2929 tamen
638 2873 769 2935 folia
800 2874 967 2929 etiam
1007 2874 1214 2929 circum
1260 2888 1442 2929 ramos
1472 2872 1745 2944 exagitata
1788 2871 1994 2941 aliquid

426 2964 508 3031 eis
528 2966 838 3021 ornamenti
866 2965 1165 3020 conciliant
1198 2984 1213 3021 :
1243 2965 1318 3020 ita
1343 2974 1398 3021 et
1423 2965 1620 3029 animae
1640 2980 1857 3035 quoque
1878 2964 1994 3035 pri?

427 3056 638 3112 marius
669 3057 886 3115 fructus
923 3065 1009 3114 est
1055 3057 1260 3115 veritas
1300 3058 1441 3129 ipsa,
1492 3059 1588 3115 sed
1640 3067 1823 3114 tamen
1849 3058 1993 3114 haud

428 3149 682 3221 ingratus
719 3158 805 3207 est
835 3161 1076 3213 externa:
1121 3152 1400 3222 sapientiae
1444 3152 1701 3219 amictus,
1737 3158 1997 3222 tanquam

429 3242 477 3300 si
513 3240 645 3298 folia
687 3242 940 3312 quaedam
984 3241 1188 3299 fructui
1228 3251 1282 3299 et
1313 3242 1692 3299 umbraculum
1745 3251 1799 3297 et
1843 3257 1999 3312 aspe-

430 3342 580 3389 ctum
626 3348 739 3389 non
780 3334 1115 3397 inammnum
1148 3334 1447 3403 praebeant.
1497 3333 1707 3395 Dicitur
1742 3334 1911 3405 igitur
1945 3340 2000 3391 et

429 3425 646 3498 Moyses
679 3425 771 3487 ille
813 3440 1075 3497 perquam
1117 3425 1374 3493 eximius,
1415 3426 1575 3496 cujus
1614 3440 1810 3479 nomen
1857 3425 2000 3494 apud

429 3532 624 3575 omnes
658 3516 911 3573 homines
938 3516 1008 3571 ob
1038 3516 1362 3586 sapientiam
1390 3516 1689 3574 maximum
1718 3524 1822 3579 est,
1846 3530 2001 3571 exer-

430 3607 599 3662 citato
627 3606 683 3661 in
705 3604 1084 3681 Egyptiorum
1107 3605 1412 3675 disciplinis
1438 3607 1620 3660 animo
1640 3606 1681 3669 ⁵,
1702 3606 1773 3669 ita
1798 3606 1862 3660 ad
1881 3605 2002 3676 ejus

431 3699 521 3771 qui
546 3708 623 3754 est
645 3698 1158 3770 contemplationem
1190 3698 1495 3754 devenisse.
1530 3696 1794 3753 Similiter
1819 3705 2001 3753 autem

431 3791 830 3865 poSLerioribus
840 3806 1056 3861 quoque
1068 3790 1404 3861 temporibus
1418 3790 1716 3860 sapientem
1734 3790 2002 3846 Danielem

435 3881 760 3951 sapientiam
789 3880 1165 3936 Chaldaeorum
1204 3881 1258 3935 in
1285 3879 1560 3952 Babylone
1590 3879 1898 3943 edoctum“,
1930 3878 2003 3932 ita

435 3972 652 4028 demum
675 3973 957 4029 doctrinas
976 3987 1163 4029 sacras
1189 3972 1433 4044 attigisse
1460 3972 1700 4027 tradunt.
1728 3970 1834 4026 Sed
1862 3971 2005 4041 quod

436 4072 677 4127 externae
693 4065 775 4119 ba:
791 4063 1097 4136 disciplinae
1108 4080 1217 4120 non
1235 4066 1344 4119 sint
1366 4064 1655 4121 animabus
1669 4064 1909 4127 inutiles,
1922 4071 2005 4117 sat

437 4152 648 4208 dictum
691 4165 774 4211 est
805 4175 817 4209 :
853 4170 1198 4226 consequens
1231 4164 1314 4211 est
1342 4166 1401 4210 ut
1423 4156 1534 4227 jam
1566 4155 1834 4218 dicamus,
1865 4169 2004 4225 quo-

438 4241 603 4297 modo
650 4242 892 4313 ipsarum
936 4246 1233 4317 participes
1281 4245 1397 4301 ﬁeri
1430 4262 1527 4304 vos
1577 4254 1846 4322 oporteat.
1883 4246 2006 4311 Pri-

438 4349 589 4390 mum
606 4334 828 4406 quidem
862 4337 1027 4396 rebus
1053 4340 1310 4407 omnibus
1339 4355 1460 4410 quae
1480 4354 1511 4393 a
1542 4341 1719 4410 poetis
1749 4340 2008 4394 dicuntur

2090 1863 2307 1922 καίοἷον
2342 1869 2400 1920 ὲν
2435 1865 2586 1919 ὕδατι
2639 1866 2732 1919 τὸν
2760 1865 2911 1936 ἥλιον
2961 1868 3092 1938 ὁρᾷν
3137 1864 3461 1932 ἐθισθέντες,
3497 1866 3673 1930 οὕτως

2090 1957 2239 2029 αὐτῷ
2263 1957 2678 2030 προσϐαλοῢμεν
2705 1946 2783 2027 τῷ
2836 1956 2976 2025 φωτὶ
3014 1955 3112 2020 τὰς
3155 1956 3325 2025 ὄψεις.
3355 1958 3419 2010 Εἰ
3453 1957 3552 2028 μὲν
3577 1953 3673 2010 οὖν

2092 2052 2208 2104 ὲστί
2232 2068 2314 2114 τις
2340 2050 2611 2120 οἰκειότης
2638 2049 2774 2121 πρὸς
2812 2049 3073 2120 ἀλλήλους
3099 2052 3212 2113 τοῖς
3241 2048 3440 2119 λόγοις,
3463 2049 3673 2122 προύρ-

2090 2160 2187 2211 γου
2226 2141 2291 2196 ἂν
2317 2142 2428 2213 (28)
2475 2144 2607 2213 ἡμῖν
2629 2140 2807 2196 αὐτῶν
2829 2140 3093 2212 ὴ,γνῶσις
3120 2142 3330 2210 γένοιτο
3354 2159 3369 2173 ο
3400 2145 3448 2195 εἰ
3477 2142 3535 2194 δὲ
3570 2143 3673 2213 μὴ,

2091 2233 2228 2299 ἀλλὰ
2251 2232 2312 2286 τό
2339 2251 2425 2303 γε,
2455 2233 2772 2306 παράλληλα
2804 2233 3013 2301 θέντας,
3038 2233 3374 2305 καταμαθεῖν
3403 2233 3465 2288 τὸ
3488 2233 3674 2301 διάφο-

2095 2343 2209 2399 ρον,
2263 2326 2324 2379 οὐ
2386 2324 2581 2398 μικρὸν
2634 2326 2714 2389 εἰς
2756 2324 3046 2395 βεϐαίωσιν
3088 2325 3183 2380 τοῦ
3230 2326 3517 2396 βελτίονος.
3550 2326 3674 2379 Τίνι

2096 2417 2280 2489 μέντοι
2344 2417 2440 2472 καὶ
2489 2416 2832 2488 παρεικάσας
2876 2417 2983 2471 τῶν
3021 2417 3354 2471 παιδεύσεων
3382 2416 3673 2488 ἑκατέραν,

2092 2510 2191 2580 τῆς
2228 2509 2434 2573 εἰκόνος
2458 2508 2524 2562 ἂν
2541 2508 2754 2579 τύχοις;
2795 2506 2979 2562 Ἦπου
3017 2509 3267 2583 καθάπερ
3301 2507 3470 2578 φυτοῦ
3496 2508 3675 2563 οἰκεία

2098 2602 2194 2673 μὲν
2223 2600 2391 2674 ἀρετὴ
2430 2601 2508 2672 τῷ
2559 2600 2756 2672 καρπῷ
2814 2599 2999 2671 βρύειν
3042 2601 3248 2672 ὡραίῳ,
3277 2599 3435 2670 φέρει
3471 2599 3528 2665 δέ
3554 2617 3676 2653 τινα

2094 2695 2297 2765 κόσμον
2320 2694 2413 2747 καὶ
2463 2693 2637 2764 φύλλα
2670 2697 2784 2757 τοῖς
2818 2692 3034 2756 κλάδοις
3062 2693 3450 2764 περισειόμενα
3471 2709 3486 2723 ·
3530 2691 3678 2769 οὕτω

2093 2787 2158 2859 δὴ
2190 2786 2282 2839 καὶ
2307 2785 2454 2857 ψυχῇ
2491 2785 2920 2857 προηγουμένως
2975 2785 3073 2855 μὲν
3125 2786 3335 2857 καρπὸς
3356 2785 3390 2854 ἡ
3425 2782 3675 2854 ἀλήθεια,

2095 2880 2195 2933 οὐκ
2221 2878 2387 2951 άχαρί
2417 2895 2481 2945 γε
2525 2877 2632 2950 μὴν
2673 2877 2791 2932 οὐδὲ
2827 2878 2926 2950 τὴν
2969 2877 3201 2949 θύραθεν
3232 2879 3423 2946 σοφίαν
3456 2876 3676 2949 περιδε-

2096 2971 2347 3042 ϐλῆσθαι,
2392 2965 2503 3026 οἷόν
2549 2987 2673 3024 τινα
2718 2969 2890 3038 φύλλα
2920 2969 3128 3040 σκέπην
3156 2986 3214 3020 τε
3250 2968 3327 3040 τῷ
3353 2967 3553 3039 καρπῷ
3582 2967 3680 3021 καὶ

2099 3064 2220 3133 ὄψιν
2239 3063 2340 3117 οὐκ
2361 3062 2539 3134 ἄωρον
2555 3061 2923 3133 παρεχόμενα.
2949 3060 3181 3128 Λέγεται
3194 3060 3372 3115 τοίνυν
3396 3059 3490 3113 καὶ
3509 3059 3680 3113 Mam-

2102 3158 2200 3227 σῆς
2223 3157 2426 3220 ἐκεῖνος
2441 3157 2469 3209 ὁ
2486 3154 2647 3216 πάνυ,
2675 3150 2736 3209 οὗ
2770 3153 3023 3224 μέγιστόν
3051 3154 3195 3206 ἐστιν
3227 3151 3318 3204 ἐπὶ
3340 3151 3502 3222 σοφίᾳ

2099 3251 2264 3304 πᾶσιν
2290 3246 2598 3319 ἀνθρώποις
2638 3245 2829 3316 ὄνομα,
2870 3247 2985 3307 τοῖς
3018 3243 3327 3313 Αἰγυπτίων
3363 3242 3682 3314 μαθήμασιν

2099 3340 2582 3411 ἐγγυμνασάμενος
2618 3339 2715 3410 τὴν
2757 3337 3015 3400 διάνοιαν,
3056 3334 3197 3393 οὕτω
3246 3333 3562 3403 προσελθεῖν
3611 3334 3678 3403 τῇ

2101 3433 2302 3506 θεωρίᾳ
2346 3432 2454 3486 τοῦ
2503 3430 2698 3497 ὄντος.
2723 3429 3128 3501 Παραπλησίως
3154 3427 3210 3480 δὲ
3241 3426 3416 3496 τούτῳ
3446 3425 3549 3478 κάν
3566 3426 3682 3488 τοῖς

2101 3525 2250 3578 κάτω
2265 3523 2477 3594 χρόνοις
2489 3521 2580 3575 τὸν
2594 3521 2755 3590 σοφὸν
2771 3520 2968 3592 Δανιὴλ
2981 3521 3071 3573 ἐπὶ
3088 3516 3403 3580 Βαϐυλῶνός
3419 3532 3550 3585 φασι
3567 3514 3684 3585 (29)

2100 3615 2199 3687 τὴν
2238 3613 2430 3684 σοφίαν
2475 3612 2758 3667 Χαλδαίων
2797 3610 3199 3682 καταμαθόντα,
3235 3609 3357 3662 τότε
3382 3607 3491 3661 τῶν
3522 3604 3685 3661 θείων

2104 3706 2343 3776 ἅψασθαι
2387 3705 2793 3775 παιδευμάτων.
2857 3703 2996 3758 Ἀλλ’
3035 3704 3117 3758 ὃτι
3160 3704 3256 3774 μὲν
3288 3703 3388 3756 οὐκ
3413 3700 3687 3771 ἄχρηστον

2102 3796 2300 3868 ψυχαῖς
2343 3795 2643 3867 μαθήματα
2663 3793 2731 3849 τὰ
2767 3792 2964 3859 ἔξωθεν
2990 3791 3055 3864 δὴ
3088 3791 3279 3856 ταῦτα,
3311 3788 3512 3852 ἱκανῶς
3535 3787 3688 3860 εἴρη-

2104 3906 2232 3944 ται·
2289 3890 2435 3952 ὅπως
2478 3906 2541 3957 γε
2600 3890 2707 3959 μὴν
2745 3887 2923 3940 αὐτῶν
2961 3885 3248 3957 μεθεκτέον
3286 3885 3436 3954 ὑμῖν,
3460 3882 3587 3953 ἑξῆς
3619 3881 3688 3936 ἂν

2106 3982 2190 4053 εἴη
2218 3982 2418 4049 λέγειν.
2466 3981 2690 4051 Πρῶτον
2722 3980 2819 4049 μὲν
2849 3974 2941 4032 οὖν
2983 3980 3095 4040 τοῖς
3126 3976 3275 4049 παρὰ
3302 3975 3410 4031 τῶν
3444 3972 3688 4044 ποιητῶν

2108 4074 2197 4141 (ἵν’
2210 4072 2455 4140 ἐντεῦθεν
2469 4056 2760 4143 ἄρξωμαι),
2779 4071 2901 4137 ἐπεὶ
2920 4069 3250 4123 παντοδαποί
3269 4068 3412 4132 τινές
3427 4068 3535 4132 εἰσι
3549 4064 3690 4121 κατὰ

2106 4165 2234 4227 τοὺς
2263 4163 2474 4240 λόγους,
2528 4160 2603 4233 μὴ
2650 4161 2761 4230 (50)
2818 4162 2985 4214 πᾶσιν
3031 4157 3227 4230 ἐφεξῆς
3267 4156 3556 4228 προσέχειν
3598 4153 3690 4207 τὸν

2062 4296 2063 4299 η
2108 4253 2230 4309 νοῦν
2249 4269 2262 4282 ⁸
2300 4252 2414 4305 ἁλλ’
2449 4253 2576 4306 ὅταν
2604 4250 2700 4320 μὲν
2722 4250 2819 4313 τὰς
2843 4249 2951 4304 τῶν
2974 4249 3192 4318 ἀγαθῶν
3223 4246 3434 4321 ἀνδρῶν
3462 4242 3691 4317 πράξεις

2109 4346 2142 4416 ἢ
2168 4344 2355 4412 λόγους
2380 4343 2508 4413 ὑμῖν
2558 4341 2849 4405 διεξίωσιν,
2884 4342 3106 4413 ἀγαπᾷν
3138 4357 3197 4393 τε
3228 4340 3323 4393 καὶ
3353 4337 3570 4409 ζηλοῦν,
3595 4335 3692 4390 καὶ

440 4423 525 4497 (ιιι
556 4425 685 4481 hinc
722 4425 938 4495 initium
986 4427 1245 4503 sumam),
1291 4431 1443 4484 varia
1492 4444 1618 4485 cum
1657 4429 1863 4493 dicant,
1912 4444 1997 4483 ne-

2110 4438 2192 4490 ὄτι
2243 4435 2475 4507 μάλιστα
2510 4433 2799 4506 πειρᾶσθαι
2837 4432 3110 4497 τοιούτους
3153 4428 3294 4486 εἶναι
3318 4447 3333 4462 ’
3356 4431 3485 4485 ὅταν
3509 4429 3569 4482 δὲ
3597 4428 3691 4480 ἐπὶ

439 4532 713 4590 quaquam
755 4519 949 4575 ordine
981 4520 1323 4590 adjiciendus
1365 4521 1582 4578 animus
1626 4533 1747 4576 est:
1777 4520 1872 4575 seti
1916 4521 2006 4577 ubi

438 4609 584 4677 facta
630 4618 726 4666 aut
768 4611 915 4673 dicta
961 4612 1202 4673 virorum
1250 4613 1519 4669 bonorum
1550 4612 1706 4668 vobis
1755 4628 2013 4668 narrave-

438 4705 571 4770 rint,
604 4718 701 4761 eos
725 4712 781 4760 et
814 4703 1039 4776 diligere
1080 4712 1136 4761 et
1180 4706 1380 4763 imitari
1413 4721 1591 4777 operae
1619 4710 1853 4776 pretium
1906 4721 2011 4769 εει,

440 4804 495 4861 et
528 4811 694 4869 quam
716 4797 954 4862 maxime
973 4797 1259 4859 nitendum
1286 4806 1346 4853 ut
1375 4800 1512 4857 tales
1546 4797 1879 4871 elﬁciamur;
1914 4800 2008 4854 sed

515 4955 537 4987 δ
573 4953 698 5009 Act.
730 4969 841 5017 vn,
873 4952 965 5020 22.
1040 4951 1063 4985 ⁸
1100 4952 1235 5009 Dan.
1272 4968 1321 5019 ι,
1354 4953 1409 5010 4.

518 5067 632 5138 (‘26)
660 5066 898 5124 Basilius
923 5069 1028 5124 hoc
1054 5066 1209 5129 dicit,
1238 5066 1614 5122 Christianum
1655 5067 1729 5129 ita
1769 5068 2016 5138 adjuvari

446 5138 674 5215 profana
709 5150 988 5215 poetarum
1024 5146 1079 5215 et
1108 5148 1384 5215 oratorum
1419 5138 1706 5215 doctrina,_
1728 5139 2016 5215 ut_milites

447 5208 804 5275 gesticulandi
825 5208 1172 5277 saltandique
1189 5216 1304 5263 arte
1322 5210 1374 5262 in
1396 5209 1512 5263 suis
1529 5208 2015 5264 exercitationibus

448 5280 797 5347 adjuvantur.
832 5278 969 5335 Vide
998 5277 1272 5333 Ducaeum.

522 5345 633 5421 (27)
665 5347 755 5404 Sic
794 5348 1411 5421 Colbertinisecuudus
1442 5354 1495 5403 et
1529 5349 1749 5403 tertius.
1785 5345 1929 5421 Editi
1964 5355 2019 5401 et

450 5419 541 5472 alii
572 5418 704 5474 mss.
731 5421 861 5489 ἡμῖν
889 5422 944 5490 ἡ,
974 5418 1118 5488 quod
1153 5419 1496 5490 decurtatum
1528 5427 1645 5490 erat
1668 5425 1720 5490 et
1744 5418 2015 5490 mutilum.

521 5490 636 5570 (28)
661 5488 842 5570 Ιξᾱίιίο
874 5488 1106 5560 utraque
1130 5488 1404 5561 προῦργον
1434 5488 1519 5542 ἄν.
1557 5488 1780 5558 Antiqui
1814 5495 1928 5543 tres
1955 5489 2021 5540 li-

450 5558 535 5616 bri
566 5557 862 5682 προῧργου.
1018 5557 1033 5560 ’
1175 5557 1183 5559 ”
1275 5557 1285 5561 ⁷
1326 5557 1329 5558 ν

526 5628 638 5709 ςὲἓ)
673 5627 1160 5709 ..ημξικθε-φησί-
1201 5703 1211 5709 .
1261 5700 1273 5709 .
1468 5690 1473 5695 .

524 5698 638 5771 (ὅθ)
673 5698 854 5755 Editio
889 5698 1120 5771 utraque
1166 5700 1289 5754 εἰσί.
1340 5701 1453 5771 Μή.
1500 5699 1725 5757 Veteres
1775 5700 2018 5772 quinque

2120 4526 2421 4598 μοχθηροὺς
2438 4524 2636 4598 ἄνδρας
2653 4523 2869 4588 ἔλθωσι,
2889 4523 2987 4596 τὴν
3007 4524 3235 4594 μίμησιν
3260 4520 3465 4591 ταύτην
3476 4520 3557 4572 δεῖ
3577 4518 3686 4588 (51)

2118 4616 2359 4686 φεύγειν,
2413 4616 2916 4688 ἐπιφρασσομένους
2951 4616 3021 4669 τὰ
3063 4610 3200 4679 ὦτα,
3225 4609 3324 4684 οὗχ
3348 4609 3510 4686 ἦττον
3541 4613 3576 4683 ἢ
3600 4610 3691 4663 τὸν

2134 4708 2389 4777 Ὀδυσσέα
2447 4709 2609 4778 φασὶν
2659 4707 2946 4773 ἐκεῖνοιτὰ
2986 4707 3092 4760 τῶν
3131 4708 3398 4778 Σειρήνων
3426 4704 3583 4776 μέλη.
3624 4703 3692 4755 Ἦ

2116 4802 2224 4871 γὰρ
2257 4802 2392 4873 πρὸς
2414 4802 2539 4867 τοὺς
2574 4800 2807 4869 φαύλους
2839 4799 2946 4865 τῶν
2975 4800 3147 4877 λόγων
3183 4796 3442 4866 συνήθεια
3464 4795 3579 4859 ὁδός
3606 4793 3693 4861 τίς

2124 5069 2248 5125 libri
2282 5068 2355 5122 ita
2387 5076 2441 5123 ut
2477 5066 2749 5128 edendum
2775 5065 3112 5123 curavimus.

2196 5140 2308 5211 (5i)
2340 5137 2645 5211 Colbertini
2689 5138 2798 5211 duo
2843 5135 2970 5190 libri
3002 5143 3058 5211 et
3089 5134 3217 5203 Reg.
3252 5131 3473 5211 primus.
3497 5128 3694 5193 ἔλθωσι

2121 5212 2187 5281 τῇ
2223 5201 2473 5281 μιμήσει,
2500 5206 2673 5281 ταῦτα
2701 5205 2799 5281 is!)
2839 5213 2971 5270 etc.,
3008 5201 3185 5281 sicut:
3208 5216 3313 5281 v0_x
3343 5201 3570 5281 μιμήσει
3600 5214 3694 5281 ref

2126 5271 2425 5334 feratur'ad
2449 5278 2675 5331 verbum
2704 5275 2921 5342 ἔλθωσι,
2946 5273 3105 5345 quasi
3127 5271 3249 5342 ejus
3269 5271 3371 5345 loci
3388 5271 3520 5345 llaec
3546 5278 3698 5345 esset

2127 5350 2395 5405 sententia
2421 5367 2433 5401 :
2462 5346 2594 5400 Cum
2619 5357 2792 5399 autem
2822 5339 3121 5400 devenerint
3158 5339 3230 5395 nd
3269 5339 3566 5411 ﬂagitiosa:
3606 5339 3699 5411 Ιιοτ

2128 5422 2293 5474 mines
2316 5434 2406 5487 per
2433 5418 2713 5487 imaginem
2733 5431 2934 5480 eorum,
2958 5416 3061 5487 hoc
3091 5422 3214 5487 est,
3231 5428 3317 5487 eos
3350 5410 3673 5487 depingendo

2130 5488 2282 5545 Unus
2307 5480 2476 5542 codex
2504 5480 2889 5541 a'Combeﬂsio
2916 5485 3149 5539 collatus
3172 5481 3383 5539 έλθωσι.
3402 5481 3502 5551 τὴν
3526 5480 3698 5551 μίμη-

2129 5579 2213 5612 σιν
2252 5558 2477 5631 ταύτην,
2521 5564 2653 5631 etc.,
2697 5556 3227 5631 quamscripturam
3257 5552 3539 5631 meliorem
3571 5564 3695 5631 esse

2126 5634 2199 5682 ait
2226 5632 2309 5683 vir
2338 5621 2886 5684 dobtissimusfiﬁditi
2916 5621 3103 5678 ἔλθῶσι
3126 5625 3189 5695 τῇ
3223 5622 3471 5693 μιμήσει,
3492 5621 3696 5690 ταύτην

2124 5717 2219 5755 οει.
