3982 6240
256 356 385 443 γεδθ

1245 355 1480 412 SERMO
1518 353 1606 408 DE
1639 353 1978 410 LEGEND'iS
2016 355 2243 412 LIBRIS
2282 358 2687 415 GENTILIUM.

3443 365 3547 423 570

283 475 432 526 ἐστιν
479 468 575 523 ἐπὶ
613 467 685 523 τὰ
741 470 1065 543 πράγματα.
1096 469 1186 523 Διὸ
1216 469 1280 540 δὴ
1315 470 1466 541 πάσῃ
1517 469 1730 540 φυλακῇ
1776 468 1873 540 τὴν

1986 487 2100 525 cum
2136 471 2206 525 ad
2229 470 2534 542 ﬂagitiosos
2556 471 2819 527 homines
2851 471 3191 541 devenerint,
3222 481 3358 530 tunc
3387 476 3548 533 obtu-

285 564 462 635 ψυχὴν
492 562 781 634 τηρητέον,
817 564 893 634 μὴ
923 563 1011 617 διὰ.
1036 563 1134 634 τῆς
1149 560 1255 615 τῶν
1278 562 1454 630 λόγων
1472 561 1664 632 ἡδονῆς
1689 580 1869 633 παρα-

285 654 565 725 δεξάμενοί
622 671 678 708 τι
727 654 983 725 λάθωμεν
1023 654 1131 707 τῶν
1162 653 1442 727 χειρόνων,
1480 653 1669 722 ὥσπερ
1702 656 1750 707 oi
1801 654 1870 717 τὰ

286 744 586 817 δηλητήρια
615 745 757 817 μετὰ
795 744 890 798 τοῦ
930 744 1140 816 μέλιτος
1185 743 1553 816 προσιέμενοι.
1591 745 1665 797 Οὐ
1694 745 1871 797 τοίνυν

288 835 689 907 ἐπαινεσόμεθα
740 836 868 901 τοὺς
905 834 1154 906 ποιητὰς,
1205 836 1267 889 οὐ
1317 835 1775 906 λοιδορουμένους,
1809 836 1870 889 οὐ

291 927 781 993 σκῶπτοντας,ούκ
810 927 1054 1000 ἐρῶντας
1083 928 1115 997 ἢ
1150 926 1449 999 μεθύοντας
1481 927 1870 998 μιμουμένους,

286 1022 388 1092 οὐχ
440 1022 569 1075 ὅταν
618 1020 866 1092 τραπέζῃ
911 1019 1191 1094 πληθούσῃ
1243 1019 1338 1072 καὶ
1376 1019 1540 1091 ᾠδαῖς
1562 1020 1874 1090 ἀνειμέναις

288 1112 389 1185 τὴν
430 1113 781 1184 εὐδαιμονίαν
828 1112 1117 1184 ὁρίζωνται
1149 1110 1280 1181 (52).
1332 1112 1557 1165 Πάντων
1589 1110 1645 1163 δὲ
1674 1111 1873 1181 ἣκιστα

287 1206 419 1278 περὶ
443 1205 581 1259 θεῶν
629 1223 683 1259 τι
729 1203 1130 1274 διαλεγομένοις
1152 1202 1508 1275 προσέξομεν,
1530 1205 1625 1257 καὶ
1656 1203 1871 1275 μάλισθ’

285 1296 418 1351 ὅταν
444 1298 522 1361 ὡς
548 1297 676 1369 περὶ
708 1295 921 1348 πολλῶν
955 1313 1013 1349 τε
1046 1294 1227 1349 αὐτῶν
1279 1294 1517 1358 διεξίωσι
1548 1293 1874 1348 καὶτούτων

284 1389 411 1443 οὐδὲ
438 1388 828 1461 ὁμονοούντων.
866 1387 1115 1457 ’Δδελφὸς
1126 1387 1235 1457 γὰρ
1264 1386 1329 1458 δὴ
1352 1388 1482 1460 παρ’
1509 1388 1736 1450 ἐκείνοις
1760 1387 1870 1440 δια-

287 1484 572 1546 στασιάζει
612 1482 748 1555 πρὸς
765 1481 1012 1551 ἀδελφὸν,
1036 1483 1129 1535 καὶ
1156 1483 1347 1551 γονεὺς
1371 1481 1507 1552 πρὸς
1544 1476 1759 1546 παῖδας,
1783 1480 1876 1534 καὶ

284 1574 499 1639 τούτοις
529 1570 684 1638 αὖθις
707 1574 846 1646 πρὸς
871 1574 994 1637 τοὺς
1014 1574 1271 1637 τεκόντας
1301 1571 1536 1643 πόλεμός
1560 1574 1708 1624 ἐστιν
1740 1571 1877 1641 ἀκή-

287 1683 509 1737 ρυκτος.
534 1665 798 1737 Μοιχείας
827 1666 883 1719 δὲ
905 1665 1040 1721 θεῶν
1066 1665 1161 1719 καὶ
1192 1664 1400 1738 ἔρωτας
1428 1664 1522 1718 καὶ
1549 1662 1724 1735 μίξεις
1745 1662 1873 1717 ἁνα-

285 1757 508 1825 φανδδν,
547 1758 642 1811 καὶ
689 1758 893 1822 ταύτας
921 1774 986 1826 γε
1019 1756 1253 1828 μάλιστα
1290 1755 1385 1813 τοῦ
1414 1756 1711 1828 κορυφαίου
1740 1755 1877 1809 πάν-

1972 563 2110 617 ratis
2138 563 2367 618 auribus
2403 564 2704 618 cavendum
2769 579 2839 618 ne
2878 563 3184 629 imitemur,
3220 580 3330 619 non
3363 570 3549 624 minus

1973 670 2138 724 quam
2184 653 2434 725 Ulyssem
2476 654 2633 708 aiunt
2669 655 2746 709 illi
2780 653 3035 710 Sirenum
3082 664 3282 711 cantus
3313 658 3546 716 cavisse.

1970 745 2108 800 Nam
2157 746 2504 800 sermonibus
2556 746 2740 815 pravis
2783 760 3127 811 assuescere,
3165 746 3412 817 quaedam
3460 750 3548 804 via

1972 846 2059 894 est
2094 838 2318 911 adinsa
2350 838 2511 893 facta.
2560 839 2905 909 Quapropter
2951 841 3202 895 custodia
3246 842 3395 896 omni
3434 858 3550 899 ser-

1973 932 2148 985 vanda
2197 932 2378 984 anima
2415 939 2533 997 est,
2582 946 2652 985 ne
2699 946 2796 1000 per
2856 946 3171 987 sermonum
3217 932 3550 1003 voluptatem

1974 1023 2275 1093 quidquam
2306 1023 2563 1078 vitiosum
2593 1022 2972 1093 imprudentes
3007 1023 3398 1094 suscipiamus,
3431 1039 3552 1094 per—

1973 1113 2104 1171 inde
2152 1123 2210 1168 ut
2256 1114 2350 1183 qui
2405 1114 2563 1167 melle
2607 1114 2844 1168 admisto
2890 1122 3116 1168 sumunt
3152 1130 3384 1170 venena.
3428 1113 3549 1169 Non

1975 1207 2143 1277 igitur
2175 1218 2362 1276 poetas
2395 1207 2553 1283 176
2591 1205 2957 1271 laudabimus,
2990 1220 3115 1260 cum
3146 1206 3548 1269 conviciantur,

1972 1298 2452 1367 cavillanturque:
2490 1312 2599 1350 non
2646 1312 2771 1350 cum
2814 1296 3056 1351 amasios
3101 1305 3195 1350 aut
3235 1296 3418 1352 ebrios
3450 1296 3549 1352 de-

1973 1390 2252 1461 pingunt:
2287 1405 2393 1443 non
2436 1405 2561 1443 cum
2603 1387 2917 1443 felicitatem
2959 1387 3200 1443 alliuenti
3244 1403 3434 1445 mensa
3468 1394 3552 1441 at-

1974 1478 2420 1551 quecantilenis
2466 1478 2754 1532 dissolutis
2801 1478 3123 1533 metiuntur.
3172 1476 3280 1532 Sed
3323 1478 3553 1533 minime

1973 1570 2242 1635 omnium,
2278 1569 2455 1638 poetis
2497 1569 2566 1623 de
2604 1569 2710 1623 diis
2755 1566 3161 1623 disserentibus
3194 1568 3392 1624 intenti
3442 1568 3551 1623 eri-

1974 1679 2133 1730 mus;
2166 1670 2221 1718 et
2249 1663 2485 1716 maxime
2514 1662 2637 1715 cum
2670 1660 2739 1715 de
2776 1661 2886 1717 illis
2931 1670 3193 1731 tanquam
3225 1660 3292 1715 de
3339 1660 3550 1723 multis.

1976 1757 2157 1827 iisque
2186 1770 2256 1810 ne
2284 1754 2428 1808 inter
2461 1768 2521 1808 se
2571 1751 2791 1822 quidem
2833 1753 3305 1808 consentientibus
3344 1751 3554 1809 habue-

282 1861 393 1899 των
420 1846 517 1900 καὶ
548 1847 757 1901 ὑπάτου
791 1846 933 1911 Διὸς,
963 1827 1038 1910 ὡς
1069 1846 1225 1899 αὐτοὶ
1251 1845 1523 1913 λέγουσιν,
1554 1845 1590 1899 ἃ,
1620 1845 1723 1899 κᾶν
1754 1846 1868 1917 (55)

1986 1848 2086 1903 rint
2112 1860 2444 1903 sermonem.
2472 1842 2666 1898 Frater
2691 1842 2838 1898 enim
2865 1842 3131 1899 adversus
3154 1842 3379 1898 fratrem
3409 1842 3554 1915 apud

285 1940 417 2009 περὶ
448 1937 813 2010 βοσκημάτων
861 1956 945 2003 τις
1002 1938 1174 2009 λέγων
1208 1939 1573 2011 ἐρυθριάσειε,
1629 1944 1740 2003 τοῖς
1777 1942 1869 1995 ἐπὶ

287 2029 499 2100 σκηνῆς
528 2029 951 2102 καταλείψομεν.

1976 1941 2101 1995 illos
2125 1937 2452 1994 seditionem
2481 1935 2724 1991 concitat
2747 1943 2914 2005 atque
2936 1934 3291 1998 discordiam,
3327 1947 3380 1989 et
3402 1944 3554 2004 pater

1978 2031 2248 2087 adversus
2282 2029 2509 2087 liberos,
2542 2026 2737 2095 hisque
2780 2041 2972 2082 rursus
2996 2026 3259 2082 adversus
3300 2035 3556 2097 parentes

285 2125 641 2196 implacabile
690 2128 893 2196 bellum
938 2134 1042 2183 est.
1095 2126 1382 2187 Adulteria
1427 2137 1611 2183 autem
1648 2129 1881 2185 deorum
1921 2140 2247 2195 amoresque
2281 2132 2335 2178 et
2368 2130 2589 2192 apertos
2627 2121 2967 2191 complexus,
3008 2130 3064 2176 et
3126 2123 3363 2177 maxime
3425 2135 3557 2176 con—

287 2233 518 2289 gressus
563 2217 740 2283 Jovis,
788 2220 905 2290 qui,
956 2229 1017 2277 ut
1069 2218 1174 2291 ipsi
1213 2218 1427 2288 dicunt,
1477 2222 1738 2292 princeps
1790 2228 1875 2277 est
1907 2220 2151 2275 omnium
2178 2222 2233 2272 et
2261 2228 2555 2286 supremus
2592 2212 2735 2284 (quae
2765 2212 2959 2283 siquis
2986 2212 3132 2267 dicat
3161 2215 3245 2269 vel
3297 2215 3365 2268 de
3420 2212 3555 2267 bru-

288 2307 360 2362 tis
396 2309 757 2374 animalibus,
803 2311 1128 2381 erubuerit),
1178 2312 1460 2367 actoribus
1509 2314 1745 2369 scenicis
1785 2314 2180 2383 relinquamus.

356 2399 414 2454 5.
453 2399 643 2456 Ταυτὰ
675 2401 738 2471 δὴ
775 2400 949 2465 ταῦτα
988 2402 1168 2471 λέγειν
1202 2403 1296 2458 καὶ
1332 2405 1462 2475 περὶ
1504 2404 1865 2478 συγγραφέων

286 2492 399 2562 ἒχω
413 2509 428 2523 ο
446 2493 547 2545 καὶ
565 2492 779 2563 μάλισθ’
798 2495 925 2549 ὅταν
942 2494 1297 2566 ψυχαγωγίας
1313 2495 1476 2551 ἕνεκα
1503 2497 1611 2553 τῶν
1637 2497 1864 2551 ἀκουόν-

287 2602 396 2639 των
428 2585 777 2654 λογοπιῶσι.
810 2588 922 2642 Καὶ
957 2590 1199 2662 ρητόρων
1228 2590 1284 2644 δὲ
1324 2591 1424 2662 τὴν
1474 2591 1604 2663 περὶ
1644 2590 1707 2644 τὸ
1736 2590 1871 2661 ψεύσ-

289 2675 476 2729 δεσθαι
522 2677 721 2749 τέχνην
765 2680 827 2732 οὐ
866 2681 1236 2752 μιμησόμεθα.
1273 2680 1411 2735 Οὔτε
1445 2682 1553 2753 γὰρ
1600 2684 1659 2736 ὲν
1715 2683 1883 2736 δικαι

292 2769 577 2840 στηρίοις,
625 2768 740 2824 οὔτ’
770 2772 829 2824 ἐν
864 2775 983 2835 ταῖς
1025 2773 1215 2837 ἄλλαις
1256 2772 1520 2846 πράξεσιν
1567 2775 1873 2845 ἐπιτήδειον

291 2865 424 2933 ⁴ἡμῖν
452 2863 565 2934 (54)
596 2864 659 2918 τὸ
681 2863 897 2933 ψεῦδος,
928 2868 1042 2930 τοῖς
1073 2866 1170 2937 τὴν
1211 2867 1376 2938 ὀρθὴν
1408 2867 1527 2921 ὁδὸν
1568 2867 1663 2920 καὶ
1694 2867 1869 2939 ἁληθῆ

292 2956 681 3027 προελομένοις
731 2956 824 3010 τοῦ
860 2956 1000 3027 βίου,
1043 2952 1123 3022 οἷς
1164 2959 1226 3011 τὸ
1256 2960 1329 3030 μὴ
1367 2957 1686 3022 δικάζεσθαι
1721 2960 1871 3030 νόμῳ

295 3047 776 3120 προστεταγμένον
822 3048 991 3103 ἐστίν.
1033 3049 1166 3103 Ἀλλ’
1216 3051 1398 3105 ἐκεῖνα
1448 3050 1625 3104 αὐτῶν
1669 3050 1869 3121 μᾶλλον

2042 2402 2096 2457 ’5.
2129 2399 2329 2454 Eadem
2348 2408 2495 2453 certe
2516 2404 2571 2451 et
2603 2396 2670 2451 de
2693 2395 2972 2452 historicis
2990 2395 3175 2451 dicere
3198 2394 3392 2459 habeo,
3418 2407 3559 2464 prrs-

1973 2494 2161 2550 sertim
2191 2507 2316 2547 cum
2361 2490 2430 2545 ad
2484 2489 2823 2544 audientium
2870 2489 3112 2542 animum
3175 2487 3556 2542 oblectandum

1974 2585 2236 2642 historias
2249 2582 2624 2638 conscribunt.
2659 2580 2769 2636 Nec
2780 2582 2942 2636 etiam
2960 2580 3240 2635 rhetorum
3259 2581 3559 2636 mentiendi

1974 2681 2149 2728 artem
2166 2670 2522 2727 imitabimur.
2542 2669 2755 2726 Etenim
2774 2687 2948 2740 neque
2970 2671 3024 2725 in
3045 2670 3290 2741 judiciis,
3305 2686 3484 2740 neque
3500 2672 3560 2727 in

1973 2766 2095 2822 aliis
2115 2763 2425 2819 actionibus
2452 2762 2789 2818 conveniens
2819 2763 2980 2818 nobis
3012 2762 3173 2818 fuerit
3191 2762 3559 2830 mendacium,

1970 2862 2064 2930 qui
2082 2864 2286 2913 rectam
2300 2871 2365 2910 ac
2389 2869 2570 2911 veram
2586 2855 2709 2908 vitae
2729 2854 2868 2907 viam
2890 2853 3122 2925 amplexi
3145 2854 3341 2919 simus,
3356 2862 3412 2906 et
3435 2853 3560 2922 qui-

1972 2952 2075 3008 bus
2108 2965 2216 3004 non
2248 2948 2457 3019 litigare
2486 2947 2603 3017 lege
2633 2956 2959 3016 praeceptum
2993 2946 3084 3000 sit.
3118 2943 3225 2998 Sed
3266 2945 3357 2998 illa
3384 2944 3561 3012 magis

1972 3039 2346 3110 probabimus,
2401 3039 2457 3092 in
2501 3038 2702 3108 quibus
2753 3038 3011 3092 virtutem
3061 3036 3421 3099 laudaverint,
3468 3043 3563 3087 aut

293 3140 707 3212 ἀποδεξόμεθα,
736 3144 796 3195 ὲν
843 3136 924 3205 οἷς
969 3141 1167 3214 ἀρετὴν
1215 3142 1568 3213 ὲπῄνεσαν,ἢ
1609 3142 1875 3214 πονηρίαν

1986 3131 2339 3201 vituperarint
2379 3131 2592 3184 vitium.
2644 3128 2711 3184 Ut
2750 3131 2896 3183 enim
2947 3127 3144 3198 reliqui
3196 3127 3314 3181 solo
3365 3125 3561 3179 ﬂorum

292 3231 542 3285 διέϐαλον
568 3231 705 3301 (35).
747 3232 835 3295 Ὠς
873 3233 982 3302 γὰρ
1013 3232 1122 3286 τῶν
1156 3232 1363 3287 ἀνθέων
1396 3238 1510 3296 τοῖς
1543 3234 1641 3303 μὲν
1669 3233 1877 3297 λοιποῖς

295 3321 425 3392 ἄχρι
472 3321 578 3390 τῆς
616 3320 911 3394 summa
958 3322 1058 3393 τῆς
1100 3323 1266 3393 χρόας
1299 3324 1446 3376 ἐστὶν
1492 3324 1526 3393 ἡ
1554 3323 1876 3387 ἀπόλαυσις,

294 3412 417 3473 ταῖς
442 3410 727 3480 μελίτταις
757 3411 804 3465 δ’
832 3412 943 3483 ἄρα
974 3414 1068 3466 καὶ
1097 3413 1219 3485 μέλι
1250 3413 1548 3484 λαμϐάνειν
1571 3414 1665 3468 ἀπ’
1700 3414 1879 3468 αὐτῶν

300 3502 538 3574 ὑπάρχει
561 3519 575 3533 ·
609 3502 753 3560 οὓτω
785 3503 849 3575 δὴ
884 3504 1159 3559 κάνταῦθα
1181 3509 1293 3569 τοῖς
1322 3506 1396 3576 μὴ
1425 3505 1487 3558 τὸ
1509 3506 1605 3577 ἡδὺ
1639 3508 1733 3560 καὶ
1762 3505 1880 3559 ἐπί-

299 3611 426 3667 χαρι
463 3595 631 3666 μόνον
662 3595 772 3649 τῶν
806 3597 1065 3651 τοιούτων
1094 3598 1267 3667 λόγων
1304 3598 1590 3654 διώκουσιν
1620 3598 1734 3652 ἔστι
1760 3598 1882 3652 τινὰ

301 3687 396 3741 καὶ
428 3687 702 3757 ὠφέλειαν
741 3689 837 3742 ἀπ’
871 3689 1049 3745 αὐτῶν
1100 3692 1180 3755 είς
1213 3691 1310 3763 τὴν
1339 3690 1515 3762 ψυχὴν
1556 3690 1879 3746 ἀποθέσθαι.

304 3780 460 3834 Κατὰ
488 3781 674 3834 πᾶσαν
710 3780 777 3852 δὴ
815 3778 909 3837 οὖν
939 3782 1048 3837 τῶν
1093 3782 1353 3853 μελιττῶν
1398 3784 1498 3854 τὴν
1541 3783 1743 3847 εἰκόνα,
1775 3782 1883 3837 τῶν

305 3871 479 3941 λόγων
506 3873 641 3943 ύμῖν
684 3873 997 3944 μεθεκτέον.
1045 3875 1278 3928 Ἐκεῖναί
1317 3890 1378 3928 τε
1408 3873 1517 3947 γὰρ
1544 3872 1669 3927 οὔτε
1711 3874 1884 3928 ἅπασι

307 3967 416 4028 τοῖς
448 3962 639 4018 ἄνθεσι
684 3964 1085 4036 παραπλησίως
1130 3964 1476 4037 ἐπέρχονται,
1511 3962 1634 4018 οὔτε
1665 3964 1773 4036 μὴν
1803 3958 1885 4027 οἷς

308 4057 374 4110 ἂν
399 4055 708 4109 ὲπιπτῶσιν
736 4056 835 4110 ὅλα
861 4056 1047 4129 φέρειν
1072 4055 1459 4128 ἐπιχειροῦσιν,
1486 4056 1601 4110 ἀλλ’
1633 4057 1757 4109 ὅσον
1786 4054 1887 4109 αὺ-

309 4146 416 4202 τῶν
466 4147 782 4220 ἐπιτήδειον
841 4148 978 4220 πρὸς
1024 4149 1124 4222 τὴν
1170 4149 1433 4221 ἐργασίαν
1478 4146 1739 4203 λαϐοῦσαι
1763 4188 1778 4212 ,
1826 4147 1889 4199 τὸ

312 4236 498 4293 λοιπὸν
541 4240 761 4311 χαίρειν
802 4241 1043 4312 ἀφῆκαν.
1107 4241 1296 4313 Ἡμεῖς
1348 4258 1429 4307 τε,
1468 4241 1536 4311 ἣν
1594 4239 1887 4312 σωφρονῶ-

318 4349 411 4402 μεν
435 4332 576 4403 (56),
610 4333 737 4386 ὅσον
761 4333 961 4389 οίκεῖον
984 4334 1116 4405 ἡμῖν
1144 4332 1239 4387 καὶ
1271 4333 1531 4403 συγγενὲς
1566 4337 1633 4405 τῇ
1663 4332 1891 4407 ἀληθείᾳ

1979 3225 2125 3279 bono
2154 3222 2323 3277 odore
2351 3230 2445 3276 aut
2472 3224 2656 3277 colore
2697 3220 3075 3291 perfruuntur,
3120 3233 3251 3289 apes
3291 3233 3419 3273 vero
3458 3216 3567 3270 mei

1980 3316 2144 3372 etiam
2175 3332 2240 3372 ex
2266 3317 2346 3372 eis
2377 3329 2674 3384 excerpere
2705 3320 2909 3368 norunt
2940 3329 2953 3366 :
2991 3311 3066 3364 ita
3092 3310 3181 3365 hic
3206 3324 3444 3382 quoque,
3468 3309 3565 3377 qui

1981 3422 2091 3462 non
2128 3410 2299 3463 solam
2332 3406 2604 3478 ejusmodi
2631 3406 2897 3460 librorum
2922 3403 3326 3473 jucunditatem
3351 3415 3414 3454 ac
3442 3414 3567 3455 sua-

1984 3501 2203 3557 vitatem
2234 3506 2648 3563 consectantur,
2697 3497 2767 3552 iis
2798 3496 2928 3550 licet
2969 3493 3178 3563 aliquid
3221 3492 3387 3548 etiam
3421 3490 3568 3545 utili-

1983 3593 2113 3648 tatis
2143 3608 2207 3647 cx
2239 3592 2347 3647 illis
2386 3592 2441 3644 in
2471 3590 2653 3644 anima
2684 3602 2965 3659 reponere.
3017 3586 3255 3639 Omnino
3298 3585 3464 3655 igitur
3499 3583 3570 3637 ad

1985 3705 2147 3761 apum
2204 3686 2537 3757 exemplum,
2565 3685 2652 3740 bis
2687 3683 2843 3738 libris
2875 3681 3133 3736 utendum
3163 3678 3318 3734 vobis
3340 3677 3572 3733 est.llla=

1984 3781 2128 3837 enim
2177 3791 2353 3847 neque
2392 3775 2618 3829 tioribus
2657 3774 2911 3827 omnibus
2959 3786 3025 3824 ex
3072 3783 3229 3839 aequo
3299 3767 3567 3830 insidunt,

1987 3888 2164 3943 neque
2211 3872 2372 3925 etiam
2404 3869 2470 3925 ad
2500 3882 2638 3938 quos
2675 3864 3003 3923 advolarint,
3051 3877 3145 3917 eos
3179 3868 3322 3914 totos
3355 3857 3572 3913 auferre

1988 3972 2308 4020 conantur:
2344 3961 2437 4016 sed
2470 3975 2596 4014 cum
2642 3958 2829 4012 ex'eis
2878 3962 3141 4026 quantum
3187 3953 3443 4007 idoneum
3487 3958 3573 4006 est

1990 4055 2058 4109 ad
2085 4069 2247 4123 opus,
2276 4051 2442 4107 semel
2476 4051 2764 4121 collegi-re,
2809 4048 3079 4118 reliquum
3112 4045 3415 4100 dimittunt.
3462 4040 3573 4096 Nos

1989 4162 2204 4218 quoque
2243 4145 2286 4201 si
2329 4145 2597 4215 sapimus,
2651 4142 2742 4196 ubi
2786 4147 3052 4210 quantum
3100 4137 3261 4192 nobis
3300 4134 3573 4205 congruit,

1991 4252 2054 4291 ac
2087 4237 2298 4292 veritati
2352 4235 2514 4290 aliine
2544 4240 2647 4297 est,
2682 4248 2746 4287 ex
2780 4232 2864 4285 his
2911 4230 3132 4301 scriptis
3177 4228 3575 4299 collegerimus,

1992 4330 2261 4399 reliquum
2289 4327 2789 4399 praetermittemus.
2824 4322 2888 4377 Et
2918 4320 3376 4394 quemadmodum
3402 4321 3454 4373 in
3482 4319 3577 4372 de—

317 4427 445 4496 παρ⁹
470 4425 656 4479 αὐτῶν
698 4426 1088 4497 κομισάμενοι,
1134 4423 1560 4497 ὑπερϐησόμεθα
1607 4424 1670 4477 τὸ
1710 4423 1879 4477 λειπό-

1994 4422 2268 4493 cerpendo
2300 4421 2465 4477 roseti
2524 4418 2658 4479 ﬂore
2705 4428 2888 4474 sentes
2924 4418 3231 4472 devitamus
3259 4434 3270 4470 :
3303 4415 3385 4468 sic
3426 4421 3481 4466 et
3521 4413 3577 4465 in

320 4532 495 4586 μενον.
528 4515 643 4570 Καὶ
670 4514 925 4588 καθάπερ
951 4514 1051 4586 τῆς
1095 4514 1350 4584 poema;
1385 4512 1477 4577 τοῦ
1524 4513 1718 4579 ἄνθους
1766 4514 1889 4586 δρε-

316 4609 552 4680 ψάμενοι
575 4608 680 4672 τάς
710 4607 954 4672 ἀκάνθας
987 4608 1331 4679 ὲκκλίνομεν,
1357 4607 1500 4662 οὕτω
1529 4608 1625 4662 καὶ
1656 4606 1752 4660 ἐπὶ
1779 4606 1889 4659 τῶν

317 4700 576 4754 τοιούτων
622 4699 803 4768 λόγων
843 4699 969 4754 ὅσον
1019 4700 1291 4770 χρήσιμον
1337 4699 1794 4771 καρπωσάμενοι,
1831 4699 1893 4752 τὸ

324 4791 584 4865 βλαϐερὸν
618 4789 986 4862 φυλαξώμεθα
1006 4791 1137 4863 (57).
1162 4790 1338 4855 Εὐθὺς
1369 4786 1463 4845 οὖν
1489 4788 1550 4855 ἐξ
1579 4790 1752 4862 ἀρχῆς
1775 4792 1893 4843 ἐπι-

326 4886 541 4938 σκοπεῖν
579 4882 814 4938 ἕκαστον
841 4882 952 4936 τῶν
992 4881 1347 4955 μαθημάτων,
1398 4883 1493 4936 καὶ
1537 4880 1895 4953 συναρμόζειν

1996 4517 2202 4572 talibus
2258 4512 2606 4569 sermonibus
2655 4511 2922 4582 quidquid
2966 4510 3100 4564 utile
3144 4518 3229 4562 est
3265 4512 3576 4575 carpentes,

1999 4607 2226 4663 noxium
2254 4605 2510 4660 vitemus.
2539 4601 2734 4663 Statim
2766 4602 2932 4671 igitur
2961 4601 3032 4655 ab
3066 4601 3224 4653 initio
3258 4594 3582 4664 disciplinas

2002 4700 2243 4771 singulas
2264 4697 2633 4762 considerare,
2652 4707 2703 4752 et
2725 4695 2791 4748 ad
2819 4695 2976 4748 ﬁnem
2996 4688 3426 4767 accommodare,
3453 4700 3582 4755 ope-

2002 4808 2076 4849 ra:
2099 4792 2336 4863 pretium
2361 4798 2466 4857 est,
2500 4801 2556 4847 ut
2579 4798 2663 4846 est
2693 4791 2748 4844 in
2773 4788 2971 4843 Dorico
3009 4783 3319 4855 proverbio,
3356 4779 3582 4848 lapidem

2006 4886 2074 4941 ad
2103 4884 2400 4955 funiculum
2423 4885 2689 4939 ducentes.
2740 4881 2806 4934 Et
2834 4880 3057 4950 quando
3090 4892 3189 4948 per
3216 4876 3473 4928 virtutem
3516 4874 3582 4926 ad

325 4975 398 5047 τῷ
421 4977 567 5030 τέλει
594 4976 865 5047 προσῆκε,
888 4974 1030 5030 κατὰ
1055 4974 1152 5047 τὴν
1170 4976 1420 5047 Δωρικὴν
1445 4974 1767 5046 παροιμίαν,
1791 4972 1879 5027 τὸν

2006 4988 2250 5035 nostram
2285 4978 2430 5031 illam
2457 4976 2625 5030 vitam
2662 4973 2948 5045 pervenire
2985 4986 3087 5025 nos
3115 4974 3350 5038 oportet,
3383 4965 3450 5020 de
3483 4963 3586 5019 hac

326 5069 492 5122 λίθον
522 5067 659 5123 ποτὶ
688 5067 803 5122 τὰν
839 5065 1111 5136 σπάρτον
1139 5065 1415 5137 ἄγοντας.
1456 5067 1566 5119 Καὶ
1601 5066 1879 5136 ὲπειδήπεε

2008 5081 2190 5125 autem
2238 5070 2406 5122 multa
2432 5067 2629 5137 poetis,
2661 5066 2830 5119 multa
2874 5061 3176 5124 historicis,
3215 5059 3388 5113 multo
3427 5058 3584 5128 plura

329 5159 391 5213 δι’
428 5161 628 5232 ἀρετῆς
673 5162 821 5235 ἡμᾶς
860 5161 954 5214 ἐπὶ
995 5160 1105 5231 ('58)
1140 5160 1227 5214 τὴν
1265 5160 1380 5231 βίον
1410 5158 1654 5213 καθεῖναι
1683 5159 1764 5212 δεῖ
1808 5158 1879 5211 τὸτ

2012 5160 2350 5233 philosophis
2380 5160 2667 5213 decantata
2706 5163 2853 5217 sunt,
2897 5152 2964 5206 ad
2999 5152 3268 5220 ejusmodi
3306 5164 3590 5211 sermones

401 5341 507 5414 (τῇ)
540 5341 1015 5414 Ιιξεὶὶιίὸρίζονται,
1037 5341 1106 5395 At
1136 5358 1269 5399 mss.
1303 5342 1457 5414 multi
1486 5341 1795 5414 ὁρίζωνται.

402 5412 508 5483 ιξὸ)
548 5411 643 5483 §ic
670 5411 889 5483 veteres
924 5412 1171 5483 quinque
1197 5411 1350 5468 libri.
1376 5412 1527 5483 Editi
1551 5412 1617 5476 ἃς
1642 5411 1765 5464 κᾶν.

404 5481 510 5554 {34)
543 5482 727 5538 Editio
765 5481 955 5538 Paris.
988 5483 1291 5554 ἐπιτήδειον
1322 5485 1469 5554 ὑμῖν.
1505 5482 1575 5536 At
1608 5496 1743 5537 mss.
1772 5492 1906 5550 qua-

339 5561 453 5604 tuor
482 5556 632 5622 ἡμῖν.

406 5620 697 5691 (ὄὸἱυηυε
725 5639 863 5680 mss.
894 5623 929 5693 ἢ
960 5623 1158 5677 κακίαν
1186 5623 1451 5678 διέϐαλον.
1476 5622 1598 5676 Mox
1618 5620 1770 5677 Colb.
1799 5626 1907 5672 ter—

346 5692 446 5744 tius
470 5693 558 5745 καὶ
580 5695 697 5761 τῆς.

2014 5344 2137 5406 post
2168 5335 2324 5390 Colb.
2370 5332 2565 5387 tertius
2599 5329 2773 5397 λόγων
2813 5325 2875 5378 τὸ
2923 5326 3018 5397 ἡδὺ
3057 5323 3312 5384 λαϐόντες
3350 5320 3412 5374 τὸ
3456 5318 3586 5390 βλα-

2014 5407 2373 5547 ϐεὲζῖβάἱιὶ
2416 5467 2781 5547 φυλαξάμεθα.
2831 5468 2900 5518 At
2948 5480 3085 5547 mss.
3128 5461 3287 5547 multi
3336 5456 3586 5530 φυλαξώ·

2019 5536 2193 5619 μεθαξ
2217 5543 2411 5619 S_ta_ti_m
2430 5536 2600 5619 ςοιιξ.
2627 5536 2833 5619 tertius
2854 5536 3264 5619 empty-errati:
3310 5601 3322 5613 ε

2088 5618 2201 5684 (58)
2229 5609 2633 5684 EditioPar‘is.
2677 5609 2824 5676 ἡμᾶς
2850 5599 2962 5659 ἐπί.
2993 5604 3174 5684 Editio
3200 5601 3371 5684 Βξιειὶιζ
3395 5605 3451 5684 et
3479 5599 3588 5684 duo

2021 5668 2315 5753 ,ιιέεξίίιμῖν
2349 5681 2461 5753 ἐπί.
2498 5680 2600 5731 Alii
2643 5668 2880 5753 quatuor
2928 5691 3065 5733 mss.
3111 5672 3310 5745 ἀρετῆς
3354 5671 3448 5723 ἐπὶ
3498 5668 3589 5731 τὸν

412 5761 519 5833 (56)
549 5746 679 5838 Reg.
714 5764 926 5836 primus
963 5766 1049 5820 ἵνα
1078 5762 1462 5836 σωφρονῶμεν.
1498 5761 1609 5817 Nec
1638 5760 1712 5814 ita
1735 5759 1879 5813 multi

2022 5757 2133 5831 βίον
2156 5746 2285 5827 ἡμῖν
2315 5752 2580 5814 καθεῖναι,
2611 5750 2714 5804 alio
2746 5746 2958 5807 ordine.
