3982 6240
424 347 525 403 571

1779 342 1837 399 S.
1880 334 2130 399 BASILH
2169 338 2388 402 MAGNI

3587 346 3693 405 572

418 468 659 526 maxime
683 464 1064 537 adjungendus
1093 463 1312 518 animus
1338 469 1444 518 est.
1471 461 1585 519 Nec
1613 461 1761 516 enim
1801 461 2001 515 utilitas

2117 459 2406 532 ἡμέτερον,
2435 460 2517 523 είς
2557 459 2760 530 ταύτην
2792 459 2846 513 δὲ
2881 460 3051 515 πολλὰ
3088 460 3186 532 μὲν
3217 463 3484 532 ποιηταῖς,
3524 463 3693 520 πολλὰ

420 574 591 634 parva
619 566 724 624 est,
773 557 1203 612 familiaritatem
1246 556 1540 626 quamdam
1584 562 1751 625 atque
1782 568 2010 608 consue-

418 652 668 709 tudinem
720 650 942 705 virtutis
992 648 1309 719 ingenerari
1342 648 1751 703 adolescentum
1784 646 2005 711 animis,

421 765 548 805 eum
593 748 805 802 soleant
849 745 1184 799 inconcussa
1230 756 1554 813 permanere
1590 740 1779 795 talium
1839 739 2008 794 docu-

422 846 631 906 menta,
660 839 769 893 alte
804 837 858 892 in
893 837 977 892 eis
1006 835 1078 891 ob
1098 834 1408 888 animorum
1449 832 1874 887 teneritudinem
1908 831 2010 885 im-

420 948 611 1005 pressa
642 931 1045 1002 insculptaque.
1074 928 1284 1000 Ecquid
1306 926 1525 982 tandem
1543 926 1690 982 aliud
1712 925 2009 981 Hesiodum

419 1027 698 1097 cogitasse
726 1023 1071 1095 putabimus,
1116 1037 1241 1076 cum
1275 1020 1400 1077 illos
1432 1034 1623 1077 versus
1653 1019 1723 1074 ab
1753 1018 2009 1073 omnibus

419 1117 746 1174 decantatos
779 1115 1114 1186 composuit,
1156 1114 1266 1169 nisi
1296 1120 1357 1167 ut
1391 1111 1779 1166 adhortaretur
1819 1109 2006 1165 adole-

421 1214 643 1266 mentes
675 1206 746 1263 ad
771 1206 1071 1263 virtutem?
1098 1204 1309 1274 Aspera
1352 1203 1598 1274 quidem,
1649 1202 1848 1273 inquit,
1900 1201 2010 1272 pri-

421 1315 573 1355 mum
601 1308 687 1357 est
717 1308 772 1356 et
813 1315 1042 1356 accessu
1073 1297 1331 1366 diﬂicilis,
1372 1297 1657 1366 multoque
1699 1295 1901 1351 sudore
1944 1309 2010 1349 ac

422 1391 610 1446 labore
633 1391 817 1461 plena,
851 1398 1018 1460 atque
1044 1389 1220 1445 ardua
1246 1389 1357 1453 via,
1393 1403 1517 1458 quae
1552 1387 1774 1443 deducit
1804 1387 1872 1441 ad
1898 1386 2004 1441 vir-

419 1491 614 1539 tutem.
651 1482 998 1555 Quapropter
1036 1499 1146 1540 non
1195 1493 1280 1539 est
1311 1482 1561 1552 cujusvis
1593 1482 1660 1537 ad
1692 1497 1813 1537 eam
1862 1480 2008 1534 viam

420 1576 702 1642 accedere,
742 1577 812 1632 ob
846 1577 1213 1632 acclivitatem
1250 1594 1263 1630 :
1296 1591 1477 1647 neque
1511 1576 1585 1641 ei,
1620 1576 1716 1647 qui
1751 1577 2006 1640 accessit,

418 1666 580 1723 facile
607 1668 791 1725 estad
832 1679 1135 1724 extremum
1159 1668 1468 1739 pervenire.
1507 1667 1636 1736 Sed,
1674 1685 1799 1723 cum
1841 1668 2009 1724 semel

420 1776 697 1816 summum
743 1762 1006 1832 attigerit,
1062 1761 1266 1817 intueri
1324 1762 1514 1817 licebit
1558 1777 1722 1832 quam
1760 1763 1912 1819 laevis
1954 1771 2008 1817 et

421 1852 650 1922 pulchra
698 1854 858 1923 177
891 1853 985 1916 sit,
1014 1868 1179 1923 quam
1206 1853 1387 1910 facilis
1422 1861 1477 1909 et
1501 1854 1775 1924 expedita,
1810 1855 2012 1925 jucun-

418 1943 650 2014 diorque
681 1941 879 1998 itinere
908 1943 1016 1997 alio
1044 1943 1114 1997 ad
1163 1944 1354 1999 vitium
1394 1944 1631 2000 dueente
1662 1964 1674 2000 :
1706 1945 1856 2014 quod
1899 1953 2013 2001 sta-

417 2036 517 2089 tim
547 2036 618 2091 ob
651 2035 911 2090 viciniam
946 2036 1117 2106 arripi
1151 2052 1313 2106 posse
1345 2037 1483 2092 dixit
1513 2038 1657 2094 idem
1694 2038 1786 2095 ille
1823 2049 2004 2109 poeta.

418 2125 549 2180 Mihi
585 2126 730 2181 enim
766 2127 1007 2190 videtur,
1039 2141 1170 2181 cum
1200 2125 1315 2182 haec
1342 2127 1546 2184 litteris
1586 2127 1869 2198 proderet,
1918 2127 2007 2180 ni-

417 2218 495 2272 hil
525 2218 670 2273 aliud
703 2218 807 2274 sibi
838 2219 1214 2288 proposuisse,
1252 2235 1420 2290 quam
1462 2228 1520 2274 ut
1560 2220 1875 2276 hortaretur
1904 2237 2008 2276 nos

418 2310 486 2365 ad
512 2310 791 2374 virtutem,
818 2311 1192 2382 invitaretque
1223 2326 1418 2366 omnes
1450 2316 1514 2365 ut‘
1537 2321 1724 2368 essent
1753 2313 1905 2376 boni,
1953 2323 2007 2367 et

417 2415 489 2455 ne
520 2399 807 2455 laboribus
845 2399 1029 2468 fracti,
1084 2410 1212 2457 ante
1253 2403 1536 2458 obtentum
1575 2403 1736 2459 ﬁnem
1776 2403 2008 2461 dcsistaA

417 2508 565 2549 mus.
596 2495 776 2563 Atque
802 2494 966 2548 etiam
1013 2494 1061 2549 si
1102 2495 1228 2565 quis
1274 2495 1417 2551 alius
1457 2497 1714 2552 similiter
1746 2497 2005 2553 virtutem

415 2587 737 2653 celebravit,
766 2587 888 2657 ejus
921 2602 1206 2644 sermones
1230 2589 1376 2643 velut
1402 2590 1459 2644 in
1493 2590 1729 2660 idipsum
1768 2590 2006 2648 ferentes

416 2680 770 2752 recipiamus.
1489 2678 1512 2698 ‘

486 2861 542 2915 4.
570 2858 690 2915 Jam
733 2877 883 2926 vero,
936 2871 997 2918 ut
1041 2880 1144 2936 ego
1180 2881 1210 2918 a
1253 2865 1370 2920 viro
1417 2864 1676 2936 quodam,
1713 2866 1805 2936 qui
1852 2880 2006 2922 asse-

414 2953 624 3024 quendi
656 2962 891 3009 mentem
925 2964 1097 3026 poetze
1125 2958 1336 3027 peritus
1368 2966 1508 3023 erat,
1530 2956 1735 3019 audivi,
1754 2964 1866 3011 tota
1892 2955 2004 3011 Ho-

415 3048 554 3104 meri
585 3048 766 3119 poesis
793 3049 1012 3105 virtutis
1042 3051 1163 3107 laus
1184 3058 1313 3118 est;
1353 3052 1410 3104 in
1440 3064 1616 3120 eoque
1649 3051 1835 3105 omnia
1867 3066 2007 3120 prae-

413 3148 502 3194 ter
533 3139 587 3194 id
615 3140 761 3210 quod
793 3142 1027 3197 ornandi
1060 3143 1333 3198 sermonis
1368 3144 1541 3212 gratia
1572 3143 1845 3212 adjectum
1891 3150 1998 3205 est,
2030 3163 2071 3221 ο

412 3232 523 3287 huc
555 3233 810 3299 tendunt,
833 3236 1070 3291 maxime
1099 3243 1283 3291 autem
1309 3236 1405 3290 ubi
1422 3236 1878 3305 Cephallenorum
1904 3236 2005 3291 du-

413 3331 533 3370 cem
557 3332 589 3372 e
617 3316 907 3390 naufragio
932 3320 1439 3391 nudumqservatum
1476 3321 2002 3378 exliihuit.Primum

412 3409 636 3479 quidem
653 3419 840 3464 narrat
861 3410 1106 3481 reginam
1138 3427 1287 3477 eum,
1305 3411 1471 3465 simul
1499 3421 1556 3465 ut
1571 3412 1625 3466 in
1645 3421 2000 3483 conspectum

412 3501 586 3568 venit,
617 3502 910 3558 reveritam
944 3519 1087 3568 esse,
1107 3511 1323 3557 tantum
1357 3505 1547 3559 aberat
1578 3514 1637 3559 ut
1662 3504 2000 3575 pudereeum

411 3590 662 3659 deberet,
689 3593 835 3664 quod
867 3594 1050 3651 nudus
1096 3595 1359 3666 solusque
1392 3595 1823 3665 conspiceretur,
1875 3611 2001 3650 cum

411 3687 592 3743 virtus
628 3687 865 3745 vestium
905 3689 1028 3743 loco
1056 3703 1182 3743 eum
1213 3700 1527 3745 exomaret.
1565 3689 1770 3745 Deinde
1810 3705 1843 3744 a
1882 3690 2006 3745 reli-

411 3778 538 3849 quis
566 3794 786 3849 quoque
832 3778 1155 3835 Phaeacibus
1190 3780 1328 3835 tanti
1367 3782 1696 3836 mstimatum
1749 3796 1894 3848 esse,
1943 3788 2003 3836 ut

411 3871 619 3929 relictis
645 3872 860 3928 deliciis
884 3872 937 3926 in
968 3873 1170 3942 quibus
1191 3872 1465 3937 vivebant,
1483 3873 1824 3942 suspicerent
1847 3872 1999 3927 illum

411 3976 627 4027 omnes,
649 3964 1169 4035 atmularenturque,
1199 3980 1301 4020 nec
1336 3965 1510 4019 ullum
1537 3972 1677 4046 tunc.
1714 3965 1770 4020 in
1809 3963 2001 4019 Phaea-

410 4054 571 4110 cibus
613 4055 807 4121 fuisse,
868 4058 964 4126 qui
1016 4057 1164 4111 aliud
1217 4056 1518 4128 quidquam
1572 4065 1784 4126 optaret
1824 4057 2000 4128 magis

409 4161 581 4215 quam
607 4155 668 4202 ut
696 4146 926 4218 Ulysses
957 4157 1131 4212 esset,
1160 4148 1326 4219 idque
1348 4165 1380 4204 e
1408 4149 1696 4219 naufragio
1723 4160 1997 4207 servatus.

410 4238 471 4292 lu
505 4238 593 4294 his
619 4239 765 4294 enim
797 4240 978 4295 aiebat
1009 4241 1099 4296 ille
1133 4240 1335 4296 mentis
1356 4248 1529 4311 poetae
1556 4240 1855 4311 interpres,
1890 4241 2000 4296 llo-

410 4346 620 4387 merum
656 4339 869 4388 tantum
898 4348 1009 4389 non
1045 4334 1370 4390 clamantem
1390 4333 1575 4390 dicere
1599 4353 1612 4389 :
1638 4333 1895 4390 Habenda
1916 4343 2002 4392 est

410 4423 589 4487 vobis,
621 4438 655 4478 o
683 4422 955 4491 homines,
1013 4425 1237 4480 virtutis
1260 4441 1417 4492 cura,
1456 4441 1581 4497 quae
1620 4433 1675 4482 et
1716 4442 1826 4482 una
1869 4443 1994 4482 cum

2111 552 2167 604 δὲ
2201 551 2597 624 συγγραφεῦσι,
2634 551 2813 623 πολλῷ
2843 552 2900 605 δὲ
2928 552 3007 606 ἔτι
3038 553 3208 608 πλείω
3250 554 3562 625 φιλοσόφοις
3595 559 3689 610 ἀν-

2111 643 2302 715 δράσιν
2353 644 2613 716 ὕμνηται,
2641 648 2754 709 τοῖς
2784 646 3047 711 τοιούτοις
3083 647 3191 701 τῶν
3235 647 3408 718 λόγων
3456 647 3691 719 μάλιστα

2112 739 2460 808 προσεκτέον.
2474 738 2547 790 Οὐ
2579 739 2774 811 μικρὸν
2796 739 2905 811 γὰρ
2928 738 2990 793 et
3009 740 3219 810 ὄφελος,
3238 742 3548 814 οἰκειότητά
3569 761 3692 797 τινα

2113 830 2208 883 καὶ
2255 829 2545 901 συνήθειαν
2587 833 2709 894 ταῖς
2758 830 2870 885 τῶν
2916 832 3052 886 νέων
3098 831 3299 904 ψυχαῖς
3345 833 3445 905 τῆς
3489 835 3693 905 ἀρετῆς

2112 920 2460 988 ὲγγενέσθαι’
2503 921 2732 994 ἐπείπερ
2773 923 3127 994 ἀμετάστατα
3173 924 3413 995 πέφυκεν
3446 922 3586 980 εἶναι
3622 927 3694 981 τὰ

2109 1010 2217 1065 τῶν
2257 1012 2514 1067 τοιούτων
2566 1012 2677 1085 (59)
2727 1013 3061 1086 μαθήματα,
3103 1016 3171 1070 δι’
3216 1016 3534 1087 ἁπαλότητα
3575 1018 3689 1072 τῶν

2109 1104 2295 1174 ψυχῶν
2325 1107 2406 1170 είς
2433 1105 2595 1176 βάθος
2619 1108 3077 1179 ἐνσημαινόμενα.
3093 1109 3162 1161 Ἦ
3188 1109 3240 1162 τί
3266 1127 3396 1163 ποτε
3416 1109 3543 1164 ἄλλο
3567 1110 3688 1164 δια-

2111 1197 2369 1269 νοηθέντα
2392 1199 2484 1252 τὸν
2521 1199 2763 1254 Ἡσίοδον
2795 1200 3159 1272 ὑπολάϐωμεν
3185 1202 3343 1256 ταυτὶ
3366 1203 3592 1274 ποιῆσαι
3617 1203 3692 1258 τὰ

2110 1288 2250 1358 ἔπη,
2287 1288 2323 1343 ἀ
2370 1289 2570 1354 πάντες
2601 1290 2816 1362 ᾄδουσιν
2840 1332 2856 1358 ,
2890 1291 2923 1363 ἢ
2973 1292 3095 1362 οὐχὶ
3134 1293 3513 1364 προτρέποντα
3560 1294 3693 1360 τοὺς

2110 1383 2262 1446 νέους
2316 1385 2403 1449 ἐπ’
2442 1384 2678 1454 ἀρετήν;
2735 1384 2857 1437 Ὅτι
2909 1388 3138 1456 τραχεῖα
3187 1386 3287 1457 μὲν
3335 1386 3553 1459 πρῶτον
3596 1388 3695 1441 καὶ

2109 1474 2402 1541 δύσϐατος,
2451 1474 2546 1528 καὶ
2593 1474 2815 1545 ἱδρῶτος
2865 1474 3060 1545 συχνοῦ
3109 1476 3205 1529 καὶ
3249 1475 3410 1530 πόνου
3453 1477 3691 1549 πλήρης,

2110 1567 2144 1635 ἡ
2164 1565 2301 1636 πρὸς
2331 1564 2532 1636 ἀρετὴν
2547 1563 2811 1636 φέρουσα,
2831 1566 2927 1619 καὶ
2946 1565 3203 1638 ἀνάντης,
3225 1567 3364 1628 ὁδός.
3393 1569 3596 1639 Διόπερ
3628 1570 3691 1622 οὐ

2112 1659 2332 1724 παντὸς,
2359 1658 2482 1713 οὔτε
2523 1660 2828 1732 προσϐῆναι
2877 1662 3016 1733 αὐτῇ
3071 1662 3160 1716 διὰ
3188 1663 3250 1716 τὺ
3285 1662 3487 1735 ὄρθιον,
3542 1662 3691 1731 οὔτε,

2112 1753 2432 1824 προσϐάντι,
2467 1753 2663 1825 ῥᾳδίως
2691 1753 2786 1806 ἐπὶ
2821 1752 2884 1806 τὸ
2914 1753 3084 1826 ἀκρον
3110 1754 3306 1810 ἐλθεῖν.
3335 1758 3483 1809 "Aves
3508 1755 3567 1809 δὲ
3599 1774 3695 1826 γε-

2112 1846 2324 1918 νομένῳ
2352 1849 2485 1918 όρᾷν
2527 1846 2783 1918 ὑπάρχει,
2813 1846 2889 1909 ὡς
2934 1848 3030 1918 μὲν
3057 1847 3176 1900 λεία
3203 1865 3264 1901 τε
3305 1849 3412 1902 καὶ
3435 1848 3591 1919 καλὴ,
3616 1849 3695 1910 ὡς

2109 1937 2167 1991 δὲ
2203 1937 2362 2010 ῥᾳδία
2390 1954 2449 1990 τε
2489 1938 2585 1991 καὶ
2618 1936 2873 2008 εὔπορος,
2909 1938 3004 1990 καὶ
3038 1938 3137 2008 τῆς
3166 1939 3362 2010 ἑτέρας
3401 1940 3565 2010 ἡδίων
3594 1942 3693 2012 τῆς

2109 2030 2201 2083 ἐπὶ
2225 2031 2324 2101 τὴν
2358 2030 2559 2084 κακίαν
2587 2029 2851 2100 ἀγούσης,
2872 2029 2940 2100 ἥν
2972 2029 3169 2101 ἀθρόον
3193 2029 3303 2101 (40)
3334 2027 3473 2084 εἶναι
3506 2031 3694 2085 λαϐεῖν

2107 2121 2174 2174 ὲκ
2205 2120 2300 2174 τοῦ
2332 2121 2598 2192 σύνεγγυς
2631 2125 2658 2175 ὁ
2696 2122 2857 2185 αὐτὸς
2886 2113 3041 2187 οὗτος
3069 2124 3299 2196 ποιητὴς
3326 2124 3525 2195 ἔφησεν
3551 2126 3689 2196 (41).

2121 2210 2275 2283 Ἐμοὶ
2300 2212 2398 2283 μὲν
2418 2215 2527 2284 γὰρ
2549 2213 2697 2267 δοκεῖ
2722 2214 2874 2267 οὐδὲν
2901 2214 3088 2285 ἕτερον
3112 2214 3155 2286 if
3182 2216 3510 2286 προτρέπων
3541 2219 3693 2286 ἡμᾶς

2108 2307 2197 2359 ἐπ’
2244 2305 2479 2376 ἀρετὴν,
2528 2305 2623 2358 καὶ
2674 2305 3125 2378 προκαλούμενος,
3166 2305 3412 2368 ἅπαντας
3450 2306 3693 2375 ἀγαθοὺς

2108 2394 2270 2461 εἶναι,
2304 2396 2476 2451 ταῦτα
2510 2396 2736 2451 διελθεῖν
2755 2439 2768 2461 ,
2795 2399 2890 2450 καὶ
2918 2397 3058 2451 ὥστε
3083 2396 3157 2467 μὴ
3180 2397 3691 2466 καταμαλακισθένρ

2105 2506 2204 2553 τας
2235 2489 2372 2561 πρὸς
2397 2490 2525 2551 τοὺς
2554 2490 2751 2553 πόνους
2783 2488 3199 2562 προαποστῆναι
3224 2488 3318 2543 τοῦ
3343 2489 3552 2554 τέλους.
3576 2491 3692 2544 Καὶ

2111 2580 2296 2651 μέντοι
2330 2582 2424 2633 καὶ
2457 2578 2512 2632 εἴ
2558 2597 2641 2643 τις
2670 2581 2856 2650 ἓτερος
2881 2580 3097 2633 ἐοικότα
3120 2579 3331 2644 τούτοις
3355 2580 3456 2651 τὴν
3488 2580 3693 2653 ἀρετὴν

2106 2670 2371 2742 ὕμνησεν,
2419 2671 2496 2735 ὡς
2540 2674 2622 2735 είς
2671 2672 2868 2725 ταύτὸν
2913 2672 3026 2744 (42)
3069 2674 3204 2744 ἡμῖν
3252 2672 3520 2744 φέροντας
3562 2674 3691 2737 τοὺς

2105 2763 2296 2831 λόγους
2324 2762 2742 2833 ἀποδεχώμεθα.

2176 2855 2229 2909 4.
2272 2855 2358 2918 Ὡς
2389 2854 2447 2907 δὲ
2493 2853 2604 2923 ἐγώ
2654 2872 2800 2919 τινος
2855 2856 3065 2927 ἤκουσα
3108 2856 3289 2911 δεινοῦ
3344 2857 3691 2927 καταμαθεῖν

2103 2945 2298 3019 ἀνδρὸς
2352 2946 2579 3019 ποιητοῦ
2611 2948 2852 3002 διάνοιαν
2876 2989 2893 3016 ,
2933 2950 3083 3002 πᾶσα
3139 2951 3238 3020 μὲν
3281 2950 3562 3023 ήποίησις
3612 2951 3691 3022 τῷ

2116 3042 2341 3113 Ὁμήρῳ
2358 3042 2560 3113 ἀρετῆς
2592 3042 2739 3095 ἐστιν
2771 3041 3012 3106 ἔπαινος,
3037 3042 3342 3098 καῖ’πάντα
3367 3042 3517 3114 αὑτῷ
3550 3044 3692 3116 πρὸς

2103 3134 2261 3188 τοῦτο
2286 3135 2466 3206 φέρει,
2493 3135 2522 3188 ὃ
2548 3152 2601 3188 τι
2621 3135 2696 3207 μὴ
2732 3136 3010 3207 πάρεργον
3030 3154 3043 3167 ·
3079 3136 3177 3207 οὑχ
3209 3137 3411 3207 ἥκιστα
3435 3137 3505 3190 δὲ’
3521 3138 3578 3191 ὲν
3606 3130 3693 3201 οἷς

2104 3226 2196 3280 τὸν
2249 3226 2556 3299 στρατηγὸν
2600 3228 2710 3281 τῶν
2763 3228 3130 3299 Κεφαλλήνων
3180 3230 3449 3302 πεποίηκε
3482 3229 3691 3300 γυμνὸν

2105 3322 2171 3374 ὲκ
2202 3319 2297 3373 τοῦ
2332 3320 2590 3389 ναυαγίου
2631 3320 3027 3392 περισωθέντα,
3075 3322 3291 3393 πρῶτον
3346 3323 3445 3393 μὲν
3479 3322 3691 3377 αἰδέσαι

2103 3412 2203 3482 τὴν
2233 3411 2483 3480 βασιλίδα
2506 3412 2747 3481 φανέντα
2777 3412 2938 3483 μόνον
2955 3429 2969 3443 ⁸
3000 3413 3259 3467 τοσούτου
3287 3414 3396 3468 δεῖν
3421 3414 3689 3487 αἰσχύνην

2103 3505 2336 3577 όφλῆσαι
2363 3507 2569 3574 γυμνὸν
2589 3505 2822 3574 ὀφθέντα
2851 3506 3032 3576 μόνον,
3056 3508 3354 3579 ἐπειδήπερ
3385 3508 3495 3579 (45)
3524 3507 3690 3563 αὑτὸν

2104 3598 2273 3670 ἀρετὴ
2304 3598 2425 3652 ἀντὶ
2466 3599 2698 3669 ἱματίων
2734 3599 3148 3671 κεκοσμημένον
3196 3600 3421 3672 ἐποίησε
3444 3619 3459 3632 ο
3493 3602 3690 3657 ἔπειτα

2107 3690 2290 3761 μέντοι
2314 3692 2408 3744 καὶ
2448 3694 2560 3754 τοῖς
2589 3690 2797 3756 λοιποῖς
2836 3692 3029 3758 Φαίαξι
3055 3694 3313 3749 τοσούτου
3351 3694 3500 3759 ἄξιον
3531 3713 3687 3766 νομι-

2105 3783 2322 3853 σθῆναι,
2350 3784 2515 3850 ὥστε,
2548 3785 2787 3854 ἀφέντας
2819 3785 2919 3856 τὴν
2945 3785 3158 3857 τρυφὴν
3252 3786 3510 3852 συνέζων,
3542 3789 3691 3841 ἐκεῖ-

2101 3894 2192 3931 νον
2216 3877 2329 3950 (44)
2362 3877 2697 3932 ἀποϐλέπειν
2724 3879 2820 3932 καὶ
2843 3877 3039 3950 ζηλοῦν
3064 3880 3328 3946 ἅπαντας,
3355 3882 3451 3935 καὶ
3479 3881 3687 3953 μηδένα

2100 3969 2355 4024 Φαιάκων
2379 3971 2436 4023 ὲν
2462 3971 2538 4041 τῷ
2561 3971 2683 4025 τότε
2706 3966 2846 4025 εἶναι
2864 3972 2991 4026 ἄλλο
3014 3989 3065 4024 τι
3087 3972 3153 4027 ἂν
3172 3971 3432 4038 εὔξασθαι
3456 3972 3683 4044 μᾶλλον,

2100 4062 2132 4134 ἢ
2172 4052 2439 4115 Ὀδυσσέα
2463 4062 2741 4130 γενέσθαι,
2775 4063 2879 4117 καῖ
2908 4062 3082 4117 ταῦτα
3115 4064 3181 4117 ὲκ
3222 4065 3485 4133 ναυαγίου
3526 4082 3687 4136 περι-

2099 4152 2363 4207 σωθέντα.
2397 4153 2487 4205 Ἐν
2523 4151 2735 4216 τούτοις
2770 4151 2882 4223 γὰρ
2919 4152 3153 4221 ἕλεγενό
3184 4152 3278 4205 τοῦ
3321 4152 3546 4223 ποιητοῦ
3580 4153 3686 4223 τῆς

2098 4244 2334 4308 διανοίας
2387 4243 2662 4315 ἐξηγητὴς
2684 4283 2700 4308 ,
2761 4244 3046 4315 μονονουχὶ
3097 4243 3304 4314 βοῶντα
3359 4243 3539 4314 λέγειν
3590 4244 3685 4298 τὸν

2101 4338 2371 4408 Ὅμηρον,
2405 4335 2488 4390 ὃτι
2526 4337 2754 4408 Ἀρετῆς
2806 4337 2935 4408 ὑμῖν
2982 4337 3362 4409 ἐπιμελητέον,
3390 4331 3436 4391 ὧ
3468 4337 3680 4409 ἄνθρωσ

2097 4446 2211 4495 ποι,
2241 4428 2277 4501 ἢ
2306 4430 2401 4482 καὶ
2429 4429 2800 4500 ναυαγήσαντι
2840 4429 3230 4499 συνεκνήχεται
3254 4468 3269 4494 ,
3304 4428 3399 4482 καὶ
3437 4427 3533 4481 ἐπὶ
3582 4428 3683 4499 τῆς

410 4513 681 4586 naufrago
716 4526 921 4585 enatat,
950 4525 1007 4573 et
1036 4519 1089 4572 in
1127 4526 1330 4574 terram
1359 4518 1599 4588 ejectum
1630 4519 1836 4575 nudum
1876 4522 1996 4577 feli-

2108 4522 2295 4592 χέρσου
2328 4520 2622 4592 γενόμενον
2661 4520 2864 4590 γυμνὸν
2891 4520 3002 4593 (65)
3047 4519 3372 4592 τιμιώτερον
3405 4519 3680 4585 ἀποδείξει

409 4608 570 4665 cibus
598 4607 922 4666 Phaeacibus
969 4610 1148 4665 reddit
1167 4612 1638 4667 venerabiliorem.
1663 4612 1729 4667 Et
1746 4614 1992 4684 profecto

352 4718 357 4727 ί
410 4718 502 4757 res
534 4702 616 4758 sic
645 4718 706 4760 se
749 4704 934 4760 habet.
986 4702 1124 4757 Nam
1171 4705 1556 4773 possessiones
1612 4705 1833 4774 reliquae
1880 4722 1991 4761 non

410 4802 538 4849 sum
561 4810 940 4865 possessorum
966 4797 1331 4866 niagiscquam
1349 4798 1717 4866 quorumlibet
1733 4799 1988 4863 aliorum,

409 4887 560 4939 velut
590 4886 645 4940 in
687 4896 1021 4943 tesserarum
1081 4886 1214 4942 ludo
1260 4887 1370 4941 huc
1400 4894 1455 4942 et
1506 4887 1638 4941 illuc
1684 4888 1988 4943 translatae.

412 4974 603 5034 Virtus
635 4986 818 5034 autem
848 4995 914 5035 ex
951 4979 1399 5050 possessionibus
1434 4980 1550 5035 sola
1588 4987 1693 5044 est,
1730 4995 1852 5051 qua:
1896 4996 1986 5035 ne-

411 5076 577 5137 queat
644 5071 846 5131 auferri
891 5090 903 5125 :
949 5078 1062 5126 tum
1109 5072 1236 5127 vivo
1333 5079 1448 5125 tum
1501 5079 1720 5128 mortuo
1780 5082 1986 5129 astans.

484 5226 600 5300 (59)
626 5226 782 5285 Colb.
818 5230 1016 5286 tertius
1051 5230 1122 5283 τὰ
1164 5228 1272 5283 τῶν
1315 5228 1741 5300 τηλικούτων....
1791 5229 1993 5283 ἁπαλό-

412 5296 848 5454 ῗῗῐὲθΐᾌῇιὲξιιιὶ
882 5371 993 5426 duo
1022 5370 1147 5426 libri
1187 5379 1242 5427 et
1271 5371 1404 5427 editi
1450 5370 1674 5442 ἁθρόαν.
1726 5369 1829 5425 Alii
1880 5383 1990 5427 tres

414 5438 693 5580 αθῗιῗῖἶθῐη
727 5510 958 5578 Ἔργοις
987 5510 1083 5564 καὶ
1113 5510 1382 5580 ἡμέραις,
1408 5529 1461 5567 v.
1484 5511 1749 5566 285-290.

488 5578 600 5652 W2)
632 5579 774 5633 Editi
818 5583 898 5645 εἰς
930 5578 1165 5652 τοῦτον(
1194 5578 1354 5637 male.
1404 5582 1555 5652 Regii
1601 5593 1713 5637 tres
1761 5597 1896 5639 mss.
1939 5591 1994 5638 et

414 5648 883 5721 Colb.:secundus
904 5654 985 5714 εἰς
1005 5651 1222 5713 ταυτόν,
1254 5652 1411 5708 bene.
1443 5648 1561 5706 mox
1588 5653 1640 5706 in
1663 5653 1989 5721 quibusdam

415 5737 548 5845 "uses.
582 5720 780 5792 legitur
820 5720 1213 5793 ἀποδεχώμεθα
1248 5742 1259 5777 :
1294 5724 1347 5778 in
1403 5724 1524 5778 aliis
1561 5720 1691 5779 vero
1730 5723 1989 5794 ἀποδεχό-

417 5810 481 5862 με
523 5811 574 5848 κ,

2095 4612 2202 4666 τῶν
2231 4612 2564 4683 εὐδαιμόνων
2598 4612 2870 4666 Φαιάκων.
2911 4613 3022 4665 Καὶ
3060 4611 3170 4682 γὰρ
3202 4611 3374 4675 οὕτως
3402 4610 3538 4683 ἔχει.
3594 4612 3681 4665 Τά

2098 4705 2196 4776 μὲν
2228 4705 2363 4759 ἄλλα
2393 4703 2503 4758 τῶν
2538 4704 2857 4775 κτημάτων,
2888 4705 2948 4757 οὐ
2985 4704 3184 4775 μᾶλλον
3233 4703 3341 4758 τῶν
3370 4705 3601 4777 ἐχόντων
3642 4705 3678 4775 ἦ

2095 4800 2191 4852 καὶ
2237 4797 2548 4852 οὑτινοσοῦν
2598 4800 2706 4852 τῶν
2749 4799 3112 4867 ἐπιτυχόντων
3156 4799 3324 4865 ἐστὶν,
3376 4797 3565 4869 ὥσπερ
3613 4801 3677 4852 ἐν

2094 4890 2283 4961 παιδιᾷ
2332 4889 2513 4943 κύϐων
2557 4890 2685 4960 τῇδε
2734 4891 2957 4943 κάκεῖσε
3004 4889 3481 4961 μεταϐαλλόμενα’
3533 4891 3675 4961 μόνη

2093 4982 2150 5035 δὲ
2181 4983 2476 5053 κτημάτων
2507 4985 2546 5055 η’
2599 4982 2768 5054 ἀρετὴ
2809 4984 3194 5054 ἀναφαίρετον,
3229 4985 3323 5037 καὶ
3373 4983 3536 5049 ζῶντι
3580 4986 3677 5038 καὶ

2091 5076 2472 5147 τελευτήσαντι
2538 5073 2952 5146 παραμένουσα.
2994 5075 3155 5129 Ὅθεν
3217 5075 3303 5147 δὴ⁴
3332 5075 3428 5129 καὶ
3492 5076 3675 5129 Σόλων

2165 5229 2276 5298 (45)
2304 5228 2486 5282 Codex
2521 5226 2663 5283 Oliv.
2707 5236 2763 5281 et
2793 5227 2951 5283 Colb.
2992 5228 3192 5282 tertius
3224 5227 3482 5297 ὀφθέντα,
3517 5229 3673 5298 έπει-

2092 5299 2450 5426 iioi‘grsp.ZAlii
2511 5313 2650 5354 mss.
2709 5306 2775 5353 et
2822 5298 2956 5354 editi
3008 5298 3243 5369 ὀφθέντα
3295 5299 3475 5370 μόνον.
3532 5297 3675 5369 Lege

2184 5388 2288 5426 uss.
2364 5410 2379 5424 .

2217 5388 2288 5423 SS.
2316 5388 2379 5424 Δ.

2314 5389 2620 5496 ἕῦιδενιὶηἰ
2642 5441 2763 5495 ὰυθι
2781 5440 2863 5511 εἰς
2890 5439 3117 5511 ἐκεῖνον.
3146 5438 3355 5511 Vocula
3384 5442 3462 5503 είς
3492 5454 3673 5509 neque

2094 5512 2147 5566 in
2175 5510 2410 5582 vulgatis
2448 5527 2628 5580 neque
2666 5512 2723 5565 in
2761 5510 2885 5582 aliis
2908 5526 3045 5565 mss.
3080 5510 3296 5582 legitur.
3329 5510 3410 5564 Ad
3444 5524 3672 5565 sensum

2094 5581 2243 5648 quod
2277 5580 2503 5645 attinet,
2542 5581 2679 5635 nihil
2734 5580 2910 5635 refert
2948 5580 3151 5633 utrum
3179 5581 3433 5641 addatur.
3471 5593 3667 5635 necne.

2096 5652 2248 5705 Haud
2293 5652 2452 5721 longe
2482 5652 2650 5706 editio
2680 5650 2856 5707 Paris.
2903 5649 3177 5716 εὔξεσθαι,
3220 5652 3381 5706 male.
3425 5650 3497 5706 At
3529 5664 3666 5707 mss.

2096 5721 2375 5787 εὔξασθαι,
2402 5723 2627 5790 optime.

2167 5794 2272 5865 (i5)
2309 5793 2461 5850 Colb.
2495 5793 2684 5849 tertius
2719 5792 2921 5865 -ίυμνὸν
2945 5791 3199 5860 ὀφθέντα.
