3982 6240
317 327 420 383 575

321 464 412 516 μοι
465 446 615 501 δοκεῖ
685 451 826 521 πρὸς
893 452 1019 517 τοὺς
1079 454 1342 526 εὐπόρους
1406 457 1580 510 εἰπεῖν
1637 457 1729 510 τό·

377 559 563 638 ,Ἀχίαν
601 559 778 638 ᾐμεῖς
801 563 1007 638 αὐτοῖς
1038 567 1108 618 οὐ
1138 564 1563 638 διαμείψόμεᾷα

324 630 446 706 Τῆς
453 630 676 706 ἀρετῆς
697 634 1109 706 τόν-πλοῦτον·
1127 630 1253 689 ἐπεὶ
1270 630 1471 704 τόμὲν
1485 637 1745 706 ἔμπεδον
1763 636 1895 702 αἰεὶ,

395 700 682 768 Χρήματα
702 701 756 754 δ’
787 703 1114 771 ἀνθρώπων
1137 700 1366 760 ἄλλοτέ
1383 700 1574 771 ἄλλος
1594 708 1720 776 ἔχει
1760 700 1894 780 (46).

319 813 686 885 Παραπλήσια
717 816 774 868 δὲ
795 817 1004 882 τούτοις
1036 820 1128 873 καὶ
1155 819 1224 873 τὰ
1250 821 1553 889 Θεόγνιδος,
1576 823 1634 875 ἐν
1657 818 1738 886 οἷς
1764 842 1896 894 φησι

317 905 408 956 τὸν
434 905 604 971 Θεὸν,
640 907 824 961 ὅντινα
871 909 934 981 δὴ
973 911 1068 964 καὶ
1111 912 1280 983 φησὶ,
1327 917 1442 976 τοῖς
1489 913 1796 987 ἀνθρώποις
1834 917 1896 969 τὸ

313 996 578 1052 τάλαντον
610 999 935 1072 ἐπιῤῥέπειν
961 1001 1146 1056 ἄλλοτε
1178 1004 1370 1070 ἄλλως,
1397 1006 1581 1060 ἄλλοτε
1608 1009 1717 1078 μὲν
1735 1008 1894 1062 πλου-

310 1092 451 1153 τεῖν,
493 1091 684 1145 ἄλλοτε
715 1093 772 1147 δέ
812 1095 978 1166 μηδὲν
1026 1096 1191 1168 ἔχειν.
1223 1099 1335 1152 Καὶ
1383 1102 1489 1171 μὴν
1530 1101 1624 1154 καὶ
1671 1103 1699 1154 6
1731 1103 1894 1167 Κεῖός

312 1197 420 1233 που
452 1183 713 1255 σοφιστὴς
745 1186 1007 1257 Πρόδικος
1039 1188 1152 1260 (47)
1205 1189 1315 1243 τῶν
1357 1192 1547 1245 ἑαυτοῦ
1605 1211 1891 1265 συγγραμ-

315 1272 506 1341 μάτων
538 1275 747 1344 ἀδελφά
775 1277 985 1341 τούτοις
1020 1282 1101 1342 εἰς
1133 1281 1332 1353 ἀρετὴν
1360 1287 1455 1337 καὶ
1484 1287 1683 1339 κακίαν
1713 1288 1892 1356 ἐφιλο-

265 1415 284 1442 ;
313 1363 553 1434 σόφησεν
574 1382 588 1396 ο
617 1361 662 1434 ᾧ
679 1368 745 1440 δὴ
775 1371 868 1423 καὶ
897 1373 1045 1443 αύτῷ
1073 1375 1172 1444 τὴν
1194 1374 1430 1428 διάνοιαν
1452 1380 1800 1448 προσεκτέον·
1826 1381 1887 1433 οὐ

308 1455 418 1524 γὰρ
450 1455 760 1528 ἀπόϐλητος
792 1464 821 1514 6
867 1463 966 1533 άνή
978 1481 1027 1534 ρ.
1057 1466 1208 1535 Ἔχει
1250 1467 1306 1519 δὲ
1339 1467 1481 1521 οὕτω
1525 1488 1640 1533 πως
1673 1472 1702 1524 6
1733 1471 1889 1538 λόγος

307 1547 481 1617 αὐτῷ,
512 1549 616 1602 ὅσα
654 1552 766 1619 ἐγὼ
806 1553 899 1606 τοῦ
933 1556 1126 1627 ἀνδρὸς
1153 1557 1252 1627 τῆς
1296 1559 1532 1624 διανοίας
1578 1562 1884 1634 μέμνημαι,

305 1642 430 1693 ἐπεὶ
463 1643 532 1696 τά
557 1661 622 1712 γε
673 1647 895 1716 ῥήματα
945 1649 1044 1701 οὐκ
1080 1650 1400 1721 ἐπίσταμαι,
1429 1653 1567 1723 πλήν
1604 1670 1667 1722 γε
1713 1655 1776 1726 δὴ
1805 1657 1886 1708 ὅτι

304 1732 496 1796 ἁπλῶς
528 1735 706 1800 οὕτως
757 1738 979 1809 εἴρηκεν
1027 1741 1156 1795 ἄνευ
1204 1743 1425 1813 μέτρου.
1463 1745 1585 1798 Ὅτι
1624 1747 1728 1815 νέῳ
1773 1747 1884 1800 ὄντι

304 1825 381 1894 τῷ
417 1828 687 1898 Ἠρακλεῖ
723 1831 942 1902 κομιδῇ,
973 1834 1068 1885 κα)⁵
1112 1835 1296 1903 σχεδὸν
1328 1837 1531 1907 ταύτην
1566 1839 1749 1907 ἄγοντι
1786 1839 1884 1910 τὴν

303 1916 558 1984 ἠλικίαν,
613 1920 681 1989 ἦν
721 1922 818 1973 καὶ
852 1924 1009 1993 ὑμεῖς
1069 1925 1184 1988 νῦν,
1234 1925 1602 1999 βουλευομένῳ
1649 1931 1884 2001 ποτέραν

306 2013 588 2082 τράπηται
641 2014 752 2067 τῶν
784 2015 955 2081 όδῶν,
1005 2019 1106 2090 τὴν
1153 2019 1242 2072 διὰ
1272 2020 1385 2072 τῶν
1429 2022 1607 2074 πόνων
1643 2023 1883 2091 ἄγουσαν

304 2101 444 2172 πρὸς
472 2103 698 2174 ἀρετὴν.
722 2106 754 2177 ἦ
779 2107 879 2178 τὴν
902 2109 1127 2180 ῥᾴστην,
1151 2112 1462 2182 προσελθεῖν
1484 2114 1576 2166 δύο
1598 2117 1879 2182 γυναῖκας,

301 2193 504 2257 ταύτας
535 2195 594 2247 δὲ
628 2191 768 2250 εἶναι
806 2198 1032 2271 Ἀρετὴν
1063 2201 1157 2254 καὶ
1186 2203 1402 2256 Κακίαν
1425 2221 1438 2233 ·
1476 2204 1636 2268 εὐθὺς
1667 2207 1764 2276 μὲν
1788 2203 1880 2260 οὖν

301 2284 393 2337 καὶ
426 2287 721 2352 σιωπώσας
752 2291 1039 2360 ἐμφαίνειν
1073 2293 1177 2346 ἀπὸ
1217 2295 1309 2347 τοῦ
1358 2297 1633 2367 σχήματος
1665 2298 1724 2351 τὸ
1763 2299 1880 2353 διά-

299 2391 485 2443 epotam.
540 2373 696 2432 Εἶναι
748 2380 856 2452 γάρ
930 2380 1028 2452 τὴν
1091 2383 1188 2452 μὲν
1243 2384 1346 2436 ὑπὸ
1407 2387 1764 2457 κομμωτικῆς
1805 2389 1881 2442 δικ

298 2470 715 2542 εσκευασμένην
743 2473 822 2535 εἰς
856 2472 1070 2537 κάλλος,
1110 2475 1201 2527 καὶ
1246 2476 1348 2528 ὑπὸ
1375 2478 1586 2546 τρυφῆς
1615 2478 1874 2548 διαρρεῖν,

303 2561 396 2613 καὶ
435 2561 616 2615 πάντα
643 2564 813 2633 ἐσμὸν
844 2564 1042 2635 ἡδονῆς
1075 2565 1449 2638 ἐξηρτημένην
1491 2570 1672 2637 ἄγειν·
1705 2569 1877 2622 ταῦτά

301 2670 358 2705 τε
383 2650 476 2707 οὖν
505 2656 807 2724 δεικνύναι,
839 2661 933 2712 καὶ
967 2660 1044 2713 ἔτι
1083 2661 1248 2714 πλείω
1278 2661 1482 2714 τούτων
1516 2663 1878 2732 ὑπισχνουμέ-

300 2762 418 2814 νην,
448 2747 629 2801 ἕλκειν
678 2751 977 2822 ἐπιχειρεῖν
1015 2753 1104 2806 τὸν
1144 2754 1418 2824 Ἠρακλέα
1463 2754 1600 2826 πρὸς
1637 2757 1873 2826 ἑαυτήν·

300 2840 399 2908 τὴν
432 2840 477 2891 δ’
510 2841 712 2911 ἑτέραν
734 2843 1188 2915 κατεσκληκέναι,
1221 2848 1314 2898 καὶ
1348 2848 1597 2916 αὐχμεῖν,
1633 2847 1727 2901 καὶ
1753 2847 1876 2900 σύν-

301 2949 450 2986 τονον
490 2932 735 3003 βλέπειν,
767 2937 863 2988 καὶ
893 2936 1070 3006 λέγειν
1111 2938 1333 2992 τοιαῦτα
1361 2939 1524 3011 ἕτερα
1546 2957 1558 2970 ο
1597 2941 1876 3010 ὑπισχνεῖ-

303 3025 428 3078 σθαι
456 3028 568 3099 γάρ
612 3028 767 3081 οὐδὲν
801 3029 1083 3100 ἀνειμένον
1108 3069 1123 3094 ,
1174 3030 1294 3084 οὐδὲ
1331 3032 1452 3101 ἡδὺ,
1483 3032 1597 3084 ἀλλ’
1646 3032 1875 3104 ἱδρῶτας

1284 335 1515 392 SERMO
1555 336 1642 390 DE
1670 333 2008 390 LEGENDIS
2049 335 2279 394 LIBRIS
2321 339 2722 398 GENTILIUM.
3475 352 3540 406 57

1922 459 1974 514 Α
2002 453 2158 510 Unde
2187 463 2241 511 et
2269 456 2438 512 Solon
2472 458 2607 512 mihi
2632 459 2848 514 videtur
2869 460 3000 514 illud
3030 462 3096 515 ad
3126 461 3321 519 divites
3351 464 3531 520 dicere
3559 485 3573 522 ι

2070 565 2174 620 Sed
2202 584 2296 621 nos
2333 569 2533 622 divitiis
2559 586 2662 622 non
2688 570 3129 625 commutabimus
3163 574 3289 628 ullis

2071 637 2296 710 Partum
2330 641 2573 710 virtutem
2601 655 2618 692 :
2659 656 2780 693 nam
2812 658 3012 710 semper
3046 644 3204 709 ﬁrma
3235 645 3469 700 manebit

2066 708 2136 760 At
2165 725 2283 763 vero
2325 725 2411 762 mc
2437 709 2564 763 illuc
2603 711 2834 764 humana
2874 708 3094 781 pecunia
3121 716 3334 769 transit.

1993 822 2328 878 Consimiles
2360 831 2540 877 autem
2582 824 2668 879 his
2711 834 2840 878 sunt
2885 832 2940 879 et
2982 824 3316 896 Theognidis
3361 845 3576 896 versus,

1995 913 2052 967 in
2075 914 2278 983 quibus
2291 914 2426 968 dicit
2443 914 2611 970 Deum
2632 917 3038 986 (quemcunque
3057 919 3276 973 tandem
3299 919 3389 974 ille
3407 919 3579 976 Deum

1995 1001 2162 1074 dicat)
2195 1003 2508 1059 hominibus
2534 1005 2643 1058 alio
2668 1014 2722 1059 et
2744 1005 2853 1059 alio
2886 1007 3050 1062 modo
3084 1009 3344 1062 trutinam
3390 1009 3579 1079 degra-

1996 1110 2148 1160 vare,
2174 1096 2446 1150 interdum
2487 1096 2614 1152 illos
2642 1097 2845 1152 divitiis
2872 1097 3111 1163 alliuere,
3142 1100 3412 1155 interdum
3441 1103 3578 1156 nihil

1995 1185 2220 1241 habere.
2247 1186 2391 1252 Quin
2423 1195 2476 1241 et
2505 1188 2648 1242 Ceus
2676 1189 2922 1258 sophista
2962 1187 3228 1244 Prodicus
3265 1191 3468 1245 alicubi
3520 1192 3575 1245 in

1992 1278 2108 1332 suis
2145 1277 2364 1346 scriptis
2400 1278 2578 1332 aﬂinia
2609 1279 2693 1334 his
2722 1281 2774 1333 in
2813 1279 3068 1334 virtutem
3098 1295 3162 1334 ac
3213 1283 3403 1335 vit-ium
3450 1298 3578 1336 con-

1991 1371 2249 1439 scripsit:
2295 1373 2388 1440 qui
2435 1381 2489 1426 et
2523 1375 2638 1442 ipse
2679 1372 2984 1428 audiendus
3017 1382 3225 1427 attento
3259 1375 3442 1426 animo
3469 1384 3572 1440 est,

1992 1477 2118 1516 cum
2169 1463 2253 1517 vir
2287 1465 2358 1519 sit
2391 1479 2501 1517 non
2546 1465 3000 1520 contemnendus.
3049 1464 3174 1520 Haec
3198 1475 3378 1520 autem
3414 1466 3570 1531 dicit,

1988 1563 2254 1624 quantum
2310 1572 2411 1626 ego
2458 1557 2562 1609 viri
2611 1559 2940 1611 sententiam
2975 1569 3241 1612 memorra
3275 1565 3454 1623 teneo,
3493 1561 3572 1614 si—

1987 1647 2204 1716 quidem
2232 1647 2394 1702 verba
2428 1648 2543 1716 ipsa
2578 1664 2684 1702 non
2709 1649 2950 1713 memini,
2992 1649 3095 1703 nisi
3120 1651 3270 1717 quod
3293 1651 3406 1704 haec
3440 1651 3573 1704 sim-

1988 1741 2199 1809 pliciter
2243 1742 2448 1810 ahsque
2489 1751 2660 1795 metro
2710 1744 3000 1796 enarrarit.
3034 1743 3300 1798 Nimirum
3343 1745 3409 1798 ad
3438 1744 3573 1799 Her-

1997 1834 2178 1888 culem
2208 1834 2484 1903 juvenem,
2517 1843 2569 1889 et
2614 1836 2722 1888 fere
2768 1851 2889 1888 eam
2931 1843 3166 1900 aetatem,
3215 1851 3376 1906 quam
3425 1853 3571 1892 nunc

1991 1937 2110 1984 vos.
2148 1932 2418 1992 agentem,
2454 1933 2507 1979 et
2542 1937 2719 1978 utram
2751 1927 2916 1990 viam,
2966 1925 3180 1980 hancne
3213 1943 3333 1994 qua:
3363 1942 3459 1996 per
3493 1927 3572 1981 la-

1990 2014 2152 2069 bores
2179 2017 2244 2068 ad
2276 2015 2531 2068 virtutem
2578 2017 2749 2077 ducit,
2813 2034 2881 2071 an
2911 2018 3139 2072 alteram
3180 2017 3325 2070 illam
3375 2017 3570 2072 facilli-

1990 2117 2134 2156 mam
2160 2114 2429 2172 carperet,
2467 2105 2628 2174 178
2662 2106 3074 2171 deliberantem,
3125 2107 3382 2162 mulieres
3430 2107 3569 2162 duas

1989 2195 2312 2261 accessisse,
2343 2212 2435 2251 cas
2467 2206 2645 2249 autem
2685 2213 2807 2251 esse
2837 2197 3104 2252 Virtutem
3147 2213 3209 2252 ac
3260 2197 3481 2261 Vitium,
3513 2207 3569 2254 et

1989 2289 2137 2358 ipsas
2185 2297 2428 2345 tacentes
2480 2289 2777 2345 discrimen
2813 2292 2956 2361 quod
3001 2292 3140 2345 inter
3170 2307 3229 2346 se
3282 2293 3564 2358 intererat,

1989 2382 2174 2436 hahitu
2212 2383 2331 2452 ipso
2367 2383 2654 2438 confestim
2702 2382 3033 2438 declarasse.
3074 2383 3248 2438 Unam
3285 2384 3504 2453 quidem
3537 2401 3567 2438 a

1988 2474 2239 2529 comendi
2306 2485 2424 2530 arte
2473 2476 2900 2546 pulchritudinis
2959 2477 3342 2545 comparandae
3400 2490 3567 2529 causa

1987 2568 2264 2633 exornari,
2297 2574 2353 2622 et
2390 2568 2605 2623 deliciis
2645 2567 2910 2630 diilluere,
2957 2582 3229 2636 omneque
3271 2567 3568 2636 voluptatis

1984 2675 2212 2714 examen
2241 2675 2425 2715 secum
2454 2661 2767 2730 copulatum
2795 2659 3017 2723 ducere,
3050 2659 3239 2713 istlnec
3255 2659 3564 2722 ostendere,

1983 2759 2038 2808 et
2064 2752 2220 2822 plura
2257 2751 2344 2806 his
2374 2749 2552 2805 adhuc
2581 2752 2929 2821 pollicentem
2954 2750 3142 2805 conari
3184 2751 3468 2805 Herculem
3499 2752 3564 2805 ad

1985 2859 2044 2899 se
2079 2845 2342 2898 trahere:
2376 2844 2605 2898 alteram
2671 2859 2801 2898 vero
2845 2858 3085 2897 macram
3150 2851 3205 2898 et
3260 2842 3567 2912 squalidam

1982 2952 2124 2998 esse,
2155 2945 2210 2990 et
2230 2936 2432 2991 habere
2464 2936 2653 2990 oculos
2679 2936 2938 3000 intentos,
2956 2945 3012 2990 et
3041 2936 3168 2988 talia
3193 2935 3332 2990 alius
3353 2936 3566 3005 generis

1983 3031 2249 3100 proferre,
2273 3031 2515 3100 polliceri
2551 3029 2686 3082 nihil
2722 3029 3036 3092 remissum,
3071 3028 3202 3080 nihil
3234 3027 3563 3096 jucundum,

301 3118 527 3188 μυρίους
551 3121 648 3172 καὶ
674 3120 868 3184 πόνους
901 3123 994 3176 καὶ
1022 3122 1292 3186 κινδύνους
1315 3123 1402 3177 διὰ
1430 3128 1612 3195 πάσης
1643 3126 1872 3197 ἠπείρου

1987 3122 2082 3177 sed
2111 3123 2414 3192 permultos
2445 3122 2676 3177 sudores
2708 3121 3052 3190 laboresque,
3088 3137 3151 3176 ac
3182 3121 3422 3190 pericula
3457 3128 3566 3173 tota

295 3225 356 3261 τε
392 3211 488 3263 καὶ
525 3211 823 3284 Θαλάσσης.
859 3209 1056 3267 Ἀθλον
1091 3215 1149 3268 δὲ
1175 3215 1380 3270 τούτων
1405 3213 1542 3269 εἶναι
1573 3218 1694 3272 θεὸν
1726 3220 1878 3286 γενέ-

299 3299 444 3363 σθαι,
481 3303 562 3364 ὡς
605 3305 634 3356 ό
679 3304 889 3356 ἐκείνου
920 3305 1109 3374 λόγος·
1139 3300 1283 3378 ᾗπερ
1309 3307 1372 3378 δὴ
1416 3309 1510 3360 καὶ
1544 3309 1656 3379 (48)
1689 3311 1876 3362 τελευ-

296 3394 474 3446 τῶντα
513 3392 606 3446 τὸν
643 3394 919 3466 Ἠρακλέα
963 3395 1305 3461 ξυνέπεσθαι.
1342 3400 1452 3452 Καὶ
1489 3401 1672 3470 σχεδὸν
1706 3401 1878 3454 ἃπαν-

298 3503 405 3550 τες,
440 3481 518 3541 ὧν
544 3487 609 3557 δὴ
647 3489 740 3541 καὶ
780 3489 935 3557 λόγος
966 3491 1048 3554 τίς
1078 3492 1225 3544 ἐστιν
1255 3492 1346 3544 ἐπὶ
1384 3494 1566 3563 σοφία,
1604 3494 1635 3563 ἢ
1683 3496 1878 3567 μικρὸν

298 3579 331 3648 ἦ
360 3580 570 3648 μεῖζον,
605 3581 690 3642 εἰς
728 3579 959 3652 δύναμιν
984 3584 1212 3647 ἕκαστος
1243 3585 1300 3636 ἐν
1343 3589 1453 3650 τοῖς
1497 3587 1702 3640 ἑαυτῶν
1747 3606 1876 3656 συγ-

300 3673 644 3742 γράμμασιν,
689 3675 891 3746 ἁνρετῆς
926 3674 1144 3730 ἔπαινον
1178 3678 1472 3748 διεξῆλθον,
1507 3679 1587 3744 οἷς
1629 3685 1874 3736 πειστέον

299 3763 388 3813 καὶ
427 3763 721 3834 πειρατέον
766 3767 859 3818 ἐπὶ
900 3766 996 3819 τοῦ
1035 3767 1148 3837 βίου
1191 3769 1463 3823 δεικνύναι
1509 3775 1633 3835 τοὺς
1662 3773 1871 3841 λόγους.

310 3855 393 3917 Ὠς
423 3857 550 3925 ἆγε
577 3858 681 3927 τὴν
714 3858 842 3927 ἄχρι
879 3862 1139 3931 ῥημάτων
1173 3863 1324 3934 παρὰ
1355 3866 1466 3928 τοῖς
1501 3865 1681 3930 ἄλλοις
1722 3868 1873 3936 φιλο-

300 3949 486 4016 σοφίαν
520 3950 674 4021 ἔργῳ
708 3951 943 4021 βεϐαιῶν

295 4037 425 4106 (Hoc
454 4041 759 4097 πέπνυται
777 4061 791 4074 ο
819 4045 907 4098 τοί
935 4045 1006 4098 δὲ
1029 4048 1192 4102 σκιαὶ
1226 4049 1516 4104 ἀΐσσουσι
1547 4051 1677 4121 (49).

299 4134 402 4187 Καί
434 4153 526 4204 μοι
559 4135 714 4189 δοκεῖ
737 4136 800 4190 τὸ
826 4138 1066 4194 τοιοῦτον
1095 4143 1471 4213 παραπλήσιον
1500 4140 1662 4207 εἶναι,
1688 4145 1876 4216 ὥσπερ

297 4225 360 4279 ἂν
385 4228 434 4279 εί
463 4228 763 4298 ζωγράφου
801 4230 1110 4300 θαυμαστόν
1133 4249 1187 4286 τι
1219 4228 1327 4287 οἷον
1360 4235 1552 4300 κάλλος
1591 4238 1875 4308 ἀνθρώπου

302 4319 713 4389 μιμησαμένου,
748 4322 775 4372 6
805 4321 863 4374 δέ
892 4322 1054 4385 αὐτὸς
1085 4322 1170 4394 εἴη
1207 4324 1320 4395 (50)
1367 4327 1609 4390 τοιοῦτος
1653 4329 1745 4380 ἐπὶ
1779 4331 1878 4398 τῆς

299 4410 580 4483 ἀληθείας,
601 4407 715 4465 οἷον
738 4412 830 4466 ἐπὶ
852 4413 960 4468 τῶν
986 4415 1227 4470 πινάκων
1258 4417 1461 4482 ἐκεῖνος
1489 4418 1707 4483 ἔδειξεν.
1727 4421 1878 4472 Ἐπεὶ

1983 3221 2125 3267 terra
2163 3215 2411 3283 marique
2443 3213 2728 3270 subeunda
2765 3231 2780 3268 :
2818 3214 3100 3283 praemium
3149 3221 3330 3267 autem
3368 3212 3564 3266 horum

1980 3321 2122 3368 esse,
2153 3306 2314 3360 deum
2348 3305 2460 3361 ﬁeri
2486 3308 2569 3377 (ut
2609 3306 2830 3376 quidem
2876 3306 2967 3359 ille
2998 3305 3298 3375 loquitur);
3329 3305 3567 3373 denique

1981 3397 2122 3450 hanc
2155 3398 2327 3467 ipsam
2367 3397 2655 3452 Herculem
2698 3407 2947 3452 secutum
2982 3412 3124 3452 esse.
3165 3395 3228 3450 Et
3262 3397 3567 3466 fere'quot—

1981 3497 2113 3557 quot
2165 3505 2288 3544 sese
2335 3489 2408 3543 ob
2447 3490 2770 3558 sapientiam
2807 3489 3138 3559 spectabiles
3187 3489 3372 3558 aliquo
3403 3487 3566 3542 modo

1983 3582 2304 3650 praestitere,
2338 3583 2541 3653 singuli
2575 3599 2675 3653 pro
2710 3584 2940 3647 viribus,
2974 3591 3068 3638 aut
3098 3584 3280 3637 minus
3328 3591 3421 3636 aut
3447 3597 3566 3636 am-

1981 3674 2148 3742 plius.
2175 3675 2393 3728 virtu-tis
2431 3673 2642 3729 laudem
2673 3674 2729 3728 in
2774 3675 2892 3729 suis
2929 3676 3152 3744 scriptis
3194 3675 3562 3743 reliquerunt,

1979 3765 2184 3832 quibus
2217 3765 2708 3832 ohtemperandum
2759 3773 2866 3826 est,
2919 3780 3222 3833 eorumque
3280 3779 3565 3819 sermones

1981 3857 2100 3923 ipsa
2129 3853 2238 3906 vita
2283 3855 2591 3923 exprimere
2635 3855 2968 3908 conandum.
3005 3853 3139 3908 Nam
3179 3855 3270 3924 qui
3323 3854 3564 3924 philoso-

1980 3947 2162 4014 phiam
2197 3946 2524 4001 verbotenus
2551 3948 2693 4016 apud
2735 3948 2871 4001 alios
2909 3955 3221 4001 manentem
3265 3945 3410 4001 facto
3434 3962 3565 4002 con-

1982 4039 2232 4102 lirmarit,
2268 4039 2412 4108 sapit
2448 4040 2621 4102 solus,
2652 4039 2849 4109 reliqui
2875 4039 3024 4094 velut
3057 4039 3265 4093 umbrze
3310 4040 3559 4096 volitant.

1979 4129 2204 4201 Hocque
2254 4131 2388 4186 mihi
2440 4132 2654 4186 videtur
2699 4148 2820 4188 esse
2853 4132 3126 4202 ejusmodi
3158 4170 3172 4194 ,
3219 4144 3478 4202 tanquam
3515 4134 3563 4188 si

1979 4223 2154 4293 pictor
2178 4221 2559 4277 admirandum
2585 4223 2866 4292 quiddam,
2901 4230 3031 4300 puta
3059 4223 3298 4278 hominis
3328 4224 3564 4294 pulchri-

1978 4317 2248 4382 tudinem,
2300 4315 2548 4369 imitatus
2591 4316 2662 4369 sit
2699 4335 2710 4368 :
2742 4315 2832 4368 hic
2877 4324 3058 4369 autem
3109 4317 3225 4384 ipse
3259 4315 3386 4370 talis
3437 4330 3565 4370 vero

1978 4411 2232 4473 exsistat,
2264 4410 2482 4479 qualem
2517 4411 2606 4464 ille
2642 4410 2697 4462 in
2729 4410 2934 4464 tabulis
2955 4410 3247 4478 expressit.
3288 4407 3424 4461 Nam
3448 4423 3564 4461 ma.-

298 4502 358 4555 τό
387 4480 452 4570 γε
482 4503 759 4576 λαμπρῶς
783 4505 881 4575 μὲν
906 4507 1188 4562 ἐπαινέσαι
1216 4509 1318 4580 τὴν
1352 4480 1551 4581 ἀρετὴν
1580 4480 1659 4574 είς
1689 4510 1748 4564 τὸ
1783 4512 1878 4581 μέ-

1987 4501 2175 4572 gniﬁce
2213 4501 2270 4554 in
2300 4501 2587 4570 propatulo
2615 4501 2872 4554 virtutem
2912 4501 3248 4566 collaudare,
3285 4500 3560 4554 etoratio-

303 4610 412 4659 σον,
451 4597 551 4648 καὶ
600 4598 846 4666 μακροὺς
898 4599 1036 4669 ὑπὲρ
1093 4600 1262 4669 αὐτῆς
1308 4602 1610 4657 ἀποτείνειν
1656 4603 1874 4672 λόγους,

305 4686 407 4758 ἰδίᾳ
434 4687 495 4740 δέ
543 4687 604 4740 τὸ
647 4688 746 4758 ἡδὺ
798 4689 903 4759 πρὸ
940 4690 1040 4758 τῆς
1085 4691 1458 4764 σωφροσύνης,
1489 4696 1582 4747 καὶ
1626 4693 1688 4746 τὸ
1717 4694 1878 4746 πλέον

304 4777 443 4845 ἔχειν
473 4780 584 4848 πρὸ
607 4779 702 4831 τοῦ
733 4779 938 4832 δικαίου
967 4784 1149 4852 τιμᾷν,
1174 4785 1407 4837 ἐοικέναι
1430 4785 1593 4855 φαίην
1618 4785 1683 4839 ἂν
1705 4786 1878 4854 ἐγωγε

301 4873 412 4934 τοῖς
438 4872 534 4924 ἐπὶ
575 4872 786 4942 σκηνῆς
826 4874 1274 4946 ὑποκρινομένοις
1303 4879 1368 4931 τὰ
1398 4880 1652 4950 δράματα
1673 4897 1686 4910 ·
1720 4881 1768 4932 οἳ
1804 4882 1878 4946 ὡς

305 4957 545 5028 βασιλεῖς
596 4962 694 5014 καὶ
730 4962 985 5018 δυνάσται
1023 4966 1282 5032 πολλάκις
1335 4970 1706 5041 εἰσέρχονται,
1755 4971 1878 5025 οὔτε

372 5117 486 5188 (46)
523 5117 590 5174 Ει
622 5118 956 5192 Plutarchus
983 5136 1203 5192 quoque
1235 5123 1287 5175 in
1319 5121 1530 5178 Solonis
1564 5125 1706 5179 Vita.
1741 5141 1790 5178 c.
1822 5125 1875 5188 5,

305 5186 404 5241 hos
436 5186 634 5246 versus
667 5191 861 5245 tribuit
895 5186 1078 5246 Soloni
1111 5186 1129 5246 Ξ
1171 5193 1264 5247 sed
1299 5202 1479 5248 tamen
1515 5195 1657 5250 inter
1701 5186 1880 5249 Theo-

376 5258 480 5315 illis
509 5261 749 5333 Gnomas
785 5277 946 5316 versu
978 5263 1083 5318 516
1128 5263 1251 5333 legi,
1292 5263 1404 5332 jam
1433 5265 1639 5333 pridem
1669 5267 1879 5319 notavit

351 5345 550 5388 nemus.
584 5331 706 5403 Nec,
736 5333 810 5386 ita
857 5334 1030 5388 multo
1067 5331 1202 5403 post
1244 5331 1300 5386 in
1338 5331 1496 5388 C0").
1540 5336 1701 5389 tertio
1730 5352 1759 5390 e
1796 5353 1880 5389 re-

306 5400 459 5467 gione
489 5404 643 5475 vocis
683 5402 916 5473 ἔμπεδον
961 5400 1156 5475 legitur
1195 5403 1430 5472 βέϐαιον.
1466 5403 1750 5460 Librarius
1783 5423 1880 5458 au-

303 5476 564 5542 tetricum
621 5474 767 5527 hanc
807 5474 1108 5529 vocem’in
1168 5475 1414 5542 margine
1461 5476 1691 5539 addidit,
1744 5478 1878 5530 nihil

300 5541 571 5618 aliudsibi
603 5545 958 5618 proposuisse
977 5545 1216 5618 videtur,
1241 5541 1348 5600 nisi
1370 5555 1428 5599 ut
1450 5555 1696 5600 moneret
1718 5546 1881 5618 ἐμπε-

295 5609 379 5663 ὃον
407 5615 548 5671 idem
582 5609 768 5669 valere
800 5615 946 5683 quod
982 5615 1215 5684 βέϐαιον.

363 5686 473 5752 (47)
509 5685 606 5741 Sic
629 5687 788 5740 Colb.
829 5685 1106 5756 secundus
1142 5693 1194 5738 ct
1230 5686 1424 5741 tertius
1455 5703 1578 5740 cum
1611 5686 1742 5756 Reg.
1769 5697 1878 5742 ter-

293 5754 385 5812 tio.
427 5757 540 5814 Vox
587 5757 855 5827 Πρόδικος
888 5754 1036 5812 deest
1080 5756 1134 5810 in
1169 5757 1419 5827 vulgatis.
1473 5757 1630 5813 Notat
1662 5754 1876 5829 quoque

1984 4610 2083 4648 nes
2119 4595 2308 4664 longas
2341 4593 2408 4647 de
2439 4610 2501 4647 ea
2535 4593 2758 4658 habere,
2789 4593 3042 4663 privatim
3069 4608 3198 4646 vero
3232 4591 3562 4660 voluptatem

1987 4686 2364 4754 temperantia:
2417 4684 2694 4753 prd-ferre,
2743 4692 2797 4737 et
2839 4689 3107 4753 quaestum
3142 4678 3368 4749 justitiae
3404 4685 3561 4731 ante-

1987 4795 2208 4848 ponere,
2241 4779 2344 4831 hoc
2383 4793 2484 4846 ego
2505 4779 2734 4831 dixerim
2771 4776 2952 4831 simile
2979 4790 3102 4830 esse
3135 4772 3415 4828 actoribus
3441 4786 3561 4825 sce-

1987 4871 2126 4925 nicis
2161 4886 2426 4940 personas
2457 4869 2720 4939 quasdam
2754 4868 3176 4930 sustinentibus,
3199 4864 3293 4934 qui
3319 4863 3560 4933 plerum-

1987 4980 2094 5034 que
2136 4965 2281 5019 velut
2322 4979 2482 5033 reges
2531 4972 2586 5019 et
2629 4963 2872 5033 dynastas
2929 4958 3378 5020 introducuntur,
3436 4969 3562 5010 eum

1987 5119 2374 5183 Combelisius,
2408 5137 2605 5175 nomen
2657 5115 3283 5191 Hpéazxogin‘suocod.
3311 5114 3445 5191 May.
3479 5131 3563 5168 re-

1987 5192 2192 5261 periri:
2231 5192 2325 5245 sed
2353 5207 2476 5244 cum
2508 5192 2638 5244 mihi
2679 5186 2973 5261 verisimile
3007 5189 3095 5239 liat
3136 5186 3281 5240 hunc
3317 5188 3562 5240 codicem

1986 5259 2156 5315 unum
2186 5262 2424 5328 aliquem
2452 5278 2482 5315 e
2516 5261 2721 5315 nostris
2759 5275 2901 5323 esse,
2947 5259 3123 5328 ipsum
3155 5272 3442 5312 numerare
3467 5272 3564 5311 n0-

1987 5332 2082 5386 lui.
2113 5331 2253 5399 Lege
2280 5331 2559 5386 Dttcaaum.

2059 5403 2172 5474 (48)
2192 5395 2353 5474 linus
2391 5401 2638 5474 Colb.}i}
2670 5395 2762 5474 οὖν
2786 5399 2905 5474 καί.

2059 5467 2170 5544 (49)
2200 5471 2419 5544 Versus_
2431 5481 2515 5526 est
2537 5467 2758 5524 llomeri
2781 5469 3033 5544 ‘_Q6‘ec'a.
3057 5474 3128 5535 Κ,
3156 5468 3282 5536 495,
3305 5467 3398 5540 qui
3425 5467 3562 5524 scri-

1985 5539 2114 5615 ptus
2153 5539 2238 5615 est
2277 5544 2343 5598 de
2378 5541 2588 5615 Tiresia
2624 5550 2746 5615 vate
2781 5539 3061 5615 Thebano.

2057 5616 2170 5685 (50)
2204 5614 2359 5668 Colb.
2393 5613 2588 5669 tertius
2613 5613 2774 5676 αὑτός
2806 5629 2890 5676 τις
2916 5611 3022 5682 εἴη.
3062 5611 3181 5669 Mox
3217 5611 3360 5668 idem
3393 5607 3563 5665 codex

1985 5703 2226 5741 επαινειν
2255 5704 2371 5756 την.
