3982 6240
399 302 505 360 575

1780 312 1837 367 5.
1883 310 2124 367 BASlLll
2179 314 2391 372 MAGNI

3562 322 3666 378 576

398 437 579 492 neque
613 438 773 495 reges
817 424 950 493 sint,
978 442 1156 498 neque
1189 428 1454 499 dynastte,
1501 439 1555 485 et
1592 429 1729 485 forte
1764 431 1981 485 omnino

2094 431 2335 502 βασιλεῖς
2367 435 2538 499 ὄντες,
2584 434 2707 489 οὔτε
2737 435 3016 500 δυνάσται,
3046 435 3167 489 οὐδὲ
3195 436 3294 507 μὲν
3334 454 3455 503 ων,
3480 441 3669 512 τυχὸν,

395 528 469 570 ne
500 514 657 569 liberi
677 516 923 584 quidem.
952 517 1036 571 Ad
1061 518 1177 573 haec
1208 520 1457 575 musicus
1481 536 1590 575 non
1628 520 1822 576 lubens
1852 521 1988 575 tole-

400 606 540 661 rarit
583 607 690 662 sibi
722 622 847 663 esse
887 608 1167 665 dissonam
1219 611 1391 683 lyram
1427 632 1439 668 :
1474 628 1652 684 neque
1698 613 1989 683 praefectus

399 698 555 755 chori
593 699 825 754 chorum
853 701 959 757 sibi
983 710 1187 771 astare,
1237 704 1331 775 qui
1379 721 1540 775 quam
1581 707 1819 761 maxime
1856 721 1989 760 con-

398 791 596 847 cinnus
619 807 726 846 non
767 793 858 847 sit.
889 795 935 847 A
964 810 1024 850 se
1052 796 1217 866 igitur
1246 798 1482 867 quisque
1512 798 1802 853 dissidebit
1847 799 1986 869 ipse,

399 898 503 939 nec
523 886 693 937 vitam
720 900 846 940 cum
882 888 1065 943 verbis
1098 891 1531 945 consentientem
1555 891 1837 949 exhibebit
1858 908 1870 942 :
1890 892 1987 947 sed

400 977 582 1048 lingua
611 978 1072 1049 quidemjuravit,
1112 997 1269 1037 mens
1310 998 1438 1037 vero
1487 983 1727 1052 injurata
1751 992 1857 1049 est,
1904 985 1987 1038 di-

398 1078 485 1125 cet
513 1086 578 1124 ex
608 1069 901 1142 Euripide;
935 1080 989 1128 et
1019 1073 1191 1129 videri
1224 1077 1410 1145 potius
1440 1076 1618 1131 bonus
1650 1090 1814 1145 quam
1862 1093 1987 1133 esse

399 1165 664 1222 studebit.
706 1165 875 1237 Atqui
916 1167 1005 1222 hic
1071 1177 1156 1223 est
1202 1177 1483 1224 extremus
1541 1168 1826 1239 iniustitiae
1876 1178 1988 1224 ter-

399 1259 605 1324 minus,
667 1260 715 1315 si
771 1276 879 1330 qua
931 1260 1066 1316 ﬁdes
1099 1260 1311 1317 Platoni
1344 1262 1593 1317 habenda
1645 1270 1750 1328 est,
1799 1278 1987 1333 quem-

398 1353 544 1420 piam
597 1353 769 1407 videri
804 1353 1039 1423 justum,
1074 1355 1168 1424 qui
1226 1371 1337 1410 non
1385 1355 1477 1411 sit.
1523 1354 1819 1412 Sermones
1885 1356 1987 1428 igi-

400 1451 492 1497 tur
538 1446 633 1515 qui
681 1460 864 1501 rerum
938 1446 1300 1501 honestarum
1352 1451 1792 1518 ceinplectuntur
1835 1464 1988 1517 pra:—

400 1547 578 1606 cepta,
637 1539 717 1593 sic
753 1539 1105 1609 recipiamus.
1144 1538 1209 1592 Et
1253 1541 1512 1609 quoniam
1565 1540 1721 1595 bona:
1767 1555 1986 1610 quoque

399 1631 709 1697 priscorum
759 1629 1041 1686 hominum
1092 1633 1337 1688 actiones
1395 1639 1490 1685 aut
1534 1634 1817 1688 memoriae
1857 1646 1982 1686 sue-

400 1723 651 1777 cessione
681 1723 749 1777 ad
779 1739 878 1778 nos
908 1740 1083 1794 usque
1109 1737 1531 1787 conservantur,
1569 1732 1664 1779 aut
1699 1726 1754 1780 in
1800 1734 1984 1794 poeta-

401 1831 522 1869 rum
581 1825 675 1871 aut
720 1816 1113 1873 historicorum
1167 1819 1541 1875 monumentis
1570 1819 1981 1884 custodiuntur,

401 1923 471 1961 ne
514 1909 717 1963 utilitas
775 1911 1016 1980 quidem,
1048 1926 1170 1981 qua:
1222 1911 1351 1965 hinc
1409 1912 1565 1967 nasci
1602 1919 1803 1981 potest,
1844 1911 1986 1965 desit

402 1999 584 2057 nobis.
620 1998 782 2060 Verbi
818 2003 1017 2071 gratia,
1055 2004 1219 2056 homo
1253 2002 1478 2072 quidam
1508 2001 1985 2056 circumforaneus

399 2091 669 2147 conviciis
731 2090 1002 2147 Periclem
1039 2093 1486 2158 consectabatur,
1526 2094 1618 2148 hic
1656 2102 1836 2148 autem
1873 2109 1986 2148 non

398 2183 736 2252 attendebat,
779 2193 835 2240 et
864 2185 955 2239 die
995 2193 1110 2240 tota
1146 2187 1386 2257 perstitit
1424 2198 1672 2258 uterque,
1732 2187 1824 2242 ille
1862 2188 1987 2257 qui-

398 2273 519 2327 dem
555 2274 842 2343 permultis
881 2276 1097 2345 probris
1142 2277 1449 2341 incessens,
1485 2279 1572 2332 hic
1612 2294 1744 2334 vero
1774 2295 1985 2349 nequa-

397 2382 559 2437 quam
595 2383 819 2423 curans.
859 2367 1065 2425 Deinde
1106 2385 1332 2440 vespere
1359 2371 1471 2440 jam
1515 2371 1681 2436 facto,
1716 2373 1988 2428 tenebris-

396 2476 506 2531 que
534 2461 767 2526 obortis,
799 2462 891 2516 vix
920 2462 1291 2518 discedentem
1341 2462 1582 2518 Pericles
1626 2464 1799 2520 facem
1849 2481 1987 2534 pra:-

396 2552 582 2617 i‘erens
611 2554 855 2617 deduxit,
884 2571 954 2610 ne
982 2556 1089 2611 sibi
1113 2556 1323 2610 inutilis
1348 2554 1486 2609 foret
1519 2556 1840 2611 exercitatio
1860 2558 1982 2627 phi-

396 2646 681 2715 losophiae.
725 2648 940 2702 Rursus
969 2648 1192 2715 quidam
1216 2647 1427 2702 Euclidi
1458 2648 1760 2719 Megarensi
1790 2649 1983 2713 iratus,

397 2748 629 2801 mortem
663 2736 736 2793 ei
778 2738 940 2808 179
987 2738 1272 2794 minitatus
1317 2746 1422 2802 est,
1485 2752 1550 2795 ac
1588 2740 1794 2810 juravit
1838 2762 1851 2797 :
1898 2743 1987 2797 hie

397 2844 621 2885 rursum
648 2830 859 2899 juravit
892 2828 1168 2885 facturum
1205 2845 1266 2884 se
1298 2840 1357 2884 ut
1403 2831 1509 2885 sibi
1544 2832 1636 2886 ille
1671 2832 1987 2901 placaretur

399 2934 465 2972 ac
495 2919 730 2974 infestus
759 2934 883 2975 esse
906 2919 1205 2975 desineret.
1239 2918 1415 2985 Quam
1440 2921 1572 2975 utile
1598 2920 1766 2977 fuerit
1797 2923 1985 2976 talium

399 3012 773 3081 exemplorum
806 3011 1015 3080 aliquid
1038 3012 1090 3065 in
1121 3013 1441 3066 memoriam
1472 3013 1683 3080 venire,
1728 3028 1853 3068 cum
1903 3016 1987 3068 vir

395 3101 509 3173 jam
533 3102 602 3155 ab
634 3101 716 3156 ira
755 3102 1062 3165 detinetur,!
1102 3102 1235 3157 Nam
1260 3104 1592 3159 credendum
1616 3122 1725 3160 non
1757 3116 1841 3164 est
1876 3116 1986 3161 tra-
2014 3131 2058 3188 ο

399 3192 595 3264 [cedite
630 3200 832 3248 temere
864 3193 1096 3249 dicenti:
1119 3193 1186 3249 In
1221 3195 1396 3251 hostes
1428 3199 1510 3251 ira
1539 3208 1714 3253 armat
1738 3216 1987 3255 manum:

397 3282 495 3339 sed
536 3285 694 3356 longe
721 3285 895 3340 satius
924 3297 993 3341 ne
1025 3286 1190 3342 irasci
1219 3288 1440 3357 quidem
1477 3290 1723 3347 omnino.
1758 3291 1914 3359 Quod
1944 3298 1989 3348 si

398 3377 457 3432 id
481 3376 643 3434 facile
670 3376 818 3433 factu
856 3396 964 3435 non
1005 3389 1109 3445 est,
1152 3384 1417 3437 rationem
1444 3392 1594 3440 certe
1613 3386 1759 3441 velut
1778 3386 1988 3441 frenum

398 3469 495 3524 iraa
538 3469 879 3541 objicientes,
895 3471 1079 3526 eil‘erri
1102 3488 1225 3528 eam
1251 3474 1479 3529 ulterius
1497 3490 1565 3529 ne
1583 3477 1985 3545 permittamus.

470 3561 522 3616 5.
548 3562 657 3616 Sed
684 3579 883 3620 rursus
911 3565 1212 3620 orationem
1244 3567 1573 3623 reducamus
1613 3567 1682 3622 ad
1711 3569 1989 3627 actionum

397 3652 665 3708 bonarum
689 3657 958 3726 exempla.
992 3656 1340 3712 Percutiebat
1360 3659 1582 3728 quidam
1617 3660 1980 3729 Sophronisci

397 3739 574 3797 ﬁlium
603 3740 887 3797 Socratem
922 3746 976 3798 in
1006 3745 1182 3814 ipsam
1207 3747 1423 3811 faciem,
1465 3748 1613 3803 facto
1643 3752 1846 3821 saepius
1879 3752 1986 3807 im—

398 3841 529 3903 petu
571 3854 583 3888 :
614 3835 703 3890 hic
732 3846 916 3892 autem
953 3838 1090 3892 nihil
1122 3841 1467 3909 repugnavit,
1506 3842 1602 3897 sed
1648 3845 1778 3899 sivit
1813 3845 1989 3900 ebrio-

397 3942 523 3983 sum
555 3928 705 3982 illum
745 3929 883 3984 iram
907 3946 1062 3986 suam
1095 3936 1389 3999 exsatiare,
1432 3937 1512 3991 sic
1558 3944 1616 3990 ut
1656 3937 1986 3996 intumesce-

398 4027 485 4079 ret
520 4019 633 4089 jam
664 4021 786 4090 ejus
813 4022 999 4078 vultus
1029 4040 1139 4094 prae
1171 4027 1364 4095 plagis,
1405 4037 1663 4099 essetque
1703 4032 1981 4088 saniosus.

398 4110 506 4167 Ubi
546 4122 727 4169 autem
781 4116 871 4170 ille
901 4132 930 4168 a
973 4118 1298 4174 verberibus
1348 4121 1675 4188 destitisset,
1728 4123 1983 4180 Socrates

394 4204 619 4274 quidem
658 4206 795 4260 nihil
826 4208 974 4263 aliud
1015 4208 1210 4265 fecisse
1237 4213 1457 4277 dicitur,
1493 4230 1657 4283 quam
1690 4215 1855 4270 fronti
1873 4233 1986 4272 sua:

395 4297 558 4366 quasi
588 4306 787 4354 statuae
808 4301 1163 4372 inscripsisse
1195 4312 1497 4368 auctorem,
1532 4306 1679 4361 Talis
1730 4308 1979 4377 faciebat,

395 4404 566 4459 seque
600 4391 703 4445 hoc
728 4393 889 4447 modo
916 4395 1246 4450 vindicasse.
1285 4395 1410 4452 Haec
1446 4397 1558 4454 fere
1588 4415 1715 4454 cum
1757 4401 1980 4455 tendant

2091 521 2364 594 ἐλεύθεροι
2407 525 2469 577 τὸ
2523 526 2804 596 παράπαν.
2842 520 2975 580 Εἶτα
3017 526 3277 596 μουσικὸς
3307 526 3406 597 μὲν
3442 527 3543 582 οὐκ
3599 530 3668 584 ἂν

2091 611 2233 666 ἑκὼν
2263 614 2475 679 δέξαιτο
2500 616 2843 688 ἀνάρμοστον
2876 614 3024 686 αὐτῷ
3048 618 3146 688 τὴν
3175 616 3343 689 λύραν
3369 613 3544 672 εἶναι’
3572 619 3669 674 καὶ

2091 706 2252 776 χοροῦ
2292 710 2621 777 κορυφαῖος,
2690 710 2763 781 μὴ
2809 708 2892 762 ὅτι
2938 709 3174 781 μάλιστα
3228 709 3521 781 συνᾴδοντα
3574 711 3670 766 τδν

2093 796 2443 868 χορὸνέχειν.
2469 800 2640 864 Αὐτὸς
2667 799 2726 853 δέ
2761 817 2846 863 τις
2860 800 3099 862 ’ἕκαστος
3130 801 3504 855 διαστασιάσει
3531 803 3669 873 πρὸς

2091 888 2303 955 ἑαυτὸν,
2343 890 2437 943 καὶ
2487 891 2607 961 οὐχ).
2654 894 2767 956 τοῖς
2805 892 2985 961 λόγοις
3017 893 3377 962 ὁμολογοῦντα
3419 893 3511 947 τὸν
3553 894 3671 964 βίον

2092 978 2422 1048 παρέξεται·
2454 980 2566 1033 ἀλλ’
2598 982 2630 1052 ή
2665 981 2883 1049 γλῶττα
2911 980 3021 1053 (51)
3060 983 3159 1054 μέν
3187 983 3497 1055 ὀμώμοκεν,
3530 986 3564 1056 ἡ
3608 985 3672 1038 δὲ

2091 1073 2236 1143 φρὴν
2273 1072 2575 1144 ἀνώμοτος,
2617 1076 2738 1128 κατ’
2770 1075 3071 1146 Εὐριπίδην
3097 1077 3243 1147 ἐρεῖ’
3274 1077 3368 1129 καὶ
3401 1077 3465 1130 τὸ
3491 1077 3672 1132 δοκεῖν

2091 1163 2295 1231 ἀγαθὸς
2324 1165 2430 1235 πρὸ
2466 1165 2559 1218 τοῦ
2605 1162 2746 1219 εἶναι
2773 1165 3042 1233 subeam.
3097 1165 3235 1218 Ἀλλ’
3262 1159 3417 1230 οὗτός
3458 1168 3606 1221 ἐστιν
3640 1170 3672 1222 6

2089 1256 2315 1329 ἔσχατος
2351 1261 2450 1330 τῆς
2480 1261 2694 1325 ἀδικίας
2733 1262 2879 1333 ὄρος,
2915 1261 2971 1316 et
3001 1279 3055 1315 τι
3086 1262 3167 1315 δεῖ
3213 1262 3461 1316 Πλάτωνι
3488 1260 3672 1315 πείθε-

2090 1348 2235 1413 σθαι,
2268 1351 2329 1403 τὸ
2357 1351 2532 1404 δοκεῖν
2558 1352 2766 1407 δίκαιον
2798 1350 2960 1419 εἶναι,
2999 1353 3073 1425 μὴ
3106 1354 3253 1409 ὄντα.
3279 1355 3418 1420 Τοὺς
3452 1357 3550 1427 μὲν
3574 1350 3671 1411 οὖν

2088 1442 2196 1495 τῶν
2235 1441 2429 1511 λόγων,
2458 1444 2506 1496 οἳ
2554 1446 2653 1509 τὰς
2690 1445 2797 1499 τῶν
2841 1446 3021 1500 καλῶν
3072 1447 3287 1518 ἔχουσιν
3344 1448 3624 1517 ὑποθήκας
3650 1489 3666 1511 ,

2087 1534 2258 1599 οὕτως
2298 1537 2713 1608 ἀποδεχώμεθα.
2750 1538 2968 1609 Ἐπειδὴ
2998 1539 3054 1591 δέ
3091 1540 3185 1592 καὶ
3223 1539 3454 1610 πράξεις
3497 1558 3669 1595 σπου-

2087 1627 2232 1681 δαῖαι
2264 1628 2374 1682 τῶν
2406 1629 2649 1684 παλαιῶν
2672 1630 2883 1703 ἀνδρῶν
2907 1631 2940 1704 ἦ
2974 1632 3193 1704 μνήμης
3218 1632 3510 1704 ἀκολουθίᾳ
3531 1634 3670 1704 πρὸς

2085 1720 2235 1789 ἡμᾶς
2272 1719 2663 1786 διασώζονται,
2717 1720 2750 1790 ἢ
2804 1721 3105 1794 ποιητῶνῆ
3154 1723 3515 1795 συγγραφέων
3567 1741 3671 1791 φιμ-

2086 1811 2409 1883 λαττόμεναι
2438 1812 2640 1881 λόγοις,
2670 1813 2804 1885 μηδέ
2834 1814 2934 1886 τῆς
2953 1814 3205 1869 ἐντεῦθεν
3233 1816 3500 1886 ὠφελείας
3530 1816 3668 1870 duo.

2086 1903 2421 1974 λειπώμεθα.
2467 1900 2625 1970 υἷον,
2665 1905 2923 1976 ἐλοιδόρει
2971 1907 3062 1961 τὸν
3117 1907 3390 1978 Περικλέα
3437 1906 3546 1960 τῶν
3607 1908 3671 1975 ἐξ

2087 1997 2294 2068 ἀγορᾶς
2334 2015 2419 2062 τις
2472 1998 2811 2069 ἀνθρώπωνο
2843 2002 2872 2052 6
2910 2000 2966 2053 δὲ
3008 2001 3069 2053 οὐ
3116 2004 3410 2073 προσεῖχε⁸
3460 2002 3555 2056 καὶ
3586 2004 3671 2065 είς

2088 2088 2266 2140 πᾶσαν
2313 2087 2565 2159 διήρκεσε
2606 2088 2717 2160 (52)
2766 2089 2865 2161 τὴν
2906 2089 3151 2162 ἡμέραν.
3201 2092 3229 2144 6
3283 2091 3383 2162 μὲν
3432 2090 3671 2160 ἀφειδῶς

2088 2179 2302 2233 πλύνων
2331 2181 2492 2234 αὐτὸν
2537 2183 2649 2245 τοῖς
2694 2182 2971 2248 ὀνείδεσιν,
3009 2185 3038 2237 6
3088 2183 3145 2237 δὲ
3178 2184 3238 2237 οὐ
3276 2184 3455 2254 μέλων
3496 2184 3666 2256 αὐτῷ.

2087 2269 2221 2325 Εἶτα
2244 2273 2481 2343 ἑσπέρας
2506 2273 2606 2345 ἤδη
2636 2276 2731 2329 καὶ
2762 2276 2988 2339 σκότους
3014 2276 3492 2347 ἁπαλλαττόμενον
3517 2277 3671 2348 μόλις

2088 2363 2193 2416 ὑπὸ
2227 2362 2364 2431 φωτὶ
2398 2364 2727 2436 παρέπεμψε
2759 2365 3058 2437 Περικλῆς,
3087 2368 3235 2431 ὅπως
3264 2367 3414 2437 αὐτῷ
3445 2368 3518 2439 μὴ
3551 2368 3668 2422 δια-

2089 2454 2324 2526 φθαρείη
2364 2456 2424 2508 τὸ
2466 2456 2602 2526 πρὸς
2654 2457 2972 2528 φιλοσοφίαν
3018 2460 3341 2529 γυμνάσιον.
3382 2459 3551 2514 Πάλιν
3584 2478 3670 2524 τις

2088 2549 2354 2621 Εὐκλείδῃ
2382 2549 2461 2621 τῷ
2487 2549 2806 2622 Μεγαρόθεν
2855 2549 3215 2623 παροξυνθεὶς
3255 2552 3484 2611 θάνατον
3511 2554 3659 2622 ἠπείς

2087 2642 2240 2713 λησε,
2279 2643 2375 2695 καὶ
2420 2641 2742 2713 ἐπώμοσεν·
2770 2644 2799 2696 6
2841 2643 2898 2697 δὲ
2933 2643 3248 2714 ἀντώμοσεν
3286 2641 3323 2717 ἦ
3372 2645 3477 2717 μὴν
3519 2645 3657 2698 ἰλεώ-

2089 2733 2286 2787 σασθαι
2309 2733 2495 2798 αὐτὸν,
2514 2736 2608 2787 καὶ
2635 2735 2863 2789 παύσειν
2890 2734 3144 2805 χαλεπῶς
3165 2736 3302 2806 πρὸς
3330 2737 3493 2791 αὐτὸν
3521 2738 3654 2808 ἔχον·

2088 2845 2174 2881 τα.
2221 2828 2395 2881 ΙΙόσου
2447 2827 2597 2895 ἄξιον
2640 2828 2749 2882 τῶν
2798 2828 3056 2882 τοιούτων
3101 2846 3153 2881 τι
3207 2829 3670 2901 παραδειγμάτων

2088 2919 2350 2974 εἰσελθεῖν
2386 2920 2487 2990 τὴν
2525 2922 2768 2991 μνήμην,
2804 2920 3000 2991 ἀνδρὸς
3053 2920 3159 2974 ὑπὸ
3197 2921 3369 2993 ὀργῆς
3404 2921 3506 2992 ἤδη
3538 2938 3653 2975 κατ-

2088 3014 2379 3085 εχομένουῑ
2426 3014 2504 3084 Τῇ
2550 3012 2827 3085 τραγῳδίᾳ
2871 3012 2982 3083 γὰρ
3030 3013 3089 3066 οὐ
3139 3013 3452 3066 πιστευτέον
3485 3013 3669 3077 ἁπλῶς

2089 3105 2324 3179 λεγούσῃ
2344 3123 2358 3137 ο
2397 3106 2516 3159 Ἐπ’
2545 3106 2795 3173 ἐχθροὺς
2829 3106 3016 3174 θυμὸς
3044 3104 3267 3167 ὁπλίζει
3302 3105 3501 3174 χεῖραο
3531 3106 3669 3159 ἀλλὰ

2096 3199 2331 3270 μάλιστα
2357 3199 2454 3269 μὲν
2484 3198 2619 3269 μηδέ
2640 3198 3013 3253 διανίστασθαι
3040 3197 3174 3268 πρὸς
3208 3197 3379 3269 θυμὸν
3401 3198 3461 3251 τὸ
3491 3199 3671 3269 παράς

2092 3308 2233 3344 παν·
2274 3294 2322 3345 εἰ
2364 3292 2421 3344 δὲ
2472 3292 2546 3363 μὴ
2582 3291 2764 3363 ῥᾴδιον
2812 3289 2991 3353 τοῦτο,
3048 3289 3163 3343 ἀλλ’
3215 3289 3405 3362 ὥσπερ
3450 3291 3670 3360 χαλινὸν

2090 3385 2239 3455 αύτῷ
2265 3386 2354 3438 τὸν
2386 3385 2644 3454 λογισμὸν
2675 3380 3070 3455 ἐμϐάλλοντας,
3108 3382 3182 3454 μὴ
3213 3384 3308 3454 ἐᾷν
3337 3381 3668 3455 ἐκφέρεσθαι

2092 3477 2422 3547 περαιτέρω.

2160 3568 2213 3623 5.
2263 3568 2730 3637 Ἐπαναγάγωμεν
2755 3569 2811 3622 δὲ
2830 3567 2921 3621 τὸν
2948 3567 3106 3636 λόγον
3130 3564 3286 3631 αὖθις
3311 3568 3446 3639 πρὸς
3472 3567 3540 3621 τά
3559 3568 3668 3622 τῶν

2091 3661 2394 3716 σπουδαίων
2428 3660 2681 3733 πράξεων
2720 3662 3157 3734 παραδείγματα.
3194 3663 3434 3715 Ἐτυπτέ
3461 3680 3544 3727 τις
3574 3663 3668 3716 τὸν

2088 3754 2469 3824 Σωφρονίσκου
2504 3755 2798 3826 Σωκράτην
2844 3756 2924 3819 εἰς
2962 3753 3094 3807 αὐτὸ
3138 3753 3199 3807 τδ
3230 3753 3521 3824 πρόσωπον
3568 3757 3665 3823 ἐμ-

2088 3845 2271 3900 πεσὼν
2301 3846 2537 3915 ἀφειδῶς
2557 3864 2571 3877 ο
2595 3848 2624 3898 ὁ
2650 3846 2707 3900 δὲ
2741 3847 2842 3900 οὐκ
2875 3847 3126 3919 ἀντῆρεν,
3162 3847 3299 3901 ἀλλὰ
3327 3849 3554 3918 παρεῖχε
3587 3846 3665 3916 τῷ

2087 3935 2431 4008 παροινοῦντι
2476 3936 2579 4007 τῆς
2610 3938 2779 4007 ὀργῆς
2832 3937 3211 4008 ἐμφορεῖσθαι,
3248 3937 3390 3991 ὥστε
3442 3937 3663 4004 ὲξοιδείν

2085 4032 2186 4101 ἤδη
2223 4030 2317 4083 καὶ
2356 4029 2590 4083 ὓπουλον
2637 4029 2787 4100 αὐτῷ
2820 4030 2882 4082 τὸ
2923 4029 3216 4100 πρόσωπον
3246 4030 3353 4083 ὑπὸ
3381 4029 3490 4084 τῶν
3525 4030 3664 4101 πλη-

2085 4123 2195 4191 γῶν
2241 4122 2352 4193 (55)
2394 4118 2552 4174 εἶναι.
2597 4122 2684 4184 Ὠς
2728 4121 2772 4172 δ’
2812 4117 2903 4174 οὖν
2936 4120 3215 4173 ἐπαύσατο
3247 4119 3488 4186 τύπτων,
3536 4121 3665 4174 ἄλλο

2087 4216 2187 4285 μὲν
2233 4215 2386 4267 οὐδὲν
2431 4217 2460 4267 6
2509 4213 2806 4284 Σωκράτης
2842 4214 3087 4284 ποιῆσαι,
3131 4212 3433 4285 ἐπιγράψαι
3482 4213 3539 4266 δὲ
3586 4214 3664 4284 τῷ

2087 4307 2324 4379 μετώπῳ
2355 4307 2593 4376 λέγεται,
2624 4305 2813 4384 ὥσπερ
2860 4306 3155 4376 ἀνδριάντι,
3195 4305 3284 4358 τὸν
3308 4305 3662 4377 δημιουργὸν,

2096 4400 2147 4451 ’0
2163 4400 2331 4453 δεῖνα
2354 4399 2541 4453 ἐποίει
2563 4418 2574 4429 -
2600 4397 2695 4451 καὶ
2719 4395 2970 4450 τοσοῦτον
2998 4395 3107 4467 (54)
3125 4395 3454 4465 ἀμύνασθαι.
3477 4395 3663 4448 Ταῦτα

393 4482 587 4539 eodem
613 4497 683 4539 ac
712 4492 925 4547 nostra,
966 4501 1147 4555 operae
1183 4490 1414 4557 pretium
1444 4506 1567 4546 esse
1602 4507 1804 4547 censeo
1830 4494 1978 4551 viros

2090 4495 2273 4563 σχεδὸν
2319 4495 2398 4556 εἰς
2450 4492 2649 4544 ταύτὸν
2693 4493 2806 4552 τοῖς
2846 4487 3133 4559 ἡμετέροις
3181 4487 3417 4558 φέροντα
3464 4487 3662 4541 πολλοῦ

392 4582 579 4633 tantos
630 4578 790 4633 nobis
842 4594 965 4634 esse
1020 4580 1336 4635 imitandos.
1372 4581 1509 4636 lllud
1550 4585 1697 4638 enim
1736 4584 1977 4644 Socratis

393 4686 711 4747 germanum
735 4680 820 4728 est
844 4684 1117 4745 praecepto
1141 4674 1240 4738 illi,
1274 4676 1549 4731 maxillam
1578 4678 1808 4734 cadenti
1839 4696 1977 4750 pra:-

391 4763 522 4818 bere
548 4772 803 4835 oportere
827 4775 882 4820 et
907 4766 1181 4830 alteram",
1224 4766 1424 4821 nedum
1468 4770 1805 4826 nlciscamur
1849 4788 1972 4829 nos.

394 4854 626 4912 l‘erielis
663 4865 847 4911 autem
895 4855 1121 4920 factum,
1158 4866 1254 4912 aut
1294 4857 1559 4923 Euclidis,
1595 4872 1679 4917 est
1721 4864 1849 4919 huic
1893 4866 1973 4920 si-

393 4948 544 5014 mile,
576 4947 724 5017 quod
752 4958 1148 5019 persequentes
1170 4950 1462 5019 sustinere,
1494 4962 1548 5008 et
1568 4955 1810 5024 ipsorum
1834 4957 1973 5012 iram

464 5104 485 5136 ⁶
529 5101 715 5159 Matth.
750 5121 802 5167 ν,
841 5105 929 5173 39,

465 5259 577 5330 (5i)
615 5259 869 5326 Dircaeus,
906 5270 965 5315 ut
994 5263 1153 5321 solet.
1182 5262 1329 5315 hunc
1363 5261 1567 5322 locum,
1592 5262 1708 5314 ἀλλ’
1743 5261 1969 5332 ήγλῶτ-

393 5348 482 5393 τα,
512 5341 643 5389 etc..
674 5333 727 5385 in
757 5334 873 5389 suis
905 5335 1050 5387 notis
1086 5332 1245 5386 docte
1267 5341 1319 5384 et
1356 5333 1626 5402 exquisite
1665 5333 1926 5387 illustrat.

468 5402 578 5471 (5‘2)
603 5404 758 5475 Coll).
794 5404 1334 5475 tertius_6tﬁpxsaav,
1358 5404 1719 5475 perstiterunt.
1746 5402 1898 5475 Editi.
1917 5411 1971 5456 et

395 5471 483 5528 alii
521 5487 656 5528 mss.
685 5474 961 5544 διήρκεσε.
988 5473 1042 5526 Si
1081 5471 1226 5543 leges
1251 5474 1527 5544 διήρκεσε,
1563 5474 1861 5544 supplenda
1885 5471 1971 5527 est

395 5556 499 5596 vox
527 5542 811 5615 ἑκάτερος,
858 5546 1087 5614 perstitit
1124 5542 1357 5615 uterque.
1394 5542 1647 5615 Subinde
1681 5544 1835 5598 Colb.
1876 5561 1965 5599 sc-

395 5613 609 5669 enndus
637 5613 814 5682 prima
848 5613 1012 5669 manu
1042 5614 1271 5682 ἀφειδῶς
1302 5613 1559 5667 ἐλαύνων.

466 5683 579 5753 (55)
623 5683 779 5739 Colb.
833 5688 1029 5740 tertius
1073 5685 1294 5752 πληγῶν
1353 5684 1419 5746 ἃς
1465 5684 1672 5736 ἐλαϐεν.
1728 5683 1837 5738 Nec
1894 5684 1965 5737 ita

396 5754 572 5809 multo
613 5763 734 5826 post
763 5756 905 5812 idem
931 5755 1101 5812 codex
1137 5754 1323 5824 ὥσπερ
1353 5757 1409 5807 ἐν
1436 5754 1732 5826 ἀνδριάντι.
1771 5754 1961 5809 Μιτιηι

2084 4582 2233 4652 ἄξιον
2258 4581 2396 4639 εἶναι
2422 4582 2766 4656 μιμήσασθαι
2786 4584 2911 4644 τοὺς
2936 4579 3285 4650 τηλικούτους
3316 4579 3479 4648 φημί.
3498 4580 3663 4631 Τουτὶ

2088 4680 2187 4750 μὲν
2209 4678 2318 4747 γὰρ
2346 4676 2409 4729 τὸ
2445 4675 2535 4729 τοῦ
2568 4674 2890 4745 Σωκράτους
2928 4671 3157 4741 ἀδελφὸν
3179 4671 3371 4741 ἐκείνῳ
3398 4670 3478 4741 τῷ
3520 4688 3661 4744 παρ-

2084 4771 2414 4840 αγγέλματι,
2446 4769 2528 4821 ὅτι
2568 4766 2647 4837 τῷ
2685 4766 2943 4820 τύπτοντι
2974 4762 3115 4817 κατὰ
3154 4764 3253 4833 τῆς
3288 4764 3536 4831 σιαγόνος
3567 4763 3661 4816 καὶ

2081 4864 2180 4934 τὴν
2215 4863 2408 4931 ἑτέραν
2450 4858 2713 4930 παρέχειν
2774 4856 3050 4928 προσῆκε,
3102 4853 3358 4908 τοσούτου
3399 4853 3509 4907 δεῖν
3552 4856 3661 4908 ἁπ-

2082 4954 2393 5028 αμύνασθαι
2410 4971 2425 4985 ο
2442 4953 2503 5006 τὸ
2527 4952 2584 5006 δὲ
2607 4951 2702 5004 τοῦ
2729 4949 3058 5021 Περικλέους
3077 4948 3111 5018 ἢ
3134 4947 3195 5001 τὸ
3225 4946 3515 5000 Εὐκλείδου

2071 5275 2235 5331 quam
2287 5260 2343 5313 in
2390 5259 2537 5331 hunc
2583 5259 2850 5331 locum,_6
2896 5256 3043 5309 δεῖνα
3089 5255 3282 5317 ἐποίει,
3329 5254 3543 5331 addidit
3570 5255 3658 5310 vir

2070 5326 2479 5386 eruditissimus
2510 5329 2760 5389 Ducaeus,
2805 5328 2983 5395 legere
3006 5331 3262 5395 poterunt
3295 5326 3524 5381 curiosi.

2145 5402 2258 5475 (54)
2294 5401 2537 5475 Utraque
2578 5398 2744 5475 editio
2772 5397 3000 5475 etdleg.
3031 5397 3227 5475 tertius
3264 5395 3542 5449 τοσούτου.
3581 5396 3657 5451 At

2072 5468 2510 5546 Colbertinipuo
2533 5478 2587 5525 et
2616 5468 2749 5546 Reg.
2775 5468 3290 5546 primusve-021w.
3395 5543 3404 5546 Α
3472 5543 3481 5546 Α
3565 5535 3602 5546 υ
3640 5536 3652 5546 ⁸

2146 5542 2261 5612 (55)
2292 5543 2348 5595 In
2369 5540 2523 5612 Coll).
2550 5535 2933 5612 tertiole'gitur
2959 5536 3278 5612 Εὐκλείδους
3310 5555 3321 5589 :
3355 5543 3412 5590 at
3435 5543 3489 5592 et

2073 5623 2128 5668 ct
2154 5605 2251 5667 alii
2291 5627 2425 5665 mss.
2462 5610 2662 5663 habent
2714 5605 3020 5661 Εὐκλείδου.
3056 5605 3210 5677 Haud
3265 5607 3424 5677 longe
3480 5605 3656 5677 editio

2074 5693 2329 5750 utraque,
2364 5682 2468 5736 hoc
2492 5689 2597 5741 est,
2628 5679 2806 5750 Paris.
2849 5686 2904 5750 et
2942 5678 3110 5750 Basil.
3154 5675 3410 5750 εὔχεσθαι
3441 5676 3653 5742 τούτοις

2074 5747 2271 5826 ἀγαθά.
2302 5752 2447 5807 Libri
2476 5760 2686 5806 veteres
2719 5748 2967 5818 εὕχεσθαι
2994 5748 3060 5801 τὰ
3092 5747 3291 5814 ἀγαθά.
