3982 6240
191 283 283 336 577
322 354 325 359 η

1097 278 1330 334 SERMO
1368 279 1456 333 DE
1492 278 1833 335 LEGENBIS
1870 280 2096 336 LlBlilS
2135 281 2538 338 GENTILIUM.

3333 285 3437 341 578

186 398 259 468 τῷ
287 398 409 460 τοὺς
437 394 735 458 διώκοντας
759 395 1073 467 ὑπομένειν,
1101 396 1195 448 καὶ
1227 396 1419 466 πράως
1452 394 1632 448 αὐτῶν
1664 396 1763 466 τῆς

1871 397 2064 450 leniter
2098 399 2332 454 tolerare
2358 405 2607 469 Oporteat
2642 417 2653 452 :
2684 398 2811 455 huic
2842 416 3057 467 rursus,
3083 403 3225 473 quo‘d
3252 403 3437 458 inimi-

188 491 349 560 ὀργῆς
379 487 674 558 ἀνέχεσθαι
698 506 711 518 ·
761 487 858 541 καὶ
897 486 981 558 τῷ
1007 489 1119 551 τοῖς
1161 486 1376 558 ἐχθροῖς
1411 485 1664 557 εὔχεσθαι
1694 488 1764 541 τὰ

188 578 399 646 ἀγαθά,
435 577 572 631 ἀλλὰ
630 578 709 650 μὴ
758 576 1087 647 ἐπαρᾶσθαι.
1143 579 1229 641 Ὡς
1274 578 1303 631 ὅ
1351 595 1414 647 γε
1450 580 1509 631 ὲν
1554 579 1764 642 τούτοις

187 669 603 741 προπαιδευθεὶς
631 670 734 724 οὐκ
763 670 841 724 ἔτ’
868 670 935 724 ἂν
964 671 1192 734 ἐκείνοις
1224 670 1300 734 ὡς
1341 671 1625 735 ἀδυνάτοις
1657 672 1767 725 δια-

188 766 523 835 πιστήσειεν.
556 762 673 817 Οὐκ
696 763 762 819 ἂν
793 763 1116 835 παρέλθοιμι
1153 763 1218 817 τὸ
1250 763 1343 823 τοῦ
1395 764 1763 835 Ἀλεξάνδρου,

187 858 265 921 ὃς,
295 857 396 922 τάς
445 856 752 928 θυγατέρας
811 857 1043 927 Δαρείου
1103 854 1482 927 αἰχμαλώτους
1537 856 1716 911 λαϐὼν
1749 896 1763 918 ,

190 948 501 1019 θαυμαστόν
541 965 597 1000 τι
642 946 755 1019 (56)
790 944 904 1000 οἷον
953 947 1013 1000 τὸ
1043 947 1237 1014 κάλλος
1270 946 1532 1017 παρέχειν
1563 964 1768 1017 μαρτυ-
1808 970 1811 973 λ

192 1041 495 1111 ρουμένας,
536 1041 663 1093 οὐδὲ
712 1041 986 1112 προσιδεῖν
1032 1041 1295 1109 ἠξίωσεν·
1351 1039 1575 1109 αἰσχρὸν
1626 1035 1767 1091 εἶναι

186 1135 417 1205 κρίνων,
464 1132 557 1187 τὸν
606 1133 809 1204 ἄνδρας
854 1134 1075 1196 ἑλόντα,
1124 1131 1397 1200 γυναικῶν
1445 1131 1764 1202 ἡττηθῆναι.

188 1226 350 1281 Τουτὶ
379 1226 491 1298 γὰρ
522 1229 604 1290 εἰς
640 1225 839 1281 ταύτὸν
879 1227 1069 1297 ἐκείνῳ
1104 1228 1282 1297 φέρει,
1324 1227 1407 1279 ὄτι
1434 1229 1462 1279 ὁ
1491 1225 1768 1296 ἐμϐλέψας

188 1320 325 1391 πρὸς
355 1318 552 1390 ἡδονὴν
586 1319 828 1386 γυναικὶ,
860 1318 962 1372 κάν
992 1319 1066 1389 μὴ
1095 1317 1174 1388 τῷ
1214 1317 1483 1388 ἔργῳ-τὴν
1522 1318 1771 1387 μοιχείαν

188 1411 498 1482 ἐπιτελέσῃ,
525 1409 669 1463 ἀλλά
694 1409 772 1480 τῷ
790 1427 853 1478 γε
876 1409 973 1481 τὴν
1007 1409 1301 1481 ἐπιθυμίαν
1332 1413 1397 1481 τῇ
1420 1411 1562 1481 ψυχῇ
1584 1428 1767 1482 παρα-

184 1503 442 1569 δέξασθαι
477 1504 579 1556 οὐκ
630 1502 851 1571 ἀφίεται
907 1502 1000 1557 τοῦ
1050 1502 1411 1573 ἐγκλήματος.
1471 1504 1549 1555 Τὸ
1574 1502 1632 1555 δὲ
1672 1502 1767 1556 τοῦ

185 1596 459 1659 Κλεινίου,
490 1595 603 1648 τῶν
643 1595 962 1666 Πυθαγόρου
997 1594 1289 1666 γνωρίμων
1343 1595 1484 1659 ἑνὸς,
1528 1593 1771 1664 χαλεπὸν

185 1690 478 1755 πιστεῦσαι
506 1690 616 1742 ἀπὸ
643 1688 988 1759 ταύτομάτου
1025 1688 1298 1759 συμϐῆναι
1319 1690 1431 1751 τοῖς
1452 1686 1763 1756 ἡμετέροις,

1873 488 1953 543 eis
1981 489 2139 551 bene,
2176 504 2287 544 non
2316 490 2455 544 male
2484 491 2695 559 precari
2720 490 3062 549 debeamus’.
3090 492 3271 559 Quare
3290 494 3441 563 quis-

1873 579 1998 648 quis
2030 580 2085 633 in
2119 579 2207 636 his
2250 580 2417 636 fuerit
2463 582 2618 651 prius
2663 583 2932 647 eruditus,
2981 588 3267 655 praeceptis
3308 586 3441 655 illis,

1873 677 2133 739 tanquam
2166 686 2287 741 qua:
2319 671 2435 728 ﬁeri
2462 687 2571 726 non
2602 673 2834 742 possint,
2868 689 2974 729 non
3005 676 3290 748 denegabit
3327 695 3444 735 am-

1874 761 2016 829 plius
2051 761 2229 817 ﬁdem.
2261 762 2447 833 Neque
2481 778 2610 818 vero
2644 764 2994 835 praeterierint
3032 764 3329 823 Alexandri
3364 770 3445 824 fa-

1874 863 2044 912 ctum.
2068 854 2159 922 qui
2183 870 2307 913 cum
2336 855 2474 910 ﬁlias
2500 854 2646 909 Darii
2671 856 2916 922 captivas
2940 856 3185 924 haberet,
3210 875 3444 928 quarmn

1876 941 2213 999 incredibilis
2250 945 2600 1014 pulchritudo
2628 945 2799 1001 fuisse
2828 945 3179 1015 praedicatur,
3213 965 3281 1004 ne
3304 952 3446 1020 nepi-

1874 1049 1999 1093 cere
2031 1037 2250 1105 quidem
2282 1034 2540 1107 dignatus
2563 1046 2646 1092 est
2678 1056 2690 1091 :
2725 1045 2883 1107 turpe
2902 1054 3023 1094 esse
3044 1040 3323 1108 judicans,
3358 1043 3443 1097 vi-

1874 1141 2059 1180 rorum
2096 1128 2359 1181 victorem
2392 1130 2529 1183 vinci
2559 1145 2589 1182 a
2625 1130 2966 1185 mulieribus.
2994 1130 3106 1186 Hoc
3123 1141 3331 1203 spectat
3359 1150 3447 1189 e0-

1874 1220 1994 1279 dem
2030 1232 2193 1292 atque
2224 1224 2376 1287 illud,
2408 1225 2552 1293 quod
2578 1224 2671 1297 qui
2700 1226 2975 1293 aspexerit
2999 1228 3281 1281 mulierem
3322 1228 3447 1282 libi-

1873 1315 2085 1379 diuose,
2126 1330 2438 1385 quanquam
2479 1315 2806 1371 adulterium
2844 1332 3008 1386 opere
3069 1334 3176 1372 non
3219 1320 3448 1373 commi-

1873 1406 1965 1467 sit,
2009 1408 2267 1474 quomam
2323 1416 2505 1461 tamen
2558 1408 3060 1477 conculiiscentiam
3108 1411 3162 1464 in
3203 1412 3445 1465 animum

1874 1495 2113 1558 admisit,
2144 1496 2375 1553 crimine
2402 1515 2513 1553 non
2542 1500 2740 1554 vacet“.
2774 1502 2914 1565 Quin
2949 1510 3003 1555 et
3048 1501 3183 1559 illud
3228 1504 3443 1569 Cliniae,

1873 1588 1965 1656 qui
1996 1604 2138 1643 unus
2181 1605 2212 1643 e
2241 1588 2565 1660 Pythagorae
2594 1591 2880 1659 discipulis
2924 1599 3028 1656 est,
3072 1593 3159 1646 vix
3200 1593 3446 1647 credide-

1874 1681 1974 1734 rim
2004 1697 2131 1735 cum
2164 1683 2371 1738 nostris
2400 1685 2668 1739 institutis
2704 1682 2931 1750 fortuito
2960 1687 3293 1750 consentire,
3336 1704 3445 1741 non

186 1780 298 1832 ἀλλ’
327 1782 450 1850 οὐχὶ
474 1780 864 1851 μιμησαμένου
895 1779 1116 1851 σπουδῇ.
1149 1780 1214 1833 Τί
1260 1779 1316 1832 δὲ
1356 1776 1427 1851 ἦν
1456 1779 1484 1831 ὃ
1514 1780 1763 1850 ἐποίησεν

1870 1774 2121 1828 consulto
2152 1790 2215 1828 ea
2238 1774 2465 1828 imitari.
2504 1774 2712 1844 Ecquid
2740 1784 2921 1830 autem
2955 1783 3093 1840 erat,
3145 1776 3289 1846 quod
3320 1777 3447 1830 fecit

185 1874 427 1938 ἐκεῖνοςς
463 1873 616 1939 Ἐξον
638 1873 703 1927 δι’
731 1874 894 1944 ὅρκου
913 1873 1079 1943 τριῶν
1096 1872 1374 1933 ταλάντων
1404 1871 1605 1942 ζημίαν
1634 1873 1767 1924 ἀπο-

187 1966 402 2032 φυγεῖν,
437 1965 469 2016 ὁ
514 1964 575 2017 δὲ
622 1965 848 2019 ἀπέτισε
905 1963 1101 2035 μᾶλλον
1136 1964 1169 2035 ἢ
1206 1962 1424 2033 ὤμοσε,
1455 1965 1550 2025 καὶ
1594 1963 1766 2018 ταῦτα

183 2057 431 2127 εὐορκεῖν
467 2054 681 2125 μέλλων
700 2071 725 2103 ·.
766 2055 1025 2118 ἀκούσας,
1060 2057 1186 2126 ἐμοὶ
1230 2055 1427 2121 ὃοκεὶν,
1464 2055 1558 2109 τοῦ
1594 2073 1765 2127 προσ-

186 2146 465 2215 τάγματος
507 2145 598 2198 τὸν
621 2146 783 2216 ὅρκον
806 2147 937 2215 ἡμῖν
958 2145 1410 2216 ἀπαγορεύοντος.
1443 2146 1602 2211 ’Δλλ’,
1629 2147 1764 2219 ὅπερ

188 2239 245 2303 ἐξ
272 2237 451 2309 ἀρχῆς
486 2238 696 2307 ἔλεγον,
731 2237 897 2292 πάλιν
937 2238 1017 2301 εἰς
1060 2239 1257 2291 ταύτὸν
1303 2240 1616 2310 ὲπανίωμεν
1641 2256 1655 2269 ο
1703 2241 1764 2293 οὐ

187 2328 367 2382 πάντα
409 2330 538 2401 ἑξῆς
584 2328 953 2399 παραδεκτέον
1000 2329 1151 2399 ἡμῖν,
1191 2328 1306 2383 ἀλλ’
1348 2330 1455 2383 ὅσα
1496 2332 1760 2402 χρήσιμα.

187 2422 295 2474 Καὶ
323 2420 447 2493 γὰρ.
479 2421 705 2491 αἰσχρὸν
753 2420 863 2473 τῶν
904 2420 1005 2490 μὲν
1065 2421 1249 2476 σιτίων
1290 2420 1357 2475 τὰ
1404 2421 1644 2492 βλαϐερά
1686 2422 1764 2475 δι-

184 2512 467 2577 ωθεῖσθαι,
496 2513 607 2564 τῶν
622 2512 679 2565 δὲ
704 2512 1071 2583 μαθημάτων,
1095 2512 1131 2566 ἃ
1150 2514 1249 2583 τὴν
1263 2512 1439 2585 ψυχὴν
1460 2516 1491 2584 ἡ
1504 2515 1619 2583 μῶν
1643 2515 1766 2584 τρέο

184 2621 291 2670 φει,
327 2603 538 2675 μηδένα
590 2602 751 2672 λόγον
795 2603 975 2674 ἔχειν,
1022 2603 1139 2658 ἁλλ¹
1187 2605 1375 2677 ὥσπερ
1432 2607 1764 2678 χειμάρρουν

184 2695 604 2766 παρασύροντας
630 2694 775 2749 ἆπαν
801 2695 863 2748 τὸ
888 2696 1191 2766 προστυχὸν
1224 2695 1609 2766 ἐμϐάλλεσθαι.
1630 2697 1767 2751 Καί-

185 2803 265 2840 τοι
307 2787 435 2844 τίνα
472 2786 589 2858 ἔχει
645 2787 804 2854 λόγον
837 2787 1178 2859 κυϐερνήτην
1215 2790 1314 2859 μὲν
1349 2792 1450 2843 οὐκ
1488 2792 1611 2862 είκῆ
1652 2795 1766 2856 τοῖς

186 2878 492 2949 πνεύμασιν
526 2878 778 2946 ἐφιέναι,
1001 2881 1139 2950 πρὸς
1174 2881 1378 2951 ὅρμους
1428 2882 1673 2936 εὐθύνειν
1704 2883 1767 2937 τὸ

189 2970 415 3038 σκάφος,
447 2971 545 3025 καὶ
572 2970 798 3043 τοξότην
833 2970 977 3025 κατὰ
1006 2972 1210 3026 σκοποῦ
1248 2973 1493 3042 βάλλειν,
1534 2976 1629 3028 καὶ
1665 2976 1764 3046 μὲν

1869 1865 2000 1918 ille?
2043 1862 2413 1933 Jurejurando
2442 1882 2568 1920 cum
2603 1868 2650 1922 ei
2674 1869 2863 1923 liceret
2907 1870 3235 1924 talentorum
3279 1871 3445 1929 trium

1869 1954 2104 2026 eﬁ‘ugere
2137 1958 2632 2021 multam,~solvere
2654 1962 2844 2015 maluit
2868 1976 3032 2031 quam
3055 1962 3269 2031 jurare,
3284 1964 3448 2033 idque

1867 2063 1995 2101 cum
2025 2064 2133 2103 non
2160 2057 2305 2104 esset
2330 2050 2471 2105 falso
2494 2050 2782 2120 juraturus
2808 2071 2823 2120 ;
2853 2063 3181 2124 praeceptum
3209 2070 3316 2124 quo
3348 2071 3448 2108 uo-

1866 2140 1951 2195 bis
1980 2140 2373 2210 jusjurandum
2405 2144 2797 2207 interdicitur’,
2828 2154 2885 2199 ut
2905 2146 3036 2199 mihi
3064 2147 3298 2211 videtur,
3317 2148 3448 2202 edo-

1866 2243 2009 2290 ctus.
2045 2234 2149 2289 Sed
2191 2236 2260 2290 ad
2288 2236 2391 2292 hoc
2418 2236 2561 2292 idem
2603 2239 2749 2309 quod
2800 2240 2955 2293 initio
3003 2240 3275 2306 dicebam,
3322 2258 3448 2295 rur-

1867 2346 1962 2385 sus
1999 2337 2343 2384 revertamur
2378 2348 2391 2384 :
2422 2346 2532 2385 non
2566 2334 2748 2386 omnia
2779 2349 2842 2386 ex
2888 2332 3098 2398 ordine,
3144 2335 3238 2388 sed
3268 2336 3445 2387 solum

1865 2436 1986 2490 qua:
2036 2422 2190 2475 utilia
2245 2427 2394 2485 sunt,
2461 2423 2811 2492 suscipienda
2868 2423 3030 2477 nobis
3071 2438 3215 2480 esse.
3254 2422 3439 2493 Turpe

1866 2528 2103 2583 namque
2144 2511 2309 2566 fuerit
2354 2512 2585 2583 rejicere
2618 2528 2719 2569 nos
2754 2513 2908 2567 cibos
2944 2514 3232 2577 exitlosos,
3282 2516 3449 2569 disci-

1866 2607 2138 2676 plinarum
2162 2620 2293 2660 vero
2320 2621 2443 2674 qua:
2471 2606 2709 2659 animam
2757 2613 3004 2659 nostram
3037 2607 3311 2671 nutriunt,
3360 2622 3450 2661 ra-

1867 2699 2064 2752 tionem
2098 2699 2303 2752 nullam
2327 2698 2550 2762 habere,
2576 2697 2672 2752 sed
2705 2697 2965 2752 torrentis
2983 2698 3037 2752 in
3064 2714 3272 2753 morem
3288 2699 3449 2769 quid-

1866 2789 1995 2859 quid
2026 2790 2245 2845 obvium
2268 2797 2352 2845 est
2370 2791 2669 2855 trahentes,
2690 2790 2745 2845 id
2765 2791 2821 2845 in
2851 2790 3094 2846 animum
3124 2794 3448 2849 recondere.

1868 2881 1934 2935 Et
1966 2882 2188 2952 quidem
2218 2883 2495 2952 quomodo
2524 2884 2724 2937 rationi
2758 2896 3188 2940 consentaneum
3231 2895 3333 2951 est,
3390 2893 3451 2939 ut

1867 2976 2157 3030 nauclerus
2183 2990 2292 3029 non
2333 2985 2540 3030 temere
2577 2991 2637 3031 se
2669 2979 2849 3030 ventis
2877 2976 3179 3044 permittat,
3227 2977 3323 3033 sed
3377 2978 3445 3031 ad

184 3062 245 3129 δὴ
266 3063 360 3115 καὶ
391 3062 753 3131 χαλκευτικόν
780 3079 904 3122 τινα
936 3063 970 3134 ἢ
1003 3064 1321 3121 τεκτονικὸν,
1343 3065 1473 3121 ὄντα
1503 3066 1597 3119 τοῦ
1622 3066 1763 3121 κατὰ

1869 3076 2083 3136 portum
2144 3068 2343 3137 dirigat
2391 3066 2673 3136 scapham,
2744 3069 3169 3139 sagittariusque
3211 3069 3266 3123 in
3326 3084 3450 3125 seo-

180 3152 275 3223 τὴν
302 3152 505 3224 τέχνην
538 3153 788 3223 ἐφίεσθαι
810 3155 998 3218 τέλους
1018 3172 1032 3186 ⁸
1066 3156 1213 3226 ἡμᾶς
1238 3157 1295 3211 δὲ
1322 3157 1418 3212 καὶ
1447 3157 1559 3213 τῶν
1588 3160 1764 3214 τοιού-

181 3260 285 3297 των
321 3244 679 3316 δημιουργῶν
719 3245 1113 3300 ἀπολείπεσθαι
1132 3289 1146 3314 ,
1178 3249 1316 3321 πρός
1349 3266 1415 3319 γε
1446 3251 1508 3304 τὸ
1532 3254 1762 3324 συνορᾷν

182 3335 439 3391 δύνασθαι
481 3338 553 3391 τά
593 3337 874 3409 ﬁne-tepet;
903 3340 978 3391 Οὐ
1017 3339 1124 3411 γὰρ
1168 3340 1233 3413 δὴ
1277 3340 1387 3394 τῶν
1426 3341 1525 3413 μὲν
1562 3360 1762 3415 χειρω-

181 3429 392 3485 νακτῶν
451 3429 572 3483 ἔστι
601 3447 654 3482 τι
702 3430 817 3502 (57)
852 3430 1027 3501 πέρας
1072 3432 1174 3502 τῆς
1225 3434 1520 3503 ἐργασίας,
1562 3434 1657 3487 τοῦ
1703 3435 1762 3489 δὲ

184 3522 526 3594 ἀνθρωπίνου
554 3522 671 3592 βίου
699 3523 900 3587 σκοπὸς
925 3524 1025 3577 οὐκ
1053 3522 1190 3588 ἐστι,
1218 3524 1355 3595 πρὸς
1385 3525 1443 3579 ὂν
1473 3526 1762 3597 ἀφορῶντα

182 3615 354 3669 πάντα
387 3617 571 3668 ποιεῖν
602 3614 699 3669 καὶ
734 3615 914 3685 λέγειν
939 3617 1043 3688 χρὴ
1070 3616 1161 3669 τόν
1193 3633 1258 3684 γε
1285 3617 1358 3689 μὴ
1396 3621 1507 3681 τοῖς
1544 3619 1761 3688 ἀλόγοις

182 3708 498 3761 παντάπασι
552 3710 932 3778 προσεοικέναι
992 3709 1270 3779 μέλλοντα.
1337 3711 1409 3763 Ἦ
1475 3711 1647 3775 οὓτως
1695 3713 1761 3766 ἂν

181 3801 369 3871 εἴημεν
396 3800 641 3870 ἀτεχνῶς
672 3800 815 3854 κατά
857 3801 964 3855 τῶν
1012 3802 1211 3856 πλοίων
1249 3802 1317 3856 τά
1361 3804 1757 3875 ἀνερμάτιστα,

180 3893 389 3956 οὐδενὸς
420 3896 557 3964 ἡμῖν
608 3894 701 3947 νοῦ
740 3896 832 3946 ἐπὶ
865 3894 973 3947 τῶν
1004 3895 1101 3965 τῆς
1143 3896 1321 3966 ψυχῆς
1367 3897 1570 3954 οἰάκων
1629 3898 1760 3951 καθ-

181 3984 462 4054 εζομένου,
492 3983 619 4055 εἰκῆ
648 3985 791 4038 κατὰ
814 3985 904 4038 τὸν
938 3984 1053 4053 βίον
1093 3987 1205 4040 ἄνω
1233 3988 1326 4040 καὶ
1358 3987 1509 4041 κάτω
1530 4005 1759 4059 περιφε-

184 4078 435 4146 ρόμενοι·
483 4077 601 4129 ἀλλ’
648 4075 837 4148 ὥσπερ
868 4079 929 4131 ἐν
964 4080 1076 4140 τοῖς
1112 4082 1398 4148 γυμνικοῖς
1453 4080 1679 4147 ἀγῶσιν,
1711 4084 1758 4134 εἰ

176 4169 237 4220 δὲ
270 4168 470 4237 βούλει,
508 4169 609 4238 τῆς
663 4170 948 4238 μουσικῆς,
985 4170 1208 4222 ἐκείνων
1240 4171 1346 4223 εἰσὶ
1384 4170 1494 4224 τῶν
1533 4172 1759 4240 ἀγώνων

179 4258 237 4309 αἱ
269 4258 510 4327 μελέται,
542 4252 729 4327 ὦνπερ
774 4261 825 4311 οἱ
870 4260 1124 4328 στέφανοι
1152 4261 1502 4331 πρόκεινται,
1537 4264 1632 4317 καὶ
1669 4265 1759 4316 οὑ-

176 4352 289 4415 δείς
319 4352 435 4423 (58)
465 4368 532 4420 γε
562 4351 740 4420 πάλην
771 4350 955 4405 ἀσκῶν
994 4352 1027 4422 ἦ
1056 4352 1424 4422 παγκράτιον,
1451 4348 1572 4407 εἶτα
1606 4353 1761 4407 κιθα-

1868 3174 1998 3230 pum
2028 3160 2291 3225 intendat,
2323 3167 2378 3215 et
2403 3160 2556 3215 faber
2585 3160 2849 3233 ferrarius
2880 3171 2973 3214 aut
3003 3161 3267 3231 liguarius
3286 3160 3448 3216 ﬁnem

1869 3252 2005 3305 artis
2033 3259 2255 3321 appetat
2286 3269 2299 3305 :
2331 3265 2434 3306 nos
2460 3266 2590 3307 vero
2615 3253 2902 3308 inferiores
2938 3254 3110 3309 simus
3137 3254 3299 3324 180
3327 3255 3448 3323 opi-

1868 3344 2063 3399 ﬁcibus
2085 3344 2382 3414 ejusmodi,
2413 3360 2539 3399 cum
2582 3354 2730 3400 certe
2763 3361 2852 3401 res
2896 3353 3115 3401 nostras
3149 3347 3450 3416 intelligere

1867 3437 2203 3505 possumus?
2234 3436 2386 3492 Itane
2417 3436 2688 3491 artiﬁcum
2730 3437 2880 3505 operi
2930 3437 3093 3490 inerit
3128 3437 3254 3492 linis
3296 3438 3450 3507 quis-

1870 3529 2038 3598 piam,
2072 3529 2326 3582 humana:
2357 3543 2490 3583 vero
2529 3529 2655 3583 vita
2700 3542 2902 3596 scopus
2935 3528 3118 3581 nullus
3157 3536 3261 3595 est,
3290 3528 3451 3596 cujus

1869 3621 2073 3674 intuitu
2104 3622 2285 3675 omnia
2324 3618 2506 3675 facere
2551 3634 2616 3674 ac
2644 3619 2829 3674 dicere
2867 3625 3115 3689 oporteat
3163 3633 3287 3672 eum
3355 3620 3451 3688 qui

1865 3712 2044 3768 brutis
2078 3712 2404 3766 animalibus
2433 3711 2657 3766 omnino
2707 3711 2906 3766 similis
2951 3725 3074 3765 esse
3116 3710 3296 3763 nolit?
3340 3709 3450 3763 Aut

1867 3808 1948 3860 sic
1979 3813 2180 3860 temere
2217 3806 2392 3859 instar
2436 3804 2777 3874 navigiorum
2838 3819 2946 3857 non
3003 3804 3446 3866 saburratorum,

1867 3906 2048 3952 mente
2083 3905 2270 3953 nostra
2307 3896 2374 3949 ad
2405 3898 2599 3950 animae
2638 3896 3010 3964 gubernacula
3052 3911 3162 3949 non
3202 3895 3446 3961 sedente,

1867 4002 2085 4043 sursum
2116 4001 2180 4040 ac
2209 3985 2470 4040 deorsum
2501 4001 2597 4055 per
2626 3990 2791 4038 vitam
2811 3985 3296 4041 circumferremur
3315 4001 3329 4051 ;
3351 3986 3447 4040 sed

1866 4078 2324 4147 quemadmodum
2377 4077 2432 4131 in
2495 4077 2766 4146 gymnicis
2810 4077 3449 4149 certaminibus,rinque

1866 4170 2114 4232 musicis,
2157 4170 2202 4223 si
2234 4171 2307 4222 ita
2348 4171 2544 4238 placet,
2580 4184 2772 4223 eorum
2809 4170 3170 4224 certaminum
3212 4185 3447 4239 quorum

1866 4278 2082 4319 corona:
2110 4271 2513 4333 proponuntur,
2537 4263 2962 4318 exercitationes
2991 4262 3149 4327 ﬁunt,
3174 4278 3276 4317 nec
3296 4265 3451 4334 quis-

1865 4370 2029 4424 quam
2063 4355 2129 4408 ad
2162 4355 2365 4408 luetam
2407 4368 2671 4409 exercens
2708 4368 2788 4416 se,
2839 4360 2934 4407 aut
2970 4353 3037 4407 ad
3076 4356 3444 4422 pancratium,

178 4444 351 4514 ρίζειν
384 4444 421 4515 ἢ
453 4443 639 4497 αὐλεῖν
691 4443 908 4515 μελετᾷ.
963 4442 1172 4498 Οὔκουν
1208 4445 1236 4497 ὁ
1295 4444 1619 4516 Πολυδάμας
1669 4463 1756 4515 γε,

1869 4447 2102 4503 subinde
2143 4447 2354 4500 cithara
2397 4454 2490 4500 aut
2530 4446 2661 4501 tibia
2710 4460 2908 4501 canere
2958 4446 3276 4501 meditatur.
3327 4444 3447 4499 Non

176 4536 299 4589 ἀλλ’
355 4537 566 4599 ἐκεῖνος
614 4535 720 4608 πρὸ
770 4534 866 4588 τοῦ
911 4536 1122 4605 ἀγῶνος
1170 4536 1262 4589 τοῦ
1315 4536 1641 4608 Ὀλυμπιάσι
1692 4538 1761 4593 τά

175 4630 405 4701 aptum
450 4630 576 4700 ἵστη
614 4630 901 4700 τρέχοντα,
953 4630 1046 4683 καὶ
1096 4628 1184 4685 διὰ
1232 4629 1436 4684 τούτων
1472 4631 1571 4699 τὴν
1609 4633 1762 4702 ἰσχὺν

176 4723 469 4794 ἐκράτυνε.
520 4722 633 4775 Καὶ
675 4722 704 4774 ὃ
742 4738 808 4790 γε
858 4721 1046 4775 Μίλων
1094 4720 1201 4774 ἀπὸ
1242 4720 1341 4792 τῆς
1389 4720 1763 4793 ἁληλιμμένης

172 4816 404 4880 ἀσπίδος
434 4817 536 4869 οὐκ
576 4814 852 4880 ἐξωθεῖτο,
888 4815 1003 4868 ἀλλ’
1041 4817 1286 4884 ἀντεῖχεν
1318 4802 1626 4884 ὠθούμενος
1661 4816 1760 4885 οὐχ

168 4906 341 4979 ἦττον
371 4910 474 4980 ἢοὶ
518 4908 835 4980 ἀνδριάντες
872 4907 920 4959 οί
954 4906 1028 4977 τῷ
1077 4906 1324 4977 μολύϐδῳ
1363 4905 1753 4976 συνδεδεμένοι.

166 5004 293 5056 Καὶ
321 5000 651 5068 ἁπαξαπλῶς
678 5001 737 5053 αἱ
778 4999 1000 5069 μελέται
1028 4998 1212 5062 αὐτοῖς
1259 4997 1612 5068 παρασκευαὶ
1645 4996 1758 5052 τῶν

165 5092 357 5149 ἄθλων
383 5089 541 5165 ἦσαν.
582 5092 644 5145 Ei
669 5091 727 5144 δὲ
758 5090 831 5143 τὰ
871 5088 1133 5161 Μαρσύου
1152 5087 1265 5160 (59)
1307 5088 1340 5159 ἢ
1372 5087 1442 5140 τὰ
1482 5087 1755 5160 Ὀλύμπου

240 5272 268 5304 ⁷
312 5271 499 5325 Matth.
534 5288 587 5334 ν,
614 5269 707 5323 ιι.
784 5268 806 5299 ⁸
844 5267 975 5324 ibid.
1014 5266 1106 5342 28.
1180 5267 1205 5298 θ
1242 5264 1498 5321 ibid..55.

242 5425 363 5497 (EI-6)
392 5425 468 5480 Ita
496 5425 623 5482 libri
657 5424 894 5496 antiqui.
929 5422 1134 5479 Vocula
1170 5441 1226 5476 τι
1253 5423 1307 5479 in
1339 5421 1504 5480 editis
1538 5419 1756 5478 deside-

164 5508 367 5640 rei???)
392 5570 527 5625 Illud
554 5587 607 5621 τι
628 5585 661 5624 e
683 5566 885 5640 priscis
906 5565 1061 5619 libris
1076 5564 1447 5640 additumest.
1462 5565 1755 5632 Aliquanto

156 5637 310 5712 post.
343 5637 571 5712 quatuor
607 5637 1133 5712 autquinquemss.
1166 5637 1481 5692 παντάπασι
1504 5649 1754 5706 προσεοι-

162 5706 501 5767 Ξιέναιίῗοχ
529 5712 682 5784 prior
704 5706 762 5766 in
789 5706 1025 5779 vulgatis
1055 5707 1264 5763 deerat.

1866 4536 2191 4608 Polydamas
2218 4543 2386 4599 certe,
2410 4537 2503 4592 sed
2534 4537 2625 4590 ille
2642 4543 2769 4590 ante
2792 4542 3068 4590 certamen
3094 4535 3149 4589 in
3182 4535 3448 4605 Olympiis

1864 4643 2062 4683 currus
2102 4627 2340 4697 agitatos
2382 4627 2675 4694 retinebat,
2725 4637 2778 4682 et
2802 4627 2928 4681 inde
2974 4627 3123 4681 vires
3166 4641 3231 4679 ac
3279 4626 3449 4678 robur

1864 4719 2199 4775 intendebat.
2234 4718 2360 4772 Milo
2387 4734 2604 4790 quoque
2626 4733 2656 4772 a
2680 4728 2838 4774 scuto
2870 4720 3008 4774 illito
3050 4734 3160 4773 non
3200 4719 3446 4772 dimove-

1864 4812 2045 4876 batur,
2082 4811 2177 4866 sed
2214 4811 2486 4882 impulsus
2526 4812 2843 4877 resistebat,
2899 4828 3009 4866 non
3059 4816 3245 4865 minus
3282 4826 3446 4880 quam

1871 4913 2065 4959 statua:
2091 4919 2169 4959 eae
2199 4920 2322 4974 qua:
2350 4905 2574 4974 plumbo
2609 4905 2958 4976 colligantur.
3005 4903 3069 4958 Et
3113 4919 3224 4958 uno
3252 4902 3444 4967 verbo,

1864 4997 2263 5053 exercitatione
2308 4998 2762 5069 praeparabantur
2801 4997 2867 5051 ad
2913 4997 3236 5052 certamina.
3290 4992 3448 5061 Quod

1861 5089 1931 5155 si,
1962 5089 2183 5157 pulvere
2207 5103 2274 5143 ac
2303 5087 2603 5160 gymnasiis
2639 5088 2867 5152 relictis,
2914 5087 2981 5142 ad
3028 5101 3195 5142 sonos
3228 5086 3449 5141 modos-
3474 5130 3490 5137 -

1935 5418 2047 5491 (58)
2077 5416 2223 5472 Editi
2257 5418 2549 5491 στέφανοι,
2573 5415 2666 5491 καὶἶ
2687 5414 2887 5491 οὐδείὲ
3024 5429 3158 5491 mss.
3192 5420 3307 5470 tres
3334 5412 3448 5466 crcé-

1862 5484 2039 5557 φανοι’
2070 5484 2408 5559 πρόκεινται,
2468 5487 2562 5540 καὶ
2616 5485 2813 5549 οὐδείς.
2850 5484 3091 5540 Subinde
3144 5501 3288 5545 unus
3336 5499 3443 5542 ms.

1863 5560 2388 5643 iaxgvﬁnfparévsto.

1853 5653 1855 5655 ί
1916 5623 2042 5700 ’(59)
2083 5623 2235 5685 Unus
2268 5645 2371 5684 ms.
2407 5627 2475 5682 τὰ
2500 5626 2773 5701 Μαρσίου.
2806 5625 2946 5683 Editi
2979 5633 3033 5682 et
3072 5626 3165 5681 alii
3205 5642 3339 5682 mss.
3374 5623 3449 5680 τὰ

1859 5701 2142 5772 Μαρσύου.
