  <div class='ocr_page' id='page_1' title='image "/cluster/home/n/w/nwhite01/storage/ocr_20150623/31/mdp.39015012934363/299.png"; bbox 0 0 3982 6240; ppageno 0'>
   <div class='ocr_carea' id='block_1_1' title="bbox 504 264 609 320">
    <p class='ocr_par' dir='ltr' id='par_1_1' title="bbox 504 264 609 320">
     <span class='ocr_line' id='line_1_1' title="bbox 504 264 609 320; baseline 0 -1"><span class='ocrx_word' id='word_1_1' title='bbox 504 264 609 320; x_wconf 71' lang='lat'><strong>5&#39;79</strong></span> 
     </span>
    </p>
   </div>
   <div class='ocr_carea' id='block_1_2' title="bbox 1809 233 2512 312">
    <p class='ocr_par' dir='ltr' id='par_1_2' title="bbox 1809 233 2512 312">
     <span class='ocr_line' id='line_1_2' title="bbox 1809 233 2512 312; baseline 0 -2"><span class='ocrx_word' id='word_1_2' title='bbox 1809 233 1814 238; x_wconf 76' lang='grc'><em>’</em></span> <span class='ocrx_word' id='word_1_3' title='bbox 1905 256 1968 312; x_wconf 87' lang='lat' dir='ltr'><strong>s.</strong></span> <span class='ocrx_word' id='word_1_4' title='bbox 2013 255 2254 310; x_wconf 65' lang='lat' dir='ltr'><strong>BASILII</strong></span> <span class='ocrx_word' id='word_1_5' title='bbox 2294 254 2512 312; x_wconf 80' lang='lat' dir='ltr'><strong>MAGNI</strong></span> 
     </span>
    </p>
   </div>
   <div class='ocr_carea' id='block_1_3' title="bbox 3668 262 3768 317">
    <p class='ocr_par' dir='ltr' id='par_1_3' title="bbox 3668 262 3768 317">
     <span class='ocr_line' id='line_1_3' title="bbox 3668 262 3768 317; baseline -0.01 0"><span class='ocrx_word' id='word_1_6' title='bbox 3668 262 3768 317; x_wconf 83' lang='lat'><strong>580</strong></span> 
     </span>
    </p>
   </div>
   <div class='ocr_carea' id='block_1_4' title="bbox 503 378 2081 457">
    <p class='ocr_par' dir='ltr' id='par_1_4' title="bbox 503 379 2081 457">
     <span class='ocr_line' id='line_1_4' title="bbox 503 379 2081 457; baseline -0.006 -16"><span class='ocrx_word' id='word_1_7' title='bbox 503 401 612 457; x_wconf 89' lang='lat' dir='ltr'><strong>que</strong></span> <span class='ocrx_word' id='word_1_8' title='bbox 648 383 876 455; x_wconf 78' lang='lat' dir='ltr'><strong>Marsyze</strong></span> <span class='ocrx_word' id='word_1_9' title='bbox 920 392 1015 437; x_wconf 91' lang='lat' dir='ltr'><strong>aut</strong></span> <span class='ocrx_word' id='word_1_10' title='bbox 1043 382 1256 454; x_wconf 85' lang='lat' dir='ltr'><strong>Olympi</strong></span> <span class='ocrx_word' id='word_1_11' title='bbox 1296 380 1570 452; x_wconf 82' lang='lat' dir='ltr'><strong>Phrygum</strong></span> <span class='ocrx_word' id='word_1_12' title='bbox 1595 379 1875 435; x_wconf 85' lang='lat' dir='ltr'><strong>curiosius</strong></span> <span class='ocrx_word' id='word_1_13' title='bbox 1913 387 2081 433; x_wconf 88' lang='lat' dir='ltr'><strong>atten-</strong></span> 
     </span>
    </p>
   </div>
   <div class='ocr_carea' id='block_1_5' title="bbox 2187 378 3770 457">
    <p class='ocr_par' dir='ltr' id='par_1_5' title="bbox 2190 378 3770 452">
     <span class='ocr_line' id='line_1_5' title="bbox 2190 378 3770 452; baseline 0.003 -20"><span class='ocrx_word' id='word_1_14' title='bbox 2190 380 2300 432; x_wconf 89' lang='grc' dir='ltr'><strong>τῶν</strong></span> <span class='ocrx_word' id='word_1_15' title='bbox 2327 378 2557 450; x_wconf 80' lang='grc' dir='ltr'><strong>Φρυγῶν</strong></span> <span class='ocrx_word' id='word_1_16' title='bbox 2580 380 3023 450; x_wconf 76' lang='grc' dir='ltr'>περιειργάζοντο</span> <span class='ocrx_word' id='word_1_17' title='bbox 3055 381 3357 452; x_wconf 86' lang='grc' dir='ltr'>κρούματα,</span> <span class='ocrx_word' id='word_1_18' title='bbox 3383 381 3770 446; x_wconf 80' lang='grc' dir='ltr'><strong>καταλιπόντες</strong></span> 
     </span>
    </p>
   </div>
   <div class='ocr_carea' id='block_1_6' title="bbox 505 473 2084 544">
    <p class='ocr_par' dir='ltr' id='par_1_6' title="bbox 505 473 2084 544">
     <span class='ocr_line' id='line_1_6' title="bbox 505 473 2084 544; baseline -0.005 -9"><span class='ocrx_word' id='word_1_19' title='bbox 505 481 738 544; x_wconf 74' lang='lat' dir='ltr'><strong>disserit,</strong></span> <span class='ocrx_word' id='word_1_20' title='bbox 791 493 921 532; x_wconf 91' lang='lat' dir='ltr'><strong>num</strong></span> <span class='ocrx_word' id='word_1_21' title='bbox 971 479 1156 532; x_wconf 83' lang='lat' dir='ltr'><strong>statim</strong></span> <span class='ocrx_word' id='word_1_22' title='bbox 1211 476 1440 531; x_wconf 73' lang='lat' dir='ltr'><strong>fuissent</strong></span> <span class='ocrx_word' id='word_1_23' title='bbox 1480 489 1717 530; x_wconf 88' lang='lat' dir='ltr'><strong>coronas</strong></span> <span class='ocrx_word' id='word_1_24' title='bbox 1759 489 1823 528; x_wconf 89' lang='lat' dir='ltr'><strong>ac</strong></span> <span class='ocrx_word' id='word_1_25' title='bbox 1856 473 2084 544; x_wconf 77' lang='lat' dir='ltr'><strong>gloriam</strong></span> 
     </span>
    </p>
   </div>
   <div class='ocr_carea' id='block_1_7' title="bbox 507 566 2086 637">
    <p class='ocr_par' dir='ltr' id='par_1_7' title="bbox 507 566 2086 637">
     <span class='ocr_line' id='line_1_7' title="bbox 507 566 2086 637; baseline -0.003 -12"><span class='ocrx_word' id='word_1_26' title='bbox 507 571 770 637; x_wconf 84' lang='lat' dir='ltr'><strong>assecuti,</strong></span> <span class='ocrx_word' id='word_1_27' title='bbox 801 577 898 624; x_wconf 89' lang='lat' dir='ltr'><strong>aut</strong></span> <span class='ocrx_word' id='word_1_28' title='bbox 927 569 1200 624; x_wconf 83' lang='lat' dir='ltr'><strong>cavissent</strong></span> <span class='ocrx_word' id='word_1_29' title='bbox 1221 584 1290 623; x_wconf 89' lang='lat' dir='ltr'><strong>ne</strong></span> <span class='ocrx_word' id='word_1_30' title='bbox 1325 569 1380 622; x_wconf 94' lang='lat' dir='ltr'><strong>in</strong></span> <span class='ocrx_word' id='word_1_31' title='bbox 1409 581 1644 637; x_wconf 88' lang='lat' dir='ltr'><strong>corpore</strong></span> <span class='ocrx_word' id='word_1_32' title='bbox 1675 566 1895 620; x_wconf 85' lang='lat' dir='ltr'><strong>ridiculi</strong></span> <span class='ocrx_word' id='word_1_33' title='bbox 1930 566 2086 621; x_wconf 86' lang='lat' dir='ltr'><strong>vide-</strong></span> 
     </span>
    </p>
   </div>
   <div class='ocr_carea' id='block_1_8' title="bbox 503 657 2089 726">
    <p class='ocr_par' dir='ltr' id='par_1_8' title="bbox 503 657 2089 726">
     <span class='ocr_line' id='line_1_8' title="bbox 503 657 2089 726; baseline -0.006 -7"><span class='ocrx_word' id='word_1_34' title='bbox 503 664 729 719; x_wconf 82' lang='lat' dir='ltr'><strong>rentur?</strong></span> <span class='ocrx_word' id='word_1_35' title='bbox 766 663 990 725; x_wconf 79' lang='lat' dir='ltr'><strong>Contra,</strong></span> <span class='ocrx_word' id='word_1_36' title='bbox 1034 661 1358 716; x_wconf 76' lang='lat' dir='ltr'><strong>Timotheus</strong></span> <span class='ocrx_word' id='word_1_37' title='bbox 1404 667 1569 713; x_wconf 89' lang='lat' dir='ltr'><strong>cantu</strong></span> <span class='ocrx_word' id='word_1_38' title='bbox 1597 657 1848 721; x_wconf 91' lang='lat' dir='ltr'><strong>dimisso,</strong></span> <span class='ocrx_word' id='word_1_39' title='bbox 1893 658 1948 710; x_wconf 93' lang='lat' dir='ltr'><strong>in</strong></span> <span class='ocrx_word' id='word_1_40' title='bbox 1992 672 2089 726; x_wconf 87' lang='lat' dir='ltr'><strong>pa-</strong></span> 
     </span>
    </p>
   </div>
   <div class='ocr_carea' id='block_1_9' title="bbox 505 749 2087 825">
    <p class='ocr_par' dir='ltr' id='par_1_9' title="bbox 505 749 2087 825">
     <span class='ocr_line' id='line_1_9' title="bbox 505 749 2087 825; baseline -0.004 -16"><span class='ocrx_word' id='word_1_41' title='bbox 505 756 705 811; x_wconf 65' lang='lat' dir='ltr'><strong>linstris</strong></span> <span class='ocrx_word' id='word_1_42' title='bbox 731 771 838 809; x_wconf 87' lang='lat' dir='ltr'><strong>non</strong></span> <span class='ocrx_word' id='word_1_43' title='bbox 865 754 1118 825; x_wconf 89' lang='lat' dir='ltr'><strong>degebat.</strong></span> <span class='ocrx_word' id='word_1_44' title='bbox 1143 752 1327 822; x_wconf 86' lang='lat' dir='ltr'><strong>Neque</strong></span> <span class='ocrx_word' id='word_1_45' title='bbox 1349 753 1495 808; x_wconf 87' lang='lat' dir='ltr'><strong>enim</strong></span> <span class='ocrx_word' id='word_1_46' title='bbox 1522 751 1595 804; x_wconf 92' lang='lat' dir='ltr'><strong>ita</strong></span> <span class='ocrx_word' id='word_1_47' title='bbox 1608 749 1863 804; x_wconf 92' lang='lat' dir='ltr'><strong>omnibus</strong></span> <span class='ocrx_word' id='word_1_48' title='bbox 1879 750 2087 802; x_wconf 83' lang='lat' dir='ltr'><strong>musica</strong></span> 
     </span>
    </p>
   </div>
   <div class='ocr_carea' id='block_1_10' title="bbox 503 841 2086 919">
    <p class='ocr_par' dir='ltr' id='par_1_10' title="bbox 503 841 2086 919">
     <span class='ocr_line' id='line_1_10' title="bbox 503 841 2086 919; baseline -0.007 -15"><span class='ocrx_word' id='word_1_49' title='bbox 503 849 874 919; x_wconf 68' lang='lat' dir='ltr'><strong>praestitisset,</strong></span> <span class='ocrx_word' id='word_1_50' title='bbox 929 848 1018 902; x_wconf 84' lang='lat' dir='ltr'><strong>cui</strong></span> <span class='ocrx_word' id='word_1_51' title='bbox 1052 848 1266 902; x_wconf 77' lang='lat' dir='ltr'><strong>scilicet</strong></span> <span class='ocrx_word' id='word_1_52' title='bbox 1291 853 1442 899; x_wconf 89' lang='lat' dir='ltr'><strong>tanta</strong></span> <span class='ocrx_word' id='word_1_53' title='bbox 1469 845 1676 899; x_wconf 78' lang='lat' dir='ltr'><strong>inesset</strong></span> <span class='ocrx_word' id='word_1_54' title='bbox 1702 842 1839 896; x_wconf 88' lang='lat' dir='ltr'><strong>artis</strong></span> <span class='ocrx_word' id='word_1_55' title='bbox 1868 841 2086 911; x_wconf 90' lang='lat' dir='ltr'><strong>peritia,</strong></span> 
     </span>
    </p>
   </div>
   <div class='ocr_carea' id='block_1_11' title="bbox 508 935 2091 1010">
    <p class='ocr_par' dir='ltr' id='par_1_11' title="bbox 508 935 2091 1010">
     <span class='ocr_line' id='line_1_11' title="bbox 508 935 2091 1010; baseline -0.006 -14"><span class='ocrx_word' id='word_1_56' title='bbox 508 950 566 996; x_wconf 90' lang='lat' dir='ltr'><strong>ut</strong></span> <span class='ocrx_word' id='word_1_57' title='bbox 591 949 646 996; x_wconf 90' lang='lat' dir='ltr'><strong>et</strong></span> <span class='ocrx_word' id='word_1_58' title='bbox 667 942 911 994; x_wconf 88' lang='lat' dir='ltr'><strong>animum</strong></span> <span class='ocrx_word' id='word_1_59' title='bbox 954 955 1052 1010; x_wconf 91' lang='lat' dir='ltr'><strong>per</strong></span> <span class='ocrx_word' id='word_1_60' title='bbox 1084 939 1414 993; x_wconf 76' lang='lat' dir='ltr'><strong>concitatam</strong></span> <span class='ocrx_word' id='word_1_61' title='bbox 1461 946 1844 1006; x_wconf 88' lang='lat' dir='ltr'><strong>austeramque</strong></span> <span class='ocrx_word' id='word_1_62' title='bbox 1880 935 2091 987; x_wconf 82' lang='lat' dir='ltr'><strong>barmo-</strong></span> 
     </span>
    </p>
   </div>
   <div class='ocr_carea' id='block_1_12' title="bbox 507 1025 2090 1096">
    <p class='ocr_par' dir='ltr' id='par_1_12' title="bbox 507 1025 2090 1096">
     <span class='ocr_line' id='line_1_12' title="bbox 507 1025 2090 1096; baseline -0.006 -8"><span class='ocrx_word' id='word_1_63' title='bbox 507 1037 650 1088; x_wconf 85' lang='lat' dir='ltr'><strong>niam</strong></span> <span class='ocrx_word' id='word_1_64' title='bbox 683 1033 751 1086; x_wconf 89' lang='lat' dir='ltr'><strong>ad</strong></span> <span class='ocrx_word' id='word_1_65' title='bbox 781 1035 914 1086; x_wconf 90' lang='lat' dir='ltr'><strong>iram</strong></span> <span class='ocrx_word' id='word_1_66' title='bbox 943 1034 1228 1096; x_wconf 78' lang='lat' dir='ltr'><strong>excitaret,</strong></span> <span class='ocrx_word' id='word_1_67' title='bbox 1258 1039 1311 1085; x_wconf 90' lang='lat' dir='ltr'><strong>et</strong></span> <span class='ocrx_word' id='word_1_68' title='bbox 1341 1045 1534 1084; x_wconf 80' lang='lat' dir='ltr'><strong>rursus</strong></span> <span class='ocrx_word' id='word_1_69' title='bbox 1561 1027 1898 1082; x_wconf 90' lang='lat' dir='ltr'><strong>demulceret</strong></span> <span class='ocrx_word' id='word_1_70' title='bbox 1921 1025 2090 1080; x_wconf 91' lang='lat' dir='ltr'><strong>emol-</strong></span> 
     </span>
    </p>
   </div>
   <div class='ocr_carea' id='block_1_13' title="bbox 504 1118 2086 1196">
    <p class='ocr_par' dir='ltr' id='par_1_13' title="bbox 504 1118 2086 1196">
     <span class='ocr_line' id='line_1_13' title="bbox 504 1118 2086 1196; baseline -0.006 -16"><span class='ocrx_word' id='word_1_71' title='bbox 504 1128 737 1196; x_wconf 91' lang='lat' dir='ltr'><strong>liretque</strong></span> <span class='ocrx_word' id='word_1_72' title='bbox 769 1140 865 1194; x_wconf 90' lang='lat' dir='ltr'><strong>per</strong></span> <span class='ocrx_word' id='word_1_73' title='bbox 903 1125 1216 1187; x_wconf 89' lang='lat' dir='ltr'><strong>remissam,</strong></span> <span class='ocrx_word' id='word_1_74' title='bbox 1257 1137 1383 1177; x_wconf 90' lang='lat' dir='ltr'><strong>cum</strong></span> <span class='ocrx_word' id='word_1_75' title='bbox 1414 1121 1593 1175; x_wconf 85' lang='lat' dir='ltr'><strong>vellet.</strong></span> <span class='ocrx_word' id='word_1_76' title='bbox 1628 1118 1743 1174; x_wconf 86' lang='lat' dir='ltr'><strong>Hac</strong></span> <span class='ocrx_word' id='word_1_77' title='bbox 1785 1121 1915 1174; x_wconf 87' lang='lat' dir='ltr'><strong>item</strong></span> <span class='ocrx_word' id='word_1_78' title='bbox 1949 1125 2086 1178; x_wconf 88' lang='lat' dir='ltr'><strong>arte,</strong></span> 
     </span>
    </p>
   </div>
   <div class='ocr_carea' id='block_1_14' title="bbox 504 1205 2090 1286">
    <p class='ocr_par' dir='ltr' id='par_1_14' title="bbox 504 1205 2090 1286">
     <span class='ocr_line' id='line_1_14' title="bbox 504 1205 2090 1286; baseline -0.006 -16"><span class='ocrx_word' id='word_1_79' title='bbox 504 1232 629 1271; x_wconf 92' lang='lat' dir='ltr'><strong>cum</strong></span> <span class='ocrx_word' id='word_1_80' title='bbox 677 1214 971 1286; x_wconf 85' lang='lat' dir='ltr'><strong>aliquando</strong></span> <span class='ocrx_word' id='word_1_81' title='bbox 1021 1213 1285 1285; x_wconf 80' lang='lat' dir='ltr'><strong>Phrygios</strong></span> <span class='ocrx_word' id='word_1_82' title='bbox 1343 1211 1539 1266; x_wconf 91' lang='lat' dir='ltr'><strong>modos</strong></span> <span class='ocrx_word' id='word_1_83' title='bbox 1589 1209 1902 1264; x_wconf 82' lang='lat' dir='ltr'><strong>Alexandro</strong></span> <span class='ocrx_word' id='word_1_84' title='bbox 1948 1205 2090 1261; x_wconf 91' lang='lat' dir='ltr'><strong>inci-</strong></span> 
     </span>
    </p>
   </div>
   <div class='ocr_carea' id='block_1_15' title="bbox 505 1302 2090 1368">
    <p class='ocr_par' dir='ltr' id='par_1_15' title="bbox 505 1302 2090 1368">
     <span class='ocr_line' id='line_1_15' title="bbox 505 1302 2090 1368; baseline -0.006 -6"><span class='ocrx_word' id='word_1_85' title='bbox 505 1309 740 1368; x_wconf 87' lang='lat' dir='ltr'><strong>nuisset,</strong></span> <span class='ocrx_word' id='word_1_86' title='bbox 768 1308 1031 1362; x_wconf 86' lang='lat' dir='ltr'><strong>incitasse</strong></span> <span class='ocrx_word' id='word_1_87' title='bbox 1069 1320 1192 1360; x_wconf 90' lang='lat' dir='ltr'><strong>eum</strong></span> <span class='ocrx_word' id='word_1_88' title='bbox 1233 1303 1437 1358; x_wconf 89' lang='lat' dir='ltr'><strong>dicitur</strong></span> <span class='ocrx_word' id='word_1_89' title='bbox 1486 1303 1555 1357; x_wconf 90' lang='lat' dir='ltr'><strong>ad</strong></span> <span class='ocrx_word' id='word_1_90' title='bbox 1596 1315 1748 1355; x_wconf 90' lang='lat' dir='ltr'><strong>arma</strong></span> <span class='ocrx_word' id='word_1_91' title='bbox 1793 1302 1938 1355; x_wconf 90' lang='lat' dir='ltr'><strong>inter</strong></span> <span class='ocrx_word' id='word_1_92' title='bbox 1979 1312 2090 1354; x_wconf 75' lang='lat' dir='ltr'><strong>cm-</strong></span> 
     </span>
    </p>
   </div>
   <div class='ocr_carea' id='block_1_16' title="bbox 505 1396 2090 1460">
    <p class='ocr_par' dir='ltr' id='par_1_16' title="bbox 505 1396 2090 1460">
     <span class='ocr_line' id='line_1_16' title="bbox 505 1396 2090 1460; baseline -0.008 -4"><span class='ocrx_word' id='word_1_93' title='bbox 505 1402 747 1456; x_wconf 88' lang='lat' dir='ltr'><strong>nandum</strong></span> <span class='ocrx_word' id='word_1_94' title='bbox 777 1419 788 1454; x_wconf 92' lang='lat'><strong>:</strong></span> <span class='ocrx_word' id='word_1_95' title='bbox 815 1408 869 1454; x_wconf 89' lang='lat' dir='ltr'><strong>et</strong></span> <span class='ocrx_word' id='word_1_96' title='bbox 907 1415 1102 1454; x_wconf 86' lang='lat' dir='ltr'><strong>rursus</strong></span> <span class='ocrx_word' id='word_1_97' title='bbox 1144 1398 1432 1454; x_wconf 75' lang='lat' dir='ltr'><strong>reduxisse</strong></span> <span class='ocrx_word' id='word_1_98' title='bbox 1485 1397 1553 1452; x_wconf 86' lang='lat' dir='ltr'><strong>ad</strong></span> <span class='ocrx_word' id='word_1_99' title='bbox 1591 1396 1873 1460; x_wconf 86' lang='lat' dir='ltr'><strong>convivas,</strong></span> <span class='ocrx_word' id='word_1_100' title='bbox 1923 1399 2090 1448; x_wconf 90' lang='lat' dir='ltr'><strong>cantu</strong></span> 
     </span>
    </p>
   </div>
   <div class='ocr_carea' id='block_1_17' title="bbox 504 1485 2088 1561">
    <p class='ocr_par' dir='ltr' id='par_1_17' title="bbox 504 1485 2088 1561">
     <span class='ocr_line' id='line_1_17' title="bbox 504 1485 2088 1561; baseline -0.006 -13"><span class='ocrx_word' id='word_1_101' title='bbox 504 1493 757 1549; x_wconf 88' lang='lat' dir='ltr'><strong>remisso.</strong></span> <span class='ocrx_word' id='word_1_102' title='bbox 806 1492 929 1546; x_wconf 73' lang='lat' dir='ltr'><strong>Vim</strong></span> <span class='ocrx_word' id='word_1_103' title='bbox 980 1492 1119 1546; x_wconf 90' lang='lat' dir='ltr'><strong>adeo</strong></span> <span class='ocrx_word' id='word_1_104' title='bbox 1162 1505 1414 1561; x_wconf 87' lang='lat' dir='ltr'><strong>magnam</strong></span> <span class='ocrx_word' id='word_1_105' title='bbox 1461 1497 1516 1545; x_wconf 89' lang='lat' dir='ltr'><strong>et</strong></span> <span class='ocrx_word' id='word_1_106' title='bbox 1568 1493 1622 1545; x_wconf 92' lang='lat' dir='ltr'><strong>in</strong></span> <span class='ocrx_word' id='word_1_107' title='bbox 1662 1489 1897 1552; x_wconf 90' lang='lat' dir='ltr'><strong>musica,</strong></span> <span class='ocrx_word' id='word_1_108' title='bbox 1942 1493 1996 1542; x_wconf 92' lang='lat' dir='ltr'><strong>et</strong></span> <span class='ocrx_word' id='word_1_109' title='bbox 2032 1485 2088 1540; x_wconf 91' lang='lat' dir='ltr'><strong>in</strong></span> 
     </span>
    </p>
   </div>
   <div class='ocr_carea' id='block_1_18' title="bbox 504 1578 2088 1658">
    <p class='ocr_par' dir='ltr' id='par_1_18' title="bbox 504 1578 2088 1658">
     <span class='ocr_line' id='line_1_18' title="bbox 504 1578 2088 1658; baseline -0.004 -19"><span class='ocrx_word' id='word_1_110' title='bbox 504 1587 773 1658; x_wconf 77' lang='lat' dir='ltr'><strong>gymnicis</strong></span> <span class='ocrx_word' id='word_1_111' title='bbox 828 1583 1224 1640; x_wconf 70' lang='lat' dir='ltr'><strong>certaminibus</strong></span> <span class='ocrx_word' id='word_1_112' title='bbox 1281 1583 1349 1638; x_wconf 92' lang='lat' dir='ltr'><strong>ad</strong></span> <span class='ocrx_word' id='word_1_113' title='bbox 1414 1582 1577 1638; x_wconf 81' lang='lat' dir='ltr'><strong>ﬁnem</strong></span> <span class='ocrx_word' id='word_1_114' title='bbox 1636 1578 2088 1652; x_wconf 90' lang='lat' dir='ltr'><strong>consequendum</strong></span> 
     </span>
    </p>
   </div>
   <div class='ocr_carea' id='block_1_19' title="bbox 505 1677 1084 1747">
    <p class='ocr_par' dir='ltr' id='par_1_19' title="bbox 505 1677 1084 1747">
     <span class='ocr_line' id='line_1_19' title="bbox 505 1677 1084 1747; baseline -0.01 -13"><span class='ocrx_word' id='word_1_115' title='bbox 505 1679 827 1734; x_wconf 75' lang='lat' dir='ltr'><strong>exercitatio</strong></span> <span class='ocrx_word' id='word_1_116' title='bbox 860 1677 1084 1747; x_wconf 70' lang='lat' dir='ltr'><strong>prazbet.</strong></span> 
     </span>
    </p>
   </div>
   <div class='ocr_carea' id='block_1_20' title="bbox 575 1841 2084 1920">
    <p class='ocr_par' dir='ltr' id='par_1_20' title="bbox 575 1841 2084 1920">
     <span class='ocr_line' id='line_1_20' title="bbox 575 1841 2084 1920; baseline -0.013 -10"><span class='ocrx_word' id='word_1_117' title='bbox 575 1855 631 1910; x_wconf 87' lang='lat'><strong>6.</strong></span> <span class='ocrx_word' id='word_1_118' title='bbox 676 1854 945 1920; x_wconf 86' lang='lat' dir='ltr'><strong>Quoniam</strong></span> <span class='ocrx_word' id='word_1_119' title='bbox 976 1865 1108 1907; x_wconf 87' lang='lat' dir='ltr'><strong>vero</strong></span> <span class='ocrx_word' id='word_1_120' title='bbox 1142 1862 1471 1904; x_wconf 83' lang='lat' dir='ltr'><strong>coronarum</strong></span> <span class='ocrx_word' id='word_1_121' title='bbox 1503 1843 1729 1899; x_wconf 85' lang='lat' dir='ltr'><strong>memini</strong></span> <span class='ocrx_word' id='word_1_122' title='bbox 1759 1853 1815 1898; x_wconf 89' lang='lat' dir='ltr'><strong>et</strong></span> <span class='ocrx_word' id='word_1_123' title='bbox 1852 1841 2084 1897; x_wconf 78' lang='lat' dir='ltr'><strong>athleta-</strong></span> 
     </span>
    </p>
   </div>
   <div class='ocr_carea' id='block_1_21' title="bbox 506 1944 2087 2015">
    <p class='ocr_par' dir='ltr' id='par_1_21' title="bbox 506 1944 2087 2015">
     <span class='ocr_line' id='line_1_21' title="bbox 506 1944 2087 2015; baseline -0.011 -11"><span class='ocrx_word' id='word_1_124' title='bbox 506 1965 650 2015; x_wconf 85' lang='lat' dir='ltr'><strong>rum,</strong></span> <span class='ocrx_word' id='word_1_125' title='bbox 678 1949 756 2002; x_wconf 90' lang='lat' dir='ltr'><strong>illi</strong></span> <span class='ocrx_word' id='word_1_126' title='bbox 785 1947 1065 2002; x_wconf 88' lang='lat' dir='ltr'><strong>laboribus</strong></span> <span class='ocrx_word' id='word_1_127' title='bbox 1091 1944 1368 2001; x_wconf 81' lang='lat' dir='ltr'><strong>sexcentis</strong></span> <span class='ocrx_word' id='word_1_128' title='bbox 1401 1958 1568 2011; x_wconf 90' lang='lat' dir='ltr'><strong>super</strong></span> <span class='ocrx_word' id='word_1_129' title='bbox 1599 1945 1890 1996; x_wconf 85' lang='lat' dir='ltr'><strong>sexcentos</strong></span> <span class='ocrx_word' id='word_1_130' title='bbox 1919 1951 2087 1991; x_wconf 81' lang='lat' dir='ltr'><strong>exan-</strong></span> 
     </span>
    </p>
   </div>
   <div class='ocr_carea' id='block_1_22' title="bbox 505 2030 2087 2104">
    <p class='ocr_par' dir='ltr' id='par_1_22' title="bbox 505 2030 2087 2104">
     <span class='ocr_line' id='line_1_22' title="bbox 505 2030 2087 2104; baseline -0.008 -13"><span class='ocrx_word' id='word_1_131' title='bbox 505 2039 676 2100; x_wconf 88' lang='lat' dir='ltr'><strong>tlatis,</strong></span> <span class='ocrx_word' id='word_1_132' title='bbox 729 2043 783 2092; x_wconf 83' lang='lat' dir='ltr'><strong>et</strong></span> <span class='ocrx_word' id='word_1_133' title='bbox 817 2036 1179 2104; x_wconf 83' lang='lat' dir='ltr'><strong>undecunque</strong></span> <span class='ocrx_word' id='word_1_134' title='bbox 1229 2041 1392 2088; x_wconf 91' lang='lat' dir='ltr'><strong>aucto</strong></span> <span class='ocrx_word' id='word_1_135' title='bbox 1443 2031 1547 2086; x_wconf 85' lang='lat' dir='ltr'><strong>sibi</strong></span> <span class='ocrx_word' id='word_1_136' title='bbox 1597 2030 1820 2092; x_wconf 86' lang='lat' dir='ltr'><strong>robore,</strong></span> <span class='ocrx_word' id='word_1_137' title='bbox 1867 2032 2087 2098; x_wconf 91' lang='lat' dir='ltr'><strong>postea-</strong></span> 
     </span>
    </p>
   </div>
   <div class='ocr_carea' id='block_1_23' title="bbox 504 2117 2087 2201">
    <p class='ocr_par' dir='ltr' id='par_1_23' title="bbox 504 2117 2087 2201">
     <span class='ocr_line' id='line_1_23' title="bbox 504 2117 2087 2201; baseline -0.009 -17"><span class='ocrx_word' id='word_1_138' title='bbox 504 2145 669 2201; x_wconf 85' lang='lat' dir='ltr'><strong>quam</strong></span> <span class='ocrx_word' id='word_1_139' title='bbox 699 2129 929 2182; x_wconf 90' lang='lat' dir='ltr'><strong>multum</strong></span> <span class='ocrx_word' id='word_1_140' title='bbox 963 2125 1234 2198; x_wconf 84' lang='lat' dir='ltr'><strong>gymnicis</strong></span> <span class='ocrx_word' id='word_1_141' title='bbox 1263 2125 1546 2178; x_wconf 88' lang='lat' dir='ltr'><strong>laboribus</strong></span> <span class='ocrx_word' id='word_1_142' title='bbox 1577 2121 1938 2183; x_wconf 86' lang='lat' dir='ltr'><strong>desudarunt,</strong></span> <span class='ocrx_word' id='word_1_143' title='bbox 1969 2117 2087 2187; x_wconf 90' lang='lat' dir='ltr'><strong>pla-</strong></span> 
     </span>
    </p>
   </div>
   <div class='ocr_carea' id='block_1_24' title="bbox 502 2214 2085 2294">
    <p class='ocr_par' dir='ltr' id='par_1_24' title="bbox 502 2214 2085 2294">
     <span class='ocr_line' id='line_1_24' title="bbox 502 2214 2085 2294; baseline -0.009 -18"><span class='ocrx_word' id='word_1_144' title='bbox 502 2236 712 2294; x_wconf 84' lang='lat' dir='ltr'><strong>gasque</strong></span> <span class='ocrx_word' id='word_1_145' title='bbox 761 2220 962 2276; x_wconf 89' lang='lat' dir='ltr'><strong>multas</strong></span> <span class='ocrx_word' id='word_1_146' title='bbox 994 2219 1047 2272; x_wconf 92' lang='lat' dir='ltr'><strong>in</strong></span> <span class='ocrx_word' id='word_1_147' title='bbox 1102 2217 1490 2271; x_wconf 79' lang='lat' dir='ltr'><strong>exercitiorum</strong></span> <span class='ocrx_word' id='word_1_148' title='bbox 1536 2214 1659 2268; x_wconf 88' lang='lat' dir='ltr'><strong>loco</strong></span> <span class='ocrx_word' id='word_1_149' title='bbox 1714 2226 1998 2282; x_wconf 87' lang='lat' dir='ltr'><strong>accepere,</strong></span> <span class='ocrx_word' id='word_1_150' title='bbox 2031 2216 2085 2264; x_wconf 89' lang='lat' dir='ltr'><strong>et</strong></span> 
     </span>
    </p>
   </div>
   <div class='ocr_carea' id='block_1_25' title="bbox 502 2300 2083 2379">
    <p class='ocr_par' dir='ltr' id='par_1_25' title="bbox 502 2300 2083 2379">
     <span class='ocr_line' id='line_1_25' title="bbox 502 2300 2083 2379; baseline -0.008 -13"><span class='ocrx_word' id='word_1_151' title='bbox 502 2313 708 2366; x_wconf 87' lang='lat' dir='ltr'><strong>victum</strong></span> <span class='ocrx_word' id='word_1_152' title='bbox 725 2326 836 2365; x_wconf 87' lang='lat' dir='ltr'><strong>non</strong></span> <span class='ocrx_word' id='word_1_153' title='bbox 857 2307 1346 2379; x_wconf 87' lang='lat' dir='ltr'><strong>jucundissimum,</strong></span> <span class='ocrx_word' id='word_1_154' title='bbox 1383 2304 1478 2360; x_wconf 91' lang='lat' dir='ltr'><strong>sed</strong></span> <span class='ocrx_word' id='word_1_155' title='bbox 1502 2319 1533 2358; x_wconf 89' lang='lat' dir='ltr'><strong>a</strong></span> <span class='ocrx_word' id='word_1_156' title='bbox 1561 2302 1840 2373; x_wconf 82' lang='lat' dir='ltr'><strong>magistris</strong></span> <span class='ocrx_word' id='word_1_157' title='bbox 1869 2300 2083 2357; x_wconf 77' lang='lat' dir='ltr'><strong>exerci-</strong></span> 
     </span>
    </p>
   </div>
   <div class='ocr_carea' id='block_1_26' title="bbox 501 2391 2085 2472">
    <p class='ocr_par' dir='ltr' id='par_1_26' title="bbox 501 2391 2085 2472">
     <span class='ocr_line' id='line_1_26' title="bbox 501 2391 2085 2472; baseline -0.009 -13"><span class='ocrx_word' id='word_1_158' title='bbox 501 2405 708 2459; x_wconf 88' lang='lat' dir='ltr'><strong>tiorum</strong></span> <span class='ocrx_word' id='word_1_159' title='bbox 756 2401 1136 2472; x_wconf 83' lang='lat' dir='ltr'><strong>praescriptum</strong></span> <span class='ocrx_word' id='word_1_160' title='bbox 1188 2411 1499 2467; x_wconf 83' lang='lat' dir='ltr'><strong>sumpsere,</strong></span> <span class='ocrx_word' id='word_1_161' title='bbox 1545 2405 1599 2451; x_wconf 89' lang='lat' dir='ltr'><strong>et</strong></span> <span class='ocrx_word' id='word_1_162' title='bbox 1638 2411 1707 2448; x_wconf 89' lang='lat' dir='ltr'><strong>ne</strong></span> <span class='ocrx_word' id='word_1_163' title='bbox 1741 2394 1962 2464; x_wconf 84' lang='lat' dir='ltr'><strong>longum</strong></span> <span class='ocrx_word' id='word_1_164' title='bbox 2002 2391 2085 2446; x_wconf 81' lang='lat' dir='ltr'><strong>fa-</strong></span> 
     </span>
    </p>
   </div>
   <div class='ocr_carea' id='block_1_27' title="bbox 499 2483 2080 2560">
    <p class='ocr_par' dir='ltr' id='par_1_27' title="bbox 499 2483 2080 2560">
     <span class='ocr_line' id='line_1_27' title="bbox 499 2483 2080 2560; baseline -0.008 -12"><span class='ocrx_word' id='word_1_165' title='bbox 499 2496 668 2559; x_wconf 87' lang='lat' dir='ltr'><strong>ciam,</strong></span> <span class='ocrx_word' id='word_1_166' title='bbox 701 2494 791 2548; x_wconf 91' lang='lat' dir='ltr'><strong>ubi</strong></span> <span class='ocrx_word' id='word_1_167' title='bbox 828 2493 883 2546; x_wconf 92' lang='lat' dir='ltr'><strong>in</strong></span> <span class='ocrx_word' id='word_1_168' title='bbox 917 2490 1145 2560; x_wconf 90' lang='lat' dir='ltr'><strong>reliquis</strong></span> <span class='ocrx_word' id='word_1_169' title='bbox 1175 2491 1249 2543; x_wconf 91' lang='lat' dir='ltr'><strong>ita</strong></span> <span class='ocrx_word' id='word_1_170' title='bbox 1279 2488 1554 2549; x_wconf 85' lang='lat' dir='ltr'><strong>vixerunt,</strong></span> <span class='ocrx_word' id='word_1_171' title='bbox 1601 2493 1659 2539; x_wconf 92' lang='lat' dir='ltr'><strong>ut</strong></span> <span class='ocrx_word' id='word_1_172' title='bbox 1704 2484 1947 2555; x_wconf 90' lang='lat' dir='ltr'><strong>ipsorum</strong></span> <span class='ocrx_word' id='word_1_173' title='bbox 1971 2483 2080 2537; x_wconf 86' lang='lat' dir='ltr'><strong>vita</strong></span> 
     </span>
    </p>
   </div>
   <div class='ocr_carea' id='block_1_28' title="bbox 502 2576 2082 2640">
    <p class='ocr_par' dir='ltr' id='par_1_28' title="bbox 502 2576 2082 2640">
     <span class='ocr_line' id='line_1_28' title="bbox 502 2576 2082 2640; baseline -0.006 -1"><span class='ocrx_word' id='word_1_174' title='bbox 502 2593 628 2640; x_wconf 81' lang='lat' dir='ltr'><strong>ante</strong></span> <span class='ocrx_word' id='word_1_175' title='bbox 673 2591 954 2639; x_wconf 85' lang='lat' dir='ltr'><strong>certamen</strong></span> <span class='ocrx_word' id='word_1_176' title='bbox 1015 2580 1336 2636; x_wconf 81' lang='lat' dir='ltr'><strong>certaminis</strong></span> <span class='ocrx_word' id='word_1_177' title='bbox 1393 2577 1722 2634; x_wconf 79' lang='lat' dir='ltr'><strong>exercitatio</strong></span> <span class='ocrx_word' id='word_1_178' title='bbox 1779 2576 1883 2638; x_wconf 87' lang='lat' dir='ltr'><strong>sit,</strong></span> <span class='ocrx_word' id='word_1_179' title='bbox 1952 2582 2082 2629; x_wconf 87' lang='lat' dir='ltr'><strong>tunc</strong></span> 
     </span>
    </p>
   </div>
   <div class='ocr_carea' id='block_1_29' title="bbox 502 2667 2080 2737">
    <p class='ocr_par' dir='ltr' id='par_1_29' title="bbox 502 2667 2080 2737">
     <span class='ocr_line' id='line_1_29' title="bbox 502 2667 2080 2737; baseline -0.009 -5"><span class='ocrx_word' id='word_1_180' title='bbox 502 2685 712 2733; x_wconf 81' lang='lat' dir='ltr'><strong>exuunt</strong></span> <span class='ocrx_word' id='word_1_181' title='bbox 744 2691 803 2730; x_wconf 90' lang='lat' dir='ltr'><strong>se</strong></span> <span class='ocrx_word' id='word_1_182' title='bbox 831 2675 898 2729; x_wconf 86' lang='lat' dir='ltr'><strong>ad</strong></span> <span class='ocrx_word' id='word_1_183' title='bbox 921 2673 1176 2737; x_wconf 86' lang='lat' dir='ltr'><strong>stadium,</strong></span> <span class='ocrx_word' id='word_1_184' title='bbox 1197 2673 1405 2726; x_wconf 89' lang='lat' dir='ltr'><strong>nullum</strong></span> <span class='ocrx_word' id='word_1_185' title='bbox 1436 2684 1545 2722; x_wconf 90' lang='lat' dir='ltr'><strong>non</strong></span> <span class='ocrx_word' id='word_1_186' title='bbox 1575 2669 1840 2730; x_wconf 90' lang='lat' dir='ltr'><strong>laborem,</strong></span> <span class='ocrx_word' id='word_1_187' title='bbox 1869 2667 2080 2720; x_wconf 88' lang='lat' dir='ltr'><strong>nullum</strong></span> 
     </span>
    </p>
   </div>
   <div class='ocr_carea' id='block_1_30' title="bbox 503 2759 2081 2838">
    <p class='ocr_par' dir='ltr' id='par_1_30' title="bbox 503 2759 2081 2838">
     <span class='ocr_line' id='line_1_30' title="bbox 503 2759 2081 2838; baseline -0.008 -15"><span class='ocrx_word' id='word_1_188' title='bbox 503 2784 616 2823; x_wconf 90' lang='lat' dir='ltr'><strong>non</strong></span> <span class='ocrx_word' id='word_1_189' title='bbox 647 2767 948 2838; x_wconf 89' lang='lat' dir='ltr'><strong>periculum</strong></span> <span class='ocrx_word' id='word_1_190' title='bbox 991 2765 1290 2828; x_wconf 84' lang='lat' dir='ltr'><strong>adeuntes,</strong></span> <span class='ocrx_word' id='word_1_191' title='bbox 1319 2772 1379 2816; x_wconf 90' lang='lat' dir='ltr'><strong>ut</strong></span> <span class='ocrx_word' id='word_1_192' title='bbox 1423 2761 1669 2823; x_wconf 86' lang='lat' dir='ltr'><strong>oleastri,</strong></span> <span class='ocrx_word' id='word_1_193' title='bbox 1702 2766 1796 2812; x_wconf 88' lang='lat' dir='ltr'><strong>aut</strong></span> <span class='ocrx_word' id='word_1_194' title='bbox 1821 2759 1950 2829; x_wconf 85' lang='lat' dir='ltr'><strong>apii,</strong></span> <span class='ocrx_word' id='word_1_195' title='bbox 1987 2765 2081 2812; x_wconf 87' lang='lat' dir='ltr'><strong>aut</strong></span> 
     </span>
    </p>
   </div>
   <div class='ocr_carea' id='block_1_31' title="bbox 504 2853 2080 2928">
    <p class='ocr_par' dir='ltr' id='par_1_31' title="bbox 504 2853 2080 2928">
     <span class='ocr_line' id='line_1_31' title="bbox 504 2853 2080 2928; baseline -0.008 -14"><span class='ocrx_word' id='word_1_196' title='bbox 504 2861 732 2916; x_wconf 80' lang='lat' dir='ltr'><strong>alterius</strong></span> <span class='ocrx_word' id='word_1_197' title='bbox 757 2858 1004 2928; x_wconf 83' lang='lat' dir='ltr'><strong>cujusvis</strong></span> <span class='ocrx_word' id='word_1_198' title='bbox 1049 2857 1130 2912; x_wconf 87' lang='lat' dir='ltr'><strong>rei</strong></span> <span class='ocrx_word' id='word_1_199' title='bbox 1166 2855 1366 2912; x_wconf 90' lang='lat' dir='ltr'><strong>similis</strong></span> <span class='ocrx_word' id='word_1_200' title='bbox 1403 2853 1684 2922; x_wconf 90' lang='lat' dir='ltr'><strong>accipiant</strong></span> <span class='ocrx_word' id='word_1_201' title='bbox 1712 2865 1996 2912; x_wconf 89' lang='lat' dir='ltr'><strong>coronam,</strong></span> <span class='ocrx_word' id='word_1_202' title='bbox 2025 2857 2080 2904; x_wconf 90' lang='lat' dir='ltr'><strong>et</strong></span> 
     </span>
    </p>
   </div>
   <div class='ocr_carea' id='block_1_32' title="bbox 501 2942 2075 3021">
    <p class='ocr_par' dir='ltr' id='par_1_32' title="bbox 501 2942 2075 3021">
     <span class='ocr_line' id='line_1_32' title="bbox 501 2942 2075 3021; baseline -0.008 -13"><span class='ocrx_word' id='word_1_203' title='bbox 501 2953 742 3008; x_wconf 79' lang='lat' dir='ltr'><strong>victores</strong></span> <span class='ocrx_word' id='word_1_204' title='bbox 778 2966 874 3021; x_wconf 90' lang='lat' dir='ltr'><strong>per</strong></span> <span class='ocrx_word' id='word_1_205' title='bbox 902 2963 1211 3019; x_wconf 64' lang='lat' dir='ltr'><strong>praeconem</strong></span> <span class='ocrx_word' id='word_1_206' title='bbox 1247 2946 1653 3000; x_wconf 86' lang='lat' dir='ltr'><strong>renuntientur.</strong></span> <span class='ocrx_word' id='word_1_207' title='bbox 1680 2942 1848 2997; x_wconf 79' lang='lat' dir='ltr'><strong>Nobis</strong></span> <span class='ocrx_word' id='word_1_208' title='bbox 1871 2952 2075 3005; x_wconf 92' lang='lat' dir='ltr'><strong>autem,</strong></span> 
     </span>
    </p>
   </div>
   <div class='ocr_carea' id='block_1_33' title="bbox 501 3037 2080 3116">
    <p class='ocr_par' dir='ltr' id='par_1_33' title="bbox 501 3037 2080 3116">
     <span class='ocr_line' id='line_1_33' title="bbox 501 3037 2080 3116; baseline -0.006 -18"><span class='ocrx_word' id='word_1_209' title='bbox 501 3044 704 3116; x_wconf 88' lang='lat' dir='ltr'><strong>quibus</strong></span> <span class='ocrx_word' id='word_1_210' title='bbox 738 3042 1018 3112; x_wconf 89' lang='lat' dir='ltr'><strong>proposita</strong></span> <span class='ocrx_word' id='word_1_211' title='bbox 1046 3047 1175 3095; x_wconf 91' lang='lat' dir='ltr'><strong>sunt</strong></span> <span class='ocrx_word' id='word_1_212' title='bbox 1205 3039 1330 3092; x_wconf 65' lang='lat' dir='ltr'><strong>vitae</strong></span> <span class='ocrx_word' id='word_1_213' title='bbox 1386 3037 1634 3108; x_wconf 78' lang='lat' dir='ltr'><strong>praemia,</strong></span> <span class='ocrx_word' id='word_1_214' title='bbox 1670 3051 1846 3106; x_wconf 90' lang='lat' dir='ltr'><strong>eaque</strong></span> <span class='ocrx_word' id='word_1_215' title='bbox 1891 3043 2002 3088; x_wconf 88' lang='lat' dir='ltr'><strong>tam</strong></span> <span class='ocrx_word' id='word_1_216' title='bbox 2025 3043 2080 3090; x_wconf 85' lang='lat' dir='ltr'><strong>et</strong></span> 
     </span>
    </p>
   </div>
   <div class='ocr_carea' id='block_1_34' title="bbox 502 3129 2084 3200">
    <p class='ocr_par' dir='ltr' id='par_1_34' title="bbox 502 3129 2084 3200">
     <span class='ocr_line' id='line_1_34' title="bbox 502 3129 2084 3200; baseline -0.006 -8"><span class='ocrx_word' id='word_1_217' title='bbox 502 3137 576 3192; x_wconf 88' lang='lat' dir='ltr'><strong>ob</strong></span> <span class='ocrx_word' id='word_1_218' title='bbox 605 3135 1014 3189; x_wconf 88' lang='lat' dir='ltr'><strong>multitudinem</strong></span> <span class='ocrx_word' id='word_1_219' title='bbox 1049 3139 1102 3186; x_wconf 91' lang='lat' dir='ltr'><strong>et</strong></span> <span class='ocrx_word' id='word_1_220' title='bbox 1125 3131 1196 3187; x_wconf 91' lang='lat' dir='ltr'><strong>ob</strong></span> <span class='ocrx_word' id='word_1_221' title='bbox 1242 3130 1675 3200; x_wconf 81' lang='lat' dir='ltr'><strong>magnitudinem</strong></span> <span class='ocrx_word' id='word_1_222' title='bbox 1716 3129 1987 3192; x_wconf 89' lang='lat' dir='ltr'><strong>miranda,</strong></span> <span class='ocrx_word' id='word_1_223' title='bbox 2025 3139 2084 3183; x_wconf 85' lang='lat' dir='ltr'><strong>ut</strong></span> 
     </span>
    </p>
   </div>
   <div class='ocr_carea' id='block_1_35' title="bbox 500 3222 2080 3296">
    <p class='ocr_par' dir='ltr' id='par_1_35' title="bbox 500 3222 2080 3296">
     <span class='ocr_line' id='line_1_35' title="bbox 500 3222 2080 3296; baseline -0.005 -14"><span class='ocrx_word' id='word_1_224' title='bbox 500 3227 687 3283; x_wconf 81' lang='lat' dir='ltr'><strong>verbis</strong></span> <span class='ocrx_word' id='word_1_225' title='bbox 721 3225 984 3296; x_wconf 83' lang='lat' dir='ltr'><strong>explicari</strong></span> <span class='ocrx_word' id='word_1_226' title='bbox 1009 3222 1370 3292; x_wconf 88' lang='lat' dir='ltr'><strong>nonpossint,</strong></span> <span class='ocrx_word' id='word_1_227' title='bbox 1402 3222 1450 3277; x_wconf 91' lang='lat' dir='ltr'><strong>si</strong></span> <span class='ocrx_word' id='word_1_228' title='bbox 1486 3223 1542 3276; x_wconf 91' lang='lat' dir='ltr'><strong>in</strong></span> <span class='ocrx_word' id='word_1_229' title='bbox 1573 3229 1861 3290; x_wconf 89' lang='lat' dir='ltr'><strong>utramque</strong></span> <span class='ocrx_word' id='word_1_230' title='bbox 1893 3235 2080 3275; x_wconf 89' lang='lat' dir='ltr'><strong>aurem</strong></span> 
     </span>
    </p>
   </div>
   <div class='ocr_carea' id='block_1_36' title="bbox 501 3312 2083 3380">
    <p class='ocr_par' dir='ltr' id='par_1_36' title="bbox 501 3312 2083 3380">
     <span class='ocr_line' id='line_1_36' title="bbox 501 3312 2083 3380; baseline -0.003 -10"><span class='ocrx_word' id='word_1_231' title='bbox 501 3317 832 3380; x_wconf 90' lang='lat' dir='ltr'><strong>dormimus,</strong></span> <span class='ocrx_word' id='word_1_232' title='bbox 862 3322 916 3369; x_wconf 89' lang='lat' dir='ltr'><strong>et</strong></span> <span class='ocrx_word' id='word_1_233' title='bbox 934 3313 1090 3369; x_wconf 89' lang='lat' dir='ltr'><strong>valde</strong></span> <span class='ocrx_word' id='word_1_234' title='bbox 1112 3313 1342 3367; x_wconf 87' lang='lat' dir='ltr'><strong>licenter</strong></span> <span class='ocrx_word' id='word_1_235' title='bbox 1363 3312 1619 3376; x_wconf 86' lang='lat' dir='ltr'><strong>vivimus,</strong></span> <span class='ocrx_word' id='word_1_236' title='bbox 1655 3312 1947 3367; x_wconf 88' lang='lat' dir='ltr'><strong>dabiturne</strong></span> <span class='ocrx_word' id='word_1_237' title='bbox 1969 3312 2083 3366; x_wconf 86' lang='lat' dir='ltr'><strong>haec</strong></span> 
     </span>
    </p>
   </div>
   <div class='ocr_carea' id='block_1_37' title="bbox 501 3403 2082 3479">
    <p class='ocr_par' dir='ltr' id='par_1_37' title="bbox 501 3403 2082 3479">
     <span class='ocr_line' id='line_1_37' title="bbox 501 3403 2082 3479; baseline -0.003 -18"><span class='ocrx_word' id='word_1_238' title='bbox 501 3407 726 3479; x_wconf 72' lang='lat' dir='ltr'><strong>praemia</strong></span> <span class='ocrx_word' id='word_1_239' title='bbox 755 3421 918 3460; x_wconf 86' lang='lat' dir='ltr'><strong>manu</strong></span> <span class='ocrx_word' id='word_1_240' title='bbox 955 3406 1125 3460; x_wconf 88' lang='lat' dir='ltr'><strong>altera</strong></span> <span class='ocrx_word' id='word_1_241' title='bbox 1157 3403 1440 3473; x_wconf 87' lang='lat' dir='ltr'><strong>arripere?</strong></span> <span class='ocrx_word' id='word_1_242' title='bbox 1469 3404 1546 3458; x_wconf 90' lang='lat' dir='ltr'><strong>lta</strong></span> <span class='ocrx_word' id='word_1_243' title='bbox 1569 3403 1715 3458; x_wconf 90' lang='lat' dir='ltr'><strong>enim</strong></span> <span class='ocrx_word' id='word_1_244' title='bbox 1733 3413 1788 3458; x_wconf 87' lang='lat' dir='ltr'><strong>et</strong></span> <span class='ocrx_word' id='word_1_245' title='bbox 1813 3403 2082 3458; x_wconf 87' lang='lat' dir='ltr'><strong>laudanda</strong></span> 
     </span>
    </p>
   </div>
   <div class='ocr_carea' id='block_1_38' title="bbox 499 3496 2084 3566">
    <p class='ocr_par' dir='ltr' id='par_1_38' title="bbox 499 3496 2084 3566">
     <span class='ocr_line' id='line_1_38' title="bbox 499 3496 2084 3566; baseline -0.005 -10"><span class='ocrx_word' id='word_1_246' title='bbox 499 3507 650 3556; x_wconf 87' lang='lat' dir='ltr'><strong>esset</strong></span> <span class='ocrx_word' id='word_1_247' title='bbox 681 3499 840 3555; x_wconf 90' lang='lat' dir='ltr'><strong>deses</strong></span> <span class='ocrx_word' id='word_1_248' title='bbox 890 3499 1039 3562; x_wconf 88' lang='lat' dir='ltr'><strong>vita,</strong></span> <span class='ocrx_word' id='word_1_249' title='bbox 1089 3505 1144 3553; x_wconf 90' lang='lat' dir='ltr'><strong>et</strong></span> <span class='ocrx_word' id='word_1_250' title='bbox 1191 3496 1602 3566; x_wconf 89' lang='lat' dir='ltr'><strong>Sardanapalus</strong></span> <span class='ocrx_word' id='word_1_251' title='bbox 1651 3497 1743 3553; x_wconf 89' lang='lat' dir='ltr'><strong>ille</strong></span> <span class='ocrx_word' id='word_1_252' title='bbox 1789 3497 2084 3550; x_wconf 78' lang='lat' dir='ltr'><strong>haberetur</strong></span> 
     </span>
    </p>
   </div>
   <div class='ocr_carea' id='block_1_39' title="bbox 498 3588 2081 3658">
    <p class='ocr_par' dir='ltr' id='par_1_39' title="bbox 498 3588 2081 3658">
     <span class='ocr_line' id='line_1_39' title="bbox 498 3588 2081 3658; baseline -0.004 -11"><span class='ocrx_word' id='word_1_253' title='bbox 498 3593 748 3647; x_wconf 89' lang='lat' dir='ltr'><strong>omnium</strong></span> <span class='ocrx_word' id='word_1_254' title='bbox 803 3590 1200 3654; x_wconf 84' lang='lat' dir='ltr'><strong>felicissimus,</strong></span> <span class='ocrx_word' id='word_1_255' title='bbox 1235 3597 1330 3644; x_wconf 86' lang='lat' dir='ltr'><strong>aut</strong></span> <span class='ocrx_word' id='word_1_256' title='bbox 1375 3591 1541 3646; x_wconf 87' lang='lat' dir='ltr'><strong>etiam</strong></span> <span class='ocrx_word' id='word_1_257' title='bbox 1588 3588 1844 3658; x_wconf 87' lang='lat' dir='ltr'><strong>Margites</strong></span> <span class='ocrx_word' id='word_1_258' title='bbox 1886 3589 1998 3650; x_wconf 90' lang='lat' dir='ltr'><strong>ille,</strong></span> <span class='ocrx_word' id='word_1_259' title='bbox 2034 3589 2081 3643; x_wconf 90' lang='lat' dir='ltr'><strong>si</strong></span> 
     </span>
    </p>
   </div>
   <div class='ocr_carea' id='block_1_40' title="bbox 501 3681 2082 3754">
    <p class='ocr_par' dir='ltr' id='par_1_40' title="bbox 501 3681 2082 3754">
     <span class='ocr_line' id='line_1_40' title="bbox 501 3681 2082 3754; baseline -0.003 -15"><span class='ocrx_word' id='word_1_260' title='bbox 501 3685 675 3748; x_wconf 90' lang='lat' dir='ltr'><strong>lubet,</strong></span> <span class='ocrx_word' id='word_1_261' title='bbox 711 3699 875 3754; x_wconf 88' lang='lat' dir='ltr'><strong>quem</strong></span> <span class='ocrx_word' id='word_1_262' title='bbox 912 3683 1183 3738; x_wconf 84' lang='lat' dir='ltr'><strong>Homerus</strong></span> <span class='ocrx_word' id='word_1_263' title='bbox 1216 3683 1292 3736; x_wconf 88' lang='lat' dir='ltr'><strong>ait</strong></span> <span class='ocrx_word' id='word_1_264' title='bbox 1318 3697 1498 3752; x_wconf 89' lang='lat' dir='ltr'><strong>neque</strong></span> <span class='ocrx_word' id='word_1_265' title='bbox 1538 3696 1745 3745; x_wconf 86' lang='lat' dir='ltr'><strong>arasse,</strong></span> <span class='ocrx_word' id='word_1_266' title='bbox 1789 3681 1944 3750; x_wconf 79' lang='lat'><strong>181</strong></span> <span class='ocrx_word' id='word_1_267' title='bbox 1985 3695 2082 3734; x_wconf 82' lang='lat' dir='ltr'><strong>ne-</strong></span> 
     </span>
    </p>
   </div>
   <div class='ocr_carea' id='block_1_41' title="bbox 499 3773 2080 3848">
    <p class='ocr_par' dir='ltr' id='par_1_41' title="bbox 499 3773 2080 3848">
     <span class='ocr_line' id='line_1_41' title="bbox 499 3773 2080 3848; baseline -0.003 -18"><span class='ocrx_word' id='word_1_268' title='bbox 499 3794 606 3848; x_wconf 82' lang='lat' dir='ltr'><strong>que</strong></span> <span class='ocrx_word' id='word_1_269' title='bbox 629 3776 853 3840; x_wconf 78' lang='lat' dir='ltr'><strong>fodisse,</strong></span> <span class='ocrx_word' id='word_1_270' title='bbox 902 3791 1082 3846; x_wconf 89' lang='lat' dir='ltr'><strong>neque</strong></span> <span class='ocrx_word' id='word_1_271' title='bbox 1121 3776 1268 3830; x_wconf 90' lang='lat' dir='ltr'><strong>aliud</strong></span> <span class='ocrx_word' id='word_1_272' title='bbox 1303 3774 1600 3844; x_wconf 91' lang='lat' dir='ltr'><strong>quidquam</strong></span> <span class='ocrx_word' id='word_1_273' title='bbox 1649 3789 1838 3828; x_wconf 87' lang='lat' dir='ltr'><strong>eorum</strong></span> <span class='ocrx_word' id='word_1_274' title='bbox 1873 3788 1995 3842; x_wconf 76' lang='lat' dir='ltr'><strong>quae</strong></span> <span class='ocrx_word' id='word_1_275' title='bbox 2025 3773 2080 3826; x_wconf 91' lang='lat' dir='ltr'><strong>in</strong></span> 
     </span>
    </p>
   </div>
   <div class='ocr_carea' id='block_1_42' title="bbox 499 3861 2081 3934">
    <p class='ocr_par' dir='ltr' id='par_1_42' title="bbox 499 3861 2081 3934">
     <span class='ocr_line' id='line_1_42' title="bbox 499 3861 2081 3934; baseline -0.003 -13"><span class='ocrx_word' id='word_1_276' title='bbox 499 3868 626 3921; x_wconf 67' lang='lat' dir='ltr'><strong>vitae</strong></span> <span class='ocrx_word' id='word_1_277' title='bbox 639 3865 988 3920; x_wconf 91' lang='lat' dir='ltr'><strong>commodum</strong></span> <span class='ocrx_word' id='word_1_278' title='bbox 1007 3864 1230 3928; x_wconf 89' lang='lat' dir='ltr'><strong>cedunt,</strong></span> <span class='ocrx_word' id='word_1_279' title='bbox 1254 3865 1553 3934; x_wconf 77' lang='lat' dir='ltr'><strong>peregisse,</strong></span> <span class='ocrx_word' id='word_1_280' title='bbox 1579 3863 1624 3918; x_wconf 91' lang='lat' dir='ltr'><strong>si</strong></span> <span class='ocrx_word' id='word_1_281' title='bbox 1646 3872 1827 3918; x_wconf 87' lang='lat' dir='ltr'><strong>tamen</strong></span> <span class='ocrx_word' id='word_1_282' title='bbox 1858 3861 2081 3917; x_wconf 85' lang='lat' dir='ltr'><strong>Homeri</strong></span> 
     </span>
    </p>
   </div>
   <div class='ocr_carea' id='block_1_43' title="bbox 498 3953 2077 4024">
    <p class='ocr_par' dir='ltr' id='par_1_43' title="bbox 498 3953 2077 4024">
     <span class='ocr_line' id='line_1_43' title="bbox 498 3953 2077 4024; baseline -0.004 -12"><span class='ocrx_word' id='word_1_283' title='bbox 498 3959 617 4013; x_wconf 65' lang='lat' dir='ltr'><strong>haec</strong></span> <span class='ocrx_word' id='word_1_284' title='bbox 651 3958 782 4011; x_wconf 87' lang='lat' dir='ltr'><strong>sint.</strong></span> <span class='ocrx_word' id='word_1_285' title='bbox 832 3955 1026 4010; x_wconf 86' lang='lat' dir='ltr'><strong>Nonne</strong></span> <span class='ocrx_word' id='word_1_286' title='bbox 1058 3956 1241 4024; x_wconf 89' lang='lat' dir='ltr'><strong>potius</strong></span> <span class='ocrx_word' id='word_1_287' title='bbox 1296 3971 1461 4009; x_wconf 83' lang='lat' dir='ltr'><strong>verus</strong></span> <span class='ocrx_word' id='word_1_288' title='bbox 1515 3961 1600 4009; x_wconf 87' lang='lat' dir='ltr'><strong>est</strong></span> <span class='ocrx_word' id='word_1_289' title='bbox 1643 3953 1841 4007; x_wconf 83' lang='lat' dir='ltr'><strong>Pittaci</strong></span> <span class='ocrx_word' id='word_1_290' title='bbox 1876 3968 2077 4018; x_wconf 88' lang='lat' dir='ltr'><strong>sermo,</strong></span> 
     </span>
    </p>
   </div>
   <div class='ocr_carea' id='block_1_44' title="bbox 499 4044 2080 4120">
    <p class='ocr_par' dir='ltr' id='par_1_44' title="bbox 499 4044 2080 4120">
     <span class='ocr_line' id='line_1_44' title="bbox 499 4044 2080 4120; baseline -0.002 -17"><span class='ocrx_word' id='word_1_291' title='bbox 499 4049 594 4120; x_wconf 90' lang='lat' dir='ltr'><strong>qui</strong></span> <span class='ocrx_word' id='word_1_292' title='bbox 629 4047 847 4103; x_wconf 79' lang='lat' dir='ltr'><strong>dillicile</strong></span> <span class='ocrx_word' id='word_1_293' title='bbox 878 4062 1002 4102; x_wconf 90' lang='lat' dir='ltr'><strong>esse</strong></span> <span class='ocrx_word' id='word_1_294' title='bbox 1045 4047 1185 4101; x_wconf 84' lang='lat' dir='ltr'><strong>dixit</strong></span> <span class='ocrx_word' id='word_1_295' title='bbox 1233 4046 1440 4100; x_wconf 92' lang='lat' dir='ltr'><strong>bonum</strong></span> <span class='ocrx_word' id='word_1_296' title='bbox 1477 4046 1639 4102; x_wconf 90' lang='lat' dir='ltr'><strong>esse?</strong></span> <span class='ocrx_word' id='word_1_297' title='bbox 1676 4044 1888 4100; x_wconf 87' lang='lat' dir='ltr'><strong>Etenim</strong></span> <span class='ocrx_word' id='word_1_298' title='bbox 1919 4045 2080 4100; x_wconf 91' lang='lat' dir='ltr'><strong>nobis</strong></span> 
     </span>
    </p>
   </div>
   <div class='ocr_carea' id='block_1_45' title="bbox 499 4133 2080 4204">
    <p class='ocr_par' dir='ltr' id='par_1_45' title="bbox 499 4133 2080 4204">
     <span class='ocr_line' id='line_1_45' title="bbox 499 4133 2080 4204; baseline 0.001 -17"><span class='ocrx_word' id='word_1_299' title='bbox 499 4136 686 4204; x_wconf 89' lang='lat' dir='ltr'><strong>reipsa</strong></span> <span class='ocrx_word' id='word_1_300' title='bbox 722 4135 926 4188; x_wconf 89' lang='lat' dir='ltr'><strong>multos</strong></span> <span class='ocrx_word' id='word_1_301' title='bbox 955 4134 1169 4187; x_wconf 87' lang='lat' dir='ltr'><strong>labores</strong></span> <span class='ocrx_word' id='word_1_302' title='bbox 1198 4133 1474 4203; x_wconf 90' lang='lat' dir='ltr'><strong>perpessis</strong></span> <span class='ocrx_word' id='word_1_303' title='bbox 1507 4135 1596 4187; x_wconf 83' lang='lat' dir='ltr'><strong>vix</strong></span> <span class='ocrx_word' id='word_1_304' title='bbox 1637 4135 1855 4188; x_wconf 85' lang='lat' dir='ltr'><strong>tandem</strong></span> <span class='ocrx_word' id='word_1_305' title='bbox 1894 4134 2080 4188; x_wconf 89' lang='lat' dir='ltr'><strong>licebit</strong></span> 
     </span>
    </p>
   </div>
   <div class='ocr_carea' id='block_1_46' title="bbox 499 4225 2076 4296">
    <p class='ocr_par' dir='ltr' id='par_1_46' title="bbox 499 4225 2076 4296">
     <span class='ocr_line' id='line_1_46' title="bbox 499 4225 2076 4296; baseline -0.001 -16"><span class='ocrx_word' id='word_1_306' title='bbox 499 4226 643 4280; x_wconf 88' lang='lat' dir='ltr'><strong>bona</strong></span> <span class='ocrx_word' id='word_1_307' title='bbox 677 4227 768 4280; x_wconf 89' lang='lat' dir='ltr'><strong>illa</strong></span> <span class='ocrx_word' id='word_1_308' title='bbox 799 4227 1054 4295; x_wconf 88' lang='lat' dir='ltr'><strong>assequi,</strong></span> <span class='ocrx_word' id='word_1_309' title='bbox 1089 4240 1324 4296; x_wconf 89' lang='lat' dir='ltr'><strong>quorum</strong></span> <span class='ocrx_word' id='word_1_310' title='bbox 1370 4235 1529 4280; x_wconf 82' lang='lat' dir='ltr'><strong>antea</strong></span> <span class='ocrx_word' id='word_1_311' title='bbox 1579 4225 1829 4280; x_wconf 83' lang='lat' dir='ltr'><strong>dicebam</strong></span> <span class='ocrx_word' id='word_1_312' title='bbox 1867 4226 2076 4279; x_wconf 91' lang='lat' dir='ltr'><strong>nullum</strong></span> 
     </span>
    </p>
   </div>
   <div class='ocr_carea' id='block_1_47' title="bbox 500 4317 2079 4391">
    <p class='ocr_par' dir='ltr' id='par_1_47' title="bbox 500 4317 2079 4391">
     <span class='ocr_line' id='line_1_47' title="bbox 500 4317 2079 4391; baseline -0.002 -17"><span class='ocrx_word' id='word_1_313' title='bbox 500 4321 812 4391; x_wconf 81' lang='lat' dir='ltr'><strong>exemplum</strong></span> <span class='ocrx_word' id='word_1_314' title='bbox 865 4319 922 4372; x_wconf 95' lang='lat' dir='ltr'><strong>in</strong></span> <span class='ocrx_word' id='word_1_315' title='bbox 977 4319 1236 4376; x_wconf 86' lang='lat' dir='ltr'><strong>humanis</strong></span> <span class='ocrx_word' id='word_1_316' title='bbox 1282 4317 1535 4388; x_wconf 87' lang='lat' dir='ltr'><strong>reperiri.</strong></span> <span class='ocrx_word' id='word_1_317' title='bbox 1560 4317 1681 4372; x_wconf 87' lang='lat' dir='ltr'><strong>Non</strong></span> <span class='ocrx_word' id='word_1_318' title='bbox 1716 4319 1882 4388; x_wconf 82' lang='lat' dir='ltr'><strong>igitur</strong></span> <span class='ocrx_word' id='word_1_319' title='bbox 1922 4318 2079 4372; x_wconf 82' lang='lat' dir='ltr'><strong>incu-</strong></span> 
     </span>
    </p>
   </div>
   <div class='ocr_carea' id='block_1_48' title="bbox 2190 469 3769 543">
    <p class='ocr_par' dir='ltr' id='par_1_48' title="bbox 2190 469 3769 543">
     <span class='ocr_line' id='line_1_48' title="bbox 2190 469 3769 543; baseline 0.002 -22"><span class='ocrx_word' id='word_1_320' title='bbox 2190 469 2288 540; x_wconf 88' lang='grc' dir='ltr'>τὴν</span> <span class='ocrx_word' id='word_1_321' title='bbox 2311 469 2458 522; x_wconf 85' lang='grc' dir='ltr'>κόνιν</span> <span class='ocrx_word' id='word_1_322' title='bbox 2485 469 2582 522; x_wconf 76' lang='grc' dir='ltr'><strong>καὶ</strong></span> <span class='ocrx_word' id='word_1_323' title='bbox 2603 469 2671 522; x_wconf 77' lang='grc' dir='ltr'>τὰ</span> <span class='ocrx_word' id='word_1_324' title='bbox 2696 473 2995 540; x_wconf 85' lang='grc' dir='ltr'>γυμνάσια,</span> <span class='ocrx_word' id='word_1_325' title='bbox 3024 471 3162 540; x_wconf 85' lang='grc' dir='ltr'>ταχύ</span> <span class='ocrx_word' id='word_1_326' title='bbox 3180 472 3291 543; x_wconf 87' lang='grc'>(60)</span> <span class='ocrx_word' id='word_1_327' title='bbox 3319 474 3372 540; x_wconf 80' lang='grc' dir='ltr'>γ’</span> <span class='ocrx_word' id='word_1_328' title='bbox 3395 473 3460 526; x_wconf 82' lang='grc' dir='ltr'>ἂν</span> <span class='ocrx_word' id='word_1_329' title='bbox 3491 473 3769 542; x_wconf 82' lang='grc' dir='ltr'>στεφάνων</span> 
     </span>
    </p>
   </div>
   <div class='ocr_carea' id='block_1_49' title="bbox 2191 559 3770 636">
    <p class='ocr_par' dir='ltr' id='par_1_49' title="bbox 2191 559 3770 636">
     <span class='ocr_line' id='line_1_49' title="bbox 2191 559 3770 636; baseline 0.002 -22"><span class='ocrx_word' id='word_1_330' title='bbox 2191 561 2224 632; x_wconf 79' lang='grc' dir='ltr'>ἢ</span> <span class='ocrx_word' id='word_1_331' title='bbox 2255 561 2416 631; x_wconf 79' lang='grc' dir='ltr'>δόξης</span> <span class='ocrx_word' id='word_1_332' title='bbox 2445 560 2654 632; x_wconf 79' lang='grc' dir='ltr'>ἔτυχον,</span> <span class='ocrx_word' id='word_1_333' title='bbox 2683 563 2715 633; x_wconf 80' lang='grc' dir='ltr'><strong>ἢ</strong></span> <span class='ocrx_word' id='word_1_334' title='bbox 2743 563 2996 632; x_wconf 80' lang='grc' dir='ltr'><strong>διέφυγον</strong></span> <span class='ocrx_word' id='word_1_335' title='bbox 3023 565 3084 617; x_wconf 83' lang='grc' dir='ltr'>τὸ</span> <span class='ocrx_word' id='word_1_336' title='bbox 3116 565 3191 636; x_wconf 84' lang='grc' dir='ltr'>μὴ</span> <span class='ocrx_word' id='word_1_337' title='bbox 3215 565 3613 634; x_wconf 87' lang='grc' dir='ltr'>καταγέλαστοι</span> <span class='ocrx_word' id='word_1_338' title='bbox 3636 559 3770 617; x_wconf 76' lang='grc' dir='ltr'>εἶναι</span> 
     </span>
    </p>
   </div>
   <div class='ocr_carea' id='block_1_50' title="bbox 2189 649 3770 725">
    <p class='ocr_par' dir='ltr' id='par_1_50' title="bbox 2189 649 3770 725">
     <span class='ocr_line' id='line_1_50' title="bbox 2189 649 3770 725; baseline 0.003 -23"><span class='ocrx_word' id='word_1_339' title='bbox 2189 649 2332 703; x_wconf 81' lang='grc' dir='ltr'>κατὰ</span> <span class='ocrx_word' id='word_1_340' title='bbox 2362 650 2423 702; x_wconf 76' lang='grc' dir='ltr'>τὸ</span> <span class='ocrx_word' id='word_1_341' title='bbox 2459 651 2653 721; x_wconf 88' lang='grc' dir='ltr'>σῶμα;</span> <span class='ocrx_word' id='word_1_342' title='bbox 2696 651 2836 704; x_wconf 77' lang='grc' dir='ltr'>Ἀλλ’</span> <span class='ocrx_word' id='word_1_343' title='bbox 2868 653 2928 704; x_wconf 78' lang='grc' dir='ltr'>οὐ</span> <span class='ocrx_word' id='word_1_344' title='bbox 2959 654 3141 722; x_wconf 84' lang='grc' dir='ltr'>μέντοι</span> <span class='ocrx_word' id='word_1_345' title='bbox 3164 655 3285 707; x_wconf 80' lang='grc' dir='ltr'><strong>ούδέ</strong></span> <span class='ocrx_word' id='word_1_346' title='bbox 3307 658 3335 707; x_wconf 87' lang='grc' dir='ltr'><strong>ό</strong></span> <span class='ocrx_word' id='word_1_347' title='bbox 3366 655 3653 725; x_wconf 84' lang='grc' dir='ltr'>Τιμόθεος,</span> <span class='ocrx_word' id='word_1_348' title='bbox 3678 655 3770 725; x_wconf 80' lang='grc' dir='ltr'><strong>τὴν</strong></span> 
     </span>
    </p>
   </div>
   <div class='ocr_carea' id='block_1_51' title="bbox 2192 740 3770 816">
    <p class='ocr_par' dir='ltr' id='par_1_51' title="bbox 2192 740 3770 816">
     <span class='ocr_line' id='line_1_51' title="bbox 2192 740 3770 816; baseline 0.003 -24"><span class='ocrx_word' id='word_1_349' title='bbox 2192 740 2459 811; x_wconf 73' lang='grc' dir='ltr'><strong>μελῳδίαν</strong></span> <span class='ocrx_word' id='word_1_350' title='bbox 2511 741 2702 810; x_wconf 75' lang='grc' dir='ltr'>ἀφεὶς,</span> <span class='ocrx_word' id='word_1_351' title='bbox 2755 745 2814 796; x_wconf 88' lang='grc' dir='ltr'><strong>ἐν</strong></span> <span class='ocrx_word' id='word_1_352' title='bbox 2860 746 2980 808; x_wconf 88' lang='grc' dir='ltr'>ταῖς</span> <span class='ocrx_word' id='word_1_353' title='bbox 3034 744 3393 816; x_wconf 78' lang='grc' dir='ltr'><strong>παλαίστραις</strong></span> <span class='ocrx_word' id='word_1_354' title='bbox 3441 745 3650 815; x_wconf 69' lang='grc' dir='ltr'>διῆγεν.</span> <span class='ocrx_word' id='word_1_355' title='bbox 3697 746 3770 799; x_wconf 78' lang='grc' dir='ltr'><strong>Οὐ</strong></span> 
     </span>
    </p>
   </div>
   <div class='ocr_carea' id='block_1_52' title="bbox 2190 829 3772 906">
    <p class='ocr_par' dir='ltr' id='par_1_52' title="bbox 2190 829 3772 906">
     <span class='ocr_line' id='line_1_52' title="bbox 2190 829 3772 906; baseline 0.001 -23"><span class='ocrx_word' id='word_1_356' title='bbox 2190 830 2298 902; x_wconf 86' lang='grc' dir='ltr'><strong>γὰρ</strong></span> <span class='ocrx_word' id='word_1_357' title='bbox 2328 829 2393 884; x_wconf 84' lang='grc' dir='ltr'>ἂν</span> <span class='ocrx_word' id='word_1_358' title='bbox 2426 831 2679 885; x_wconf 89' lang='grc' dir='ltr'>τοσοῦτον</span> <span class='ocrx_word' id='word_1_359' title='bbox 2710 833 2951 905; x_wconf 83' lang='grc' dir='ltr'><strong>ὑπῆρξεν</strong></span> <span class='ocrx_word' id='word_1_360' title='bbox 2999 834 3148 906; x_wconf 87' lang='grc' dir='ltr'><strong>αὑτῷ</strong></span> <span class='ocrx_word' id='word_1_361' title='bbox 3175 836 3474 903; x_wconf 81' lang='grc' dir='ltr'>διενεγκεῖν</span> <span class='ocrx_word' id='word_1_362' title='bbox 3516 835 3772 889; x_wconf 84' lang='grc' dir='ltr'>ἁπάντων</span> 
     </span>
    </p>
   </div>
   <div class='ocr_carea' id='block_1_53' title="bbox 2187 915 3769 997">
    <p class='ocr_par' dir='ltr' id='par_1_53' title="bbox 2187 915 3769 997">
     <span class='ocr_line' id='line_1_53' title="bbox 2187 915 3769 997; baseline 0.006 -27"><span class='ocrx_word' id='word_1_363' title='bbox 2187 921 2255 990; x_wconf 82' lang='grc' dir='ltr'>τῇ</span> <span class='ocrx_word' id='word_1_364' title='bbox 2305 922 2576 991; x_wconf 78' lang='grc' dir='ltr'><strong>μουσικῇ,</strong></span> <span class='ocrx_word' id='word_1_365' title='bbox 2623 915 2668 988; x_wconf 85' lang='grc' dir='ltr'>ᾧ</span> <span class='ocrx_word' id='word_1_366' title='bbox 2725 938 2788 990; x_wconf 92' lang='grc' dir='ltr'><strong>γε</strong></span> <span class='ocrx_word' id='word_1_367' title='bbox 2843 921 3096 978; x_wconf 90' lang='grc' dir='ltr'>τοσοῦτον</span> <span class='ocrx_word' id='word_1_368' title='bbox 3155 925 3351 996; x_wconf 81' lang='grc' dir='ltr'>περιῆν</span> <span class='ocrx_word' id='word_1_369' title='bbox 3387 929 3486 996; x_wconf 84' lang='grc' dir='ltr'>τῆς</span> <span class='ocrx_word' id='word_1_370' title='bbox 3540 926 3769 997; x_wconf 88' lang='grc' dir='ltr'>τέχνης,</span> 
     </span>
    </p>
   </div>
   <div class='ocr_carea' id='block_1_54' title="bbox 2189 1008 3772 1087">
    <p class='ocr_par' dir='ltr' id='par_1_54' title="bbox 2189 1008 3772 1087">
     <span class='ocr_line' id='line_1_54' title="bbox 2189 1008 3772 1087; baseline 0.006 -25"><span class='ocrx_word' id='word_1_371' title='bbox 2189 1008 2330 1064; x_wconf 81' lang='grc' dir='ltr'>ὥστε</span> <span class='ocrx_word' id='word_1_372' title='bbox 2379 1012 2472 1064; x_wconf 73' lang='grc' dir='ltr'>καὶ</span> <span class='ocrx_word' id='word_1_373' title='bbox 2520 1011 2688 1082; x_wconf 84' lang='grc' dir='ltr'>θυμὸν</span> <span class='ocrx_word' id='word_1_374' title='bbox 2723 1013 2958 1084; x_wconf 78' lang='grc' dir='ltr'><strong>ἐγείρειν</strong></span> <span class='ocrx_word' id='word_1_375' title='bbox 3003 1014 3091 1068; x_wconf 87' lang='grc' dir='ltr'>διὰ</span> <span class='ocrx_word' id='word_1_376' title='bbox 3123 1016 3220 1087; x_wconf 86' lang='grc' dir='ltr'>τῆς</span> <span class='ocrx_word' id='word_1_377' title='bbox 3256 1019 3507 1070; x_wconf 86' lang='grc' dir='ltr'><strong>συντόνου</strong></span> <span class='ocrx_word' id='word_1_378' title='bbox 3543 1019 3640 1070; x_wconf 81' lang='grc' dir='ltr'><strong>καὶ</strong></span> <span class='ocrx_word' id='word_1_379' title='bbox 3672 1018 3772 1071; x_wconf 83' lang='grc' dir='ltr'><strong>αὑ-</strong></span> 
     </span>
    </p>
   </div>
   <div class='ocr_carea' id='block_1_55' title="bbox 2195 1104 3770 1180">
    <p class='ocr_par' dir='ltr' id='par_1_55' title="bbox 2195 1104 3770 1180">
     <span class='ocr_line' id='line_1_55' title="bbox 2195 1104 3770 1180; baseline 0.003 -23"><span class='ocrx_word' id='word_1_380' title='bbox 2195 1106 2401 1175; x_wconf 81' lang='grc' dir='ltr'>στηρᾶς</span> <span class='ocrx_word' id='word_1_381' title='bbox 2428 1104 2716 1176; x_wconf 82' lang='grc' dir='ltr'>ἁρμονίας,</span> <span class='ocrx_word' id='word_1_382' title='bbox 2743 1106 2837 1158; x_wconf 77' lang='grc' dir='ltr'><strong>καὶ</strong></span> <span class='ocrx_word' id='word_1_383' title='bbox 2869 1107 3053 1177; x_wconf 89' lang='grc' dir='ltr'>μέντοι</span> <span class='ocrx_word' id='word_1_384' title='bbox 3103 1108 3197 1160; x_wconf 78' lang='grc' dir='ltr'>καὶ</span> <span class='ocrx_word' id='word_1_385' title='bbox 3230 1108 3398 1180; x_wconf 87' lang='grc' dir='ltr'>χαλᾷν</span> <span class='ocrx_word' id='word_1_386' title='bbox 3434 1112 3529 1164; x_wconf 79' lang='grc' dir='ltr'>καὶ</span> <span class='ocrx_word' id='word_1_387' title='bbox 3562 1110 3770 1180; x_wconf 85' lang='grc' dir='ltr'>μαλάτ-</span> 
     </span>
    </p>
   </div>
   <div class='ocr_carea' id='block_1_56' title="bbox 2189 1195 3770 1271">
    <p class='ocr_par' dir='ltr' id='par_1_56' title="bbox 2189 1195 3770 1271">
     <span class='ocr_line' id='line_1_56' title="bbox 2189 1195 3770 1271; baseline 0.005 -23"><span class='ocrx_word' id='word_1_388' title='bbox 2189 1213 2303 1250; x_wconf 86' lang='grc' dir='ltr'>τειν</span> <span class='ocrx_word' id='word_1_389' title='bbox 2335 1195 2444 1266; x_wconf 84' lang='grc'>(61)</span> <span class='ocrx_word' id='word_1_390' title='bbox 2477 1195 2639 1250; x_wconf 88' lang='grc' dir='ltr'>πάλιν</span> <span class='ocrx_word' id='word_1_391' title='bbox 2666 1196 2753 1250; x_wconf 84' lang='grc' dir='ltr'>διὰ</span> <span class='ocrx_word' id='word_1_392' title='bbox 2796 1198 2894 1268; x_wconf 82' lang='grc' dir='ltr'>τῆς</span> <span class='ocrx_word' id='word_1_393' title='bbox 2943 1199 3268 1270; x_wconf 85' lang='grc' dir='ltr'>ἀνειμένης,</span> <span class='ocrx_word' id='word_1_394' title='bbox 3301 1201 3466 1254; x_wconf 85' lang='grc' dir='ltr'>ὁπότε</span> <span class='ocrx_word' id='word_1_395' title='bbox 3507 1202 3770 1271; x_wconf 86' lang='grc' dir='ltr'>βούλοιτο.</span> 
     </span>
    </p>
   </div>
   <div class='ocr_carea' id='block_1_57' title="bbox 2192 1287 3772 1366">
    <p class='ocr_par' dir='ltr' id='par_1_57' title="bbox 2192 1287 3772 1366">
     <span class='ocr_line' id='line_1_57' title="bbox 2192 1287 3772 1366; baseline 0.005 -26"><span class='ocrx_word' id='word_1_396' title='bbox 2192 1287 2377 1360; x_wconf 81' lang='grc' dir='ltr'>Ταύτῃ</span> <span class='ocrx_word' id='word_1_397' title='bbox 2401 1305 2484 1342; x_wconf 92' lang='grc' dir='ltr'><strong>τοι</strong></span> <span class='ocrx_word' id='word_1_398' title='bbox 2513 1290 2608 1342; x_wconf 76' lang='grc' dir='ltr'>καὶ</span> <span class='ocrx_word' id='word_1_399' title='bbox 2652 1288 2985 1361; x_wconf 81' lang='grc' dir='ltr'>Ἀλεξάνδρῳ</span> <span class='ocrx_word' id='word_1_400' title='bbox 3013 1291 3145 1344; x_wconf 90' lang='grc' dir='ltr'><strong>ποτέ</strong></span> <span class='ocrx_word' id='word_1_401' title='bbox 3178 1292 3239 1346; x_wconf 85' lang='grc' dir='ltr'>τὸ</span> <span class='ocrx_word' id='word_1_402' title='bbox 3265 1292 3497 1364; x_wconf 82' lang='grc' dir='ltr'>Φρύγιον</span> <span class='ocrx_word' id='word_1_403' title='bbox 3530 1296 3772 1366; x_wconf 78' lang='grc' dir='ltr'>ἐπαυλή-</span> 
     </span>
    </p>
   </div>
   <div class='ocr_carea' id='block_1_58' title="bbox 2193 1379 3775 1454">
    <p class='ocr_par' dir='ltr' id='par_1_58' title="bbox 2193 1379 3775 1454">
     <span class='ocr_line' id='line_1_58' title="bbox 2193 1379 3775 1454; baseline 0.005 -24"><span class='ocrx_word' id='word_1_404' title='bbox 2193 1395 2383 1442; x_wconf 82' lang='grc' dir='ltr'>σαντα,</span> <span class='ocrx_word' id='word_1_405' title='bbox 2418 1379 2781 1450; x_wconf 81' lang='grc' dir='ltr'>ἐξαναστῆσαι</span> <span class='ocrx_word' id='word_1_406' title='bbox 2826 1382 2988 1434; x_wconf 85' lang='grc' dir='ltr'>αὑτὸν</span> <span class='ocrx_word' id='word_1_407' title='bbox 3015 1382 3108 1434; x_wconf 79' lang='grc' dir='ltr'>ἐπὶ</span> <span class='ocrx_word' id='word_1_408' title='bbox 3135 1381 3203 1435; x_wconf 83' lang='grc' dir='ltr'>τὰ</span> <span class='ocrx_word' id='word_1_409' title='bbox 3241 1383 3380 1436; x_wconf 84' lang='grc' dir='ltr'>ὅπλα</span> <span class='ocrx_word' id='word_1_410' title='bbox 3437 1384 3653 1452; x_wconf 88' lang='grc' dir='ltr'>λέγεται</span> <span class='ocrx_word' id='word_1_411' title='bbox 3679 1403 3775 1454; x_wconf 87' lang='grc' dir='ltr'>με-</span> 
     </span>
    </p>
   </div>
   <div class='ocr_carea' id='block_1_59' title="bbox 2189 1471 3775 1550">
    <p class='ocr_par' dir='ltr' id='par_1_59' title="bbox 2189 1471 3775 1550">
     <span class='ocr_line' id='line_1_59' title="bbox 2189 1471 3775 1550; baseline 0.004 -25"><span class='ocrx_word' id='word_1_412' title='bbox 2189 1471 2322 1536; x_wconf 81' lang='grc' dir='ltr'>ταξὺ</span> <span class='ocrx_word' id='word_1_413' title='bbox 2352 1473 2692 1538; x_wconf 81' lang='grc' dir='ltr'>δειπνοῦντα,</span> <span class='ocrx_word' id='word_1_414' title='bbox 2729 1475 2824 1528; x_wconf 79' lang='grc' dir='ltr'><strong>καὶ</strong></span> <span class='ocrx_word' id='word_1_415' title='bbox 2855 1477 3225 1544; x_wconf 74' lang='grc' dir='ltr'>ἐπαναγαγεῖν</span> <span class='ocrx_word' id='word_1_416' title='bbox 3278 1477 3439 1531; x_wconf 86' lang='grc' dir='ltr'>πάλιν</span> <span class='ocrx_word' id='word_1_417' title='bbox 3471 1478 3609 1550; x_wconf 84' lang='grc' dir='ltr'>πρὸς</span> <span class='ocrx_word' id='word_1_418' title='bbox 3646 1481 3775 1541; x_wconf 74' lang='grc' dir='ltr'>τοὺς</span> 
     </span>
    </p>
   </div>
   <div class='ocr_carea' id='block_1_60' title="bbox 2193 1565 3774 1641">
    <p class='ocr_par' dir='ltr' id='par_1_60' title="bbox 2193 1565 3774 1641">
     <span class='ocr_line' id='line_1_60' title="bbox 2193 1565 3774 1641; baseline 0.004 -24"><span class='ocrx_word' id='word_1_419' title='bbox 2193 1565 2500 1637; x_wconf 88' lang='grc' dir='ltr'>συμπότας,</span> <span class='ocrx_word' id='word_1_420' title='bbox 2533 1565 2632 1638; x_wconf 80' lang='grc' dir='ltr'>τὴν</span> <span class='ocrx_word' id='word_1_421' title='bbox 2660 1566 2926 1638; x_wconf 84' lang='grc' dir='ltr'>ἁρμονίαν</span> <span class='ocrx_word' id='word_1_422' title='bbox 2951 1567 3280 1638; x_wconf 87' lang='grc' dir='ltr'>χαλάσαντα.</span> <span class='ocrx_word' id='word_1_423' title='bbox 3311 1569 3595 1641; x_wconf 81' lang='grc' dir='ltr'>Τοσαύτην</span> <span class='ocrx_word' id='word_1_424' title='bbox 3619 1571 3774 1641; x_wconf 73' lang='grc' dir='ltr'>ἰσχὺν</span> 
     </span>
    </p>
   </div>
   <div class='ocr_carea' id='block_1_61' title="bbox 2193 1657 3771 1733">
    <p class='ocr_par' dir='ltr' id='par_1_61' title="bbox 2193 1657 3771 1733">
     <span class='ocr_line' id='line_1_61' title="bbox 2193 1657 3771 1733; baseline 0.003 -24"><span class='ocrx_word' id='word_1_425' title='bbox 2193 1657 2249 1711; x_wconf 81' lang='grc' dir='ltr'>ἕν</span> <span class='ocrx_word' id='word_1_426' title='bbox 2282 1676 2340 1710; x_wconf 89' lang='grc' dir='ltr'><strong>τε</strong></span> <span class='ocrx_word' id='word_1_427' title='bbox 2377 1661 2610 1730; x_wconf 82' lang='grc' dir='ltr'>μουσικῇ</span> <span class='ocrx_word' id='word_1_428' title='bbox 2663 1660 2758 1712; x_wconf 76' lang='grc' dir='ltr'><strong>καὶ</strong></span> <span class='ocrx_word' id='word_1_429' title='bbox 2789 1662 2904 1722; x_wconf 89' lang='grc' dir='ltr'>τοῖς</span> <span class='ocrx_word' id='word_1_430' title='bbox 2949 1663 3236 1730; x_wconf 83' lang='grc' dir='ltr'>γυμνικοῖς</span> <span class='ocrx_word' id='word_1_431' title='bbox 3273 1660 3451 1729; x_wconf 89' lang='grc' dir='ltr'>ἀγῶσι</span> <span class='ocrx_word' id='word_1_432' title='bbox 3497 1661 3636 1733; x_wconf 82' lang='grc' dir='ltr'>πρὸς</span> <span class='ocrx_word' id='word_1_433' title='bbox 3675 1661 3771 1732; x_wconf 73' lang='grc' dir='ltr'>τὴν</span> 
     </span>
    </p>
   </div>
   <div class='ocr_carea' id='block_1_62' title="bbox 2191 1749 3364 1824">
    <p class='ocr_par' dir='ltr' id='par_1_62' title="bbox 2191 1749 3364 1824">
     <span class='ocr_line' id='line_1_62' title="bbox 2191 1749 3364 1824; baseline 0.003 -22"><span class='ocrx_word' id='word_1_434' title='bbox 2191 1749 2285 1803; x_wconf 89' lang='grc' dir='ltr'><strong>τοῦ</strong></span> <span class='ocrx_word' id='word_1_435' title='bbox 2317 1751 2501 1814; x_wconf 84' lang='grc' dir='ltr'>τέλους</span> <span class='ocrx_word' id='word_1_436' title='bbox 2528 1753 2774 1823; x_wconf 85' lang='grc' dir='ltr'>κτῆσινή</span> <span class='ocrx_word' id='word_1_437' title='bbox 2809 1752 3005 1823; x_wconf 86' lang='grc' dir='ltr'>μελέτη</span> <span class='ocrx_word' id='word_1_438' title='bbox 3043 1752 3364 1824; x_wconf 86' lang='grc' dir='ltr'>παρέχεται.</span> 
     </span>
    </p>
   </div>
   <div class='ocr_carea' id='block_1_63' title="bbox 2257 1842 3770 1918">
    <p class='ocr_par' dir='ltr' id='par_1_63' title="bbox 2257 1842 3770 1918">
     <span class='ocr_line' id='line_1_63' title="bbox 2257 1842 3770 1918; baseline 0.003 -22"><span class='ocrx_word' id='word_1_439' title='bbox 2257 1842 2311 1896; x_wconf 88' lang='grc'><strong>6.</strong></span> <span class='ocrx_word' id='word_1_440' title='bbox 2367 1843 2517 1896; x_wconf 80' lang='grc' dir='ltr'>Ἐπεὶ</span> <span class='ocrx_word' id='word_1_441' title='bbox 2576 1843 2634 1896; x_wconf 87' lang='grc' dir='ltr'>δὲ</span> <span class='ocrx_word' id='word_1_442' title='bbox 2687 1844 2964 1914; x_wconf 85' lang='grc' dir='ltr'>στεφάνων</span> <span class='ocrx_word' id='word_1_443' title='bbox 3011 1845 3106 1898; x_wconf 82' lang='grc' dir='ltr'><strong>καὶ</strong></span> <span class='ocrx_word' id='word_1_444' title='bbox 3161 1843 3411 1916; x_wconf 83' lang='grc' dir='ltr'><strong>ἀθλητῶν</strong></span> <span class='ocrx_word' id='word_1_445' title='bbox 3457 1846 3770 1918; x_wconf 85' lang='grc' dir='ltr'>ἐμνήσθην.</span> 
     </span>
    </p>
   </div>
   <div class='ocr_carea' id='block_1_64' title="bbox 2187 1934 3774 2008">
    <p class='ocr_par' dir='ltr' id='par_1_64' title="bbox 2187 1934 3774 2008">
     <span class='ocr_line' id='line_1_64' title="bbox 2187 1934 3774 2008; baseline 0.004 -23"><span class='ocrx_word' id='word_1_446' title='bbox 2187 1934 2405 1998; x_wconf 86' lang='grc' dir='ltr'>ἐκεῖνοι,</span> <span class='ocrx_word' id='word_1_447' title='bbox 2445 1934 2616 2004; x_wconf 91' lang='grc' dir='ltr'>μυρία</span> <span class='ocrx_word' id='word_1_448' title='bbox 2642 1934 2908 1998; x_wconf 85' lang='grc' dir='ltr'>παθόντες</span> <span class='ocrx_word' id='word_1_449' title='bbox 2931 1935 3022 1987; x_wconf 74' lang='grc' dir='ltr'>ἐπὶ</span> <span class='ocrx_word' id='word_1_450' title='bbox 3045 1935 3281 2006; x_wconf 90' lang='grc' dir='ltr'>μυρίοις,</span> <span class='ocrx_word' id='word_1_451' title='bbox 3313 1937 3409 1989; x_wconf 79' lang='grc' dir='ltr'>καὶ</span> <span class='ocrx_word' id='word_1_452' title='bbox 3441 1937 3774 2008; x_wconf 78' lang='grc' dir='ltr'>πολλαχόθεν</span> 
     </span>
    </p>
   </div>
   <div class='ocr_carea' id='block_1_65' title="bbox 2186 2024 3773 2100">
    <p class='ocr_par' dir='ltr' id='par_1_65' title="bbox 2186 2024 3773 2100">
     <span class='ocr_line' id='line_1_65' title="bbox 2186 2024 3773 2100; baseline 0.002 -22"><span class='ocrx_word' id='word_1_453' title='bbox 2186 2025 2283 2096; x_wconf 84' lang='grc' dir='ltr'>τὴν</span> <span class='ocrx_word' id='word_1_454' title='bbox 2314 2024 2507 2096; x_wconf 79' lang='grc' dir='ltr'>ῥώμην</span> <span class='ocrx_word' id='word_1_455' title='bbox 2550 2027 2763 2090; x_wconf 79' lang='grc' dir='ltr'>ἑαυτοῖς</span> <span class='ocrx_word' id='word_1_456' title='bbox 2804 2025 3261 2097; x_wconf 83' lang='grc' dir='ltr'>συναυξήσαντες,</span> <span class='ocrx_word' id='word_1_457' title='bbox 3307 2027 3478 2081; x_wconf 87' lang='grc' dir='ltr'>πολλὰ</span> <span class='ocrx_word' id='word_1_458' title='bbox 3532 2030 3632 2100; x_wconf 79' lang='grc' dir='ltr'>μὲν</span> <span class='ocrx_word' id='word_1_459' title='bbox 3672 2046 3773 2097; x_wconf 85' lang='grc' dir='ltr'>γυ-</span> 
     </span>
    </p>
   </div>
   <div class='ocr_carea' id='block_1_66' title="bbox 2189 2117 3776 2192">
    <p class='ocr_par' dir='ltr' id='par_1_66' title="bbox 2189 2117 3776 2192">
     <span class='ocr_line' id='line_1_66' title="bbox 2189 2117 3776 2192; baseline 0.003 -22"><span class='ocrx_word' id='word_1_460' title='bbox 2189 2119 2508 2187; x_wconf 82' lang='grc' dir='ltr'>μναστικοῖς</span> <span class='ocrx_word' id='word_1_461' title='bbox 2552 2117 2944 2188; x_wconf 86' lang='grc' dir='ltr'>ἐνιδρώσαντες</span> <span class='ocrx_word' id='word_1_462' title='bbox 2985 2118 3191 2184; x_wconf 88' lang='grc' dir='ltr'>πόνοις,</span> <span class='ocrx_word' id='word_1_463' title='bbox 3228 2118 3430 2184; x_wconf 85' lang='grc' dir='ltr'>πολλὰς</span> <span class='ocrx_word' id='word_1_464' title='bbox 3463 2120 3524 2172; x_wconf 82' lang='grc' dir='ltr'>δὲ</span> <span class='ocrx_word' id='word_1_465' title='bbox 3557 2121 3776 2192; x_wconf 78' lang='grc' dir='ltr'>πληγάς</span> 
     </span>
    </p>
   </div>
   <div class='ocr_carea' id='block_1_67' title="bbox 2185 2209 3770 2284">
    <p class='ocr_par' dir='ltr' id='par_1_67' title="bbox 2185 2209 3770 2284">
     <span class='ocr_line' id='line_1_67' title="bbox 2185 2209 3770 2284; baseline 0.003 -22"><span class='ocrx_word' id='word_1_466' title='bbox 2185 2211 2242 2262; x_wconf 90' lang='grc' dir='ltr'><strong>ἐν</strong></span> <span class='ocrx_word' id='word_1_467' title='bbox 2273 2209 2620 2280; x_wconf 89' lang='grc' dir='ltr'>παιδοτρίϐου</span> <span class='ocrx_word' id='word_1_468' title='bbox 2653 2210 2927 2275; x_wconf 88' lang='grc' dir='ltr'>λαϐόντες,</span> <span class='ocrx_word' id='word_1_469' title='bbox 2957 2211 3169 2266; x_wconf 87' lang='grc' dir='ltr'>δίαιταν</span> <span class='ocrx_word' id='word_1_470' title='bbox 3209 2211 3267 2265; x_wconf 83' lang='grc' dir='ltr'>δὲ</span> <span class='ocrx_word' id='word_1_471' title='bbox 3300 2215 3362 2266; x_wconf 85' lang='grc' dir='ltr'>οὐ</span> <span class='ocrx_word' id='word_1_472' title='bbox 3398 2212 3497 2284; x_wconf 81' lang='grc' dir='ltr'>τὴν</span> <span class='ocrx_word' id='word_1_473' title='bbox 3526 2213 3770 2284; x_wconf 81' lang='grc' dir='ltr'>ἡδίστην,</span> 
     </span>
    </p>
   </div>
   <div class='ocr_carea' id='block_1_68' title="bbox 2183 2300 3774 2372">
    <p class='ocr_par' dir='ltr' id='par_1_68' title="bbox 2183 2300 3774 2372">
     <span class='ocr_line' id='line_1_68' title="bbox 2183 2300 3774 2372; baseline 0.001 -19"><span class='ocrx_word' id='word_1_474' title='bbox 2183 2300 2321 2354; x_wconf 89' lang='grc' dir='ltr'><strong>ἀλλά</strong></span> <span class='ocrx_word' id='word_1_475' title='bbox 2351 2300 2452 2372; x_wconf 78' lang='grc' dir='ltr'>τὴν</span> <span class='ocrx_word' id='word_1_476' title='bbox 2492 2301 2641 2372; x_wconf 83' lang='grc' dir='ltr'>παρὰ</span> <span class='ocrx_word' id='word_1_477' title='bbox 2667 2301 2776 2354; x_wconf 89' lang='grc' dir='ltr'><strong>τῶν</strong></span> <span class='ocrx_word' id='word_1_478' title='bbox 2814 2300 3140 2372; x_wconf 87' lang='grc' dir='ltr'>γυμναστῶν</span> <span class='ocrx_word' id='word_1_479' title='bbox 3169 2300 3504 2372; x_wconf 83' lang='grc' dir='ltr'>αἱρούμενοι,</span> <span class='ocrx_word' id='word_1_480' title='bbox 3531 2301 3627 2355; x_wconf 83' lang='grc' dir='ltr'><strong>καὶ</strong></span> <span class='ocrx_word' id='word_1_481' title='bbox 3653 2301 3774 2355; x_wconf 80' lang='grc' dir='ltr'>τάλ-</span> 
     </span>
    </p>
   </div>
   <div class='ocr_carea' id='block_1_69' title="bbox 2183 2391 3773 2464">
    <p class='ocr_par' dir='ltr' id='par_1_69' title="bbox 2183 2391 3773 2464">
     <span class='ocr_line' id='line_1_69' title="bbox 2183 2391 3773 2464; baseline 0.001 -20"><span class='ocrx_word' id='word_1_482' title='bbox 2183 2391 2270 2458; x_wconf 91' lang='grc' dir='ltr'><strong>λα,</strong></span> <span class='ocrx_word' id='word_1_483' title='bbox 2301 2391 2388 2445; x_wconf 73' lang='grc' dir='ltr'><strong>ἵνα</strong></span> <span class='ocrx_word' id='word_1_484' title='bbox 2441 2393 2516 2463; x_wconf 84' lang='grc' dir='ltr'>μὴ</span> <span class='ocrx_word' id='word_1_485' title='bbox 2545 2392 2807 2464; x_wconf 87' lang='grc' dir='ltr'>διατρίϐω</span> <span class='ocrx_word' id='word_1_486' title='bbox 2838 2392 3035 2462; x_wconf 84' lang='grc' dir='ltr'>λέγων,</span> <span class='ocrx_word' id='word_1_487' title='bbox 3058 2392 3199 2446; x_wconf 82' lang='grc' dir='ltr'>οὕτω</span> <span class='ocrx_word' id='word_1_488' title='bbox 3234 2392 3534 2462; x_wconf 85' lang='grc' dir='ltr'>διάγοντες,</span> <span class='ocrx_word' id='word_1_489' title='bbox 3576 2392 3654 2456; x_wconf 85' lang='grc' dir='ltr'><strong>ὡς</strong></span> <span class='ocrx_word' id='word_1_490' title='bbox 3681 2392 3773 2445; x_wconf 83' lang='grc' dir='ltr'><strong>τὸν</strong></span> 
     </span>
    </p>
   </div>
   <div class='ocr_carea' id='block_1_70' title="bbox 2183 2481 3770 2557">
    <p class='ocr_par' dir='ltr' id='par_1_70' title="bbox 2183 2481 3770 2557">
     <span class='ocr_line' id='line_1_70' title="bbox 2183 2481 3770 2557; baseline 0 -20"><span class='ocrx_word' id='word_1_491' title='bbox 2183 2485 2290 2556; x_wconf 85' lang='grc' dir='ltr'>πρὸ</span> <span class='ocrx_word' id='word_1_492' title='bbox 2333 2485 2431 2555; x_wconf 79' lang='grc' dir='ltr'><strong>τῆς</strong></span> <span class='ocrx_word' id='word_1_493' title='bbox 2481 2486 2721 2554; x_wconf 83' lang='grc' dir='ltr'>ἀγωνίας</span> <span class='ocrx_word' id='word_1_494' title='bbox 2755 2484 2868 2556; x_wconf 84' lang='grc' dir='ltr'>βίον</span> <span class='ocrx_word' id='word_1_495' title='bbox 2898 2485 3130 2557; x_wconf 83' lang='grc' dir='ltr'>μελέτην</span> <span class='ocrx_word' id='word_1_496' title='bbox 3173 2481 3312 2538; x_wconf 74' lang='grc' dir='ltr'>εἶναι</span> <span class='ocrx_word' id='word_1_497' title='bbox 3351 2485 3455 2556; x_wconf 83' lang='grc' dir='ltr'>τῆς</span> <span class='ocrx_word' id='word_1_498' title='bbox 3506 2485 3770 2551; x_wconf 81' lang='grc' dir='ltr'>ἀγωνίας,</span> 
     </span>
    </p>
   </div>
   <div class='ocr_carea' id='block_1_71' title="bbox 2181 2578 3771 2652">
    <p class='ocr_par' dir='ltr' id='par_1_71' title="bbox 2181 2578 3771 2652">
     <span class='ocr_line' id='line_1_71' title="bbox 2181 2578 3771 2652; baseline 0.003 -24"><span class='ocrx_word' id='word_1_499' title='bbox 2181 2578 2484 2650; x_wconf 85' lang='grc' dir='ltr'>τηνικαῦτα</span> <span class='ocrx_word' id='word_1_500' title='bbox 2525 2579 2848 2634; x_wconf 88' lang='grc' dir='ltr'>ἀποδύονται</span> <span class='ocrx_word' id='word_1_501' title='bbox 2887 2581 3026 2652; x_wconf 86' lang='grc' dir='ltr'>πρὸς</span> <span class='ocrx_word' id='word_1_502' title='bbox 3057 2581 3119 2634; x_wconf 84' lang='grc' dir='ltr'><strong>τὸ</strong></span> <span class='ocrx_word' id='word_1_503' title='bbox 3163 2581 3409 2640; x_wconf 82' lang='grc' dir='ltr'>στάδιον,</span> <span class='ocrx_word' id='word_1_504' title='bbox 3446 2581 3542 2634; x_wconf 74' lang='grc' dir='ltr'><strong>καὶ</strong></span> <span class='ocrx_word' id='word_1_505' title='bbox 3591 2581 3771 2634; x_wconf 85' lang='grc' dir='ltr'>πάντα</span> 
     </span>
    </p>
   </div>
   <div class='ocr_carea' id='block_1_72' title="bbox 2183 2670 3774 2738">
    <p class='ocr_par' dir='ltr' id='par_1_72' title="bbox 2183 2670 3774 2738">
     <span class='ocr_line' id='line_1_72' title="bbox 2183 2670 3774 2738; baseline 0.001 -14"><span class='ocrx_word' id='word_1_506' title='bbox 2183 2670 2402 2724; x_wconf 90' lang='grc' dir='ltr'>πονοῦσι</span> <span class='ocrx_word' id='word_1_507' title='bbox 2436 2671 2530 2725; x_wconf 82' lang='grc' dir='ltr'><strong>καὶ</strong></span> <span class='ocrx_word' id='word_1_508' title='bbox 2559 2670 2977 2738; x_wconf 84' lang='grc' dir='ltr'>κινδυνεύουσιν,</span> <span class='ocrx_word' id='word_1_509' title='bbox 3019 2671 3156 2725; x_wconf 84' lang='grc' dir='ltr'>ὣστε</span> <span class='ocrx_word' id='word_1_510' title='bbox 3186 2672 3398 2726; x_wconf 85' lang='grc' dir='ltr'>κοτίνου</span> <span class='ocrx_word' id='word_1_511' title='bbox 3424 2671 3613 2729; x_wconf 88' lang='grc' dir='ltr'>λαϐεῖν</span> <span class='ocrx_word' id='word_1_512' title='bbox 3650 2673 3774 2725; x_wconf 83' lang='grc' dir='ltr'>στέ-</span> 
     </span>
    </p>
   </div>
   <div class='ocr_carea' id='block_1_73' title="bbox 2181 2763 3773 2835">
    <p class='ocr_par' dir='ltr' id='par_1_73' title="bbox 2181 2763 3773 2835">
     <span class='ocr_line' id='line_1_73' title="bbox 2181 2763 3773 2835; baseline 0.001 -20"><span class='ocrx_word' id='word_1_513' title='bbox 2181 2780 2369 2832; x_wconf 88' lang='grc' dir='ltr'>φανον,</span> <span class='ocrx_word' id='word_1_514' title='bbox 2421 2763 2454 2834; x_wconf 85' lang='grc' dir='ltr'>ἢ</span> <span class='ocrx_word' id='word_1_515' title='bbox 2498 2763 2728 2828; x_wconf 88' lang='grc' dir='ltr'>σελίνου,</span> <span class='ocrx_word' id='word_1_516' title='bbox 2776 2765 2808 2835; x_wconf 82' lang='grc' dir='ltr'>ἢ</span> <span class='ocrx_word' id='word_1_517' title='bbox 2849 2764 3009 2819; x_wconf 78' lang='grc' dir='ltr'>ἄλλου</span> <span class='ocrx_word' id='word_1_518' title='bbox 3056 2765 3200 2828; x_wconf 87' lang='grc' dir='ltr'>τινὸς</span> <span class='ocrx_word' id='word_1_519' title='bbox 3233 2765 3340 2818; x_wconf 87' lang='grc' dir='ltr'><strong>τῶν</strong></span> <span class='ocrx_word' id='word_1_520' title='bbox 3365 2765 3640 2830; x_wconf 82' lang='grc' dir='ltr'>τοιούτων,</span> <span class='ocrx_word' id='word_1_521' title='bbox 3675 2766 3773 2819; x_wconf 75' lang='grc' dir='ltr'><strong>καὶ</strong></span> 
     </span>
    </p>
   </div>
   <div class='ocr_carea' id='block_1_74' title="bbox 2181 2855 3768 2929">
    <p class='ocr_par' dir='ltr' id='par_1_74' title="bbox 2181 2855 3768 2929">
     <span class='ocr_line' id='line_1_74' title="bbox 2181 2855 3768 2929; baseline 0 -20"><span class='ocrx_word' id='word_1_522' title='bbox 2181 2855 2442 2919; x_wconf 85' lang='grc' dir='ltr'>νικῶντες</span> <span class='ocrx_word' id='word_1_523' title='bbox 2479 2856 2857 2928; x_wconf 74' lang='grc' dir='ltr'>ἀναρρηθῆναι</span> <span class='ocrx_word' id='word_1_524' title='bbox 2883 2857 3036 2928; x_wconf 90' lang='grc' dir='ltr'><strong>παρά</strong></span> <span class='ocrx_word' id='word_1_525' title='bbox 3064 2855 3157 2909; x_wconf 93' lang='grc' dir='ltr'><strong>τοῦ</strong></span> <span class='ocrx_word' id='word_1_526' title='bbox 3187 2858 3446 2929; x_wconf 78' lang='grc' dir='ltr'>κήρυκος.</span> <span class='ocrx_word' id='word_1_527' title='bbox 3498 2857 3660 2928; x_wconf 88' lang='grc' dir='ltr'>Ἡμῖν</span> <span class='ocrx_word' id='word_1_528' title='bbox 3685 2858 3768 2922; x_wconf 82' lang='grc' dir='ltr'>δὲ,</span> 
     </span>
    </p>
   </div>
   <div class='ocr_carea' id='block_1_75' title="bbox 2179 2941 3770 3021">
    <p class='ocr_par' dir='ltr' id='par_1_75' title="bbox 2179 2941 3770 3021">
     <span class='ocr_line' id='line_1_75' title="bbox 2179 2941 3770 3021; baseline 0.003 -21"><span class='ocrx_word' id='word_1_529' title='bbox 2179 2941 2260 3010; x_wconf 75' lang='grc' dir='ltr'>οἷς</span> <span class='ocrx_word' id='word_1_530' title='bbox 2287 2943 2425 3000; x_wconf 87' lang='grc' dir='ltr'>ἆθλα</span> <span class='ocrx_word' id='word_1_531' title='bbox 2467 2947 2562 3000; x_wconf 90' lang='grc' dir='ltr'><strong>τοῦ</strong></span> <span class='ocrx_word' id='word_1_532' title='bbox 2599 2947 2712 3017; x_wconf 84' lang='grc' dir='ltr'>βίου</span> <span class='ocrx_word' id='word_1_533' title='bbox 2749 2950 3032 3020; x_wconf 87' lang='grc' dir='ltr'>πρόκειται</span> <span class='ocrx_word' id='word_1_534' title='bbox 3065 2947 3208 3002; x_wconf 75' lang='grc' dir='ltr'>οὕτω</span> <span class='ocrx_word' id='word_1_535' title='bbox 3240 2949 3531 3021; x_wconf 75' lang='grc' dir='ltr'>Θαυμαστὰ</span> <span class='ocrx_word' id='word_1_536' title='bbox 3576 2950 3770 3021; x_wconf 80' lang='grc' dir='ltr'>πλήθει</span> 
     </span>
    </p>
   </div>
   <div class='ocr_carea' id='block_1_76' title="bbox 2179 3037 3768 3114">
    <p class='ocr_par' dir='ltr' id='par_1_76' title="bbox 2179 3037 3768 3114">
     <span class='ocr_line' id='line_1_76' title="bbox 2179 3037 3768 3114; baseline 0.003 -22"><span class='ocrx_word' id='word_1_537' title='bbox 2179 3056 2240 3091; x_wconf 90' lang='grc' dir='ltr'>τε</span> <span class='ocrx_word' id='word_1_538' title='bbox 2281 3039 2376 3093; x_wconf 71' lang='grc' dir='ltr'><strong>καὶ</strong></span> <span class='ocrx_word' id='word_1_539' title='bbox 2423 3040 2663 3110; x_wconf 82' lang='grc' dir='ltr'>μεγέθει,</span> <span class='ocrx_word' id='word_1_540' title='bbox 2703 3039 2844 3093; x_wconf 79' lang='grc' dir='ltr'>ὥστε</span> <span class='ocrx_word' id='word_1_541' title='bbox 2873 3040 3108 3096; x_wconf 87' lang='grc' dir='ltr'>ἀδύνατα</span> <span class='ocrx_word' id='word_1_542' title='bbox 3146 3037 3284 3096; x_wconf 79' lang='grc' dir='ltr'>εἶναι</span> <span class='ocrx_word' id='word_1_543' title='bbox 3336 3042 3563 3114; x_wconf 76' lang='grc' dir='ltr'>ῥηθῆναι</span> <span class='ocrx_word' id='word_1_544' title='bbox 3602 3044 3768 3113; x_wconf 86' lang='grc' dir='ltr'>λόγῳ,</span> 
     </span>
    </p>
   </div>
   <div class='ocr_carea' id='block_1_77' title="bbox 2183 3132 3770 3205">
    <p class='ocr_par' dir='ltr' id='par_1_77' title="bbox 2183 3132 3770 3205">
     <span class='ocr_line' id='line_1_77' title="bbox 2183 3132 3770 3205; baseline 0.002 -21"><span class='ocrx_word' id='word_1_545' title='bbox 2183 3133 2271 3184; x_wconf 88' lang='grc' dir='ltr'><strong>ἐπ’</strong></span> <span class='ocrx_word' id='word_1_546' title='bbox 2290 3132 2456 3203; x_wconf 84' lang='grc' dir='ltr'>ἄμφω</span> <span class='ocrx_word' id='word_1_547' title='bbox 2489 3132 2831 3196; x_wconf 88' lang='grc' dir='ltr'>καθεύδουσι,</span> <span class='ocrx_word' id='word_1_548' title='bbox 2867 3133 2960 3186; x_wconf 75' lang='grc' dir='ltr'><strong>καὶ</strong></span> <span class='ocrx_word' id='word_1_549' title='bbox 2997 3133 3134 3187; x_wconf 88' lang='grc' dir='ltr'><strong>κατά</strong></span> <span class='ocrx_word' id='word_1_550' title='bbox 3162 3133 3361 3205; x_wconf 79' lang='grc' dir='ltr'>πολλὴν</span> <span class='ocrx_word' id='word_1_551' title='bbox 3386 3135 3770 3205; x_wconf 77' lang='grc' dir='ltr'>διαιτωμένοις</span> 
     </span>
    </p>
   </div>
   <div class='ocr_carea' id='block_1_78' title="bbox 2181 3224 3774 3299">
    <p class='ocr_par' dir='ltr' id='par_1_78' title="bbox 2181 3224 3774 3299">
     <span class='ocr_line' id='line_1_78' title="bbox 2181 3224 3774 3299; baseline 0.001 -20"><span class='ocrx_word' id='word_1_552' title='bbox 2181 3225 2384 3288; x_wconf 82' lang='grc' dir='ltr'>ἄδειαν,</span> <span class='ocrx_word' id='word_1_553' title='bbox 2407 3227 2472 3295; x_wconf 83' lang='grc' dir='ltr'>τῇ</span> <span class='ocrx_word' id='word_1_554' title='bbox 2507 3224 2671 3295; x_wconf 81' lang='grc' dir='ltr'>ἑτέρᾳ</span> <span class='ocrx_word' id='word_1_555' title='bbox 2716 3225 2902 3279; x_wconf 89' lang='grc' dir='ltr'>λαϐεῖν</span> <span class='ocrx_word' id='word_1_556' title='bbox 2931 3224 3040 3278; x_wconf 90' lang='grc' dir='ltr'><strong>τῶν</strong></span> <span class='ocrx_word' id='word_1_557' title='bbox 3083 3225 3281 3295; x_wconf 87' lang='grc' dir='ltr'>χειρῶν</span> <span class='ocrx_word' id='word_1_558' title='bbox 3324 3227 3592 3299; x_wconf 58' lang='lat' dir='ltr'><strong>(incipiet;</strong></span> <span class='ocrx_word' id='word_1_559' title='bbox 3631 3228 3774 3281; x_wconf 86' lang='grc' dir='ltr'>Πολ-</span> 
     </span>
    </p>
   </div>
   <div class='ocr_carea' id='block_1_79' title="bbox 2182 3311 3771 3389">
    <p class='ocr_par' dir='ltr' id='par_1_79' title="bbox 2182 3311 3771 3389">
     <span class='ocr_line' id='line_1_79' title="bbox 2182 3311 3771 3389; baseline 0.004 -23"><span class='ocrx_word' id='word_1_560' title='bbox 2182 3313 2273 3367; x_wconf 91' lang='grc' dir='ltr'><strong>λοῦ</strong></span> <span class='ocrx_word' id='word_1_561' title='bbox 2307 3315 2407 3385; x_wconf 91' lang='grc' dir='ltr'><strong>μέν</strong></span> <span class='ocrx_word' id='word_1_562' title='bbox 2445 3316 2491 3368; x_wconf 87' lang='grc' dir='ltr'>τ’</span> <span class='ocrx_word' id='word_1_563' title='bbox 2524 3317 2590 3368; x_wconf 86' lang='grc' dir='ltr'>ἂν</span> <span class='ocrx_word' id='word_1_564' title='bbox 2620 3315 2768 3380; x_wconf 84' lang='grc' dir='ltr'>ἄξιον</span> <span class='ocrx_word' id='word_1_565' title='bbox 2803 3311 2870 3386; x_wconf 79' lang='grc' dir='ltr'>ἦν</span> <span class='ocrx_word' id='word_1_566' title='bbox 2913 3317 2946 3386; x_wconf 82' lang='grc' dir='ltr'><strong>ή</strong></span> <span class='ocrx_word' id='word_1_567' title='bbox 2987 3315 3226 3388; x_wconf 80' lang='grc' dir='ltr'>ῥᾳθυμία</span> <span class='ocrx_word' id='word_1_568' title='bbox 3261 3317 3339 3388; x_wconf 79' lang='grc' dir='ltr'>τῷ</span> <span class='ocrx_word' id='word_1_569' title='bbox 3382 3317 3500 3389; x_wconf 82' lang='grc' dir='ltr'>βίῳ,</span> <span class='ocrx_word' id='word_1_570' title='bbox 3531 3321 3626 3372; x_wconf 77' lang='grc' dir='ltr'>καὶ</span> <span class='ocrx_word' id='word_1_571' title='bbox 3653 3321 3682 3373; x_wconf 86' lang='grc' dir='ltr'><strong>ὅ</strong></span> <span class='ocrx_word' id='word_1_572' title='bbox 3703 3336 3771 3388; x_wconf 84' lang='grc' dir='ltr'><strong>γε</strong></span> 
     </span>
    </p>
   </div>
   <div class='ocr_carea' id='block_1_80' title="bbox 2183 3406 3776 3481">
    <p class='ocr_par' dir='ltr' id='par_1_80' title="bbox 2183 3406 3776 3481">
     <span class='ocr_line' id='line_1_80' title="bbox 2183 3406 3776 3481; baseline 0.004 -23"><span class='ocrx_word' id='word_1_573' title='bbox 2183 3406 2604 3479; x_wconf 84' lang='grc' dir='ltr'>Σαρδανάπαλος</span> <span class='ocrx_word' id='word_1_574' title='bbox 2635 3406 2746 3476; x_wconf 71' lang='grc'>(62)</span> <span class='ocrx_word' id='word_1_575' title='bbox 2786 3407 2854 3461; x_wconf 87' lang='grc' dir='ltr'>τὰ</span> <span class='ocrx_word' id='word_1_576' title='bbox 2895 3408 3089 3480; x_wconf 87' lang='grc' dir='ltr'>πρῶτα</span> <span class='ocrx_word' id='word_1_577' title='bbox 3135 3409 3350 3462; x_wconf 87' lang='grc' dir='ltr'>πάντων</span> <span class='ocrx_word' id='word_1_578' title='bbox 3389 3412 3470 3474; x_wconf 86' lang='grc' dir='ltr'><strong>είς</strong></span> <span class='ocrx_word' id='word_1_579' title='bbox 3516 3411 3776 3481; x_wconf 77' lang='grc' dir='ltr'>εὐδαιμοο</span> 
     </span>
    </p>
   </div>
   <div class='ocr_carea' id='block_1_81' title="bbox 2182 3497 3772 3570">
    <p class='ocr_par' dir='ltr' id='par_1_81' title="bbox 2182 3497 3772 3570">
     <span class='ocr_line' id='line_1_81' title="bbox 2182 3497 3772 3570; baseline 0.003 -21"><span class='ocrx_word' id='word_1_580' title='bbox 2182 3497 2302 3550; x_wconf 92' lang='grc' dir='ltr'>νίαν</span> <span class='ocrx_word' id='word_1_581' title='bbox 2335 3497 2588 3568; x_wconf 86' lang='grc' dir='ltr'>ἐφέρετο,</span> <span class='ocrx_word' id='word_1_582' title='bbox 2625 3497 2658 3567; x_wconf 83' lang='grc' dir='ltr'>ἢ</span> <span class='ocrx_word' id='word_1_583' title='bbox 2699 3498 2794 3552; x_wconf 73' lang='grc' dir='ltr'>καὶ</span> <span class='ocrx_word' id='word_1_584' title='bbox 2837 3501 2864 3552; x_wconf 87' lang='grc' dir='ltr'>ὁ</span> <span class='ocrx_word' id='word_1_585' title='bbox 2902 3499 3212 3570; x_wconf 86' lang='grc' dir='ltr'>Μαργίτης,</span> <span class='ocrx_word' id='word_1_586' title='bbox 3248 3503 3296 3553; x_wconf 85' lang='grc' dir='ltr'>εἰ</span> <span class='ocrx_word' id='word_1_587' title='bbox 3338 3499 3536 3570; x_wconf 85' lang='grc' dir='ltr'>βούλει,</span> <span class='ocrx_word' id='word_1_588' title='bbox 3565 3501 3624 3554; x_wconf 84' lang='grc' dir='ltr'>ὃν</span> <span class='ocrx_word' id='word_1_589' title='bbox 3653 3501 3772 3555; x_wconf 75' lang='grc' dir='ltr'><strong>οὒτ’</strong></span> 
     </span>
    </p>
   </div>
   <div class='ocr_carea' id='block_1_82' title="bbox 2183 3586 3773 3658">
    <p class='ocr_par' dir='ltr' id='par_1_82' title="bbox 2183 3586 3773 3658">
     <span class='ocr_line' id='line_1_82' title="bbox 2183 3586 3773 3658; baseline 0.004 -20"><span class='ocrx_word' id='word_1_590' title='bbox 2183 3587 2447 3658; x_wconf 85' lang='grc' dir='ltr'>ἀροτῆρα,</span> <span class='ocrx_word' id='word_1_591' title='bbox 2478 3586 2599 3639; x_wconf 74' lang='grc' dir='ltr'>οὔτε</span> <span class='ocrx_word' id='word_1_592' title='bbox 2639 3589 2956 3658; x_wconf 69' lang='grc' dir='ltr'>σκαπτῆρα,</span> <span class='ocrx_word' id='word_1_593' title='bbox 2991 3587 3114 3641; x_wconf 85' lang='grc' dir='ltr'>οὔτε</span> <span class='ocrx_word' id='word_1_594' title='bbox 3137 3589 3265 3643; x_wconf 78' lang='grc' dir='ltr'>ἄλλο</span> <span class='ocrx_word' id='word_1_595' title='bbox 3291 3607 3344 3642; x_wconf 86' lang='grc' dir='ltr'>τι</span> <span class='ocrx_word' id='word_1_596' title='bbox 3371 3589 3478 3642; x_wconf 90' lang='grc' dir='ltr'><strong>τῶν</strong></span> <span class='ocrx_word' id='word_1_597' title='bbox 3506 3592 3651 3644; x_wconf 85' lang='grc' dir='ltr'><strong>κατά</strong></span> <span class='ocrx_word' id='word_1_598' title='bbox 3674 3592 3773 3645; x_wconf 76' lang='grc' dir='ltr'>τὸν</span> 
     </span>
    </p>
   </div>
   <div class='ocr_carea' id='block_1_83' title="bbox 2185 3675 3774 3756">
    <p class='ocr_par' dir='ltr' id='par_1_83' title="bbox 2185 3675 3774 3756">
     <span class='ocr_line' id='line_1_83' title="bbox 2185 3675 3774 3756; baseline 0.005 -26"><span class='ocrx_word' id='word_1_599' title='bbox 2185 3677 2296 3747; x_wconf 85' lang='grc' dir='ltr'>βίον</span> <span class='ocrx_word' id='word_1_600' title='bbox 2321 3679 2642 3748; x_wconf 82' lang='grc' dir='ltr'>ἐπιτηδείων</span> <span class='ocrx_word' id='word_1_601' title='bbox 2678 3675 2816 3734; x_wconf 81' lang='grc' dir='ltr'>εἶναι</span> <span class='ocrx_word' id='word_1_602' title='bbox 2862 3682 3110 3751; x_wconf 84' lang='grc' dir='ltr'>Ὅμηρος</span> <span class='ocrx_word' id='word_1_603' title='bbox 3154 3680 3377 3752; x_wconf 79' lang='grc' dir='ltr'>ἔφησεν,</span> <span class='ocrx_word' id='word_1_604' title='bbox 3407 3685 3456 3735; x_wconf 84' lang='grc' dir='ltr'>εἰ</span> <span class='ocrx_word' id='word_1_605' title='bbox 3487 3682 3551 3754; x_wconf 80' lang='grc' dir='ltr'>δὴ</span> <span class='ocrx_word' id='word_1_606' title='bbox 3596 3685 3774 3756; x_wconf 79' lang='grc' dir='ltr'><strong>Ὀμή-</strong></span> 
     </span>
    </p>
   </div>
   <div class='ocr_carea' id='block_1_84' title="bbox 2187 3770 3774 3844">
    <p class='ocr_par' dir='ltr' id='par_1_84' title="bbox 2187 3770 3774 3844">
     <span class='ocr_line' id='line_1_84' title="bbox 2187 3770 3774 3844; baseline 0.003 -20"><span class='ocrx_word' id='word_1_607' title='bbox 2187 3788 2279 3842; x_wconf 87' lang='grc' dir='ltr'><strong>ρου</strong></span> <span class='ocrx_word' id='word_1_608' title='bbox 2305 3770 2498 3824; x_wconf 88' lang='grc' dir='ltr'>ταῦτα.</span> <span class='ocrx_word' id='word_1_609' title='bbox 2542 3770 2704 3824; x_wconf 84' lang='grc' dir='ltr'>Ἀλλὰ</span> <span class='ocrx_word' id='word_1_610' title='bbox 2732 3771 2805 3842; x_wconf 84' lang='grc' dir='ltr'><strong>μὴ</strong></span> <span class='ocrx_word' id='word_1_611' title='bbox 2843 3772 3050 3844; x_wconf 78' lang='grc' dir='ltr'>ἀληθὴς</span> <span class='ocrx_word' id='word_1_612' title='bbox 3085 3773 3286 3844; x_wconf 82' lang='grc' dir='ltr'>μᾶλλον</span> <span class='ocrx_word' id='word_1_613' title='bbox 3317 3777 3345 3827; x_wconf 85' lang='grc' dir='ltr'>ὁ</span> <span class='ocrx_word' id='word_1_614' title='bbox 3369 3773 3463 3827; x_wconf 90' lang='grc' dir='ltr'><strong>τοῦ</strong></span> <span class='ocrx_word' id='word_1_615' title='bbox 3495 3776 3774 3830; x_wconf 81' lang='grc' dir='ltr'>Πιττακοῦ</span> 
     </span>
    </p>
   </div>
   <div class='ocr_carea' id='block_1_85' title="bbox 2181 3859 3778 3936">
    <p class='ocr_par' dir='ltr' id='par_1_85' title="bbox 2181 3859 3778 3936">
     <span class='ocr_line' id='line_1_85' title="bbox 2181 3859 3778 3936; baseline 0.006 -25"><span class='ocrx_word' id='word_1_616' title='bbox 2181 3859 2358 3929; x_wconf 87' lang='grc' dir='ltr'>λόγος,</span> <span class='ocrx_word' id='word_1_617' title='bbox 2393 3860 2452 3923; x_wconf 83' lang='grc' dir='ltr'>ὃς</span> <span class='ocrx_word' id='word_1_618' title='bbox 2493 3859 2729 3930; x_wconf 84' lang='grc' dir='ltr'>χαλεπὸν</span> <span class='ocrx_word' id='word_1_619' title='bbox 2761 3861 2961 3932; x_wconf 74' lang='grc' dir='ltr'>ἔφησεν</span> <span class='ocrx_word' id='word_1_620' title='bbox 2996 3863 3104 3932; x_wconf 81' lang='grc'>(65)</span> <span class='ocrx_word' id='word_1_621' title='bbox 3147 3863 3334 3916; x_wconf 87' lang='grc' dir='ltr'>ἐσθλὸν</span> <span class='ocrx_word' id='word_1_622' title='bbox 3365 3864 3630 3936; x_wconf 80' lang='grc' dir='ltr'>ἔμμεναι;</span> <span class='ocrx_word' id='word_1_623' title='bbox 3666 3869 3778 3921; x_wconf 82' lang='grc' dir='ltr'>Διά</span> 
     </span>
    </p>
   </div>
   <div class='ocr_carea' id='block_1_86' title="bbox 2181 3951 3777 4027">
    <p class='ocr_par' dir='ltr' id='par_1_86' title="bbox 2181 3951 3777 4027">
     <span class='ocr_line' id='line_1_86' title="bbox 2181 3951 3777 4027; baseline 0.005 -23"><span class='ocrx_word' id='word_1_624' title='bbox 2181 3952 2391 4004; x_wconf 83' lang='grc' dir='ltr'>πολλῶν</span> <span class='ocrx_word' id='word_1_625' title='bbox 2417 3951 2526 4024; x_wconf 79' lang='grc' dir='ltr'><strong>γὰρ</strong></span> <span class='ocrx_word' id='word_1_626' title='bbox 2555 3953 2620 4023; x_wconf 84' lang='grc' dir='ltr'>δὴ</span> <span class='ocrx_word' id='word_1_627' title='bbox 2651 3952 2728 4022; x_wconf 83' lang='grc' dir='ltr'>τῷ</span> <span class='ocrx_word' id='word_1_628' title='bbox 2755 3952 2870 4006; x_wconf 81' lang='grc' dir='ltr'>δντι</span> <span class='ocrx_word' id='word_1_629' title='bbox 2910 3954 3088 4006; x_wconf 82' lang='grc' dir='ltr'>πόνων</span> <span class='ocrx_word' id='word_1_630' title='bbox 3125 3953 3452 4019; x_wconf 78' lang='grc' dir='ltr'>διεξελθοῦσι</span> <span class='ocrx_word' id='word_1_631' title='bbox 3500 3958 3652 4027; x_wconf 89' lang='grc' dir='ltr'>μόλις</span> <span class='ocrx_word' id='word_1_632' title='bbox 3702 3961 3777 4012; x_wconf 82' lang='grc' dir='ltr'>ἂν</span> 
     </span>
    </p>
   </div>
   <div class='ocr_carea' id='block_1_87' title="bbox 2179 4043 3778 4119">
    <p class='ocr_par' dir='ltr' id='par_1_87' title="bbox 2179 4043 3778 4119">
     <span class='ocr_line' id='line_1_87' title="bbox 2179 4043 3778 4119; baseline 0.003 -21"><span class='ocrx_word' id='word_1_633' title='bbox 2179 4047 2287 4098; x_wconf 88' lang='grc' dir='ltr'><strong>τῶν</strong></span> <span class='ocrx_word' id='word_1_634' title='bbox 2312 4045 2533 4113; x_wconf 87' lang='grc' dir='ltr'>ἀγαθῶν</span> <span class='ocrx_word' id='word_1_635' title='bbox 2562 4045 2784 4099; x_wconf 88' lang='grc' dir='ltr'>ἐκείνων</span> <span class='ocrx_word' id='word_1_636' title='bbox 2823 4048 3006 4116; x_wconf 81' lang='grc' dir='ltr'>τυχεῖν</span> <span class='ocrx_word' id='word_1_637' title='bbox 3039 4047 3171 4117; x_wconf 83' lang='grc' dir='ltr'>ἡμῖν</span> <span class='ocrx_word' id='word_1_638' title='bbox 3206 4047 3566 4119; x_wconf 84' lang='grc' dir='ltr'>περιγένοιτο,</span> <span class='ocrx_word' id='word_1_639' title='bbox 3602 4043 3680 4104; x_wconf 80' lang='grc' dir='ltr'>ὧν</span> <span class='ocrx_word' id='word_1_640' title='bbox 3712 4053 3778 4105; x_wconf 86' lang='grc' dir='ltr'><strong>ἐν</strong></span> 
     </span>
    </p>
   </div>
   <div class='ocr_carea' id='block_1_88' title="bbox 2180 4131 3778 4212">
    <p class='ocr_par' dir='ltr' id='par_1_88' title="bbox 2180 4131 3778 4212">
     <span class='ocr_line' id='line_1_88' title="bbox 2180 4131 3778 4212; baseline 0.004 -23"><span class='ocrx_word' id='word_1_641' title='bbox 2180 4138 2290 4199; x_wconf 87' lang='grc' dir='ltr'>τοῖς</span> <span class='ocrx_word' id='word_1_642' title='bbox 2330 4135 2443 4190; x_wconf 82' lang='grc' dir='ltr'>ἄνω</span> <span class='ocrx_word' id='word_1_643' title='bbox 2474 4135 2654 4205; x_wconf 87' lang='grc' dir='ltr'>λόγοις</span> <span class='ocrx_word' id='word_1_644' title='bbox 2682 4136 2832 4190; x_wconf 80' lang='grc' dir='ltr'>οὐδὲν</span> <span class='ocrx_word' id='word_1_645' title='bbox 2857 4131 2995 4190; x_wconf 82' lang='grc' dir='ltr'>εἶναι</span> <span class='ocrx_word' id='word_1_646' title='bbox 3045 4137 3397 4209; x_wconf 84' lang='grc' dir='ltr'>παράδειγμα</span> <span class='ocrx_word' id='word_1_647' title='bbox 3418 4138 3527 4192; x_wconf 90' lang='grc' dir='ltr'><strong>τῶν</strong></span> <span class='ocrx_word' id='word_1_648' title='bbox 3555 4140 3653 4192; x_wconf 84' lang='grc' dir='ltr'><strong>ἀνθ</strong></span> <span class='ocrx_word' id='word_1_649' title='bbox 3664 4159 3778 4212; x_wconf 89' lang='grc' dir='ltr'><strong>ρω-</strong></span> 
     </span>
    </p>
   </div>
   <div class='ocr_carea' id='block_1_89' title="bbox 2181 4225 3782 4303">
    <p class='ocr_par' dir='ltr' id='par_1_89' title="bbox 2181 4225 3782 4303">
     <span class='ocr_line' id='line_1_89' title="bbox 2181 4225 3782 4303; baseline 0.005 -23"><span class='ocrx_word' id='word_1_650' title='bbox 2181 4227 2353 4281; x_wconf 84' lang='grc' dir='ltr'>πίνων</span> <span class='ocrx_word' id='word_1_651' title='bbox 2392 4228 2669 4298; x_wconf 86' lang='grc' dir='ltr'>ἐλέγομεν.</span> <span class='ocrx_word' id='word_1_652' title='bbox 2702 4229 2777 4281; x_wconf 87' lang='grc' dir='ltr'><strong>Ού</strong></span> <span class='ocrx_word' id='word_1_653' title='bbox 2809 4229 2872 4300; x_wconf 85' lang='grc' dir='ltr'>δὴ</span> <span class='ocrx_word' id='word_1_654' title='bbox 2919 4225 3014 4283; x_wconf 81' lang='grc' dir='ltr'><strong>οῦν</strong></span> <span class='ocrx_word' id='word_1_655' title='bbox 3055 4230 3398 4302; x_wconf 78' lang='grc' dir='ltr'>ῥαθυμητέον</span> <span class='ocrx_word' id='word_1_656' title='bbox 3436 4234 3601 4303; x_wconf 79' lang='grc' dir='ltr'>ἡμῖν,</span> <span class='ocrx_word' id='word_1_657' title='bbox 3642 4236 3782 4288; x_wconf 77' lang='grc' dir='ltr'>οὐδὲ</span> 
     </span>
    </p>
   </div>
   <div class='ocr_carea' id='block_1_90' title="bbox 2180 4319 3785 4393">
    <p class='ocr_par' dir='ltr' id='par_1_90' title="bbox 2180 4319 3785 4393">
     <span class='ocr_line' id='line_1_90' title="bbox 2180 4319 3785 4393; baseline 0.006 -21"><span class='ocrx_word' id='word_1_658' title='bbox 2180 4319 2280 4390; x_wconf 83' lang='grc' dir='ltr'>τῆς</span> <span class='ocrx_word' id='word_1_659' title='bbox 2330 4321 2388 4373; x_wconf 88' lang='grc' dir='ltr'><strong>ἐν</strong></span> <span class='ocrx_word' id='word_1_660' title='bbox 2420 4320 2612 4391; x_wconf 88' lang='grc' dir='ltr'>βραχεί</span> <span class='ocrx_word' id='word_1_661' title='bbox 2646 4321 2930 4392; x_wconf 74' lang='grc' dir='ltr'>ῥᾳστώνης</span> <span class='ocrx_word' id='word_1_662' title='bbox 2977 4324 3218 4393; x_wconf 85' lang='grc' dir='ltr'>μεγάλας</span> <span class='ocrx_word' id='word_1_663' title='bbox 3250 4323 3471 4388; x_wconf 83' lang='grc' dir='ltr'>ἐλπίδας</span> <span class='ocrx_word' id='word_1_664' title='bbox 3502 4326 3785 4380; x_wconf 82' lang='grc' dir='ltr'>ἀνταλλα-</span> 
     </span>
    </p>
   </div>
   <div class='ocr_carea' id='block_1_91' title="bbox 499 4403 2081 4491">
    <p class='ocr_par' dir='ltr' id='par_1_91' title="bbox 499 4411 2074 4480">
     <span class='ocr_line' id='line_1_91' title="bbox 499 4411 2074 4480; baseline -0.003 -12"><span class='ocrx_word' id='word_1_665' title='bbox 499 4415 649 4469; x_wconf 89' lang='lat' dir='ltr'><strong>riose</strong></span> <span class='ocrx_word' id='word_1_666' title='bbox 673 4412 968 4468; x_wconf 84' lang='lat' dir='ltr'><strong>vivendum</strong></span> <span class='ocrx_word' id='word_1_667' title='bbox 1001 4412 1163 4468; x_wconf 91' lang='lat' dir='ltr'><strong>nobis</strong></span> <span class='ocrx_word' id='word_1_668' title='bbox 1214 4421 1318 4474; x_wconf 90' lang='lat' dir='ltr'><strong>est,</strong></span> <span class='ocrx_word' id='word_1_669' title='bbox 1357 4427 1534 4480; x_wconf 90' lang='lat' dir='ltr'><strong>neque</strong></span> <span class='ocrx_word' id='word_1_670' title='bbox 1571 4426 1696 4480; x_wconf 90' lang='lat' dir='ltr'><strong>spes</strong></span> <span class='ocrx_word' id='word_1_671' title='bbox 1725 4426 1935 4480; x_wconf 64' lang='lat' dir='ltr'><strong>magna:</strong></span> <span class='ocrx_word' id='word_1_672' title='bbox 1961 4411 2074 4464; x_wconf 92' lang='lat' dir='ltr'><strong>otio</strong></span> 
     </span>
    </p>
   </div>
   <div class='ocr_carea' id='block_1_92' title="bbox 2187 4403 3790 4491">
    <p class='ocr_par' dir='ltr' id='par_1_92' title="bbox 2187 4412 3790 4491">
     <span class='ocr_line' id='line_1_92' title="bbox 2187 4412 3790 4491; baseline 0.005 -27"><span class='ocrx_word' id='word_1_673' title='bbox 2187 4413 2354 4475; x_wconf 79' lang='grc' dir='ltr'>κτέον,</span> <span class='ocrx_word' id='word_1_674' title='bbox 2387 4413 2544 4483; x_wconf 78' lang='grc' dir='ltr'>εἴπερ</span> <span class='ocrx_word' id='word_1_675' title='bbox 2579 4412 2652 4483; x_wconf 85' lang='grc' dir='ltr'>μὴ</span> <span class='ocrx_word' id='word_1_676' title='bbox 2687 4413 2971 4484; x_wconf 82' lang='grc' dir='ltr'>μέλλοιμεν</span> <span class='ocrx_word' id='word_1_677' title='bbox 3015 4415 3188 4485; x_wconf 84' lang='grc' dir='ltr'>ὀνείδη</span> <span class='ocrx_word' id='word_1_678' title='bbox 3217 4433 3274 4468; x_wconf 89' lang='grc' dir='ltr'><strong>τε</strong></span> <span class='ocrx_word' id='word_1_679' title='bbox 3308 4416 3448 4482; x_wconf 73' lang='grc' dir='ltr'>ἕξειν</span> <span class='ocrx_word' id='word_1_680' title='bbox 3480 4420 3575 4471; x_wconf 78' lang='grc' dir='ltr'>καὶ</span> <span class='ocrx_word' id='word_1_681' title='bbox 3597 4437 3790 4491; x_wconf 75' lang='grc' dir='ltr'>τιμω-</span> 
     </span>
    </p>
   </div>
   <div class='ocr_carea' id='block_1_93' title="bbox 501 4503 2074 4573">
    <p class='ocr_par' dir='ltr' id='par_1_93' title="bbox 501 4503 2074 4573">
     <span class='ocr_line' id='line_1_93' title="bbox 501 4503 2074 4573; baseline -0.003 -10"><span class='ocrx_word' id='word_1_682' title='bbox 501 4509 654 4563; x_wconf 85' lang='lat' dir='ltr'><strong>brevi</strong></span> <span class='ocrx_word' id='word_1_683' title='bbox 677 4506 1098 4570; x_wconf 58' lang='lat' dir='ltr'><strong>commutanda,</strong></span> <span class='ocrx_word' id='word_1_684' title='bbox 1143 4505 1248 4559; x_wconf 89' lang='lat' dir='ltr'><strong>nisi</strong></span> <span class='ocrx_word' id='word_1_685' title='bbox 1277 4505 1508 4559; x_wconf 79' lang='lat' dir='ltr'><strong>velimus</strong></span> <span class='ocrx_word' id='word_1_686' title='bbox 1539 4504 1748 4573; x_wconf 87' lang='lat' dir='ltr'><strong>probra</strong></span> <span class='ocrx_word' id='word_1_687' title='bbox 1779 4503 2074 4566; x_wconf 87' lang='lat' dir='ltr'><strong>sustinere,</strong></span> 
     </span>
    </p>
   </div>
   <div class='ocr_carea' id='block_1_94' title="bbox 501 4593 2078 4670">
    <p class='ocr_par' dir='ltr' id='par_1_94' title="bbox 501 4593 2078 4670">
     <span class='ocr_line' id='line_1_94' title="bbox 501 4593 2078 4670; baseline -0.004 -16"><span class='ocrx_word' id='word_1_688' title='bbox 501 4613 803 4670; x_wconf 72' lang='lat' dir='ltr'><strong>pmnasque</strong></span> <span class='ocrx_word' id='word_1_689' title='bbox 851 4598 1057 4661; x_wconf 91' lang='lat' dir='ltr'><strong>subire,</strong></span> <span class='ocrx_word' id='word_1_690' title='bbox 1101 4611 1208 4650; x_wconf 90' lang='lat' dir='ltr'><strong>non</strong></span> <span class='ocrx_word' id='word_1_691' title='bbox 1259 4595 1348 4649; x_wconf 91' lang='lat' dir='ltr'><strong>hic</strong></span> <span class='ocrx_word' id='word_1_692' title='bbox 1389 4594 1610 4663; x_wconf 88' lang='lat' dir='ltr'><strong>quidem</strong></span> <span class='ocrx_word' id='word_1_693' title='bbox 1655 4593 1799 4662; x_wconf 89' lang='lat' dir='ltr'><strong>apud</strong></span> <span class='ocrx_word' id='word_1_694' title='bbox 1829 4593 2078 4648; x_wconf 87' lang='lat' dir='ltr'><strong>homines</strong></span> 
     </span>
    </p>
   </div>
   <div class='ocr_carea' id='block_1_95' title="bbox 501 4684 2079 4760">
    <p class='ocr_par' dir='ltr' id='par_1_95' title="bbox 501 4684 2079 4760">
     <span class='ocr_line' id='line_1_95' title="bbox 501 4684 2079 4760; baseline -0.003 -17"><span class='ocrx_word' id='word_1_695' title='bbox 501 4693 838 4760; x_wconf 88' lang='lat' dir='ltr'><strong>(quanquam</strong></span> <span class='ocrx_word' id='word_1_696' title='bbox 867 4695 922 4741; x_wconf 89' lang='lat' dir='ltr'><strong>et</strong></span> <span class='ocrx_word' id='word_1_697' title='bbox 949 4689 1052 4741; x_wconf 90' lang='lat' dir='ltr'><strong>hoc</strong></span> <span class='ocrx_word' id='word_1_698' title='bbox 1079 4700 1306 4755; x_wconf 88' lang='lat' dir='ltr'><strong>parvum</strong></span> <span class='ocrx_word' id='word_1_699' title='bbox 1336 4699 1446 4738; x_wconf 92' lang='lat' dir='ltr'><strong>non</strong></span> <span class='ocrx_word' id='word_1_700' title='bbox 1471 4693 1558 4738; x_wconf 88' lang='lat' dir='ltr'><strong>est</strong></span> <span class='ocrx_word' id='word_1_701' title='bbox 1595 4685 1788 4739; x_wconf 81' lang='lat' dir='ltr'><strong>saltem</strong></span> <span class='ocrx_word' id='word_1_702' title='bbox 1822 4684 2079 4754; x_wconf 89' lang='lat' dir='ltr'><strong>prudenti</strong></span> 
     </span>
    </p>
   </div>
   <div class='ocr_carea' id='block_1_96' title="bbox 500 4777 2079 4850">
    <p class='ocr_par' dir='ltr' id='par_1_96' title="bbox 500 4777 2079 4850">
     <span class='ocr_line' id='line_1_96' title="bbox 500 4777 2079 4850; baseline -0.006 -12"><span class='ocrx_word' id='word_1_703' title='bbox 500 4799 565 4838; x_wconf 89' lang='lat' dir='ltr'><strong>ac</strong></span> <span class='ocrx_word' id='word_1_704' title='bbox 609 4781 879 4850; x_wconf 90' lang='lat' dir='ltr'><strong>cordato),</strong></span> <span class='ocrx_word' id='word_1_705' title='bbox 910 4779 1007 4834; x_wconf 90' lang='lat' dir='ltr'><strong>sed</strong></span> <span class='ocrx_word' id='word_1_706' title='bbox 1059 4779 1116 4832; x_wconf 91' lang='lat' dir='ltr'><strong>in</strong></span> <span class='ocrx_word' id='word_1_707' title='bbox 1161 4777 1354 4847; x_wconf 89' lang='lat' dir='ltr'><strong>judicii</strong></span> <span class='ocrx_word' id='word_1_708' title='bbox 1403 4777 1574 4841; x_wconf 89' lang='lat' dir='ltr'><strong>locis,</strong></span> <span class='ocrx_word' id='word_1_709' title='bbox 1609 4777 1725 4832; x_wconf 91' lang='lat' dir='ltr'><strong>sive</strong></span> <span class='ocrx_word' id='word_1_710' title='bbox 1757 4777 1862 4831; x_wconf 92' lang='lat' dir='ltr'><strong>sub</strong></span> <span class='ocrx_word' id='word_1_711' title='bbox 1910 4787 2079 4841; x_wconf 89' lang='lat' dir='ltr'><strong>terra,</strong></span> 
     </span>
    </p>
   </div>
   <div class='ocr_carea' id='block_1_97' title="bbox 501 4869 2077 4930">
    <p class='ocr_par' dir='ltr' id='par_1_97' title="bbox 501 4869 2077 4930">
     <span class='ocr_line' id='line_1_97' title="bbox 501 4869 2077 4930; baseline -0.004 0"><span class='ocrx_word' id='word_1_712' title='bbox 501 4877 616 4930; x_wconf 89' lang='lat' dir='ltr'><strong>sive</strong></span> <span class='ocrx_word' id='word_1_713' title='bbox 640 4875 818 4929; x_wconf 89' lang='lat' dir='ltr'><strong>ubivis</strong></span> <span class='ocrx_word' id='word_1_714' title='bbox 845 4872 1142 4928; x_wconf 89' lang='lat' dir='ltr'><strong>constituta</strong></span> <span class='ocrx_word' id='word_1_715' title='bbox 1173 4871 1303 4925; x_wconf 87' lang='lat' dir='ltr'><strong>sint.</strong></span> <span class='ocrx_word' id='word_1_716' title='bbox 1341 4869 1632 4923; x_wconf 85' lang='lat' dir='ltr'><strong>Enimvero</strong></span> <span class='ocrx_word' id='word_1_717' title='bbox 1661 4884 1691 4923; x_wconf 90' lang='lat' dir='ltr'><strong>a</strong></span> <span class='ocrx_word' id='word_1_718' title='bbox 1728 4878 1880 4924; x_wconf 89' lang='lat' dir='ltr'><strong>recto</strong></span> <span class='ocrx_word' id='word_1_719' title='bbox 1913 4870 2077 4924; x_wconf 90' lang='lat' dir='ltr'><strong>deco-</strong></span> 
     </span>
    </p>
   </div>
   <div class='ocr_carea' id='block_1_98' title="bbox 499 4963 2076 5039">
    <p class='ocr_par' dir='ltr' id='par_1_98' title="bbox 499 4963 2076 5039">
     <span class='ocr_line' id='line_1_98' title="bbox 499 4963 2076 5039; baseline -0.003 -17"><span class='ocrx_word' id='word_1_720' title='bbox 499 4985 671 5039; x_wconf 91' lang='lat' dir='ltr'><strong>roque</strong></span> <span class='ocrx_word' id='word_1_721' title='bbox 707 4976 904 5039; x_wconf 67' lang='lat' dir='ltr'><strong>praeter</strong></span> <span class='ocrx_word' id='word_1_722' title='bbox 934 4965 1103 5019; x_wconf 90' lang='lat' dir='ltr'><strong>animi</strong></span> <span class='ocrx_word' id='word_1_723' title='bbox 1126 4963 1449 5020; x_wconf 88' lang='lat' dir='ltr'><strong>sententiam</strong></span> <span class='ocrx_word' id='word_1_724' title='bbox 1472 4964 1566 5032; x_wconf 91' lang='lat' dir='ltr'><strong>qui</strong></span> <span class='ocrx_word' id='word_1_725' title='bbox 1603 4963 1902 5024; x_wconf 87' lang='lat' dir='ltr'><strong>aberrarit,</strong></span> <span class='ocrx_word' id='word_1_726' title='bbox 1937 4963 2076 5018; x_wconf 82' lang='lat' dir='ltr'><strong>forte</strong></span> 
     </span>
    </p>
   </div>
   <div class='ocr_carea' id='block_1_99' title="bbox 499 5053 2076 5129">
    <p class='ocr_par' dir='ltr' id='par_1_99' title="bbox 499 5053 2076 5129">
     <span class='ocr_line' id='line_1_99' title="bbox 499 5053 2076 5129; baseline -0.001 -17"><span class='ocrx_word' id='word_1_727' title='bbox 499 5061 711 5115; x_wconf 90' lang='lat' dir='ltr'><strong>veniam</strong></span> <span class='ocrx_word' id='word_1_728' title='bbox 741 5061 980 5129; x_wconf 88' lang='lat' dir='ltr'><strong>aliquam</strong></span> <span class='ocrx_word' id='word_1_729' title='bbox 1018 5055 1284 5111; x_wconf 89' lang='lat' dir='ltr'><strong>obtinebit</strong></span> <span class='ocrx_word' id='word_1_730' title='bbox 1330 5069 1360 5107; x_wconf 91' lang='lat' dir='ltr'><strong>a</strong></span> <span class='ocrx_word' id='word_1_731' title='bbox 1406 5053 1516 5108; x_wconf 87' lang='lat' dir='ltr'><strong>Deo</strong></span> <span class='ocrx_word' id='word_1_732' title='bbox 1545 5057 1677 5124; x_wconf 88' lang='lat' dir='ltr'><strong>:qui</strong></span> <span class='ocrx_word' id='word_1_733' title='bbox 1727 5071 1856 5110; x_wconf 90' lang='lat' dir='ltr'><strong>vero</strong></span> <span class='ocrx_word' id='word_1_734' title='bbox 1911 5055 2076 5110; x_wconf 82' lang='lat' dir='ltr'><strong>fuerit</strong></span> 
     </span>
    </p>
   </div>
   <div class='ocr_carea' id='block_1_100' title="bbox 499 5145 2072 5217">
    <p class='ocr_par' dir='ltr' id='par_1_100' title="bbox 499 5145 2072 5217">
     <span class='ocr_line' id='line_1_100' title="bbox 499 5145 2072 5217; baseline -0.003 -11"><span class='ocrx_word' id='word_1_735' title='bbox 499 5152 752 5208; x_wconf 87' lang='lat' dir='ltr'><strong>consulto</strong></span> <span class='ocrx_word' id='word_1_736' title='bbox 806 5151 947 5205; x_wconf 84' lang='lat' dir='ltr'><strong>mala</strong></span> <span class='ocrx_word' id='word_1_737' title='bbox 980 5149 1283 5217; x_wconf 74' lang='lat' dir='ltr'><strong>amplexus,</strong></span> <span class='ocrx_word' id='word_1_738' title='bbox 1333 5145 1752 5216; x_wconf 89' lang='lat' dir='ltr'><strong>implacabiliter</strong></span> <span class='ocrx_word' id='word_1_739' title='bbox 1796 5147 2072 5216; x_wconf 90' lang='lat' dir='ltr'><strong>supplicia</strong></span> 
     </span>
    </p>
   </div>
   <div class='ocr_carea' id='block_1_101' title="bbox 569 5281 2070 5355">
    <p class='ocr_par' dir='ltr' id='par_1_101' title="bbox 569 5281 2070 5355">
     <span class='ocr_line' id='line_1_101' title="bbox 569 5281 2070 5355; baseline -0.001 -17"><span class='ocrx_word' id='word_1_740' title='bbox 569 5284 682 5355; x_wconf 86' lang='lat'><strong>(60)</strong></span> <span class='ocrx_word' id='word_1_741' title='bbox 705 5282 1067 5355; x_wconf 84' lang='lat' dir='ltr'><strong>Combelisius</strong></span> <span class='ocrx_word' id='word_1_742' title='bbox 1088 5282 1302 5355; x_wconf 87' lang='lat' dir='ltr'><strong>dubitat</strong></span> <span class='ocrx_word' id='word_1_743' title='bbox 1319 5290 1499 5335; x_wconf 91' lang='lat' dir='ltr'><strong>utrum</strong></span> <span class='ocrx_word' id='word_1_744' title='bbox 1525 5281 1794 5355; x_wconf 84' lang='lat' dir='ltr'><strong>legendun</strong></span> <span class='ocrx_word' id='word_1_745' title='bbox 1807 5282 1892 5355; x_wconf 91' lang='lat' dir='ltr'><strong>_sit</strong></span> <span class='ocrx_word' id='word_1_746' title='bbox 1910 5283 2070 5353; x_wconf 81' lang='grc' dir='ltr'>ταχύ,</span> 
     </span>
    </p>
   </div>
   <div class='ocr_carea' id='block_1_102' title="bbox 500 5352 2071 5424">
    <p class='ocr_par' dir='ltr' id='par_1_102' title="bbox 500 5352 2071 5424">
     <span class='ocr_line' id='line_1_102' title="bbox 500 5352 2071 5424; baseline -0.002 -15"><span class='ocrx_word' id='word_1_747' title='bbox 500 5372 566 5409; x_wconf 88' lang='lat' dir='ltr'><strong>an</strong></span> <span class='ocrx_word' id='word_1_748' title='bbox 583 5352 770 5424; x_wconf 75' lang='grc' dir='ltr'>’τάχαε</span> <span class='ocrx_word' id='word_1_749' title='bbox 815 5353 912 5407; x_wconf 90' lang='lat' dir='ltr'><strong>sed</strong></span> <span class='ocrx_word' id='word_1_750' title='bbox 945 5355 992 5407; x_wconf 93' lang='lat' dir='ltr'><strong>si</strong></span> <span class='ocrx_word' id='word_1_751' title='bbox 1033 5353 1298 5408; x_wconf 87' lang='lat' dir='ltr'><strong>habeatur</strong></span> <span class='ocrx_word' id='word_1_752' title='bbox 1329 5355 1471 5406; x_wconf 88' lang='lat' dir='ltr'><strong>ratio</strong></span> <span class='ocrx_word' id='word_1_753' title='bbox 1494 5361 1757 5424; x_wconf 25' lang='lat' dir='ltr'><strong>veterum‘</strong></span> <span class='ocrx_word' id='word_1_754' title='bbox 1784 5352 2071 5417; x_wconf 83' lang='lat' dir='ltr'><strong>libroruin,</strong></span> 
     </span>
    </p>
   </div>
   <div class='ocr_carea' id='block_1_103' title="bbox 497 5421 2075 5494">
    <p class='ocr_par' dir='ltr' id='par_1_103' title="bbox 497 5421 2075 5494">
     <span class='ocr_line' id='line_1_103' title="bbox 497 5421 2075 5494; baseline -0.001 -16"><span class='ocrx_word' id='word_1_755' title='bbox 497 5421 724 5479; x_wconf 83' lang='lat' dir='ltr'><strong>dubium</strong></span> <span class='ocrx_word' id='word_1_756' title='bbox 760 5437 872 5494; x_wconf 85' lang='lat' dir='ltr'><strong>non</strong></span> <span class='ocrx_word' id='word_1_757' title='bbox 904 5431 992 5494; x_wconf 86' lang='lat' dir='ltr'><strong>est</strong></span> <span class='ocrx_word' id='word_1_758' title='bbox 1013 5424 1143 5492; x_wconf 88' lang='lat' dir='ltr'><strong>quin</strong></span> <span class='ocrx_word' id='word_1_759' title='bbox 1189 5424 1586 5494; x_wconf 35' lang='lat' dir='ltr'><strong>legiuoporteat</strong></span> <span class='ocrx_word' id='word_1_760' title='bbox 1623 5421 1784 5492; x_wconf 86' lang='grc' dir='ltr'>ταχύ,</span> <span class='ocrx_word' id='word_1_761' title='bbox 1829 5437 1953 5494; x_wconf 86' lang='lat' dir='ltr'><strong>cum</strong></span> <span class='ocrx_word' id='word_1_762' title='bbox 1998 5424 2075 5478; x_wconf 85' lang='lat' dir='ltr'><strong>ita</strong></span> 
     </span>
    </p>
   </div>
   <div class='ocr_carea' id='block_1_104' title="bbox 500 5491 2074 5563">
    <p class='ocr_par' dir='ltr' id='par_1_104' title="bbox 500 5491 2074 5563">
     <span class='ocr_line' id='line_1_104' title="bbox 500 5491 2074 5563; baseline -0.001 -13"><span class='ocrx_word' id='word_1_763' title='bbox 500 5495 764 5563; x_wconf 90' lang='lat' dir='ltr'><strong>scriptum</strong></span> <span class='ocrx_word' id='word_1_764' title='bbox 801 5493 874 5547; x_wconf 90' lang='lat' dir='ltr'><strong>sit</strong></span> <span class='ocrx_word' id='word_1_765' title='bbox 901 5493 957 5547; x_wconf 92' lang='lat' dir='ltr'><strong>in</strong></span> <span class='ocrx_word' id='word_1_766' title='bbox 984 5491 1264 5548; x_wconf 57' lang='lat' dir='ltr'><strong>omnibus:</strong></span> <span class='ocrx_word' id='word_1_767' title='bbox 1295 5491 1488 5548; x_wconf 79' lang='lat' dir='ltr'><strong>Notam</strong></span> <span class='ocrx_word' id='word_1_768' title='bbox 1531 5493 1978 5562; x_wconf 84' lang='lat' dir='ltr'><strong>interrogationis</strong></span> <span class='ocrx_word' id='word_1_769' title='bbox 2006 5509 2074 5548; x_wconf 80' lang='lat' dir='ltr'><strong>ex</strong></span> 
     </span>
    </p>
   </div>
   <div class='ocr_carea' id='block_1_105' title="bbox 499 5560 2087 5634">
    <p class='ocr_par' dir='ltr' id='par_1_105' title="bbox 499 5560 2087 5634">
     <span class='ocr_line' id='line_1_105' title="bbox 499 5560 2087 5634; baseline -0.002 -16"><span class='ocrx_word' id='word_1_770' title='bbox 499 5560 749 5634; x_wconf 73' lang='lat' dir='ltr'><strong>editione</strong></span> <span class='ocrx_word' id='word_1_771' title='bbox 776 5563 1077 5634; x_wconf 80' lang='lat' dir='ltr'><strong>Basileensi</strong></span> <span class='ocrx_word' id='word_1_772' title='bbox 1121 5565 1477 5632; x_wconf 89' lang='lat' dir='ltr'><strong>apposuimus</strong></span> <span class='ocrx_word' id='word_1_773' title='bbox 1517 5572 1640 5632; x_wconf 88' lang='lat' dir='ltr'><strong>post</strong></span> <span class='ocrx_word' id='word_1_774' title='bbox 1674 5560 1862 5617; x_wconf 77' lang='lat' dir='ltr'><strong>vocem</strong></span> <span class='ocrx_word' id='word_1_775' title='bbox 1893 5560 2087 5634; x_wconf 89' lang='grc' dir='ltr'>σῶμα.’</span> 
     </span>
    </p>
   </div>
   <div class='ocr_carea' id='block_1_106' title="bbox 573 5632 2077 5704">
    <p class='ocr_par' dir='ltr' id='par_1_106' title="bbox 573 5632 2077 5704">
     <span class='ocr_line' id='line_1_106' title="bbox 573 5632 2077 5704; baseline 0.002 -20"><span class='ocrx_word' id='word_1_776' title='bbox 573 5633 688 5704; x_wconf 79' lang='grc'>(61)</span> <span class='ocrx_word' id='word_1_777' title='bbox 714 5632 867 5704; x_wconf 67' lang='grc' dir='ltr'>βου).</span> <span class='ocrx_word' id='word_1_778' title='bbox 911 5634 1103 5704; x_wconf 86' lang='lat' dir='ltr'><strong>tertius</strong></span> <span class='ocrx_word' id='word_1_779' title='bbox 1132 5635 1227 5686; x_wconf 78' lang='grc' dir='ltr'><strong>καὶ</strong></span> <span class='ocrx_word' id='word_1_780' title='bbox 1256 5634 1633 5703; x_wconf 82' lang='grc' dir='ltr'>ἐκμαλάττειν.</span> <span class='ocrx_word' id='word_1_781' title='bbox 1665 5634 1788 5686; x_wconf 78' lang='lat' dir='ltr'><strong>Mox</strong></span> <span class='ocrx_word' id='word_1_782' title='bbox 1817 5634 1957 5687; x_wconf 88' lang='lat' dir='ltr'><strong>idem</strong></span> <span class='ocrx_word' id='word_1_783' title='bbox 1978 5632 2077 5687; x_wconf 81' lang='lat' dir='ltr'><strong>co-</strong></span> 
     </span>
    </p>
   </div>
   <div class='ocr_carea' id='block_1_107' title="bbox 500 5703 2073 5775">
    <p class='ocr_par' dir='ltr' id='par_1_107' title="bbox 500 5703 2073 5775">
     <span class='ocr_line' id='line_1_107' title="bbox 500 5703 2073 5775; baseline -0.001 -15"><span class='ocrx_word' id='word_1_784' title='bbox 500 5704 603 5760; x_wconf 69' lang='lat' dir='ltr'><strong>de:</strong></span> <span class='ocrx_word' id='word_1_785' title='bbox 632 5703 815 5757; x_wconf 74' lang='grc' dir='ltr'>Ταῦτά</span> <span class='ocrx_word' id='word_1_786' title='bbox 845 5719 924 5754; x_wconf 89' lang='grc' dir='ltr'><strong>τοι</strong></span> <span class='ocrx_word' id='word_1_787' title='bbox 943 5703 1036 5756; x_wconf 70' lang='grc' dir='ltr'><strong>καὶ</strong></span> <span class='ocrx_word' id='word_1_788' title='bbox 1057 5703 1116 5755; x_wconf 89' lang='grc' dir='ltr'>τὸ</span> <span class='ocrx_word' id='word_1_789' title='bbox 1149 5704 1439 5770; x_wconf 82' lang='grc' dir='ltr'>ἐναγώνιον</span> <span class='ocrx_word' id='word_1_790' title='bbox 1478 5705 1828 5775; x_wconf 80' lang='grc' dir='ltr'>Ἀλεξάνδρῳ.</span> <span class='ocrx_word' id='word_1_791' title='bbox 1854 5705 1921 5758; x_wconf 85' lang='grc' dir='ltr'>Αι</span> <span class='ocrx_word' id='word_1_792' title='bbox 1944 5704 2073 5760; x_wconf 83' lang='lat' dir='ltr'><strong>editi</strong></span> 
     </span>
    </p>
   </div>
   <div class='ocr_carea' id='block_1_108' title="bbox 2182 4502 3785 4581">
    <p class='ocr_par' dir='ltr' id='par_1_108' title="bbox 2182 4502 3785 4581">
     <span class='ocr_line' id='line_1_108' title="bbox 2182 4502 3785 4581; baseline 0.008 -27"><span class='ocrx_word' id='word_1_793' title='bbox 2182 4502 2303 4573; x_wconf 87' lang='grc' dir='ltr'>ρίας</span> <span class='ocrx_word' id='word_1_794' title='bbox 2327 4502 2566 4572; x_wconf 86' lang='grc' dir='ltr'>ὑφέξειν,</span> <span class='ocrx_word' id='word_1_795' title='bbox 2593 4502 2710 4556; x_wconf 79' lang='grc' dir='ltr'>οῦτι</span> <span class='ocrx_word' id='word_1_796' title='bbox 2747 4505 2896 4574; x_wconf 85' lang='grc' dir='ltr'>παρὰ</span> <span class='ocrx_word' id='word_1_797' title='bbox 2920 4507 3033 4568; x_wconf 86' lang='grc' dir='ltr'>τοῖς</span> <span class='ocrx_word' id='word_1_798' title='bbox 3066 4507 3373 4578; x_wconf 84' lang='grc' dir='ltr'>ἀνθρώποις</span> <span class='ocrx_word' id='word_1_799' title='bbox 3401 4509 3590 4563; x_wconf 83' lang='grc' dir='ltr'>ἐνθάδε</span> <span class='ocrx_word' id='word_1_800' title='bbox 3625 4513 3785 4581; x_wconf 77' lang='grc' dir='ltr'>(καίο</span> 
     </span>
    </p>
   </div>
   <div class='ocr_carea' id='block_1_109' title="bbox 2178 4595 3788 4673">
    <p class='ocr_par' dir='ltr' id='par_1_109' title="bbox 2178 4595 3788 4673">
     <span class='ocr_line' id='line_1_109' title="bbox 2178 4595 3788 4673; baseline 0.008 -27"><span class='ocrx_word' id='word_1_801' title='bbox 2178 4611 2260 4647; x_wconf 91' lang='grc' dir='ltr'><strong>τοι</strong></span> <span class='ocrx_word' id='word_1_802' title='bbox 2287 4595 2379 4649; x_wconf 78' lang='grc' dir='ltr'>καὶ</span> <span class='ocrx_word' id='word_1_803' title='bbox 2408 4596 2566 4649; x_wconf 92' lang='grc' dir='ltr'>τοῦτο</span> <span class='ocrx_word' id='word_1_804' title='bbox 2594 4597 2655 4650; x_wconf 86' lang='grc' dir='ltr'>οὑ</span> <span class='ocrx_word' id='word_1_805' title='bbox 2692 4598 2886 4670; x_wconf 82' lang='grc' dir='ltr'>μικρὸν</span> <span class='ocrx_word' id='word_1_806' title='bbox 2912 4598 2989 4669; x_wconf 84' lang='grc' dir='ltr'>τῷ</span> <span class='ocrx_word' id='word_1_807' title='bbox 3018 4615 3083 4667; x_wconf 89' lang='grc' dir='ltr'><strong>γε</strong></span> <span class='ocrx_word' id='word_1_808' title='bbox 3129 4603 3253 4654; x_wconf 86' lang='grc' dir='ltr'>νοῦν</span> <span class='ocrx_word' id='word_1_809' title='bbox 3294 4601 3515 4673; x_wconf 77' lang='grc' dir='ltr'>ἔχοντι),</span> <span class='ocrx_word' id='word_1_810' title='bbox 3560 4605 3681 4658; x_wconf 84' lang='grc' dir='ltr'>ἀλλ’</span> <span class='ocrx_word' id='word_1_811' title='bbox 3717 4608 3788 4659; x_wconf 81' lang='grc' dir='ltr'><strong>ἐν</strong></span> 
     </span>
    </p>
   </div>
   <div class='ocr_carea' id='block_1_110' title="bbox 2179 4689 3786 4768">
    <p class='ocr_par' dir='ltr' id='par_1_110' title="bbox 2179 4689 3786 4768">
     <span class='ocr_line' id='line_1_110' title="bbox 2179 4689 3786 4768; baseline 0.009 -27"><span class='ocrx_word' id='word_1_812' title='bbox 2179 4691 2314 4753; x_wconf 84' lang='grc' dir='ltr'>τοῖς,</span> <span class='ocrx_word' id='word_1_813' title='bbox 2342 4689 2451 4742; x_wconf 76' lang='grc' dir='ltr'>εἴτε</span> <span class='ocrx_word' id='word_1_814' title='bbox 2493 4690 2597 4744; x_wconf 82' lang='grc' dir='ltr'><strong>ὑπὸ</strong></span> <span class='ocrx_word' id='word_1_815' title='bbox 2624 4693 2748 4762; x_wconf 84' lang='grc' dir='ltr'>γῆν,</span> <span class='ocrx_word' id='word_1_816' title='bbox 2780 4694 2888 4746; x_wconf 81' lang='grc' dir='ltr'>εἴτε</span> <span class='ocrx_word' id='word_1_817' title='bbox 2912 4696 3006 4747; x_wconf 78' lang='grc' dir='ltr'>καὶ</span> <span class='ocrx_word' id='word_1_818' title='bbox 3034 4695 3167 4749; x_wconf 84' lang='grc' dir='ltr'>ὅπου</span> <span class='ocrx_word' id='word_1_819' title='bbox 3190 4697 3253 4768; x_wconf 87' lang='grc' dir='ltr'>δὴ</span> <span class='ocrx_word' id='word_1_820' title='bbox 3283 4697 3378 4750; x_wconf 89' lang='grc' dir='ltr'><strong>τοῦ</strong></span> <span class='ocrx_word' id='word_1_821' title='bbox 3412 4700 3617 4764; x_wconf 82' lang='grc' dir='ltr'>παντὸς</span> <span class='ocrx_word' id='word_1_822' title='bbox 3639 4703 3786 4756; x_wconf 74' lang='grc' dir='ltr'>ὂντα</span> 
     </span>
    </p>
   </div>
   <div class='ocr_carea' id='block_1_111' title="bbox 2181 4781 3790 4862">
    <p class='ocr_par' dir='ltr' id='par_1_111' title="bbox 2181 4781 3790 4862">
     <span class='ocr_line' id='line_1_111' title="bbox 2181 4781 3790 4862; baseline 0.01 -30"><span class='ocrx_word' id='word_1_823' title='bbox 2181 4781 2460 4850; x_wconf 86' lang='grc' dir='ltr'>τυγχάνει,</span> <span class='ocrx_word' id='word_1_824' title='bbox 2503 4782 2904 4857; x_wconf 81' lang='grc' dir='ltr'>δικαιωτηρίοις</span> <span class='ocrx_word' id='word_1_825' title='bbox 2941 4785 3076 4857; x_wconf 67' lang='grc'>(64).</span> <span class='ocrx_word' id='word_1_826' title='bbox 3121 4789 3209 4852; x_wconf 83' lang='grc' dir='ltr'>Ὧς</span> <span class='ocrx_word' id='word_1_827' title='bbox 3249 4789 3326 4860; x_wconf 83' lang='grc' dir='ltr'>τῷ</span> <span class='ocrx_word' id='word_1_828' title='bbox 3368 4793 3467 4862; x_wconf 82' lang='grc' dir='ltr'>μὲν</span> <span class='ocrx_word' id='word_1_829' title='bbox 3496 4793 3790 4859; x_wconf 82' lang='grc' dir='ltr'>ἀκουσίως</span> 
     </span>
    </p>
   </div>
   <div class='ocr_carea' id='block_1_112' title="bbox 2183 4872 3792 4954">
    <p class='ocr_par' dir='ltr' id='par_1_112' title="bbox 2183 4872 3792 4954">
     <span class='ocr_line' id='line_1_112' title="bbox 2183 4872 3792 4954; baseline 0.009 -30"><span class='ocrx_word' id='word_1_830' title='bbox 2183 4872 2276 4926; x_wconf 90' lang='grc' dir='ltr'><strong>τοῦ</strong></span> <span class='ocrx_word' id='word_1_831' title='bbox 2310 4876 2677 4945; x_wconf 85' lang='grc' dir='ltr'>προσήκοντος</span> <span class='ocrx_word' id='word_1_832' title='bbox 2706 4878 3004 4949; x_wconf 85' lang='grc' dir='ltr'>ἁμαρτόντι</span> <span class='ocrx_word' id='word_1_833' title='bbox 3045 4880 3150 4934; x_wconf 81' lang='grc' dir='ltr'>κᾶν</span> <span class='ocrx_word' id='word_1_834' title='bbox 3179 4883 3473 4954; x_wconf 83' lang='grc' dir='ltr'>συγγνώμη</span> <span class='ocrx_word' id='word_1_835' title='bbox 3511 4902 3599 4949; x_wconf 87' lang='grc' dir='ltr'><strong>τις</strong></span> <span class='ocrx_word' id='word_1_836' title='bbox 3640 4889 3792 4950; x_wconf 76' lang='grc' dir='ltr'>ἴσως</span> 
     </span>
    </p>
   </div>
   <div class='ocr_carea' id='block_1_113' title="bbox 2184 4966 3796 5050">
    <p class='ocr_par' dir='ltr' id='par_1_113' title="bbox 2184 4966 3796 5050">
     <span class='ocr_line' id='line_1_113' title="bbox 2184 4966 3796 5050; baseline 0.009 -34"><span class='ocrx_word' id='word_1_837' title='bbox 2184 4966 2335 5034; x_wconf 86' lang='grc' dir='ltr'><strong>παρά</strong></span> <span class='ocrx_word' id='word_1_838' title='bbox 2362 4966 2454 5019; x_wconf 90' lang='grc' dir='ltr'><strong>τοῦ</strong></span> <span class='ocrx_word' id='word_1_839' title='bbox 2489 4966 2623 5020; x_wconf 84' lang='grc' dir='ltr'>Θεοῦ</span> <span class='ocrx_word' id='word_1_840' title='bbox 2655 4968 2861 5037; x_wconf 84' lang='grc' dir='ltr'>γένοιτο</span> <span class='ocrx_word' id='word_1_841' title='bbox 2885 4987 2897 4999; x_wconf 92' lang='grc'><strong>·</strong></span> <span class='ocrx_word' id='word_1_842' title='bbox 2935 4971 3012 5040; x_wconf 79' lang='grc' dir='ltr'>τῷ</span> <span class='ocrx_word' id='word_1_843' title='bbox 3049 4973 3105 5025; x_wconf 80' lang='grc' dir='ltr'>δὲ</span> <span class='ocrx_word' id='word_1_844' title='bbox 3134 4972 3444 5043; x_wconf 73' lang='grc' dir='ltr'>ἐξεπίτηδες</span> <span class='ocrx_word' id='word_1_845' title='bbox 3489 4977 3557 5030; x_wconf 78' lang='grc' dir='ltr'>τὰ</span> <span class='ocrx_word' id='word_1_846' title='bbox 3603 4979 3796 5050; x_wconf 75' lang='grc' dir='ltr'>χείρω</span> 
     </span>
    </p>
   </div>
   <div class='ocr_carea' id='block_1_114' title="bbox 2182 5059 3791 5138">
    <p class='ocr_par' dir='ltr' id='par_1_114' title="bbox 2182 5059 3791 5138">
     <span class='ocr_line' id='line_1_114' title="bbox 2182 5059 3791 5138; baseline 0.009 -29"><span class='ocrx_word' id='word_1_847' title='bbox 2182 5059 2530 5130; x_wconf 83' lang='grc' dir='ltr'>προελομένῳ</span> <span class='ocrx_word' id='word_1_848' title='bbox 2568 5061 2791 5131; x_wconf 78' lang='grc' dir='ltr'>οὐδεμία</span> <span class='ocrx_word' id='word_1_849' title='bbox 2833 5065 3162 5136; x_wconf 82' lang='grc' dir='ltr'>παραίτησις</span> <span class='ocrx_word' id='word_1_850' title='bbox 3191 5067 3252 5120; x_wconf 79' lang='grc' dir='ltr'>τὸ</span> <span class='ocrx_word' id='word_1_851' title='bbox 3300 5069 3374 5138; x_wconf 78' lang='grc' dir='ltr'>μὴ</span> <span class='ocrx_word' id='word_1_852' title='bbox 3405 5068 3526 5138; x_wconf 74' lang='grc' dir='ltr'>οὐχὶ</span> <span class='ocrx_word' id='word_1_853' title='bbox 3566 5070 3791 5123; x_wconf 78' lang='grc' dir='ltr'>πολλα-</span> 
     </span>
    </p>
   </div>
   <div class='ocr_carea' id='block_1_115' title="bbox 2183 5147 3791 5233">
    <p class='ocr_par' dir='ltr' id='par_1_115' title="bbox 2183 5147 3791 5233">
     <span class='ocr_line' id='line_1_115' title="bbox 2183 5147 3791 5233; baseline 0.009 -34"><span class='ocrx_word' id='word_1_854' title='bbox 2183 5147 2394 5201; x_wconf 80' lang='grc' dir='ltr'>πλασίω</span> <span class='ocrx_word' id='word_1_855' title='bbox 2421 5149 2519 5218; x_wconf 84' lang='grc' dir='ltr'>τὴν</span> <span class='ocrx_word' id='word_1_856' title='bbox 2553 5150 2771 5204; x_wconf 88' lang='grc' dir='ltr'>κόλασιν</span> <span class='ocrx_word' id='word_1_857' title='bbox 2801 5152 3075 5224; x_wconf 83' lang='grc' dir='ltr'>ὑποσχεῖν.</span> <span class='ocrx_word' id='word_1_858' title='bbox 3109 5156 3172 5207; x_wconf 85' lang='grc' dir='ltr'>Τί</span> <span class='ocrx_word' id='word_1_859' title='bbox 3195 5151 3287 5208; x_wconf 75' lang='grc' dir='ltr'><strong>οὖν</strong></span> <span class='ocrx_word' id='word_1_860' title='bbox 3326 5157 3608 5228; x_wconf 79' lang='grc' dir='ltr'>ποιῶμενς</span> <span class='ocrx_word' id='word_1_861' title='bbox 3634 5161 3791 5233; x_wconf 72' lang='grc' dir='ltr'>φαίη</span> 
     </span>
    </p>
   </div>
   <div class='ocr_carea' id='block_1_116' title="bbox 2179 5285 3156 5349">
    <p class='ocr_par' dir='ltr' id='par_1_116' title="bbox 2179 5285 3156 5349">
     <span class='ocr_line' id='line_1_116' title="bbox 2179 5285 3156 5349; baseline 0.008 -10"><span class='ocrx_word' id='word_1_862' title='bbox 2179 5289 2232 5339; x_wconf 88' lang='lat' dir='ltr'><strong>et</strong></span> <span class='ocrx_word' id='word_1_863' title='bbox 2264 5285 2355 5338; x_wconf 89' lang='lat' dir='ltr'><strong>alii</strong></span> <span class='ocrx_word' id='word_1_864' title='bbox 2387 5293 2501 5341; x_wconf 90' lang='lat' dir='ltr'><strong>tres</strong></span> <span class='ocrx_word' id='word_1_865' title='bbox 2529 5302 2664 5343; x_wconf 92' lang='lat' dir='ltr'><strong>mss.</strong></span> <span class='ocrx_word' id='word_1_866' title='bbox 2699 5298 2756 5343; x_wconf 91' lang='lat' dir='ltr'><strong>ut</strong></span> <span class='ocrx_word' id='word_1_867' title='bbox 2791 5291 2844 5344; x_wconf 93' lang='lat' dir='ltr'><strong>in</strong></span> <span class='ocrx_word' id='word_1_868' title='bbox 2876 5299 3156 5349; x_wconf 77' lang='lat' dir='ltr'><strong>contextu.</strong></span> 
     </span>
    </p>
   </div>
   <div class='ocr_carea' id='block_1_117' title="bbox 2206 5354 3794 5435">
    <p class='ocr_par' dir='ltr' id='par_1_117' title="bbox 2206 5354 3794 5435">
     <span class='ocr_line' id='line_1_117' title="bbox 2206 5354 3794 5435; baseline 0.014 -28"><span class='ocrx_word' id='word_1_869' title='bbox 2206 5425 2216 5435; x_wconf 45' lang='lat'><em>.</em></span> <span class='ocrx_word' id='word_1_870' title='bbox 2254 5354 2368 5424; x_wconf 70' lang='grc'>(62)</span> <span class='ocrx_word' id='word_1_871' title='bbox 2403 5354 2559 5435; x_wconf 81' lang='lat' dir='ltr'><strong>l_J_nus</strong></span> <span class='ocrx_word' id='word_1_872' title='bbox 2587 5375 2692 5435; x_wconf 61' lang='lat' dir='ltr'><strong>ins.</strong></span> <span class='ocrx_word' id='word_1_873' title='bbox 2728 5362 3200 5435; x_wconf 74' lang='grc' dir='ltr'>Σαρδανάπαλλος.</span> <span class='ocrx_word' id='word_1_874' title='bbox 3229 5365 3351 5418; x_wconf 79' lang='lat' dir='ltr'><strong>Mox</strong></span> <span class='ocrx_word' id='word_1_875' title='bbox 3379 5365 3434 5420; x_wconf 87' lang='lat' dir='ltr'><strong>in</strong></span> <span class='ocrx_word' id='word_1_876' title='bbox 3461 5366 3624 5424; x_wconf 82' lang='lat' dir='ltr'><strong>Colb.</strong></span> <span class='ocrx_word' id='word_1_877' title='bbox 3658 5378 3794 5429; x_wconf 79' lang='lat' dir='ltr'><strong>ter-</strong></span> 
     </span>
    </p>
   </div>
   <div class='ocr_carea' id='block_1_118' title="bbox 2181 5427 3340 5506">
    <p class='ocr_par' dir='ltr' id='par_1_118' title="bbox 2181 5427 3340 5506">
     <span class='ocr_line' id='line_1_118' title="bbox 2181 5427 3340 5506; baseline 0.008 -28"><span class='ocrx_word' id='word_1_878' title='bbox 2181 5427 2383 5506; x_wconf 50' lang='lat' dir='ltr'><strong>tioupro</strong></span> <span class='ocrx_word' id='word_1_879' title='bbox 2402 5427 2708 5506; x_wconf 45' lang='grc' dir='ltr'>,Μαργίτης</span> <span class='ocrx_word' id='word_1_880' title='bbox 2732 5427 2928 5506; x_wconf 66' lang='lat' dir='ltr'><strong>legitur</strong></span> <span class='ocrx_word' id='word_1_881' title='bbox 2958 5427 3340 5506; x_wconf 70' lang='grc' dir='ltr'>Μαργαρίτης.</span> 
     </span>
    </p>
   </div>
   <div class='ocr_carea' id='block_1_119' title="bbox 2257 5495 3349 5575">
    <p class='ocr_par' dir='ltr' id='par_1_119' title="bbox 2257 5495 3349 5575">
     <span class='ocr_line' id='line_1_119' title="bbox 2257 5495 3349 5575; baseline 0.007 -24"><span class='ocrx_word' id='word_1_882' title='bbox 2390 5495 2555 5575; x_wconf 61' lang='lat' dir='ltr'><strong>_Qolb.</strong></span> <span class='ocrx_word' id='word_1_883' title='bbox 2585 5495 2872 5575; x_wconf 38' lang='lat' dir='ltr'><strong>tertiusvi‘i;</strong></span> <span class='ocrx_word' id='word_1_884' title='bbox 2902 5495 3138 5572; x_wconf 70' lang='grc' dir='ltr'>χαλεπόν</span> <span class='ocrx_word' id='word_1_885' title='bbox 3166 5495 3349 5575; x_wconf 64' lang='grc' dir='ltr'>φησιν.</span> 
     </span>
    </p>
   </div>
   <div class='ocr_carea' id='block_1_120' title="bbox 2249 5566 3791 5656">
    <p class='ocr_par' dir='ltr' id='par_1_120' title="bbox 2249 5566 3791 5656">
     <span class='ocr_line' id='line_1_120' title="bbox 2249 5566 3791 5656; baseline 0.014 -37"><span class='ocrx_word' id='word_1_886' title='bbox 2249 5566 2565 5656; x_wconf 46' lang='grc' dir='ltr'><strong>(ϐιζΕᾱὶιίο</strong></span> <span class='ocrx_word' id='word_1_887' title='bbox 2594 5577 2821 5655; x_wconf 58' lang='lat' dir='ltr'><strong>utraque</strong></span> <span class='ocrx_word' id='word_1_888' title='bbox 2848 5566 3238 5646; x_wconf 67' lang='grc' dir='ltr'>δικαστηρίοίςξ</span> <span class='ocrx_word' id='word_1_889' title='bbox 3267 5575 3493 5635; x_wconf 77' lang='lat' dir='ltr'><strong>Veteres</strong></span> <span class='ocrx_word' id='word_1_890' title='bbox 3518 5583 3791 5656; x_wconf 84' lang='lat' dir='ltr'><strong>quinque</strong></span> 
     </span>
    </p>
   </div>
   <div class='ocr_carea' id='block_1_121' title="bbox 2180 5637 2779 5711">
    <p class='ocr_par' dir='ltr' id='par_1_121' title="bbox 2180 5637 2779 5711">
     <span class='ocr_line' id='line_1_121' title="bbox 2180 5637 2779 5711; baseline 0.008 -21"><span class='ocrx_word' id='word_1_891' title='bbox 2180 5637 2305 5693; x_wconf 86' lang='lat' dir='ltr'><strong>libri</strong></span> <span class='ocrx_word' id='word_1_892' title='bbox 2344 5637 2779 5711; x_wconf 78' lang='grc' dir='ltr'>δικαιωτηρίους.</span> 
     </span>
    </p>
   </div>
  </div>
