3982 6240
245 297 337 354 581

1172 295 1406 351 SEHMO
1444 295 1530 350 DE
1567 293 1910 352 LEGENDIS
1943 296 2168 352 LIBRIS
2207 297 2609 353 GENTILIUSI.

3397 304 3505 360 583

240 433 317 478 τις
346 414 430 470 ἄν.
463 413 530 466 Τί
559 413 690 468 ἄλλο
742 431 806 482 γε
852 413 888 482 ἢ
930 412 1028 484 τῆς
1069 412 1249 483 ψυχῆς
1298 413 1617 484 ἐπιμέλειαν
1658 415 1812 486 ἔχειν,

1927 416 2087 485 longe
2116 415 2323 488 majora
2349 416 2608 485 perferet.
2659 416 2799 482 Quid
2832 418 2997 488 igitur
3027 416 3324 475 iaciemus?
3357 419 3502 476 dicet

239 510 412 562 πᾶσαν
438 507 640 577 σχολὴν
671 507 779 560 ἀπὸ
801 505 913 559 τῶν
938 504 1114 559 ἄλλων
1137 507 1371 575 ἄγοντας
1399 505 1512 576 (65)
1535 523 1549 570 ;

307 691 361 744 7.
391 689 465 742 υύ
498 687 566 758 δὴ
595 681 690 742 οὖν
717 687 794 759 τῷ
827 689 1039 760 σώματι
1062 687 1410 750 δουλευτέον,
1446 687 1527 740 ὅτι
1565 686 1639 757 μὴ
1673 688 1825 740 πᾶσα

233 785 443 853 ἀνάγκη
463 799 478 812 ·
506 781 647 834 ἀλλὰ
673 784 739 852 τῇ
763 782 909 852 ψυχῇ
935 781 1004 834 τὰ
1035 781 1287 851 βέλτιστα
1314 780 1615 851 ποριστέον,
1635 778 1823 850 ὥσπερ

235 881 296 930 ἐκ
354 875 737 945 δεσμωτηρίου
781 874 884 944 τῆς
934 873 1071 945 πρὸς
1118 874 1187 925 τὰ
1225 872 1320 924 τοῦ
1380 869 1630 942 σώματος
1675 870 1822 940 πάθη

233 969 516 1031 κοινωνίας
558 967 676 1037 (66)
727 967 899 1035 αὐτὴν
953 965 1042 1018 διὰ
1079 964 1394 1034 φιλοσοφίας
1415 962 1672 1026 λύοντας,
1705 963 1823 1033 ἅμα

231 1060 287 1112 δὲ
325 1057 512 1112 καὶτὸ
547 1057 713 1127 σῶμα
761 1056 871 1108 τῶν
905 1056 1094 1108 παθῶν
1146 1057 1392 1126 κρεῖττον
1435 1053 1820 1126 ἀπεργαζομέ-

233 1168 373 1213 νους.
411 1151 621 1221 Γαστρὶ
677 1150 778 1220 μέν
827 1167 892 1218 γε
955 1149 1024 1202 τά
1081 1149 1349 1216 ἀναγκαῖα
1393 1145 1820 1217 ὑπηρετοῦντας,

234 1242 354 1312 οὐχὶ
408 1240 479 1294 τὰ
518 1242 716 1310 ἣδιστα
765 1238 1060 1310 προσῆκεν,
1093 1238 1168 1298 ὡς
1209 1235 1262 1288 οἵ
1298 1252 1361 1303 γε
1391 1231 1822 1305 τραπεζοποιούς

232 1351 380 1397 τινας
411 1334 509 1386 καὶ
535 1331 836 1403 μαγείρους
869 1347 936 1382 πε
947 1328 1264 1400 ρινοοῦντες,
1293 1326 1392 1378 καὶ
1418 1327 1597 1380 πᾶσαν
1614 1324 1822 1396 διε-ρευ-

231 1425 463 1496 νώμενοι
489 1424 600 1494 γῆν
626 1441 688 1476 τε
729 1422 826 1476 καὶ
856 1421 1151 1484 θάλασσαν,
1184 1412 1294 1470 οἷόν
1344 1434 1452 1472 τινι
1489 1415 1712 1487 χαλεπῷ
1737 1417 1820 1468 δε-

234 1517 409 1590 σπότῃ
438 1516 648 1587 φόρους
681 1515 1008 1581 ἀπάγοντες,
1038 1510 1261 1564 ἐλεεινοί
1288 1509 1387 1579 τῆς
1417 1507 1692 1578 ἀσχολίας,
1713 1506 1819 1561 τῶν

231 1610 288 1662 ἐν
313 1609 444 1679 ᾅδου
492 1605 876 1675 κολαζομένων
909 1603 1060 1656 οὐδὲν
1111 1602 1410 1670 πάσχοντες
1443 1599 1815 1669 ἀνεκτότερον,

230 1701 488 1772 ἀτεχνῶς
517 1701 598 1763 είς
641 1696 753 1769 πῦρ
805 1695 1106 1760 ξαίνοντες,
1159 1692 1253 1746 καὶ
1301 1692 1534 1761 κοσκίνῳ
1563 1691 1817 1762 φέροντες

231 1792 397 1864 ὕδωρ,
445 1793 546 1845 καὶ
587 1792 669 1853 είς
702 1787 1038 1859 τετρημένον
1098 1784 1210 1855 (67)
1271 1782 1587 1846 ἀντλοῦντες
1640 1781 1816 1846 πίθον,

229 1885 376 1938 οὐδὲν
422 1884 606 1954 πέρας
634 1882 744 1935 τῶν
782 1882 962 1934 πόνων
1000 1878 1211 1950 ἔχοντες
1231 1893 1244 1906 ·
1275 1875 1479 1947 κουράς
1503 1875 1559 1928 δὲ
1589 1875 1680 1928 καὶ
1710 1875 1818 1944 άμ-

228 1974 462 2044 πεχόνας
497 1973 604 2038 ἔξω
637 1971 746 2023 τῶν
787 1967 1098 2038 ἀναγκαίων
1137 1964 1596 2036 περιεργάζεσθαι
1627 1965 1660 2035 ἢ
1693 1964 1818 2018 δυσ-

228 2063 538 2136 τυχούντων
577 2063 729 2128 ἐστὶ,
782 2059 925 2113 κατὰ
969 2059 1059 2112 τὸν
1106 2056 1386 2124 Διογένους
1423 2055 1602 2125 λόγον,
1633 2055 1666 2126 ἢ
1703 2055 1817 2109 ἀδι-

228 2156 488 2210 κούντων.
524 2155 688 2206 Ὥστε
733 2151 1113 2222 καλλωπιστήν
1147 2149 1286 2200 εἶναι
1329 2148 1423 2201 καὶ
1459 2147 1818 2218 ὀνομάζεσθαι

231 2248 434 2318 ὁμοίως
484 2245 712 2315 αἰσχρὸν
757 2243 1004 2314 ἡγεῖσθαί
1047 2259 1187 2312 φημι
1235 2239 1345 2292 δεῖν
1367 2242 1494 2303 τοὺς
1518 2240 1815 2303 τοιούτους,

225 2338 300 2400 ὡς
330 2340 394 2390 τὸ
422 2336 715 2408 ἑταιρεῖνῆ
750 2336 1051 2407 ἀλλοτρίοις
1088 2336 1287 2406 γάμοις
1324 2331 1711 2388 ἐπιϐουλεύειν.
1749 2331 1816 2384 Τί

215 2432 333 2502 ’γὰρ
356 2432 425 2485 ἂν
452 2432 703 2501 διαφέροι
729 2428 809 2499 τῷ
837 2447 900 2497 γε
931 2428 1053 2482 νοῦν
1079 2428 1252 2499 ἔχοντι
1270 2427 1487 2495 ξυστίδα
1516 2424 1818 2494 ἀναϐεϐλῆ-

225 2523 385 2586 σθαι,
437 2523 474 2592 ἡ
523 2539 576 2574 τι
608 2521 718 2575 τῶν
746 2520 963 2590 φαύλων
997 2522 1207 2591 ἱμάτιον
1237 2520 1440 2590 φέρειν,
1467 2517 1573 2580 ἓως
1605 2517 1671 2570 ἂν
1703 2516 1814 2587 (68)

219 2615 394 2686 μηδὲν
436 2614 594 2686 ἐνδέῃ
621 2613 716 2666 τοῦ
770 2613 908 2684 πρὸς
942 2614 1182 2683 χειμῶνά
1206 2630 1264 2664 τε
1309 2608 1446 2664 εἶναι
1489 2612 1582 2663 καὶ
1614 2610 1816 2672 θάλπος

223 2708 622 2778 ἀλεξητήριον;
669 2707 778 2759 Καὶ
831 2705 1000 2758 τᾶλλα
1028 2705 1090 2776 δὴ
1136 2705 1226 2757 τὸν
1286 2702 1448 2756 αὑτὸν
1489 2703 1690 2771 τρόπον
1740 2700 1815 2771 μὴ

225 2798 612 2871 περιττότερον
644 2799 744 2868 τῆς
773 2796 961 2867 χρείας
999 2794 1448 2852 κατεσκευάσθαι.
1489 2793 1622 2864 μηδὲ
1670 2810 1819 2862 περι-

223 2890 378 2943 έπειν
396 2889 460 2942 τὺ
485 2889 648 2959 σῶμα
680 2887 839 2942 πλέον
864 2888 896 2960 ἢ
930 2887 1004 2950 ὡς
1028 2888 1245 2958 ἄμεινον
1273 2887 1339 2956 τῇ
1371 2885 1538 2954 ψυχῇ,
1583 2885 1695 2954 Οὐχ
1723 2880 1820 2955 ἦτ-

213 2999 312 3034 τον
336 2981 450 3052 γὰρ
486 2980 690 3043 ὄνειδος
722 2979 895 3050 ἀνδρὶ,
929 2979 1008 3049 τῷ
1032 2996 1094 3045 γε
1118 2979 1192 3042 ὡς
1246 2977 1460 3047 άληθῶς
1503 2977 1603 3047 τῆς
1652 2994 1818 3048 προσ-

215 3073 459 3144 ηγορίας
481 3072 691 3143 ταύτης
719 3071 878 3142 ἀξίῳ,
913 3071 1294 3142 καλλωπιστὴν
1317 3070 1410 3122 καὶ
1439 3068 1817 3139 φιλοσώματον

215 3161 384 3227 εἶναι,
405 3162 440 3233 ἦ
473 3163 614 3234 πρὸς
634 3163 763 3217 ἄλλο
793 3180 846 3214 τι
873 3162 980 3214 τῶν
1005 3160 1189 3214 παθῶν
1221 3161 1458 3230 ἀγεννῶς
1488 3159 1809 3214 διακεῖσθαι.

217 3255 296 3307 Th
323 3255 438 3323 γὰρ
468 3255 570 3326 τὴν
617 3255 798 3307 πᾶσαν
853 3253 1086 3323 σπουδὴν
1132 3252 1494 3324 εἰσφέρεσθαι,
1545 3253 1692 3314 ὅπως
1721 3240 1814 3314 id);

215 3347 490 3401 κάλλιστα
519 3344 671 3415 αὐτῷ
700 3345 763 3397 τὸ
790 3344 948 3414 σῶμα
978 3344 1107 3411 ἕξοι,
1137 3347 1196 3398 ού
1219 3344 1666 3413 διαγινώσκοντός
1699 3342 1810 3414 (69)

214 3439 370 3491 ἐστιν
411 3436 627 3498 ἑαυτὸν,
685 3435 804 3488 οὐδὲ
866 3435 1134 3497 συνιέντος
1161 3435 1253 3487 τοῦ
1299 3433 1463 3502 σοφοῦ
1500 3433 1811 3503 παραγγέλ-

221 3547 431 3600 ματος,
462 3530 548 3581 δτι
580 3529 640 3579 οὐ
681 3528 743 3579 τὸ
779 3523 1054 3597 ὁρώμενόν
1091 3527 1237 3579 ἐστιν
1268 3527 1297 3577 ὁ
1339 3525 1640 3597 ἄνθρωπος,
1676 3524 1812 3578 ἀλλά

215 3638 363 3683 τινος
425 3620 598 3673 δεῖται
649 3617 1035 3689 περιττοτέρας
1085 3617 1297 3686 σοφίας,
1342 3616 1410 3670 δι’
1472 3612 1538 3687 ἦς
1583 3618 1811 3676 ἕκαστος

217 3712 400 3782 ἡμῶν,
428 3711 580 3772 ὅστις
613 3709 746 3762 ποτέ
789 3710 956 3772 ἐστιν,
997 3709 1188 3763 ἑαυτὸν
1227 3707 1607 3777 ἐπιγνώσεται.
1643 3708 1810 3761 Τοῦτο

213 3807 275 3858 δὲ
321 3806 400 3876 μὴ
449 3802 855 3873 καθηραμὲνοις
893 3803 984 3854 τὸν
1030 3802 1151 3856 νοῦν
1182 3802 1586 3872 ἀδυνατώτερον
1630 3801 1662 3872 ἢ
1711 3801 1808 3870 λη-

222 3899 397 3967 μῶντι
420 3895 562 3966 πρὸς
584 3895 678 3947 τὸν
702 3893 849 3964 ἣλιον
875 3893 1192 3963 ἀναϐλέψαι.
1222 3893 1505 3965 Κάθαρσις
1531 3894 1587 3946 δὲ
1607 3893 1806 3964 ψυχῆς.

218 3989 296 4052 ὡς
336 3988 556 4059 ἀθρόως
578 4003 640 4038 τε
675 3987 849 4038 εἰπεῖν
889 3985 984 4038 κα).
1016 3985 1143 4054 ὑμῖν
1187 3984 1405 4050 ἱκανῶς,
1440 3985 1538 4048 τὰς
1568 3984 1654 4037 διὰ
1701 3985 1808 4037 τῶν

217 4079 530 4150 αἰσθήσεων
567 4076 761 4148 ἡδονὰς
802 4076 1118 4146 ἀτιμάζειν·
1159 4077 1232 4146 μὴ
1269 4075 1579 4146 ὀφθαλμοὺς
1621 4077 1808 4146 ἐστιᾷν

216 4175 340 4237 ταῖς
364 4171 594 4232 ἀτύτοοις
614 4168 723 4221 τῶν
745 4166 1158 4238 Θαυματοποιῶν
1187 4169 1526 4234 ἐπιδείξεσιν,
1556 4168 1589 4239 ἢ
1623 4168 1808 4237 σωμά-

218 4279 328 4315 των
368 4260 528 4324 θέαις
565 4259 759 4330 ἡδονῆς
799 4259 1024 4329 κέντρον
1077 4259 1422 4331 ἐναφιέντων,
1460 4258 1534 4329 μὴ
1579 4258 1664 4311 διὰ
1701 4257 1807 4310 τῶν

217 4351 378 4404 ὢτων
409 4349 818 4420 διεφθαρμένην
866 4349 1125 4420 μελῳδίαν
1167 4349 1276 4401 τῶν
1303 4350 1488 4420 ψυχῶν
1526 4352 1802 4420 καταχεῖν.

1929 508 2150 578 aliquis.
2185 508 2327 573 Quid
2359 508 2530 571 aliud,
2557 508 2663 562 nisi
2698 517 2757 562 ut
2780 510 2978 564 anima:
2998 525 3187 565 curam
3216 526 3498 582 geramus,

1927 601 1995 654 ab
2015 600 2271 654 omnibus
2307 600 2432 654 aliis
2461 602 2764 656 vacantes?

1999 693 2050 747 7.
2086 691 2207 746 Non
2239 693 2404 763 igitur
2431 695 2650 764 corpori
2683 693 3113 756 inserviendum,
3150 693 3258 750 nisi
3274 694 3499 760 omnino

1926 801 2152 841 necesse
2180 788 2288 850 sit;
2315 785 2409 841 sed
2440 801 2504 840 ea
2545 803 2668 856 quae
2707 787 2920 858 potiora
2954 796 3116 852 sunt,
3149 786 3346 841 animae
3372 795 3502 842 sunt

1927 875 2238 939 tribuenda,
2269 876 2344 928 ita
2391 883 2449 929 ut
2481 876 2655 944 ipsam
2694 891 2758 930 ex
2791 891 2854 930 ea
2881 892 3043 947 quam
3075 892 3199 930 cum
3244 877 3496 946 corporis

1924 966 2306 1023 affectionibus
2340 969 2503 1023 habet
2544 970 2951 1037 communione,
2985 980 3243 1040 tanquam
3274 986 3340 1025 ex
3365 985 3496 1024 car-

1923 1073 2048 1114 cere
2078 1074 2173 1128 per
2213 1059 2616 1129 phiIOSOphiam
2647 1060 2976 1124 eximamus,
3013 1061 3286 1130 simulque
3331 1062 3494 1116 etiam

1924 1167 2128 1222 corpus
2161 1152 2314 1206 vitiis
2362 1158 2526 1222 atque
2559 1152 2880 1208 libidinibus
2924 1153 3220 1209 reddamus
3260 1155 3496 1225 inexpu-

1923 1244 2160 1314 gnabile.
2204 1241 2395 1298 Ventri
2428 1244 2648 1314 quidem
2683 1244 3046 1299 ministranda
3075 1254 3203 1300 sunt
3233 1261 3496 1301 necessa-

1920 1331 2024 1397 ria,
2055 1347 2165 1387 non
2211 1347 2332 1403 qua:
2374 1340 2503 1388 sunt
2534 1347 2797 1403 perquam
2835 1333 3109 1402 jucunda,
3141 1334 3290 1388 velut
3323 1334 3360 1387 ii
3400 1334 3495 1403 qui

1921 1425 2188 1495 quosdam
2238 1441 2556 1482 mensarum
2607 1434 2910 1482 structores
2941 1442 3257 1497 coquosque
3302 1429 3494 1498 exqui-

1921 1526 2070 1580 runt,
2124 1524 2403 1588 totamque
2455 1525 2658 1573 terram
2709 1534 2773 1574 ac
2804 1534 2975 1574 ,mare
3019 1521 3315 1589 vestigant,
3346 1521 3495 1574 velut

1919 1623 2142 1663 moroso
2174 1609 2308 1664 hero
2355 1610 2558 1664 tributa
2587 1609 2884 1679 pendentes
2907 1651 2922 1672 ,
2949 1610 3098 1681 digni
3144 1611 3497 1666 miseratione

1920 1699 1991 1754 ob
2022 1700 2295 1768 ejusmodi
2341 1702 2758 1770 occupationem
2781 1743 2797 1767 ,
2831 1702 2976 1755 haud
3021 1703 3306 1757 remissius
3329 1717 3493 1772 quam

1849 1772 1892 1827 Β
1920 1790 2016 1860 qui
2056 1792 2112 1845 in
2163 1791 2380 1846 inferno
2410 1800 2721 1855 versantur,
2768 1793 3088 1856 excruciati,
3121 1794 3281 1862 plane
3317 1795 3494 1849 disse-

1915 1891 2104 1938 cantes
2130 1884 2332 1953 ignem,
2369 1885 2553 1938 cribro
2597 1883 2836 1939 ferentes
2878 1900 3102 1954 aquam,
3133 1896 3187 1940 et
3219 1887 3273 1938 in
3305 1894 3495 1956 pertu-

1916 1991 2040 2030 sum
2091 1975 2299 2030 dolium
2358 1975 2746 2042 infundentes,
2780 1977 3029 2030 laborum
3076 1975 3239 2032 ﬁnem
3283 1978 3492 2032 nullum

1915 2067 2202 2122 habentes.
2245 2067 2444 2122 Comas
2495 2079 2676 2122 autem
2719 2083 2783 2122 ac
2829 2069 3155 2123 vestimenta
3199 2069 3321 2139 plus
3356 2072 3495 2125 satis

1917 2173 2136 2224 curare,
2172 2166 2288 2222 aut,
2321 2167 2378 2212 ut
2403 2159 2477 2212 ait
2505 2158 2796 2228 Diogenes,
2829 2160 3057 2214 adversa
3091 2159 3306 2215 fortuna
3331 2168 3492 2217 uten-

1917 2252 2054 2306 tium
2082 2259 2186 2314 est,
2215 2259 2311 2305 aut
2345 2250 2706 2320 injustorum.
2737 2250 2918 2317 Quare
2963 2253 3340 2307 cincinnatum
3370 2269 3493 2309 esse

1918 2351 1970 2397 et
2018 2342 2300 2411 appellari,
2351 2357 2504 2412 aeque
2550 2350 2710 2412 turpe
2762 2341 3100 2397 censendum
3149 2344 3293 2409 dico,
3324 2350 3488 2414 atque

1918 2433 2175 2495 scortari,
2216 2441 2309 2486 aut
2355 2433 2549 2486 alienis
2595 2432 2800 2502 nuptiis
2841 2432 3110 2488 insidiari.
3155 2435 3297 2500 Quid
3339 2436 3485 2490 enim

1918 2523 2039 2594 ejus
2069 2523 2162 2594 qui
2196 2533 2379 2579 mente
2406 2522 2666 2593 praeditus
2697 2533 2781 2578 cst
2826 2523 3077 2586 interest,
3105 2531 3288 2578 utrum
3336 2525 3486 2579 tenui

1920 2629 1984 2669 ac
2016 2622 2342 2682 sumptuosa
2361 2623 2509 2668 veste
2527 2613 2802 2676 induatur,
2824 2628 2892 2668 an
2914 2615 3144 2684 pallium
3170 2616 3276 2670 vite
3292 2623 3490 2686 gestet,

1920 2707 2083 2761 modo
2115 2715 2168 2760 et
2199 2704 2392 2775 frigori
2441 2713 2496 2760 et
2539 2706 2706 2759 calori
2739 2706 2981 2760 arcendo
3024 2707 3158 2762 satis
3186 2707 3298 2762 sit?
3334 2706 3399 2761 Et
3423 2706 3492 2762 ad

1919 2795 2065 2850 hunc
2091 2795 2314 2849 modum
2338 2794 2546 2866 reliqua
2569 2810 2786 2865 quoque
2810 2796 2951 2849 ultra
2974 2797 3356 2853 necessitatem
3379 2812 3490 2852 non

1920 2894 2049 2943 sunt
2077 2887 2398 2954 excolenda,
2445 2902 2546 2941 nec
2598 2889 2846 2957 corporis
2889 2889 3138 2944 habenda
3185 2897 3270 2944 est
3315 2889 3492 2960 major

1917 2995 2072 3044 cura,
2115 2994 2276 3050 quam
2298 2986 2562 3049 quantum
2597 2981 2793 3034 animae
2820 2981 3012 3049 prosit.
3037 2979 3175 3034 Nam
3208 2990 3488 3052 comptum

1919 3087 2043 3127 esse
2068 3080 2123 3126 et
2159 3072 2411 3141 corporis
2450 3081 2784 3138 amatorem,
2815 3072 2935 3125 viro
2973 3073 3074 3126 hac
3121 3073 3211 3126 illa
3251 3073 3492 3143 appella-

1919 3165 2065 3218 tione
2091 3179 2215 3218 vere
2236 3164 2400 3233 digno
2428 3179 2534 3217 non
2562 3163 2742 3217 minus
2767 3163 3090 3233 probrosum
3119 3163 3303 3230 fuerit,
3327 3180 3489 3234 quam

1925 3257 2081 3311 alteri
2107 3256 2285 3311 cuivis
2312 3257 2442 3310 vitio
2459 3256 2654 3326 ignave
2679 3255 2979 3310 obnoxium
3005 3270 3146 3311 esse.
3172 3255 3309 3310 Nam
3329 3272 3492 3310 omne

1919 3350 2159 3406 studium
2193 3349 2297 3403 huc
2332 3348 2583 3404 conferre
2633 3357 2693 3402 ut
2744 3364 2945 3418 corpus
2988 3363 3151 3418 quam
3199 3350 3403 3418 optime
3433 3365 3492 3402 se

1919 3441 2140 3507 habeat,
2171 3457 2278 3495 non
2306 3441 2544 3493 hominis
2563 3448 2648 3494 est
2676 3447 2847 3494 semet
2872 3440 3278 3507 cognoscentis,
3314 3455 3490 3508 neque

1919 3533 2276 3602 intelligentis
2330 3531 2629 3600 sapientem
2681 3531 2830 3584 illam
2881 3529 3344 3594 admonitionem,
3381 3543 3488 3597 qua

1917 3626 2199 3686 docemur,
2231 3621 2375 3692 quod
2427 3621 2529 3675 sub
2585 3627 2866 3690 aspectum
2897 3620 3064 3682 cadit,
3110 3618 3163 3672 id
3209 3619 3487 3674 hominem

1918 3733 2027 3774 non
2072 3732 2216 3781 esse,
2258 3715 2354 3769 sed
2405 3714 2613 3784 requiri
2647 3714 2974 3784 sapientiam
3022 3711 3317 3782 quamdam
3348 3726 3487 3782 pne-1

1917 3808 2261 3869 stantiorem,
2291 3819 2401 3874 qua
2457 3805 2691 3874 quisque
2737 3810 2986 3858 nostrum
3031 3803 3272 3872 seipsum
3305 3803 3488 3872 qualis

1916 3899 2132 3953 tandem
2167 3897 2238 3951 sit
2266 3902 2547 3966 agnoscat.
2581 3893 2695 3949 Hoc
2729 3901 2909 3949 autem
2935 3893 3208 3948 dillicilius
3231 3902 3314 3949 est
3337 3910 3488 3949 men-

1915 3999 2023 4042 tem
2053 4002 2162 4041 non
2205 4001 2396 4056 puram
2435 3984 2786 4049 habentibus,
2818 3997 2982 4053 quam
3027 3982 3277 4053 lippienti
3314 3983 3485 4038 solem

1916 4079 2183 4149 aspicere.
2216 4077 2311 4131 Est
2351 4084 2531 4130 autem
2565 4073 2760 4129 animae
2802 4075 3074 4144 purgatio,
3109 4082 3168 4127 ut
3207 4073 3365 4143 182
3397 4089 3486 4127 se-

1914 4173 2044 4236 mel,
2069 4178 2124 4225 et
2161 4177 2427 4239 quantum
2465 4167 2622 4221 vobis
2656 4167 2790 4221 satis
2823 4167 2916 4228 sit,
2947 4165 3146 4226 dicam,
3177 4166 3485 4234 voluptates

1917 4279 2013 4333 per
2028 4279 2225 4318 sensus
2256 4262 2559 4329 irrepentes
2578 4261 2882 4330 aspernari,
2907 4273 3018 4312 non
3046 4258 3236 4313 oculos
3260 4273 3487 4328 pascere

1914 4354 2142 4409 insulsis
2172 4353 2630 4424 pra'stigiatorum
2659 4349 3140 4413 ostentationibus,
3167 4356 3261 4402 aut
3288 4363 3485 4419 corpo-

235 4440 647 4511 Ἀνελευθερίας
669 4440 779 4511 γὰρ
806 4439 872 4510 δὴ
904 4441 999 4492 καὶ
1024 4441 1405 4512 ταπεινότητος
1431 4441 1628 4509 ἔκγονα
1662 4441 1805 4512 πάθη

1920 4458 2036 4497 rum
2061 4442 2343 4498 stimulum
2364 4440 2662 4510 voluptatis
2686 4439 3096 4492 immittentium
3119 4447 3485 4507 aspectu,non

220 4529 290 4581 ἐκ
341 4526 441 4581 τοῦ
478 4526 783 4582 τοιούτουδε
824 4530 924 4598 τῆς
969 4527 1234 4598 μουσικῆς
1284 4529 1457 4593 εἴδους
1497 4531 1810 4599 ἐγγίνεσθαι

223 4617 493 4686 πέφυκεν.
539 4616 698 4669 Ἀλλὰ
727 4617 824 4687 τὴν
865 4617 1059 4688 ἑτέραν
1098 4619 1490 4688 μεταδιωκτέον
1521 4623 1671 4692 ἡμῖν,
1713 4623 1811 4694 τὴν

220 4709 505 4778 ἀμείνωτε
529 4710 624 4762 καὶ
646 4711 726 4771 εἰς
754 4709 972 4778 ἄμεινον
991 4706 1327 4784 φέρουσαν,
1349 4713 1444 4765 καὶ
1470 4713 1634 4766 Δαὸὶδ
1663 4713 1809 4785 χρώ-

227 4818 407 4870 μενος,
431 4803 461 4855 ὁ
483 4801 714 4871 ποιητὴς
740 4801 846 4853 τῶν
871 4801 1028 4872 ἱερῶν
1055 4803 1331 4874 ᾀσμάτων,
1365 4805 1428 4856 ἐκ
1457 4808 1556 4876 τῆς
1586 4807 1806 4875 μανίας,

224 4891 301 4956 ὥς
328 4909 482 4962 φασι,
511 4893 605 4945 τὸν
627 4891 851 4962 βασιλέα
885 4893 1136 4964 καθίστη.
1167 4895 1395 4963 Λέγεται
1422 4897 1478 4949 δὲ
1502 4898 1596 4951 καὶ
1630 4899 1808 4952 Πυθα-

226 4986 417 5056 γόραν,
469 4989 789 5056 κιυμασταίς
823 4985 1182 5056 περιτυχόντα
1227 4987 1517 5057 μεθύουσι,
1553 4989 1806 5045 κελεῦσαι

298 5161 412 5232 (65)
449 5161 671 5232 Antiqui
705 5161 813 5216 duo
848 5162 974 5215 libri
998 5162 1240 5227 ἄγοντες.

294 5233 409 5302 (66)
438 5232 594 5285 Colb.
648 5235 846 5304 tertius
875 5233 1013 5301 πρὸς
1047 5233 1106 5284 τὸ
1135 5235 1292 5304 σῶμα
1331 5237 1634 5298 κοινωνίας.
1692 5237 1802 5295 Nec

229 5303 302 5356 ita
332 5304 505 5356 multo
532 5315 652 5371 post
683 5303 835 5373 Regii
875 5307 1084 5373 ιιι-ιιιῃιε
1111 5313 1164 5357 ει
1186 5303 1462 5362 secundus
1484 5322 1610 5362 cum
1640 5305 1799 5365 Colb.

229 5373 390 5427 tertio
420 5369 614 5442 ἥδιστα
667 5369 967 5443 προσῆκεν.
1007 5369 1121 5426 Vox
1153 5375 1341 5429 ultima
1383 5377 1538 5432 deest
1590 5377 1647 5431 in
1679 5379 1802 5434 aliis

231 5457 363 5512 mss.
399 5453 566 5510 atque
599 5445 653 5496 in
683 5445 942 5512 vulgatis.

299 5511 411 5586 (67)
447 5513 588 5567 Editi
617 5511 849 5586 et_Cth.
869 5513 1095 5586 “tertius
1114 5515 1194 5586 εἰς
1212 5517 1591 5586 τετριμμένον,
1623 5519 1677 5571 in
1705 5518 1800 5571 do-

233 5582 358 5659 lium
383 5583 637 5659 fructum.
653 5583 720 5636 At
743 5582 900 5652 Regii
930 5584 1206 5638 secundus
1223 5596 1276 5639 et
1294 5582 1490 5659 tertius
1509 5590 1588 5649 εἰς
1606 5605 1799 5659 τετρη-

237 5652 410 5719 μένον,
447 5657 498 5708 in
526 5654 726 5708 dolium
755 5664 1035 5723 pertusum
1079 5670 1096 5706 :
1135 5671 1295 5722 quam
1332 5658 1664 5725 scripturam
1700 5652 1796 5712 ve-

234 5736 346 5777 ram
370 5739 490 5781 esse
534 5735 586 5782 et
635 5727 931 5800 genuinam
970 5725 1324 5795 quotidianus
1371 5727 1628 5797 loquendi
1664 5746 1796 5785 usus

1914 4549 2011 4603 per
2031 4548 2192 4586 aures
2225 4531 2562 4585 harmoniam
2604 4537 2920 4597 corruptam
2952 4529 3007 4579 in
3038 4525 3273 4579 animam
3308 4525 3486 4578 infun-

1913 4627 2060 4680 dere.
2099 4622 2239 4676 Vitia
2281 4623 2426 4677 enim
2474 4636 2594 4692 quae
2643 4619 2933 4673 illiberalis
2967 4617 3278 4686 dejectique
3311 4617 3482 4669 animi

1912 4716 2055 4772 fetus
2084 4721 2231 4777 sunt,
2257 4729 2323 4768 ex
2361 4714 2464 4768 hoc
2496 4713 2714 4767 musica:
2744 4726 2944 4782 genere
2979 4710 3158 4763 solent
3185 4707 3343 4762 oriri.
3374 4705 3481 4761 Sed

1911 4807 2120 4861 musica
2151 4807 2344 4868 altera,
2385 4821 2505 4875 quae
2533 4815 2586 4859 et
2621 4806 2811 4860 melior
2849 4801 3087 4865 exsistit,
3114 4807 3167 4854 et
3192 4799 3255 4852 ad
3291 4799 3484 4852 melius

1912 4899 2182 4970 perducit,
2215 4898 2584 4953 consectanda
2627 4897 2786 4951 nobis
2816 4905 2899 4949 εει
2939 4913 2951 4946 :
2982 4909 3087 4963 qua
3124 4907 3257 4946 usus
3291 4889 3479 4955 David,

1911 5003 2197 5044 sacrorum
2229 4988 2552 5058 _carminum
2603 4992 2818 5046 auctor,
2864 4981 3106 5036 furorem
3142 4978 3286 5048 regis
3318 4985 3481 5046 atque

1909 5165 2126 5248 probat.
2155 5166 2448 5235 Aliquanto
2479 5175 2601 5236 post
2626 5164 2784 5220 Colb.
2820 5161 3015 5216 tertius
3043 5159 3187 5230 φημὶ
3218 5156 3328 5211 δεῖν
3353 5157 3481 5222 τοὺς

1909 5237 2278 5301 τηλικούτους.

1978 5307 2090 5376 ῑ68)
2133 5297 2335 5362 Vocula
2359 5307 2425 5360 ἄν
2448 5306 2630 5359 addita
2647 5314 2844 5378 estnex
2869 5300 3022 5378 Qoib.
3059 5297 3476 5378 tertio.nlbidem

1907 5369 2042 5430 editi
2068 5369 2256 5430 ἐνδέει.
2283 5383 2350 5430 At
2383 5393 2516 5432 mss.
2541 5377 2716 5444 ἐνδέῃ.
2749 5373 2859 5444 Nec
2891 5374 2963 5426 ita
2982 5372 3152 5444 inulto
3175 5369 3325 5444 infra
3346 5369 3478 5422 editi

1907 5446 1982 5517 τῷ
2011 5465 2074 5518 γε
2103 5447 2336 5518 άληθῶς.
2362 5447 2507 5501 Libri
2535 5439 2751 5518 veteres
2773 5441 3042 5518 mirati);
3064 5439 3298 5508 άληθῶς.

1979 5513 2093 5587 (69)
2123 5513 2295 5572 Paulo
2321 5519 2480 5571 aliter
2505 5517 2702 5584 legitur
2745 5517 2799 5567 in
2838 5513 3232 5587 Colb._tertto,
3282 5523 3479 5587 nenin

1908 5578 2011 5642 hoc
2063 5578 2260 5642 fnodo:
2300 5588 2464 5639 αὐτοῦ
2512 5578 2580 5636 τέἷ
2630 5587 2854 5654 σῶμα...
2904 5580 3282 5654 γινώσκοντος.
3326 5578 3478 5654 Haud

1907 5659 2066 5726 longe
2083 5659 2211 5713 editi
2241 5658 2375 5712 ἀλλά
2413 5674 2559 5718 τινος
2587 5656 2684 5709 δεῖ.
2713 5650 2790 5708 ⁷Αι
2827 5653 2958 5724 Reg.
3010 5653 3204 5705 tertius
3238 5659 3289 5705 et
3319 5650 3479 5705 aliter

1904 5726 2096 5786 δεῖται.
