3982 6240
444 320 550 377 583

1844 318 1900 376 S.
1943 315 2188 374 BASILII
2242 314 2454 372 MAGNI
2553 312 2565 324 “

3594 313 3697 370 588

444 441 739 506 insaniam,
767 448 826 496 ut
856 441 1030 506 aiunt,
1050 442 1260 497 sedavit
1291 442 1357 496 ¹⁰.
1392 440 1596 497 Ferunt
1621 443 1785 496 etiam
1815 440 2015 515 Pytha-

2129 441 2207 495 τὸν
2235 437 2473 510 αὐλητὴν
2495 436 2586 490 τὸν
2609 434 2701 488 τοῦ
2729 432 2914 504 κώμου
2944 432 3302 503 κατάρχοντα,
3332 431 3698 503 μεταϐαλόντα

442 549 653 605 goram,
688 550 813 589 cum
846 535 902 589 in
930 542 1330 590 eomessatores
1357 537 1685 592 temulentos
1711 536 2015 601 incidisset,

442 627 676 695 jussisse
707 626 988 682 tibicinem
1035 627 1423 681 comessationi
1460 628 1859 699 priesidentem,
1896 643 2022 682 mu-

445 725 558 772 tata
615 719 901 773 harmonia
924 760 937 782 ,
969 718 1199 776 Doricos
1229 722 1423 776 modos
1474 721 1555 775 eis
1601 735 1797 774 canere
1826 736 1838 770 :
1870 719 2020 789 ipsos

447 817 630 865 autem
665 810 739 864 ita
766 810 873 865 hoc
901 818 1067 864 cantu
1102 812 1421 882 resipuisse,
1458 818 1538 875 ut,
1575 810 1803 880 abjectis
1837 810 2027 864 corul-.

444 904 533 966 lis,
564 903 771 973 pudore
810 903 1004 959 suffusi
1040 904 1261 958 domum
1310 911 1738 959 reverterentur.
1766 903 1872 956 Alii
1893 917 2021 957 vero

445 1011 598 1051 more
636 995 1009 1067 Corybantum
1063 996 1131 1049 ad
1174 996 1359 1051 tibiam
1408 996 1692 1050 insaniunt
1722 1010 1786 1050 ac
1824 994 2024 1050 debac-

445 1088 698 1142 chantur.
727 1086 806 1141 lta
840 1088 941 1142 hoc
972 1088 1173 1151 dim-rt,
1211 1089 1362 1143 sanis
1390 1095 1484 1140 aut
1518 1088 1700 1157 pravis
1732 1085 2022 1142 cantilenis

446 1194 608 1234 aures
632 1179 844 1249 impleri
863 1179 876 1231 l
897 1180 1078 1246 Quare
1105 1193 1246 1243 eam,
1266 1194 1383 1248 quae
1404 1193 1549 1232 nunc
1574 1178 1733 1247 viget,
1755 1176 2020 1230 musicam

445 1268 630 1323 minus
662 1284 825 1338 quam
858 1268 1075 1339 quidvis
1100 1269 1485 1339 turpissimum
1516 1266 1755 1336 experiri
1787 1266 2019 1322 debetis.

444 1357 617 1413 Pudet
649 1376 735 1415 me
762 1359 926 1414 etiam
978 1359 1330 1426 interdicere,
1365 1374 1434 1413 ne
1463 1358 1675 1413 sullitus
1706 1359 1887 1413 omnis
1931 1373 2024 1429 ge-

446 1456 617 1519 neris,
644 1452 738 1523 qui
774 1452 999 1506 olfactui
1030 1452 1366 1522 voluptatem
1407 1451 1659 1515 all‘erant,
1692 1449 2029 1504 admiscean—

447 1551 538 1596 tur
569 1544 702 1608 aeri,
749 1550 800 1598 et
829 1559 899 1599 ne
934 1544 1229 1615 unguentis
1262 1558 1363 1597 vos
1392 1546 1541 1612 ipsos
1576 1541 1851 1598 inliciatis.
1882 1540 2024 1607 Quid

448 1644 628 1689 autem
655 1635 780 1705 quis
810 1634 1009 1690 dixerit
1046 1635 1114 1690 de
1149 1650 1260 1689 non
1287 1634 1674 1705 perquirendis
1715 1640 1895 1688 tactus
1925 1648 2026 1702 gu-

450 1737 680 1795 stusque
719 1726 1118 1796 voluptatibus,
1151 1725 1257 1782 nisi
1292 1725 1439 1796 quod
1465 1733 1665 1795 cogant
1692 1738 1791 1779 eos
1821 1722 1915 1793 qui
1935 1722 2024 1777 his

2119 535 2216 605 τὴν
2239 531 2524 605 ἁρμονίαν.
2568 527 2873 598 ὲπαυλῆσαί
2914 542 3067 595 σφισι
3106 527 3168 580 τὸ
3208 524 3446 597 Δώριον
3478 527 3607 589 τοὺς
3639 527 3699 580 δὲ

2118 629 2292 689 οὕτως
2321 622 2687 695 ἁναφρονῆσαι
2713 620 2817 674 ὑπὸ
2848 619 2942 673 τοῦ
2978 619 3191 690 μέλους,
3227 618 3389 683 ὥστε,
3424 621 3548 684 τοὺς
3574 638 3699 674 στε-

2122 719 2319 787 φάνους
2342 717 2624 790 ῥίψαντας.
2665 711 3085 783 αἰσχυνομένους
3116 710 3447 767 ἐπανελθεῖν.
3483 712 3700 784 Ἐτεροι

2118 810 2175 863 δὲ
2204 811 2338 882 πρὸς
2361 809 2521 863 αὐλὸν
2545 804 2940 880 κορυϐαντιῶσι
2970 805 3063 858 καὶ
3089 803 3531 874 ἐκϐακχεύονται.
3563 804 3701 858 Τοσ-

2120 903 2276 957 οὖτόν
2309 904 2423 955 ἐστι
2445 900 2505 954 τὸ
2538 901 2792 971 διάφορον
2825 897 3011 967 ὑγιοῦς
3056 897 3090 969 ἢ
3120 897 3399 969 μοχθηρᾶς
3431 897 3704 969 μελῳδίας

2121 993 2531 1066 ἀναπλησθῆναι
2551 991 2662 1063 (70)
2682 991 2695 1043 l
2719 990 2879 1043 Ὥστε
2905 989 3005 1059 τῆς
3027 987 3121 1041 νῦν
3142 987 3207 1058 δὴ
3235 988 3542 1059 κρατούσης
3570 988 3704 1041 ταύ-

2120 1090 2220 1157 της
2255 1081 2415 1158 ἦττον
2448 1084 2575 1154 ὑμῖν
2606 1081 2896 1153 μεθεκτέον
2933 1080 2966 1152 ἢ
2998 1080 3310 1134 οὑτινοσοῦν
3350 1078 3459 1131 τῶν
3515 1079 3700 1150 αἰσχί-

2124 1194 2282 1231 στων.
2329 1174 2558 1247 Ἀτμούς
2590 1192 2653 1244 γε
2690 1174 2795 1245 μὴν
2821 1172 3191 1235 παντοδαποὺς
3206 1170 3398 1243 ἡδονὴν
3435 1173 3703 1243 ὀσφρήσει

2124 1269 2385 1343 φέροντας
2425 1268 2501 1340 τῷ
2538 1269 2660 1340 ἀέρι
2707 1266 3130 1335 καταμιγνύναι,
3170 1264 3203 1336 ἦ
3252 1264 3444 1335 μύροις
3473 1266 3703 1329 ἑαυτοὺς

2122 1360 2588 1434 ἀναχρώννυσθαι,
2636 1359 2730 1413 καὶ
2777 1357 3140 1431 ἀπαγορεύειν
3189 1355 3534 1427 αίσχύνομαι.
3566 1356 3703 1409 Τίδ*

2123 1456 2188 1511 ἄν
2238 1473 2321 1518 τις
2356 1453 2498 1507 είποι
2546 1451 2673 1523 περὶ
2729 1449 2824 1503 τοῦ
2876 1449 2950 1521 μὴ
2993 1449 3189 1521 χρῆναι
3233 1449 3332 1512 τὰς
3372 1450 3428 1501 ὲν
3468 1450 3577 1519 ἀφῇ
3609 1449 3705 1501 καὶ

2123 1545 2309 1615 γεύσει
2336 1542 2551 1598 διώκειν
2585 1540 2853 1614 ήδονάς,ἧ
2888 1542 2969 1594 ὅτι
2999 1539 3503 1609 καταναγκάζουσιν
3538 1534 3702 1594 αὗται

2123 1639 2248 1701 τοὺς
2270 1636 2397 1709 περὶ
2419 1635 2516 1708 τὴν
2546 1635 2754 1688 ἑαυτῶν
2789 1634 2963 1705 Θήραν
2991 1632 3374 1704 έσχολακότας,
3409 1632 3598 1706 ὥσπερ
3632 1632 3706 1686 τά

2125 1728 2437 1800 θρέμματα,
2482 1726 2617 1798 πρὸς
2645 1727 2743 1799 τὴν
2772 1725 3014 1797 γαστέρα
3045 1724 3139 1778 καὶ
3160 1724 3226 1779 τά
3256 1724 3349 1777 ὑπ’
3376 1724 3547 1796 αὐτὴν
3581 1741 3706 1778 συν-

448 1819 732 1889 captandis
782 1826 999 1879 vacant,
1028 1818 1098 1872 ad
1141 1824 1387 1872 ventrem
1440 1827 1493 1871 et
1532 1815 1600 1869 ad
1637 1828 1701 1870 ea
1752 1830 1874 1885 quae
1925 1813 2026 1869 sub

2129 1820 2445 1883 νενευκότας
2478 1818 2590 1890 (Ἠ)
2626 1819 2759 1889 (fy;
2810 1819 2924 1870 'Evl.
2968 1816 3025 1870 δὲ
3071 1815 3237 1886 λόγῳ,
3298 1816 3498 1882 παντὸς
3535 1818 3706 1889 ὑπερ-

448 1920 638 1967 ventre
688 1919 835 1975 sunt,
870 1926 1131 1983 pecorum
1161 1924 1334 1972 more,
1362 1924 1567 1980 pl‘OHOS
1611 1924 1675 1964 ac
1719 1920 2023 1979 propensos

449 2003 668 2058 vivere?
719 2002 838 2057 Uno
882 2004 1073 2067 verbo,
1107 2010 1283 2057 totum
1325 2017 1530 2071 corpus
1560 1999 2023 2056 contemnendum

446 2100 531 2149 est
552 2094 621 2157 ei,
650 2094 742 2164 qui
778 2095 834 2148 in
867 2095 1041 2164 ipsius
1063 2094 1437 2164 voluptatibus
1467 2093 1628 2163 quasi
1651 2092 1703 2145 in
1728 2106 1888 2146 emno
1919 2105 2022 2145 no-

448 2187 509 2240 lit
534 2188 793 2253 volutari,
820 2198 913 2240 aut
930 2195 1141 2241 tantum
1159 2188 1209 2241 ei
1238 2186 1627 2256 indulgendum
1646 2195 1750 2251 est,
1779 2186 1833 2239 in
1854 2199 2026 2255 quan-

446 2288 586 2344 tum,
617 2280 798 2349 inquit
840 2278 1017 2343 Plato,
1052 2279 1417 2349 philosophiae
1447 2279 1698 2345 inservit,
1730 2293 1839 2332 non
1864 2278 2026 2349 longe

446 2370 603 2426 aliter
628 2371 846 2427 locutus
870 2380 1032 2441 atque
1063 2370 1290 2436 Paulus,
1324 2371 1418 2442 qui
1453 2379 1637 2427 monet
1661 2373 1868 2427 nullam
1899 2387 2026 2427 cor-

445 2462 596 2532 poris
627 2462 930 2517 habendam
954 2478 1141 2517 curam
1162 2463 1226 2517 ad
1259 2463 1622 2533 cupiditatqu
1648 2462 1932 2520 materiam
1958 2463 2020 2518 “.

447 2550 661 2606 Etenim
689 2553 784 2623 qui
828 2553 1097 2623 corporis,
1125 2564 1183 2607 ut
1217 2569 1277 2610 se
1320 2553 1526 2624 optime.
1569 2554 1786 2620 habeat,
1834 2568 2023 2609 curam

448 2651 664 2714 gerunt,
698 2646 937 2698 animam
987 2652 1167 2699 autem
1206 2645 1302 2699 illo
1340 2661 1565 2701 usuram
1611 2645 1820 2701 nullius
1863 2644 2025 2715 pretii

447 2735 869 2806 parvipendunt,
907 2735 1038 2806 quid
1074 2736 1335 2791 dilTerunt
1365 2738 1433 2790 ab
1467 2737 1535 2791 iis
1566 2738 1657 2808 qui
1688 2736 2023 2792 instrumen-

448 2830 520 2882 tis
543 2826 795 2897 aptandis
822 2827 954 2883 dant
979 2843 1223 2898 operam,
1252 2836 1425 2885 artem
1469 2844 1597 2884 vero
1625 2845 1721 2900 per
1746 2830 1861 2884 hazc
1894 2844 2026 2901 ope-

448 2926 662 2974 rantem
691 2919 968 2990 negligant
988 2920 1010 2973 ’Ξ
1034 2918 1376 2990 Quapropter
1392 2920 1604 2975 ratione
1623 2920 1783 2989 plane
1805 2930 2025 2974 contra-

447 3012 531 3067 ria
562 3026 764 3082 corpus
811 3012 1200 3082 castigandum
1250 3019 1335 3067 est
1372 3019 1426 3067 et
1456 3012 1842 3078 cohibendum,
1880 3011 2024 3066 haud

450 3116 611 3158 secus
638 3117 701 3157 ac
730 3102 967 3171 impetus
994 3102 1282 3172 cujusdam
1312 3103 1535 3170 belluae;
1557 3111 1721 3173 atque
1755 3102 1791 3156 ii
1831 3103 2025 3157 tumul-

2124 1913 2318 1967 οπτέον
2332 1912 2425 1966 τοῦ
2452 1912 2702 1983 σώματος
2719 1910 2797 1982 τῷ
2817 1910 2891 1983 μὴ
2908 1909 2983 1975 ὡς
3002 1911 3060 1964 ὲν
3076 1909 3321 1982 βορϐόρῳ
3349 1913 3469 1974 ταῖς
3493 1910 3707 1982 ἡδοναῖς

2124 2001 2287 2056 αὐτοῦ
2319 2000 2733 2073 κατορωρύχθαι
2764 1999 3029 2071 μέλλοντι,
3059 1994 3093 2071 ἢ
3133 1998 3385 2053 τοσοῦτον
3414 1999 3707 2053 ἀνθεκτέον

2124 2092 2308 2158 αὐτοῦ,
2346 2094 2488 2157 ὅσον,
2521 2092 2652 2164 φησι
2682 2091 2927 2154 Πλάτων,
2948 2090 3252 2162 ὑπηρεσίαν
3274 2090 3559 2162 φιλοσοφίᾳ
3589 2090 3705 2161 (72)

2125 2186 2429 2257 κτωμένου,
2454 2184 2667 2238 ἐοικότα
2694 2201 2796 2236 που
2821 2182 2995 2253 λέγων
3023 2181 3102 2254 τῷ
3121 2181 3339 2253 Παύλῳ,
3364 2182 3424 2246 ὃς
3450 2185 3711 2251 παραινεί

2129 2278 2397 2351 μηδεμίαν
2437 2278 2633 2350 χρῆναι
2679 2275 2775 2331 τοῦ
2829 2276 3079 2348 σώματος
3135 2276 3392 2348 πρόνοιαν
3443 2275 3587 2348 ἔχειν
3626 2277 3710 2340 εἰς

2127 2370 2431 2441 ἐπιθυμιῶν
2462 2371 2735 2443 ἀφορμήν.
2773 2370 2845 2422 Ἢ
2881 2370 2934 2422 τί
2970 2368 3314 2441 διαφέρουσιν
3365 2368 3415 2423 οἳ
3457 2368 3551 2423 τοῦ
3608 2370 3709 2439 μὲν

2128 2460 2397 2532 σώματος,
2426 2460 2501 2524 ὡς
2532 2459 2595 2514 ἂν
2640 2459 2903 2514 κάλλιστα
2946 2461 3090 2533 ἔχοι,
3127 2460 3491 2533 φροντίζουσι,
3524 2460 3622 2531 τὴν
3648 2459 3709 2513 δὲ

2125 2552 2468 2624 χρησομένην
2497 2551 2647 2624 αύτῷ
2671 2551 2849 2623 ψυχὴν
2872 2550 2945 2617 ὡς
2977 2551 3191 2616 οὐδενὸς
3214 2551 3370 2619 ἀξίαν
3388 2552 3705 2624 περιορῶσι.

2124 2646 2232 2698 τῶν
2278 2647 2405 2716 περὶ
2428 2644 2495 2699 τά
2523 2645 2729 2717 ὖργανα
2760 2644 3186 2710 σπουδαζόντων,
3219 2645 3317 2715 τῆς
3344 2645 3401 2698 δὲ
3430 2644 3497 2697 δι’
3525 2644 3710 2698 αὐτῶν

2126 2737 2454 2809 ἐνεργούσης
2508 2737 2706 2809 τέχνης
2758 2736 3240 2808 καταμελούντων;
3302 2739 3418 2792 Πᾶν
3477 2737 3578 2809 μὲν
3613 2734 3708 2790 οὖν

2125 2830 2430 2884 τούναντίον
2461 2829 2705 2894 κολάζειν
2734 2829 2865 2884 αὐτὸ
2885 2832 2979 2884 καὶ
3006 2831 3274 2902 κατέχειν,
3297 2828 3485 2902 ὥσπερ
3514 2830 3707 2902 θηρίου

2126 2923 2223 2987 τὰς
2271 2922 2466 2995 ὁρμὰς,
2502 2924 2765 2995 προσῆκε,
2817 2924 2909 2981 καὶ
2951 2925 3077 2988 τοὺς
3114 2923 3208 2979 ἀπ’
3234 2923 3399 2978 αὐτοῦ
3443 2923 3707 2996 θορύϐους

2126 3016 2504 3086 ὲγγινομένους
2554 3019 2619 3087 τῇ
2671 3016 2813 3087 ψυχῇ
2862 3016 3023 3070 οἱονεὶ
3064 3017 3285 3088 μάστιγι
3329 3015 3408 3090 τῷ
3459 3016 3708 3088 λογισμῷ

2126 3109 2586 3181 καθικνουμένους
2628 3109 2916 3181 κοιμίζειν,
2961 3110 3097 3164 ἀλλὰ
3148 3111 3223 3183 μὴ
3271 3111 3449 3166 πάντα
3489 3111 3709 3181 χαλινὸν

449 3200 542 3248 tus
568 3193 663 3263 qui
700 3192 769 3247 ab
789 3195 915 3264 ipso
946 3193 1001 3247 in
1034 3194 1215 3247 anima
1248 3194 1586 3258 excitantur,
1624 3172 1838 3248 ratione
1857 3192 2026 3248 veluti

2129 3198 2322 3269 ἡδονῆς
2362 3172 2589 3262 ἀνέντας
2622 3172 2885 3271 περιορᾷν
2930 3200 3023 3254 τὸν
3064 3172 3223 3265 yo-S‘v;
3251 3201 3440 3274 ὥσπερ
3471 3172 3711 3273 ἡνίοχον,

450 3282 621 3354 ﬂagro
648 3284 1037 3353 compescendi
1086 3292 1240 3348 sunt,
1276 3300 1386 3338 non
1435 3292 1619 3339 autem
1661 3284 1893 3340 habenis
1934 3298 2029 3338 vo-

452 3376 648 3445 luptati
697 3376 925 3431 omnino
952 3376 1152 3432 laxatis
1198 3376 1522 3449 negligenda
1562 3392 1718 3432 mens
1762 3386 1866 3442 est,
1892 3376 2028 3432 adeo

454 3477 513 3522 ut
543 3470 701 3539 quasi
738 3468 929 3540 auriga
956 3469 1051 3539 qui
1082 3469 1151 3524 ab
1197 3470 1354 3539 cquis
1380 3468 1603 3524 elTreuis
1648 3468 2029 3538 violenterque

454 3561 677 3632 agitatis
717 3562 978 3631 abreptus
1011 3560 1105 3625 sit,
1146 3560 1401 3615 ducatur.
1429 3559 1540 3614 Nec
1568 3560 1667 3615 abs
1700 3575 1760 3615 re
1788 3559 1895 3614 erit
1927 3558 2033 3631 Py-

454 3654 693 3724 thagora:
724 3652 1057 3717 meminisse,
1085 3652 1177 3722 qui
1211 3667 1335 3706 cum
1365 3650 1650 3706 didicisset
1696 3650 1932 3720 aliquem
1963 3666 2030 3705 ex

455 3745 823 3800 familiaribus
853 3760 976 3799 sese
1017 3753 1071 3799 et
1099 3743 1589 3799 exercitationibus
1615 3750 1670 3797 et
1702 3743 1846 3797 escis
1874 3742 2032 3797 valde

454 3838 747 3893 admodum
776 3837 1055 3908 saginare,
1082 3843 1137 3891 et
1171 3851 1463 3893 carnosum
1492 3835 1721 3891 reddere
1755 3850 1769 3886 :
1799 3832 1913 3898 Sic,
1943 3834 2030 3888 in-

453 3928 603 3999 quit,
631 3943 742 3982 non
774 3929 995 3982 desines
1040 3928 1346 3999 graviorem
1377 3926 1698 3995 tibimetipsi
1749 3940 2027 3981 carcerem

452 4020 771 4078 exstruere?
798 4020 957 4076 Unde
977 4020 1167 4075 dicunt
1192 4029 1245 4076 et
1277 4020 1557 4075 Platonem
1590 4019 1966 4091 provenientis
1997 4034 2028 4072 a

454 4127 687 4183 corpore
735 4126 892 4167 noxae
920 4113 1231 4183 praescium,
1257 4112 1591 4168 insalubrem
1630 4114 1819 4168 Atticae
1850 4111 2028 4167 locum

454 4204 808 4260 Academiam
836 4206 903 4260 de
934 4206 1209 4260 industria
1255 4206 1506 4276 elegisse,
1545 4213 1604 4259 ut
1636 4206 1801 4263 nimis
1825 4207 2029 4263 bonum

455 4297 712 4366 corporis
759 4305 964 4351 statum
994 4298 1151 4368 quasi
1188 4297 1520 4368 superﬂuam
1576 4299 1869 4368 quamdam
1900 4299 2031 4355 vitis

2064 3348 2081 3363 γ
2129 3289 2235 3343 ὑπδ
2284 3289 2548 3361 δυσηνίων
2591 3290 2775 3346 ἵππων
2821 3289 2976 3363 ὕϐρει
3032 3293 3348 3366 φερομένων
3395 3293 3712 3366 παρασυρό-

2131 3395 2291 3450 μενον
2318 3379 2578 3448 ἄγεσθαι’
2614 3379 2828 3434 καὶτοῦ
2872 3380 3193 3454 Πυθαγόρου
3226 3381 3536 3452 μεμνῆσθαι
3569 3382 3710 3452 (75),

2127 3469 2206 3534 ὃς,
2232 3469 2342 3522 τῶν
2372 3464 2636 3523 συνόντων
2656 3471 2778 3524 τινὰ
2819 3470 3153 3542 καταμαθὼν
3175 3474 3493 3543 γυμνασίοις
3513 3491 3572 3527 τε
3615 3475 3715 3528 καὶ

2131 3561 2323 3625 σιτίοις
2352 3561 2544 3615 ἑαυτὸν
2575 3557 2634 3615 εὖ
2669 3560 2812 3633 μάλα
2846 3563 3317 3634 κατασαρκοῦντα,
3358 3563 3530 3630 οὕτως
3566 3565 3670 3636 ἔφη
3693 3571 3709 3597 ⁸

2135 3652 2213 3706 Οὐ
2268 3652 2452 3727 παύσῃ
2492 3652 2871 3726 χαλεπώτερον
2925 3654 3138 3724 σεαυτῷ
3183 3655 3607 3718 κατασκευάζων
3648 3656 3716 3709 τὸ

2132 3746 2538 3817 δεσμωτήριον;
2574 3746 2665 3800 Διὸ
2684 3747 2748 3818 δὴ
2778 3747 2875 3801 κοὶ
2899 3746 3163 3801 Πλάτωνά
3193 3765 3344 3817 φασι,
3374 3747 3474 3820 τὴν
3507 3750 3572 3803 ὲκ
3605 3748 3716 3801 σώ-

2135 3852 2305 3907 ματος
2337 3836 2539 3907 βλάϐην
2584 3836 2957 3908 προῖδόμενον,
3003 3836 3064 3889 τὸ
3113 3838 3343 3902 νοσῶδες
3381 3839 3581 3910 χωρίον
3612 3839 3716 3910 τῆς

2144 3929 2394 4000 Ἀττικῆς
2452 3927 2552 4002 τὴν
2608 3929 2940 4001 Ἀκαδημίαν
2996 3931 3322 3987 καταλαϐεῖν
3369 3931 3712 4002 ἐξεπίτηδες,

2133 4023 2219 4076 ἵνα
2255 4021 2354 4095 τὴν
2382 4022 2522 4092 ἀγαν
2550 4023 2849 4079 εὐπάθειαν
2893 4025 2987 4080 τοῦ
3035 4027 3286 4097 σώματος
3318 4019 3429 4080 οἷον
3461 4024 3713 4095 ἀμπέλου

2130 4114 2229 4186 τὴν
2258 4115 2338 4177 είς
2377 4114 2446 4168 τά
2474 4114 2702 4187 περιττὰ
2746 4116 2916 4188 φορὰν
2948 4117 3267 4187 περικόπτοι
3297 4114 3430 4186 (74).
3484 4114 3625 4183 Ἐγὼ
3654 4113 3715 4169 δὲ

2131 4206 2227 4261 καὶ
2271 4205 2546 4278 σφαλερὰν
2600 4202 2738 4260 εἶναι
2776 4206 2874 4280 τὴν
2910 4208 2999 4260 ἐπ’
3037 4207 3205 4279 ἀκρον
3249 4205 3464 4274 εὐεξίαν
3511 4205 3715 4280 ἰατρῶν

2131 4301 2361 4371 ἥκουσα.

459 4388 799 4444 feracitatem
828 4399 1155 4462 amputaret.
1182 4390 1295 4463 Ego
1328 4400 1511 4447 autem
1544 4394 1794 4465 corporis
1823 4394 2202 4451 habitudinem
2250 4412 2464 4453 summe
2490 4398 2688 4453 bonam
2719 4398 2878 4453 etiam
2911 4398 3275 4468 periculosam
3326 4413 3450 4455 esse
3483 4412 3519 4452 ιι
3540 4397 3717 4452 medi-

458 4484 539 4538 cis
565 4484 771 4539 audivi.

527 4574 581 4630 8.
614 4576 749 4630 Cum
779 4577 945 4649 igitur
976 4580 1144 4634 nimia
1176 4582 1267 4635 illa
1294 4585 1546 4654 corporis
1571 4599 1701 4640 cura
1719 4585 2026 4663 et‘corpori

2200 4579 2254 4635 8.
2292 4580 2420 4633 Ὅτε
2446 4580 2622 4634 τοίνυν
2656 4582 2691 4653 ἡ
2740 4581 2878 4651 ἄγαν
2922 4581 3060 4655 αὕτη
3087 4584 3182 4637 τοῦ
3228 4583 3478 4655 σώματος
3516 4588 3716 4659 ἐπιμέο

456 4667 563 4739 ipsi
593 4669 802 4726 inutilis
841 4670 934 4734 sit,
960 4679 1015 4726 et
1049 4674 1244 4729 animm
1271 4675 1494 4741 olliciat,
1538 4677 1587 4731 ei
1617 4678 1941 4733 submittere
1972 4694 2030 4734 se

456 4768 511 4814 et
532 4760 759 4830 obsequi
780 4762 1069 4819 manifesta
1093 4763 1259 4821 fuerit
1280 4767 1518 4825 insania.
1547 4768 1678 4836 Sed,
1703 4771 1749 4825 si
1774 4771 1876 4825 hoe
1900 4785 2032 4824 con-

456 4858 699 4907 temnere
721 4850 1092 4922 studeremus,
1110 4854 1202 4909 vix
1228 4856 1377 4910 aliud
1396 4857 1698 4929 quidquam
1725 4859 2027 4913 humanum

530 5010 573 5041 ¹⁶
614 5009 631 5062 Ι
670 5009 801 5082 Reg.
837 5025 958 5077 xvt,
992 5008 1083 5064 23.
1162 5010 1204 5042 “
1240 5009 1396 5067 Rom.
1431 5028 1555 5077 xm,
1591 5012 1675 5067 14.

526 5165 637 5242 (70)
686 5167 793 5242 Pro
832 5170 1492 5242 ἀναπλησθῆναιλιεείιιιι·
1533 5170 1588 5223 in
1638 5167 1799 5242 Colb.
1863 5167 2029 5242 tertio

456 5234 872 5310 ἀναπληρῶσαι.
907 5234 1206 5297 Mox-idem
1244 5234 1373 5296 ms:
1392 5240 1502 5293 τῶν
1536 5239 1819 5311 προδήλως
1850 5238 2031 5309 αἰσχί-

458 5321 621 5360 στων.

530 5377 643 5450 (Ἡ)
672 5379 896 5451 Antiqui
931 5390 1043 5438 tres
1070 5383 1192 5438 libri
1213 5381 1623 5443 συννενευκότα,
1645 5394 1843 5450 nempe
1866 5379 2032 5451 θρέμ-

462 5462 628 5514 ματα.
662 5451 765 5503 Alii
789 5449 899 5505 duo
931 5470 1064 5508 mss.
1083 5462 1137 5508 et
1161 5453 1292 5508 editi
1328 5450 1773 5513 συννενευκότας.

533 5516 646 5587 (72)
684 5520 843 5594 Editi'
869 5531 923 5576 et
952 5540 1086 5578 mss.
1119 5540 1226 5577 non
1286 5525 1443 5594 pauci
1495 5522 1804 5594 φιλοσοφία,
1835 5527 1896 5594 et
1946 5520 2029 5573 sic

461 5600 678 5663 quoque
724 5592 956 5663 primum
1007 5591 1305 5663 scripserat
1354 5594 1615 5646 librarius
1665 5594 1718 5645 in
1751 5591 1908 5644 Coll).
1947 5606 2033 5643 se-

462 5660 663 5730 cundo,
692 5661 786 5715 sed
811 5662 928 5730 ipse
959 5664 1032 5717 ita
1056 5660 1390 5725 emendavit,
1427 5673 1486 5716 ut
1520 5678 1666 5718 nunc
1692 5664 1904 5728 legatur
1935 5677 2030 5728 φι-

462 5726 732 5799 λοσοφίας.
759 5726 958 5788 lbidem
996 5733 1162 5789 editio
1184 5733 1358 5790 Paris.
1387 5733 1688 5803 κτωμένου.
1728 5726 1910 5787 Editio
1933 5726 2032 5785 Ba-

2128 4670 2246 4723 λεια
2286 4670 2436 4742 αὐτῷ
2472 4689 2531 4725 τε
2561 4673 2879 4745 ἀλυσιτελὴς
2912 4675 2991 4746 τῷ
3024 4674 3257 4747 σώματι,
3303 4677 3395 4730 καὶ
3442 4678 3582 4749 πρὸς
3614 4680 3718 4751 τὴν

2126 4764 2303 4835 ψυχὴν
2351 4766 2606 4835 ἐμπόδιόν
2647 4769 2793 4820 ὲστιο
2835 4768 2896 4821 τό
2929 4786 2992 4837 γε
3044 4768 3498 4824 ύποπεπτωκέναι
3538 4769 3721 4842 τούτῳ

2134 4862 2230 4915 καὶ
2263 4859 2588 4935 θεραπεύειν
2645 4863 2810 4934 μανία
2844 4867 3042 4936 σαφής.
3086 4863 3245 4918 Ἀλλά
3292 4866 3399 4938 μὴν
3437 4869 3485 4920 εί
3523 4866 3721 4921 τούτου

2137 5167 2227 5225 sil.
2254 5176 2319 5243 et_
2339 5167 2496 5239 Regii
2524 5166 2635 5223 duo
2688 5184 2826 5225 mss.
2876 5170 3115 5243 itemque
3151 5172 3243 5226 alii
3266 5172 3378 5227 duo
3409 5171 3721 5230 Colbcrtini

2137 5241 2461 5309 κτωμένους.

2209 5309 2323 5382 (75)
2357 5310 2434 5382 Et
2455 5310 2546 5364 hie
2590 5325 2808 5380 quoque
2845 5310 3002 5367 Colb.
3030 5311 3222 5368 tertius
3257 5327 3287 5365 a
3313 5312 3540 5382 reliquis
3572 5329 3719 5368 mss.

2138 5379 2387 5454 dissidet.
2419 5380 2494 5454 ita
2526 5381 2691 5454 igitur
2717 5379 2777 5454 in
2805 5382 2909 5436 hoc
2954 5384 3125 5454 veteri
3156 5384 3296 5437 libro
3330 5379 3574 5454 legitur,
3610 5384 3723 5438 οὐκ

2138 5451 2357 5524 ἀγεννὲς
2378 5451 2475 5524 καὶ
2499 5452 2594 5524 τοῦ
2623 5453 2941 5524 Πυθαγόρου
2968 5453 3292 5524 μεμνῆσθαι.
3326 5451 3446 5509 Mox
3474 5460 3722 5524 utraque

2139 5521 2309 5597 editio
2337 5523 2401 5597 ορ
2426 5522 2645 5597 παύσει.
2682 5523 2830 5597 Libri
2850 5521 3073 5597 veteres
3104 5521 3310 5597 παύσῃ.

2207 5592 2319 5662 (74)
2365 5592 2543 5649 Edttio
2588 5592 2763 5649 Paris.
2805 5595 3132 5665 περικόπτῃ.
3178 5592 3422 5653 Διἰιιεε.
3480 5593 3722 5668 περικόι

2135 5678 2254 5714 πτοι
2263 5695 2275 5714 ι
