3982 6240
272 319 368 376 595

1185 307 1420 364 SERMO
1462 305 1551 360 DE
1586 301 1925 361 LEGENDIS
1965 299 2188 354 LIBRIS
2230 298 2634 356 GENTILIUM.

3415 299 3522 356 586

268 457 326 509 γε
357 436 636 507 ὑπερορᾷν
660 435 1054 506 μελετήσαιμεν
1083 431 1218 502 (75),
1249 429 1408 498 σχολῇ
1432 428 1481 496 γ’
1517 426 1643 480 ἄλλο
1668 443 1720 477 τι
1743 424 1851 477 τῶν

1967 430 2103 477 esset
2135 423 2292 476 nobis
2324 419 2692 475 admirationi.
2735 415 2892 487 183
2922 415 3065 482 Quid
3102 418 3248 473 enim
3276 418 3389 488 jam
3426 437 3528 476 no—

270 528 625 600 ἀνθρωπίνων
679 527 1084 597 θαυμάσαιμεν.
1134 523 1198 574 Τί
1249 521 1358 592 γὰρ
1405 519 1486 572 ἔτι
1536 516 1852 588 χρησόμεθα

273 620 502 689 πλούτῳ,
531 619 632 682 τὰς
658 619 748 673 διὰ
783 617 878 671 τοῦ
922 617 1173 688 σώματος
1221 612 1422 684 ἡδονὰς.
1458 608 1849 680 ἁτιμάζοντες;

285 707 421 776 Ἐγὼ
454 708 553 778 μὲν
609 708 708 777 οὐχ
746 707 878 778 όρῶ,
913 704 1051 776 πλὴν
1087 705 1136 757 εί
1176 705 1271 775 μὴ,
1302 701 1441 756 κατά
1481 701 1606 763 τοὺς
1652 702 1708 752 ὲν
1743 701 1853 761 τοῖς

281 801 460 870 μύθοις
489 799 812 871 δράκοντας,
839 799 1031 869 ἡδονήν
1062 813 1184 851 τινα
1216 796 1370 866 φέροι
1398 794 1692 865 θησαυροῖς
1731 808 1854 844 κατ-

275 892 678 963 ορωρυγμένοις
734 893 1124 963 ἐπαγρυπνεῖν.
1171 890 1241 942 Ὅ
1287 905 1351 956 γε
1389 886 1494 958 μὴν
1532 883 1856 955 ἐλευθερίως

266 987 407 1055 πρὸς
447 987 514 1038 τὰ
560 984 792 1038 τοιαῦτα
819 983 1118 1038 διακεῖσθαι
1162 978 1610 1051 πεπαιδευμένος,
1661 976 1854 1030 πολλοῦ

275 1077 338 1129 ἄν
368 1076 480 1130 δέοι
510 1076 768 1130 ταπεινόν
803 1093 857 1128 τι
904 1075 998 1129 καὶ
1036 1072 1260 1144 αἰσχρὸν
1292 1072 1436 1141 ἔργῳ
1479 1068 1510 1140 ἢ
1542 1067 1684 1138 λόγῳ
1728 1067 1856 1120 ποτὲ

279 1168 620 1238 προελέσθαι.
675 1167 750 1220 Τὸ
783 1166 893 1236 γὰρ
932 1167 1029 1234 τῆς
1082 1164 1268 1236 χρείας
1315 1162 1719 1232 περιττότερον,
1755 1157 1858 1212 κᾶν

277 1260 464 1313 Λύδιον
548 1260 768 1330 ψῆγμα,
805 1258 906 1312 κᾶν
937 1257 1043 1310 τῶν
1064 1257 1366 1328 μυρμήκων
1387 1242 1546 1327 ἔργον
1588 1254 1696 1306 τῶν
1728 1269 1858 1322 χρυ-

281 1353 540 1421 σοφόρων,
570 1349 811 1419 τοσούτῳ
850 1349 1008 1402 πλέον
1041 1347 1319 1419 ἀτιμάσει,
1349 1346 1565 1416 ὅσῳπερ
1601 1343 1666 1396 ἂν
1695 1339 1858 1414 ἦττον

278 1441 608 1511 προσδέηται
626 1458 640 1470 ο
676 1440 848 1510 αὐτὴν
874 1439 930 1491 δὲ
961 1440 1131 1510 δήπου
1158 1438 1254 1509 τὴν
1283 1436 1469 1507 χρείαν
1497 1438 1610 1498 τοῖς
1627 1437 1724 1504 τῆς
1755 1434 1857 1502 φύ-

278 1551 412 1596 σεως
442 1533 788 1602 ἀναγκαίοις.
830 1531 945 1584 ἀλλ’
978 1531 1036 1584 οὑ
1083 1532 1203 1593 ταῖς
1239 1528 1451 1599 ἡδοναῖς
1479 1529 1729 1598 ὁριεῖται.
1774 1527 1859 1588 Ὡς

273 1626 408 1691 οἵγε
443 1625 556 1677 τῶν
579 1625 895 1693 ἀναγκαίων
922 1625 1060 1695 ὅρων
1079 1622 1182 1686 ἔξω
1212 1621 1491 1691 γενόμενοι
1525 1619 1659 1690 (76),
1684 1635 1859 1688 παρα-

275 1716 518 1786 πλησίως
553 1721 666 1781 rei;
714 1715 859 1770 κατά
907 1714 1000 1768 τοῦ
1051 1712 1290 1785 πρανοῦς
1355 1711 1673 1784 φερομένοις
1727 1709 1862 1780 πρὸς

1957 515 2062 576 bis,
2103 513 2150 568 si
2204 512 2450 582 corporis
2495 512 2806 580 voluptates
2848 509 3216 573 fastidiamus,
3253 526 3391 581 opus
3422 516 3529 568 erit

1955 605 2199 660 divitiis?
2230 603 2342 674 Ego
2364 604 2585 674 quidem
2635 618 2743 657 non
2773 603 2954 668 video,
2985 603 3112 666 nisi,
3146 613 3206 657 ut
3241 604 3294 658 in
3329 605 3530 661 fabulis

1954 707 2040 753 est
2067 698 2404 760 draconum,
2447 695 2749 766 jucundum
2777 695 2848 751 sit
2888 703 2942 751 et
2987 703 3206 766 gratum
3255 696 3530 752 thesauris

1955 787 2192 844 defossis
2231 789 2534 860 invigilare.
2568 787 2794 842 Multum
2830 795 3010 842 autem
3061 788 3318 853 abfuerit,
3356 789 3530 858 utqui

1957 882 2262 937 liberaliter
2293 882 2349 935 in
2399 883 2602 937 talibus
2654 881 2853 936 habere
2892 896 2952 935 se
2986 879 3258 943 didicerit,
3288 894 3530 948 unquam

1893 985 1902 992 ·
1958 971 2165 1028 humile
2197 972 2476 1044 quidpiam
2505 981 2560 1028 et
2597 984 2757 1041 turpe
2792 971 2937 1026 facto
2969 978 3063 1025 aut
3096 970 3244 1026 dicto
3271 970 3375 1025 sibi
3404 984 3536 1040 pro-

1958 1075 2144 1136 ponat.
2173 1064 2452 1135 Quidquid
2481 1065 2628 1119 enim
2684 1062 3024 1134 superfluum
3057 1071 3162 1126 est,
3195 1070 3250 1116 et
3286 1063 3532 1118 necessi-

1959 1155 2087 1208 tatis
2123 1154 2346 1208 modum
2388 1154 2624 1217 excedit,
2669 1154 2785 1209 sive
2832 1153 3002 1226 Lydia
3050 1167 3216 1207 arena
3270 1152 3364 1219 sit,
3419 1153 3538 1208 sive

1959 1243 2317 1299 formicarum
2347 1243 2712 1298 auriferarum
2747 1259 2906 1312 opus,
2940 1251 3096 1298 tanto
3138 1245 3311 1314 magis
3344 1259 3537 1314 asper-

1959 1337 2222 1400 nabitur,
2273 1345 2478 1406 quanto
2519 1336 2702 1392 minus
2754 1336 3058 1407 indigebit:
3107 1336 3308 1406 quippe
3375 1351 3533 1390 usum

1960 1431 2141 1498 ipsum
2206 1428 2633 1484 necessitatibus
2695 1435 2906 1482 natura:
2964 1429 3236 1492 metietur,
3285 1443 3394 1482 non
3440 1443 3535 1482 vo-

1962 1521 2287 1590 luptatibus.
2330 1519 2464 1573 Nam
2509 1521 2602 1589 qui
2647 1520 2990 1575 necessarios
3042 1520 3309 1575 terminos
3341 1534 3535 1574 exces-

1962 1628 2103 1677 sere,
2135 1627 2258 1667 cum
2279 1613 2390 1683 jam
2421 1614 2549 1677 sibi,
2578 1627 2732 1667 more
2755 1627 2946 1668 eorum
2988 1614 3081 1682 qui
3113 1614 3166 1666 in
3198 1613 3408 1668 declive
3453 1613 3535 1668 fe-

1963 1712 2181 1766 runtur,
2232 1704 2371 1758 nihil
2425 1703 2638 1759 firmum
2694 1713 2968 1776 suppetat,
2998 1705 3065 1759 ad
3105 1706 3246 1774 quod
3288 1723 3346 1761 se
3395 1708 3537 1762 reci-

273 1810 419 1863 οὖδὲν
460 1811 726 1881 στάσιμον
770 1809 984 1879 ἔχοντες
1021 1806 1327 1876 ἀποϐῆναι,
1363 1803 1596 1875 οὖδαμοῦ
1641 1803 1740 1871 τῆς
1782 1805 1861 1866 είς

1967 1796 2138 1866 piant,
2177 1809 2450 1866 nusquam
2485 1797 2718 1852 ulterius
2767 1797 2940 1865 abripi
2993 1796 3399 1852 intermittunt:
3439 1799 3537 1854 sed

272 1901 331 1954 τὸ
373 1902 566 1972 πρόσω
599 1903 772 1971 φορᾶς
827 1901 1102 1952 ἵστανται·
1151 1897 1264 1950 ἀλλ’
1304 1898 1522 1968 ὅσῳπερ
1568 1896 1635 1949 ἂν
1687 1894 1858 1947 πλείω

275 1993 843 2066 προσπεριϐἀλωνται,
889 1991 979 2045 τοῦ
1023 1992 1137 2045 ἴσου
1172 1991 1380 2044 δέονται
1423 1989 1456 2058 ἢ
1487 1988 1581 2041 καὶ
1617 1987 1858 2048 πλείονος

273 2085 404 2154 πρὸς
436 2083 537 2156 τὴν
555 2084 656 2154 τῆς
680 2083 979 2152 ἐπιθυμίας
1007 2081 1373 2152 ἐκπλήρωσιν,
1410 2079 1547 2132 κατά
1567 2078 1659 2131 τὸν
1702 2076 1856 2146 Ἐξη-

273 2175 516 2229 κεστίδου
541 2175 778 2240 Σόλωνα,
801 2176 860 2238 ὃς
879 2190 1044 2244 φησι·

271 2287 548 2339 Πλούτου
607 2285 659 2338 δ’
703 2285 888 2339 οὐδὲν
929 2284 1109 2354 τέρμα
1164 2283 1573 2424 αττεςριῑσμένονι
1604 2282 1857 2362 ἀζδρὰσι

1581 2371 1784 2406 κειται.

1581 2371 1784 2406 κειται.

273 2466 363 2536 Τῷ
401 2468 459 2520 δὲ
507 2467 752 2535 Θεόγνιδι
799 2467 936 2540 πρὸς
981 2468 1149 2522 ταῦτα
1201 2467 1501 2539 διδασκάλῳ
1559 2466 1857 2539 χρηστέον,

275 2559 489 2627 λέγοντι
514 2579 526 2591 ·

271 2673 390 2726 Οὐκ
412 2673 632 2744 ἕἔραμαι
660 2672 968 2744 πᾼουτεῖν,
1003 2673 1126 2726 οὔτ’
1152 2671 1420 2744 εὐχομαι,
1450 2670 1609 2724 ἀλλά
1627 2688 1728 2738 μοι
1766 2671 1859 2737 εἴη

346 2740 476 2813 Ζῆὶρ
499 2740 623 2799 ἀπὸ
656 2742 777 2796 τῶν
805 2744 1040 2812 ὀλίγων,
1070 2740 1264 2809 μηδὲν
1286 2741 1488 2809 ἔχοντι
1510 2744 1715 2794 κακόν.

290 2855 428 2924 Ἐγὼ
459 2856 520 2909 δὲ
550 2856 647 2908 καὶ
679 2854 965 2923 Διογένους
993 2855 1203 2924 ἄγαμαι
1231 2854 1329 2925 τὴν
1363 2853 1578 2907 πάντων
1601 2853 1736 2922 ὁμοῦ
1756 2853 1862 2905 τῶν

259 2948 639 3019 ’ἀνθρωπίνων
671 2946 996 3017 ὑπεροψίαν,
1032 2947 1089 3010 ὃς
1114 2962 1178 3015 γε
1209 2947 1302 3000 καὶ
1332 2944 1593 3015 βασιλέως
1621 2945 1715 2998 τοῦ
1749 2945 1862 3014 (77)

278 3041 520 3110 μεγάλου
563 3039 755 3092 ἑαυτὸν
788 3038 1034 3109 ἀπέφηνε
1077 3038 1491 3111 πλουσιώτερον,
1527 3038 1602 3108 τῷ
1647 3037 1864 3091 ἐλαττό-

276 3149 381 3183 νων
415 3132 449 3202 ῆ
488 3133 698 3194 ἐκεῖνος
731 3131 873 3185 κατά
914 3131 1005 3184 τὸν
1049 3130 1162 3202 βίον
1199 3132 1569 3204 προσδεῖσθαι.
1615 3133 1778 3202 Ἡμῖν
1805 3132 1863 3186 δὲ
1891 3153 1932 3212 C

273 3223 404 3293 ἄρα,
443 3223 495 3274 εί
538 3221 613 3292 μὴ
638 3221 703 3274 τὰ
739 3220 937 3275 Πυθίου
980 3221 1074 3275 τοῦ
1120 3220 1308 3275 Μυσοῦ
1347 3221 1574 3290 προσείη
1605 3219 1862 3284 τάλαντα,

276 3317 370 3368 καὶ
427 3313 642 3383 πλέθρα
684 3311 789 3381 γῆς
829 3311 962 3364 τόσα
1007 3310 1100 3364 καὶ
1151 3311 1305 3376 τόσα,
1357 3310 1452 3364 καὶ
1505 3309 1866 3382 βοσκημάτων

274 3407 434 3476 ἑσμοὶ
470 3403 693 3466 πλείους
728 3402 760 3471 ἢ
805 3401 1126 3472 ἀριθμῆσαι,
1170 3401 1318 3454 οὐδὲν
1361 3400 1667 3472 ἐξαρκέσει.
1704 3401 1864 3465 Ἀλλ’,

275 3493 453 3567 οἶμαι,
488 3496 761 3566 προσήκει
791 3493 903 3564 (78)
942 3494 1150 3548 ἀπόντα
1171 3510 1229 3545 τε
1265 3493 1339 3565 μὴ
1372 3493 1557 3546 ποθεῖν
1582 3494 1672 3546 τὸν
1703 3494 1865 3548 πλοῦ-

275 3605 386 3650 τον,
414 3589 514 3640 καὶ
542 3588 830 3658 παρόντος,
867 3586 940 3656 μὴ
969 3584 1048 3654 τῷ
1071 3585 1365 3655 κεκτῆσθαι
1398 3581 1596 3655 μᾶλλον
1628 3589 1865 3656 φρονεῖν,

275 3680 307 3749 ἣ
450 3680 655 3732 εἰδέναι
688 3679 850 3731 αὑτὸν
877 3677 1228 3730 διατίθεσθαι.
1259 3677 1333 3729 Τὸ
1371 3676 1480 3748 γὰρ
1520 3675 1612 3728 τοῦ
1645 3677 1866 3747 Σωκράο

276 3785 403 3834 τους
440 3766 502 3824 εὖ
535 3768 684 3840 ἔχει’
733 3769 791 3832 ὃς
829 3770 973 3840 μέγα
1012 3768 1333 3838 φρονοῦντος
1373 3767 1628 3821 πλουσίου
1678 3767 1868 3842 ἀνδρὸς

276 3862 368 3914 ἐπὶ
389 3866 503 3926 τοῖς
523 3863 630 3932 χρή
641 3877 823 3931 μασιδ,
857 3861 916 3913 οὐ
941 3860 1204 3930 πρότερον
1225 3859 1384 3912 αὐτὸν
1413 3858 1710 3930 θαυμάσειν
1739 3860 1864 3931 ἔφη,

278 3954 411 4022 πρὶν
443 3954 512 4007 ἂν
541 3953 636 4006 καί
666 3955 746 4006 ὅτι
779 3951 1078 4022 κεχρῆσθαι
1119 3950 1325 4014 τούτοις
1357 3951 1642 4003 ἐπίσταται
1677 3968 1868 4022 πειρα-

278 4043 460 4118 θῆναι.
494 4047 566 4098 Ἦ
597 4046 810 4108 Φειδίας
834 4045 930 4115 μὲν
951 4045 1042 4097 καὶ
1071 4043 1442 4106 Πολύκλειτος,
1473 4047 1521 4096 εί
1551 4043 1629 4114 τῷ
1661 4047 1869 4115 χρυσίῳ

283 4139 428 4210 μέγα
471 4137 740 4208 ἐφρόνουν
788 4136 881 4189 καὶ
924 4135 1001 4205 τῷ
1035 4135 1302 4204 ἐλέφαντι,
1337 4129 1411 4187 ὧν
1439 4138 1467 4188 ό
1501 4135 1598 4205 μὲν
1641 4137 1866 4202 Ἠλείοις

277 4231 372 4283 τὸν
399 4229 519 4288 Δία,
555 4231 584 4282 ό
616 4228 675 4280 δὲ
712 4226 810 4297 τὴν
843 4227 1020 4297 Ἥραν
1071 4226 1333 4297 ’Λργείοις
1379 4227 1732 4298 ἐποιησάτην,
1769 4248 1870 4282 κα-

281 4321 604 4388 ταγελάστω
654 4319 719 4370 ἂν
756 4319 926 4387 ἦστην
961 4315 1220 4389 ἀλλοτρίῳ
1271 4317 1486 4387 πλούτῳ
1529 4319 1868 4383 καλλωπιζό-

839 4409 851 4427 1

285 4430 458 4483 μενοι,
512 4410 746 4479 ἀφέντες
801 4409 900 4481 τὴν
928 4409 1143 4479 τέχνην,
1201 4409 1290 4478 ὑφ’
1336 4406 1404 4482 ἧς
1451 4410 1546 4463 καὶ
1592 4411 1622 4461 ό
1669 4413 1868 4482 χρυσὸς

1958 1903 2067 1958 quo
2097 1888 2254 1958 plura
2287 1889 2702 1959 compararint,
2753 1905 2820 1944 eo
2857 1889 3030 1960 magis
3069 1905 3209 1960 opus
3256 1890 3539 1946 habebunt

1960 1980 2205 2048 paribus,
2236 1987 2329 2034 aut
2355 1981 2519 2034 etiam
2550 1979 2914 2049 amplioribus
2947 1980 3014 2034 ad
3053 1981 3409 2051 cupiditatem
3441 1998 3538 2037 ex-

1960 2069 2234 2137 plendam,
2288 2071 2589 2125 secundum
2647 2069 2981 2126 Execestidae
3032 2070 3202 2126 filium
3256 2071 3535 2142 Solonem,

1959 2158 2054 2228 qui
2087 2163 2162 2214 ait
2195 2179 2208 2214 :

2032 2273 2247 2398 givitiis
2282 2273 2487 2328 nullum
2522 2283 2762 2329 statuunt
2790 2277 3038 2330 mortalia
3069 2277 3220 2330 ﬁnem

2081 2354 2282 2398 estora.

2081 2354 2282 2399 εειοτα.

1962 2461 2020 2515 In
2057 2461 2141 2516 his
2177 2460 2342 2515 etiam
2374 2458 2695 2530 Theoguide
2730 2462 2993 2532 magistro
3025 2463 3286 2520 utendum
3311 2471 3416 2533 est,
3441 2465 3536 2537 qui

1964 2553 2098 2607 dicit
2131 2568 2148 2605 :

1966 2665 2089 2721 Non
2116 2684 2235 2722 amo
2270 2668 2509 2731 divitias,
2548 2685 2649 2722 non
2677 2680 2794 2736 opto
2826 2685 2842 2722 :
2869 2680 2922 2722 at
2953 2672 3118 2725 viuere
3159 2679 3364 2725 tantum

2034 2737 2237 2808 Exiguo
2269 2739 2445 2803 liceat,
2477 2739 2551 2792 nil
2581 2741 2648 2792 sit
2687 2751 2742 2792 ut
2771 2739 2891 2794 inde
2919 2743 3069 2795 mali.

1965 2849 2078 2920 Ego
2106 2858 2287 2906 autem
2317 2852 2374 2906 in
2414 2849 2655 2921 Diogene
2684 2852 2848 2906 etiam
2879 2854 3126 2908 omnium
3155 2854 3322 2909 simul
3349 2854 3542 2909 huma-

1966 2957 2160 2996 narum
2210 2957 2392 2997 rerum
2440 2941 2682 2996 admiror
2722 2951 3120 3015 contemptum,
3151 2946 3246 3017 qui
3294 2961 3545 3018 pronun-

1967 3035 2123 3088 tiavit
2157 3050 2216 3091 se
2268 3049 2398 3106 rege
2433 3051 2633 3106 magno
2684 3037 2961 3102 ditiorem,
2998 3039 3145 3109 quod
3180 3041 3234 3094 in
3275 3039 3382 3094 vita
3407 3053 3542 3110 pau-

1968 3127 2209 3182 cioribus
2249 3142 2416 3197 quam
2447 3128 2538 3184 ille
2579 3139 2780 3200 egeret.
2819 3129 2990 3185 Nobis
3032 3138 3248 3196 autem,
3281 3132 3389 3188 nisi
3435 3130 3543 3204 Py-

1968 3220 2068 3273 thii
2092 3218 2228 3292 Mysi
2257 3220 2440 3276 adsint
2492 3221 2716 3285 talenta,
2767 3225 2868 3279 nisi
2917 3225 3028 3278 sint
3064 3231 3224 3279 terra:
3257 3234 3338 3278 tot
3384 3231 3435 3280 et
3463 3234 3545 3281 tot

1965 3311 2180 3382 jugera,
2213 3311 2319 3366 nisi
2343 3326 2606 3380 pecorum
2639 3328 2831 3383 greges
2867 3313 3163 3378 innumeri,
3197 3315 3428 3370 sulliciet
3457 3317 3544 3370 ni-

1967 3403 2064 3456 hil.
2119 3401 2224 3457 Sed
2257 3409 2470 3466 tamen,
2501 3404 2716 3472 opinor,
2741 3419 2841 3475 par
2891 3416 2976 3460 est
3019 3405 3240 3461 divitias
3287 3406 3544 3463 absentes

1967 3510 2078 3549 non
2109 3502 2393 3565 expetere,
2429 3511 2530 3550 nec
2564 3496 2878 3552 desiderare
2913 3516 2927 3552 :
2963 3498 3010 3553 si
3036 3514 3164 3553 vero
3195 3499 3400 3564 adsint,
3433 3515 3546 3555 non

1969 3585 2145 3656 magis
2165 3585 2236 3640 ob
2259 3586 2500 3656 ipsarum
2524 3589 2928 3656 possessionem
2949 3589 3161 3656 jactare
3189 3604 3250 3644 se
3270 3604 3436 3660 quam
3471 3591 3545 3646 ob

1970 3679 2259 3733 scientiam
2289 3677 2645 3748 dispensandi
2671 3680 2916 3734 easdem.
2943 3677 3078 3734 Nam
3106 3681 3427 3751 praeclarum
3459 3689 3547 3738 est

1971 3769 2104 3826 illud
2131 3769 2506 3842 Socratis,qui
2539 3771 2760 3826 divitem
2792 3772 3289 3842 quemdam'virum
3319 3789 3545 3846 magno-

1970 3879 2100 3934 pere
2126 3863 2194 3919 de
2233 3864 2485 3933 pecuniis
2516 3863 2922 3933 superbientem
2969 3880 3080 3919 non
3122 3866 3276 3936 prius
3308 3866 3548 3922 admira-

1971 3965 2154 4010 turum
2184 3969 2247 4010 se
2271 3955 2428 4018 dixit,
2448 3971 2609 4026 quam
2635 3956 2752 4024 ipsa
2782 3956 2861 4010 rei
2891 3957 3230 4026 experientia
3258 3957 3546 4014 didicisset

1969 4064 2094 4104 eum
2127 4047 2196 4105 iis
2223 4048 2302 4103 uti
2329 4063 2515 4104 nosse.
2535 4047 2726 4103 Nonne
2759 4049 2807 4102 si
2836 4049 2906 4104 ob
2923 4065 3117 4104 aurum
3141 4060 3196 4106 et
3226 4052 3363 4107 ehur
3389 4052 3550 4110 valde

1970 4157 2030 4196 se
2062 4141 2390 4196 extulissent
2427 4139 2648 4197 Phidias
2675 4148 2730 4195 et
2764 4139 3095 4212 Polycletus,
3132 4159 3369 4213 quorum
3406 4146 3548 4200 alter

1971 4231 2118 4288 Eleis
2150 4229 2375 4294 Jovem,
2400 4232 2538 4285 alter
2579 4231 2799 4301 Argivis
2845 4230 3117 4289 Iunonem
3167 4233 3326 4300 fecit,
3361 4245 3550 4294 essent

1971 4323 2200 4388 derisui,
2241 4322 2388 4393 quod
2421 4321 2613 4377 relicta
2653 4331 2795 4386 arte,
2821 4339 2917 4394 per
2946 4341 3111 4395 quam
3150 4326 3332 4397 ipsum
3381 4332 3548 4385 etiam

1940 4426 2168 4484 aurum
2215 4411 2514 4482 jucundius
2556 4409 2958 4483 pretiosiusque
2999 4413 3255 4470 effectum
3298 4426 3403 4482 est,
3437 4419 3550 4489 glo-

282 4504 446 4574 ηδίων
481 4503 580 4555 καὶ
624 4500 952 4571 τιμιώτερος
985 4499 1277 4573 ἀπεδείχθη
1305 4518 1317 4530 ·
1365 4503 1527 4572 ἡμεῖς
1558 4503 1635 4566 δὲ,
1661 4504 1758 4575 τὴν
1785 4506 1861 4557 ἀν·

1975 4507 2113 4560 riam
2148 4521 2215 4560 ex
2241 4505 2441 4576 apibus
2472 4507 2666 4562 alienis
2689 4515 3009 4578 captassent
3043 4523 3056 4558 :
3086 4523 3188 4562 nos
3213 4515 3416 4576 autem,
3449 4511 3547 4580 qui

284 4595 563 4665 Θρωπείαν
591 4593 793 4662 ἀρετὴν
820 4593 919 4645 οὐκ
948 4591 1196 4664 ἐξαρκεῖν
1242 4595 1406 4665 ἑαυτῇ
1445 4594 1552 4666 ('79)
1595 4595 1730 4666 πρὸς
1781 4596 1871 4648 κό-

286 4703 421 4757 σμον
451 4685 946 4755 ὑπολαμϐάνοντες,
978 4684 1256 4748 ἐλάττονος
1277 4685 1537 4756 αἰσχύνης
1559 4686 1686 4752 ἄξια
1702 4691 1871 4740 ποιεῖν

285 4777 540 4846 οἰόμεθα;
581 4775 742 4829 Ἀλλά
777 4775 910 4845 δῆτα
943 4774 1172 4828 πλούτου
1213 4777 1309 4845 μὲν
1339 4777 1740 4848 ὑπεροψόμεθα,
1774 4781 1868 4831 καὶ

286 4873 382 4932 τὰς
400 4871 490 4923 διὰ
508 4869 620 4921 τῶν
645 4867 948 4938 αἰσθήσεων
974 4867 1166 4937 ἡδονὰς
1194 4869 1559 4940 ἀτιμάσομεν,
1580 4869 1863 4934 κολακείας

287 4960 343 5012 δὲ
370 4965 463 5014 καὶ
495 4957 736 5021 θωπείας
771 4957 1094 5027 διωξόμεθα,
1128 4958 1222 5012 καὶ
1248 4960 1346 5031 τῆς
1388 4959 1698 5030 Ἀρχιλόχου
1728 4960 1866 5013 ἀλώ-

269 5120 277 5147 ¹
360 5117 468 5186 (75)
499 5114 732 5170 Codices
763 5122 875 5170 tres
907 5115 1327 5187 μελετήσαιμεν.
1379 5114 1522 5170 Editi
1560 5117 1862 5188 μελετήσα-

333 5208 410 5241 εν.

293 5206 478 5326 μεῖἦο)
517 5257 661 5312 sunt
712 5257 1007 5327 γινόμενοι.
1057 5258 1281 5327 Antiqui
1315 5267 1424 5315 tres
1461 5258 1588 5311 tum
1635 5258 1864 5327 γενόμε-

291 5346 388 5381 νοι.
424 5330 537 5384 Nec
566 5331 641 5381 ita
675 5329 850 5381 multo
886 5337 1011 5397 post
1043 5344 1187 5382 unus
1209 5327 1381 5384 codex
1414 5327 1658 5384 Combef.
1694 5344 1864 5396 προσ-

293 5400 712 5470 περιλάϐωνται.
774 5399 880 5470 Alii
939 5405 1055 5453 tres
1101 5415 1235 5470 mss.
1289 5398 1858 5470 προσπεριὸἁλωνται.

293 5467 429 5523 Εὼιὶ
495 5468 1090 5540 προσπεριϐάλλωνται.
1150 5468 1264 5540 Hoc
1315 5467 1432 5539 ipso
1557 5467 1859 5540 loco_Colb.

293 5542 486 5594 tertius
510 5536 768 5593 τοσούτου
787 5539 1019 5592 δέονται.
1057 5539 1161 5593 Alii
1190 5536 1412 5595 mssfet
1440 5539 1571 5594 editi
1614 5536 1708 5590 τοῦ
1747 5537 1862 5590 ἴσου

295 5609 514 5665 δέονται.
551 5612 691 5680 Lege
727 5609 1004 5663 Ducaaurn.

368 5683 474 5749 (Π)
515 5679 808 5737 Ηοοιοοο.
833 5690 891 5733 ut
933 5679 1062 5732 alibi
1090 5695 1253 5749 saepe,
1288 5679 1507 5734 videtur
1535 5680 1601 5734 de
1635 5695 1737 5733 suo
1767 5680 1865 5731 ali-

299 5754 422 5822 quid
453 5751 738 5806 addidisse
770 5751 1050 5814 librarius,
1085 5753 1178 5819 qui
1209 5750 1583 5806 Colbertinum
1645 5751 1864 5806 tertium

619 5849 896 5910 ΡΑτιιοι..
943 5847 1059 5908 Gn.
1110 5847 1345 5909 XXXI.

1977 4597 2234 4652 virtutem
2266 4597 2561 4652 humanam
2583 4613 2650 4652 ex
2685 4614 2742 4653 se
2775 4613 2884 4653 non
2912 4598 3161 4654 sullicere
3190 4598 3257 4652 ad
3295 4607 3547 4652 ornatum

1981 4696 2258 4758 putamus,
2282 4704 2471 4744 remne
2519 4691 2848 4764 verecundia
2883 4691 3094 4744 minore
3117 4690 3338 4760 dignam
3367 4687 3550 4744 facere

1975 4780 2419 4835 videbimur?An
2437 4781 2656 4836 divitias
2679 4782 2900 4852 quidem
2926 4781 3312 4852 despiciemus,
3346 4789 3400 4836 et
3429 4781 3550 4835 illa-

1975 4871 2167 4924 bentes
2209 4885 2307 4940 per
2350 4887 2547 4926 sensus
2595 4874 2902 4944 voluptates
2935 4872 3260 4928 habebimus
3290 4872 3546 4940 despica-

1977 4961 2078 5024 tui,
2108 4964 2534 5017 assentationem
2576 4979 2707 5017 vero
2742 4971 2797 5018 et
2836 4962 3204 5018 adulationem
3245 4977 3546 5032 proseque-

1970 5117 2213 5187 codicem
2255 5118 2568 5187 exscripsit.
2606 5116 2683 5171 lta
2717 5119 2859 5172 enim
2893 5119 2946 5171 iii
2982 5117 3087 5170 hoc
3130 5117 3351 5187 legitur,
3391 5116 3544 5186 βασι-
3620 5174 3622 5176 τ

1969 5186 2105 5250 λέως
2130 5186 2222 5240 τοῦ
2253 5186 2492 5258 μεγάλου
2514 5187 2621 5240 τῶν
2652 5187 2894 5258 Περσῶν.
2934 5188 3131 5258 Notum
3167 5186 3252 5243 est
3293 5203 3548 5258 magnum

1971 5259 2120 5379 illum
2157 5256 2360 5328 regem,
2391 5259 2549 5328 cujus
2580 5259 2666 5311 hic
2696 5256 2754 5311 lii.
2783 5259 3011 5324 mentio,
3041 5256 3337 5312 Persarum
3365 5256 3548 5328 regem

1994 5343 2163 5379 uisse.

1994 5343 2163 5384 UISSG.

2043 5398 2156 5470 (78)
2192 5398 2425 5470 Editiet
2455 5414 2598 5470 unus
2638 5413 2739 5470 n15.
2775 5399 3062 5470 προσήκει.
3090 5398 3218 5470 Alii
3256 5405 3383 5470 tresj
3407 5411 3545 5470 mss.

1972 5465 2291 5556 προσήκειν.
2315 5468 2447 5550 illo:
2468 5468 2632 5523 editio
2665 5465 2843 5556 P'aris‘.
2871 5465 3310 5523 εὖδιατίθεσθαι.
3341 5467 3550 5521 Vocula

1971 5537 2029 5592 εὗ
2065 5537 2120 5591 in
2140 5537 2360 5595 nostris
2391 5555 2483 5594 sex
2521 5553 2656 5593 mss.
2689 5539 2866 5594 deest.

2045 5607 2156 5681 (197)
2189 5608 2366 5663 Editio
2391 5608 2561 5681 _Basi_l.
2601 5608 2852 5678 ἐξαρκεῖν
2891 5611 3110 5681 ἑαυτήν.
3141 5605 3549 5681 EditionParis.

1973 5678 2094 5820 mg;
2124 5680 2344 5750 ἑαυτήν.
2389 5679 2534 5734 Libri
2569 5681 2779 5749 antiqui
2826 5697 3017 5737 omnes
3047 5678 3244 5751 ἑαυτῇ,
3289 5679 3390 5733 sibi
3444 5693 3549 5732 non

1975 5767 2032 5805 im
2092 5765 2223 5804 cere.

1975 5765 2223 5805 κωπίω-ε.

3157 5849 3232 5909 19
