3982 6240
403 305 508 361 587
1780 297 1836 353 S.
1875 296 2117 352 BASlLll
2180 291 2396 350 MAGNI
3543 282 3649 337 588

404 431 549 480 mur,
576 424 630 471 et
667 414 983 471 Archilochi
1012 415 1311 485 vulpeculae
1342 416 1601 470 astutiam
1652 423 1976 469 versutiam-

2106 429 2241 473 τεκος
2269 410 2331 462 τὸ
2346 405 2629 479 κερδαλέον
2658 421 2714 456 τε
2739 403 2831 456 καὶ
2860 403 3098 455 ποικίλον
3129 400 3475 472 ζηλώσομεν;
3511 400 3649 452 Ἀλλ’

403 522 510 576 que
538 507 956 562 aemulabimur?
978 509 1141 576 Atqui
1180 507 1313 561 nihil
1333 515 1417 562 est
1449 508 1567 561 viro
1601 507 1855 575 prudenti
1889 505 1976 559 lu-

2108 505 2174 557 ὑκ
2212 503 2360 555 ἐστιν
2393 500 2421 552 δ
2471 497 2669 569 μᾶλλον
2712 496 2971 565 φευκτέον
3014 493 3091 565 τῷ
3136 491 3500 563 σωφρονοῦντι
3554 490 3650 545 τοῦ

405 593 662 664 giendum
689 596 884 664 magis,
909 612 1070 666 quam
1097 597 1162 649 ad
1183 597 1411 666 gloriam
1440 596 1640 661 vivere,
1665 611 1838 665 eaque
1858 609 1978 664 qua:

2106 595 2213 667 ερδς
2237 595 2394 657 δόξαν
2426 590 2544 663 ζῇν,
2578 585 2772 645 καῖ’τά
2814 592 2928 652 τοῖς
2957 587 3170 650 πολλοῖς
3195 585 3452 638 δοκοῦντα
3485 599 3653 654 προσ-

406 687 567 757 vulgo
598 702 662 741 ac
690 688 1026 742 multitudini
1053 690 1660 758 probantur,spectare,
1685 697 1738 742 et
1772 695 1978 742 rectam

2080 689 2288 750 κοπεῖν,
2316 685 2410 738 καὶ
2441 683 2514 754 μὴ
2544 683 2633 736 τὸν
2683 680 2842 752 ὀρθὸν
2899 680 3053 748 λόγον
3101 678 3342 748 ἡγεμόνα
3384 677 3654 728 ποιεῖσθαι

407 779 674 833 rationem
731 779 856 833 vitae
887 778 1082 834 ducem
1134 796 1243 834 non
1293 789 1574 846 statuere,
1606 779 1682 832 ita
1732 788 1792 831 ut
1854 778 1982 832 licet

2106 778 2172 830 ὀῦ
2215 777 2364 846 βίου,
2407 775 2569 838 ὥστε,
2605 773 2709 826 κᾶν
2751 773 2916 824 πᾶσιν
2965 769 3275 840 ἀνθρώποις
3333 765 3654 834 ἀντιλέγειν,

413 866 574 938 184
605 867 926 922 hominibus
955 869 1211 924 omnibus
1241 870 1640 932 contradicere,
1665 877 1720 924 et
1750 869 1983 939 ignomi-

409 959 553 1014 niam
581 974 644 1014 ac
680 961 982 1030 periculum
1018 963 1206 1018 subire
1244 963 1460 1017 honesti
1495 977 1664 1016 causa
1706 969 1980 1032 oporteat,

413 1059 594 1104 tamen
628 1051 767 1104 nihil
797 1067 988 1108 eorum
1009 1068 1130 1122 qua:
1163 1061 1312 1107 recta
1339 1052 1588 1121 judicata
1623 1059 1771 1114 sunt,
1803 1051 1986 1106 iuver-

411 1153 528 1197 tere
570 1143 823 1198 velimus.
857 1143 942 1198 An
969 1161 1093 1200 eum
1125 1144 1218 1216 qui
1261 1160 1370 1198 non
1411 1146 1484 1198 ita
1522 1142 1749 1198 allectus
1778 1150 1884 1206 est,
1916 1141 1985 1196 ab

411 1231 666 1304 Egyptio
691 1235 783 1288 illo
813 1236 1056 1305 sophista
1082 1235 1288 1306 aliquid
1317 1235 1536 1291 dill‘errc
1559 1236 1804 1291 dicemus
1823 1274 1838 1300 ,
1865 1235 1983 1304 qui,

413 1341 536 1377 cum
557 1326 736 1389 vellet,
766 1331 947 1395 planta
978 1327 1214 1382 liebatet
1253 1327 1450 1393 bestia,
1481 1335 1535 1383 et
1569 1327 1713 1398 ignis
1741 1336 1796 1382 et
1821 1341 1985 1398 aqua,

411 1425 467 1470 et
496 1430 584 1470 res
609 1418 846 1471 omnes?
875 1419 1008 1471 Nam
1044 1426 1096 1474 et
1130 1419 1246 1490 ipse
1276 1418 1437 1474 modo
1466 1419 1689 1490 quidem
1716 1417 1987 1488 justitiam

413 1505 655 1560 laudabit
678 1507 822 1577 apud
851 1523 944 1562 eos
989 1511 1083 1580 qui
1111 1526 1231 1566 eam
1271 1513 1460 1566 colunt
1496 1531 1508 1565 ε
1539 1513 1702 1567 modo
1745 1528 1875 1568 vero
1904 1514 1987 1568 lo-

414 1608 614 1666 quetur
643 1601 963 1668 pugnantia,
994 1602 1086 1657 ubi
1135 1603 1463 1672 injustitiam
1506 1605 1726 1674 probari
1751 1605 1990 1659 animad-

415 1693 638 1744 verterit
671 1710 683 1744 :
721 1693 864 1762 quod
894 1693 1072 1748 solent
1112 1695 1423 1751 adulatores
1455 1697 1684 1751 ellicere.
1706 1695 1771 1750 Et
1799 1712 1988 1767 quem-

2082 869 2184 922 κᾶν
2237 867 2440 932 ἀδοξεῖν
2485 865 2578 918 καὶ
2623 862 2945 916 κινδυνεύειν
2982 861 3119 930 ὑπὲρ
3166 857 3262 910 τοῦ
3312 854 3476 910 καλοῦ
3525 854 3656 922 δέη,

2088 960 2253 1031 μηδὲν
2287 957 2560 1030 αἱρεῖσθαι
2589 956 2696 1009 τῶν
2724 953 2899 1025 ὀρθῶς
2925 951 3282 1022 ἐγνωσμένων
3313 949 3654 1019 παρακινεῖν.

2085 1053 2156 1104 ’Ἡ
2187 1052 2276 1104 τὸν
2325 1051 2399 1121 μὴ
2438 1048 2610 1111 οὓτως
2642 1046 2834 1117 έχοντα
2851 1045 2902 1098 τί
2939 1043 3034 1097 τοῦ
3073 1041 3370 1110 Αἰγυπτίου
3404 1037 3660 1107 σοφιστοῦ

2087 1143 2329 1212 φήσομεν
2380 1138 2714 1200 ἀπολείπειν,
2757 1137 2817 1200 ὃς
2853 1135 3015 1205 φυτὸν
3047 1135 3289 1203 ἐγίγνετο
3329 1132 3422 1185 καὶ
3450 1130 3660 1201 θηρίον,

2086 1233 2248 1286 ὁπότε
2280 1231 2540 1302 βούλοιτο,
2574 1229 2667 1283 καί
2694 1227 2805 1300 πῦρ
2833 1229 2926 1281 καὶ
2966 1226 3130 1298 ὕδωρ,
3163 1226 3258 1278 καὶ
3313 1223 3489 1277 πάντα
3535 1221 3665 1292 χρή-

2091 1340 2270 1397 ματα;
2298 1323 2471 1394 Εἴπερ
2494 1323 2559 1392 δὴ
2585 1321 2680 1374 καὶ
2714 1319 2876 1383 αὑτὸς
2905 1317 2999 1372 νῦν
3025 1318 3122 1388 μὲν
3155 1315 3217 1369 τὸ
3255 1314 3460 1368 δίκαιον
3500 1314 3663 1365 ἐπαι-

2090 1417 2306 1471 νέσεται
2337 1415 2488 1486 παρά
2510 1416 2625 1476 τοῖς
2658 1411 2815 1465 τοῦτο
2855 1409 3090 1481 τιμῶσι⁹
3123 1405 3217 1461 νῦν
3258 1405 3315 1458 δὲ
3354 1407 3480 1467 τοὺς
3511 1406 3668 1456 ὲναν-

2087 1508 2236 1572 τίους
2261 1507 2464 1575 ἀφήσει
2495 1502 2708 1570 λόγους,
2737 1502 2863 1554 ὅταν
2893 1500 2990 1570 τὴν
3023 1497 3236 1550 ἀδικίαν
3277 1491 3668 1562 εὐδοκιμοῦσαν

2091 1597 2372 1668 αἴσθηται,
2403 1595 2540 1665 ὅπερ
2564 1593 2720 1662 δίκης
2755 1589 2866 1659 (80)
2888 1590 3005 1642 ἐστὶ
3035 1588 3301 1641 κολάκων.
3329 1584 3443 1639 Καὶ
3477 1582 3670 1655 ὥσπερ

2095 1689 2226 1760 φασὶ
2257 1688 2347 1741 τὸν
2381 1684 2654 1739 πολύποδα
2682 1683 2779 1754 τὴν
2811 1682 2976 1752 χρόαν
3009 1681 3143 1751 πρὸς
3173 1678 3270 1749 τὴν
3303 1678 3672 1748 ὑποκειμένην

414 1780 711 1834 admodum
759 1782 1079 1852 polypodem
1115 1785 1269 1837 aiunt
1320 1786 1559 1840 colorem
1599 1801 1758 1841 suum
1789 1787 1843 1839 in
1869 1785 1993 1841 sub-

2106 1780 2216 1853 γῆν,
2245 1780 2418 1843 οὕτως
2443 1777 2603 1840 αὑτὸς
2629 1776 2726 1846 τὴν
2740 1775 2975 1829 διάνοιαν
3000 1773 3134 1845 πρὸς
3153 1771 3252 1835 τάς
3272 1770 3380 1824 τῶν
3405 1769 3673 1822 συνόντων

414 1868 573 1936 ξρριω
614 1878 774 1924 terra:
802 1871 1042 1925 colorem
1075 1881 1310 1936 mutare,
1343 1872 1423 1926 sic
1454 1872 1546 1926 ille
1573 1888 1731 1928 suam
1771 1885 1991 1930 senten-

419 1960 548 2014 tiam
580 1975 644 2015 ex
672 1976 884 2026 eorum,
910 1963 1238 2032 quibuscum
1259 1971 1528 2027 versatur,
1547 1965 1706 2034 genio
1735 1965 1988 2020 mutabit.

421 2047 547 2106 Haec
577 2052 798 2122 quidem
832 2054 935 2108 etsi
960 2054 1260 2124 perfectius
1306 2055 1364 2109 in
1404 2055 1612 2110 nostris
1661 2055 1817 2111 libris
1860 2072 1994 2110 con-

421 2140 716 2209 discemus,
750 2153 805 2199 at
834 2155 981 2201 certe
1006 2156 1269 2216 quantum
1302 2146 1689 2203 adumbranda:
1718 2162 1864 2202 nunc
1882 2149 1994 2202 vir-

421 2234 526 2286 tuti
549 2236 685 2289 satis
711 2242 814 2299 est,
845 2242 1058 2289 tantum
1081 2251 1147 2290 ex
1169 2235 1516 2292 documentis
1537 2239 1778 2293 externis
1801 2237 1994 2294 rudius

423 2325 780 2380 delineemus.
821 2324 924 2392 Qui
961 2327 1107 2381 enim
1139 2326 1432 2398 diligenter
1476 2343 1545 2383 ex
1583 2344 1907 2400 quacunque
1937 2345 1997 2384 re

425 2417 714 2472 utilitatem
766 2419 1052 2490 colligunt,
1091 2419 1158 2474 iis
1203 2420 1361 2490 quasi
1413 2421 1625 2492 magnis
1682 2421 1995 2478 ﬂuminibus

421 2511 603 2565 solent
637 2509 999 2582 undecunque
1045 2511 1161 2567 ﬁeri
1213 2513 1562 2568 accessiones
1611 2516 1815 2572 multae.
1863 2513 1996 2568 Nam

422 2602 572 2673 quod
599 2601 803 2656 dictum
828 2611 935 2666 est,
969 2613 1194 2672 parvum
1225 2619 1392 2674 parvo
1422 2603 1829 2674 adiungendum
1855 2620 1995 2669 esse,

428 2693 482 2747 id
520 2709 549 2746 a
576 2703 736 2763 poeta
776 2709 882 2748 non
915 2694 1089 2764 magis
1135 2693 1204 2750 de
1233 2694 1444 2765 argenti
1494 2703 1787 2766 augmento
1833 2711 1998 2766 quam

425 2783 494 2840 de
523 2784 766 2854 qualibet
796 2785 1025 2840 scientia
1059 2782 1206 2840 recte
1237 2785 1448 2841 dictum
1488 2786 1660 2842 fuisse
1687 2787 2002 2842 existiman—

425 2874 557 2930 dum
587 2883 690 2928 est.
736 2873 864 2930 Bias
896 2875 1062 2945 igitur
1096 2875 1212 2929 lilio
1239 2877 1305 2930 ad
1346 2874 1633 2946 Egyptios
1671 2878 1914 2942 abeunti,
1947 2885 2002 2933 et

427 2965 770 3037 percontanti
816 2968 1080 3037 quidnam
1117 2967 1328 3037 agendo
1359 2984 1473 3022 rem
1525 2970 1572 3024 ei
1625 2970 1998 3040 gratissimam

430 3058 679 3114 facturus
723 3067 890 3125 esset,
916 3057 1212 3125 Viaticum,
1245 3059 1444 3130 inquit,
1483 3061 1528 3116 si
1578 3063 1858 3130 paraveris
1902 3062 1999 3117 tibi

431 3151 496 3205 ad
533 3159 910 3218 senectutem;
954 3152 1215 3206 virtutem
1256 3153 1518 3207 viaticum
1558 3154 1859 3223 appellans,
1885 3155 2002 3208 exi-

425 3241 556 3310 guis
583 3255 703 3294 eam
736 3239 988 3295 terminis
1020 3241 1505 3306 circumseribens,
1532 3242 1735 3313 quippe
1764 3243 1856 3312 qui
1883 3243 2003 3311 ejus

432 3332 726 3386 utilitatem
782 3331 1019 3386 humana
1075 3333 1187 3386 vita
1253 3332 1546 3389 definierit.
1607 3332 1720 3405 Ego
1782 3342 2002 3399 autem,

432 3422 645 3476 etiamsi
701 3421 977 3492 quispiam
1031 3421 1276 3492 proferat
1329 3424 1388 3477 in
1446 3422 1684 3476 medium
1729 3433 2005 3478 senectam

433 3513 677 3579 Tithoni,
709 3514 824 3569 sive
852 3514 1250 3584 Arganthonii,
1295 3514 1409 3570 sive
1463 3514 1780 3569 Mathusalae
1833 3514 2004 3579 illius,

433 3606 532 3676 qui
565 3605 900 3676 longissima:
922 3605 1066 3676 apud
1103 3622 1204 3661 nos
1233 3608 1355 3662 vita:
1386 3605 1509 3674 fuit,
1541 3607 1633 3677 qui
1666 3623 1840 3664 annos
1862 3610 2008 3664 mille

434 3697 617 3753 minus
646 3697 872 3768 triginta
891 3698 1097 3753 vixisse
1127 3699 1348 3764 dicitur,
1373 3700 1592 3754 etiamsi
1613 3708 1784 3754 totum
1807 3715 1870 3756 ex
1900 3716 2009 3772 quo

435 3790 684 3844 homines
697 3789 904 3844 conditi
920 3798 1048 3845 sunt
1067 3798 1281 3858 tempus
1296 3791 1634 3855 dimetiatur,
1654 3791 1819 3847 veluti
1836 3793 2012 3862 pueri-

435 3882 540 3934 lem
560 3883 887 3937 sententiam
917 3881 1108 3937 ridebo
1127 3889 1264 3949 tum,
1290 3897 1414 3935 cum
1433 3882 1498 3936 ad
1521 3884 1792 3953 prolixum
1811 3883 1940 3938 illud
1957 3892 2012 3938 et

435 3974 574 4027 nulli
607 3975 760 4028 senio
789 3974 1088 4028 obnoxium
1118 3977 1376 4028 saeculum
1395 3975 1707 4046 respiciam,
1726 3975 1884 4046 cujus
1901 3991 2011 4030 non

437 4075 522 4119 est
544 4064 706 4119 ﬁnem
734 4067 904 4118 ullum
924 4073 1104 4120 mente
1125 4065 1550 4135 apprehendere,
1578 4081 1686 4121 non
1709 4068 1881 4137 magis
1901 4069 2011 4120 uti-

435 4171 544 4226 que
566 4173 726 4226 quam
747 4157 1070 4213 immortalis
1093 4143 1288 4212 anitna:
1306 4158 1582 4213 interitum
1605 4161 1905 4230 assignare.
1931 4159 2014 4214 Ad

433 4248 583 4317 quod
596 4263 768 4301 aevum
784 4248 1173 4318 possidendum
1189 4249 1448 4304 viaticum
1465 4259 1524 4304 ut
1539 4251 2016 4321 comparetis,hor—

433 4348 528 4393 tor
544 4353 664 4403 vos,
683 4337 919 4408 lapidem
938 4353 1178 4404 omnem,
1204 4347 1264 4394 ut
1279 4350 1364 4396 est
1386 4340 1439 4396 in
1455 4343 1763 4410 proverbio,
1791 4357 2016 4396 moven-

2091 1874 2315 1944 γνώμας
2335 1869 2737 1943 μεταϐαλεῖται.
2778 1867 2937 1920 Ἀλλά
2967 1865 3139 1919 ταῦτα
3173 1863 3272 1935 μέν
3294 1880 3396 1916 που
3433 1861 3534 1914 κάν
3559 1861 3672 1921 τοῖς

2093 1965 2381 2037 ἡμετέροις
2418 1963 2599 2031 λόγοις
2640 1959 2969 2030 τελειότερον
3010 1954 3401 2028 μαθησόμεθα·
3456 1952 3580 2005 ὅσον
3613 1945 3674 2003 ἃ

2095 2055 2463 2127 σκιαγραφίαν
2507 2054 2629 2108 τινὰ
2668 2054 2766 2124 τῆς
2811 2051 3033 2124 ἀρετῆς,
3074 2049 3136 2102 τό
3176 2065 3239 2117 γε
3288 2045 3383 2100 νῦν
3417 2040 3578 2107 εἶναι,
3607 2044 3677 2097 ὲκ

2093 2149 2200 2202 τῶν
2233 2147 2430 2214 ἔξωθεν
2459 2145 2842 2216 παιδευμάτων
2884 2139 3351 2214 περιγραψώμεθα
3389 2136 3522 2208 (81).
3549 2137 3676 2198 Τοῖς

2095 2241 2202 2312 γὰρ
2239 2239 2512 2311 ἐπιμελῶς
2551 2237 2609 2305 ἐξ
2637 2237 2866 2290 ἑκάστου
2893 2234 2992 2306 τὴν
3011 2232 3278 2302 ὠφέλειαν
3309 2226 3674 2300 ἀθροίζουσιν,

2096 2328 2283 2400 ὥσπερ
2304 2331 2415 2392 τοῖς
2449 2326 2703 2400 μεγάλοις
2748 2325 2855 2378 τῶν
2891 2322 3175 2394 ποταμῶν,
3217 2319 3408 2375 πολλαὶ
3432 2317 3677 2387 γίνεσθαι

2098 2419 2424 2492 πολλαχόθεν
2480 2419 2536 2473 αἱ
2581 2415 2886 2491 προσθῆκαι
2941 2414 3239 2484 πεφύκασι.
3292 2411 3365 2464 Τὸ
3421 2411 3530 2481 γὰρ
3581 2409 3677 2463 καὶ

2099 2514 2330 2587 σμικρὸν
2381 2511 2474 2566 ἐπὶ
2529 2511 2746 2583 σμικρῷ
2791 2506 3174 2562 κατατίθεσθαι
3226 2505 3285 2558 οὑ
3341 2503 3541 2575 μᾶλλον
3594 2503 3677 2561 εἰς

2097 2606 2362 2679 ἀργυρίου
2395 2603 2710 2675 προσθήκην
2737 2603 2770 2672 ἢ
2803 2602 2896 2656 καὶ
2935 2602 3014 2664 είς
3051 2597 3339 2668 ἡντιναοῦν
3364 2597 3678 2666 ἐπιστήμην

2098 2697 2275 2769 ὀρθῶς
2316 2697 2562 2766 ἡγεῖσθαι
2609 2695 2754 2765 ἔχειν
2794 2693 2872 2764 τῷ
2904 2693 3096 2762 ποιητῇ
3132 2690 3428 2760 προσῆκεν.
3475 2688 3532 2741 '0
3576 2685 3678 2756 μὶν

2099 2785 2193 2843 οὖν
2235 2789 2369 2852 Βίας
2407 2787 2488 2857 τῷ
2525 2788 2632 2839 υἱεῖ
2674 2785 2812 2856 πρὸς
2868 2782 3197 2852 Αἰγυπτίους
3245 2779 3552 2851 ἀπαίροντι,
3584 2778 3686 2834 καὶ

2102 2879 2490 2950 πυνθανομένῳ
2511 2878 2564 2930 τί
2593 2875 2658 2930 ἂν
2686 2875 2853 2929 ποιῶν
2884 2872 3031 2944 αὑτῷ
3055 2872 3290 2943 μάλιστα
3311 2867 3680 2939 κεχαρισμένα

2105 2973 2351 3040 πράττοι,
2416 2967 2675 3035 Ἐφόδιον,
2728 2966 2864 3036 ἔφη,
2897 2965 3032 3036 πρὸς
3073 2963 3248 3036 γῆρας
3299 2960 3674 3032 κτησάμενος·

2102 3063 2199 3134 τὴν
2223 3061 2421 3133 ἀρετὴν
2442 3060 2506 3130 δὴ
2533 3061 2594 3113 τὸ
2626 3058 2834 3128 ἐφόδιον
2861 3057 3054 3125 λέγων,
3089 3057 3302 3127 μικροῖς
3333 3055 3478 3125 ὅροις
3510 3052 3680 3120 αὑτὴν

2103 3155 2478 3228 περιγράφων,
2505 3156 2564 3216 ὃς
2586 3169 2649 3222 γε
2678 3151 3001 3222 ἀνθρωπίνῳ
3023 3148 3120 3218 βίῳ
3135 3149 3233 3216 τὴν
3257 3147 3349 3199 ἀπ’
3377 3146 3544 3214 αὑτῆς
3567 3143 3682 3213 (82)

2103 3248 2368 3316 ὠφέλειαν
2395 3244 2640 3317 ὡρίζετο.
2689 3243 2830 3312 Ἐγὼ
2856 3243 2914 3296 δὲ
2956 3240 3056 3294 κᾶν
3103 3240 3162 3292 τὸ
3199 3236 3436 3291 Τιθωνοῦ
3474 3253 3558 3298 τις
3585 3234 3684 3302 γῆ·

2107 3359 2226 3413 ρας.
2255 3339 2356 3394 κᾶν
2400 3339 2462 3391 τὸ
2493 3335 2887 3408 Ἀργανθωνίου
2919 3334 3073 3404 λέγῃ,
3104 3333 3206 3386 κᾶν
3236 3332 3298 3385 τὸ
3330 3331 3425 3383 τοῦ
3477 3344 3685 3400 μακρο-

2107 3434 2372 3488 ϐιωτάτου
2408 3433 2535 3504 παρ’
2565 3434 2694 3502 ἡμῖν
2741 3428 3089 3491 Μαθουσάλα,
3125 3427 3182 3490 ὃς
3209 3424 3354 3494 χίλια
3384 3424 3502 3491 ἐτη,
3522 3421 3682 3492 τριά-

2108 3544 2272 3583 κοντα
2315 3526 2562 3589 δεόντων,
2603 3522 2791 3595 βιῶναι
2823 3520 3070 3590 λέγεται-
3115 3517 3218 3572 κᾶν
3263 3517 3549 3588 σύμπαντα
3590 3513 3686 3564 τὸν

2107 3620 2198 3690 ἀφ’
2253 3610 2314 3671 οῦ
2366 3616 2651 3686 γεγόνασιν
2699 3613 2971 3685 ἄνθρωποι
3032 3611 3221 3681 χρόνον
3263 3607 3570 3677 ἀναμετρῇ,
3605 3604 3690 3666 ὡς

2110 3713 2202 3766 ἐπὶ
2235 3711 2438 3764 παίδων
2469 3707 2706 3770 διανοίας
2735 3705 3052 3776 γελάσομαι,
3083 3703 3162 3765 εἰς
3193 3702 3282 3754 τὸν
3318 3699 3522 3771 μακρὸν
3548 3698 3690 3749 ἀπο-

2113 3801 2328 3855 σκοπῶν
2366 3800 2460 3852 κα“ι
2498 3799 2691 3869 ἀγήρω
2742 3797 2932 3858 αἰῶνα,
2971 3786 3031 3847 οὗ
3080 3793 3250 3864 πέρας
3288 3792 3440 3844 οὑδέν
3467 3791 3580 3842 ἐστι
3612 3789 3684 3858 τῇ

2112 3889 2325 3958 ἐπινοίᾳ
2369 3888 2575 3948 λαϐεῖν,
2626 3887 2686 3939 οὑ
2721 3885 2918 3956 μᾶλλόν
2956 3900 3018 3952 γε
3053 3881 3359 3954 ἥτελευτὴν
3390 3878 3686 3932 ὑποθέσθαι

2111 3980 2209 4050 τῆς
2240 3979 2351 4050 (85)
2385 3978 2655 4033 ἀθανάτου
2688 3975 2885 4046 ψυχῆς,
2911 3973 3055 4046 Πρὸς
3089 3973 3254 4042 ὅνπερ
3283 3971 3510 4025 κτᾶσθαι
3544 3987 3690 4039 παρ-

2113 4071 2384 4140 αινέσαιμ’
2411 4070 2478 4123 ἂν
2511 4068 2579 4121 τά
2605 4067 2808 4136 ἐφόδια,
2838 4066 3012 4120 πάντα
3050 4063 3218 4128 λίθον,
3253 4061 3394 4116 κατὰ
3417 4061 3514 4132 τὴν
3548 4077 3690 4130 παρ-

2113 4159 2320 4231 οιμίαν,
2353 4157 2656 4221 κινοῦντας,
2692 4157 2813 4210 ὃθεν
2839 4155 2902 4209 ἂν
2936 4153 3100 4225 μέλλῃ
3129 4169 3211 4215 τις
3243 4152 3372 4222 ὑμῖν
3408 4151 3494 4203 ἐπ’
3525 4149 3690 4203 αὑτὸν

2114 4250 2349 4318 ὠφέλεια
2403 4249 2749 4320 γενήσεσθαι·
2807 4245 2928 4318 μηδ’
2979 4245 3061 4298 ὅτι
3113 4243 3323 4314 χαλεπά
3372 4240 3544 4294 ταῦτα
3592 4239 3692 4292 καὶ

2116 4342 2278 4394 πόνου
2333 4341 2580 4412 δεόμενα,
2629 4339 2717 4393 διὰ
2761 4339 2902 4391 τοῦτ’
2939 4336 3362 4406 ἀποκνήσωμεν’
3408 4331 3519 4385 ἀλλ’
3555 4330 3691 4382 ἀνα-

436 4443 540 4494 tes,
579 4429 723 4484 unde
746 4429 928 4500 aliqua
955 4430 1110 4486 vobis
1141 4431 1352 4486 utilitas
1385 4431 1452 4486 ad
1478 4433 1582 4486 hoc
1604 4433 2001 4502 assequendum

2116 4432 2450 4504 μνησθέντας
2467 4431 2576 4503 (84)
2601 4430 2692 4484 τοῦ
2728 4429 3171 4502 παραινέσαντος,
3207 4428 3286 4480 ὅτι
3318 4425 3425 4478 δέοι
3449 4422 3562 4493 βίον
3589 4421 3692 4490 μὲν

437 4537 730 4577 accessura
765 4524 858 4577 sit.
905 4519 1093 4592 Neque
1131 4538 1262 4579 vero
1307 4524 1568 4595 quoniam
1608 4525 1847 4579 diﬂicilia
1881 4533 2012 4580 sunt

438 4615 574 4676 haec,
607 4621 661 4667 et
685 4613 925 4668 laborem
957 4615 1269 4684 requirunt,
1307 4631 1502 4686 segnes
1549 4631 1612 4670 ac
1648 4619 1784 4688 pigri
1813 4616 2015 4672 elIicia—

437 4718 598 4760 mur:
635 4703 730 4758 sed
784 4719 1054 4760 memores
1083 4704 1206 4774 ejus
1234 4705 1326 4776 qui
1370 4704 1654 4768 admonuit
1683 4708 1846 4760 vitam
1875 4708 2014 4776 opti-

513 4861 626 4931 (80)
662 4861 843 4917 Editio
867 4862 1039 4918 Paris.
1062 4865 1206 4937 ᾗπερ
1226 4864 1370 4937 δίκη.
1399 4863 1580 4937 Editio
1601 4863 1764 4937 Basil.
1797 4872 1850 4920 et
1872 4864 2008 4937 Reg.

441 4940 556 5005 tres
583 4949 716 5005 mss.
751 4949 876 4988 cum
913 4950 1020 4987 uno
1050 4934 1204 4988 Colb.
1239 4936 1375 5004 ὅπερ
1400 4935 1575 5005 δίκης.
1621 4936 1777 4990 Colb.
1815 4934 2010 4990 tertius

440 5003 586 5073 ἥπερ
607 5002 751 5072 δίκη.
789 5005 864 5057 Ita
895 5006 1216 5060 emendatus
1259 5002 1356 5059 est
1395 5002 1550 5059 Colb.
1597 5007 1896 5072 secundus,
1953 5016 2013 5060 ut

441 5087 601 5144 nunc
639 5074 828 5127 habeat
866 5074 1002 5144 ὅπερ
1032 5075 1186 5144 δίκης
1226 5093 1238 5128 :
1280 5075 1375 5130 sed
1411 5083 1535 5129 ante
1574 5076 2011 5131 emendationem

445 5140 681 5196 habebat
712 5145 858 5214 ἥπερ
886 5140 1030 5215 δίκη.
1066 5140 1298 5214 Quoquo
1334 5145 1496 5199 modo
1540 5147 1662 5215 quis
1699 5146 1860 5214 leget,
1910 5163 2013 5200 er-

445 5221 696 5286 ratur-um
723 5231 843 5286 non
872 5225 1036 5286 puto.
1058 5216 1353 5284 Aliquanto
1378 5225 1502 5284 post
1538 5231 1672 5269 mss.
1708 5217 1816 5270 duo
1849 5233 2016 5286 μετα-

447 5281 718 5355 ϐάλλεται.
750 5281 977 5355 Ediliiet
1010 5281 1806 5355 (ΣοΙὺξιριίἰυέμεταϐαλεῖται.

519 5353 630 5422 (81)
663 5353 804 5407 Editi
829 5366 880 5427 et
902 5354 1032 5427 Reg.
1065 5358 1256 5427 tertius
1279 5353 1750 5427 περιγραφόμεθα.
1779 5355 1881 5408 Alii
1908 5365 2016 5427 tres

451 5437 582 5495 mss.
613 5424 1100 5495 περιγραψὼμεθα.
1131 5424 1238 5480 Nec
1265 5424 1540 5479 ita'mu‘lto
1569 5424 1685 5495 post
1718 5427 1886 5480 editio
1908 5425 2015 5480 Pa—

453 5494 547 5547 ris.
577 5493 991 5564 τῶντωταμῶν,
1032 5495 1173 5548 κατὰ
1221 5497 1312 5550 τὸν
1347 5493 1608 5559 Ἡσίοδον,
1646 5496 1856 5550 πολλαί.
1908 5498 2016 5550 N0-

451 5565 549 5615 stri
583 5579 677 5634 se;
707 5582 840 5619 mss.
886 5565 995 5616 τῶν
1037 5566 1297 5634 ποταμῶν
1347 5566 1556 5621 πολλαί.
1616 5565 1747 5620 Illud
1806 5576 2010 5629 autem,

450 5635 592 5704 κατὰ
635 5633 725 5684 τὸν
762 5635 1046 5704 ίἩσίοδον,
1103 5633 1234 5704 puto
1284 5654 1392 5690 non
1433 5653 1462 5689 τι
1500 5637 1700 5691 Basilio
1746 5639 2010 5704 scriptum

453 5703 642 5765 luisse,
680 5703 774 5758 sed
818 5707 885 5758 ab
908 5703 1350 5777 aliquo’erudito
1386 5708 1626 5773 homine,
1666 5710 1757 5781 qui
1792 5703 2013 5764 meuere

2115 4526 2334 4596 ἄριστον
2375 4525 2536 4578 αὑτὸν
2581 4523 2808 4577 ἕκαστον
2838 4519 3234 4592 προαιρεῖσθαι,
3274 4516 3402 4587 ἡδὺν
3427 4515 3484 4568 δὲ
3515 4529 3691 4584 προσ-

2120 4616 2284 4687 δοκᾷν
2325 4619 2388 4687 τῇ
2437 4614 2695 4686 συνηθείᾳ
2732 4611 3075 4683 γενήσεσθαι,
3121 4611 3387 4679 ἐγχειρεῖν
3429 4609 3541 4669 τοῖς
3580 4603 3696 4673 βελ-

2122 4708 2344 4769 τίστοις.
2378 4706 2614 4777 Αἰσχρὸν
2642 4705 2773 4776 γὰρ,
2809 4703 2899 4756 τὸν
2931 4702 3171 4773 παρόντα
3219 4699 3410 4771 καιρὸν
3461 4695 3696 4768 προεμέ-

2118 4867 2281 4920 vellet
2298 4865 2606 4934 exemplum
2630 4878 2949 4933 magnorum
2990 4862 3206 4934 illorurn
3238 4859 3549 4934 ﬂuminum,
3573 4859 3699 4934 qui-

2119 4937 2222 4990 bus
2249 4929 2526 4989 undelibet
2551 4929 2901 4988 accessiones
2931 4933 3113 4986 multte
3145 4931 3302 4993 ﬁunt,
3334 4945 3400 4984 ex
3429 4929 3693 4996 Hesiodo,

2123 5009 2280 5074 Ἔργ.
2315 5022 2366 5058 v.
2401 5005 2505 5058 559
2528 5020 2636 5072 sq.,
2670 5014 2944 5073 sumptum
2973 5018 3114 5074 esse.

2192 5066 2304 5147 (8'2)
2339 5075 2516 5128 Editio
2551 5066 2917 5147 utraque-sf
2950 5073 3154 5147 fieri;
3213 5073 3280 5123 At
3318 5067 3467 5139 Regii
3500 5066 3608 5121 duo
3637 5079 3694 5120 et

2118 5142 2294 5202 Colbﬁ
2325 5147 2521 5200 tertius
2572 5144 2665 5196 ἀπ’
2697 5142 2899 5213 αὐτῆς.
2946 5142 3190 5213 Subinde
3245 5155 3390 5213 unus
3433 5155 3538 5191 ms.
3591 5154 3694 5213 pro

2117 5215 2251 5286 λέγῃ
2283 5217 2444 5270 habet
2464 5215 2631 5286 λέγοι.
2670 5211 3016 5286 11ιιιιι11οιιεε
3047 5212 3178 5286 Reg.
3223 5212 3422 5286 tertius
3449 5217 3524 5286 _et
3553 5211 3696 5259 alter

2119 5275 2251 5358 παρἶ
2285 5289 2433 5358 ἡμῖν.
2490 5275 2660 5358 Εἰ.ιὶιῇ
2689 5284 2818 5358 παρ’
2855 5275 3032 5358 ἡμῶν.
3068 5275 3175 5337 Nec
3222 5282 3296 5333 ita
3349 5278 3524 5332 multo
3570 5287 3698 5348 post

2120 5352 2274 5410 Colb.
2307 5352 2508 5411 tertius
2541 5354 2745 5408 παίδων
2773 5352 2998 5422 διανοίᾳ.

2193 5427 2304 5495 (85)
2340 5427 2496 5481 Colb.
2533 5424 2728 5496 tertius
2756 5421 3088 5496 ὑπερθέσθαι
3115 5421 3239 5496 τῆςἱ
3261 5490 3274 5496 _
3490 5483 3545 5496 IL
3592 5487 3628 5496 η

2345 5497 2566 5565 Antiqui
2618 5494 2726 5549 duo
2783 5483 2909 5566 libri
2961 5483 3421 5566 ἀναμνησθέντες.
3453 5483 3696 5566 ‘Statim

2120 5553 2249 5620 editi
2279 5553 2456 5620 αὐτῶν
2491 5553 2750 5619 Ἑκαστον.
2799 5563 2983 5620 Nostri
3036 5553 3130 5618 sex
3163 5553 3294 5618 iuss.
3345 5557 3508 5613 αὑτὸν
3562 5553 3696 5609 ικα-

2122 5654 2262 5692 στον.
2301 5637 2440 5709 Lege
2474 5637 2746 5692 Ducaum.
