3982 6240
284 326 383 381 389
1256 328 1537 384 HOMILIA
1580 330 1643 382 IN
1683 328 2071 385 MAMANTEM
2116 328 2528 385 MARTYREM.
3414 334 3519 388 590

281 463 419 511 νους,
466 441 693 515 ὖστερόν
742 448 859 498 ποτ’
891 445 1275 501 ἀνακαλεῖσθαι
1329 448 1390 499 τὸ
1434 448 1720 519 παρελθὸν,
1767 451 1838 501 ὅτι

1960 465 2100 502 mam
2144 450 2211 502 ab
2242 463 2571 517 unoquoque
2613 447 2946 518 seligendam
2986 462 3137 509 esse,
3182 460 3245 500 ac
3298 461 3520 516 sperare

279 536 428 590 οὐδὲν
454 536 605 588 ἔσται
644 536 807 591 πλέον
852 538 1171 608 ἀνιωμένοις
1204 538 1335 609 (85).
1387 538 1529 606 Ἐγὼ
1559 541 1655 609 μὲν
1685 536 1776 594 οὖν
1812 543 1838 594 νδ

1956 558 2074 599 eam
2102 543 2508 597 consuetudine
2544 540 2844 609 jucundam
2890 538 3161 593 redditum
3188 536 3275 599 iri,
3309 538 3517 607 optima

278 628 543 699 κράτιστα
566 625 707 680 εἶναι
737 630 926 699 κρίνω,
952 629 1019 681 τὰ
1051 629 1148 699 μὲν
1177 630 1270 682 νῦν
1297 631 1511 699 εἴρηκα,
1534 632 1600 685 τὰ
1622 631 1678 684 δὲ
1706 634 1838 703 παρό

1954 634 2171 703 aggredi
2220 648 2317 703 par
2347 642 2449 688 est.
2480 631 2660 702 Turpe
2697 639 2780 685 est
2826 630 2969 684 enim
3010 637 3223 698 tempus
3279 643 3518 697 praesens

277 721 454 771 πάντα
480 718 592 787 (86)
628 719 719 771 τὸν
769 719 880 789 βίον
920 721 1047 789 ὑμῖν
1092 720 1510 790 ξυμϐουλεύσω·
1562 722 1716 792 ὑμεῖς
1773 724 1849 785 δὲ,

272 809 438 880 τριῶν
487 811 936 882 ἀρρωστημάτων
986 812 1174 875 ὄντων,
1223 811 1295 881 μὴ
1336 810 1414 881 τῷ
1464 812 1665 882 ἀνιάτῳ
1695 830 1853 881 προσ-

270 902 509 955 εοικέναι
546 902 759 973 δόξητε,
795 904 927 973 μηδὲ
969 904 1068 974 τὴν
1098 905 1193 973 τῆς
1224 902 1447 973 γνώμης
1487 903 1638 956 νόσον
1672 922 1850 975 παρα-

271 992 509 1063 πλησίαν
562 998 633 1064 τῇ
689 996 798 1047 τῶν
852 998 932 1059 εἰς
993 996 1063 1049 τὰ
1116 996 1341 1065 σώματα
1405 996 1849 1067 δυστυχησάντων

267 1084 505 1154 δείξητε.
532 1087 595 1139 Οἱ
621 1086 721 1156 μὲν
749 1087 859 1158 γὰρ
883 1087 951 1140 τὰ
982 1088 1149 1159 μικρά
1174 1088 1283 1140 τῶν
1316 1088 1503 1141 παθῶν
1530 1089 1846 1159 κάμνοντες,

266 1176 423 1227 αὐτοὶ
449 1176 606 1247 παρά
635 1178 763 1239 τοὺς
798 1180 1014 1249 ἰατροὺς
1038 1178 1283 1249 ἔρχονται
1305 1195 1318 1209 ’
1342 1181 1391 1232 oi.
1419 1180 1475 1231 δὲ
1508 1180 1613 1232 ὑπὸ
1664 1181 1844 1250 μειζό-

267 1287 374 1322 νων
402 1271 845 1341 καταληφθέντες
889 1273 1334 1342 ἀρρωστημάτων
1361 1274 1446 1340 ἐφ’
1478 1274 1703 1335 ἑαυτοὺς
1748 1290 1846 1326 κα-

260 1360 418 1414 λοῦσι
461 1364 593 1426 τοὺς
622 1363 1056 1433 θεραπεύσοντας
1082 1364 1221 1434 (87)'
1264 1365 1313 1415 οἱ
1340 1363 1397 1415 δὲ
1437 1366 1517 1427 είς
1548 1365 1843 1436 ἀνήκεστον

267 1450 548 1513 παντελῶς
596 1451 957 1522 μελαγχολίας
1001 1451 1421 1523 παρενεχθέντες
1450 1454 1570 1507 οὐδὲ
1603 1455 1845 1525 προσιόν-

267 1560 365 1606 τας
397 1544 741 1614 προσίενται.
755 1547 819 1597 Ὃ
843 1546 917 1617 μὴ
950 1546 1159 1617 πάθητε
1190 1546 1286 1599 νῦν
1312 1549 1487 1617 ὑμεῖς,
1511 1547 1636 1609 τοὺς
1668 1547 1842 1616 ὀρθῶς

267 1632 490 1698 ἔχοντας
519 1637 630 1689 τῶν
657 1637 932 1705 λογισμῶν
952 1639 1369 1707 ἀποφεύγοντες.

1955 725 2227 787 amittere,
2252 734 2304 779 et
2333 726 2577 793 elapsum
2612 731 2800 793 postea
2832 736 3111 785 revocare,
3151 736 3275 775 cum
3304 721 3513 774 nullum

1955 818 2187 887 amplius
2214 818 2431 872 dabitur
2452 818 2781 871 dolentibus.
2798 815 2911 886 Ego
2928 815 3146 885 quidem
3172 830 3291 883 quae
3310 814 3516 883 optima

1952 922 2306 971 essecenseo,
2346 909 2542 977 partim
2581 907 2738 978 185
2776 922 2922 961 nunc
2953 907 3066 961 dixi
3088 948 3102 971 ,
3134 906 3330 976 partim
3362 905 3517 959 vobis

1952 1014 2048 1069 per
2075 1014 2289 1055 omnem
2319 1003 2485 1053 vitam
2523 1001 2767 1054 suadebo
2792 1014 2921 1053 :vos
2941 1013 3089 1061 vero,
3114 1012 3238 1051 cum
3272 997 3375 1049 tria
3404 996 3517 1049 sint

1947 1091 2331 1161 aegritudinum
2360 1106 2580 1163 genera,
2613 1090 2664 1146 ei
2692 1091 2837 1161 quod
2869 1089 3172 1147 insanabile
3197 1096 3280 1143 est
3308 1087 3515 1143 similes

1948 1199 2018 1237 ne
2070 1184 2395 1243 videamini.
2456 1200 2630 1254 neque
2684 1183 2987 1238 ostendatis
3023 1181 3188 1235 animi
3239 1180 3511 1243 morbum,

1948 1274 2141 1328 morbo
2193 1289 2379 1329 eorum
2422 1275 2517 1344 qui
2568 1290 2797 1343 corpore
2842 1279 3109 1343 aegrotant
3147 1270 3512 1326 consimilem.

1949 1363 2161 1419 Etenim
2189 1365 2555 1421 invaletudine
2594 1380 2759 1436 parva
2788 1367 2881 1435 qui
2911 1366 3193 1427 laborant,
3220 1363 3323 1431 ipsi
3353 1376 3513 1417 30009

1948 1456 2083 1510 dunt
2118 1456 2186 1509 ad
2213 1457 2451 1513 medicos
2485 1476 2499 1513 :
2526 1459 2619 1528 qui
2648 1473 2779 1513 vero
2824 1458 3029 1512 morbis
3059 1456 3359 1525 majoribus
3390 1470 3512 1510 cor-

1947 1549 2086 1620 repti
2110 1549 2283 1616 fuere,
2307 1550 2547 1605 medicos
2572 1557 2859 1606 accersunt
2889 1549 2956 1602 ad
2992 1564 3083 1616 se;
3113 1550 3206 1620 qui
3237 1556 3419 1601 autem
3456 1546 3512 1600 in

1949 1642 2185 1711 aliquem
2211 1651 2347 1695 atra:
2360 1642 2491 1697 bilis
2521 1643 2769 1697 morbum
2797 1658 3024 1712 prorsus
3056 1638 3510 1695 immedicabilem

269 1726 403 1796 lapsi
433 1740 586 1794 sunt,
630 1746 699 1786 ne
734 1731 1054 1787 accedentes
1084 1732 1304 1802 quidem
1328 1732 1623 1788 admittunt
1662 1731 1845 1801 :quod
1881 1742 2068 1788 cavete
2097 1750 2165 1789 ne
2188 1735 2343 1790 vobis
2384 1750 2528 1790 nunc
2572 1735 2805 1799 accidat,
2859 1736 2906 1789 si
2964 1749 3061 1789 eos
3092 1733 3185 1802 qui
3224 1742 3402 1785 mente
3448 1742 3512 1781 ac

268 1820 482 1875 ratione
513 1822 728 1892 ιιι-εεάίιί
752 1830 902 1887 sunt,
940 1824 1182 1894 fugiatis.

840 2080 1082 2133 OMIAIA
1136 2080 1253 2135 ΚΡ.

506 2192 611 2256 Ek;
645 2192 751 2244 τὸν
783 2191 952 2261 ἅγιον
984 2192 1256 2263 μάρτυρα
1287 2194 1591 2265 Μάμαντα.

337 2306 391 2358 1.
432 2306 557 2358 Οὐκ
594 2306 774 2373 ἀγνοῶ
805 2306 865 2359 τὸ
906 2307 1140 2377 μέγεθος
1171 2308 1279 2362 τῶν
1318 2309 1423 2362 ὑπὸ
1460 2310 1557 2379 τῆς
1597 2309 1842 2381 πανηγῦ-

270 2413 405 2466 ρεως
444 2398 769 2465 ἐγκωμίων
803 2398 918 2451 ἀλλ’
954 2398 1137 2470 ὥσπερ
1170 2400 1326 2453 τοῦτο
1354 2402 1673 2472 ἐπίσταμαι,
1702 2402 1842 2455 οὓτω

267 2490 364 2543 καὶ
405 2491 507 2559 τῆς
559 2490 843 2554 ἀσθενείας
881 2491 982 2561 τῆς
1032 2494 1267 2563 ἐμαυτοῦ
1301 2494 1715 2564 ὲπαισθάνομαι.
1775 2495 1842 2546 Ἡ

268 2583 370 2651 μὲν
398 2582 509 2654 γὰρ
542 2582 798 2647 ὑπόθεσις
830 2585 1051 2637 ἀπαιτεῖ
1081 2584 1227 2651 ἄξιόν
1250 2604 1300 2638 τι
1324 2586 1549 2656 ῥηθῆναι
1577 2587 1685 2639 τῶν
1716 2604 1840 2639 συν-

266 2672 530 2726 ελθόντων
565 2676 658 2727 καὶ
698 2675 798 2744 τῆς
827 2676 1039 2739 ἐλπίδος
1065 2671 1131 2747 ἦς
1163 2677 1374 2748 ἔχουσιν
1418 2679 1503 2745 ἐφ’
1542 2681 1673 2749 ἡμῖν
1699 2720 1713 2743 ,
1749 2680 1842 2731 καὶ

265 2764 365 2831 τῆς
397 2766 729 2830 ὑποθέσεως.
793 2767 1010 2839 Ἐπειδὴ
1048 2769 1155 2839 γὰρ
1200 2770 1291 2822 ἐπὶ
1332 2772 1397 2841 τῇ
1456 2772 1688 2843 μεγίστῃ
1732 2771 1841 2824 τῶν

269 2858 562 2927 μαρτύρων
590 2858 796 2929 ἄγομεν
824 2858 923 2928 τὴν
959 2860 1177 2930 μνήμην
1219 2862 1456 2931 σήμερον
1478 2901 1491 2923 ,
1527 2861 1659 2932 ὀρθὴ
1691 2863 1839 2914 πᾶσα

263 2946 472 3002 διάνοια
505 2951 599 3002 καὶ
626 2951 1046 3020 έμπαράσκευος
1070 2953 1234 3023 ἀκοὴ,
1270 2954 1443 3005 εἰπεῖν
1486 2971 1537 3005 τι
1570 2954 1715 3020 ἄξιον
1744 2954 1838 3007 τοῦ

266 3043 545 3113 μάρτυρος
571 3042 950 3114 προσδοκῶσα,
984 3045 1075 3097 καὶ
1106 3046 1255 3116 πόθῳ
1287 3045 1364 3115 τῷ
1397 3048 1526 3116 περὶ
1554 3046 1712 3098 αὑτὸν
1742 3046 1839 3118 τὴν

263 3133 560 3204 ἐκκλησίαν
601 3135 814 3202 ἐπάγει.
854 3137 963 3188 Καὶ
1003 3136 1110 3214 γάρ
1140 3137 1477 3208 εὐγνώμονες
1510 3137 1695 3200 παῖδες
1740 3155 1838 3209 με-

262 3226 406 3291 γάλα
442 3226 734 3279 ἀπαιτοῦσι
766 3226 833 3280 τὰ
860 3228 967 3280 τῶν
1007 3229 1258 3301 πατέρων
1298 3230 1546 3300 ἐγκώμια
1567 3274 1579 3294 ,
1620 3234 1711 3284 καὶ
1739 3234 1837 3285 οὐκ

261 3317 325 3369 ἂν
370 3319 758 3385 καταδέξαιντο
803 3323 863 3373 ὲν
902 3322 1185 3392 μικρότητι
1234 3322 1327 3375 τοῦ
1369 3323 1617 3391 λέγοντος
1662 3325 1838 3377 κινδυ-

262 3408 438 3461 νεύειν
469 3409 576 3462 τῶν
609 3410 1102 3481 ἐγκωμιαζομένων
1136 3412 1196 3465 τὸ
1232 3413 1481 3481 μέγεθος.
1533 3416 1693 3469 ⁸Ὥστε
1727 3418 1835 3486 ὅσῳ
1863 3442 1909 3504 C

265 3496 466 3563 μείζων
495 3500 531 3567 ἡ
559 3498 870 3569 προθυμία,
922 3502 1158 3571 τοσούτῳ
1200 3502 1367 3571 μέγας
1401 3506 1429 3557 ό
1463 3504 1720 3567 κίνδυνος.
1771 3507 1836 3559 Τί

260 3583 352 3638 οὖν
391 3590 721 3657 ποιήσομεν;
754 3590 879 3652 Πῶς
903 3591 957 3643 δὲ
998 3594 1090 3643 καὶ
1120 3592 1217 3654 τὰς
1243 3592 1513 3664 ὑμετέρας
1544 3594 1836 3666 ἐπιθυμίας

262 3678 732 3749 ἀποπληρώσομεν
758 3723 771 3747 ,
818 3683 912 3735 καὶ
950 3684 1103 3735 αὐτοὶ
1139 3685 1212 3754 μὴ
1254 3684 1575 3755 ἀπέλθωμεν
1611 3688 1835 3740 ἀσυντε-

262 3768 376 3831 λείς
408 3770 514 3822 τῶν
542 3773 855 3842 παρόντων;
892 3775 1351 3845 Παρακαλέσομεν
1377 3776 1613 3846 ὲκάστην
1638 3777 1833 3849 ψυχὴν,

260 3858 299 3912 ἃ
328 3860 529 3929 ἔχουσα
562 3859 725 3932 ἦλθεν
761 3866 817 3916 ὲν
844 3868 907 3935 τῇ
944 3866 1129 3936 μνήμῃ
1150 3906 1164 3929 ,
1203 3865 1374 3919 ταῦτα
1399 3869 1835 3939 ἀνακαινὴσασαν

259 3956 327 4022 τῇ
360 3952 601 4022 διανοίᾳ,
653 3954 861 4007 οἴκοθεν
916 3958 1401 4028 ὲπισιτισαμένην,
1456 3964 1567 4023 τοῖς
1616 3962 1835 4024 οἰκείοις

261 4045 497 4115 ιφώίοις
523 4048 720 4120 ἑαυτὴν
748 4049 1093 4117 εὐφράνασαν
1121 4050 1395 4105 ἀπελθεῖν.
1426 4052 1717 4122 Μνήσθητέ
1747 4071 1833 4122 μοι

260 4135 356 4187 τοῦ
389 4137 666 4205 μάρτυρος
688 4177 704 4201 ,
738 4138 850 4192 ὅσοι
878 4138 943 4189 δι’
979 4140 1201 4210 ὀνείρων
1234 4139 1398 4192 αὐτοῦ
1449 4141 1798 4211 ἀπηλαύσατε
1820 4160 1831 4170 ·

261 4229 400 4291 ὅσοι,
434 4232 817 4300 περιτυχόντες
848 4230 924 4300 τῷ
947 4231 1097 4301 τόπῳ
1124 4232 1317 4302 τούτῳ,
1349 4235 1651 4304 ἐσχήκεσαν
1675 4237 1835 4288 αὑτὸν

264 4319 529 4387 συνεργὸν
576 4322 654 4382 εἰς
704 4321 1036 4390 προσευχήν·
1086 4322 1269 4386 ὅσοις,
1319 4323 1540 4394 ὀνόματι
1597 4326 1831 4394 κληθεὶς,

261 4412 355 4462 ἐπὶ
399 4412 508 4463 τῶν
555 4412 728 4483 ἔργων
774 4414 1046 4485 παρέστηο
1083 4416 1241 4479 ὅσους
1292 4416 1607 4487 ὁδοιπόρους
1671 4420 1835 4471 ἐπαν-

260 4508 496 4569 ήγαγεν
530 4504 684 4565 ὅσους
700 4502 759 4567 ἐξ
786 4494 1095 4575 ἀρρωστίας
1122 4505 1416 4574 ἀνέστησεν
1437 4522 1451 4537 ⁶
1468 4508 1613 4569 ὅσοις
1644 4508 1835 4571 παῖδας

259 4593 545 4646 ἀπέδωκεν
600 4594 701 4663 ἤδη
759 4596 1209 4666 τετελευτηκότας
1234 4613 1246 4625 ·
1303 4597 1447 4661 ὅσοις
1498 4598 1834 4669 προθεσμίας

262 4685 378 4753 βίου
408 4686 751 4756 μακροτέρας
776 4689 1049 4757 εποίησεν.
1088 4688 1270 4741 Πάντα
1301 4705 1389 4758 μοι
1418 4690 1832 4757 συναγαγόντες,

2498 2077 2780 2135 ιιοιιιιιΑ
2813 2076 3004 2134 XXIII.

2216 2191 2281 2246 In
2320 2202 2557 2245 sanctum
2589 2200 2876 2262 martyrem
2897 2190 3243 2248 Mamantem.

2012 2308 2061 2360 I.
2101 2306 2256 2361 Haud
2288 2308 2479 2378 ignoro
2512 2308 2964 2378 panegyricorum
2988 2323 3178 2362 eorum
3202 2309 3293 2378 qui
3320 2309 3373 2362 in
3406 2324 3508 2378 pu-

1938 2400 2083 2455 blico
2113 2407 2381 2454 conventu
2414 2399 2569 2462 ﬁunt,
2600 2399 2971 2456 diﬁicultatem
3006 2416 3069 2455 ac
3102 2402 3312 2471 pondus
3350 2421 3361 2455 :
3414 2402 3506 2457 sed

1942 2501 2003 2546 ut
2033 2492 2136 2547 hoc
2157 2493 2291 2555 scio,
2318 2493 2392 2546 ita
2415 2499 2467 2547 et
2494 2492 2823 2547 debilitatem
2855 2508 3031 2547 meam
3060 2493 3175 2562 ipse
3206 2495 3505 2564 persentio.

1940 2584 2119 2639 Causa
2144 2600 2377 2655 namque
2402 2585 2517 2654 ipsa
2542 2584 2780 2654 postulat
2806 2627 2819 2651 ,
2854 2593 2912 2638 ut
2935 2586 3139 2655 aliquid
3166 2586 3379 2640 dicatur
3424 2587 3509 2642 di-

1942 2691 2106 2747 gnum
2170 2677 2237 2730 iis
2285 2676 2378 2746 qui
2434 2691 2737 2731 convenere
2764 2717 2778 2740 ,
2826 2684 2879 2731 et
2920 2692 3017 2746 spe
3059 2693 3220 2747 quam
3250 2680 3318 2733 de
3350 2679 3508 2733 nobis

1940 2767 2293 2837 concipiunt,
2346 2777 2400 2820 et
2446 2768 2523 2821 rei
2556 2776 2896 2837 argumento.
2956 2768 3223 2834 Quoniam
3255 2771 3399 2825 enim
3448 2772 3507 2825 in

1942 2856 2179 2909 maxima
2250 2856 2565 2912 celebritate
2626 2858 2787 2912 hodie
2852 2857 3142 2914 referimus
3206 2867 3506 2931 martyrum

1941 2949 2279 3012 memoriam,
2312 2964 2466 3004 mens
2491 2950 2671 3004 omnis
2696 2956 2877 3005 erecta
2908 2959 3010 3013 est,
3038 2960 3093 3005 et
3119 2952 3269 3007 auris
3294 2960 3504 3023 parata.

1938 3049 2259 3110 exspectans
2292 3048 2350 3095 ut
2376 3042 2598 3112 dignum
2639 3043 2841 3113 aliquid
2874 3051 3112 3115 martyre
3144 3045 3237 3098 illo
3268 3045 3503 3110 dicatur,

1941 3145 2005 3185 ac
2031 3132 2150 3201 ipso
2183 3133 2329 3187 illius
2365 3134 2637 3189 desiderio
2662 3136 2977 3191 concionem
3003 3137 3167 3206 cogit.
3191 3135 3325 3189 Nam
3348 3137 3505 3191 liberi

1940 3223 2078 3291 grati
2108 3224 2391 3294 magniﬁca
2426 3234 2634 3295 patrum
2676 3228 2945 3297 pratconia
2979 3229 3228 3298 exigunt,
3262 3244 3364 3283 nec
3410 3244 3506 3298 pa-

1939 3320 2186 3369 terentur
2210 3331 2396 3369 eorum
2420 3333 2541 3388 qua:
2568 3319 2835 3373 laudanda
2861 3330 3044 3374 essent
3076 3320 3507 3390 magnitudinem

1938 3420 2003 3460 ex
2050 3408 2281 3463 dicentis
2338 3411 2600 3465 tenuitate
2654 3411 2967 3480 periclitari.
3020 3410 3361 3481 Quapropter
3395 3427 3507 3482 quo

1939 3498 2115 3567 major
2162 3509 2244 3554 est
2280 3508 2460 3554 vestra
2494 3501 2788 3564 alacritas,
2835 3516 2899 3556 eo
2944 3502 3245 3569 periculum
3302 3503 3503 3570 majus.

1939 3587 2079 3653 Quid
2113 3588 2276 3660 igitur
2309 3606 2497 3645 sumus
2528 3591 2756 3645 facturi?
2786 3591 3067 3658 Quomodo
3096 3607 3289 3646 rursus
3318 3594 3504 3663 exple-

1938 3678 2118 3732 bimus
2153 3678 2418 3733 desideria
2441 3687 2640 3744 vestra,
2671 3688 2725 3735 et
2746 3681 2848 3750 ipsi
2872 3697 2980 3736 non
3015 3682 3306 3743 abibimus,
3334 3696 3411 3745 re,
3437 3682 3505 3736 de

1936 3784 2045 3839 qua
2074 3785 2220 3823 nunc
2274 3771 2470 3841 agitur,
2503 3771 2743 3826 infecta?
2786 3772 3210 3827 Adbortabimur
3258 3774 3500 3828 animum

1938 3875 2399 3930 unumquemque,
2435 3870 2494 3915 ut
2521 3877 2640 3931 quae
2660 3862 2714 3915 in
2746 3862 3002 3917 memoria
3032 3863 3219 3917 habuit
3240 3878 3365 3916 cum
3396 3863 3504 3919 huc

1938 3954 2205 4016 accessit,
2245 3969 2308 4008 ea
2338 3969 2521 4009 secum
2551 3956 2604 4009 in
2634 3965 2811 4009 mente
2841 3952 3094 4018 refrieet,
3138 3955 3504 4025 abscedatque

1934 4046 2253 4102 domesticis
2282 4047 2552 4102 alimentis
2590 4047 2901 4111 enutritus,
2937 4056 2991 4102 et
3028 4063 3127 4101 suo
3163 4047 3339 4117 ipsius
3386 4050 3504 4101 via-

1936 4138 2043 4193 tico
2077 4137 2433 4193 exhilaratus.
2470 4138 2819 4194 Memineritis
2843 4140 3001 4194 velim
3037 4142 3310 4210 martyris,
3341 4150 3505 4211 quot-

1934 4238 2070 4296 quot
2093 4242 2159 4282 eo
2189 4228 2243 4281 in
2287 4228 2493 4283 somnis
2529 4228 2677 4282 fruiti
2711 4229 2860 4283 estis.
2902 4228 3245 4285 Meminerint
3273 4246 3501 4297 omnes,

1934 4321 2028 4389 qui
2059 4321 2161 4375 hoc
2186 4321 2239 4374 in
2270 4319 2390 4374 loco
2416 4320 2719 4385 constituti,
2749 4322 2925 4391 ipsum
2958 4322 3261 4391 adjutorem
3288 4325 3355 4379 ad
3380 4340 3505 4398 pre-

1938 4413 2171 4467 candum
2198 4413 2436 4468 habuere
2468 4432 2481 4469 :
2522 4413 2720 4483 quibus
2746 4431 2869 4467 eum
2917 4426 3275 4484 operarentur
3304 4425 3505 4486 prasto

1940 4505 2072 4566 fuit,
2115 4506 2275 4559 simul
2307 4514 2367 4559 ut
2401 4507 2617 4560 nomine
2647 4513 2870 4560 vocatus
2899 4514 3017 4560 est:
3055 4523 3197 4577 quos
3246 4523 3312 4562 ex
3347 4523 3503 4577 pere-

1938 4598 2241 4668 grinatione
2268 4597 2502 4662 reduxit,
2538 4612 2677 4667 quos
2704 4613 2769 4651 ex
2800 4596 3116 4652 inﬁrmitate
3145 4599 3336 4663 erexit,
3375 4599 3503 4668 qui-

1940 4690 2040 4743 bus
2063 4690 2266 4744 liberos
2310 4689 2421 4757 jam
2452 4692 2557 4742 vita
2589 4689 2804 4744 functos
2832 4689 3094 4752 restituit,
3128 4691 3326 4759 quibus
3382 4704 3504 4757 pro-

258 4778 536 4849 ὲγκώμιον
589 4781 659 4831 ὲκ
707 4779 884 4832 κοινοῦ
948 4781 1140 4852 ἐράνου
1196 4783 1486 4851 πονήσατε.
1558 4780 1832 4851 Ἀλλήλοις

1945 4784 2143 4852 rogavit
2166 4782 2489 4850 praeﬁnitum
2509 4783 2632 4835 vitae
2659 4788 2891 4849 tempus.
2924 4780 3181 4835 Collectis
3205 4780 3458 4834 omnibus
3484 4819 3500 4842 .

254 4871 494 4931 διάδοτε,
552 4871 586 4925 ἃ
618 4868 755 4925 οἶδεν
788 4873 1042 4935 ἕκαστος,
1076 4872 1154 4942 τῷ
1185 4873 1259 4944 μὴ
1295 4872 1453 4925 είδὸτι
1480 4889 1491 4901 ·
1530 4872 1564 4925 ἀ
1598 4874 1669 4941 μὴ
1700 4868 1828 4936 οἵδε,

254 4963 581 5033 λαμϐανέτω
611 4965 760 5035 παρὰ
791 4965 885 5017 τοῦ
915 4965 1144 5028 εἰδότος,
1171 4967 1263 5018 καὶ
1304 4965 1474 5026 οὕτως
1510 4966 1573 5016 ἐκ
1623 4981 1830 5016 συνεισ-

254 5058 432 5127 (pagi;
459 5056 720 5127 ἀλλήλους
767 5058 1212 5119 συνεστιάσαντες
1232 5097 1245 5118 ,
1302 5058 1333 5125 ὴ
1343 5055 1458 5124 μῶν
1488 5058 1554 5125 τῇ
1579 5055 1829 5125 ἀσθενείᾳ

252 5148 561 5215 σύγγνωτε.

316 5327 375 5382 2.
419 5329 603 5382 Ταῦτα
631 5329 738 5399 γὰρ
767 5329 1019 5397 ἐγκώμια
1054 5333 1327 5402 μάρτυρος
1354 5374 1366 5393 ,
1398 5330 1426 5381 ὀ
1459 5327 1686 5389 πλοῦτος
1719 5327 1828 5379 τῶν

321 5509 436 5577 (85)
461 5509 642 5576 Verte,
668 5529 789 5565 cum
817 5509 951 5563 nihil
977 5509 1096 5578 angi
1125 5509 1377 5578 proderit.
1412 5507 1625 5560 MABAN.

324 5579 439 5646 (86)
466 5579 665 5637 Vocem
692 5584 874 5635 πάντα
901 5595 966 5634 ex
999 5576 1151 5634 libris
1183 5579 1460 5633 veteribus
1482 5576 1812 5631 addidimus.

252 5644 396 5720 μοι.
422 5644 589 5705 editio
626 5650 802 5706 Paris.
839 5650 1287 5720 ἀρρωστημάτων
1317 5648 1506 5701 ὅντων.
1564 5646 1668 5699 Sed
1709 5661 1815 5720 vox

253 5719 419 5772 ὅντων
466 5738 638 5792 neque
676 5725 731 5777 in
787 5716 1030 5775 editione
1076 5716 1261 5783 Basil..
1297 5734 1470 5789 neque
1510 5720 1563 5772 in
1610 5716 1816 5771 nostris

1938 4889 2001 4927 ex
2031 4874 2306 4926 communi
2336 4873 2583 4942 symbolo
2604 4873 2932 4941 praaconium
2967 4871 3297 4939 componite.
3340 4870 3503 4923 Com-

1938 4962 2213 5015 municate
2252 4962 2394 5016 inter
2421 4975 2557 5021 vos,
2607 4977 2729 5030 quae
2757 4962 2987 5031 quisque
3030 4960 3177 5013 novit
3228 4961 3502 5027 impertiat

1936 5050 2206 5118 ignoranti
2237 5068 2249 5102 :
2283 5066 2404 5119 quae
2443 5052 2686 5120 ignorat,
2721 5051 2789 5103 ab
2821 5051 3021 5103 edocto
3038 5048 3291 5117 accipiat.
3326 5049 3506 5117 Atque

1935 5142 2023 5197 ubi
2058 5142 2137 5196 sic
2164 5157 2229 5195 ex
2284 5152 2472 5197 mutuo
2522 5142 2769 5211 symbolo
2817 5141 2957 5195 alius
2995 5140 3159 5194 alium
3216 5141 3501 5209 paventis,

1932 5234 2293 5290 imbecillitati
2334 5242 2535 5289 nostrae
2567 5232 2849 5305 ignoscite.

1998 5326 2053 5379 2.
2089 5325 2214 5381 Haec
2259 5329 2403 5381 enim
2460 5327 2718 5397 martyris
2778 5334 2906 5379 sunt
2958 5327 3252 5395 praeconia,
3300 5324 3508 5386 divitia

1926 5519 2061 5561 mss.
2096 5506 2393 5561 invenitur.

1995 5576 2111 5645 (87)
2145 5575 2375 5631 Codices
2403 5577 2511 5647 duo
2530 5574 2964 5647 θεραπεύοντας.
2990 5575 3144 5631 Haud
3178 5577 3336 5647 longe
3364 5593 3506 5630 unus

1924 5627 2108 5718 mae;
2134 5627 2382 5718 eam;
2410 5627 2654 5718 “sannae
2678 5646 2787 5699 duo
2815 5627 3506 5718 φεῖ-ξιτ’παίεται-λιιι

1924 5717 2032 5771 duo
2058 5731 2189 5773 mss.
2228 5725 2279 5771 et
2302 5716 2431 5771 editi
2466 5716 2572 5771 τῶν
2607 5716 2903 5789 λογισμῶν.
