3982 6240
292 429 393 485 595

1287 427 1574 484 HOMILIA
1612 428 1681 483 IN
1716 426 2105 484 MAMANTEM
2152 425 2555 482 MARTYREM.

3434 432 3539 489 ενι

291 544 529 613 τὼμενος
548 586 563 606 ,
594 545 653 596 ἐν
678 545 835 597 νυκτὶ
865 545 1001 617 πρὸς
1026 546 1253 618 οὐρανὸν
1287 547 1629 613 ἀναϐλέπων,
1671 547 1765 600 καὶ
1786 546 1857 601 διὸ

1974 553 2062 602 eto
2090 546 2362 602 communi
2385 545 2610 617 degens,
2629 550 2790 597 noctu
2822 543 3125 613 suspiciens
3152 546 3207 601 in
3236 548 3456 617 cmlum,
3480 559 3538 608 et

288 637 397 691 τῶν
420 637 669 706 ἀστέρων
686 638 1072 706 ἀναγινώσκων
1096 640 1156 691 τὸ
1173 638 1355 710 θαῦμα
1374 638 1468 691 τοῦ
1488 637 1868 707 πεποιηκότος.

288 726 520 798 Ποιμήν.
560 728 654 798 Μὴ
684 728 1143 799 ὲπαισχυνώμεθα
1169 729 1267 800 τὴν
1296 728 1575 798 ἀλήθειαν.
1625 729 1717 800 Μὴ
1747 730 1871 791 τοὺς

292 815 488 882 ἐξωθεν
513 817 844 886 μυθοποιοὺς
870 818 1186 889 μιμώμεθα,
1219 819 1292 890 μὴ
1317 820 1754 889 περιστέλλωμεν
1773 818 1871 889 τὴν

290 909 546 978 ἀλήθειαν
568 911 1169 982 εὐπρεπείᾳ.ρημάτων.
1187 912 1370 981 Γυμνὴ
1388 913 1419 981 ή
1440 912 1682 982 ἀλήθεια,
1704 914 1869 965 ὰσυν-

288 1001 559 1070 ηγόρητος
595 1001 708 1073 (89)
737 1040 751 1064 ,
806 1002 944 1071 αὑτὴ
978 1002 1173 1071 ἑαυτὴν
1206 1000 1479 1054 δεικνῦσα.
1533 1002 1743 1054 Πλείονι
1783 1000 1871 1053 λό-

285 1108 369 1162 γῳ
409 1093 471 1145 τὸ
512 1095 767 1148 ταπεινόν
789 1109 801 1121 ·
854 1093 992 1148 ἀλλὰ
1035 1093 1233 1165 μᾶλλον
1266 1094 1565 1163 θαυμάσεις
1588 1094 1667 1163 τῷ
1698 1096 1870 1161 ἐγκω-

292 1184 418 1253 μίῳ.
452 1186 669 1257 Ποιμὴν
708 1187 805 1240 καὶ
834 1186 1003 1256 πένης
1019 1226 1033 1250 ,
1061 1186 1232 1239 ταῦτα
1256 1185 1335 1256 τῷ
1357 1185 1663 1257 Χριστιανῷ
1686 1185 1756 1239 τὰ
1778 1203 1867 1239 σε-

290 1277 523 1347 μνολογή
534 1295 697 1347 ματα.
746 1278 874 1332 Ἐὰν
918 1279 1043 1343 τοὺς
1076 1280 1352 1351 ἀρχηγοὺς
1377 1279 1471 1331 τοῦ
1500 1278 1866 1333 διδασκαλείου

284 1369 378 1421 τοῦ
406 1374 529 1423 κατ’
564 1371 848 1426 εὐσέϐειαν
879 1372 1117 1444 ζητήσῃς
1143 1414 1157 1436 ,
1187 1371 1356 1435 ἁλιεῖς
1388 1389 1447 1424 τε
1484 1373 1578 1424 καὶ
1602 1372 1862 1425 τελῶναι·

287 1461 380 1512 ἐὰν
406 1463 536 1525 τοὺς
561 1464 834 1534 μαθητὰς,
868 1465 1186 1534 σκυτοτόμοι
1209 1464 1456 1532 πένητες.
1494 1463 1682 1527 Οὐδεὶς
1714 1463 1868 1516 πλού-

288 1568 397 1615 σιος
413 1552 527 1620 (90)
552 1594 568 1618 ,
624 1555 863 1625 οὐδαμοῦ
902 1556 1247 1627 περιφάνεια.
1295 1555 1479 1607 Ταῦτα
1517 1555 1695 1608 πάντα
1731 1554 1867 1626 μετὰ

285 1644 377 1698 τοῦ
404 1646 618 1715 κόσμου
661 1650 1025 1717 κατήργηται.
1089 1647 1217 1700 Ἰδοὺ
1258 1647 1435 1700 τοίνυν
1480 1647 1622 1711 τίνος
1656 1648 1865 1717 ἡμέραν

288 1734 655 1805 ἑορτάζομεν,
708 1738 802 1790 ἐπὶ
850 1738 955 1789 τίνι
1007 1737 1220 1807 φαιδροὶ
1272 1739 1472 1801 πάντες
1516 1738 1719 1808 ὲσμὲν,
1773 1738 1866 1789 ἐπὶ

287 1826 387 1880 τίνι
418 1826 534 1895 βίος
564 1828 1016 1898 μεταπεποίηται.
1062 1828 1280 1900 Ἐπειδὴ
1315 1828 1742 1899 ὑπεμνήσθημεν
1771 1827 1863 1881 τοῦ

1972 653 2039 692 ex
2072 637 2245 693 stellis
2275 636 2599 691 miraculum
2630 633 2927 689 conditoris
2955 650 3309 705 cognoscens.
3340 642 3538 697 Pastor

1974 738 2075 787 est.
2111 730 2370 786 Veritatis
2400 746 2466 786 ne
2496 745 2597 786 nos
2633 728 2854 798 pudeat.
2887 728 3246 786 Fabulatores
3277 734 3537 802 profanos

1973 836 2041 875 ne
2092 822 2366 877 imitemur
2397 862 2411 885 ,
2474 838 2542 877 ne
2596 832 2948 891 contegamus
3000 822 3283 877 veritatem
3339 836 3535 880 ornatu

1971 916 2281 969 verborum.
2335 915 2492 970 Nuda
2540 921 2625 969 est
2672 914 2911 978 veritas,
2970 916 3175 985 absque
3229 920 3535 987 patrocinio

1972 1006 2089 1075 ipsa
2123 1014 2297 1061 semet
2328 1007 2583 1061 ostendit.
2636 1005 2797 1060 Plura
2830 1006 2878 1060 si
2905 1005 3078 1073 dicas,
3103 1008 3383 1077 deprimis.
3421 1010 3535 1065 Ma-

1969 1097 2192 1173 giseam
2222 1098 2560 1154 admirabere
2593 1112 2688 1168 per
2715 1099 3069 1168 praeconium.
3106 1098 3300 1154 Pastor
3324 1109 3378 1155 et
3397 1118 3534 1173 pau-

1969 1170 2083 1259 pet',
2116 1190 2230 1246 haec
2260 1200 2386 1246 sunt
2410 1190 2718 1247 Christiano
2740 1199 3079 1246 ornamenta.
3115 1170 3425 1264 Gymnasii,
3480 1196 3535 1249 in

1969 1299 2077 1352 quo
2102 1284 2273 1352 pietas
2302 1282 2502 1336 tradita
2552 1293 2669 1347 est,
2731 1283 3015 1353 praefectos
3066 1286 3114 1340 si
3170 1286 3483 1354 inquisieris
3516 1324 3532 1349 ,

1968 1375 2266 1445 piscatores
2311 1375 2557 1430 invenias
2587 1385 2641 1429 et
2683 1375 3040 1445 publicanos:
3088 1378 3133 1433 si
3189 1376 3531 1447 discipulos,

1968 1466 2187 1520 coriarii
2221 1475 2346 1521 sunt
2372 1481 2657 1536 pauperes.
2691 1466 2849 1523 Dives
2875 1470 3077 1534 nullus,
3108 1484 3378 1539 nusquam
3422 1470 3534 1524 ela-

1966 1558 2167 1622 ritudo,
2200 1557 2453 1611 interiere
2484 1571 2589 1611 una
2617 1572 2739 1611 cum
2764 1557 2968 1613 mundo
2999 1558 3112 1613 haec
3146 1559 3348 1613 omnia.
3388 1557 3525 1614 Vide

1966 1647 2132 1717 igitur
2156 1647 2313 1715 cujus
2344 1646 2485 1702 diem
2511 1647 2846 1703 celebremus
2874 1688 2888 1711 ,
2944 1648 3103 1717 cujus
3133 1650 3307 1718 gratia
3341 1663 3528 1704 omnes

1966 1738 2167 1793 hilares
2206 1740 2398 1803 simus,
2432 1740 2500 1793 ob
2522 1755 2682 1809 quem
2717 1741 3001 1795 immutata
3027 1742 3219 1797 civitas
3257 1741 3346 1797 sit.
3384 1741 3531 1808 Quo-

1966 1831 2110 1884 niam
2156 1832 2391 1901 pastoris
2429 1833 2808 1899 meminimus,
2859 1850 2926 1890 ne
2963 1834 3096 1888 illud
3149 1850 3346 1890 nomen
3400 1850 3531 1889 con-

290 1919 562 1988 ποιμένος,
584 1920 657 1990 μὴ
675 1920 1003 1991 καταφρόνει
1020 1920 1120 1989 τῆς
1132 1920 1495 1991 προσηγορίας
1514 1920 1592 1991 (91
1607 1921 1645 1987 ).
1670 1922 1857 1973 Ἤκου·

1966 1932 2198 1977 temnas.
2224 1922 2493 1978 Audivisti
2543 1923 2783 1986 Abelem,
2817 1926 2908 1994 qui
2940 1925 3151 1995 primus
3176 1925 3400 1994 placuit,
3435 1939 3533 1995 pa-

292 2027 383 2072 σας
407 2050 422 2073 ,
453 2011 538 2063 ὅτι
571 2013 600 2062 ό
624 2010 841 2081 πρῶτος
865 2011 1237 2083 εὐαρεστήσας
1263 2013 1427 2065 Ἀϐελ
1462 2013 1664 2083 ποιμὴν
1690 2011 1868 2082 ὑπῆρ-

288 2101 360 2166 ξε.
408 2101 506 2162 Τίς
540 2100 750 2153 ἐκείνου
796 2104 1069 2171 μιμητής;
1100 2102 1339 2172 Μωῢσῆς
1378 2102 1406 2153 ὁ
1438 2102 1612 2172 μέγας
1642 2100 1867 2171 νομοθέ-

286 2207 402 2260 της,
434 2192 462 2242 ὁ
490 2190 588 2261 τὴν
615 2192 810 2261 πεῖραν
833 2190 942 2260 (92)
978 2191 1174 2261 Φαραὼ
1204 2191 1534 2262 ἀποδράσας,
1567 2193 1595 2244 ὁ
1631 2192 1865 2262 μισήσας

287 2282 392 2334 τῶν
414 2282 699 2351 συννόμων
716 2281 775 2333 τὸ
791 2282 1092 2347 ἐπίϐουλον,
1110 2278 1262 2345 οὗτος
1280 2283 1335 2334 ὲν
1351 2281 1427 2352 τῷ
1442 2282 1556 2354 ὄρει
1572 2281 1647 2352 τῷ
1662 2282 1864 2353 Χωρὴῦ

285 2375 633 2446 ἐποίμαινεν·
667 2376 735 2427 δι’
755 2369 830 2428 ὧν
851 2376 1132 2445 ἐποίμαινε
1168 2374 1285 2445 Θεῷ
1302 2374 1654 2446 -προσωμίλει,
1688 2376 1762 2428 Οὐ
1788 2375 1866 2427 δι-

281 2465 587 2536 δαξόμενπ
622 2464 763 2521 εἶδεν
792 2469 884 2520 ἐπὶ
911 2467 1073 2536 βάτου
1100 2467 1324 2536 ἄγγελον
1347 2508 1361 2532 ,
1396 2468 1530 2520 ἀλλὰ
1566 2467 1864 2537 ποιμαίνων

278 2560 496 2630 ἐκείνης
528 2561 629 2630 τῆς
658 2560 876 2629 ὁμιλίας
910 2561 1006 2631 τῆς
1038 2560 1285 2631 οὐρανίου
1325 2560 1553 2631 ἠξιώθη.
1586 2551 1690 2624 ’Τίς
1726 2560 1862 2632 μετὰ

278 2650 526 2705 Μωῦσέα
545 2668 558 2715 ;
600 2649 793 2703 Ἰακὼϐ
814 2652 841 2702 ὁ
860 2650 1220 2722 πατριάρχης,
1244 2654 1300 2705 ὲν
1316 2651 1391 2722 τῷ
1407 2652 1713 2723 ποιμαίνειν
1732 2654 1863 2705 ὑπο-

283 2742 452 2811 μονὴν
482 2742 582 2812 τὴν
613 2742 742 2811 περὶ
774 2743 872 2812 τῆς
903 2742 1157 2813 ἀληθείας
1189 2744 1624 2817 ἐπιδεικνύμενος
1643 2786 1657 2811 ,
1692 2750 1863 2819 μικρᾷ

279 2830 451 2883 εἰκόνι
483 2829 576 2883 τὸν
609 2828 728 2882 ὅλον
754 2830 947 2885 ἑαυτοῦ
975 2834 1382 2904 χαρακτηρίσας
1419 2835 1551 2906 βίον.
1582 2836 1699 2889 Τίνι
1723 2853 1863 2908 παρ-

278 2917 446 2970 έδωκε
490 2920 584 2972 τὸν
641 2919 839 2992 ζῆλον;
894 2920 984 2992 Τῷ
1041 2922 1221 2978 Δαϐίδ.
1268 2924 1431 2978 Δαίἲιδ
1472 2928 1537 2979 ὲκ
1580 2945 1863 2998 ποιμαντι-

278 3011 383 3080 κῆς
423 3011 703 3082 παρῆλθεν
733 3015 813 3076 είς
848 3012 1140 3083 βασιλείαν.
1200 3015 1450 3086 Ἀδελφαὶ
1490 3018 1597 3090 γὰρ
1628 3036 1859 3090 ποιμαν-

276 3103 405 3173 τικὴ
432 3106 531 3157 καὶ
564 3104 817 3177 βασιλική
845 3124 857 3136 ·
894 3107 1034 3178 παρ’
1064 3108 1186 3160 ὅσον
1218 3110 1251 3177 ἡ
1286 3109 1382 3178 μὲν
1412 3109 1519 3163 τῶν
1545 3111 1783 3180 ἀλόγων,
1827 3116 1859 3184 ἡ

275 3195 332 3247 δὲ
358 3195 472 3248 τῶν
504 3195 740 3265 λογικῶν
776 3196 871 3268 τὴν
900 3199 1222 3252 ἐπιστασίαν
1261 3201 1636 3256 ἐπεπίστευτο.
1673 3202 1859 3267 Οὕτως

1969 2019 2170 2066 storem
2231 2011 2401 2067 fuisse
2438 2013 2500 2066 ¹⁸.
2532 2013 2666 2079 Quis
2703 2029 2824 2068 eum
2861 2015 3105 2069 imitatus
3139 2016 3259 2068 est?
3305 2014 3532 2085 Magnus

1967 2100 2058 2154 ille
2115 2101 2395 2170 legislator
2444 2102 2676 2174 Moyses,
2722 2106 2814 2174 qui
2846 2117 3099 2159 conatum
3148 2104 3450 2160 Pharaonis
3478 2114 3532 2161 et

1966 2191 2149 2247 dolum
2185 2193 2341 2263 187
2374 2193 2660 2264 aufugiens
2683 2235 2698 2259 ,
2732 2203 2892 2263 atque
2942 2198 3413 2252 contubernalium
3449 2198 3533 2252 in-

1965 2284 2134 2339 sidias
2181 2300 2403 2349 exosus,
2443 2285 2531 2340 hic
2579 2288 2635 2340 in
2676 2295 2859 2342 monte
2899 2286 3112 2342 Cboreb
3165 2296 3353 2357 pastor
3384 2296 3529 2354 erat;

1963 2375 2204 2444 dumque
2234 2385 2503 2445 pasceret,
2550 2377 2603 2431 in
2633 2376 2727 2433 Dei
2764 2379 2912 2432 venit
2950 2379 3276 2448 colloquium
3303 2380 3369 2435 “.
3410 2379 3531 2433 Non

1965 2482 2086 2523 cum
2120 2468 2451 2537 disceptaret
2488 2468 2718 2538 judicio,
2748 2471 2997 2541 angelum
3047 2470 3101 2524 in
3163 2471 3303 2525 rubo
3356 2471 3526 2526 vidit:

1965 2558 2060 2617 sed
2088 2574 2210 2612 cum
2238 2570 2504 2629 pasceret,
2535 2561 2806 2631 colloquio
2846 2563 2936 2616 illo
2966 2563 3171 2618 emlesti
3208 2564 3404 2632 dignus
3434 2563 3531 2618 ba-

1964 2651 2110 2706 bitus
2143 2659 2246 2707 est.
2274 2652 2411 2717 Quis
2444 2660 2567 2723 post
2593 2655 2855 2725 Moysen?
2882 2652 3048 2709 Jacob
3078 2655 3407 2724 patriarcha,
3434 2655 3529 2724 qui

1962 2744 2017 2798 in
2056 2744 2328 2814 pascendo
2378 2760 2477 2815 pro
2514 2746 2744 2801 veritate
2780 2747 3097 2817 patientiam
3130 2748 3426 2803 ostendens
3459 2749 3524 2811 η,

1963 2836 2017 2891 in
2060 2852 2225 2906 parva
2264 2837 2499 2907 imagine
2529 2838 2695 2893 totius
2740 2854 2851 2893 suae
2880 2839 3003 2893 vitae
3032 2838 3256 2908 eﬂigiem
3284 2839 3524 2907 reliquit.

1961 2928 2062 2983 Cui
2092 2931 2387 3000 impertivit
2433 2931 2671 2984 studium
2718 2930 3024 3000 ejusmodi?
3048 2931 3258 2986 Davidi.
3300 2931 3465 2985 David
3497 2948 3528 2985 τι

1962 3021 2247 3091 pastoritia
2270 3030 2386 3076 arte
2410 3024 2655 3091 pervenit
2683 3022 2751 3077 ad
2780 3039 3002 3094 regnum
3032 3024 3093 3075 ¹⁶.
3126 3021 3356 3077 Sorores
3381 3022 3527 3077 enim

1961 3119 2090 3166 sunt
2120 3127 2211 3166 ars
2238 3113 2495 3181 pascendi
2528 3123 2581 3167 et
2618 3129 2707 3168 ars
2737 3115 3019 3184 regnandi,
3052 3114 3158 3169 nisi
3187 3112 3329 3182 quod
3355 3113 3525 3166 altera

1961 3202 2379 3265 irrationalium,
2410 3204 2577 3257 altera
2618 3204 2964 3258 rationalium
3010 3203 3385 3275 praefecturam
3421 3204 3525 3258 sibi

274 3284 569 3357 ὑπόϐαθρα
604 3287 708 3356 τῆς
753 3289 993 3357 μείζονος
1037 3289 1343 3361 ἐπιστήμης
1378 3292 1526 3345 ἐστὶν
1563 3292 1721 3364 αὕτη.
1759 3294 1856 3347 Διὰ

1966 3292 2325 3349 concreditum
2358 3294 2538 3349 habet.
2570 3295 2644 3348 ita
2688 3294 2778 3349 illa
2806 3296 3047 3351 scientiae
3068 3295 3292 3365 majoris
3326 3293 3526 3347 funda-

273 3376 441 3430 τοῦτο
490 3378 780 3450 ἀμφότερα
841 3379 1229 3449 συλλαμϐάνων
1282 3383 1312 3434 ό
1354 3382 1553 3454 Κύριός
1601 3386 1716 3437 ἐστι
1764 3386 1856 3439 καὶ

275 3469 486 3540 ποιμὴν
502 3470 598 3522 καὶ
610 3469 878 3538 βασιλεὺς,
892 3472 1017 3534 τοὺς
1033 3470 1257 3539 ἀλόγους
1274 3474 1709 3544 ποιμαίνων(95),
1729 3478 1855 3541 τοὺς

276 3560 681 3630 λογικωτέρους
734 3561 837 3613 ὑπὸ
896 3560 996 3630 τὴν
1053 3563 1373 3615 ἐπιστασίαν
1430 3566 1528 3635 τῆς
1587 3564 1860 3633 βασιλείας

274 3654 450 3721 ἄγων.
466 3651 653 3705 Βούλει
673 3654 859 3723 μαθεῖν
874 3653 1101 3724 πηλίκον
1125 3654 1242 3707 ἐστὶ
1262 3657 1467 3727 ποιμήν
1487 3674 1501 3718 ;
1520 3657 1856 3729 Κύριος(94)

275 3744 579 3811 ποιμαίνει
607 3760 703 3812 με.
737 3744 859 3804 Πῶς
888 3744 943 3797 δὲ
969 3744 1169 3814 ἀδελφὴ
1197 3744 1468 3815 βασιλείας
1492 3750 1818 3821 ποιμαντική
1842 3767 1856 3815 ;

279 3834 381 3899 ης
431 3835 606 3886 ἐστιν
641 3831 818 3901 οὗτος
862 3839 893 3890 ὁ
919 3836 1218 3901 ,βασιλεὺς
1260 3836 1371 3905 τῆς
1402 3837 1617 3905 δόξης;
1676 3836 1736 3892 ’0
1769 3842 1855 3893 ὲν-

272 3926 456 3979 ταῦθα
486 3928 694 3998 ποιμὴν
721 3928 837 3981 ἐκεῖ
882 3927 1149 3998 βασιλεύς.
1202 3930 1310 3983 Καὶ
1359 3930 1431 4001 μὴ
1470 3932 1695 4002 νομίσῃς
1724 3934 1853 4003 παρ’

274 4019 456 4071 ἄλλων
498 4020 597 4089 μὲν
636 4020 1067 4092 μαρτυρεῖσθαι,
1120 4022 1278 4075 αὑτὸν
1324 4022 1381 4075 δὲ
1432 4024 1851 4094 ἐπαισχύνεσθαι

272 4114 343 4181 τῇ
386 4112 731 4184 προσηγορίᾳ
777 4113 969 4184 ταύτῃ.
1039 4113 1196 4167 Ἀλλὰ
1254 4117 1678 4187 κατασιωπήσας
1726 4119 1852 4180 τοὺς

1959 3392 2199 3439 mentum
2266 3393 2369 3440 est.
2430 3386 2767 3457 Quapropter
2814 3397 3099 3457 utramque
3157 3387 3526 3456 complectens

1961 3475 2245 3541 Dominus,
2272 3487 2325 3532 et
2350 3485 2537 3547 pastor
2569 3487 2654 3533 est
2682 3485 2733 3533 et
2758 3494 2872 3541 rex,
2903 3493 3133 3549 pascens
3160 3486 3411 3547 expertes
3437 3492 3527 3530 ra-

1962 3571 2149 3629 tionis,
2176 3570 2388 3624 ratione
2426 3570 2631 3640 majore
2670 3570 2923 3639 prteditos
2963 3569 3067 3623 sub
3097 3570 3249 3638 regni
3286 3568 3523 3622 admini-

1961 3663 2279 3718 strationem
2308 3663 2648 3732 pertrahens.
2666 3660 2759 3717 Vis
2776 3662 2987 3717 discere
3008 3671 3223 3731 quantm
3246 3661 3523 3729 dignitatis

1958 3756 2030 3811 sit
2061 3755 2283 3824 pastor?
2330 3754 2583 3808 Dominus
2627 3754 2795 3823 pascit
2846 3771 2927 3809 me
2974 3756 3037 3809 ι’.
3083 3752 3367 3820 Quomodo
3397 3768 3524 3805 vero

1957 3862 2049 3903 ars
2089 3846 2346 3916 pascendi
2370 3862 2527 3902 soror
2552 3855 2634 3901 est
2666 3846 2863 3916 regni?
2900 3847 3030 3913 Quis
3060 3856 3133 3900 est
3163 3847 3260 3900 iste
3291 3860 3382 3898 rea:
3405 3845 3520 3914 glo-

1957 3940 2051 3993 riae
2080 3940 2157 3992 ‘3?
2190 3938 2293 4005 Qui
2330 3939 2440 3992 illic
2470 3944 2677 4007 pastor,
2715 3938 2804 3992 hic
2854 3954 2949 3993 rex
2978 3938 3198 3993 dicitur.
3231 3938 3373 3992 Cave
3422 3951 3522 3989 au-

1957 4036 2064 4082 tem
2090 4029 2367 4083 existimes
2391 4028 2457 4081 ab
2491 4028 2612 4082 aliis
2664 4027 2878 4097 quidem
2912 4028 3015 4082 hoc
3050 4028 3098 4082 ei
3149 4025 3521 4081 testimonium

1957 4120 2096 4184 dari,
2132 4118 2226 4175 sed
2255 4135 2378 4174 eum
2413 4119 2577 4189 hujus
2602 4120 2839 4175 nominis
2869 4120 3092 4190 pudere.
3125 4118 3261 4174 Nam
3305 4117 3523 4190 spurios

350 4265 713 4360 πῆξαι-.-.ιβ
747 4267 956 4360 ο2.¹Λ“
996 4266 1162 4322 Exod.
1203 4285 1297 4331 ιιι,
1339 4270 1464 4331 1,4.
1542 4272 1585 4303 ¹³
1624 4269 1757 4327 Gen.
1803 4288 1857 4325 xx

1966 4319 1967 4327 χ
2015 4274 2105 4329 58.
2186 4274 2228 4304 ³⁸
2267 4271 2285 4325 1
2347 4272 2475 4344 Reg.
2515 4291 2634 4339 xvr,
2702 4275 2796 4340 Η,
2855 4274 2961 4360 12.⁸
3021 4274 3061 4305 ¹⁷
3101 4274 3246 4331 Psal.
3283 4274 3490 4340 xxtt,i

275 4336 321 4368 υ
350 4335 501 4391 Psal.
538 4352 710 4402 mu,
747 4338 799 4404 8,
843 4338 929 4392 10.

348 4488 467 4573 (89)
508 4487 689 4573 Ερὶιὶο
732 4490 1352 4573 ιιιτοιιυθιὰσυνήγορος.
1398 4488 1549 4573 Reg...
1581 4492 1852 4573 secundus
1885 4512 1929 4567 ι)
1954 4490 2062 4572 ἀρε.
2075 4492 2235 4573 satis,
2280 4493 2559 4573 magisque
2589 4492 2823 4573 miraris.
2860 4493 3030 4573 Magis
3064 4497 3229 4573 igitur
3256 4500 3519 4557 miramur

272 4570 329 4631 et
366 4561 507 4615 alter
540 4559 671 4631 Reg.
704 4576 920 4631 quoque
962 4559 1387 4631 ὰσυθηγόρητος.
1441 4559 1849 4631 Ιὺὶόοιηίεάίιίο

274 4630 457 4685 Paris.
487 4631 581 4681 καὶ
604 4630 831 4683 πλείονι.
868 4628 1071 4683 Vocula
1100 4628 1191 4683 καί
1210 4628 1271 4684 in
1302 4632 1368 4683 iis
1393 4646 1531 4699 quos
1552 4630 1713 4684 modo
1736 4632 1849 4686 dixi

274 4701 568 4754 codicibus
596 4700 769 4770 deest.
794 4700 945 4753 Alter
976 4701 1065 4753 ille
1088 4699 1333 4769 Reg.pro
1357 4700 1658 4770 θαυμάσεις
1690 4702 1850 4755 habet

274 4770 588 4842 θαυμάσῃς.
614 4769 847 4842 Basilius
872 4770 998 4822 dum
1036 4771 1288 4842 brevitati
1325 4769 1849 4842 studuit,_obseurus

275 4838 458 4894 tactus
490 4838 595 4893 est.
644 4840 720 4893 lta
764 4848 1003 4894 verterat
1037 4848 1193 4895 vetus
1228 4841 1519 4909 interpres,
1554 4838 1846 4894 Humilita-

278 4921 379 4962 tem
413 4911 559 4964 illius
600 4911 764 4962 multo
813 4926 1068 4971 sermone,
1103 4912 1207 4962 into
1242 4912 1408 4977 magis
1450 4912 1681 4963 encomio
1718 4914 1849 4965 cele-

276 4980 457 5033 brabis
504 4995 520 5030 :
554 4996 715 5047 quam
751 4980 1252 5048 interpretationem
1284 4996 1407 5033 eum
1440 4996 1552 5033 non
1594 4982 1849 5049 probaret

274 5049 661 5111 Combeﬁsius,
690 5051 762 5103 ita
789 5051 905 5115 ipse
927 5051 1313 5117 interpretatus
1334 5056 1418 5106 est
1444 5069 1455 5102 :
1490 5049 1576 5104 ιτα
1619 5053 1847 5118 seipsam

273 5121 579 5185 declarans,
604 5119 945 5189 pluribusque
972 5120 1110 5189 quod
1143 5121 1256 5188 ejus
1281 5120 1474 5174 humile
1497 5131 1609 5183 est;
1641 5138 1742 5190 quo
1768 5131 1848 5174 ta-

276 5208 395 5243 men
437 5194 642 5245 nomine
676 5192 958 5259 plusquam
1000 5191 1234 5243 encomio
1275 5190 1625 5245 admirabere.
1673 5191 1845 5256 Quam

274 5271 457 5314 autem
495 5263 596 5315 sibi
630 5264 684 5314 in
713 5262 815 5313 hac
847 5274 946 5313 sua
977 5261 1422 5330 interpretatione
1454 5261 1740 5330 placuerit,
1766 5262 1849 5314 in-

273 5332 424 5385 dicat
461 5332 578 5400 ipse
608 5332 695 5386 bis
728 5345 851 5400 quae
894 5329 1178 5399 subjungit
1222 5331 1425 5387 verbis.
1456 5329 1601 5398 Hic,
1646 5331 1843 5400 inquit,

274 5417 456 5453 sensus
483 5402 696 5463 Basilii,
725 5417 831 5468 qua
866 5401 942 5453 sic
970 5406 1176 5454 concise
1206 5417 1269 5453 ac
1298 5400 1561 5469 eleganter
1592 5402 1843 5469 loquitur.

278 5470 406 5534 Sed,
436 5471 537 5525 nisi
569 5473 822 5532 caacutio,
865 5485 971 5524 non
1010 5471 1252 5536 sustulit,
1290 5471 1384 5525 sed
1429 5472 1578 5524 auxit
1617 5471 1845 5525 ditlicul-

276 5548 457 5593 tatem.
492 5541 738 5595 Primum
765 5541 915 5595 enim
948 5541 1290 5606 qumrebatur
1312 5540 1442 5610 quid
1476 5541 1709 5596 Basilius
1740 5542 1844 5597 sibi

276 5611 433 5664 vellet
466 5630 477 5665 :
513 5628 661 5666 nunc
698 5618 883 5679 autem
915 5625 1106 5665 rursus
1138 5610 1306 5678 quaeri
1343 5618 1544 5678 potest.
1579 5610 1708 5679 quid
1741 5611 1843 5665 sibi

276 5680 404 5734 velit
426 5680 809 5737 Combetisius.
837 5678 952 5733 Hoc
979 5680 1109 5732 mihi
1132 5680 1348 5734 videtur
1368 5678 1803 5735 Basiliusdicere
1829 5700 1840 5735 :

279 5748 333 5803 Si
367 5751 611 5819 pluribus
646 5750 834 5805 verbis
869 5750 1039 5803 uteris
1074 5750 1141 5804 ad
1177 5750 1501 5804 laudandam
1536 5751 1841 5813 veritatem,

280 5822 513 5878 viliorem
543 5838 666 5878 eam
701 5821 890 5877 reddis
920 5838 931 5874 :
959 5820 1002 5875 si
1035 5821 1209 5876 solum
1235 5820 1405 5891 ipsam
1434 5822 1701 5890 nomines,
1728 5822 1843 5874 lau-

1957 4563 2235 4617 veritatem
2266 4563 2587 4644 praeconioa
2609 4562 2710 4617 hoc
2742 4571 2845 4627 est,
2889 4566 2935 4618 si
2958 4562 3109 4620 'eam'
3130 4569 3304 4624 solum
3336 4575 3515 4626 nomi-

1954 4647 2148 4685 namus
2174 4647 2329 4702 _more
2355 4648 2642 4702 ριιεοοηιε.

2022 4701 2146 4775 (9ολ
2165 4700 2255 4775 §ic
2282 4700 2414 4775 Reg.
2441 4702 2737 4775 secundus.
2762 4702 2915 4775 _Alter
2936 4702 3069 4773 Reg.
3092 4706 3330 4775 οὐδαμοῦ
3353 4708 3515 4762 πλού-

1952 4772 2251 4850 σιος.ΛΙΞξι]ἱιί
2275 4773 2521 4850 πένητες,
2550 4772 2785 4850 οὐδαμοῦ
2812 4772 3155 4850 περιφάνεια.
3173 4772 3334 4850 ΔΗξιυιί
3358 4778 3517 4850 longe

1950 4840 2206 4964 vosbﬁlo;
2239 4840 2451 4898 videtur
2484 4844 2625 4898 sumi
2660 4840 2860 4897 debere
2892 4840 3003 4913 pro
3041 4846 3374 4914 hominibus,
3416 4840 3512 4904 se'u

1950 4927 2055 4964 cm
2100 4927 2187 4964 us.

1949 4927 2187 4966 CIVIDUS.

2020 4981 2133 5050 (91)
2171 4980 2261 5059 Sic
2291 4979 2424 5059 Reg.
2466 4984 2756 5059 secundus.
2798 4983 2947 5038 Alter
2982 4982 3121 5059 Reg.
3144 4988 3515 5059 προσηγορίας

1948 5052 2236 5125 ἧκουσαςρ
2261 5052 2496 5125 πρῶτος.
2528 5054 2668 5107 Editi
2702 5055 3070 5125 προσηγορίας
3097 5052 3405 5119 exaeques;

2019 5121 2131 5191 (92)
2164 5120 2346 5196 Nostri
2378 5122 2485 5177 duo
2517 5140 2649 5177 mss.
2676 5132 2727 5176 et
2742 5120 2884 5196 :editi
2909 5126 2950 5196 ό
2954 5120 3060 5196 τὴν
3082 5126 3294 5196 πεῖραν·
3348 5144 3511 5196 quam

1948 5206 2139 5262 vocem
2171 5192 2426 5247 vitiosam
2450 5208 2570 5247 esse
2603 5194 2891 5261 suspicans
2912 5192 3291 5262 Combetisius,
3322 5192 3388 5254 de
3411 5216 3511 5256 suo

1948 5260 2259 5317 emendavit
2288 5262 2523 5331 legitque
2553 5260 2831 5332 ἐπήρειαν.

2018 5332 2129 5399 (95)
2165 5332 2325 5395 Illud,
2360 5334 2486 5395 τοὺς
2514 5333 2738 5399 ἀλόγους
2768 5333 3088 5403 ποιμαίνων,
3123 5350 3337 5401 pascens
3372 5339 3511 5391 irra-

1950 5402 2192 5467 tionales,
2244 5403 2316 5454 ita
2361 5403 2534 5471 accipi
2580 5403 2738 5456 debet
2788 5402 3223 5463 ut’irrationalis
3263 5416 3512 5462 sumatur

1948 5488 2046 5541 pro
2083 5472 2433 5541 simpliciore.

2015 5541 2250 5619 (9i).Sic
2285 5540 2414 5609 Reg.
2451 5540 2605 5619 alter.
2639 5540 2834 5619 Totum
2867 5543 3019 5619 illud,
3047 5544 3175 5619 Πῶς
3206 5544 3286 5619 δὲ-
3308 5546 3508 5619 ἀδελφὴ

1950 5611 2225 5686 βασιλείας
2256 5612 2608 5686 ποιμαντική,
2638 5612 2977 5686 desideratur
3006 5615 3341 5686 invulgatis.
3372 5611 3505 5686 Reg:

1948 5680 2520 5756 secundusmtpaivst
2551 5698 2638 5756 με,
2669 5683 2943 5756 καιοὺδέν
2970 5702 3035 5755 με
3059 5680 3367 5756 ὑστερήσει,
3392 5680 3505 5751 πῶς

1947 5752 2026 5813 δέ,
2058 5759 2190 5812 etc.,
2212 5752 2322 5829 ita,
2354 5759 2413 5804 ut
2442 5750 2493 5802 in
2514 5753 2634 5829 alio
2664 5752 2852 5829 codice
2882 5750 3052 5829 Regio
3082 5750 3297 5829 legitur,
3322 5750 3495 5813 Domi.

1950 5838 2045 5874 nus
2074 5823 2240 5889 pascit
2274 5837 2369 5888 me,
2398 5832 2445 5875 et
2472 5822 2599 5875 nihil
2630 5824 2755 5876 mihi
2783 5824 2968 5879 deerit.
