3982 6240
424 421 530 479 595

1751 429 1809 486 S.
1853 431 2097 488 BASlLli
2127 433 2346 490 MAGNI

3568 442 3672 497 596

424 546 672 610 pastores
701 537 919 592 silentio
954 538 1394 607 pretermittens,
1423 555 1610 596 verum
1644 542 1778 598 illud
1809 553 1995 615 pasto-

2122 548 2287 612 νόθους
2324 548 2584 616 ποιμένας
2607 587 2620 612 ,
2669 547 2762 617 ἐφ’·
2788 549 2977 602 ἑαυτὸν
3013 549 3324 620 περιίστησι
3369 550 3466 622 τὴν
3499 551 3675 624 ἀληθῆ

423 633 562 686 ritiae
621 632 758 684 artis
813 630 1186 685 testimonium
1234 632 1336 686 sibi
1403 632 1684 691 vindicat:
1721 634 1832 706 Ego
1876 654 1993 691 sum

424 731 606 789 pastor
635 719 798 773 bonus
842 721 904 773 ¹⁹.
941 718 1051 790 Ego
1086 737 1238 787 sum,
1285 732 1339 775 et
1364 739 1468 776 non
1504 735 1738 778 mutatus
1781 743 1898 780 sum
1923 728 1991 781 ὀί.

425 812 543 878 Qua
572 811 787 867 dicendi
817 812 1028 866 ratione
1074 813 1246 868 utitur
1275 829 1400 868 cum
1437 831 1632 886 magna
1662 817 1797 872 dicit
1823 837 1837 873 :
1883 818 2002 890 Ego

426 919 588 955 manu
619 919 733 955 mea
761 904 970 972 ﬁrmavi
1023 913 1216 957 terram
1242 921 1260 959 :
1303 923 1392 977 ego
1443 907 1667 980 extendi
1699 909 1883 963 cretum
1911 928 1999 964 so-

428 994 512 1047 lus
545 995 622 1048 “z
659 1002 802 1049 srcut
831 1010 955 1049 cum
989 1004 1042 1049 et
1064 997 1169 1050 alia
1193 998 1482 1068 magniﬁca
1512 1014 1575 1053 ac
1596 1000 1758 1071 digna
1784 1018 1904 1072 qua:
1932 1002 1999 1058 de

429 1085 541 1142 Deo
569 1086 860 1152 dicantur,
915 1088 1156 1159 profert,
1198 1091 1278 1144 sic
1332 1090 1503 1145 dicit:
1559 1091 1757 1146 Pastori
1793 1095 2000 1159 bonus?

428 1179 610 1249 Abigit
634 1181 872 1248 spurios,
903 1188 957 1234 et
985 1182 1268 1236 veritatem
1299 1182 1404 1237 sibi
1438 1184 1555 1252 ipse
1594 1185 1845 1240 assumit.
1888 1158 2008 1256 L’go

431 1287 545 1323 sum
591 1280 772 1337 pastor
799 1271 982 1325 bonus.
1013 1270 1171 1327 Disce
1203 1273 1326 1342 quis
1369 1273 1440 1328 sit
1466 1282 1675 1344 pastor,
1699 1286 1752 1330 et
1774 1277 1900 1346 quis
1930 1281 2002 1332 sit

433 1364 629 1415 bonus.
685 1359 950 1431 Fungitur
1007 1362 1122 1432 ipse
1175 1363 1486 1433 interpretis
1539 1381 1782 1424 munere.
1839 1369 2000 1424 Verus

430 1461 614 1520 pastor
647 1440 879 1506 animant
907 1469 1057 1507 suam
1083 1455 1228 1523 ponit
1270 1471 1364 1522 pro
1403 1454 1580 1510 ovibus
1604 1474 1622 1510 :
1652 1461 2002 1514 mercenarius

433 1561 571 1608 vero,
600 1554 648 1599 et
678 1545 767 1616 qui
797 1563 902 1599 non
922 1555 998 1599 est
1029 1555 1246 1615 pastor,
1283 1548 1433 1616 cujus
1465 1564 1568 1602 non
1588 1559 1709 1604 sunt
1734 1567 1847 1605 oves
1881 1568 2004 1620 pro-

433 1639 584 1707 priw,
618 1655 720 1691 non
750 1649 924 1704 curat,
950 1656 1065 1694 cum
1094 1641 1273 1708 Lupum
1309 1643 1592 1697 venientem
1637 1645 1774 1699 videt
1794 1647 1857 1698 ".

504 1817 558 1870 4.
600 1814 702 1869 ilic
736 1817 930 1886 quaerit
962 1818 1202 1874 Ecclesia
1225 1859 1239 1884 ,
1292 1821 1339 1875 si
1371 1827 1558 1890 pastor
1589 1820 1853 1877 Dominus
1881 1830 2000 1887 est,

2102 641 2201 711 τῆς
2238 641 2597 712 ποιμαντικῆς
2633 641 2934 715 μαρτυρίαν
2967 660 2979 672 ·
3043 641 3181 710 Ἐγώ
3207 644 3324 708 ειμι
3389 647 3422 697 ό
3453 646 3676 713 ποιμὴν·

2103 736 2136 786 ὀ
2183 734 2386 797 καλός.
2455 730 2600 800 Ἐγώ
2627 734 2779 802 ειμι,
2829 734 2925 785 καὶ
2972 737 3082 787 οὐκ
3133 734 3478 804 ἡλλοίωμαι.
3531 739 3677 803 Πῶς,

2103 827 2230 880 ὅταν
2258 824 2324 879 τὰ
2355 824 2566 896 μεγάλα
2594 825 2724 896 λέγῃ
2745 844 2757 854 ·
2803 825 2950 892 Ἐγὼ
2980 825 3055 893 τῇ
3083 827 3234 895 χειρί
3253 845 3373 896 μου
3401 829 3677 896 ἐστερέω-

2105 935 2187 974 σα
2216 918 2331 987 τὴν
2357 916 2476 989 γῆν
2498 935 2512 948 ·
2555 917 2668 987 ἐγὼ
2699 917 2965 980 ἐξέτεινα
3008 918 3117 969 τὸν
3166 919 3426 986 οὐρανὸν
3455 921 3642 988 μόνος
3661 938 3681 950 ·

2104 1014 2179 1076 ὡς
2230 1014 2357 1065 ὅταν
2397 1010 2562 1066 τᾶλλα
2602 1011 2736 1082 λέγῃ
2780 1010 2850 1063 τὰ
2895 1009 3201 1082 ἀξιοπρεπῆ
3229 1013 3321 1064 καὶ
3377 1010 3500 1076 ἄξια
3553 1014 3680 1084 περὶ

2105 1104 2240 1158 Θεοῦ
2266 1101 2559 1172 λέγεσθαι,
2590 1100 2762 1164 οὕτως
2790 1101 2965 1170 λέγει·
3026 1101 3088 1154 Ὅ
3122 1100 3346 1170 ποιμὴν
3383 1105 3416 1155 ὁ
3449 1106 3633 1168 καλός
3658 1119 3684 1166 ;,

2121 1195 2438 1250 Ἀποδιώκει
2483 1196 2608 1258 τοὺς
2636 1194 2822 1256 νόθους
2846 1232 2860 1257 ,
2897 1194 2991 1247 καὶ
3019 1192 3116 1263 τὴν
3145 1192 3403 1264 ἀλήθειαν
3430 1197 3510 1257 εἰς
3545 1194 3678 1248 ἐαυ-

2105 1287 2196 1340 τὸν
2252 1287 2612 1358 περιίστησιν.
2692 1286 2838 1355 Ἐγώ
2887 1289 3002 1355 ειμι
3039 1291 3072 1340 ό
3110 1287 3333 1356 ποιμὴν
3383 1291 3417 1342 ὀ
3468 1291 3678 1355 καλός.

2109 1381 2261 1434 Μὰθε
2282 1381 2364 1444 τίς
2392 1382 2538 1434 ἐστιν
2563 1381 2590 1433 ὁ
2624 1379 2845 1450 ποιμὴν,
2875 1381 2969 1432 καὶ
2993 1381 3076 1442 τίς
3105 1381 3254 1432 ἐστιν
3285 1381 3312 1431 ὁ
3343 1380 3522 1444 καλός.
3577 1381 3685 1433 Αὑ-

2108 1473 2197 1535 τδς
2224 1471 2534 1542 ἐρμηνεύέι.
2573 1471 2634 1523 Ὅ
2666 1470 2951 1537 ἀληθινὸς
2971 1469 3195 1539 ποιμὴν
3215 1470 3329 1538 τὴν
3345 1471 3557 1540 ψυχὴν
3575 1473 3682 1525 αὐ-

2109 1564 2215 1617 τοῦ
2251 1565 2490 1631 τίθησιν
2518 1562 2670 1631 ὑπὲρ
2705 1561 2825 1615 τῶν
2859 1561 3187 1630 προϐάτων
3219 1565 3252 1616 ό
3275 1562 3346 1614 δὲ
3365 1563 3680 1632 μισθωτὸς,

2111 1655 2208 1709 καί
2236 1659 2347 1710 οὐκ
2376 1654 2462 1709 ὢν
2485 1655 2726 1724 ποιμὴν,
2749 1650 2821 1709 οὗ
2865 1657 2975 1708 οὐκ
3011 1655 3144 1708 ἔστι
3160 1655 3231 1709 τὰ
3252 1657 3513 1724 πρόϐατα
3538 1654 3682 1719 ῑδια,

2112 1750 2183 1800 οὑ
2207 1747 2376 1816 μέλει
2396 1747 2576 1812 αὐτῷ,
2605 1745 2750 1799 ὅταν
2782 1744 2882 1814 ἴδῃ
2898 1746 3090 1798 λύκον·
3114 1746 3459 1816 ἐρχόμενον.

2180 1839 2233 1893 4.
2285 1838 2548 1892 Ἐνταῦθα
2576 1838 2786 1908 ζητεῖὴ
2831 1836 3143 1905 Ἐκκλησία,
3192 1839 3240 1889 εί
3278 1836 3482 1907 ποιμὴν
3509 1838 3538 1889 ὁ
3573 1834 3690 1889 Κύ-

437 1911 562 1978 quis
585 1911 657 1964 sit
685 1912 1060 1965 mercenarius
1088 1913 1316 1981 pastor?
1366 1913 1505 1968 Num
1528 1914 1810 1970 diabolus?
1848 1913 1916 1967 Et
1960 1916 2004 1968 si

2122 1949 2259 1999 οιος,
2289 1931 2374 1994 τίς
2409 1930 2676 2002 μισθωτὸς
2700 1931 2940 1999 ποιμήν;
2980 1929 3070 1999 Μὴ
3104 1932 3131 1982 ὁ
3165 1928 3441 1994 διάϐολος;
3489 1930 3601 1982 Καὶ
3635 1930 3686 1982 εί

436 2000 686 2054 diabolus
710 2007 793 2053 est
832 2001 1208 2057 mercenarius
1252 2012 1475 2073 pastor,
1513 2005 1639 2074 quis
1680 2007 1750 2060 sit
1801 2004 2007 2076 lupus?

435 2090 596 2146 Certe
630 2091 849 2162 quidem
882 2094 1043 2163 lupus
1071 2105 1155 2149 est
1199 2094 1473 2161 diabolus,
1505 2097 1677 2152 bestia
1700 2099 1790 2152 illa
1815 2097 2008 2151 imma-

437 2183 524 2237 nis
545 2224 558 2248 ,
596 2197 787 2252 rapax,
819 2184 1127 2238 insidiatrix
1147 2225 1162 2250 ,
1192 2188 1496 2242 communis
1537 2189 1779 2245 omnium
1810 2189 2006 2244 hostis.

437 2273 649 2329 Habeat
677 2276 844 2346 igitur
876 2279 1292 2347 appellationem
1319 2282 1597 2350 propriam
1639 2283 2010 2337 mercenarius

435 2377 643 2437 pastor.
702 2367 1069 2427 Merccnarios
1123 2381 1374 2444 pastores
1408 2374 1623 2429 dicebat
1659 2382 1791 2428 tunc
1835 2373 2014 2444 Domi:

437 2480 545 2520 nus
575 2465 642 2520 ad
670 2481 765 2522 eos
795 2483 1117 2535 conversus,
1160 2471 1254 2540 qui
1283 2478 1416 2526 tunc
1449 2471 1696 2527 aderant.
1747 2471 1884 2527 Sunt
1914 2488 2013 2527 au-

438 2566 548 2612 tem
574 2559 737 2616 etiam
755 2577 922 2630 nunc,
947 2564 1157 2619 utinam
1190 2580 1298 2619 non
1319 2567 1535 2620 essent!
1563 2567 1656 2636 qui
1681 2565 1785 2622 sibi
1811 2581 2014 2638 cogno-

437 2667 565 2706 men
629 2658 1090 2711 mercenariorum
1152 2660 1468 2715 conciliant.
1524 2660 1678 2716 Tunc
1728 2663 2014 2733 pontiﬁces

439 2743 826 2801 indicabantur
861 2755 918 2802 et
964 2747 1264 2816 Pharisaei,
1319 2759 1374 2806 et
1423 2753 1602 2809 omnis
1654 2754 1747 2808 illa
1788 2753 2015 2808 Judaica

441 2845 612 2892 secta.
639 2836 766 2893 illos
797 2847 1044 2909 pastores
1075 2844 1443 2899 mercenarios
1475 2844 1710 2911 dicebat,
1741 2845 1836 2914 qui
1866 2855 2018 2915 quar-

441 2938 583 2993 stus,
615 2946 725 2986 non
756 2932 1002 2988 veritatis
1044 2936 1216 3005 gratia
1247 2946 1569 3007 potestatem
1599 2940 1857 3009 pascendi
1886 2942 2019 2995 arri-

441 3032 695 3093 puerant.
725 3023 827 3090 Qui
855 3035 1115 3096 praetextu
1147 3045 1286 3084 vano
1312 3037 1628 3100 precantur,
1650 3039 1710 3086 ut
1731 3033 2016 3088 viduarum

443 3127 639 3183 panem
672 3123 835 3184 atque
862 3117 1232 3187 orphanorum
1265 3121 1575 3187 comedant,
1606 3123 1644 3176 ii
1693 3124 2016 3178 mercenarii

2108 2027 2137 2078 ὁ
2183 2025 2426 2086 διάϐολος
2477 2022 2744 2094 μισθωτὸς
2785 2022 3024 2093 ποιμὴν,
3079 2022 3162 2085 τίς
3208 2023 3239 2074 ὁ
3285 2021 3480 2085 λύκος;
3527 2021 3693 2075 Ἀλλὰ

2109 2113 2271 2175 λύκος
2302 2113 2400 2182 μὲν
2431 2113 2460 2164 ὁ
2489 2111 2734 2175 διάϐολος
2754 2152 2768 2176 ,
2817 2112 2879 2164 τὸ
2907 2113 3180 2183 ἀνήμερον
3220 2111 3436 2181 θηρίον,
3485 2111 3545 2165 τδ
3587 2113 3688 2182 ἁρ-

2111 2203 2412 2267 πακτικὸν,
2461 2204 2523 2256 τὸ
2569 2202 2889 2267 ἐπίϐουλον,
2936 2205 2964 2256 ὁ
3008 2204 3185 2268 κοινὸς
3226 2203 3442 2256 πάντων
3472 2202 3692 2273 ἐχθρός.

2124 2295 2324 2365 Ἐχέτω
2369 2296 2550 2348 τοίνυν
2593 2295 2727 2348 ἰδίαν
2761 2295 3129 2365 προσηγορίαν
3163 2295 3430 2366 μισθωτὸς
3459 2295 3685 2364 ποιμήν.

2112 2386 2431 2449 Μισθωτοὺς
2471 2385 2733 2456 ποιμένας
2773 2386 2893 2439 τότε
2941 2386 3040 2457 μὲν
3080 2385 3217 2456 πρὸς
3243 2387 3370 2448 τοὺς
3405 2385 3526 2437 τότε
3553 2384 3693 2436 ἀπο-

2115 2479 2481 2550 στρεφόμενος
2513 2481 2541 2531 ὁ
2582 2477 2786 2550 Κύριος
2831 2478 3036 2548 ἔλεγεν.
3090 2479 3211 2530 Εἰσὶ
3237 2477 3292 2530 δὲ
3335 2476 3430 2530 καὶ
3480 2476 3530 2529 οἱ
3570 2475 3686 2538 νῦν,

2113 2573 2189 2636 ὡς
2220 2573 2320 2625 οὐκ
2361 2571 2551 2641 ὄφελον
2575 2611 2589 2634 ,
2625 2573 2675 2624 οἱ
2711 2571 2812 2643 τὴν
2848 2572 3221 2643 προσηγορίαν
3257 2571 3364 2624 τῶν
3404 2567 3700 2640 μισθωτῶν

2116 2663 2495 2734 οἰκειούμενοι.
2529 2663 2664 2715 Τότε
2699 2663 2976 2733 ἀρχιερεῖς
3005 2662 3367 2714 ἐνεδείκνυντο
3408 2660 3500 2714 καὶ
3524 2661 3697 2731 Φαρισ-

2118 2757 2278 2818 σαῖοι,
2309 2753 2404 2807 καὶ
2427 2754 2535 2805 πᾶν
2563 2751 2741 2805 ἐκεῖνο
2763 2752 2824 2804 τὸ
2846 2751 3039 2821 κόμμα
3069 2751 3130 2804 τὸ
3171 2748 3478 2802 Ἰουδαϊκόν.
3517 2749 3692 2801 Ἐκείο

2117 2864 2242 2909 νους
2284 2844 2588 2916 μισθωτοὺς
2644 2842 2796 2912 ἔλεγε
2854 2841 3151 2912 ποιμένας,
3197 2842 3323 2904 τοὺς
3377 2840 3438 2893 οὐ
3495 2837 3583 2891 διὰ
3625 2837 3695 2890 τὸ

2117 2936 2333 3008 ἀληθὲς,
2359 2935 2495 2990 ἀλλὰ
2513 2933 2600 2988 διὰ
2631 2934 2693 2986 τὸ
2724 2933 2904 2986 αὐτῶν
2929 2933 3187 3004 χρειῶδες
3212 2931 3310 3002 τὴν
3336 2929 3430 2983 τοῦ
3464 2927 3691 2999 ποιμαί-

2117 3045 2230 3083 νειν
2277 3027 2524 3092 ἐξουσίαν
2575 3024 2857 3088 λαϐόντας.
2919 3026 2984 3078 Οἱ
3036 3025 3129 3077 ἐπὶ
3174 3023 3444 3094 προφάσει
3491 3019 3702 3092 ματαίῳ

2120 3119 2580 3190 προσευχόμενοι,
2615 3118 2702 3171 ἵνα
2749 3117 3077 3172 κατεσθίωσι
3114 3116 3208 3168 τὸν
3251 3115 3418 3186 ἄρτον
3460 3113 3568 3167 τῶν
3595 3130 3696 3184 χη-

444 3217 592 3260 sunt.
627 3203 854 3261 Utilitati
881 3223 994 3264 sua:
1027 3211 1120 3280 qui
1171 3211 1493 3278 inserviunt,
1524 3215 1725 3292 quique
1776 3230 2015 3285 praesens

2123 3213 2233 3285 ρῶν
2279 3212 2373 3266 καὶ
2425 3211 2533 3266 τῶν
2589 3211 2873 3282 ὀρφανῶν,
2929 3201 3075 3263 οὗτοι
3136 3205 3412 3278 μισθωτοί.
3475 3207 3542 3260 Ol‘
3593 3206 3705 3309 rip»

445 3303 752 3366 sectantes,
786 3314 896 3353 non
925 3299 1214 3356 intendunt
1257 3302 1312 3356 in
1357 3301 1598 3357 futurum
1628 3347 1643 3370 ,
1692 3305 2015 3360 mercenarii

2123 3306 2307 3379 χρείαν
2364 3301 2789 3375 θεραπεύοντες,
2847 3302 2897 3355 οἱ
2943 3301 3005 3354 τὸ
3047 3299 3220 3370 παρὸν
3265 3297 3582 3360 διώκοντες,
3629 3298 3698 3349 οὔ

446 3395 597 3451 sunt,
627 3403 734 3443 non
770 3399 1038 3460 pastores.
1073 3392 1139 3445 Et
1171 3408 1320 3449 nunc
1352 3395 1678 3450 mercenarii
1714 3397 1892 3463 multi,
1922 3397 2017 3468 qui

446 3493 547 3547 pro
572 3481 770 3535 misera
791 3483 1016 3552 gloriola
1037 3485 1204 3538 vitam
1231 3501 1387 3541 suam
1405 3488 1667 3552 vendunt,
1686 3489 1781 3559 qui
1796 3497 1850 3545 et
1873 3504 2021 3548 nunc

447 3572 685 3629 schisma
735 3574 789 3628 in
841 3577 992 3632 sanis
1024 3575 1240 3632 Domini
1293 3579 1478 3637 verbis
1513 3581 1851 3651 explicandis
1885 3597 2018 3636 con-

447 3665 599 3719 ﬂant.
651 3665 776 3723 Haec
807 3669 952 3722 enim
1003 3685 1126 3724 cum
1168 3670 1432 3727 Dominus
1469 3673 1735 3736 dixisset,
1781 3673 2020 3729 schisma

446 3765 696 3811 exortum
732 3767 814 3812 est
847 3760 989 3814 inter
1009 3775 1103 3815 eos
1129 3761 1193 3815 ’³.
1229 3761 1336 3816 Alii
1361 3762 1640 3828 dicebant,
1684 3762 2020 3819 Dmmonium

396 3908 406 3916 .
449 3844 610 3898 habet
644 3865 660 3898 :-
699 3846 811 3907 alii.
838 3846 956 3901 Non
1001 3857 1176 3916 potest
1219 3851 1432 3906 ellicere
1481 3852 1731 3918 daemon,
1783 3861 1844 3908 ut
1876 3853 2022 3908 oculi

448 3937 579 3991 cwci
612 3938 829 3993 videant
854 3940 919 3995 ’⁸.
951 3939 1116 3996 Vides
1153 3957 1314 4015 quam
1354 3951 1511 3999 vetus
1555 3944 1627 3999 sit
1662 3945 2022 4001 dissensionis

452 4029 616 4099 188
644 4030 880 4085 vitium?
947 4033 1140 4087 Statim
1191 4043 1373 4090 autem
1431 4037 1794 4093 ventilabrum
1840 4039 2023 4109 paleas

449 4121 715 4177 discernit
742 4141 772 4179 a
808 4124 1080 4182 frumento
1114 4129 1181 4182 ⁸⁸.
1215 4128 1280 4182 Ει
1303 4129 1446 4198 quod
1468 4129 1685 4200 quidem
1713 4131 1830 4186 leve
1859 4139 1943 4187 cst
1972 4139 2025 4186 et

447 4212 723 4279 instabile,
761 4216 1070 4286 seiungitur
1120 4218 1188 4272 ab
1243 4235 1308 4273 eo
1365 4220 1510 4289 quod
1553 4221 1662 4274 vim
1718 4221 1879 4275 habet
1921 4239 2025 4276 nu-

448 4304 650 4359 triendi
684 4324 699 4357 :
735 4307 880 4376 quod
926 4323 1054 4363 vero
1085 4309 1153 4362 ad
1204 4310 1520 4366 alimentum
1578 4312 1862 4381 spirituale
1907 4312 2026 4368 ido-

452 4412 614 4451 neum
643 4407 746 4463 est,
778 4401 1033 4469 agricolis
1066 4401 1345 4456 tribuitur.
1407 4403 1611 4458 Idcirco
1658 4404 1896 4460 schisma
1931 4420 2027 4460 ex—

452 4498 634 4544 ortum
661 4499 766 4555 est,
792 4501 844 4546 et
867 4493 958 4546 alii
987 4493 1066 4548 sic
1097 4493 1456 4559 dissidebant,
1483 4495 1574 4549 alii
1601 4495 2024 4550 sicJudmorum

2126 3400 2260 3472 πρὸς
2296 3399 2357 3452 τὸ
2404 3396 2593 3468 μέλλον
2623 3393 2957 3460 ἀτενίζοντες
2978 3433 2992 3458 ,
3028 3390 3319 3464 μισθωτοὶ,
3363 3391 3455 3442 καὶ
3483 3389 3545 3441 οὐ
3578 3405 3700 3440 ποι-

2129 3494 2286 3565 μένες
2335 3491 2460 3545 εἰσί.
2524 3489 2635 3543 Καὶ
2669 3486 2763 3540 νῦν
2802 3485 3058 3556 μισθωτοὶ
3095 3481 3282 3536 πολλοὶ
3320 3478 3567 3550 δοξαρίου
3606 3477 3700 3530 ἃδ-

2128 3575 2323 3652 στήνου
2355 3580 2453 3650 τὴν
2483 3575 2688 3631 ἑαυτῶν
2717 3575 2860 3646 ζωὴν
2888 3572 3247 3637 ἀποδιδόντες,
3278 3571 3328 3623 οἱ
3356 3569 3449 3622 καὶ
3477 3567 3571 3621 νῦν
3599 3565 3707 3618 ἑπὶι

2125 3677 2236 3738 τοῖς
2284 3671 2584 3741 ὑγιαίνουσι
2622 3668 2715 3721 τοῦ
2744 3668 2949 3739 Κυρίου
2993 3667 3198 3737 ῥήμασι
3237 3661 3442 3732 σχίσμα
3487 3657 3703 3713 ποιοῦν-

2125 3785 2234 3830 τες.
2269 3764 2529 3826 Εἰπόντος
2555 3762 2663 3839 γὰρ
2693 3759 2867 3814 ταῦτα
2894 3758 2987 3811 τοῦ
3015 3757 3221 3826 Κυρίου
3240 3795 3254 3819 ,
3288 3752 3489 3823 σχίσμα
3519 3753 3578 3804 ὲν
3604 3749 3710 3803 αὐ-

2126 3861 2238 3920 τοῖς
2277 3856 2510 3925 ἐγένετο.
2558 3856 2618 3908 Oi
2650 3852 2746 3923 μὲν
2773 3851 2986 3919 ἔλεγον,
3031 3846 3314 3916 Δαιμόνιον
3346 3843 3488 3914 ἔχει·
3525 3841 3702 3904 ἄλλοι,

2129 3950 2350 4020 Δαίμων
2386 3945 2698 4017 ὀφθαλμοὺς
2735 3943 2968 4016 τυφλοὺς
3003 3940 3220 4011 βλέπειν
3249 3939 3419 3991 ποιεῖν
3448 3937 3509 3988 οὐ
3544 3935 3705 3988 δύνα-

2129 4059 2237 4095 ται.
2300 4042 2463 4111 Ὁρᾷς
2516 4038 2633 4101 πῶς
2682 4037 2908 4090 παλαιὸν
2947 4035 3008 4087 τὸ
3046 4033 3217 4096 πάθος
3245 4030 3338 4085 τοῦ
3371 4029 3702 4100 σχίσματος;

2130 4133 2306 4196 Εὐθὺς
2329 4131 2436 4202 γὰρ
2460 4129 2521 4184 τὸ
2548 4128 2717 4183 πτύον
2741 4127 3004 4198 διακρίνει
3023 4124 3132 4195 (95)
3167 4123 3267 4193 μὲν
3286 4122 3345 4174 τὸ
3369 4121 3568 4190 ἄχυρον
3597 4117 3705 4172 ἀπὸ

2129 4224 2223 4282 τοῦ
2270 4225 2453 4277 σίτου·
2496 4221 2590 4274 καὶ
2626 4221 2687 4272 τὸ
2721 4219 2817 4290 μὲν
2847 4215 3047 4285 κοῦφον
3085 4213 3180 4268 καὶ
3210 4213 3438 4266 ἄστατον
3473 4208 3704 4277 ἀποσχί-

2133 4319 2286 4381 ζεται
2309 4316 2400 4369 τοῦ
2428 4314 2718 4386 τροφίμου,
2752 4311 2812 4364 τὸ
2843 4310 2900 4363 δὲ
2929 4307 3065 4380 πρὸς
3095 4306 3300 4378 τροφὴν
3330 4301 3711 4372 πνευματικὴν

2131 4410 2435 4481 ἐπιτήδειον
2484 4405 2792 4479 παραμένει
2825 4402 2934 4456 τῶν
2981 4399 3389 4471 γεωργούντων.
3415 4395 3513 4448 Διὰ
3547 4392 3709 4446 τοῦτο

2133 4503 2339 4573 σχίσμα
2373 4500 2587 4568 ἐγένετο
2608 4538 2622 4561 ,
2659 4497 2752 4551 καὶ
2797 4496 2847 4548 οἱ
2885 4494 2980 4565 μὲν
3017 4492 3157 4546 οὕτω
3184 4489 3492 4560 διεφέροντο
3513 4525 3530 4547 ,
3564 4487 3613 4537 oi

451 4591 535 4638 est
560 4583 775 4638 scindi:
810 4583 902 4638 sed
937 4583 1030 4638 Dei
1059 4584 1328 4651 Ecclesia,
1361 4605 1482 4659 qua:
1525 4590 1908 4644 inconsutilem
1943 4599 2015 4644 tu-

2132 4571 2324 4657 οῦτως.
2392 4590 2664 4651 Ἰουδαίοις
2714 4587 2908 4659 πρέπει
2953 4584 3014 4638 τὸ
3064 4580 3386 4653 σχίζεσθαι·
3439 4580 3474 4649 ἡ
3520 4577 3578 4630 δὲ
3614 4571 3710 4628 τοῦ

453 4677 658 4737 nicam,
683 4689 717 4736 a
753 4691 968 4731 summo
997 4685 1306 4731 contextam
1327 4718 1343 4742 ,
1389 4695 1419 4733 a
1447 4681 1714 4736 militibus
1747 4682 1866 4737 sine
1895 4682 2032 4738 scis-

453 4782 584 4821 sura
619 4775 887 4822 servatam
917 4773 1160 4842 accepit,
1219 4789 1449 4844 quaeque
1475 4773 1755 4830 Christum
1816 4774 2028 4841 induit,

457 4866 660 4913 vestem
703 4875 772 4914 ne
811 4862 1026 4916 scindat
1058 4865 1126 4918 ²⁶.
1162 4863 1230 4918 Et
1261 4881 1514 4935 cognosco
1548 4883 1711 4933 meas,
1759 4877 1808 4920 et
1839 4883 2032 4937 cogno-

453 4962 608 5006 scunt
640 4971 720 5008 me
749 4971 877 5010 mea:
897 4957 963 5008 ⁸⁷.
982 4955 1185 5025 Rapuit
1213 4957 1328 5012 haec
1357 4958 1424 5014 ad
1451 4973 1605 5014 suam
1637 4958 2029 5028 blasphemiam

460 5045 892 5103 conﬁrmandam
923 5050 1630 5120 bareticus.Ecce,inquit,
1662 5051 1868 5106 dictum
1895 5058 1978 5106 cst
2013 5070 2026 5104 :

457 5137 790 5209 Cognoscunt
822 5157 902 5195 me
936 5158 1081 5205 mete,
1111 5152 1163 5196 ct
1214 5159 1466 5212 cognosco
1495 5160 1659 5199 meas.
1691 5143 1834 5210 Quid
1865 5142 2033 5213 igitur

457 5232 730 5302 signiﬁcat
777 5235 946 5300 illud,
988 5237 1355 5306 cognoscere?
1404 5238 1777 5292 essentiamne
1828 5235 2032 5291 intelli-

455 5339 616 5393 gere,
664 5341 733 5380 an
780 5327 958 5382 metiri
990 5329 1460 5399 magnitudinem?
1506 5329 1587 5383 An
1618 5329 1710 5383 illa
1746 5328 1813 5384 de
1841 5328 2034 5384 divini-

2137 4685 2273 4739 Θεοῦ
2321 4682 2615 4752 Ἐκκλησία
2637 4722 2652 4748 ,
2686 4681 2778 4732 τὸν
2818 4677 3020 4749 χιτῶνα
3055 4676 3148 4729 τὸν
3187 4675 3432 4746 ἄρῤαφον
3453 4711 3468 4737 ,
3517 4670 3611 4722 τὸν
3645 4671 3714 4722 ὲκ

2136 4777 2244 4830 τῶν
2288 4775 2495 4832 ἄνωθεν
2535 4772 2803 4841 ὑφαντὸν,
2842 4768 3103 4840 δεξαμένη
3125 4808 3139 4832 ,
3180 4766 3269 4819 τὸν
3308 4764 3563 4833 ἄσχιστον
3605 4759 3717 4817 ὑπὸ

2139 4864 2486 4938 στρατιωτῶν
2515 4859 2968 4932 διαφυλαχθέντα,
3003 4861 3036 4928 ἡ
3066 4855 3300 4928 Χριστὸν
3349 4851 3713 4921 ὲνδυσαμένη,

2141 4958 2213 5029 μὴ
2245 4954 2474 5026 σχιζέτω
2496 4954 2556 5007 τὸ
2591 4953 2820 5026 ἱμάτιον.
2856 4951 2966 5005 Καὶ
3012 4946 3279 5019 γινώσκω
3323 4944 3396 4998 τὰ
3434 4942 3580 5011 ἐμὰ,
3613 4939 3718 4994 καὶ

2139 5047 2506 5119 γινώσκουσι
2533 5063 2609 5115 με
2630 5045 2704 5098 τὰ
2731 5041 2861 5114 ἐμά.
2890 5043 3177 5111 Ἥρπασεν
3211 5041 3240 5091 ό
3271 5035 3543 5108 αἱρετικὸς
3574 5033 3720 5104 πρὸς

2138 5141 2234 5212 τὴν
2267 5141 2398 5194 ἰδίαν
2425 5136 2766 5206 κατασκευὴν
2798 5135 2896 5205 τῆς
2928 5130 3293 5203 βλασφημίας.
3339 5127 3494 5190 Ἰδοὺ,
3522 5126 3717 5196 φησὶν,

2140 5235 2385 5304 εἴρηται,
2418 5233 2499 5286 ὅτι
2529 5227 2910 5286 Γινώσκουσί
2931 5243 3010 5294 με
3047 5225 3118 5279 τὰ
3145 5221 3285 5292 ἐμὰ,
3319 5221 3416 5274 καὶ
3443 5217 3721 5289 γινώσκω

2142 5325 2212 5379 τὰ
2235 5325 2365 5396 ἐμά.
2397 5321 2691 5377 Γινώσκειν
2731 5319 2837 5391 ἄρα
2870 5320 2922 5372 τί
2951 5319 3131 5386 λέγεις
3161 5316 3259 5386 τὴν
3297 5313 3486 5367 οὐσίαν
3521 5313 3720 5376 -νοεῖνς

527 5501 570 5533 ¹⁹
609 5501 768 5559 Joan.
807 5521 874 5564 ι,
918 5506 1004 5559 Η.
1082 5508 1128 5540 ³⁸
1163 5507 1396 5562 Malacb.
1436 5524 1530 5568 tu.
1566 5507 1620 5560 6.
1696 5507 1741 5538 "
1785 5507 1890 5561 lsa.
1927 5520 2015 5560 xu

2122 5505 2188 5560 ιιι.
2269 5505 2312 5536 ²¹¹
2348 5501 2506 5557 Joan.
2543 5517 2596 5565 κ,
2635 5499 2828 5558 H-M.
2900 5497 2948 5530 ”
2985 5496 3140 5556 Joan.
3180 5509 3232 5554 1x
3251 5532 3275 5557 ,,
3304 5490 3390 5547 16.
3468 5489 3512 5521 ’δ
3550 5486 3725 5554 10811,

458 5588 522 5635 x,
559 5572 649 5626 20.
694 5575 786 5628 9.1.
864 5577 909 5608 "
953 5575 1142 5632 Matth.
1181 5593 1241 5633 Ill
1318 5577 1403 5632 12.
1484 5579 1531 5610 ¹⁶
1569 5577 1726 5632 Joan.
1760 5593 1885 5638 XIX.
1915 5576 2009 5634 25.

2133 5623 2135 5625 ,
2218 5575 2261 5607 ’⁷
2301 5572 2457 5630 Joan.
2493 5589 2562 5638 ι,
2604 5571 2696 5630 14..

530 5769 641 5839 (95)
681 5770 984 5846 Beg._alter
1019 5773 1364 5846 ἐνδιακρίνει.
1409 5773 1564 5840 Quod
1605 5787 1727 5829 mox
1757 5774 2025 5846 sequitur.

457 5841 565 5906 τῶν
595 5841 1008 5916 γεωρξῖούντων,
1049 5845 1107 5900 id
1145 5841 1255 5902 non
1301 5846 1475 5916 plaeet
1517 5865 1527 5898 :
1559 5846 1816 5916 quoniam
1834 5841 2032 5901 'tamen

2139 5773 2212 5828 ita
2247 5770 2509 5841 scriptum
2547 5767 2858 5841 invenimus
2891 5764 2944 5822 in
2978 5761 3186 5820 nostris
3224 5753 3529 5820 codicibus,
3573 5749 3723 5812 nihil

2143 5840 2465 5900 mutandum
2490 5840 2824 5897 censuimus.
