3982 6240
339 368 432 429 597
1340 370 1634 429 HOMILIA
1672 370 1739 428 IN
1775 369 2163 428 MAMANTEM
2201 368 2604 425 MARTYREM.
3486 372 3591 430 598

334 488 396 542 τὸ
419 482 649 557 μέγεθὸς
670 488 997 561 “usrpant;
1031 488 1242 542 Ἐκεῖνα
1270 489 1653 543 κατανοεῖσθαι
1680 491 1780 561 τῆς
1810 490 1904 543 θεό

2022 496 2130 543 tate
2155 486 2477 557 intelligere,
2501 501 2622 557 quae
2655 493 2711 540 tu
2748 501 2911 541 nosse
2951 474 3290 557 impudenter
3315 488 3593 544 aﬂirmas?

334 596 493 648 τητος
510 619 523 641 ,
559 579 595 633 ἃ
625 582 692 635 σὺ
716 585 783 653 τῇ
818 582 1043 636 σεαυτοῦ
1067 581 1438 652 θρασυστομίᾳ
1466 580 1904 653 κατεπαγγέλλῃ;

2020 579 2219 633 Annon
2250 594 2314 633 ex
2344 578 2717 649 superioribus
2749 580 2968 633 modum
3027 580 3283 651 intelligis
3315 583 3588 651 cognitio-

337 671 410 724 Ἥ
434 671 499 724 ἐκ
517 670 625 723 τῶν
659 672 891 725 κατόπιν
918 673 980 725 οὐ
1009 674 1149 735 νοεῖς
1178 670 1240 724 τὸ
1276 672 1478 743 μέτρον
1502 674 1602 742 τῆς
1627 671 1904 739 γνώσεωςς

2020 672 2107 726 nis
2143 671 2166 724 ?
2195 670 2401 740 Ecquid
2433 672 2486 724 in
2520 671 2631 726 Deo
2660 673 3045 741 agnoscimus?
3084 673 3215 728 Oves
3261 691 3387 728 mere
3416 691 3587 730 vocem

334 761 401 813 Τί
433 761 780 833 γινώσκομεν
805 764 972 828 Θεοῦ;
1009 765 1083 817 Τὰ
1118 764 1229 833 ἐμὰ
1268 764 1531 831 πρόϐατα
1565 762 1673 831 τῆς
1713 761 1904 832 φωνῆς

2022 780 2194 816 meam
2226 764 2469 817 audiunt.
2525 762 2656 817 Vide
2698 764 2968 833 quomodo
3009 776 3372 834 cognoscatur
3401 765 3583 834 Deus;

327 868 447 919 μου
497 852 724 906 ἀκούει.
764 854 872 907 Ἴδε
918 854 1035 917 πῶς
1082 854 1191 924 (96)
1247 857 1447 906 νοεῖται
1485 854 1653 917 Θεὸς·
1709 856 1772 906 ἐκ
1821 853 1904 907 τοῦ

2022 872 2088 911 ex
2116 872 2181 910 eo
2213 856 2356 925 quod
2388 856 2642 910 mandata
2694 856 2865 929 ipsius
2899 857 3184 921 audimus,
3225 874 3289 912 ex
3332 874 3397 913 eo
3439 859 3582 929 quod

330 944 554 997 ἀκούειν
582 946 731 1015 ἡμᾶς
764 946 873 999 τῶν
908 946 1132 1000 ἐντολῶν
1165 946 1358 1000 αὑτοῦ·
1400 947 1464 998 ἐκ
1494 946 1585 998 τοῦ
1618 946 1904 1009 ἀκούοντας

2017 947 2109 999 illa
2168 948 2454 1001 audientes
2492 946 2834 1002 conficimus.
2862 947 3202 1017 Cognoscere
3250 949 3455 1014 Deum,
3501 965 3587 1005 es;

328 1037 528 1090 ποιεῖν.
573 1036 746 1091 Τοῦτο
778 1038 980 1107 γνῶσις
1014 1037 1148 1091 Θεοῦ
1170 1078 1183 1102 ,
1217 1040 1447 1108 τήρησις
1490 1039 1719 1093 ἐντολῶν
1753 1039 1910 1092 Θεοῦ.

328 1124 459 1190 Πῶς
498 1130 569 1181 ὀύ
613 1129 1111 1201 πολυπραγμοσύνη
1146 1130 1274 1201 περὶ
1305 1132 1494 1194 οὐσίας
1529 1130 1695 1197 Θεοῦ;
1726 1132 1787 1183 ού
1817 1129 1913 1201 ζή-

329 1235 491 1289 τησις
521 1221 631 1273 τῶν
660 1223 1046 1293 ὑπερκοσμίων
1071 1240 1086 1287 ;
1122 1223 1218 1275 οὐκ
1251 1223 1463 1276 ἐπίνοια
1498 1224 1605 1276 τῶν
1633 1223 1907 1294 ἀοράτων;

332 1310 626 1365 Γινώσκει
646 1331 727 1382 με
758 1313 829 1367 τὰ
857 1313 997 1383 ἐμὰ,
1031 1314 1128 1366 καὶ
1151 1313 1420 1383 γινώσκω
1448 1316 1523 1368 τὰ
1552 1314 1683 1384 ἐμά.
1729 1314 1914 1385 Ἀρκεῖ

332 1418 415 1454 σοι
449 1405 673 1469 εἰδέναι,
714 1408 797 1461 ὅτι
832 1408 1033 1479 ποιμὴν
1065 1407 1262 1470 καλός·
1302 1408 1384 1460 ὅτι
1418 1408 1579 1478 ἔθηκε
1606 1406 1705 1479 τὴν
1735 1407 1911 1479 ψυχὴν

326 1494 496 1546 αὐτεῦ
535 1496 678 1567 ὑπὲρ
709 1496 817 1550 τῶν
845 1498 1150 1569 προϐάτων.
1183 1492 1353 1560 Οὗτος
1376 1500 1500 1569 ὅρος
1522 1499 1619 1569 τῆς
1646 1498 1740 1551 τοῦ
1774 1497 1909 1552 Θεοῦ

326 1584 702 1653 ἐπιγνώσεως.
737 1588 909 1653 Πόσος
933 1590 988 1642 δὲ
1009 1590 1160 1654 Θεὸς,
1195 1590 1288 1642 καὶ
1315 1589 1367 1642 τί
1398 1590 1459 1642 τὸ
1493 1592 1689 1661 μέτρον
1721 1590 1906 1654 αὑτοῦ,

327 1677 424 1729 καὶ
451 1678 699 1741 ποταπὸς
732 1680 829 1749 τὴν
870 1680 1081 1745 οὐσίαν,
1111 1681 1179 1733 τὰ
1210 1680 1432 1733 τοιαῦτα
1456 1681 1770 1734 ἐπικίνδυνα
1812 1682 1910 1752 μὲν

323 1766 403 1838 τῷ
432 1768 734 1840 ἐρωτῶντι,
762 1771 942 1843 ἄπορα
970 1771 1079 1842 (97)
1112 1772 1169 1824 δέ
1196 1771 1273 1841 τῷ
1309 1772 1645 1843 ἐρωτωμένῳ
1674 1787 1687 1801 °
1732 1771 1909 1842 σιωπὴ

2018 1052 2238 1091 servare
2262 1036 2354 1091 Dei
2389 1044 2681 1107 praacepta.
2729 1036 2866 1091 Num
2898 1037 3058 1092 debet
3090 1053 3210 1093 esse
3258 1040 3324 1093 de
3367 1040 3460 1095 Dei
3497 1055 3587 1096 es-

2016 1128 2192 1183 sentia
2240 1128 2563 1198 disceptatio
2600 1114 2918 1184 curiosior?
2960 1145 3088 1183 num
3137 1131 3205 1185 de
3255 1132 3419 1186 rebus
3468 1146 3589 1201 quae

2013 1218 2279 1271 mundum
2309 1218 2732 1282 transcendunt,
2760 1220 3025 1287 quaestio?
3068 1236 3198 1275 num
3229 1222 3584 1277 invisibilium

2013 1310 2419 1381 intelligentia?
2479 1312 2807 1382 Cognoscunt
2875 1330 2956 1366 me
3005 1330 3168 1380 mere,
3236 1324 3286 1367 et
3331 1331 3586 1385 cognosco

2012 1418 2179 1459 meas.
2218 1401 2373 1456 Scire
2402 1403 2537 1458 satis
2586 1401 2681 1455 tibi
2712 1410 2815 1465 est,
2848 1402 3052 1456 bonum
3093 1410 3369 1473 pastorem
3420 1418 3543 1458 esse
3569 1443 3584 1466 ,

2012 1494 2249 1547 animam
2301 1508 2455 1547 suam
2488 1510 2589 1563 pro
2635 1495 2830 1550 ovibus
2861 1498 3131 1566 posuisse.
3182 1496 3435 1567 Cognitio
3488 1495 3585 1551 Dei

2010 1586 2327 1640 continetur
2367 1586 2452 1641 his
2485 1586 2703 1640 ﬁnibus.
2755 1586 3002 1651 Quantus
3034 1596 3216 1642 autem
3247 1588 3317 1643 sit
3337 1587 3501 1652 Deus,
3529 1595 3585 1643 et

2009 1678 2133 1747 quis
2161 1678 2355 1734 modus
2399 1679 2554 1749 ejus,
2590 1685 2644 1733 et
2684 1679 2864 1749 qualis
2915 1680 3214 1735 secundum
3243 1682 3538 1735 essentiam
3566 1720 3581 1744 ,

2010 1769 2139 1823 talia
2169 1776 2229 1823 ut
2259 1777 2388 1825 sunt
2422 1770 2780 1840 interroganti
2826 1771 3152 1840 periculosa,
3181 1772 3255 1825 ita
3284 1772 3333 1827 ei
3363 1773 3454 1841 qui
3495 1772 3582 1825 in-

322 1858 382 1910 δέ
398 1900 413 1924 ,
464 1860 737 1929 θεραπεία
762 1862 870 1915 τῶν
896 1862 1149 1916 τοιούτων
1175 1863 1314 1916 ἐστί.
1382 1866 1457 1916 Τὰ
1511 1864 1622 1931 ἐμὰ
1648 1864 1904 1931 πρόϐατα

2010 1867 2318 1931 terrogatur
2347 1862 2748 1931 inexplicabilia
2777 1882 2790 1916 :
2824 1863 3100 1920 silentium
3134 1871 3338 1926 autem,
3388 1864 3578 1916 talium

324 1948 433 2016 τῆς
459 1950 615 2019 ἐμῆς
640 1952 847 2021 φωνῆς
871 1954 1073 2008 ἀκούει
1091 1995 1105 2018 ,
1141 1949 1292 2007 εἶπεν
1312 1994 1326 2018 ,
1358 1955 1417 2006 οὐ
1458 1953 1693 2024 συζητεῖ.
1740 1956 1903 2007 Τουτ-

324 2041 473 2094 ἑστιν
503 2044 565 2095 ού
602 2043 939 2113 παρακούει,
984 2045 1045 2098 οὐ
1092 2045 1404 2114 φιλονεικεῖ.
1453 2044 1728 2107 Ἤκουσας
1754 2046 1899 2108 Υἱόν,

326 2134 399 2202 μή
430 2151 524 2200 μοι
554 2135 791 2205 τρόπους
837 2139 1141 2208 γεννήσεως
1177 2139 1314 2209 μήτε
1345 2138 1504 2201 αὐτὸς
1527 2137 1636 2207 (98)
1661 2138 1905 2208 τεχνολό-

321 2241 429 2291 γει,
464 2227 606 2296 μήτε
636 2228 740 2281 ὑπὸ
769 2229 948 2282 αἰτίαν
980 2231 1221 2297 ἀνάγαγε
1251 2230 1358 2299 (99)
1392 2230 1460 2283 τὰ
1495 2230 1568 2300 μὴ
1600 2230 1903 2301 αἰτιολογη-

322 2334 491 2389 ματα,
524 2319 600 2391 μὴ
630 2320 719 2374 διὰ
755 2321 1051 2391 σχίσματας
1080 2321 1279 2393 διόριζε
1311 2321 1371 2375 τὸ
1407 2321 1767 2391 συνημμένον.
1804 2322 1903 2375 Διὰ

316 2412 478 2464 τοῦτο
538 2413 829 2483 προλαϐὼν
884 2413 1219 2483 ἡσφαλίσατό
1288 2431 1345 2468 σε
1404 2417 1432 2467 ό
1488 2414 1899 2486 εὑαγγελιστής.

323 2504 606 2567 Ἤκουσας
656 2504 844 2575 πρώην
868 2545 884 2567 ,
925 2505 1019 2557 καὶ
1050 2504 1112 2574 δὴ
1142 2505 1358 2571 ἀκούεις
1384 2525 1397 2538 ·
1446 2508 1547 2560 Ἐν
1578 2505 1734 2575 ἀρχῇ
1763 2503 1841 2576 ἦν
1870 2509 1904 2559 ὁ

320 2594 544 2662 Λόγος,
583 2596 670 2647 ῖνα
716 2595 791 2665 μὴ
832 2595 922 2647 τὸν
956 2595 1083 2648 Υἱὺν
1112 2596 1355 2667 γέννημα
1380 2597 1715 2668 ἀνθρώπινον
1750 2598 1903 2667 νομί-

320 2702 419 2758 σῃς
442 2688 509 2739 ἐκ
536 2686 631 2739 τοῦ
667 2686 739 2758 μὴ
768 2687 920 2751 ὄντος
958 2687 1407 2759 παρεληλυθέναι.
1440 2690 1635 2758 Λόγον
1666 2706 1746 2742 σοι
1780 2684 1901 2741 εἷπε

316 2775 403 2829 δια
440 2777 503 2830 τὸ
530 2778 760 2841 ἀπαθές,
796 2775 909 2832 Ἦν
966 2796 1050 2832 σοι
1079 2776 1199 2832 εἷπε
1246 2780 1334 2834 διὰ
1368 2781 1430 2833 τὸ
1480 2780 1727 2853 ἄχρονον.
1781 2782 1901 2849 Ἀρ-

318 2869 438 2938 χήν
478 2887 565 2923 σοι
595 2866 748 2924 εἶπεν
777 2914 791 2935 ,
833 2873 921 2925 ἵνα
958 2872 1165 2943 συνάψῃ
1198 2874 1287 2925 τὸν
1314 2873 1641 2944 γεννηθέντα
1681 2872 1759 2944 τῷ
1788 2875 1901 2926 Πα-

317 2964 427 3035 τρί.
455 2960 615 3027 Εἶδες
642 2965 911 3037 πρόϐατον
952 2966 1201 3029 εὐπειθὲς
1229 2966 1344 3029 πῶς
1371 2965 1560 3019 ἀκούει
1592 2967 1775 3036 φωνὴν
1808 2968 1903 3018 Δε-

319 3056 541 3110 σπότου.
584 3056 680 3109 Ἐν
705 3056 865 3127 ἀρχῇ
890 3098 902 3120 ,
939 3060 1032 3111 καὶ
1072 3054 1171 3128 ἦν,
1213 3058 1308 3112 καὶ
1335 3058 1543 3127 Λόγος.
1590 3058 1743 3128 Μηδὲ
1775 3057 1899 3126 λέγε

315 3148 418 3215 τὸ,
460 3147 591 3211 Πῶς
635 3144 737 3219 ira;
784 3150 910 3213 καὶ,
961 3150 1025 3202 Εἰ
1058 3146 1157 3219 ἦν,
1208 3150 1309 3202 οὐκ
1361 3148 1651 3219 ἐγεννήθη,
1704 3148 1797 3201 καὶ
1835 3150 1899 3201 Εἰ

2009 1950 2215 2004 medela
2243 1961 2347 2006 est.
2380 1951 2509 2006 Oves
2543 1969 2671 2007 mea:
2710 1970 2883 2007 vocem
2920 1971 3088 2007 meam
3120 1955 3342 2008 audiunt
3370 1956 3434 2008 ’⁸.
3471 1955 3584 2009 Au-

2009 2043 2186 2107 diunt,
2215 2044 2427 2113 inquit,
2471 2060 2581 2099 non
2610 2046 2938 2116 disceptant.
2986 2046 3098 2102 Hoc
3135 2056 3251 2110 est,
3297 2065 3402 2102 non
3452 2057 3582 2101 sunt

2010 2134 2429 2205 inobsequentes
2449 2176 2463 2200 ,
2500 2154 2609 2191 non
2636 2141 2993 2194 contendunt.
3024 2141 3237 2194 Audisti
3265 2139 3485 2203 Filium,
3512 2155 3583 2197 ne

2010 2234 2068 2279 tu
2104 2228 2237 2282 mihi
2272 2229 2567 2284 artiﬁciose
2595 2229 2842 2299 disputes
2870 2230 2935 2285 de
2966 2231 3142 2284 modis
3165 2232 3536 2301 generationis
3561 2272 3577 2295 ,

2008 2332 2185 2385 neque
2212 2332 2445 2386 quorum
2478 2332 2643 2372 causa
2674 2318 2853 2372 afferri
2885 2319 3101 2388 nequit,
3141 2334 3206 2372 ea
3249 2318 3316 2371 ad
3356 2334 3579 2373 causam

2009 2407 2255 2463 adducas
2285 2429 2298 2463 :
2333 2425 2401 2463 ne
2429 2425 2525 2478 per
2553 2410 2789 2465 schisma
2825 2426 3017 2480 separa
3047 2411 3189 2481 quod
3223 2411 3580 2480 conjunctum

2007 2508 2110 2554 est.
2168 2500 2297 2553 Eam
2358 2501 2429 2556 ob
2477 2518 2589 2556 rem
2632 2504 2687 2555 in
2733 2512 3076 2557 antecessum
3120 2503 3477 2557 communivit
3525 2510 3583 2558 te

2007 2594 2361 2663 evangelista.
2392 2594 2607 2649 Audisti
2635 2596 2842 2665 pridem
2864 2635 2879 2659 ,
2922 2602 2976 2649 et
3008 2597 3170 2650 etiam
3211 2611 3356 2649 nunc
3384 2594 3578 2658 audis,

2010 2682 2076 2737 In
2113 2686 2367 2754 principio
2392 2698 2507 2741 erat
2548 2687 2772 2742 Verbum
2820 2690 2901 2753 ",
2950 2694 3009 2740 ut
3058 2703 3126 2741 ne
3158 2686 3356 2742 Filium
3410 2686 3577 2740 fetum

2008 2776 2305 2831 humanum
2338 2788 2516 2849 putes,
2542 2781 2634 2849 qui
2685 2796 2747 2834 ex
2784 2794 2894 2833 non
2933 2779 3232 2834 exsistente
3280 2780 3579 2849 productus

2006 2865 2097 2921 sit.
2133 2866 2353 2920 Verbum
2383 2869 2519 2921 dixit
2549 2868 2644 2921 tibi
2680 2868 2748 2921 ob
2775 2868 3070 2937 apathiam.
3104 2865 3250 2919 Dixit
3282 2866 3397 2927 tibi,
3423 2863 3578 2931 Erat,

2006 2965 2288 3026 propterea
2317 2959 2461 3026 quod
2491 2967 2618 3013 ante
2650 2973 2808 3013 omne
2836 2966 3051 3027 tempus
3092 2966 3193 3012 est.
3243 2954 3578 3025 Principium

2006 3047 2176 3113 dixit,
2230 3056 2289 3101 ut
2323 3047 2577 3103 Genitum
2629 3050 2981 3118 conjungeret
3014 3063 3136 3102 cum
3174 3046 3449 3102 Genitore.
3480 3044 3580 3100 Vi-

2005 3136 2131 3190 disti
2159 3139 2433 3206 quomodo
2465 3138 2679 3192 oricula
2715 3139 2986 3209 morigera
3023 3153 3207 3191 vocem
3241 3135 3454 3191 Domini
3481 3152 3579 3190 au-

315 3236 586 3309 ἐγεννήθη
608 3277 625 3301 ,
659 3240 759 3291 οὐκ
788 3234 874 3309 ἦν,
914 3239 1028 3291 Οὐκ
1057 3238 1170 3291 ἐστι
1198 3239 1469 3309 πρόϐατον
1495 3238 1556 3290 τὸ
1580 3238 1649 3291 τὰ
1677 3237 1899 3291 τοιαῦτα

2010 3228 2131 3282 diat.
2168 3227 2232 3282 In
2276 3230 2567 3298 principio,
2613 3220 2667 3285 et
2704 3240 2819 3283 erat
2844 3270 2859 3294 ,
2894 3237 2948 3284 et
2992 3228 3238 3283 Verbum.
3286 3228 3470 3299 Neque
3496 3228 3579 3282 di-

316 3329 496 3396 λέγον.
540 3328 827 3400 Προϐάτου
864 3329 1071 3399 δέρμα·
1117 3329 1319 3383 ἔσωθεν
1364 3329 1421 3382 δὲ
1473 3329 1636 3392 λύκος
1687 3330 1831 3382 ἐστὶν
1874 3331 1903 3382 ό

319 3420 718 3491 φθεγγόμενος.
760 3420 1076 3483 Ἐπίϐουλος
1104 3420 1474 3493 γνωριζέσθω.
1516 3420 1591 3475 Τὰ
1620 3421 1731 3490 ἐμὰ
1762 3422 1903 3488 πρό-

319 3516 467 3568 ϐατα
518 3513 629 3583 τῆς
663 3512 814 3582 ἐμῆς
871 3512 1077 3581 φωνῆς
1124 3515 1350 3568 ἀκούει.
1419 3514 1697 3576 Ἤκουσας
1738 3513 1901 3578 Υξόν;

318 3606 531 3677 Νόησον
589 3606 690 3676 τὴν
743 3605 877 3675 πρὸς
930 3606 1149 3677 Πατέρα
1204 3606 1517 3676 ὁμοιότητα.
1578 3604 1904 3675 Ὀμοιότητα

316 3695 460 3761 λέγω
490 3695 566 3765 (1)
612 3694 679 3747 δι’
718 3694 1000 3748 ἀσθένειαν
1028 3695 1138 3749 τῶν
1180 3695 1569 3765 δυνατωτέρων
1612 3694 1900 3765 σωμάτων.

330 3786 483 3837 Ἐπεὶ
516 3784 579 3836 τό
608 3800 673 3851 γε
721 3784 916 3854 ἀληθὲς
968 3784 1050 3855 (ού
1099 3783 1366 3854 φοϐοῦμαι
1409 3782 1515 3853 γὰρ
1556 3783 1904 3854 προσϐαίνειν

316 3874 414 3945 τὴν
441 3873 763 3945 ἀλήθειαν),
797 3876 898 3928 οὐκ
926 3877 1043 3946 εἰμὶ
1078 3874 1295 3945 ἕτοιμος
1346 3876 1707 3945 συκοφάντης.
1760 3877 1905 3930 Ταυ-

319 3967 517 4035 τότητα
538 3966 705 4034 λέγω,
734 3967 1024 4035 φυλάσσων
1041 3968 1172 4020 Υἱοῦ
1194 3969 1288 4020 καὶ
1313 3968 1526 4039 Πατρὸς
1554 3968 1788 4038 ἰδιότητα
1803 3968 1905 4037 (2).

332 4057 421 4110 Ἐν
460 4056 777 4110 ὑποστάσει
802 4057 930 4110 Υἱοῦ
952 4098 966 4122 ,
1005 4057 1215 4129 μορφὴν
1249 4058 1442 4128 νόησον
1477 4058 1781 4129 πατρικὴν,
1818 4060 1905 4112 ἵνα

323 4166 413 4219 μοι
436 4148 531 4201 τὸν
564 4147 769 4220 ἀκριϐῆ
802 4149 900 4218 τῆς
930 4150 1138 4213 εἰκόνος
1171 4148 1443 4223 διασώσῃς
1470 4149 1628 4218 λόγον
1652 4191 1665 4215 ,
1699 4152 1785 4203 ἵνα
1814 4168 1904 4222 μοι

322 4245 520 4315 νοήσῃς
548 4243 822 4307 θεοσεϐῶς
841 4261 857 4275 ·
900 4245 1041 4315 Ἐγὼ
1069 4245 1138 4298 ἐν
1160 4242 1241 4310 τῷ
1268 4245 1451 4312 Harp}.
1472 4285 1487 4309 ,
1515 4246 1613 4298 καὶ
1646 4248 1678 4298 ὁ
1704 4244 1905 4313 Πατὴρ

320 4332 391 4389 ἐν
433 4337 607 4405 ἐμοί’
654 4336 754 4389 οὐκ
799 4335 996 4389 οὐσιῶν
1039 4335 1331 4407 σύγχυσιν,
1367 4337 1501 4390 ἀλλὰ
1542 4336 1906 4409 χαρακτήρων

322 4428 650 4499 ταυτότητα.
699 4427 860 4480 Ἀλλὰ
891 4428 1000 4498 γὰρ
1024 4428 1198 4481 ἔοικεν
1226 4430 1613 4482 ἐναντιώτατον
1635 4426 1773 4482 εἶναι
1796 4429 1906 4482 τῶν

325 4521 670 4591 πραγμάτων
690 4560 705 4584 ,
756 4522 1063 4592 ἀγαπητοὶ,
1096 4523 1228 4576 ὅπου
1270 4540 1333 4593 γε
1367 4524 1461 4576 καὶ
1494 4522 1592 4594 τὴν
1630 4523 1905 4594 ἡμετέραν

2003 3336 2097 3375 cas
2127 3341 2137 3373 :
2172 3320 2453 3387 Quomodo
2480 3330 2599 3377 erat
2619 3322 2739 3385 ?'et,
2771 3322 2828 3376 Si
2874 3329 3018 3386 erat,
3051 3322 3268 3393 genitus
3314 3336 3421 3375 non
3452 3328 3577 3386 est;

2001 3419 2076 3475 et,
2111 3409 2166 3464 Si
2200 3413 2416 3481 genitus
2442 3422 2559 3477 est,
2600 3419 2872 3482 nonuerat.
2908 3410 3026 3465 Non
3056 3420 3140 3467 est
3167 3411 3376 3465 oricula
3402 3450 3416 3475 ,
3459 3424 3580 3480 quae

2002 3505 2130 3558 talia
2161 3504 2314 3561 dicit.
2343 3503 2506 3559 Pellis
2532 3505 2693 3559 ovilla
2721 3513 2804 3559 est
2829 3523 2842 3559 :
2878 3505 2970 3559 sed
3012 3504 3160 3559 intus
3194 3504 3353 3573 lupus
3381 3503 3578 3572 estqui

2004 3596 2266 3666 loquitur.
2320 3596 2700 3667 Cognoscatur
2738 3596 3047 3652 insidiatdr.
3086 3595 3217 3652 Oves
3253 3612 3380 3650 mete
3404 3611 3579 3649 vocem

2003 3706 2172 3743 meam
2216 3690 2457 3743 audiunt.
2489 3690 2704 3745 Audisti
2737 3689 2975 3744 Filium?
2998 3688 3238 3760 lntellige
3264 3686 3583 3744 similitudi-

2004 3797 2127 3836 nem
2159 3797 2319 3852 quam
2354 3797 2479 3836 cum
2528 3782 2691 3852 189
2729 3780 2888 3836 Patre
2926 3781 3108 3837 habet.
3153 3778 3579 3834 Similitudinem

2003 3878 2168 3940 dico,
2222 3876 2292 3931 ob
2351 3876 2777 3934 imbecillitatem
2832 3866 3127 3945 corporum
3184 3871 3571 3928 valentiorum.

2004 3966 2224 4038 Alioqui
2264 3970 2468 4023 veritas
2493 3967 2567 4020 ita
2594 3967 2755 4023 habet
2775 3966 2907 4038 (non
2933 3966 3078 4021 enim
3099 3980 3292 4020 vereor
3319 3961 3581 4017 accedere

2003 4060 2278 4133 veritati),
2324 4076 2434 4115 non
2482 4076 2605 4116 sum
2655 4059 2723 4113 ad
2785 4058 3196 4131 syCOphantiam
3246 4071 3576 4127 propensus.

2005 4151 2348 4209 ldentitatem
2378 4154 2522 4218 dico,
2558 4152 2875 4207 custodiens
2895 4151 3074 4206 Patris
3100 4160 3152 4207 et
3173 4150 3297 4205 Filii
3331 4150 3581 4222 proprieo

2005 4252 2194 4300 tatem.
2224 4244 2283 4299 ln
2323 4246 2604 4317 hypostasi
2654 4244 2818 4310 Filii,
2849 4245 3081 4301 formam
3129 4243 3367 4314 intellige
3398 4248 3581 4312 pater-

2006 4352 2155 4400 nam,
2191 4344 2250 4391 ut
2278 4338 2411 4392 mihi
2448 4336 2743 4408 perfectam
2772 4336 3029 4408 imaginis
3054 4336 3319 4391 rationem
3356 4349 3541 4390 serves
3563 4372 3578 4394 .

2008 4439 2067 4483 ut
2096 4430 2230 4484 mihi
2257 4431 2510 4500 religiose
2549 4431 2825 4501 intelligas
2871 4430 3029 4498 illud,
3068 4428 3179 4500 Ego
3211 4430 3265 4482 in
3296 4426 3493 4486 Patre,
3529 4436 3579 4479 et

2008 4519 2172 4575 Pater
2212 4521 2265 4573 in
2299 4538 2379 4574 me
2424 4530 2501 4575 est
2546 4521 2613 4577 ³ο.
2671 4519 2847 4575 Nolim
2894 4519 3164 4590 intelligas
3217 4517 3579 4573 essentiarum

326 4586 614 4666 ἀσθένειαν
636 4586 952 4677 ἐξεϐιάσατο
974 4614 1033 4666 τὸ
1050 4586 1303 4677 εὐπειθὲς
1322 4614 1419 4685 τῆς
1444 4586 1712 4683 ὑμετέρας
1737 4586 1904 4683 ἀκοῆς

2012 4610 2431 4679 confusionem,
2496 4613 2591 4668 sed
2654 4613 3029 4667 characteer
3082 4610 3441 4666 identitatem.
3511 4608 3580 4659 At

327 4703 498 4755 εἰπεῖν
542 4721 595 4755 τι
646 4705 705 4755 ὲν
745 4702 929 4773 μέσοις
963 4705 1056 4757 καὶ
1086 4702 1462 4772 φθέγξασθαι,
1499 4705 1585 4756 ἵνα
1613 4705 1646 4773 ἠ
1675 4703 1904 4774 δύναμις

395 4880 441 4912 ⁸⁸
474 4879 637 4937 Joan.
666 4898 721 4945 ι,
754 4881 843 4936 27.

364 5057 511 5145 £96)
541 5058 692 5141 idem
720 5057 895 5113 codex
926 5058 1175 5130 πρόϐατα
1195 5060 1296 5129 τῆς
1324 5060 1462 5130 ἐμῆς
1491 5062 1675 5131 φωνῆς
1696 5062 1901 5115 ἀκούει,

332 5128 476 5191 Εἶδες
498 5129 635 5192 πῶς.
976 5128 985 5130 ἡ
1255 5128 1261 5129 ί
1361 5128 1367 5130 ⁷
1421 5128 1427 5130 “
1506 5128 1512 5130 ⁷
1633 5128 1642 5131 ⁷

333 5265 361 5269 _
400 5198 509 5269 (97)
553 5198 781 5269 Legitur
821 5197 1044 5268 quidem
1089 5198 1141 5252 in
1192 5210 1425 5269 utraque
1456 5199 1700 5255 editione
1749 5210 1803 5256 et
1848 5202 1903 5255 in

333 5265 461 5339 Reg.
492 5265 746 5324 secundo
775 5265 982 5338 ἀπορία
1006 5288 1017 5322 :
1045 5271 1138 5323 sed
1167 5265 1350 5324 tamen
1382 5272 1533 5339 sequi
1573 5272 1738 5323 malui
1769 5287 1895 5323 con-

328 5336 591 5412 jecturam
615 5336 957 5406 Combeﬁsii,
997 5339 1093 5409 qui
1119 5355 1218 5409 pro
1248 5336 1756 5412 dtnoptu’legendum
1798 5358 1900 5412 pu-

334 5408 637 5552 ιῆθξῖοὲῶ.
662 5478 801 5552 Reg.
850 5479 1161 5552 secundus.
1210 5478 1351 5534 Editi
1404 5482 1540 5551 μήτε
1592 5479 1753 5542 αὐτὸς
1809 5481 1909 5552 ἐμὲ

336 5546 579 5621 ἀπςιίίτῃζ
584 5565 687 5621 pro
720 5546 965 5621 ᾁῖιιλταίτειζ

424 5617 686 5688 99)':Editi
719 5620 912 5687 ἄναγε.
944 5617 1170 5674 Veteres
1202 5620 1308 5674 duo
1345 5619 1470 5675 libri
1506 5621 1766 5688 ἀνάγαγε.

430 5687 474 5761 Ι)
506 5687 639 5760 Reg.
672 5690 961 5748 secundus
994 5690 1231 5761 ἰδιότητα
1260 5691 1424 5759 λέγω.
1454 5690 1589 5754 Mox
1624 5687 1777 5754 unus
1807 5708 1910 5753 ms.

339 5758 669 5830 προὸαίνεὶν.

920 4883 962 4915 ’⁸
1000 4881 1153 4937 Joan.
1196 4900 1244 4949 ι,
1284 4884 1334 4938 1.
1413 4883 1458 4914 ³⁰
1496 4882 1789 4949 Joan.xw,
1830 4883 1914 4939 lO.

2011 4706 2180 4773 enim,
2208 4705 2411 4770 dilecti,
2446 4720 2534 4761 res
2565 4720 2728 4777 quam
2756 4705 2994 4759 maxime
3040 4700 3315 4766 contraria
3346 4712 3469 4754 esse
3500 4698 3582 4752 vis

2088 5059 2164 5125 (2)
2197 5056 2338 5113 Idem
2374 5058 2566 5122 codex,
2613 5056 2929 5124 Ταυτότητα
2967 5052 3409 5125 λ’έγω,φυλάσσω
3448 5051 3579 5105 Υἱοῦ

2014 5131 2107 5181 κοι)⁸
2139 5130 2350 5198 Πατρὸς
2383 5129 2638 5198 ἰδιότητα.
2684 5126 3009 5198 ’Υπόστασιν
3037 5124 3178 5198 Tim“:
3203 5124 3434 5198 μορφην,
3467 5130 3575 5198 etc.

2011 5200 2175 5261 Editi,
2222 5194 2545 5267 Ταυτότητα’
2577 5197 2721 5265 λόγῳ
2754 5196 3011 5267 φυλάσσω
3052 5194 3308 5267 Υἱοῦᾉκαὶ
3346 5194 3577 5263 Πατρός.

2023 5269 2284 5339 ’ἰδιότητα
2322 5270 2380 5321 ἐν
2410 5264 2703 5339 ὑποστάσει
2732 5265 2864 5339 Υἱοῦ
2912 5264 3122 5339 μορφὴν
3156 5265 3347 5335 νόησον
3385 5280 3580 5339 πατριο

2012 5340 2136 5408 χήν,
2167 5335 2489 5408 (ιίιίεινθι-ὶκδ
2530 5339 2620 5408 ita_
2644 5336 2835 5397 Latine
2877 5335 3202 5408 reddiderat,
3223 5344 3379 5390 vetus
3410 5335 3579 5389 inter-

2050 5405 2157 5470 res,
2184 5405 2265 5469 _In
2304 5423 2539 5461 sermone
2586 5406 2767 5461 Patris
2799 5416 2848 5460 et
2879 5406 2926 5457 F
2931 5406 3011 5458 itii
3042 5405 3372 5459 identitatem
3410 5420 3577 5459 servo.

2062 5480 2396 5545 roprietatem
2436 5480 2489 5531 in
2526 5478 2868 5531 subsistentia
2914 5474 3061 5537 Filii,
3092 5477 3321 5545 formam
3351 5474 3581 5544 intelligo

2013 5560 2311 5615 paternam.
2359 5549 2436 5602 Ex
2472 5548 2643 5602 veteri
2688 5548 2850 5611 libro,
2886 5556 2950 5609 ut,
2995 5547 3171 5616 potui,
3215 5546 3360 5616 hunc
3399 5545 3578 5616 locum

2016 5613 2306 5744 restiat‘uere
2335 5626 2563 5677 conatus
2591 5634 2730 5674 sum.
2759 5616 2897 5690 Lege
2925 5613 3309 5677 Co‘rnbeﬁsium
3339 5615 3391 5676 in
3426 5613 3579 5676 illud.

2019 5708 2138 5744 σωυ.
2178 5706 2305 5744 των.

2019 5708 2094 5749 σω
2100 5706 2305 5762 ματων.
