3982 6240
292 396 393 453 601

902 396 1134 453 HOMIL.
1180 397 1459 454 CONTRA
1501 397 1990 466 SABELLIANOS,
2023 402 2112 457 ET
2151 401 2397 466 ARIUM,
2436 401 2523 458 ET
2562 402 2944 461 ANOMOEOS.

3452 409 3557 465 603

293 534 387 578 τες
421 513 518 579 (8),
550 514 619 566 ἐκ
651 514 749 567 τοῦ
780 515 1060 585 λατρεύειν
1090 518 1158 586 τῇ
1188 515 1380 580 κτίσει,
1412 518 1507 571 καὶ
1543 516 1616 587 μὴ
1664 517 1742 587 τῷ
1770 518 1865 570 κτί·

1985 535 2202 575 errores
2243 519 2599 573 introducunt
2633 538 2645 572 :
2682 521 2773 589 qui
2822 537 2950 575 vero
3006 520 3169 576 Deum
3206 538 3271 578 ex
3306 524 3417 580 Deo
3460 542 3556 580 ue-

297 624 475 667 σαντι,
502 607 572 658 τά
609 607 722 659 τῶν
766 607 1036 678 Ἑλλήνων
1070 608 1326 678 ἄντικρυς
1365 609 1782 676 ἐπεισάγουσιν·
1828 611 1878 661 οἱ

296 700 356 753 δὲ
404 701 493 752 τὸν
540 702 604 753 ἐκ
656 700 795 753 Θεοῦ
845 700 977 753 Θεὸν
1027 700 1100 772 (9)
1150 700 1493 771 ἀρνούμενοι,
1532 702 1625 755 καὶ
1656 702 1878 771 ὀνόματι

277 794 404 861 ,μὲν
444 792 833 861 ὁμολογοῦντες
874 793 1019 856 Υίὸν,
1072 794 1217 865 ἔργῳ
1267 794 1324 847 δὲ
1369 795 1463 846 καὶ
1514 793 1740 865 ἀληθείᾳ
1780 794 1877 864 τὴν

298 882 537 953 ὕπαρξιν
595 882 950 947 ἀθετοῦντες,
1002 884 1093 935 τὸν
1157 882 1483 953 Ἰουδαῖσμὸν
1536 882 1694 936 πάλιν
1744 884 1875 936 ἀνα-

299 975 562 1029 νεοῦνται.
595 977 706 1028 Καὶ
736 975 848 1046 γὰρ
878 977 1004 1029 ὅταν
1034 975 1336 1045 ὁμολογῶσι
1380 975 1571 1043 Λόγον,
1606 975 1683 1045 τῷ
1706 976 1877 1028 ἐνδια-

298 1069 439 1139 θέτῳ
495 1070 658 1122 αὑτὸν
709 1069 1134 1140 παρεικάζουσιο
1197 1069 1292 1121 καὶ
1345 1068 1536 1135 σοφίαν
1594 1067 1873 1136 λέγοντες,

294 1162 491 1231 ὁμοίαν
522 1157 661 1214 εἶναι
688 1161 904 1229 λέγουσι
938 1165 1002 1232 τῇ
1032 1160 1141 1225 ἕξει
1169 1164 1236 1231 τῇ
1270 1163 1328 1212 ἐν
1356 1160 1500 1230 ψυχῇ
1536 1160 1645 1213 τῶν
1679 1178 1875 1212 πεπαι-

294 1254 573 1325 δευμένων
604 1255 967 1325 συνισταμένῃ
989 1271 1002 1285 ⁸
1055 1255 1147 1307 κα)⁸
1187 1254 1273 1307 διὰ
1303 1252 1459 1306 τοῦτο
1494 1256 1782 1324 πρόσωπον
1814 1254 1871 1305 ἐν

294 1344 511 1414 Πατρὸς
545 1344 640 1395 καὶ
669 1344 824 1406 Υἱοῦ,
860 1344 1045 1413 ἐπειδὴ
1078 1344 1171 1395 καὶ
1196 1343 1481 1415 ἄνθρωπος
1510 1340 1590 1407 είς
1634 1344 1870 1412 λέγεται,

291 1436 351 1486 οὗ
384 1436 762 1506 διαιρούμενος
808 1435 917 1488 ἀπὸ
953 1434 1046 1489 τοῦ
1096 1435 1491 1507 ἐνυπάρχοντος
1530 1436 1681 1507 αὐτῷ
1711 1437 1869 1505 λόγου

291 1528 387 1578 καὶ
428 1526 527 1596 τῆς
574 1526 786 1594 σοφίας.
822 1526 1012 1582 Καίτοι
1053 1530 1081 1579 6
1132 1527 1244 1597 (10)
1286 1526 1674 1598 εὖαγγελιστὴς
1710 1528 1870 1591 εὐθὺς

290 1619 353 1669 ἐκ
398 1618 702 1687 προοιμίων
744 1618 874 1689 βοᾷ·
917 1618 1030 1674 Καὶ
1080 1620 1224 1685 Θεὸς
1275 1616 1354 1690 ἦν
1397 1624 1429 1674 ό
1463 1622 1672 1690 Λόγος,
1735 1621 1870 1675 ίδίαν

289 1707 527 1779 ὓπαρξιν
588 1709 766 1773 διδοὺς
820 1711 899 1782 τῷ
958 1712 1091 1781 Υίῷ.
1144 1713 1208 1764 Εἰ
1261 1714 1371 1783 γὰρ
1434 1714 1492 1765 ἐν
1540 1714 1739 1785 καρδίᾳ
1798 1710 1867 1784 ἦν

286 1802 315 1851 6
364 1800 575 1868 Λόγος,
625 1801 743 1865 πῶς
803 1802 870 1855 ἂν
932 1804 1126 1874 ἐνοήθη
1190 1804 1370 1873 Θεός;
1423 1805 1539 1869 πῶς
1586 1804 1630 1858 δ’
1670 1805 1735 1860 ἂν
1799 1802 1868 1875 ἦν

290 1892 425 1961 πρὸς
469 1892 562 1945 τὸν
590 1893 757 1959 Θεόν;
796 1895 1011 1966 Ἐπειδὴ
1063 1896 1187 1950 οῦτε
1229 1899 1257 1950 6
1301 1900 1359 1951 ἐν
1395 1897 1667 1968 ἀνθρώπῳ
1711 1897 1866 1965 λόγος

287 1985 594 2055 ἄνθρωπος,
644 1985 767 2040 οὔτε
810 1988 948 2057 πρὸς
979 1989 1137 2041 αὑτὸν
1190 1984 1327 2042 εἶναι
1372 1990 1609 2058 λέγεται,
1654 1988 1767 2043 ἀλλ’
1809 1991 1866 2041 ἐν

285 2076 455 2146 αὐτῷ.
491 2076 629 2130 Οὔτε
669 2078 777 2151 γὰρ
812 2077 920 2141 ζῶν
952 2081 1117 2145 ἐστιν,
1156 2079 1279 2134 οὔτε
1312 2079 1556 2149 ὑφεστὼς
1577 2098 1591 2111 ’
1626 2083 1655 2133 6
1684 2080 1740 2133 δὲ
1770 2080 1865 2133 τοῦ

284 2167 424 2219 Θεοῦ
460 2169 634 2236 Λόγος
668 2168 778 2240 ζωή
814 2172 930 2223 ἐστι
963 2172 1056 2224 καὶ
1095 2172 1341 2242 ἀλήθεια.
1375 2173 1485 2226 Καὶ
1524 2175 1552 2226 ό
1584 2172 1680 2243 μὲν
1712 2172 1867 2240 λόγος

284 2261 313 2311 6
345 2260 615 2331 ἡμέτερος
663 2260 797 2331 ὁμοῦ
842 2279 903 2314 τε
948 2263 1139 2334 ἐλέχθη
1185 2265 1278 2317 καὶ
1310 2265 1410 2318 οὐκ
1443 2264 1590 2316 ἔστι·
1643 2265 1770 2333 περὶ
1811 2264 1867 2316 δὲ

284 2350 378 2402 τοῦ
412 2350 545 2403 Θεοῦ
569 2352 743 2419 Λόγου
770 2353 822 2404 τί
857 2370 1019 2424 φησιν
1047 2356 1075 2407 6
1099 2354 1347 2426 ψαλμός;
1380 2359 1483 2421 Εἰς
1513 2356 1621 2409 τόν
1654 2356 1861 2419 αἰῶνα,

284 2444 485 2510 Κύριε,
519 2446 554 2497 d
585 2445 774 2513 Λόγος
809 2461 924 2500 σου
957 2446 1215 2516 διαμένει
1254 2448 1324 2501 ἐν
1358 2447 1439 2513 τῷ
1469 2449 1721 2517 οὐρανῷ.

356 2536 470 2587 Καὶ
500 2535 745 2589 ἐντεῦθεν
801 2538 899 2607 μὲν
935 2532 1088 2603 οὗτος
1114 2542 1142 2593 6
1188 2540 1454 2611 πόλεμος·
1506 2541 1771 2612 ἑτέρωθεν
1808 2542 1864 2594 δὲ

283 2627 367 2688 τίς
405 2628 498 2679 καὶ
523 2628 674 2690 ποῖός
704 2630 849 2682 ἐστιν
882 2632 910 2682 6
940 2631 1079 2684 κατὰ
1108 2633 1205 2702 τῆς
1238 2632 1496 2704 ἀληθείας
1528 2634 1716 2702 ἀγών;
1754 2635 1865 2706 Τὴν

288 2719 391 2792 μὲν
430 2718 662 2791 ὓπαρξιν
692 2721 1055 2792 συγχωροῦσι,
1104 2725 1199 2777 καὶ
1238 2724 1367 2778 ἴδιον
1407 2720 1545 2778 εἶναι
1577 2726 1895 2797 πρόσωπονη

285 2810 442 2874 Υἱοῦ,
480 2812 577 2865 καὶ
610 2812 739 2866 ἴδιον
770 2815 982 2886 Πατρὸς
1014 2816 1378 2871 συντίθενται·
1420 2820 1781 2889 ἀνομοιότητα
1808 2819 1864 2871 δὲ

282 2903 387 2971 τῆς
421 2903 637 2970 φύσεως
678 2906 1087 2975 παρεισάγουσι.
1138 2909 1247 2961 Kal.
1290 2910 1349 2961 τὸ
1378 2910 1472 2963 τοῦ
1524 2910 1653 2963 Υίοῦ
1696 2910 1864 2980 ὄνομα

288 2995 455 3064 μέχρι
506 2996 693 3066 φωνῆς
724 2997 1085 3068 συγχωροῦσι,
1114 3002 1178 3071 τῇ
1225 3000 1282 3053 δὲ
1325 3000 1550 3072 ἀληθείᾳ
1594 3001 1729 3069 πρὸς
1764 3003 1865 3073 τὴν

285 3086 464 3139 κτίσιν
513 3086 646 3139 αὐτὸ
689 3089 1018 3155 κατάγουσιν
1039 3106 1052 3119 ·
1088 3090 1148 3142 οὐ
1188 3090 1593 3161 δυσωπούμενοι
1625 3093 1723 3161 τὴν
1752 3109 1865 3159 cpt»-

1981 619 2130 682 gant,
2170 619 2224 667 et
2256 613 2478 667 nomine
2520 614 2741 682 quidem
2786 614 2943 683 190
2976 613 3173 669 Filium
3200 618 3552 682 conﬁtentur,

1980 705 2074 759 sed
2134 706 2312 775 reipsa
2357 712 2409 759 et
2454 720 2580 760 vere
2630 706 3043 761 subsistentiam
3080 708 3200 776 ejus
3230 710 3469 773 abolent,
3519 712 3553 764 ii

1981 810 2172 849 rursus
2216 794 2559 849 Judaismum
2605 804 2889 849 renovant.
2932 796 3069 850 Cum
3118 798 3263 851 enim
3311 796 3552 853 Verbum

1978 886 2327 948 conﬁtentur,
2389 888 2569 955 ipsum
2620 896 2942 957 comparant
2995 904 3119 941 cum
3175 904 3242 943 eo
3292 891 3437 958 quod
3496 890 3551 943 in

1978 982 2157 1030 mente
2207 976 2515 1045 concipitur
2550 978 2751 1041 verbo;
2809 992 3046 1046 cumque
3090 979 3416 1047 sapientiam
3462 980 3549 1032 di—

1975 1076 2127 1130 cunt,
2166 1068 2507 1122 consimilem
2539 1084 2662 1123 esse
2690 1069 2880 1124 dicunt
2907 1070 3116 1123 habittti
3152 1071 3245 1140 qui
3281 1072 3334 1125 in
3367 1073 3550 1125 anima

1977 1167 2162 1213 manet
2201 1160 2565 1214 eruditorum.
2602 1160 2667 1213 Et
2699 1161 2903 1215 idcirco
2938 1176 3100 1214 unam
3129 1176 3416 1230 personam
3448 1160 3552 1215 Pa-

1974 1250 2075 1304 tris
2123 1258 2178 1304 et
2214 1250 2337 1305 Filii
2386 1252 2732 1320 proﬁtentur,
2777 1252 2923 1322 quod
2952 1254 3117 1307 homo
3157 1270 3373 1324 quoque
3407 1271 3550 1308 unus

1972 1342 2174 1396 dicitur
2213 1358 2323 1396 non
2358 1326 2593 1407 divisus,
2629 1344 2702 1397 ob
2739 1344 2965 1397 verbum
3007 1344 3152 1413 quod
3202 1346 3257 1399 in
3305 1346 3423 1415 ipso
3466 1356 3550 1400 est

1972 1443 2026 1487 et
2067 1435 2138 1488 ob
2180 1436 2530 1504 sapientiam.
2566 1435 2733 1504 Atqui
2766 1437 3102 1506 evangelista
3125 1439 3312 1492 statim
3345 1440 3413 1494 ab
3445 1439 3549 1493 iui-

1971 1528 2047 1580 tio
2080 1528 2278 1581 clamat
2311 1547 2323 1580 :
2360 1526 2595 1596 EQDeus
2627 1538 2742 1581 erat
2783 1528 3007 1582 Verbum
3026 1530 3093 1593 υ,
3127 1530 3542 1584 subsistentiam

1973 1620 2245 1689 propriam
2276 1620 2411 1674 dans
2448 1620 2606 1674 Filio.
2653 1620 2864 1675 Etenim
2906 1622 2951 1677 si
2988 1622 3042 1675 in
3072 1622 3237 1676 corde
3258 1630 3376 1676 erat
3410 1622 3547 1676 Ver-

1973 1712 2122 1777 bum,
2163 1711 2437 1781 quomodo
2478 1711 2621 1766 Deus
2663 1713 2895 1783 intelligi
2932 1714 3141 1784 potuit?
3173 1728 3369 1767 rursus
3409 1728 3547 1782 quo—

1974 1804 2133 1859 modo
2167 1812 2284 1858 erat
2315 1805 2459 1873 apud
2496 1804 2707 1859 Deum?
2744 1804 2880 1857 Nam
2931 1822 3108 1875 neque
3138 1805 3361 1858 verbum
3401 1807 3547 1874 quod

1972 1897 2022 1948 in
2072 1896 2291 1952 homine
2336 1905 2441 1961 est,
2476 1897 2638 1951 homo
2669 1904 2772 1960 est,
2808 1913 2984 1966 neque
3036 1898 3177 1967 apud
3216 1897 3390 1966 ipsum
3425 1912 3550 1952 esse

1970 1986 2195 2048 dicitur,
2231 1987 2326 2043 sed
2356 1988 2409 2041 in
2448 1990 2587 2057 ipso.
2624 1988 2811 2058 Neque
2836 1990 2983 2043 enim
3014 1990 3205 2044 vivens
3230 1998 3334 2050 est,
3370 2004 3548 2057 neque

1970 2078 2280 2133 subsistens
2316 2098 2326 2131 :
2364 2080 2459 2133 sed
2495 2079 2585 2133 Dei
2616 2079 2853 2133 Verbum
2889 2081 2999 2133 vita
3035 2088 3119 2134 est
3150 2089 3203 2135 et
3235 2082 3437 2136 veritas
3470 2083 3543 2135 ³³.

1969 2170 2035 2223 Et
2070 2178 2315 2225 nostrum
2362 2171 2579 2241 quidem
2616 2171 2837 2225 verbum
2885 2172 3047 2225 simul
3082 2180 3245 2240 atque
3277 2174 3548 2240 prolatum

1970 2270 2075 2325 est,
2115 2263 2349 2331 amplius
2379 2280 2488 2317 non
2518 2271 2602 2317 est
2635 2279 2648 2314 :
2695 2263 2787 2317 sed
2829 2263 2896 2317 de
2928 2262 3020 2316 Dei
3050 2261 3229 2317 Verbo
3253 2264 3385 2332 quid
3414 2264 3549 2317 dicit

1971 2355 2251 2424 psalmus?
2292 2353 2356 2406 In
2391 2364 2664 2417 «sternam,
2708 2354 2948 2418 Domine,
2994 2353 3217 2408 Verbum
3258 2364 3403 2407 tuum
3428 2372 3549 2424 per-

1973 2454 2149 2499 manet
2184 2446 2239 2497 in
2274 2452 2402 2498 cwto
2439 2445 2503 2497 “.

2037 2539 2092 2592 9..
2133 2538 2311 2608 Atque
2347 2538 2475 2591 hinc
2513 2537 2731 2607 quidem
2774 2539 2877 2592 hoc
2914 2539 3115 2593 bellum
3148 2538 3386 2593 infertur
3420 2554 3433 2590 :
3476 2540 3547 2593 il-

1971 2633 2078 2687 linc
2112 2647 2241 2686 vero
2274 2630 2419 2700 quod
2455 2639 2508 2684 et
2543 2631 2702 2699 quale
2736 2638 3015 2685 certamen
3050 2641 3135 2686 est
3170 2639 3364 2685 contra
3396 2633 3544 2687 veri-

1970 2724 2181 2779 tatem?
2217 2722 2590 2777 Substantiam
2621 2722 2841 2792 quidem
2876 2724 3209 2787 concedunt,
3236 2725 3544 2793 propriam-

1969 2832 2075 2887 que
2136 2815 2257 2869 Filii
2328 2830 2618 2885 personam
2677 2830 2837 2879 esse,
2900 2824 2953 2869 et
3011 2815 3195 2870 Patris
3269 2818 3546 2887 propriam

1968 2910 2302 2963 conﬁtentur
2343 2928 2354 2961 :
2405 2906 2499 2962 sed
2538 2917 2747 2961 natura:
2784 2908 3050 2961 inducunt
3102 2909 3543 2978 inmqualitatem.

1970 2998 2033 3051 Et
2065 2996 2188 3050 Filii
2224 3012 2427 3051 nomen
2458 3010 2593 3049 voce
2634 3003 2793 3051 tenus
2840 2996 3173 3061 concedunt,
3224 2998 3319 3052 sed
3367 2999 3544 3068 reipsa

1969 3089 2147 3158 ipsum
2199 3087 2492 3142 demittunt
2546 3087 2612 3140 ad
2671 3096 3022 3153 creaturam,
3090 3088 3231 3142 haud
3295 3099 3546 3144 verentes

283 3177 380 3247 νην
430 3176 525 3230 τοῦ
558 3179 785 3248 Κυρίου,
822 3180 1011 3233 ἐαυτὸν
1043 3181 1452 3250 προδεικνύντος
1492 3181 1569 3253 τῷ
1600 3182 1737 3253 πρὸς
1763 3183 1861 3252 τὴν

1972 3195 2154 3234 vocem
2199 3178 2436 3241 Domini,
2473 3195 2531 3233 se
2570 3178 2618 3233 ei
2654 3180 2746 3248 qui
2802 3178 3016 3233 Patrem
3058 3181 3239 3235 videre
3281 3182 3547 3251 gestiebat

281 3270 380 3322 τοῦ
433 3271 650 3342 Πατρὸς
683 3271 911 3343 θεωρίαν
940 3274 1300 3344 ἐπειγομένῳ.
1341 3275 1404 3327 '0
1449 3275 1721 3343 ἑωρακὼς
1752 3275 1862 3343 γὰρ

279 3361 409 3430 ἐμὲ.
445 3364 631 3433 φησὶν,
682 3363 903 3432 ἑώρακε
936 3364 1043 3417 τὸν
1088 3366 1336 3434 Πατέρα.
1388 3366 1535 3437 Αὕτη
1566 3367 1620 3419 δὲ
1650 3370 1681 3437 ἠ
1715 3366 1864 3435 φωνὴ

281 3451 457 3522 ὀρθῶς
490 3451 857 3524 λογιζομένοις
888 3456 1208 3526 ἀμφοτέρων
1242 3458 1540 3527 ἐμφράττει
1571 3457 1667 3521 τάς
1699 3456 1862 3526 βλασ-

281 3544 513 3615 φημίας.
544 3544 681 3597 Οὔτε
712 3546 820 3617 γὰρ
851 3547 1042 3599 ἑαυτὸν
1070 3544 1207 3601 εἶναι
1255 3548 1347 3601 τὸν
1390 3550 1609 3619 Πατέρα
1644 3550 1862 3617 φάσκει,

281 3640 339 3699 ὃς
368 3654 436 3703 γε
464 3637 748 3706 διαιρεῖτά
782 3638 1051 3708 πρόσωπα
1078 3639 1326 3712 φανερῶς
1351 3643 1407 3693 ἐν
1436 3640 1513 3711 τῷ
1541 3641 1717 3708 λέγειν
1738 3659 1752 3671 ·
1802 3642 1864 3694 '0

282 3730 555 3798 ἑωρακὼς
582 3731 704 3800 ἐμέ.
733 3733 983 3785 Δείκνυσι
1006 3732 1113 3804 γάρ
1137 3735 1200 3786 ἐκ
1225 3733 1416 3786 τούτου
1442 3735 1501 3786 τὸ
1537 3733 1667 3787 ἴδιον
1699 3733 1861 3786 αὐτοῦ

283 3821 579 3888 πρόσωπον
630 3820 739 3889 (ΙΙ)
764 3836 782 3852 ν
826 3821 1072 3889 Ἑώρακε
1120 3822 1228 3874 τὸν
1273 3821 1523 3889 Πατέρα,
1577 3822 1863 3893 ἀναφέρων

282 3908 376 3959 ἐπὶ
415 3908 476 3960 τὸ
506 3909 771 3979 πατρικὸν
796 3910 1103 3982 πρόσωπον,
1153 3912 1247 3963 καὶ
1293 3911 1515 3980 διαιρῶν
1547 3913 1638 3979 ἀφ’
1670 3911 1863 3964 ἐαυτοῦ

268 3994 587 4069 προδήλως,
632 4000 729 4053 καὶ
756 4002 813 4055 ἐν
844 4001 921 4070 τῷ
953 4001 1130 4068 λέγειν
1150 4018 1163 4032 ’
1204 4004 1272 4055 Ei
1304 4000 1614 4071 ἐγνώκειτέ
1635 4018 1731 4069 με,
1767 4002 1865 4053 καὶ

279 4094 389 4144 τίν
424 4089 657 4158 Πατέρα
694 4109 813 4159 μου
846 4091 922 4144 ἂν
952 4091 1166 4161 ᾔδειτε.
1198 4092 1273 4144 Οὐ
1303 4093 1411 4161 γὰρ
1442 4091 1704 4161 σύγχυσιν
1754 4092 1865 4143 τῶν

281 4188 591 4258 προσώπων
637 4188 890 4257 ἐμφαίνει
932 4188 1122 4253 ταῦτα,
1164 4189 1297 4243 ἀλλά
1342 4190 1403 4242 τὸ
1448 4189 1864 4263 ἀπαράλλακτον

278 4281 381 4349 τῆς
422 4278 676 4350 θεότητος
706 4280 1055 4351 παρίστησιν.
1099 4281 1468 4335 ’Λκουέτωσαν
1498 4281 1555 4334 δὲ
1583 4283 1674 4334 τὸν
1700 4285 1862 4337 αὐτὸν

277 4371 441 4438 λόγον
469 4371 583 4442 (12)
615 4373 709 4425 καὶ
739 4375 787 4425 οἱ
822 4373 1086 4425 ἐναντίοι·
1128 4372 1208 4425 ὅτι
1240 4373 1267 4423 6
1297 4372 1394 4442 τῆς
1420 4372 1514 4424 τοῦ
1540 4366 1693 4439 ,Υίοῦ
1730 4391 1859 4427 κατ-

271 4465 585 4533 ηξιωμένος
612 4465 894 4528 κοινωνίας
945 4466 1044 4518 οὐκ
1074 4464 1439 4535 ἀπεστέρηται
1486 4462 1578 4516 τοῦ
1629 4466 1858 4536 Πατρός.

1975 3272 2466 3342 praemonstrantis.
2511 3270 2616 3336 Qui
2648 3273 2808 3335 enim,
2855 3273 3052 3341 inquit,
3103 3272 3230 3325 vidit
3271 3290 3371 3334 me,
3416 3274 3547 3327 vidit

1974 3364 2187 3417 Patrem
2218 3364 2284 3417 ³³.
2330 3362 2453 3416 "me
2488 3371 2667 3418 autem
2706 3379 2833 3430 vox,
2866 3366 2911 3419 si
2960 3366 3085 3439 quis
3121 3371 3269 3418 recte
3303 3365 3543 3435 judicat,

1970 3464 2329 3522 utrorumque
2392 3454 2611 3507 obturat
2688 3454 3075 3522 blasphemias.
3139 3454 3323 3523 Neque
3400 3458 3543 3510 enim

1968 3548 2209 3616 seipsum
2258 3544 2476 3598 Patrem
2526 3560 2649 3599 esse
2694 3546 2850 3609 dicit,
2892 3546 2983 3615 qui
3022 3546 3233 3601 scilicet
3276 3562 3547 3615 personas

1968 3645 2159 3706 aperte
2195 3638 2519 3707 distinguat,
2555 3638 2642 3692 his
2680 3638 2862 3692 verbis
2899 3657 2911 3691 :
2955 3637 3059 3701 Qui
3095 3638 3224 3691 cidit
3261 3654 3358 3692 me.
3408 3638 3544 3690 Hine

1967 3743 2203 3796 namque
2249 3728 2485 3781 ostendit
2530 3726 2808 3796 propriam
2851 3743 3006 3781 suam
3054 3743 3367 3796 personam.
3406 3728 3543 3781 Cum

1966 3836 2097 3874 vero
2130 3819 2418 3889 qsubjungit
2456 3839 2467 3872 :
2522 3819 2667 3871 Vidit
2718 3818 2952 3883 Patrem,
2987 3821 3211 3885 respicit
3244 3819 3312 3872 ad
3372 3828 3550 3889 paler-

1967 3927 2091 3964 nam
2123 3926 2431 3980 personam,
2468 3926 2531 3964 ac
2556 3910 3212 3980 distinguitasemetipso
3237 3910 3541 3964 manifeste.

1966 4002 2120 4069 Quod
2149 4002 2291 4057 idem
2328 4002 2459 4055 iacit
2488 4018 2728 4071 quoque.
2771 4002 2862 4056 ubi
2902 4003 2977 4055 ait
3015 4021 3026 4054 :
3067 4000 3125 4056 Si
3171 4002 3545 4071 eognorissetis

1966 4113 2067 4159 me,
2123 4105 2173 4148 et
2219 4094 2435 4148 Patrem
2476 4112 2647 4149 meum
2686 4095 2863 4163 utique
2906 4096 3273 4164 eognovissetis
3318 4094 3383 4147 '“.
3425 4092 3543 4147 Non

1966 4189 2109 4242 enim
2159 4203 2516 4259 personarum
2569 4186 2949 4241 confusionem
2992 4186 3239 4240 indicant
3282 4185 3417 4243 lucc.
3448 4186 3542 4238 Sed

1969 4279 2194 4333 deitatis
2230 4278 2643 4334 similitudinem
2685 4277 2942 4331 exhibent
2984 4277 3323 4331 discriminis
3360 4277 3546 4344 cujus-

1966 4372 2049 4427 vis
2099 4377 2401 4441 expertem.
2450 4370 2690 4424 Audiant
2738 4379 2917 4424 autem
2963 4369 3079 4423 haec
3127 4371 3245 4439 ipsa
3291 4368 3456 4423 verba
3490 4377 3544 4422 et

1968 4464 2288 4527 adversarii,
2321 4463 2468 4533 quod
2510 4464 2602 4533 qui
2654 4462 2773 4517 Filii
2822 4466 3104 4516 consortio
3144 4461 3403 4532 dignatus
3433 4466 3539 4519 est.

273 4558 353 4611 0'3
393 4556 504 4628 γὰρ
547 4557 755 4625 ἀλλοῖον
805 4558 833 4609 ὁ
864 4558 1140 4628 γεννήτωρ
1186 4555 1401 4623 ἐγέννα,
1449 4556 1585 4610 ἀλλά
1626 4555 1865 4610 τοιοῦτον

1972 4560 2015 4614 is
2042 4558 2202 4613 Patre
2231 4559 2476 4627 privatus
2508 4573 2615 4611 non
2645 4557 2733 4609 sit.
2763 4554 2872 4610 Nec
2903 4555 3047 4609 enim
3078 4554 3352 4609 diversum
3378 4552 3541 4605 Geni-

272 4644 391 4711 οῗος
418 4649 581 4711 αὑτός
614 4651 782 4701 ἐστιν.
815 4648 1034 4712 Ἄκουε,
1070 4650 1098 4700 6
1144 4649 1445 4721 ’Λνόμοιος·
1513 4650 1659 4720 Ἐγὼ
1687 4651 1784 4703 καὶ
1827 4653 1858 4703 ὁ

273 4741 489 4808 Πατὴρ
513 4741 583 4794 ἓν
605 4742 811 4810 ἐσμεν.
844 4743 1041 4794 ’Λκουε
1072 4742 1165 4795 καὶ
1199 4743 1283 4806 σὺ,
1314 4744 1342 4795 6
1369 4742 1652 4805 Σαϐέλλιος
1671 4761 1682 4772 ·
1725 4743 1862 4811 Ἐγὼ

351 4922 398 4953 ³²
438 4919 595 4975 Joan.
628 4937 681 4985 l,
740 4922 790 4976 1.

356 5076 436 5144 (8)
473 5077 554 5131 Ita
586 5076 835 5129 Anommi
880 5074 1072 5129 Filium
1118 5076 1370 5131 dicebant
1409 5075 1601 5141 Deum,
1645 5084 1704 5130 ut
1737 5093 1860 5131 eum

274 5145 447 5200 Patre
476 5147 741 5207 minorem
782 5162 904 5201 esse
936 5147 1150 5199 vellent.

352 5216 431 5286 (9)
464 5214 605 5270 Editi
645 5216 777 5269 Θεὸν
809 5217 1003 5284 Λόγον,
1048 5217 1213 5270 Deum
1254 5216 1497 5270 Verbum.
1534 5215 1649 5271 Vox
1676 5217 1862 5271 ultima

277 5288 337 5342 in
366 5301 501 5340 mss.
530 5303 639 5342 non
673 5287 894 5356 legitur.

354 5356 467 5427 (10)
496 5358 637 5412 Editi
663 5358 922 5425 Καίτοιγε
946 5359 994 5411 6.
1031 5356 1251 5412 Veteres
1282 5366 1392 5411 tres
1415 5356 1538 5411 libri
1568 5365 1625 5408 ut
1652 5357 1703 5409 in
1732 5373 1861 5409 ron-

278 5438 471 5550 ιεξιυὲ
507 5430 799 5500 Aliquanto
851 5436 976 5499 post
1023 5443 1158 5482 mss.
1212 5428 1321 5483 duo
1355 5427 1470 5490 πῶς
1505 5428 1548 5479 δ’
1578 5428 1662 5481 ἄν.
1714 5427 1861 5481 Editi

281 5516 404 5550 πως
471 5517 517 5550 ν.

281 5516 404 5559 πως
437 5516 517 5551 αν.

354 5568 467 5635 (Η)
502 5569 652 5626 Unus
684 5569 855 5625 codex
888 5566 1024 5638 Reg.
1060 5568 1123 5619 ἐκ
1157 5567 1342 5621 τούτου
1378 5568 1437 5620 τὸ
1466 5566 1657 5619 ἑαυτοῦ
1697 5566 1861 5637 πρόσ-

281 5655 450 5691 ωπον.

351 5708 463 5779 (12)
497 5709 716 5781 Antiqui
744 5719 859 5764 tres
892 5708 1018 5764 libri
1054 5710 1159 5763 τῶν
1190 5709 1368 5763 αὐτῶν
1398 5708 1591 5775 λόγων.
1630 5708 1861 5761 Cumbe—

284 5776 457 5843 ﬁsius,
484 5796 604 5834 cum
635 5776 817 5843 verba,
844 5796 965 5851 quae
987 5781 1233 5851 proxime
1259 5786 1855 5851 sequuntur.rcormpla

287 5864 409 5907 esse
436 5852 810 5921 arbitraretur,
842 5850 906 5907 ea
933 5850 1150 5909 duobus
1185 5851 1358 5908 modis
1392 5850 1661 5907 resarcire
1686 5864 1853 5904 cona-

1968 4660 2055 4705 tor
2086 4650 2297 4721 genuit,
2344 4650 2437 4705 sed
2472 4650 2634 4703 talem
2673 4648 2851 4716 qualis
2891 4647 3009 4715 ipse
3048 4657 3148 4700 est.
3192 4644 3351 4707 Audi,
3393 4642 3541 4694 Ano-

1973 4758 2137 4805 mme,
2172 4741 2283 4812 Ego
2324 4752 2373 4795 et
2418 4742 2580 4795 Pater
2619 4757 2782 4793 unum
2826 4756 3007 4793 sumus
3061 4739 3123 4788 ³⁷.
3170 4735 3308 4788 Audi
3362 4741 3415 4787 et
3459 4740 3538 4795 tu,

870 4922 914 4953 ³³
951 4920 1110 4976 Joan.
1150 4937 1261 4985 xtv,
1297 4921 1349 4974 6.
1430 4921 1474 4951 ³³
1518 4922 1659 4976 Psal.
1694 4938 1861 4975 cxvm

1973 4923 2023 4975 Ο.
2104 4924 2147 4953 ³³
2186 4920 2340 4975 Joan.
2380 4938 2491 4984 xn',
2527 4923 2577 4974 9.
2657 4920 2701 4950 "
2740 4919 2867 4972 ibitl.
2909 4918 2958 4972 7.
3036 4918 3076 4948 ³⁷
3116 4914 3274 4970 Joan.
3312 4930 3377 4975 Χ,
3416 4916 3503 4967 50.

1975 5085 2062 5131 tus
2101 5083 2204 5130 est.
2242 5076 2329 5128 Ait
2366 5076 2529 5145 igitur
2561 5076 2844 5144 legendum
2880 5088 3013 5145 esse,
3036 5080 3128 5145 aut
3160 5072 3240 5145 ὅτι
3270 5072 3298 5122 ὁ
3323 5069 3417 5145 τῇς
3449 5068 3542 5122 τοῦ

1973 5147 2103 5200 Υἱοῦ
2151 5141 2554 5217 κατηξιωμένος
2600 5141 2969 5217 προσηγορίας
2991 5144 3126 5217 Δοὐκ
3172 5141 3545 5217 ἀπεστέρηται

1970 5217 2071 5285 τῆς
2098 5217 2191 5289 τοῦ
2239 5210 2450 5289 Πατρὸς
2494 5210 2801 5289 κοινωνίας,
2844 5210 2935 5266 aut
2985 5214 3065 5289 ὅτι
3107 5216 3134 5265 6
3162 5211 3261 5281 τῆς
3290 5210 3543 5289 τοῦΥἱοῦ

1974 5278 2380 5357 κατηξιωμένος
2412 5278 2717 5357 κοινωνίας,
2762 5293 2889 5357 etc,
2931 5295 2987 5357 ut
3026 5283 3079 5335 in
3112 5278 3396 5357 contextu,
3448 5278 3544 5333 sed

1974 5359 2055 5412 sic
2080 5352 2283 5422 tamen,
2327 5362 2385 5409 ut
2426 5366 2548 5425 post
2588 5355 2742 5414 illud,
2774 5355 3005 5425 Πατρός,
3042 5352 3405 5425 subaudiatur
3441 5364 3544 5401 vox

1973 5429 2277 5489 κοινωνίας,
2334 5423 2439 5491 Qui
2493 5425 2667 5479 Filius
2717 5423 2962 5493 dignatus
3003 5434 3079 5476 est
3124 5423 3411 5493 consortio,
3454 5436 3545 5493 nec

1974 5498 2157 5551 Patria
2191 5490 2427 5565 privatus
2462 5506 2560 5557 est,
2598 5490 2810 5563 supple.
2845 5496 3128 5548 consortio.
3168 5492 3305 5565 Puto
3332 5490 3543 5565 simpli-

1972 5570 2105 5623 citer
2167 5562 2451 5636 legendum
2504 5562 2875 5636 προσηγορίας
2903 5581 3025 5636 Αβτο
3085 5563 3387 5636 κοινωνίας,
3441 5562 3545 5612 hoc

1974 5585 2105 5623 cuer
2168 5585 2212 5621 te
2250 5585 2451 5621 enoum
2504 5585 2875 5636 προσηγορίας
2928 5585 3025 5632 pro
3085 5585 3387 5623 κοινωνιας,
3441 5585 3542 5612 um;

1974 5655 2136 5694 sensu
2166 5657 2176 5690 :
2207 5585 2311 5703 δαί
2344 5640 2420 5689 ita
2450 5637 2760 5703 conjunctus
2784 5645 2860 5688 est
2894 5634 3071 5695 Patri,
3107 5643 3161 5685 ut
3199 5632 3328 5685 Filii
3356 5646 3542 5703 nomen

1974 5699 2277 5763 consecutus
2311 5708 2401 5769 sit,
2437 5699 2673 5774 priuatus
2706 5724 2807 5762 non
2836 5715 2911 5759 est
2950 5705 3129 5770 Patre,
3161 5705 3261 5760 hoc
3294 5710 3395 5767 est,
3427 5699 3527 5754 Pu-

1970 5781 2066 5835 tris
2104 5789 2347 5833 naturam
2376 5777 2546 5831 habet.
