3982 6240
413 392 542 452 603)

1747 355 1804 451 εξ
1846 393 2090 450 essu.“
2132 393 2369 450 ιιΑοΝιι

3537 397 3649 454 6οι

409 497 640 573 Sabeili,
683 508 794 580 Ego
837 511 975 564 exivi
1017 493 1054 564 ai
1088 511 1272 574 Patre,
1321 519 1370 564 et
1423 513 1490 564 ad
1533 512 1704 580 ipsum
1739 514 1870 568 vado
1905 513 1968 566 ³⁸³.

2082 511 2142 564 ἐκ
2173 511 2279 565 τοῦ
2319 507 2548 575 Πατρύς
2571 507 2849 576 ἐξῆλθον,
2886 508 2984 561 καί
3013 507 3159 573 πρὸς
3198 508 3384 561 αὑτὸν
3415 508 3645 578 ὑπάτω.

406 599 477 656 Ει
509 608 738 670 uterque
766 616 833 655 ex
861 603 1178 671 evangelica
1231 601 1484 656 doctrina
1537 606 1820 674 proprium
1854 605 1976 659 vul-

407 704 514 742 nus
546 698 720 743 curet.
754 688 819 742 Et
848 699 904 744 tu
932 689 1150 760 quidem
1187 693 1451 747 unitatem
1483 709 1639 749 sume
1663 710 1730 748 ex
1757 694 1970 749 absolu-

407 779 618 834 tissima
660 788 868 836 natura:
901 782 1261 840 similitudine
1305 803 1318 839 :
1361 795 1418 839 tu
1452 802 1580 841 vero
1616 787 1773 853 illud,
1809 786 1886 839 Ab
1916 804 1976 842 eo

405 869 564 932 exivi,
617 879 666 923 et
699 871 769 924 ad
803 871 975 940 ipsum
1020 873 1174 939 vado,
1231 874 1299 927 ad
1359 890 1716 945 personarum
1749 877 1978 931 diversi-

409 969 579 1015 tatem
616 962 848 1020 referas.
883 965 1188 1021 Conveniat
1239 967 1408 1038 igitur
1446 967 1514 1022 de
1555 968 1642 1022 his
1682 970 1826 1022 inter
1851 982 1972 1033 nos,

407 1065 746 1123 agamusque
772 1071 981 1125 pacem,
1010 1067 1064 1112 et
1094 1073 1124 1111 a
1156 1058 1317 1127 longo
1341 1067 1533 1113 contra
1559 1059 1810 1128 pietatem
1836 1059 1978 1114 bello

412 1144 772 1213 desistamus,
816 1151 992 1205 acutis
1032 1151 1140 1205 illis
1185 1150 1483 1220 impietatis
1526 1152 1692 1206 armis
1724 1151 1972 1220 abiectis,

409 1240 466 1283 et
499 1232 674 1288 hastis
715 1236 772 1289 in
811 1243 1015 1301 aratra,
1055 1239 1250 1306 gladiis
1297 1255 1426 1294 vero
1469 1240 1524 1292 in
1568 1237 1736 1295 falces
1768 1239 1975 1294 conﬁa-

412 1321 484 1376 tis
513 1323 578 1376 ³³.
611 1323 796 1394 Neque
836 1335 890 1379 tu
937 1327 1090 1381 dicas
1138 1328 1309 1382 solum
1351 1346 1369 1382 :
1414 1315 1530 1383 sed.
1557 1345 1785 1399 sequere
1826 1344 1972 1394 eum,

411 1413 506 1478 qui
545 1415 699 1484 191
732 1416 864 1471 dicit
896 1437 908 1472 :
943 1418 1068 1473 Non
1095 1437 1213 1473 sum
1248 1422 1412 1483 solus,
1443 1422 1567 1490 quia
1596 1423 1684 1491 qui
1719 1423 1863 1476 misit
1896 1439 1976 1475 me

413 1503 596 1570 Pater,
643 1524 842 1561 mecum
883 1520 961 1564 est
1011 1511 1078 1564 ⁸ο.
1134 1511 1290 1566 Alius
1343 1513 1508 1582 igitur
1555 1523 1638 1568 est
1680 1513 1840 1569 Pater
1881 1514 1976 1584 qui

411 1594 582 1658 misit,
609 1595 752 1652 alius
777 1599 869 1667 qui
899 1601 1101 1655 missus
1131 1610 1214 1656 est
1248 1601 1436 1658 Filius.
1465 1607 1542 1664 Ac
1563 1619 1758 1660 rursus
1791 1622 1805 1660 :
1840 1604 1974 1676 Ego,

413 1684 611 1754 inquit,
648 1689 1004 1743 testimonium
1033 1691 1277 1760 perhibeo
1313 1693 1378 1746 de
1406 1695 1624 1762 meipso,
1665 1704 1715 1749 et
1749 1697 1978 1750 testimo-

411 1775 561 1838 m'um,
582 1776 811 1845 perhibet
849 1780 912 1832 de
948 1797 1028 1834 me
1059 1783 1147 1852 qui
1175 1783 1318 1836 misit
1355 1800 1436 1837 me
1474 1783 1636 1838 Pater
1663 1785 1731 1841 "‘.
1770 1785 1872 1841 Et:
1911 1785 1975 1840 In

2079 600 2189 652 Καὶ
2223 599 2484 670 ἑκάτερος
2519 598 2670 667 ὑμῶν
2698 598 2760 650 τὸ
2787 597 2914 650 ῐδιον
2950 599 3172 669 τραῦμα
3206 602 3270 652 ὲκ
3300 599 3391 652 τοῦ
3419 600 3651 667 εὐαγγε-

2078 689 2231 742 λικοῦ
2255 687 2594 743 διδασκαλίου
2623 687 2732 758 (15)
2766 687 3165 758 θεραπευέσθω.
3195 688 3303 740 Καὶ
3333 689 3396 741 σὺ
3429 690 3525 759 μὲν
3545 691 3648 760 τὴν

2079 781 2308 851 ἑνότητα
2341 778 2585 849 λάμϐανε
2614 778 2707 831 ὲπὶ
2738 780 2799 832 τὸ
2824 781 2921 849 τῆς
2949 778 3161 847 φύσεως
3195 780 3608 851 ἀπαράλλακτον
3631 798 3644 808 ·

2081 872 2144 923 σὺ
2175 870 2231 922 δὲ
2279 870 2367 932 τὸ,
2406 869 2530 923 Ἀπ’
2559 867 2747 923 αὐτοῦ
2785 868 3064 936 ἐξῆλθον,
3122 870 3218 922 καὶ
3258 872 3408 938 πρὸς
3458 871 3649 924 αὑτὸν

2079 963 2418 1032 πορεύομαι,
2462 961 2554 1015 ἐπὶ
2603 961 2664 1014 τὸ
2706 959 2814 1014 τῶν
2862 960 3164 1031 προσώπων
3218 961 3469 1033 διάφορον
3502 963 3646 1034 (Li).

2078 1052 2384 1124 Συμϐὦμεν
2413 1048 2506 1106 οὖν
2540 1053 2633 1104 ἐπὶ
2668 1051 2896 1117 τούτοις,
2946 1052 3041 1105 καὶ
3081 1053 3500 1124 είρηνεύσωμεν,
3548 1056 3647 1107 καὶ

2078 1143 2448 1214 καταθώμεθα
2481 1144 2572 1196 τὸν
2610 1144 2820 1215 μακρὸν
2855 1144 2992 1198 κατὰ
3030 1143 3130 1214 τῆς
3177 1146 3453 1210 εὐσεϐείας
3487 1147 3651 1200 πόλε-

2082 1253 2179 1306 μον
2204 1253 2216 1265 ·
2249 1236 2501 1307 ῥίψαντες
2533 1237 2631 1306 μὲν
2652 1235 2724 1288 τὰ
2744 1236 3055 1306 ἠκονημένα
3079 1237 3250 1292 ταῦτα
3273 1239 3368 1307 τῆς
3390 1238 3651 1304 ἀσεϐείας

2077 1328 2237 1394 ὅπλα,
2271 1328 2365 1380 καὶ
2418 1326 2952 1397 μεταχαλκεύσαντες
2996 1328 3094 1390 τὰς
3136 1328 3357 1393 ξιϐύνας
3395 1331 3473 1394 είς
3518 1330 3651 1400 ἀρο-

2077 1437 2202 1492 τρα,
2227 1421 2322 1474 καὶ
2361 1418 2460 1482 τὰς
2496 1418 2767 1490 μαχαίρας
2803 1421 2884 1483 είς
2913 1420 3173 1493 δρέπανα.
3223 1423 3375 1491 Μήτε
3421 1424 3483 1476 σὺ
3516 1423 3648 1491 λέγε

2071 1511 2265 1579 μόνον
2302 1509 2434 1580 (15),
2464 1509 2578 1561 ἀλλ’
2621 1508 2903 1562 ἀκολούθει
2951 1507 3027 1578 τῷ
3073 1508 3312 1577 λέγοντι·
3365 1511 3486 1562 Οὐκ
3531 1509 3652 1579 ειμι

2071 1600 2283 1668 μόνος,
2319 1601 2410 1654 ὅτι
2447 1603 2480 1655 ό
2513 1599 2756 1670 πέμψας
2784 1617 2861 1669 με
2902 1601 3104 1669 Πατὴρ
3127 1603 3251 1670 μετ’
3281 1602 3425 1670 ἐμοῦ
3455 1603 3648 1657 ἐστιν.

2083 1689 2274 1754 ’Ἄλλος
2311 1685 2404 1744 οὖν
2429 1693 2459 1744 6
2489 1689 2712 1762 πέμψας
2750 1690 2960 1761 Πατὴρ,
2995 1693 3089 1744 καὶ
3115 1691 3271 1754 ἄλλος
3310 1694 3339 1745 6
3378 1691 3654 1761 πεμφθεὶς

2078 1780 2225 1844 Υἱός.
2258 1782 2368 1834 Καὶ
2396 1782 2578 1847 πάλιν,
2621 1782 2788 1852 Ἐγὼ,
2816 1783 2968 1853 φησὶ,
3004 1783 3277 1852 μαρτυρῶ
3312 1783 3444 1850 περὶ
3467 1784 3651 1852 ἐμαυ-

413 1864 519 1934 tege
553 1876 746 1932 vestra,
781 1869 979 1938 inquit,
1007 1872 1262 1940 scriptum
1297 1883 1396 1937 est,
1445 1876 1582 1944 quod
1621 1875 1846 1930 duorum
1884 1879 1975 1931 Ito-

2082 1873 2206 1939 τοῦ,
2233 1874 2331 1927 καὶ
2360 1873 2648 1944 μαρτυρεῖ
2669 1877 2802 1943 περὶ
2826 1875 2971 1945 ἐμοῦ
2997 1879 3029 1928 ό
3055 1877 3295 1944 πέμψας
3314 1894 3390 1944 με
3423 1875 3650 1943 Πατήρ.

414 1959 613 2012 miuum
643 1963 996 2017 testimonium
1024 1982 1201 2020 verum
1223 1977 1299 2020 est
1335 1968 1402 2022 “.
1440 1968 1698 2037 Numera,
1730 1972 1777 2028 si
1807 1973 1976 2040 lubet,

413 2063 694 2118 personas.
738 2052 870 2122 Ego,
907 2056 1106 2126 inquit,
1139 2077 1256 2113 sum
1285 2062 1373 2130 qui
1413 2064 1768 2118 testimonium
1806 2067 1979 2132 perhi-

413 2138 525 2194 ιεο.
560 2140 733 2198 Unus.
770 2145 838 2198 Et
868 2149 1226 2203 testimonium
1261 2152 1492 2219 perhibet
1525 2154 1589 2208 de
1614 2171 1694 2208 me
1718 2160 1808 2226 qui
1833 2159 1978 2212 misit

413 2245 510 2284 me.
551 2229 632 2284 En
673 2233 800 2289 duo.
841 2234 952 2290 Nec
999 2252 1099 2308 ego
1145 2240 1228 2293 sic
1275 2240 1537 2296 audacter
1590 2259 1836 2312 numero,
1881 2247 1977 2301 sed

411 2317 674 2378 Dominus
719 2324 838 2394 ipse
884 2327 1092 2390 docuit,
1146 2344 1269 2384 cum
1319 2330 1455 2384 dixit
1498 2349 1512 2385 :
1552 2331 1616 2385 In
1657 2335 1764 2403 tege
1807 2346 1978 2389 vestra

411 2411 663 2478 scriptum
703 2423 802 2479 est,
849 2416 987 2486 quod
1030 2419 1259 2473 duorum
1304 2422 1572 2476 hominum
1623 2427 1977 2481 testimonium

413 2515 588 2553 verum
622 2504 711 2556 sit.
748 2503 829 2559 Tu
857 2522 1018 2575 vero,
1044 2510 1138 2579 qui
1167 2511 1272 2565 alio
1317 2511 1612 2582 impietatis
1656 2531 1851 2584 genere
1884 2519 1978 2572 ad-

409 2605 605 2646 versus
650 2592 817 2648 Deum
857 2613 1088 2667 pugnas,
1117 2602 1209 2669 qui
1252 2600 1445 2656 Filium
1476 2605 1615 2659 dicis
1640 2605 1748 2661 Deo
1781 2615 1978 2663 natura

411 2683 760 2752 dissimilem,
798 2689 889 2758 qui
925 2693 1286 2760 aequalitatem
1332 2711 1440 2750 non
1475 2697 1750 2765 concedis,
1777 2701 1870 2770 qui
1902 2702 1979 2756 in-

411 2774 569 2829 ducis
621 2777 746 2832 vitae
791 2779 1170 2846 intervallum,
1229 2801 1476 2841 reverere
1520 2787 1747 2842 Paulum
1790 2791 1977 2846 dicen-

413 2874 518 2918 tem
553 2881 566 2917 :
621 2867 725 2932 Qui
766 2881 842 2924 est
885 2873 1058 2943 imago
1092 2873 1190 2929 Dei
1234 2878 1511 2933 invisibilis
1553 2880 1707 2948 “°“;
1763 2883 1976 2955 hocque

2079 1965 2209 2030 Καὶ,
2265 1965 2368 2019 Ἐν
2409 1965 2488 2031 τῷ
2527 1967 2688 2034 νόμῳ
2724 1964 2812 2031 δὲ,
2849 1966 3002 2036 φησὶ,
3045 1965 3125 2032 τῷ
3151 1965 3410 2035 ὑμετέρῳ
3444 1966 3655 2034 τέτρα-

2078 2071 2254 2120 πται,
2315 2056 2403 2108 ὅτι
2450 2055 2561 2109 δύο
2613 2055 2934 2124 ἀνθρώπων
2982 2057 3021 2124 ἡ
3069 2057 3363 2125 μαρτυρία
3414 2055 3654 2121 ἀληθής

2078 2147 2267 2199 ἐστιν.
2315 2146 2664 2217 Ἀρίθμησον,
2706 2147 2754 2199 εἰ
2795 2145 2993 2216 βούλει,
3031 2146 3101 2199 τὰ
3133 2147 3418 2216 πρόσωπα.
3477 2143 3654 2224 Ἐγὼ,

2080 2238 2264 2308 φησιν,
2305 2237 2424 2306 εἰμὶ
2456 2241 2488 2291 ὁ
2519 2237 2851 2307 μαρτυρῶν.
2883 2233 2997 2301 Εἷς.
3038 2237 3146 2291 Καὶ
3191 2236 3477 2306 μαρτυρεῖ
3512 2237 3651 2305 περὶ

2076 2328 2220 2397 ἐμοῦ
2249 2332 2281 2381 ὀ
2314 2330 2557 2398 πέμψας
2579 2346 2677 2396 με.
2725 2329 2847 2383 Δύο.
2880 2330 2990 2384 Καὶ¹
3014 2331 3114 2382 οὐκ
3143 2328 3254 2396 ἐγὼ
3279 2327 3422 2381 οὕτω
3448 2327 3655 2398 τολμη-

2081 2418 2189 2490 ρῶς
2215 2419 2452 2492 ἀριθμῶ,
2495 2420 2611 2474 ἀλλ’
2641 2421 2800 2483 αὐτὸς
2827 2421 2856 2473 6
2882 2419 3083 2492 Κύριος
3135 2420 3392 2486 ἐδίδαξεν,
3437 2417 3608 2472 εἰπών
3630 2435 3650 2451 ο

2090 2513 2191 2565 Ἐν
2214 2511 2292 2577 τῷ
2329 2514 2489 2582 νόμῳ
2519 2512 2599 2578 τῷ
2631 2512 2889 2582 ὑμετέρῳ
2915 2511 3252 2583 γέγραπται,
3297 2511 3386 2565 ὅτι
3421 2510 3649 2578 ἀνθρώ-

2078 2618 2206 2657 πων
2250 2604 2359 2656 δύο
2405 2606 2444 2671 ἡ
2472 2605 2768 2674 μαρτυρία
2795 2603 3026 2672 ἀληθής
3055 2604 3204 2657 ἐστι.
3261 2604 3370 2657 Καὶ
3404 2603 3465 2654 σὺ
3507 2602 3583 2664 δὲ,
3617 2602 3649 2653 ὁ

2080 2696 2199 2746 κατ’
2243 2695 2370 2749 ἄλλο
2399 2692 2535 2758 εἶδος
2564 2696 2662 2765 τῆς
2701 2695 2954 2756 ἀσεϐείας
2983 2692 3285 2764 θεομαχῶν,
3326 2694 3356 2746 6
3395 2693 3650 2762 ἀνόμοιον

2078 2781 2214 2837 εἷναι
2243 2784 2416 2853 λέγων
2444 2788 2508 2855 τῇ
2545 2784 2703 2853 φύσει
2745 2784 2836 2838 τὸν
2885 2783 3007 2837 Υίὺν
3043 2783 3121 2854 τῷ
3151 2783 3290 2853 Θεῷ,
3328 2785 3356 2836 6
3399 2783 3494 2854 τὴν
3531 2781 3650 2837 i66-

2076 2893 2216 2946 τητα
2274 2877 2347 2947 μὴ
2394 2875 2600 2938 διδοὺς,
2641 2877 2670 2927 ὁ
2719 2874 2998 2928 διάστασιν
3045 2872 3188 2945 ζωῆς
3242 2873 3482 2943 ἐμποιῶν
3531 2870 3648 2942 (16)

410 2955 644 3027 largiare
690 2961 915 3033 imagini
965 2966 1192 3032 viventi,
1244 2976 1305 3024 ut
1356 2970 1481 3025 vitae
1529 2973 1837 3045 archetypa:
1883 2993 1975 3047 per

2082 2966 2431 3037 δυσωπήθητι
2466 2966 2680 3020 Παῦλον
2709 2966 2934 3034 λέγοντα
2954 2982 2967 2995 ο
3003 2965 3110 3030 Ὃς
3135 2965 3304 3017 ἐστιν
3337 2961 3511 3018 εἰκὼν
3536 2960 3652 3016 τοῦ

409 3051 594 3105 omnia
629 3053 825 3110 similis
866 3057 956 3111 sit.
987 3057 1258 3116 Conﬁtere
1281 3060 1496 3118 Patrem
1527 3079 1651 3120 esse
1687 3065 1830 3132 Filii,
1863 3085 1974 3124 non

2082 3060 2226 3114 Θεοῦ
2272 3060 2376 3113 τοῦ
2423 3058 2709 3127 ἀοράτου·
2744 3058 2838 3110 καὶ
2887 3056 2975 3120 δὸς
3002 3059 3068 3126 τῇ
3097 3055 3244 3126 ζώσῃ
3268 3057 3434 3108 εἰκόνι
3467 3055 3650 3126 ἀπαρ-

410 3149 696 3206 creaturae,
732 3144 1002 3212 Opiﬁcem.
1046 3146 1113 3202 Et
1152 3149 1207 3203 in
1251 3165 1378 3205 vera
1421 3151 1600 3208 Patris
1632 3155 1975 3215 confessione

2082 3153 2355 3215 αλλάκτως
2401 3151 2544 3222 ἔχειν
2603 3153 2738 3222 πρὸς
2800 3149 2900 3220 τὴν
2972 3149 3115 3220 ζωὴν
3167 3149 3266 3220 τὴν
3316 3147 3648 3218 ἀρχέτυπον.

411 3231 531 3285 sine
557 3247 681 3286 eum
708 3233 801 3303 qui
830 3236 1046 3305 genitus
1069 3245 1174 3303 est,
1205 3240 1309 3310 ipsi
1338 3241 1600 3312 dignitate
1623 3260 1806 3314 parem
1829 3265 1973 3316 esse,

412 3335 678 3379 revocans
723 3324 779 3380 in
826 3329 1144 3383 memoriam
1181 3331 1317 3386 illud
1349 3335 1694 3406 evangelista
1731 3341 1978 3399 testimo-

412 3413 559 3468 nium
587 3431 600 3467 :
627 3415 793 3470 Deum
825 3417 1040 3474 Patrem
1068 3437 1221 3476 suum
1248 3423 1473 3490 dicebat,
1504 3428 1704 3496 faciens
1733 3447 1788 3485 se
1809 3448 1979 3504 aequa-

408 3503 512 3557 lem
543 3505 651 3560 Deo
689 3509 758 3568 ⁸⁵.
802 3509 1113 3580 ,λΕῳιιιΙίιειε
1145 3522 1323 3571 autem
1371 3518 1486 3584 illa,
1515 3535 1677 3589 quam
1724 3503 1979 3578 cumPa-

410 3605 495 3653 tre
546 3599 743 3664 habet,
796 3602 1118 3674 intelligitur
1162 3621 1284 3662 esse
1331 3611 1629 3665 secundum
1685 3621 1974 3676 naturam,

409 3705 520 3744 non
552 3693 854 3748 secundum
888 3697 1279 3766 magnitudinis
1325 3714 1600 3770 corporea:
1638 3719 1972 3759 mensuram.

409 3783 692 3848 Quomodo
721 3794 900 3841 autem
950 3804 1059 3844 non
1105 3789 1353 3858 rapinam
1392 3793 1688 3850 arbitratus
1731 3803 1816 3850 est
1855 3813 1978 3852 esse

408 3893 469 3931 se
499 3878 760 3946 aequalem
793 3878 904 3934 Deo
931 3879 1000 3942 ‘°,
1035 3880 1104 3945 si,
1139 3889 1196 3935 ut
1223 3889 1282 3936 tu
1303 3883 1671 3953 blasphemas,
1698 3903 1976 3957 nunquam

407 3969 632 4038 aequalis
672 3969 812 4023 fuit?
849 3969 1132 4036 Quomodo
1172 3988 1364 4028 rursus
1400 3975 1452 4028 in
1497 3974 1592 4030 Dei
1629 3977 1802 4031 forma
1835 3989 1972 4046 erat,

2090 3243 2369 3314 Ὀμολόγει
2401 3241 2620 3314 Πατέρα
2653 3240 2805 3304 Υίοῦ,
2836 3241 2910 3312 μὴ
2948 3240 3261 3309 κτίσματος,
3295 3237 3649 3309 δημιουργόν.

2079 3336 2190 3386 Καὶ
2217 3336 2275 3386 ἐν
2297 3336 2363 3404 τῇ
2391 3332 2618 3404 ἀληθινῇ
2659 3331 2752 3385 τοῦ
2778 3331 2989 3403 Πατρὺς
3017 3329 3274 3400 ὁμολογίᾳ
3310 3329 3397 3391 δὸς
3419 3326 3516 3398 τὴν
3548 3327 3657 3381 τοῦ

2077 3425 2422 3496 γεννηθέντος
2475 3425 2613 3496 πρὸς
2655 3423 2816 3478 αὐτὸν
2867 3421 3179 3494 ὁμοτιμίαν,
3237 3418 3490 3491 μνησθεὶς
3545 3419 3653 3490 τῆς

2075 3515 2168 3568 τοῦ
2200 3516 2582 3584 εὐαγγελιστοῦ
2615 3515 2726 3586 (17)
2767 3514 3092 3586 μαρτυρίας,
3139 3513 3221 3566 ὅτι
3261 3510 3492 3579 Πατέρα
3516 3511 3653 3564 ἐλε-

2076 3624 2180 3675 γεν
2229 3608 2444 3662 ἑαυτοῦ
2498 3608 2603 3661 τὸν
2653 3607 2835 3671 Θεὸν,
2889 3606 3028 3660 ἴσον
3069 3606 3286 3660 ἑαυτὸν
3344 3602 3527 3657 ποιῶν⁸
3565 3603 3653 3668 τῷ

2078 3696 2217 3763 Θεῷ.
2248 3698 2322 3750 Τὸ
2355 3698 2411 3752 δὲ
2450 3697 2657 3762 ἰσάζειν
2687 3698 2765 3770 τῷ
2805 3698 3152 3770 γεγεννηκότι
3178 3697 3319 3750 κατὰ
3363 3697 3458 3767 τὴν
3485 3694 3656 3766 φύσιν

2074 3793 2294 3852 νοεῖται,
2351 3792 2410 3844 οὐ
2460 3794 2602 3845 κατά
2634 3791 2896 3863 μεγέθους
2935 3790 3246 3856 σωματικοῦ
3287 3788 3650 3860 παραμέτρη-

2078 3898 2179 3935 σιν.
2235 3882 2359 3944 Πῶς
2399 3883 2456 3936 δὲ
2505 3885 2603 3953 οὐχ
2653 3883 2944 3954 ἁρπαγμὸν
2988 3884 3232 3954 ἡγήσατο
3272 3882 3334 3934 τὸ
3377 3876 3513 3933 εἶναι
3556 3879 3654 3933 ῐσα

2075 3970 2215 4041 Θεῷ,
2251 3975 2319 4037 εἰ,
2355 3972 2431 4036 ὡς
2463 3974 2526 4026 σὺ
2558 3973 2915 4045 βλασφημεῖς,
2940 3974 3193 4028 οὐδέποτε
3229 3974 3376 4038 ῐσοςς
3421 3971 3547 4034 Πῶς
3587 3971 3652 4027 δὲ

2076 4061 2168 4113 καὶ
2197 4063 2254 4113 ὲν
2301 4065 2484 4133 μορφῇ
2515 4063 2648 4116 Θεοῦ
2674 4063 2915 4134 ὑπῆρχεν
2951 4066 3000 4128 6,
3048 4065 3186 4119 κατὰ
3214 4064 3302 4117 τὸν
3335 4063 3425 4115 σὺν
3466 4061 3648 4130 λόγον,

2079 4152 2353 4223 μηδέποτε
2379 4154 2563 4224 ὅμοιος
2588 4173 2602 4221 ;

476 4249 531 4302 3.
586 4245 736 4300 Talis
773 4245 993 4316 quidem
1069 4246 1324 4317 utrinque
1377 4262 1556 4317 pugna
1617 4245 1778 4302 nobis
1834 4253 1971 4311 est;

2149 4245 2202 4298 3.
2258 4245 2396 4298 Ἀλλ’
2421 4249 2450 4299 6
2477 4248 2574 4316 μὲν
2601 4248 2832 4320 πόλεμος
2862 4247 3196 4319 ἑκατέρωθεν
3220 4249 3350 4318 ἡμῖν
3372 4245 3612 4308 τοιοῦτος
3628 4262 3646 4276 ο

407 4339 612 4393 veritas
645 4353 770 4393 vero
813 4339 969 4407 quae?
1004 4337 1191 4408 Neque
1233 4346 1290 4393 tu
1343 4338 1665 4394 reformides
1708 4353 1973 4409 personas

2082 4337 2104 4406 ἡ
2138 4335 2195 4388 δὲ
2219 4336 2447 4407 ἀλήθεια
2469 4338 2551 4402 τίς
2573 4358 2586 4404 ;
2618 4341 2771 4411 Μήτε
2802 4341 2866 4393 σὺ
2890 4339 3054 4410 φοϐοῦ
3080 4341 3177 4410 τὴν
3203 4339 3309 4392 τῶν
3341 4337 3650 4409 προσώπων

408 4428 660 4486 conﬁteri
697 4447 712 4483 :
756 4429 851 4484 sed
894 4428 983 4483 dic
1021 4427 1260 4494 Patrem,
1296 4429 1386 4484 dic
1411 4439 1465 4485 et
1496 4429 1717 4493 Filium,
1753 4445 1861 4484 non
1893 4430 1971 4485 rei

2082 4427 2388 4498 ὁμολογίαν,
2437 4429 2573 4483 ἀλλὰ
2619 4429 2745 4498 λέγε
2778 4431 3018 4501 Πατέρα,
3062 4430 3187 4497 λέγε
3227 4429 3322 4482 καὶ
3370 4427 3518 4492 Υίὸν,
3567 4427 3650 4496 μὴ

407 4520 503 4576 ιιιιί
531 4520 754 4576 nomina
797 4520 907 4575 duo
935 4521 1262 4583 attribuens,
1298 4522 1392 4575 sed
1432 4537 1497 4577 ex
1526 4530 1757 4592 utraque
1793 4523 1975 4592 appel-

2082 4522 2156 4574 ἐνὶ
2201 4523 2485 4593 πράγματι
2519 4522 2613 4576 δύο
2643 4524 2884 4596 ὀνόματα
2917 4523 3395 4594 ἐπιφθεγγόμενος,
3436 4520 3548 4575 ἀλλ’
3584 4520 3652 4586 ἐξ

405 4613 612 4668 latione
660 4611 1114 4681 signiﬁcationem
1183 4616 1461 4682 propriam
1528 4615 1768 4671 discens.
1836 4615 1972 4670 Nam

2082 4616 2345 4687 ἑκατέρας
2377 4617 2477 4687 τῆς
2525 4620 2896 4691 προσηγορίας
2931 4619 3064 4673 ίδίαν
3099 4617 3305 4671 ἔννοιαν
3332 4605 3650 4683 διδασκόμε-

406 4704 600 4775 ingens
646 4703 968 4772 improbitas
1013 4711 1099 4758 est
1149 4719 1259 4758 non
1318 4705 1595 4773 suscipere
1645 4704 1971 4760 documenta

2082 4726 2187 4771 νος.
2256 4710 2414 4782 Δεινὴ
2462 4711 2571 4784 γὰρ
2619 4712 2974 4784 ἀγνωμοσύνη
3016 4715 3090 4784 μὴ
3142 4709 3527 4780 καταδέχεσθαι
3573 4708 3652 4762 τὰ

407 4795 645 4860 Domini,
688 4796 781 4864 qui
823 4795 984 4851 nobis
1031 4796 1321 4865 perspicue
1371 4796 1532 4850 aliam
1579 4811 1870 4866 personam
1905 4799 1973 4853 ab

2082 4801 2379 4872 διδάγματα
2426 4805 2520 4858 τοῦ
2571 4807 2810 4877 Κυρίου,
2861 4805 3124 4877 εὑκρινῶς
3168 4803 3471 4864 διιστῶντος
3527 4800 3648 4870 (18)

407 4062 524 4131 qui,
559 4069 619 4116 ut
649 4069 706 4116 tu
742 4063 900 4129 dicis,
925 4079 1203 4134 nunquam
1235 4065 1427 4120 similis
1454 4066 1556 4122 fuit

471 4974 515 5044 ’ξ
551 4973 707 5028 Joan.
747 4988 862 5038 xvr,
898 4972 1025 5044 28;_
1067 4974 1109 5004 ’9
1150 4974 1255 5027 lsa.
1293 4989 1353 5032 ll,
1385 4973 1438 5027 4.
1518 4972 1563 5004 ⁸ο
1601 4971 1758 5028 Joan.
1789 4989 1912 5037 vm,
1947 4974 1968 5027 1

2109 4977 2147 5007 ⁴⁵¹
2175 4977 2307 5032 ibid.
2348 4978 2431 5032 14.
2510 4979 2555 5011 ⁸²
2591 4979 2724 5034 ibid.
2760 4980 2847 5044 17,
2896 4977 2960 5033 18
3035 4979 3152 5010 ⁸³·δδ
3201 4978 3412 5033 Coloss.
3467 4991 3510 5038 ι,
3554 4975 3644 5030 15.

406 5044 449 5076 ⁸⁸
479 5041 634 5098 Joan.
671 5061 724 5111 ν,
761 5044 846 5100 18.
922 5044 968 5074 ⁸⁸
1006 5042 1238 5113 Philipp.
1276 5060 1346 5108 ιι,
1384 5049 1436 5096 ϋ.

480 5175 589 5245 (15)
621 5175 754 5246 Reg.
789 5175 1062 5231 secundus
1083 5175 1451 5238 διδασκαλίου,
1479 5175 1703 5230 rectius.
1734 5173 1875 5230 Editi
1897 5177 1975 5231 δι-

403 5246 746 5301 δασκαλείου.

479 5315 590 5387 (14)
623 5315 741 5369 Vox
773 5316 1026 5387 διάφορον
1059 5317 1132 5370 ita
1163 5316 1266 5370 hoc
1291 5317 1410 5372 loco
1439 5314 1754 5386 accipienda
1782 5328 1884 5380 est,
1911 5326 1971 5373 ut

406 5403 505 5455 pro
537 5386 889 5440 distinctione
919 5397 1186 5440 sumatur.

472 5456 582 5523 (15)
623 5456 777 5518 Illud,
817 5459 889 5526 μή
907 5473 964 5507 τε
995 5459 1058 5509 σὺ
1090 5457 1214 5524 λέγε
1241 5458 1419 5526 μόνον,
1449 5456 1528 5510 sic
1559 5455 1831 5526 intellige:
1859 5453 1974 5509 Ne-

404 5541 501 5593 que
536 5536 591 5577 tu
626 5526 793 5580 Deum
832 5526 910 5579 ita
939 5527 1111 5579 solum
1151 5525 1324 5592 dicas,
1371 5537 1425 5580 ut
1471 5525 1822 5580 excludantur
1854 5543 1974 5596 per-

406 5611 593 5731 w'zivti)
627 5664 1114 5736 Basiliusimpetit
1159 5682 1273 5731 eos,
1314 5668 1406 5736 qui
1441 5665 1678 5720 Verbum
1713 5672 1974 5720 teternum

411 5750 519 5788 non
578 5751 700 5789 esse
760 5734 1097 5802 proﬁtentes.
1165 5734 1571 5791 arbitrabantur
1631 5737 1976 5791 intervallum

408 5803 684 5876 quoddam
715 5803 903 5873 fuisse,
933 5821 1039 5876 quo
1062 5804 1239 5862 Patris
1264 5810 1373 5861 vita
1397 5822 1426 5860 a
1451 5808 1557 5862 vita
1581 5804 1704 5863 Filii
1727 5805 1972 5863 distaret.

2154 5174 2265 5246 (l7)
2299 5170 2389 5228 Sic
2414 5182 2625 5229 veteres
2655 5181 2891 5244 quatuor
2925 5171 3071 5226 libri.
3110 5167 3252 5225 Editi
3280 5167 3373 5222 τοῦ
3400 5165 3653 5235 Εὐαγγε»

2079 5246 2213 5299 λίου.
2771 5255 2773 5258 ‘

2150 5315 2261 5386 (l8)
2293 5311 2429 5388 Illud
2479 5312 2744 5388 εὐκρινῶς
2781 5310 3111 5375 διιστῶντος,
3147 5317 3278 5388 etc.,
3308 5308 3486 5388 inepte
3515 5307 3648 5388 qui-

2077 5381 2200 5441 dem
2247 5385 2415 5438 vertit
2460 5381 2618 5436 vetus
2659 5383 2958 5450 interpres,
2997 5397 3120 5434 cum
3156 5381 3229 5432 ita
3260 5381 3499 5446 scripsit,
3533 5387 3652 5427 tam

2081 5455 2358 5526 conspicui:
2393 5468 2738 5526 personarum
2772 5451 2922 5526 uobis
2953 5451 3328 5526 .allerationem
3368 5461 3649 5526 secernen-

2082 5529 2151 5581 ιιι
2183 5515 2354 5587 εἐεᾱ,
2395 5515 2461 5576 ut
2505 5515 2960 5592 ingenuefatear
3001 5521 3223 5592 nescire
3255 5515 3398 5587 quod
3431 5517 3647 5577 nescio,

2082 5597 2259 5649 dicam
2290 5609 2398 5646 non
2427 5588 2590 5646 nosse
2611 5607 2695 5645 me
2717 5591 2880 5644 ullam
2902 5605 3084 5644 vocem
3108 5588 3378 5656 Latinam,
3397 5600 3511 5656 qua
3535 5600 3647 5640 vox

2083 5664 2270 5736 Graeca
2303 5662 2558 5736 ἑτερότης
2605 5661 2744 5736 bene
2785 5661 3014 5730 exprimi
3066 5657 3258 5727 possit.
3307 5655 3650 5736 Sed’tamen

2084 5734 2340 5808 fortasse,
2379 5733 2684 5801 periphrasi
2722 5745 2876 5808 usus,
2900 5736 3316 5808 eamutcunque
3343 5733 3653 5797 exprimes,

2086 5805 2130 5862 si
2162 5806 2235 5862 ita
2268 5804 2645 5873 interpretere,
2680 5801 2753 5857 uti
2791 5801 3130 5872 interpretati
3161 5812 3365 5874 sumus.
