3982 6240
326 405 436 461 605

936 409 1170 468 HOMIL.
1212 411 1495 468 CONTRA
1528 412 1918 471 SABELLIAN1

2067 418 2155 473 ET
2192 418 2437 487 ARIUM,
2472 420 2563 475 ET
2595 421 2979 481 ΑΝοΜιΕοδ.

3491 427 3595 482 606

331 526 465 593 ἡμῖν
524 522 634 574 τῶν
702 521 1009 593 προσώπων
1080 526 1179 596 τὴν
1241 528 1553 599 ἑτερότητα.
1604 528 1745 583 Ἐὰν
1800 532 1912 599 γὰρ

2024 532 2119 585 alia
2159 533 2472 600 distinguit.
2514 534 2575 589 Si
2613 538 2749 589 enim
2787 538 2984 602 abiero,
3028 539 3224 609 inquit,
3254 539 3446 609 rogabo
3476 540 3589 593 Pa-

332 616 597 678 ἁκέλθω,
634 619 791 687 φησι,
824 620 1221 687 παρακαλέσω
1267 621 1375 674 τὸν
1404 620 1653 690 Πατέρα,
1688 624 1914 677 καὶᾶλ-

334 712 451 760 λον
484 707 703 777 πέμψει
736 709 1129 778 Παράκλητον
1160 712 1319 781 ὑμῖν.
1350 714 1557 766 Οὐκοῦν
1597 714 1724 777 Υἱὸς
1756 715 1855 785 μὲν
1885 718 1913 768 6

337 800 697 870 παρακαλῶν,
733 802 923 873 Πατὴρ
957 802 1061 856 δὲὸ
1089 805 1593 875 παρακαλούμενος,
1630 807 1913 877 Παράκλη-

336 908 430 954 τος
459 891 516 943 δὲ
543 895 570 945 6
597 893 1079 964 ἀποστελλόμενος.
1111 892 1238 965 *Αρ’
1272 892 1363 948 οὖν
1394 897 1454 948 ού
1486 898 1732 967 φανερῶς
1760 899 1913 951 ἀναι-

341 986 585 1051 σχυντεῖς
626 983 859 1051 ἀκούων,
898 985 1044 1055 Ἐγὼ
1077 989 1206 1058 περὶ
1244 988 1338 1041 τοῦ
1355 988 1512 1052 Υἱοῦ,
1560 990 1821 1056 Ἐκεῖνος
1854 991 1911 1043 δὲ

339 1075 469 1145 περὶ
514 1075 607 1128 τοῦ
640 1077 873 1148 Πατρὺς,
911 1079 1126 1144 Ἄλλος
1158 1080 1287 1151 περὶ
1334 1079 1427 1132 τοῦ
1472 1082 1785 1152 Πνεύματος
1815 1080 1909 1134 τοῦ

339 1164 523 1231 ἁγίου.
558 1167 649 1217 καὶ
697 1167 877 1219 πάντα
912 1169 1120 1239 φύρων,
1151 1170 1245 1222 καὶ
1286 1169 1465 1223 πάντα
1509 1173 1772 1241 συγχέων,
1816 1172 1911 1224 καὶ

338 1259 423 1311 ἑνὶ
472 1258 756 1329 πράγματι
786 1260 887 1323 τὰς
938 1262 1117 1325 πάσας
1159 1264 1529 1334 προσηγορίας
1577 1264 1907 1333 περιτιθείς;

337 1352 433 1422 Μὴ
464 1352 647 1422 μέντοι
685 1352 819 1423 μηδὲ
850 1354 914 1406 σὺ
944 1354 1213 1424 ἅρπαγμα
1250 1355 1387 1425 πρὸς
1416 1354 1514 1426 τὴν
1549 1357 1799 1409 ἀσέϐειαν
1826 1357 1912 1411 λά-

336 1442 444 1512 ϐῃς
494 1442 591 1513 τὴν
637 1443 745 1495 τῶν
790 1445 1095 1515 προσώπων
1126 1446 1408 1518 διαίρεσιν.
1457 1449 1520 1501 Ei
1553 1448 1661 1519 γὰρ
1694 1451 1786 1503 καὶ
1818 1450 1911 1503 δύο

336 1532 419 1601 τῷ
446 1534 683 1605 ἀριθμῷ,
714 1535 850 1587 ἀλλὰ
874 1539 940 1608 τῇ
972 1538 1130 1604 φύσει
1162 1540 1223 1590 ού
1262 1537 1567 1602 διέζευκται
1587 1558 1599 1570 ·
1640 1541 1759 1593 οὐδὲ
1787 1543 1815 1593 6
1843 1541 1912 1593 τὰ

334 1621 434 1673 δύο
461 1621 633 1689 λέγων
666 1623 773 1693 (l9)
804 1624 1152 1696 ἀλλοτρίωσιν
1185 1627 1483 1695 ἐπεισάγει.
1529 1623 1622 1691 Εἷς
1654 1629 1804 1692 Θεὸς,
1830 1630 1910 1682 ὅτι

337 1710 435 1763 καὶ
464 1711 660 1781 Πατήρ
684 1728 697 1741 ·
724 1706 802 1775 εἷς
836 1713 970 1776 Θεὸς
1001 1714 1057 1766 δὲ
1086 1715 1181 1766 καὶ
1208 1718 1236 1768 6
1266 1715 1412 1780 Υἱὸς,
1443 1718 1537 1770 καὶ
1569 1718 1629 1769 ού
1658 1718 1751 1771 δύο
1776 1718 1908 1781 θεοὶ,

338 1802 527 1872 ἐπειδὴ
558 1804 861 1873 ταυτότητα
897 1803 1007 1873 ἔχει
1040 1807 1068 1857 6
1102 1805 1225 1868 Υἱὸς
1252 1807 1388 1877 πρὸς
1418 1807 1510 1860 τὸν
1552 1810 1788 1879 Πατέρα.
1835 1810 1908 1861 Ού

2022 637 2170 689 trem,
2203 635 2252 679 et
2304 628 2469 679 alium
2508 626 2847 682 Paracletum
2905 632 3073 683 mittet
3122 630 3263 684 vobis
3294 633 3358 682 ⁸⁷.
3406 631 3596 701 Itaque

2021 717 2190 771 Filius
2228 724 2313 771 est
2356 718 2447 787 qui
2490 726 2665 790 rogat,
2696 719 2858 774 Pater
2897 729 2981 775 est
3005 721 3098 790 qui
3128 731 3373 791 rogatur,
3418 722 3587 775 Para-

2019 811 2193 865 cletus
2237 825 2368 865 vero
2419 812 2511 880 qui
2567 813 2821 866 mittitur.
2866 812 3055 867 Nonne
3095 829 3225 883 ergo
3261 821 3447 882 aperte
3489 814 3593 865 im-

2019 898 2229 967 pudens
2258 904 2338 962 es,
2372 902 2463 970 qui
2495 918 2618 956 cum
2659 903 2873 965 audias,
2911 902 3041 973 Ego,
3085 903 3151 957 de
3174 903 3332 965 Filio,
3366 902 3489 966 Ille,
3523 904 3593 958 do

2023 988 2206 1053 Patre,
2251 991 2425 1057 Alius,
2480 993 2547 1047 de
2603 994 2809 1063 Spiritu
2866 1003 3079 1059 sancto,
3130 996 3331 1049 misces
3408 1002 3597 1048 tamen

2019 1081 2225 1147 omnia,
2288 1082 2583 1153 omniaque
2640 1083 2957 1149 confundis,
3012 1093 3066 1140 et
3116 1086 3194 1139 rei
3244 1087 3336 1140 uni
3388 1086 3596 1140 tribuis

2018 1175 2413 1243 appellationes
2445 1178 2670 1232 omnes?
2698 1177 2952 1232 Vicissim
2996 1193 3175 1247 neque
3217 1186 3275 1232 tu
3310 1179 3376 1231 ad
3420 1176 3593 1232 stabi-

2017 1263 2256 1316 liendum
2293 1265 2623 1335 impietatem
2673 1269 2876 1322 sumito
2918 1269 3278 1322 secretionem
3321 1283 3591 1337 persona-

2019 1371 2160 1409 rum.
2196 1357 2311 1412 Etsi
2358 1358 2502 1411 enim
2547 1358 2656 1412 duo
2700 1368 2827 1413 sunt
2870 1375 3122 1424 numero,
3163 1367 3344 1413 tamen
3389 1370 3589 1413 natura

2018 1462 2126 1500 non
2175 1457 2303 1501 sunt
2353 1448 2612 1517 disjuncti
2651 1468 2662 1502 :
2698 1466 2873 1519 neque
2909 1452 3002 1519 qui
3049 1450 3157 1504 duo
3201 1450 3336 1504 dicit
3386 1450 3595 1504 aliena-

2017 1539 2222 1593 tionem
2259 1540 2490 1593 inducit.
2548 1540 2703 1597 Unus
2746 1541 2887 1596 Deus
2920 1550 2975 1596 et
3017 1541 3203 1606 Pater,
3254 1558 3396 1597 unus
3444 1541 3599 1597 Deus.

2017 1640 2070 1685 et
2102 1630 2293 1695 Filius,
2332 1648 2440 1685 non
2465 1634 2540 1688 dii
2570 1633 2701 1697 duo,
2735 1650 2858 1688 cum
2895 1633 3066 1690 Filius
3099 1634 3439 1689 identitatem
3486 1634 3589 1688 ha-

2019 1723 2140 1777 beat
2179 1739 2302 1777 cum
2348 1723 2527 1778 Patre.
2566 1723 2684 1779 Non
2722 1726 2869 1779 enim
2898 1726 3060 1780 aliam
3092 1727 3147 1779 in
3184 1724 3343 1779 Patre
3370 1726 3590 1780 intueor

2018 1814 2375 1879 divinitatem,
2403 1817 2564 1869 aliam
2609 1817 2664 1871 in
2713 1817 2852 1871 Filio
2880 1836 2893 1884 ;
2942 1834 3118 1889 neque
3144 1819 3305 1871 aliam
3338 1825 3589 1871 naturam

338 1894 449 1964 γὰρ
477 1894 644 1963 ἄλλην
685 1897 742 1947 ὲν
788 1896 963 1966 Πατρὶ
991 1896 1205 1967 καθορῶ
1248 1897 1497 1968 θεότητα,
1539 1901 1632 1953 καὶ
1663 1900 1827 1970 ἀλλην
1857 1902 1915 1953 ὲν

2024 1905 2189 1971 illam,
2221 1915 2275 1959 et
2305 1907 2468 1959 aliam
2506 1907 2668 1961 hanc.
2710 1906 3073 1973 Quamobrem
3109 1908 3399 1978 perspicua
3430 1915 3488 1961 ut
3518 1909 3595 1962 sit

341 1987 457 2056 Υἱῷ
478 2003 493 2016 ·
530 1987 638 2039 οὐδ’
668 1986 861 2058 ἑτέραν
888 1988 1047 2056 φύσιν
1074 1990 1307 2060 ἐκείνην,
1338 1991 1430 2043 καὶ
1468 1991 1658 2062 ἑτέραν
1691 1993 1910 2063 ταύτην.

340 2080 459 2132 ἰνα
495 2080 593 2149 μὲν
628 2078 720 2132 οὖν
747 2080 997 2151 τρανωθῇ
1028 2098 1108 2134 σοι
1137 2082 1246 2134 τῶν
1275 2081 1580 2153 προσώπων
1626 2085 1657 2154 ἡ
1694 2084 1912 2154 ἰδιότης,

337 2171 565 2241 ἀρίθμει
613 2171 717 2242 ἰδία
747 2171 986 2242 Πατέρα,
1016 2174 1108 2225 καὶ
1152 2173 1256 2244 ἰδίᾳ
1287 2175 1446 2227 Υίόν·
1481 2174 1567 2227 ἴνα
1608 2174 1666 2227 δὲ
1715 2175 1788 2246 μὴ
1835 2178 1914 2239 είς

338 2263 628 2315 πολυθεῖαν
662 2262 1014 2333 ἀποσμσθῇς,
1050 2266 1176 2333 μίαν
1198 2266 1449 2337 ὁμολόγει
1477 2270 1563 2321 ἐπ’
1591 2270 1791 2339 ἀμφοῖν
1816 2268 1915 2339 τὴν

337 2353 546 2406 ούσίαν.
576 2352 734 2407 Οὕτω
761 2355 854 2407 καὶ
887 2355 1173 2419 Σαϐέλλιος
1202 2357 1412 2420 πίπτει,
1445 2360 1540 2411 καὶ
1571 2360 1599 2411 ὁ
1640 2360 1912 2429 Ἀνόμοιος

339 2446 597 2517 συντριϐή
606 2464 775 2500 σεται.

408 2538 460 2590 4.
503 2538 675 2590 Ὀταν
708 2537 766 2589 δὲ
789 2538 927 2591 εἴπω
959 2540 1082 2609 μίαν
1109 2539 1316 2603 οὐσίαν,
1354 2542 1427 2611 μὴ
1455 2540 1547 2592 δύο
1576 2541 1633 2606 ἐξ
1668 2540 1785 2603 ἐνὸς
1819 2556 1914 2609 με-

338 2628 595 2698 ρισθέντα
639 2629 769 2697 νόει,
809 2631 921 2684 ἀλλ’
964 2633 1027 2685 ὲκ
1067 2634 1165 2702 τῆς
1209 2634 1384 2703 ἀρχῆς
1429 2634 1521 2685 τοῦ
1576 2633 1786 2704 Πατρὸς
1821 2632 1914 2685 τὸν

337 2719 467 2773 Υίδν
499 2720 830 2784 ὑποστάντα,
878 2722 939 2775 οὐ
984 2723 1203 2793 Πατέρα
1242 2725 1334 2776 καὶ
1370 2724 1497 2775 Υίὸν
1545 2725 1609 2777 ὲκ
1657 2727 1783 2794 μιᾶς
1822 2727 1913 2777 ού-

337 2809 459 2872 σίας
504 2811 923 2882 ὑπερκειμένης.
962 2813 1036 2864 Ού
1076 2813 1186 2884 γὰρ
1220 2813 1425 2881 ἀδελφὰ
1470 2814 1729 2882 λέγομεν,
1779 2814 1913 2868 ἀλλὰ

334 2902 562 2973 Πατέρα
608 2904 703 2957 καὶ
745 2904 871 2956 Υἱὸν
917 2904 1304 2975 ὁμολογοῦμεν.
1362 2906 1434 2958 Τὸ
1490 2907 1546 2959 δὲ
1586 2907 1686 2976 τῆς
1730 2906 1915 2970 ούσίας

333 2995 560 3060 ταυτὸν,
596 2997 784 3067 ἐπειδὴ
827 2998 892 3051 ὲκ
922 2998 1015 3051 τοῦ
1047 2998 1259 3069 Πατρδς
1290 3000 1318 3051 6
1358 2999 1502 3062 Υἱὸς,
1538 2998 1599 3052 ού
1638 3000 1915 3069 προστάγ-

336 3106 471 3158 ματι
526 3091 792 3159 ποιηθεὶς,
823 3090 937 3143 ἀλλ’
994 3092 1057 3144 ἐκ
1093 3091 1189 3162 τῆς
1236 3091 1447 3160 φύσεως
1472 3092 1783 3162 γεννηθείς·
1816 3093 1916 3146 οὐκ

334 3180 730 3251 ἀπομερισθεὶς
784 3181 876 3233 τοῦ
930 3181 1161 3251 Πατρὸς,
1220 3181 1354 3235 ἀλλά
1404 3182 1655 3253 μένοντος
1707 3183 1913 3237 τελείου

333 3273 545 3335 τέλειος
597 3272 945 3343 ἀπολάμψας.
994 3273 1105 3325 Καὶ
1162 3275 1234 3343 μή
1301 3290 1390 3343 μοι
1452 3257 1981 3346 περιδραμόντες,(ἶ

332 3366 452 3417 ὅσοι
490 3365 523 3435 ἢ
574 3365 650 3435 μὴ
705 3364 925 3427 τελείως
967 3366 1083 3427 τοῖς
1133 3364 1444 3435 λεγομένοις
1482 3366 1913 3436 ἠκολουθήσατε,

336 3457 371 3526 ἢ
398 3457 538 3526 πρὸς
581 3457 846 3527 ἐπήρειαν
882 3456 1029 3525 ἡμᾶς
1075 3458 1492 3527 περιεστήκατε,
1535 3458 1595 3510 ού
1644 3457 1829 3510 λαϐεῖν
1863 3476 1915 3511 τι

335 3549 469 3618 παρ’
508 3546 669 3617 ἡμῶν
715 3547 987 3617 ὠφέλιμον
1026 3545 1433 3617 ἐπιζητοῦντες,
1474 3549 1607 3602 ἀλλὰ
1659 3549 1917 3602 λαϐέσθαι

336 3641 483 3703 τινὸς
540 3639 649 3691 τῶν
690 3639 1001 3709 λεγομένων
1058 3639 1477 3711 ἐπιτηροῦντες,
1534 3641 1759 3712 εἴπητεο
1816 3641 1920 3694 Δύο

338 3730 497 3793 θεοὺς
553 3730 851 3801 κηρύσσει,
914 3729 1198 3782 πολυθεῖαν
1247 3731 1625 3799 καταγγέλλει.
1687 3733 1761 3786 Ού
1825 3732 1919 3785 δύο

336 3822 482 3876 θεοί·
514 3822 637 3875 οὐδὲ
670 3822 777 3893 γὰρ
808 3822 901 3874 δύο
931 3823 1183 3895 πατέρες.
1234 3824 1290 3877 '0
1331 3824 1430 3894 μὲν
1466 3825 1640 3895 ἀρχὰς
1684 3824 1919 3894 εἰσάγων

337 3914 435 3967 δύο
485 3913 579 3967 δύο
638 3913 898 3984 κηρύττει
950 3913 1123 3978 θεούς.
1186 3915 1439 3980 Τοιοῦτος
1478 3916 1533 3969 δέ
1592 3920 1709 3971 ἐστι
1759 3920 1918 3991 Μαρ-

338 4005 495 4071 κίων,
528 4005 620 4057 καὶ
649 4004 700 4056 εί
728 4022 813 4067 τις
840 4005 1033 4075 ἐκείνῳ
1080 4006 1179 4076 τὴν
1225 4007 1479 4061 ἀσέϐειαν
1519 4011 1916 4081 παραπλήσιος.

340 4098 456 4149 Καὶ
506 4096 669 4149 πάλιν
718 4097 748 4147 ὁ
801 4098 1103 4166 έτερούσιον
1160 4098 1332 4166 λέγων
1380 4101 1470 4153 τὸν
1524 4103 1921 4172 γεγεννημένον

342 4187 485 4256 πρὸς
527 4186 618 4238 τὸν
663 4188 1031 4257 γεννήσαντα,
1088 4185 1181 4239 δύο
1228 4190 1320 4242 καὶ
1353 4182 1505 4253 οὗτος
1552 4191 1701 4259 λέγει
1744 4192 1920 4255 θεοὺς,

338 4277 431 4329 διὰ
470 4276 570 4345 τὴν
611 4278 711 4346 τῆς
749 4278 935 4339 οὐσίας
982 4278 1339 4349 ἀνομοιότητα
1382 4280 1442 4332 τὸ
1480 4281 1736 4333 πολύθεον
1780 4298 1919 4352 παρ-

339 4368 605 4435 εισάγων.
653 4369 716 4421 Εἰ
745 4370 855 4437 γὰρ
912 4369 1008 4438 μία
1040 4371 1134 4439 μὲν
1165 4371 1354 4439 θεότης
1382 4372 1694 4441 ἀγέννητος,
1735 4372 1831 4444 μία
1866 4373 1923 4426 δὲ

341 4459 603 4529 γεννητὴ,
644 4461 706 4513 σὺ
745 4457 844 4513 εἷό
872 4461 969 4530 τὴν
1006 4461 1293 4514 πολυθεῖαν
1334 4464 1647 4533 κηρύσσων,
1683 4464 1924 4517 ἐναντίον

2015 1996 2113 2049 tibi
2171 2013 2533 2065 personarum
2591 2000 2935 2069 proprietas,
3008 2014 3237 2054 numera
3295 2000 3588 2067 separatim

2014 2086 2254 2151 Patrem,
2287 2097 2341 2143 et
2386 2091 2681 2159 separatim
2714 2090 2911 2145 Filium
2949 2109 2961 2145 :
2992 2092 3087 2148 sed
3119 2108 3187 2145 ne
3229 2091 3500 2145 scindaris
3534 2092 3590 2145 in

2014 2179 2421 2235 multitudinem
2474 2180 2733 2247 deorum,
2796 2200 2959 2236 unam
3015 2183 3071 2236 in
3118 2193 3349 2251 utroque
3400 2197 3592 2237 esseu-

2018 2269 2151 2321 tiam
2177 2271 2494 2326 conﬁteare.
2536 2271 2615 2325 Ita
2642 2282 2695 2327 et
2719 2272 2993 2328 Sabellius
3023 2274 3188 2338 cadit,
3214 2282 3269 2327 et
3292 2274 3592 2330 Anommus

2013 2369 2349 2417 conteretur.

2083 2534 2138 2588 4.
2183 2533 2290 2589 Sed
2321 2550 2443 2589 cum
2486 2536 2783 2591 essentiam
2824 2552 2989 2591 unam
3032 2537 3178 2601 dico,
3219 2551 3351 2591 cave
3389 2534 3591 2590 intelli-

2013 2640 2110 2695 gas
2133 2626 2242 2681 duo
2279 2642 2343 2680 ex
2368 2642 2477 2680 uno
2506 2627 2703 2692 divisa,
2734 2628 2827 2683 sed
2854 2644 2921 2682 ex
2954 2629 3223 2698 principio
3264 2625 3599 2696 Patre192

2016 2718 2213 2772 Filium
2239 2720 2652 2783 subsistentem,
2687 2736 2797 2773 non
2829 2718 3047 2773 Patrem
3082 2728 3133 2774 et
3155 2718 3353 2773 Filium
3391 2734 3458 2772 ex
3482 2732 3590 2771 una

2016 2810 2306 2879 superiore
2343 2812 2584 2866 essentia
2634 2823 2994 2882 emergentes.
3036 2810 3156 2864 Non
3203 2812 3347 2864 enim
3395 2809 3594 2862 fratres

2014 2901 2273 2966 dicimus,
2302 2905 2395 2957 scd
2430 2903 2646 2957 Patrem
2676 2913 2730 2958 et
2778 2903 2975 2957 Filium
3001 2902 3346 2957 conﬁtemur.
3398 2900 3469 2955 At
3499 2915 3591 2953 es-

2016 2994 2204 3048 sentia
2261 2993 2519 3049 identitas
2571 3003 2686 3059 est,
2740 2995 2869 3064 quia
2907 3010 2973 3049 ex
3018 2994 3179 3048 Patre
3225 2992 3428 3057 Filius,
3481 3007 3593 3046 non

2016 3093 2287 3156 praecepto
2312 3085 2513 3149 factus,
2539 3088 2631 3143 sed
2658 3103 2725 3142 ex
2756 3096 2951 3141 natura
2997 3089 3234 3157 genitus,
3266 3101 3377 3140 non
3417 3086 3595 3140 disse-

2018 3184 2138 3232 ctus
2183 3192 2214 3231 a
2255 3176 2435 3244 Patre,
2484 3180 2578 3233 sed
2633 3195 2699 3234 eo
2745 3187 3002 3234 manente
3041 3180 3284 3249 perfecto
3316 3178 3596 3249 perfectus

2016 3269 2357 3326 illucescens.
2391 3269 2456 3325 Et
2485 3272 2640 3339 mihi,
2673 3280 2948 3342 quotquot
2980 3284 3075 3326 aut
3107 3287 3214 3327 non
3245 3272 3487 3343 perfecte
3511 3271 3597 3327 di-

2017 3368 2104 3415 cta
2139 3364 2378 3417 assecuti
2405 3364 2564 3427 estis,
2594 3374 2689 3418 aut
2734 3364 3106 3419 calumniandi
3136 3380 3303 3419 causa
3336 3380 3439 3421 nos
3487 3365 3596 3419 cir-

2018 3455 2327 3521 cumstatis,
2360 3469 2470 3508 non
2507 3466 2818 3524 quaerentes
2846 3463 2905 3508 ut
2938 3470 3003 3508 ex
3045 3454 3206 3509 nobis
3239 3454 3447 3525 aliquid
3503 3468 3599 3508 ca-

2018 3544 2181 3613 piatis
2220 3546 2597 3610 emolumenti,
2628 3547 2724 3601 sed
2777 3548 3137 3601 observantes
3168 3553 3229 3600 ut
3263 3547 3473 3617 aliquid
3502 3562 3599 3601 eo-

2020 3650 2139 3689 rum
2198 3652 2318 3706 qua:
2374 3637 2608 3691 dicimus
2637 3639 2912 3707 carpatis,
2969 3655 3036 3693 ne
3088 3641 3591 3694 circumcursantes

2019 3729 2268 3783 dixeritis
2304 3749 2315 3783 :
2345 3728 2615 3783 Prtedicat
2644 3731 2776 3785 deos
2820 3731 2983 3793 duos,
3026 3729 3253 3785 deorum
3284 3728 3593 3784 multitudi-

2021 3836 2146 3873 nem
2178 3820 2486 3874 annuntiat.
2514 3820 2633 3874 Non
2667 3829 2797 3875 sunt
2829 3821 2904 3875 dii
2935 3820 3066 3883 duo,
3090 3836 3265 3890 neque
3293 3820 3438 3875 enim
3468 3827 3601 3873 sunt

2020 3912 2131 3965 duo
2181 3920 2385 3981 patres.
2437 3912 2711 3983 Principia
2750 3913 2860 3967 duo
2904 3913 2997 3981 qui
3036 3912 3266 3978 inducit,
3294 3913 3425 3967 deos
3458 3913 3600 3968 duos

2022 4004 2301 4072 prtedicat.
2346 4003 2495 4059 Talis
2551 4012 2732 4059 autem
2766 4012 2848 4059 est
2891 4004 3155 4067 Marcion,
3190 4013 3245 4060 et
3281 4007 3325 4060 si
3360 4006 3483 4075 quis
3521 4006 3599 4058 illi

2022 4097 2219 4151 similis
2251 4098 2324 4151 sit
2358 4099 2656 4168 impietate.
2690 4098 2767 4152 Ac
2800 4114 3013 4161 rursus,
3046 4100 3139 4169 qui
3184 4097 3438 4153 Gcnitum
3466 4098 3601 4153 alte-

2023 4181 2139 4237 rius
2188 4183 2441 4237 essentiae
2488 4199 2516 4235 a
2554 4184 2811 4239 Genitore
2857 4200 2977 4238 esse
3004 4186 3155 4247 dicit,
3191 4186 3236 4238 is
3262 4200 3481 4255 quoque
3513 4184 3601 4238 di-

2025 4275 2098 4326 cit
2130 4275 2262 4330 deos
2301 4276 2461 4341 duos,
2494 4277 2565 4331 ob
2613 4278 2865 4331 essentiae
2904 4276 3409 4331 dissimilitudinem
3454 4277 3600 4331 mul-

2023 4352 2311 4420 titudinem
2348 4366 2577 4421 deorum
2610 4366 2900 4422 inducens.
2946 4368 3158 4421 Etenim
3187 4369 3232 4422 si
3267 4383 3376 4422 una
3400 4378 3485 4423 est
3516 4369 3604 4421 di-

2024 4457 2226 4512 vinitas
2259 4458 2523 4527 ingenita,
2560 4474 2669 4511 una
2701 4474 2831 4513 vero
2879 4460 3080 4528 genita,
3114 4466 3173 4512 tu
3211 4475 3270 4513 es
3314 4459 3408 4528 qui
3466 4458 3602 4513 deo-

346 4549 450 4619 μὲν
477 4550 653 4616 λέγων
689 4546 828 4604 εἶναι
862 4551 921 4603 τὸ
952 4552 1243 4624 ἀγέννητον
1276 4554 1351 4624 τῷ
1379 4556 1641 4626 γεννητῷ,
1680 4557 1918 4618 ἐναντίας

2030 4564 2149 4601 rum
2192 4548 2458 4618 praedicas
2508 4549 2932 4612 multitudinem,
2987 4564 3111 4603 cum
3142 4548 3447 4617 lngenitum
3500 4546 3605 4601 Ge—

341 4641 404 4692 δὲ
435 4640 679 4709 δηλονότι
720 4642 814 4696 καὶ
846 4643 945 4706 τὰς
992 4644 1177 4708 οὐσίας
1220 4644 1532 4715 τιθέμενος·
1574 4648 1733 4719 εἴπερ
1770 4649 1926 4702 ούσία

349 4734 451 4803 μὲν
480 4732 574 4785 τοῦ
621 4735 833 4805 Πατρὺς
866 4738 898 4806 ἡ
931 4737 1252 4809 ἁγεννησία·
1288 4739 1446 4792 ούσία
1488 4740 1545 4791 δὲ
1584 4738 1677 4791 τοῦ
1725 4738 1855 4791 Υἱοῦ
1894 4740 1927 4809 ή

347 4827 621 4895 γέννησις.
666 4827 826 4879 Ὥστε
862 4829 921 4881 οὐ
960 4828 1054 4881 δύο
1089 4830 1247 4900 μόνον
1286 4830 1396 4899 (20)
1434 4830 1608 4893 θεοὺς,
1657 4829 1794 4882 ἀλλὰ
1834 4832 1930 4883 καὶ

353 4919 696 4987 μαχομένους
729 4919 979 4990 ἀλλήλοις
1022 4920 1233 4989 λέγεις·
1274 4923 1365 4975 καὶ
1400 4922 1460 4974 τὸ
1503 4922 1824 4985 δεινότατον,
1866 4925 1927 4975 ού

353 5008 672 5078 προαιρέσει
727 5009 902 5074 διδοὺς
949 5014 1047 5081 τὴν
1104 5013 1316 5082 μάχην,
1374 5013 1505 5065 ἀλλὰ
1559 5016 1759 5084 φυσικῇ
1816 5013 1928 5065 δια-υ

352 5098 571 5163 στάσει,
625 5099 894 5170 μηδέποτε
948 5100 1125 5154 ἐλθεῖν
1178 5105 1259 5165 εἰς
1321 5102 1603 5173 εἰρηνικὴν
1656 5104 1926 5173 σύμϐασιν

351 5190 644 5261 δυναμένῃ.
697 5192 835 5244 Ἀλλ’
870 5195 899 5245 6
938 5191 1037 5262 τῆς
1076 5191 1333 5262 ἀληθείας
1385 5194 1542 5262 λόγος
1589 5195 1929 5265 ἑκατέρωθεν

352 5281 425 5332 τὰ
464 5282 837 5352 ἐναντιώματα
874 5283 1258 5352 διαπέφευγεν.
1313 5286 1487 5338 Ὅπου
1532 5286 1643 5356 γὰρ
1692 5287 1788 5357 μία
1831 5287 1930 5356 μὲν

356 5374 388 5436 ἠ
422 5371 583 5441 ἀρχὴ,
624 5371 680 5426 ἓν
712 5374 769 5428 δὲ
805 5374 867 5425 τὸ
899 5373 961 5437 ἐξ
998 5374 1187 5444 αὐτῆς,
1232 5376 1325 5428 καὶ
1359 5376 1414 5427 ἓν
1472 5377 1569 5445 μὲν
1615 5377 1675 5429 τὸ
1707 5377 1931 5450 ἀρχέτυο

430 5524 471 5555 ⁸⁷
512 5524 663 5581 Joan.
698 5543 810 5593 ιη,
850 5529 943 5584 16.
990 5522 993 5523 ⁷

428 5684 537 5758 (19)
574 5686 711 5741 Editi
760 5688 937 5755 λέγων
988 5687 1274 5758 πρόσωπα.
1319 5685 1435 5741 Vox
1489 5688 1673 5741 ultima
1709 5690 1759 5741 in
1794 5703 1925 5744 mss.

360 5768 466 5809 Ion
500 5755 785 5823 invenitur,
818 5759 889 5814 ob
928 5755 1094 5829 idque
1127 5773 1243 5813 eam
1282 5758 1459 5813 delere
1504 5775 1612 5814 non
1657 5758 1927 5814 dubitavi-

361 5838 498 5885 ’Νι

2031 4642 2148 4694 nilo
2191 4642 2532 4695 contrarium
2572 4641 2747 4705 dicas,
2774 4648 3096 4710 statuasque
3136 4642 3404 4696 cssentias
3438 4641 3600 4693 ctiam

2030 4733 2191 4801 plane
2236 4734 2544 4785 contrarias
2582 4750 2594 4784 :
2632 4732 2904 4801 siquidem
2953 4735 3189 4786 essentia
3232 4728 3412 4783 Patris
3457 4736 3603 4783 esset

2033 4826 2396 4893 ingeneratio,
2442 4824 2684 4879 essentia
2716 4839 2847 4877 vero
2896 4822 3041 4887 Filii,
3084 4821 3381 4892 generatio.
3426 4820 3607 4885 Quare

2035 4932 2143 4969 non
2181 4917 2320 4970 duos
2361 4918 2525 4970 modo
2558 4917 2712 4977 deos,
2745 4917 2839 4971 sed
2871 4931 2967 4971 eos
3013 4917 3173 4969 etiam
3208 4914 3348 4968 inter
3390 4929 3449 4967 se
3502 4929 3605 4983 pu-

2035 5016 2267 5077 gnantes
2307 5008 2447 5063 dicis
2480 5027 2490 5061 :
2530 5016 2583 5063 et
2622 5008 2766 5077 quod
2794 5008 3175 5077 gravissimum
3200 5014 3302 5071 est,
3352 5022 3461 5059 non
3501 5006 3603 5059 tri-

2035 5101 2156 5155 liuis
2190 5116 2424 5171 pugnam
2483 5104 2762 5171 proposito
2801 5101 2988 5162 animi,
3028 5100 3120 5154 sed
3156 5098 3390 5153 naturali
3440 5097 3609 5153 dissi-

2034 5193 2146 5254 dio,
2203 5192 2347 5261 quod
2385 5208 2491 5246 non
2534 5195 2707 5262 possit
2744 5208 2981 5262 unquam
3040 5191 3105 5243 ad
3145 5192 3427 5261 paciﬁcam
3472 5206 3606 5243 con-

2037 5284 2282 5336 cordiam
2316 5284 2610 5337 venire.At
2640 5283 2888 5336 veritatis
2917 5283 3165 5336 doctrina
3193 5298 3253 5335 ea
3285 5298 3407 5351 qua:
3425 5281 3604 5335 utrin-

2037 5394 2144 5447 que
2176 5376 2317 5431 inter
2352 5393 2411 5432 se
2448 5384 2717 5447 pugnant,
2756 5375 3072 5430 declinavit.
3106 5374 3205 5429 Ubi
3235 5376 3381 5429 enim
3439 5391 3607 5430 unum

2110 5686 2222 5752 (20)
2256 5685 2396 5740 Editi
2434 5685 2648 5755 μόνους.
2703 5686 2921 5757 Antiqui
2960 5696 3070 5741 tres
3114 5686 3234 5741 libri
3280 5685 3456 5756 μόνον.
3494 5681 3607 5757 Ali-

2036 5767 2243 5826 quanto
2280 5766 2402 5828 post
2434 5752 2591 5809 ‘editi
2654 5766 2706 5811 et
2741 5752 2874 5828 Reg.
2938 5760 3133 5814 tertius
3169 5752 3494 5828 δυναμένην.
3542 5752 3611 5807 Μ

2036 5845 2167 5885 mss.
2201 5836 2310 5881 tres
2349 5826 2641 5900 δυναμένῃ.
