3982 6240
334 353 438 409 607

1675 350 1734 407 S.
1777 351 2023 409 BASILII
2061 353 2274 409 MAGNI

3477 350 3586 407 608

336 475 422 522 est
490 466 859 537 principium,
918 473 972 523 et
1002 482 1171 522 unum
1205 483 1349 538 quoa
1404 483 1468 524 ex
1507 467 1625 538 ipso
1676 477 1780 530 est.
1826 471 1918 524 ubi

2035 488 2147 528 πον,
2190 470 2286 541 μία
2327 468 2383 521 δὲ
2422 470 2455 540 ὴ
2488 466 2668 531 εἰκὼν,
2698 469 2727 523 ὁ
2762 467 2861 539 τῆς
2891 467 3139 538 ὲνότητος
3182 463 3337 534 λόγος
3374 465 3436 518 ού
3470 464 3587 519 δια-

337 574 531 614 rursus
557 574 729 612 unum
759 566 845 612 est
866 559 1166 627 exemplar,
1199 569 1255 613 et
1291 558 1472 628 imago
1502 574 1633 624 una,
1686 560 1912 613 unitatis

336 649 477 702 ratio
511 649 932 719 haudquaquam
968 648 1347 703 labefactatur.
1373 647 1715 719 Quapropter
1740 647 1912 703 Filius

338 755 404 792 ex
436 738 598 794 Patre
630 755 724 811 per
752 738 973 793 modum
998 740 1367 809 generationis
1412 741 1705 804 exsistens,
1735 748 1788 793 et
1808 756 1914 795 na-

340 831 593 884 turaliter
625 831 678 883 in
728 830 1021 900 semetipso
1054 829 1264 887 Patrem
1292 832 1623 901 exprimens,
1646 841 1706 885 ut
1737 831 1913 900 imago

339 922 584 993 quidem,
649 923 1059 993 integerrimam
1118 924 1697 992 absolutissimamque
1750 921 1915 976 habet

342 1012 789 1078 similitudinem;
828 1020 887 1067 ut
915 1015 1164 1084 genitura
1190 1031 1343 1079 vero,
1376 1012 1918 1069 consubstantialita—

340 1113 450 1159 tem
482 1113 681 1160 servat.
730 1104 920 1176 Neque
946 1106 1092 1161 enim
1119 1108 1212 1176 qui
1264 1107 1318 1161 in
1356 1105 1475 1160 foro
1506 1105 1795 1175 imaginem
1829 1120 1917 1160 re-

340 1198 485 1267 giam
532 1197 796 1260 intuetur.
838 1206 892 1253 et
924 1214 1103 1269 regem
1163 1198 1297 1252 dicit
1326 1213 1450 1256 eum
1484 1197 1577 1267 qui
1625 1199 1682 1251 in
1730 1198 1915 1251 tabula

342 1296 448 1350 est.
475 1288 772 1342 confitetur
809 1304 963 1358 reges
1012 1282 1174 1350 duos,
1213 1288 1528 1358 imaginem,
1560 1293 1614 1340 et
1647 1301 1769 1339 eum
1818 1302 1917 1340 cu-

340 1378 433 1447 jus
479 1381 654 1448 imago
708 1386 793 1434 est
836 1398 847 1432 :
884 1395 1059 1448 neque
1114 1379 1161 1435 si
1222 1378 1473 1432 dixerit:
1527 1376 1625 1431 Hic
1652 1384 1737 1433 est
1795 1393 1914 1441 rex,

343 1470 638 1527 ostendens
677 1471 931 1527 videlicet
963 1487 1085 1526 eum
1132 1471 1223 1542 qui
1258 1473 1311 1527 in
1343 1472 1530 1525 tabula
1575 1472 1757 1542 pictus
1809 1481 1911 1536 est,

344 1565 612 1619 continuo
646 1566 926 1634 exemplar
966 1565 1142 1633 ipsum
1185 1565 1548 1635 appellatione
1600 1564 1747 1634 regis
1799 1566 1917 1634 pri-

348 1666 459 1711 vat.
501 1657 614 1712 imo
641 1673 792 1721 vero,
827 1658 954 1712 dum
993 1659 1096 1713 hoc
1137 1658 1451 1722 conﬁtetur,
1493 1660 1545 1714 ei
1592 1657 1916 1729 dignitatem

348 1748 603 1804 ﬁrmavit.
644 1749 779 1803 Nam
815 1751 860 1804 si
899 1751 1075 1818 imago
1104 1765 1197 1804 rex
1237 1756 1342 1813 est,
1380 1750 1626 1820 proiecto
1652 1749 1782 1818 jure
1818 1763 1919 1819 po-

346 1842 490 1896 tiore
525 1856 624 1911 par
657 1848 740 1897 est
775 1856 956 1912 regem
993 1857 1117 1895 esse
1160 1856 1309 1905 eum,
1343 1841 1439 1911 qui
1468 1841 1691 1911 imagini
1738 1848 1800 1894 ut
1846 1841 1920 1896 sit

2024 562 2305 632 φθείρεται
2339 560 2472 632 (21).
2500 561 2644 613 Διότι
2681 559 2951 629 γεννητῶς
2976 558 3234 630 ὑπάρχων
3259 558 3323 610 ὲκ
3346 557 3439 610 τοῦ
3472 557 3588 610 Πα-

2022 655 2147 725 τρὸς
2179 654 2374 719 όΥἱὸς,
2421 653 2513 706 καὶ
2547 652 2790 721 φυσικῶς
2844 650 3092 705 ἐκτυπῶν
3150 652 3210 703 ὲν
3262 647 3439 718 ἑαυτῷ
3490 646 3589 701 τὸν

2023 746 2261 817 Πατέρα,
2307 744 2382 809 ὡς
2424 745 2522 815 μὲν
2557 743 2751 806 εἰκὼν,
2790 742 2850 796 τὸ
2888 740 3302 812 ἀπαράλλακτον
3338 737 3470 809 ἔχει,
3507 737 3589 800 ὡς
3680 776 3683 779 ς

2022 836 2080 889 δὲ
2113 836 2357 907 γέννημα
2385 835 2522 907 (29),
2551 835 2614 888 τὸ
2640 835 2920 905 ὀμοούσιον
2946 831 3219 896 διασώζει.
3250 830 3384 883 Οὐδὲ
3418 827 3526 898 γὰρ
3555 827 3591 881 ὁ

2024 927 2165 982 κατά
2205 928 2304 998 τὴν
2350 927 2555 999 ἀγοράν
2598 930 2663 997 τῇ
2714 926 2963 998 βασιλικῇ
3017 925 3185 978 εἰκόνι
3234 921 3586 985 ένατενίζων,

2023 1021 2117 1074 καὶ
2147 1019 2369 1090 βασιλέα
2406 1019 2578 1090 λέγων
2617 1019 2708 1072 τὸν
2747 1020 2805 1072 ὲν
2842 1018 2922 1089 τῷ
2959 1018 3169 1081 πίνακι,
3210 1014 3302 1069 δύο
3337 1012 3589 1084 βασιλέας

2022 1110 2291 1180 ὁμολογεῖ,
2319 1111 2417 1181 τήν
2440 1127 2500 1162 τε
2531 1109 2733 1171 εἰκόνα,
2763 1109 2855 1161 κα)⁵
2885 1108 2977 1162 τὸν
3015 1100 3077 1160 οὗ
3118 1108 3263 1160 ἐστιν
3301 1107 3335 1174 ἡ
3388 1100 3549 1156 εἰκών
3568 1113 3587 1131 ⁸

2022 1201 2167 1264 οὒτε,
2212 1202 2325 1265 ἐὰν,
2368 1201 2547 1265 δείξας
2588 1200 2678 1253 τὸν
2725 1202 2782 1253 ἐν
2826 1198 2903 1269 τῷ
2945 1199 3133 1263 πίνακι
3179 1192 3591 1266 γεγραμμένον»

2025 1294 2184 1366 εἴπῃ·
2216 1287 2382 1355 Οὗτός
2415 1295 2560 1345 ἐστιν
2587 1294 2615 1346 ό
2643 1291 2913 1362 βασιλεὺς,
2958 1289 3297 1360 ἀπεστέρησε
3339 1285 3399 1338 τὸ
3433 1299 3592 1352 πρω-

2023 1385 2254 1437 τότυπον
2306 1385 2405 1454 τῆς
2461 1383 2556 1437 τοῦ
2606 1383 2872 1454 βασιλέως
2927 1380 3316 1453 προσηγορίας.
3373 1375 3593 1430 Μᾶλλον

2027 1477 2128 1543 μὲν
2174 1471 2267 1531 οὗν
2315 1476 2507 1547 ἐκείνῳ
2545 1475 2645 1547 τὴν
2692 1474 2855 1547 τιμὴν
2895 1473 3189 1527 ἐϐεϐαίωσε
3222 1471 3311 1526 διὰ
3340 1469 3436 1539 τῆς
3465 1466 3595 1522 τού-

2024 1584 2119 1620 του
2176 1567 2486 1638 όμολογίας.
2529 1568 2592 1620 Ei
2640 1566 2748 1638 γάρ
2794 1569 2827 1639 ἡ
2879 1565 3041 1620 εἰκὼν
3093 1563 3363 1636 βασιλεὺς,
3411 1556 3595 1630 πολλῷ

2024 1658 2194 1730 δήπου
2238 1660 2385 1724 εἰκὸς
2426 1659 2647 1729 βασιλέα
2680 1655 2819 1712 εἶναι
2864 1658 2957 1712 τὸν
2993 1660 3061 1729 τῇ
3104 1656 3272 1709 εἰκόνι
3316 1650 3596 1724 παρασχό-

2029 1768 2188 1822 μενον
2246 1752 2344 1822 τὴν
2396 1751 2597 1806 αἰτίαν.
2654 1749 2792 1806 Ἀλλ’
2845 1747 3076 1803 ἐνταῦθα
3132 1746 3234 1817 μὲν
3275 1744 3441 1812 ξύλα,
3496 1741 3596 1796 καὶ

2026 1844 2214 1913 κηρὸς,
2246 1843 2341 1897 καὶ
2370 1840 2662 1913 ζωγράφου
2702 1841 2866 1911 τέχνη
2891 1841 2992 1912 τὴν
3024 1840 3206 1892 εἰκόνα
3245 1839 3390 1890 ποιεῖ
3421 1835 3597 1906 φθαρη-

349 1944 519 1985 causa
547 1938 652 1985 est.
685 1931 850 2000 Atqui
878 1930 966 1984 hic
996 1930 1165 1998 ligna,
1197 1937 1253 1984 et
1302 1944 1449 1993 cera,
1483 1936 1538 1983 et
1569 1929 1798 1999 pictoris
1834 1944 1925 1984 ars

2035 1933 2143 2005 τὴν,
2172 1933 2409 2005 φθαρτοῦ
2447 1934 2689 2005 μίμημα,
2718 1932 2823 1986 ’καὶ
2866 1930 3131 2002 τεχνητὴν
3163 1929 3258 1983 τοῦ
3291 1927 3405 1999 (25)
3432 1944 3596 1997 ποιη-

349 2022 759 2091 corruptibilem
803 2021 1089 2091 imaginem
1120 2020 1301 2084 efﬁcit,
1343 2019 1573 2090 efﬁgiem
1607 2021 1816 2076 scilicet
1848 2020 1926 2075 rei

349 2112 766 2180 corruptibilis,
801 2121 855 2168 et
893 2112 1015 2180 ejus
1060 2113 1153 2182 qui
1200 2112 1408 2168 ellictus
1449 2120 1533 2168 est
1570 2111 1926 2168 artificiosum

350 2202 757 2257 simulacrum:
800 2202 911 2255 illic
960 2216 1089 2256 vero
1147 2202 1240 2257 ubi
1293 2202 1538 2257 audieris
1594 2202 1926 2273 imaginem,

348 2295 693 2364 splendorem
718 2294 905 2364 gloriae
940 2293 1200 2363 intellige.
1233 2292 1497 2359 Quisnam
1529 2303 1711 2348 autem
1742 2295 1930 2365 Splen-

348 2387 471 2449 dor,
511 2396 566 2442 et
598 2401 720 2457 qua:
773 2385 986 2455 gloria?
1017 2385 1314 2455 Apostolus
1356 2387 1472 2455 ipse
1526 2386 1712 2445 statim
1758 2388 1932 2441 inter-

349 2484 594 2547 pretatus
612 2488 717 2541 est,
745 2490 873 2530 cum
913 2475 1200 2544 subiunxit
1230 2494 1244 2531 :
1277 2475 1345 2528 ιιι
1377 2475 1532 2546 193
1556 2475 1829 2530 character
1843 2476 1933 2547 lig-

348 2575 617 2635 postaaeos
637 2567 774 2619 “"3.
793 2566 939 2622 Idem
957 2567 1121 2637 igitur
1132 2574 1217 2623 est
1236 2567 1548 2638 hypostasis
1573 2568 1716 2636 quod
1735 2568 1928 2637 gloria,

350 2666 406 2712 et
433 2659 721 2713 character
743 2658 886 2728 quod
916 2658 1195 2728 splendor.
1220 2658 1401 2723 Quare
1421 2658 1657 2729 perfecta
1678 2667 1934 2715 manente

350 2757 407 2803 et
435 2748 573 2802 nihil
602 2748 889 2802 imminuta
919 2750 1112 2819 gloria,
1139 2749 1413 2818 perfectus
1460 2750 1712 2819 procedit
1743 2751 1931 2820 splen-

352 2840 475 2897 dor.
512 2840 691 2909 Atque
715 2840 796 2896 sic
822 2841 1076 2914 imaginis
1123 2843 1264 2895 ratio
1296 2849 1357 2895 ut
1389 2840 1556 2895 Deum
1589 2841 1746 2896 decet
1775 2856 1933 2897 acce-

354 2937 467 2999 pta.
489 2937 542 2983 et
572 2928 877 2984 divinitatis
902 2930 1062 2986 nobis
1088 2930 1355 2985 unitatem
1378 2932 1625 2987 exhibet.
1661 2931 1760 2985 llic
1783 2933 1930 2987 enim

354 3020 413 3075 in
448 3020 565 3082 illo,
596 3028 651 3074 et
686 3020 778 3074 ille
808 3020 862 3073 in
899 3019 1021 3074 hoc.
1072 3019 1207 3074 Nam
1239 3029 1295 3076 et
1322 3021 1413 3076 hic
1445 3023 1571 3077 talis
1616 3031 1722 3086 est,
1751 3023 1932 3092 qualis

355 3113 467 3175 ille,
495 3120 548 3168 et
582 3112 672 3167 ille
700 3113 876 3181 qualis
910 3113 1018 3168 hic.
1059 3111 1136 3166 ita
1167 3114 1434 3169 uniuntur
1476 3115 1610 3181 duo,
1643 3122 1931 3187 propterea

355 3203 501 3274 quod
529 3218 638 3256 non
662 3202 936 3270 differant,
964 3218 1064 3258 nec
1092 3202 1268 3260 Filius
1297 3205 1599 3260 secundum
1630 3206 1793 3260 aliam
1818 3222 1933 3276 spe-

2027 2024 2241 2088 θέντος·
2278 2027 2394 2078 ἐκεῖ
2428 2024 2506 2089 δὲ,
2546 2026 2674 2078 ὅταν
2722 2022 2960 2093 ἀκούσῃς
3007 2021 3210 2084 εἰκόνα,
3253 2017 3602 2087 ἀπαύγασμα

2027 2113 2134 2166 νόει
2158 2114 2257 2184 τῆς
2282 2113 2459 2185 δόξης.
2486 2115 2549 2166 Τί
2576 2113 2631 2166 δὲ
2653 2113 2715 2166 τὸ
2735 2113 3091 2182 ἀπαύγασμα,
3128 2109 3224 2163 καὶ
3246 2107 3331 2172 τίς
3364 2108 3400 2178 ἡ
3430 2105 3597 2171 δόξα;

2026 2205 2198 2269 Αὐτὸς
2225 2205 2387 2269 εὐθὺς
2423 2206 2765 2278 ήρμήνευσεν
2792 2204 2822 2255 ὁ
2856 2202 3174 2264 Ἀπόστολος
3207 2201 3427 2269 ἐπάγων
3456 2196 3599 2271 (28’

2028 2295 2135 2349 Καὶ
2176 2295 2482 2365 χαρακτὴρ
2527 2294 2638 2362 τῆς
2677 2293 3089 2358 ὑποστάσεως.
3124 2290 3333 2345 Ταυτδν
3358 2284 3450 2343 οὖν
3480 2290 3605 2345 ἐστι

2028 2389 2094 2457 τῇ
2118 2386 2242 2457 δόξῃ
2271 2386 2369 2457 μὲν
2391 2387 2423 2457 ὴ
2449 2387 2764 2449 ὑπόστασις,
2791 2384 2866 2455 τῷ
2888 2383 3277 2453 ἀπαυγάσματι
3301 2380 3357 2434 δὲ
3379 2382 3408 2432 ό
3428 2394 3605 2451 χαρα-

2030 2478 2189 2548 κτήρ.
2216 2477 2397 2538 Ὥστε,
2442 2475 2652 2539 τελείας
2687 2475 2953 2545 μενούσης
2992 2473 3088 2528 καὶ
3132 2472 3297 2544 μηδὲν
3349 2469 3602 2542 μειουμέο

2030 2586 2127 2639 νης
2166 2570 2267 2639 τῆς
2287 2568 2462 2638 δόξης,
2489 2568 2694 2622 τέλειον
2747 2568 2960 2640 πρόεισι
2994 2566 3056 2619 τὸ
3093 2565 3446 2635 ἀπαύγασμα.
3485 2564 3600 2616 Καὶ

2029 2659 2201 2723 οὕτως
2220 2662 2249 2712 ό
2278 2660 2375 2729 τῆς
2405 2659 2610 2723 εἰκόνος
2654 2659 2831 2727 λόγος,
2866 2655 3185 2728 θεοπρεπῶς
3216 2653 3596 2727 παραδεχθεὶς,

2030 2750 2126 2819 τὴν
2171 2749 2396 2819 ἑνότητα
2444 2750 2576 2820 ἡμῖν
2631 2749 2926 2821 παρίστησι
2972 2747 3072 2817 τῆς
3117 2746 3386 2816 θεότητος.
3431 2739 3603 2806 Οὗτος·

2031 2842 2137 2913 γὰρ
2174 2843 2232 2895 ἐν
2272 2841 2484 2911 ἐκείνῳ,
2539 2840 2787 2903 κάκεῖνος
2818 2842 2875 2892 ὲν
2906 2837 3097 2908 τούτῳ.
3148 2838 3269 2891 Ὅτι
3314 2836 3408 2890 καὶ
3445 2829 3602 2899 οὗτος

2030 2930 2266 2993 τοιοῦτός
2307 2932 2474 2995 ἐστιν,
2527 2924 2638 2993 οἷος
2685 2931 2921 2992 ἐκεῖνος’
2963 2928 3231 2989 κάκεῖνος,
3277 2921 3386 2989 οἷος
3423 2918 3609 2987 οὗτος-

2032 3022 2215 3085 Οὕτως
2261 3021 2474 3075 ἑνοῦται
2518 3020 2588 3075 τά
2628 3020 2741 3083 δύο,
2785 3019 2862 3090 τῷ
2917 3020 2991 3090 μὴ
3041 3018 3399 3077 διαλλάττειν.
3460 3016 3601 3087 μηδὲ

2031 3112 2152 3167 καθ’
2178 3113 2361 3183 ἕτερον
2394 3109 2531 3175 εἶδος
2569 3111 2663 3165 καὶ
2701 3109 2848 3175 ξένον
2883 3109 3203 3183 χαρακτῆρα
3242 3107 3476 3160 νοεῖσθαι
3508 3105 3608 3161 τὸν

2032 3205 2182 3257 Υἰόν.
2231 3203 2398 3256 Πάλιν
2438 3199 2529 3257 οὖν
2574 3201 2717 3270 λέγω
2742 3218 2756 3230 ·
2799 3200 2894 3265 Εἷς
2945 3201 3037 3255 καὶ
3076 3195 3178 3265 εἷς,
3219 3199 3331 3253 ἀλλ’
3376 3201 3408 3268 ἠ
3443 3196 3611 3267 φύσις

355 3293 492 3347 ciem
525 3301 578 3348 et
605 3302 922 3347 extraneum
964 3293 1339 3349 characterem
1387 3295 1744 3366 intelligatur.
1784 3296 1928 3352 Rur-

2035 3295 2356 3366 ἀμέριστος,
2423 3293 2519 3348 καὶ
2577 3295 2610 3364 ἡ
2670 3292 2943 3364 τελειότης
3006 3290 3311 3361 ἀνελλιπής.
3363 3285 3456 3352 Εἷς
3509 3283 3615 3341 οὖν,

356 3397 454 3438 ωε
504 3384 671 3454 igitur
701 3383 823 3440 dico
859 3400 872 3436 :
920 3384 1074 3440 Unus
1101 3392 1156 3440 et
1214 3402 1375 3450 unus,
1425 3389 1520 3443 sed
1555 3395 1750 3442 natura
1792 3389 1934 3442 indi-

358 3474 473 3528 visa
506 3484 609 3540 est,
640 3484 694 3530 et
749 3474 1016 3547 perfectio
1067 3476 1534 3547 imperfectionem
1575 3495 1792 3535 omnem
1834 3496 1934 3535 ex-

361 3565 612 3621 cludens.
683 3565 837 3623 Unus
905 3568 1071 3638 igitur
1117 3566 1282 3633 Deus,
1342 3570 1781 3641 quandoquidem
1846 3586 1940 3641 per

360 3664 652 3727 utrumque
675 3658 884 3726 species
910 3673 1018 3712 una
1048 3659 1452 3722 consideratur,
1479 3675 1600 3728 quae
1641 3660 1850 3731 integre
1883 3661 1939 3714 in

360 3756 594 3819 utroque
658 3749 985 3805 ostenditur.
1045 3747 1151 3804 Sed
1196 3750 1407 3819 jamdiu
1457 3767 1765 3808 sermonem
1824 3768 1927 3807 no-

362 3849 535 3896 strum
577 3842 803 3897 moleste
843 3840 985 3897 ferre
1013 3857 1110 3896 vos
1147 3841 1325 3905 video,
1355 3848 1408 3897 et
1452 3849 1666 3897 tantum
1700 3858 1805 3898 non
1835 3858 1932 3896 au-

362 3931 480 3985 dire
506 3946 590 3986 me
632 3939 785 4001 puto,
818 3931 962 3999 quod
1006 3930 1280 3986 confessis
1323 3932 1625 3986 immorans
1683 3933 1939 4001 quaestio-

364 4037 462 4076 nes
491 4021 647 4077 valde
681 4022 1000 4077 decantatas
1047 4037 1156 4076 non
1192 4023 1478 4093 attingam.
1508 4022 1764 4078 Omnium
1791 4025 1935 4079 enim

365 4129 526 4169 aures
555 4123 783 4170 arrecta:
808 4131 957 4169 nunc
985 4124 1138 4177 sunt,
1172 4123 1233 4169 ut
1262 4116 1330 4170 de
1363 4115 1569 4185 Spiritu
1618 4125 1809 4171 sancto
1837 4117 1935 4170 ali-

364 4208 494 4277 quid
519 4208 764 4262 audiant.
791 4208 901 4278 Ego
938 4222 1065 4262 vero
1088 4208 1249 4262 velim
1276 4209 1534 4270 maxime,
1572 4209 1720 4263 sicut
1764 4208 1937 4261 tradi-

365 4307 481 4352 tum
536 4298 856 4367 simpliciter
886 4300 1094 4368 accepi,
1146 4300 1288 4355 sicut
1330 4301 1567 4371 ingenue
1609 4308 1663 4354 et
1708 4300 1938 4355 candide

367 4403 628 4444 assensus
670 4405 813 4455 sum,
857 4392 935 4443 sic
966 4398 1019 4445 et
1061 4390 1404 4447 auditoribus
1433 4392 1667 4453 tradere,
1725 4400 1784 4445 ut
1826 4408 1934 4446 non

2035 3383 2188 3448 Θεὸς,
2224 3384 2411 3454 ἐπειδὴ
2445 3383 2511 3436 δι’
2543 3382 2868 3453 ἀμφοτέρων
2899 3381 2958 3435 ἓν
2995 3375 3137 3445 εἶδος
3175 3378 3457 3451 θεωρεῖται
3483 3378 3609 3431 ὁλο-

2037 3478 2256 3548 κλήρως
2289 3479 2346 3529 ὲν
2387 3475 2716 3547 ἀμφοτέροις
2754 3473 3122 3545 δεικνύμενον.
3169 3472 3330 3526 Ἀλλά
3359 3471 3467 3543 γὰρ
3500 3469 3615 3525 πισ-

2038 3570 2127 3623 λαι
2175 3569 2286 3640 ὁρῶ
2336 3567 2862 3638 δυσανασχετοῦντας
2911 3567 3055 3637 ὑμᾶς
3108 3566 3242 3636 πρὸς
3278 3564 3369 3618 τὸν
3426 3563 3609 3629 λόγον,

2041 3662 2135 3716 καὶ
2166 3661 2446 3731 μονονουχὶ
2468 3658 2685 3713 ἀκούειν
2710 3658 2822 3731 (25)
2853 3657 3015 3721 δοκῶ,
3055 3660 3135 3711 ὅτι
3168 3659 3280 3718 τοῖς
3315 3653 3610 3726 ὁμολογου-

2046 3755 2227 3825 μένοις
2264 3752 2635 3823 ὲνδιατρίϐων,
2666 3750 2775 3804 τῶν
2807 3749 3253 3820 πολυθρυλλήτων
3282 3744 3612 3817 ζητημάτων

2042 3846 2141 3915 οὺχ
2175 3845 2437 3914 ἅπτομαι.
2463 3845 2621 3898 Πᾶσα
2651 3842 2760 3914 γὰρ
2788 3840 2924 3912 ἀκοὴ
2955 3840 3050 3894 νῦν
3093 3840 3228 3910 πρὸς
3268 3837 3364 3908 τὴν
3402 3837 3610 3906 ἀκρόα-

2043 3955 2126 3990 σιν
2176 3937 2283 3990 τῶν
2334 3937 2506 4004 λόγων
2563 3934 2670 3988 τῶν
2726 3935 2853 4005 περὶ
2912 3931 3004 3987 τοῦ
3063 3931 3218 4000 ἁγίου
3285 3927 3609 3999 Πνεύματος

2040 4027 2414 4099 ἀνηρέθισται.
2474 4025 2615 4095 Ἐγὼ
2641 4025 2698 4078 δὲ
2727 4024 2959 4095 μάλιστα
2999 4012 3326 4094 ἠϐουλόμην,
3357 4019 3431 4083 ὡς
3463 4036 3609 4090 παρ’

2040 4120 2231 4175 έλα6ον
2278 4117 2589 4182 ἁπλοϊκῶς,
2647 4119 2723 4181 ὡς
2777 4116 3078 4187 συνεθέμην
3133 4109 3563 4183 ἀνεπιτηδεύτως
3589 4149 3615 4171 ,

2041 4212 2184 4266 οὕτω
2226 4211 2577 4283 παραδιδόναι
2620 4212 2732 4272 τοῖς
2768 4206 3053 4262 ἀκούουσι’
3099 4204 3174 4276 μὴ
3206 4204 3294 4258 ἀεὶ
3333 4202 3459 4271 περὶ
3498 4200 3615 4253 τῶν

2043 4304 2220 4358 αὐτῶν
2276 4300 2673 4372 ἀπαιτούμενος
2732 4300 2832 4363 τάς
2884 4296 3144 4361 εὐθύνας,
3197 4295 3313 4351 ἀλλ’
3366 4296 3430 4346 ὲκ
3479 4294 3611 4362 μιᾶς

2040 4392 2329 4462 ὁμολογίας
2395 4391 2792 4461 πεπεισμένους
2850 4387 2989 4459 ἔχων
3042 4387 3169 4448 τοὺς
3243 4382 3608 4453 διδαχθέντας.

365 4481 678 4537 earumdem
710 4481 840 4535 mihi
872 4483 943 4537 sit
991 4497 1206 4552 semper
1249 4482 1523 4538 reddenda
1555 4485 1714 4546 ratio,
1750 4484 1845 4539 sed
1879 4491 1928 4537 ul

2053 4484 2274 4555 Ἐπειδὴ
2324 4484 2381 4537 δὲ
2446 4483 2846 4554 περιεστήκατε
2895 4480 3062 4551 ἡμᾶς,
3109 4476 3361 4532 δικασταὶ
3411 4473 3615 4545 μᾶλλον

437 4637 554 4671 ⁸⁸·⁸⁸
591 4637 755 4694 Hebr.
796 4656 848 4703 ι,
881 4638 935 4694 5.

438 4795 552 4865 (Si)
583 4794 738 4850 Unus
763 4794 1107 4865 codcxilteg.
1145 4793 1207 4846 οὺ
1232 4794 1568 4865 διαφέρεται.
1602 4811 1705 4848 non
1735 4792 1935 4863 diﬁ'ert.

367 4864 556 4919 Lectio
592 4865 819 4933 Optima.
860 4864 963 4916 Alii
1015 4880 1147 4918 mss.
1181 4872 1235 4917 et
1268 4864 1405 4918 editi
1451 4873 1511 4917 ut
1558 4865 1613 4917 in
1652 4872 1933 4919 contextu.

370 4936 570 4989 Ibidem
603 4936 712 4989 duo
739 4942 957 5003 mssLet
981 4933 1114 4988 editi
1140 4936 1415 5003 γεννητὸς.
1451 4936 1520 4986 At
1545 4935 1700 4988 Colb.
1729 4934 1936 5002 primus

370 5020 493 5057 cum
525 5005 632 5059 alio
662 5004 849 5059 codice
875 5001 1007 5072 Reg.
1043 5001 1334 5073 γεννητῶς,
1368 5019 1458 5072 per
1486 5005 1623 5057 viam
1647 5001 1939 5072 generatio-

372 5075 488 5137 m's;
519 5083 573 5128 et
609 5076 682 5129 ita
723 5075 1011 5142 scripsisse
1043 5073 1302 5127 Basilium
1346 5082 1513 5144 puto.
1538 5074 1614 5127 Ita
1657 5076 1800 5128 enim
1833 5089 1937 5126 vox

371 5145 643 5211 γεννητῶς
672 5144 791 5197 voci
823 5143 1067 5211 φυσικῶς
1102 5144 1261 5213 plane
1286 5143 1655 5212 respondebit.

445 5214 555 5278 (Ἡ)
588 5214 786 5269 Basilio
814 5215 983 5268 libros
1014 5212 1199 5267 contra
1216 5213 1532 5267 Eunomium
1558 5212 1839 5273 scribenti,
1862 5212 1937 5265 ita

373 5281 695 5351 displicebat
732 5299 831 5337 vox
880 5283 1148 5354 γέννημα,
1196 5293 1254 5337 ιιι
1293 5283 1618 5354 Eunomium
1667 5298 1737 5354 ea;
1777 5299 1935 5336 usum

374 5354 709 5420 pergraviter
754 5352 1199 5421 reprehenderit;
1251 5370 1350 5408 nec
1382 5354 1518 5406 satis
1552 5352 1740 5405 mirari
1770 5367 1936 5421 queo,

373 5425 516 5489 quod
547 5424 734 5477 eadem
771 5423 885 5492 ipse
919 5425 995 5477 uti
1030 5424 1281 5477 voluerit.
1324 5423 1462 5477 Puto
1491 5430 1670 5475 autem
1700 5423 1775 5474 ita
1803 5421 1941 5476 scri-

376 5493 551 5562 psisse
585 5494 867 5553 Basilium,
905 5503 998 5547 aut
1030 5493 1417 5562 imprudentia,
1444 5502 1536 5546 aut
1565 5492 1708 5561 quod
1743 5492 1793 5545 id
1821 5507 1942 5546 ver-

376 5559 503 5613 bum
543 5562 654 5628 jam
705 5578 733 5614 a
786 5563 971 5616 multis
1024 5559 1275 5633 usurpari
1328 5559 1833 5631 videretfquorum
1882 5577 1943 5614 se

376 5633 684 5698 exemplum
715 5634 879 5685 semel
908 5633 1064 5698 sequi
1092 5650 1250 5688 nosse
1277 5633 1612 5687 existimavit

450 5701 556 5769 (23)
594 5701 771 5756 Editio
803 5701 972 5755 Paris.
1008 5703 1097 5754 ml
1132 5703 1324 5771 τέχνην
1361 5702 1456 5772 τὴν
1488 5702 1601 5755 τοῦ.
1640 5700 1818 5756 Editio
1842 5699 1944 5756 Βλ-

2044 4792 2133 4847 sil.
2167 4789 2259 4843 ml.
2287 4788 2473 4857 τέχνη,
2516 4789 2593 4857 τῇ,
2617 4785 2733 4839 τοῦ.
2766 4783 2917 4857 Βριιῇ
2948 4782 3057 4857 duo
3085 4780 3304 4857 codices
3344 4788 3403 4857 et
3437 4776 3613 4832 Coisl.

2043 4863 2257 4922 duabus
2280 4847 2509 4913 vocibus
2537 4847 2699 4927 τέχνη
2732 4847 3029 4926 τήνῖϐοιι).
3054 4851 3264 4927 primus
3287 4858 3342 4903 et
3366 4847 3494 4915 Reg.
3520 4862 3612 4927 se-

2044 4918 2258 4986 cundus
2286 4929 2459 4999 prima
2494 4916 2711 4999 quidem
2736 4916 2972 4999 m'a_nu_e_t
3004 4916 3113 4999 uno
3132 4921 3304 4999 _verbo
3325 4916 3611 4999 τεχνητήν,

2046 5001 2139 5056 sed
2172 4988 2316 5053 nunc
2350 4988 2786 5069 secunda_manu
2819 4990 3177 5069 in-hi‘snlibris
3210 5004 3309 5069 pro
3340 4988 3610 5069 τεχνητήν

2045 5072 2243 5147 legitur
2272 5068 2546 5147 τεχνίτην.
2582 5064 2689 5120 Sed
2717 5063 2927 5144 librarii
2945 5062 3051 5147 illi,
3085 5058 3617 5147 quiita

2044 5126 2561 5205 vdlueruutfpotius
2586 5149 2766 5190 veram
2786 5126 3116 5205 scripturam
3142 5126 3615 5205 corrupisseniilii

2047 5212 2320 5265 videntur.
2342 5196 2494 5260 'ljuto
2524 5205 2667 5261 enim
2697 5204 2800 5273 legi
2824 5196 3085 5278 oportere
3108 5196 3405 5278 ἰεεχνητῆνι
3426 5198 3504 5278 sic
3530 5205 3615 5247 ta-

2047 5297 2189 5337 men.
2233 5288 2293 5333 ut
2336 5279 2654 5347 suppleatur
2683 5266 2792 5347 vo'x
2822 5266 3030 5347 εἰκόνα,
3080 5266 3229 5339 efﬁcit
3260 5266 3617 5347 artiﬁciosum

2046 5334 2418 5409 simulacrum;
2443 5334 2572 5418 ejus
2609 5342 2841 5418 scilicet
2868 5342 2961 5411 qui
2991 5334 3420 5418 expressus_est._
3446 5334 3619 5418 Ethnc

2046 5422 2199 5475 vocis
2230 5404 2845 5487 τεχνητόςίιιόιιίιευιιιε
2868 5404 3228 5487 esse_videar_,
3260 5407 3380 5475 ejus
3408 5407 3461 5459 in
3490 5404 3620 5458 Ste-

2047 5492 2209 5559 phani
2238 5478 2505 5559 malum
2536 5484 2864 5537 mentionem
3044 5478 3295 5559 mon-eho.

2119 5541 2355 5627 (liliiiSic
2388 5564 2594 5610 veteres
2625 5559 2861 5622 quatuor
2892 5550 3039 5604 libri.
3081 5547 3222 5602 Editi
3260 5562 3356 5616 pro
3390 5541 3624 5610 ἐπάγων

2050 5630 2249 5684 habent
2280 5627 2473 5694 λέγων.
2539 5693 2548 5696 Α
2653 5692 2681 5696 _
2870 5689 2883 5696 _
3047 5689 3058 5696 .
3153 5688 3162 5696 .
3258 5684 3269 5696 .

2145 5699 2231 5768 25)
2268 5688 2420 5752 Unus
2451 5693 2622 5750 codex
2652 5692 2783 5762 Reg.
2817 5689 2976 5763 μόνον
3007 5689 3105 5742 οὐκ
3141 5688 3389 5740 ἀκούειν.
