3982 6240
340 309 443 365 609

948 308 1182 364 llOMlL.
1209 307 1486 364 CONTRA
1529 309 1917 368 SABELLlANt

2048 314 2132 368 ΕΤ
2172 311 2416 380 ARIUM,
2445 314 2533 367 ET
2573 314 2956 370 ANOMG‘JOS.

3489 321 3594 374 6l0

339 427 378 499 ἢ
419 424 690 497 μαθηταὶ,
733 428 878 496 ἡμᾶς
915 426 1206 496 δοκιμάσαι
1250 425 1587 496 βουλόμενοι,
1630 431 1728 483 οὐκ
1775 433 1917 485 αὐτοι

2031 430 2378 487 confessione
2434 445 2542 484 una
2597 445 2894 500 persuasos
2958 431 3184 484 habeam
3245 431 3544 502 discipulos
3579 476 3592 488 .

342 536 398 573 τι
435 518 623 572 λαϐεῖν
691 517 1105 590 ἐπιζητοῦντες·
1163 521 1372 592 ἀνάγκη
1430 523 1576 591 ἡμᾶς
1627 521 1816 592 ὥσπερ
1865 525 1922 575 ἐν

344 610 679 681 δικαστηρίῳ
729 612 828 682 τὴν
879 612 1185 681 ἀντιλογίαν
1232 613 1629 683 προτείνεσθαι,
1687 616 1779 667 καὶ
1840 616 1924 668 ἀεὶ

351 698 449 772 μὲν
489 703 896 773 ἁνακρίνεσθαι,
945 705 1032 757 ἀεὶ
1076 705 1132 758 δὲ
1179 705 1357 774 λέγειν
1399 705 1435 759 ἃ
1479 706 1919 777 παρειλήφαμεν.

358 794 532 863 Ὕμᾶς
575 795 633 846 δὲ
667 796 1091 867 παρακαλοῦμεν
1134 797 1206 869 μὴ
1245 800 1307 850 ἐκ
1349 797 1548 861 παντὸς
1584 799 1786 870 τρόπου
1826 798 1922 870 ζη-

346 885 460 939 τέῖν
499 887 561 939 τὸ
605 889 734 957 ὑμῖν
766 888 1000 959 ἀρέσκον
1047 891 1176 961 παρ’
1223 891 1378 961 ἡμῶν
1431 891 1682 955 ἀκοῦσαι,
1734 891 1846 944 ἀλλ’
1896 891 1924 945 ὁ

345 978 427 1049 τῷ
455 981 644 1050 Κυρίῳ
680 980 970 1052 εὐάρεστόν
1003 984 1139 1046 ἐστι,
1179 984 1271 1036 καὶ
1312 983 1598 1054 σύμφωνον
1631 987 1749 1047 ταῖς
1781 986 1922 1055 Γρα-

347 1075 498 1140 φαῐς,
528 1074 622 1125 καὶ
665 1072 738 1143 μὴ
788 1074 1094 1144 μαχόμενον
1134 1078 1247 1139 τοῖς
1286 1077 1584 1147 Πατράσιν.
1627 1077 1694 1128 Ἀ
1744 1077 1922 1130 τοίνυν

345 1163 605 1232 ἐλέγομεν
649 1165 778 1235 περὶ
824 1163 918 1216 τοῦ
978 1164 1108 1218 Υἱοῦ
1129 1207 1144 1230 ,
1199 1168 1281 1220 ὅτι
1331 1165 1411 1219 δεῖ
1457 1167 1735 1238 ὁμολογεῖν
1793 1169 1923 1221 ίδιον

343 1253 512 1307 αὑτοῦ
556 1253 867 1323 πρόσωπον,
909 1254 1061 1308 ταῦτ’
1086 1255 1279 1326 ἔχομεν
1326 1257 1505 1325 λέγειν
1549 1259 1644 1310 καὶ
1677 1258 1921 1329 περὶτοῦ

345 1344 663 1412 Πνεῦματος
700 1343 796 1396 τοῦ
819 1343 993 1411 ἁγίου.
1033 1345 1107 1398 Οὐ
1138 1345 1246 1416 γὰρ
1266 1347 1459 1400 ταυτόν
1495 1350 1610 1400 ἐστι
1649 1347 1726 1418 τῷ
1749 1349 1923 1419 Πατρὶ

342 1435 410 1486 τὸ
433 1433 678 1502 Πνεῦμα,
713 1433 799 1486 διὰ
833 1435 895 1486 τὸ
921 1435 1246 1506 γεγράφθαι,
1289 1437 1370 1490 ὅτι
1405 1438 1647 1507 Πνεῦμα
1681 1442 1713 1492 ὀ
1756 1441 1918 1504 Θεός.

347 1527 484 1580 Οὐδὲ
557 1529 718 1581 πάλιν
778 1528 909 1582 Υίοῦ
974 1529 1068 1582 καὶ
1131 1529 1446 1600 Πνεῦματος
1512 1531 1570 1583 ἓν
1631 1530 1921 1602 πρόσωπόν

342 1622 517 1684 ἐστιν,
546 1620 732 1691 ἐπειδὴ
759 1623 1008 1694 είρηταιο
1045 1625 1114 1676 El
1149 1621 1216 1675 δέ
1255 1641 1345 1689 τις
1386 1624 1631 1692 Πνεῦμα
1664 1623 1920 1692 Χριστοῦ

319 1714 459 1786 ,οὐκ
493 1713 638 1781 ἔχει,
671 1709 850 1778 οὗτος
887 1715 997 1766 οὐκ
1029 1714 1200 1768 ἔστιν
1232 1713 1418 1768 αὐτοῦ
1445 1730 1458 1744 ·
1497 1719 1529 1768 ό
1565 1714 1631 1767 δὲ
1669 1714 1922 1781 Χριστὸς

2025 521 2291 588 Quoniam
2328 530 2506 576 autem
2549 521 2923 576 circumstatis
2975 537 3108 580 nos.
3169 524 3385 591 judices
3426 527 3599 593 magis

2023 629 2186 685 quam
2209 614 2485 684 discipuli,
2515 616 2607 684 qui
2643 615 2874 682 probare
2907 628 3008 668 nos
3040 616 3240 678 velitis,
3276 631 3382 669 non
3416 628 3599 668 autem

2029 707 2326 776 quidquam
2360 707 2576 761 discere
2596 706 2856 775 quaeratis
2889 725 2900 759 :
2937 721 3162 760 necesse
3197 708 3355 759 nobis
3380 717 3465 760 est
3488 709 3601 760 vel-

2024 806 2085 853 ut
2133 799 2186 852 in
2214 797 2422 867 judicio
2457 799 2521 851 iis
2555 813 2675 867 qua:
2705 799 3040 867 objiciuntur
3074 798 3426 868 respondere,
3461 815 3601 852 sem-

2027 907 2232 961 perque
2262 891 2608 960 interrogari,
2661 898 2714 944 et
2743 904 2962 959 semper
3001 905 3122 960 quae
3157 891 3472 960 accepimus
3517 890 3600 942 di~

2024 997 2168 1036 cere.
2211 982 2584 1036 Adhortamur
2618 994 2796 1036 autem
2837 998 2954 1042 vos,
3000 993 3056 1036 ut
3096 997 3164 1035 ne
3199 983 3423 1035 omnino
3454 981 3597 1050 quod

2022 1075 2176 1127 vobis
2221 1076 2420 1142 placet,
2469 1088 2535 1128 ex
2576 1074 2734 1127 nobis
2782 1074 2972 1127 audire
3013 1074 3290 1142 qumratis,
3320 1075 3412 1128 sed
3453 1073 3600 1143 quod

2022 1165 2253 1220 Domino
2307 1176 2589 1236 acceptum
2652 1175 2757 1230 est,
2810 1174 2864 1220 et
2917 1182 3220 1220 consonum
3269 1166 3594 1235 Scripturis.

2023 1272 2123 1312 nec
2161 1257 2496 1311 contrarium
2538 1256 2814 1312 Patribus.
2871 1259 3058 1326 Itaque
3113 1275 3232 1327 qua:
3280 1258 3599 1312 dicebamus

2021 1350 2088 1404 de
2115 1349 2272 1413 Filio,
2306 1350 2583 1418 propriam
2635 1351 2882 1403 videlicet
2915 1351 3086 1420 ipsius
3131 1366 3418 1419 personam
3465 1365 3600 1403 con-

2022 1441 2161 1496 ﬁteri
2192 1449 2468 1510 oportere,
2509 1443 2698 1496 eadem
2750 1443 3011 1497 habemus
3042 1451 3095 1496 et
3126 1443 3192 1496 de
3231 1442 3436 1512 Spiritu
3469 1457 3600 1496 san-

2028 1542 2117 1587 cto
2153 1533 2354 1589 dicere.
2399 1533 2514 1587 Non
2545 1535 2691 1588 enim
2746 1533 2867 1587 ideo
2914 1533 3152 1602 Spiritus
3186 1535 3324 1587 idem
3375 1541 3458 1588 est
3497 1534 3592 1602 qui
3625 1539 3628 1544 '

2020 1621 2198 1685 Pater,
2234 1623 2379 1692 quod
2408 1623 2671 1692 scriptum
2709 1625 2777 1677 sit
2808 1642 2819 1676 :
2854 1622 3087 1691 Spiritus
3129 1633 3206 1677 est
3238 1623 3374 1676 Deus
3401 1624 3465 1678 ³⁹.
3496 1623 3601 1676 Ne-

2022 1731 2126 1784 que
2173 1730 2368 1770 rursus
2403 1713 2527 1768 Filii
2572 1724 2626 1770 et
2679 1714 2913 1785 Spiritus
2946 1729 3178 1784 persona
3234 1731 3340 1768 una
3377 1723 3480 1773 est.
3532 1731 3597 1768 eo

342 1803 417 1855 ἐν
444 1803 606 1872 ὑμῖν.
647 1803 926 1857 Ἐντεῦθεν
971 1805 1080 1875 γὰρ
1120 1805 1478 1875 ἠπατήθησαν
1526 1823 1668 1869 τινες
1701 1803 1917 1874 Πνεῦμα

2023 1805 2168 1874 quod
2199 1805 2406 1859 dictum
2441 1807 2556 1859 sit:
2594 1806 2653 1860 Si
2700 1807 2814 1876 quis
2860 1816 3034 1858 autent
3086 1805 3343 1874 Spiritum
3397 1805 3597 1860 Christi

344 1895 440 1947 καὶ
477 1895 710 1966 Χριστὸν
751 1895 840 1950 τὸν
875 1896 1036 1948 αὑτὸν
1069 1892 1220 1948 εἶναι.
1265 1896 1426 1950 Ἀλλὰ
1457 1896 1510 1949 τί
1541 1914 1752 1967 φαμεν;
1801 1899 1920 1949 Ὅτι

339 1985 408 2036 τὸ
449 1984 550 2055 τῆς
599 1985 813 2055 φύσεως
857 1987 1053 2039 οἰκεῖον
1109 1986 1357 2040 ἐντεῦθεν
1409 1989 1749 2058 ἐμφαίνεται,
1803 1989 1922 2058 οὐχὶ

343 2075 652 2147 προσώπων
701 2077 978 2146 σύγχυσις.
1032 2079 1188 2130 Ἔστι
1233 2079 1330 2148 μὲν
1374 2080 1482 2150 γὰρ
1511 2081 1539 2131 6
1583 2081 1790 2151 Πατὴρ,
1829 2081 1919 2132 τέ-

341 2169 487 2222 λειον
526 2169 662 2239 ἔχων
686 2169 748 2221 τὸ
774 2165 925 2222 εἶναι
958 2170 1051 2224 καὶ
1081 2171 1343 2236 ἁνενδεὲς,
1369 2172 1492 2242 ῥίζα
1517 2173 1610 2226 καὶ
1643 2174 1794 2243 πηγὴ
1823 2172 1916 2226 τοῦ

343 2261 476 2315 Υἱοῦ
532 2263 627 2315 καὶ
669 2260 760 2314 τοῦ
809 2261 961 2329 ἁγίου
1007 2261 1320 2333 Πνεύματος
1347 2279 1360 2292 ·
1403 2263 1601 2317 ἔστιδὲ
1635 2267 1664 2316 ὁ
1709 2265 1835 2328 Υἱὸς
1864 2269 1921 2318 ἐν

341 2355 545 2423 πλήρει
591 2353 802 2424 θεότητι
851 2353 960 2417 ζῶν
1006 2356 1198 2423 Λόγος,
1256 2356 1350 2408 καὶ
1383 2356 1626 2426 γέννημα
1677 2355 1769 2409 τοῦ
1813 2358 1922 2410 Πα-

339 2447 471 2515 τρὸς
509 2446 784 2509 ἀνενδεέςθ
823 2446 1028 2516 πλῆρες
1053 2447 1106 2498 δὲ
1141 2446 1234 2498 καὶ
1271 2447 1330 2499 τὸ
1361 2448 1604 2518 Πνεῦμα,
1649 2451 1708 2502 οὐ
1755 2450 1921 2520 μέρος

343 2536 570 2607 ἑτέρου,
631 2535 764 2588 ἀλλὰ
814 2536 1021 2588 τέλειον
1089 2537 1182 2588 καὶ
1234 2535 1526 2608 ὁλόκληρον
1584 2541 1670 2608 ἐφ’
1721 2540 1915 2592 ἑαυτοῦ

341 2627 738 2699 θεωρούμενον.
786 2628 895 2680 Καὶ
940 2629 1204 2698 συνῆπται
1258 2629 1355 2697 μὲν
1394 2631 1420 2681 ὁ
1455 2629 1584 2693 Υἱὸς
1615 2616 1704 2700 ’τῷ
1749 2632 1923 2702 Πατρὶ

337 2719 708 2781 ἁδιαστᾶτως·
747 2719 1013 2788 συνῆπται
1056 2719 1111 2770 δὲ
1156 2717 1265 2787 (‘26)
1311 2718 1388 2787 τῷ
1423 2718 1537 2788 Υίῷ
1583 2719 1643 2772 τὸ
1677 2721 1919 2791 Πνεῦμα.

340 2808 420 2862 Τὸ
449 2809 562 2879 γὰρ
584 2807 813 2879 διορίζον
845 2808 944 2860 οὑκ
976 2807 1141 2873 ἐστιν,
1165 2807 1283 2860 οὐδὲ
1317 2808 1377 2860 τὸ
1413 2808 1698 2878 διατέμνον
1726 2810 1825 2880 τὴν
1864 2811 1921 2877 ἐξ

339 2899 518 2952 ἀϊδίου
552 2901 858 2968 συνάφειαν.
896 2899 1040 2952 Αίὼν
1067 2901 1173 2970 γὰρ
1210 2899 1381 2963 οὐδεὶς
1413 2900 1613 2970 μεταξὺ
1649 2903 1925 2970 παρεμπί-

342 3007 472 3043 πτει
494 3006 509 3021 ο
569 2991 687 3044 οὐδὲ
721 2992 826 3062 μὴν
855 2991 1062 3061 δέχεται
1088 2993 1120 3061 ἡ
1147 2991 1290 3062 ψυχὴ
1316 2993 1476 3062 ἡμῶν
1501 2993 1737 3046 ἐπίνοιαν
1763 3011 1925 3065 χωρι-

341 3082 508 3152 σμοῦ,
535 3081 657 3152 ὡςῆ
680 3083 771 3135 τοῦ
799 3084 1132 3151 Μονογενοῦς
1162 3085 1234 3155 μὴ
1266 3085 1510 3147 συνόντος
1531 3085 1614 3138 ἀεὶ
1632 3085 1708 3154 τῷ
1729 3087 1922 3158 Πατρὶ.

337 3173 375 3242 ἢ
400 3173 492 3225 τοῦ
523 3173 676 3241 ἁγίου
705 3173 1018 3243 Πνεῦματος
1055 3176 1127 3246 μὴ
1161 3177 1594 3248 συνυπάρχοντος
1622 3175 1701 3246 τῷ
1723 3177 1855 3248 Υίῷ.

2021 1911 2123 1947 non
2161 1893 2337 1957 habet,
2387 1895 2470 1948 hic
2493 1912 2594 1948 non
2644 1903 2719 1948 est
2753 1895 2906 1963 ejus;
2940 1893 3188 1949 Christus
3222 1905 3398 1948 autem
3429 1896 3483 1947 in
3511 1912 3599 1948 vo-

2019 1987 2096 2040 bis
2128 1998 2203 2040 est
2227 1987 2293 2039 ⁸ο.
2333 1986 2544 2042 Etenim
2581 1987 2708 2040 hinc
2752 1987 2964 2058 decepti
3003 1988 3272 2050 nonnulli,
3331 1988 3597 2056 Spiritum

2019 2088 2072 2132 et
2104 2078 2381 2132 Christum
2410 2079 2660 2133 eumdem
2705 2094 2827 2134 esse
2875 2079 3083 2149 opinati
3118 2087 3264 2135 sunt.
3311 2079 3418 2135 Sed
3465 2082 3596 2151 quid

2020 2170 2288 2224 dicimus?
2314 2169 2451 2224 Hinc
2476 2161 2899 2225 commonstraﬁ
2923 2179 3134 2224 natura:
3157 2171 3596 2240 conjunctionem

2022 2260 2608 2331 necessitudinemque,
2653 2278 2762 2316 non
2795 2277 3150 2332 personarum
3196 2263 3593 2318 confusionem.

2022 2353 2116 2407 Est
2146 2368 2381 2422 namque
2412 2351 2574 2407 Pater
2604 2353 2810 2406 habens
2844 2369 2956 2405 esse
2997 2351 3320 2422 perfectum,
3354 2366 3453 2406 nec
3506 2352 3594 2404 ul-

2027 2445 2427 2513 liusindigens,
2464 2445 2619 2497 radix
2662 2459 2724 2498 ac
2764 2444 2884 2498 fons
2921 2443 3039 2497 Filii
3088 2452 3141 2498 et
3176 2443 3418 2513 Spiritus
3465 2459 3597 2497 san-

2021 2539 2115 2590 cti.
2152 2535 2243 2590 Est
2293 2545 2344 2590 et
2375 2536 2543 2589 Filius
2592 2535 2644 2588 in
2702 2537 2856 2600 plena
2900 2535 3184 2588 divinitate
3217 2535 3405 2588 vivens
3461 2531 3597 2586 Ver-

2022 2628 2171 2690 bum,
2210 2637 2264 2682 et
2309 2628 2489 2696 proles
2531 2625 2733 2690 Patris,
2779 2641 2899 2696 qua!
2937 2635 3057 2693 eget
3111 2626 3336 2680 nullius.
3371 2623 3512 2691 Quin
3542 2631 3596 2678 et

2022 2718 2215 2786 plenus
2264 2724 2348 2770 est
2384 2715 2644 2785 Spiritus,
2683 2729 2790 2768 non
2827 2729 2956 2784 pars
2990 2715 3236 2776 alterius,
3294 2713 3388 2768 sed
3422 2712 3598 2782 perfe-

2023 2820 2144 2863 ctus
2170 2815 2224 2862 et
2251 2807 2457 2877 integer
2483 2808 2537 2860 in
2571 2807 2753 2876 scipso
2794 2805 3190 2859 consideratur.
3241 2804 3304 2856 Et
3362 2802 3596 2875 conjun-

2024 2911 2146 2956 ctus
2195 2900 2414 2970 quidem
2456 2907 2537 2954 est
2576 2899 2722 2952 Patri
2771 2897 2941 2950 Filius
2975 2896 3432 2966 inseparabiliter,
3464 2908 3600 2948 can-

2021 2993 2248 3061 junctus
2289 3008 2508 3066 quoque
2554 2989 2692 3044 Filio
2719 2999 2803 3044 est
2833 2987 3091 3058 Spiritus.
3144 2988 3288 3040 Nihil
3317 2989 3466 3042 enim
3513 2994 3598 3040 est

2030 3087 2177 3156 quod
2211 3088 2453 3149 dirimat,
2483 3085 2619 3139 nihil
2653 3081 2798 3154 quod
2839 3083 3226 3150 sempiternam
3267 3081 3416 3134 illam
3464 3093 3598 3134 con-

1955 3175 1997 3232 C
2028 3179 2367 3248 iunctionem
2394 3176 2683 3232 intercidat
2712 3219 2722 3230 .
2761 3175 2978 3228 Nullum
3003 3175 3148 3226 enim
3181 3174 3321 3226 inter
3346 3172 3470 3226 illos
3491 3186 3595 3224 sse-

347 3264 539 3317 culum
585 3265 922 3329 intercurrit,
957 3281 1058 3320 nec
1091 3277 1271 3336 potest
1337 3270 1554 3323 animus
1594 3279 1782 3322 noster
1818 3273 2222 3340 separationem
2278 3273 2443 3326 ullam
2511 3270 2847 3339 excogitare,
2879 3269 3014 3322 adeo
3049 3276 3109 3320 ut
3154 3274 3246 3320 aut
3276 3262 3599 3334 Unigenitus

337 3369 453 3407 non
482 3355 553 3408 sit
584 3371 801 3426 semper
828 3372 950 3410 cum
973 3355 1151 3421 Patre,
1178 3367 1270 3412 aut
1298 3358 1531 3428 Spiritus
1559 3370 1784 3415 sanctus
1811 3379 1918 3416 non
1951 3379 2169 3434 semper
2203 3365 2433 3420 exsistat
2467 3379 2592 3417 cum
2629 3362 2788 3416 Filio.

414 3450 585 3502 Ὅταν
635 3447 726 3504 οῦν
763 3469 890 3504 ποτε
952 3453 1274 3523 συνάψωμεν
1320 3455 1418 3525 τὴν
1465 3455 1686 3526 Τριὰδα,
1728 3456 1801 3526 μὴ
1841 3456 1916 3520 ὡς

337 3541 461 3604 ἑνὸς
502 3542 826 3613 πράγματος
865 3543 1167 3616 ἀδιαιρέτου
1203 3549 1341 3618 μέρη
1383 3549 1652 3616 φαντάζου
1686 3550 1752 3602 τὰ
1789 3550 1917 3619 τρία

341 3634 630 3705 (δυσσεϐὴς
671 3635 780 3706 γὰρ
813 3638 840 3688 ὁ
869 3637 1166 3708 λογισμός),
1219 3639 1354 3693 ἀλλὰ
1396 3641 1564 3710 τριῶν
1613 3642 1916 3712 ἀσωμάτων

336 3731 562 3783 τελείων
596 3731 896 3801 ἀχώριστον
927 3731 1081 3800 δέχου
1118 3734 1216 3802 τὴν
1255 3733 1540 3786 συνουσίαν
1566 3732 1697 3802 (27).
1739 3734 1916 3788 Ὅπου

337 3822 452 3893 γὰρ
484 3823 645 3890 ἁγίου
690 3823 1005 3894 Πνεὺματος
1057 3825 1344 3896 παρουσία,
1391 3829 1508 3879 ἐκεῖ
1548 3826 1639 3879 καὶ
1678 3825 1916 3897 Χριστοῦ

340 3915 634 3986 ἐπιδημία·
672 3916 805 3968 ὅπου
833 3917 888 3968 δὲ
916 3917 1166 3989 Χριστος,
1195 3919 1312 3970 ἐκεῖ
1357 3919 1450 3970 καὶ
1478 3921 1505 3970 6
1537 3918 1724 3989 Πατὴρ
1771 3920 1914 3988 πάρ-

340 4021 460 4057 εστι
492 4005 757 4074 δηλονότι.
803 4008 923 4059 Οὐκ
978 4006 1194 4070 οἴδατε,
1235 4007 1320 4060 ὅτι
1371 4007 1442 4060 τὰ
1469 4007 1710 4076 σώματα
1751 4006 1917 4076 ὑμῶν·

339 4095 488 4160 ναὸς
529 4094 636 4147 τοῦ
677 4095 746 4146 ἐν
776 4095 917 4164 ὑμῖν
981 4096 1152 4165 ἁγίου
1196 4098 1536 4164 Πνεύματός
1575 4099 1745 4160 dare;
1784 4098 1912 4159 Καὶ,

343 4185 419 4238 ει
445 4202 535 4251 τις
568 4186 676 4238 τὸν
716 4186 868 4239 ναὸν
920 4186 1027 4239 τοῦ
1075 4187 1221 4240 Θεοῦ
1267 4188 1521 4255 φθείρει,
1569 4186 1912 4256 φθερεῖᾶῖζ)
1960 4219 1963 4221 -

338 4276 561 4330 τοῦτον
605 4281 640 4330 ό
681 4279 844 4342 Θεός.
888 4277 1260 4350 Ἀγιαζόμενοι
1285 4276 1377 4332 οῦν
1404 4279 1489 4332 διὰ
1520 4280 1614 4332 τοῦ
1665 4281 1915 4349 Πνεῦμα-

339 4385 452 4431 τος,
481 4368 748 4439 δεχόμεθα
772 4369 862 4422 τὸν
888 4371 1118 4440 Χριστὸν
1148 4371 1502 4424 κατοικοῦντα
1524 4371 1681 4442 ἡμῶν
1717 4373 1795 4435 είς
1823 4373 1913 4425 τὸν

2090 3460 2143 3513 5.
2185 3459 2510 3528 Ubicunque
2567 3457 2733 3526 igitur
2785 3454 3113 3508 Trinitatem
3175 3453 3592 3523 conjunxrmus,

2017 3552 2128 3605 noli
2165 3553 2307 3605 velut
2341 3552 2503 3604 unius
2531 3551 2606 3602 rei
2637 3546 2883 3601 indivisa:
2923 3555 3106 3615 partes
3129 3554 3240 3600 tres
3269 3547 3452 3598 animo
3495 3543 3595 3597 tibi

2020 3645 2223 3714 fingere
2268 3644 2454 3713 (impia
2490 3648 2572 3695 est
2603 3642 2748 3694 enim
2796 3639 2909 3692 haec
2945 3638 3241 3706 cogitatio),
3289 3636 3383 3690 sed
3429 3637 3594 3689 trium

2018 3735 2464 3803 iucorporeorum
2498 3730 2865 3801 perfectorum
2900 3729 3196 3782 essentiam
3242 3739 3592 3780 communem

2021 3835 2183 3895 atque
2245 3823 2582 3878 individuam
2632 3821 2892 3890 intelligo.
2953 3818 3112 3888 194
3153 3817 3255 3872 Ubi
3317 3818 3464 3872 enim
3508 3825 3595 3871 est

2025 3917 2262 3987 Spiritus
2289 3915 2461 3970 sancti
2500 3912 2808 3983 pr:esentia,
2843 3910 2953 3963 illic
2979 3919 3029 3962 et
3063 3909 3316 3962 Christus
3350 3921 3594 3978 praesens

2021 4017 2102 4061 est
2132 4024 2146 4062 :
2183 4005 2272 4060 ubi
2303 4019 2431 4059 vero
2456 4004 2728 4056 Christus.
2777 4001 2885 4054 illic
2920 4001 3106 4068 utique
3136 4005 3189 4053 et
3228 3996 3389 4052 Pater
3418 3997 3589 4052 adest.

2022 4099 2102 4150 Αη
2134 4097 2370 4160 nescitis,
2422 4093 2566 4165 quod
2601 4110 2822 4159 corpora
2853 4107 3025 4145 ees;ra
3060 4091 3307 4158 templum
3346 4099 3468 4142 sunt
3497 4089 3594 4140 Ita-

2021 4188 2237 4241 bitantis
2266 4188 2319 4240 in
2348 4187 2487 4240 vobis
2519 4185 2749 4255 Spiritus
2785 4185 2958 4238 sancti
2980 4182 3069 4235 “?
3099 4181 3198 4235 Et:
3232 4181 3291 4235 Si
3311 4183 3426 4252 quis
3457 4190 3595 4234 tem-

2021 4279 2164 4346 plum
2208 4276 2303 4329 Dei
2341 4276 2624 4344 profanat,
2668 4276 2802 4327 hunc
2847 4271 3027 4343 perdet
3086 4271 3296 4326 Deus"
3327 4313 3338 4324 .
3389 4270 3594 4337 Quam—

2021 4371 2206 4424 obrem
2235 4385 2358 4422 cum
2384 4384 2480 4440 per
2508 4367 2768 4436 Spiritum
2801 4365 3230 4425 sanctificamur,
3262 4364 3594 4432 suscipimus

342 4462 452 4513 ἐσω
479 4461 784 4531 ἄνθρωπον,
831 4465 924 4514 καὶ
959 4464 1094 4532 μετὰ
1133 4463 1223 4516 τοῦ
1256 4463 1490 4534 Χριστοῦ
1537 4465 1626 4516 τὸν
1671 4465 1910 4535 Πατέρα,

2023 4464 2298 4517 Christum
2340 4462 2392 4515 in
2448 4461 2707 4513 interiore
2740 4469 2929 4513 nostro
2973 4457 3195 4510 homine
3231 4457 3588 4518 habitantem,

341 4553 526 4623 κοινὴν
563 4553 888 4624 ποιούμενον
915 4554 1011 4624 τὴν
1045 4555 1209 4624 μονὴν
1240 4557 1387 4628 παρὰ
1420 4558 1530 4618 τοῖς
1557 4556 1747 4621 ἀξίοις.
1774 4555 1914 4608 Ταύ-

338 4663 442 4714 την
487 4646 544 4699 δὲ
580 4645 680 4716 τὴν
736 4647 1028 4717 συνάφειαν
1075 4648 1223 4718 δηλοῖ
1260 4650 1354 4701 καὶ
1398 4650 1431 4718 ἡ
1477 4648 1773 4719 παράδοσις
1817 4647 1912 4700 τοῦ

344 4740 740 4811 βαπτίσματος,
777 4742 870 4793 καὶ
900 4744 933 4811 ἡ
966 4741 1220 4810 ὁμολογία
1261 4741 1360 4810 τῆς
1402 4741 1654 4802 πίστεως.
1699 4741 1760 4792 Εἰ
1807 4740 1913 4810 γὰρ

342 4833 621 4903 ἀλλότριον
650 4828 718 4902 ἦν
738 4835 804 4902 τῇ
832 4831 1008 4902 φύσει,
1038 4832 1153 4895 πῶς
1177 4831 1556 4901 συνηριθμεῖτο
1575 4831 1632 4883 τὸ
1658 4829 1908 4899 Πνεῦμα;

342 4925 452 4978 Καὶ
503 4925 550 4975 εί
604 4926 814 4993 χρόνοις
863 4923 1082 4995 ὕστερον
1136 4922 1562 4994 προσγενόμενον
1613 4922 1784 4993 Πατρὶ
1818 4923 1913 4973 καὶ

344 5014 478 5083 Υἱῷ,
511 5013 629 5075 πῶς
652 5017 718 5083 τῇ
753 5014 906 5084 ἀϊδίῳ
943 5013 1297 5066 συνετάσσετο
1325 5013 1518 5082 φύσεις
1553 5010 1618 5064 Οἱ
1654 5013 1710 5064 δὲ
1751 5011 1916 5082 χωρί-

343 5099 528 5164 ζοντες
560 5102 771 5172 Πατρὸς
797 5104 890 5155 καὶ
924 5103 1052 5155 Υίοῦ
1084 5103 1178 5155 καὶ
1208 5105 1274 5172 τῇ
1309 5102 1484 5154 κτίσει
1521 5100 1915 5172 συναριθμοῦν-

343 5209 438 5255 te;
485 5193 546 5245 τὸ
600 5194 827 5265 Πνεῦμα
875 5194 1060 5257 ἀτελὲς
1102 5194 1198 5264 μὲν
1227 5193 1438 5246 ποιοῦσι
1498 5193 1558 5246 τὸ
1607 5193 1912 5263 βάπτισμα,

344 5284 537 5355 ἐλλιπῆ
565 5285 620 5338 δὲ
651 5286 749 5357 τὴν
785 5285 1073 5357 ὁμολογίαν
1115 5286 1212 5356 τῆς
1255 5285 1508 5349 πίστεως.
1551 5284 1688 5338 Οῦτε
1733 5286 1841 5355 γὰρ
1880 5285 1912 5354 ἡ

2020 4544 2072 4608 εἰ
2103 4569 2206 4608 una
2242 4568 2365 4606 cum
2409 4551 2628 4606 Christo
2654 4550 2868 4604 Patrem
2936 4550 3302 4605 communiter
3327 4547 3468 4616 apud
3501 4549 3589 4602 di-

2020 4659 2156 4712 gnos
2185 4649 2512 4696 manentem.
2550 4640 2697 4694 Hanc
2723 4647 2901 4694 autem
2931 4639 3376 4708 conjunctionem
3409 4638 3591 4692 decla—

2021 4743 2104 4787 rat
2130 4744 2182 4787 et
2217 4734 2560 4801 baptismatis
2595 4732 2838 4796 traditio,
2885 4739 2938 4785 et
2984 4730 3105 4783 ﬁdei
3159 4729 3456 4784 confessio.
3493 4727 3586 4780 Et-

2019 4829 2163 4881 enim
2207 4827 2251 4879 si
2283 4826 2493 4880 alicnus
2519 4834 2663 4879 esset
2688 4833 2879 4876 natura
2916 4821 3172 4892 Spiritus,
3214 4818 3486 4889 quomodo
3515 4821 3590 4873 si-

2018 4919 2130 4972 mul
2184 4915 2686 4970 annumeraretur?
2745 4912 2809 4964 Et
2861 4915 2904 4966 si
2977 4920 3282 4980 temporum
3330 4925 3588 4977 processu

2017 5019 2205 5080 postea
2231 5009 2554 5062 accessisset
2572 5005 2718 5058 Patri
2746 5020 2808 5059 ac
2831 5001 2990 5065 Filio,
3017 5018 3121 5072 qua
3155 5002 3362 5054 ratione
3378 5012 3593 5057 aeternae

2016 5108 2228 5154 natura:
2256 5095 2725 5167 coniungeretur?
2764 5094 2866 5159 Qui
2900 5097 3042 5147 enim
3077 5100 3334 5161 separant
3370 5108 3398 5144 a
3432 5091 3593 5146 Putre

2017 5200 2072 5247 et
2098 5190 2236 5246 Filio
2263 5198 2317 5244 et
2358 5191 2502 5244 inter
2540 5195 2825 5242 creaturas
2866 5193 3158 5238 numerant
3192 5183 3478 5254 Spiritum,
3537 5193 3592 5237 ut

2018 5283 2353 5354 baptismum
2388 5279 2788 5349 imperfectum,
2822 5277 2897 5331 ita
2935 5275 3142 5330 faciunt
3188 5275 3594 5330 confessione-lt

415 5441 458 5474 ³⁸
495 5439 652 5497 Joan.
692 5458 764 5506 Iv,
798 5441 889 5495 24.
965 5442 1012 5471 ⁸⁸
1051 5439 1206 5496 Rom.
1240 5456 1365 5506 vtu,
1404 5439 1598 5506 9,.10.
1675 5441 1720 5472 ⁵⁸
1759 5439 1777 5491 1
1811 5439 1917 5493 Cor

2023 5437 2192 5502 1,19.
2269 5438 2313 5468 δ’
2355 5434 2529 5489 lCor.
2563 5449 2662 5497 ιιι,
2698 5433 2784 5487 l7.

416 5554 526 5627 (‘26)
560 5554 654 5612 Sic
689 5567 904 5613 veteres
939 5565 1174 5627 quatuor
1209 5553 1352 5610 libri.
1389 5555 1532 5610 Editi
1563 5554 1830 5626 συνῆπται
1855 5555 1912 5608 δὲ

346 5626 436 5678 καὶ
470 5627 831 5691 ἀδιαστάτως,
862 5637 966 5683 etc.

416 5696 523 5769 (27)
557 5697 764 5755 Vocem
790 5700 1076 5753 συνουσίαν
1101 5699 1168 5754 ad
1193 5699 1418 5756 verbum
1443 5696 1790 5768 interpretari
1817 5695 1909 5768 qui

2020 5553 2274 5610 voluerit,
2304 5557 2502 5608 vertat.
2535 5553 2876 5604 coessentiam
2916 5551 3098 5613 trium,
3131 5557 3235 5608 etc.

2093 5622 2204 5690 (‘28)
2239 5620 2344 5692 Pro
2369 5619 2578 5692 φθείρει
2610 5621 2878 5675 edendum
2910 5623 3221 5678 curavimus
3243 5639 3308 5678 ex
3345 5622 3588 5692 antiquis

2019 5693 2234 5748 duobus
2259 5691 2414 5746 libris
2444 5691 2654 5762 φθερεῖ,
2687 5701 3002 5760 corrumpet,
3032 5692 3229 5760 perdet.
