3982 6240
356 299 458 352 611

1667 284 1724 338 S.
1769 278 2010 335 BASILll
2047 271 2262 333 MACNI

3486 278 3596 333 613

359 411 483 464 tidei
541 405 933 476 imperfectam.
993 403 1179 474 Neque
1227 403 1375 458 enim
1407 401 1670 464 Trinitas,
1717 399 1924 468 Spiritu

2039 391 2196 460 Γριὰς
2240 391 2389 461 μένει
2431 389 2634 461 Τριὰς,
2676 389 3079 461 ὑφαιρουμένου
3115 389 3208 443 τοῦ
3254 391 3592 464 Πνεύματος.

358 502 666 564 subtracto,
707 497 949 550 Trinitas
985 503 1188 549 manet.
1240 493 1304 547 Et
1337 509 1553 556 rursus.
1599 494 1645 548 si
1677 509 1784 546 una
1819 491 1920 543 ali-

356 607 465 662 qua
517 597 766 644 creatura
795 589 1051 657 adjuncta
1083 587 1267 649 fuerit,
1318 588 1466 644 nulla
1509 600 1620 640 non
1671 595 1925 638 creatura

357 698 482 736 cum
513 680 674 734 Patre
709 690 760 733 ct
799 677 936 733 Filio
987 679 1469 732 annumerabitur.
1521 675 1726 744 Ecquid
1759 675 1925 729 enim

357 774 607 844 prohibet
634 771 839 833 dicere,
871 768 1160 824 Credimus
1201 769 1254 821 in
1291 767 1505 821 Patrem
1548 773 1602 821 et
1639 764 1835 818 Filium
1873 772 1928 818 et

356 867 412 917 in
445 869 754 917 creaturam
789 859 1047 914 omnem?
1104 857 1159 911 Si
1203 859 1348 912 enim
1392 857 1540 926 pium
1587 863 1672 910 est
1705 854 1928 910 credere

355 957 410 1008 in
445 963 652 1025 partem
683 961 967 1018 creaturae,
991 950 1237 1020 profecto
1275 951 1431 1019 longe
1460 947 1771 1017 religiosius
1809 945 1928 1001 fue-

366 1047 439 1099 rit
463 1054 770 1100 creaturam
803 1058 1018 1096 omnem
1053 1042 1121 1095 ad
1152 1041 1292 1094 hanc
1324 1039 1726 1094 confessionem
1770 1037 1927 1091 adbi-

359 1136 510 1190 bere.
549 1134 705 1200 Quod
739 1134 785 1187 si
821 1133 1011 1188 credas
1043 1132 1098 1185 in
1127 1147 1340 1186 omnem
1378 1141 1705 1192 creaturam,
1734 1145 1842 1183 non
1872 1129 1925 1182 in

356 1228 586 1297 angelos
617 1234 670 1281 et
711 1225 1067 1280 administros
1117 1225 1343 1292 spiritus
1371 1221 1561 1276 credes
1595 1222 1794 1285 solum,
1832 1221 1929 1274 sed

359 1320 525 1374 etiam
571 1320 616 1372 si
650 1333 771 1388 quae
797 1324 926 1371 sunt
959 1315 1287 1370 adversariae
1333 1321 1652 1384 potestates,
1704 1329 1828 1367 cum
1875 1323 1930 1368 et

360 1412 492 1480 ipsa:
527 1426 656 1480 pars
687 1411 797 1464 sint
831 1416 1118 1471 creaturae,
1177 1419 1338 1477 atque
1382 1407 1439 1461 in
1486 1407 1826 1477 professione
1866 1406 1930 1460 ﬁ-

315 1521 329 1536 -
360 1503 445 1555 dei
477 1517 602 1556 cum
654 1501 733 1556 eis
761 1500 1060 1570 paciscere.
1091 1497 1184 1552 Sic
1218 1512 1281 1552 ea
1309 1513 1430 1566 quae
1457 1497 1510 1550 in
1546 1496 1808 1567 Spiritum
1845 1503 1930 1552 est

362 1593 722 1662 blasphemia,
748 1593 808 1646 in
829 1593 1024 1662 impios
1049 1606 1112 1644 ac
1131 1589 1395 1645 nefandos
1422 1603 1704 1644 sermones
1729 1595 1781 1642 te
1806 1602 1931 1641 con-

371 1684 546 1739 ducit.
579 1683 712 1738 Nam
741 1683 832 1738 ubi
862 1685 1097 1752 primum
1131 1683 1198 1736 de
1239 1680 1446 1750 Spiritu
1485 1695 1604 1750 quae
1633 1696 1743 1734 non
1765 1694 1928 1750 Opor—

357 1783 442 1828 tct
473 1774 696 1840 dixeris,
733 1773 836 1827 hoc
864 1751 961 1826 tibi
1003 1771 1338 1841 exploratum
1377 1770 1434 1823 ﬁt
1471 1779 1524 1825 et
1553 1770 1832 1840 cognitum
1862 1784 1930 1824 ex
1961 1751 2004 1806 Β

362 1867 605 1935 Spiritus
630 1865 998 1921 derelictione.
1021 1863 1174 1918 Sicut
1204 1864 1350 1917 enim
1383 1863 1476 1932 qui
1507 1862 1705 1917 clausit
1723 1862 1930 1924 oculos,

361 1955 696 2010 domesticas
737 1956 880 2009 inse
918 1955 1078 2008 habet
1105 1954 1359 2007 tenebras
1407 1969 1418 2005 :
1471 1951 1545 2004 ita
1572 1951 1668 2022 qui
1706 1953 1934 2006 secessit

363 2061 397 2098 a
429 2044 658 2116 Spiritu,
700 2046 747 2100 is
787 2045 856 2100 ab
887 2044 1230 2099 illuminante
1279 2051 1546 2110 semotus,
1578 2042 1746 2096 animi
1778 2042 1935 2097 caeci-

361 2145 479 2191 tate
509 2136 883 2191 confunditur.
1050 2150 1076 2180 ο

435 2227 490 2282 6.
529 2228 600 2282 At
624 2243 694 2283 ne
717 2243 938 2297 separes
974 2242 1006 2281 a
1031 2225 1191 2283 Patre
1219 2232 1276 2281 et
1321 2225 1462 2281 Filio
1514 2225 1778 2296 Spiritum
1809 2241 1936 2282 san-

365 2329 536 2384 ctum,
569 2321 872 2376 absterreat
905 2328 959 2376 te
989 2321 1236 2376 traditio.
1287 2318 1382 2376 Sic
1414 2320 1674 2379 Dominus
1728 2322 1934 2389 docuit,

364 2411 731 2480 praedicavere
775 2411 1046 2480 apostoli,
1080 2410 1270 2466 Patres
1299 2427 1713 2476 conservavere,
1739 2412 1939 2466 contir-

368 2518 586 2557 mavere
621 2513 910 2574 martyres.
961 2503 1108 2559 Satis
1150 2505 1352 2561 habeas
1383 2507 1530 2576 loqui
1579 2506 1673 2570 ita,
1714 2515 1774 2560 ut
1802 2505 1936 2560 edo-

363 2604 493 2648 ctus
529 2609 609 2649 es.
649 2594 718 2647 Et
753 2611 886 2650 cave
941 2605 1134 2667 arguta
1189 2599 1280 2652 illa
1326 2605 1381 2654 et
1413 2599 1658 2668 captiosa
1710 2579 1968 2668 olvjicias'

370 2685 505 2739 mibi
538 2704 550 2738 :
592 2685 870 2756 ingenitus
899 2696 1003 2752 est,
1032 2692 1380 2759 autgenitus.
1439 2690 1594 2756 Quod
1628 2691 1674 2744 si
1728 2689 1938 2760 ingeni-

370 2784 459 2831 tus
496 2784 601 2843 est,
631 2776 793 2832 Pater
825 2787 944 2843 cst;
995 2782 1079 2835 sin
1124 2790 1304 2837 autem
1339 2784 1574 2853 genitus,
1607 2782 1775 2838 Filius
1801 2792 1884 2838 est
1919 2803 1934 2837 :

360 2867 684 2938 sidenique
710 2877 963 2924 neutrum
981 2855 1211 2938 'borum,
1247 2883 1500 2928 creatura
1541 2884 1642 2930 est.
1689 2875 1800 2945 Ego
1849 2890 1938 2930 au-

369 2968 480 3014 tem
507 2974 633 3013 cum
663 2959 821 3017 Patre
840 2963 1056 3031 quidem
1091 2964 1358 3032 Spiritum
1390 2967 1540 3029 novi,
1575 2973 1630 3019 at
1667 2967 1792 3021 novi
1826 2981 1937 3021 non

2030 484 2140 536 Καὶ
2186 484 2233 534 εί
2267 482 2325 533 ἓν
2364 499 2414 534 τι
2463 483 2621 535 πάλιν
2668 482 2775 534 ἀπὸ
2823 482 2923 552 τῆς
2967 483 3195 546 κτίσεως
3229 485 3594 557 προσαφθείη,

2031 576 2181 628 πᾶσα
2209 577 2241 646 ἡ
2272 574 2447 637 κτίσις
2482 572 2941 627 συνεισελεύσεται
2987 575 3067 637 είς
3109 574 3208 645 τὴν
3254 573 3345 628 τοῦ
3386 577 3598 648 Πατρὸς

2030 667 2124 720 καὶ
2177 668 2305 720 Υἱοῦ
2368 666 2780 737 συναρίθμησιν.
2830 667 2896 718 Τί
2953 667 3061 738 γὰρ
3125 667 3323 720 κωλύει
3376 668 3552 736 λέγειν
3580 687 3594 700 ο

2031 757 2362 829 Πιστεύομεν
2391 760 2470 821 είς
2506 757 2723 828 Πατέρα
2753 758 2844 811 καὶ
2874 758 3001 812 Υἰὸν
3033 759 3128 812 καὶ
3171 761 3253 822 είς
3292 761 3469 812 πᾶσαν
3493 762 3598 831 τὴν

2033 851 2236 915 κτίσιν;
2271 850 2333 902 Et
2369 847 2475 920 γὰρ
2518 849 2736 912 εὐσεϐὲς
2764 849 2826 901 τὸ
2861 850 3135 904 πιστεύειν
3169 853 3248 914 είς
3296 852 3459 922 μέρος
3494 854 3599 924 τῆς

2033 950 2282 1012 κτίσεως,
2313 947 2491 1017 πολλῷ
2518 947 2686 1016 δήπου
2718 947 3035 1018 σεμνότερον
3057 947 3118 1000 τὺ
3147 950 3325 1003 πᾶσαν
3358 948 3453 1020 τὴν
3482 949 3603 1002 κτί-

2035 1058 2118 1094 σιν
2157 1042 2235 1103 εἰς
2261 1040 2359 1111 τὴν
2395 1038 2681 1110 ὁμολογίαν
2724 1039 3188 1110 παραλαμϐάνειν.
3227 1040 3502 1094 Πιστεύων
3539 1042 3603 1093 δὲ

2033 1135 2112 1196 είς
2139 1135 2316 1186 πᾶσαν
2343 1133 2441 1203 τὴν
2466 1131 2662 1194 κτίσιν,
2683 1131 2782 1183 οὐκ
2814 1133 2893 1194 είς
2923 1119 3182 1200 ἀγγέλους
3203 1133 3473 1196 πιστεύεις
3507 1134 3605 1204 μό-

2033 1243 2120 1278 νον
2153 1225 2244 1278 καὶ
2276 1224 2343 1277 τά
2372 1222 2721 1294 λειτουργικὰ
2751 1223 3058 1293 πνεύματα,
3092 1223 3227 1276 ἀλλὰ
3259 1225 3353 1276 καὶ
3377 1225 3431 1277 εἴ
3455 1242 3604 1287 τινες

2033 1317 2402 1386 ἀντικείμεναι
2441 1315 2696 1384 δυνάμεις
2731 1315 2890 1378 εἰσὶν,
2937 1313 3120 1385 ἐπειδὴ
3157 1315 3251 1366 καὶ
3302 1315 3462 1368 αὐταὶ
3505 1316 3604 1385 μέ-

2038 1427 2128 1482 ρος
2169 1411 2274 1463 είσὶ
2321 1409 2420 1479 τῆς
2459 1409 2717 1471 κτίσεως,
2774 1408 2868 1461 καὶ
2906 1407 3135 1470 ταύταις
3170 1407 3408 1478 συνθήσῃ
3458 1408 3602 1460 κατὰ

2033 1501 2129 1571 τὴν
2165 1501 2363 1553 πίστιν.
2409 1499 2654 1569 Οὖτωςὴ
2698 1499 2840 1553 κατὰ
2873 1499 2967 1552 τοῦ
3003 1497 3317 1568 Πνεύματος
3356 1497 3602 1568 βλασφησ

2037 1593 2134 1663 μία
2155 1594 2235 1656 εἰς
2266 1592 2544 1667 δυσσεϐεῖς
2575 1593 2670 1645 καὶ
2706 1591 2995 1662 ἀθεμίτους
3023 1589 3271 1661 περιάγει
3301 1607 3359 1642 σε
3390 1589 3601 1657 λόγους.

2048 1679 2211 1750 Ὁμοῦ
2241 1697 2298 1732 τε
2327 1680 2436 1749 γὰρ
2468 1675 2626 1742 εἶπας
2647 1678 2683 1732 ἃ.
2705 1679 2779 1749 μὴ
2804 1679 2880 1730 δεῖ
2911 1678 3020 1747 (29)
3047 1678 3174 1748 περὶ
3212 1677 3308 1730 τοῦ
3348 1678 3606 1749 Πνεύμαέ

2033 1789 2144 1836 τος,
2182 1773 2275 1825 καὶ
2323 1772 2638 1843 ἐπεσήμηνε
2683 1787 2765 1823 σοι
2816 1772 2850 1841 ἡ
2890 1769 2981 1823 τοῦ
3021 1769 3330 1840 Πνεύματος
3366 1771 3604 1837 ἐγκατά-

2036 1865 2228 1933 λειψις.
2277 1865 2364 1927 Ὠς
2391 1863 2499 1937 γὰρ
2529 1866 2558 1916 ὁ
2589 1862 2858 1933 ὲπιμύσας
2898 1861 3022 1924 τοὺς
3066 1861 3374 1932 ὀφθαλμοὺς
3405 1864 3606 1915 οἰκεῖον

2036 1955 2145 2026 ἔχει
2171 1955 2230 2008 τὸ
2260 1955 2468 2019 σκότος,
2494 1954 2665 2018 οὕτως
2697 1957 2726 2008 ὁ
2753 1954 3114 2025 ἀναχωρήσας
3146 1952 3238 2006 τοῦ
3264 1953 3604 2024 Πνεύματος,

2034 2046 2140 2113 ἔξω
2164 2045 2453 2116 γενόμενος
2493 2044 2587 2098 τοῦ
2620 2042 2966 2114 φωτίζοντος,
2995 2045 3099 2098 ὑπὸ
3120 2043 3222 2114 τῆς
3251 2044 3393 2098 κατὰ
3417 2043 3600 2115 ψυχὴν

2035 2139 2296 2211 ἀοραοίας
2327 2138 2676 2208 συγκέχυται.

2118 2231 2278 2287 Ἀλλὰ
2307 2233 2380 2304 μὴ
2411 2231 2647 2302 χωρίσῃς
2693 2230 2903 2302 Πατρδς
2950 2229 3044 2282 καὶ
3090 2227 3222 2281 Υἱοῦ
3253 2227 3315 2280 τὸ
3370 2225 3602 2298 Πνεῦμα

2036 2323 2098 2379 τὸ
2150 2325 2333 2393 ἆγιον,
2381 2323 2692 2376 δυσωπείτω
2742 2339 2801 2374 σε
2838 2323 2871 2392 ἡ
2923 2319 3240 2390 παράδοσις.
3291 2320 3350 2372 '0
3397 2319 3606 2388 Κύριος

2045 2415 2216 2479 οὕτως
2265 2413 2524 2480 ἐδίδαξεν,
2582 2413 2864 2467 ἀπόστολοι
2910 2410 3201 2484 ἐκήρυξαν,
3259 2411 3496 2482 Πατέρες
3524 2409 3608 2463 δι-

2042 2509 2338 2580 ετήρησαν,
2377 2505 2666 2577 μάρτυρες.
2689 2503 3042 2558 ἐϐεϐαίωσαν.
3089 2503 3406 2575 Ἀρκέσθητι
3427 2502 3608 2572 λέγειν

2041 2600 2118 2664 ὡς
2138 2598 2434 2670 ἐδιδάχθης,
2458 2598 2552 2650 καὶ
2582 2599 2654 2668 μή
2691 2613 2781 2666 μοι
2817 2595 2886 2648 τά
2929 2594 3068 2663 σοφά
3109 2595 3312 2662 ταῦτα·
3347 2595 3607 2664 ’Δγέννη-

2037 2692 2127 2746 τόν
2155 2693 2319 2755 ἐστιν,
2353 2691 2386 2762 ἢ
2417 2689 2689 2760 γεννητόν.
2725 2690 2786 2741 Ei
2835 2687 2932 2758 μὲν
2971 2688 3078 2758 γὰρ
3131 2686 3442 2756 ἀγέννητον,
3484 2686 3602 2740 Πα-

2037 2785 2173 2855 τήρ·
2207 2786 2256 2836 εί
2277 2783 2333 2836 δὲ
2365 2781 2639 2852 γεννητὸν,
2671 2780 2826 2844 Υἱός·
2859 2779 2985 2833 εἰδὲ
3015 2778 3136 2850 μηδ’
3157 2779 3343 2849 ἕτερον
3374 2777 3604 2840 τούτων,

2040 2877 2262 2944 κτίσμα.
2313 2874 2452 2943 Ἐγὼ
2497 2875 2556 2927 δὲ
2612 2872 2749 2944 μετὰ
2799 2872 3008 2942 Πατρὸς
3061 2871 3159 2940 μὲν
3207 2866 3344 2934 οἶδα,
3392 2872 3511 2939 οὐχὶ
3545 2871 3610 2924 δὲ

2037 2967 2254 3038 Πατέρα
2301 2967 2362 3018 τὸ
2418 2965 2671 3036 Πνεῦμα·
2732 2965 2826 3018 καὶ
2889 2962 3024 3034 μετά
3080 2961 3211 3014 Υἱοῦ
3265 2961 3604 3032 παρέλαϐον,

369 3062 493 3103 esse
545 3048 759 3104 Patrem
810 3071 822 3104 :
858 3052 1008 3115 item,
1065 3053 1220 3108 illum
1278 3043 1400 3108 cum
1435 3055 1573 3110 Filio
1611 3059 1814 3127 accepi,
1841 3058 1935 3113 sed

2039 3059 2158 3130 οὐχὶ
2207 3059 2262 3112 δὲ
2307 3059 2432 3112 Υίὸν
2480 3057 2886 3128 ὠνομασμένον.
2957 3053 3116 3107 Ἀλλά
3161 3053 3259 3123 τὴν
3317 3055 3412 3124 μὲν
3467 3054 3611 3124 πρὸς

371 3155 481 3193 non
513 3142 696 3210 accepi
727 3165 732 3169 ·
762 3141 958 3196 Filium
1003 3144 1173 3200 fuisse
1202 3147 1550 3216 appellatum.
1603 3147 1765 3218 Atqui
1803 3164 1934 3203 con-

364 3233 704 3300 junctionem
731 3235 949 3304 quidem
971 3252 1136 3305 quam
1161 3254 1286 3291 cum
1307 3237 1468 3295 Patre
1493 3242 1930 3313 habetintelligo,

371 3340 436 3376 ex
461 3339 548 3388 eo,
579 3326 722 3394 quod
745 3343 812 3381 ex
847 3325 1007 3382 Patre
1039 3329 1316 3398 procedit:
1356 3346 1474 3386 eam
1500 3348 1629 3387 vero
1653 3349 1812 3403 quam
1843 3336 1936 3388 ha-

373 3415 463 3468 bet
489 3430 610 3469 cum
643 3414 802 3480 Filio,
846 3419 1102 3486 quoniam
1152 3419 1316 3473 audio
1366 3439 1378 3474 :
1416 3419 1475 3474 Si
1527 3422 1643 3491 quis
1679 3421 1936 3490 Spiritum

372 3505 572 3560 Christi
621 3525 723 3563 non
770 3510 942 3571 habet,
987 3511 1070 3564 hic
1125 3527 1227 3565 non
1282 3523 1360 3566 est
1405 3513 1518 3580 ejus
1540 3514 1606 3568 ".
1648 3514 1857 3569 Etenim
1889 3516 1936 3570 si

372 3596 594 3652 Christo
625 3600 948 3669 eonjunctus
982 3615 1091 3655 non
1125 3610 1230 3666 est,
1263 3603 1535 3672 quomodo
1563 3618 1688 3658 cum
1721 3604 1937 3660 Christo

383 3688 708 3758 conjungit?
738 3689 842 3744 Sed
887 3701 940 3744 et
971 3690 1234 3760 Spiritum
1279 3693 1525 3749 veritatis
1550 3694 1656 3750 dici
1690 3697 1934 3753 audio“.

390 3775 606 3832 Veritas
637 3786 813 3832 autem
857 3777 1117 3837 Dominus
1155 3790 1239 3837 est
1259 3782 1332 3835 ⁸⁵.
1372 3782 1508 3837 Cum
1551 3795 1733 3840 autem
1776 3788 1939 3843 audio

376 3868 639 3937 Spiritum
671 3871 976 3942 ad0ptionis
1000 3872 1064 3938 “,
1098 3875 1357 3929 recordor
1387 3877 1507 3946 ejus
1549 3894 1711 3948 quam
1743 3889 1938 3936 natura

375 3960 538 4016 habet
570 3978 691 4017 cum
729 3963 868 4018 Filio
900 3972 953 4020 et
982 3963 1143 4021 Patre
1171 3967 1420 4023 unitatis.
1467 3968 1752 4035 Quomodo
1793 3974 1938 4028 enim

374 4053 664 4122 adeptaret
713 4056 860 4125 quod
917 4064 1240 4112 extraneum
1276 4061 1397 4114 est?
1441 4063 1711 4130 quomodo
1744 4079 1939 4119 rursus

375 4145 697 4199 conciliaret
719 4147 1179 4218 conjungeretque
1207 4151 1350 4218 quod
1395 4152 1628 4207 alienum
1653 4163 1734 4210 est
1759 4156 1939 4226 7195

379 4231 473 4287 Sic
503 4234 684 4304 itaque
725 4251 902 4305 neque
955 4253 1076 4292 sum
1131 4241 1418 4294 verborum
1455 4243 1808 4310 architectus,
1846 4263 1942 4301 ne-

375 4341 483 4396 que
529 4328 867 4397 majestatem
923 4328 1152 4398 Spiritus
1217 4334 1496 4402 reprobo:
1541 4335 1637 4391 sed
1699 4352 1792 4393 eos
1846 4339 1940 4408 qui

2041 3151 2258 3222 Πατέρα
2308 3151 2614 3220 οίκειότητα
2655 3148 2790 3211 νοῶ,
2843 3147 3030 3218 ἐπειδὴ
3073 3151 3136 3200 ὲκ
3196 3146 3403 3217 Πατρὺς
3443 3146 3612 3200 ἐκπο-

2043 3244 2282 3316 ρεύεται·
2336 3242 2434 3312 τὴν
2467 3241 2602 3310 πρὸς
2651 3238 2778 3293 Υἱδν
2812 3240 2891 3303 δὲ,
2933 3239 3116 3309 ἐπειδὴ
3166 3238 3378 3292 ἀκούω·
3414 3240 3486 3293 ΕΙ
3516 3257 3610 3306 τις

2042 3332 2281 3402 Πνεῦμα
2324 3329 2578 3399 Χριστοῦ
2620 3331 2729 3383 οὐκ
2775 3330 2919 3396 ἔχει,
2959 3325 3138 3393 οὗτος
3161 3331 3271 3382 οὐκ
3302 3328 3471 3382 ἔστιν
3500 3331 3612 3382 αὑ-

2043 3425 2164 3478 τοῦ.
2201 3426 2263 3477 Εί
2286 3424 2392 3496 γὰρ
2421 3425 2492 3494 μὴ
2520 3424 2712 3476 οἰκεῖον
2736 3421 2992 3493 Χριστοῦ,
3016 3421 3133 3485 πῶς
3164 3424 3351 3475 οἰκειοῖ
3369 3421 3444 3492 τῷ
3468 3423 3608 3492 Χρι-

2045 3515 2152 3586 στῷ
2181 3515 2322 3585 (30);
2366 3514 2522 3567 Ἀλλὰ
2557 3514 2650 3566 καὶ
2698 3511 2920 3582 Πνεῦμα
2965 3513 3146 3566 ἀκούω
3187 3514 3284 3582 τῆς
3330 3513 3608 3584 ἀληθείας.

2056 3605 2304 3676 Ἀλήθεια
2324 3605 2378 3658 δὲ
2401 3605 2430 3655 ὁ
2451 3604 2672 3674 Κύριος.
2705 3605 2870 3657 Ὅταν
2895 3603 2950 3656 δὲ
2977 3604 3159 3658 ἀκούω
3185 3603 3404 3674 Πνεῦμα
3431 3603 3611 3656 υἱοθε-

2047 3697 2183 3761 σίας,
2219 3699 2296 3759 είς
2319 3697 2521 3750 ἔννοιαν
2559 3695 2787 3765 ἔρχομαι
2819 3695 3083 3765 τῆςθπρὸς
3110 3695 3238 3749 Υἱὸν
3272 3695 3364 3748 καὶ
3387 3694 3611 3766 Πατέρα

2044 3788 2184 3842 κατά
2229 3788 2325 3858 τὴν
2381 3786 2538 3856 φύσιν
2594 3787 2859 3856 ἐνότητος.
2925 3786 3046 3850 Πῶς
3093 3786 3201 3857 γὰρ
3263 3785 3493 3840 υίοθετεί
3545 3786 3614 3838 τὸ

2046 3879 2222 3946 ξένον;
2254 3880 2370 3943 πῶς
2411 3879 2466 3932 δὲ
2514 3880 2702 3932 οίκειοῖ
2745 3877 2804 3930 τὸ
2836 3877 3141 3948 ἀλλότριον;
3188 3876 3342 3931 Οὕτω
3392 3875 3490 3946 μὲν
3514 3872 3613 3930 οῦν

2033 3972 2167 4026 -οῦτε
2217 3972 2519 4044 καινοτομῶ
2570 3975 2821 4044 ῥήματα,
2871 3971 2994 4026 οὔτε
3041 3971 3216 4025 ἀθετῶ
3259 3971 3358 4042 τὴν
3407 3969 3564 4033 ἀξίαν
3595 3987 3610 4002 ο

2043 4068 2168 4128 τοὺς
2196 4066 2251 4119 δὲ
2288 4065 2596 4135 τολμῶντας
2648 4065 2852 4135 κτίσμα
2897 4062 3320 4135 προσαγορεύειν
3367 4061 3614 4126 στενάζω

2045 4159 2140 4209 καὶ
2185 4157 2461 4228 ὀδύρομαι,
2516 4159 2597 4210 ὅτι
2638 4157 2725 4210 διὰ
2772 4155 2966 4227 μικροῦ
3023 4156 3353 4225 σοφίσματος
3391 4155 3484 4208 καὶ
3520 4172 3613 4206 κι-

2047 4249 2238 4320 ϐδήλου
2281 4248 2687 4320 παραλογισμοῦ
2721 4249 2948 4312 ἑαυτοὺς
2999 4248 3226 4302 ὠθοῦσιν
3279 4247 3372 4300 ἐπὶ
3411 4247 3472 4299 τὸ
3514 4246 3614 4316 βά·-

2053 4341 2264 4413 ραθρον.
2324 4341 2537 4412 Ἐπειδὴ
2589 4341 2730 4410 γὰρ,
2784 4341 2949 4412 φησὶ,
3011 4340 3137 4410 τρία
3191 4339 3360 4392 ταῦτα
3409 4339 3436 4390 ὁ
3483 4337 3616 4400 νοῦς

389 4427 698 4470 creaturam
797 4419 1067 4488 appellare
1127 4421 1378 4487 audent,
1453 4424 1678 4494 deploro
1752 4428 1936 4484 deﬂeo-

2055 4435 2207 4505 ἡμῶν
2240 4433 2552 4504 κατείληφε,
2584 4434 2676 4487 καὶ
2701 4433 2850 4485 οὐδέν
2882 4434 3026 4484 ἐστιν
3052 4431 3236 4502 (δυὲν
3268 4432 3380 4493 τοῖς
3401 4424 3548 4482 οὖσιν
3581 4429 3616 4481 ὃ

384 4522 529 4576 que,
585 4509 730 4577 quod
788 4511 1121 4580 s0phismate
1168 4515 1295 4568 exili
1345 4524 1399 4570 ct
1454 4519 1815 4589 paralogismo
1863 4520 1948 4574 fu-

375 4609 501 4656 cato
521 4602 577 4656 in
600 4602 919 4656 barathrum
958 4603 1251 4661 detrudant
1279 4611 1624 4678 semetipsos.
1673 4609 1830 4678 Nam,
1861 4613 1946 4666 in-

374 4693 592 4762 quiunt,
623 4693 728 4746 tria
753 4693 866 4748 haec
893 4710 1047 4752 mens
1085 4707 1274 4752 nostra
1319 4701 1587 4772 percipit;
1624 4719 1724 4759 nec
1782 4707 1942 4775 quid-

374 4799 537 4854 quam
569 4795 652 4841 est
695 4784 751 4839 in
781 4801 965 4841 rerum
1011 4796 1228 4854 natura,
1275 4793 1419 4860 quod
1453 4809 1561 4848 non
1595 4795 1648 4849 in
1667 4797 1807 4851 hanc
1856 4813 1941 4853 re—

2054 4527 2128 4598 μὴ
2167 4527 2270 4579 ὑπὸ
2319 4525 2416 4596 τὴν
2467 4526 2726 4597 διαίρεσιν
2771 4524 2972 4594 ταύτην
3017 4524 3234 4594 ἔρχεται
3271 4522 3378 4576 τῶν
3417 4522 3612 4575 ὄντων.

2055 4617 2124 4668 Ἢ
2176 4617 2283 4687 γὰρ
2340 4616 2648 4686 ἀγέννητον,
2706 4616 2891 4686 φησὶν,
2944 4616 3109 4678 ἐστὶν,
3164 4616 3197 4685 ἢ
3250 4613 3526 4684 γεννητὸν,
3573 4612 3615 4682 ἢ

2049 4708 2289 4759 κτιστόν·
2337 4705 2471 4758 ἀλλὰ
2527 4705 2630 4778 μὴν
2675 4704 2796 4757 οὔτε
2845 4705 2906 4757 τὸ
2957 4703 3191 4774 πρῶτον,
3233 4702 3358 4756 οῦτε
3384 4702 3443 4755 τὸ
3486 4700 3616 4754 δεύ-

2046 4814 2225 4867 τερον,
2271 4796 2332 4848 τὸ
2371 4797 2551 4865 τρίτον
2591 4796 2716 4866 ἄρα.
2751 4794 2919 4847 Τοῦτο
2957 4795 3107 4863 ὑμῶν
3140 4794 3200 4846 τὸ
3239 4793 3353 4861 ἄρα
3383 4795 3447 4862 τῇ
3478 4793 3620 4844 αἰω-

447 4943 489 4972 ⁸³
527 4939 684 4996 Rom.
717 4959 834 5007 vm,
869 4943 920 4997 9.
997 4944 1043 4975 “
1080 4943 1236 4998 Joan.
1274 4963 1380 5012 xw,
1418 4948 1501 5001 17.
1580 4950 1624 4980 ⁸⁸
1664 4950 1794 5004 ibid.
1829 4950 1880 5003 6.
1959 4951 2004 4981 “
2044 4949 2200 5006 Rom.
2235 4966 2370 5016 vm,
2411 4922 2532 5004 15.¹

449 5097 558 5165 (‘29)
592 5096 682 5152 Sic
715 5100 933 5172 codices
962 5100 1089 5154 duo.
1124 5099 1266 5154 Editi
1301 5102 1429 5154 δεῖν.
1450 5101 1631 5172 Verba
1661 5120 1781 5172 quae
1803 5119 1924 5156 mox

374 5177 698 5242 sequuntur,
714 5170 818 5242 aut
839 5172 1006 5238 ὲπεσή
1018 5171 1151 5241 μηνέ
1169 5188 1271 5234 σοι,
1297 5181 1425 5232 etc.,
1446 5171 1515 5224 ita
1545 5170 1930 5242 interpretatus

373 5249 471 5310 est
502 5237 877 5310 Combelisius,
920 5237 1292 5294 iudicationem
1345 5243 1656 5294 accessionis
1691 5237 1930 5310 'Spiritus

375 5305 472 5379 tibi
498 5306 762 5379 derelictio
787 5309 909 5376 fecit
933 5325 949 5361 :
976 5326 1096 5379 qua:
1117 5312 1510 5379 interpretatio,
1537 5321 1596 5364 ut
1615 5305 1750 5373 dixi,
1777 5313 1936 5366 Com-

376 5375 552 5429 belisii
579 5385 684 5441 est,
723 5375 824 5431 hoc
847 5386 952 5440 est.
984 5375 1347 5436 subobscura.
1379 5381 1455 5433 Ita
1485 5389 1666 5434 autem
1699 5389 1936 5436 verterat

375 5444 647 5514 interpres
677 5455 874 5503 vetus:
910 5447 1039 5504 Mox
1081 5453 1218 5503 enim
1267 5451 1354 5502 ubi
1397 5449 1460 5504 de
1509 5449 1714 5518 Spiritu
1751 5461 1936 5504 sancto

377 5531 492 5583 qua:
514 5533 617 5590 non
640 5520 822 5590 decent
847 5521 1069 5582 dixeris,
1098 5531 1277 5573 notam
1299 5537 1499 5590 quoque
1524 5521 1679 5573 habes
1713 5531 1761 5575 et
1787 5536 1938 5589 aper-

381 5595 488 5666 iam
523 5587 978 5666 sigpiﬁcation-em,
1009 5591 1146 5666 quod
1175 5587 1378 5666 Spiritu
1411 5587 1933 5666 Dei‘destitutus'sis.

379 5651 472 5710 Sic
514 5651 671 5711 velim
714 5651 1156 5729 accipias-verba
1190 5651 1371 5716 Basilii
1406 5680 1418 5715 :
1455 5660 1554 5716 Ubi
1593 5663 1824 5732 primum
1870 5661 1936 5716 de

2039 5104 2244 5174 Spiritu
2275 5111 2466 5157 sancto
2494 5102 2697 5158 dixeris
2729 5115 2850 5171 qua
2879 5116 2988 5156 non
3024 5108 3267 5174 oportet,
3302 5099 3481 5174 statim
3514 5097 3620 5152 de-

2038 5169 2171 5230 serit
2203 5183 2256 5229 te
2287 5173 2524 5242 Spiritus
2569 5169 2814 5233 sanctus,
2857 5186 2977 5241 quae
3023 5169 3309 5242 derelictio
3353 5169 3510 5242 facit,
3547 5175 3618 5242 ut

2039 5245 2295 5324 conscius
2325 5237 2401 5299 sis
2429 5243 2548 5309 tibi,
2583 5251 2636 5297 te
2669 5237 3126 5298 contumeliosum
3179 5238 3350 5294 fuisse
3392 5240 3444 5291 in
3479 5237 3617 5306 Spi-

2254 5381 2406 5464 Un_us
2427 5381 2582 5463 σου).
2606 5381 2723 5464 πῶς
2743 5377 3446 5464 91X€§519.XetQT§J-.'A!ius
3469 5375 3611 5464 {te};

2036 5449 2297 5534 εξικειοιῖτο
2325 5451 2563 5522 Χριστῷ.
2595 5453 2697 5506 Alii
2725 5453 2835 5508 duo
2864 5450 3020 5522 Regii
3061 5461 3114 5504 et
3149 5449 3281 5503 editi
3308 5449 3502 5500 οίκειοῖ
3532 5449 3620 5518 τῷ

2037 5525 2353 5666 Χῆέσδρῖὃίο
2395 5594 2601 5664 antiqui
2644 5592 2750 5647 duo
2793 5591 2940 5646 libri.
2981 5589 3119 5646 Editi
3170 5589 3260 5645 καὶ
3301 5589 3400 5642 οὐκ
3440 5587 3619 5645 ἔστιν.
