3982 6240
306 299 421 354 613

908 296 1136 352 HOMIL.
1181 295 1459 351 CONTRA
1502 294 1992 358 SABELLMNOS,
2030 295 2115 348 ET
2159 296 2405 361 ARIUM,
2447 297 2534 349 ET
2572 297 2959 351 ANOMGIOS.

3466 300 3573 357 6M

313 413 416 482 νίῳ
439 414 548 482 ἁρᾷ
578 410 864 473 ὑποδίκους
888 412 1031 480 ὑμᾶς
1061 410 1411 478 καταστήσει.
1444 408 1627 459 Πάντα
1654 408 1884 478 ἐξηρεύ-

1990 424 2109 461 rum
2142 408 2466 463 divisionem
2495 410 2675 463 cadat.
2712 411 2819 461 Aut
2851 411 3022 473 enim,
3059 410 3334 481 inquiunt,
3361 412 3575 483 ingeui~

312 521 487 574 νησας
508 520 522 567 ;
548 503 725 555 πάντα
745 505 859 564 τοῖς
880 500 1103 555 σεαυτοῦ
1130 502 1241 571 (52)
1264 500 1539 569 λογισμοῖς
1566 501 1669 551 ὑπὸ
1693 499 1890 569 διαίρε-

318 614 407 650 σιν
428 596 633 665 ἤγαγες
654 612 667 659 ;
703 595 855 647 οὐδὲν
881 595 1228 659 ἀνεξέταστον
1259 592 1545 654 κατέλιπες
1571 607 1583 655 ;
1616 592 1791 643 πάντα
1812 590 1889 659 τῷ

316 687 397 754 νῷ
434 684 754 755 περιέλαὸες
800 685 948 753 (55);
984 686 1158 737 πάντα
1204 686 1270 753 τῇ
1315 682 1539 734 σεαυτοῦ
1590 681 1890 748 καταλήψει

318 778 705 841 συνέκλεισας;
755 771 903 838 οἶδας
958 776 1025 828 τὰ
1070 775 1173 827 ὑπὸ
1219 775 1356 843 γῆν;
1404 770 1551 835 οἶδας
1598 773 1664 824 τά
1711 775 1767 823 ἐν
1814 771 1890 840 τῷ

319 868 498 937 βυθῷ;
531 868 811 937 Δαιμόνων
842 868 1149 931 ἁλαζονεῖαι
1174 881 1188 893 '

1991 507 2081 553 tus
2134 510 2240 563 est,
2274 509 2369 553 aut
2402 501 2644 569 genitus,
2702 510 2796 554 aut
2846 509 3064 555 creatus
3099 523 3111 556 :
3167 511 3222 556 at
3252 520 3427 573 neque
3462 508 3572 575 pri-

1990 604 2162 653 mum,
2197 604 2375 658 neque
2405 590 2734 655 secundum,
2785 591 2953 658 igitur
2986 592 3232 647 tertium.
3285 592 3433 648 lstud
3482 612 3574 650 ve-

1992 689 2166 735 strum
2190 681 2353 749 igitur
2382 681 2753 734 maledictioni
2785 688 3003 735 aaternae
3038 696 3133 735 vos
3172 683 3364 737 reddet
3397 685 3571 738 obno-

1992 774 2135 827 xios.
2169 772 2312 827 Esne
2343 781 2721 842 perscrutatus
2775 773 3007 826 omnia?
3040 775 3301 828 omniane
3352 776 3571 829 ratioci-

1993 864 2214 916 natione
2240 872 2334 916 tua
2366 862 2651 931 subjecisti
2679 861 2977 915 divisioni?
3007 864 3143 916 nihil
3168 864 3573 933 inexploratum

318 962 631 1032 reliquisti?
666 962 850 1015 omnia
929 968 1110 1014 mente
1160 968 1250 1012 tua
1289 959 1605 1027 complexus
1663 963 1758 1011 es':
1806 958 1987 1012 omnia
2067 968 2157 1011 tua
2211 958 2543 1027 cogitatione
2591 958 3085 1026 comprehendisti?
3122 960 3267 1013 nosti
3306 974 3427 1028 quae
3471 960 3574 1013 sub

317 1052 510 1107 terra?
540 1054 683 1107 nosti
717 1066 838 1121 quae
870 1051 926 1104 in
965 1050 1271 1121 profundo?
1314 1050 1630 1105 Dzemonum
1693 1051 1955 1120 jactautia
2005 1050 2116 1103 haec
2144 1060 2228 1103 est
2263 1070 2275 1103 ε

318 1165 435 1236 (54)
472 1162 615 1219 Οἶδα
641 1163 756 1233 ἐγὼ
792 1164 1039 1232 ψάμμου
1080 1166 1129 1216 τ’
1155 1164 1405 1233 ἀριθμὸν
1441 1163 1755 1304 καίᾱαῖέτρα
1784 1166 1887 1216 θα-

1595 1250 1817 1299 ασσης.

1595 1250 1793 1299 ασσης
1804 1274 1817 1285 .

393 1325 533 1378 Εἰδέ
564 1324 733 1377 πολλὰ
754 1325 986 1392 ἀγνοεῖς,
1021 1324 1116 1377 καὶ
1160 1325 1526 1395 μυριοπλάσια
1570 1324 1676 1377 τῶν
1722 1326 1891 1391 ἐγνω-

316 1417 538 1487 σμένων
576 1418 691 1469 ἐστὶ
726 1415 795 1467 τὰ
826 1414 1197 1485 ἀγνοούμενα,
1241 1415 1293 1468 τί
1332 1416 1452 1486 οὐχὶ
1489 1415 1628 1487 μετὰ
1674 1417 1890 1469 πάντων

312 1511 416 1562 καὶ
442 1509 571 1580 περ).
600 1507 691 1560 τοῦ
719 1510 920 1577 τρόπου
952 1507 1049 1577 τῆς
1088 1506 1374 1578 ὑπάρξεως
1400 1507 1495 1560 τοῦ
1538 1509 1692 1577 ἁγίου
1720 1507 1888 1559 Πνεύ-

316 1617 491 1669 ματος
519 1599 615 1669 τὴν
649 1598 928 1651 ἀκίνδυνον
964 1599 1184 1666 ἄγνοιαν
1229 1600 1669 1669 ἁνεπαισχύντως
1696 1599 1887 1669 ὁμολο-

1992 1161 2243 1216 Mensura
2279 1174 2357 1218 est
2400 1164 2609 1234 pelagi,
2641 1175 2688 1217 et
2725 1181 2971 1218 numerus
3006 1166 3134 1219 mihi
3180 1177 3334 1221 notus
3372 1186 3566 1222 arente.

2062 1320 2216 1385 Quod
2240 1322 2285 1375 si
2317 1322 2487 1375 multa
2525 1323 2767 1392 ignoras,
2795 1331 2848 1377 et
2879 1323 3090 1379 inﬁnito
3116 1325 3271 1394 plura
3299 1334 3425 1381 sunt
3449 1342 3571 1396 qua:

1990 1409 2232 1481 ignoras,
2258 1427 2421 1482 quam
2452 1428 2572 1481 quas
2615 1414 2784 1478 nosti,
2818 1430 2917 1468 cur
2948 1430 3059 1469 non
3089 1417 3253 1470 etiam
3289 1431 3415 1469 cum
3449 1432 3569 1470 om—

1994 1504 2155 1557 nibus
2202 1504 2389 1559 fateris
2419 1504 2556 1558 citra
2588 1505 2848 1575 pudorem
2896 1514 3043 1561 tuam
3102 1508 3261 1561 istam
3292 1508 3361 1563 de
3407 1512 3569 1565 modo

1991 1611 2100 1665 quo
2130 1598 2366 1667 Spiritus
2389 1610 2615 1653 sanctus
2643 1599 2861 1653 exsistit
2889 1600 3275 1669 ignorantiam,
3304 1617 3429 1655 cum
3453 1604 3566 1657 haec

311 1693 468 1757 γεῖς;
521 1688 663 1757 Ἐγὼ
708 1688 765 1740 δὲ
802 1688 997 1758 σχολὴν
1045 1688 1145 1758 μὲν
1194 1689 1295 1741 οὐκ
1341 1690 1457 1757 ἄγω
1490 1689 1731 1759 ἐλέγχειν
1780 1688 1884 1739 τῶν

1991 1687 2125 1740 nihil
2148 1688 2345 1743 habeat
2373 1689 2641 1758 periculi?
2668 1689 2797 1743 Mihi
2823 1698 3001 1745 autem
3027 1706 3138 1746 non
3168 1702 3324 1748 vacat
3346 1693 3564 1763 quidem

312 1780 594 1851 λογισμῶν
639 1798 728 1834 σου
760 1782 858 1851 τὴν
894 1780 1224 1851 ματαιότητα
1244 1822 1258 1845 ,
1288 1781 1405 1834 οὐδὲ
1446 1781 1716 1835 δεικνύναι
1748 1780 1887 1832 πόσα

312 1860 514 1939 ἐν.τοῖς
539 1874 657 1929 οὖσι
680 1876 777 1947 τὴν
810 1875 1113 1944 κατάληψίν
1141 1892 1233 1927 σου
1263 1875 1371 1927 τῶν
1409 1875 1681 1946 λογισμῶν
1702 1873 1888 1928 διαπέ-

315 1985 519 2037 φευγεν
542 1985 554 1997 '
586 1970 760 2020 ἐκεῖνο
797 1968 840 2020 δ’
867 1968 933 2022 ἂν
958 1968 1129 2039 ἡδέως
1164 1971 1289 2031 τοὺς
1320 1970 1403 2037 ἐφ’
1432 1969 1585 2040 ὑμῶν
1611 1969 1723 2039 (55)
1754 1969 1890 2038 ἐρω-

313 2063 569 2130 τήσαιμι,
598 2061 691 2112 καὶ
730 2060 1032 2130 διορίζομαι
1066 2059 1421 2125 πεποιθότως,
1450 2061 1531 2113 ὃτι
1577 2060 1888 2130 μεταμελή-

316 2168 404 2204 σει
431 2151 514 2203 σοί
544 2168 671 2203 ποτε
693 2152 790 2219 τῆς
816 2151 976 2203 ἀθέου
997 2152 1197 2223 ταύτης
1218 2152 1426 2220 σοφίας,
1449 2152 1652 2222 κτίσμα
1680 2154 1888 2221 λέγοντι

315 2243 379 2294 τὸ
430 2240 654 2311 Πνεῦμα
710 2241 768 2294 τὸ
820 2242 992 2309 ἅγιον.
1050 2243 1123 2295 Οὐ
1179 2242 1315 2313 φοϐῇ
1350 2243 1448 2313 τὴν
1499 2243 1887 2314 ἀσυγχώρητον

316 2330 628 2399 dium-Iuv;
668 2330 737 2381 Ἦ
786 2331 839 2382 τί
897 2347 1027 2383 ποτε
1082 2332 1180 2384 οῖει
1232 2330 1649 2403 δυσσεϐέστερον
1698 2333 1886 2387 τούτου

313 2420 578 2474 δύνασθαι
608 2420 981 2491 βλασφημεῖν;
1015 2421 1109 2473 Ἐκ
1142 2420 1251 2491 γὰρ
1300 2420 1428 2491 μιᾶς
1471 2421 1672 2490 ταύτης
1706 2424 1888 2492 φωνῆς

316 2512 497 2564 πάντα
526 2513 713 2580 ἐνέστη
757 2512 827 2563 τὰ
858 2512 1164 2566 δεινότατα’
1207 2512 1553 2583 ἀλλοτρίωσις
1596 2514 1704 2567 ἀπὸ
1751 2514 1886 2568 Θεοῦ

313 2604 438 2656 κατ’
467 2602 637 2673 αὐτὴν
676 2602 773 2673 τὴν
817 2603 1009 2672 φύσιν,
1039 2604 1278 2667 δουλείας
1317 2604 1675 2669 ταπείνωσις,
1709 2606 1887 2659 διακο-

311 2694 428 2748 νίαι
460 2695 846 2766 λειτουργικαὶ,
878 2696 1148 2765 ἁγιασμοῦ
1189 2697 1463 2768 στέρησις,
1488 2697 1581 2750 τοῦ
1621 2699 1758 2751 κατὰ
1788 2699 1888 2768 φύ-

314 2804 405 2840 σιν
447 2788 509 2840 οὑ
554 2790 864 2858 προσόντος,
900 2789 996 2840 καὶ⁵
1038 2790 1422 2859 περιστήσεται
1464 2788 1883 2860 τῷηΠνεύματι,

312 2879 456 2932 οὕτω
497 2881 743 2949 μετέχειν
777 2880 1047 2950 ἁγιασμοῦ
1090 2882 1153 2933 ἐκ
1186 2881 1283 2949 τῆς
1330 2881 1471 2933 κατὰ
1518 2881 1674 2951 χάριν
1716 2882 1887 2935 διανο-

314 2973 443 3041 μῆς,
474 2973 551 3034 ὡς
578 2974 671 3024 καὶ
700 2971 771 3024 τὰ
806 2972 972 3024 λοιπὰ
1002 2971 1111 3041 ἔχει
1140 2972 1238 3024 ὅσα
1270 2973 1543 3040 ἡγίασται.
1571 2974 1677 3024 Καὶ
1697 2972 1884 3043 ὥσπερ

309 3064 512 3117 δίδοται
559 3066 689 3134 ἡμῖν
733 3066 767 3134 ἡ
812 3065 1115 3135 φανέρωσις
1155 3063 1246 3116 τοῦ
1292 3064 1606 3134 Πνεύματος
1655 3064 1789 3135 πρὸς
1828 3064 1886 3117 τὸ
1914 3044 1954 3100 C

314 3156 617 3226 συμφέρον,
662 3156 754 3207 καὶ
806 3155 880 3217 ὡς
935 3156 1306 3225 ἐπιμετρεῖται
1356 3156 1571 3225 ἑκάστῳ
1616 3156 1754 3208 κατὰ
1790 3158 1887 3225 τὴν

310 3248 605 3315 ἀναλογίαν
631 3248 729 3317 τῆς
758 3247 1014 3311 πίστεως,
1047 3248 1217 3310 οὕτως
1255 3248 1404 3301 ἔσται
1433 3250 1526 3301 καὶ
1572 3250 1633 3301 τὸ
1663 3248 1885 3317 Πνεῦμα

306 3342 405 3395 τοῦ
450 3340 724 3410 ἀγιασμοῦ
779 3339 1002 3410 μετέχον
1048 3340 1158 3410 (56)
1184 3379 1198 3401 ,
1252 3341 1408 3412 εἴπερ
1450 3340 1617 3403 ὅντως
1670 3342 1886 3393 κτιστὺν

304 3433 451 3486 κατὰ
483 3432 583 3503 τὴν
622 3432 1099 3502 Πνευματομάχων
1131 3431 1411 3503 ὑπόληψιν.

378 3612 433 3666 7.
482 3611 644 3664 Ἀλλὰ
666 3612 774 3682 γὰρ
803 3611 876 3681 μὴ
912 3613 1353 3683 συγχωρήσωμεν
1377 3628 1475 3681 την
1506 3611 1685 3664 ἄνοιαν
1707 3609 1884 3663 αὐτῶν

307 3704 658 3769 ἀνέλεγκτον,
691 3702 797 3755 τῶν
836 3702 1095 3771 οἰομένων
1126 3703 1300 3755 πάντα
1327 3704 1393 3772 τῇ
1433 3702 1639 3755 ἑαυτῶν
1677 3701 1885 3771 διανοίᾳ

308 3796 719 3865 κατειληφέναι.
788 3794 1300 3863 Ἀποκρινάσθωσαν
1371 3794 1548 3845 τοίνυν
1606 3796 1755 3864 ἡμῖν.
1818 3794 1882 3845 Τί

308 3904 440 3940 ποτε
465 3888 578 3957 (37)
620 3889 727 3957 ἄρα
762 3890 795 3957 ἡ
831 3886 923 3939 τοῦ
957 3885 1214 3957 αἰσθητοῦ
1245 3885 1395 3953 ἡλίου
1424 3884 1613 3949 oricia;
1650 3885 1882 3956 Πότερον

307 3981 367 4031 ἓν
399 3997 449 4032 τι
472 3981 583 4032 τῶν
620 3980 900 4049 τεσσάρων
940 3980 1105 4040 ἐστὶν,
1135 3978 1165 4048 ἢ
1196 3976 1447 4039 σύνθετός
1500 3980 1645 4029 ἐστιν
1682 3978 1745 4028 ἐκ
1775 3976 1882 4027 τῶν

305 4072 629 4142 τεσσάρωνς
674 4071 830 4123 Ἀλλὰ
868 4071 972 4141 μὴν
1004 4070 1125 4122 οὔτε
1158 4069 1227 4139 γῆ
1259 4070 1427 4129 ἐστιν,
1453 4068 1576 4120 οὔτε
1608 4069 1734 4137 ἀὴρ,
1760 4066 1882 4119 οὔτε

307 4164 455 4232 ὕδωρ
488 4163 657 4221 ἐστὶν,
703 4161 825 4213 οὔτε
861 4161 991 4232 πῦρ.
1032 4160 1215 4213 Ταῦτα
1245 4160 1354 4230 γὰρ
1399 4162 1484 4211 ἐπ’
1531 4158 1746 4221 εὐθείας
1794 4176 1881 4211 κι-

304 4256 511 4307 νεῖται*
552 4254 619 4305 τὰ
661 4254 755 4322 μὲν
798 4254 909 4306 ἄνω
945 4254 1238 4323 φερόμενα,
1268 4252 1335 4304 τὰ
1377 4252 1432 4303 δὲ
1461 4252 1628 4304 κάτω.
1674 4251 1713 4302 Γ
1715 4254 1748 4321 ἦ
1783 4252 1881 4320 μὲν

305 4347 420 4416 γὰρ
444 4347 536 4398 καὶ
571 4345 713 4415 ὕδωρ
735 4345 1025 4417 κατωφερῆ
1059 4347 1172 4397 ἐστι
1221 4344 1306 4397 διὰ
1337 4344 1397 4395 τὸ
1435 4344 1599 4414 βάρος
1622 4360 1635 4372 ’
1683 4343 1791 4413 ἀὴρ
1825 4344 1879 4396 δὲ

298 4439 408 4491 καὶ
448 4436 558 4507 πῦρ
601 4438 701 4508 τὴν
743 4437 854 4490 ἄνω
914 4437 1084 4507 φορὰν
1122 4440 1346 4489 κινεῖται
1386 4436 1473 4489 διὰ
1528 4436 1871 4505 κουφότητα’

299 4525 405 4579 τοῦ
428 4527 486 4577 δὲ
512 4526 665 4595 ἡλίου
702 4526 1069 4596 κυκλοιρορική
1099 4529 1243 4578 ἐστιν
1265 4529 1298 4595 ἡ
1332 4526 1562 4595 κίνησις.
1594 4526 1669 4577 Οὐ
1702 4525 1878 4577 τοίνυν

299 4618 457 4671 ἐστὶν
494 4617 553 4667 ἓν
595 4617 702 4670 τῶν
753 4618 1052 4688 τεσσάρων.
1108 4617 1267 4668 Ἀλλὰ
1317 4616 1421 4686 μὴν
1464 4617 1584 4668 οὐδὲ
1631 4616 1880 4679 σύνθετός

299 4711 456 4759 ἐστιν
477 4709 543 4759 ὲκ
560 4706 763 4759 τούτων
783 4724 797 4737 ·
825 4707 957 4758 διότι
976 4707 1043 4760 τὰ
1070 4707 1294 4759 σύνθετα
1318 4708 1550 4776 καμάτῳ
1576 4707 1875 4776 συνέχεται,

299 4801 371 4849 ἐκ
413 4799 511 4865 μὲν
542 4798 650 4850 τῶν
699 4800 958 4851 ἐναντίων
1002 4798 1101 4867 τὴν
1155 4797 1413 4850 σύστασιν
1462 4797 1654 4865 ἔχοντα
1682 4838 1695 4860 ,
1731 4800 1877 4850 ἀντι-

303 4888 571 4941 στιὼντων
612 4889 669 4942 δὲ
711 4889 962 4959 ἀλλήλοις
993 4888 1099 4941 τῶν
1136 4888 1390 4941 ἐναντίων
1425 4888 1565 4941 κατὰ
1596 4888 1692 4958 τὴν
1726 4890 1875 4959 κίνη-

303 5000 413 5037 σιν.
470 4985 777 5055 Ἀκάματος
812 4985 869 5038 δὲ
912 4984 1005 5038 τοῦ
1038 4984 1191 5053 ἡλίου
1230 4983 1538 5053 ήκίνησις,
1588 4982 1674 5035 διὰ
1721 4983 1875 5037 τοῦτο

378 5139 422 5168 ⁴⁷
464 5138 650 5192 Matth.
688 5154 793 5201 xu,
827 5140 915 5192 32.
993 5138 1038 5169 “
1076 5135 1096 5188 ι
1127 5136 1253 5192 Cor.
1286 5152 1396 5199 xu,
1431 5136 1482 5188 7.

382 5276 491 5347 (³52)
524 5277 661 5347 Editi
696 5276 912 5330 ἐαυτοῦ.
955 5275 1020 5328 At
1050 5290 1189 5347 mss.
1218 5272 1605 5347 ποθ-σεαυτοῇ

378 5341 492 5419 (ξό)
534 5345 755 5419 Veteres
783 5355 1021 5419 quatuor
1049 5346 1169 5397 libri
1195 5344 1537 5419 περιέλαδες.
1576 5341 1720 5396 Editi
1738 5360 1872 5413 προ-

304 5413 513 5479 έλαϐες.
544 5417 660 5468 Mox
691 5413 847 5472 Coll).
876 5416 1086 5485 primus
1116 5413 1431 5485 καταλήψει.

376 5487 483 5553 (54)
516 5488 672 5541 Nota.
702 5481 960 5556 (ιωηηίιά
987 5484 1133 5537 hunc
1162 5481 1343 5538 locum
1375 5481 1582 5556 addidit
1612 5482 1871 5536 eruditis-

304 5557 476 5609 simus
514 5554 759 5621 Duraaus,
788 5556 1112 5626 dignissima
1132 5564 1223 5626 est
1259 5569 1381 5626 que
1415 5554 1642 5626 legatur.

375 5628 483 5693 (55)
506 5627 562 5701 in
588 5629 715 5701 illis,
754 5622 883 5701 τοὺς
918 5625 1014 5701 ,ἐφ’
1043 5622 1217 5701 ὑμῶν,
1266 5622 1382 5701 viti
1435 5622 1637 5701 aliquid
1673 5623 1865 5701 inesse

306 5691 860 5763 ratus—Goaibelisius,
886 5691 983 5751 sic
1009 5691 1337 5761 emendavit,
1375 5694 1499 5757 τοὺς
1529 5692 1618 5762 ἀφ’
1666 5691 1816 5762 ὑμῶν
1850 5712 1861 5744 ;

1990 1780 2385 1849 cogitationum
2419 1788 2634 1834 tuarum
2667 1782 2961 1837 vanitatem
2993 1784 3355 1854 redarguere,
3389 1801 3566 1856 neque

1989 1886 2151 1941 quam
2188 1872 2357 1925 multa
2398 1872 2454 1925 in
2497 1872 2662 1927 rebus
2693 1874 2803 1927 sint
2844 1890 2964 1944 quae
2994 1876 3191 1931 mentis
3223 1885 3328 1931 tua:
3373 1893 3565 1947 perce-

1989 1965 2228 2032 ptionem
2270 1963 2512 2033 fugiant,
2564 1966 2886 2029 ostendere;
2937 1976 3117 2021 tamen
3176 1969 3308 2023 illud
3354 1977 3566 2026 vestros

1989 2052 2221 2107 libenter
2254 2055 2511 2123 rogarim,
2541 2063 2595 2108 et
2634 2054 2862 2109 ﬁdenter
2886 2055 3092 2111 allii-mo
3124 2056 3238 2113 fore
3258 2100 3273 2124 ,
3306 2068 3362 2112 ut
3392 2061 3567 2129 pinni-

1988 2151 2098 2197 teat
2136 2154 2187 2197 te
2222 2144 2513 2214 aliquando
2541 2147 2719 2217 impiae
2750 2148 2913 2216 hujus
2962 2151 3177 2204 astutia:
3200 2190 3215 2216 ,
3249 2166 3356 2220 qua
3394 2152 3567 2221 Spiri-

1987 2242 2102 2290 tum
2131 2246 2378 2291 sanetum
2418 2246 2727 2293 creaturam
2755 2240 2914 2295 dicis.
2970 2244 3167 2296 Annon
3226 2243 3387 2299 times
3434 2261 3564 2315 pec-

1988 2335 2195 2390 catum,
2224 2327 2384 2396 cujus
2416 2330 2563 2383 nulla
2591 2338 2675 2384 est
2705 2332 2859 2385 venia
2892 2332 2980 2384 ‘7?
3016 2334 3123 2386 Aut
3154 2344 3314 2404 putas
3346 2344 3399 2390 te
3437 2352 3563 2405 pro-

1988 2415 2130 2472 ferre
2188 2434 2349 2487 posse
2401 2419 2791 2488 blasphemiam
2847 2423 3194 2491 quampiam,
3252 2440 3373 2495 quae
3421 2426 3560 2479 hanc

1989 2519 2208 2579 superet
2233 2512 2544 2581 impietate?
2564 2511 2697 2565 Nam
2725 2528 2790 2567 ex
2816 2528 2923 2566 una
2952 2515 3052 2569 hac
3082 2531 3212 2570 voce
3238 2519 3561 2586 gravissima

1987 2617 2216 2671 quaeque
2257 2601 2596 2672 impendent,
2631 2604 2887 2658 alienatio
2918 2619 2948 2657 a
2983 2604 3092 2659 Deo
3131 2607 3430 2661 secundum
3463 2624 3561 2661 ua-

1987 2704 2164 2749 turam
2203 2711 2398 2765 ipsam,
2432 2697 2708 2751 servitutis
2740 2697 3039 2764 humilitas,
3074 2699 3293 2753 servilia
3338 2701 3521 2753 munia
3543 2738 3559 2763 ,

1987 2788 2217 2857 privatio
2261 2789 2675 2852 sanctimoniae,
2735 2805 2857 2843 cum
2905 2806 2966 2844 ea
3001 2790 3141 2844 desit
3180 2806 3301 2860 quae
3354 2798 3563 2845 natura

1988 2882 2279 2951 congruit,
2312 2882 2631 2950 accidetque
2662 2881 2890 2952 Spiritui
2942 2883 3068 2952 ipsi,
3092 2892 3150 2937 ut
3178 2883 3367 2938 eodem
3398 2885 3560 2937 modo

1987 2986 2051 3024 ex
2087 2971 2272 3039 gratia:
2301 2970 2686 3025 distributione
2716 2972 2993 3041 particeps
3035 2972 3127 3026 fiat
3157 2974 3555 3036 sanctimonia;

1988 3076 2096 3128 quo
2125 3075 2243 3113 eam
2270 3069 2323 3115 et
2353 3061 2557 3130 reliqua
2582 3051 2701 3131 qua:
2732 3063 3036 3131 significata
3066 3072 3215 3130 sunt,
3244 3065 3462 3119 habent.
3496 3064 3558 3119 Et

1990 3152 2132 3206 sicut
2173 3154 2335 3207 datur
2369 3154 2528 3209 nobis
2580 3156 2945 3210 manifestatio
2979 3156 3217 3226 Spiritus
3251 3158 3317 3211 ad
3354 3158 3558 3211 utilita-

1987 3250 2117 3307 tem,
2144 3253 2196 3298 et
2218 3246 2360 3299 sicut
2402 3248 2623 3301 cuilibet
2654 3262 2750 3316 pro
2779 3249 2940 3302 modo
2969 3264 3032 3303 ac
3062 3250 3272 3303 ratione
3304 3248 3426 3303 lldei
3461 3249 3560 3301 ad-

1989 3338 2209 3390 metitur
2235 3338 2301 3401 ⁸⁸,
2333 3340 2405 3391 ita
2436 3347 2487 3392 et
2529 3337 2766 3408 Spiritus
2802 3340 2917 3409 ipse
2970 3341 3344 3395 sanctimonia:
3384 3341 3557 3409 parti-

1987 3442 2114 3495 ceps
2144 3428 2267 3491 erit,
2292 3431 2337 3483 si
2375 3444 2519 3497 vere,
2561 3431 2637 3483 uti
2674 3429 3158 3485 Pneumatomachi
3201 3432 3553 3499 existimant,

1985 3527 2203 3574 creatus
2226 3528 2329 3575 est.

2062 3612 2111 3664 7.
2144 3610 2247 3665 Sed
2278 3627 2346 3665 ne
2373 3612 2616 3667 sinamus
2670 3613 2957 3667 stultitiam
2996 3630 3181 3668 eorum
3216 3615 3309 3684 qui
3343 3630 3403 3668 se
3435 3630 3553 3668 om-

1986 3703 2075 3756 nia
2112 3712 2286 3758 mente
2342 3720 2439 3758 sua
2497 3706 2975 3773 comprehendisse
3024 3713 3255 3774 putant,
3306 3706 3555 3760 confuta-

1986 3796 2135 3850 tione
2173 3812 2381 3851 carere.
2424 3796 2593 3851 Nobis
2642 3799 2805 3866 igitur
2839 3799 3223 3868 respondeant.
3258 3798 3399 3863 Quid
3429 3808 3553 3851 tan-

1984 3889 2104 3943 dem
2136 3897 2218 3942 est
2256 3890 2534 3943 sensibilis
2588 3890 2750 3957 hujus
2801 3890 2934 3943 solis
2980 3889 3258 3943 essentia?
3304 3891 3555 3944 Unumne

1984 3996 2050 4033 ex
2080 3990 2315 4048 quatuor
2346 3981 2651 4043 elementis,
2685 3997 2752 4033 an
2787 3981 3125 4049 compositus
3172 3989 3257 4035 est
3304 3998 3371 4035 ex
3418 3997 3554 4050 qua-

1983 4070 2150 4124 tuor?
2204 4070 2367 4140 Atqui
2419 4087 2593 4140 neque
2638 4080 2784 4125 terra
2828 4080 2945 4133 est,
2991 4087 3167 4140 neque
3195 4088 3325 4133 aer,
3378 4088 3554 4141 neque

1984 4178 2144 4233 aqua,
2167 4179 2341 4233 neque
2363 4165 2523 4234 ignis.
2550 4164 2671 4218 Haec
2694 4166 2836 4218 enim
2867 4175 3072 4219 rectum
3094 4175 3296 4218 motum
3323 4166 3551 4228 habent;

1984 4254 2106 4307 aliis
2131 4270 2373 4319 sursum,
2399 4256 2521 4309 aliis
2545 4254 2800 4309 deorsum
2829 4256 3194 4325 vergentibus.
3219 4255 3385 4310 Terra
3408 4259 3553 4311 enim

1984 4352 2039 4399 et
2069 4360 2208 4414 aqua
2238 4346 2493 4400 deorsum
2522 4344 2770 4399 feruntur
2802 4355 3023 4417 propter
3066 4347 3385 4416 gravitatem
3414 4366 3428 4411 ;
3461 4364 3553 4401 aer

1908 4416 1955 4472 θ
1982 4451 2110 4489 vero
2140 4443 2193 4489 et
2212 4437 2351 4506 ignis
2374 4452 2589 4493 sursum
2613 4454 2801 4493 vcrsus
2822 4447 3105 4492 moventur
3137 4440 3207 4493 ob
3237 4441 3506 4493 levitatem
3533 4460 3546 4493 :

1981 4528 2062 4582 sol
2088 4536 2267 4582 autem
2300 4528 2353 4581 in
2382 4530 2568 4583 orbem
2602 4541 2865 4584 movetur.
2912 4529 3030 4584 Non
3063 4532 3227 4599 igitur
3266 4547 3432 4585 unum
3484 4545 3551 4584 ex

1979 4627 2215 4686 quatuor
2247 4626 2350 4674 est.
2410 4619 2523 4673 lmo
2582 4634 2650 4673 ne
2703 4623 3040 4689 compositus
3071 4622 3287 4691 quidem
3322 4636 3387 4673 ex
3442 4620 3550 4675 illis

1976 4718 2081 4776 est,
2114 4726 2236 4764 cum
2272 4725 2335 4764 ea
2376 4727 2498 4781 qua:
2554 4713 2853 4781 composita
2901 4722 3057 4775 sunt,
3108 4721 3291 4781 utpote
3321 4727 3384 4765 ex
3418 4725 3550 4765 con-

1978 4803 2162 4856 trariis
2202 4806 2531 4867 constantia,
2562 4805 2817 4858 iatiscant
2837 4844 2850 4867 ,
2885 4805 2951 4859 iis
2976 4819 3206 4873 quorum
3236 4803 3548 4857 contrarius

1981 4902 2160 4945 motus
2185 4901 2265 4945 est
2313 4908 2372 4947 se
2402 4895 2631 4947 invicem
2673 4895 2778 4946 alio
2822 4894 3283 4962 pertrahentibus.
3318 4893 3387 4945 At
3421 4908 3549 4947 vero

1981 4984 2113 5037 solis
2150 4995 2329 5040 motus
2365 4985 2673 5041 indefessus
2704 4994 2805 5051 est,
2842 4986 2912 5039 ob
2974 4984 3137 5054 idque
3191 4985 3547 5053 irrequietus.

1980 5289 2142 5343 quam
2192 5274 2624 5328 emendationem
2677 5273 2810 5324 mihi
2873 5270 3029 5324 valde
3084 5270 3376 5343 admodum
3424 5288 3549 5339 pro—

1980 5340 2096 5398 bari
2136 5343 2342 5407 fateor;
2371 5346 2627 5411 quoniam
2660 5351 2838 5395 tamen
2868 5356 3057 5411 omnes
3088 5340 3231 5403 libri,
3261 5352 3371 5394 tum
3405 5345 3549 5411 typis

1980 5414 2279 5483 descripti,
2330 5410 2445 5466 tum
2498 5414 2721 5483 calamo
2758 5410 2961 5473 notati,
3015 5411 3217 5465 habent
3269 5412 3394 5473 τοὺς
3434 5410 3551 5481 ἐφ’

1979 5482 2317 5552 ὑμῶνζιιίίιίι
2349 5491 2559 5534 mutare
2582 5482 2747 5552 volui.

2048 5553 2166 5621 (56')
2197 5551 2340 5605 Editi
2376 5553 2624 5621 μέτοχον,
2644 5550 2866 5605 Veteres
2890 5557 3125 5619 quatuor
3143 5550 3268 5622 libri
3292 5550 3541 5622 μετέχον.

2044 5620 2157 5693 (37)
2195 5622 2333 5675 Editi
2365 5620 2447 5683 τίς
2482 5638 2629 5674 ποτε.
2661 5622 2723 5673 At
2755 5636 2887 5675 mss.
2922 5630 3154 5692 quatuor
3178 5620 3227 5674 τί
3262 5635 3412 5673 ποτε.
