3982 6240
440 285 549 341 615

1722 274 1781 329 S.
1827 274 2075 329 BASlLll
2106 271 2323 329 MAGNI

3602 271 3713 326 616

436 391 621 460 Quare
653 389 994 460 compositus
1032 404 1139 443 non
1171 396 1275 444 est.
1316 389 1481 460 Atqui
1511 387 1779 458 quidquid
1819 388 1872 442 in
1902 403 2025 442 cor-

2136 388 2219 440 ιιαὶ
2238 386 2534 446 ἄπαυστος.
2569 384 2732 435 Ὥστε
2771 382 2832 434 ού
2868 381 3141 444 σύνθετος.
3183 381 3346 436 Ἀλλὰ
3377 381 3482 453 μὴν
3507 384 3565 435 ἐν
3599 386 3715 442 τοῖς

439 485 669 557 poribus
700 490 1041 545 numeratur,
1071 482 1122 536 id
1147 490 1241 536 aut
1280 458 1511 552 simplex
1543 491 1649 546 est,
1682 491 1777 535 aut
1797 495 2025 549 compo-

439 578 629 633 situm.
673 575 764 629 Sol
800 583 982 628 autem
1017 574 1176 645 196
1211 589 1387 644 neque
1412 584 1495 628 est
1524 588 1727 644 corpus
1753 573 2023 643 simplex:

440 681 553 721 non
588 666 733 720 enim
764 666 819 719 in
853 672 1063 719 rectum
1089 675 1375 729 movetur;
1419 680 1595 734 neque
1623 664 2023 734 compositum:

442 771 552 810 non
580 755 727 809 enim
754 753 957 810 fatiscit
986 769 1049 809 ex
1081 763 1253 809 motu.
1287 754 1404 808 Non
1433 762 1518 810 est
1540 755 1709 825 igitur
1731 754 1835 810 sol.
1865 751 2027 808 Tales

442 855 567 901 sunt
617 857 821 917 argutae
876 854 1073 901 vestrm
1112 846 1452 911 divisiones,
1483 860 1609 916 qua:
1653 843 1861 899 derisui
1898 852 2029 898 sunt

441 939 630 994 oculos
664 938 1006 993 habentibus.
1044 936 1256 993 Rursus
1302 939 1579 1008 quomodo
1626 936 1878 992 videmus
1924 952 2026 991 nos

443 1030 732 1085 homines?
763 1028 959 1094 Sicne,
999 1040 1056 1083 ut
1086 1029 1455 1099 suscipiamus
1496 1027 1700 1083 formas
1731 1043 1913 1081 rerum
1947 1026 2028 1078 vi-

442 1123 708 1184 sibilium,
736 1136 803 1174 an
851 1123 922 1174 ita
977 1127 1038 1174 ut
1084 1121 1340 1175 virtutem
1398 1120 1693 1191 quamdam
1746 1135 1813 1174 ex
1865 1118 2026 1173 nobis

443 1213 578 1280 ipsis
619 1210 978 1265 omittamus?
1024 1210 1190 1280 Atqui
1248 1224 1427 1279 neque
1462 1209 1796 1280 suscipimus
1841 1223 2027 1264 rerum

446 1302 739 1357 visibilium
803 1301 1066 1371 imagines
1126 1300 1240 1371 (qui
1283 1301 1428 1355 enim
1463 1300 1581 1355 ﬁeri
1628 1307 1809 1370 potest
1862 1307 1921 1353 ut
1970 1300 2025 1353 in

450 1393 650 1460 exiguo
684 1390 903 1461 pupillae
950 1396 1131 1444 meatu
1182 1391 1309 1446 cmli
1344 1391 1786 1462 hemisphaerium
1839 1390 2027 1460 impri-

444 1481 714 1550 matur?),
774 1495 951 1552 neque
1000 1496 1065 1535 ex
1149 1482 1308 1538 nobis
1363 1482 1664 1553 quidquam
1725 1483 2026 1539 emittimus

445 1572 743 1644 (quontodo
776 1573 922 1628 enim
950 1588 1146 1630 rursus
1182 1574 1235 1629 id
1265 1574 1411 1645 quod
1441 1575 1706 1630 emittitur
1737 1576 1872 1630 satis
1910 1575 2028 1629 fue-

443 1668 550 1735 rit,
602 1673 660 1720 ut
696 1665 765 1720 ad
802 1673 1011 1720 tantam
1064 1666 1188 1721 caeli
1242 1666 1552 1722 vastitatem
1588 1666 1933 1737 expendatur
1955 1667 2023 1735 ?);

2135 474 2380 544 σώμασιν
2423 472 2456 544 ἦ
2514 471 2717 527 ἁπλοῦν
2753 472 2807 525 τί
2850 473 3095 543 ἐστι’),ἦ
3146 472 3421 528 σύνθετον.
3472 472 3612 525 Οὔτε
3656 472 3716 526 δὲ

2133 564 2337 618 ἁπλοῦν
2367 563 2527 635 σῶμα
2555 564 2584 617 6
2620 564 2801 635 ἣλιος·
2838 564 2899 618 οὐ
2932 564 3042 636 γὰρ
3076 565 3161 617 ἐπ’
3200 563 3415 629 εὐθείας
3445 568 3712 617 κινεῖται·

2132 656 2255 709 οὕτε
2288 655 2543 709 σύνθετον
2563 672 2575 683 ’
2608 656 2671 712 ού
2716 655 2825 727 7&9
2850 655 3047 728 κάμνει
3088 656 3425 728 κινούμενος.
3460 657 3575 709 Οὐκ
3606 656 3719 727 ἄρα

2133 749 2333 802 ἐστὶνὸ
2379 747 2550 819 ἥλιος.
2583 746 2843 801 Τοιαῦται
2890 748 3046 819 ὑμῶν
3077 750 3131 801 αἱ
3181 748 3344 817 σοφαὶ
3395 747 3713 819 διαιρέσεις,

2134 841 2240 894 ὑπὸ
2271 841 2379 894 τῶν
2419 840 2733 912 ὀφθαλμοὺς
2765 840 2997 911 ἐχόντων
3035 839 3509 911 καταγελώμεναι.
3545 838 3717 891 Πάλιν

2134 935 2251 998 πῶς
2280 935 2497 1007 ὁρῶμεν
2518 934 2569 987 οἱ
2594 934 2900 1005 ἄνθρωποι;
2942 933 3178 1004 Πότερον
3200 932 3567 1002 είσδεχόμενοι
3586 931 3717 994 τοὺς

2133 1026 2335 1091 τύπους
2361 1026 2470 1080 τῶν
2510 1008 2743 1098 ὁρατῶν,
2780 1025 2813 1096 ἢ
2860 1023 3110 1093 ἀφιέντες
3146 1023 3374 1094 δύναμιν
3411 1024 3471 1089 ἐξ
3496 1023 3716 1088 αὐτῶν;

2146 1118 2306 1172 Ἀλλὰ
2338 1118 2444 1190 μὴν
2473 1116 2599 1171 οὔτε
2648 1114 2923 1188 δεχόμεθα
2952 1114 3060 1169 τῶν
3092 1114 3304 1186 ὁρατῶν
3345 1115 3447 1178 τὰς
3499 1115 3717 1178 εἰκόνας

2132 1210 2292 1275 (πῶς
2320 1212 2431 1282 γὰρ
2472 1208 2534 1262 τὸ
2579 1206 2934 1280 ἡμισφαίριον
2981 1207 3076 1263 τοῦ
3124 1206 3353 1280 οὐρανοῦ
3402 1205 3481 1277 τῷ
3530 1206 3718 1279 μικρῷ

2134 1301 2287 1372 πόρῳ
2319 1299 2416 1370 τῆς
2461 1299 2631 1371 κόρης
2658 1296 3081 1369 ὲμφαίνεται;),
3109 1296 3232 1350 οὔτε
3265 1298 3374 1368 μὴν
3400 1296 3633 1368 ἀφίεμέν
3660 1313 3717 1349 τι

2133 1395 2264 1465 παρ’
2317 1390 2560 1446 ἑαυτῶν
2604 1390 2761 1462 (πῶς
2803 1388 2913 1463 γὰρ
2966 1389 3129 1443 πάλιν
3187 1389 3249 1443 τὸ
3295 1390 3719 1460 ἐκπεμπόμενον

2132 1485 2356 1556 ἐξαρκεῖ
2393 1482 2470 1554 τῷ
2519 1481 2734 1554 ούρανῷ
2773 1479 3218 1551 ὲφαπλοῦσθαι;)
3265 1480 3330 1533 Εἰ
3362 1480 3419 1534 δὲ
3454 1483 3592 1551 μήτε
3628 1480 3718 1535 δε-

2133 1575 2341 1648 χόμεθα
2363 1574 2473 1630 τῶν
2503 1572 2717 1645 ὁρατῶν
2756 1571 2855 1636 τὰς
2885 1571 3121 1637 εἰκόνας,
3161 1573 3296 1643 μήτε
3326 1571 3447 1625 τινὰ
3481 1570 3715 1643 δύναμιν

2132 1673 2192 1736 ἐξ
2223 1668 2430 1725 ἑαυτῶν
2459 1666 2883 1737 ἀποπέμπομεν,
2923 1664 3025 1718 οὐκ
3054 1663 3163 1735 ἄρα
3201 1662 3440 1734 ὁρῶμεν.
3472 1662 3538 1717 Τί
3575 1659 3713 1729 οὖν;

443 1759 591 1829 quod
637 1759 685 1813 si
713 1775 892 1829 neque
916 1759 1215 1829 recipimus
1234 1759 1531 1814 visibilium
1549 1759 1837 1831 imagines,
1858 1775 2033 1829 neque

2136 1763 2339 1832 ἐλέγξω
2372 1761 2527 1832 ὑμῶν
2551 1761 2679 1822 τοὺς
2716 1756 3128 1827 συλλογισμοὺς,
3163 1756 3196 1828 ἢ
3236 1756 3540 1828 ἐπεύξομαι
3583 1757 3717 1828 ὑμῖν

444 1853 702 1905 virtutem
734 1852 898 1904 ullam
922 1866 989 1905 ex
1013 1851 1173 1906 nobis
1205 1851 1340 1920 ipsis
1366 1850 1692 1913 emittimus,
1719 1865 1829 1905 non
1861 1851 2032 1923 igitur

444 1941 713 1995 videmus.
763 1938 903 2004 Quid
949 1939 1156 2009 igitur?
1190 1953 1565 2009 coarguamne
1603 1946 1822 1993 vestros
1866 1939 2034 2008 syllo-

445 2033 685 2101 gismos,
723 2046 793 2084 an
820 2031 979 2085 vobis
1007 2031 1112 2084 hoc
1147 2030 1369 2100 optabo,
1398 2045 1527 2085 vera
1567 2037 1625 2083 ut
1653 2029 2033 2085 concludatis?

446 2124 588 2191 Quid
633 2124 703 2178 ab
747 2121 1064 2192 hujusmodi
1108 2122 1448 2191 argumentis
1503 2120 1683 2176 dilIert
1733 2122 2031 2177 artiﬁciosa

444 2226 629 2273 vestra
657 2216 726 2271 de
761 2214 969 2285 Spiritu
1001 2213 1258 2284 loquendi
1284 2214 1446 2279 ratio,
1471 2230 1637 2284 quam
1670 2214 1813 2284 apud
1861 2216 2032 2268 miseo-

444 2319 539 2361 ras
587 2306 942 2360 mulierculas
991 2312 1087 2360 aut
1141 2303 1329 2360 amnes
1378 2305 1704 2361 mulieribus
1747 2303 2031 2359 eunuchos

441 2398 700 2466 jactatis?
729 2398 873 2453 Cave
909 2398 1104 2453 audias
1150 2397 1353 2453 infesto
1383 2398 1568 2453 animo
1591 2406 1646 2454 et
1668 2398 2029 2453 calumnioso.

446 2487 684 2558 Spiritus.
721 2488 768 2545 si
800 2503 869 2543 ex
917 2487 1027 2543 Deo
1053 2496 1159 2555 est,
1194 2488 1470 2557 quomodo
1498 2494 1564 2543 ad
1595 2497 1907 2544 creaturam
1937 2488 2033 2543 de-

445 2580 661 2636 mittis?
691 2581 808 2636 Non
854 2581 1000 2635 enim
1033 2581 1165 2636 illud
1187 2596 1248 2636 es
1279 2581 1552 2647 dicturus,
1580 2596 1646 2637 ex
1692 2580 1803 2635 Deo
1846 2579 2031 2635 omnia

444 2686 589 2729 esse.
633 2671 1109 2738 Quemadmodum
1159 2674 1303 2727 enim
1345 2673 1600 2728 Christus
1649 2671 1744 2727 Dei
1796 2671 2030 2737 dicitur,

445 2778 550 2819 nec
590 2771 770 2819 tamen
828 2773 1080 2818 creatura
1109 2772 1193 2819 est
1224 2765 1366 2819 sicut
1393 2780 1494 2820 nos
1535 2763 1676 2834 (Nos
1714 2766 1851 2818 enim
1875 2762 2034 2819 Chri-

449 2855 543 2917 sti,
570 2853 813 2908 Christus
845 2870 964 2909 vero
983 2856 1080 2910 Dei
1098 2856 1191 2925 M'),
1211 2857 1306 2912 sed
1336 2858 1494 2911 aliter
1522 2872 1623 2912 nos
1648 2856 1853 2912 Christi
1892 2856 2033 2911 dici-

449 2955 595 3005 mur,
626 2942 776 2997 velut
808 2944 954 2998 servi
999 2943 1234 3009 Domini,
1266 2946 1427 3000 aliter
1456 2945 1711 3001 Christus
1763 2944 1858 3002 Dei
1902 2946 2035 3002 dici-

447 3040 559 3094 tur,
588 3033 736 3088 velut
768 3032 940 3090 Filius
970 3033 1185 3103 Patris;
1220 3037 1295 3090 ita
1326 3029 1390 3093 et’
1428 3036 1666 3108 Spiritus
1695 3054 1807 3093 non
1830 3079 1845 3104 ,
1893 3055 2032 3109 quo-

449 3125 597 3179 niam
628 3126 813 3178 omnia
847 3140 915 3179 ex
943 3123 1055 3180 Deo
1083 3135 1230 3186 sunt,
1256 3138 1310 3182 et
1342 3130 1478 3197 ipse,
1505 3136 1567 3183 ut
1598 3129 1806 3194 omnia,
1832 3146 1897 3185 ex
1918 3129 2030 3186 Deo
2059 3111 2101 3169 (ἶ

447 3223 553 3271 est.
616 3214 805 3286 Neque
844 3217 991 3271 enim
1040 3219 1302 3287 quoniam
1350 3226 1405 3273 et
1453 3218 1764 3276 administri
1803 3220 2032 3291 spiritus

449 3315 578 3363 sunt
614 3308 685 3372 ⁸ο,
709 3309 972 3364 continuo
1008 3309 1204 3367 similis
1235 3310 1346 3367 illis
1378 3320 1465 3366 est
1502 3319 1557 3366 et
1611 3311 1852 3383 Spiritus
1905 3329 2035 3369 san-
2077 3316 2085 3323 '

448 3407 594 3461 ctus,
628 3399 698 3453 ob
719 3400 1166 3469 appellationem.
1210 3402 1348 3457 Nam
1396 3418 1540 3458 unus
1583 3411 1667 3459 est.
1699 3420 1826 3461 vere
1856 3403 2034 3475 Spirio

448 3498 561 3546 tus.
596 3489 665 3544 Ut
708 3491 854 3545 enim
888 3493 1048 3547 multi
1095 3500 1223 3550 sunt
1283 3494 1410 3561 ﬁlii,
1464 3512 1609 3553 unus
1658 3505 1838 3553 autem
1872 3514 2035 3555 verus

448 3581 658 3639 Filius:
689 3583 786 3648 ita,
817 3586 1031 3640 etiamsi
1057 3588 1238 3640 omnia
1270 3585 1526 3642 dicantur
1553 3605 1619 3644 ex
1648 3589 1781 3655 Deo,
1813 3592 2037 3662 proprie

450 3683 636 3730 tamen
665 3674 838 3732 Filius
869 3694 937 3733 ex
978 3677 1112 3744 Deo,
1141 3687 1195 3734 et
1231 3678 1471 3751 Spiritus
1500 3698 1569 3737 ex
1594 3681 1705 3738 Deo
1733 3693 1834 3739 est.
1898 3683 2035 3738 Nam

449 3775 506 3820 et
534 3764 707 3823 Filius
736 3783 766 3822 a
795 3767 956 3824 Patre
1003 3770 1172 3825 exivit
1198 3810 1213 3836 ,
1261 3780 1316 3826 et
1349 3771 1589 3842 Spiritus
1617 3789 1684 3829 ex
1714 3774 1873 3831 Patre
1909 3792 2036 3846 pro-

451 3859 617 3913 cedit.
660 3861 730 3912 At
762 3858 935 3916 Filius
967 3862 1185 3931 quidem
1211 3879 1279 3918 ex
1300 3863 1462 3918 Patre
1484 3880 1582 3935 per
1604 3867 2033 3937 generationem,

451 3947 692 4022 Spiritus
741 3968 872 4007 vero
921 3968 989 4007 ex
1037 3953 1171 4020 Deo,
1209 3970 1412 4010 arcano
1442 3957 1606 4012 modo
1636 3964 1799 4028 atque
1847 3958 2038 4015 ineﬂ‘a-

452 4042 570 4095 bili.
619 4040 754 4097 Vide
779 4044 947 4111 igitur
970 4051 1240 4114 quantum
1272 4043 1438 4100 fuerit
1470 4047 1771 4116 periculum
1802 4048 2037 4120 gloriam

452 4131 721 4186 Paracleti
753 4141 1069 4190 extenuare.
1113 4133 1284 4191 Filius
1308 4136 1549 4192 delatum
1596 4139 1700 4194 sibi
1732 4139 1996 4196 honorem
2016 4179 2033 4205 ,
2053 4178 2075 4197 .

455 4229 640 4288 spreto
667 4220 870 4290 Spiritu
893 4263 910 4287 ,
946 4239 1058 4278 non
1102 4226 1315 4296 recipit.
1356 4224 1460 4281 Ille
1479 4228 1623 4283 enim
1646 4269 1661 4295 ,
1708 4229 1918 4299 inquit,
1957 4247 2038 4285 me

452 4312 774 4382 gloriﬁcabit
800 4314 867 4378 ",
891 4330 999 4369 non
1035 4325 1092 4371 ut
1117 4333 1312 4375 servus
1340 4334 1463 4374 cum
1492 4323 1785 4378 creaturis.
1825 4322 2037 4378 Etenim

2135 1855 2312 1927 ἀληθῆ
2348 1851 2487 1908 εἶναι
2545 1853 2612 1906 τὰ
2668 1849 3150 1922 συμπεράσματα;
3194 1849 3260 1901 Τί
3304 1848 3559 1921 διαφέρει
3602 1847 3717 1902 τῶν

2134 1947 2387 2001 τοιούτων
2422 1946 2596 2014 λόγων
2650 1944 2744 1998 καὶ
2794 1944 2830 2014 ἡ
2869 1942 2999 2013 περ)⁵
3048 1940 3145 1995 τοῦ
3194 1940 3512 2010 Πνεῦματος
3558 1940 3717 2011 ὑμῶν

2132 2036 2468 2109 τεχνολογία,
2500 2037 2566 2107 ἢν
2609 2033 2983 2106 γυναικαρίοις
3015 2032 3254 2097 ἀθλίοις,
3282 2032 3315 2104 ἡ
3358 2034 3472 2096 τοῖς
3502 2032 3715 2100 γείτοσι

2132 2129 2241 2183 τῶν
2266 2127 2542 2196 γυναικῶν
2568 2124 2843 2194 εὐνούχοις
2865 2122 3300 2177 ὲνεπιδείκνυσϐε
3322 2139 3337 2188 ;
3368 2124 3460 2196 Μὴ
3485 2123 3551 2195 δὴ
3577 2125 3717 2193 επη-

2135 2216 2439 2291 ρεαστικῶς
2467 2217 2654 2271 ἄκουε.
2694 2215 2759 2267 Εί
2806 2214 2873 2266 ὲκ
2902 2211 2998 2267 τοῦ
3035 2211 3170 2266 Θεοῦ
3215 2211 3275 2266 τὸ
3313 2212 3559 2285 Πνεῦμα,
3593 2214 3716 2278 πῶς

2133 2311 2239 2365 ὑπὸ
2269 2312 2368 2382 τὴν
2395 2309 2572 2364 κτίσιν
2617 2307 2805 2379 ἄγεις;
2843 2309 2917 2362 Οὐ
2956 2307 3064 2379 γὰρ
3104 2306 3170 2378 δὴ
3214 2308 3392 2360 ἐκεῖνο
3420 2309 3595 2377 ἐρεῖς,
3628 2308 3713 2360 ὅτι

2133 2405 2230 2459 καὶ
2269 2404 2340 2458 τὰ
2379 2403 2556 2457 πάντα
2598 2404 2664 2456 ὲκ
2694 2402 2786 2456 τοῦ
2825 2401 2980 2455 Θεοῦ.
3017 2401 3228 2472 Ὥσπερ
3261 2400 3371 2472 7&9
3409 2401 3439 2453 6
3476 2399 3717 2473 Χριστὸς

2133 2496 2268 2551 Θεοῦ
2308 2496 2548 2565 λέγεται,
2582 2496 2704 2566 οὐχὶ
2746 2495 2804 2548 δὲ
2834 2495 3039 2566 κτίσμα
3069 2495 3146 2557 ὡς
3186 2493 3280 2547 καὶ
3305 2494 3465 2564 ἡμεῖς
3488 2492 3717 2562 (Ἡμεῖς

2132 2590 2244 2661 γὰρ
2282 2588 2542 2657 Χριστοῦ
2562 2628 2577 2651 ,
2606 2587 2864 2656 Χριστός
2895 2586 2964 2640 δὲ
2997 2585 3200 2655 Θεοῦ),
3240 2585 3357 2639 ἀλλ’
3402 2585 3577 2650 ἄλλως
3611 2586 3715 2656 μὲν

2131 2686 2295 2753 ἡμεῖς
2322 2682 2558 2753 Χριστοῦ
2588 2680 2879 2752 λεγόμεθα,
2902 2680 2978 2744 ὡς
2999 2679 3174 2733 δοῦλοι
3199 2679 3469 2733 Δεσπότου
3490 2695 3505 2709 ·
3534 2677 3715 2742 ἄλλως

2131 2774 2188 2827 δὲ
2221 2775 2454 2847 Χριστὸς
2482 2772 2616 2827 Θεοῦ
2649 2774 2888 2843 λέγεται,
2912 2771 2988 2835 ὡς
3012 2771 3142 2835 Υἱὸς
3166 2770 3261 2824 τοῦ
3292 2771 3530 2841 Πατρός’
3563 2770 3715 2824 οὕτω

2134 2868 2228 2919 καὶ
2259 2866 2319 2919 τὸ
2358 2864 2606 2935 Πνεῦμα,
2637 2865 2738 2918 οὐκ
2776 2863 2966 2935 ἐπειδὴ
3000 2863 3070 2916 τὰ
3113 2863 3293 2918 πάντα
3320 2864 3385 2917 ὲκ
3423 2863 3517 2916 τοῦ
3548 2862 3711 2927 Θεοῦ,

2132 2959 2228 3012 καὶ
2255 2957 2389 3012 αὐτὸ
2410 2958 2487 3022 ὡς
2510 2956 2580 3011 τὰ
2605 2958 2803 3012 πάντα.
2820 2957 2896 3011 Οὐ
2925 2955 3034 3028 γὰρ
3055 2956 3242 3028 ἐπειδὴ
3264 2955 3447 3009 καὶτὰ
3471 2954 3717 3026 λειτουρ-

2133 3048 2268 3117 γικὰ
2301 3048 2606 3120 πνεύματα,
2637 3049 2739 3119 ἡδη
2773 3048 2868 3102 καὶ
2896 3047 2957 3099 τὸ
2999 3046 3223 3119 Πνεῦμα
3250 3047 3313 3124 τὸ
3349 3046 3500 3114 ἅγιον
3525 3047 3714 3116 ὅμοιον

2134 3139 2318 3201 αὐτοῖς
2350 3137 2437 3191 διὰ
2480 3139 2581 3209 τὴν
2623 3136 3017 3210 προσηγορίαν.
3049 3137 3145 3190 Ἕν
3177 3138 3287 3208 γάρ
3322 3137 3437 3189 ἐστι
3474 3135 3537 3189 τδ
3575 3135 3717 3205 ἀλη-

2137 3228 2301 3292 θινῶς
2329 3228 2440 3300 (58)
2466 3228 2710 3300 Πνεῦμα.
2736 3228 2823 3292 Ὠς
2852 3227 2961 3297 γὰρ
2981 3225 3165 3280 πολλοὶ
3200 3227 3298 3297 μὲν
3331 3226 3456 3289 υἱοὶ,
3486 3221 3568 3289 εἷς
3591 3224 3653 3279 δὲ
3683 3226 3717 3279 6

2135 3320 2386 3392 ἀληθινὸς
2403 3321 2557 3384 Υἱός
2583 3319 2727 3374 οὕτω
2753 3320 2854 3374 κᾶν
2887 3321 3064 3375 πάντα
3090 3319 3316 3389 λέγηται
3347 3322 3411 3372 ὲκ
3432 3317 3527 3372 τοῦ
3548 3318 3713 3385 Θεοῦ,

2136 3408 2273 3464 ἀλλὰ
2305 3410 2510 3482 κυρίως
2541 3411 2569 3463 6
2604 3410 2725 3474 Υἱὸς
2755 3412 2819 3465 ὲκ
2859 3410 2954 3465 τοῦ
2987 3409 3143 3478 Θεοῦ,
3175 3409 3270 3464 καὶ
3300 3410 3362 3463 τὸ
3392 3408 3617 3481 Πνεῦμα
3648 3411 3720 3463 ὲκ

2135 3499 2231 3552 τοῦ
2254 3499 2409 3553 Θεοῦ.
2454 3500 2672 3571 Ἐπειδὴ
2701 3501 2794 3554 καὶ
2825 3503 2853 3554 6
2886 3500 3014 3564 Υἱὸς
3052 3499 3205 3571 παρά
3230 3499 3323 3554 τοῦ
3355 3500 3466 3572 (39)
3496 3500 3716 3572 Πατρὸς

2136 3591 2351 3661 ἐξῆλθε,
2392 3593 2486 3646 καὶ
2515 3592 2575 3646 τὸ
2613 3593 2838 3665 Πνεῦμα
2867 3596 2932 3647 ἐκ
2962 3593 3059 3647 τοῦ
3090 3594 3302 3667 Πατρὸς
3331 3593 3712 3666 ἐκπορεύεται.

2149 3685 2289 3737 Ἀλλ’
2313 3687 2342 3737 6
2380 3688 2478 3755 μὲν
2523 3686 2652 3751 Υἱὸς
2699 3688 2764 3740 ἐκ
2807 3686 2903 3740 τοῦ
2939 3689 3156 3760 Πατρὺς
3205 3688 3499 3757 γεννητῶς,
3542 3686 3606 3741 τὺ
3654 3687 3715 3740 δὲ

2139 3776 2363 3847 Πνεῦμα
2392 3778 2651 3849 ἀρρήτως
2681 3780 2745 3831 ἐκ
2771 3778 2866 3832 τοῦ
2896 3777 3055 3835 Θεοῦ.
3091 3781 3234 3849 Ὅρα
3260 3775 3355 3834 οὖν
3380 3779 3490 3850 (40)
3523 3778 3719 3850 ἡλίκος

2136 3868 2166 3920 6
2198 3867 2442 3932 κίνδυνος
2474 3870 2941 3942 κατασμικρύνειν
2967 3871 3066 3943 τὴν
3107 3871 3264 3939 δόξαν
3292 3871 3386 3925 τοῦ
3418 3871 3719 3943 Παρακλὴ-

2136 3975 2251 4013 του.
2278 3960 2353 4013 Οὐ
2380 3959 2593 4031 δέχεται
2621 3960 2718 4032 τὴν
2756 3964 2836 4026 είς
2865 3962 3028 4017 αὑτὸν
3054 3963 3217 4036 τιμὴν
3249 3966 3278 4017 6
3307 3964 3455 4028 Υἱὸς,
3490 3964 3719 4017 ἀθετου-

2141 4052 2303 4123 μένου
2352 4052 2447 4106 τοῦ
2500 4054 2834 4125 Πνεύματος.
2878 4055 3136 4123 Ἐκεῖνος
3181 4057 3291 4129 γὰρ
3314 4096 3329 4121 ,
3375 4058 3539 4127 φησιν
3566 4097 3579 4119 ,
3608 4056 3721 4127 ἐμὲ

2137 4139 2407 4206 δοξάσει,
2437 4143 2536 4214 οὐχ
2587 4144 2664 4208 ὡς
2693 4144 2881 4210 δοῦλος
2924 4146 3063 4217 μετὰ
3097 4147 3198 4219 τῆς
3226 4147 3475 4210 κτίσεως.
3513 4148 3573 4199 Ei
3603 4145 3719 4217 γὰρ

2143 4233 2280 4303 μετὰ
2312 4234 2533 4289 πάντων
2573 4235 2843 4301 ἐδόξαζεν,
2886 4238 2986 4291 οὐκ
3030 4238 3099 4292 ἂν
3142 4237 3371 4311 ὲρῥὴθη,
3426 4239 3713 4305 Ἐκεῖνος,

2140 4324 2254 4379 Νῦν
2285 4326 2343 4380 δὲ
2368 4328 2401 4398 ἡ
2430 4327 2524 4382 ἐπὶ
2550 4328 2612 4381 τὸ
2652 4328 2712 4383 ἓν
2746 4329 2995 4401 ἀναφορὰ
3027 4330 3125 4402 τὴν
3151 4330 3273 4385 καθ’
3303 4329 3577 4401 ὑπεροχὴν
3606 4329 3720 4383 τῶν

454 4401 506 4458 si
556 4418 682 4458 cum
728 4405 985 4463 omnibus
1016 4408 1388 4478 gloriﬁcaret,
1441 4426 1555 4467 non
1603 4422 1751 4469 esset
1782 4415 2032 4471 dictum:

2140 4416 2313 4472 ἄλλων
2351 4420 2770 4492 προσαγομένην
2819 4421 2978 4487 δόξαν
3009 4401 3357 4494 παρίστησιν.
3382 4423 3457 4476 Οὐ
3491 4422 3604 4492 γὰρ
3638 4423 3720 4487 ὡς

461 4494 579 4552 Ille.
608 4494 766 4552 Nunc
797 4513 928 4553 vero
956 4500 1048 4554 illa
1075 4501 1142 4555 ad
1171 4519 1337 4557 unum
1370 4504 1560 4559 relatio
1581 4506 2035 4576 gloriﬁcationem

455 4591 889 4660 praestantiorem
916 4608 1085 4663 quam
1115 4611 1236 4665 quae
1266 4599 1334 4652 ab
1366 4598 1489 4654 aliis
1517 4599 1829 4663 exhibetur,
1876 4598 2037 4654 indi-

457 4691 566 4737 cat.
589 4681 700 4738 Nec
731 4684 877 4738 enim
908 4686 1054 4740 sicut
1085 4688 1180 4758 qui
1229 4689 1521 4755 dicebant,
1555 4688 1739 4745 Gloria
1770 4694 1826 4747 in
1873 4693 2033 4748 altis-

456 4774 604 4827 simis
631 4774 736 4829 Deo
765 4776 845 4843 ";
878 4777 972 4832 sed
1016 4778 1160 4833 sicut
1194 4781 1288 4849 qui
1331 4781 1492 4846 dixit,
1519 4781 1704 4848 Pater,
1733 4785 2031 4856 gloriﬁcavi

459 4873 527 4930 te,
554 4879 682 4933 opus
721 4870 1079 4923 consummaui
1104 4872 1240 4940 quod
1264 4872 1455 4926 dediin
1483 4873 1550 4928 ⁸³.
1597 4873 1663 4929 Et
1690 4876 1836 4930 sicut
1871 4876 2038 4932 Pater

457 4956 725 5026 gloriﬁcat
754 4958 974 5026 Filium,
998 4961 1210 5027 dicens,
1242 4961 1310 5016 Et
1349 4965 1647 5034 gloriﬁcavi
1677 4977 1746 5031 te,
1767 4977 1817 5022 et
1843 4970 2035 5023 iterum

459 5045 764 5114 gloriﬁcabo
795 5048 882 5104 ’δι
933 5050 1017 5105 sic
1062 5058 1116 5105 et
1171 5049 1344 5108 Filius
1397 5051 1663 5123 Spiritum
1695 5057 1751 5110 in
1783 5072 1937 5112 suam
1986 5067 2041 5115 et

459 5134 640 5192 Patris
678 5140 998 5195 societatem
1031 5142 1288 5197 admittit.
1334 5145 1594 5216 Alioquin
1620 5150 1876 5204 ostendat
1901 5150 2039 5206 mihi

459 5226 658 5298 aliquis
689 5230 920 5301 gloriam
953 5233 1059 5289 hac
1079 5235 1364 5305 majorem,
1394 5245 1451 5294 et
1488 5239 1733 5295 concedo
1765 5240 1904 5296 nihil
1926 5244 2036 5299 nisi

531 5430 576 5461 ⁵³
607 5429 794 5509 LCor.
828 5449 927 5503 ιιι,
958 5435 1048 5491 25.
1123 5439 1170 5471 ⁸ο
1207 5437 1373 5496 Hebr.
1410 5458 1462 5509 ι,
1499 5443 1588 5499 14.
1664 5445 1707 5477 ⁸¹
1748 5443 1905 5501 Joan.
1939 5463 2063 5509 va,
2119 5450 2206 5504 id.

462 5512 576 5565 2n,
605 5499 698 5554 28.

537 5612 651 5757 εδδ)
682 5613 837 5671 Unus
864 5616 1021 5699 Coll).
1046 5634 1146 5689 pro
1167 5620 1435 5692 ἀληθινῶς
1468 5623 1630 5682 habet
1657 5624 1875 5698 ἀληθές.

538 5684 653 5757 ,39)
686 5686 839 5744 Coll).
866 5703 1077 5757 primus
1108 5690 1235 5755 Tib;
1267 5693 1330 5745 ὲκ
1362 5692 1477 5748 τοῦ.

538 5684 653 5757 (39)
686 5686 839 5744 Coll).
866 5684 1077 5760 primus
1108 5690 1235 5755 Υἱὸς
1257 5684 1330 5745 ’ἐκ
1362 5684 1477 5748 τοῦ.

2139 4508 2189 4560 οἱ
2239 4507 2518 4577 λέγοντες’
2568 4510 2726 4576 Δόξα
2767 4512 2839 4566 ἐν
2887 4515 3172 4583 ὑψίστοις
3200 4513 3356 4581 Θεῷ·
3406 4513 3521 4568 ἀλλ’
3568 4513 3647 4578 ὡς
3688 4518 3721 4568 6

2138 4597 2341 4652 εἰπών·
2380 4600 2594 4671 Πάτερ,
2640 4602 2909 4669 ἐδόξασά
2936 4622 3031 4671 σε,
3079 4605 3147 4659 τὸ
3184 4605 3363 4676 ἔργον
3403 4606 3436 4659 ὃ
3484 4606 3723 4673 ἔδωκας

2139 4690 2477 4747 ἑτελείωσα.
2507 4694 2617 4746 Καὶ
2653 4695 2730 4758 ὡς
2761 4697 2790 4748 6
2833 4696 3024 4769 Πατὴρ
3063 4696 3274 4763 δοξάζει
3316 4699 3413 4753 τὸν
3442 4700 3593 4763 Υἱὺν,
3626 4703 3723 4755 λέσ-

2142 4799 2282 4851 γων·
2321 4783 2429 4836 Καὶ
2473 4784 2741 4850 ἐδόξασά
2777 4802 2872 4851 σε,
2907 4789 3009 4842 καὶ
3041 4789 3231 4844 πάλιν
3269 4790 3536 4856 δοξάσω·
3571 4792 3725 4847 οὕτω

2144 4875 2239 4927 καὶ
2274 4876 2302 4928 6
2334 4875 2459 4938 Υἱὸς
2501 4875 2562 4929 τὸ
2602 4877 2826 4946 Πνεῦμα
2874 4880 2956 4942 εἰς
2990 4879 3089 4949 τὴν
3134 4880 3330 4934 ἑαυτοῦ
3377 4883 3473 4935 καὶ
3506 4884 3728 4957 Πατρὸς

2145 4969 2425 5022 κοινωνίαν
2455 4970 2887 5041 παραλαμϐάνει.
2921 4973 2993 5025 Ἢ
3014 4972 3244 5040 δειξάτω
3268 4974 3357 5045 μοί
3380 4993 3464 5040 τις
3494 4977 3729 5047 μείζονα

2145 5060 2348 5132 ταύτης
2374 5060 2554 5126 δόξαν,
2587 5064 2682 5116 καὶ
2714 5063 2891 5117 πάντα
2927 5063 3119 5137 δίδωμι
3152 5066 3438 5137 ἀληθεύειν
3468 5069 3600 5132 τοὺς
3625 5071 3729 5122 ἀν-

2142 5152 2472 5219 τιλέγοντας.
2523 5152 2586 5205 Ὃ
2618 5151 2776 5222 ὑμᾶς
2818 5152 3044 5208 ἀθετῶν
3083 5155 3188 5224 ἐμὲ
3224 5156 3437 5213 ἀθετεῖ.
3491 5158 3593 5212 Διὰ
3632 5158 3729 5223 τίς

2143 5243 2239 5297 Διὰ
2263 5244 2322 5297 τὸ
2351 5243 2572 5315 Πνεῦμα
2603 5248 2663 5298 τὸ
2691 5245 2934 5299 ἐνοικοῦν
2966 5248 3024 5299 ἐν
3051 5247 3233 5312 αὐτοῖς
3260 5247 3523 5318 δηλονότι.
3554 5249 3729 5303 Ὥστε

2314 5452 2356 5482 ἠ
2400 5450 2531 5506 Luc.
2605 5468 2676 5516 ιι,
2714 5452 2800 5506 14.
2876 5453 2923 5486 ⁸³
2962 5452 3119 5511 Joan.
3159 5472 3307 5521 ιιι-ιι,
3340 5456 3393 5509 4.
3472 5457 3521 5489 ⁸⁸
3557 5455 3730 5515 Joan.

2144 5630 2321 5753 O'MO)
2356 5628 2579 5690 Veteres
2618 5644 2855 5707 quatuor
2882 5637 3006 5693 libri
3043 5635 3186 5707 Ὅρα
3229 5633 3343 5696 οὖν.
3392 5636 3541 5696 Editi
3582 5644 3726 5717 Ἄρα

2176 5720 2255 5753 ’.Ιν-

2176 5720 2255 5754 νν.
