3982 6240
318 372 423 429 617
1136 379 1413 435 ΡΠΑΞἮΛ
1451 380 1843 438 INSTITUTIO
1880 384 1904 436 Α

2007 383 2234 437 ETlCA.
2264 415 2330 424 —
2370 380 2710 437 MOMI‘UM.
3471 379 3576 435 618

321 498 356 549 ὁ
385 494 460 567 μὴ
480 497 656 567 τιμῶν
679 497 740 549 τὸ
772 496 997 566 Πνεῦμα
1028 497 1090 549 οὐ
1139 499 1273 566 τιμᾷ
1302 497 1394 549 τὸν
1442 498 1593 550 Υίόν·
1636 498 1687 549 '0
1726 499 1781 550 δὲ
1812 496 1899 566 μὴ

2009 514 2192 551 verum
2239 498 2345 552 dici
2397 498 2466 551 ab
2518 498 2863 551 adversariis.
2916 499 3021 562 Qui
3079 514 3165 551 vos
3225 499 3458 565 spernit,
3497 514 3576 551 mc

326 590 514 660 τιμῶν
528 590 636 643 τὸν
666 590 804 643 Υίὸν
828 591 899 642 οὐ
928 589 1067 658 τιμᾷ
1095 589 1200 641 τὸν
1230 589 1481 657 Πατέρα.
1512 588 1696 653 Οὕτως
1726 590 1836 661 ἄρα
1870 594 1903 661 ἡ

325 684 459 753 περὶ
491 682 546 735 ’ἐν
577 699 630 734 τι
660 681 769 733 τῶν
798 681 1203 749 πιστευομένων
1240 680 1596 752 ἀγνωμοσύνη
1632 682 1758 754 ὅλης
1788 684 1904 735 ἐστὶ

324 774 426 844 τῆς
456 773 708 841 θεότητος
731 772 977 840 ἄρνησις.
1000 772 1058 822 Εἰ
1091 770 1304 822 κτιστύν
1331 773 1447 823 ἐστι
1474 771 1533 823 τὸ
1565 772 1810 842 Πνεῦμα,
1840 773 1902 825 οὐ

326 861 491 914 θεῖον.
527 861 687 913 Ἀλλὰ
718 862 825 930 μὴν
857 860 1119 928 Πνεῦμα,
1156 862 1309 929 φησι,
1347 862 1508 914 θεῖον
1544 862 1610 915 τὸ
1639 862 1906 929 ποιῆσάν

322 972 422 1024 με.
454 954 584 1017 Καὶ,
622 953 977 1020 Ἑνέπλησε,
1008 955 1189 1024 φησὶν,
1222 956 1255 1005 ό
1288 954 1432 1019 Θεὸς
1463 955 1571 1008 τὸν
1595 955 1905 1023 Βεσελεὴλ

330 1047 574 1114 Πνεῦμα
607 1046 768 1099 θεῖον
807 1047 1031 1114 σοφίας
1061 1046 1159 1099 καὶ
1195 1048 1523 1114 συνέσεως.
1572 1049 1683 1102 Ποῦ
1725 1049 1905 1102 τοίνυν

327 1139 609 1209 εὑρίσκεις
654 1139 1015 1209 προσεγγίζον
1048 1142 1109 1192 τὸ
1158 1141 1332 1205 θεῖον;
1378 1144 1443 1210 τῇ
1498 1141 1711 1203 κτίσει,
1755 1141 1788 1211 ἢ
1837 1144 1902 1211 τῇ

326 1232 578 1301 Getis-qu;
614 1232 674 1285 Ei
718 1235 816 1302 μὲν
840 1233 947 1303 γὰρ
974 1236 1039 1304 τῇ
1079 1234 1274 1299 κτίσει,
1310 1233 1522 1286 καὶτὸν
1564 1234 1781 1304 Πατέρα
1812 1232 1904 1286 τοῦ

326 1325 539 1394 Κυρίου
565 1324 722 1394 ἡμῶν
767 1326 943 1394 ’ῐησοῦ
982 1325 1217 1395 Χριστοῦ
1249 1326 1454 1394 κτίσμα
1486 1328 1659 1397 ἐρεῖςο
1703 1326 1905 1396 γέγρα-

326 1431 464 1466 πται
494 1414 603 1485 γὰρ
638 1416 765 1485 περὶ
799 1415 964 1468 αὑτοῦ
985 1432 998 1445 ⁸
1035 1418 1105 1469 Ἦ
1129 1433 1192 1469 τε
1223 1416 1414 1480 ἀΐδιος
1434 1418 1619 1471 αὐτοῦ
1656 1416 1906 1485 δύναμις

325 1509 430 1561 καὶ
485 1510 753 1575 θειότης⁸
801 1511 849 1560 εί
891 1509 1040 1579 δὲτῇ
1092 1508 1340 1578 θεότητι,
1398 1508 1746 1578 παυσάμενος
1807 1508 1906 1578 τῆς

328 1603 717 1672 βλασφημίας,
773 1601 1033 1669 ἐπίγνωθι
1073 1600 1168 1654 τοῦ
1221 1600 1535 1673 Πνεῦματος
1575 1602 1673 1673 τὴν
1727 1602 1903 1668 ἀξίαν.

2007 592 2202 658 spernit
2247 592 2311 645 ⁸⁵.
2370 589 2594 655 Quare?
2646 589 2874 659 Propter
2920 588 3183 657 Spiritum
3226 588 3477 644 videlicet
3519 591 3575 644 in

2005 682 2142 751 ipsis
2176 682 2594 736 inhabitantem.
2628 680 2812 749 Itaque
2851 679 2941 748 qui
2996 694 3099 732 non
3138 680 3369 733 honorat
3401 678 3575 749 Spiri-

2007 779 2143 833 tum,
2180 770 2373 825 Filium
2431 787 2538 824 non
2599 770 2867 823 honorat:
2913 768 3114 821 Filium
3160 784 3291 823 vero
3337 771 3426 840 qui
3474 788 3576 824 non

2007 864 2248 927 honorat,
2286 863 2501 917 Patrem
2530 880 2630 915 non
2666 862 2888 914 honorat
2924 862 2989 914 ⁸⁸.
3024 860 3113 915 Sic
3149 862 3316 932 igitur
3351 862 3574 932 perﬁdia

2005 970 2127 1024 qua:
2154 955 2460 1007 admittitur
2494 956 2546 1008 in
2588 972 2755 1009 unum
2792 954 3013 1024 aliquod
3053 970 3239 1007 eorum
3273 955 3428 1024 197
3456 970 3578 1024 quae

2006 1046 2274 1101 credenda
2305 1054 2454 1108 sunt.
2480 1046 2745 1099 inﬁciatio
2768 1056 2850 1099 est
2882 1047 3049 1099 totius
3074 1045 3310 1099 deitatis.
3339 1046 3577 1114 Spiritus

2008 1139 2053 1193 si
2082 1148 2299 1194 creatus
2333 1146 2439 1205 est,
2462 1154 2568 1192 nou
2605 1148 2689 1194 est
2719 1138 2957 1192 divinus.
3000 1136 3164 1206 Atqui
3201 1135 3455 1204 Spiritus,
3491 1138 3569 1191 in-

2008 1232 2147 1300 quit,
2173 1231 2382 1284 divinus
2417 1231 2505 1299 qui
2558 1230 2678 1299 fecit
2725 1247 2803 1283 me
2838 1231 2903 1281 ⁸⁷.
2938 1228 3022 1294 Ει,
3058 1227 3317 1295 Replevit,
3359 1229 3577 1298 inquit,

2008 1322 2149 1377 Deus
2183 1324 2411 1377 Beseleel
2450 1323 2651 1391 Spiritu
2699 1324 2875 1377 divino
2921 1325 3190 1392 sapientia:
3247 1333 3296 1377 et
3352 1324 3581 1391 pruden-

2011 1418 2097 1469 tia:
2124 1416 2187 1470 ⁵³.
2222 1416 2408 1484 Itaque
2441 1416 2508 1468 ad
2548 1423 2727 1468 utrum
2753 1416 2958 1485 reperis
2989 1415 3231 1470 divinum
3280 1416 3583 1472 accedere?

2010 1510 2075 1563 ad
2107 1516 2433 1573 creaturam,
2464 1523 2531 1561 an
2558 1507 2623 1560 ad
2656 1508 2951 1562 deitatem?
2979 1507 3131 1574 Quod
3170 1510 3215 1564 si
3264 1510 3330 1563 ad
3360 1516 3580 1564 creatu-

2009 1614 2160 1661 ram,
2212 1601 2375 1654 etiam
2434 1599 2649 1653 Patrem
2714 1598 2927 1652 Domini
2987 1601 3161 1654 nostri
3214 1600 3340 1655 Jesu
3375 1600 3579 1655 Christi

323 1692 519 1756 Οὕτως
548 1692 808 1757 ἀσύνετος
836 1689 905 1755 εἷ,
930 1693 1006 1756 ὡς
1052 1693 1172 1763 μηδ’
1201 1694 1294 1746 ὑπ’
1330 1694 1501 1765 αὐτῆς
1532 1694 1906 1765 προσάγεσθαι

322 1789 427 1856 τῆς
488 1786 672 1856 φωνῆς
728 1786 807 1849 είς
860 1785 959 1849 τὰς
1019 1784 1174 1851 ἀξίας
1224 1787 1435 1850 ἐννοίας
1497 1786 1591 1839 τοῦ
1654 1786 1904 1856 Πνεῦμα-

2012 1792 2159 1837 terna
2187 1799 2387 1853 quoque
2416 1783 2529 1851 ejus
2562 1783 2727 1837 virtus
2749 1824 2764 1847 ,
2801 1793 2849 1837 et
2880 1783 3130 1837 divinitas
3166 1785 3233 1839 δ’.
3265 1784 3320 1839 Si
3360 1801 3490 1841 vero
3515 1786 3583 1840 ad

322 1849 418 1941 τος
440 1849 576 1949 (Al).
630 1849 641 1856 Ι
1069 1849 1082 1851 ἠ
1419 1849 1425 1850 ⁷
1805 1849 1815 1856 ’
1938 1849 1980 1905 Β
2010 1849 2672 1946 deitatem,blasphemiae
2703 1876 2961 1945 imposito
2986 1877 3112 1939 line,
3140 1878 3380 1948 Spiritus
3415 1894 3585 1949 agno-

325 1984 420 2022 sce
450 1969 816 2039 majestalem.
856 1970 1008 2025 Adeo
1053 1971 1320 2041 insipiens
1358 1988 1438 2037 es,
1464 1980 1524 2025 ut
1575 1987 1642 2027 ne
1674 1972 1743 2025 ab
1788 1972 1905 2042 ipsa
1936 1971 2151 2042 quidem
2204 1986 2339 2025 voce
2389 1970 2455 2024 ad
2499 1970 2691 2042 dignas
2727 1969 2936 2040 Spiritu
2970 1972 3226 2028 notiones
3284 1973 3584 2033 deducare.

397 2083 443 2114 ⁸⁸
482 2082 618 2137 Luc.
651 2101 722 2152 ι,
758 2084 844 2139 16.
920 2085 965 2119 ⁵⁸
1003 2082 1161 2140 Joan.
1200 2102 1252 2149 v,
1286 2085 1397 2171 9.3..
1453 2085 1498 2117 ⁸⁷
1536 2086 1638 2141 Job
1674 2102 1882 2150 χχχιιι,

2050 2087 2096 2118 ⁸⁸
2136 2085 2305 2141 Exod.
2342 2103 2503 2151 xxxv,
2540 2087 2629 2141 5|.
2706 2090 2751 2121 ⁵⁰
2790 2089 2950 2147 Rom.
2991 2108 3040 2155 ι,
3072 2092 3143 2146 20

400 2200 512 2271 (Η)
540 2201 601 2256 in
629 2201 907 2271 aliquibus
938 2216 1076 2257 mss.
1113 2200 1334 2256 additur
1357 2175 1668 2274 doxologia.

2009 1700 2317 1745 creaturam
2352 1692 2522 1746 dices.
2551 1690 2684 1744 Nam
2716 1691 2783 1745 de
2826 1706 2892 1745 eo
2924 1692 3193 1761 scriptum
3222 1704 3305 1748 est
3332 1713 3343 1747 :
3382 1693 3584 1761 Sempi-

336 2348 2419 2378 mm

1640 2519 2265 2611 MONITUM.

404 2827 567 2899 198
602 2827 766 2883 Multa
810 2828 972 2883 hodie
1008 2829 1228 2885 nomine
1264 2829 1637 2886 Asceticorum
1680 2831 2066 2900 comprehendi
2104 2830 2319 2897 solent,
2357 2830 2731 2896 Prtel'ationes,
2765 2832 3057 2893 Sermones
3078 2836 3300 2909 quidam
3346 2843 3587 2914 peculia-

330 2938 460 2991 res;
496 2925 712 2980 libellus
747 2925 823 2980 De
846 2926 985 3003 ﬁde,
1024 2926 1165 2982 alius
1191 2925 1405 2980 libellus
1455 2924 1529 2978 De
1571 2924 1775 2993 judicio
1825 2926 1945 2989 Dei,
1980 2926 2235 2993 Horalia,
2273 2927 2485 2997 Regula:
2538 2929 2765 2997 majores
2788 2972 2802 2996 ,
2842 2929 3054 3003 Regula:
3084 2936 3334 3000 minores,
3370 2934 3586 2992 Consti-

332 3020 561 3072 tutiones
594 3022 930 3085 monasticae;
956 3000 1051 3075 sed
1087 3021 1215 3075 olim
1250 3036 1359 3075 non
1416 3018 1600 3073 omnia
1630 3020 1746 3075 haec
1780 3022 1834 3076 in
1855 3021 2125 3076 Asceticis
2161 3021 2784 3091 comprehendebantur.
2828 3022 2902 3077 Ita
2933 3024 3100 3093 igitur
3152 3023 3330 3080 Photii
3391 3034 3585 3093 aetate,

330 3110 520 3167 Basilii
548 3129 685 3183 opus
718 3115 1011 3186 ἀσκητικὸν
1043 3116 1503 3186 restringebatur,
1539 3125 1598 3171 ut
1623 3118 1798 3172 solum
1830 3117 1970 3173 duos
2005 3118 2076 3173 De
2091 3117 2296 3187 judicio
2328 3133 2391 3172 ac
2422 3118 2497 3171 De
2529 3117 2633 3186 ﬁde
2667 3118 2903 3186 libellos,
2938 3118 3193 3185 Horatia,
3222 3120 3447 3193 Regulas
3470 3131 3587 3179 tum

331 3208 563 3276 majores
588 3217 703 3262 tum
738 3211 959 3264 minores
992 3212 1210 3281 proprie
1250 3214 1723 3281 complecteretur.
1756 3210 1827 3267 Ut
1853 3219 2033 3267 autem
2066 3214 2274 3283 reliqua
2314 3212 2427 3267 fere
2458 3213 2641 3267 omnia
2668 3212 2853 3267 Basilii
2882 3229 3048 3282 opera
3081 3216 3136 3269 in
3174 3216 3399 3270 dubium
3429 3233 3588 3273 revo-

331 3310 551 3366 cantur,
578 3301 653 3353 ita
686 3316 899 3370 quoque
931 3303 1166 3356 maxima
1196 3318 1324 3373 pars
1355 3304 1732 3358 Asceticorum
1777 3304 2104 3374 quibusdam
2148 3305 2359 3368 νοθείας
2401 3315 2652 3372 suspecta
2690 3312 2795 3359 est.
2830 3304 3099 3371 Quoniam
3138 3316 3320 3363 tamen
3376 3308 3587 3378 antiqui

331 3396 636 3465 scriptores
664 3395 922 3452 Basxlium
951 3408 1228 3454 auctorem
1261 3398 1471 3454 faciunt
1497 3401 1897 3464 Asceticorum,
1933 3402 2016 3456 vel
2060 3402 2395 3457 morosiores
2429 3401 2608 3455 critici
2652 3402 2845 3456 saltem
2876 3401 3114 3471 aliquam
3147 3418 3337 3456 eorum
3379 3410 3587 3473 partem

335 3490 493 3546 facile
522 3492 573 3546 ei
608 3492 890 3546 tribuunt:
925 3494 1019 3548 sed
1050 3494 1124 3547 ita
1157 3504 1357 3559 tamen,
1382 3503 1440 3549 ut
1471 3497 1732 3567 quidquid
1761 3498 2094 3567 praecipuum
2126 3505 2233 3561 est,
2274 3512 2436 3552 omne
2478 3497 2531 3551 id
2570 3501 2691 3567 ejus
2719 3512 2844 3553 esse
2878 3506 3095 3567 negent.
3122 3497 3233 3553 Nec
3259 3499 3312 3552 hi
3365 3500 3587 3569 quidem

333 3587 480 3641 inter
513 3603 573 3642 se
600 3590 969 3644 consentiunt.
1000 3591 1103 3643 Alii
1129 3591 1273 3645 enim
1330 3592 1464 3647 satis
1507 3593 1709 3647 habent
1744 3593 1972 3663 Regulos
2025 3594 2280 3648 breviores
2320 3593 2524 3647 Basilio
2555 3593 2749 3663 Magno
2780 3593 3117 3663 abjudicare.
3152 3595 3258 3649 Alii
3288 3595 3590 3664 iniquiores

330 3679 383 3733 ei
408 3679 727 3747 abjudicaut
756 3679 979 3751 Regulus
1025 3683 1251 3736 minores
1290 3684 1453 3737 simul
1501 3694 1553 3738 et
1595 3686 1842 3753 majores,
1876 3693 1930 3739 et
1968 3684 2232 3750 Moralia,
2281 3695 2337 3739 et
2374 3685 2586 3739 libellos
2617 3685 2693 3739 De
2724 3686 2821 3738 Dei
2869 3686 3073 3754 judicio
3096 3701 3176 3754 _ac
3204 3686 3281 3739 De
3308 3703 3429 3740 vera
3463 3687 3586 3757 ﬁde.

333 3771 471 3826 Cum
496 3780 676 3827 autem
710 3772 1049 3842 singulorum
1079 3774 1362 3843 opiniones
1386 3776 1678 3847 explicare,
1701 3792 1899 3847 easque
1925 3789 2018 3831 aut
2047 3778 2333 3833 confutare
2375 3786 2470 3832 aut
2509 3778 2812 3849 approbare
2847 3779 3009 3833 nimis
3044 3779 3262 3849 longum
3295 3780 3367 3834 sit
3388 3820 3401 3841 ,
3439 3796 3591 3837 more

334 3877 527 3921 nostro
556 3866 623 3921 dc
653 3866 737 3922 his
765 3868 929 3921 rebus
966 3866 1019 3919 in
1045 3865 1373 3921 Prazl'atione
1403 3868 1831 3937 disputabimus.
3210 3940 3211 3943 η

407 3959 589 4015 Pauca
615 3976 833 4029 quoque
865 3961 932 4014 de
959 3960 1111 4014 libris
1145 3961 1387 4030 antiquis
1416 3960 1600 4017 dicere
1632 3964 1782 4017 libet.
1824 3961 2044 4025 Multos,
2074 3978 2278 4032 eosque
2308 3971 2363 4017 et
2389 3963 2628 4032 Optimos
2680 3968 2734 4017 et
2777 3962 3189 4018 vetustissimos
3238 3965 3293 4019 in
3347 3965 3415 4020 iis
3450 3981 3590 4035 quas

335 4057 573 4113 invisere
610 4057 767 4111 licuit
794 4056 1137 4111 bibliothecis
1176 4057 1505 4123 invenimus,
1535 4058 1589 4112 in
1620 4057 1810 4128 Regia,
1835 4059 1889 4112 in
1915 4059 2228 4114 Colbertina
2253 4068 2307 4113 et
2334 4061 2385 4113 in
2412 4059 2768 4114 Coisliniana.
2800 4058 2985 4129 Neque
3016 4076 3145 4116 vero
3176 4077 3237 4115 ex
3283 4062 3369 4116 his
3410 4065 3588 4117 solum

334 4155 685 4210 bibliothecis
733 4168 888 4207 novae
920 4162 1119 4208 nostra:
1153 4154 1376 4208 editioni
1419 4161 1741 4208 ornamenta
1784 4156 2136 4224 quaesivimus
2161 4196 2176 4220 ,
2223 4156 2318 4209 sed
2351 4163 2567 4210 exteras
2617 4156 2779 4210 etiam
2809 4170 2918 4209 non
2950 4156 3206 4211 duximus
3239 4158 3590 4228 negligendas

333 4262 478 4302 esse.
516 4246 727 4314 Scripsi
768 4246 935 4315 igitur
969 4244 1269 4299 Messanam
1291 4286 1304 4307 ,
1343 4259 1452 4313 quo
1487 4246 1648 4299 simul
1681 4252 1738 4298 ut
1770 4255 2137 4314 pervenerunt
2183 4247 2378 4300 littera:
2408 4261 2561 4311 meae,
2594 4246 2952 4301 eruditissimi
2978 4256 3032 4301 et
3062 4248 3590 4305 humanissimi-viri

335 4337 402 4391 D.
430 4338 727 4410 Gregorius
755 4336 933 4391 Arena
964 4337 1133 4405 prior,
1177 4346 1231 4391 et
1266 4334 1327 4391 D.
1362 4335 1653 4407 Dionysius
1685 4334 1939 4407 Spagnoli
1973 4338 2169 4415 lingua:
2198 4337 2401 4393 Graeca:
2448 4339 2652 4402 lector,
2708 4340 2960 4393 monachi
3014 4340 3225 4396 ordinis
3280 4341 3338 4397 S.
3396 4342 3584 4399 Basilii

334 4428 535 4499 Magni,
558 4430 721 4483 ambo
755 4443 861 4481 non
896 4428 1076 4481 minus
1102 4427 1366 4479 bonarum
1390 4427 1691 4480 litterarum
1714 4428 2101 4496 juvandarum,
2124 4444 2287 4498 quam
2312 4430 2496 4497 gloria:
2523 4430 2856 4484 sanctissimi
2888 4432 2971 4486 sui
2995 4431 3174 4486 Patris
3193 4434 3591 4503 amplificanda:

336 4526 589 4591 studiosi,
621 4524 1013 4594 amplissimam
1052 4538 1116 4576 ac
1149 4522 1557 4577 celeberrimam
1609 4538 1765 4577 suam
1804 4524 2189 4578 bibliothecam
2226 4524 2645 4594 diligentissime
2677 4527 2911 4581 scrutari
2960 4536 3283 4588 coeperunt:
3341 4529 3392 4583 in
3440 4544 3547 4599 qua
3571 4569 3589 4594 ,

331 4622 482 4692 quod
509 4622 575 4675 ad
613 4635 728 4674 rem
764 4620 1020 4689 pertinet,
1046 4618 1301 4672 invenere
1328 4617 1543 4671 brevem
1593 4617 2130 4673 lucubratiunculam
2175 4619 2460 4684 ineditam,
2509 4621 2595 4674 cui
2632 4622 2826 4677 titulus
2853 4631 2936 4677 est
2976 4641 2987 4677 :
3020 4623 3151 4690 Πῶς
3189 4623 3286 4677 δεῖ
3305 4620 3457 4677 εἶναι
3486 4624 3590 4678 τὸν

326 4718 627 4787 μοναχόν,
657 4723 711 4768 et
742 4714 1110 4767 additamenta
1141 4713 1384 4782 quaadam
1422 4712 1477 4765 in
1514 4710 1765 4768 Moralia.
1798 4712 1998 4769 Praeter
2041 4714 2173 4780 haec,
2199 4715 2358 4769 aliam
2395 4702 2695 4771 orationem
2730 4718 2795 4770 ad
2855 4733 2940 4772 me
2984 4719 3456 4774 transmittendam
3491 4734 3588 4774 cu-

332 4820 527 4867 rarunt
554 4811 613 4875 ii,
642 4826 782 4879 quos
815 4808 979 4863 modo
1004 4808 1138 4875 dixi,
1172 4805 1475 4861 doctissimi
1504 4806 1607 4860 viri
1638 4824 1653 4861 :
1690 4806 1755 4861 de
1785 4824 1889 4877 qua
1920 4808 2263 4864 commodius
2287 4810 2458 4863 multo
2490 4810 2619 4866 alibi
2657 4812 2923 4866 dicemus.

407 4901 600 4955 Omnia
632 4910 812 4955 autem
852 4899 965 4955 fere
1012 4907 1072 4953 ut
1116 4900 1171 4953 in
1209 4899 1492 4968 impressis
1530 4899 1688 4954 libris
1723 4919 1735 4955 :
1768 4911 1825 4954 at
1869 4900 2080 4972 Regula:
2108 4904 2162 4956 in
2195 4904 2319 4957 aliis
2351 4904 2637 4959 codicibus
2677 4906 2785 4959 alio
2819 4906 3011 4961 ordine
3044 4906 3434 4974 disponuntur.
3477 4903 3586 4960 Nec

336 4992 774 5064 praetereundum
806 4992 1057 5054 silentio,
1098 4993 1362 5062 quasdam
1392 5007 1458 5047 ex
1490 4992 1699 5061 Regalis
1733 4992 2052 5047 brevioribus
2098 4995 2149 5047 in
2186 4994 2459 5065 aliquibus
2500 4998 2780 5053 codicibus
2810 4996 3000 5051 deesse
3035 5017 3046 5050 :
3087 4997 3180 5051 sed
3225 5009 3585 5067 praeterquam

333 5088 481 5154 quod
524 5086 603 5141 ha:
654 5101 841 5156 pauca)
875 5095 1022 5147 sunt,
1058 5086 1111 5139 in
1152 5085 1285 5154 ipsis
1320 5085 1455 5139 nihil
1477 5094 1562 5141 est
1588 5085 1790 5155 magni,
1827 5094 1919 5139 aut
1942 5084 2087 5156 quod
2114 5086 2348 5155 alicujus
2383 5090 2453 5142 sit
2490 5090 2771 5145 momenti.
2803 5087 2883 5141 Ad
2927 5086 3151 5158 Regulae
3181 5090 3398 5159 quidem
3439 5092 3587 5163 quod

336 5182 553 5244 attinet,
576 5195 669 5234 eas
693 5179 884 5235 eodem
912 5179 1103 5233 ordine
1146 5192 1255 5248 quo
1284 5178 1396 5247 jam
1429 5178 1657 5247 vulgata:
1690 5187 1817 5233 sunt
1845 5180 1897 5232 in
1926 5178 2163 5233 editione
2190 5178 2520 5244 Parisiensi,
2573 5180 2813 5235 edendas
2854 5180 3169 5236 curabimus
3196 5201 3207 5236 :
3249 5182 3343 5235 sed
3376 5183 3587 5239 libellos

333 5275 418 5328 De
451 5273 541 5326 Dei
557 5272 761 5341 judicio
795 5286 859 5325 ac
884 5270 962 5325 De
990 5287 1110 5324 cera
1137 5269 1241 5339 ﬁde
1263 5271 1417 5323 aliter
1445 5269 1819 5339 disponemus.
1870 5267 1946 5323 lta
1995 5270 2139 5324 enim
2177 5271 2290 5325 haec
2318 5271 2426 5325 duo
2455 5271 2721 5341 opuscula
2757 5271 3011 5325 locantur
3039 5274 3093 5326 in
3133 5288 3196 5327 ea
3228 5290 3391 5345 quam
3425 5277 3572 5332 ιιιοίίι

331 5367 448 5423 (Ιίιί
487 5367 744 5427 editione,
776 5373 834 5417 ut
862 5364 1095 5433 primum
1131 5363 1309 5416 locum
1357 5363 1599 5416 obtineat
1634 5361 1847 5417 libellus
1883 5361 1957 5416 De
1999 5378 2122 5416 vera
2170 5361 2296 5431 ﬁde,
2329 5362 2629 5417 secundum
2663 5361 2876 5417 libellus
2908 5362 2983 5417 De
3022 5364 3229 5432 judicio
3271 5364 3412 5419 Dei:
3442 5372 3590 5437 quod

332 5475 447 5515 non
494 5459 678 5514 minus
728 5458 1045 5511 adversatur
1073 5455 1245 5524 ipsius
1279 5456 1519 5511 auctoris
1548 5455 1799 5519 consilio,
1828 5469 1990 5524 quam
2023 5463 2266 5510 veterum
2300 5456 2562 5510 librorum
2609 5455 2943 5519 auctoritati,
2975 5457 3029 5509 in
3072 5458 3273 5525 quibus
3303 5456 3405 5512 hos
3451 5458 3589 5513 duos

336 5572 617 5613 sermones
651 5557 869 5611 inverso
896 5554 1106 5619 ordine,
1136 5569 1308 5624 eoque
1338 5568 1467 5607 vero
1496 5560 1549 5607 et
1587 5553 1807 5624 proprio
1828 5592 1842 5615 ,
1874 5553 2133 5607 collocari
2172 5560 2409 5608 constat.
2470 5552 2719 5613 Arbitror
2775 5559 2954 5606 autem
2997 5568 3286 5623 operarum
3316 5555 3477 5624 culpa
3509 5553 3592 5608 ia-

334 5664 482 5710 ctum
514 5670 662 5721 esse,
695 5660 755 5708 ut
789 5653 847 5718 ii,
878 5666 1016 5722 quos
1047 5651 1357 5716 nominavi,
1405 5650 1572 5705 libelli
1617 5650 1671 5703 in
1703 5649 1939 5705 editione
1967 5648 2255 5705 Parisiensi
2303 5649 2428 5702 loco
2452 5648 2636 5717 positi
2672 5648 2782 5703 sint
2819 5662 2927 5703 non
2964 5664 3102 5703 suo:
3158 5664 3333 5720 eoque
3378 5648 3589 5719 magis,

334 5751 478 5821 quod
501 5751 651 5822 ipsos
680 5750 739 5805 in
764 5750 1003 5805 editione
1034 5747 1238 5801 Veneta
1268 5748 1455 5803 eodem
1491 5763 1599 5818 quo
1636 5749 1689 5803 in
1721 5748 1995 5804 veteribus
2027 5744 2184 5804 libris
2212 5746 2403 5801 ordine
2432 5745 2652 5816 disponi
2684 5745 2986 5803 videamus.

652 5842 925 5903 ΡΑτιιοι..
962 5838 1078 5900 Gn.
1130 5839 1340 5900 XXXI
1350 5884 1365 5900 .

3276 5840 3356 5899 20
