3982 6240
328 356 430 412 62!

1401 351 1676 408 PRAEVIA
1711 345 2104 402 lNSTlTUTlO
2137 345 2492 404 ASCETICA.

3464 342 3568 400 ϐίῃ

327 470 578 522 δέδωκεν.
623 468 950 538 Ὀδοιπορίαι
978 467 1035 520 δὲ
1068 468 1161 519 καὶ
1191 465 1485 536 ἀγρυπνίαι
1518 464 1738 517 πολλαί·
1774 478 1907 532 καρ-

2018 460 2152 520 licet,
2180 469 2439 530 quantum
2468 470 2660 514 natura
2689 459 2857 514 dedit.
2896 455 3096 513 ltinera
3127 467 3306 512 autem
3337 472 3399 512 ac
3431 457 3569 527 vigi-

326 559 505 630 τερίαι
546 559 684 630 πρὸς
723 559 1017 628 καύματα,
1066 559 1202 629 πρὸς
1248 557 1450 626 ψῦχοςο
1503 555 1712 624 ἀγῶνες
1769 553 1904 624 πρὸς

329 649 604 712 ἐναντίους
626 665 640 677 ·
678 649 912 701 κίνδυνοι
950 648 1112 720 μέχρι
1141 647 1246 700 τῶν
1267 647 1538 716 ὲσχάτων’
1563 645 1812 707 Θάνατος,
1839 641 1905 696 ἂν

328 741 490 812 τύχῃ,
527 739 788 803 πολλάκις
810 759 824 772 ⁸
863 739 997 792 ἀλλά
1021 739 1245 800 θάνατος
1267 736 1493 802 ἔνδοξος,
1526 735 1682 806 τιμαί
1707 751 1787 797 τε,
1813 733 1905 785 καὶ

327 833 478 904 δῶρα
521 831 796 902 βασιλικά.
837 831 1124 893 Ἐπίπονος
1156 833 1213 883 ὲν
1243 829 1500 899 πολέμοις
1534 829 1562 880 ὁ
1603 827 1737 897 βίος,
1763 825 1904 895 λαμ-

330 923 467 993 πρὸς
498 923 555 974 ὲν
576 923 790 992 εἰρήνῃ.
820 921 992 992 Γέρας
1007 920 1300 991 ἀριστείας,
1329 919 1422 972 καὶ
1443 918 1704 986 στέφανος
1727 915 1906 977 καλῶς

333 1014 621 1083 βεϐιωκότι
675 1015 735 1066 ἐν
777 1012 1215 1084 κατορθώμασιν,
1267 1011 1439 1082 ἀρχὴν
1477 1008 1902 1080 ἐγχειρισθῆναι,

332 1107 481 1174 φίλον
514 1106 780 1176 βασιλέως
831 1105 1114 1176 κληθῆναι,
1143 1104 1486 1176 παραστῆναι
1535 1102 1780 1172 πλησίον,
1820 1101 1906 1153 δε-

331 1199 568 1266 ξιώσεως
588 1201 792 1269 τυχεῖν,
810 1199 878 1252 ὲκ
906 1198 1084 1269 χειρὸς
1105 1197 1363 1267 βασιλέως
1389 1195 1726 1266 τετιμῆσθαι,
1757 1193 1906 1263 παρά

328 1295 440 1354 τοῖς
453 1291 720 1362 ὑπηκόοις
741 1287 1120 1360 προΐστασθαι,
1149 1287 1241 1340 καὶ
1277 1285 1602 1356 πρεσϐεύειν
1629 1285 1770 1355 ὑπὲρ
1798 1285 1904 1336 τῶν

328 1382 525 1448 ἔξωθεν
555 1382 748 1452 φίλων,
777 1375 852 1434 ὧν
875 1380 939 1434 ἂν
979 1379 1271 1450 βούλωνται
1295 1377 1429 1447 (Μ).

399 1648 453 1702 2.
489 1649 624 1716 Ἀγε
647 1646 735 1718 δὴ,
777 1645 1080 1718 στρατιῶτα
1097 1642 1353 1716 Χριστοῦ,
1387 1643 1556 1714 μικρά
1609 1641 1668 1706 ἐξ
1699 1640 1906 1712 ἀνθρω-

332 1743 499 1795 πίνων
528 1742 876 1813 πραγμάτων
923 1739 1102 1794 λαϐὼν
1141 1739 1578 1810 παραδείγματα,
1611 1735 1906 1807 ἐνθύμησιν

2008 549 2092 604 liae
2121 553 2334 618 multat;
2387 551 2688 605 tolerantiae
2737 550 3001 605 adversus
3045 556 3236 604 aestum
3265 559 3320 604 et
3370 548 3566 618 frigus,

2007 642 2306 695 certamina
2335 649 2525 695 contra
2551 642 2758 704 hostes,
2794 640 3035 712 pericula
3073 647 3342 703 extrema,
3373 650 3427 694 et
3452 640 3568 709 ple-

2007 746 2259 800 rumque,
2312 733 2358 787 si
2407 733 2478 786 ita
2530 734 2839 802 contigerit,
2895 746 3044 787 mors
3095 731 3234 800 ipsa,
3288 731 3383 785 sed
3421 746 3571 786 mors

2007 824 2265 894 gloriosa,
2304 825 2648 894 honoresque
2676 839 2740 878 ac
2787 825 2934 894 regia
2986 838 3232 878 munera.
3275 821 3570 877 Laboriosa

2009 915 2066 970 in
2117 917 2274 972 bellis
2324 919 2454 982 vita,
2512 916 2793 988 splendida
2841 917 2895 970 in
2945 930 3099 986 pace.
3160 915 3449 970 Praemium
3488 923 3573 970 est

2008 1017 2156 1062 recte
2186 1007 2454 1063 factorum
2486 1023 2549 1061 ac
2580 1023 2804 1071 corona,
2858 1009 2929 1070 ei,
2956 1007 3048 1076 qui
3095 1005 3361 1074 ejusmodi
3403 1007 3570 1060 vitam

2010 1096 2062 1150 in
2105 1097 2382 1165 praeclaris
2439 1098 2603 1150 rebus
2659 1095 2909 1165 gerendis
2962 1095 3177 1165 egregie
3225 1095 3567 1162 transegerit,

2009 1187 2369 1256 principatum
2409 1187 2569 1256 200
2600 1189 2869 1258 accipere,
2905 1188 3138 1241 amicum
3167 1185 3426 1254 appellari
3481 1199 3570 1236 re-

2009 1279 2115 1348 gis,
2169 1279 2282 1350 regi
2332 1281 2582 1335 cominus
2633 1288 2837 1344 astare,
2865 1280 3020 1350 jungi
3059 1279 3304 1335 dextram
3343 1277 3568 1337 dextraz.

2010 1384 2174 1423 manu
2240 1372 2388 1440 regia
2452 1371 2824 1437 eohonestari,
2879 1371 3258 1440 praefecturam
3325 1368 3571 1423 obtinere

2009 1462 2152 1531 apud
2184 1463 2452 1528 subditos,
2499 1473 2661 1533 atque
2693 1479 2792 1533 pro
2823 1463 3062 1519 externis
3098 1463 3312 1527 amicis,
3343 1461 3571 1531 quibus-

2009 1566 2225 1622 cunque
2247 1553 2539 1618 voluerint,
2568 1553 2709 1624 apud
2735 1569 2914 1625 regem
2943 1554 3244 1625 deprecari.

2079 1642 2133 1697 2.
2174 1643 2287 1714 Age
2330 1646 2516 1715 igitur,
2565 1646 2769 1701 Christi
2813 1647 2990 1709 miles,
3027 1645 3272 1713 exempla
3300 1659 3474 1714 pauca
3505 1659 3574 1700 ex

2011 1734 2268 1791 humanis
2303 1739 2466 1792 rebus
2495 1746 2796 1804 mutuatus,
2832 1739 2900 1792 de
2921 1736 3139 1792 aeternis
3170 1736 3328 1791 bonis
3371 1737 3571 1806 cogita.

332 1831 463 1886 λάϐε
513 1833 623 1885 τῶν
669 1829 901 1885 αἰωνίων
945 1830 1184 1899 ἀγαθῶν.
1239 1830 1453 1893 Ἀοικός
1483 1845 1562 1880 σοι
1603 1828 1695 1880 καὶ
1724 1826 1912 1889 ἄπολις

2018 1825 2260 1896 Propone
2285 1827 2381 1882 tibi
2407 1829 2528 1884 vita:
2566 1845 2763 1900 genus,
2793 1830 2939 1900 quod
2973 1829 3136 1883 domo
3165 1837 3328 1898 atque
3355 1827 3574 1882 civitate

336 1926 430 1977 καὶ
454 1925 719 1994 ἀκτήμων
748 1922 1054 1994 προκείσθω
1077 1923 1188 1992 βίος
1210 1923 1342 1992 (45).
1369 1924 1586 1985 Ἀνετος
1619 1921 1730 1984 ἔσο,
1762 1921 1912 1974 λελυ-

337 2018 500 2090 μένος
531 2016 642 2069 ἀπὸ
701 2015 890 2068 πασῶν
917 2014 1194 2085 κοσμικῶν
1233 2013 1558 2084 φροντίδων
1595 2012 1668 2082 μή
1716 2027 1774 2064 σε
1827 2011 1912 2064 δε-

336 2110 551 2182 σμεύσῃ
600 2108 859 2178 γυναικὸς
910 2107 1192 2176 ἐπιθυμία,
1243 2106 1314 2177 μή
1354 2123 1412 2159 σε
1454 2106 1670 2175 φροντὶς
1702 2102 1908 2165 παιδός.

345 2201 633 2255 Ἀδύνατον
683 2201 791 2272 γὰρ
847 2201 906 2252 ἐν
949 2203 1014 2270 τῇ
1043 2199 1161 2271 θείᾳ
1205 2198 1457 2271 στρατείᾳ
1490 2198 1664 2251 τοῦτο.
1713 2197 1788 2250 Τὰ
1804 2197 1913 2266 γὰρ

333 2294 495 2349 ὅπλα
548 2294 660 2362 τῆς
713 2286 1235 2362 στρατείας’ἡμῶν
1289 2293 1360 2346 οὐ
1425 2290 1680 2360 σαρκικὰ
1702 2331 1715 2353 ,
1753 2289 1912 2344 ἀλλὰ

332 2384 562 2439 δυνατὰ
613 2383 692 2450 τῷ
750 2383 891 2450 Θεῷ.
925 2386 998 2438 Οὐ
1040 2385 1164 2454 νικᾷ
1192 2402 1250 2439 σε
1305 2381 1551 2452 σώματος
1583 2381 1763 2450 φύσις,
1791 2379 1910 2433 οὐδὲ

333 2477 493 2545 ἄγχει
526 2493 585 2527 σε
653 2474 727 2546 μὴ
769 2474 1085 2544 βουλόμενον
1111 2490 1123 2504 ⁸
1159 2473 1220 2525 ού
1254 2472 1536 2542 δεσμώτην
1566 2471 1679 2524 ἀντ’
1709 2469 1906 2524 ἐλευθέ-

337 2584 433 2638 ρου
483 2569 646 2619 ποιεῖ.
699 2566 774 2618 Ού
826 2565 971 2634 ζήτει
997 2565 1053 2615 ἐν
1080 2562 1189 2633 (46)
1219 2565 1287 2632 γῇ
1337 2562 1651 2616 καταλιπεῖν
1693 2561 1908 2624 παῖδας,

478 2656 774 2723 ἀναγαγεῖν
809 2656 888 2716 εἰς
905 2654 995 2706 τὸν
1011 2652 1236 2723 οὐρανόν
1257 2671 1269 2682 ⁸
1308 2655 1367 2706 οὐ
1395 2657 1720 2724 σωματικοῖς
1745 2669 1913 2725 προσ-

335 2748 628 2802 κολλᾶσθαι
678 2748 911 2818 γάμοις,
968 2747 1100 2800 ἀλλά
1147 2746 1533 2817 πνευματικῶν
1583 2745 1909 2816 ὀρέγεσθαι,

335 2843 525 2911 ἄρχειν
583 2841 792 2911 ψυχῶν,
839 2841 930 2893 καὶ
980 2840 1310 2908 παιδογονεῖν
1348 2837 1750 2909 πνευματικῶς.
1808 2838 1911 2890 Τὸν

336 2935 570 3004 νυμφίον
603 2932 772 3003 μιμοῦ
795 2931 884 2985 τὸν
909 2931 1156 3001 οὐράνιον
1177 2950 1190 2962 ·
1224 2933 1474 3002 καθαίρει
1510 2932 1781 3003 πολεμίων
1819 2935 1911 2986 ὀιο-

338 3028 520 3096 ράτων
548 3025 942 3085 ἐπαναστάσεις
960 3039 974 3052 ⁸
1004 3025 1197 3094 ἀρχαῖς
1238 3024 1330 3077 καὶ
1356 3023 1624 3088 ἐξουσίαις
1651 3024 1872 3095 πολέμει
1891 3066 1907 3091 ,

333 3111 640 3175 ἐξελαύνων
673 3111 844 3174 αὐτὰς
883 3112 1098 3181 πρῶτον
1136 3113 1231 3182 μὲν
1259 3114 1356 3182 τῆς
1383 3114 1574 3168 ἑαυτοῦ
1593 3115 1786 3186 ψυχῆς,
1824 3117 1908 3169 ἵνα

337 3202 543 3272 μηδένα
572 3201 769 3272 κλῆρον
806 3200 999 3272 ἔχωσιν
1049 3204 1105 3255 ἐν
1138 3204 1239 3267 σοὶ,
1271 3203 1458 3258 ἔπειτα
1488 3205 1593 3258 τῶν
1629 3223 1710 3258 σοι
1744 3223 1911 3278 προσ-

337 3293 649 3362 φευγόντων
697 3292 788 3345 καί
814 3309 872 3344 σε
902 3293 1348 3364 προϐαλλομένων
1382 3295 1623 3366 ἡγεμόνα
1657 3297 1749 3348 καὶ
1776 3296 1911 3366 πρό-

338 3403 513 3456 μαχον
534 3385 645 3438 τῶν
677 3383 762 3437 διὰ
786 3384 880 3437 τοῦ
929 3384 1019 3437 σοῦ
1061 3385 1216 3453 λόγου
1244 3385 1676 3457 φυλαττομένων.
1709 3386 1913 3439 Καθαί-

341 3495 423 3548 psi
484 3478 596 3547 (47)
637 3477 927 3548 λογισμοὺς
987 3478 1443 3548 ἐπανισταμένους
1485 3481 1553 3548 τῇ
1599 3479 1777 3531 πίστει
1819 3478 1910 3531 τοῦ

337 3568 578 3642 Χριστοῦ
599 3587 612 3598 ⁸
658 3570 882 3640 πολέμει
929 3568 1017 3622 διὰ
1044 3568 1137 3624 τοῦ
1163 3569 1319 3637 λόγου
1347 3570 1444 3638 τῆς
1468 3569 1747 3633 εὐσεϐείας
1779 3569 1914 3640 πρὸς

338 3662 430 3714 τὸν
452 3661 624 3731 ἀσεϐῆ
679 3662 772 3714 καὶ
818 3662 1050 3732 πονηρὸν
1098 3659 1371 3730 λογισμόν.
1419 3661 1757 3730 Λογισμοὺς
1780 3661 1911 3730 γὰρ,

341 3756 496 3824 φησὶ,
527 3755 968 3822 καθαιροῦντες,
999 3754 1095 3807 καὶ
1125 3751 1247 3808 πᾶν
1278 3754 1491 3822 ὕψωμα
1527 3756 1916 3822 ἐπαιρόμενον

341 3844 491 3898 κατὰ
513 3843 624 3912 τῆς
647 3843 919 3912 γνώσεως
944 3844 1048 3898 τοῦ
1072 3843 1237 3897 Θεοῦ.
1270 3846 1380 3898 Καὶ
1408 3845 1640 3914 μάλιστα
1667 3846 1763 3915 μὲν
1787 3844 1916 3915 θάρ-

344 3955 426 3989 σει
475 3941 544 4007 τῇ
604 3937 696 3989 τοῦ
736 3937 972 4008 μεγάλου
1027 3937 1284 4006 βασιλέως
1332 3938 1493 4009 χειρὶ,
1537 3937 1774 4010 φοϐούσῃ
1822 3938 1916 3990 καὶ

341 4029 688 4100 τροπουμένῃ
745 4028 854 4098 (48)
891 4029 1014 4089 τοὺς
1051 4028 1434 4091 ὑπεναντίους,
1492 4027 1706 4080 ἐπειδὰν
1758 4028 1916 4097 μόνον

512 4136 529 4150 ⁸
585 4123 723 4175 ἐπὰν
763 4122 819 4173 δὲ
867 4121 960 4174 καὶ
999 4119 1086 4172 διὰ
1128 4119 1386 4172 κινδύνων
1420 4119 1620 4188 ἀγαθὸν
1664 4118 1792 4190 θέλῃ
1859 4137 1936 4200 σε¹

343 4214 618 4284 γενέσθαι,
667 4215 762 4266 καὶ
799 4213 858 4264 τὸ
907 4213 1218 4284 στράτευμα
1238 4212 1297 4264 τὸ
1328 4210 1517 4264 ἑαυτοῦ
1555 4211 1750 4282 θελήσῃ
1785 4229 1917 4281 συμ-

344 4302 531 4354 ϐαλεῖν
580 4300 658 4370 τῷ
694 4299 1164 4372 στρατεύματιτῴ
1199 4301 1518 4371 ὑπεναντίῳ,
1576 4300 1806 4354 ἐνταῦθα
1853 4304 1915 4354 σὺ

347 4393 483 4463 πρὸς
525 4393 704 4445 πάντα
763 4392 919 4444 πόνον
952 4394 1214 4463 ἀήττητος
1249 4391 1339 4444 ἔσο
1358 4395 1421 4462 τῇ
1447 4393 1792 4463 παρασκευῇ,
1825 4391 1918 4443 καὶ

349 4487 486 4558 πρὸς
542 4487 782 4538 κίνδυνον
828 4486 1091 4553 ἄτρεπτος
1130 4487 1196 4556 τῇ
1243 4484 1408 4554 ψυχῇ,
1456 4486 1549 4537 καὶ
1581 4485 1682 4554 γῆν
1724 4485 1787 4536 ἐκ
1815 4483 1918 4551 γῆς

352 4577 710 4647 μετανίστασο
753 4576 1064 4646 προθύμως,
1105 4576 1197 4628 καὶ
1243 4574 1506 4628 θάλατταν
1530 4576 1593 4627 ἐκ
1628 4574 1913 4644 θαλάττης.

351 4672 523 4723 Ὅταν
544 4669 654 4740 γὰρ
673 4668 936 4721 διώκωσιν
958 4669 1120 4737 ὑμᾶς,
1148 4667 1297 4736 φησὶ,
1325 4666 1551 4735 φεύγετε
1577 4667 1684 4720 ἀπὸ
1715 4667 1919 4729 πόλεως

350 4766 431 4826 είς
460 4763 634 4815 πόλιν.
686 4761 797 4813 Καὶ
823 4762 902 4817 εἰς
938 4760 1279 4830 δικαστήριον
1315 4760 1441 4811 ὅταν
1469 4759 1562 4830 δέῃ
1599 4760 1707 4828 (49)
1736 4759 1916 4812 καλεῖ-

426 4920 470 4950 ⁶²
515 4917 556 4972 ll
592 4917 718 4973 Cor.
753 4933 818 4979 ι,
854 4917 903 4970 4.
983 4915 1026 4945 ⁸³
1049 4916 1176 4970 ibid.
1215 4913 1263 4966 5.
1345 4912 1388 4943 ⁶⁸
1413 4913 1599 4966 Matth.
1636 4929 1690 4977 χ,
1721 4913 1808 4968 ‘23.

428 5079 538 5146 (44)
573 5077 756 5132 Editio
782 5085 1013 5145 utraque
1031 5067 1103 5128 ὧν
1127 5073 1191 5127 ἂν
1215 5072 1510 5142 βούλονται.
1543 5071 1610 5124 At
1632 5081 1746 5125 tres
1775 5085 1910 5124 mss.

398 5152 629 5202 ούλωντα
639 5165 676 5202 ι.

398 5152 676 5202 λυλωνται.

359 5148 538 5288 β’(ιδ)
572 5218 796 5286 Antiqui
843 5217 952 5270 duo
1000 5215 1124 5268 libri
1173 5216 1227 5266 in
1277 5211 1520 5288 margine
1545 5208 1914 5288 peragranda)

358 5279 488 5359 920;.
515 5279 567 5342 et
595 5290 670 5342 ita
703 5279 758 5343 iii
782 5289 1037 5359 marginc
1056 5298 1279 5359 quoque
1303 5279 1914 5359 liabet_edi_tio_Veneta.

426 5349 534 5429 (λϐ)
560 5359 746 5413 Codex
778 5349 1005 5429 Μαι.ἶοὺ
1045 5349 1230 5429 ,ζητεῖς
1264 5353 1341 5416 ὲν,
1366 5360 1438 5429 _et
1466 5352 1538 5429 ita
1578 5352 1708 5429 legit
1741 5349 1917 5429 inter-

355 5419 496 5500 pres.
520 5419 656 5498 Reg.
689 5428 891 5500 tertius
911 5426 1064 5496 ζητεῖ
1081 5419 1138 5476 σε
1161 5426 1237 5476 ὲν·
1285 5422 1401 5486 sed,
1426 5421 1709 5500 nisivqide
1738 5419 1915 5500 fallor,

357 5489 454 5571 legi
485 5489 710 5571 praestat
745 5489 1041 5571 ODACﬁti'tt
1062 5510 1123 5547 ne
1145 5491 1569 5571 Δ(μηθ’-ο.ξηηοίρ.
1600 5489 1729 5571 Mor
1743 5489 1921 5571 editio

357 5560 523 5626 Paris.
564 5572 662 5623 καὶ
700 5560 1091 5633 παιδαγωγεῖν,
1127 5563 1266 5632 ﬁlios
1299 5560 1594 5633 spirituales
1627 5561 1918 5633 instituere.

357 5638 532 5696 Editio
556 5639 696 5695 Ven.
731 5647 789 5692 et
815 5630 1047 5708 uterque
1069 5630 1315 5708 (lenibef.
1339 5641 1390 5686 et
1413 5630 1768 5708 {tegatertius
1793 5645 1921 5708 παις

354 5709 612 5779 δογονεῖν·
644 5719 701 5764 et
735 5710 813 5763 ita
849 5698 1053 5779 lege-rat
1094 5705 1382 5779 interpres.
1423 5698 1602 5779 ΔΡιξιιιο
1642 5708 1788 5770 post,
1829 5698 1922 5779 ubi

356 5771 516 5838 editio
561 5780 751 5836 Paris.
801 5771 1090 5832 emendate
1141 5773 1302 5828 habet
1345 5771 1620 5842 καθαίρει,
1665 5775 1924 5839 corrupto

2012 1924 2067 1970 et
2101 1917 2298 1986 opibus
2345 1917 2694 1973 destituatur.
2754 1919 2883 1975 Esto
2932 1919 3090 1982 liber,
3127 1928 3180 1972 et
3214 1933 3244 1971 a
3282 1915 3574 1971 mundanis

2012 2010 2268 2064 omnibus
2311 2008 2460 2065 curis
2495 2011 2747 2066 solutus:
2783 2027 2853 2067 ne
2884 2011 3090 2066 vinciat
3117 2018 3170 2065 te
3208 2010 3396 2064 uxoris
3423 2009 3572 2063 desi-

2011 2099 2249 2164 derium,
2284 2106 2377 2154 aut
2412 2101 2722 2158 sollicitudo
2758 2103 2826 2158 de
2855 2102 3059 2158 sobole.
3097 2100 3211 2156 Hoc
3263 2099 3408 2155 enim
3458 2099 3574 2153 ﬁeri

2010 2207 2122 2247 non
2171 2202 2351 2264 potest
2400 2195 2456 2249 in
2499 2192 2691 2246 militia
2736 2193 2939 2246 divina.
2991 2191 3134 2246 Nam
3175 2207 3326 2243 arma
3372 2188 3576 2242 militia:

2011 2292 2208 2337 nostrae
2241 2301 2343 2338 non
2363 2283 2605 2338 carnalia
2633 2291 2777 2347 sunt,
2825 2282 2915 2337 sed
2941 2283 3171 2348 potentia
3206 2281 3316 2334 Deo
3346 2280 3412 2335 θ’.
3453 2279 3577 2334 Non

2008 2375 2180 2428 vincit
2213 2383 2266 2431 te
2306 2375 2553 2446 corporis
2589 2381 2807 2438 natura,
2843 2389 3021 2444 neque
3049 2373 3356 2442 strangulat
3385 2379 3440 2426 te
3489 2369 3578 2427 in-

2009 2463 2202 2528 vitum,
2245 2481 2351 2521 non
2380 2467 2654 2536 captivum
2686 2480 2786 2534 pro
2815 2465 2986 2519 libero
3013 2463 3194 2519 eilicit.
3228 2462 3346 2516 Noli
3381 2463 3438 2519 in
3468 2471 3574 2517 ter-

2011 2570 2070 2610 ra
2101 2556 2412 2626 relinquere
2440 2557 2662 2620 liberos,
2694 2555 2788 2611 sed
2821 2570 2917 2610 eos
2947 2569 3162 2610 sursum
3188 2555 3456 2611 deducere
3505 2553 3574 2608 ad

2012 2645 2209 2700 cmlum
2245 2667 2255 2700 :
2293 2663 2401 2701 non
2434 2647 2813 2716 corporalibus
2847 2647 3052 2716 nuptiis
3081 2645 3424 2716 agglutinari.
3477 2646 3575 2701 sed

2012 2736 2220 2792 ambire
2258 2737 2596 2807 spiritualcs,
2632 2737 2932 2791 dominium
2982 2737 3036 2790 in
3091 2737 3304 2790 animas
3354 2736 3572 2800 habere,

2011 2843 2075 2882 ac
2105 2829 2468 2898 spiritualiter
2495 2829 2636 2884 ﬁlios
2685 2843 2992 2898 procreare.
3032 2828 3250 2883 Imitare
3299 2828 3578 2883 cmlestem

2012 2934 2299 2990 sponsum,
2336 2921 2578 2976 hostium
2623 2921 2978 2976 invisibilium
3026 2919 3267 2975 assultus
3321 2919 3574 2988 reprime,

2012 3020 2202 3067 contra
2231 3012 2571 3083 principatus
2605 3020 2658 3066 et
2687 3019 2983 3081 potestates
3010 3010 3212 3066 bellum
3242 3026 3390 3082 gere,
3419 3012 3500 3066 sic
3521 3021 3579 3066 ut

2012 3105 2252 3174 expellas
2292 3105 2459 3175 ipsas,
2499 3106 2734 3176 primum
2777 3105 2994 3176 quidem
3039 3119 3102 3159 ex
3138 3105 3321 3158 animo
3367 3113 3481 3169 tuo,
3519 3112 3579 3157 ut

2014 3197 2217 3248 nullam
2251 3197 2303 3249 in
2338 3204 2391 3251 te
2434 3197 2916 3267 liabeantrpartem
2952 3216 2963 3250 :
3007 3197 3203 3252 deinde
3241 3196 3311 3251 ab
3366 3196 3432 3250 iis
3484 3195 3576 3266 qui

2013 3287 2080 3341 ad
2103 3295 2154 3342 te
2182 3288 2525 3360 confugiunt,
2572 3297 2736 3360 teque
2784 3289 2978 3343 ducem
3023 3289 3126 3344 sibi
3161 3303 3225 3343 ac
3267 3302 3578 3358 propugna-

2015 3395 2184 3438 torem
2211 3388 2569 3449 constituunt,
2597 3397 2659 3441 ut
2704 3385 2805 3456 ipsi
2839 3385 2947 3442 tuis
2981 3385 3327 3441 sermonibus
3361 3385 3578 3438 incolu-

2015 3491 2130 3530 mes
2178 3486 2486 3531 serventur.
2540 3476 2802 3532 Subverte
2836 3476 3280 3531 ratiocinationes
3317 3476 3582 3530 adversus

2014 3566 2217 3622 Cbrisli
2251 3567 2410 3623 ﬁdem
2452 3569 2799 3638 insurgentes
2831 3586 2844 3622 :
2879 3569 3098 3637 impiam
3131 3582 3193 3621 ac
3238 3581 3458 3636 pravam
3492 3580 3581 3620 ra—

2015 3659 2422 3712 tiocinationem
2460 3675 2555 3728 per
2588 3660 2732 3728 piam
2761 3659 3068 3713 doctrinam
3101 3658 3378 3727 impugna.
3436 3656 3580 3711 Con-

2015 3752 2138 3804 silia
2162 3752 2317 3809 enim,
2353 3751 2545 3821 inquit,
2569 3752 2915 3814 destruentes,
2937 3757 2988 3801 et
3011 3764 3215 3801 omnem
3239 3746 3574 3800 altitudinem

2015 3843 2349 3898 extollentem
2375 3859 2428 3896 se
2455 3842 2702 3896 adversus
2727 3841 3000 3895 scientiam
3033 3838 3130 3892 Dei
3161 3839 3224 3890 ⁸³.
3255 3836 3319 3892 Et
3341 3838 3577 3893 maxime

2015 3935 2234 4005 quidem
2267 3935 2320 3988 in
2353 3935 2533 4004 magni
2560 3934 2703 4004 regis
2730 3947 2915 3994 manu,
2938 3946 3059 4001 quae
3101 3931 3442 3987 adversarios
3469 3936 3578 3984 ter-

2016 4034 2098 4081 ret
2119 4041 2180 4079 ac
2199 4024 2346 4096 fugat
2370 4026 2458 4079 ubi
2481 4025 2646 4080 semel
2669 4024 3000 4094 apparuerit,
3031 4024 3209 4092 posita
3240 4021 3438 4076 fiducia
3465 4023 3571 4077 sit:

2017 4132 2140 4170 eum
2175 4133 2302 4171 vero
2341 4117 2575 4170 voluerit
2601 4116 2829 4186 probum
2859 4123 2912 4168 te
2944 4130 3008 4169 ac
3042 4116 3242 4168 bonum
3275 4114 3437 4169 etiam
3473 4128 3573 4184 per

2018 4209 2260 4278 pericula
2289 4209 2460 4272 reddi,
2491 4223 2730 4278 suasque
2765 4207 2951 4277 c0pias
2988 4222 3110 4260 cum
3135 4205 3574 4262 adversariorum

2018 4303 2190 4372 copiis
2260 4303 2598 4356 committere
2645 4301 2966 4363 decreverit,
3022 4308 3154 4354 tunc
3204 4308 3256 4353 te
3311 4299 3428 4353 acie
3485 4297 3574 4351 in—

2019 4401 2290 4448 structum
2323 4394 2507 4448 nullus
2542 4392 2754 4463 frangat
2783 4393 2957 4456 labor,
2991 4391 3208 4445 animus
3249 4394 3464 4444 maneat
3527 4389 3584 4444 in

1949 4520 1992 4573 Β
2022 4486 2280 4554 periculis
2316 4485 2596 4549 immotus,
2623 4492 2676 4538 et
2706 4500 2735 4539 e
2765 4491 2910 4538 terra
2943 4483 3010 4537 ad
3056 4492 3282 4545 terram,
3342 4491 3507 4551 atque
3553 4496 3583 4534 e

2023 4577 2157 4632 mari
2185 4578 2252 4633 ad
2280 4592 2429 4632 mare
2457 4579 2712 4632 alacriter
2744 4577 3088 4647 transmigra.
3122 4576 3256 4631 Cum
3289 4575 3456 4639 enim,
3499 4573 3586 4626 in-

2022 4671 2163 4740 quit,
2208 4678 2612 4740 perscquuntur
2657 4686 2776 4734 vos,
2821 4669 2985 4739 fugite
3011 4683 3075 4721 ex
3108 4668 3323 4720 civitate
3365 4666 3420 4718 in
3450 4664 3584 4717 civi-

2020 4769 2188 4816 tatem
2222 4763 2288 4815 “.
2336 4761 2401 4815 Et
2436 4762 2527 4815 ubi
2561 4761 2863 4830 oportuerit
2931 4760 2996 4814 ad
3046 4757 3314 4828 judicium
3374 4753 3580 4816 vocari.

2015 5067 2215 5139 legitur
2253 5068 2309 5121 in
2335 5067 2576 5139 editione
2603 5064 2742 5120 Ven.
2774 5071 2827 5120 et
2863 5065 2916 5117 in
2959 5071 3197 5133 utroque
3237 5060 3510 5126 Combel‘.,
3534 5075 3590 5120 et

2018 5137 2241 5206 in'Reg.
2274 5137 2434 5192 tertio
2461 5137 2711 5206 κόιθαιρεἐ

2089 5197 2216 5330 δίη
2237 5207 2451 5261 Rursus
2490 5197 2657 5260 editio
2689 5204 2848 5262 Ven..
2892 5203 3030 5256 Μαι.
3065 5212 3119 5258 et
3163 5203 3254 5256 alii
3293 5202 3404 5255 duo
3436 5197 3592 5272 Regi.

2128 5280 2237 5330 ices
2259 5276 2507 5330 κάθαιρε.
2538 5274 2716 5328 Editio
2741 5273 2914 5326 Paris.
2947 5273 3198 5330 καθαίρει
3228 5271 3541 5330 λογισμούς.

2020 5271 2237 5350 codices
2255 5276 2507 5350 κάθαιρε.
2538 5274 2716 5350 Editio
2741 5273 2914 5350 Paris.
2933 5273 3198 5350 ,καθαίρει
3228 5271 3541 5350 λογισμούς.

2094 5348 2206 5417 (48)
2240 5341 2463 5417 Antiqui
2496 5353 2609 5417 tres
2645 5344 2766 5396 libri
2801 5341 3217 5417 et_editio_Ven.
3242 5343 3336 5395 καὶ
3359 5358 3595 5411 τροπου-

2031 5412 2598 5487 μένῃξΕιΙίῑὶόΡξιῐίε.
2626 5412 2957 5487 τρεπομένῃ.
2988 5413 3283 5487 Aliquanto
3305 5419 3598 5487 postult”-

2028 5479 2322 5555 que'editio
2340 5494 2392 5539 et
2412 5484 2546 5555 Reg.
2572 5479 2849 5555 secundus
2873 5479 3594 5555 duratiib‘rlieiﬁm‘yavéaeat.

2028 5552 2131 5612 Alii
2161 5555 2270 5609 duo
2304 5569 2433 5607 mss.
2471 5553 2672 5620 ἀγαθὸν
2706 5552 2836 5622 θέλῃ
2879 5571 2937 5605 σε
2970 5553 3240 5620 γενέσθαι.

2102 5625 2212 5694 (49)
2243 5623 2397 5694 Unus
2431 5616 2928 5694 οοᾷειιὸτανδὲοι.
2975 5616 3084 5676 Nec
3120 5626 3194 5675 ita
3233 5621 3404 5676 multo
3451 5616 3599 5676 infra

2031 5693 2165 5768 Reg.
2193 5693 2467 5752 Secundus
2501 5693 2729 5747 θανάτου
2752 5693 3152 5768 ἀγωνίσασθαι.
