3982 6240
377 327 482 383 625

1679 311 1737 368 S.
1778 311 2024 370 BASlLll
2065 311 2280 367 MAGNI

3520 305 3629 363 69.4

378 448 560 496 astare
617 442 743 492 ante
772 433 1147 506 magistratus,
1185 431 1509 503 populorum
1551 429 1794 486 assultus
1822 445 1946 500 per-

2070 429 2191 494 rOat,
2236 429 2330 482 καὶ
2385 427 2519 499 πρὸς
2572 427 2836 498 ἄρχοντας
2886 425 3254 494 παραστῆναι.
3307 423 3400 477 καὶ
3443 423 3632 495 δήμων

378 527 894 593 ferre,horrendum
918 525 1195 580 carniﬁcis
1218 525 1418 578 intueri
1433 531 1734 592 aspectum,
1760 522 1948 576 audire

379 635 569 678 vocem
618 633 890 689 asperam,
957 617 1452 671 instrumentorum
1505 613 1573 668 ad
1610 613 1948 683 puniendum

382 711 776 767 destinatorum
823 723 1043 780 gravem
1113 713 1472 776 conspectum
1527 705 1784 772 tolerare,
1835 712 1953 758 tor-

383 809 568 856 menta
617 799 878 870 experiri,
933 808 986 853 et
1045 813 1220 869 usque
1264 798 1330 852 ad
1382 803 1610 850 mortem
1646 795 1949 859 decertare,

384 899 606 962 propter
629 890 746 944 haec
773 891 956 945 omnia
1005 905 1074 945 ne
1125 889 1358 953 diﬁidas,
1399 889 1470 943 ob
1513 888 1702 943 oculos
1742 887 1952 942 habens

381 982 684 1047 Christum,
719 983 814 1053 qui
861 983 947 1037 his
988 989 1082 1036 tua
1113 997 1277 1037 causa
1306 981 1408 1035 fuit
1439 981 1731 1046 obnoxius,
1774 981 1954 1050 sitque

383 1081 722 1144 compertum
757 1073 876 1138 tibi,
910 1081 964 1128 te
1012 1073 1069 1128 in
1117 1073 1238 1128 istis
1285 1071 1356 1127 ob
1414 1071 1693 1126 Christum
1745 1069 1952 1125 versari

385 1173 660 1236 oportere,
709 1173 872 1235 teque
923 1167 978 1220 in
1043 1165 1178 1235 ipsis
1241 1180 1365 1222 esse
1415 1165 1709 1218 victurum.
1750 1161 1952 1233 Regem

386 1260 533 1313 enim
564 1258 828 1313 victorem
889 1257 1158 1327 sequeris,
1211 1257 1305 1327 qui
1338 1263 1392 1311 te
1420 1271 1534 1311 suae
1559 1255 1804 1311 victoria:
1841 1254 1957 1308 vult

384 1366 510 1408 esse
539 1351 879 1422 participem.
907 1349 1093 1420 Neque
1119 1350 1265 1405 enim
1303 1350 1484 1404 vietus
1521 1363 1602 1414 es,
1655 1348 1756 1404 etsi
1808 1362 1956 1401 mor-

387 1449 556 1509 tuus;
581 1443 692 1497 imo
718 1456 847 1498 vero
863 1449 996 1496 tunc
1017 1441 1424 1512 integerrimam
1457 1440 1753 1511 reportasti
1786 1440 1958 1493 victo-

389 1535 563 1589 riam:
591 1533 794 1604 quippe
820 1531 914 1603 qui
933 1533 1220 1587 veritatem
1252 1531 1647 1585 immutabilem
1692 1531 1758 1584 ad
1795 1532 1956 1584 linem

390 1639 566 1696 usque
613 1624 712 1678 tibi
748 1623 852 1692 ipsi
901 1623 1228 1693 servaveris,
1281 1637 1344 1676 ac
1390 1622 1775 1678 inconcussam
1826 1622 1956 1675 reti-

389 1713 578 1770 nueris
607 1712 862 1782 loquendi
895 1726 994 1782 pro
1023 1713 1252 1766 veritate
1280 1711 1556 1766 lidueiam.
1767 1707 1772 1714 “

2048 520 2442 579 ἐπαναστάσεις
2488 519 2830 586 ὑπενεγκεῖν,
2869 518 2962 570 καὶ
3001 517 3195 588 δημίου
3227 515 3442 588 βλέμμα
3467 515 3630 584 φοϐε-

2051 612 2140 685 ρὸν
2173 613 2318 677 ἰδεῖν,
2348 613 2442 664 καὶ
2477 610 2716 682 σκληρὰν
2748 609 2978 663 ἀκοῦσαι
2999 610 3202 680 φωνην,
3232 610 3327 661 καὶ
3365 608 3605 675 κολαστη
3631 641 3633 643 ι

2051 707 2181 778 ρίων
2199 705 2319 774 ὄψιν
2347 705 2632 774 ὑπομεῖναι
2662 702 2926 773 χαλεπὴν,
2959 701 3053 754 καὶ
3088 700 3415 771 πειραθῆναι
3462 699 3605 768 βασά

2049 816 2154 852 νων
2171 840 2184 863 ,
2204 799 2298 851 καὶ
2324 797 2482 868 μέχρι
2505 795 2735 848 Θανάτου
2766 792 3210 863 διαγωνίσασθαι,
3231 792 3305 863 μὴ
3327 789 3635 861 ἁπειθήσῃς

2050 891 2188 962 πρὸς
2221 890 2432 943 ἅπαντα
2464 887 2653 950 ταῦτα,
2695 885 2801 957 πρὸ
2833 885 3127 956 ὀφθαλμῶν
3174 885 3313 955 ἔχων
3364 884 3456 936 τὸν
3494 882 3635 951 ὑπὲρ

2053 984 2146 1038 σοῦ
2183 985 2239 1035 ἐν
2269 983 2477 1045 τούτοις
2491 981 2778 1050 γενόμενον
2806 979 3061 1049 Χριστὸν,
3092 977 3248 1040 εἰδὼς
3269 1020 3283 1043 ,
3321 976 3402 1030 δτι
3435 974 3524 1028 διά
3547 973 3638 1027 τὸν

2052 1072 2285 1146 Χριστὸν
2331 1074 2388 1125 ὲν
2433 1071 2640 1133 τούτοις
2681 1068 2930 1139 γενέσθαι
2963 1085 3019 1120 σε
3059 1068 3158 1132 δεῖ,
3187 1067 3282 1120 καὶ
3307 1067 3554 1136 νικήσεις
3579 1066 3636 1118 ἐν

2052 1167 2280 1230 τούτοις.
2316 1166 2525 1236 Νικητῇ
2583 1162 2694 1236 γὰρ
2750 1160 3061 1224 ἀκολουθεῖς
3092 1160 3320 1231 βασιλεῖ,
3351 1159 3450 1228 τῆς
3481 1157 3638 1225 νίκης

2054 1259 2218 1314 αὑτοῦ
2275 1257 2579 1328 βουλομένῳ
2627 1273 2686 1309 σε
2739 1253 2991 1324 γενέσθαι
3043 1254 3315 1308 κοινωνόν.
3359 1251 3497 1305 esse
3529 1251 3640 1319 γὰρ

2056 1351 2339 1406 ἀποθανὼν
2385 1349 2644 1422 ἡττήθης,
2671 1348 2805 1403 ἀλλὰ
2824 1349 2946 1402 τότε
2971 1348 3035 1417 δὴ
3075 1348 3168 1401 καὶ
3200 1345 3508 1400 τελεώτατα
3533 1343 3640 1395 ἑνί-

2055 1464 2249 1509 κησας,
2283 1445 2410 1516 ἀχρι
2432 1445 2616 1507 τέλους
2661 1443 2929 1514 ἄτρεπτον
2974 1440 3213 1510 φυλάξας
3249 1441 3349 1510 τὴν
3381 1437 3640 1508 ἀλήθειαν

2060 1538 2268 1608 σεαυτῷ
2313 1537 2446 1608 (50),
2489 1537 2583 1590 καὶ
2607 1537 2705 1607 τὴν
2737 1535 2879 1608 ὑπὲρ
2905 1536 3004 1607 τῆς
3035 1533 3291 1604 ἀληθείας
3325 1533 3640 1604 παρῤησιαν

2059 1631 2457 1703 ἀμετακίνητον
2485 1627 2647 1700 σχὼν.

464 1806 517 1860 5.
553 1802 620 1858 Ει
647 1791 869 1874 quidem
902 1803 972 1858 ab
1018 1802 1245 1857 interitu
1284 1801 1353 1856 ad
1381 1810 1638 1856 aeternam
1670 1803 1860 1868 vitam,
1888 1801 1956 1857 ab

2129 1808 2182 1862 5.
2211 1807 2322 1861 Καὶ
2349 1807 2457 1861 ἀπὸ
2476 1806 2566 1860 τοῦ
2595 1805 2826 1859 θανάτου
2861 1805 2958 1876 μὲν
2993 1803 3127 1875 πρὸς
3153 1801 3370 1856 αἰώνιον
3399 1799 3642 1864 ὁδεύσεις

390 1896 548 1965 20],
575 1893 857 1948 hominum
891 1891 1189 1963 ignominia
1213 1892 1279 1946 ad
1303 1891 1398 1947 Dei
1427 1893 1677 1964 gloriam,
1711 1908 1740 1947 a
1769 1893 1957 1948 mundi

392 1985 816 2043 adversitatibus
877 1993 1042 2055 atque
1096 1985 1382 2055 suppliciis
1447 1985 1514 2039 ad
1567 1995 1825 2042 aeternam
1867 2001 1958 2041 re-

392 2080 599 2151 quiem,
631 2092 752 2147 quae
779 2077 877 2132 tibi
906 2092 1030 2131 cum
1059 2078 1267 2148 angelis
1297 2079 1604 2133 communis
1630 2078 1814 2133 futura
1851 2087 1956 2144 est,

390 2171 762 2243 proﬁciscere.
786 2169 954 2224 Terra
978 2177 1030 2226 te
1058 2171 1231 2226 civem
1260 2185 1370 2225 non
1393 2172 1655 2241 suscepit,
1685 2180 1739 2226 at
1760 2172 1958 2227 coelum

393 2261 676 2330 suscipiet.
733 2259 967 2313 Mundus
1013 2267 1338 2329 persecutus
1376 2268 1502 2316 est:
1539 2263 1633 2318 sed
1666 2263 1862 2318 tollent
1907 2272 1962 2319 te

390 2354 592 2424 angeli,
629 2362 689 2408 ut
720 2353 917 2408 sistant
947 2363 1002 2406 te
1027 2366 1211 2407 coram
1237 2351 1478 2408 Christo.
1509 2353 1652 2420 Quin
1672 2362 1727 2411 et
1753 2355 1960 2411 amicus

391 2445 758 2518 appellabere,
788 2460 958 2515 esque
998 2445 1285 2501 auditurus
1314 2447 1776 2516 jucundissimam
1811 2448 1960 2504 illam

395 2537 652 2592 laudem:
691 2536 864 2591 Macte
897 2535 1101 2602 animo,
1137 2551 1291 2592 serve
1323 2537 1464 2592 bone
1487 2545 1540 2592 et
1576 2537 1769 2607 ﬁdelis,
1805 2541 1962 2597 miles

393 2644 676 2699 generose,
717 2627 1042 2698 Dominique
1080 2627 1344 2694 imitator,
1395 2643 1461 2683 ac
1512 2630 1657 2700 regis
1700 2639 1958 2698 sectator,

393 2737 494 2793 ego
525 2729 580 2776 te
627 2719 765 2776 meis
793 2719 952 2776 donis
971 2723 1364 2778 remunerabor
1396 2742 1409 2777 :
1443 2739 1543 2795 ego
1580 2733 1706 2780 tuos
1745 2725 1960 2778 audiam

396 2827 700 2877 sermones,
735 2814 993 2884 quoniam
1029 2821 1086 2866 tu
1117 2815 1285 2867 etiam
1315 2814 1574 2870 audivisti
1603 2832 1776 2872 meos.
1803 2816 1962 2872 Petes

396 2905 626 2960 fratrum
647 2907 739 2976 qui
773 2913 1039 2960 vexantur
1061 2906 1321 2974 salutem;
1355 2915 1518 2977 atque
1550 2910 1715 2965 sociis
1744 2908 1867 2963 ﬁdei
1900 2923 1964 2962 ac

396 3011 569 3053 sacrae
595 2997 878 3052 charitatis
900 2996 1186 3065 discipulis
1211 2992 1489 3052 bonorum"
1509 3014 1540 3053 a
1574 3016 1700 3070 rege
1720 3015 1967 3055 commu-

398 3090 727 3145 nicationem
754 3091 1094 3160 impetrabis,
1123 3099 1493 3163 praetereaque
1521 3093 1845 3164 tripudiabis
1874 3095 1968 3149 tri-

397 3181 566 3251 pudia
620 3182 974 3252 sempiterna,
1032 3198 1189 3253 geres
1227 3199 1488 3239 coronam
1531 3185 1676 3240 inter
1723 3186 1964 3256 angelos,
1995 3165 2037 3224 ο

400 3279 565 3341 atque
597 3273 863 3328 creaturis
894 3273 997 3328 sub
1022 3289 1148 3344 rege
1175 3275 1473 3345 imperans,
1499 3293 1608 3332 una
1633 3293 1758 3332 cum
1784 3278 1969 3333 beato-

399 3381 524 3422 rum
562 3365 732 3421 choro
763 3366 817 3420 in
862 3375 1124 3422 aeternum
1172 3369 1364 3424 beatus
1413 3371 1583 3425 vives.
1621 3369 1776 3436 Quod
1817 3372 1864 3425 si
1915 3378 1970 3426 te

400 3458 583 3515 adhuc
611 3459 668 3513 in
706 3459 912 3514 mundo
965 3466 1088 3531 post
1123 3461 1422 3515 certamina
1459 3462 1622 3517 etiam
1663 3463 1969 3533 relinquere

403 3549 570 3615 volet,
622 3557 683 3603 ut
712 3550 870 3620 plura
893 3557 946 3605 et
990 3550 1141 3605 varia
1175 3551 1328 3605 ineas
1368 3551 1691 3616 certamina,
1737 3552 1968 3607 multos-

404 3657 510 3711 que
557 3656 682 3697 cum
727 3655 758 3695 a
795 3641 1104 3698 visibilibus
1147 3649 1261 3696 tum
1304 3643 1373 3698 ab
1419 3643 1784 3700 invisibilibus
1815 3646 1970 3702 bellis

404 3735 584 3790 salvos
615 3742 672 3789 et
718 3734 1021 3790 incolumes
1068 3749 1276 3798 serves,
1325 3735 1499 3804 gloria
1553 3743 1644 3790 tua
1693 3737 1856 3792 etiam
1914 3737 1971 3791 in

404 3832 552 3878 terra
602 3839 800 3894 magna
833 3825 957 3890 erit,
995 3831 1048 3879 et
1089 3825 1144 3879 in
1190 3826 1364 3895 pretio
1406 3827 1514 3881 eris
1561 3827 1703 3897 apud
1741 3829 1970 3897 amicos,

406 3916 501 3986 qui
531 3925 586 3971 te
634 3924 873 3972 tutorem
932 3917 1349 3987 adjutoremque
1397 3933 1461 3973 ac
1489 3919 1694 3973 bonum
1730 3920 1965 3992 legatum

404 4006 738 4063 invenerint.
768 4007 835 4061 Hi
867 4008 1112 4062 nutrient
1147 4017 1198 4063 te
1237 4015 1495 4080 tanquam
1516 4019 1796 4065 strenuum
1830 4013 1974 4066 mili-

405 4104 514 4152 tem
549 4117 562 4151 :
597 4098 652 4151 hi
681 4098 862 4154 colent
884 4108 937 4153 te
964 4098 1132 4152 veluti
1165 4099 1342 4153 virum
1369 4099 1728 4156 fortissimum
1769 4117 1832 4156 ac
1877 4118 1971 4173 ge-

406 4189 864 4245 nerosissimum:
899 4189 953 4243 hi
976 4191 1294 4245 salutabunt
1325 4201 1376 4246 te
1409 4193 1583 4248 amice
1629 4201 1684 4248 et
1722 4195 1970 4262 comiter,

410 4290 570 4350 teque
619 4282 700 4336 uti
769 4280 865 4336 Dei
920 4284 1169 4352 angelum
1219 4299 1344 4337 cum
1399 4283 1596 4352 gaudio
1650 4287 1970 4356 suscipient,

407 4372 862 4446 quemadmodum
887 4373 1088 4430 Paulus
1105 4374 1200 4438 ait,
1219 4376 1366 4429 velut
1380 4374 1657 4430 Christum
1702 4375 1888 4432 Jesum
1904 4379 1971 4436 ⁸⁸.

407 4463 535 4521 Haec
581 4475 637 4521 et
673 4465 918 4535 ejusdem
964 4467 1177 4536 generis
1216 4467 1322 4520 alia
1346 4466 1543 4522 divinae
1570 4467 1774 4522 militize
1791 4485 1976 4523 exem~

407 4556 496 4629 pla
523 4563 668 4611 sunt.
705 4554 891 4626 Neque
923 4570 1054 4611 vero
1079 4557 1143 4611 ad
1168 4557 1315 4613 solos
1345 4557 1494 4612 viros
1527 4565 1739 4628 spectat
1773 4560 1972 4616 oratio.

409 4649 603 4705 Militat
635 4649 782 4706 enim
810 4649 954 4720 apud
987 4648 1264 4704 Christum
1296 4658 1350 4705 et
1379 4650 1644 4705 muliebre
1679 4667 1870 4722 genus,
1903 4654 1975 4708 ob

479 4805 524 4837 ⁸³
563 4801 738 4858 Calat.
779 4819 851 4870 tv,
889 4803 976 4857 14.

479 4960 591 5031 (50)
617 4959 756 5031 Beg.
801 4958 1082 5031 secundus
1121 4957 1378 5031 ἀλήθειαν
1412 4957 1468 5031 ὲν
1503 4954 1732 5031 σεαυτῷ.
1779 4954 1973 5031 Statim

409 5026 582 5085 editio
615 5026 791 5085 Paris.
836 5032 930 5083 καὶ
981 5029 1089 5084 ἀπὸ
1130 5026 1246 5080 τοῦ.
1283 5027 1486 5080 Vocula
1517 5027 1608 5078 καί
1641 5026 1794 5080 deest
1830 5035 1885 5080 et
1919 5027 1976 5079 in

411 5101 655 5157 editione
683 5099 817 5155 Ven.
849 5110 904 5154 et
938 5101 992 5154 in
1021 5099 1264 5167 antiquis
1292 5099 1469 5151 tribus
1494 5098 1672 5151 libris.

485 5170 595 5241 (5i)
620 5169 774 5241 Quod
797 5170 873 5223 ait
887 5165 1267 5241 Combeﬁsiu‘s,
1283 5167 1420 5221 duos
1437 5183 1565 5241 suos
1583 5173 1792 5241 veteres
1809 5165 1977 5241 libros

413 5239 549 5295 Maz.
578 5234 638 5294 ὀι
669 5239 733 5294 Η.
764 5241 838 5294 ita
872 5241 1094 5302 habere,
1137 5237 1232 5292 τοῦ
1266 5237 1616 5308 παραστῆσαι
1647 5235 1886 5308 Χριστῷ,
1923 5234 1977 5288 id

414 5326 524 5365 non
558 5325 682 5364 vere
713 5311 916 5365 dictum
957 5319 1064 5369 est.
1109 5324 1232 5363 cum
1272 5306 1466 5362 vocula
1505 5306 1599 5359 τοῦ
1648 5306 1706 5358 in
1745 5313 1979 5374 utroque

415 5381 556 5435 libro
603 5380 764 5435 desit.
816 5379 996 5434 Editio
1042 5380 1218 5434 Paris.
1264 5377 1484 5446 ἀγγελοι
1527 5375 1872 5447 παραστῆσαί
1914 5392 1978 5447 σε

415 5447 656 5522 Χριστῷ.
682 5449 819 5505 Illud
844 5467 902 5503 σε
923 5465 1100 5519 neque
1123 5451 1177 5503 in
1199 5445 1404 5522 nostris
1427 5463 1561 5522 mss.
1589 5445 1764 5522 neque
1785 5445 1980 5522 in_f.di-

417 5510 566 5575 tione
603 5510 810 5576 Veneta
864 5510 1159 5575 invenitur.
1220 5520 1341 5572 Mox
1387 5519 1554 5573 editio
1597 5510 1774 5582 Paris.
1815 5510 1976 5582 Εὖγε,

415 5589 590 5646 δοῦλε.
622 5590 804 5645 Editio
834 5589 968 5646 Ven.
1005 5599 1059 5645 et
1089 5591 1301 5659 antiqui
1330 5597 1442 5645 tres
1477 5588 1599 5641 libri
1629 5581 1726 5648 Εὖ,
1763 5581 1936 5659 δοῦλε.

488 5659 602 5732 (52)
631 5663 706 5716 Ita
741 5660 870 5732 Reg.
899 5662 1118 5715 tertius.
1147 5655 1239 5713 Illa
1263 5669 1442 5732 autem
1468 5659 1654 5732 verba,
1677 5671 1798 5732 qua:
1825 5655 1980 5710 addi-

417 5728 619 5798 dimus,
671 5731 764 5786 καὶ
809 5728 920 5795 τοῖς
953 5735 1226 5795 κοινωνοῖς
1277 5731 1374 5801 τῆς
1427 5730 1681 5794 πίστεως,
1727 5728 1979 5796 leguntur

2062 1899 2228 1970 ζωὴν,
2272 1898 2378 1952 ἀπὸ
2408 1898 2465 1951 δὲ
2500 1900 2597 1970 τῆς
2645 1898 2794 1969 παρὰ
2826 1895 3132 1967 ἀνθρώποις
3160 1893 3382 1965 ἀτιμίας
3411 1892 3507 1944 ἐπὶ
3545 1892 3644 1963 τὴν

2059 1991 2213 2058 δόξαν
2225 1991 2322 2062 τὴν
2353 1990 2503 2062 παρὰ
2530 1991 2684 2054 Θεοῦ,
2710 1990 2805 2044 καὶ
2830 1990 2938 2042 ἀπὸ
2965 1987 3074 2042 τῶν
3108 1991 3164 2041 ὲν
3199 1988 3388 2058 κόσμῳ
3411 1985 3644 2055 θλίψεων

2061 2083 2156 2134 καὶ
2194 2080 2467 2133 κολάσεων
2502 2079 2592 2132 ἐπὶ
2617 2078 2716 2142 τάς
2769 2078 3017 2140 αἰωνίους
3046 2075 3381 2139 ἀναπαύσεις
3412 2075 3515 2137 τὰς
3549 2075 3645 2126 σὺν

2061 2169 2331 2239 ἀγγέλοις.
2357 2169 2431 2239 Γῆ
2458 2185 2517 2221 σε
2534 2169 2756 2237 πολίτην
2783 2169 2881 2220 οὐκ
2912 2166 3228 2232 ἀπεδέξατο,
3279 2163 3394 2218 ἀλλ’
3415 2163 3644 2234 οὐρανὸς

2063 2263 2396 2327 ὑποδέξεται,
2428 2263 2629 2334 κόσμος
2668 2262 2904 2328 ἐδίωξεν,
2936 2260 3070 2313 ἀλλά
3099 2259 3456 2329 βαστάσουσιν
3480 2257 3636 2326 ἀγγε-

2061 2356 2143 2409 λοι
2177 2353 2525 2424 παραστῆσαί
2553 2369 2610 2405 σε
2634 2351 2854 2424 Χριστῷ
2888 2350 3021 2421 (δυ’
3060 2349 3156 2403 καὶ
3188 2349 3340 2417 φίλος
3371 2348 3644 2419 κληθήσῃ,

2063 2448 2155 2502 καὶ
2187 2446 2276 2500 τὸν
2321 2443 2696 2498 ποθεινότατον
2755 2444 2974 2497 ἔπαινον
3030 2442 3316 2506 ἀκούσας’
3354 2437 3452 2504 Εὖ,
3492 2441 3642 2494 δοῦλε

2063 2539 2235 2610 ἀγαθὲ
2300 2541 2394 2592 καὶ
2443 2538 2620 2602 πιστὲ,
2662 2536 2971 2609 στρατιῶτα
3028 2538 3261 2604 γενναῖε,
3296 2535 3391 2587 καὶ
3434 2533 3646 2604 μιμητά

2063 2631 2156 2685 τοῦ
2185 2631 2478 2694 Δεσπότου,
2513 2628 2772 2699 βασιλέως
2810 2627 3088 2693 ἀκόλουθε,
3120 2625 3229 2695 ἐγώ
3263 2643 3321 2679 σε
3353 2628 3464 2689 τοῖς
3493 2627 3644 2695 ἐμοῖς

2064 2725 2369 2796 ἀμείψομαι
2401 2723 2621 2795 δώροις-
2669 2720 2779 2790 ἐγὼ
2823 2721 2930 2773 τῶν
2973 2721 3079 2773 σῶν
3110 2719 3410 2790 ἀκούσομαι
3448 2718 3644 2787 λόγων,

2065 2819 2186 2871 ἐπεὶ
2223 2819 2316 2870 καὶ
2345 2818 2408 2870 σὺ
2461 2815 2570 2869 τῶν
2604 2815 2772 2886 ἐμῶν.
2819 2816 3068 2886 Αίτήσεις
3098 2813 3341 2883 ἀδελφῶν
3374 2814 3645 2884 σωτηρίαν

2067 2911 2575 2980 καταπονουμένων,
2593 2911 2686 2963 καὶ
2713 2912 2825 2971 τοῖς
2855 2910 3130 2971 κοινωνοῖς
3155 2909 3252 2978 τῆς
3277 2907 3513 2969 πίστεως
3533 2905 3646 2976 (52)

2068 3003 2161 3054 καὶ
2193 3005 2305 3065 τοῖς
2355 3001 2583 3071 μύσταις
2633 3001 2732 3070 τῆς
2765 3000 2912 3072 ἱερᾶς
2939 3000 3157 3068 ἀγάπης
3194 2997 3339 3068 λήψῃ
3374 2996 3526 3067 παρά
3551 2995 3648 3048 τοῦ

2072 3093 2333 3163 βασιλέως
2360 3094 2457 3164 τὴν
2506 3091 2614 3144 τῶν
2641 3090 2862 3160 ἀγαθῶν
2915 3090 3200 3162 μετουσίαν
3225 3106 3237 3120 ’
3273 3089 3552 3159 χορεύσεις
3590 3087 3649 3140 δὲ

2070 3186 2168 3249 τὰς
2197 3185 2444 3247 αἰωνίους
2473 3184 2708 3254 χορείας,
2741 3183 2836 3235 καὶ
2873 3179 3070 3252 μεταξὺ
3113 3179 3219 3232 τῶν
3249 3176 3491 3248 ἀγγέλων
3527 3193 3650 3230 στε-

2071 3277 2496 3347 φανηφορήσεις,
2543 3272 2838 3345 βασιλεύων
2887 3273 3114 3331 κτίσεως
3156 3271 3259 3324 ὑπὸ
3292 3269 3370 3340 τῷ
3417 3269 3648 3340 βασιλεῖ,

2071 3369 2163 3421 καὶ
2213 3366 2627 3428 συνδιαιωνίζων
2674 3365 2957 3437 μακαρίως
2995 3365 3069 3436 τῷ
3110 3365 3207 3434 τῆς
3250 3362 3654 3434 μακαριότητος

2071 3460 2234 3531 χορῷ.
2265 3462 2326 3514 Εἰ
2365 3461 2422 3513 δὲ
2450 3461 2544 3514 καὶ
2574 3461 2663 3513 ἐπὶ
2696 3461 2902 3530 κόσμου
2947 3476 3003 3511 σε
3041 3456 3360 3525 καταλεῖψαι
3395 3455 3474 3508 ἔτι
3509 3453 3652 3525 μετὰ

2069 3554 2196 3616 τοὺς
2226 3553 2442 3621 ἀγῶνας
2473 3552 2634 3616 θέλοι,
2660 3553 2745 3605 ἵνα
2771 3552 2862 3606 καὶ
2891 3551 3140 3616 πλείονας
3165 3549 3382 3619 ἀγῶνας
3415 3550 3510 3600 καὶ
3531 3563 3652 3600 ποι-

2072 3645 2256 3709 κίλους
2285 3646 2576 3717 διαγωνίσῃ
2615 3645 2745 3715 (55),
2767 3645 2862 3698 καὶ
2883 3643 3062 3716 σώσῃς
3076 3645 3138 3695 ὲκ
3155 3642 3261 3696 τῶν
3291 3641 3535 3714 ἀοράτων
3551 3641 3652 3693 καὶ

2073 3735 2282 3808 ὁρατῶν
2311 3735 2558 3806 πολέμων
2582 3735 2827 3800 πολλοὺς,
2873 3735 3079 3806 μεγάλη
3117 3751 3209 3786 σου
3240 3732 3334 3786 καὶ
3367 3730 3506 3784 κατά
3541 3730 3652 3799 γῆν

2073 3832 2107 3901 ή
2135 3830 2281 3896 δόξα,
2304 3829 2398 3883 καὶ
2420 3829 2569 3898 παρὰ
2585 3832 2697 3892 τοῖς
2721 3829 2891 3898 φίλοις
2913 3828 3010 3901 ἔσῃ
3037 3828 3236 3899 τίμιος,
3256 3826 3564 3898 προστάτην
3587 3841 3652 3877 σε

2075 3922 2169 3975 καὶ
2205 3921 2394 3993 βοηθὸν
2427 3923 2519 3974 καὶ
2548 3920 2884 3992 πρεσϐευτὴν
2923 3919 3124 3988 ἀγαθὸν
3145 3919 3453 3990 εὑρηκόσιν.
3487 3910 3653 3970 Οὗτοι

2076 4013 2362 4084 θρέψουσιν
2387 4011 2460 4076 ὼς
2487 4011 2819 4084 στρατιώτην
2835 4010 3057 4081 ἀγαθόν·
3075 4003 3220 4064 οὗτοι
3241 4011 3559 4082 τιμήσουσιν
3571 4008 3653 4073 ὡς

2074 4105 2302 4174 ἀριστέα
2348 4107 2623 4173 γενναῖον*
2657 4096 2799 4156 οὗτοι
2819 4103 3160 4168 δεξιώσονται
3195 4104 3288 4156 καὶ
3317 4102 3449 4173 μετά
3474 4103 3654 4172 χαρᾶς

2075 4195 2419 4260 ὑποδέξονται
2439 4196 2514 4255 ὡς
2546 4196 2771 4264 ἄγγελον
2793 4195 2924 4248 Θεοῦ
2953 4193 3410 4264 δεχόμενοι,καθά
3439 4191 3656 4256 Παῦλός

2077 4303 2259 4356 φησιν,
2315 4285 2390 4348 ῶς
2437 4285 2669 4356 Χριστὸν
2715 4285 2934 4353 Ἰησοῦν.
2970 4284 3155 4337 Ταῦτα
3183 4285 3275 4337 καὶ
3314 4282 3382 4336 τὰ
3428 4281 3656 4335 τοιαῦτα

2075 4379 2174 4448 τῆς
2205 4377 2353 4442 θείας
2379 4379 2661 4448 στρατείας
2691 4377 2759 4430 τὰ
2788 4376 3219 4450 παραδείγματα.
3249 4375 3564 4442 Διαλέγεται
3592 4373 3655 4426 δὲ

2078 4469 2177 4522 οὐκ
2227 4469 2450 4540 ἀνδράσι
2494 4469 2674 4540 μόνοις
2704 4469 2908 4537 ὁλόγος
2953 4469 3085 4540 (54).
3137 4466 3498 4540 Στρατεύεται
3541 4466 3656 4536 γὰρ

2083 4563 2172 4614 καὶ
2193 4561 2251 4613 τὸ
2275 4560 2405 4631 θῆλυ
2454 4560 2604 4631 παρά
2641 4561 2882 4631 Χριστῷ,
2918 4564 2985 4632 τῇ
3011 4561 3213 4631 ψυχικῇ
3240 4559 3459 4632 ἀνδρεία
3486 4575 3658 4612 κατα-

2081 4654 2369 4724 λεγόμενον
2392 4654 2472 4716 εξς
2512 4654 2609 4725 τὴν
2636 4653 2938 4725 στρατείαν,
2969 4655 3063 4706 καὶ
3080 4655 3140 4706 οὐ
3171 4652 3256 4706 διὰ
3284 4652 3382 4723 τήν
3416 4651 3509 4706 τοῦ
3545 4650 3658 4704 σώ-

2076 4968 2294 5024 quoque
2339 4953 2394 5006 in
2445 4953 2692 5023 margine
2722 4953 2928 5010 codicis
2966 4955 3250 5012 Mazarini.
3286 4957 3430 5015 Editi
3470 4970 3525 5016 et
3556 4963 3658 5019 alii

2077 5040 2210 5100 mss.
2240 5024 2754 5094 καταπονουμένων,
2789 5026 3022 5100 καῖ-τοῖς
3050 5029 3302 5100 μύσταιςξ
3336 5031 3478 5100 quod
3527 5048 3661 5086 mu-

2078 5094 2236 5170 tilum
2267 5103 2386 5170 erat
2414 5102 2468 5148 et
2496 5104 2831 5170 truncatum.
2867 5094 3024 5170 Haud
3053 5094 3227 5170 longe
3273 5094 3405 5170 Reg.
3453 5106 3660 5156 tertius

2076 5173 2129 5221 et
2153 5165 2323 5236 editio
2346 5163 2706 5236 Yen._l_tabent
2736 5166 2791 5218 in
2825 5169 3070 5235 margine
3099 5163 3322 5236 ἀγαθῶν
3343 5163 3656 5228 κοινωνίαν.

2285 5233 2465 5314 ξόὶιὶο
2489 5232 2626 5314 Yen.
2654 5245 2712 5314 et
2730 5250 2864 5290 mss.
2895 5232 3009 5292 tres
3033 5232 3310 5304 ποικίλους
3331 5240 3656 5314 διαγωνισῃ.

2077 5303 2257 5375 Editio
2286 5303 2460 5375 Raris.
2490 5304 2834 5375 διαγωνίσῃς.
2994 5365 3002 5370 _
3292 5303 3301 5304 ί
3431 5303 3443 5310 ·
3600 5303 3613 5316 -

2149 5374 2260 5445 (Si)
2286 5373 2391 5452 §ic
2422 5375 2633 5452 antiqui
2669 5373 2781 5452 tres
2811 5375 2956 5452 libri.
2989 5375 3182 5452 Ed_itio_
3209 5379 3385 5437 Paris.
3425 5382 3588 5452 μόνος
3625 5383 3657 5434 ὁ

2077 5443 2252 5521 λόγοςζ
2284 5443 2406 5498 Mox
2433 5445 2573 5521 Μαι.
2601 5444 2753 5521 παρὰ
2770 5443 2847 5521 τῷ
2868 5446 3292 5521 Χριστῷλυαυά
3320 5443 3477 5521 longe
3503 5443 3654 5505 idem

2078 5515 2247 5570 codex
2275 5514 2644 5586 καταγόμενον
2667 5514 2747 5576 εὶς
2767 5516 2888 5586 τήν,
2921 5514 2990 5567 αα
3026 5514 3275 5572 militiam
3312 5514 3655 5575 dedendam.

2079 5582 2896 5662 Reg;tertius_:éat0amép§vov,
2938 5594 2994 5639 et
3024 5587 3100 5662 ita
3128 5605 3347 5659 quoque
3375 5593 3573 5662 legitur
3592 5592 3657 5645 in

2077 5652 2182 5708 ora
2197 5652 2349 5724 Regii
2375 5655 2557 5725 primi,
2597 5652 2958 5725 non'q'uidem
2988 5652 3180 5712 eadem
3211 5652 3398 5725 m'anu,
3427 5652 3525 5716 sed
3550 5676 3656 5715 an-

2079 5726 2231 5795 tiqua
2263 5723 2467 5780 tamen.
2511 5723 2753 5796 Utraque
2785 5724 2956 5781 editio
2998 5736 3052 5784 et
3081 5726 3147 5784 ﬂ.
3187 5737 3246 5785 ut
3279 5734 3333 5786 in
3361 5723 3652 5788 contextu.
