3982 6240
418 302 524 357 627
1241 364 1244 368 λ
1717 310 1776 367 S.
1816 310 2037 366 BASILI
2076 310 2289 368 MAGNI
3555 311 3656 363 6‘38

419 418 565 473 mina
643 418 916 489 injecerit,
983 437 1047 479 ac
1126 424 1322 482 deinde
1399 428 1793 485 tentationibus
1875 429 1979 485 sibi

2099 430 2174 484 ιαὶ
2228 431 2631 501 πνευματικῶν,
2688 431 2774 484 ἴνα
2826 428 2935 501 μὴ,
3000 428 3424 499 ἀπροσδοκήτοις
3471 426 3662 480 ἑαυτὸν

419 508 801 579 ingruentibus
859 512 1120 569 resistere
1170 532 1281 571 non
1327 519 1524 588 possit,
1586 521 1654 574 ad
1714 535 1779 575 ea
1843 519 1986 575 unde

2099 523 2344 593 ἐμϐαλὼν
2370 522 2758 593 παλαίσμασιν,
2779 518 2896 576 εἶτα
2924 520 3198 576 ἀδυνατῶν
3234 520 3365 591 πρὸς
3386 519 3483 590 τὴν
3514 519 3663 572 ἀντί-

418 613 745 667 recesserat,
773 620 898 658 cum
930 607 1141 676 pudore
1195 618 1249 664 et
1279 610 1395 667 risu
1453 620 1724 677 recurrat,
1785 614 1987 685 quippe

418 691 511 758 qui
544 690 610 745 ad
663 696 923 749 saeculum
958 712 1070 752 non
1123 699 1242 755 sine
1286 703 1481 758 animae
1536 705 1988 760 condemnatione

420 789 759 861 revertatur;
810 787 1105 858 multisque
1143 790 1533 849 oﬂ'endiculum
1584 794 1786 859 factus,
1818 796 1985 849 vitam

420 869 475 924 in
533 870 752 928 Christo
787 875 1090 935 institutam
1129 882 1384 939 omnibus
1415 893 1723 954 suspectam
1762 884 1981 948 reddat,

419 962 579 1029 quasi
608 964 693 1034 agi
724 981 835 1021 non
884 970 1094 1038 possit;
1125 972 1283 1042 cujus
1330 975 1410 1030 rei
1457 977 1760 1046 periculum
1810 978 1986 1033 nostis

420 1068 633 1120 omnes,
664 1066 933 1127 quotquot
964 1060 1253 1133 Evangelia
1285 1066 1515 1137 legistis,
1543 1070 1597 1123 in
1638 1071 1841 1140 quibus
1867 1072 1986 1142 ipsa

421 1146 606 1202 divina
634 1164 739 1204 vox
769 1150 943 1206 dicit:
983 1152 1207 1224 Expedit
1229 1158 1278 1210 ei
1307 1160 1475 1228 magis
1516 1169 1574 1213 ut
1627 1163 1769 1216 mola
1807 1165 1988 1218 asina-

421 1238 505 1292 ria
533 1239 834 1310 imponatur
869 1246 921 1297 in
950 1247 1085 1301 collo
1117 1248 1251 1317 ejus,
1283 1260 1331 1304 et
1375 1253 1690 1322 proﬁciatur
1728 1257 1782 1309 in
1820 1272 1985 1323 mare,

420 1345 578 1397 quam
604 1342 659 1385 ut
684 1335 1011 1391 scandalizet
1038 1354 1201 1397 unum
1232 1340 1295 1396 de
1332 1344 1543 1411 pusillis
1564 1346 1682 1399 istis
1708 1347 1772 1401 ".
1802 1346 1989 1419 Neque

419 1421 567 1476 enim
619 1424 793 1479 solum
838 1428 944 1481 erit
988 1429 1261 1488 obnoxius
1318 1434 1614 1493 desertoris
1660 1438 1989 1495 condemna-

421 1509 599 1566 tioni:
634 1512 729 1567 sed
780 1514 944 1568 etiam
988 1518 1140 1572 exitii
1190 1536 1378 1576 eorum
1424 1525 1517 1594 qui
1557 1525 1624 1580 ab
1684 1528 1804 1597 ipso
1859 1537 1988 1584 sunt

421 1603 623 1669 eversi,
671 1621 799 1662 reus
847 1606 1067 1666 futurus
1107 1622 1211 1678 est,
1270 1616 1373 1670 etsi
1429 1618 1615 1673 stultis
1659 1620 1989 1688 quibusdam

422 1695 851 1765 cogitationibus
870 1702 1204 1772 persuadere
1231 1707 1335 1762 sibi
1355 1708 1591 1775 videtur,
1623 1725 1682 1766 se
1704 1711 1758 1765 in
1789 1714 1989 1768 saeculo

2096 633 2282 669 στασιν
2323 615 2430 670 τῶν
2481 615 2860 688 ἐπερχομένων
2914 614 3062 685 αὐτῷ
3114 613 3403 685 δοκιμιῶν,
3466 612 3662 685 εὐρεθῇ

2094 709 2473 781 παλινδρομῶν
2504 710 2639 782 πρὸς
2655 710 2723 763 τὰ
2754 710 2845 777 ἀφ’
2883 702 2957 762 ὧν
2984 706 3287 778 ἐξελήλυθε,
3310 707 3405 761 σὺν
3432 705 3668 777 αἰσχύνῃ

2094 801 2187 856 καὶ⁵
2214 802 2428 870 γέλωτι,
2468 802 2602 873 μετὰ
2624 803 2999 873 κατακρίσεως
3024 800 3200 872 ψυχῆς
3232 800 3665 871 ἐπανερχόμενος

2090 892 2171 964 τῷ
2204 892 2322 964 βίῳ,
2361 894 2455 947 καὶ
2476 892 2691 956 πολλοῖς
2719 891 3010 946 σκάνδαλον
3035 891 3336 962 γινόμενος,
3365 888 3665 958 ἀδυναμίας

2094 984 2389 1055 ὑπολήψεις
2420 982 2530 1054 (59)
2569 984 2735 1037 πᾶσιν
2776 983 3018 1053 ἐμποιῶν
3041 982 3144 1053 τῆς
3178 985 3235 1035 ἐν
3263 981 3484 1053 Χριστῷ
3516 978 3666 1033 πολι-

2092 1074 2260 1139 τείας,
2295 1069 2355 1129 οῦ
2385 1074 2475 1128 τὸν
2528 1074 2767 1128 κίνδυνον
2817 1073 2930 1127 ἴστε
2969 1075 3165 1136 πάντες
3193 1075 3240 1125 ol
3267 1071 3332 1125 τὰ
3358 1070 3665 1139 Εὑαγγὲλια

2093 1167 2575 1237 ἀναγινώσκοντες,
2606 1167 2664 1220 ἐν
2689 1162 2771 1228 οἷς
2794 1164 2990 1236 λέγειὴ
3018 1164 3137 1218 θεία
3158 1164 3342 1234 φωνή·
3371 1160 3666 1232 regem;

2092 1258 2253 1324 αὺτῷ
2287 1259 2387 1312 ἵνα
2422 1259 2614 1327 μύλος
2655 1256 2858 1323 ὀνικὸς
2880 1255 3200 1323 περίκειται
3230 1253 3361 1321 περὶ
3388 1251 3495 1305 τόν
3528 1249 3667 1319 τρά·

2093 1354 2286 1421 χηλον
2304 1349 2509 1415 αὐτοῦ,
2537 1349 2635 1403 καὶ
2664 1349 2925 1418 ἕῤῥιπται
2946 1346 3051 1418 (60)
3069 1349 3156 1411 εὶς
3184 1343 3298 1412 τὴν
3322 1343 3665 1404 θάλασσαν,

2093 1441 2131 1509 ἢ
2166 1441 2267 1495 ἵνα
2290 1439 2670 1508 σκανδαλίσῃ
2685 1438 2793 1493 ἕνα
2813 1436 2930 1491 τῶν
2947 1433 3175 1506 μικρῶν
3192 1436 3435 1488 τούτων.
3459 1433 3535 1487 Οὐ
3558 1443 3669 1504 γάρ

2098 1532 2255 1604 μόνον
2310 1531 2419 1603 (61)
2463 1528 2761 1593 ὑπεύθυνος
2794 1528 2946 1581 ἔσται
2987 1529 3053 1598 τῇ
3103 1523 3368 1595 καταδίκῃ
3399 1522 3495 1577 τοῦ
3553 1522 3668 1577 λει-

2094 1624 2348 1691 ποταξίου
2373 1666 2387 1689 ,
2453 1622 2588 1677 ἀλλὰ
2638 1622 2734 1676 καὶ¹
2786 1621 2886 1691 τῆς
2925 1620 3035 1673 τῶν
3075 1617 3530 1691 ἀνατρεπομένων
3574 1615 3668 1669 ὑπ’

2095 1716 2257 1771 αὐτοῦ
2311 1714 2602 1778 ἀπωλείας,
2655 1711 2759 1765 κᾶν
2808 1710 2932 1783 δόξῃ
2967 1708 3353 1782 φρενοϐλαϐέσι
3387 1708 3670 1777 λογισμοῖς

423 1785 707 1857 degentem
735 1807 833 1861 per
853 1794 993 1849 bona
1028 1810 1193 1867 Opera
1225 1797 1435 1854 Numen
1461 1816 1582 1856 esse
1609 1803 1985 1872 placaturum:

2099 1810 2296 1864 πείθειν
2324 1808 2513 1862 ἑαυτὸν
2534 1809 2590 1860 ἐν
2612 1804 2690 1876 τῷ
2714 1805 2811 1876 βίῳ
2828 1805 3080 1872 διάγοντα
3105 1802 3491 1872 ἀγαθοεργίαις
3517 1799 3671 1865 ἐξευ-

423 1878 567 1947 quod
595 1878 731 1936 etIici
775 1882 843 1937 ab
865 1885 985 1956 ipso
1013 1902 1124 1941 non
1154 1896 1352 1958 potest.
1385 1889 1489 1956 Qui
1509 1892 1653 1946 enim
1694 1894 1750 1948 in
1777 1910 1841 1949 eo
1867 1895 1989 1950 vitae

2099 1900 2327 1972 μενίζειν
2354 1898 2414 1953 τὸ
2451 1897 2592 1951 θεῖον
2611 1912 2624 1926 ’
2665 1897 2803 1966 ὅπερ
2832 1895 2980 1948 ἐστὶν
2999 1893 3148 1962 αὐτῷ
3167 1892 3447 1945 ἀδύνατον.
3478 1890 3537 1943 Ὀ
3556 1888 3669 1961 γὰρ

424 1985 644 2041 genere,
682 1974 738 2029 in
768 1992 878 2046 quo
908 1994 1019 2034 non
1060 1981 1237 2037 facilis
1283 1983 1350 2038 ad
1393 1992 1675 2054 peccatum
1731 2002 1989 2045 accessus

2099 1991 2164 2062 μὴ
2222 1991 2443 2060 ἰσχύσας
2484 1992 2542 2044 ἐν
2567 1989 2643 2062 τῷ
2683 1986 3082 2057 δυσαμαρτήτῳ
3125 1983 3223 2055 βίῳ
3250 1983 3338 2037 διὰ
3377 1983 3438 2037 τὸ
3475 1981 3669 2052 ἀπερί-

422 2070 593 2131 patet,
633 2065 704 2121 ob
737 2069 1015 2124 assiduam
1059 2071 1226 2126 animi
1272 2075 1654 2140 attentionem,
1690 2076 1988 2133 adversarii

2099 2100 2325 2136 σπαστον
2346 2084 2585 2151 ἐνεγκεῖν
2615 2079 2684 2134 τὰ
2709 2078 3060 2150 παλαίσματα
3091 2075 3185 2131 τοῦ
3222 2074 3439 2147 ἐχθροῦ,
3469 2072 3590 2137 πῶς
3610 2072 3671 2125 ἐν

423 2157 749 2218 luctationes
788 2162 1016 2219 sufferre
1048 2180 1158 2219 non
1193 2168 1389 2236 potuit,
1444 2171 1717 2239 quomodo
1771 2174 1827 2225 in
1878 2173 1989 2227 vita

2099 2175 2164 2246 τῷ
2185 2174 2617 2246 πολυαμαρτήτῳ
2648 2172 2742 2225 καὶ
2772 2172 2862 2225 ὑπ’
2883 2169 3045 2224 αὑτοῦ
3084 2168 3369 2240 ἀρχομένῳ
3392 2165 3491 2237 βίῳ
3513 2166 3674 2238 δυνή-

422 2250 612 2305 multis
643 2255 885 2321 peccatis
918 2257 1189 2325 exposita,
1216 2259 1376 2328 cujus
1404 2259 1519 2329 ipse
1553 2260 1625 2315 sit
1656 2260 1987 2327 moderator,

2099 2285 2241 2321 σεται
2273 2265 2615 2338 κατορθῶσαί
2647 2283 2697 2318 τι
2722 2263 2828 2319 τῶν
2858 2262 3127 2334 ὲναρέτων
3160 2260 3306 2331 (62);
3339 2261 3457 2313 Ἵνα
3484 2258 3543 2311 δὲ
3576 2258 3673 2311 καὶ

422 2339 678 2395 virtutem
720 2342 885 2397 ullam
918 2346 1166 2401 excolere
1209 2355 1263 2403 et
1297 2359 1573 2406 ’exercere
1607 2353 1857 2421 poterit?
1885 2352 1991 2408 Sed

2099 2361 2203 2433 Βοίη
2236 2378 2321 2424 τις
2352 2357 2598 2431 διορθοῦν
2628 2355 2819 2411 ἑαυτοῦ
2851 2355 2943 2410 τὸν
2968 2356 3161 2409 οίκεῖον
3177 2353 3309 2424 βίον,
3325 2353 3386 2406 τὸ
3418 2351 3673 2422 ἔγκλημα

2089 2456 2186 2527 τῆς
2202 2454 2294 2508 τοῦ
2322 2451 2557 2524 Χριστοῦ
2578 2449 3012 2521 ἐγκαταλείψεως
3035 2447 3135 2500 οὐκ
3158 2443 3501 2514 ἐκφεύξεται,
3526 2442 3675 2496 καθὰ

2091 2546 2185 2600 καὶ
2208 2547 2257 2598 οἱ
2292 2547 2348 2598 ἐν
2377 2542 2454 2614 τῷ
2501 2539 2817 2610 Εὑαγγελίῳ
2872 2536 3190 2608 δηλούμενοι
3233 2533 3491 2606 μαθηταὶ,
3541 2532 3677 2604 περὶ

2089 2628 2164 2690 ὧν
2234 2652 2396 2706 φησιν
2452 2635 2481 2687 6
2539 2632 2680 2695 θεῖος
2720 2628 3141 2698 εὑαγγελιστής’
3192 2623 3413 2679 Πολλοὶ
3455 2621 3525 2675 δὲ
3554 2619 3676 2676 τῶν

2087 2720 2369 2792 μαθητῶν
2395 2718 2669 2789 ἀπῆλθον
2690 2721 2779 2785 εἰς
2798 2718 2872 2771 τὰ
2891 2717 3101 2780 ὀπίσω,
3124 2713 3223 2768 καὶ
3269 2712 3473 2767 οὐκέτι
3515 2725 3677 2780 περι-

2091 2812 2354 2867 επάτουν
2367 2811 2519 2880 μετὰ
2563 2807 2777 2879 Ἰησοῦ,
2810 2807 3089 2878 λέγοντες
3105 2822 3119 2838 ο
3157 2804 3430 2872 Σκληρός
3449 2803 3622 2856 ἐστιν
3641 2806 3675 2856 ὁ

2092 2903 2272 2973 λόγος
2299 2900 2505 2967 αὑτοῦ,
2527 2901 2615 2966 τίς
2639 2898 2886 2954 δύναται
2914 2895 3099 2952 αὑτοῦ
3128 2894 3404 2955 ἁκούειν;
3440 2891 3539 2944 Διὰ
3565 2890 3676 2960 γὰρ

2092 2993 2251 3048 τοῦτο
2284 2993 2377 3047 καὶ
2413 2994 2442 3045 6
2471 2990 2848 3062 φιλάνθρωπος
2889 2987 3042 3050 Θεὸς,
3067 2985 3359 3057 κηδόμενος
3391 2984 3494 3054 τῆς
3516 2980 3676 3053 ἡμῶν

2097 3085 2389 3157 σωτηρίας,
2419 3086 2497 3148 είς
2519 3081 2612 3136 δύο
2632 3081 2792 3135 διεῖλε
2819 3080 2965 3151 βίους
2988 3078 3087 3149 τὴν
3109 3077 3214 3131 τῶν
3242 3074 3544 3148 ἀνθρώπων
3561 3072 3678 3145 (63)

2091 3178 2390 3249 διαγωγὴν,
2436 3175 2691 3245 συζυγίαν
2731 3173 2873 3242 λέγω
2906 3173 3002 3227 καὶ
3030 3169 3346 3243 παρθενίαν,
3402 3168 3492 3222 ἵνα
3520 3168 3551 3220 ὁ
3602 3165 3679 3236 μὴ

2092 3269 2387 3340 δυνάμενος
2421 3267 2736 3336 ὑπενεγκεῖν
2761 3265 2852 3319 τὸν
2876 3263 2976 3333 τῆς
3014 3261 3308 3335 παρθενίας
3333 3257 3493 3314 ἆθλον
3534 3257 3682 3311 ἔλθοι

2094 3362 2187 3415 ἐπὶ
2214 3361 2520 3430 συνοίκησιν
2536 3356 2813 3427 γυναικὸς,
2828 3357 3001 3409 ἐκεῖνο
3016 3354 3188 3418 εἰδὼς,
3209 3353 3285 3416 ὡς
3307 3350 3681 3422 ἁπαιτηθήσε-

2093 3469 2183 3506 ται
2198 3452 2353 3521 λόγον
2373 3449 2724 3520 σωφροσύνης
2745 3446 2839 3500 καὶ
2857 3443 3148 3516 ἁγιασμοῦ,
3166 3445 3369 3513 καὶτῆς
3393 3441 3531 3512 πρὸς
3551 3441 3677 3502 τοὺς

2096 3543 2154 3596 ἐν
2197 3539 2479 3606 συζυγίαις
2530 3537 2623 3593 καὶ
2664 3534 3075 3607 τεκνοτροφίαις
3113 3534 3300 3601 ἁγίους
3334 3528 3675 3602 ὁμοιώσεως.

2099 3629 2222 3697 υἷος
2253 3629 2320 3704 ἦν
2353 3635 2408 3685 ἐν
2451 3631 2547 3701 μὲν
2573 3633 2638 3702 τῇ
2675 3628 2886 3698 Παλαιᾷ
2923 3626 3167 3699 Διαθήκῃ
3209 3624 3479 3694 Ἀϐραὰμ,
3502 3623 3580 3686 ὃς,
3611 3623 3681 3693 τῇ

2099 3724 2192 3779 τοῦ
2236 3724 2369 3777 Θεοῦ
2425 3723 2751 3795 προτιμήσει
2782 3718 2874 3772 τὸν
2906 3718 3166 3790 μονογενῆ
3199 3714 3467 3781 θυσιάζων
3498 3716 3683 3786 ἀσυμ-

2101 3813 2309 3877 παθῶς,
2363 3810 2764 3884 ἐμεγαλαύχει,
2799 3809 2894 3862 καὶ
2952 3807 3053 3871 τὰς
3110 3808 3207 3878 τῆς
3258 3806 3459 3878 σκηνῆς
3510 3802 3682 3858 αὐτοῦ

2102 3909 2271 3978 θύρας
2291 3903 2796 3974 διαπεπετασμένας
2811 3894 2945 3970 εἶχε,
2972 3901 3109 3971 πρὸς
3141 3898 3405 3970 ὑποδοχὴν
3422 3897 3530 3950 τῶν
3559 3898 3685 3949 ἐπι-

429 3997 574 4066 quod
621 3995 792 4051 Deum
818 3998 1145 4068 praetulisset
1173 4018 1186 4053 :
1214 4000 1307 4069 qui
1340 4000 1527 4064 etiam,
1557 4015 1684 4054 cum
1732 3999 1803 4055 ad
1854 3999 1994 4055 exci-

2104 4001 2385 4070 ξενοῦσθαι
2416 3999 2713 4073 μελλόντων
2746 3998 3189 4071 ἐτοιμαζόμενος.
3221 3994 3295 4049 Οὐ
3324 3992 3433 4065 γὰρ
3454 3992 3680 4062 ἤκουσε·

430 4087 660 4159 piendos
692 4090 1014 4161 peregrinos
1045 4098 1270 4161 paratus
1298 4098 1464 4155 esset,
1500 4091 1645 4147 fores
1675 4092 1994 4146 tabernacu-

2106 4092 2398 4159 Πώλησόν
2450 4107 2566 4144 σου
2606 4090 2678 4144 τὰ
2709 4089 3074 4159 ὑπάρχοντα,
3118 4085 3217 4140 καὶ
3256 4083 3361 4150 δὸς
3399 4081 3683 4152 πτωχοῖς.

433 4179 474 4241 li,
510 4179 596 4235 sui
627 4190 844 4249 apertas
878 4182 1119 4239 tenebat.
1177 4181 1297 4239 Non
1349 4184 1495 4239 enim
1544 4184 1785 4238 audivit:
1831 4183 1994 4238 Vende

2106 4185 2217 4239 Kal.
2242 4184 2310 4237 τὰ
2344 4181 2564 4254 μείζονα
2601 4180 2807 4236 τούτων
2844 4175 3159 4243 ἐπεδείξατο
3202 4174 3340 4238 Ἰὼϐ,
3371 4173 3466 4227 καὶ
3503 4172 3687 4241 ἕτεροι

423 2438 484 2485 ιιι
533 2431 625 2488 det
670 2434 892 2505 aliquis,
937 2453 1061 2493 eum
1116 2440 1282 2494 vitam
1322 2449 1472 2498 recte
1502 2444 1777 2500 moderari
1806 2461 1988 2517 posse,

421 2532 606 2579 tamen
644 2524 851 2582 Christi
877 2527 1125 2584 derelicti
1147 2532 1353 2588 crimen
1382 2548 1491 2588 non
1521 2534 1764 2605 effugiet,
1794 2551 1991 2605 quem-

423 2615 715 2671 admodum
767 2626 821 2673 et
867 2619 922 2676 bi
970 2619 1225 2691 discipuli
1260 2623 1319 2678 in
1372 2623 1663 2696 Evangelio
1698 2627 1989 2697 designati,

424 2706 491 2767 de
533 2708 735 2778 quibus
779 2709 1000 2766 divinus
1057 2715 1391 2784 evangelista
1436 2717 1557 2771 ait:
1600 2716 1761 2771 Multi
1818 2727 1994 2772 autem

424 2800 806 2868 discipulorum
829 2801 1073 2858 abierunt
1101 2814 1264 2871 retro,
1294 2818 1343 2861 et
1356 2807 1477 2876 jam
1505 2826 1607 2864 non
1645 2810 1993 2864 ambulabant

426 2909 545 2953 cum
582 2893 731 2958 Jesu,
764 2896 997 2954 dicentes
1020 2917 1039 2955 :
1069 2900 1249 2956 Durus
1287 2912 1366 2956 est
1398 2921 1566 2958 sermo
1612 2905 1800 2975 ipsius,
1834 2908 1993 2978 203

426 2987 543 3065 quis
592 2998 762 3055 potest
801 3007 918 3047 eum
950 2992 1238 3049 audire"?
1267 2994 1340 3048 Ea
1367 2996 1510 3050 enim
1549 2996 1616 3052 de
1647 3013 1814 3052 causa
1843 2999 1996 3054 beni-

424 3080 725 3151 gnissimus
754 3082 898 3145 Deus
930 3084 1094 3139 saluti
1123 3093 1325 3143 nostrae
1356 3086 1669 3156 providens,
1694 3089 1859 3143 vitam
1888 3089 1991 3144 ho-

428 3172 636 3227 minum
683 3174 867 3231 divisit
906 3179 964 3237 in
1012 3178 1213 3248 duplex
1260 3180 1383 3232 vitae
1421 3194 1616 3248 genus,
1673 3181 1989 3252 conjugium
2018 3139 2064 3200 Ο

428 3262 552 3319 dico
581 3280 645 3319 ac
672 3267 1062 3338 virginitatem,
1102 3277 1161 3323 ut
1201 3270 1293 3340 qui
1336 3270 1668 3341 virginitatis
1714 3280 1992 3329 certamen

428 3354 614 3410 subire
645 3372 757 3412 non
798 3358 1027 3426 valeret,
1070 3360 1160 3415 hic
1210 3360 1315 3416 sibi
1356 3361 1680 3432 adjungeret
1725 3347 1990 3419 uxorem:

428 3444 511 3499 sic
536 3453 742 3509 tamen,
776 3454 835 3501 ut
875 3448 1011 3503 illud
1038 3450 1221 3516 sciret,
1258 3450 1586 3520 reddendam
1621 3452 1726 3509 sibi
1756 3468 1881 3510 esse
1907 3470 1997 3509 ra-

429 3538 628 3600 tionem
667 3541 1039 3606 continentiae,
1068 3542 1525 3614 isanctitatisque,
1591 3550 1645 3600 et
1697 3543 1817 3615 ejus
1870 3560 1995 3601 cum

429 3628 524 3684 his
548 3632 777 3697 sanctis,
807 3633 901 3702 qui
929 3632 985 3687 in
1026 3634 1282 3706 conjugio
1308 3642 1362 3690 et
1388 3635 1445 3689 in
1480 3635 1774 3691 liberorum
1796 3637 1998 3693 educa-

431 3720 580 3775 tione
612 3723 779 3777 vitam
830 3733 1080 3794 egerunt,
1128 3725 1521 3783 similitudinis.
1557 3725 1749 3793 Qualis
1788 3736 1906 3783 erat
1940 3727 1998 3782 in

435 3807 613 3868 Veteri
645 3811 999 3875 Testamento
1036 3815 1337 3885 Abraham,
1379 3818 1473 3889 qui
1511 3819 1673 3875 unico
1707 3820 1819 3874 lilio
1858 3820 1998 3874 citra

429 3901 670 3965 dolorem
700 3921 765 3962 ac
794 3908 1101 3966 molestiam
1139 3909 1445 3976 immolato,
1487 3910 1614 3966 inde
1642 3910 1998 3982 gloriabatur,

429 4287 548 4337 qua:
567 4270 749 4337 habes,
769 4281 819 4327 et
840 4272 912 4327 da
940 4274 1258 4345 pauperibus
1288 4276 1360 4327 ἰ.
1392 4274 1505 4331 lmo
1542 4274 1646 4330 Job
1683 4284 1737 4331 et
1760 4275 1849 4330 alii
1891 4275 2007 4345 plu-

431 4361 583 4425 rimi,
614 4359 897 4433 Davidque
941 4370 996 4420 et
1036 4364 1258 4428 Samuel
1294 4363 1382 4419 his
1421 4365 1629 4434 majora
1675 4364 2000 4435 praestitere.

2110 4277 2370 4338 πλεῖστοι,
2401 4273 2567 4329 Δαϐίδ
2593 4289 2654 4325 τε
2679 4272 2774 4324 καὶ
2800 4269 3077 4342 Σαμουήλ.
3119 4269 3207 4321 Ἑν
3231 4265 3289 4320 δὲ
3323 4268 3388 4336 τῇ
3424 4264 3539 4334 Νέᾳ
3558 4267 3689 4315 Δια-

2109 4368 2273 4439 θήκῃ,
2322 4361 2434 4429 οἷος
2469 4364 2675 4434 Πέτρος
2700 4359 2790 4434 ἦν,
2813 4362 2907 4416 καὶ
2931 4364 2980 4415 οἱ
3003 4359 3178 4414 λοιποὶ
3206 4356 3316 4411 τῶν
3345 4353 3685 4439 ἀποστόλων.

432 4451 564 4511 Erat
592 4469 810 4527 quoque
829 4454 1097 4527 ejusmodi
1128 4455 1325 4512 Petrus
1353 4456 1411 4510 in
1441 4454 1594 4512 Novo
1624 4454 1994 4520 Testamento,

2118 4434 2579 4526 ’Ᾰπαιτηθήσεται
2590 4452 2697 4524 γὰρ
2718 4453 2824 4516 πᾶς
2845 4451 3127 4523 ἄνθρωπος
3149 4447 3258 4520 (64)
3285 4445 3411 4508 τοὺς
3437 4434 3690 4515 καρποὺς

430 4560 495 4601 ac
545 4547 730 4602 caeteri
760 4549 1011 4618 apostoli.
1066 4548 1275 4605 Etenim
1313 4547 1528 4605 fructus
1573 4548 1885 4604 dilectionis
1932 4547 1991 4602 in

428 4634 599 4692 Deum
634 4653 699 4693 ac
727 4639 1035 4709 proximum
1066 4639 1134 4696 ab
1201 4656 1533 4711 unoquoque
1595 4639 1815 4694 homine
1842 4653 1998 4708 repe-

426 4728 577 4785 tendi
632 4738 795 4798 suut;
849 4731 1157 4802 horumque
1208 4731 1615 4795 mandatorum,
1673 4745 1770 4785 seu
1812 4730 1997 4800 potius

424 4821 1063 4896 omnium,quaecunque
1094 4823 1293 4878 violata
1335 4822 1560 4886 fuerint,
1604 4836 1799 4893 pcenas
1824 4822 1995 4877 dabit.

433 4911 589 4977 Sicut
638 4923 693 4978 et
744 4915 1016 4973 Dominus
1075 4915 1130 4971 in
1177 4914 1484 4984 Evangeliis
1545 4914 1814 4980 declarat,
1867 4931 1996 4970 cum

2093 4550 2195 4620 τῆς
2223 4549 2359 4620 πρὸς
2383 4547 2515 4601 Θεὸν
2536 4546 2754 4617 ἀγάπης
2778 4545 2872 4598 καὶ
2899 4543 2990 4596 τὸν
3016 4540 3261 4612 πλησίον,
3277 4538 3487 4607 καὶτῆς
3504 4552 3688 4606 παρα-

2095 4641 2302 4715 τροπῆς
2317 4640 2422 4694 τῶν
2438 4638 2663 4693 ἐντολῶν
2678 4637 2879 4691 τούτων
2913 4636 3006 4690 καὶ
3019 4633 3208 4688 πασῶν
3229 4632 3367 4685 τίσει
3382 4630 3553 4695 δίκας.
3566 4632 3691 4684 K2-

2097 4731 2205 4795 θὼς
2219 4732 2312 4785 καὶ
2325 4733 2353 4785 ὁ
2368 4728 2756 4800 Κύριοςέντοῖς
2771 4725 3117 4795 Εὑαγγελίοις
3125 4722 3469 4795 δηλοῖλέγων·
3486 4722 3540 4775 Ὀ
3551 4723 3693 4791 ἁγα-

2105 4822 2234 4876 πῶν
2249 4820 2473 4890 πατέρα
2490 4819 2525 4887 ἣ
2537 4818 2762 4890 μητέρα
2777 4817 2928 4886 ὑπὲρ
2945 4817 3071 4887 ἐμὲ,
3092 4818 3203 4871 οὐκ
3218 4816 3348 4869 ἐστι
3358 4831 3477 4884 μου
3491 4813 3686 4880 ἄξιος·

2104 4912 2219 4978 καὶ,
2239 4914 2337 4978 ’Ὃς
2356 4912 2426 4966 οὺ
2442 4909 2612 4980 μισεῖ
2629 4908 2736 4964 τὸν
2751 4907 2974 4976 πατέρα
2997 4906 3204 4973 αὑτοῦ,
3219 4905 3316 4960 καὶ
3339 4902 3693 4974 τὴν-μητέρα

504 5093 550 5126 ⁸⁸
587 5090 779 5157 Matth.
812 5109 949 5149 xvm
969 5134 997 5162 ,_
1016 5091 1070 5148 6.
1143 5091 1190 5125 ’°
1226 5089 1387 5181 Joan.
1421 5106 1507 5157 vt,
1542 5090 1644 5156 67,
1680 5091 1767 5151 6].
1845 5092 1900 5138 τι.
1931 5090 2120 5146 Matth.
2156 5107 2279 5156 xxx,
2313 5089 2402 5143 2t.

507 5267 621 5340 (59)
652 5266 787 5340 Reg.
822 5272 1033 5340 primus
1057 5268 1360 5340 ἀδυναμίας
1384 5269 1670 5338 ὑπόληψιν.

507 5337 619 5407 (60)
644 5337 780 5411 Reg.
810 5337 1022 5409 primus
1047 5351 1094 5411 et
1125 5337 1294 5394 editio
1313 5338 1453 5399 Ven.
1479 5337 1808 5411 in'margine
1834 5337 2011 5404 ὀνικὸς

432 5410 1353 5562 “fimi.ﬁféﬁlayo’ii‘lri’ﬁitv.
1385 5480 1622 5562 Aliuset
1639 5477 1782 5562 ‘editi
1810 5477 1999 5562 μόνος.

508 5549 621 5630 ςίξὲ)
651 5550 881 5630 Codices
912 5549 1019 5603 duo
1057 5549 1743 5630 tt_':t3v.€tp$:7tiw..lbide-m
1768 5558 2003 5630 utraque

437 5620 602 5674 editio
643 5630 698 5678 et
741 5619 880 5692 Reg.
916 5619 1191 5692 secundus
1235 5619 1481 5692 διορθοῦν
1516 5619 1710 5674 ἑαυτοῦ
1747 5620 1856 5674 τόν.
1895 5619 2000 5673 Alii

437 5693 546 5745 duo
578 5707 710 5745 mss.
741 5688 984 5760 διορθοῦν
1018 5689 1177 5749 αὐτὸν
1214 5690 1320 5743 τόν.

2188 5267 2300 5337 (65)
2334 5265 2476 5322 Editi
2515 5264 2662 5337 play;
2697 5263 2766 5337 τὰ
2805 5261 3261 5337 τῶνᾲάνθρῴπων,
3292 5260 3687 5337 νεεμιιαηιαηορ.

2188 5280 2300 5337 (ϋῗγ)
2335 5280 2476 5322 nam
2515 5280 2662 5336 ptem;
2697 5280 2766 5318 τα
2805 5281 2913 5317 των
2943 5280 3039 5316 ανυ
3127 5280 3261 5323 πων,
3292 5280 3375 5315 res
3402 5280 3687 5317 numanas.

2116 5336 2302 5414 Codeg
2326 5337 2461 5391 Maz.
2495 5345 2551 5414 et
2580 5334 3018 5414 Regiustertius
3038 5280 3309 5414 €23.an
3330 5330 3450 5414 ,τῶν
3474 5329 3691 5410 ἀνθρώ-

2117 5425 2235 5482 πων
2279 5408 2572 5482 διαγωγήν
2627 5421 2749 5482 qua}
2789 5406 2953 5459 lectio
3007 5406 3281 5482 invenitur
3328 5406 3390 5482 in_
3436 5406 3691 5482 inargute

2104 5470 2966 5546 editionis'Vcn'etaefAliquanto
2996 5482 3121 5544 post
3148 5471 3285 5544 Reg.
3311 5472 3521 5543 primus
3550 5470 3695 5545 ἔλθῃ

2106 5548 2199 5601 ἐπὶ
2232 5549 2559 5618 συνοικήσει.
2803 5614 2824 5618 Α
2870 5614 2885 5618 Δ
3295 5612 3307 5618 _
3390 5611 3402 5618 _
3480 5612 3491 5618 _
3579 5610 3589 5618 _

2114 5618 2294 5744 rb(tit)
2327 5610 2521 5672 Addita
2551 5624 2633 5675 est
2659 5631 2762 5673 vox
2795 5614 3080 5689 ἄνθρωπος
3111 5629 3178 5670 ex
3197 5611 3438 5685 antiquis
3460 5610 3687 5673 duobus

2137 5707 2148 5742 I
2196 5705 2287 5743 I‘IS.
