3982 6240
339 309 443 367 ΰῖθ

1259 307 1490 365 saeuo
1530 309 1616 364 DE
1650 290 2215 366 naso-arium“
2255 307 2546 376 suum,
2586 307 2742 365 ere.

3494 305 3600 362 650

337 418 550 484 αὑτοῦ,
585 418 686 474 καὶ
716 419 834 489 τὴν
860 420 1132 490 γυναῖκα,
1155 424 1256 476 καὶ
1283 422 1355 477 τὰ
1386 423 1585 490 τέκνα,
1613 424 1700 477 ἔτι
1730 424 1928 478 δὲκαὶ

2043 412 2167 480 lixit
2193 443 2205 479 :
2251 424 2358 492 Qui
2383 435 2527 480 amat
2557 433 2763 495 patrem
2789 432 2881 477 aut
2909 431 3129 477 matrem
3158 419 3276 494 plus
3309 437 3470 494 quam
3498 438 3598 485 me,

345 509 455 580 τὴν
471 512 686 566 ἑαυτοῦ
717 515 954 582 ψυχὴν,
983 516 1052 568 οὺ
1068 514 1318 568 δύναταί
1327 534 1447 584 μου
1464 517 1615 570 εἶναι
1626 516 1921 586 μαθητής.

2031 535 2137 572 non
2157 526 2234 572 est
2254 535 2334 572 me
2365 517 2552 588 dignus
2581 518 2648 572 τ’.
2677 515 2761 583 Ει,
2801 515 2905 582 Qui
2937 533 3038 570 non
3063 514 3170 570 odit
3186 523 3386 584 patrem
3422 529 3600 577 suum,

341 616 389 658 et
425 616 648 659 matrem
686 623 865 672 suam,
892 617 941 661 et
976 625 1214 672 uxorem,
1256 619 1306 662 et
1339 611 1503 678 ﬁlios,
1539 609 1712 663 adhuc
1750 624 1928 665 autem
1979 622 2030 666 et
2079 613 2317 666 animam
2351 628 2529 678 suam,
2561 628 2665 666 non
2691 619 2859 681 potest
2905 626 3050 664 meus
3078 625 3190 664 esse
3217 609 3510 678 discipulus
3531 604 3600 661 ".

410 697 466 749 2.
492 693 639 768 Ἀρά
672 714 756 750 σοι
794 698 942 752 δοκεῖ
973 701 1066 752 καὶ
1103 704 1215 763 τοῖς
1249 701 1598 769 ὑπογυναίοις
1645 703 1922 758 τεθεῖσθαι

341 788 410 840 τά
439 787 552 856 (65)
603 789 949 857 Εὐαγγέλια;
1011 791 1182 858 Ἰδοὺ,
1234 795 1624 864 σεσαφήνισταί
1686 813 1800 860 σοι,
1849 798 1924 860 ὡς

341 879 543 942 πάντες
582 879 861 951 ἄνθρωποι
900 883 1385 954 ἀπαιτηθησόμεθα
1427 885 1525 957 τὴν
1559 887 1696 959 πρὸς
1735 888 1796 941 τὸ
1824 890 1926 941 Ευ-

343 971 597 1039 αγγέλιον
641 972 911 1043 ὑπακοὴν,
956 975 1177 1044 μοναχοί
1217 992 1278 1026 τε
1315 976 1410 1028 καὶ
1433 977 1481 1028 οἱ
1535 979 1592 1030 ἐν
1622 977 1921 1046 συζυγίαις.

355 1063 408 1113 Ἀ
421 1063 606 1133 ρκέσει
629 1065 736 1136 γάρ
763 1063 842 1134 τῷ
865 1065 958 1117 ἐπὶ
989 1065 1164 1135 γάμον
1191 1065 1398 1119 ἐλθόντι
1424 1069 1456 1137 ἡ
1494 1067 1790 1139 συγγνώμη
1826 1068 1926 1138 τῆς

341 1153 614 1224 ἀκρασίας
675 1154 772 1207 καὶ
814 1155 917 1225 τῆς
954 1156 1088 1228 πρὸς
1112 1157 1172 1209 τὸ
1205 1156 1339 1227 θῆλυ
1369 1159 1663 1230 ἐπιθυμίας
1701 1178 1761 1213 τε
1805 1159 1918 1232 (66)

342 1244 463 1296 καὶ·
495 1245 817 1309 συνουσίας·
875 1247 943 1300 τὰ
993 1247 1049 1299 δέ
1101 1247 1263 1302 λοιπὰ
1310 1250 1418 1304 τῶν
1472 1251 1700 1306 ἐντολῶν
1761 1255 1926 1306 πᾶσιν

339 1336 547 1406 ὁμοίως
584 1339 1059 1410 νενομοθετημένα
1088 1342 1188 1394 οὐκ
1221 1341 1480 1396 ἀκίνδυνα
1509 1347 1620 1407 τοῖς
1655 1344 1925 1416 παραϐαί-

340 1445 516 1481 νουσι.
561 1429 673 1481 Καὶ
713 1429 826 1501 γάρ
869 1429 1350 1502 εὐαγγελιζόμενος
1381 1431 1408 1483 ὁ
1451 1429 1685 1502 Χριστὸς
1731 1431 1800 1484 τὰ
1830 1431 1924 1485 τοῦ

342 1521 559 1592 Πατρὸς
595 1521 930 1593 ἐντάλματα,
961 1527 1072 1586 τοῖς
1110 1525 1165 1576 ἐν
1204 1524 1280 1595 τῷ
1314 1523 1504 1595 κόσμῳ
1542 1524 1840 1593 διελέγετο·
1876 1527 1926 1578 εί

343 1613 402 1666 δέ
432 1631 537 1666 που
602 1614 798 1685 συνέϐη
833 1616 928 1668 καὶ
972 1617 1090 1669 κατ’
1117 1616 1253 1670 ἰδίαν
1303 1617 1716 1688 ἐπερωτηθέντα
1765 1615 1926 1671 αὑτὸν

2095 705 2151 758 2.
2182 705 2382 759 Annon
2424 705 2522 760 tibi
2561 703 2816 760 videntur
2845 702 3018 760 fuisse
3041 703 3112 757 iis
3146 701 3310 758 etiam
3346 701 3439 770 qui
3465 715 3605 754 uxo-

2027 813 2116 852 res
2169 797 2470 862 duxerunt,
2497 796 2790 868 Evangelia
2828 796 2976 850 lata?
3018 793 3179 860 Ecce,
3235 793 3334 848 libi
3382 794 3604 863 planum

2024 889 2231 944 factum
2284 897 2370 945 est
2415 888 2779 944 obedientiam
2831 903 2954 958 qua:
2989 886 3284 957 Evangelio
3330 879 3603 940 reddenda

2023 988 2128 1043 est,
2188 979 2258 1034 ab
2315 980 2570 1034 omnibus
2627 979 2942 1034 hominibus
2988 979 3102 1034 sive
3149 977 3435 1032 monachis
3488 977 3605 1032 sive

2025 1074 2334 1144 coniugatis
2385 1071 2709 1142 exigendam
2765 1085 2908 1126 esse.
2940 1069 3154 1124 Etenim
3209 1069 3304 1140 qui
3347 1067 3605 1137 conjugio

2026 1181 2147 1222 sese
2191 1165 2542 1237 iinplicuerit,
2599 1165 2647 1219 ei
2715 1163 2849 1218 satis
2901 1160 3101 1228 fuerit,
3158 1162 3202 1215 si
3257 1159 3607 1214 incontinen-

2028 1257 2126 1321 tia,
2181 1265 2235 1311 et
2293 1257 2507 1314 feminae
2545 1257 2732 1323 libido,
2771 1270 2980 1325 suaque
3025 1267 3152 1308 cum
3194 1252 3312 1322 ipsa
3368 1265 3606 1305 consue-

2031 1350 2164 1404 tudo
2191 1350 2295 1406 sibi
2327 1349 2668 1404 condonetur
2701 1367 2713 1403 :
2748 1347 2845 1402 sed
2891 1346 3102 1416 reliqua
3151 1350 3420 1414 praecepta
3453 1355 3608 1412 atque

2030 1441 2289 1496 omnibus
2337 1442 2549 1496 sancita
2599 1439 2902 1510 periculum
2951 1437 3186 1492 aﬂ‘erunt
3221 1433 3603 1489 violatoribus.

2029 1530 2282 1586 Christus
2325 1532 2472 1586 enim
2525 1547 2650 1585 cum
2705 1529 2886 1586 Patris
2929 1535 3199 1598 praecepta
3233 1524 3605 1589 annuntiaret,

2031 1622 2098 1676 ad
2143 1640 2238 1679 eos
2282 1624 2376 1694 qui
2433 1624 2490 1677 in
2547 1624 2753 1678 mundo
2795 1630 2950 1678 erant
2981 1621 3336 1692 loquebatur;
3373 1615 3522 1688 quod
3558 1614 3608 1670 si

347 1704 749 1775 ἀποκρίνασθαι
787 1705 900 1776 (67)
944 1710 1055 1769 τοῖς
1102 1707 1268 1761 αὑτοῦ
1313 1707 1601 1779 μαθηταῖς,
1639 1708 1928 1781 διεμαρτύ-

2043 1714 2260 1784 contigit
2313 1711 2638 1783 aliquando,
2673 1724 2732 1768 ut
2783 1714 2899 1783 ipse
2937 1725 3185 1768 seorsum
3240 1709 3609 1777 interrogatus

349 1814 484 1866 ρατο
529 1797 735 1866 λέγων’
780 1800 840 1852 Ἀ
891 1797 960 1850 δὲ
1001 1797 1142 1868 ὑμῖν
1196 1799 1370 1869 λέγω,
1419 1799 1570 1854 πᾶσι
1609 1799 1784 1868 λέγω.
1834 1800 1925 1871 Μὴ

344 1891 527 1942 τοίνυν
552 1891 856 1963 ἀναπέσῃς,
878 1885 923 1944 ὦ
945 1886 1116 1956 οὗτος,
1149 1894 1177 1946 ὁ
1197 1893 1332 1963 πρὸς
1359 1893 1641 1947 κοινωνίαν
1669 1893 1926 1962 γυναικὸς

345 1983 751 2054 προῃρημένος,
781 1983 856 2047 ὡς
883 1984 970 2034 ἐπ’
991 1983 1236 2050 ἐξουσίας
1259 1983 1396 2055 ἔχων
1421 1983 1514 2037 τὸν
1537 1983 1737 2055 κόσμον
1769 2001 1927 2055 περι-

342 2073 627 2128 ϐαλέσθαι.
689 2075 961 2129 Πλειόνων
1010 2077 1117 2147 γάρ
1170 2094 1252 2130 σοι
1303 2075 1481 2131 πόνων
1545 2077 1638 2130 καὶ
1683 2077 1930 2147 φυλακῆς

342 2164 507 2235 χρεία
542 2166 682 2237 πρὸς
708 2167 805 2238 τὴν
837 2169 937 2238 τῆς
971 2169 1246 2239 σωτηρίας
1277 2170 1559 2238 ἐπιτυχίαν
1579 2186 1593 2200 ·
1624 2169 1718 2223 ἆτε
1747 2169 1810 2241 δὴ
1836 2169 1929 2222 καὶ

344 2256 402 2307 ἐν
439 2255 592 2326 μέσῳ
615 2256 723 2309 τῶν
753 2258 995 2326 παγίδων
1021 2258 1226 2311 καὶτοῦ
1251 2259 1485 2330 κράτους
1507 2259 1613 2312 τῶν
1633 2261 1927 2314 ἀποστατι-

348 2345 463 2398 κῶν
493 2347 776 2418 δυνάμεων
818 2351 986 2402 οίκεῖν
1030 2349 1395 2421 ἐκλεξαμένῳ,
1431 2351 1525 2404 καὶ
1577 2352 1703 2415 τοὺς
1750 2352 1928 2422 ἐρεθι-

347 2437 525 2506 σμους
557 2438 666 2492 τῶν
696 2441 981 2511 ἁμαρτιῶν
1016 2443 1072 2494 ἐν
1105 2441 1289 2510 ὄψεσιν
1323 2441 1520 2511 ἔχοντι,
1549 2443 1642 2495 καὶ
1669 2441 1804 2513 πρὸς
1829 2442 1930 2512 τὴν

345 2531 528 2584 αὐτῶν
556 2529 858 2602 ἐπιθυμίαν
896 2531 1110 2604 νύκτωρ
1140 2550 1197 2584 τε
1244 2533 1339 2586 καὶ
1373 2532 1490 2602 μεθ’
1527 2531 1738 2604 ἡμέραν
1766 2533 1932 2602 ἐκμο-

347 2623 663 2694 χλευομένῳ
707 2624 886 2687 πάσας
939 2641 1033 2677 σου
1076 2626 1173 2690 τὰς
1210 2625 1507 2697 αἰσθήσεις.
1555 2627 1794 2680 Γίνωσκε
1822 2625 1931 2677 τοί-

347 2733 468 2779 νυν,
517 2715 594 2779 di;
646 2717 706 2770 οὺ
752 2717 1060 2784 διαδράσεις
1117 2718 1215 2788 τὴν
1277 2719 1414 2790 πρὶς
1475 2719 1569 2772 τὸν
1620 2719 1930 2790 ἀποστάτην

347 2804 726 2875 παλαίστραν,
782 2805 905 2857 οὐδὲ
952 2805 1048 2874 τῆς
1090 2805 1280 2859 τούτου
1325 2807 1483 2877 νίκης
1535 2805 1756 2880 καθάψῃ
1803 2807 1929 2860 ἄνευ

351 2898 534 2951 πόνων
582 2887 794 2952 πολλῶν
849 2897 956 2952 τῶν
1009 2899 1101 2951 ἐπὶ
1143 2897 1358 2971 φυλακῇ
1409 2899 1517 2950 τῶν
1561 2898 1931 2967 εὐαγγελικῶν

347 2989 661 3059 δογμάτων.
715 2989 841 3053 Πῶς
879 2989 989 3062 γὰρ
1034 2989 1236 3062 δυνήσῃ
1270 2989 1610 3062 ἀρνήσασθαι
1662 2989 1760 3061 τὴν
1797 2989 1931 3062 πρὸς

346 3083 440 3134 τὸν
482 3081 676 3152 ἐχθρὸν
713 3081 916 3152 μάχην,
968 3083 1026 3134 ἐν
1058 3081 1134 3152 τῷ
1177 3083 1460 3153 σκάμματι
1495 3083 1593 3152 τῆς
1631 3082 1810 3154 μάχης
1857 3083 1934 3136 δι·
1962 3069 2003 3126 C

351 3171 506 3238 ἁγων
526 3188 540 3235 ;
559 3171 736 3242 Ὅπερ
759 3174 875 3224 ἐστὶ
897 3173 1047 3225 πᾶσα
1071 3173 1104 3243 ἡ
1128 3172 1220 3224 ὑπ’
1249 3172 1477 3244 οὐρανὸν
1497 3173 1591 3242 γῆ,
1622 3174 1680 3226 ἐν
1762 3174 1932 3243 ἐμπε-

352 3263 566 3331 ριάγειν
595 3261 784 3314 τοῦτον
813 3263 907 3316 καὶ
929 3264 1345 3334 ἐμπεριπατεῖν,
1369 3263 1444 3326 ὡς
1473 3263 1612 3316 κύνα
1635 3263 1930 3328 λυττῶντα,

351 3354 628 3424 ζητοῦντα
653 3355 777 3408 τίνα
815 3353 927 3426 (68)
951 3355 1214 3429 καταπίῃ,
1249 3355 1353 3408 ὑπὸ
1379 3355 1478 3426 τῆς
1509 3355 1604 3409 τοῦ
1641 3356 1760 3409 ’1ὼό
1797 3373 1934 3428 γραο

352 3447 462 3517 φῆς
511 3446 896 3517 διδασκόμεθα.
947 3448 1008 3500 El
1058 3447 1238 3502 τοίνυν
1292 3448 1429 3520 ἀρνῇ
1488 3449 1587 3520 τὴν
1644 3449 1781 3520 πρὸς
1841 3449 1932 3503 τὸν

350 3537 769 3610 ἀνταγωνιστὴν
825 3539 1039 3610 μάχην,
1080 3540 1303 3611 μέτελθε
1360 3543 1440 3604 εἰς
1475 3540 1659 3612 ἓτερον
1706 3540 1930 3612 κόσμον,

351 3631 412 3684 ἐν
523 3631 687 3694 αὐτὸς
719 3632 819 3685 οὐκ
869 3631 1016 3684 ἐστι·
1051 3633 1146 3687 καὶ
1187 3632 1420 3705 ὑπάρξει
1466 3637 1602 3704 σοιή
1656 3636 1753 3705 τῆς
1797 3633 1934 3705 πρὸς

353 3722 522 3775 αὐτόν
551 3723 728 3794 πάλης
753 3725 1002 3796 ἄρνησις,
1034 3727 1130 3780 καὶ
1171 3725 1278 3779 τῶν
1314 3726 1685 3796 εὐαγγελικῶν
1732 3727 1934 3796 δογμά-

355 3830 466 3866 των
501 3813 786 3879 ἀκίνδυνος
820 3816 1008 3888 ἀργία.
1050 3817 1114 3870 El
1142 3817 1198 3871 δὲ
1224 3816 1382 3870 τοῦτο
1426 3817 1705 3881 ἀδύνατον,
1737 3816 1934 3870 σπεῦδε

357 3907 498 3977 πρὸς
525 3907 624 3978 τὴν
649 3908 886 3981 μάθησιν
913 3910 1015 3980 τῆς
1044 3913 1164 3965 κατ’
1187 3908 1352 3964 αὑτοῦ
1377 3909 1675 3982 ἀθλήσεως,
1697 3910 1937 3964 διδασκό-

359 4013 524 4066 μενος
552 3998 658 4051 ὕπὸ
690 3998 798 4053 τῶν
829 3999 1086 4072 Τραφῶν
1115 3999 1225 4072 (69)
1272 4000 1666 4073 παλαισμάτων
1707 4001 1900 4072 τέχνην
1919 4016 1934 4030 ’

357 4088 447 4142 ἵνα
484 4090 580 4162 μὴ,
631 4091 688 4158 ἐξ
733 4092 956 4160 ἀγνοίας
989 4091 1244 4164 ἡττηθεὶς
1277 4093 1368 4147 ὑπ’
1410 4094 1598 4160 αὐτοῦ,
1632 4093 1709 4166 τῷ
1734 4091 1938 4162 αἰωνίῳ

357 4186 496 4255 πυρὶ
525 4183 858 4255 παραδοθῇς.
887 4185 998 4238 Καὶ
1028 4183 1200 4239 ταῦτα
1250 4185 1349 4255 μὲν
1389 4185 1538 4257 ὅμως
1579 4187 1639 4238 ἐν
1668 4185 1940 4256 παραδρο-

360 4279 439 4346 μῇ
475 4275 614 4346 πρὸς
647 4276 774 4338 τοὺς
803 4276 860 4329 ἐν
888 4275 1171 4344 συζυγίαις
1203 4274 1500 4338 ἀκινδύνως
1531 4275 1631 4346 τῆς
1656 4274 1762 4330 τῶν
1791 4277 1939 4328 ἐντο-

356 4366 466 4420 λῶν
509 4367 604 4422 τοῦ
647 4366 885 4438 Χριστοῦ
918 4368 1164 4438 φυλακῆς
1202 4367 1648 4438 καταμελοῦντας
1677 4367 1935 4439 εἰρήσθω.

2035 1804 2319 1873 discipulis
2349 1805 2464 1860 suis
2494 1804 2858 1874 responderit,
2881 1800 3206 1856 sententiam
3236 1812 3392 1854 suam
3423 1796 3609 1852 decla-

2036 1898 2198 1962 ravit,
2252 1897 2337 1952 bis
2393 1896 2576 1952 verbis
2608 1913 2622 1949 :
2653 1897 2783 1962 Qua:
2825 1905 3000 1948 autem
3025 1892 3166 1948 vobis
3189 1891 3330 1956 dico,
3363 1888 3610 1946 omnibus

2033 1987 2152 2041 dico
2180 1987 2246 2040 ⁷⁸.
2286 1985 2364 2042 Ne
2406 1987 2574 2057 igitur
2603 1986 2762 2041 deses
2793 1984 3051 2047 exsistas,
3085 1998 3117 2036 ο
3151 1989 3232 2048 ιιι,
3269 1979 3361 2050 qui
3399 1977 3613 2049 elegisti

2036 2080 2224 2134 uxoris
2255 2078 2608 2140 societatem,
2643 2075 2800 2146 quasi
2836 2075 3099 2128 mundum
3144 2073 3398 2143 amplecti
3444 2085 3614 2141 penes
3705 2082 3712 2086 ·

2034 2177 2089 2224 te
2114 2173 2203 2225 sit.
2253 2169 2387 2222 Nam
2424 2170 2677 2239 pluribus
2730 2167 3009 2222 laboribus
3036 2174 3088 2219 et
3118 2163 3369 2221 custodia
3405 2163 3616 2232 majore

2037 2262 2131 2316 tibi
2171 2276 2310 2330 opus
2354 2268 2438 2315 est
2471 2258 2538 2313 ad
2572 2259 2922 2314 obtinendam
2963 2258 3196 2311 salutem
3232 2275 3244 2309 :
3283 2255 3484 2324 quippe
3517 2252 3613 2323 qui

2037 2352 2091 2405 in
2137 2351 2331 2406 mediis
2363 2351 2593 2420 laqueis,
2640 2349 2926 2416 mediaque
2955 2348 3242 2402 rebellium
3277 2351 3612 2416 potestatum

2035 2441 2243 2496 ditione
2281 2439 2466 2494 sedem
2506 2439 2794 2509 delegeris,
2826 2437 3137 2506 habeasque
3165 2436 3234 2490 ob
3265 2434 3454 2488 oculos
3485 2447 3614 2502 pec-

2036 2540 2287 2586 catorum
2333 2531 2702 2593 irritamenta,
2757 2537 2920 2599 atque
2963 2529 3029 2582 ad
3075 2543 3138 2584 ea
3172 2523 3614 2596 concupiscenda

2035 2638 2230 2678 omnes
2258 2623 2335 2677 tui
2390 2637 2584 2678 sensus
2638 2622 2794 2692 quasi
2850 2622 2969 2675 loco
2995 2635 3096 2675 suo
3135 2619 3300 2674 emoti
3339 2628 3616 2687 noctuque

2037 2715 2241 2785 diuque
2272 2715 2646 2785 impellantur.
2685 2713 2844 2770 Scias
2875 2713 3042 2784 igitur
3073 2722 3126 2767 te
3174 2727 3298 2765 cum
3332 2709 3614 2764 defectore

2037 2805 2393 2860 luctationem
2421 2820 2530 2859 non
2558 2804 2892 2858 evitaturum
2916 2817 3059 2865 esse,
3087 2816 3260 2870 neque
3287 2800 3356 2854 de
3386 2813 3450 2854 eo
3475 2799 3614 2852 citra

2038 2897 2243 2952 multos
2274 2896 2489 2950 labores
2511 2895 2798 2949 victoriam
2835 2899 3238 2963 reportaturum
3287 2889 3340 2943 in
3383 2902 3619 2958 evange-

2037 2989 2160 3044 licis
2211 2986 2562 3059 dogmatibus
2597 2984 2998 3041 custodiendis.
3041 2979 3328 3048 Quomodo
3359 2980 3507 3036 enim
3558 2979 3615 3032 in

2040 3081 2158 3150 ipsa
2186 3079 2503 3135 certaminis
2533 3078 2683 3133 fossa
2714 3091 2960 3140 versans,
2997 3082 3272 3130 certamen
3300 3087 3426 3127 cum
3457 3071 3618 3126 hoste

2039 3171 2346 3225 detrectare
2381 3168 2622 3240 poteris?
2651 3167 2782 3233 Quae
2829 3167 3016 3236 utique
3048 3171 3161 3218 tota
3197 3169 3279 3218 est
3316 3171 3465 3217 terra
3511 3159 3619 3216 sub

2040 3258 2182 3312 cmlo
2209 3264 2467 3312 contenta
2497 3275 2510 3311 :
2547 3272 2642 3327 per
2669 3271 2832 3326 quam
2863 3253 3154 3310 circumire
3188 3252 3333 3307 hunc
3359 3260 3412 3307 et
3433 3251 3619 3306 obam-

2039 3349 2229 3405 bulare
2257 3356 2519 3418 tanquam
2546 3348 2826 3403 rabiosum
2846 3362 3062 3409 canem,
3087 3353 3420 3416 qumrentem
3452 3357 3615 3413 quem

2040 3441 2284 3506 devoret,
2315 3457 2380 3496 ex
2409 3439 2530 3494 Jobi
2561 3440 2793 3495 historia
2826 3438 3138 3497 edocemur.
3185 3439 3371 3507 Itaque
3409 3437 3456 3492 si
3490 3451 3618 3490 cum

2042 3535 2358 3590 adversario
2386 3534 2526 3588 inire
2560 3549 2795 3604 pugnam
2822 3547 3062 3592 recuses,
3084 3533 3258 3587 transi
3290 3532 3345 3585 in
3383 3530 3618 3584 alterum

2043 3623 2329 3688 mundum,
2361 3623 2415 3678 in
2449 3639 2559 3694 quo
2591 3623 2706 3693 ipse
2737 3636 2844 3676 non
2893 3623 2996 3686 sit;
3037 3631 3261 3690 tumque
3305 3620 3491 3674 licebit
3519 3615 3620 3672 tibi

2043 3712 2206 3784 204.
2234 3728 2358 3766 cum
2395 3712 2490 3767 illo
2540 3727 2649 3766 non
2689 3713 3005 3775 decertare,
3039 3718 3201 3780 atque
3250 3710 3306 3763 in
3345 3709 3623 3780 dogmatis

2043 3804 2375 3875 evangelicis
2418 3803 2701 3859 servandis
2752 3803 2871 3858 sine
2919 3802 3162 3872 periculo
3206 3803 3351 3856 iners
3402 3815 3621 3871 perma-

2044 3910 2193 3949 nere.
2217 3894 2374 3960 Quod
2413 3894 2460 3949 si
2490 3892 2541 3948 id
2579 3893 2695 3948 fieri
2719 3909 2825 3948 non
2848 3899 3048 3963 potest,
3073 3908 3194 3948 eam
3223 3907 3343 3965 qua:
3372 3892 3469 3946 tibi
3495 3905 3623 3945 cum

2045 3987 2141 4042 illo
2173 3986 2354 4042 futura
2388 3994 2472 4042 est
2515 4003 2754 4058 pugnam
2787 3987 3000 4042 discere
3048 3985 3298 4049 festines,
3331 3991 3502 4040 artem
3544 3983 3624 4037 lu-

2046 4079 2348 4134 ctaminum
2373 4095 2437 4134 ex
2467 4078 2768 4150 Scripturis
2787 4078 3046 4146 edoctus;
3087 4087 3144 4133 ut
3171 4095 3240 4136 ne
3270 4093 3337 4132 ex
3365 4076 3624 4147 ignoran-

2047 4174 2123 4229 tia
2157 4174 2226 4228 ab
2257 4176 2378 4244 ipso
2413 4173 2683 4240 devictus,
2719 4180 2923 4230 aeterno
2955 4173 3068 4245 igni
3111 4171 3366 4229 tradaris.
3406 4170 3474 4225 Et
3505 4170 3624 4225 haec

2048 4263 2266 4336 quidem
2299 4266 2563 4321 adversus
2596 4281 2691 4322 eos
2719 4266 2813 4336 qui
2857 4267 3208 4324 matrimonio
3252 4265 3434 4335 juncti
3481 4277 3623 4334 prae—

2051 4365 2207 4427 cepta
2238 4355 2443 4412 Christi
2475 4357 2774 4412 observare
2819 4373 3012 4413 secure
3047 4359 3347 4428 negligunt,
3381 4356 3537 4427 quasi
3565 4357 3624 4410 in

357 4460 433 4513 Σὺ
469 4459 548 4524 δὲ,
578 4462 608 4512 ὁ
654 4433 762 4514 τῶν
800 4433 1065 4531 οὐρανίων
1094 4433 1501 4532 πολιτευμάτων
1533 4433 1803 4532 ἐραστης,
1847 4461 1932 4514 καῖ

2048 4458 2374 4505 transcursu
2405 4449 2553 4504 dicta
2587 4450 2717 4504 sint.
2742 4450 2823 4504 Tu
2844 4467 2990 4515 vero,
3014 4453 3108 4522 qui
3131 4451 3374 4507 cmlestis
3404 4449 3623 4505 vivendi

356 4550 460 4621 τῆς
487 4550 786 4620 ἀγγελικῆς
806 4550 1083 4620 διαγωγῆς
1102 4549 1210 4623 (70)
1239 4552 1690 4623 πραγματευτὴς,
1713 4552 1807 4604 καὶ
1834 4551 1942 4604 τῶν

359 4643 534 4711 ἁγίων
565 4641 822 4714 μαθητῶν
859 4642 953 4695 τοῦ
988 4642 1224 4714 Χριστοῦ
1263 4641 1670 4714 συστρατιώτης
1689 4641 1942 4710 γενέσθαι

360 4736 667 4808 ἐπιθυμῶν,
699 4735 934 4790 τόνωσον
967 4737 1192 4792 σεαυτὸν
1221 4737 1356 4807 πρὸς
1390 4737 1486 4808 τὴν
1527 4735 1804 4808 ὑπομονὴν
1833 4734 1944 4789 τῶν

429 4917 476 4948 ⁷³
515 4913 710 4973 Matth.
743 4931 810 4983 ι,
844 4915 931 4970 '57.
1010 4915 1055 4946 ⁷³
1091 4912 1222 4970 Luc.
1259 4930 1372 4982 xxv,
1405 4911 1496 4970 26.

441 5076 552 5148 (65)
581 5075 810 5133 Veteres
857 5077 968 5132 duo
1009 5078 1136 5133 libri
1177 5078 1272 5131 καὶ
1304 5077 1652 5148 ὑπογυναίοις
1685 5073 1943 5148 τετάχθαι

369 5146 458 5202 τάζ
495 5146 783 5219 Evangelia
811 5150 1144 5219 prwscripta.
1173 5148 1322 5202 Bona
1353 5148 1534 5202 lectio.
1564 5146 1806 5215 Utraque
1830 5147 1946 5200 edi-

372 5220 464 5274 dio
496 5228 550 5272 et
576 5218 708 5289 Reg.
738 5222 1014 5275 secundus
1034 5218 1107 5274 ut
1139 5219 1193 5272 in
1219 5225 1501 5289 contextu.

371 5359 424 5415 ἀ,
446 5289 555 5360 (66)
586 5284 852 5344 γοέιιιοιιι
885 5307 946 5343 τε
975 5306 1044 5346 ex
1077 5290 1319 5359 antiquis
1356 5288 1572 5344 duobus
1602 5285 1760 5342 libris
1788 5284 1946 5340 addi-

409 5376 572 5414 imus.

409 5376 572 5414 imus.

441 5432 553 5501 (67)
587 5428 724 5499 Reg.
757 5430 972 5500 primus
1002 5429 1164 5482 αὐτὸν
1189 5427 1604 5500 ἀποκρίνεσθαι.
1633 5426 1830 5482 Statim
1855 5440 1948 5482 ve—

364 5507 510 5556 teres
541 5502 650 5554 duo
680 5502 804 5554 libri
835 5502 864 5554 ὃ
891 5501 950 5554 δὲ
980 5503 1130 5570 ὑμῖν.

440 5572 548 5642 (68)
583 5571 764 5626 Editio
799 5571 977 5626 Paris.
1017 5565 1303 5642 ζητοῦντα
1326 5569 1466 5642 τίνα.
1516 5567 1634 5623 Vox
1678 5565 1945 5642 ζητοῦντα

369 5638 623 5712 aeriuej‘n
647 5643 860 5698 nostris
895 5638 1083 5697 tribus
1112 5657 1248 5697 mss.
1288 5640 1496 5712 Regiis,
1527 5654 1706 5712 neque
1740 5639 1793 5692 in
1827 5638 1943 5712 edi-

370 5709 515 5769 tione
543 5710 752 5769 Veneta
785 5714 1077 5784 reperitur.
1111 5709 1403 5783 Aliquanto
1434 5719 1557 5783 post
1588 5709 1697 5766 duo
1726 5724 1861 5766 mss.
1889 5710 1945 5760 ἐν

2051 4543 2192 4599 ritus
2227 4550 2441 4597 amator
2473 4558 2556 4605 es.
2607 4550 2770 4613 atque
2827 4545 3084 4613 angelica:
3129 4546 3250 4599 vita:
3292 4543 3620 4614 negotiator,

2049 4637 2254 4707 quique
2291 4642 2608 4690 sanctorum
2643 4635 2848 4691 Christi
2894 4635 3290 4705 discipulorum
3324 4634 3625 4689 commilito

2049 4743 2172 4786 esse
2202 4727 2382 4798 cupis,
2404 4726 2704 4787 corrobora
2736 4727 2968 4798 teipsum
2997 4726 3064 4782 ad
3095 4742 3184 4782 res
3213 4727 3474 4781 adversas
3501 4738 3627 4795 per-

1572 4911 1620 4945 “
1658 4910 1827 4966 Marc.
1854 4925 1976 4977 xm,
2018 4911 2105 4964 57.

2050 5068 2095 5142 ᾧ
2123 5067 2296 5136 οὗτος.
2333 5069 2581 5126 Subinde
2607 5068 2776 5142 editio
2806 5067 2944 5126 Ven.
2973 5065 3030 5122 in
3059 5070 3318 5121 contextu
3345 5061 3629 5132 εὐαγγελι-

2053 5141 2164 5198 κῶν
2202 5144 2460 5216 ῥημάτων
2491 5141 2789 5216 ἀκίνδυνος.

2125 5204 2237 5285 (679)
2257 5204 2522 5281 "Utraque
2545 5210 2714 5285 editio
2740 5207 2964 5285 et_R_eg.
2994 5214 3192 5285 tertius
3221 5204 3333 5285 sua
3351 5205 3462 5257 τῶν
3477 5219 3627 5285 χρατ

2054 5271 2249 5354 φικῶν,
2273 5271 2549 5354 corrupte.
2575 5280 2753 5354 Codex
2775 5278 2840 5354 I_l.
2862 5271 3113 5354 Γραφῶν,
3141 5277 3451 5354 emendate.
3473 5271 3631 5354 Quod

2055 5345 2131 5408 ait
2167 5345 2529 5408 Combeﬁsius
2573 5351 2756 5403 statim
2785 5349 2887 5417 legi
2907 5345 2971 5401 in
3010 5348 3144 5402 Maz.
3187 5348 3284 5416 μὲν
3327 5346 3529 5414 ὁμοίως
3552 5345 3629 5417 ⁸ἐν

2054 5425 2404 5494 παραδρομῇ,
2422 5423 2499 5494 Ade
2523 5435 2587 5494 eo
2613 5421 2772 5471 aliter
2794 5414 3003 5494 sentiet
3031 5414 3297 5494 quiliittic
3322 5417 3524 5494 librum
3552 5414 3631 5494 le-A

2055 5487 2214 5566 gerit.
2243 5487 2320 5566 Ilia
2348 5487 2495 5566 enim
2528 5490 2712 5566 habet,
2751 5489 2847 5559 μὲν
2881 5487 2954 5566 ᾡς
2988 5487 3243 5566 év.'_Ed_iti
3281 5487 3376 5566 μὲν
3403 5487 3593 5566 ὅμωςι
3620 5489 3632 5536 t

2125 5564 2236 5633 (70)
2275 5562 2430 5632 Regii
2471 5560 2681 5633 primus
2707 5553 2762 5633 et
2786 5559 2980 5615 tertius
3011 5560 3104 5612 καὶ
3136 5559 3232 5627 τῆς
3271 5553 3632 5626 εὐαγγελικῆς

2053 5629 2348 5704 διαγωγῆς,
2363 5629 2686 5700 ὶυαησείὶσίε
2713 5630 2850 5683 vitae.
