3982 6240
366 236 463 291 631
1692 242 1753 298 S.
1794 236 2041 296 BASILII
2082 235 2299 294 MAGNI
3529 230 3635 287 63‘!

368 357 642 424 ferendas,
688 369 743 415 et
773 360 914 416 virili
967 362 1151 419 animo
1190 364 1585 421 monachorum
1622 373 1831 421 emtum
1879 377 1944 416 ac

2056 360 2302 432 θλίψεων,
2340 362 2437 416 καὶ
2491 358 2754 434 ἀνδρείως
2788 357 3054 431 πρόσελθε
3085 359 3152 428 τῇ
3204 353 3493 426 συγκλήτῳ
3528 355 3638 408 τῶν

368 461 617 507 senatum
659 451 748 507 adi
782 472 794 507 :
829 468 896 509 ac
919 454 1079 511 initio
1114 456 1336 526 quidem
1364 468 1473 513 tua:
1518 457 1947 513 renuntiationis

2056 452 2340 524 μοναχῶνο
2398 452 2493 506 καὶ
2534 452 2594 505 ἐν
2641 449 2741 522 μὲν
2788 452 2855 521 τῇ
2895 450 3039 520 ἀρχῇ
3081 447 3183 517 τῆς
3223 446 3508 514 ἀποταγῆς
3541 462 3635 498 σου

365 540 547 595 virum
595 551 646 598 te
674 544 926 609 ostende,
963 556 1023 601 ut
1050 563 1122 602 ne
1165 548 1237 603 ob
1285 563 1477 603 eorum
1511 550 1604 620 qui
1649 549 1952 607 secundum

367 645 589 686 carnem
620 634 840 704 cognati
871 638 1296 702 sunt,‘amorem
1331 647 1387 696 et
1406 638 1662 697 aﬂ‘ectum
1692 639 1950 696 deorsum

369 720 612 788 trahare,
649 724 746 780 sed
780 726 960 784 valido
991 736 1045 782 et
1097 727 1226 783 forti
1275 730 1461 786 animo
1518 733 1772 787 mortalia
1824 745 1950 787 cum

369 813 777 872 immortalibus
824 828 1153 879 commutes.
1187 817 1292 876 Ubi
1324 836 1454 877 vero
1500 838 1589 879 res
1617 838 1741 893 quae
1796 821 1864 878 ad
1900 831 1954 878 te

369 905 648 976 pertinent
678 908 1063 981 dereliqueris,
1091 923 1211 968 esto
1244 911 1562 971 inﬂexibilis
1592 925 1644 970 et
1666 923 1951 980 constans,

370 1007 637 1069 (ertoque
667 1000 814 1056 scias
843 1017 938 1057 eas
983 1005 1313 1073 praemittere
1338 1014 1390 1061 te
1418 1006 1473 1060 in
1504 1007 1705 1062 coelum
1741 1025 1755 1060 :
1781 1006 1955 1076 siqui-

369 1088 494 1141 dem
522 1089 673 1159 ipsas
710 1089 768 1144 in
786 1090 910 1146 sinu
940 1108 1242 1164 pauperum
1274 1095 1589 1151 reconditas
1626 1111 1752 1151 cum
1783 1099 1954 1153 multa

372 1182 691 1239 accessione
720 1183 867 1254 apud
904 1183 1076 1240 Deum
1109 1201 1170 1242 es
1200 1187 1550 1244 inventurus.
1580 1186 1718 1243 Cum
1771 1199 1953 1246 autem

371 1271 440 1327 ab
469 1273 663 1329 amicis
708 1289 773 1330 ac
797 1274 1167 1333 familiaribus
1196 1277 1499 1345 divelleris,
1534 1294 1667 1335 cave
1690 1281 1957 1336 coniicia-

370 1364 448 1422 ris
480 1382 720 1423 mmrore
748 1368 943 1445 nimio,
979 1371 1423 1442 quandoquidem
1454 1387 1581 1428 cum
1614 1373 1842 1430 Christo
1858 1375 1954 1445 qui

371 1472 471 1528 pro
524 1466 579 1514 te
628 1460 928 1516 cruciﬁxus
984 1472 1104 1526 est,
1172 1464 1578 1536 conjungeris:
1630 1482 1740 1537 quo
1796 1467 1952 1537 quid,

368 1564 580 1618 quaeso,
605 1566 635 1605 a
652 1553 815 1608 nobis
839 1555 1140 1610 amabilius
1160 1557 1466 1626 excogitari
1485 1566 1667 1629 potest
1686 1560 1709 1613 ?
1725 1558 1956 1625 Quando

2052 545 2327 616 ἀνδρίζου,
2375 544 2451 617 μὴ
2497 541 2934 612 καθελκυσθῆναι
2983 541 3088 594 ὑπὸ
3121 541 3219 611 τῆς
3264 539 3637 611 προσπαθείας

2051 636 2158 690 τῶν
2176 635 2316 689 κατά
2342 635 2523 705 σάρκα
2552 628 2931 703 συγγενῶν,τῇ
2963 630 3270 700 ἀνταλλαγῇ
3291 627 3401 682 τῶν
3424 627 3639 699 θνητῶν

2053 730 2192 800 πρὸς
2224 730 2293 782 τὰ
2342 727 2589 782 ἀθάνατα
2631 726 2746 794 (71)
2794 723 3207 795 ὲνισχυόμενος’
3242 721 3407 793 ἡνίκα
3436 720 3496 775 δὲ
3527 717 3641 774 τῶν

2055 820 2366 892 προσόντων
2397 836 2478 874 σοι
2520 817 2859 890 πραγμάτων
2901 817 3028 886 ποιῇ
3073 815 3173 886 τὴν
3215 813 3500 878 ἀπόθεσιν,
3545 811 3640 865 ἔσο

2057 914 2341 985 άκαμπὴς,
2382 910 2730 985 προπέμπειν
2763 907 2904 963 αὐτὰ
2943 909 3024 971 είς
3053 907 3314 979 οὐρανοὺς
3357 905 3640 978 πληροφο-

2061 1005 2340 1077 ρούμενος,
2363 1007 2478 1067 τοῖς
2516 1001 2615 1074 μὲν
2653 1001 2878 1064 κόλποις
2908 998 3016 1052 τῶν
3055 998 3288 1069 πτωχῶν
3326 995 3640 1069 ὲναποκρύο

2058 1116 2211 1152 πτων
2244 1097 2406 1157 αὐτὰ,
2452 1093 2605 1166 παρά
2632 1094 2689 1147 δὲ
2729 1091 2850 1163 Θεῷ
2879 1091 2992 1162 (72)
3027 1090 3295 1161 εὑρίσκων
3343 1089 3441 1143 σὺν
3469 1088 3641 1162 πολλῇ

2053 1193 2122 1262 τῇ
2164 1189 2474 1261 προσθήκῃ.
2519 1186 2692 1240 Φίλων
2734 1184 2792 1239 δὲ
2824 1184 2919 1238 καὶ
2959 1182 3205 1254 συνήθων
3235 1179 3637 1252 διασπώμενος,

2059 1283 2133 1355 μὴ
2199 1280 2358 1351 γενοῦ
2413 1277 2770 1351 περιθλιϐὴς,
2825 1276 3047 1349 Χριστῷ
3109 1273 3514 1345 συναπτόμενος
3557 1272 3641 1345 τῷ

2056 1372 2198 1443 ὑπὲρ
2226 1369 2320 1424 σοῦ
2353 1367 2719 1441 σταυρωθέντι
2738 1384 2751 1398 ⁸
2799 1361 2860 1422 οὗ
2891 1366 2945 1419 τί
2977 1365 3043 1419 ἀν
3074 1364 3350 1434 λογιστέον
3383 1366 3521 1435 ἡμῖν
3546 1383 3642 1435 φι-

2055 1463 2385 1535 λικώτερον;
2428 1461 2622 1515 Ἦνίκα
2671 1459 2729 1512 δὲ
2785 1457 3043 1530 συνεργίᾳ
3085 1456 3222 1510 Θεοῦ
3277 1456 3377 1529 τὴν
3411 1456 3643 1528 πρώτην

2054 1556 2261 1627 ταύτην
2291 1556 2515 1628 πυγμὴν
2563 1554 2797 1627 νικήσῃς
2822 1552 2915 1605 τὸν
2957 1550 3049 1604 σὺν
3095 1549 3324 1622 ἐχθρὸν,
3369 1550 3443 1622 μὴ
3476 1549 3644 1621 ῥίψῃς

369 1653 575 1708 autem,
607 1641 721 1698 Deo
745 1644 994 1714 juvante,
1031 1647 1090 1700 in
1134 1647 1315 1717 primo
1358 1646 1463 1702 hoc
1512 1649 1757 1718 pugilatu
1798 1658 1947 1703 tuum

2058 1649 2284 1702 σεαυτὸν
2311 1646 2501 1719 ῶσπερ
2533 1663 2584 1698 τι
2612 1642 2723 1697 τῶν
2749 1643 2960 1714 ἀτίμων
2992 1639 3225 1696 σκευῶν.
3252 1639 3392 1711 Ἤδη
3430 1638 3543 1711 γὰρ
3570 1640 3641 1710 τῇ

370 1733 745 1790 adversarium
780 1737 1150 1807 superaveris,
1182 1737 1358 1791 nolito
1393 1717 1630 1807 teipsum
1686 1746 1947 1810 tanquam

2058 1741 2308 1810 ἀποταγῇ
2332 1737 2440 1791 τῶν
2472 1717 2682 1808 *γηίνων
2718 1734 3060 1807 πραγμάτων
3084 1731 3389 1803 τετίμηκας
3411 1729 3644 1783 σεαυτὸν

368 1843 467 1883 vas
486 1827 764 1897 quoddam
796 1828 1226 1899 ignominiosum
1258 1832 1543 1901 projicere.
1576 1831 1656 1885 Ex
1678 1847 1789 1902 quo
1805 1832 1951 1888 enim

367 1921 534 1976 rebus
568 1920 808 1977 terrenis
853 1921 1120 1978 remisisti
1172 1923 1471 1991 nuntium,
1517 1923 1633 1995 jam
1683 1923 1952 1979 honorem

367 2012 514 2083 apud
569 2012 851 2068 Christum
902 2013 1004 2068 tibi
1064 2015 1412 2083 conciliasti;
1471 2015 1570 2072 sed
1621 2030 1953 2087 magnopere

366 2120 504 2162 cura
531 2113 586 2161 et
606 2108 853 2176 provide,
885 2115 947 2161 ut
979 2108 1158 2163 virum
1188 2115 1295 2163 tua:
1327 2107 1454 2163 vita:
1481 2108 1813 2163 tutissimum
1849 2108 1952 2163 du-

368 2214 487 2256 cem
507 2201 775 2271 reperias,
808 2200 978 2271 probe
1009 2200 1266 2256 edoctum
1288 2201 1599 2258 conducere
1636 2215 1734 2256 eos
1755 2199 1850 2271 qui
1881 2199 1951 2254 ad

367 2288 541 2346 Deum
590 2299 853 2361 pergunt,
903 2292 1128 2361 plenum
1171 2292 1504 2360 virtutibus,
1555 2293 1677 2362 ejus
1727 2308 1849 2362 qua:
1893 2292 1950 2346 in

366 2377 539 2433 Deum
565 2386 651 2436 est
674 2380 985 2436 dilectionis
1017 2382 1392 2436 testimonium
1424 2382 1714 2439 habentem
1741 2399 1808 2438 ex
1833 2381 1950 2438 suis

367 2468 543 2539 ipsius
565 2470 854 2540 cperibus,
886 2471 1201 2527 divinarum
1241 2470 1650 2544 Scripturarum
1694 2488 1948 2545 gnarum,

366 2561 553 2618 animo
604 2562 796 2617 sedato
846 2564 1171 2634 praeditum,
1214 2566 1574 2634 pecuniarum
1614 2581 1724 2621 non
1758 2580 1949 2620 aman-

366 2658 498 2719 tem,
528 2666 559 2704 a
590 2653 827 2723 negotiis
869 2653 1129 2718 alienum,
1162 2653 1430 2725 quietum,
1476 2654 1588 2711 Deo
1634 2663 1947 2726 acceptum,

364 2742 684 2814 diligentem
738 2759 1033 2816 pauperes,
1064 2761 1178 2799 non
1217 2745 1571 2810 iracundum,
1618 2747 1948 2818 iniuriarum

367 2838 769 2902 immemorem,
800 2835 869 2891 ad
894 2852 1085 2892 eorum
1122 2837 1218 2907 qui
1257 2838 1443 2909 ipsum
1479 2839 1685 2894 adeunt
1709 2839 1948 2896 aediﬁca-

364 2929 569 2984 tionem
614 2929 847 2983 multum
883 2928 1248 2995 laborantem,
1287 2945 1443 2985 vanae
1472 2930 1659 3003 gloriae
1703 2948 1815 2987 non
1845 2948 1946 2988 cu-

364 3019 576 3091 pidum,
609 3036 722 3076 non
771 3021 1105 3091 superbum,
1138 3022 1306 3077 nullis
1346 3024 1811 3081 assentationihus
1852 3025 1948 3082 lle-

366 3112 646 3179 ctendum,
671 3128 784 3168 non
817 3112 1117 3169 obnoxium
1149 3113 1462 3179 mutationi,
1500 3114 1638 3170 nihil
1661 3115 1773 3173 Deo
1808 3133 1948 3189 pra:-

368 3205 659 3261 l'erentem.
701 3205 788 3271 Et,
823 3206 872 3261 si
904 3206 1220 3277 quempiam
1252 3207 1570 3278 hujusmodi
1596 3210 1943 3277 nanciscare,

365 3312 582 3354 omnem
612 3305 762 3353 tuam
794 3300 1133 3356 voluntatem
1178 3315 1490 3372 exspuens,
1519 3309 1577 3359 et
1612 3301 1763 3358 foras
1814 3304 1946 3374 reji-

365 3388 539 3451 eiens,
570 3388 700 3446 huic
730 3402 785 3446 te
819 3390 997 3461 ipsum
1032 3390 1210 3457 trade,
1244 3399 1305 3446 ut
1331 3393 1492 3462 quasi
1540 3408 1636 3449 vas
1669 3394 1945 3451 sincerum

2059 1830 2213 1902 παρά
2241 1829 2463 1901 Χριστῷ
2484 1846 2497 1861 ⁸
2530 1827 2643 1882 ἀλλ’
2674 1830 2732 1880 ὲν
2768 1826 2938 1898 πολλῇ
2978 1825 3218 1898 φροντίδι
3256 1824 3353 1878 καὶ
3387 1824 3647 1895 περινοίᾳ.

2059 1922 2280 1991 ποίησαι
2314 1922 2497 1992 εὑρεῖν
2557 1918 2727 1989 ἀνδρα
2774 1918 3003 1990 πρόοδον
3054 1918 3154 1989 τῆς
3213 1917 3312 1987 σῆς
3362 1916 3647 1979 πολιτείας

2058 2014 2296 2085 ἀπλανῆ,
2326 2013 2510 2076 καλῶς
2537 2011 2902 2083 ἐπιστάμενον
2925 2010 3139 2084 ὁδηγεῖν
3172 2011 3300 2074 τοὺς
3334 2009 3475 2082 πρὸς
3506 2007 3646 2063 θεὸν

2060 2106 2482 2180 πορευομένους,
2504 2104 2762 2176 κομῶντα
2785 2106 2909 2168 ταῖς
2935 2104 3177 2175 ἀρεταῖς,
3204 2104 3271 2156 ὲκ
3287 2101 3399 2155 τῶν
3423 2100 3647 2155 οἰκείων

2056 2198 2232 2270 ἔργων
2264 2198 2364 2270 τὴν
2396 2195 2700 2268 μαρτυρίαν
2728 2194 2919 2266 ἔχοντα
2941 2195 3040 2266 τῆς
3074 2194 3212 2266 πρὸς
3235 2193 3370 2247 Θεὸν
3392 2192 3645 2263 ἀγάπης,

2056 2290 2258 2360 γνῶσιν
2285 2288 2478 2360 έχοντα
2523 2287 2631 2341 τῶν
2682 2287 2841 2341 Θείων
2883 2286 3148 2359 Γραφῶψ
3190 2285 3643 2357 ἀπερίσπαστον,

2055 2380 2429 2452 ἀφιλάργυρον
2448 2418 2462 2441 ,
2513 2377 2866 2450 ἀπράγμονα,
2903 2376 3129 2449 ἡσύχιον
3151 2417 3167 2441 ,
3212 2374 3457 2448 θεοφιλῆ,
3486 2375 3644 2445 φιλό-

2055 2489 2296 2544 πτωχον,
2333 2471 2601 2543 ἀόργητον
2620 2515 2633 2537 ,
2665 2469 3065 2542 ἀμνησίκακον,
3099 2467 3268 2522 πολὺν
3317 2469 3399 2533 είς
3431 2467 3642 2522 οἰκοδο-

2059 2567 2167 2638 μὴν
2213 2564 2322 2618 τῶν
2370 2561 2697 2633 ἐγγιζόντων
2756 2562 2937 2634 αὐτῷ,
3001 2562 3315 2627 ἀκενόδοξον
3336 2602 3351 2627 ,
3400 2562 3644 2634 ἀνυπερ-

2055 2662 2280 2733 ήφανον,
2330 2656 2715 2720 ἀκολάκευτον,
2762 2655 3197 2727 ἀπερίτρεπτον,
3252 2654 3420 2726 μηδὲν
3453 2672 3645 2727 προτι-

2059 2752 2247 2825 μῶντα
2278 2750 2373 2805 τοῦ
2405 2749 2562 2804 Θεοῦ.
2597 2748 2710 2802 Καὶ
2742 2749 2792 2800 εί
2841 2746 3023 2819 εὕροις
3050 2746 3164 2819 (7'5)
3194 2747 3457 2812 τοιοῦτον,
3484 2747 3645 2814 ἐκδος

2057 2844 2284 2900 σεαυτὸν
2309 2842 2485 2914 αὐτῷ,
2523 2841 2671 2896 ἅπαν
2698 2840 2911 2912 θέλημα
2941 2841 3030 2894 σὺν
3064 2839 3387 2905 ἀποπτύσας
3413 2839 3508 2894 καὶ
3532 2838 3644 2905 ἔξω

2057 2939 2242 3013 ῥίψας,
2277 2938 2366 2992 ἵνα
2411 2935 2641 3008 εὑρεθῇς
2667 2934 2743 2998 ὡς
2787 2934 3026 3005 καθαρὸν
3051 2933 3303 3002 ἀγγεῖον,
3337 2932 3407 2986 τά
3448 2934 3509 2988 ὲν
3554 2934 3643 2989 σοὶ

2057 3031 2363 3103 βαλλόμενα
2416 3027 2599 3097 ἀγαθά
2647 3025 2921 3098 διατηρῶν
2967 3026 3106 3099 πρὸς
3148 3025 3367 3080 ἔπαινόν
3408 3042 3503 3079 σου
3544 3026 3645 3079 καὶ

2052 3123 2231 3189 δόξαν.
2271 3123 2336 3176 El
2369 3121 2479 3192 γάρ
2510 3136 2562 3171 τι
2591 3116 2965 3190 ἐγκαταλίπῃς
2994 3116 3174 3189 ἑαυτῷ
3206 3116 3316 3170 τῶν
3348 3120 3643 3189 προῦπαρ-

2055 3214 2263 3282 ξάντων
2307 3214 2365 3268 ὲν
2404 3211 2487 3265 σοὶ
2533 3210 2759 3274 παθῶν,
2800 3212 2880 3276 είς
2926 3209 3109 3282 ὀξίνην
3159 3209 3530 3280 μεταποιήσας
3567 3209 3644 3263 τὰ

2055 3304 2440 3379 ἐμϐεϐλημένα
2468 3307 2526 3358 ὲν
2561 3306 2644 3357 σοὶ
2678 3303 2883 3373 ἀγαθὰ,
2914 3302 3020 3370 ἔξω
3068 3301 3334 3374 βληθήσῃ,
3367 3301 3557 3372 ὥσπερ
3585 3318 3645 3357 τι

2055 3398 2163 3453 τῶν
2184 3398 2475 3468 ἀχρήστων
2508 3394 2719 3449 σκευῶν
2742 3395 2880 3465 (74).
3490 3400 3497 3405 ‘

366 3484 688 3550 inveniaris,
732 3486 827 3557 qui
853 3486 1065 3543 scilicet
1099 3501 1193 3544 eas
1225 3503 1349 3558 quae
1389 3489 1447 3543 in
1491 3496 1546 3545 te
1578 3488 1948 3547 infunduntur
1982 3496 2213 3550 virtutes
2255 3493 2324 3548 ad
2371 3491 2587 3546 laudem
2634 3497 2690 3545 et
2737 3489 2967 3560 gloriam
3004 3494 3151 3541 tuam
3182 3502 3388 3543 serves.
3419 3485 3641 3541 Etenim

366 3576 415 3630 si
450 3576 731 3649 quidpiam
765 3594 832 3634 ex
864 3578 933 3634 iis
980 3579 1130 3635 vitiis
1158 3580 1360 3650 quibus
1416 3586 1577 3636 antea
1605 3581 1825 3638 deditus
1889 3601 2035 3654 eras,
2067 3587 2120 3641 in
2153 3586 2333 3655 teipso
2361 3582 2677 3652 reliqueris,
2718 3590 2849 3636 tunc
2887 3580 3047 3636 bonis
3080 3594 3201 3650 qua:
3238 3580 3292 3633 in
3327 3586 3380 3634 te
3419 3577 3645 3633 fuerant

365 3673 610 3729 immissa
633 3713 652 3740 ,
719 3674 773 3727 in
820 3690 1052 3745 vappam
1103 3676 1524 3742 transmutatis,
1573 3684 1835 3749 tanquam
1886 3680 1984 3737 vas
2021 3682 2297 3754 quoddam
2333 3680 2473 3735 nulli
2509 3679 2634 3733 usui
2657 3685 2843 3749 aptum
2873 3676 3021 3732 {oras
3052 3676 3363 3749 projiciere.

433 3767 487 3822 5.
520 3765 638 3823 Hoc
678 3768 984 3825 secundum
1016 3776 1100 3824 est
1132 3765 1433 3836 luctamen,
1469 3771 1620 3841 quod
1651 3788 1774 3828 cum
1799 3775 1948 3830 salu-

365 3857 437 3914 tis
477 3866 683 3914 nostrze
717 3859 878 3916 hoste
925 3860 1229 3917 ineundum
1270 3867 1378 3918 est.
1422 3861 1766 3919 Documenta
1798 3866 1945 3939 enim

365 3950 757 4021 magistrorum
811 3952 1106 4018 honorum,
1144 3953 1290 4008 bona
1337 3961 1469 4009 sunt
1501 3969 1515 4006 :
1546 3955 1818 4010 malorum
1848 3971 1947 4012 au-

364 4048 496 4108 tem,
529 4043 673 4097 mala
704 4050 834 4099 sunt
860 4043 1106 4101 omnino.
1140 4043 1279 4099 Cum
1329 4045 1474 4100 enim
1511 4044 1673 4100 nobis
1715 4061 1947 4116 persua-

2130 3778 2185 3833 5.
2222 3773 2370 3846 Αὕτη
2398 3772 2629 3844 δευτέρα
2658 3772 2804 3843 πάλη
2832 3772 2965 3843 πρὸς
2988 3770 3079 3826 τδν
3110 3769 3643 3842 ἀνταγωνιστὴν’τῆς

2054 3867 2330 3937 σωτηρίας
2382 3864 2561 3937 ἡμῶν.
2612 3861 2859 3932 ’Δγαθῶν
2903 3862 3015 3935 γὰρ
3076 3861 3411 3917 διδασκάλων
3453 3861 3642 3929 ἀγαθὰ

2050 3959 2120 4013 τά
2168 3956 2468 4030 μαθήματα
2516 3955 2632 4027 (75)
2653 3973 2667 3986 ·
2704 3956 2925 4019 πάντως
2970 3970 3072 4008 που
3106 3953 3203 4008 καὶ
3243 3951 3431 4007 κακῶν
3463 3952 3634 4007 κακά.

2052 4051 2224 4105 Ὅταν
2264 4049 2373 4121 γάρ
2426 4047 2500 4120 μὴ
2537 4046 2732 4119 ἰσχύσῃ
2777 4048 2809 4100 ό
2845 4046 3082 4117 πονηρὸς
3135 4044 3293 4116 ήμῶν
3343 4044 3640 4109 ἀντίπαλος

364 4135 494 4190 dere
526 4151 635 4191 non
657 4136 896 4206 potuerit
926 4137 1104 4191 malus
1133 4137 1225 4193 ille
1254 4135 1609 4194 adversarius
1643 4148 1855 4202 noster,
1884 4147 1945 4195 ut

2056 4145 2243 4197 πεῖσαι
2286 4142 2435 4213 ἡμᾶς
2485 4141 2839 4210 ὲναπομεῖναι
2888 4140 2954 4210 τῇ
2998 4136 3092 4191 τοῦ
3135 4137 3341 4207 κόσμου
3372 4136 3640 4207 συγχύσει

366 4227 421 4282 in
464 4228 654 4284 mundi
688 4229 927 4284 tumultu
958 4236 1014 4286 et
1053 4230 1221 4287 exitio
1267 4245 1746 4302 permaneremus,
1777 4229 1940 4302 205

2056 4233 2144 4288 καὶ
2175 4230 2444 4303 ἀπωλείᾳ,
2470 4228 2689 4283 σπεύδει
2712 4229 2899 4281 πεῖσαι
2929 4225 3004 4299 μὴ
3032 4224 3251 4294 ἀκριϐεῖ
3280 4223 3378 4296 βίῳ
3407 4221 3642 4286 ἑαυτοὺς

365 4318 600 4375 suadere
654 4332 909 4385 conatur,
954 4337 1025 4378 ne
1080 4322 1205 4377 vitae
1234 4329 1511 4377 accuratae
1542 4321 1713 4376 dediti
1741 4322 1938 4387 simus,

2056 4324 2299 4380 ἐκδοῦναι
2327 4323 2464 4395 (76),
2502 4324 2536 4395 ἢ
2573 4322 2729 4395 ἀνδρὶ
2761 4321 2941 4376 πάντα
2969 4319 3130 4394 ἡμῶν
3161 4320 3232 4375 τὰ
3259 4320 3641 4392 ἁμαρτήματα

365 4424 502 4466 neve
528 4413 911 4482 permittamus
940 4428 1043 4469 nos
1077 4415 1217 4479 viro,
1254 4414 1351 4485 qui
1380 4415 1568 4469 omnia
1597 4423 1789 4469 nostra
1815 4428 1945 4485 pec-

2056 4418 2139 4472 ὑπ’
2166 4419 2288 4488 ὄψιν
2315 4417 2501 4487 ἄγοντι
2523 4416 2617 4470 καὶ
2635 4413 3023 4487 διορθουμένῳ,
3053 4413 3193 4467 ἀλλά
3215 4430 3322 4466 τινι
3353 4410 3465 4465 τῶν
3484 4409 3639 4476 δοξο-

363 4511 489 4559 cata
510 4504 581 4559 ob
603 4503 795 4561 oculos
820 4507 980 4561 nobis
1006 4514 1195 4575 ponat,
1210 4506 1560 4577 corrigatque
1585 4524 1598 4560 :
1623 4506 1719 4562 sed
1750 4515 1811 4561 ut
1841 4523 1944 4566 nos

2056 4510 2368 4581 μανούντων
2409 4510 2502 4564 καὶ
2540 4507 2612 4563 τά
2639 4509 2817 4563 οἰκεῖα
2845 4505 2992 4577 πάθη
3044 4506 3317 4578 προφάσει
3360 4521 3639 4574 συγκατα-

360 4593 655 4651 credamus
681 4594 924 4665 cuipiam
960 4595 1190 4651 honoris
1219 4611 1409 4652 amore
1442 4596 1763 4661 insanienti,
1798 4612 1944 4652 suae—

358 4702 467 4758 quo
494 4701 621 4758 erga
652 4701 785 4742 suos
812 4687 1162 4743 convictores
1195 4687 1550 4759 indulgentia:
1579 4689 1810 4745 obtentu
1840 4706 1939 4745 sua

360 4781 542 4851 ipsius
568 4780 702 4834 vitia
740 4780 1146 4835 commendanti
1175 4800 1188 4834 :
1220 4788 1279 4834 ut
1311 4796 1437 4835 cum
1476 4782 1549 4835 ita
1579 4796 1681 4836 nos
1709 4783 1943 4839 latenter

360 4873 667 4929 innumeris
693 4873 844 4928 vitiis
866 4888 1063 4928 rursus
1092 4872 1384 4936 addixerit,
1412 4874 1620 4928 nostris
1648 4875 1785 4944 ipsis
1811 4889 1939 4944 pec-

357 4968 467 5024 cati
505 4964 742 5023 vinculis
769 4981 868 5022 nos
899 4965 1229 5038 obstringat.
1253 4964 1409 5033 Quod
1437 4966 1486 5021 si
1516 4965 1637 5021 viro
1685 4973 1741 5020 te
1770 4966 1940 5022 dedas

432 5084 547 5226 :71)
578 5087 748 5144 Iidem
779 5104 912 5145 mss.
958 5090 1095 5162 πρὸς
1125 5088 1187 5145 τὸ
1220 5089 1510 5163 άθᾴνατον.

454 5157 543 5225 72)
574 5157 754 5214 Editio
787 5158 965 5216 Paris.
997 5160 1076 5226 τῷ
1098 5159 1238 5226 Θεῷ.
1262 5160 1510 5215 Articulu

454 5157 543 5225 72)
574 5157 754 5214 Editio
787 5158 965 5232 Paris.
997 5157 1076 5232 τῷ
1098 5159 1238 5232 Θεῷ.
1262 5157 1548 5232 Articulus
1573 5170 1627 5215 et
1650 5161 1706 5215 in
1735 5161 1941 5232 nostris

359 5211 540 5284 tribus
560 5211 773 5285 mea
790 5211 857 5284 in
871 5211 1132 5287 gauisus
1150 5211 1766 5287 *vaaai’aaaaeaas;
1780 5211 1939 5287 una

359 5298 517 5371 longe
543 5298 653 5355 duo
677 5315 810 5357 mss.
849 5300 922 5371 μὴ
948 5301 1125 5370 γίνου.

427 5370 540 5436 (75)
571 5371 753 5444 Codex
789 5370 933 5444 unus
952 5373 1059 5444 erat
1082 5374 1131 5444 at
1166 5372 1353 5444 εὕρῃς.
1382 5371 1495 5444 Nec
1525 5371 1599 5444 i_ta
1620 5372 1796 5444 multo
1817 5379 1941 5442 post

357 5436 490 5507 Reg.
520 5441 731 5512 primus
767 5441 907 5512 πρὸς
937 5441 1157 5496 ἔπαινόν
1190 5436 1302 5496 σοιζ¹
1320 5441 1513 5497 Statim
1536 5441 1691 5512 Regii
1728 5436 1941 5511 primus

357 5519 403 5585 et
439 5511 636 5585 tertius
660 5511 1037 5585 ἐγκαταλίπῃς
1060 5515 1127 5585 ἐν
1148 5512 1363 5585 σεαυτῷ
1381 5530 1395 5542 ⁸
1423 5520 1479 5569 et
1508 5514 1584 5568 ita
1614 5511 1834 5585 quoque
1861 5514 1942 5568 le-

357 5579 510 5652 gitur
539 5581 603 5652 iit
628 5572 874 5652 margine
905 5572 1165 5639 editionis
1188 5572 1427 5639 Venetae.

428 5649 538 5720 (7-1)
573 5648 725 5722 Regii
751 5648 963 5722 primus
1001 5660 1055 5709 et
1091 5655 1285 5710 tertius
1325 5655 1515 5727 ὥσπερ
1538 5670 1592 5709 τι
1630 5654 1737 5709 τῶν
1768 5653 1939 5728 ἀχρή-

2049 4605 2260 4669 6άσεως
2316 4603 2417 4675 τῆς
2446 4603 2585 4675 πρὸς
2616 4602 2743 4666 τοὺς
2791 4599 3069 4665 συζῶντας
3115 4598 3466 4665 συνιστῶντι,
3508 4599 3634 4665 ἴνα,

2047 4696 2220 4760 οὕτως
2241 4694 2705 4766 ἀσυμφανῶζῌῚ)
2735 4694 2899 4749 πάλιν
2924 4692 3282 4766 μυριοπαθείς
3299 4695 3449 4765 ἡμᾶς
3478 4693 3636 4764 ποιή-

2047 4803 2170 4849 σας,
2203 4783 2309 4837 ὑπὺ
2344 4783 2416 4837 τὰ
2451 4784 2628 4836 οἰκεῖα
2654 4782 2829 4854 δεσμὰ
2861 4784 2964 4852 τῆς
2988 4782 3263 4855 ἁμαρτίας
3289 4784 3438 4854 ἡμᾶς
3459 4799 3633 4837 κατα-

2045 4874 2242 4945 στήσῃ.
2281 4875 2342 4927 Εί
2383 4873 2441 4927 δὲ
2476 4872 2646 4944 ὲκδῷς
2683 4874 2907 4927 σεαυτὸν
2952 4873 3272 4945 πολυαρέτῳ
3301 4874 3487 4945 ἀνδρὶ,
3532 4889 3633 4940 γε-

2046 4967 2184 5038 νήσῃ
2220 4965 2555 5037 κληρονόμος
2587 4965 2696 5021 τῶν
2737 4969 2796 5021 ὲν
2823 4965 2973 5038 αὑτῷ
3013 4966 3258 5036 ἀγαθῶν,
3291 4966 3632 5038 μακαριστό-

2043 5106 2186 5143 στων
2216 5089 2448 5154 σκευῶν,
2479 5089 2560 5142 uti
2586 5105 2676 5143 nas
2708 5088 2978 5159 quoddam
3005 5088 3216 5142 inutile.
3248 5087 3320 5141 At
3357 5085 3490 5159 Reg.
3536 5102 3630 5140 se-

2043 5160 2259 5214 cundus
2291 5169 2344 5229 et
2376 5159 2505 5214 editi
2548 5159 2655 5213 τῶν
2682 5157 2893 5229 ἀτίμων
2926 5159 3154 5223 σκευῶν,
3184 5167 3242 5211 ut
3271 5175 3361 5213 vas
3400 5157 3630 5227 ignomi-

2044 5232 2279 5301 niosum.
2300 5228 2547 5299 Utraque
2567 5228 2841 5301 scriptura
2874 5229 3013 5301 satis
3042 5230 3240 5301 placet.

2139 5303 2229 5364 75)
2260 5299 2417 5370 Regii
2446 5297 2658 5370 primus
2684 5297 2740 5355 et
2775 5300 2970 5355 tertius
3000 5299 3178 5367 ἀγαθά
3198 5298 3270 5370 vat
3292 5297 3623 5368 διδάγματα.

2140 5371 2230 5442 76)
2258 5368 2488 5442 antiqui
2518 5370 2632 5442 duo
2669 5371 3056 5442 Ιὶδῑίίὲαυτοὺς
3087 5368 3386 5442 ἐπιδοῦναι.

2116 5438 2230 5512 (77)
2261 5438 2493 5497 Εόὶιίόι
2517 5440 2661 5511 Reg.
2691 5441 2886 5512 tertius
2913 5439 3086 5512 οὕτως
3126 5438 3491 5512 ἀσυμφώνως,
3538 5440 3627 5493 in-

2038 5509 2310 5566 concinne.
2342 5512 2447 5565 Alii
2475 5512 2587 5565 duo
2606 5509 2756 5567 mss.
2793 5509 2949 5581 Regii
2980 5509 3338 5581 ἀσυμφανῶς,
3362 5509 3624 5581 latenter,

2039 5582 2258 5647 melius,
2289 5589 2349 5655 ut
2378 5581 2512 5636 mihi
2543 5581 2780 5655 videtur.
2815 5579 3115 5655 Aliquanto
3160 5580 3302 5638 infra
3340 5579 3451 5636 duo
3480 5593 3623 5636 mss.

2042 5653 2376 5727 μακαριστός
2400 5669 2460 5707 τε
2494 5652 2667 5726 παρά.
