3982 6240
281 318 386 373 0‘33
1167 316 1399 372 SERMO
1443 311 1532 374 DE
1572 308 2140 368 RENUNTIATIONE
2181 308 2478 374 SECULI,
2515 307 2667 364 ETC.
3433 309 3535 365 654

285 437 441 501 πατός
469 453 529 489 τε
558 436 711 505 παρὰ
749 433 871 502 Θεῷ
897 433 989 486 καὶ
1018 429 1344 502 ἀνθρώποις.
1372 429 1433 482 El.
1461 421 1522 482 δὲ
1559 425 1732 496 φειδοῖ
1761 423 1855 478 τοῦ

1965 422 2149 476 multis
2183 421 2480 476 virtutibus
2507 421 2798 482 instructo,
2830 419 3100 474 bonorum
3131 419 3254 490 ejus
3281 417 3537 478 eﬂlcieris

291 530 534 599 σώματος
575 527 800 597 ζητοίης
834 525 970 596 πρὸς
1005 524 1074 578 τὰ
1119 525 1177 576 ὲν
1206 524 1289 576 σοὶ
1326 523 1470 593 πάθη
1512 518 1862 591 συγκαταδαο

1965 513 2162 577 haeres,
2183 513 2403 583 erisque
2435 513 2578 583 apud
2611 512 2780 568 Deum
2808 521 2862 568 et
2883 512 3025 583 apud
3056 514 3305 570 homines
3333 515 3527 571 beatis-

283 621 434 674 τικὸν
464 618 798 679 διδάσκαλον,
820 618 855 688 ἢ
889 617 1086 689 μᾶλλον
1111 617 1305 676 εἰπεῖν,
1341 611 1855 684 συγκαταπίεετοντά

1964 605 2140 660 simus
2175 623 2189 659 :
2217 605 2302 659 sin
2336 613 2519 660 autem
2551 606 2624 660 ob
2649 607 2898 676 corporis
2923 621 3112 660 curam
3133 607 3392 676 exquiras
3421 622 3535 663 ma-

289 728 392 774 σοι,
432 711 606 781 μάτην
634 709 878 780 ὑπέστης
903 709 996 762 τὸν
1014 709 1114 778 τῆς
1139 707 1438 771 ἁποταξίας
1467 703 1648 773 ἆθλον,
1679 709 1861 778 ἐμπα-

1965 699 2199 768 gistrum
2225 711 2334 750 una
2362 705 2543 752 tecum
2580 697 2648 752 ad
2681 707 2772 752 tua
2797 698 2927 752 vitia
2961 698 3406 762 descendentem,
3441 709 3537 755 aut

286 805 369 857 θεῖ
396 803 496 873 βίῳ
518 803 707 855 ἑαυτὸν
729 798 1063 863 ἐκδεδωκὼς,
1083 799 1266 869 τυφλῷ
1285 799 1464 869 ὁδηγῷ
1491 799 1856 870 χρησάμενοςν

1966 795 2022 841 ut
2051 787 2260 842 rectius
2310 788 2524 858 loquar,
2554 801 2661 841 una
2713 796 2891 842 tecum
2934 795 3301 852 corruentem,
3336 787 3536 845 frustra

285 899 379 950 καὶ
412 895 506 948 ἐπὶ
539 893 758 964 βόθυνον
799 891 1286 964 πρώιδαζὸμενος,
1317 891 1460 944 Ἐὰν
1494 889 1602 958 γὰρ
1627 891 1856 958 τυφλὸς

1965 881 2389 937 renuntiationis
2433 890 2710 936 certamen
2755 882 3011 948 subiisti,
3040 883 3135 952 qui
3167 891 3219 937 te
3261 883 3375 953 ipse
3413 885 3537 940 vita!

287 987 508 1059 τυφλὸν
536 984 746 1056 ἀδητῆν
774 985 1094 1054 ἀμφότεροι
1120 986 1207 1049 εις
1233 983 1502 1047 ,ϐόθυνον
1519 982 1855 1050 ἐμπεσοῦν-

1967 976 2177 1033 vitiosis
2204 974 2493 1029 affectibus
2533 975 2787 1028 obnoxia:
2832 975 3254 1044 mancipaveris,
3285 991 3539 1047 caecoque

285 1093 376 1132 ται
403 1077 536 1148 (78).
569 1075 841 1145 Ἀρκετὸν
861 1075 970 1145 γὰρ
1002 1073 1082 1140 τῷ
1122 1071 1361 1142 μαθητῇ
1394 1073 1670 1142 γενέσθαι
1707 1073 1856 1126 κατὰ

1963 1071 2190 1126 ductore
2223 1084 2379 1130 usus,
2406 1070 2641 1138 teipsum
2684 1066 2738 1120 in
2784 1066 2994 1122 foveam
3027 1068 3244 1125 dederis
3281 1069 3535 1140 praecipi-

283 1171 389 1226 τὸν
410 1170 786 1224 διδάσκαλον
807 1167 1016 1222 αὐτοῦ.
1054 1166 1188 1220 Θεοῦ
1222 1169 1254 1236 ἠ
1301 1167 1472 1237 φωνὴ,
1509 1167 1604 1218 καὶ
1639 1167 1700 1218 οὐ
1736 1165 1854 1218 δια-

1964 1174 2086 1218 tem.
2121 1159 2184 1218 Si
2205 1162 2345 1215 enim
2373 1177 2542 1216 ccc-cus
2570 1178 2706 1215 cwco
2727 1163 2837 1215 dua:
2861 1161 3046 1230 fuerit,
3073 1163 3302 1216 amboin
3332 1162 3536 1230 foveam

286 1261 641 1331 σφαλήσεται.
680 1259 980 1330 Ἀθλητικῷ
1000 1259 1149 1328 νόμῳ
1177 1258 1256 1311 δεῖ
1286 1274 1344 1310 σε
1377 1257 1774 1321 πολιτεύεσθαι,
1806 1260 1854 1310 εί

1967 1257 2144 1310 cadent
2175 1257 2244 1310 ".
2291 1254 2510 1322 Sufﬁcit
2553 1255 2688 1308 enim
2713 1254 2972 1322 discipulo
3013 1263 3070 1306 ut
3099 1255 3169 1307 sit
3197 1254 3334 1307 sicut
3370 1255 3539 1324 magi-

279 1353 339 1405 δὲ
371 1352 466 1424 μὴ,
498 1352 563 1404 οὐ
608 1350 1005 1420 στεφανοῦσθαι
1033 1350 1165 1422 (79),
1213 1346 1396 1414 καθὼς
1438 1347 1589 1402 εἶπεν
1625 1351 1653 1402 ὁ
1699 1350 1851 1402 Ἀπό-

1964 1359 2067 1402 ster
2095 1349 2209 1418 ejus
2238 1349 2305 1404 ".
2334 1347 2477 1403 Sunt
2508 1347 2602 1403 Dei
2639 1349 2822 1409 verba,
2848 1362 2948 1401 nec
2987 1363 3227 1417 unquam
3259 1347 3536 1402 excident.

282 1445 497 1508 στολος·
554 1444 669 1498 Καὶ
711 1445 819 1497 ἐὰν
838 1442 994 1512 ἀθλῇ
1028 1461 1135 1508 τις,
1190 1445 1260 1496 οὐ
1292 1443 1716 1511 στεφανοῦται,
1747 1443 1854 1497 ἐὰν

1965 1439 2082 1494 Vita
2123 1448 2216 1494 tua
2251 1457 2315 1496 ex
2350 1441 2470 1512 lege
2504 1440 2759 1495 athletica
2789 1448 2875 1494 est
2914 1439 3272 1502 instituenda,
3317 1439 3402 1493 sin
3438 1439 3537 1491 mi-

272 1538 359 1606 μὴ
379 1537 644 1606 νομίμως
670 1536 934 1605 ἀθλήσῃ.

1963 1547 2083 1599 nus,
2141 1548 2249 1587 non
2299 1531 2664 1592 coronaberc,
2697 1531 2778 1584 uti
2828 1530 2968 1585 dixit
3012 1531 3306 1598 Apostolus
3339 1548 3352 1584 :
3388 1529 3456 1583 Et
3487 1533 3535 1584 si

1955 1625 2070 1692 quis
2121 1633 2299 1691 certet,
2351 1640 2455 1677 non
2510 1632 2818 1686 coronatur,
2879 1623 2984 1676 nisi
3033 1623 3254 1692 legitime
3305 1632 3537 1676 certare-

1957 1715 2026 1766 rit
2065 1715 2130 1770 ⁷⁷.

353 1828 399 1882 ι.
434 1828 497 1881 El
530 1828 712 1879 τοίνυν
740 1824 908 1897 εῦρῃς
943 1824 1075 1878 Θεοῦ
1125 1825 1306 1895 χάριτι
1345 1823 1594 1893 (πάντως
1622 1822 1729 1894 γὰρ
1756 1823 1852 1894 ςη-
1885 1785 1925 1838 Β

2026 1827 2080 1880 4.
2123 1825 2180 1880 Si
2217 1827 2382 1897 igitur
2418 1825 2509 1881 Dei
2542 1827 2747 1880 auxilio
2779 1827 3049 1896 repereris
3077 1827 3329 1896 (prorsus
3351 1834 3532 1881 autem

278 1919 445 1987 τήσας
476 1918 768 1986 εὑρήσεις)
799 1914 1014 1984 ἀγαθῶν
1044 1915 1218 1986 ἔργων
1246 1913 1584 1977 διδάσκαλον,
1614 1917 1850 1984 τήρησον

1959 1920 2001 1975 si
2055 1937 2293 1992 quaeras,
2333 1920 2596 1991 reperies)
2640 1922 2906 1975 bonorum
2956 1936 3180 1991 operum
3231 1920 3531 1977 doctorem.

278 2009 406 2078 παρ’
440 2007 640 2077 ἑαυτῷ,
691 2007 857 2078 μηδὲν
887 2005 1036 2076 παρὰ
1061 2005 1285 2076 γνώμην
1323 2006 1485 2060 αὐτοῦ
1524 2005 1850 2078 διαπράττε-

1963 2014 2184 2069 observa
2251 2015 2394 2084 apud
2438 2015 2708 2083 teipsum,
2751 2022 2810 2066 ut
2847 2013 2983 2067 nihil
3018 2022 3212 2075 prteter
3252 2013 3371 2080 ejus
3410 2028 3535 2066 sen-

278 2099 421 2153 σθαι.
448 2099 632 2152 ’Δπαν
666 2099 777 2169 γὰρ
818 2099 878 2151 τὸ
921 2096 1116 2163 ἔξωθεν
1160 2097 1324 2153 αὑτοῦ
1363 2099 1645 2171 γινόμενον
1677 2098 1850 2169 κλοπή

1958 2106 2180 2160 tentiam
2212 2120 2458 2175 peragas.
2495 2104 2770 2174 Quidquid
2808 2103 2955 2158 enim
2988 2106 3106 2159 sine
3135 2105 3252 2173 ipso
3279 2103 3530 2168 edicitur,

275 2192 360 2256 τίς
401 2193 520 2245 ἐστι
565 2193 656 2245 καὶ
700 2192 978 2264 ἱεροσυλία
1025 2192 1159 2263 πρὸς
1202 2191 1430 2248 θάνατον
1471 2193 1676 2262 ἄγουσα
1716 2192 1847 2262 (80),

1960 2197 2162 2252 furtum
2187 2206 2271 2252 est
2301 2208 2353 2252 et
2384 2197 2756 2266 sacrilegium,
2786 2197 2929 2267 quod
2960 2209 3190 2252 mortem
3215 2197 3397 2263 infert,
3423 2213 3532 2250 non

275 2285 340 2338 οὐ
369 2284 509 2358 πρὸς
549 2284 840 2354 ὠφέλειαν,
885 2284 988 2338 κᾶν
1027 2285 1157 2356 δοκῇ
1207 2302 1289 2338 σοι
1331 2285 1535 2355 ἀγαθὸν
1582 2280 1739 2337 εἶναι.
1787 2285 1847 2337 El

1959 2290 2269 2352 utilitatem,
2329 2290 2543 2343 tametsi
2598 2289 2693 2342 tibi
2743 2288 2961 2343 videtur
2999 2305 3121 2344 esse
3159 2289 3385 2342 bonum.
3431 2287 3531 2341 Et-

274 2377 386 2448 γὰρ
429 2375 673 2444 ἀγαθὸν,
727 2377 874 2440 τίνος
922 2376 1106 2430 ἕνεκεν
1159 2377 1366 2448 λάθρα,
1409 2378 1502 2430 καὶ
1543 2377 1617 2448 μὴ
1670 2377 1728 2429 ὲν
1775 2376 1846 2446 τῷ

1962 2379 2099 2435 enim
2129 2380 2174 2435 si
2193 2379 2396 2433 bonum
2425 2386 2528 2442 est,
2553 2394 2653 2432 cur
2676 2377 2732 2431 ﬁt
2750 2379 3079 2438 clanculum,
3102 2396 3208 2433 non
3237 2382 3288 2432 in
3311 2380 3534 2448 aperto?

276 2468 499 2541 φανερῷ
532 2468 776 2536 γίνεται;
836 2467 1138 2539 Ἐρὼτησον
1180 2469 1270 2522 τὸν
1314 2468 1571 2538 λογισμόν
1620 2486 1714 2522 σου
1761 2469 1848 2521 τὸν

1960 2470 2231 2540 Interroga
2272 2469 2514 2522 animum
2553 2475 2728 2529 tuum,
2773 2475 2825 2522 te
2875 2468 2941 2522 ad
2989 2469 3338 2538 praulandum
3373 2468 3532 2522 indu-

275 2561 560 2635 ὶῃστεύειν
609 2577 668 2614 σε
727 2559 817 2613 διὰ
884 2557 991 2612 τῶν
1042 2559 1230 2626 δεξιῶν
1285 2557 1708 2630 μηχανώμενονο
1765 2558 1847 2611 διὰ

1959 2564 2088 2620 strie
2115 2569 2497 2630 provocantem
2527 2575 2540 2611 :
2565 2559 2831 2630 siquidem
2856 2560 2982 2614 dum
3004 2559 3163 2614 bonis
3193 2575 3300 2613 non
3323 2560 3531 2614 obtem-

275 2655 386 2724 γὰρ
435 2652 547 2721 (81)
614 2651 724 2704 τῶν
770 2650 993 2720 ἀγαθῶν
1027 2651 1185 2721 δῆθεν
1219 2651 1697 2724 παρακουσμάτων
1752 2650 1847 2713 τὰς

1958 2669 2134 2724 peras.
2166 2661 2219 2707 te
2244 2653 2310 2706 ad
2343 2651 2599 2707 sinistras
2635 2651 2881 2707 actiones
2906 2651 3150 2705 instruit.
3181 2650 3297 2705 Noli
3339 2666 3530 2705 eorum

275 2745 573 2817 ἀριπερὰς
601 2763 683 2798 σοι
711 2745 938 2817 πράξεις
967 2744 1389 2816 παρασκευάζει.
1421 2745 1510 2814 Μὴ
1553 2743 1673 2796 θέλε
1712 2742 1847 2813 διορ-

1957 2747 2047 2817 qui
2084 2762 2112 2799 a
2158 2745 2350 2799 bestiis
2381 2743 2549 2798 morsi
2578 2752 2736 2806 sunt,
2771 2743 3182 2797 incantamenta
3215 2743 3529 2807 emendare,

273 2834 404 2889 θοῦν
452 2837 742 2906 ὲπᾳσμοὺς
789 2836 898 2889 τῶν
933 2835 1333 2906 θηριοδὴκτων,
1378 2835 1604 2906 ἄπειρος
1633 2834 1744 2903 (8‘).)
1777 2833 1845 2886 ὢν

1958 2839 2000 2892 si
2033 2853 2141 2890 non
2171 2835 2373 2889 calleas
2423 2833 2741 2888 incantandi
2785 2844 2990 2900 artem,
3031 2850 3097 2887 ne
3140 2833 3277 2887 forte
3312 2842 3530 2903 postea-

274 2926 369 2979 τοῦ
400 2928 644 2998 ἐπᾴδειν,
693 2928 910 2998 μήπως,
940 2929 1379 2997 ἐπισπασάμενος
1405 2929 1529 2991 τοὺς
1560 2928 1730 2995 ὄφεις,
1758 2925 1846 2978 καὶ

1959 2945 2116 3000 quam
2165 2935 2449 2998 serpentes
2494 2926 2806 2990 attraxeris,
2860 2927 2929 2981 ab
2986 2925 3178 2996 eisque
3221 2925 3531 2997 implicatus

275 3018 662 3089 περιδραχθεὶς
688 3020 780 3072 ὑπ’
813 3020 1021 3083 αὐτῶν,
1057 3016 1175 3073 εἶτα
1224 3020 1500 3082 ἀδυνάτως
1533 3019 1671 3090 ἔχων
1718 3019 1847 3090 πρὸς

1960 3022 2148 3082 fueris,
2183 3037 2281 3074 nec
2317 3020 2496 3090 possis
2530 3017 2727 3072 deinde
2761 3018 2894 3087 ipsis
2922 3017 3202 3079 resistere,
3241 3017 3532 3071 immiseri-

273 3111 373 3180 τὴν
406 3111 747 3176 ἀντίστασιν,
783 3111 1180 3182 ἀσυγγνὼστως
1208 3112 1492 3184 ἁναλωθῇς
1525 3114 1615 3165 ὑπ’
1646 3111 1845 3164 αὐτῶν.

1960 3114 2198 3166 eorditer
2231 3113 2298 3166 ab
2330 3113 2413 3168 eis
2439 3113 2748 3166 absumare.
2787 3108 2863 3164 Ne
2887 3109 3122 3164 inuitare
3162 3109 3344 3163 carnis
3374 3109 3532 3162 nobi-

271 3200 364 3269 Μὴ
392 3200 678 3270 ἑπερείδου
711 3201 962 3272 εὐγενείᾳ
1000 3204 1218 3274 σαρκὸς,
1251 3204 1346 3256 καὶ
1383 3201 1549 3272 τιμὴν
1583 3202 1843 3273 ἐπιζήτει·

1956 3205 2120 3268 litati,
2147 3219 2323 3274 neque
2358 3203 2624 3257 honorem
2653 3201 2913 3271 exquiras
2945 3219 2958 3254 ι
2994 3201 3099 3266 Qui
3123 3202 3260 3253 enim
3297 3201 3528 3254 carnalis

270 3289 567 3355 Σαρκικέις
588 3289 698 3358 γὰρ
736 3292 810 3343 οὐ
853 3290 1084 3360 δέχεται
1111 3294 1183 3346 τὰ
1221 3293 1325 3346 τοῦ
1363 3294 1730 3362 Πνεύματος.
1759 3293 1842 3363 Μὴ

1958 3308 2050 3361 est,
2087 3314 2189 3350 non
2240 3297 2379 3365 capit
2413 3313 2474 3349 ea
2530 3310 2646 3365 qua:
2696 3303 2818 3348 sunt
2853 3292 3081 3362 Spiritus
3113 3294 3178 3346 ⁷⁸.
3231 3293 3304 3348 Ne
3355 3301 3530 3348 tentes

273 3380 584 3452 πειρασθῇς
612 3399 666 3434 τι
700 3381 808 3434 τῶν
841 3384 899 3434 ἐν
933 3383 1188 3454 συνηθείᾳ
1230 3384 1328 3455 τῆς
1384 3384 1642 3454 ἀληθείας
1676 3401 1845 3456 παρα-

1955 3390 2232 3460 quidpiam
2287 3406 2476 3444 eorum
2517 3404 2638 3458 quae
2689 3404 2754 3442 ex
2802 3387 3198 3441 consuetudine
3250 3402 3377 3440 vera
3429 3387 3527 3440 hac

270 3471 525 3541 χαράξαι,
557 3473 651 3524 καὶ
690 3474 755 3540 τῇ
785 3471 893 3540 (83)
936 3471 1110 3543 οίκείᾳ
1151 3475 1436 3542 χαυνότητι
1477 3474 1842 3538 ὑποσκελίζειν

1961 3482 2173 3544 bentur,
2207 3479 2534 3544 adulterare,
2568 3495 2744 3549 neque
2788 3495 2884 3549 per
2929 3486 3077 3531 tuam
3119 3477 3398 3530 mollitiem
3432 3493 3533 3547 pu-

273 3565 374 3632 μὲν
400 3564 529 3626 τοὺς
570 3563 1005 3633 ἀγωνιζομένους
1025 3603 1040 3626 ,
1069 3564 1245 3636 ἑαυτῷ
1281 3565 1337 3618 δὲ
1377 3566 1571 3636 φόρτον
1602 3569 1845 3640 ἁμαρτη-

1959 3583 2183 3643 gnantes
2245 3571 2517 3641 decipere,
2567 3571 2621 3624 in
2675 3580 2728 3625 te
2783 3586 2916 3625 vero
2979 3579 3330 3640 peccatorum
3389 3584 3531 3623 onus

274 3657 459 3724 μάτων
494 3654 876 3724 ἐπισωρεύειν,
915 3656 988 3727 μὴ
1023 3660 1080 3709 ὲν
1099 3660 1354 3729 στρωμνῇ
1389 3659 1734 3732 ἁπαλωτέρᾳ,
1773 3660 1846 3731 μὴ

1950 3677 2267 3731 congerere,
2302 3676 2410 3714 non
2465 3661 2520 3714 in
2576 3668 2750 3714 strato
2802 3659 3076 3721 molliore,
3112 3673 3217 3711 non
3253 3659 3304 3711 in
3352 3657 3520 3710 vesti-

272 3751 330 3803 ὲν
354 3749 720 3819 ἑνδύμασιν,ἦ
756 3751 1167 3823 ὑποδήμασιν,ἢ
1195 3752 1366 3824 ἑτέρῳ
1400 3753 1506 3806 τιν).
1538 3754 1844 3824 σχήματιῆ

1953 3755 2173 3818 mentis,
2208 3761 2300 3807 aut
2333 3753 2740 3812 calceamentis,
2782 3757 2876 3803 aut
2912 3750 2968 3804 in
3011 3749 3118 3803 alio
3149 3748 3260 3802 ullo
3309 3748 3523 3811 habitu,

270 3842 329 3892 ὲν
350 3839 658 3911 βρωμάτων
676 3841 1065 3912 παραλλαγῇ,ἢ
1088 3843 1338 3914 τραπέζῃ
1358 3843 1497 3916 ὑπὲρ
1517 3844 1607 3897 τὸν
1624 3845 1842 3916 τῆς(8-ί›)

1955 3854 2045 3900 aut
2098 3847 2153 3899 in
2211 3845 2459 3899 ciborum
2505 3845 2794 3906 varietate,
2837 3850 2933 3896 aut
2967 3841 3021 3894 in
3059 3856 3248 3894 mensa
3295 3839 3527 3909 qumin-

271 3931 553 4000 ἁπαταγῆς
573 3948 667 3984 σου
690 3933 896 4002 χρόνον,
920 3932 952 4001 ἢ
979 3935 1036 3986 ὲν
1068 3934 1272 3998 στάσει,
1298 3935 1331 4004 ἢ
1365 3935 1422 3987 ἐν
1447 3935 1707 4006 καθέδρᾳ,
1731 3935 1762 4004 ἢ
1791 3938 1843 3989 ὲν

1959 3942 2194 3990 struatur
2229 3941 2422 3988 contra
2467 3941 2629 4002 atque
2661 3933 2925 4002 permittit
2961 3941 3067 3986 tua:
3107 3931 3531 3986 renuntiationis

269 4023 571 4092 ἑργοχείρῳ
605 4023 1126 4094 ἀναπαυτικωτέρῳ,
1161 4025 1192 4094 ἢ
1224 4025 1629 4096 καθαριωτέρῳ.
1664 4025 1841 4079 Ταῦτα

1956 4035 2188 4096 tempus,
2222 4043 2331 4080 non
2383 4026 2604 4092 stando,
2659 4041 2767 4079 non
2820 4025 3084 4087 sedendo,
3123 4041 3232 4078 non
3270 4038 3528 4077 manuum

269 4113 377 4183 γὰρ
406 4113 608 4176 πάντα,
644 4114 704 4165 οὺ
742 4114 902 4182 μόνον
931 4115 1243 4185 ὑπάρχοντά
1283 4133 1386 4180 σοι,
1430 4116 1566 4169 ἀλλὰ
1597 4119 1689 4170 καὶ
1729 4118 1841 4169 ἐπι-

1960 4120 2100 4188 aperi
2135 4118 2441 4174 remissiori
2477 4127 2530 4173 et
2575 4117 2899 4189 elegantiori
2960 4115 3350 4170 incumbendo.
3405 4115 3532 4168 Haec

267 4203 579 4272 ζητούμενα
601 4241 616 4264 ,
643 4202 744 4255 οὐκ
773 4203 980 4273 ἀγαθὴν
1009 4204 1217 4270 ἕξουσιν
1243 4205 1486 4259 ἔκϐασιν.
1520 4208 1628 4260 Καὶ
1663 4207 1771 4276 γὰρ
1798 4207 1839 4258 εΙ

1956 4210 2092 4264 enim
2129 4207 2314 4262 omnia
2350 4224 2458 4262 non
2485 4208 2659 4261 solum
2692 4207 2736 4261 si
2771 4206 2969 4260 adsunt
3001 4205 3119 4268 tibi,
3153 4205 3248 4259 sed
3279 4205 3442 4258 etiam
3482 4205 3528 4258 si

269 4293 348 4363 μὴ
364 4294 420 4346 ὲν
440 4294 598 4362 τάχει
625 4293 950 4360 ἐπεγνωκὼς
965 4295 1272 4366 διαϐολικὴν
1293 4291 1431 4348 εἶναι
1452 4296 1548 4367 τὴν
1569 4295 1841 4366 μεθοδείαν

1957 4300 2333 4368 requiruntur,
2369 4315 2478 4353 non
2529 4300 2732 4353 bonum
2783 4298 3066 4351 habebunt
3115 4297 3342 4351 exitum.
3395 4293 3529 4349 Nam

265 4384 522 4454 ἐκκόψεις
553 4382 668 4452 (85)
697 4385 762 4438 ὲκ
792 4385 890 4456 τῆς
923 4386 1024 4456 σῆς
1051 4386 1295 4456 καρδίας,
1328 4386 1598 4441 ἔκπτωσίν
1633 4404 1714 4441 σοι
1746 4389 1837 4459 τῆς

1954 4390 2057 4444 nisi
2083 4390 2247 4461 206
2268 4389 2518 4444 celeriter
2547 4388 2848 4444 diabolicas
2880 4405 3001 4444 esse
3030 4389 3257 4443 insidias
3289 4387 3526 4450 noveris,

265 4478 328 4529 ὲν
375 4475 598 4550 Χριστῷ
642 4476 918 4542 πολιτείας
965 4478 1487 4543 κατασκευάζουσιν.
1549 4478 1709 4532 Ἀλλὰ
1759 4478 1837 4532 03'-

1955 4495 2150 4549 easque
2191 4480 2465 4534 excideris
2485 4496 2550 4532 ex
2579 4477 2745 4533 corde
2783 4486 2897 4544 tuo,
2926 4487 2977 4534 tc
3011 4479 3080 4533 ab
3109 4494 3171 4533 ea
3197 4475 3412 4532 vivendi
3441 4489 3527 4528 ra-

341 4660 387 4691 "
425 4658 618 4714 Matth.
657 4675 744 4726 xv,
780 4659 865 4714 14.
938 4659 987 4692 ⁷⁸
1024 4658 1211 4714 Matth.
1247 4675 1318 4723 ι,
1351 4658 1443 4716 25.
1517 4659 1563 4692 ⁷⁷
1601 4657 1643 4712 Il
1679 4656 1814 4713 Tim.
1853 4675 1891 4713 ιι

1024 4658 1211 4714 Matth.
1247 4675 1318 4723 ι,
1351 4658 1443 4716 25.
1517 4659 1563 4692 ’⁷
1601 4657 1643 4712 Il
1679 4656 1814 4713 Tim.
1853 4675 1927 4727 ιι,
1963 4661 2016 4714 5.
2093 4659 2139 4691 ⁷⁸
2178 4658 2196 4712 Ι
2228 4660 2352 4714 Cor.
2396 4677 2464 4724 ιι,
2503 4659 2587 4713 Η.

341 4816 453 4887 (78)
483 4816 618 4885 Reg.
640 4819 853 4886 primus
872 4818 950 4879 είς
975 4815 1189 4885 βόθυνον
1216 4816 1528 4887 πεσοῦνται.
1546 4816 1845 4887 Aliquanto

1956 4815 2180 4887 αῖσμοῦς
2206 4815 2576 4887 θηριοδήκτων
2600 4815 2846 4887 ἄπειρος,
2883 4831 2982 4869 nec
3022 4829 3194 4887 secus
3237 4813 3433 4887 legitur
3464 4809 3528 4887 in

269 4879 396 4968 post
421 4879 593 4970 idem.
608 4879 1139 4970 οὸᾴεἱδιδᾲσκαλον,
1163 4886 1302 4969 αῦτη
1334 4887 1488 4970 Θεοῦ..
1503 4879 1672 4970 ςρωνηῖ
1709 4886 1841 4970 Reg.

1952 4879 2084 4955 Reg.
2112 4879 2308 4970 tertio.
2340 4879 2552 4970 E‘l‘a'dem.
2574 4879 2900 4970 editio-yet}.
2933 4893 2985 4939 et
3021 4884 3150 4970 Reg.
3212 4879 3407 4970 tertius
3463 4879 3519 4933 in

272 4952 467 5012 iertius
492 4961 524 5026 ἡ
552 4961 728 5027 φωνή.
761 4957 905 5011 Editi
936 4967 990 5009 et
1014 4956 1146 5026 Reg.
1182 4952 1377 5027 tertius
1409 4952 1726 5010 διδάσκαλον
1752 4952 1844 5009 αὖ-

1953 4952 2198 5027 niargine
2238 4956 2484 5026 διορθοῦν
2538 4958 2818 5027 ὲπᾳσμοὺς
2861 4952 3228 5027 θηριοδήκτων
3281 4952 3525 5020 ἄπειρος.

270 5029 388 5084 τοῦ.
415 5023 758 5099 Θεοῦφωνή.
794 5027 909 5082 Hoc
942 5029 1062 5098 ipso
1085 5023 1140 5082 in
1178 5029 1298 5083 loco
1329 5025 1462 5098 Reg.
1493 5028 1703 5097 primus
1732 5028 1842 5081 δια-

1955 5023 2095 5091 Reg.
2136 5023 2344 5099 primus
2391 5023 2697 5097 ὲπᾳσμοῧς
2727 5023 3080 5094 ὀψιοδήκτων.
3131 5026 3527 5099 incantamenta

270 5093 604 5168 σφάλλεται.
725 5093 735 5099 ⁷
963 5093 980 5098 ⁷
1415 5093 1436 5098 ⁷
1495 5093 1509 5097 ⁷
1559 5167 1579 5168 77
1728 5165 1767 5168 ῌ
1817 5167 1822 5168 7

1953 5093 2158 5168 eorum,
2190 5097 2280 5166 qui
2325 5113 2357 5149 α
2401 5093 2732 5168 serpentibus
2763 5093 2925 5148 marsi
2961 5105 3103 5168 δείλη.
3154 5093 3353 5168 Ibidem
3386 5093 3525 5147 liber

342 5170 453 5238 (79)
486 5167 664 5224 Editio
691 5169 824 5224 Ven.
847 5177 901 5221 et
933 5176 1044 5222 tres
1059 5183 1193 5223 mss.
1219 5168 1281 5220 οὐ
1318 5167 1700 5236 στεφανοῦσαι.
1728 5165 1852 5221 Edi-

1774 5167 1852 5221 di-
1950 5166 2086 5238 Mar.
2114 5163 2366 5238 el_editio
2401 5163 2536 5221 Ven.
2573 5169 2626 5220 in
2663 5174 2919 5238 contextu
2951 5164 3043 5216 τοῦ
3081 5163 3343 5238 ὲπαίζειν.

269 5234 542 5296 ιῑοῬεπίς.
575 5238 843 5309 στεφανοῦ
852 5239 996 5292 σθαι.
1129 5308 1138 5309 7
1416 5234 1435 5309 ί
1608 5305 1650 5309 η

1962 5308 1966 5309 7
2021 5237 2132 5302 (83)
2158 5235 2324 5309 ⁸ΒεεῙὶ
2350 5238 2562 5308 primus
2597 5247 2652 5291 et
2692 5237 2886 5309 tertius
2920 5234 3328 5305 παραχαράξαι,
3358 5235 3521 5304 τῆ....

341 5309 456 5381 (80)
509 5305 734 5381 Antiqui
770 5317 885 5366 tres
942 5309 1063 5364 libri
1119 5308 1350 5362 θάνατον
1394 5307 1545 5375 ἄγον.
1607 5305 1850 5378 Utraque

1236 5325 1350 5361 ιτον
1394 5307 1545 5375 ἄγον.
1607 5305 1850 5378 Utraque
1950 5305 2808 5381 unogueiigdiv.I.._émawpséwv.

269 5373 685 5458 εδὶϋρζάγειιςτιιῖο
876 5451 888 5458 ,
975 5449 1066 5458 ..
1146 5450 1160 5458 -
1382 5373 1452 5458 ς
1587 5449 1601 5458 .
1760 5373 1777 5458 ἰ

1999 5378 2137 5458 ’(84)
2168 5376 2321 5446 Regii
2346 5377 2557 5458 primus
2585 5373 2638 5431 et
2685 5376 2879 5430 tertius
2926 5374 3077 5458 παρὰ
3111 5373 3349 5458 rev-7171;,
3368 5377 3521 5458 lete"

342 5450 452 5521 (81)
477 5441 1250 5521 Addidiex77antiquisduobus
1271 5449 1426 5502 libris
1444 5449 1693 5521 voculam
1712 5448 1841 5520 γάρ,
1951 5441 2097 5521 ultra
2122 5441 2284 5516 auaui
2307 5441 2459 5512 sinit,
2496 5451 2627 5512 etc.,
2655 5462 2819 5502 sensu
2850 5462 2958 5499 non
2995 5441 3068 5499 ita
3099 5441 3326 5498 multum
3353 5441 3521 5497 dissi-

273 5518 467 5591 §tatim
525 5521 700 5576 editio
753 5518 931 5576 Paris:
987 5519 1216 5591 πράξεις
1269 5518 1840 5591 παρασκευαζόμενον.

525 5521 700 5576 editio
753 5518 931 5576 Paris:
987 5519 1216 5591 πράξεις
1269 5518 1840 5591 παρασκευαζόμενον.
1950 5520 2083 5591 mili.

275 5589 448 5661 ilditio
481 5593 616 5644 Ven.
646 5600 704 5646 et
726 5599 840 5646 tres
869 5606 1004 5645 mss.
1032 5576 1470 5661 ἶπαρασκευᾶζει.
1535 5657 1560 5661 _
1605 5576 1620 5583 ⁷
1641 5576 1674 5661 _'
1753 5657 1763 5661 7

2021 5588 2132 5661 (85)
2171 5585 2300 5661 Reg.
2332 5585 2528 5661 tertius
2566 5592 2620 5640 et
2645 5584 2813 5661 editio
2846 5586 2984 5661 ven.
3008 5586 3062 5639 in
3089 5589 3346 5661 contextu
3382 5576 3521 5635 εἶναι

342 5660 450 5726 (δε)
484 5661 669 5716 Editio
703 5661 877 5730 Paris.
910 5654 1154 5730 διορθοῦν
1187 5661 1468 5730 ἐπᾳσμοὺς
1493 5657 1601 5730 τῶν
1635 5657 1841 5730 θηρίων

1949 5654 2324 5730 παιδαγωγίαν
2347 5656 2616 5724 ἐκκόψεις.
2644 5655 2846 5712 Ibidem
2869 5656 2976 5712 duo
3010 5673 3140 5713 mss.
3173 5656 3236 5709 ὲκ
3261 5654 3358 5726 τῆς
3388 5668 3521 5723 καρ-

272 5729 506 5802 ἂτιειρος.
584 5731 768 5788 Editio
829 5729 964 5787 Ven.
1001 5728 1076 5786 in
1127 5728 1383 5786 contextu
1448 5728 1693 5800 διορθοῦν
1746 5731 1842 5783 ἑπ-

635 5733 768 5788 ditio
829 5729 964 5787 Ven.
1001 5728 1076 5786 Vin
1127 5728 1383 5786 contextu
1448 5728 1693 5800 διορθοῦν
1746 5731 1842 5783 ὲπ-
1945 5729 2062 5791 δίας
2093 5745 2207 5782 σου.
