3982 6240
485 286 592 343 655

1821 293 1903 349 S.’
1922 293 2169 351 BASILII
2209 296 2423 355 MAGNI

3618 300 3716 355 636

482 405 636 460 tione
679 418 803 475 quae
853 405 910 461 in
947 391 1172 464 Christo
1229 407 1480 465 instituta
1520 415 1629 474 est,
1663 408 2044 468 deturbahunt.

2162 396 2321 485 μενος
2345 417 2402 469 ὲν
2432 414 2644 486 σεαυτῷ
2670 415 2885 470 πάντων
2916 414 3216 487 ἀνθρώπων
3239 408 3376 468 εἴναι
3399 414 3715 487 ἀτιμότερον

484 490 686 551 Verum
720 497 813 551 ubi
849 496 906 552 in
931 499 1173 554 animum
1219 508 1375 555 tuum
1405 500 1687 557 induxeris
1705 509 1761 559 te
1789 518 1910 560 esse
1930 519 2052 559 om-

482 586 636 641 nium
661 586 944 643 hominum
966 590 1575 661 ignominiosissimum,
1601 603 2056 668 peccatoremque

482 676 804 742 maximum,
856 693 921 734 ac
969 680 1318 751 peregrinum
1369 690 1426 738 et
1462 699 1758 753 erronem;
1797 694 1958 757 teque
1985 703 2055 742 ex

480 767 863 823 misericordia
907 771 978 825 ab
1010 772 1078 827 iis
1101 773 1194 842 qui
1226 782 1353 831 ante
1380 782 1434 831 te
1462 776 1716 830 nuntium
1742 779 1944 833 saecqu
1970 794 2056 834 re-

481 858 706 923 misere,
735 870 1018 931 receptum
1038 877 1162 918 esse
1193 863 1386 921 :stude
1404 865 1650 921 omnium
1675 881 1799 923 esse
1827 867 2055 924 ultimus

479 956 537 1003 et
566 951 813 1009 omnium
846 968 1056 1009 servus.
1076 952 1202 1009 Haec
1228 956 1374 1010 enim
1404 956 1501 1012 tibi
1533 956 1760 1014 aﬂ‘erent
1793 959 2054 1015 honorem

480 1049 537 1095 et
557 1042 786 1112 gloriam
817 1059 1025 1110 veram,
1057 1060 1171 1100 non
1214 1046 1328 1102 illa.
1356 1045 1533 1103 Aures
1564 1048 1706 1104 habe
1735 1058 1953 1121 apertas
1984 1052 2053 1108 ad

481 1131 870 1201 obediendnm,
914 1151 1111 1192 manus
1137 1152 1270 1193 vero
1300 1147 1522 1210 paratas
1550 1140 1618 1195 ad
1647 1155 1710 1196 ea
1742 1156 1864 1211 qua:
1896 1142 2056 1197 audi-

480 1221 607 1277 visti
637 1223 929 1292 explenda.
980 1225 1063 1280 Sil.
1092 1226 1191 1283 tibi
1247 1242 1311 1284 os
1338 1229 1695 1294 taciturnum,
1724 1237 1779 1286 et
1811 1245 1907 1286 cor
1945 1232 2055 1287 cir-

478 1314 877 1387 cumspe‘ctum.
905 1316 984 1374 Ne
1011 1333 1177 1375 vaces
1197 1319 1356 1374 vanis
1384 1322 1732 1376 sermonibus
1762 1340 1776 1377 :
1808 1321 1904 1378 sed
1934 1332 2053 1379 esto

476 1406 717 1477 prudens
743 1415 799 1462 et
845 1408 1160 1479 intelligens
1189 1409 1258 1465 ad
1289 1425 1479 1467 sacras
1502 1420 1559 1467 et
1590 1412 1862 1469 salutares
1897 1410 2054 1466 Scri-

476 1502 669 1564 pturas
713 1498 1126 1554 auscultandas.
1158 1498 1381 1556 Fabulae
1415 1501 1704 1557 mundanae
1746 1502 1792 1558 si
1825 1503 2054 1559 audien-

475 1595 588 1653 tur,
642 1588 752 1642 sint
786 1589 881 1643 tibi
932 1597 1153 1661 gustatu
1204 1592 1465 1647 acerbat:
1518 1604 1735 1657 contra,
1768 1608 2052 1650 sermones

476 1684 790 1733 sanctorum
811 1680 1053 1735 virorum
1085 1681 1194 1736 sint
1216 1681 1317 1737 tibi
1346 1696 1447 1737 ceu
1479 1681 1584 1736 favi
1610 1683 1805 1739 mellis.
1830 1681 2050 1739 Festina

2154 505 2247 559 καὶ
2281 505 2628 577 ἀμαρτωλότε
2638 522 2752 576 ρον,
2797 505 2943 569 ξένον
2963 523 3024 558 τε
3070 506 3165 558 καὶ
3192 505 3396 576 ἀλήτην
3411 544 3427 568 ,
3475 504 3570 559 καὶ
3600 508 3714 559 κατ’

2153 591 2332 650 οἶκτον
2358 595 2802 668 παρειλημμένον
2836 596 2947 667 (86)
2980 595 3085 650 ὑπὸ
3114 595 3223 649 τῶν
3256 596 3362 667 πρὸ
3392 594 3487 649 σοῦ
3511 597 3717 650 ἀποτα-

2155 683 2420 756 ξαμένων,
2448 683 2644 738 σπεῦδε
2676 685 2891 739 πάντων
2924 681 3065 739 εἶναι
3103 685 3350 755 ἔσχατος,
3376 686 3470 738 καὶ
3502 685 3715 739 πάντων

2152 776 2357 841 δοῦλος.
2391 776 2575 829 Ταῦτα
2624 776 2732 847 γάρ
2776 792 2857 831 σοι
2893 775 3030 830 οἴσει
3073 777 3236 847 τιμὴν
3283 775 3559 840 καὶδόξαν
3592 777 3717 844 ἀλη-

2153 866 2326 937 θινὴν,
2368 868 2469 921 οὐκ
2501 870 2683 921 ἐκεῖνα
2711 867 2842 938 (87).
2876 862 3014 920 Ὦτα
3052 867 3189 938 ἔχων
3222 868 3546 937 ἡνεῳγμένα
3582 866 3717 938 πρὸς

2153 959 2419 1030 ὑπακοὴν,
2448 958 2543 1012 κα)⁵
2580 961 2765 1029 χεῖρας
2790 957 3035 1029 ἑτοίμους
3072 959 3208 1031 πρὸς
3249 958 3593 1028 ἐκπλήρωσιν
3625 957 3717 1011 τοῦ

2150 1050 2509 1120 ἡκουσμένου,
2545 1049 2718 1119 στόμα
2749 1047 2839 1119 ἔχε
2881 1048 3138 1119 σιγηρὸν,
3166 1049 3259 1101 καὶ
3295 1047 3524 1119 καρδίαν
3563 1048 3717 1119 περί-

2154 1140 2399 1196 ϐλεπτον.
2431 1142 2562 1194 Ἔσο
2594 1141 2763 1213 ἀργὸς
2821 1138 2951 1210 περὶ
2994 1139 3351 1212 ἀργολογίαν,
3397 1139 3615 1203 συνετὸς
3662 1139 3717 1194 δὲ

2152 1232 2246 1286 καὶ
2289 1232 2603 1303 ἐπιστήμων
2660 1231 2797 1302 πρὸς
2849 1232 2949 1295 τάς
3001 1229 3362 1302 σωηριὼδεις
3409 1232 3514 1283 τῶν
3559 1230 3718 1284 Θείων

2150 1324 2382 1395 Γραφῶν
2436 1324 2726 1395 ἀκροάσεις
2764 1323 2920 1394 (88).
2976 1325 3128 1376 Ἤτω
3161 1340 3243 1376 σοι
3299 1321 3473 1393 πικρά
3530 1321 3718 1391 γεῦσις

2148 1416 2182 1485 ἠ
2240 1414 2348 1467 τῶν
2414 1414 2692 1485 κοσμικῶν
2761 1413 3113 1485 διηγημάτων
3181 1414 3442 1484 ἀκρόασις
3467 1453 3483 1476 ,
3552 1414 3717 1485 κηρία

2147 1504 2205 1557 δὲ
2251 1504 2463 1575 μέλιτος
2505 1505 2573 1558 τά
2606 1504 2713 1558 τῶν
2753 1505 2915 1558 ὁσίων
2958 1504 3166 1574 ἀνδρῶν
3212 1505 3544 1575 διηγήματα.
3573 1503 3716 1576 Πρὸς

2147 1596 2245 1665 τὴν
2299 1596 2530 1667 μίμησιν
2587 1594 2781 1648 σπεῦδε
2829 1594 2936 1648 τῶν
2993 1596 3457 1665 προασκησὰντων
3503 1597 3562 1648 ὲν
3603 1597 3716 1660 τοῖς

2150 1686 2342 1757 ἧθεσι,
2374 1687 2470 1740 καὶ
2516 1686 2591 1758 μὴ
2637 1685 2858 1758 ἐκδέχου
2899 1685 3245 1739 διδάσκεσθαι
3299 1687 3553 1742 ἕκαστον.
3583 1688 3717 1753 Ταῖς

474 1786 572 1827 eos
618 1771 842 1837 imitari,
898 1773 991 1843 qui
1027 1788 1087 1829 se
1120 1783 1249 1828 ante
1291 1773 1347 1828 in
1386 1774 1634 1830 moribus
1690 1773 2044 1831 emendandis

2152 1778 2359 1849 μείζοσι
2398 1778 2508 1831 τῶν
2546 1779 2755 1850 ἀρετῶν
2813 1778 3219 1832 ὲπεκτείνεσθαι
3266 1779 3531 1846 ἀγωνίζου
3558 1817 3574 1842 ,
3625 1782 3719 1834 καὶ

474 1875 810 1917 exercuere:
844 1870 898 1916 et
926 1878 990 1916 ne
1034 1871 1314 1933 exspectes
1335 1902 1349 1927 ,
1380 1861 1508 1917 dum
1542 1863 1756 1934 singula
1793 1864 2045 1920 doceare.

475 1949 760 2007 Contende
790 1958 847 2005 ut
879 1954 1164 2022 pervenias
1189 1954 1254 2008 ad
1288 1954 1525 2024 majores
1554 1954 1808 2020 virtutes,
1839 1962 1893 2010 et
1931 1956 2049 2010 mi-

473 2053 639 2094 nores
684 2054 793 2093 non
838 2041 1104 2110 negligas.
1144 2040 1364 2095 Nullum
1418 2042 1783 2113 parvipendas
1829 2044 2045 2111 vitium,

473 2131 576 2184 etsi
610 2130 664 2185 id
711 2130 859 2200 quod
900 2138 1172 2201 patratur,
1216 2134 1398 2189 minus
1444 2134 1516 2189 sit
1546 2148 1710 2203 quam
1766 2143 1828 2189 ut
1875 2136 2047 2191 ullum

474 2218 799 2274 scandalum
850 2220 1080 2290 pariat:
1116 2221 1227 2277 imo
1280 2238 1411 2278 vero
1453 2222 1620 2279 citius
1666 2223 1898 2279 emenda
1951 2240 2048 2295 per

473 2308 872 2379 paenitentiam,
894 2310 1145 2380 quamvis
1163 2310 1319 2366 multi
1339 2312 1511 2367 multa
1538 2314 1828 2371 admittant
1849 2314 2047 2371 delicta

471 2406 528 2454 et
551 2413 717 2470 parva
743 2407 799 2455 et
835 2400 1067 2472 majora,
1104 2416 1206 2456 nec
1236 2411 1418 2457 tamen
1447 2404 1828 2470 paenitentiam
1859 2413 2042 2477 agant.

477 2488 557 2547 Ne
583 2494 663 2548 sis
701 2492 1003 2548 alienorum
1046 2501 1397 2565 peccatorum
1430 2495 1623 2566 iudex.
1654 2495 1871 2553 Habent
1896 2499 2045 2555 enim

466 2582 712 2653 judicent
757 2585 1004 2654 justum,
1040 2584 1145 2652 Qui
1202 2585 1382 2641 reddet
1437 2587 1716 2659 unicuique
1760 2590 2046 2646 secundum

472 2687 632 2741 opera
664 2675 779 2743 ejus
809 2674 875 2729 τ’.
906 2673 986 2728 Tu
1029 2675 1177 2746 quod
1219 2683 1373 2732 tuum
1402 2686 1487 2734 est
1526 2687 1669 2745 tene,
1695 2688 1750 2734 et
1780 2695 1880 2750 pro
1899 2682 2044 2736 virili

471 2779 614 2821 onus
655 2772 812 2821 tuum
843 2766 961 2822 leve
992 2767 1210 2823 reddas.
1240 2767 1345 2836 Qui
1388 2769 1536 2825 enim
1571 2780 1831 2843 aggravat
1882 2790 2044 2830 suum

473 2869 638 2921 onus,
662 2855 781 2927 ipse
815 2864 867 2912 et
904 2857 1144 2928 portabit
1191 2857 1347 2914 illud.
1380 2858 1542 2917 Salus
1576 2853 1894 2932 pmnitentia
1919 2873 2039 2923 est:

473 2947 748 3002 dementia
776 2963 905 3004 vero
934 2963 1086 3006 mors
1113 2957 1197 3006 est
1221 2950 1576 3021 ptenitentiae.

539 3039 593 3094 5.
644 3039 948 3097 Subdueito
997 3052 1053 3097 te
1106 3057 1139 3097 a
1186 3043 1342 3099 vanis
1397 3044 1759 3103 hominibus:
1804 3055 1861 3102 at
1910 3063 2042 3106 vero

468 3147 634 3202 quam
665 3132 960 3204 plurimum
1003 3144 1057 3190 te
1102 3134 1216 3192 Deo
1241 3136 1492 3194 ostende.
1522 3136 1582 3192 ln
1613 3139 1892 3209 publicum
1915 3157 2043 3214 pro-

472 3218 613 3284 dire,
653 3229 921 3291 quantum
950 3223 1004 3278 in
1035 3233 1089 3278 te
1129 3233 1235 3293 est,
1268 3226 1487 3298 penitus
1525 3228 1798 3301 refugias,
1823 3246 1889 3287 ac
1919 3247 2042 3287 cor-

469 3312 556 3368 dis
578 3314 658 3368 tui
682 3314 979 3372 eﬂ‘usiones
1022 3317 1225 3373 devita.
1274 3318 1541 3390 Egressus
1569 3336 1628 3378 es
1656 3324 1801 3379 enim
1842 3339 1874 3380 e
1903 3325 2041 3380 cella

468 3405 597 3459 tua?
622 3403 924 3463 Deseruisti
954 3410 1395 3489 continentiam;
1425 3414 1619 3469 oculos
1646 3415 1939 3486 conjecisti
1983 3418 2041 3473 in

468 3500 752 3566 mundum,
790 3500 847 3556 in
896 3504 1183 3560 mulierem
1235 3508 1577 3564 meretricem
1610 3509 1878 3575 incidisti,
1920 3527 2043 3582 qua:

465 3606 592 3645 cum
629 3598 687 3648 et
716 3608 877 3649 aures
908 3601 1034 3652 tuas
1069 3596 1310 3654 illicibus
1352 3599 1559 3666 verbis,
1589 3608 1644 3656 et
1682 3602 1876 3658 oculos
1918 3610 2043 3660 tuos

465 3683 651 3740 vultus
692 3685 1129 3755 pulchritudine,
1156 3700 1320 3760 atque
1360 3690 1615 3748 delicatis
1641 3693 1786 3748 escis
1820 3702 2042 3765 gustum

466 3774 852 3844 incantaverit,
877 3784 932 3834 te
963 3779 1134 3834 veluti
1170 3779 1335 3836 hamo
1375 3784 1659 3853 pertrahet
1679 3783 1749 3839 ad
1779 3784 2040 3855 seipsam.

467 3862 677 3922 Deinde
720 3866 833 3924 tuis
880 3869 1145 3926 membris
1185 3869 1488 3942 implicata,
1534 3879 1700 3944 teque
1754 3872 1812 3928 in
1859 3875 2043 3930 sinum

466 3973 628 4013 suum
652 3959 951 4030 recipiens,
988 3967 1145 4015 tuum
1171 3961 1321 4017 istud
1364 3962 1581 4018 ﬁrmum
1609 3965 1891 4020 servanda:
1912 3980 2047 4020 con—

462 4050 711 4106 tinentite
734 4051 1067 4108 desiderium
1082 4053 1310 4119 emollit,
1334 4062 1389 4110 et
1414 4054 1490 4110 ita
1511 4054 1730 4111 demum
1758 4063 1813 4112 te
1836 4071 1867 4110 a
1889 4062 2041 4111 recta

462 4149 519 4195 et
569 4150 763 4199 sancta
814 4143 1034 4200 vivendi
1084 4144 1301 4202 ratione
1356 4146 1565 4202 sensim
1615 4146 1930 4204 submotum
1982 4146 2042 4202 in

530 4296 577 4328 τ’
616 4292 774 4351 Rom.
807 4308 881 4362 ιι,
918 4296 975 4353 6.

2148 1867 2256 1922 τῶν
2290 1869 2588 1923 ἐλαττόνων
2621 1868 2696 1940 μὴ
2724 1868 2968 1939 ἀμελεῖν.
2995 1869 3311 1940 Σφάλματος
3347 1868 3423 1940 μὴ
3457 1871 3718 1943 περιφρό-

2147 1978 2268 2027 νει,
2325 1960 2427 2017 κᾶν
2473 1962 2792 2034 μικρότερον
2836 1960 3036 2026 παντὸς
3083 1959 3444 2034 σκανδάλουῇ
3487 1963 3598 2035 (89)
3660 1962 3719 2016 τὺ

2146 2054 2453 2124 γινόμενον.
2472 2052 2634 2106 Ἀλλά
2665 2051 2862 2106 σπεῦδε
2902 2052 3102 2125 μᾶλλον
3134 2053 3270 2125 πρὸς
3296 2054 3394 2125 τὴν
3426 2054 3513 2107 διὰ
3547 2072 3716 2125 μετα-

2146 2142 2293 2205 νοίας
2341 2141 2708 2213 ἐπανόρθωσιν
2727 2157 2741 2172 ο
2794 2140 2896 2196 κᾶν
2939 2142 3121 2196 πολλοὶ¹
3164 2141 3334 2196 πολλὰ
3379 2142 3717 2210 σφάλλωνται

2148 2233 2324 2305 μικρά
2354 2250 2413 2286 τε
2436 2234 2531 2287 καὶ
2561 2232 2800 2305 μείζονα,
2831 2233 2925 2287 καὶ
2955 2233 3189 2305 μένωσιν
3210 2233 3590 2305 ἀμετανόητοι.
3623 2234 3715 2306 Μὴ

2145 2324 2297 2395 γίνου
2328 2325 2622 2396 ἀλλοτρίων
2659 2326 3017 2398 πταισμάτων
3053 2326 3331 2398 δικαστής.
3360 2328 3585 2397 Ἔχουσι
3608 2329 3716 2400 γάρ

2145 2417 2338 2490 κριτὴν
2392 2418 2619 2483 δίκαιον,
2671 2420 2768 2487 ’ος
2807 2417 3106 2474 ἀποδώσει
3158 2419 3391 2482 ἑκάστῳ
3450 2420 3604 2472 κατὰ
3647 2420 3718 2473 τὰ

2144 2505 2289 2576 ἔργα
2315 2506 2523 2562 αὐτοῦ.
2566 2508 2640 2561 Σὺ
2672 2506 2734 2560 τὸ
2783 2506 2873 2561 σὺν
2918 2506 3144 2581 κράτει,
3183 2508 3278 2561 καὶ
3313 2506 3511 2576 κοῦφον
3550 2506 3714 2572 ποίει,

2143 2599 2243 2670 ὅση
2277 2615 2359 2653 σοι
2391 2598 2639 2672 δύναμις,
2664 2600 2727 2654 τὸ
2765 2580 2991 2656 σεαυτοῦ
3024 2601 3264 2673 φορτίον.
3314 2601 3373 2655 ’0
3405 2600 3513 2674 γὰρ
3551 2599 3719 2673 βαρὺ-

2144 2709 2251 2746 νων
2276 2691 2367 2747 τὸν
2420 2694 2618 2765 φόρτον
2663 2692 2864 2760 αὑτοῦ,
2904 2695 3065 2758 αὐτὸς
3098 2694 3192 2748 καὶ
3227 2691 3485 2764 βαστάσει
3532 2693 3713 2747 αὐτόν.

2143 2786 2420 2840 Μετάνοια
2465 2787 2741 2859 σωτηρία·
2769 2788 2925 2843 ἀνοια
2961 2788 3072 2860 (90)
3094 2786 3172 2855 δὲ,
3211 2786 3493 2860 μετανοίας
3539 2786 3720 2841 θάνα-

2142 2892 2254 2941 τος.

2215 3058 2266 3115 5.
2309 3057 2537 3131 Κρύπτε
2582 3057 2806 3113 σεαυτὸν
2839 3056 2949 3112 ἀπὸ
2985 3057 3093 3111 τῶν
3133 3056 3479 3127 εἱκαιοτέρων
3507 3054 3721 3126 ἀνθρώ-

2145 3163 2293 3201 πων·
2329 3146 2562 3220 φανεροῦ
2604 3147 2661 3200 δὲ
2710 3146 2962 3211 σεαυτὸν,
2991 3146 3069 3212 ὡς
3108 3147 3176 3201 τά
3222 3146 3407 3212 πολλὰ,
3455 3145 3534 3216 τῷ
3570 3144 3713 3216 Θεῷ.

2144 3239 2332 3293 Πᾶσαν
2356 3237 2675 3311 προέλευσιν
2710 3237 2999 3310 παραιτοῦ,
3025 3239 3147 3292 ὅσον
3168 3238 3315 3292 ἐστὶν
3352 3239 3410 3290 ὲν
3446 3237 3551 3299 σοὶ,
3581 3235 3717 3303 φεύ-

2143 3344 2257 3397 γων
2293 3328 2393 3395 τάς
2424 3329 2525 3401 τῆς
2576 3329 2805 3399 καρδίας
2845 3345 2940 3382 σου
2982 3326 3094 3399 (91)
3128 3326 3427 3398 διαχύσεις.
3462 3324 3720 3394 Ἐξῆλθες

2153 3422 2250 3495 (ἀρ
2282 3439 2373 3476 σου
2399 3422 2495 3495 τῆς
2524 3422 2752 3493 κέλλης;
2787 3421 3072 3486 Ἀπέλιπες
3103 3420 3201 3490 τὴν
3228 3418 3550 3491 ἐγκράτειαν
3571 3434 3584 3448 ·
3636 3418 3721 3472 ἐν’

2143 3511 2351 3582 ἐκυψας
2375 3512 2452 3583 τῷ
2480 3512 2669 3584 κόσμῳ
2689 3528 2704 3542 ·
2734 3511 3019 3583 συνέτυχες
3060 3510 3233 3582 πόρνῃ
3266 3508 3484 3579 γυναικὶ
3503 3549 3519 3573 ,
3552 3508 3588 3579 ἦ
3623 3525 3718 3562 σου

2145 3602 2654 3674 καταγοητεύσασα,
2700 3604 2813 3667 τοῖς
2857 3603 2954 3675 μὲν
2999 3602 3355 3675 ὲρεθιστικοῖς
3385 3600 3566 3669 λόγοις
3600 3599 3719 3665 (92)

2143 3694 2242 3760 τάς
2282 3693 2485 3758 ἀκοὰς,
2527 3696 2594 3766 τῇ
2638 3692 2697 3746 δὲ
2736 3692 2831 3746 τοῦ
2880 3692 3169 3765 προσώπου
3225 3689 3571 3762 περικαλλείᾳ
3618 3691 3723 3754 τὰς

2143 3785 2315 3857 ὄψεις,
2343 3784 2543 3856 λίχνοις
2582 3785 2640 3839 δὲ
2675 3786 2788 3847 τοῖς
2818 3784 3076 3854 ἐδέσμασι
3110 3781 3209 3847 τάς
3240 3782 3457 3852 γεύσεις
3479 3820 3493 3845 ,
3525 3779 3723 3853 ὥσπερ

2144 3874 2449 3946 ἀγκίστρῳ,
2475 3874 2593 3940 ἀξει
2623 3872 2760 3945 πρὸς
2780 3874 2978 3946 ἑαυτήν
2997 3888 3011 3903 '
3047 3869 3164 3927 εἶτα
3190 3871 3583 3944 περιπλακεϊσά
3625 3890 3720 3927 σου

2144 3967 2257 4029 τοῖς
2289 3965 2506 4037 μέλεσι,
2540 3964 2633 4019 καὶ
2672 3964 3131 4037 ὲνστερνισαμένη
3172 3966 3340 4035 ἑαυτῇ
3378 3963 3513 4035 (95),
3552 3975 3727 4018 κατα-

2149 4055 2415 4127 μαλάσσει
2448 4073 2545 4110 σου
2571 4055 2634 4109 τὸ
2658 4054 2918 4128 σταθερὸν
2943 4056 3044 4126 τῆς
3086 4056 3225 4128 πρὸς
3256 4054 3353 4127 τὴν
3388 4055 3725 4126 ἐγκράτειαν

2146 4147 2473 4219 ὲπιθυμίας’
2526 4146 2668 4201 οὕτω
2737 4165 2798 4201 τε
2859 4147 3044 4220 ἠρέμα
3109 4146 3460 4218 ὑφελκύσασά
3507 4164 3568 4200 σε
3624 4147 3728 4218 τῆς

532 4405 645 4477 (86)
669 4404 827 4493 Regii
857 4405 966 4462 duo
996 4402 1295 4493 [ηεξ-εῖναι
1321 4408 1643 4493 ἀτιμότερος
1668 4412 1761 4493 καὶ
1781 4411 2041 4482 ἀμαρτω-

2152 4409 2279 4493 spici
2297 4416 2497 4493 potest,
2525 4409 2825 4491 sententias
2841 4406 3236 4478 pulcherrimas
3264 4403 3414 4487 tenui
3436 4419 3501 4460 ac
3520 4406 3727 4479 exigua

458 4475 945 4552 Adfepqgjévgqyg
980 4479 1074 4530 καὶ
1093 4478 1318 4551 ἀλήτης,
1350 4475 1445 4532 κα)⁸
1483 4475 1604 4552 κατ’
1641 4475 2041 4552 οἶκτονπαρει-

461 4545 760 4619 λημμένος.
796 4545 1034 4619 Editi_et
1075 4545 1219 4604 unus
1253 4545 1370 4603 'ms.
1408 4557 1469 4603 ut
1512 4550 1568 4604 in
1598 4558 1879 4615 contextu,
1930 4545 2039 4607 'nisi

633 4632 730 4693 pro
762 4618 882 4693 κατ’
920 4612 1102 4693 οἶκτον
1135 4619 1625 4693 corruptehabent
1653 4620 1775 4693 κατ’
1795 4612 2034 4693 οἰκτρόν.

461 4683 646 4741 Εάἱιίό
682 4683 818 4742 Ven.
851 4687 907 4740 in
932 4689 1179 4755 margine
1207 4683 1326 4743 acut"
1356 4687 1526 4753 οἷκον,
1564 4691 1620 4743 in
1648 4690 1825 4746 domo.

532 4755 838 4833 (_87)Codex
862 4757 1110 4833 Combel‘.
1130 4764 1184 4813 et
1203 4758 1371 4813 editio
1389 4760 1523 4814 Ven.
1550 4776 1605 4813 ιιι
1625 4767 1889 4833 contextu
1913 4760 2039 4833 ἀλη-

458 4826 635 4899 θινὴν,
660 4827 720 4879 οὐ
754 4829 945 4899 κενήν,
979 4843 1181 4889 rerum,
1225 4844 1329 4891 non
1372 4845 1563 4883 vanum
1615 4829 1877 4899 honorem»
1906 4826 2038 4899 σῙΪέ-

458 4895 593 4952 reni.
618 4895 804 4952 Lectio
837 4895 1063 4966 optima.
1100 4899 1207 4952 Alii
1247 4899 1358 4953 duo
1393 4914 1527 4955 mss.
1563 4909 1618 4955 et
1652 4900 1824 4955 editio
1855 4895 2034 4956 Paris.

457 4966 534 5041 ita
564 4975 624 5020 ut
653 4967 925 5041 edidimus
947 4986 968 5041 _:
1002 4969 1645 5041 qua:_scriptura__addita
1674 4986 1893 5041 quoque
1931 4971 2038 5026 fuit

458 5036 513 5095 in
548 5038 792 5106 margine
830 5038 1089 5106 editionis
1130 5036 1371 5093 Venetae.
1420 5039 1622 5093 Ibidem
1666 5036 1818 5095 mss:
1838 5048 1953 5095 tres
1982 5049 2037 5096 et

456 5106 625 5183 editio
652 5100 830 5183 Paris.
863 5100 979 5171 ὦτα
998 5108 1160 5183 ξχων.
1200 5108 1380 5183 Editio
1414 5108 1593 5165 Paris.
1627 5108 1737 5181 ἔχε.
1768 5110 1883 5166 Hoc
1914 5112 2037 5183 ipso

458 5176 512 5231 in
538 5175 804 5249 _loco_duo
834 5193 969 5249 mss.
999 5175 1342 5249 ἀνεῳγμένα,

529 5244 638 5321 (88)
666 5244 810 5321 Reg.
844 5248 1054 5321 primus
1095 5244 1463 5321 σωτᾲηριώδεις
1488 5246 1599 5321 τῷν
1633 5248 1869 5321 Γραφῶν
1905 5251 2037 5304 dva—

455 5315 717 5391 γνιεῖζοξειιὶι
741 5315 810 5370 (id
845 5315 1089 5391 legendas
1126 5315 1389 5391 salutares
1422 5315 1749 5391 Scripturus.

529 5383 640 5456 (89)
671 5383 914 5462 Utraque
940 5389 1109 5462 editio
1135 5400 1189 5443 et
1225 5390 1400 5462 codex.
1426 5383 1673 5462 tionibef.
1707 5388 1811 5444 κᾶν
1842 5389 2033 5462 μικρό-

452 5454 630 5532 τερον
658 5454 858 5532 παντξς
905 5458 1178 5532 κνωδάλου
1308 5458 1453 5532 quod
1487 5459 1562 5512 ita
1596 5454 2031 5532 verterat'_veius

457 5525 937 5601 interpres,_Esto,
987 5530 1171 5601 quavis
1223 5525 1360 5601 illud
1403 5528 1694 5601 [erratum]
1724 5530 2033 5601 tenuissima

462 5592 963 5670 bestidla‘nii_nutius
996 5592 1087 5653 sit.
1115 5598 1268 5670 Regii
1303 5592 1511 5670 primus
1545 5606 1598 5653 et
1627 5592 1824 5655 tertius
1861 5602 1941 5655 uti
1975 5600 2029 5654 in

461 5673 741 5723 contextu.
767 5666 845 5723 Ex
886 5667 990 5724 hoc
1029 5666 1395 5742 exemplofut
1428 5687 1493 5727 ex
1522 5669 1643 5726 aiiis
1677 5671 1883 5741 multis,
1909 5686 2032 5743 per-

2142 4476 2564 4549 vocis‘alieujus
2594 4476 2894 4533 mutatione
2926 4493 3068 4549 sarpe
3097 4476 3395 4549 corrumpi.

2211 4551 2323 4621 (90.)
2362 4544 2556 4605 Ubi—et
2578 4549 2828 4621 inpeditis
2863 4556 2919 4621 et
2944 4544 3170 4621 in'mss.
3201 4544 3399 4621 legitur
3419 4544 3730 4621 dvoru,_d¢-

2138 4615 2361 4681 mantia,
2389 4633 2498 4674 non
2527 4620 2684 4674 valde
2712 4618 3006 4671 admodum
3037 4616 3227 4670 dubito
3253 4615 3385 4685 quin
3426 4616 3726 4685 legendum

2137 4692 2210 4746 sit
2248 4689 2461 4760 ἀγνοια,
2491 4690 2755 4760 ignoratio
2787 4687 2911 4760 vero'
2934 4686 3252 4760 paenitentia:
3283 4702 3425 4739 mors
3463 4695 3563 4740 est.
3593 4685 3728 4742 Sta-

2137 4762 2234 4815 tim
2262 4756 2395 4828 Reg.
2422 4756 2630 4829 primus
2656 4757 2905 4829 detegam
2923 4756 3286 4829 οἰκειοτέρων,
3323 4774 3356 4810 a
3377 4760 3726 4829 necessariis,

2139 4825 2522 4954 alpmpigqan.
2545 4828 2731 4885 Codex
2757 4825 3006 4884 Combet‘.
3032 4834 3088 4881 et
3110 4825 3246 4897 Reg.
3277 4826 3474 4882 tertius
3495 4835 3555 4882 et
3584 4828 3726 4884 editi

2139 4917 2164 4953 ε
2190 4917 2342 4953 καιοτ
2381 4916 2509 4954 οων.

2136 4916 2509 4953 εικαιοτεοων.

2208 4916 2676 5038 (ῧὶἷτῗὶριίίίιίδίωυε
2703 4968 2955 5023 voculam
2973 4984 3065 5021 σου
3079 4982 3145 5022 ex
3167 4966 3451 5022 codicibus
3471 4964 3724 5038 duobus.

2208 4970 2290 5038 (9|
2349 4970 2676 5025 Addidimus
2703 4970 2955 5023 voculam
2973 4984 3065 5021 σου
3079 4982 3145 5022 ex
3167 4970 3451 5022 codicibus
3471 4970 3724 5022 duobus.

2208 4970 2323 5112 (99)
2351 5040 2575 5112 Antiqui
2607 5040 2716 5094 duo
2745 5039 2871 5112 libri
2899 5038 3256 5112 ὲρεδιστριοῖς
3275 5037 3725 5112 ῥήμασιειειίω

2208 5055 2323 5112 (92)
2351 5055 2575 5109 Anuqut
2607 5055 2716 5094 auo
2747 5055 2871 5094 non
2899 5055 2925 5089 ε
2965 5055 3256 5101 ευιστικοις
3275 5055 3725 5108 ρημασι.διειιιω

2136 5107 2293 5190 Regii
2332 5111 2628 5190 primus-et
2656 5110 2853 5190 tertius
2876 5055 3156 5190 δε.τοιῖ
3179 5107 3474 5190 προσιίρπρυ
3499 5123 3731 5190 περιερ-
3790 5164 3793 5165 ,

2136 5175 2252 5252 7ti
2278 5175 2425 5234 vultu
2457 5179 2735 5252 diligenter
2774 5175 2982 5252 ornato.
3015 5175 3259 5252 Utraque
3294 5176 3464 5252 editio
3487 5185 3546 5232 et
3577 5175 3727 5249 Reg.
3770 5196 3791 5239 .‘

2139 5247 2283 5305 unus
2312 5252 2385 5304 ita
2421 5258 2478 5304 ut
2511 5247 2571 5303 in
2595 5258 2850 5304 contextu
2881 5247 3066 5302 videre
3091 5249 3291 5317 cuique
3308 5247 3466 5317 licet.

2210 5320 2324 5389 (95)
2350 5318 2592 5389 Utraque
2629 5318 2799 5373 editio
2829 5318 2923 5389 καὶ
2958 5316 3386 5389 ὲνστηθισαμένη
3431 5317 3493 5389 εν
3521 5316 3725 5389 ἑαυτῇ.

2135 5387 2270 5459 Reg.
2308 5386 2628 5460 tertius—ua).
2653 5386 3085 5460 ὲνστηθισαμένη
3108 5386 3209 5460 σεζ
3222 5386 3353 5460 Reg.
3376 5386 3594 5460 primus
3626 5388 3731 5460 καὶ

2136 5456 2597 5531 ἐνστερνισαμένη
2627 5460 2685 5511 ὲν
2715 5456 2901 5531 ἑαυτῇ,
2944 5456 3051 5531 non
3076 5456 3142 5511 ut
3170 5456 3534 5531 Combelisius
3563 5456 3729 5531 legit,

2140 5525 2527 5603 ὲνστερνίσασα
2566 5525 2752 5602 ἑαυτῇ.
2800 5525 2951 5586 Alter
2992 5527 3123 5600 Reg.
3167 5525 3729 5598 περιστηθησαμένιι»

2138 5616 2338 5673 καταμ.
2528 5635 2536 5642 -
