3982 6240
297 327 396 384 6δῖ

1183 305 1416 386 sum
1455 329 1540 382 ne
1581 323 2149 386 RENUNTIATIONE
2191 327 2484 398 meum,
2518 327 2672 386 ETC.

3437 319 3542 378 658

297 443 417 496 κατ’
444 443 646 514 ἀρετὴν
685 444 961 509 πολιτείας
992 443 1104 517 (94)
1150 447 1207 498 ἐν
1237 448 1403 516 ἑαυτῇ
1442 429 1765 516 διαφθείρει.
1806 445 1867 496 Ei

1984 446 2156 515 seipsa
2211 446 2532 514 corrumpit.
2567 443 2723 510 Quod
2763 442 2809 498 si
2863 441 3022 507 forte,
3065 439 3175 495 Deo
3222 437 3540 498 auxiliante,

298 532 359 586 δέ
407 550 507 585 που
555 535 651 588 καὶ
703 535 1064 607 βοηθούμενος
1119 538 1224 591 ὑπὸ
1268 539 1361 592 τοῦ
1407 539 1542 592 Θεοῦ
1589 539 1868 609 διαδρᾶναι

299 624 531 697 δυνηθῇς
559 627 627 681 τά
656 603 863 700 ταύτης
897 603 1107 695 δίκτυα,
1137 631 1408 702 ἐπανῆκες
1457 633 1554 701 μὲν
1586 603 1867 703 τῇῗίέλλῃ,

301 715 414 768 ἀλλ’
442 718 540 787 οὐχ
588 721 616 770 ὁ
667 720 866 783 αὐτός·
915 721 1147 790 πάρετος
1186 721 1243 773 δέ
1275 739 1358 784 τις
1405 723 1498 774 καὶ
1542 721 1868 792 νενοσηκὼς,

303 806 392 857 καὶ
423 808 558 877 πρὸς
580 808 725 864 άπαν
759 809 918 881 ἔργον
944 811 1050 865 τῶν
1079 813 1288 882 ἀρετῶν
1319 813 1662 882 δυσάρεστος,
1694 815 1871 885 πολλῷ

302 895 357 948 δὲ
390 897 566 968 χρόνῳ
599 900 919 955 ἐπανελθεῖν
946 903 1022 964 εἰς
1058 901 1154 972 τὴν
1184 903 1387 956 οἰκείαν
1421 904 1530 968 ἕξιν
1556 904 1868 974 δυνάμενος.

302 988 706 1062 Στενοχωρήσει
734 993 841 1064 γάρ
876 1011 934 1046 σε
956 997 1064 1058 τοῖς
1092 994 1370 1065 λογισμοῖς
1401 997 1433 1064 ή
1458 996 1592 1066 πρὸς
1614 997 1871 1067 ἑκάτερον

305 1079 416 1150 βίον
442 1083 708 1154 ἐπιθυμία
729 1101 742 1112 ·
773 1084 869 1136 καὶ
910 1084 1084 1154 πολλῷ
1114 1085 1342 1156 καμάτῳ
1376 1085 1577 1155 δυνήσῃ
1600 1084 1778 1138 δοῦναι
1804 1088 1869 1155 τῇ

301 1170 446 1241 ψυχῇ
474 1171 544 1224 τὰ
572 1175 886 1244 νικητήρια.
928 1175 987 1226 Ei
1025 1176 1203 1228 τοίνυν
1229 1175 1406 1244 συμϐῇ
1444 1192 1502 1228 σε
1537 1175 1676 1228 κατά
1713 1175 1872 1245 περί-

302 1259 492 1311 στασίν
540 1276 662 1313 τινα
706 1263 1011 1333 ἐκδημῆσαι
1050 1262 1148 1332 τῆς
1177 1263 1402 1334 κέλλης,
1446 1264 1872 1334 περιτεθωρακι-

304 1349 503 1418 σμένος
529 1351 644 1422 (95)
681 1353 768 1405 τὸν
803 1355 964 1421 φόϐον
993 1355 1083 1408 τοῦ
1117 1355 1251 1409 Θεοῦ
1278 1395 1292 1419 ,
1324 1355 1419 1408 καὶ
1456 1355 1874 1427 ἐνιδρυσάμενος

301 1443 367 1510 τῇ
397 1444 544 1513 χειρὶ
590 1443 689 1513 τὴν
730 1445 951 1515 ἀγάπην
997 1447 1089 1499 τοῦ
1138 1445 1413 1515 Χριστοῦ,
1462 1447 1876 1509 καταπαλαίσας

302 1533 455 1603 πάσῃ
490 1534 788 1604 ἐγκρατείᾳ
817 1535 917 1598 τὰς
946 1536 1054 1588 τῶν
1089 1536 1289 1608 ἡδονῶν
1331 1537 1652 1607 προσεολάς,
1679 1538 1876 1592 αὐτίκα

301 1621 403 1689 τῆς
433 1621 626 1691 χρείας
657 1625 957 1695 γενομένης
999 1625 1126 1695 (96).
1155 1625 1524 1696 ἀποπήδησον,
1568 1626 1642 1698 μὴ
1684 1629 1878 1698 ἐγχρο-

302 1712 490 1775 νίσας,
544 1714 659 1766 ἀλλ’
698 1715 811 1779 ὀξεῖ
851 1715 930 1786 τῷ
978 1716 1159 1787 πτερῴ
1204 1719 1548 1789 χρησάμενος
1596 1719 1729 1788 πρὸς
1777 1719 1876 1790 τὴν

304 1807 591 1872 ἐπάνοδον,
640 1807 828 1880 ὥσπερ
870 1827 953 1873 τις
1002 1811 1205 1874 ἄκακος
1232 1810 1528 1882 περιστερά
1555 1850 1568 1874 ,
1601 1810 1737 1881 πρὸς
1782 1812 1878 1881 τὴν
1914 1803 1954 1859 Β

304 1895 668 1966 ἓκπέμψασάν
711 1915 770 1949 σε
815 1898 1042 1951 κιϐωτὸν
1086 1899 1492 1969 αὐτομολήσας,
1541 1901 1598 1952 ἐν
1655 1899 1880 1968 στόματι

305 1989 486 2058 φέρων
520 1990 589 2042 τὰ
615 1989 739 2059 ἐλέη
770 1988 1008 2060 Χριστοῦ
1029 2005 1042 2019 ·
1074 1988 1216 2044 οὕτω
1248 2009 1306 2043 τε
1351 1991 1550 2045 πείθων
1588 1991 1713 2054 τοὺς
1738 1990 1882 2059 λογι-

306 2079 482 2149 σμοὺς
510 2080 623 2149 (97)
666 2083 793 2144 τοὺς
837 2081 983 2134 ἔνδον
1016 2083 1212 2136 ἄϐατον
1251 2079 1387 2136 εἶναι
1429 2083 1526 2154 τὴν
1562 2085 1653 2135 ἐπὶ
1679 2084 1881 2147 παντὸς

303 2173 496 2244 ἑτέρου
537 2173 706 2227 τόπου
760 2174 1076 2246 σωτηριὼδη
1124 2177 1449 2230 ἀνάπαυσιν.
1493 2176 1630 2240 Νέος
1656 2176 1732 2229 ὢν
1771 2177 1880 2230 εἴτε

303 2267 401 2337 τὴν
427 2266 607 2336 σάρκα
639 2267 750 2320 εἴτε
789 2267 849 2320 τὸ
882 2267 1155 2340 φρόνημα,
1181 2269 1348 2338 φεῦγε
1380 2269 1475 2340 τὴν
1511 2269 1880 2340 συνδιαγωγὴν

305 2359 411 2410 τῶν
450 2360 751 2430 ὁμηλίκων,
785 2361 882 2414 καὶ
909 2361 1269 2433 ἀποδίδρασκε
1301 2362 1395 2414 ἀπ’
1437 2362 1636 2426 αὐτῶν,
1667 2363 1742 2426 ὡς
1772 2362 1881 2416 άπὸ

306 2448 523 2517 φλογός.
570 2449 816 2538 Πολλοὺς
838 2449 944 2523 γὰρ
991 2452 1280 2524 ἐμπρήσας
1321 2451 1385 2504 δι’
1419 2452 1647 2507 αὐτῶνό
1689 2454 1882 2526 ἐχθρὸς

301 2539 382 2610 τῷ
405 2539 610 2610 αίωνίῳ
643 2542 778 2612 πυρὶ
802 2543 1107 2612 παρέδωκε,
1127 2547 1469 2615 πνευματικῇ
1495 2545 1655 2615 δῆθεν
1682 2547 1870 2618 ἀγάπῃ

305 2633 386 2694 είς
419 2630 482 2683 τὸ
511 2631 622 2684 τῶν
665 2633 1072 2686 πενταπολιτῶν
1121 2636 1363 2706 μυσαρὸν
1411 2636 1677 2708 βάραθρον
1718 2639 1882 2705 ἐγκα-

305 2721 617 2793 ταστρέψας
662 2723 880 2786 αὐτούς.
936 2726 1048 2778 Καὶ
1097 2726 1223 2789 τοὺς
1270 2728 1328 2779 ἐν
1376 2727 1452 2797 τῷ
1507 2728 1731 2795 πελάγει
1786 2729 1881 2781 καὶ

305 2812 473 2865 παντὶ
499 2813 686 2884 ἀνέμῳ
743 2816 837 2867 καὶ
895 2814 1122 2868 κλύδωνι
1163 2815 1556 2880 διασωθέντας,
1609 2817 1741 2870 εἵσω
1771 2817 1881 2871 τῶν

303 2905 540 2974 λιμένων
582 2906 1050 2977 ἀμεριμνοῦντας,
1096 2909 1192 2962 συν
1239 2909 1516 2980 αὑτάνδρῳ
1557 2910 1635 2981 τῷ
1682 2911 1880 2979 σκάφει

303 2995 382 3066 τῷ
433 2996 583 3067 βυθῷ
630 2999 946 3070 παρέδωκεν
987 2999 1117 3071 (98).
1163 3002 1250 3055 Ἑν
1282 3002 1518 3074 καθέδρᾳ
1551 3005 1654 3074 πρὸ
1684 3004 1878 3058 πολλοῦ
1912 3043 1914 3046 -

302 3085 607 3156 καθέσθητι
682 3087 776 3139 ἀπ’
845 3086 1030 3143 αὐτοῦ.
1090 3090 1178 3144 Ἐν
1247 3090 1526 3144 ἀνακλίσει
1582 3091 1749 3145 ὕπνου
1804 3094 1876 3166 μὴ
1906 3139 1947 3197 C

302 3176 628 3197 _-_-_‘,4_’I_,
723 3195 740 3197 μ
900 3180 910 3197 1
986 3183 998 3197 ο
1046 3181 1096 3196 κο
1359 3186 1380 3197 qn
1452 3186 1464 3197 I
1551 3184 1562 3197 ι
1785 3186 1829 3197 ..ι

301 3176 661 3243 γειπιαζέτω
713 3195 806 3232 σου
855 3180 924 3233 τά
982 3181 1249 3252 ἐνδύματα
1297 3186 1410 3247 τοῖς
1448 3184 1688 3237 ἐκείνουο
1737 3186 1876 3255 μᾶλ-

299 3265 391 3319 λον
455 3267 514 3320 δὲ
580 3268 821 3338 κέχρησο
883 3272 1098 3341 γέροντι
1163 3273 1376 3344 μεσίτῃ.
1431 3273 1621 3326 Ἠνίκα
1679 3275 1734 3328 δέ.
1797 3292 1878 3329 σοι

297 3358 703 3431 διαλέγεται,ῇ
759 3362 1171 3433 ἀντιπρόσωπος
1233 3364 1454 3433 ψάλλει,
1512 3367 1661 3420 κάτω
1707 3367 1880 3421 νεύων

298 3450 656 3519 ἁντίφθεγξαι
715 3452 882 3521 αὐτῷ,
921 3454 1140 3524 μήπως,
1191 3458 1256 3526 τῇ
1286 3457 1364 3518 είς
1394 3456 1462 3509 τά
1508 3458 1774 3528 πρόσωπα
1806 3461 1886 3513 ἐνο

300 3541 538 3594 ατενίσει
560 3543 781 3614 σπέρμα
797 3544 1090 3616 ἐπιθυμίας
1102 3545 1204 3599 ὑπὸ
1222 3547 1316 3599 τοῦ
1335 3548 1670 3620 ἐπισπορέως
1687 3548 1879 3620 ἐχθροῦ

299 3633 598 3704 δεξάμενος
620 3635 757 3705 (99),
787 3635 1073 3706 δράγματα
1097 3635 1300 3707 φθορᾶς
1334 3639 1426 3690 καὶ
1453 3638 1724 3701 ἀπωλείας
1755 3657 1882 3711 καρ-

303 3729 644 3798 ποφορήσῃς.
663 3727 751 3780 Ἐν
778 3729 961 3798 οἵκῳῆ
984 3730 1039 3781 ἐν
1063 3730 1232 3799 τόπῳ,
1251 3723 1310 3781 οῦ
1333 3730 1432 3781 οὐκ
1461 3729 1605 3782 ἔστιν
1621 3731 1647 3780 ὁ
1669 3728 1880 3799 βλέπων

298 3816 369 3870 τά
395 3819 538 3889 ἔργα
599 3819 777 3890 ὑμῶν,
821 3819 894 3890 μὴ
946 3820 1174 3891 εὑρεθῇς
1227 3823 1342 3891 μετ’
1379 3821 1564 3886 αὐτοῦ,
1614 3822 1878 3894 προφάσει

303 3909 539 3980 μελέτης
575 3911 737 3963 θείων
762 3911 978 3980 λογίων,
1019 3911 1051 3982 ἢ
1093 3913 1286 3984 ἐτέρας
1329 3914 1405 3984 (Ι)
1452 3913 1743 3968 ὁποιασοῦν
1786 3915 1881 3966 καὶ

301 4003 744 4074 ἁναγκαιοτάτης
808 4005 1013 4074 χρείας.
1064 4006 1228 4058 Οὺδέν
1279 4006 1387 4078 γὰρ
1455 4008 1873 4079 ἀναγκαιότερον

297 4094 506 4165 ψυχῆς,
547 4095 688 4164 ὑπὲρ
721 4091 788 4166 ἧς
830 4097 1062 4166 Χριστὸς
1093 4097 1379 4150 ἀπέθανεν.
1413 4099 1502 4170 Μὴ
1546 4099 1764 4152 πίστευε
1795 4100 1874 4153 δο-

299 4185 516 4257 λουργῷ
545 4185 795 4256 λογισμῷ
829 4187 1202 4258 ὑποτιθεμένῳ
1245 4205 1326 4242 σοι
1359 4189 1418 4242 τὸ
1459 4191 1879 4244 ἀσκανδάλιστον

301 4274 473 4330 εἶναι’
509 4279 646 4331 αὐτὸ
678 4279 836 4331 τοῦτο
870 4278 1160 4332 σκάνδαλον
1201 4271 1341 4333 εἶναι
1371 4281 1880 4354 πληροφορούμενος

497 4372 566 4440 τῇ
599 4369 766 4440 πείρα
792 4369 898 4423 τῶν
928 4371 1291 4425 πεπτωκότων
1319 4373 1569 4443 προφανῆ
1602 4390 1683 4426 σοι
1707 4372 1876 4426 ταῦτα

301 4460 725 4532 παρασχόμενον

373 4616 485 4689 (944)
518 4615 673 4689 Regii
705 4615 914 4685 primus
957 4624 1011 4669 et
1037 4617 1246 4689 tertius”
1267 4616 1368 4689 τὴν
1397 4618 1517 4670 κατ’
1551 4615 1750 4688 ἀρετὴν
1778 4633 1876 4670 πο-

300 4686 524 4749 λιτείαν,
543 4686 690 4755 ρὶῐιηι
709 4702 771 4738 ac
792 4696 1031 4739 sanctam
1049 4687 1248 4741 vivendi
1266 4688 1522 4756 rationem
1544 4686 1634 4756 per
1648 4686 1878 4756 seipsum

303 4761 613 4826 corrumpit.
655 4757 801 4810 liditi
824 4764 890 4826 (et
923 4757 1092 4811 codex
1123 4755 1371 4826 Combel‘.
1416 4764 1477 4809 ut
1513 4758 1566 4810 in
1597 4755 1875 4820 contextu,

303 4825 523 4882 melius;
575 4826 771 4881 Statim
806 4825 916 4880 duo
947 4842 1080 4882 mss.
1119 4827 1168 4879 εἰ
1203 4825 1260 4878 δέ
1289 4843 1412 4880 που.
1445 4827 1643 4882 Vocula
1672 4844 1775 4880 που
1821 4828 1877 4882 in

309 4905 543 4964 utraque
564 4899 804 4952 editione
831 4896 1038 4949 deerat.

372 4967 487 5035 (95)
522 4967 676 5038 Regii
701 4968 910 5033 primus
941 4976 994 5021 et
1038 4965 1233 5022 tertius
1265 4966 1491 5038 ἐκϐῆναι
1524 4964 1624 5035 τῆς
1663 4965 1875 5036 κέλλης,

305 5054 372 5088 πε
382 5038 720 5109 ριθωρακισά
726 5053 904 5109 μενος.

379 5103 492 5177 (96)
520 5103 918 5161 ἘόὶιὶοῬιιῐίε.
964 5105 1152 5177 χρείας
1193 5105 1508 5177 γενομένης.
1537 5103 1714 5177 Editio
1738 5104 1878 5159 V'en.

306 5183 359 5230 et
393 5175 504 5232 tres
537 5194 672 5232 mss.
700 5177 916 5244 καὶτῆς
936 5176 1126 5246 χρείας
1153 5176 1442 5246 γενόμενος
1467 5191 1486 5246 ’γ
1520 5175 1611 5229 ubi
1646 5175 1882 5230 fortasse

306 5247 592 5316 legendum
619 5256 704 5302 est
742 5246 838 5316 καὶ
875 5245 984 5297 ἀπὸ
1023 5246 1121 5313 τῆς
1168 5245 1376 5316 χρείας,
1405 5245 1610 5299 solutus
1652 5247 1878 5316 negotio.

307 5314 508 5371 Ibidem
554 5318 725 5373 editio
769 5315 948 5371 Paris.
983 5317 1056 5436 μὴ
1083 5314 1418 5385 ἐγχρονίσας.
1448 5316 1621 5369 Editio
1651 5315 1784 5369 ch.
1821 5325 1875 5369 et

307 5396 417 5436 tres
449 5403 580 5436 mss.
612 5387 956 5436 ἐννοονίστις.
1010 5384 1097 5436 loc
1126 5386 1244 5436 inso
1265 5389 1320 5436 in
1351 5387 1471 5436 loco
1505 5393 1732 5436 utrauue
1760 5385 1875 5436 edi-

307 5384 1244 5466 tres.mss._éﬂpovisr,q._lloc~ipSO
1265 5389 1320 5440 in
1351 5387 1471 5440 loco
1505 5393 1732 5455 utraque
1760 5385 1878 5440 edi-

307 5456 386 5509 tio
410 5455 500 5520 ὁξῦ
537 5457 632 5527 τῷ.
654 5454 728 5510 At
750 5454 904 5510 mss:
920 5454 1150 5527 ὀξεῖτῷ.

376 5528 486 5599 (97)
518 5523 740 5599 Antiqui
763 5529 876 5599 duo
926 5526 1048 5599 libri
1079 5526 1201 5590 τοὺς
1237 5524 1381 5580 ἔνδον
1411 5525 1720 5596 λογισμούς.
1756 5523 1877 5579 Mox

308 5596 474 5669 iidem:
501 5615 632 5669 ltiss.
663 5596 761 5669 τὴν
799 5596 1102 5669 διαγωγῄν.

377 5667 482 5737 (98)
507 5664 752 5738 Utraque
775 5668 944 5722 editio
958 5664 1044 5738 τῷ
1060 5664 1205 5738 βυθῷ
1228 5666 1634 5738 παραδέδωκεν.
1655 5665 1876 5719 Veteres

309 5735 412 5792 tres
437 5735 557 5794 libri
587 5735 838 5811 τῷβυθῷ
870 5735 1201 5808 παραδοῦναι
1222 5735 1522 5807 δεδῦνηται,
1552 5736 1876 5805 submergere

1975 539 2112 592 retia
2143 536 2264 605 ejus
2293 536 2528 606 elTugere
2559 537 2740 589 valeas
2761 575 2774 597 ,
2828 533 3032 588 redibis
3073 531 3291 600 quidem
3328 527 3393 582 ad
3433 525 3543 582 cel-

1975 627 2106 692 lam,
2141 627 2234 682 sed
2287 643 2396 681 nou
2449 627 2614 687 idem,
2655 626 2858 679 fractus
2902 625 3085 692 potius
3135 631 3188 676 et
3233 619 3540 689 languidus,

1977 721 2153 790 isque,
2185 721 2277 790 qui
2324 734 2538 773 onmem
2595 719 2816 771 virtutis
2858 718 3125 770 actionem
3183 727 3322 781 aegre
3375 709 3540 768 feras,

1977 814 2178 881 quique
2238 811 2455 865 nonnisi
2519 811 2698 862 multo
2741 816 2984 876 tempore
3041 805 3107 857 ad
3169 811 3319 856 tuum
3372 799 3544 869 ipsius

1977 905 2226 958 habitum
2261 902 2461 957 reverti
2496 902 2694 972 possis.
2735 899 2944 952 Etenim
2977 910 3026 952 te
3051 907 3156 950 tuze
3185 893 3544 964 cogitationes

1979 996 2046 1050 ad
2103 995 2383 1065 angustias
2413 995 2684 1048 adducent
2733 992 2803 1045 ob
2832 991 3116 1058 utriusque
3168 989 3290 1040 vitae
3330 983 3547 1038 deside-

1977 1089 2145 1151 rium,
2179 1095 2233 1141 ct
2272 1102 2379 1140 non
2432 1087 2538 1140 nisi
2589 1085 2758 1138 multo
2809 1084 2992 1136 labore
3023 1081 3310 1135 victoriam
3353 1078 3548 1131 animae

1978 1195 2170 1250 parere
2217 1180 2440 1248 poteris.
2495 1179 2680 1246 Itaque
2721 1175 2765 1229 si
2800 1175 3122 1229 necessitate
3166 1171 3420 1242 quapiam
3453 1182 3548 1220 ur-

1980 1277 2138 1341 gente
2169 1269 2458 1337 contigerit
2491 1276 2544 1321 te
2575 1283 2605 1321 e
2653 1266 2788 1320 cella
2829 1265 3034 1334 egredi,
3063 1271 3193 1314 tunc
3227 1259 3320 1312 Dei
3353 1259 3548 1310 timore

1980 1379 2082 1417 ceu
2113 1362 2272 1432 207
2307 1362 2531 1415 thorace
2568 1357 3056 1417 circummunitus,
3103 1354 3306 1406 inserta
3340 1349 3395 1401 in
3432 1360 3548 1399 ma-

1981 1470 2110 1510 num
2143 1453 2412 1508 cbaritate
2441 1450 2664 1512 Christi,
2714 1447 3149 1516 oppugnatisquc
3191 1458 3285 1512 per
3330 1452 3546 1495 omnem

1981 1547 2376 1601 continentiam
2419 1541 2732 1597 incursibus
2762 1542 3124 1609 voluptatum,
3156 1534 3314 1588 simul
3344 1538 3403 1584 ut
3454 1543 3551 1582 ne-

1981 1640 2184 1708 gotium
2212 1635 2533 1698 absolveris,
2551 1634 2734 1689 statim
2762 1640 3052 1692 revertere,
3085 1642 3190 1682 non
3226 1626 3548 1682 immorans.

1983 1728 2078 1785 scd
2106 1729 2173 1783 ad
2201 1727 2436 1782 reditum
2468 1725 2748 1779 velocibus
2783 1722 2884 1777 alis
2913 1735 3067 1782 usus,
3089 1726 3143 1772 et
3174 1725 3433 1784 tanquam
3463 1713 3550 1765 ln-

1983 1822 2187 1875 no'cens
2213 1817 2460 1889 quaedam
2499 1813 2772 1877 columba,
2813 1811 2881 1866 ad
2921 1823 3105 1864 arcam
3139 1805 3280 1860 unde
3313 1803 3550 1858 emissus

1984 1911 2169 1974 fuisti,
2221 1907 2575 1978 confugiens,
2630 1904 2811 1959 ferens
2863 1903 2920 1956 in
2965 1915 3062 1954 ore
3115 1892 3548 1951 misericordiam

1983 2003 2208 2068 Christi,
2245 2000 2434 2069 sicque
2466 1997 2697 2052 internis
2728 1991 3147 2063 cogitationibus
3177 1984 3463 2058 persuade,
3497 1989 3551 2036 te

1982 2094 2226 2164 requiem
2248 2093 2546 2148 salutarem
2568 2090 2622 2142 in
2653 2087 2804 2141 nullo
2827 2085 3071 2139 alioloco
3093 2079 3337 2134 invenire
3366 2090 3546 2146 posse.

1981 2183 2206 2239 Juvenis
2223 2199 2282 2236 es
2306 2182 2421 2237 sive
2445 2193 2696 2248 corpore,
2723 2176 2838 2231 sive
2871 2175 3055 2228 animo
3082 2193 3094 2228 :
3121 2170 3409 2240 mqualium
3428 2175 3551 2220 tuo.-

1982 2289 2103 2329 rum
2122 2269 2570 2326 consuetudinem
2593 2266 2826 2330 declina,
2846 2265 2913 2317 ab
2930 2265 3102 2332 iisque
3122 2262 3266 2315 velut
3286 2274 3313 2310 a
3334 2257 3549 2310 ﬂamma

1982 2364 2199 2434 aufuge.
2237 2360 2424 2416 Ilostis
2463 2359 2607 2412 cnim
2643 2356 2844 2410 multos
2878 2370 3017 2425 quos
3058 2368 3154 2422 per
3184 2352 3333 2420 ipsos
3358 2349 3548 2402 incen-

1982 2456 2159 2518 derat,
2198 2460 2404 2508 zeterno
2433 2449 2544 2520 igni
2594 2448 2836 2510 tradidit,
2878 2457 3039 2514 atque
3084 2440 3382 2510 spiritualis
3413 2438 3552 2492 dile-

1981 2546 2181 2601 ctionis
2213 2545 2395 2614 specie
2419 2543 2544 2596 illos
2573 2541 2628 2594 in
2665 2537 2997 2592 horrendum
3035 2533 3170 2589 illud
3205 2534 3446 2602 quinque
3472 2529 3552 2584 ci-

1981 2641 2208 2694 vitatum
2264 2635 2580 2690 barathrum
2641 2630 2877 2699 dcjecit:
2910 2639 2964 2683 et
3009 2627 3104 2696 qui
3160 2626 3214 2678 in
3264 2625 3452 2694 pelago
3483 2621 3566 2676 ab.

1981 2731 2132 2786 omni
2171 2737 2337 2783 vento
2379 2735 2433 2782 ct
2490 2730 2812 2794 tempestate
2859 2719 3059 2776 servati
3089 2713 3562 2771 fuerantincoltts

1982 2839 2119 2886 mes,
2149 2837 2244 2877 eos
2273 2822 2328 2876 in
2379 2826 2540 2890 portu
2569 2815 2880 2872 desidentes
2922 2829 3030 2868 una
3054 2827 3179 2866 cum
3221 2810 3347 2864 navi
3374 2815 3554 2863 vecto-

1981 2915 2247 2984 ribusque
2275 2912 2328 2966 in
2379 2907 2711 2980 profundum
2738 2906 3056 2976 submergit.
3092 2904 3151 2958 In
3183 2901 3335 2958 sedili
3363 2901 3552 2972 procul

1980 3021 2012 3061 a
2033 3019 2217 3060 coaevo
2241 3001 2388 3059 sede.
2423 2999 2559 3056 Cum
2586 2997 2814 3054 recubas
2839 2997 2906 3051 ad
2932 3011 3182 3052 somnum
3203 2993 3551 3064 capiendum,

1981 3094 2302 3150 indumenta
2351 3100 2444 3146 tua
2481 3105 2591 3145 non
2624 3089 2732 3144 sint
2761 3088 2941 3142 vicina
2988 3087 3135 3142 illius
3179 3082 3550 3150 indumentis;

1980 3186 2090 3240 imo
2140 3183 2322 3255 potius
2376 3197 2560 3238 senem
2614 3177 2999 3234 intermedium
3055 3174 3272 3230 adhibe.
3322 3171 3554 3240 Quando

1981 3293 2111 3333 vero
2126 3287 2302 3348 tecum
2327 3273 2594 3345 loquitur,
2614 3281 2707 3326 aut
2727 3287 2790 3326 ex
2813 3269 3041 3324 adverso
3059 3267 3261 3338 psallit,
3286 3264 3554 3335 responde

1980 3371 2030 3426 ei
2054 3370 2206 3424 vultu
2245 3368 2397 3424 humi
2426 3367 2623 3430 deﬁxo,
2658 3380 2726 3419 ne
2757 3364 2894 3419 forte
2928 3362 3103 3417 oculis
3135 3363 3188 3416 in
3217 3361 3404 3415 vultus
3427 3375 3555 3416 cono

1975 3464 2160 3535 jectis,
2197 3478 2226 3516 a
2253 3470 2437 3518 satore
2472 3459 2695 3514 inimico
2731 3457 2975 3514 libidinis
3026 3471 3213 3512 semen
3247 3454 3547 3524 suscipias,

1983 3570 2047 3609 ac
2080 3552 2450 3623 corruptionis
2497 3559 2552 3605 et
2611 3549 2868 3604 interitus
2915 3547 3225 3617 manipulos
3267 3552 3461 3599 metas.
3493 3541 3551 3597 lu

1979 3645 2164 3710 domo,
2201 3652 2295 3698 aut
2327 3644 2552 3708 inloco,
2584 3643 2675 3696 ubi
2720 3656 2881 3696 nemo
2914 3649 2998 3695 est
3034 3641 3125 3709 qui
3163 3637 3341 3693 videat
3386 3651 3552 3705 opera

1980 3745 2185 3799 vestra,
2215 3751 2285 3790 ne
2306 3733 2744 3788 meditandorum
2769 3731 3075 3786 divinorum
3099 3729 3437 3800 eloquiorum
3459 3737 3552 3780 aut

1980 3827 2205 3882 alterius
2260 3826 2640 3895 cujuscunque
2689 3824 2770 3878 rei
2813 3823 2897 3878 vel
2947 3823 3180 3876 maxime
3227 3820 3558 3875 necessariae

1980 3916 2228 3980 obtentu,
2256 3930 2379 3969 cum
2410 3914 2532 3986 ipso
2564 3913 2878 3968 inveniare:
2909 3912 3046 3966 nihil
3074 3911 3217 3966 enim
3248 3911 3420 3980 magis
3454 3927 3550 3966 nc-

1980 4007 2284 4062 cessarium
2330 4016 2415 4061 est
2443 4021 2604 4076 quam
2633 4006 2818 4060 anima
2851 4019 2953 4074 pro
2982 4019 3088 4074 qua
3121 4002 3376 4058 Christus
3399 4013 3550 4054 mor—

1982 4111 2110 4154 tuus
2142 4105 2246 4154 est.
2276 4096 2532 4154 Subdola:
2559 4097 2649 4152 isti
2689 4095 3008 4166 cogitationi
3032 4109 3154 4165 quae
3185 4108 3300 4150 rem
3330 4089 3554 4146 oﬂendi-

1986 4191 2110 4245 culo
2162 4205 2360 4246 vacare
2414 4191 2726 4252 submonet,
2765 4187 2921 4243 ﬁdem
2969 4202 3040 4241 ne
3079 4185 3313 4240 adhibe:
3355 4184 3450 4240 sed
3480 4182 3561 4238 ob.

1987 4280 2212 4334 multam
2240 4279 2630 4350 experientiam
2663 4292 2854 4332 eorum
2888 4277 2981 4348 qui
3008 4276 3142 4348 lapsi
3177 4281 3328 4339 sunt,
3351 4273 3555 4344 quique

1983 4372 2119 4426 lurc-
2145 4371 2244 4426 tibi
2283 4371 2431 4424 clara
2464 4377 2518 4426 et
2565 4368 2854 4424 manifesta
2903 4367 3173 4432 reddunt,
3207 4365 3426 4438 penitus
3453 4362 3560 4419 tibi

1907 4457 1953 4514 ι)
1981 4462 2315 4534 persuadeas
2349 4461 2587 4534 idipsum
2611 4460 2998 4517 oll‘endiculum
3027 4473 3170 4515 esse.

1980 4617 2170 4684 putuit.
2215 4614 2578 4688 StatimReg.
2614 4617 2944 4688 primusﬂdm’
2975 4615 3242 4688 αὑτῷν....
3282 4611 3557 4688 ἐνδύματα

1980 4680 2092 4750 τοῖς
2114 4687 2356 4740 ἐκείνων.
2379 4680 2554 4752 ιιιυιιξ
2566 4680 2660 4740 ἀπ’
2691 4687 2878 4752 αὑτοῦ,
2907 4685 3252 4756 accipidebet
3271 4684 3337 4737 de
3357 4680 3556 4750 aequali

1979 4766 2034 4812 et
2066 4772 2273 4810 comvo.

2054 4826 2166 4895 (99)
2197 4825 2433 4896 Utraque
2456 4827 2624 4883 editio
2649 4827 2753 4880 ὑπὸ
2773 4825 2866 4880 τοῦ
2897 4824 3092 4896 ἐχθροῦ
3115 4823 3209 4877 καὶ
3234 4821 3341 4874 τῶν
3366 4819 3557 4896 κακῶν

1981 4888 2360 4967 ἐπίσπορέωςξ
2377 4897 2441 4950 ab
2473 4898 2685 4950 inimico
2713 4906 2762 4967 et
2803 4888 3134 4967 diutn'lo'rum‘
3157 4903 3356 4967 satore.
3388 4888 3551 4967 Vete:

1979 4982 2070 5037 res
2098 4957 2206 5018 dud
2243 4957 2364 5037 libri
2397 4967 2502 5019 ὑπὸ
2529 4966 2852 5037 τοῦίέχθροῦ
2876 4961 3419 5037 ἐπισπορέως.“ΑΙίυο

1979 5035 2073 5115 τοῦ
2104 5035 2445 5115 ἐπισπορέως
2466 5029 2952 5115 ἐχθροῦίὶιξδαιογε
2975 5029 3206 5114 iuiniico.
3239 5030 3306 5083 Et
3330 5029 3554 5115 quidem

1977 5107 2070 5174 qui
2107 5099 2344 5159 libidinis
2377 5099 2580 5176 seme'n'
2601 5099 2826 5176 spargit,
2855 5119 2981 5159 vere
3004 5105 3258 5158 inimicus
3295 5107 3400 5156 est.
3432 5099 3550 5152 Ali-

1977 5171 2186 5246 quanto
2216 5184 2337 5246 poﬁst
2367 5175 2476 5246 duo
2506 5171 2648 5231 mss:
2669 5171 2815 5242 ἐνίῷ.

2056 5247 2131 5314 (1)
2161 5239 2427 5321 Sic-liegii
2454 5248 2663 5321 primus
2681 5239 2970 5321 ettertius:
2987 5242 3168 5321 Editio
3180 5239 3355 5321 i’aris.
3371 5239 3552 5321 ῇςτξρο-

1982 5310 2143 5386 φάσει
2178 5310 2537 5386 μελέττξς..ξῇ
2578 5315 2846 5386 προεξάσει
2885 5314 3098 5384 ἐτέρας.
3130 5310 3333 5386 Ibidem
3385 5310 3557 5386 iidem

1982 5381 2116 5440 mss.
2146 5381 2238 5436 καὶ
2270 5381 2591 5451 ἀναγκαίας.
2615 5381 2723 5438 Nec
2750 5386 2820 5436 ita
2853 5381 3026 5438 multo
3048 5390 3170 5452 post
3195 5381 3360 5435 codex
3381 5381 3553 5452 _(‘-om-

1981 5455 2090 5509 bef.
2125 5462 2179 5508 et
2230 5454 2320 5506 alii
2352 5448 2460 5506 duo
2496 5469 2620 5507 cum
2661 5454 2899 5508 editione
2941 5448 3075 5509 Ven}
3130 5448 3553 5520 ἀναγκαιότερον

1983 5524 2182 5594 ψυχῆςἶ
2205 5523 2382 5594 Etlititi
2408 5522 2578 5594 Paris.
2602 5523 2768 5594 ψυχῇ.

2162 5592 2250 5646 Sic
2281 5591 2411 5667 Reg.
2445 5587 2745 5667 tertiumet-
2767 5594 3080 5667 itaquoquc
3100 5589 3422 5667 habet_Reg.
3443 5587 3557 5658 pri--

1983 5660 2449 5718 ntus'cmendattts
2477 5680 2488 5714 :
2521 5679 2629 5732 quo
2654 5665 2706 5716 in
2732 5660 2919 5718 codice
2946 5660 3071 5717 ante
3091 5660 3554 5732 cmendatigncrtl.

1985 5743 2040 5788 ut
2073 5733 2344 5802 conjicere
2391 5728 2553 5802 licet,
2593 5734 2870 5805 legebatur
2919 5733 3333 5804 παρασχομένῳ.
3371 5728 3563 5784 Editio.
