3982 6240
399 249 507 311 639

1753 260 1809 317 S.
1852 259 2098 316 BASlLll
2136 262 2353 319 MAGNI

3561 268 3680 324 οἶ.Ξο

469 367 524 423 6.
565 365 742 422 Crede
776 367 913 423 meis
944 368 1153 437 verbis,
1196 387 1319 442 quae
1365 376 1637 431 ex'corde
1683 376 1737 431 in
1779 376 1980 434 fratres

2154 379 2205 434 6.
2229 379 2456 433 Πίστευε
2476 381 2588 442 τοῖς
2610 379 2761 450 ὲμοῖς
2789 377 2966 448 λόγοις
2995 381 3060 432 ἐκ
3086 380 3407 449 φιλαδέλφου
3441 380 3682 452 καρδίας

405 460 670 515 benevolo
716 461 1010 529 prodeunt.
1063 461 1277 520 Accede
1310 465 1379 519 ad
1420 483 1582 524 senes
1632 470 1727 539 qui
1768 470 1982 524 facilem

402 555 468 607 ad
500 570 560 610 se
589 554 797 609 aditum
839 572 948 611 non
984 559 1231 627 praebent
1258 577 1270 612 :
1300 560 1392 629 qui
1422 563 1841 630 proverbiorum
1863 565 1986 635 qni-

402 645 527 700 dem
577 648 872 703 sententiis
907 649 1140 718 juvenes
1188 652 1255 706 ad
1300 653 1559 708 virtutem
1598 656 1982 724 cohortantur,

403 752 507 791 nec
537 744 721 793 tamen
756 738 918 796 facile
965 743 1191 798 laedunt.
1235 742 1398 799 Omni
1428 747 1672 801 custodia
1700 765 1851 803 serva
1895 765 1988 803 cor

406 837 557 881 tuum
578 827 647 885 ⁸⁰,
678 828 894 886 Etenim
925 833 1006 886 uti
1031 848 1225 889 aurum
1259 835 1639 893 indesinenter
1667 837 1762 893 diu
1792 850 1989 896 noctu-

406 934 515 989 que
544 921 865 978 observatur
886 939 918 979 a
946 924 1184 990 furibus,
1211 935 1377 999 atque
1400 937 1599 999 praeter
1619 934 1989 1002 exspectatio-

406 1029 532 1070 nem
565 1021 619 1070 et
648 1022 702 1071 te
732 1017 909 1072 inscio
957 1019 1296 1090 subripitur;
1330 1037 1464 1077 cave
1507 1039 1577 1081 ne
1607 1031 1662 1081 te
1694 1026 1856 1095 primi
1892 1041 1987 1097 pa-

406 1107 581 1163 rentis
620 1118 844 1179 peccato
899 1113 1188 1167 seductum
1225 1114 1280 1168 in
1327 1130 1570 1171 errorem
1605 1117 1851 1188 impellat
1890 1119 1988 1173 ad-

406 1201 711 1270 versarius,
730 1209 893 1273 teque
918 1205 1028 1259 cito
1045 1220 1112 1261 ex
1129 1206 1431 1277 voluptatis
1452 1209 1708 1278 paradiso
1729 1210 1985 1280 expellat.

407 1287 512 1356 Qui
545 1291 692 1348 enim
724 1294 995 1349 Adamum
1023 1312 1121 1367 per
1150 1312 1293 1353 escae
1325 1297 1533 1354 furtum
1561 1301 1674 1354 vita
1704 1300 1986 1371 spoliavit,

407 1390 837 1453 speraveratque
867 1383 1007 1450 fore,
1046 1393 1106 1440 ut
1134 1385 1322 1443 Jesum
1370 1391 1769 1460 supplantaret,
1812 1390 1860 1445 is
1889 1389 1990 1444 tibi

408 1485 630 1542 quoque
659 1473 835 1528 multo
872 1475 1048 1545 magis
1081 1476 1224 1530 hanc
1268 1477 1504 1548 primam
1550 1479 1819 1533 malorum
1858 1494 1991 1533 cau-

409 1578 527 1619 sam
566 1564 861 1634 propinare
891 1580 1003 1622 non
1047 1568 1351 1635 verebitur,
1391 1583 1663 1625 venenum
1711 1567 1898 1627 eiiicax
1936 1567 1991 1623 id

406 1669 530 1711 esse
569 1671 681 1712 non
711 1658 957 1714 nescius.
989 1657 1129 1715 Nam
1178 1662 1319 1732 gulae
1343 1660 1536 1716 vitium
1583 1676 1694 1716 non
1741 1661 1798 1716 in
1836 1675 1992 1717 esca-

2087 470 2536 543 προφερομένοις,
2570 470 2879 542 Πρόστρεχε
2907 472 3221 542 γέρουσι(5)
3241 471 3677 536 δυσεντεύκτοις,

2085 567 2281 630 οἵτινες
2318 566 2498 634 λόγοις
2536 566 2636 636 μὲν
2680 566 2986 636 παροιμιῶν
3029 566 3311 634 ἀλείφουσι
3349 567 3474 629 τοὺς
3519 566 3683 629 νέους

2088 656 2225 728 πρὸς
2251 655 2350 719 τὰς
2383 655 2669 727 ἐναρέτους
2702 655 2951 727 πράξεις,
2983 655 3278 726 βλάπτουσι
3306 655 3361 708 δὲ
3391 653 3680 728 προσώπῳ

2086 747 2355 819 οὐδαμῶς.
2378 746 2552 814 Πάσῃ
2574 745 2821 817 φυλακῇ
2847 747 3010 815 τήρει
3027 747 3153 816 σὴν
3167 747 3438 816 καρδίαν.
3460 747 3682 815 Ὥσπερ

2088 839 2196 913 γὰρ
2224 838 2423 911 χρυσὸς
2453 841 2884 893 κατασκοπεῖται
2917 840 3013 909 μὲν
3044 839 3407 902 ἀδιαλείπτως
3439 839 3544 892 ὑπὸ
3566 837 3680 891 τῶν

2088 929 2336 982 κλεπτῶν
2367 930 2424 982 ὲν
2448 928 2603 982 νυκτὶ
2629 929 2722 982 καὶ
2746 931 2804 982 ἐν
2826 930 3027 1001 ἡμέρᾳ,
3059 929 3364 1001 ᾁρπάζεται
3389 928 3445 981 δὲ
3469 928 3683 998 ἀπροσ-

2088 1020 2348 1092 δοκήτως,
2387 1023 2482 1076 καὶ
2522 1023 2584 1075 ού
2629 1020 2936 1090 γινώσκεις·
2996 1022 3097 1094 ὅρα
3146 1022 3222 1092 μή
3256 1037 3316 1073 σε
3351 1019 3605 1090 πλανήσῃ
3649 1021 3684 1072 6

2089 1111 2281 1184 ἐχθρὸς
2309 1116 2376 1184 τῇ
2406 1113 2500 1167 τοῦ
2532 1114 2878 1187 προπάτορος
2908 1115 3173 1185 ἁμαρτίᾳ,
3209 1114 3305 1167 καὶ
3336 1114 3395 1167 τὸ
3417 1114 3587 1183 τάχος
3616 1128 3681 1164 σε

2090 1203 2296 1275 ὲκὸάλῃ
2345 1204 2440 1257 τοῦ
2489 1205 2824 1277 παραδείσου
2876 1206 2976 1276 τῆς
3031 1207 3263 1276 τρυφῆς.
3333 1204 3391 1257 '0
3436 1205 3547 1275 γάρ
3585 1202 3685 1255 τὸν

2103 1294 2276 1367 Ἀδάμ
2304 1299 2368 1369 τῇ
2407 1298 2507 1368 τῆς
2549 1297 2807 1369 βρώσεως
2838 1298 3015 1369 κλοπῇ
3044 1297 3355 1367 ὑφελκύσας
3383 1297 3483 1367 τῆς
3506 1295 3681 1365 ζωῆς,

2092 1386 2469 1460 προσδοκήσας
2511 1405 2571 1442 τε
2613 1389 2706 1441 καὶ
2740 1388 2817 1459 (4)
2869 1388 3075 1460 Ἰησοῦν
3128 1386 3527 1452 ὑποσκελίζειν,
3576 1387 3684 1440 οὑκ

2092 1476 2496 1551 ὲντραπήσεται
2526 1479 2706 1551 πολλῷ
2736 1478 2937 1552 μᾶλλον
2960 1480 3054 1534 καὶ
3085 1482 3167 1534 σοι
3195 1478 3504 1552 κεράσαιτό
3523 1477 3684 1550 πρῶ-

2090 1584 2182 1621 τον
2230 1569 2400 1623 αἴτιον
2446 1568 2556 1623 τῶν
2604 1569 2814 1637 κακῶν,
2870 1570 3091 1642 ἰσχυρὸν
3139 1571 3468 1643 δηλητήριον
3514 1568 3684 1623 τοῦτο

2090 1658 2395 1729 γινώσκων.
2433 1663 2505 1715 Τὸ
2534 1661 2644 1734 γάρ
2676 1662 2778 1733 τῆς
2807 1662 3255 1734 γαστριμαργίας
3288 1662 3458 1726 πάθος
3488 1662 3592 1717 οὐκ
3618 1663 3683 1714 ὲν

408 1764 530 1804 rum
566 1752 749 1822 copia,
784 1752 951 1824 208
979 1753 1077 1809 sed
1106 1753 1165 1809 in
1215 1755 1547 1825 appetitione
1588 1762 1645 1810 et
1676 1754 1731 1809 in
1769 1752 1990 1810 modico

2101 1752 2289 1824 πλήθει
2320 1755 2624 1826 βρωμάτων
2651 1754 2752 1825 τὴν
2788 1754 2923 1809 ίδίαν
2958 1756 3111 1825 ἰσχὺν
3142 1753 3547 1809 ἐπιδείκνυσθαι
3580 1753 3685 1806 πέ-

408 1848 655 1911 gustatu,
699 1843 809 1897 vim
851 1860 1009 1899 suam
1042 1860 1299 1902 exserere
1338 1847 1498 1901 solet.
1532 1845 1676 1917 Ergo
1726 1846 1774 1902 si
1808 1844 1989 1901 brevis

412 1935 650 2003 alicujus
684 1944 938 2008 gustatus
978 1939 1244 2010 appetitio
1273 1940 1453 2010 potuit
1493 1940 1769 2009 subjicere
1812 1947 1868 1994 te
1904 1939 1990 1993 in-

416 2028 617 2097 gluviei
649 2028 804 2095 vitio,
855 2031 956 2085 tibi
998 2032 1151 2086 nullo
1189 2034 1406 2103 negotio
1443 2033 1728 2088 interitum
1778 2031 1986 2087 afferet.

409 2116 881 2181 Quemadmodum
930 2121 1077 2176 enim
1132 2137 1288 2192 aquae
1338 2123 1616 2193 scaturigo
1667 2122 1725 2177 in
1790 2122 1990 2177 multos

409 2210 609 2265 ductus
651 2209 828 2265 divisa
873 2210 1021 2279 facit,
1061 2219 1121 2266 ut
1179 2213 1360 2269 omnis
1399 2214 1554 2269 locus
1596 2213 1684 2270 his
1727 2212 1989 2271 ductibus

409 2301 811 2372 circumjacens
844 2304 1082 2360 virescat
1112 2321 1125 2357 :
1153 2306 1229 2360 ita
1269 2313 1321 2361 et
1355 2307 1495 2378 gulae
1527 2306 1717 2361 vitium
1766 2306 1812 2361 si
1841 2322 1902 2361 se
1933 2307 1989 2362 in

408 2408 507 2450 cor
544 2402 699 2467 tuum
744 2395 1017 2462 effuderit,
1068 2398 1248 2468 ipsum
1296 2396 1535 2469 irrigatis
1584 2398 1842 2454 omnibus
1881 2397 1989 2454 tuis

409 2488 689 2552 sensibus,
727 2489 822 2559 qui
852 2497 983 2546 sunt
1019 2490 1277 2560 nequitiae
1302 2491 1464 2561 quasi
1498 2491 1635 2546 silva
1671 2491 1728 2545 in
1759 2499 1810 2546 te
1850 2505 1986 2545 con-

410 2577 537 2644 sita,
585 2576 841 2632 animam'
878 2586 1027 2633 tuam
1067 2578 1309 2635 ferarum
1355 2579 1729 2634 habitaculum
1772 2578 1986 2635 ciiicict.

412 2668 525 2742 Ego
559 2672 707 2727 enim
745 2670 858 2724 vidi
901 2672 1130 2735 multos,
1165 2671 1259 2743 qui
1300 2671 1449 2727 vitiis
1483 2671 1779 2742 mancipati
1812 2670 1991 2727 redie-

411 2773 540 2819 runt
571 2763 639 2819 ad
670 2764 963 2819 sanitatem
995 2782 1007 2816 :
1036 2763 1132 2818 sed
1160 2778 1224 2819 ex
1263 2763 1521 2818 omnibus
1560 2777 1630 2816 ne
1661 2777 1832 2817 unum
1865 2763 1989 2832 qui-

411 2854 557 2917 dem,
593 2855 688 2925 qui
738 2855 953 2910 occulte
999 2854 1374 2924 manducaret,
1418 2861 1511 2908 aut
1552 2855 1778 2926 gulosus
1821 2861 1988 2920 esset,

412 2946 760 3002 emendatum
788 2947 900 3001 vidi
925 2964 939 3013 ;
969 2948 1079 3000 imo
1109 2962 1240 3003 vero
1265 2954 1359 3001 aut
1390 2948 1515 3002 vitae
1538 2948 1876 3003 continentis
1907 2948 1992 3001 in-

414 3041 667 3097 stitutum
699 3039 984 3106 deserunt,
1016 3046 1183 3110 atque
1209 3039 1262 3093 in
1300 3039 1505 3094 mundo
1539 3047 1988 3110 corrumpuntur,

2097 1860 2290 1913 φυκεν,
2336 1843 2452 1897 ἀλλ’
2500 1845 2557 1897 ὲν
2604 1842 2869 1915 ἐπιθυμία
2908 1843 3004 1898 καὶ
3051 1844 3222 1915 μικρᾷ
3261 1843 3449 1913 γεύσει
3477 1842 3579 1914 (5).
3614 1842 3683 1895 Ei

2095 1935 2274 1991 τοίνυν
2308 1936 2575 2008 ἐπιθυμία
2619 1935 2879 2008 βραχείας
2918 1935 3064 2000 τινὸς
3100 1937 3341 2006 γεύσεως
3376 1935 3587 2007 ἰσχύσει
3616 1952 3680 1989 σε

2096 2027 2422 2081 ὑποϐάλλειν
2443 2027 2523 2097 τῷ
2550 2028 2653 2098 τῆς
2682 2027 3128 2099 γαστριμαργίας
3162 2026 3345 2091 πάθει,
3374 2026 3683 2099 ἀκαμάτως

2097 2136 2158 2173 σε
2185 2117 2264 2190 τῷ
2302 2119 2516 2189 θανάτῳ
2542 2117 2877 2189 παραδώσει.
2920 2118 3131 2191 Ὥσπερ
3162 2118 3272 2190 γάρ
3304 2119 3466 2189 φύσις
3495 2136 3581 2182 τις
3600 2118 3680 2190 (6)

2096 2210 2289 2275 ὕδατος
2338 2209 2550 2273 πολλοῖς
2594 2210 2772 2274 ὁλκοῖς
2817 2210 3310 2283 προσδιαιρουμένη
3358 2210 3537 2265 πάντα
3586 2211 3684 2265 τὸν

2097 2302 2227 2374 περὶ
2257 2305 2382 2365 τοὺς
2407 2301 2600 2365 ὁλκοὺς
2631 2303 2795 2355 τόπον
2826 2300 3039 2356 θάλλειν
3074 2300 3504 2373 παρασκευάζει·
3533 2300 3682 2356 οὕτω

2095 2396 2191 2450 καὶ
2225 2396 2287 2449 τὸ
2318 2396 2419 2466 τῆς
2451 2394 2895 2468 γαστριμαργίας
2926 2395 3117 2460 πάθος,
3144 2396 3194 2452 εί
3226 2395 3457 2467 άναδοθῇ
3491 2412 3587 2450 σου
3612 2399 3680 2470 τῇ

2096 2486 2314 2557 καρδίᾳ,
2356 2485 2539 2549 πάσας
2573 2502 2666 2537 σου
2695 2484 2797 2548 τὰς
2830 2484 3111 2556 αἰσθήσεις
3143 2484 3382 2551 ποτίζον,
3415 2484 3549 2557 ὓλην
3582 2504 3685 2540 κα-

2097 2578 2222 2642 κίας
2246 2580 2305 2632 ὲν
2335 2578 2420 2631 σοὶ
2443 2576 2882 2647 καταφυτεῦσαν,
2909 2576 3115 2648 θηρίων
3142 2579 3565 2650 κατοικητήριον
3582 2578 3683 2651 τὴν

2098 2673 2197 2744 σὴν
2222 2671 2399 2744 ψυχὴν
2422 2671 2776 2741 καταστήσει.
2798 2669 3034 2734 Πολλοὺς
3054 2668 3165 2740 γάρ
3190 2669 3302 2739 ἐγὼ
3326 2670 3525 2725 πάθεσι
3546 2689 3685 2744 κρα-

2096 2763 2362 2836 τηθέντας
2394 2759 2535 2816 εἶδον
2573 2764 2632 2817 ὲν
2665 2762 2825 2834 ὑγεία
2852 2762 3198 2832 γενομένους,
3231 2761 3326 2815 ἕνα
3355 2762 3412 2814 δὲ
3443 2765 3512 2817 ὲκ
3545 2763 3686 2817 πάν-

2097 2872 2206 2910 των
2245 2855 2613 2926 λαθροφάγον,
2644 2855 2679 2926 ἢ
2716 2855 3131 2926 γαστρίμαργον
3167 2854 3267 2907 οὑκ
3306 2850 3467 2918 εἶδον,
3498 2854 3615 2910 ἀλλ’
3646 2852 3683 2927 ἢ

2099 2948 2515 3020 ἀπορραγέντας
2560 2946 2656 3001 τοῦ
2709 2946 3013 3017 ἐγκρατοῦς
3070 2946 3207 3017 βίου,
3260 2949 3354 3002 καὶ
3377 2948 3457 3019 τῷ
3490 2949 3685 3020 κόσμῳ

2097 3038 2517 3110 διαφθαρέντας,
2558 3037 2593 3109 ἢ
2632 3040 2745 3102 τοῖς
2793 3038 3117 3109 ὲγκρατέσιν
3169 3039 3684 3111 ὲναποκρύπτεσθατ

414 3142 508 3188 aut
552 3132 696 3187 inter
729 3132 1078 3188 continentes
1125 3132 1395 3188 occultari
1440 3140 1737 3199 conantur,
1776 3140 1832 3189 et
1875 3133 1993 3188 dia—

2101 3131 2491 3204 πειρωμένους,
2522 3131 2617 3185 καὶ
2636 3130 2715 3202 τῷ
2739 3130 2969 3200 διαϐόλῳ
2993 3132 3059 3202 τῇ
3088 3130 3390 3203 ἡδυπαθείᾳ
3420 3149 3689 3187 συνασπιο

413 3223 524 3279 boli
561 3223 697 3278 ﬁunt
733 3223 1140 3280 commilitones
1187 3238 1286 3295 per
1325 3224 1684 3296 voluptatem.
1739 3224 1805 3279 Hi
1848 3225 1994 3280 enim

415 3320 708 3375 mendaces
741 3327 891 3384 sunt,
920 3320 1109 3377 multis
1128 3320 1456 3391 juramentis
1483 3322 1728 3388 obnoxii,
1760 3323 1992 3395 perjuri,

414 3412 771 3477 contentiosi,
802 3412 869 3467 ad
897 3411 1267 3468 referiendum
1302 3414 1503 3485 parati,
1535 3414 1787 3480 clamosi,
1822 3426 1876 3471 et
1900 3416 1995 3486 qui

414 3511 615 3574 negent
659 3519 717 3558 se
757 3496 1085 3569 c‘omedisse,
1129 3504 1448 3572 illiberales,
1499 3503 1715 3570 molles,
1758 3505 1993 3576 queruli,

416 3601 779 3663 scrutatores,
833 3603 887 3651 et
931 3597 1025 3667 qui
1088 3597 1331 3652 tenebris
1369 3595 1666 3669 gaudeant,
1726 3614 1998 3670 omneque

413 3687 539 3743 vitae
573 3687 675 3759 piae
725 3702 791 3743 ac
835 3696 1040 3744 sanclae
1092 3687 1409 3744 institutum
1456 3690 1603 3744 ultro
1656 3698 1993 3761 oppugnent.

416 3776 654 3842 Etenim,
690 3785 748 3832 ut
781 3778 921 3849 gulae
945 3778 1138 3833 vitium
1167 3785 1483 3849 contegant,
1522 3779 1576 3833 in
1613 3781 1881 3864 malorum
1914 3780 1999 3835 in-

415 3869 607 3925 cidunt
642 3870 1049 3926 multitudinem
1079 3891 1091 3927 :
1120 3872 1213 3942 qui
1248 3871 1471 3943 quidem
1511 3873 1694 3942 specie
1725 3879 1887 3928 tenus
1916 3872 2000 3928 in-

416 3962 754 4026 ter‘electos,
794 3972 851 4018 at
888 3964 1070 4034 reipsa
1118 3964 1263 4017 inter
1305 3961 1570 4033 reprobos
1612 3970 1995 4020 numerantur.

488 4052 539 4109 7.
583 4053 856 4125 ingluvies
890 4055 1053 4110 morti
1087 4054 1316 4110 tradidit
1357 4055 1649 4123 Adamum,
1699 4064 1865 4126 atque
1903 4072 2000 4127 per

415 4148 625 4204 ventris
652 4148 989 4217 voluptatem
1023 4148 1230 4204 mundo
1276 4148 1507 4204 exitium
1540 4147 1729 4203 intulit
1748 4150 1815 4204 ⁸⁸.
1861 4149 2000 4204 Irri-

418 4237 578 4294 detur
607 4237 741 4305 Noe,
775 4239 946 4295 Cham
992 4241 1225 4299 devotus
1268 4251 1352 4298 est
1373 4243 1442 4309 δ’,
1495 4242 1842 4313 primogeniti
1870 4242 1998 4312 jura

421 4330 654 4387 admittit
687 4331 829 4388 Esau
851 4333 918 4399 ⁸³,
952 4341 1117 4405 atque
1157 4351 1282 4391 cum
1312 4335 1640 4392 Chananceis
1677 4335 1998 4393 atiinitatem

420 4424 694 4478 contrahit
715 4425 781 4480 ⁸⁸.
829 4422 933 4479 Lot
980 4425 1215 4480 ﬁliarum
1269 4428 1504 4481 maritus
1554 4426 1701 4491 fit",
1757 4427 1873 4496 ipse
1915 4426 1997 4481 sui

2098 3224 2376 3295 ζομένους.
2425 3221 2673 3275 Ψεῦσται
2708 3221 2817 3294 γάρ
2849 3223 2986 3276 είσιν
3017 3216 3182 3288 οὗτοι,
3217 3223 3532 3295 πολύορκοι,
3564 3226 3687 3279 ἐπί-

2096 3332 2268 3386 ορκοι,
2302 3313 2639 3378 άντιστάται,
2675 3313 3037 3384 άντιπλῆκται
3061 3314 3161 3386 (7),
3192 3314 3556 3387 άνακράκται,
3589 3317 3688 3391 άρ-

2096 3404 2410 3472 νησίφαγοι,
2461 3402 2829 3475 ἀνελεύθεροι,
2881 3405 3234 3477 ἁϐροδίαιτοι,
3298 3407 3682 3480 μεμψίμοιροι,

2098 3496 2407 3569 ἐρευνηταί,
2442 3499 2898 3568 σκοτεινοχαρεῖς,
2948 3499 3130 3570 πάσης
3156 3497 3260 3569 τῆς
3290 3499 3549 3572 ἐναρέτου
3585 3517 3686 3554 πο-

2097 3588 2301 3651 λιτείας
2326 3590 2451 3643 ἅντε
2461 3590 2657 3662 ργάται
2689 3589 2948 3645 ἑκούσιοι.
2982 3592 3101 3645 Ἵνα
3124 3591 3233 3664 γὰρ
3254 3592 3315 3646 τὸ
3334 3593 3435 3664 τῆς
3457 3610 3689 3666 γαστρι-

2102 3681 2344 3754 μαργίας
2378 3681 2549 3746 πάθος
2580 3681 2919 3748 σκεπάσωσι,
2946 3682 3025 3754 τῷ
3054 3682 3207 3755 ὲσμῷ
3235 3683 3347 3739 τῶν
3373 3686 3561 3739 κακῶν
3588 3703 3690 3739 πε-

2103 3774 2465 3847 ριπίπτουσιν·
2514 3774 2709 3837 οἵτινες
2747 3773 2827 3845 τῷ
2877 3774 2977 3845 μὲν
3023 3777 3265 3848 σχήματί
3309 3779 3449 3832 εἰσιν
3484 3781 3544 3834 ὲν
3570 3783 3689 3846 τοῖς

2100 3865 2449 3939 σωζομένοις,
2482 3870 2596 3931 τοῖς
2636 3867 2694 3920 δὲ
2740 3867 3064 3939 πράγμασιν
3105 3871 3164 3924 ἐν
3202 3872 3317 3936 τοῖς
3353 3889 3689 3946 κατακεκρι-

2103 3960 2290 4032 μένοις
2313 3961 2331 4029 ί
2336 3961 2413 4029 8).

2172 4051 2223 4105 7.
2258 4049 2406 4121 Αὕτη
2437 4051 2531 4103 τὸν
2574 4049 2748 4121 Ἀδὰμ
2781 4050 2996 4124 θανάτῳ
3032 4054 3337 4125 παρέδωκε,
3371 4056 3469 4110 καὶ
3490 4055 3569 4127 τῷ
3600 4056 3692 4111 κό-

2102 4160 2224 4214 σμῳ
2250 4142 2559 4196 συντέλειαν
2584 4142 2832 4211 ἐπήγαγε
2859 4145 2945 4199 διὰ
2969 4144 3068 4217 τὴν
3094 4145 3197 4217 τῆς
3215 4147 3452 4219 γαστρὸς
3463 4149 3686 4222 ἡδονήν.

2100 4231 2224 4285 Νῶε
2253 4232 2501 4302 γελᾶται,
2532 4231 2663 4302 Χὰμ
2682 4234 2755 4302 (9)
2780 4235 3177 4306 κεκατήραται,
3211 4236 3381 4291 Ἡσαῦ
3406 4239 3516 4293 τῶν
3536 4257 3692 4312 πρω-

2098 4327 2357 4379 τοτοκίων
2384 4325 2659 4390 ἐκπίπτει,
2686 4326 2780 4379 καὶ
2801 4327 2915 4389 τοῖς
2931 4327 3260 4392 Χαναναίοις
3280 4329 3693 4403 ἐπιγαμϐρεύε-

2099 4436 2211 4483 ται,
2242 4417 2365 4471 Λὼτ
2394 4417 2809 4488 θυγατρόγαμος
2834 4417 3062 4487 γίνεται,
3097 4420 3348 4493 γαμϐρὸς
3373 4422 3569 4477 ἑαυτοῦ
3593 4424 3691 4478 καὶ

421 4514 592 4586 Ipsius
632 4531 803 4586 gener
849 4526 904 4572 et
941 4531 1121 4583 socer,
1169 4527 1324 4589 pater
1372 4519 1478 4582 vir,
1528 4525 1584 4572 et
1636 4532 1771 4572 avus
1817 4525 1993 4587 pater,

2106 4509 2386 4580 πενθερός·
2417 4510 2446 4562 ὁ
2480 4510 2664 4579 πατὴρ
2698 4509 2857 4582 ἀνὴρ,
2887 4511 2982 4564 καὶ
3010 4512 3039 4564 ὁ
3073 4512 3297 4577 πάππος
3319 4513 3526 4587 πατὴρ.
3555 4517 3691 4570 ἐκα-

421 4609 678 4677 utrinque
738 4616 947 4664 natura
999 4611 1268 4666 terminos
1329 4610 1574 4665 afﬁciens
1636 4608 1995 4664 contumelia.

423 4702 549 4760 Harc
578 4703 744 4760 etiam
775 4702 1032 4759 lsraelem
1060 4703 1278 4774 impulit
1315 4704 1383 4759 ad
1406 4703 1746 4758 adorandum
1772 4700 2002 4757 simula-

2106 4601 2344 4675 τὲρωθεν
2369 4600 2496 4664 τοὺς
2520 4601 2680 4672 ὅρους
2703 4601 2803 4672 τῆς
2836 4601 3053 4671 φύσεως
3075 4603 3395 4676 ἐνυϐρίζων.
3421 4605 3572 4678 Αὕτη
3595 4608 3693 4660 καὶ

2105 4695 2198 4749 τὸν
2249 4693 2468 4767 Ἰσραὴλ
2495 4692 2717 4746 εἰδώλου
2747 4694 3131 4768 προσκυνητὴν
3168 4697 3391 4768 ἐποίησε
3431 4695 3568 4769 (10),
3598 4698 3693 4751 καὶ

491 4826 536 4859 ⁸⁸
572 4823 733 4879 Prov.
769 4839 846 4889 tv,
877 4823 970 4878 23.
1045 4822 1090 4856 εί
1130 4821 1265 4879 Gen.
1299 4837 1398 4887 ιιι,
1434 4822 1489 4878 6.
1564 4821 1609 4853 ⁸³
1649 4819 1784 4875 Gen.
1822 4833 1912 4885 ιι,
1946 4815 1993 4869 2‘

2101 4812 2183 4868 25.
2258 4811 2305 4843 ⁸³
2344 4809 2480 4865 Gen.
2517 4823 2645 4875 xxv,
2680 4808 2769 4863 35.
2845 4806 2892 4840 ⁸⁸
2930 4808 3068 4865 Gen.
3105 4826 3295 4869 xxxvi.
3328 4810 3386 4865 2.
3458 4815 3509 4849 ιι
3550 4812 3689 4871 Gen.

423 4912 547 4961 xix,
579 4895 668 4951 '55.

424 5010 597 5067 Paris.
627 5018 681 5066 et
707 5011 881 5065 editio
918 5009 1057 5065 Ven.
1086 5008 1144 5063 in
1180 5007 1427 5077 margine
1463 5004 1629 5076 πολλῇ
1656 5020 1717 5056 τε
1745 5001 2002 5125 τῗὸπείρᾳ

431 5080 530 5125 τῶν
552 5082 921 5125 «semenstri-mw
970 5078 1223 5125 ποοωανῆ
1274 5095 1354 5125 σοι
1388 5075 1560 5125 ταῦτα
1600 5073 1793 5125 ωαινέσ
1830 5090 2001 5125 ωσαν.

431 5080 530 5134 τῶν
552 5082 921 5135 πεπτωκότων
970 5078 1227 5152 προφανῆ
1274 5073 1354 5151 σοι
1388 5075 1560 5130 ταῦτα
1600 5073 2001 5152 ἑραινέσῼωσαν,

424 5161 470 5206 et
499 5168 591 5220 per
634 5153 858 5206 multam
903 5143 1292 5219 experientiam
1322 5162 1503 5202 eorum
1551 5146 1639 5216 qui
1680 5143 1812 5213 lapsi
1858 5151 2001 5207 sunt,

425 5223 709 5292 manifesta
738 5224 885 5293 [iant
905 5220 1239 5293 ist/Imc‘tilzi.
1258 5289 1272 5293 _
1290 5288 1303 5293 _
1733 5282 1745 5293 ι
1910 5281 1947 5293 __
1971 5281 1984 5293 ,

494 5281 582 5364 (5)’
604 5281 829 5363 Λιιιίὴυὶ
855 5290 965 5347 duo
994 5290 1119 5366 libri
1142 5288 1371 5366 καρδίας
1393 5282 1883 5366 προσφερομένοις.
1910 5281 2010 5337 ιω.

426 5353 705 5486 dctiu'dtres
751 5353 889 5418 inss.
930 5353 1235 5434 πρόστρεχέ
1272 5353 1517 5431 γέρουσι.
1554 5353 1705 5412 Εᾱὶιί
1749 5353 2008 5425 πρόσεχε,

426 5442 478 5486 ai
504 5450 564 5485 en
605 5451 651 5486 e.

426 5441 651 5487 aitende.

496 5502 572 5574 (4)
603 5504 742 5558 Editi
772 5511 825 5558 ct
851 5501 986 5572 Reg.
1023 5503 1218 5557 tertius
1247 5498 1631 5574 προσδοκήσας
1660 5513 1719 5550 τε
1749 5492 1864 5547 καί.
1897 5492 2002 5547 Alii

427 5572 690 5646 duhigrmss.
724 5575 1105 5646 προσδοκήσας
1131 5588 1192 5624 τε
1215 5573 1328 5646 καί.

502 5644 577 5716 (5)
608 5635 999 5716 Regii'primus'
1025 5635 1312 5716 etAtertius
1342 5639 1457 5716 ἀλλ’
1491 5642 1547 5716 ἐν
1576 5636 1842 5716 ἐπιθυμία
1870 5635 2005 5716 βρεα-

428 5692 578 5793 εεὲἆξ
1417 5692 1622 5783 ἰσχύσει
1658 5692 2002 5770 καταϐαλέῖν,

2107 4999 2196 5082 sed
2240 5000 2296 5053 in
2331 4996 2498 5051 brevis
2530 4994 2811 5068 cujusdam
2848 4995 3055 5065 saporis
3096 4992 3431 5064 appetitione.
3477 4989 3694 5047 Etenim

2106 5077 2414 5206 “’(giciiox
2440 5155 2523 5203 τις
2554 5152 2623 5192 ex
2653 5137 2894 5206 antiquis
2921 5135 3135 5191 duobus
3162 5133 3320 5206 libris
3364 5131 3691 5206 additaest.

2203 5152 2258 5203 δ)
2301 5152 2414 5192 vox
2440 5155 2523 5203 τις
2554 5152 2623 5192 ex
2653 5152 2894 5206 anuquns
2921 5152 3135 5191 auonus
3164 5152 3320 5189 IIDI‘IS
3364 5152 3548 5187 auulsa
3582 5152 3691 5188 ess.

2180 5152 2260 5293 l7)
2292 5208 2472 5264 Editio
2503 5217 2736 5278 utraque
2761 5206 3145 5279 ἀντίπληκται.
3173 5202 3307 5276 Reg.
3331 5204 3530 5259 tertius
3552 5203 3699 5257 ἀντι.

2113 5279 2523 5422 πλξῖέῖτῗίὸιῑρυί
2553 5347 2662 5404 duo
2702 5347 2827 5404 libri
2870 5349 2984 5412 τοῖς
3025 5347 3083 5401 δὲ
3109 5345 3399 5418 πράγμασι
3449 5361 3697 5400 κατακε-

2111 5421 2536 5563 κρίξξὶίῖίίοαηιιο
2575 5488 2743 5563 editio
2770 5495 2825 5544 et
2871 5486 3006 5563 Reg.
3048 5487 3246 5543 tertius
3276 5485 3373 5540 καὶ
3399 5483 3552 5555 Χάμ.
3582 5481 3693 5538 νο.

2112 5560 2239 5617 cula
2278 5562 2370 5615 καί
2398 5560 2695 5617 ἱιῐᾱυοῢιιε
2726 5575 2862 5615 mss.
2893 5560 3069 5614 deest.

2185 5630 2297 5701 (10)
2348 5630 2726 5704 Regaprimus
2770 5628 3154 5704 προσκυνητὴν
3204 5625 3521 5699 πεποίηται.
3556 5622 3693 5695 Reg.

2113 5704 2308 5761 tertius
2335 5702 2620 5774 πεποίηκε.
