3982 6240
220 366 319 421 641

1106 364 1338 419 SEllMO
1379 365 1465 417 DE
1504 362 2072 420 RENUNTIATIONE
2114 365 2408 429 ΞᾸΞΟΙΙΜ,
2441 364 2594 421 ETC.

3401 362 3506 417 (ΗΕΒ

217 480 426 533 τούτων
450 481 523 531 τὰ
551 478 707 532 κῶλα
738 480 798 531 ὲν
822 482 895 550 τῇ
936 480 1127 551 ἐρήμῳ
1166 484 1355 534 πεσεῖν
1379 482 1814 554 παρεσκεύασεν.

1923 496 2100 546 crum,
2134 498 2435 552 eorumque
2464 481 2732 535 cadavera
2772 482 2825 535 in
2858 482 3079 536 deserto
3113 480 3411 550 prostravit
3434 480 3501 532 “.

216 570 366 640 Αὕτη
404 570 501 622 καί
532 586 655 621 τινα
687 569 799 623 τῶν
831 570 1148 641 προφητῶν,
1178 572 1270 623 ἐπὶ
1291 571 1499 644 ἐλέγχῳ
1534 575 1816 645 ἀνοσιουρ-

217 659 316 730 τοῦ
352 659 622 729 βασιλέως
666 660 778 713 ἀπὸ
821 660 958 713 Θεοῦ
991 662 1390 726 ἀποσταλέντα,
1429 665 1622 734 ἀγρίου
1650 665 1817 736 θηρὸς

220 749 386 820 βορὰν
418 750 718 819 πεποίηκε·
756 752 854 803 καὶ
886 750 945 803 ὃν
972 752 1072 803 οὐκ
1108 752 1329 821 ῐσχυσεν
1366 753 1649 824 Ἰεροϐοὰμ
1673 756 1700 806 ό
1722 753 1819 823 βα-

221 842 401 905 σιλεὺς
438 844 539 895 σὺν
565 843 715 914 πάσῃ
743 847 811 915 τῇ
842 844 1093 914 βασιλικῇ
1129 844 1359 915 δυνάμει
1386 845 1717 916 ἀμύνασθαι,
1750 848 1814 916 τῇ

217 936 317 1005 τῆς
351 937 596 1006 γαστρὸς
640 935 826 1006 ἀπάτῃ
868 935 1115 1007 ληφθεὶς,
1164 935 1394 989 ἐλεεινὸν
1432 937 1818 991 θάνατονάπο-

218 1029 469 1098 φέρεται.
497 1028 702 1098 Δανιὴλ
734 1028 791 1081 δὲ
818 1030 846 1080 ὁ
870 1028 1178 1098 ἐπιθυμιῶν
1208 1028 1369 1101 ἀνὴρ,
1402 1031 1685 1101 κρατήσας
1718 1048 1818 1098 γα-

220 1122 401 1189 στρὸς,
441 1119 730 1190 βασιλείας
774 1119 1057 1172 Χαλδαίων
1098 1122 1546 1191 κατεκυρίευσεν,
1584 1120 1818 1174 εἰδώλων

216 1214 561 1284 καθαιρέτης
621 1213 938 1282 γενόμενος,
996 1213 1093 1265 xa‘t
1151 1212 1449 1283 δράκοντος
1504 1213 1813 1284 άναιρέτης,

216 1303 449 1356 λεόντων
494 1302 874 1371 παιδαγωγὸς,
915 1301 1382 1371 ὲνανθρωπήσεως
1411 1302 1547 1355 Θεοῦ
1577 1319 1815 1373 προαγο-

218 1393 436 1464 ρευτὴς,
454 1395 557 1445 καὶ
577 1392 893 1463 μυστηρίων
911 1390 1243 1462 ἀποκρύφων
1263 1391 1557 1462 ἐξηγητής.
1578 1392 1818 1463 Γαστρὸς

217 1484 406 1554 ἡδονῆς
424 1484 697 1554 ἀνώτεροι
725 1482 988 1551 φανέντες
1010 1484 1058 1533 οἰ
1084 1485 1232 1552 τρεῖς
1258 1482 1401 1549 ᾶγιοι
1421 1484 1629 1547 παῖδες,
1648 1483 1817 1554 ὀργῆς

219 1576 507 1646 βασιλικῆς
536 1575 1008 1646 ὑπερεφρόνησαν,
1054 1573 1150 1626 καὶ
1186 1574 1285 1643 τῆς
1325 1574 1563 1646 φοϐερᾶς
1603 1576 1818 1646 ἐκείνης

216 1668 445 1739 καμίνου
480 1668 587 1737 τῆς
614 1667 932 1738 καιομένης,
967 1667 1033 1736 ἣν
1064 1668 1282 1736 ἴσχυσεν
1310 1667 1511 1736 ἀνάψαι
1541 1668 1818 1737 Ναϐουχο-

216 1759 436 1828 δονόσορ
468 1760 499 1810 ὁ
538 1756 796 1825 βασιλεὺς
818 1798 833 1822 ,
865 1757 1097 1827 ἀπτοητὶ
1127 1757 1564 1828 κατετόλμησαν.
1619 1759 1816 1811 Εἰκόνα

1920 571 2045 626 ﬂare
2081 584 2134 628 et
2165 574 2455 644 quemdam
2494 574 2818 643 prophetam
2863 574 2955 643 qui
3001 588 3029 625 a
3076 572 3184 627 Deo
3215 573 3281 626 ad
3314 573 3505 641 objur-

1920 666 2157 736 gandum
2202 668 2431 737 impium
2461 681 2642 736 regem
2675 664 2852 719 fuerat
2896 668 3122 726 missus,
3160 662 3287 717 ferae
3316 663 3505 716 bestiae

1920 755 2180 823 pabulum
2215 757 2379 809 ellicit
2409 775 2421 811 :
2448 763 2500 809 et
2541 772 2704 824 quem
2736 754 3023 808 Jeroboam
3067 770 3161 807 rex
3196 768 3318 807 cum
3353 752 3505 808 omni

1924 848 2074 915 regia
2108 854 2381 916 potestate
2426 847 2616 901 ulcisci
2652 861 2757 900 non
2793 854 3027 916 poterat,
3066 847 3112 898 is
3138 844 3342 898 ventris
3376 858 3507 898 sua-

1919 936 2038 990 dela
2070 947 2282 1005 captus.
2326 936 2695 990 miserandam
2728 944 2960 988 mortem
3003 933 3193 1002 recipit
3217 933 3284 989 “7.
3314 931 3504 985 Daniel

1917 1044 2047 1082 vero
2071 1028 2470 1082 desideriorum
2504 1029 2586 1081 vir
2608 1028 2675 1092 ⁸⁸,
2705 1028 2933 1081 subacto
2965 1035 3020 1081 ct
3054 1028 3262 1081 domito
3290 1035 3500 1087 ventre,

1919 1119 2126 1188 potitus
2160 1126 2243 1173 est
2277 1135 2445 1188 regno
2480 1118 2859 1172 Chaldieorum
2880 1119 2949 1183 ⁸⁸,
2981 1119 3183 1172 idolum
3215 1118 3409 1172 evertit
3431 1118 3502 1183 π,

1920 1210 2217 1265 draconem
2264 1211 2540 1265 interemit
2562 1212 2631 1275 ’⁸,
2665 1212 2899 1265 frenavit
2935 1213 3121 1265 leones
3146 1212 3211 1273 ",
3250 1226 3504 1280 praanun-

1919 1299 2075 1352 tiavit
2130 1299 2222 1352 Dei
2273 1300 2707 1355 incarnationem
2740 1302 2806 1363 ⁸³,
2855 1309 3021 1373 atque
3073 1305 3331 1374 mysteria
3373 1306 3503 1360 abs-

1920 1402 2075 1446 trusa
2152 1392 2543 1462 interpretatus
2591 1404 2677 1449 est
2696 1396 2762 1450 “.
2813 1395 3000 1449 Sancti
3051 1404 3163 1452 tres
3212 1398 3365 1466 pueri
3406 1396 3500 1467 qui

1918 1484 2127 1538 ventris
2174 1485 2453 1554 voluptate
2511 1488 2823 1557 superiores
2867 1490 3165 1553 exstitere,
3224 1490 3303 1543 ira
3356 1491 3502 1560 regis

1920 1583 2267 1646 contempta,
2313 1578 2364 1630 in
2410 1576 2690 1634 fornacem
2731 1581 2873 1635 hanc
2928 1583 3256 1637 horrendam
3309 1592 3363 1638 et
3412 1599 3502 1637 ar-

1920 1668 2137 1723 dentem
2188 1669 2747 1728 Nabuchodonosoris
2792 1675 3123 1744 regisjussu
3175 1691 3501 1731 succensam

1921 1761 2180 1832 intrepidi
2227 1764 2560 1820 descendere
2613 1766 2731 1819 ausi
2782 1768 2999 1821 sunt”.
3051 1767 3300 1824 Statuam
3351 1770 3502 1825 illam

218 1850 423 1920 χρυσῆν
467 1848 902 1918 θεοποιουμένην
944 1848 1118 1918 ἀργὴν
1151 1848 1465 1913 ἀπέδειξαν·
1500 1852 1596 1903 καὶ
1626 1850 1724 1921 τὴν
1759 1853 1814 1903 ὲν

1923 1868 2041 1921 quae
2069 1868 2167 1923 pro
2199 1853 2311 1909 Deo
2364 1855 2691 1921 habebatur,
2747 1874 2943 1912 vanam
2992 1875 3114 1915 esse
3162 1876 3227 1916 ac
3270 1862 3499 1917 inertem

222 1938 399 2008 πολλῷ
435 1938 626 2009 χρόνῳ
656 1938 1198 1993 κατασκευασθεῖσαν
1229 1939 1335 1992 ὑπὸ
1361 1940 1455 1993 τοῦ
1486 1943 1702 1995 Σατανᾶ
1731 1942 1816 2011 ἐφ’

222 2030 371 2101 ῦϐρει
404 2031 511 2100 τῆς
540 2029 634 2083 τοῦ
666 2030 802 2083 Θεοῦ
832 2030 1011 2101 δόξης,
1042 2032 1259 2103 λάφυρα
1290 2032 1566 2095 λαϐόντες,
1598 2033 1677 2103 τῷ
1706 2033 1818 2104 ἰδίῳ

218 2124 467 2195 Δεσπότῃ
523 2125 995 2195 προσενηνόχασιν
1039 2125 1172 2196 (Η).
1223 2126 1397 2177 Αὑτὸν
1438 2126 1529 2178 τὸν
1571 2125 1816 2195 ἔχθιστον

223 2215 461 2285 βασιλέα,
493 2216 597 2267 καὶ
626 2215 775 2269 ἅπαν
800 2215 861 2267 τὸ
886 2216 1026 2269 κατὰ
1055 2215 1148 2268 τοῦ
1174 2215 1309 2269 Θεοῦ
1338 2217 1699 2285 στρατόπεδον
1722 2219 1818 2270 σὺν

223 2310 363 2378 πάσῃ
382 2306 501 2378 (12)
522 2310 592 2376 τῇ
617 2307 796 2360 κτίσει
820 2308 1082 2379 ύμνῳδεῖν
1102 2308 1193 2361 τὸν
1214 2308 1346 2361 Θεὸν
1371 2309 1813 2379 παρεσκεύασαν.

221 2401 346 2465 Καὶ,
375 2402 469 2453 ῖνα
496 2400 686 2453 πάντα
716 2398 951 2452 συνελὼν
980 2400 1138 2468 εῖπω,
1164 2402 1212 2454 εἰ
1236 2402 1533 2473 κρατήσεις
1559 2400 1813 2473 γαστρὸς,

222 2492 463 2561 οἰκήσεις
483 2491 585 2543 τὸν
612 2490 965 2560 παράδεισον·
990 2493 1037 2544 εἰ
1065 2492 1123 2545 δὲ
1144 2493 1207 2545 οὐ
1234 2493 1533 2564 κρατήσεις
1549 2532 1563 2556 ,
1587 2492 1818 2561 γέγονας

223 2580 452 2634 θανάτου
484 2580 898 2652 παρανάλωμα.

290 2760 340 2813 8.
370 2758 543 2812 Γενοῦ
571 2760 894 2827 πιστὸςῌὸ)
918 2761 1187 2834 θησαυρὸς
1216 2764 1325 2817 τῶν
1355 2764 1586 2835 ἀρετῶν,
1617 2768 1707 2820 καὶ
1727 2767 1817 2838 ἔχε

227 2849 403 2902 κλεῖδα
416 2850 519 2919 τὴν
538 2849 636 2901 τοῦ
657 2852 1025 2919 πνευματικοῦ
1045 2870 1137 2905 σου
1156 2855 1362 2925 πατρὸς
1379 2856 1652 2922 γλῶσσαν.
1669 2857 1817 2930 Αὕτη

230 2956 314 2992 σου
330 2942 606 3009 ἀνοιγέτω
620 2942 685 2994 τὸ
700 2943 874 3018 στόμα
896 2944 1028 3015 πρὸς
1050 2945 1348 3016 μετάληψιν
1364 2948 1551 3017 ἄρτου,
1570 2950 1663 3001 καὶ
1678 2950 1816 3021 αὕτη

230 3034 594 3087 ἀποκλειέτω.
636 3035 730 3105 Μὴ
766 3037 1042 3107 παραδέξῃ
1076 3036 1379 3106 σύμϐουλον
1406 3039 1496 3091 τὸν
1528 3041 1672 3109 ὅφιν,
1698 3043 1819 3095 ἀντὶ

229 3127 390 3198 καλῆς
406 3127 749 3199 συμϐουλίας
764 3128 893 3197 (15')
912 3129 1198 3202 συλαγωγῆ
1208 3132 1294 3184 σαί
1309 3148 1366 3183 σε
1385 3132 1626 3187 θέλοντα.
1640 3136 1816 3205 Μέχρι

229 3218 465 3287 γεύσεως
495 3218 757 3291 γλώσσης
794 3220 1061 3290 φυλάττου
1099 3221 1470 3295 λαθροφαγίας
1515 3226 1808 3297 ἁμαρτίαν.

232 3312 411 3383 Εἰγάρ
440 3330 501 3365 σε
526 3316 588 3366 ὲν
614 3312 799 3384 μικρῷ
819 3314 1016 3383 τρέψαι
1038 3316 1263 3385 ἰσχύσει,
1294 3316 1454 3370 ἔϐαλέ
1478 3334 1535 3369 σε
1556 3321 1621 3389 τῇ
1649 3319 1811 3391 πάλῃ,

231 3405 319 3455 καὶ
350 3405 572 3475 συνέχει
613 3421 675 3456 σε
712 3408 823 3467 τοῖς
856 3406 1093 3476 δεσμοῖς.
1138 3407 1229 3478 Μὴ
1271 3408 1439 3479 ὕπεχε
1471 3411 1538 3464 τά
1570 3407 1684 3465 ὦτά
1722 3430 1813 3465 σου

234 3497 390 3548 παντὶ
417 3496 697 3561 λαλοῦντι,
728 3499 822 3550 καὶ
849 3498 923 3568 μὴ
948 3498 1246 3569 ἀποκρίνου
1280 3503 1445 3554 παντὶ
1467 3502 1818 3573 ἀδολεσχοῦν-

232 3606 303 3652 τι,
336 3591 396 3641 ὲν
424 3589 674 3659 ὁμιλίαις
706 3589 784 3658 τῷ
819 3591 1005 3662 σκοπῴ
1038 3593 1133 3662 τῆς
1165 3593 1453 3662 ἀσκήσεως
1485 3594 1559 3666 μὴ
1581 3597 1815 3667 συμϐαι-

237 3680 449 3743 νούσαις
466 3682 606 3751 tu).
626 3682 870 3749 ’Δγαθῶν
883 3683 1034 3751 διδαγ
1041 3686 1224 3753 μάτων
1242 3685 1393 3753 γίνου
1411 3688 1701 3759 ἀκροατὴς,
1723 3690 1817 3742 καὶ

238 3776 299 3843 τῇ
322 3774 530 3827 τούτων
556 3773 757 3847 μελέτῃ
784 3776 945 3845 συντή
954 3793 1036 3847 ρει
1060 3775 1156 3847 σὴν
1178 3776 1427 3847 καρδίαν.
1457 3779 1696 3833 Φύλαττέ
1722 3797 1813 3833 σου

239 3867 300 3917 τὰ
316 3860 431 3919 ὦτα
447 3867 559 3920 ἀπὸ
584 3868 864 3937 κοσμικῶν
884 3868 1256 3939 διηγημάτων,
1278 3870 1474 3939 μήπως
1492 3872 1817 3942 ραντίσματι

244 3958 500 4031 βορϐόρου
543 3962 643 4030 τὴν
673 3961 849 4031 ψυχήν
888 3977 980 4012 σου
1037 3959 1335 4033 σπιλώσῃς.
1383 3960 1475 4032 Μὴ
1511 3963 1685 4031 κάμνε
1728 3965 1815 4015 ὲνυ

242 4052 543 4121 ἀκροᾶσθαι
590 4053 657 4105 τὰ
704 4056 832 4123 παρ’
864 4054 1063 4123 ἑτέρων
1110 4052 1435 4124 λαλούμενα,
1484 4055 1617 4125 μηδὲ
1660 4055 1818 4126 βάλλε

241 4145 482 4214 κεφαλήν
507 4161 603 4197 σου
628 4146 685 4196 ὲν
710 4146 858 4215 μέσῳ
883 4145 990 4198 τῶν
1019 4145 1369 4215 ὁμιλούντων·
1404 4148 1487 4200 ἵνα
1522 4148 1595 4219 μὴ
1629 4149 1722 4200 καὶ
1754 4149 1817 4201 σὺ

244 4236 639 4307 μυκτηρισθῇς,
693 4239 785 4290 ml.
827 4239 1022 4301 αὐτοὺς
1068 4239 1404 4303 καταλάλους
1436 4243 1690 4312 ποιήσῃς.
1728 4242 1817 4311 Μὴ

242 4332 328 4383 ἔσο
344 4331 659 4402 περίεργος,
682 4332 814 4403 μηδὲ
830 4332 1005 4386 πάντα
1024 4332 1238 4402 βλέπειν
1257 4332 1399 4395 θέλε,
1418 4334 1505 4387 ἵνα
1526 4334 1597 4403 μὴ
1620 4334 1819 4405 ἰχῶρας

1919 1946 2313 2001 ostenderunt:
2342 1956 2395 2002 et
2427 1963 2547 2017 quae
2582 1950 2754 2002 multo
2787 1958 3033 2020 tempore
3062 1967 3093 2005 a
3126 1951 3329 2008 Satana
3368 1970 3502 2009 con-

1919 2045 2127 2092 structa
2164 2038 2340 2093 fuerat
2369 2041 2437 2094 ad
2484 2041 2577 2095 Dei
2618 2043 2846 2111 gloriam
2892 2044 3093 2113 injuria
3132 2046 3498 2115 aliieiendam,

1917 2145 2037 2184 eam
2067 2146 2167 2184 ceu
2202 2132 2438 2201 spolium
2472 2135 2822 2203 accipientes,
2859 2138 3107 2192 eamdem
3134 2155 3236 2194 suo
3271 2140 3499 2197 Domino

1918 2224 2239 2280 attulerunt.
2297 2224 2361 2279 lli
2400 2227 2551 2282 fuere
2596 2237 2874 2294 auctores,
2921 2239 2979 2283 ut
3026 2232 3144 2301 ipse
3187 2233 3499 2290 infensissi-

1917 2332 2039 2371 mus
2067 2333 2163 2370 rex
2200 2327 2255 2373 et
2286 2321 2563 2376 exercitus
2595 2322 2797 2385 omnis,
2828 2339 2990 2393 quem
3038 2325 3300 2381 adversus
3328 2325 3497 2382 Deum

1917 2408 2277 2474 instruxerat,
2306 2409 2476 2464 Deum
2507 2426 2630 2464 cum
2675 2413 2827 2466 omni
2860 2424 3117 2468 creatura
3154 2416 3376 2485 hymnis
3407 2432 3502 2473 ce-

1919 2499 2195 2554 lebrarent
2219 2502 2285 2555 9‘.
2322 2501 2407 2565 Et,
2445 2515 2504 2556 ut
2534 2503 2687 2558 brevi
2719 2506 2901 2559 omnia
2934 2507 3134 2571 dicam,
3174 2510 3222 2563 si
3254 2520 3498 2565 ventrem

1918 2593 2163 2658 edomas,
2200 2594 2475 2651 habitabis
2506 2596 2824 2667 paradisum
2855 2617 2867 2652 :
2896 2600 2989 2653 sed
3028 2600 3073 2655 si
3105 2616 3216 2655 non
3245 2602 3494 2668 edomas,

1920 2698 1949 2736 a
1980 2693 2154 2739 morte
2193 2688 2521 2743 absumeris.
3062 2742 3073 2755 ,

1990 2775 2043 2830 8.
2087 2768 2175 2832 Sis
2225 2778 2363 2833 fidus
2408 2779 2672 2834 virtutum
2729 2781 3047 2846 thesaurus,
3099 2785 3288 2855 tuique
3336 2786 3500 2856 spiri~

1919 2867 2084 2920 tualis
2115 2868 2279 2938 209
2308 2868 2481 2939 patris
2535 2870 2719 2941 lingua
2773 2886 2873 2925 ceu
2940 2876 3079 2930 clavi
3130 2884 3304 2931 utere.
3370 2878 3499 2932 Hazc

1921 2958 2131 3025 aperiat
2170 2973 2232 3012 os
2280 2966 2437 3013 tuum
2473 2961 2540 3015 ad
2582 2966 2977 3021 assumendum
3032 2982 3250 3036 panem,
3284 2969 3401 3024 haec
3443 2980 3499 3025 et

1920 3049 2099 3119 ipsum
2133 3050 2372 3106 claudat.
2418 3050 2497 3108 Ne
2541 3055 2801 3111 admittas
2852 3060 3229 3114 consiliarium
3274 3077 3502 3133 serpen-

1920 3148 2050 3207 tem,
2102 3143 2194 3213 qui
2248 3143 2375 3198 boni
2424 3147 2639 3201 consilii
2675 3148 2794 3203 loco
2832 3151 3072 3221 prmdam
3124 3162 3177 3206 te
3230 3152 3502 3210 abducere

1920 3234 2088 3302 cupit.
2148 3234 2267 3291 Vita
2317 3238 2674 3295 clandestina:
2725 3254 3051 3299 comesturaa
3086 3255 3371 3315 peccatum
3418 3248 3500 3302 vel

1922 3341 2096 3395 usque
2122 3328 2189 3382 ad
2218 3329 2416 3399 linguae
2441 3340 2682 3401 gustum.
2711 3333 2923 3389 Etenim
2954 3338 3000 3391 si
3034 3338 3086 3391 in
3110 3339 3328 3393 modico
3345 3354 3503 3394 ever-

1922 3424 2038 3472 tere
2080 3426 2134 3473 te
2163 3423 2421 3490 potuerit,
2455 3424 2599 3478 lucta
2640 3434 2691 3479 te
2724 3429 3027 3497 superabit,
3060 3437 3221 3499 teque
3261 3432 3501 3487 vinculis

1922 3511 2284 3583 constringet.
2315 3512 2392 3568 Ne
2421 3516 2667 3585 praebeas
2700 3524 2823 3573 tuas
2858 3534 3021 3575 aures
3051 3521 3339 3590 quibusvis
3373 3538 3501 3593 gar-

1921 3604 2216 3669 rientibus,
2249 3622 2386 3661 neve
2414 3608 2750 3679 respondeas
2781 3612 3009 3666 cuilibet
3038 3615 3293 3683 nugatori
3337 3615 3393 3669 in
3430 3616 3502 3673 iis

1922 3696 2235 3765 colloquiis,
2271 3714 2393 3769 qua:
2423 3702 2526 3769 piae
2556 3705 2969 3759 exercitationis
2997 3705 3250 3765 instituto
3276 3707 3501 3762 minime

1923 3792 2276 3845 conveniant.
2317 3793 2552 3848 Auditor
2585 3794 2683 3851 fias
2717 3796 3173 3851 documentorum
3202 3798 3500 3865 bonorum,

1922 3886 1975 3932 et
2007 3879 2203 3934 borum
2255 3883 2610 3940 meditatione
2638 3901 2796 3940 serva
2846 3902 2944 3940 cor
2973 3894 3149 3941 tuum.
3184 3886 3415 3943 Avertas
3465 3904 3500 3943 ιι

1922 3970 2217 4027 mundanis
2265 3976 2614 4031 sermonibus
2663 3983 2786 4031 tuas
2829 3992 3012 4042 aures,
3058 3993 3126 4033 ne
3169 3977 3310 4033 forte
3352 3980 3499 4033 caeni

1921 4062 2270 4130 respersione
2317 4065 2555 4118 animam
2592 4068 2961 4123 commacules
2995 4075 3168 4121 tuam.
3215 4066 3293 4123 Ne
3334 4084 3499 4124 cures

1922 4152 2113 4206 audire
2165 4154 2395 4207 aliorum
2446 4156 2626 4221 verba,
2664 4172 2841 4227 neque
2881 4164 3044 4229 caput
3073 4166 3229 4212 tuum
3283 4159 3337 4213 in
3384 4175 3501 4214 me-

1921 4243 2071 4296 dium
2111 4244 2543 4314 colloquentium
2582 4248 2843 4304 immittas
2871 4266 2884 4304 :
2910 4266 2977 4304 ne
3024 4259 3078 4304 et
3106 4256 3161 4303 tu
3192 4250 3496 4315 irridearis,

1921 4343 1974 4387 et
1999 4333 2150 4403 ipsos
2181 4336 2580 4392 obtrectatores
2612 4338 2835 4395 efficias.
2875 4339 2952 4395 Ne
2983 4341 3058 4395 sis
3089 4341 3365 4406 curiosus,
3397 4357 3497 4396 ne-

240 4421 423 4474 παθῶν
450 4422 563 4493 (15)
597 4425 661 4492 τῇ
687 4422 891 4495 διανοίᾳ.
924 4441 1018 4477 σου
1052 4426 1349 4499 κατάσχῃς.
1382 4424 1668 4497 Χρειωδῶς
1693 4427 1813 4495 ὅρα,

1923 4443 2027 4497 que
2061 4427 2245 4481 omnia
2278 4428 2477 4484 intueri
2505 4430 2664 4497 velis,
2706 4442 2763 4487 ut
2798 4448 2867 4488 ne
2898 4433 3157 4487 vitiorum
3199 4434 3407 4488 saniem
3437 4433 3493 4487 in

377 4576 565 4654 -895".-
607 4578 837 4654 Ἡνξβῖ·
911 4580 954 4613 ⁸⁷
996 4579 1060 4633 ΙΙΙ
1095 4581 1227 4654 Reg.
1261 4598 1410 4654 χιιι..
1438 4581 1527 4636 24.
1606 4580 1650 4611 ⁸⁸
1690 4580 1814 4634 Dan.

1928 4623 1940 4646 ,
1976 4582 2174 4654 25ης,
2214 4584 2402 4640 11-19.
2477 4584 2522 4619 ⁸⁸
2561 4585 2699 4640 Dan.
2736 4604 2798 4650 v,
2832 4586 2924 4643 29.
3001 4588 3046 4621 9°
3089 4587 3223 4641 Dan.
3262 4603 3373 4654 xlv,
3404 4588 3495 4643 2|.

239 4648 278 4676 "
319 4648 451 4701 ibid.
490 4648 583 4699 ‘26.
699 4650 743 4680 "
806 4649 937 4704 Dan.
976 4666 1067 4715 v1,
1104 4652 1190 4704 22.

240 4716 283 4745 ⁹⁶
321 4720 454 4773 ibid.
490 4718 560 4771 9a
592 4733 711 4788 sqq.

305 4837 415 4908 (ll)
450 4835 643 4889 Statua
680 4837 789 4899 illa,
826 4851 989 4905 quam
1032 4845 1145 4890 tres
1198 4838 1352 4907 pueri
1389 4838 1649 4891 dicuntur
1680 4854 1806 4908 pro-

241 4909 354 4977 prio
387 4908 622 4960 Domino
646 4908 975 4977 restituisse,
1010 4915 1094 4961 est
1123 4909 1302 4959 anima
1329 4909 1494 4977 regis,
1532 4924 1716 4976 quem,
1749 4917 1809 4961 ut

241 4976 437 5033 ibidem
470 4978 725 5044 legimus,
772 4977 839 5030 ad
861 4976 1059 5045 [Deum
1112 4976 1501 5031 celebrandum
1555 4980 1809 5034 laudibus

240 5049 607 5101 adduxerunt.
650 5046 830 5112 Quare
860 5062 983 5101 cum
1019 5055 1204 5100 statua
1257 5048 1347 5100 illa
1383 5048 1586 5101 dicitur
1644 5050 1809 5102 multo

240 5130 463 5184 tempore
490 5135 522 5169 a
560 5115 765 5171 Satana
795 5126 1114 5174 constructa.
1147 5119 1203 5168 ἐν
1220 5117 1398 5187 πολλῷ
1426 5120 1601 5188 χρόνῳ
1645 5136 1812 5171 κατα-

239 5188 653 5251 σκευασθεῖσαν,
686 5190 1013 5243 manifestus
1037 5197 1121 5240 est
1147 5203 1322 5248 error,
1360 5205 1461 5243 nec
1486 5189 1700 5242 dillicile
1726 5198 1811 5242 est

239 5259 868 5329 perspicere_legendum
887 5273 1009 5311 esse
1026 5258 1474 5329 κατασχεθεῖσαν,
1500 5275 1616 5327 qua:
1640 5259 1808 5312 multo

240 5324 466 5396 temp—ore
488 5346 521 5382 a
543 5324 750 5382 Safana
776 5329 986 5382 detenta
1010 5324 1457 5393 fuerathmAN.

308 5402 420 5471 (l2)
442 5398 579 5471 Reg.
610 5403 825 5471 primus
852 5398 1128 5471 et‘tertius
1186 5397 1347 5471 αρτόν
1386 5415 1446 5471 τε
1496 5397 1588 5450 τὸν
1617 5398 1810 5471 ἐχθρδν

242 5466 461 5540 βασιλέα
484 5466 581 5522 καὶ
603 5466 823 5523 ἅπαντα
861 5466 935 5520 τὰ
985 5467 1126 5521 κατά
1161 5466 1256 5520 τοῦ
1292 5468 1426 5520 Θεοῦ
1471 5466 1811 5539 στρατόπεδα

307 5600 415 5681 (ἱῖ)
441 5610 671 5667 Veteres
692 5608 804 5663 duo
832 5606 956 5681 libri
988 5603 1135 5674 γίνου
1177 5608 1387 5681 πιστός.

308 5677 440 5754 (15³)
473 5685 565 5754 sic
596 5681 738 5754 Reg.
768 5680 988 5754 primus
1004 5690 1058 5731 et
1089 5679 1302 5754 tertius.
1326 5678 1516 5754 _Coile_x
1555 5677 1807 5754 Comlief.

240 5761 290 5805 et
319 5746 492 5809 editio
518 5750 658 5807 Ven.
686 5746 1033 5816 ’ἀντικλείδῳ
1078 5746 1375 5817 συμϐουλίᾳ
1419 5749 1810 5818 συλαγωγῆσαί

244 5838 296 5875 σε
325 5822 540 5879 θέλοντα
578 5822 746 5893 μέχρι
786 5818 1035 5889 γλώσσης
1090 5818 1348 5887 γεύσεως,
1393 5818 1683 5885 φυλάττου,
1720 5820 1809 5889 qui

1300 4655 1344 4685 ’³
1386 4652 1517 4705 Dan.
1560 4667 1645 4715 ix,
1679 4654 1745 4705 2—1
1782 4668 1901 4722 sqq.

2017 4655 2061 4685 ’⁸
2099 4653 2233 4709 Dan.
2272 4671 2378 4723 vn,
2416 4672 2542 4721 VIII,
2589 4666 2643 4711 et
2676 4659 2900 4727 passim.
3014 4659 3059 4690 ⁸³
3099 4658 3233 4712 Dan.
3274 4653 3367 4721 ιιι,
3401 4658 3494 4712 21.

1916 4840 1993 4892 vel
2018 4839 2067 4891 in
2092 4839 2204 4906 ipso
2230 4839 2421 4909 lingua:
2444 4850 2601 4909 gustu
2630 4856 2720 4909 per
2748 4842 3029 4894 consilium
3053 4840 3189 4893 clavi
3220 4840 3497 4893 adversum

1917 4911 2144 4977 diripere
2181 4919 2229 4961 te
2264 4926 2325 4961 ac
2360 4912 2595 4978 spoliare
2627 4912 2756 4964 vult.
2789 4913 2970 4964 Editio
3007 4910 3181 4963 Paris.
3204 4912 3324 4962 ἀντὶ
3356 4910 3493 4963 κλει-

1918 4980 2005 5041 δὸς
2043 4979 2366 5049 συμϐουλίᾳ,
2405 4993 2536 5041 ete.,
2576 4991 2633 5032 ut
2677 4982 2729 5032 in
2764 4983 3000 5034 editione
3036 4979 3256 5034 Veneta.

1993 5049 2105 5120 (Μ)
2142 5049 2385 5120 Utraque
2410 5052 2577 5104 editio
2605 5060 2660 5120 et
2686 5049 2817 5119 Reg.
2855 5050 3130 5104 secundus
3155 5052 3212 5102 ἐν
3258 5050 3499 5120 ὁμιλίαις

1993 5068 2105 5120 tu)
2144 5068 2385 5118 Utraque
2410 5068 2577 5104 editio
2606 5068 2660 5103 et
2687 5068 2817 5119 neg.
2855 5068 3130 5104 SCCUIIUIIS
3155 5068 3212 5102 εν
3258 5068 3499 5172 οὲιιλιαις

1920 5119 1997 5189 τῷ
2026 5118 2212 5190 σκοπῷ
2240 5122 2337 5190 τῆς
2372 5119 2655 5190 ἀσκήσεώς
2697 5137 2789 5173 σου
2826 5120 3139 5188 ἐμποδίζειν
3172 5138 3281 5190 συμ
3319 5122 3499 5173 αινού-

1920 5188 2063 5251 σαις.
2097 5188 2249 5261 Regii
2276 5188 2581 5261 priuius‘et
2617 5192 2815 5261 tertius
2843 5191 3167 5258 simpliciter
3194 5188 3290 5259 τῆς
3320 5193 3497 5261 ἀσκή-

1920 5276 2057 5321 σεως
2091 5260 2164 5329 μὴ
2194 5258 2644 5327 συμϐαινούσαις.
2680 5258 2789 5312 Nec
2820 5262 2890 5312 ita
2934 5260 3105 5311 multo
3132 5258 3275 5313 infra
3329 5258 3496 5314 editio

1918 5329 2054 5383 Ven.
2088 5338 2140 5383 et
2172 5346 2313 5383 unus
2352 5331 2555 5399 quodex
2620 5331 2801 5399 μήπου
2862 5330 3209 5399 ραντίσματι.
3254 5331 3360 5383 Alii
3387 5335 3497 5383 duo

1919 5416 2052 5454 mss.
2091 5401 2308 5470 μήπως.
2345 5398 2522 5452 Editio
2550 5398 2724 5470 Pariis.
2770 5402 2958 5470 μήπω.

1984 5436 2312 5541 ξῖὲςῖιλθὶὶὲῖἰὶ
2327 5436 2727 5541 ,ῖῖηὲζίἱιῖνῖῖζῗαί
2763 5436 2841 5540 ἱῐῆ
2857 5436 3052 5539 ’ξὶἵρας
3072 5468 3303 5541 παθῶν.
3340 5467 3501 5541 Utra-

1918 5537 2025 5607 que
2056 5539 2225 5592 editio
2260 5537 2486 5609 ἰχῶρας.
2524 5537 2834 5609 Aliquanto
2877 5537 3001 5609 post
3052 5540 3160 5592 duo
3216 5555 3347 5593 mss.
3406 5540 3502 5593 ἐπὶ

1920 5609 2303 5680 μείζονάς-σου
2340 5610 2414 5678 μὴ
2461 5609 2828 5680 προπετεύσῃ.
2883 5609 3121 5678 Utraque
3184 5610 3352 5663 editio
3405 5610 3502 5662 ἐπὶ

1918 5678 2146 5749 μείζονι.
2182 5678 2488 5750 Legebatur
2520 5678 2868 5750 corrupteﬁin
2898 5680 3113 5737 duabus
3164 5680 3252 5734 his
3298 5679 3501 5735 editio-

1914 5748 2078 5806 nibus
2113 5748 2495 5820 προπετεύσει.
