3982 6240
438 337 544 393 645

1745 329 1804 385 S.
1845 328 2089 384 BASILH
2132 327 2349 384 MAGNI

3595 330 3696 386 6H

439 449 682 504 animum
729 455 883 500 tuum
939 444 1282 500 introducas.
1334 443 1556 501 Utiliter
1610 445 1756 509 vide,
1811 445 2019 500 utiliter

2127 446 2397 516 χρειωδῶς
2431 430 2617 508 ᾱκὸυε,
2655 444 2931 518 χρειωδῶς
2961 444 3132 511 λάλει,
3175 445 3449 516 χρειωδῶς
3482 447 3709 516 ἀποκρι-

435 539 588 604 audi,
647 538 856 592 utiliter
914 536 1177 606 loquere,
1228 535 1439 590 utiliter
1481 534 1772 606 responde.
1822 533 2020 589 Coram

439 638 570 686 nata
603 630 810 700 majore
850 628 1043 683 sedere
1085 643 1156 682 ne
1187 636 1391 684 temere
1434 628 1663 685 audeas.
1695 626 1851 694 Quod
1893 629 1939 682 si
1970 627 2023 681 id

441 723 622 778 facere
663 722 929 791 jubearis,
981 721 1228 776 eamdem
1274 729 1438 791 atque
1478 720 1569 774 ille
1621 722 1804 776 sedem
1845 736 2022 788 neque

437 831 697 886 occupes,
723 814 819 870 sed
847 814 953 868 huc
980 819 1144 882 atque
1175 813 1304 867 illuc
1331 810 1804 880 circumspiciens,
1832 810 2021 864 sellam

438 907 754 963 inferiorem
791 905 1038 959 invenire
1067 905 1306 968 coneris,
1346 911 1404 956 ut
1429 911 1480 958 te
1513 901 1656 958 Deus
1685 901 1757 955 ob
1792 901 2018 954 humili-

439 1009 610 1055 tatem
633 1000 807 1070 gloria
836 996 1057 1052 alliciat.
1084 997 1464 1065 Interrogatus
1492 993 1761 1063 responde
1799 993 2018 1047 decenti

439 1111 506 1150 ac
556 1093 750 1154 humili
799 1107 972 1147 voce:
1005 1091 1054 1146 si
1103 1105 1211 1145 non
1265 1089 1647 1159 interrogaris,
1699 1096 1835 1142 tace.
1885 1087 2018 1141 Dum

440 1189 584 1243 alius
623 1188 1013 1255 interrogatur,
1057 1183 1251 1237 cohibe
1282 1197 1345 1236 os
1377 1189 1558 1246 tuum,
1597 1195 1666 1235 ne
1711 1180 1896 1249 lingua
1929 1189 2018 1233 tua

440 1292 768 1340 excurrens,
801 1287 856 1332 et
883 1292 915 1330 a
947 1275 1169 1346 procaci
1198 1272 1364 1328 corde
1404 1271 1662 1342 impulsa,
1707 1271 2018 1341 quempiam

440 1373 612 1428 vitam
653 1369 946 1426 asceticam
991 1374 1243 1421 accurate
1270 1365 1608 1421 excolentem
1645 1363 1905 1430 offendat,
1938 1371 2021 1416 te-

443 1479 554 1536 que
581 1464 636 1518 in
670 1461 964 1516 criminum
997 1459 1216 1515 vincula
1247 1457 1531 1526 conjiciat.
1559 1455 1696 1511 Cum
1726 1463 1910 1510 autem
1941 1470 2020 1509 se-

443 1556 582 1618 des,
646 1567 758 1606 non
813 1562 1153 1620 superpones
1199 1547 1356 1602 alteri
1410 1547 1563 1601 cruri
1607 1547 1839 1600 alterum
1889 1559 2019 1599 crus

445 1654 598 1698 tuum
629 1663 642 1698 :
677 1643 946 1712 siquidem
988 1639 1135 1694 istud
1164 1638 1363 1706 facere,
1397 1639 1563 1693 animi
1593 1653 1786 1708 parum
1829 1636 2016 1691 attenti

443 1741 607 1805 atque
640 1733 787 1787 aliud
823 1732 1034 1803 agentis
1064 1731 1326 1785 indicium
1355 1737 1459 1786 est.
1499 1730 1554 1784 Si
1589 1745 1896 1785 sermonem
1923 1730 2019 1782 ha-

441 1825 541 1882 bes
571 1841 697 1881 cum
729 1825 914 1895 aliquo
943 1824 1035 1893 qui
1071 1831 1122 1877 te
1153 1823 1226 1876 sit
1257 1822 1506 1886 inferior,
1548 1832 1637 1876 aut
1667 1822 1832 1876 etiam
1859 1820 1930 1876 ab
1955 1834 2020 1874 eo

443 1917 652 1988 aliquid
699 1913 1083 1986 interrogaris,
1132 1914 1374 1984 segniter
1418 1912 1860 1982 negligenterque
1911 1926 2020 1965 non

442 2008 841 2080 respondebis,
886 2008 1045 2078 quasi
1100 2005 1324 2060 fratrem
1365 2005 1434 2059 ad
1492 2003 1586 2059 Dei
1631 2004 2020 2058 contumeliam

445 2109 790 2157 contemnas.
838 2100 930 2154 Ait
967 2099 1112 2154 enim
1153 2097 1507 2152 Proverbium
1535 2116 1546 2150 :
1579 2095 1684 2162 Qui
1732 2097 2023 2166 ignominia

444 2192 601 2262 afﬁcit
660 2206 976 2260 pauperem,
1038 2189 1219 2241 irritat
1266 2203 1386 2241 eum
1437 2189 1526 2258 qui
1581 2188 1702 2255 fecit
1754 2189 1926 2255 ipsum
1952 2187 2018 2241 ⁹⁷.

447 2283 641 2339 Sermo
667 2283 735 2338 ad
775 2280 1170 2338 consolandum
1205 2287 1261 2334 et
1303 2279 1371 2333 ad
1419 2279 1819 2333 exhortandum
1863 2287 2022 2349 aptus

442 2384 644 2447 praeeat
678 2373 905 2445 reliquis
935 2373 1044 2428 tuis
1075 2372 1276 2435 verbis,
1320 2371 1414 2442 qui
1446 2380 1595 2426 tuam
1628 2371 1682 2425 in
1712 2373 2019 2442 proximum

439 2466 765 2521 cbaritatem
801 2463 1107 2519 confirmet.
1138 2462 1384 2518 Ponatur
1409 2471 1464 2518 et
1512 2464 1750 2527 medius,
1781 2464 1873 2534 qui
1909 2465 2019 2518 dis-

443 2556 642 2610 similis
677 2571 785 2610 non
818 2554 910 2619 sit,
953 2569 1055 2610 nec
1087 2555 1158 2610 sit
1185 2554 1375 2624 dispar
1407 2569 1646 2625 quoque,
1692 2555 1784 2625 qui
1825 2556 1879 2609 in
1919 2555 2023 2611 fine

442 2647 704 2718 colloquii
737 2647 990 2713 habetur,
1023 2647 1186 2718 idque
1215 2661 1338 2701 cum
1361 2645 1523 2700 hilari
1547 2647 1724 2709 vultu,
1755 2654 1813 2700 ut
1845 2649 1893 2701 ei
1925 2649 2019 2718 qui

441 2747 622 2795 tecum
665 2740 1016 2809 colloquitur,
1063 2737 1305 2793 laatitiam
1340 2737 1636 2808 impertiat.
1677 2739 1736 2791 In
1769 2739 2022 2793 omnibus

443 2847 565 2902 quae
595 2832 918 2902 praeclarea
937 2832 1187 2901 proximo
1215 2843 1312 2884 tuo
1336 2838 1623 2901 geruntur,
1653 2831 1856 2896 laetare,
1887 2829 2024 2884 Deo-

443 2940 552 2996 que
600 2923 672 2977 da
716 2925 946 2994 gloriam
983 2941 996 2978 :
1030 2923 1474 2994 quandoquidem
1523 2922 1643 2990 ejus
1690 2929 1836 2976 recte
1881 2923 2022 2976 facta

443 3026 538 3072 tua
590 3025 738 3079 sunt,
796 3019 940 3070 sicut
989 3026 1044 3070 et
1074 3023 1166 3069 tua
1201 3016 1367 3069 illius.
1401 3013 1614 3069 Primos
1650 3014 1931 3068 accubitus
1969 3021 2024 3068 et

445 3111 654 3180 primas
691 3109 849 3164 sedes
896 3109 950 3162 in
985 3107 1376 3177 congressibus
1420 3106 1622 3170 devita,
1658 3107 2024 3175 ultimumque

2127 554 2238 590 νου.
2293 536 2414 590 Ἐπὶ
2443 537 2649 606 μείζονί
2683 553 2774 589 σου
2811 537 2885 607 μὴ
2912 539 3266 611 προπετεύσῃ
3299 536 3542 592 καθίσαι.
3575 539 3712 593 Ειδι

2126 631 2219 683 καὶ
2262 633 2605 702 προτραπῇς,
2651 630 2725 701 μὴ
2761 629 2912 698 γίνου
2953 629 3342 700 συγκάθεδρος,
3377 630 3515 683 ἀλλὰ
3555 647 3710 702 περι-

2125 723 2459 794 ϐλεψάμενος
2502 717 2604 774 ὧδε
2645 723 2890 785 κάκεῖσε,
2930 722 3164 776 σπεῦσον
3194 723 3452 794 εὑρέσθαι
3488 722 3713 776 ὑποϐαί-

2123 833 2316 869 νουσαν
2340 816 2628 888 καθέδραν,
2656 814 2744 866 ἵνα.
2766 830 2824 865 σε
2847 813 3047 885 δοξάσῃ
3065 814 3094 865 ό
3115 813 3246 876 Θεὸς
3268 816 3348 884 τῇ.
3358 812 3708 866 ταπεινώσει.

2135 905 2539 979 Ἐρωτώμενος,
2558 905 2854 976 ἀποκρίνου
2873 903 3155 976 πρεπούσῃ
3175 907 3324 974 φωνῇ
3345 905 3438 958 καὶ
3454 909 3707 976 ταπεινῇ·

2126 1000 2201 1070 μὴ
2233 1000 2608 1070 ἐρωτώμενος,
2647 997 2878 1070 ἡσυχίαν
2905 997 3028 1065 ἄγε.
3071 997 3289 1068 Ἑτέρου
3324 999 3710 1068 ἐρωτωμένου,

2124 1089 2320 1158 σφίγγε
2373 1088 2434 1142 τὺ
2484 1089 2659 1159 στόμα
2711 1105 2828 1150 σου,
2871 1087 2967 1158 μὴ,
3013 1089 3079 1140 ἐκ
3125 1086 3430 1159 προπετοῦς
3480 1087 3712 1158 καρδίας

2123 1177 2508 1248 συνωθουμένη
2558 1178 2592 1246 ἡ
2641 1175 2864 1243 γλῶσσά
2909 1194 3003 1229 σου
3051 1177 3334 1248 διαδρᾶσα,
3375 1177 3554 1249 πλήξῃ
3590 1178 3715 1231 τινὰ

2119 1271 2230 1323 τῶν
2275 1269 2650 1341 ἀκριϐούντων
2697 1269 2796 1340 τὴν
2847 1269 3101 1340 ἄσκησιν,
3153 1271 3244 1322 καὶ
3278 1271 3383 1323 ὑπὸ
3421 1271 3492 1323 τὰ
3534 1271 3712 1342 δεσμὲ

2119 1362 2229 1415 τῶν
2259 1362 2620 1431 ἐγκλημάτων
2644 1378 2704 1414 σε
2730 1363 3070 1432 καταστήσῃ.
3099 1361 3477 1432 Καθεζόμενος
3501 1364 3583 1424 δὲ,
3611 1365 3715 1417 οὑκ

2120 1455 2430 1526 ἐπιτρέψεις
2453 1455 2562 1525 (16)
2592 1453 2668 1524 τῷ
2701 1454 2870 1525 ἑτέρῳ
2893 1454 3015 1507 ποδὶ
3046 1455 3106 1507 τὸ
3133 1454 3318 1518 σκέλος
3347 1473 3460 1508 σου³
3494 1457 3709 1526 ἀπροσ-

2120 1544 2270 1608 εξίας
2308 1545 2416 1616 γὰρ
2467 1544 2646 1608 τοῦτο,
2675 1545 2771 1598 καὶ
2805 1545 3276 1618 μετεωριζομένης
3295 1547 3492 1616 ψυχῆς.
3524 1548 3713 1601 Διαλεο

2123 1638 2354 1707 γόμενος
2391 1636 2469 1708 τῷ
2503 1636 2900 1708 ἐλαχιστοτέρῳ
2934 1655 3049 1699 σου,
3078 1637 3112 1708 ἤ
3143 1639 3235 1691 καὶ
3269 1638 3628 1709 ἐρωτώμενός
3661 1658 3712 1693 τι

2127 1732 2256 1800 παρ’
2289 1728 2477 1793 αὑτοῦ,
2523 1730 2585 1782 οὑ
2631 1731 2875 1800 ποιήσεις
2929 1730 3186 1802 ῥᾳθύμως
3232 1731 3330 1794 τὰς
3363 1734 3707 1804 ἀποκρίσεις,

2129 1821 2488 1892 ὑπερφρονῶν
2535 1821 2628 1874 τοῦ
2677 1821 2906 1890 ἀδελφοῦ
2952 1823 3045 1874 ἐπὶ
3098 1823 3252 1892 ὕϐρει
3301 1823 3458 1877 Θεοῦ.
3505 1825 3558 1875 ’0
3602 1825 3712 1896 γὰρ

2121 1910 2411 1982 ἀτιμάζων
2443 1913 2675 1980 πένητα
2712 1914 3035 1983 παροξύνει
3081 1913 3188 1966 τὸν
3229 1915 3570 1981 ποιήσαντα
3601 1919 3708 1968 αὑ-

2123 2003 2249 2065 τὸν,
2284 2005 2447 2075 φησὶν
2483 2006 2516 2076 ἡ
2546 2005 2844 2076 Παροιμίαι.
2875 2005 3214 2076 Προπηδάτω
3241 2007 3268 2058 ὁ
3293 2007 3392 2076 τῆς
3423 2006 3711 2078 παρακλή-

2124 2110 2260 2158 σεως
2291 2095 2447 2164 λόγος
2475 2095 2584 2149 τῶν
2615 2095 2815 2150 λοιπῶν
2844 2113 2938 2150 σου
2970 2097 3249 2168 ῥημάτων,
3275 2097 3458 2169 κυρῶν
3486 2115 3583 2150 σου
3610 2099 3709 2170 τὴν

2121 2185 2213 2238 τοῦ
2236 2186 2462 2257 πλησίον
2494 2187 2738 2258 ἀγάπην.
2771 2187 3016 2241 Τιθέσθω
3045 2189 3138 2241 καὶ
3165 2188 3349 2260 μέσος,
3377 2190 3474 2242 καὶ
3504 2189 3705 2261 πληρέο

2124 2295 2318 2341 στατος
2345 2279 2446 2348 τῆς
2483 2276 2791 2342 διαλέξεως,
2826 2279 2883 2331 ἐν
2916 2277 3124 2348 φαιδρῷ
3162 2277 3239 2348 τῷ
3278 2278 3578 2350 προσώπῳ,
3622 2281 3708 2332 ἵνα

2121 2369 2230 2438 δῷς
2256 2368 2600 2440 εὐφροσύνην
2633 2369 2710 2440 τῷ
2737 2388 2818 2424 σοι
2845 2371 3231 2443 διαλεγομένῳ.
3272 2373 3360 2426 Ἐν
3388 2375 3556 2426 παντὶ
3577 2391 3709 2426 κατ-

2123 2462 2401 2533 ορθώματι
2428 2462 2522 2516 τοῦ
2555 2463 2782 2534 πλησίον
2814 2481 2908 2518 σου
2943 2464 3259 2536 εὐφραίνου,
3285 2466 3379 2519 καὶ
3405 2465 3597 2530 δόξαζε
3616 2465 3706 2518 τὸν

2123 2553 2373 2608 θεόν’-σὰ
2393 2553 2501 2625 γάρ
2525 2556 2629 2607 εἱσι
2653 2554 2720 2608 τὰ
2741 2555 2951 2608 ἐκείνου
2976 2554 3396 2627 κατορθώματα,
3421 2555 3499 2621 ὡς
3523 2558 3618 2610 καὶ⁵
3639 2557 3706 2610 τὰ

2127 2645 2193 2698 ait
2223 2646 2454 2700 ἐκείνου.
2510 2645 2619 2710 Τὰς
2663 2647 3060 2717 πρωτοκλισίας
3105 2647 3198 2701 καὶ
3233 2647 3332 2710 τὰς
3384 2647 3703 2719 πρωτοκαθ-

2125 2738 2307 2810 εδρίας
2335 2740 2392 2791 ἐν
2436 2740 2555 2800 ταῖς
2601 2738 2942 2792 συνελεύσεσι
2988 2739 3275 2808 παραιτοῦ·
3312 2739 3405 2792 τὸν
3445 2739 3502 2791 δὲ
3543 2739 3699 2808 ἔσχα-

2123 2848 2214 2884 τον
2232 2831 2343 2900 (Π)
2365 2832 2527 2884 τόπον
2552 2831 2874 2902 μεταδίωκε,
2909 2832 2997 2884 ἵνα
3025 2832 3261 2903 ἀκούσῃς
3289 2833 3511 2902 μᾶλλον·
3538 2835 3703 2896 Φίλε,

2124 2917 2554 2991 προσανάϐηθι.
2603 2923 2726 2975 Ἐπὶ
2755 2923 3032 2994 τραπέζης
3070 2924 3143 2994 μὴ
3179 2923 3478 2977 ἁτακτείτω
3515 2927 3548 2994 ή
3579 2925 3704 2994 χείρ

2128 3029 2220 3065 σου
2270 3014 2303 3083 ή
2363 3013 2648 3084 ἀριστερὰ,
2698 3013 2834 3084 μηδέ
2885 3013 3319 3068 καταυθεντείτω
3361 3016 3460 3086 τῆς
3500 3016 3701 3080 δεξιᾶς.

2139 3103 2404 3174 Ἀργείτω
2446 3103 2504 3156 δὲ
2561 3104 2778 3172 μᾶλλονο
2811 3106 2858 3156 εἰ
2887 3104 2943 3157 δὲ
2981 3105 3078 3176 μὴ,
3110 3106 3213 3159 κᾶν
3242 3106 3587 3176 ὑπουργείτω
3639 3110 3705 3178 τῇ

446 3204 628 3258 locum
657 3210 890 3266 sectare,
917 3210 976 3256 ut
1008 3202 1189 3270 potius
1221 3199 1414 3254 audias
1443 3216 1458 3253 :
1486 3200 1689 3263 Amice,
1711 3199 2019 3252 ascende".

2127 3193 2294 3264 δεξιᾷ.
2332 3196 2419 3246 Ἐν
2487 3197 2637 3266 πάσῃ
2689 3199 3006 3267 προσευχῆς
3059 3214 3151 3250 σου
3213 3198 3547 3268 προσκλήσει
3603 3201 3707 3251 ὑπ-

449 3292 685 3350 Sinistra
722 3301 813 3346 tua
837 3309 895 3348 se
936 3293 991 3346 in
1017 3307 1206 3347 mensa
1241 3308 1350 3346 non
1376 3290 1689 3345 inordinate
1723 3297 1895 3361 gerat,
1925 3305 2022 3344 ne-

447 3401 556 3455 que
604 3385 872 3440 adversus
923 3385 1174 3439 dextram
1213 3383 1319 3438 sibi
1360 3392 1579 3452 arroget
1618 3382 2023 3435 auctoritatem.

449 3488 566 3542 lmo
595 3490 776 3558 potius
807 3489 955 3542 iners
995 3488 1067 3542 sit
1101 3493 1156 3542 et
1187 3487 1363 3543 otiosa
1394 3506 1407 3542 :
1434 3489 1520 3542 sin
1554 3488 1759 3551 minus,
1792 3487 2029 3541 dexterae

445 3588 762 3645 subserviat
789 3608 802 3643 :
834 3587 1284 3659 Quotiescunque
1310 3589 1375 3643 ad
1411 3603 1601 3660 preces
1632 3587 1869 3652 vocaris,
1902 3601 2028 3642 suc-

445 3694 594 3750 cinat
630 3708 694 3748 os
741 3701 919 3759 tuum,
967 3693 1230 3764 operique
1281 3693 1466 3748 divino
1493 3693 1656 3762 210
1687 3692 1907 3746 intersis
1958 3690 2023 3745 ad

446 3801 751 3849 extremam
795 3810 971 3865 usque
1017 3797 1412 3865 precationem,
1451 3803 1608 3849 ratus
1648 3801 1702 3848 te
1750 3794 1876 3848 inde
1918 3809 2028 3850 non

449 3890 570 3946 sine
607 3907 806 3962 magno
829 3893 1162 3947 detrimento
1191 3908 1562 3948 recessurum.
1593 3890 1804 3946 Etenim
1830 3892 1875 3947 si
1905 3907 2030 3946 cum

445 3997 630 4052 cibum
660 3999 812 4068 capis
858 3998 925 4053 ad
955 4006 1109 4054 tuum
1141 4014 1345 4069 corpus
1390 3997 1838 4063 sustentandum,
1873 3999 2030 4052 avelli

445 4099 535 4152 vix
569 4108 724 4169 potes
749 4115 778 4152 a
810 4114 1022 4166 mensa,
1052 4099 1154 4155 nisi
1185 4101 1337 4169 prius
1362 4101 1486 4154 vita:
1516 4099 1850 4154 necessariis
1873 4101 2036 4170 plene

448 4201 809 4267 satisfeceris,
843 4217 944 4256 nec
975 4203 1134 4256 facile
1167 4203 1387 4273 quidem
1422 4204 1475 4257 id
1505 4201 1756 4258 facturus
1791 4206 1869 4259 sis
1911 4205 2036 4260 abs-

447 4304 553 4361 que
599 4292 805 4361 ingenti
874 4294 1202 4348 necessitate
1247 4313 1261 4348 :

2123 3286 2324 3356 ηχείτω
2359 3286 2468 3357 (18)
2497 3287 2557 3339 τὸ
2589 3287 2760 3357 στόμα
2795 3305 2910 3352 σου,
2934 3290 3028 3342 καῖ¹
3055 3289 3246 3359 μέχρις
3267 3289 3503 3360 ἐσχάτης
3533 3306 3706 3358 προσ-

2128 3382 2294 3450 ευχῆς
2353 3380 2636 3450 παράμενε
2678 3379 2754 3449 τῷ
2788 3381 2992 3445 κανόνι,
3031 3381 3273 3451 μεγάλην
3304 3381 3503 3451 ζημίαν
3546 3381 3709 3451 ἡγού-

2133 3489 2291 3542 μενος
2319 3473 2414 3542 τὴν
2449 3472 2752 3541 ἀπόλειψιν.
2794 3474 2857 3525 Εἰ
2888 3473 2996 3544 γὰρ
3021 3472 3339 3542 σιτούμενος
3371 3473 3460 3526 διὰ
3495 3472 3593 3542 τὴν
3609 3473 3709 3542 τῆς

2133 3564 2335 3635 σαρκός
2377 3579 2470 3616 σου
2500 3564 2758 3618 σύστασιν
2781 3563 3249 3626 δυσαποσπάστως
3265 3562 3419 3632 ἔχεις
3439 3561 3574 3632 πρὸς
3607 3562 3707 3630 τὴν

2129 3655 2407 3725 τράπεζαν
2428 3655 2532 3726 πρὸ
2556 3656 2656 3725 τῆς
2683 3653 2824 3708 κατὰ
2855 3656 3046 3726 χρείαν
3089 3653 3555 3726 συμπληρώσεως,
3611 3655 3711 3708 καὶ

2132 3747 2232 3798 οὑκ
2265 3746 2330 3799 ἂν
2359 3746 2557 3816 ῥᾳδίως
2572 3745 2728 3799 τοῦτο
2758 3747 3006 3818 ποιήσεις
3031 3746 3146 3817 (19)
3180 3749 3307 3801 ἄνευ
3346 3744 3547 3815 πολλῆς
3575 3745 3709 3799 ἀνά-

2130 3856 2291 3910 γκης·
2331 3839 2481 3908 πόσῳ
2505 3840 2585 3893 δεῖ
2615 3840 2814 3910 μᾶλλον
2835 3843 2902 3910 τῇ
2940 3843 3284 3911 πνευματικῇ
3316 3857 3372 3893 σε
3395 3842 3567 3911 τροφῇ
3601 3855 3708 3892 πα-

2135 3933 2414 4004 ραμένειν,
2451 3933 2544 3985 καὶ
2584 3937 2650 4004 τῇ
2693 3937 2970 4004 προσευχῇ
3004 3934 3270 4002 ἐνισχύειν
3326 3932 3424 4000 τὴν
3473 3929 3705 3984 σεαυτοῦ

2131 4025 2341 4096 ψυχήν;
2369 4027 2529 4079 Ὅσον
2552 4027 2660 4096 γὰρ
2686 4027 2930 4097 διαφέρει
2951 4029 2979 4079 ὁ
3006 4027 3233 4097 οὐρανὸς
3281 4026 3389 4078 ἀπὸ
3433 4027 3530 4094 τῆς
3575 4023 3700 4093 γῆς.

2133 4119 2226 4168 καὶ
2253 4117 2322 4170 τὰ
2348 4119 2403 4170 ἐν
2429 4118 2643 4190 οὐρανῷ
2663 4118 2770 4170 τῶν
2804 4121 2863 4171 ἐν
2893 4121 2985 4189 γῇ,
3012 4118 3262 4171 τοσοῦτον
3283 4117 3528 4187 διαφέρει
3558 4115 3705 4185 ψυχὴ

2134 4224 2405 4278 σωματος.

1313 4302 1522 4364 quanto
1574 4298 1748 4364 magis
1787 4295 2169 4364 spiritualibus
2233 4300 2412 4368 epulis
2445 4298 2610 4354 debes
2651 4298 2866 4366 adesse,
2907 4307 3171 4370 tuumque
3214 4300 3456 4353 animum
3508 4310 3704 4366 preca-

445 4385 597 4438 tione
618 4385 1026 4453 ,corroborarc?
1048 4385 1324 4450 Quantum
1359 4386 1506 4441 enim
1539 4386 1720 4440 differt
1761 4388 1960 4442 cmlum
1993 4402 2022 4440 a
2057 4395 2225 4454 terra,
2258 4399 2313 4443 et
2341 4390 2586 4445 caelestia
2620 4407 2650 4444 a
2686 4392 3041 4447 terrestribus
3081 4410 3092 4444 :
3155 4399 3362 4444 tantum
3413 4407 3442 4444 a
3472 4405 3705 4459 corpore

449 4471 637 4526 anima
672 4471 875 4527 differt.

517 4583 571 4640 9.
613 4584 812 4639 Anima
841 4586 965 4640 cmli
990 4593 1072 4642 est
1096 4586 1295 4655 imago,
1325 4584 1379 4638 in
1437 4601 1544 4655 qua
1581 4587 1829 4643 videlicet
1869 4587 2022 4643 inha-

2203 4591 2256 4645 9.
2286 4592 2446 4663 Ψυχὴ
2481 4593 2710 4664 οὐρανοῦ
2745 4594 2988 4665 μίμημα·
3027 4596 3084 4647 ἐν
3120 4595 3257 4666 αὑτῇ
3293 4595 3402 4666 γὰρ
3459 4601 3706 4649 κατοικεῖ

447 4678 586 4732 bitat
610 4677 876 4734 Dominus
903 4697 914 4732 :
943 4695 1073 4735 caro
1112 4695 1242 4735 vero
1269 4687 1487 4734 constat
1531 4695 1560 4734 e
1599 4689 1767 4743 terra,
1802 4697 1922 4750 qum
1955 4681 2023 4735 ab

448 4769 764 4824 hominibus
796 4772 1146 4836 mortalibus,
1189 4779 1243 4827 et
1273 4788 1303 4826 a
1347 4771 1527 4826 brutis
1572 4772 1904 4828 animalibus
1940 4774 2026 4827 in-

447 4864 666 4918 colitur.
695 4863 879 4928 Quare
911 4864 1164 4935 corporis
1195 4865 1557 4920 necessitates
1588 4864 1654 4918 ad
1679 4880 1902 4935 precum
1926 4865 2026 4919 ho-

447 4969 540 5010 ras
576 4957 950 5022 accommoda,
980 4957 1167 5027 sisque
1196 4966 1420 5027 paratus
1451 4971 1562 5010 non
1603 4958 1653 5011 ei
1698 4958 2023 5027 cogitationi

448 5045 691 5112 obedire,
731 5064 851 5118 qua:
885 5057 939 5104 te
974 5048 1044 5104 ab
1092 5063 1256 5120 opere
1299 5048 1488 5102 divino
1521 5049 1743 5103 avellat.
1788 5048 1840 5103 ls
1874 5050 2022 5103 enim

448 5137 786 5196 demonibus
819 5155 939 5197 mos
962 5148 1069 5205 est,
1110 5140 1363 5198 videlicet
1396 5154 1563 5210 aequae
1597 5154 1778 5194 causae
1803 5141 2022 5195 nomine

523 5297 563 5328 ’τ
605 5295 763 5351 Prov.
800 5314 950 5363 xvn,
986 5297 1039 5353 5.
1117 5299 1164 5330 ’⁸
1201 5297 1335 5353 Luc.
1375 5313 1485 5364 xtv,
1523 5298 1608 5353 10.

522 5449 846 5525 (1-6)Αῦοι1ει
877 5453 1016 5525 Maz.
1066 5452 1582 5525 obx_émcrpé¢stg.
1637 5453 1797 5508 Haud
1857 5453 2016 5525 longe

450 5517 744 5595 Regii'duo
767 5523 798 5595 ἢ
824 5523 916 5595 καὶ
944 5517 1388 5595 ἐπερωτώμενος-ξ

524 5591 633 5666 (17)
664 5591 1061 5666 ῥιτῐίιιυὶ-ᾀυοί
1099 5591 1225 5648 libri
1273 5594 1365 5646 τὸν
1411 5591 1476 5650 δὲ
1519 5593 1766 5666 ἔσχατον.
1810 5592 2017 5651 Vocula

453 5658 511 5712 δέ
536 5662 588 5713 in
617 5658 779 5716 editis
802 5658 1170 5718 desideratur.

529 5727 637 5802 (l8)
665 5730 845 5788 Editio
871 5731 1003 5788 Ven.
1034 5743 1088 5788 et
1119 5733 1284 5789 codex
1315 5733 1560 5791 Combef.
1597 5736 1776 5806 πάσης
1800 5751 2019 5807 προσευ-

2129 4683 2158 4734 ό
2191 4680 2410 4752 Κύριος·
2447 4682 2582 4752 σὰρξ
2615 4683 2672 4736 δὲ
2705 4686 2769 4738 ἐκ
2801 4685 2903 4753 γῆς
2933 4685 3188 4757 ὑπάρχει,
3222 4686 3280 4739 ἐν
3389 4685 3702 4738 κατοικοῦσι

2131 4771 2314 4844 θνητοὶ
2347 4772 2623 4845 ἄνθρωποι
2664 4775 2757 4827 καὶ
2787 4774 2958 4843 ἄλογα
2987 4775 3121 4839 ζῶα.
3155 4775 3345 4830 Τοίνυν
3399 4777 3702 4847 συμμέτρει

2131 4865 2265 4936 πρὸς
2291 4863 2388 4929 τὰς
2412 4866 2558 4935 ὥρας
2581 4865 2689 4918 τῶν
2723 4867 3040 4938 προσευχῶν
3062 4867 3160 4929 τὰς
3185 4868 3373 4938 χρείας
3398 4867 3490 4920 τοῦ
3517 4866 3704 4938 σώμα-

2130 4971 2240 5018 τος,
2269 4956 2359 5008 καὶ
2392 4956 2608 5026 ἕτοιμος
2651 4957 2799 5025 γίνου
2837 4957 2910 5027 μὴ
2951 4955 3246 5010 ὑπακούειν
3295 4956 3538 5028 λογισμῷ
3566 4959 3704 5011 Emo-

2131 5047 2336 5102 σπῶντί
2374 5066 2431 5101 σε
2467 5049 2558 5102 τοῦ
2591 5050 2834 5113 κανόνος.
2859 5050 3019 5112 Ἔθος
3047 5049 3156 5122 γὰρ
3184 5053 3294 5113 τοῖς
3318 5050 3538 5120 δαίμοσι
3563 5052 3707 5104 κατὰ

2128 5141 2227 5206 τὰς
2263 5143 2410 5213 ὧρας
2441 5142 2551 5196 τῶν
2584 5143 2923 5215 προσευχῶν,
2964 5145 3235 5216 προφάσει
3269 5144 3427 5215 δῆθεν
3478 5144 3706 5212 εὐλόγου

2117 5455 2241 5528 χῆςΔ
2270 5453 2733 5528 σου-προσκλήσει
2783 5453 3316 5528 ὑφηχείτω.ᾼΕόίῑὶο
3360 5454 3544 5514 Paris.
3597 5458 3706 5528 6c;-

2117 5525 2341 5607 ηγείτω,
2373 5525 2516 5607 haud
2545 5526 2850 5581 emendate.
2880 5530 2947 5580 At
2971 5525 3124 5597 Regii
3160 5529 3370 5596 primus
3405 5535 3461 5582 et
3508 5525 3710 5587 tertius

2122 5606 2182 5648 ut
2203 5603 2257 5649 in
2284 5603 2563 5649 contextu.

2195 5665 2306 5739 (l9)
2355 5665 2580 5738 Antiqui
2640 5664 2749 5722 duo
2779 5666 2904 5724 libri
2939 5667 3190 5737 ποιήσῃς.
3244 5665 3490 5739 Utraque
3537 5667 3709 5727 editio

2124 5737 2391 5806 ποιήσεις.
