3982 6240
313 309 416 365 645

1205 308 1437 364 SERMO
1475 308 1563 363 DE
1591 307 2152 367 RENUNTIATIONE
2194 309 2486 374 SECULI,
2525 309 2678 364 ETC.

3463 317 3569 372 διδ

313 424 492 487 αἰτίας
539 425 677 496 (ΞΟ),
715 425 959 494 ἐπείγειν
991 426 1138 496 ἡμᾶς
1171 425 1308 496 πρὸς
1368 424 1737 497 ὑποχώρησιν,
1804 427 1875 479 l'va

1990 435 2156 498 atque
2191 427 2543 482 simulatione
2573 441 2670 494 per
2708 441 2932 495 precum
2971 425 3137 480 horas
3164 441 3266 483 nos
3309 428 3376 482 ad
3416 445 3571 484 rece-

309 517 673 586 ἀπαγάγωσιν
698 519 846 588 ἡμᾶς
873 517 1248 586 εὐλογοφανῶς
1277 518 1373 588 τῆς
1403 516 1779 588 σωτηριώδους
1805 519 1895 572 εὐ-

311 609 429 680 χῆς.
471 611 564 678 Μὴ
590 611 752 680 εἴπῃς
785 609 1272 679 προφασιζόμενος,
1303 609 1461 679 Οίμοι
1503 609 1601 678 τὴν
1632 609 1892 680 κεφαλὴν,

309 698 456 768 οἴμοι
483 699 588 769 τὴν
613 699 842 764 κοιλίαν,
886 699 1076 770 ὀδύνης
1104 699 1452 768 ἀνυπάρκτου
1497 699 1720 769 ἀδήλους
1757 700 1894 770 μάρ-

1996 518 2232 572 dendum
2268 518 2554 586 instigare,
2585 528 2645 570 ut
2697 518 2948 587 specioso
2985 517 3224 587 quodam
3271 519 3501 574 obtentu
3534 534 3567 574 a

1996 609 2224 663 salutari
2255 608 2570 680 precatione
2598 623 2700 664 nos
2725 589 3019 663 abducant.
3049 608 3127 663 Ne
3155 609 3364 664 dixeris
3395 611 3568 665 simu-

1996 701 2198 756 latione
2256 716 2390 756 usus
2442 720 2456 755 :
2509 700 2613 754 heu
2668 707 2836 770 caput
2885 701 3098 754 meum!
3156 700 3263 754 heu
3318 711 3566 756 ventrem

309 805 478 857 τυρας
507 789 926 860 προϊσχόμενος,
957 789 1051 842 καὶ
1078 787 1436 850 ἀναπαύσεως
1459 787 1619 858 χάριν
1661 789 1875 850 ἐνδιδοὺς

1995 795 2214 846 meum!
2265 793 2532 848 obscuros
2565 790 2932 845 commentitii
2970 791 3177 846 doloris
3209 799 3378 847 testes
3405 793 3564 846 adhi-

307 884 373 951 τῇ
405 881 628 952 εὐτονίᾳ
655 881 757 951 τῆς
799 880 1127 952 ἀγρυπνίας.
1174 878 1334 932 Ἀλλά
1398 879 1598 946 μᾶλλον
1637 877 1751 950 (21)
1800 881 1891 950 ἔχε

308 972 562 1044 κρυπτὰς
593 972 926 1043 προσευχὰς,
955 970 1022 1034 ἃς
1056 969 1239 1040 βλέπει
1261 972 1288 1022 ὀ
1313 969 1442 1034 Θεὸς
1460 972 1516 1022 ὲν
1542 969 1620 1040 τῷ
1643 970 1887 1042 κρυπτῷ,

309 1065 402 1117 καὶ
432 1061 707 1116 ἀποδώσει
732 1079 815 1116 σοι
846 1064 903 1115 ἐν
934 1061 1010 1132 τῷ
1026 1058 1266 1132 φανερῷ.
1297 1061 1428 1130 Ἔχε
1446 1062 1890 1132 παρεμπόρευμα

307 1155 591 1218 πολιτείας
615 1155 867 1226 ἀρίστης,
899 1155 986 1206 ἴνα
1017 1154 1184 1227 εὕρῃς
1214 1152 1443 1206 πλοῦτον
1475 1154 1788 1225 ἀπόκρυφον
1830 1156 1888 1207 ὲν

303 1245 492 1317 ἡμέρᾳ
520 1247 786 1316 ἀνάγκης.
835 1244 922 1296 Ἐν
953 1245 1073 1306 ταῖς
1093 1243 1425 1314 ὲφημερίαις
1476 1243 1578 1311 τῆς
1613 1243 1887 1306 διακονίας

309 1354 404 1390 σου
446 1337 544 1389 σὺν
568 1335 648 1406 τῷ
678 1335 832 1405 κόπῳ
873 1333 966 1387 τοῦ
1020 1332 1267 1404 σώματος
1300 1331 1387 1402 ἔχε
1420 1332 1513 1385 καὶ
1552 1333 1886 1403 παρακλητι-

305 1429 401 1482 κὸν
434 1428 596 1497 λόγον
627 1428 768 1499 πρὸς
805 1426 1084 1497 ἀγάπησιν
1127 1425 1237 1478 τῶν
1295 1424 1744 1495 διακονουμένων,
1798 1425 1886 1479 ἵνα

303 1520 532 1590 γένηται
588 1519 982 1591 εὐπρόσδεκτος
1022 1520 1057 1589 ὴ
1105 1516 1348 1571 διακονία
1401 1533 1495 1570 σου
1529 1517 1683 1571 ἅλατι
1713 1518 1884 1588 ἠρτυ-

306 1612 468 1682 μένη.
505 1611 600 1682 Μὴ
641 1611 813 1682 ὲάσῃς
843 1609 914 1663 τὰ
970 1607 1330 1663 ἐπιϐάλλοντά
1390 1625 1472 1661 σοι
1517 1607 1655 1679 ἔργα
1700 1609 1884 1680 ἕτερον

302 1702 556 1773 ποιῆσαι,
587 1703 672 1754 ἴνα
698 1700 771 1772 μὴ
795 1702 890 1755 καὶ
926 1703 955 1754 ὀ
987 1699 1197 1770 μισθὸς,
1221 1699 1407 1770 ἀρθεὶς
1434 1700 1542 1753 ἀπὺ
1570 1698 1684 1765 σοῦ,
1710 1701 1882 1771 ἑτέρῳ

1991 882 2148 946 hens,
2191 891 2356 952 atque
2409 879 2730 952 quiescendi
2775 895 2942 936 causa
2981 881 3286 951 vigiliarum
3321 881 3562 952 vigorem

1991 973 2296 1044 infringens
2329 976 2392 1026 ,θ’
2436 971 2550 1026 lmo
2588 972 2772 1042 potius
2817 985 2952 1026 vaca
2995 972 3233 1028 occultis
3281 973 3559 1042 precibus,

1988 1079 2127 1135 quas
2152 1065 2208 1118 in
2245 1063 2464 1118 occulto
2485 1062 2680 1118 videns
2714 1061 2881 1124 Deus,
2917 1069 2972 1117 te
3002 1062 3057 1116 in
3087 1070 3276 1132 aperto
3306 1078 3562 1118 remune-

1988 1154 2220 1208 rabitur.
2257 1151 2408 1207 Habe
2441 1151 2978 1222 superabundantem
3006 1158 3274 1220 quaestum
3300 1167 3396 1222 per
3419 1155 3564 1223 opti-

1987 1258 2133 1298 mam
2179 1241 2394 1298 vivcndi
2429 1242 2724 1305 rationem,
2776 1251 2837 1295 ut
2887 1238 3108 1296 divitias
3142 1241 3459 1298 reconditas
3492 1243 3560 1300 in

1986 1332 2337 1390 necessitatis
2376 1331 2464 1388 die
2495 1332 2765 1402 reperias.
2803 1329 3234 1386 Occurreutibus
3263 1333 3559 1388 ministerii

1984 1425 2065 1480 tui
2106 1425 2341 1489 vicibus,
2383 1424 2553 1480 verba
2596 1424 2870 1478 hortativa
2917 1429 2974 1478 et
3009 1423 3378 1479 consolatoria
3430 1440 3555 1480 cum

1983 1516 2232 1585 corporis
2261 1516 2445 1570 labore
2477 1514 2748 1586 conjunge
2776 1514 2843 1569 ad
2864 1515 3404 1571 commonstrandum
3426 1530 3556 1586 erga

1983 1622 2080 1662 eos
2117 1608 2318 1678 quibus
2348 1608 2582 1662 inservis
2611 1621 2855 1662 amorem
2885 1614 3064 1671 tuum,
3100 1615 3161 1663 ut
3183 1606 3554 1662 ministerium

1984 1706 2136 1752 tuum
2176 1698 2270 1752 ﬁat
2297 1704 2536 1769 gratum,
2574 1704 2764 1766 utpote
2787 1695 2934 1767 quod
2963 1699 3077 1753 sale
3112 1697 3394 1751 conditum
3415 1698 3487 1753 sit
3509 1697 3552 1751 ⁸.

301 1794 454 1865 δοθῇ,
497 1793 598 1846 καὶ
628 1795 686 1846 ἐν
726 1793 805 1863 τῷ
829 1793 908 1864 σῷ
949 1791 1161 1863 πλούτῳ
1193 1791 1351 1855 ἀλλος
1382 1791 1633 1863 δοξασθῇ,
1669 1791 1762 1845 σοῦ
1787 1809 1875 1845 τα-

1984 1787 2160 1858 Opera
2189 1788 2293 1843 tibi
2320 1789 2694 1844 incumbentia
2726 1788 2794 1843 ab
2820 1789 2927 1842 alio
2966 1788 3164 1843 conﬁci
3206 1804 3552 1858 nequaquam

303 1885 683 1954 πεινουμὲνου.
708 1884 858 1936 Ποίει
895 1881 964 1936 τά
992 1883 1128 1956 ἔργα
1183 1886 1284 1955 τῆς
1330 1883 1604 1947 διακονίας
1639 1900 1734 1937 σου
1789 1883 1882 1936 εὕ-

301 1991 493 2043 σκημα
524 1973 621 2026 καὶ
644 1971 903 2042 ἐπιμελῆ,
932 1971 1008 2035 ὡς
1035 1970 1111 2042 τῷ
1142 1970 1362 2043 Χριστῷ
1389 1969 1671 2023 διακονῶν.
1719 1969 1879 2024 Ἐπι-

300 2064 635 2132 κατάρατος
683 2063 816 2134 γὰρ,
883 2063 1038 2134 φησὶ,
1069 2061 1188 2129 πᾶς
1211 2065 1245 2117 ὀ
1270 2061 1456 2115 ποιῶν
1499 2061 1613 2131 (22)
1641 2061 1712 2115 τὰ
1736 2063 1881 2130 ἔργα

302 2157 526 2226 Κυρίου
558 2155 816 2226 ἀμελῶς.
849 2155 1019 2209 Φοϐοῦ
1043 2155 1140 2227 τὴν
1175 2157 1241 2208 ὲκ
1265 2153 1519 2227 περιττοῦ
1575 2154 1669 2206 καὶ
1726 2169 1880 2223 περι-

301 2249 622 2319 φρονήσεως
655 2246 1024 2317 παράχρησιν,
1049 2247 1153 2300 κᾶν
1173 2245 1365 2314 εὐτελῆ
1395 2244 1524 2315 δοκῇ
1548 2239 1687 2296 εἶναι
1714 2242 1781 2297 τὰ
1821 2246 1878 2296 ἐν

300 2336 458 2405 χερσί
485 2351 578 2387 σου
605 2335 998 2406 διακονήματα,
1028 2333 1254 2398 ὼςΘεοῦ
1277 2333 1690 2395 ὲποπτεύοντος.
1718 2333 1878 2400 Μέγα

299 2428 359 2480 τὸ
389 2428 492 2499 τῆς
509 2427 785 2490 διακονίας
817 2428 1000 2499 ἔργον,
1026 2429 1118 2480 καὶ
1141 2425 1416 2498 βασιλείας
1441 2425 1685 2497 οὐρανῶν
1738 2425 1874 2495 πρό-

300 2517 471 2582 ξενον.
493 2520 711 2590 Σαγήνη
736 2519 847 2591 γάρ
871 2522 989 2572 ἐστι
1009 2519 1117 2572 τῶν
1139 2517 1370 2590 ἀρετῶν,
1397 2519 1575 2581 πάσας
1596 2518 1695 2582 τάς
1722 2520 1872 2572 ἐντο-

297 2608 396 2670 λὰς
423 2607 521 2661 τοῦ
551 2608 687 2661 Θεοῦ
725 2611 784 2662 ὲν
814 2611 988 2680 ἑαυτῇ
1039 2609 1297 2682 φέρουσα·
1356 2609 1449 2660 καὶ
1507 2608 1724 2679 πρῶτον
1777 2609 1876 2678 μὲν

294 2701 518 2754 πάντων
553 2700 653 2771 τὴν
709 2701 1011 2773 πανάρετον
1067 2699 1413 2764 ταπείνωσιν,
1471 2701 1875 2772 ἐπιφερομένην

295 2791 387 2844 τὸν
418 2790 533 2862 (25)
572 2792 740 2862 ἐσμὸν
759 2792 868 2847 τῶν
903 2791 1142 2860 ἀγαθῶν·
1173 2791 1364 2844 ἔπειτα
1393 2791 1474 2855 τὸ,
1532 2792 1874 2856 Ἐπείνασα,

292 2882 393 2936 καὶ
417 2882 680 2937 ἐδώκατέ
694 2901 796 2954 μοι
823 2882 1054 2953 φαγεῖν-⁸
1093 2882 1382 2952 ἐδίψησα,
1412 2882 1513 2936 καί
1556 2882 1876 2938 ἐποτίσατέ

284 2989 384 3042 με’
417 2973 620 3039 ξένος,
656 2974 754 3027 καί
798 2972 1089 3040 ἀσθενὴς,
1123 2973 1224 3029 καί
1253 2973 1325 3026 ἐν
1349 2971 1616 3041 φυλακῇ,
1653 2973 1750 3027 καὶ
1787 2973 1874 3027 διο

290 3063 640 3132 ηκονήσατέ
659 3083 780 3134 μοι.
803 3064 916 3118 Καὶ
942 3063 1172 3136 μάλιστα
1190 3065 1318 3118 ὅταν
1341 3063 1402 3117 τὸ
1430 3063 1867 3136 χρεωστούμενον

289 3157 585 3228 ὲκτελῆται
612 3155 724 3227 (24)
757 3158 815 3210 ὲν
843 3155 1082 3226 ταπεινῷ
1109 3155 1186 3226 τῷ
1209 3156 1539 3228 φρονήματι,
1580 3155 1865 3226 ὲπάρσεως

287 3249 487 3318 χωρὶς,
521 3248 693 3318 ὀργῆς
719 3265 779 3300 τε
806 3249 900 3301 καὶ
927 3247 1261 3319 γογγυσμοῦ.
1291 3247 1446 3301 Γίνου
1483 3248 1730 3320 ζηλωτὴς
1757 3247 1866 3300 τῶν

286 3338 471 3409 ὀρθῶς
501 3339 781 3408 βιούντων,
817 3340 910 3392 καὶ
930 3340 1134 3393 τούτων
1160 3341 1259 3402 τὰς
1289 3339 1515 3410 πράξεις
1541 3339 1782 3410 ἔγγραφε
1799 3343 1863 3411 τῇ

290 3431 360 3499 σῇ
386 3429 609 3500 καρδίᾳ.
643 3429 816 3500 Εῦχου
841 3430 1089 3499 γενέσθαι
1122 3430 1229 3484 τῶν
1258 3431 1472 3498 ὀλίγων.
1510 3432 1740 3484 Σπάνιον
1758 3433 1865 3502 γὰρ

286 3518 351 3570 τὸ
381 3518 610 3585 ἀγαθόν·
658 3520 740 3573 διὸ
774 3522 870 3574 καὶ
920 3521 1089 3589 ὀλίγοι
1143 3521 1279 3574 εἰσὶν
1309 3523 1358 3574 οἱ
1390 3522 1754 3593 εἰσερχόμενοι
1786 3524 1865 3586 εἰς

285 3605 386 3677 τὴν
421 3607 702 3677 βασιλείαν
727 3609 835 3663 τῶν
861 3611 1125 3682 οὐρανῶν.
1158 3611 1248 3682 Μὴ
1280 3611 1487 3675 πάντας
1514 3611 1728 3680 λογίζου
1761 3612 1866 3665 σώ-

289 3697 481 3760 ζεσθαι
539 3701 666 3764 τούς
716 3703 774 3756 ὲν
829 3705 894 3771 τῇ
950 3703 1136 3773 κέλλῃ,
1195 3702 1431 3772 φαύλους
1480 3720 1540 3755 τε
1585 3705 1679 3756 καὶ
1725 3721 1863 3776 χρηο

291 3791 452 3855 στούς
486 3791 621 3862 (25).
647 3794 721 3846 υύ
746 3792 854 3864 γὰρ
882 3793 1054 3857 οὕτως
1082 3795 1211 3863 ἔχει.
1243 3793 1434 3846 Πολλοὶ
1472 3795 1580 3864 γὰρ
1626 3795 1863 3866 προσέρ-

287 3900 476 3953 χονται
498 3884 579 3954 τῷ
612 3885 849 3956 ὲναρέτῳ
885 3885 1003 3956 βίῳ,
1062 3885 1231 3954 ὀλίγοι
1275 3886 1330 3938 δὲ
1362 3886 1451 3938 τὸν
1493 3885 1658 3955 ζυγὸν
1693 3887 1858 3940 αὐτοῦ

288 3977 703 4047 καταδέχονται.
762 3978 1005 4030 Βιαστῶν
1041 3979 1148 4048 γάρ
1197 3979 1344 4030 ἐστιν
1394 3980 1427 4048 ἡ
1474 3978 1713 4048 βασιλεία
1752 3979 1861 4032 τῶν

287 4065 558 4137 οὐρανῶν,
589 4069 685 4120 καὶ
711 4068 925 4137 βιασταὶ
959 4067 1294 4140 ἁρπάζουσιν
1325 4069 1514 4140 αὐτήν.
1556 4070 1861 4138 Εὐαγγελι-

287 4157 385 4221 κός
413 4161 443 4210 ὀ
468 4159 643 4227 λόγος.
691 4161 820 4213 Βίαν
861 4161 1086 4214 ἐκάλεσε
1132 4161 1230 4233 τὴν
1258 4162 1350 4214 τοῦ
1390 4161 1640 4230 σώματος
1694 4180 1861 4215 κατα-

1982 1881 2154 1944 sinas,
2187 1896 2256 1935 ne
2283 1895 2496 1935 merces
2531 1894 2751 1949 quoque
2779 1889 2963 1949 erepta
2987 1879 3110 1946 tibi,
3140 1879 3296 1934 alteri
3337 1879 3552 1933 tribua-

1980 1980 2090 2035 tur,
2126 1979 2288 2042 teque
2336 1971 2648 2034 humiliato,
2700 1971 2838 2026 alter
2875 1971 3083 2027 divitiis
3125 1971 3237 2028 tuis
3279 1971 3385 2026 sibi
3434 1972 3552 2042 glo-

1979 2063 2113 2116 riam
2140 2070 2439 2134 comparet.
2468 2061 2731 2118 Decenter
2753 2073 2807 2116 et
2830 2061 3022 2118 sedulo
3049 2073 3306 2133 tanquam
3329 2062 3553 2119 Christo

1978 2153 2284 2208 inserviens
2313 2154 2477 2224 imple
2513 2154 2589 2206 tui
2637 2154 2928 2208 ministerii
2971 2155 3177 2212 munia.
3225 2153 3548 2210 Maledicta:

1977 2244 2136 2308 enim,
2176 2243 2374 2314 inquit,
2426 2243 2600 2297 omnis
2639 2249 2729 2312 qui
2757 2242 2889 2310 facit
2921 2259 3078 2312 opera
3123 2243 3342 2298 Domini
3385 2245 3550 2314 negli-

1976 2337 2216 2402 genter'.
2264 2332 2439 2399 Time,
2492 2333 2638 2388 velut
2681 2332 2792 2389 Deo
2845 2341 3148 2405 spectante,
3197 2335 3429 2389 abusum
3480 2350 3550 2388 ex

1977 2427 2261 2481 nimietate
2307 2433 2361 2482 et
2409 2433 2726 2495 contemptu
2772 2425 3232 2495 proﬁciscentem,
3283 2426 3449 2482 etiam
3495 2426 3542 2480 si

1976 2518 2279 2574 ministeria
2325 2533 2447 2588 qua:
2486 2519 2588 2573 tibi
2630 2518 2685 2572 in
2730 2517 2988 2573 manibus
3036 2518 3144 2574 tuis
3193 2527 3364 2583 sunt,
3416 2517 3548 2572 vilia

1973 2623 2098 2665 esse
2132 2609 2443 2664 videantur.
2479 2609 2732 2680 Magnum
2783 2616 2869 2666 est
2916 2609 3126 2665 servitii
3163 2625 3322 2680 opus,
3357 2617 3413 2665 et
3450 2626 3547 2682 per

1975 2699 2109 2756 illud
2138 2701 2441 2770 acquiritur
2474 2701 2740 2755 cmlorum
2781 2715 3028 2771 regnum.
3068 2699 3165 2756 Est
3189 2703 3335 2756 enim
3369 2703 3549 2757 virtu-

1973 2801 2088 2846 tum
2135 2806 2358 2862 sagena,
2401 2807 2526 2846 cum
2566 2792 2622 2847 in
2667 2793 2847 2864 seipsa
2897 2793 3081 2848 omnia
3134 2791 3228 2848 Dei
3273 2804 3547 2866 praecepta

1974 2882 2131 2938 ferat.
2183 2882 2248 2935 Et
2299 2883 2536 2952 primum
2585 2883 2804 2952 quidem
2847 2883 3096 2937 omnium
3161 2883 3546 2954 complectitur

1972 2975 2359 3038 humilitatem,
2399 2990 2520 3044 quae
2567 2991 2768 3045 parens
2808 2986 2893 3031 est
2935 2975 3154 3031 virtutis
3202 2976 3403 3042 omnis,
3449 2991 3547 3032 co-

1975 3067 2229 3136 piamque
2263 3065 2416 3119 alIert
2455 3065 2722 3120 bonorum
2750 3083 2763 3119 :
2789 3071 2906 3119 tum
2936 3071 3020 3119 est
3048 3063 3202 3130 illud,
3235 3063 3467 3133 Esurivi,
3491 3077 3543 3120 et

1969 3157 2190 3211 dedistis
2234 3156 2362 3210 mihi
2395 3155 2716 3214 manducare
2740 3172 2758 3209 :
2783 3157 2947 3219 sitivi,
2982 3165 3031 3208 et
3058 3155 3276 3210 dedistis
3309 3156 3435 3209 mihi
3465 3157 3543 3210 bi-

1971 3250 2086 3304 bere
2112 3266 2128 3304 :
2151 3251 2332 3318 hospes
2361 3267 2530 3311 cram,
2572 3261 2620 3304 et
2658 3249 2925 3318 inﬁrmus,
2957 3259 3004 3304 et
3036 3250 3090 3302 in
3113 3266 3340 3310 carcere,
3364 3262 3413 3303 et
3439 3253 3543 3303 mi-

1968 3342 2237 3394 nistrastis
2289 3340 2417 3393 mihi
2441 3339 2484 3394 ³.
2511 3338 2576 3393 Et
2611 3339 2845 3394 maxime
2885 3355 3008 3393 cum
3048 3339 3223 3393 ollicia
3267 3339 3449 3394 debita
3484 3340 3541 3394 in

1969 3435 2153 3486 animo
2183 3433 2374 3486 humili
2411 3433 2550 3485 citra
2583 3431 2874 3484 elationem
2921 3430 3169 3500 iramque
3207 3439 3263 3485 et
3291 3447 3540 3484 murmu-

1966 3524 2234 3577 rationem
2278 3530 2628 3592 praestantur.
2677 3519 2988 3574 Emulator
3036 3533 3155 3575 esto
3200 3536 3391 3576 eorum
3444 3522 3539 3591 qui

1966 3621 2111 3668 recte
2140 3613 2357 3675 vivunt,
2394 3623 2555 3683 atque
2587 3613 2827 3682 ipsorum
2865 3613 3112 3667 actiones
3152 3614 3206 3666 in
3249 3620 3342 3666 tuo
3373 3616 3539 3668 corde

1965 3705 2224 3760 inscribe.
2285 3703 2419 3774 Opta
2469 3719 2591 3759 esse
2639 3720 2705 3758 ex
2748 3719 3047 3773 paucorum
3104 3720 3352 3759 numero.
3398 3703 3536 3758 Nam

1963 3813 2148 3850 rarum
2203 3804 2286 3851 est
2311 3797 2470 3866 211
2505 3796 2746 3864 bonum;
2777 3796 2846 3850 ob
2885 3796 3048 3866 idque
3083 3796 3240 3866 pauci
3277 3807 3406 3851 sunt
3439 3797 3534 3867 qui

1964 3887 2344 3958 ingrediantur
2375 3889 2430 3941 in
2475 3904 2701 3958 regnum
2736 3889 3021 3942 calorum.
3059 3886 3206 3942 Cave
3247 3895 3409 3957 putes
3440 3901 3535 3941 eos

1963 3993 2153 4032 omnes
2182 3978 2299 4032 ﬁeri
2343 3979 2544 4043 salvos,
2576 3979 2670 4050 qui
2723 3980 2780 4033 in
2821 3980 2957 4034 cella
2991 3979 3214 4049 degunt,
3248 3986 3363 4031 tum
3415 3993 3535 4030 ma-

1962 4073 2068 4134 los,
2113 4083 2226 4126 tum
2263 4072 2458 4126 bonos.
2485 4070 2605 4126 Non
2654 4071 2800 4126 enim
2834 4087 2924 4126 res
2957 4072 3032 4125 ita
3063 4087 3122 4125 se
3159 4071 3340 4125 habet.
3381 4068 3534 4124 Multi

1966 4163 2188 4233 quidem
2217 4163 2484 4217 accedunt
2514 4162 2582 4216 ad
2611 4168 2865 4217 sanctum
2901 4175 2963 4215 ac
2993 4162 3142 4230 pium
3168 4161 3295 4214 vita:
3325 4175 3531 4230 genus:

285 4249 540 4320 πόνησιν,
575 4252 640 4322 ῆν
693 4253 1058 4322 ὑπομένουσιν
1110 4255 1369 4318 ἑκουσίως
1397 4256 1448 4307 οἱ
1473 4254 1566 4307 τοῦ
1621 4254 1857 4325 Χριστοῦ

1977 4253 2052 4308 sed
2081 4253 2240 4323 pauci
2279 4253 2399 4322 ejus
2434 4253 2627 4322 jugum
2673 4255 2928 4308 subeunt.
2969 4251 3341 4306 Violentorum
3387 4253 3533 4307 enim

289 4341 529 4410 μαθηταὶ
555 4345 614 4395 ἐν
640 4346 706 4414 τῇ
733 4344 958 4416 ἀρνήσει
1003 4345 1112 4398 τῶν
1139 4347 1354 4401 οἰκείων
1393 4346 1712 4417 θελημάτων
1765 4347 1858 4400 καὶ

1977 4352 2042 4398 εει
2088 4357 2314 4414 regnum
2354 4344 2642 4409 cmlorum,
2697 4350 2749 4397 et
2787 4342 3010 4398 violenti
3060 4343 3280 4412 rapiunt
3332 4342 3464 4396 illud
3487 4347 3530 4395 ⁵.

285 4430 385 4498 τῆς
414 4433 777 4494 ἀναπαύσεως
806 4436 904 4506 τῆς
931 4436 1024 4489 τοῦ
1058 4435 1325 4507 σώματος,
1361 4438 1570 4508 φυλακῇ
1587 4438 1643 4490 δὲ
1668 4437 1856 4490 πασῶν

1977 4433 2140 4489 Verba
2185 4434 2297 4488 haec
2342 4433 2621 4504 Evangelii
2666 4443 2814 4490 sunt.
2863 4431 3192 4508 Violentiam
3241 4435 3532 4503 appellavit

285 4521 395 4574 τῶν
420 4525 650 4576 ἐντολῶν
679 4526 770 4578 τοῦ
801 4528 1058 4597 Χριστοῦ.
1088 4530 1150 4581 El
1188 4530 1367 4582 τοίνυν
1405 4529 1580 4599 βούλει
1614 4530 1856 4600 ἁρπάσαι

1977 4527 2212 4595 :orporis
2246 4525 2674 4590 aﬂlictationem,
2710 4540 2871 4595 quam
2901 4507 3092 4594 suapte
3126 4535 3320 4595 sponte
3361 4525 3529 4578 susti-

285 4613 386 4683 τὴν
414 4614 694 4684 βασιλείαν
745 4620 840 4671 τοῦ
868 4620 1024 4686 Θεοῦ,
1075 4621 1233 4689 γενοῦ
1286 4621 1531 4692 βιαστής·
1562 4621 1857 4686 ὐπόζευξόν

1977 4627 2098 4672 nent
2129 4617 2389 4687 discipuli
2421 4617 2650 4682 Christi,
2687 4615 2814 4671 dum
2848 4633 3002 4673 suam
3050 4617 3293 4686 ipsorum
3331 4616 3527 4670 volun-

289 4718 381 4755 σου
411 4706 501 4756 τὸν
538 4706 740 4778 αὐχένα
766 4707 844 4778 τῷ
871 4707 1018 4780 ζυγῷ
1051 4711 1148 4780 τῆς
1179 4711 1422 4774 δουλείας
1453 4710 1545 4763 τοῦ
1596 4710 1852 4765 Χριστοῦ.

1977 4717 2129 4763 .atem
2195 4709 2551 4779 corporisque
2599 4709 2836 4780 quietem
2888 4708 3183 4779 rejiciunt,
3228 4721 3293 4761 ac
3345 4706 3530 4762 omnia

2233 4863 2252 4894 ³
2299 4863 2483 4918 Matth.
2526 4879 2650 4928 xxv,
2689 4863 2785 4928 55,
2818 4864 2905 4917 56.
3002 4863 3026 4895 ⁸
3063 4861 3250 4918 Matth.
3291 4879 3377 4928 xI,
3434 4863 3524 4919 19..

356 4859 400 4892 θ’
441 4859 631 4917 Matth.
666 4878 750 4927 νι,
790 4862 876 4917 18.
955 4863 972 4892 ¹
1010 4861 1222 4920 Coloss.
1263 4881 1334 4929 Iv,
1371 4865 1422 4918 6.
1499 4867 1519 4897 ⁸
1559 4863 1754 4920 Jerem.
1797 4880 1995 4927 XLVIII,
2035 4864 2120 4918 '10.

355 5035 467 5111 (ευ)
498 5036 744 5111 Utraque
780 5039 948 5094 editio
989 5048 1045 5094 et
1089 5038 1221 5107 Reg.
1270 5041 1466 5096 tertius
1505 5039 1851 5109 εὐλογοποιοῦ
1959 5039 2099 5111 loco,
2133 5040 2224 5095 ubi
2259 5051 2310 5095 et
2342 5041 2397 5095 in
2431 5041 2594 5096 editis
2637 5049 2691 5096 et
2734 5042 2788 5095 in
2837 5042 3078 5111 antiquis
3113 5041 3328 5098 duobus
3370 5044 3524 5098 libris

280 5107 496 5190 αἰτίας..
516 5109 622 5162 Alii
653 5107 762 5164 duo
791 5126 924 5166 mss.
948 5111 1169 5180 εὐλόγου
1197 5111 1396 5174 αίτίας.
1427 5111 1549 5166 Mox
1579 5107 1688 5166 duo
1715 5127 1849 5167 mss.

1977 5111 2179 5190 egitur_
2198 5111 2386 5164 ἔπειτα
2434 5112 2514 5190 τό,
2546 5113 2622 5164 ait
2651 5107 3028 5190 _Combelisius
3077 5113 3523 5190 legendumnfor-

284 5179 370 5229 ἵνα
391 5179 693 5247 ἀπάγωσιν.
1088 5179 1091 5180 ⁷

1980 5196 2125 5242 asse,
2158 5181 2350 5234 ἓπεται
2389 5181 2471 5242 τό,
2517 5182 2770 5247 sequitur,
2806 5197 2973 5234 comes
3000 5191 3098 5245 est,
3125 5179 3280 5236 beata
3313 5183 3524 5239 scilicet

319 5246 681 5332 ‘(Sll‘l‘lditio
709 5255 944 5318 utraque
987 5257 1061 5331 et.
1091 5248 1224 5320 Reg.
1281 5251 1476 5306 tertius
1521 5251 1846 5370 ἀγρυπνίας,
1953 5251 2286 5331 retributio:
2333 5267 2495 5330 quam
2546 5246 2919 5318 cOIIjecturam
2970 5252 3073 5308 sibi
3126 5260 3219 5304 aut
3269 5255 3384 5313 uni,
3431 5266 3523 5312 aut

319 5316 400 5370 υγὶ
430 5318 566 5370 ἀλλὰ
589 5320 682 5370 καὶ
713 5319 933 5370 μᾶλλον.
960 5321 1064 5370 AlII
1083 5321 1191 5370 duo
1210 5335 1344 5370 mss.
1368 5322 1583 5370 ἀγουπν
1609 5337 1693 5370 ac.
1715 5322 1848 5370 ἀλλὰ
1955 5335 2240 5370 nernaucIs
2273 5320 2596 5370 placituram
2631 5330 2783 5370 nuto-
2815 5321 2935 5370 Mox
2974 5336 3108 5370 mss.
3149 5322 3258 5370 duo
3287 5322 3381 5370 καὶ
3416 5324 3523 5370 est-

279 5316 400 5386 οὐχὶ
430 5318 566 5370 ἀλλά
589 5320 682 5371 καὶ
713 5316 933 5387 μᾶλλον.
960 5320 1064 5374 Alii
1083 5316 1196 5374 duo
1210 5335 1344 5376 mss.
1368 5316 1693 5392 ἀγρυπνίας,
1715 5322 1848 5375 ἀλλά

280 5386 502 5459 μαλλον,
533 5396 703 5444 recte.
727 5388 837 5442 Nec
860 5390 933 5442 ita
956 5391 1126 5445 multo
1152 5398 1274 5459 post
1305 5392 1338 5444 ii
1369 5407 1507 5459 quos
1539 5391 1700 5444 modo
1732 5391 1845 5446 dixi

1977 5321 2240 5388 Ierpaucis
2270 5316 2596 5391 placituram
2630 5316 2783 5391 puto.
2815 5321 2935 5375 Mox
2974 5336 3108 5376 mss.
3149 5322 3258 5375 duo
3287 5322 3381 5375 καὶ
3416 5324 3523 5377 ἐδί-

1977 5406 2118 5459 ιησα.
2167 5458 2202 5459 η
2683 5457 2721 5459 Α

280 5402 502 5508 ρωον,
533 5402 703 5444 reste.
727 5402 837 5442 nec
860 5402 933 5442 Ita
956 5402 1126 5445 multo
1152 5402 1274 5460 post
1305 5408 1338 5444 II
1369 5407 1507 5459 quos
1539 5402 1700 5444 modo
1732 5402 1845 5446 dei

565 5461 661 5512 καὶ
688 5459 1113 5530 παρακλητικόν.
1144 5461 1471 5530 Conjuuctio
1497 5460 1590 5514 καί
1613 5460 1765 5516 deest
1789 5463 1844 5515 in

1977 5406 2134 5551 Inéagl
2154 5458 2307 5551 Editi
2333 5459 2649 5551 ὲᾷτελεέται.
2678 5457 2900 5551 V‘eteres
2930 5460 3039 5547 duo
3060 5461 3183 5551 libri
3209 5462 3518 5534 ὲκτελῆται.

278 5527 717 5672 νυίξὲῗέηιὶᾳυὶ
745 5598 857 5672 duo
885 5599 1010 5654 libri
1035 5598 1161 5671 γὰρ,
1187 5599 1434 5672 φησὶν,ᾼὸ
1465 5599 1655 5672 ποιῶν.

337 5667 458 5738 ¹(23)
491 5667 884 5741 Reg—primus
930 5667 1300 5743 ἐπιφερομένη
1332 5669 1443 5725 τόν.
1489 5669 1603 5726 Hoc
1634 5671 1750 5742 ipso
1785 5670 1841 5726 in

2025 5529 2136 5598 (25)
2154 5528 2346 5600 'Codex
2372 5529 2613 5583 Combel'.
2647 5531 2738 5582 καὶ
2766 5531 3055 5600 χρηστούς,
3085 5541 3134 5584 et
3163 5533 3321 5587 bonos
3340 5528 3524 5588 et'ma-

1953 5600 2063 5676 los:
2085 5600 2217 5676 Alii“
2221 5598 2330 5652 duo
2361 5613 2494 5676 mss.
2526 5610 2600 5676 et_
2612 5598 2843 5676 Iit-raque
2860 5598 3038 5676 editio
3071 5603 3165 5655 καὶ
3190 5605 3514 5676 ἀχρήστους.

1951 5668 2154 5725 ibidem
2179 5667 2310 5741 Reg.
2338 5669 2530 5724 tertius
2557 5667 2868 5741 nonat'utv
2893 5672 3021 5742 γάρ.
