3982 6240
471 346 577 408 647
1775 357 1833 412 S.
1879 357 2121 414 BASILII
2163 358 2380 415 MAGNI
3631 381 3733 434 648

463 473 665 531 Christi
694 482 964 544 prmcepta
1006 485 1251 531 servant.
1301 473 1476 548 Igitur
1524 477 1570 532 si
1602 479 1684 533 vis
1728 494 1918 549 rapere
1952 480 2017 535 De

2150 481 2381 551 Σφίγξον
2425 482 2523 553 τὴν
2574 482 2808 556 ζεύγλην
2841 485 2954 558 (26)
3010 490 3139 561 περὶ
3178 488 3270 545 τὸν
3313 493 3583 565 τράχηλόν
3618 512 3730 549 σου⁹

462 579 712 637 regnum,
762 566 997 621 emciare
1042 567 1336 632 violentus,
1393 570 1664 624 cervicem
1716 578 1866 623 tuam
1915 571 2017 641 jugi

2152 571 2380 625 θλιὸέτω
2410 574 2571 638 αὐτὸς
2603 576 2695 629 τὸν
2727 577 2820 630 σὸν
2849 579 3074 650 αὐχένα·
3137 580 3400 637 λέπτυνον
3444 585 3609 639 αὑτὸν
3658 587 3734 657 τῷ

460 657 743 711 servitutis
770 656 976 712 Christi
1017 658 1300 713 submitte.
1336 656 1537 728 Jugum
1574 658 1694 729 ejus
1728 662 2017 729 constringi

2150 664 2297 735 πόνῳ
2333 665 2440 719 τῶν
2468 666 2700 736 ἀρετῶν,
2731 670 2790 721 ὲν
2824 670 3120 739 νηστείαις,
3172 674 3229 725 ἐν
3264 675 3617 745 ἀγρυπνίαις,
3675 683 3732 733 ὲν

461 747 611 800 circa
646 748 847 801 collum
889 757 1066 812 tuum,
1110 748 1164 803 id
1196 756 1348 802 tuam
1379 749 1649 803 cervicem
1680 758 1913 819 premat,
1960 749 2017 803 fa

2140 756 2416 829 ὑποταγῇ,
2447 758 2506 811 ὲν
2539 758 2762 830 ἠσυχίᾳ,
2789 761 2846 813 ὲν
2896 760 3261 833 ψαλμῳδίαις,
3293 767 3351 819 ὲν
3376 771 3730 839 προσευχαῖς,

462 837 606 892 idem
646 838 845 894 reddas
874 848 1039 895 tenue
1073 856 1137 895 ac
1163 841 1281 895 leve
1308 855 1405 910 per
1426 840 1669 895 laborem
1702 841 1951 906 virtutis,
1987 841 2017 894 ii

2147 849 2205 901 ὲν
2236 848 2518 921 δάκρυσιν,
2545 853 2602 903 ὲν
2630 853 2946 924 χειρεργίῳ,
2998 856 3055 906 ὲν
3090 857 3336 929 ὑπομονῇ
3387 837 3730 931 πάσης-θλί-

455 929 703 1001 jejuniis,
745 933 800 986 in
841 932 1067 1001 vigiliis,
1108 933 1162 988 in
1208 934 1542 1000 obedientia,
1599 936 1655 988 in
1707 934 1954 997 silentio,
1987 933 2043 987 in

458 1023 799 1093 psalmodiis,
845 1024 900 1079 in
936 1026 1369 1095 preCationibus,
1417 1028 1475 1081 in
1522 1026 1804 1098 lacrymis,
1842 1025 1899 1080 in
1936 1038 2045 1078 ma-

454 1134 627 1174 nuum
660 1135 845 1190 opere,
881 1121 936 1174 in
964 1121 1241 1176 toleranda
1269 1122 1560 1177 aiilictione
1588 1122 1757 1185 omni,
1789 1135 1911 1192 quae
1942 1120 2042 1175 tibi

455 1220 571 1267 tum
601 1227 666 1267 ex
689 1211 1049 1276 daemonibus,
1086 1221 1202 1267 tum
1235 1229 1301 1268 ex
1336 1214 1653 1268 hominibus
1695 1212 1931 1269 accedit.

527 1304 616 1361 10.
658 1303 738 1360 Ne
774 1307 870 1361 tibi
914 1307 1180 1375 temporis
1228 1320 1526 1376 progressu
1572 1304 1901 1375 persuadeat
1945 1318 2041 1358 su-

453 1393 621 1464 perba
665 1394 846 1464 aliqua
886 1397 1169 1465 cogitatio,
1217 1404 1278 1449 ut
1323 1396 1391 1450 de
1428 1396 1714 1467 laboribus
1765 1394 2035 1460 remittas,

452 1499 522 1539 ne
553 1484 695 1540 forte
728 1487 775 1541 si
806 1485 873 1541 ad
900 1488 1081 1542 exitus
1113 1488 1259 1542 iores
1288 1486 1471 1544 nudus
1505 1488 1802 1543 virtutibus
1836 1487 2035 1557 depre-

452 1574 660 1634 hensus
691 1576 885 1645 fueris,
919 1586 1072 1634 extra
1106 1579 1260 1651 regni
1287 1586 1478 1650 portas
1510 1580 1810 1635 inveniare.
1842 1577 1921 1633 Ne
1953 1577 2036 1633 cf-

451 1666 589 1724 ferat
634 1676 689 1724 te
743 1671 876 1725 cleri
920 1671 1168 1741 gradus:
1203 1674 1299 1729 sed
1350 1675 1536 1745 potius
1577 1671 1845 1728 humiliet.
1895 1670 2033 1725 Nam

451 1760 648 1815 animae
687 1760 986 1831 proiectus,
1023 1764 1353 1821 humilitatis
1402 1764 1683 1836 profectus
1722 1772 1847 1820 est:
1880 1762 2033 1820 defe-

2143 936 2292 1005 ψεως
2342 937 2721 1011 ἐπερχομένης
2764 957 2846 994 σοι
2881 940 2947 995 ἐκ
2997 959 3056 996 τε
3088 943 3358 1016 δαιμόνων
3389 949 3485 1002 καὶ
3519 949 3730 1022 ἀνθρώ-

2145 1046 2263 1083 πων

2212 1295 2299 1351 10.
2329 1296 2420 1366 Μή
2456 1313 2513 1350 σε
2548 1298 2791 1353 πεισάτω
2814 1300 2895 1372 τῷ
2922 1303 3099 1375 χρόνῳ
3127 1304 3368 1360 ἐνδοῦναι
3395 1310 3511 1372 τοῖς
3538 1308 3724 1375 πόνοις

2138 1384 2399 1457 λογισμὸς
2445 1389 2791 1462 ὑψηλόφρων,
2822 1393 2909 1447 ἵνα
2946 1396 3020 1467 μή
3049 1413 3172 1460 που,
3203 1398 3341 1470 πρὸς
3372 1404 3494 1463 ταῖς
3527 1401 3722 1471 θύραις

2136 1479 2236 1549 τῆς
2267 1479 2445 1545 ἐξόδου
2489 1482 2697 1552 γυμνὸς
2745 1483 2955 1552 ἀρετῶν
3001 1489 3392 1560 καταληφθεὶς,
3443 1491 3550 1560 ἔξω
3607 1493 3719 1548 τῶν

2136 1572 2320 1626 πυλῶν
2347 1571 2448 1642 τῆς
2477 1571 2757 1643 βασιλείας
2778 1578 3026 1651 εὑρεθῇς.
3058 1581 3147 1651 Μή
3174 1599 3233 1636 σε
3260 1582 3467 1655 βαθμὸς
3509 1586 3715 1659 κλήρου

2135 1659 2432 1730 ἐπαιρέτω,
2460 1661 2598 1716 ἀλλά
2642 1665 2840 1735 μᾶλλον
2883 1668 3246 1723 ταπεινοιὴω.
3294 1673 3555 1745 Προκοπὴ
3605 1674 3715 1748 γὰρ

2131 1749 2336 1824 ψυχῆς,
2367 1757 2622 1828 προκοπὴ
2649 1757 3052 1824 ταπεινώσεως·
3086 1762 3376 1835 ὑστέρησις
3390 1765 3447 1819 δὲ
3475 1768 3572 1820 καὶ
3598 1769 3716 1821 ἀτι-

451 1860 577 1908 ctus
615 1869 747 1909 vero
775 1863 829 1909 et
854 1855 1154 1925 ignominia
1182 1873 1250 1912 ex
1295 1856 1462 1911 animi
1495 1858 1734 1911 elatione
1763 1856 2017 1927 gignitur.

2135 1845 2256 1917 μία,
2294 1847 2353 1912 ἐξ
2382 1848 2831 1924 ὑψηλοφροσὼης
2867 1855 3134 1909 τίκτεται.
3161 1856 3325 1911 Ὅσον
3367 1859 3615 1929 ἐγγίζειν
3654 1879 3714 1916 σε

448 1941 667 2009 Quanto
717 1943 786 1998 ad
844 1943 1088 2014 maiores
1140 1946 1432 2012 sacerdotii
1486 1948 1689 2017 gradus
1734 1948 2030 2017 appropin-

446 2050 621 2105 quare
660 2043 713 2091 te
742 2039 1060 2109 contigerit,
1098 2045 1310 2092 tantum
1357 2039 1581 2093 humilia
1617 2048 1672 2095 te
1716 2040 1854 2111 ipse,
1891 2040 2029 2094 ﬁlio-

444 2141 571 2181 rum
620 2126 805 2183 Aaron
851 2130 1059 2185 veritus
1108 2133 1439 2202 exemplum.
1489 2133 1742 2205 Cognitio
1785 2136 2025 2206 pietatis,

445 2217 687 2289 cognitio
735 2226 819 2274 est
851 2220 1178 2278 humilitatis
1213 2232 1376 2294 atque
1408 2226 1871 2282 mansuetudinis.
1916 2226 2028 2280 llu-

441 2310 652 2365 militas
685 2313 967 2367 aemulatio
1000 2322 1083 2369 est
1135 2315 1342 2371 Christi
1371 2335 1383 2371 :
1417 2317 1583 2371 elatio
1614 2327 1798 2374 autem
1833 2326 1887 2374 et
1930 2334 2028 2373 au-

440 2401 602 2457 dacia
638 2411 802 2475 atque
833 2405 1172 2475 impudentia
1202 2409 1481 2464 aemulatio
1510 2420 1593 2466 est
1619 2409 1842 2465 diaboli.
1866 2410 2027 2465 Chri-

442 2505 588 2550 stum
619 2497 901 2561 aemulare,
938 2512 1046 2552 non
1078 2500 1468 2555 antichristum
1502 2520 1515 2556 :
1551 2500 1744 2566 Deum,
1787 2517 1897 2556 non
1927 2501 2022 2558 Dei

443 2588 823 2644 adversarium
862 2608 874 2643 :
923 2587 1253 2655 Dominum,
1315 2608 1424 2647 non
1467 2608 1687 2648 servum
1747 2613 1760 2649 :
1806 2595 2027 2649 miseri-

440 2676 704 2742 cordem,
760 2693 868 2732 non
943 2679 1433 2736 immisericordem
1476 2682 1859 2750 :humanum,
1910 2700 2023 2739 non

440 2766 802 2822 inhumanum
830 2787 844 2824 :
871 2784 968 2825 eos
997 2771 1090 2841 qui
1136 2781 1265 2827 sunt
1295 2773 1517 2828 thalami
1558 2775 1819 2845 nuptialis
1841 2814 1856 2840 ,
1909 2791 2022 2830 non

438 2872 538 2913 eos
566 2857 658 2927 qui
684 2859 1053 2915 tenebrarum.
1072 2859 1153 2916 Ne
1181 2862 1392 2919 ambias
1424 2862 1688 2919 fratribus
1725 2864 2018 2935 imperare,

440 2961 510 3002 ne
530 2946 835 3003 alienorum
864 2956 1217 3020 pedcatorum
1249 2967 1416 3008 onera
1451 2954 1589 3009 collo
1621 2962 1717 3009 tuo
1746 2955 2016 3026 imponas.

438 3036 700 3108 Expende
724 3043 997 3113 cujusque
1024 3042 1132 3100 diei
1165 3059 1325 3116 opus,
1358 3044 1523 3116 idque
1552 3061 1678 3101 cum
1709 3061 1880 3117 opere
1908 3046 2017 3102 diei

439 3134 704 3204 praeteriti
742 3135 953 3203 confer,
985 3143 1041 3192 et
1082 3137 1159 3192 ita
1203 3137 1423 3194 demum
1455 3138 1657 3195 melior
1691 3139 1807 3195 ﬁeri
1837 3141 2016 3196 stude.

439 3223 652 3280 Proﬁce
689 3226 745 3281 in
767 3227 1092 3293 virtutibus,
1115 3236 1176 3283 ut
1193 3244 1364 3302 prope
1391 3229 1622 3287 accedas
1659 3231 1728 3285 ad
1765 3232 2012 3303 angelos.

435 3311 706 3373 Permane
746 3316 802 3371 in
836 3318 974 3373 cella
1018 3334 1129 3374 non
1176 3336 1275 3390 per
1315 3321 1452 3386 dies,
1488 3336 1599 3376 non
1646 3337 1744 3392 per
1774 3337 2013 3389 menses,

435 3406 535 3462 sed
572 3422 671 3479 per
693 3409 997 3465 multorum
1027 3426 1298 3467 annorum
1331 3412 1619 3477 circuitus,
1647 3413 1879 3470 laudans
1908 3415 2017 3470 Do-

437 3498 649 3555 minum
683 3509 835 3556 tuum
865 3511 1034 3557 noctu
1071 3503 1296 3575 diuque,
1327 3503 1625 3560 Cherubim
1655 3506 1907 3578 exemplo
1931 3515 2016 3562 at-

434 3606 542 3662 que
590 3592 918 3650 imitatione.
955 3593 1013 3650 Si
1062 3597 1144 3652 sic
1184 3597 1502 3668 increperis,
1540 3599 1732 3670 sicque
1758 3600 2010 3669 desieris,

433 3690 549 3735 tum
582 3679 802 3737 demum
846 3692 999 3741 arcto
1033 3686 1231 3743 itinere
1263 3702 1361 3757 per
1393 3687 1559 3745 breve
1599 3692 2012 3748 exercitationis

429 3776 542 3826 tute
577 3779 790 3845 tempus
816 3775 1089 3841 confecto,
1122 3777 1177 3832 in
1209 3778 1524 3848 paradisum
1568 3794 1695 3836 cum
1727 3780 1822 3837 Dei
1857 3784 2013 3838 auxi-

432 3862 508 3918 lio
542 3865 870 3938 ingrediere,
904 3870 958 3925 in
994 3871 1285 3942 splendore
1324 3873 1593 3946 lampadis
1625 3876 1844 3944 animae,
1885 3894 2011 3933 cum

431 3956 654 4017 Christo
680 3964 924 4033 gaudens
954 3964 1006 4018 in
1040 3965 1239 4019 saecula
1266 3968 1615 4020 saeculorum.
1647 3966 1844 4024 Amen.

2128 1937 2238 1991 τῶν
2269 1941 2561 2010 ίερατικῶν
2588 1942 2813 2015 βαθμῶν
2833 1949 2945 2010 τοῖς
2983 1948 3197 2018 μείζοσι
3227 1952 3490 2024 συμϐαίη,
3532 1954 3715 2007 τοσοῦ-

2127 2043 2221 2080 τον
2266 2032 2524 2085 ταπείνου
2585 2036 2833 2100 σεαυτὸν,
2866 2037 3121 2102 δεδοικὼς
3164 2040 3228 2094 τὸ
3256 2042 3564 2114 ὑπόδειγμα
3602 2043 3713 2099 τῶν

2129 2120 2260 2174 υἱῶν
2292 2122 2521 2195 Ἀαρών.
2560 2126 2883 2195 Ἐπίγνωσις
2911 2129 3239 2198 θεοσεὸείας,
3273 2134 3573 2203 ἐπίγνωσις
3615 2152 3712 2191 τα-

2127 2213 2439 2278 πεινώσεως
2459 2217 2553 2270 κα).
2587 2219 2914 2292 πραότητος.
2941 2222 3301 2290 Ταπείνωσις,
3334 2225 3577 2296 Χριστοῦ
3619 2226 3710 2297 μί-

2130 2320 2295 2376 μησις
2322 2306 2458 2379 (27)⁶
2493 2309 2726 2380 ἔπαρσις
2771 2312 2828 2365 δὲ
2860 2313 2954 2370 καὶ
2986 2316 3270 2387 παρρησία
3308 2318 3406 2371 καὶ
3435 2318 3702 2383 ἀναίδεια,

2123 2397 2219 2451 τοῦ
2245 2398 2492 2454 διαϐόλου
2534 2403 2780 2474 μίμημα.
2812 2405 2970 2460 Γίνου
3017 2410 3259 2480 μιμητὴς
3306 2411 3568 2481 Χριστοῦ,
3612 2413 3708 2466 καὶ

2129 2489 2204 2561 μὴ
2239 2490 2608 2561 ἀντιχρίστοψ
2636 2494 2795 2559 Θεοῦ,
2839 2497 2935 2550 καὶ
2977 2497 3054 2570 μὴ
3102 2500 3369 2554 ἀντιθέου’
3406 2503 3703 2566 Δεσπότου,

2125 2583 2218 2635 καὶ
2250 2583 2324 2652 μὴ
2345 2583 2635 2654 δραπέτου·
2667 2585 2976 2659 ὲλεήμονος,
3008 2591 3103 2644 καὶ
3130 2591 3205 2663 μὴ
3259 2593 3543 2663 ἀνηλεοῦςο
3580 2596 3703 2665 φιλ-

2123 2674 2433 2748 ανθρώπου,
2490 2678 2585 2731 καὶ
2634 2678 2710 2750 μὴ
2742 2680 3127 2754 μισανθρώπου
3159 2700 3172 2712 ·
3206 2683 3318 2737 τῶν
3352 2685 3449 2739 τοῦ
3479 2686 3703 2759 νυμφῶ-

2122 2782 2233 2829 νος,
2270 2767 2365 2820 καὶ
2397 2767 2474 2840 μὴ
2509 2769 2619 2823 τῶν
2644 2771 2738 2824 τοῦ
2798 2773 3046 2839 σκότους.
3097 2775 3189 2847 Μὴ
3218 2777 3461 2850 σπεὺσῃς
3511 2778 3703 2833 κελεῦ-

2123 2876 2214 2914 σαι
2242 2858 2355 2933 (28)
2390 2861 2739 2934 ἀδελφότητι,
2779 2864 2869 2918 ῐνα
2931 2867 3006 2938 μὴ
3054 2867 3340 2940 ἐπιθήσεις
3386 2869 3701 2942 ἀλλοτρίους

2121 2952 2354 3025 φόρτους
2392 2955 2808 3029 ἁμαρτημάτων
2855 2959 2949 3012 ἐπὶ
2992 2959 3069 3032 σῷ
3106 2963 3383 3035 τραχήλῳ.
3428 2964 3701 3036 Ἐκάστης

2120 3044 2334 3114 ἡμέρας
2369 3046 2632 3117 ἐργασίαν
2663 3049 3153 3123 ἐπισκεπτόμενος,
3192 3053 3436 3124 σὺμϐαλε
3473 3058 3541 3127 τῇ
3591 3057 3701 3127 πρὸ

2122 3137 2313 3208 αὑτῆς,
2346 3139 2440 3192 καὶ
2484 3139 2682 3193 σπεῦδε
2711 3141 2850 3213 πρὸς
2899 3143 2998 3215 τὴν
3048 3144 3351 3215 βελτίωσιν.
3412 3148 3700 3219 Πρόκοπτε

2119 3230 2240 3293 ταῖς
2270 3230 2513 3301 ἀρεταῖς,
2541 3232 2629 3285 ῐνα
2659 3235 2827 3303 ἐγγὺς
2861 3235 2993 3307 γένῃ
3025 3235 3133 3289 τῶν
3174 3238 3443 3307 ἀγγέλων.
3483 3241 3702 3315 Ἐγχρό-

2121 3319 2236 3385 νιζε
2265 3325 2331 3394 τῇ
2352 3322 2515 3396 κέλλῃ
2540 3324 2639 3395 οὑχ
2665 3325 2877 3397 ἡμέρας
2900 3327 3020 3382 οὑδὲ
3056 3328 3255 3399 μῆνας,
3299 3330 3437 3384 ἀλλά
3486 3331 3699 3386 πολλῶν

2119 3414 2259 3468 ὲτῶν
2285 3416 2565 3488 περιόδους
2588 3418 2841 3489 ἀνυμνῶν
2869 3437 2962 3474 σου
3016 3422 3108 3475 τὸν
3137 3424 3414 3496 Δεσπότην
3440 3425 3499 3478 ὲν
3544 3426 3699 3481 νυκτὶ

2121 3507 2218 3559 καὶ⁸
2241 3508 2298 3560 ἐν
2331 3509 2539 3580 ἡμέρᾳ,
2578 3508 2918 3580 μιμούμενος
2955 3510 3025 3564 τὰ
3076 3513 3360 3586 χερουόίμ.
3396 3516 3493 3569 ’Ἂν
3525 3514 3699 3581 οὕτως

2117 3596 2279 3671 ἄρξῃ,
2312 3597 2456 3652 οὑτω
2477 3598 2536 3653 δὲ
2561 3601 2655 3654 καὶ
2683 3600 2931 3674 τελέσῃς,
2957 3602 3057 3674 τὴν
3074 3604 3446 3677 τεθλιμμένην
3469 3606 3697 3671 ὁδεύσας

2115 3690 2235 3744 ὁδὸν
2266 3693 2324 3745 ὲν
2368 3690 2447 3762 τῷ
2488 3691 2681 3763 βραχεί
2717 3710 2810 3747 σου
2841 3695 3018 3768 χρόνῳ
3055 3697 3157 3767 τῆς
3215 3698 3524 3770 ἀσκήσεως,
3557 3698 3694 3752 Θεοῦ

2118 3785 2302 3855 χάριτι
2340 3783 2621 3857 είσελεὺσῃ
2667 3786 2749 3849 είς
2779 3786 2872 3840 τὸν
2925 3789 3255 3862 παράδεισον
3283 3793 3342 3844 ὲν
3373 3792 3695 3864 φαιδρότητι

2114 3874 2395 3947 λαμπάδος
2426 3874 2538 3947 (29)
2577 3877 2679 3946 τῆς
2704 3877 2903 3949 ψυχῆς,
2948 3879 3173 3952 Χριστῷ
3225 3883 3694 3956 συναγαλλόμενος

2115 3968 2196 4031 εἱς
2213 3968 2342 4032 τοὺς
2365 3967 2580 4046 αἰῶνας
2601 3969 2710 4023 τῶν
2728 3973 2961 4028 αἰώνων.
3003 3974 3196 4046 Ἀμήν.

437 4132 3676 4176 ———-———_—-—____________.______________

432 4252 669 4311 SERMO
708 4254 1019 4312 EIUSDEM
1075 4260 1165 4314 DE
1218 4261 1563 4319 ASCETICA
1597 4264 2006 4334 DISCIPLINA,

640 4370 900 4440 quomodo
953 4374 1266 4429 monachum
1307 4380 1491 4432 ornari
1533 4389 1793 4448 oporteat.

503 4479 556 4538 ι.
612 4480 838 4553 Oportet
889 4488 1215 4544 monachum
1256 4492 1309 4545 in
1357 4494 1548 4563 primis
1598 4495 1733 4549 nihil
1794 4498 1849 4551 in
1896 4498 2006 4552 vita

2257 4263 2395 4316 Tur
2421 4264 2653 4319 ΑΥΤΟΥ
2689 4246 2915 4322 ΛΟΓΟΣ
2949 4270 3109 4325 ΠΕΡι
3155 4275 3549 4345 ΑΣΚΗΣΕΩΣ,

2352 4378 2480 4446 πῶς
2515 4379 2611 4434 δεῖ
2640 4382 2993 4452 κοσμεῖσθαι
3025 4384 3134 4439 τὸν
3152 4390 3445 4460 μοναχόν.

2184 4490 2209 4545 Ι
2224 4532 2235 4544 .
2269 4492 2363 4544 Δεῖ
2388 4490 2480 4545 τὸν
2515 4494 2745 4565 μοναχὸν
2776 4495 2884 4568 πρὸ
2920 4498 3136 4554 πάντων
3161 4502 3444 4574 ἀκτήμονα
3462 4504 3579 4576 βίον
3604 4526 3693 4563 κε·

427 4574 736 4647 possidere.
776 4576 986 4635 Rursus
1031 4595 1154 4635 eum
1202 4593 1416 4654 oportet
1449 4588 1698 4656 corporis
1753 4591 2007 4647 solitudi-

2126 4580 2341 4652 (τῆσθαι
2366 4599 2380 4613 ·
2437 4582 2690 4654 σώματος
2743 4588 2975 4659 ἐρημίαν
3006 4589 3115 4662 (50)
3143 4633 3158 4657 ,
3211 4595 3306 4647 καὶ
3356 4574 3693 4670 κοσμιότητα

427 4678 577 4728 nem,
608 4664 827 4722 habitus
860 4669 1206 4736 modestiam,
1248 4687 1437 4728 vocem
1480 4677 1840 4745 moderatam,
1883 4697 2004 4737 scr-

426 4769 646 4811 monem
682 4757 993 4814 ordinatum
1035 4761 1255 4827 habere,
1295 4764 1365 4820 de
1402 4767 1526 4823 cibo
1561 4776 1616 4825 et
1663 4781 1797 4841 potu
1849 4784 2003 4830 tran-

425 4849 658 4920 quillum
689 4867 812 4908 esse
852 4861 909 4908 et
935 4854 1207 4924 quietum,
1244 4858 1465 4916 silentio
1505 4864 1810 4930 comedere,
1841 4869 2003 4940 212

425 4955 614 4997 coram
648 4945 961 5003 senioribus
1005 4956 1208 5016 tacere,
1245 4953 1438 5010 audire
1487 4969 1673 5012 coram
1707 4962 2005 5032 sapientio-

424 5034 602 5100 ribus,
653 5039 893 5108 tequales
921 5056 1129 5108 amare,
1167 5046 1456 5101 consilium
1508 5050 1775 5110 charitate
1813 5057 2005 5115 condi-

496 5192 608 5263 (26)
640 5192 734 5250 Sic
755 5196 921 5274 _l_{egii
959 5201 1174 5274 primus
1214 5193 1278 5260 et.
1307 5208 1520 5265 tertius.
1552 5211 1708 5268 Alius
1747 5215 1918 5274 codex
1944 5227 2001 5273 et

423 5270 657 5354 utraque
677 5266 881 5354 ‘editioi
914 5266 994 5341 τῷ
1024 5271 1182 5354 ’ςυγῷ
1225 5275 1620 5354 τσῦυὶςριστοῦ,
1656 5266 2000 5354 defigi)?

422 5329 646 5417 ζεῦγλα.
676 5333 788 5417 Ρξεο
819 5338 894 5417 ita
927 5329 1099 5397 multo
1113 5329 1252 5417 post
1278 5329 1620 5405 editibvven:
1641 5329 1695 5408 et

422 5405 791 5486 τιῖινκέιρετίὐνἰ
834 5408 995 5486 Deest
1027 5405 1293 5472 articulus
1327 5418 1379 5471 in
1414 5405 1996 5486 editione—Parisiensvi:

494 5472 1045 5569 izz‘y‘ltegiihprimus
1070 5491 1125 5540 et
1168 5488 1364 5543 tertius
1406 5472 1650 5562 armis
1677 5472 1996 5569 ξιῐεὶῆεὶέζῗῖξ

421 5537 668 5613 διαβόλου
706 5537 878 5613 γίνου.

496 5612 611 5681 (28)
652 5612 831 5694 βᾶίιίο
865 5617 1042 5694 Paris.
1096 5631 1150 5679 et
1200 5627 1369 5682 editio
1393 5629 1529 5686 Ven.
1565 5633 1620 5687 in
1654 5645 1912 5694 contextu
1944 5647 1998 5694 et

421 5676 802 5772 Eeg:_pt'itnus
852 5690 1080 5772 καλέσαι
1108 5676 1999 5772 ἀδελφότητα,-τόξειῗενὲίνόόὲαιῗὲ

424 5749 832 5821 fraternitatem.
877 5759 948 5815 At
990 5760 1123 5834 Reg.
1158 5749 1479 5837 primus.

2114 4675 2427 4746 σχήματος,
2463 4677 2646 4749 φωνὴν
2682 4679 3028 4755 σύμμετρον,
3067 4686 3160 4739 καὶ
3198 4687 3355 4754 λόγον
3388 4689 3689 4746 εὔτακτονσ

2111 4764 2317 4838 τροφὴν
2342 4768 2437 4821 καὶ
2468 4769 2632 4823 ποτὸν
2662 4770 2928 4844 ἀθόρυϐον
2949 4793 2963 4807 ·
2999 4778 3095 4831 καὶ
3121 4779 3262 4850 μετά
3287 4783 3522 4854 ἡσυχίας
3542 4784 3691 4839 ἐσθί-

2110 4874 2192 4911 ειν
2223 4876 2236 4889 ·
2293 4861 2386 4913 ἐπὶ
2441 4863 2828 4938 πρεσϐυτέρων
2895 4873 3107 4943 σιωπᾷν
3145 4913 3160 4937 ,
3211 4875 3306 4928 ἐπὶ
3363 4878 3693 4953 σοφωτέρων

2108 4951 2448 5024 ἀκροᾶσθαιο
2502 4957 2639 5029 πρὸς
2683 4961 2810 5025 τοὺς
2863 4960 3011 5029 ἴσους
3051 4966 3269 5039 ἀγάπην
3314 4968 3460 5040 ἔχειν
3484 5011 3500 5036 ,
3553 4951 3692 5042 πρὸς

2106 5046 2234 5109 τοὺς
2279 5045 2535 5115 ἐλάττους
2591 5052 2939 5127 ἀγαπητικὴν
2990 5057 3318 5129 συμϐουλίαν
3340 5102 3357 5127 ,
3417 5063 3529 5117 ἀπὸ
3580 5065 3691 5118 τῶν

2109 5222 2246 5312 Yen.
2274 5227 2328 5282 in
2361 5231 2606 5312 margine
2640 5233 2895 5312 κελεῖξσαι
2938 5238 3278 5312 ἀδελφότητι,
3320 5240 3459 5298 Cave
3488 5246 3689 5312 gestias

2105 5300 2730 5388 praefseofrafernitati.
2783 5305 2986 5388 ibidem
3038 5300 3447 5388 R'eg.'prinius_
3480 5300 3587 5388 ἵνα
3616 5300 3692 5388 μὴ

2105 5366 2315 5454 ἐπιθῇς.
2328 5366 2578 5454 ‘Su‘binde
2591 5375 2860 5454 duomss.
2875 5366 3360 5454 ἐπισκεπτόμενος,
3385 5366 3690 5454 οῖὺμὸαλλεί

2177 5436 2553 5534 ¥E9lfﬂtitei
2573 5444 2833 5534 «199M
2855 5436 3189 5534 ,εεαιδρτέτξιτί
3222 5436 3694 5534 λαιὶθεάβᾷςῗιῑὸί

2109 5504 2556 5583 Κελτίξεεειιηᾶιιε
2585 5524 2640 5567 et
2658 5514 2826 5571 editio
2855 5504 3218 5583 Ven.'atr3'va¢
3242 5504 3616 5581 τὼνίάέῶξρὶυῐ

2179 5576 2290 5665 (50)
2327 5579 2504 5638 Editio
2552 5594 2782 5665 utraque
2827 5597 2888 5665 e_t_
2932 5588 3065 5660 Reg.
3112 5576 3395 5665 secundus
3428 5576 3693 5665 σώματος

2103 5648 2361 5733 ᾗρεὶμίαν,
2398 5654 2633 5733 corporis
2667 5648 3041 5733 solitudinem:
3062 5660 3359 5730 Aliquanto
3390 5648 3535 5733 post.
3554 5648 3691 5724 edi—ti

2105 5717 2315 5802 etﬁeg.
2348 5717 2630 5802 secundus
2656 5725 2922 5798 ἀθόρυὸον
2943 5731 3036 5784 καὶ
3063 5717 3202 5802 μετᾶ
3228 5717 3550 5802 εὐσταθείας
3562 5717 3686 5793 Eii:

2104 5787 2210 5843 Alii
2234 5787 2343 5846 duo
2371 5807 2505 5849 mss.
2533 5804 2589 5850 ut
2616 5795 2673 5851 in
2706 5787 2988 5856 contextu.
