3982 6240
307 347 407 403 659

1256 345 1490 402 SERMO
1527 345 1614 398 DE
1648 344 1981 402 ASCETICA
2028 341 2436 407 DISCIPLINA,
2481 341 2634 396 ETC.

3485 345 3590 403 650

309 464 527 536 φαύλων
569 466 665 518 καὶ
711 467 990 538 σαρκικῶν
1033 464 1126 519 καὶ
1170 465 1630 537 φιλοπραίμόνων
1679 467 1892 537 ἀναχω-

2027 480 2116 519 um
2158 460 2514 519 inferioribus
2560 460 2729 527 dare,
2777 476 2807 516 a
2848 461 3009 517 malis
3057 463 3488 534 carnalibusque
3527 480 3594 520 ac

309 561 454 631 ρεῖν,
494 557 721 611 πλείονα
759 561 900 610 νοεῖν
925 599 938 622 ,
973 558 1130 623 ὀλίγα
1169 558 1226 611 δὲ
1249 557 1358 628 (3i)
1408 558 1776 627 φθέγγεσθαι·
1827 558 1902 629 μὴ

307 648 676 722 θρασύνεσθαι
715 649 896 719 λόγῳ,
951 649 1085 720 μηδὲ
1129 649 1473 720 περιττεύειν
1528 650 1772 721 ὁμιλίας,
1827 650 1901 721 μὴ

308 742 604 813 πρόχειρον
644 740 892 810 γίνεσθαι
926 741 1053 811 περὶ
1091 740 1338 809 γέλωτα,
1378 743 1520 795 αἰδοῖ
1555 742 1900 812 κοσμεῖσθαι,

307 833 458 886 κάτω
491 832 553 884 τὸ
590 831 813 903 βλέμμα
861 831 1040 902 ἔχειν,
1081 833 1193 886 ἀνω
1222 831 1279 886 δὲ
1309 832 1407 904 τὴν
1442 834 1622 904 ψυχήν
1643 852 1654 863 °
1694 835 1766 904 μὴ
1808 835 1903 887 ἀν-

313 926 543 993 τιλέγειν
593 925 967 993 ἀντιλογίαις,
1021 924 1251 995 εὐπειθῆ
1305 921 1478 978 εἶναι’
1539 929 1734 996 κοπιᾷν
1783 928 1906 990 ταῖς

307 1016 466 1086 χερσὶ
489 1055 504 1079 ,
535 1015 905 1087 μνημονεύειν
937 1015 1047 1069 τῶν
1072 1017 1317 1086 ἐσχάτων
1346 1017 1577 1070 πάντοτε
1598 1057 1612 1080 ,
1639 1020 1704 1088 τῇ
1731 1016 1905 1070 ἐλπίδι

311 1107 526 1176 χαίρειν
547 1145 563 1170 ,
593 1108 663 1177 τῇ
693 1105 871 1175 θλίψει
913 1107 1208 1177 ὑπομένειν
1230 1148 1244 1171 ,
1285 1107 1645 1170 ἀδιαλείπτως
1673 1107 1906 1179 προσεύ-

310 1198 503 1268 χεσθαι
523 1240 539 1263 ,
570 1201 628 1250 ἐν
660 1199 824 1252 παντὶ
854 1199 1218 1270 εὐχαριστεῖν,
1253 1201 1390 1272 πρὸς
1421 1201 1627 1265 πάντας
1656 1201 1907 1254 ταπεινὸν

311 1288 453 1344 εἷναι
479 1331 495 1355 ,
545 1294 725 1362 μισεῖν
764 1291 863 1363 τὴν
906 1292 1322 1364 ὑπερηφανίαν,
1363 1294 1556 1364 νήφειν
1602 1295 1695 1347 καὶ
1720 1297 1908 1365 τηρεῖν

313 1387 411 1458 τὴν
449 1387 681 1458 καρδίαν
734 1387 844 1439 ἀπὸ
883 1386 1164 1458 λογισμῶν
1212 1388 1465 1458 πονηρῶν
1491 1428 1505 1451 ,
1559 1387 1908 1460 θησαυρίζειν

311 1479 369 1533 ἐν
400 1479 622 1552 οὐρανῷ
668 1480 734 1534 δι’
772 1481 1034 1546 ἐντολῶν,
1067 1481 1258 1536 ἑαυτὸν
1292 1481 1605 1553 ἀνακρίνειν
1644 1481 1772 1553 περὶ
1797 1481 1908 1535 τῶν

311 1571 594 1644 λογισμῶν
618 1572 730 1626 τῶν
759 1573 1146 1645 καθημερινῶν
1169 1575 1263 1628 καὶ
1296 1574 1571 1645 πράξεων,
1602 1575 1674 1645 μὴ
1705 1574 1910 1645 ἐμπλέ-

313 1665 511 1720 κεσθαι
573 1671 695 1730 ταῖς
748 1667 840 1720 τοῦ
876 1666 994 1737 βίου
1031 1666 1440 1738 πραγματείαις
1487 1668 1582 1719 καὶ
1629 1664 1908 1736 περιττολ-

311 1759 492 1825 ογίαις
519 1757 631 1825 (52)
659 1775 672 1788 ⁸
715 1757 789 1830 μὴ
833 1755 1294 1829 περιεργάζεσθαι
1349 1755 1440 1809 τὸν
1486 1755 1594 1809 τῶν
1649 1754 1908 1827 ῥᾳθύμων

314 1850 432 1920 βίον
453 1893 468 1917 ,
493 1850 633 1904 ἀλλά
668 1849 864 1922 ζηλοῦν
897 1851 989 1904 τὸν
1018 1850 1128 1904 τῶν
1155 1850 1324 1919 ἁγίων
1349 1849 1608 1920 Πατέρων
1634 1867 1646 1879 ·
1685 1850 1910 1920 συγχαί-

315 1961 432 2015 ρειν
488 1945 601 2006 τοῖς
656 1943 1016 2015 κατορθοῦσιν
1073 1943 1312 2015 ἀρετὴν,
1377 1943 1472 1996 καὶ
1534 1943 1608 2014 μὴ
1661 1942 1906 2012 φθονεῖνο

315 2033 665 2104 συμπάσχειν
705 2037 820 2097 τοῖς
867 2034 1172 2104 πάσχουσι,
1225 2035 1322 2088 καὶ
1373 2033 1768 2107 συνδακρύειν,
1817 2039 1910 2090 καὶ

315 2126 529 2197 σσόδρα
578 2126 803 2190 τούτους
850 2125 1106 2189 πενθεῖν,
1159 2127 1233 2197 μὴ
1283 2126 1466 2198 μέντοι
1523 2129 1907 2200 κατακρίνειν’

317 2221 392 2288 μὴ
421 2217 706 2282 ὀνειδίζειν
735 2219 826 2272 τὸν
866 2219 1280 2290 ἀποστρέφοντα
1311 2221 1418 2274 ἀπὸ
1449 2222 1756 2292 ἁμαρτίας,
1811 2238 1913 2292 μη-

313 2312 510 2364 δέποτε
538 2311 784 2366 δικαιοῦν
821 2312 1013 2365 ἑαυτὸν
1030 2328 1045 2342 '
1075 2313 1179 2384 πρὸ
1202 2313 1420 2367 πάντων
1445 2315 1768 2386 ἁμαρτωλὸν
1821 2317 1910 2368 ὲν-

314 2403 488 2457 ὠπιον
524 2404 661 2458 Θεοῦ
697 2406 792 2458 καὶ
818 2405 1122 2477 ἀνθρώπων
1159 2405 1350 2458 ἑαυτὸν
1383 2406 1688 2476 ὁμολογεῖν,
1714 2406 1910 2460 ’νουθε-

310 2502 431 2553 τεῖν
474 2499 603 2561 τοὺς
643 2498 947 2561 ἀτάκτους·
996 2496 1441 2568 παραμυθεῖσθαι
1489 2497 1613 2560 τοὺς
1659 2495 1912 2564 ὀλιγοψύ-

314 2608 448 2662 χους
467 2607 480 2623 ·
512 2591 804 2661 ὑπηρετεῖν
824 2593 937 2653 τοῖς
954 2589 1274 2661 ἀρρώστοις,
1295 2588 1460 2651 πόδας
1487 2588 1657 2656 ἁγίων
1679 2588 1908 2640 νίπτειν·

318 2683 623 2753 ξεεθοῶχίας
655 2683 750 2736 καὶ
781 2681 1135 2751 φιλαδελφίας
1185 2681 1594 2753 ἐπιμελεῖσθαι·
1634 2681 1771 2750 μετά
1805 2679 1914 2732 τῶν

317 2775 537 2827 οἰκείων
567 2774 666 2845 τῆς
698 2773 935 2837 πίστεως
963 2773 1264 2845 εἰρηνεύειν
1288 2789 1302 2805 ο
1330 2771 1604 2844 αἱρετικὸν
1626 2771 1914 2843 ἄνθρωπον

318 2865 763 2937 ἀποστρέφεσθαι
786 2881 800 2896 ’
846 2866 916 2919 τὰ
954 2865 1231 2920 ὲνδιάθετα
1268 2864 1451 2935 βιϐλία
1481 2863 1910 2932 ἀναγινώσκειν·

318 2959 665 3030 ἀποκρύφοις
697 2959 834 3023 ὅλως
869 2959 944 3030 μὴ
980 2959 1359 3029 ἐντυγχάνειν⁹
1411 2958 1541 3029 περὶ
1572 2955 1784 3025 Πατρός
1820 2956 1915 3008 καὶ

319 3053 454 3106 Υίοῦ
492 3055 588 3106 καὶ
618 3054 774 3122 ἁγίου
809 3052 1127 3122 Πνεύματος
1171 3053 1244 3123 μὴ
1275 3049 1558 3122 συζητεῖν,
1592 3049 1727 3104 ἀλλὰ
1762 3051 1915 3105 ἄκτι-

2008 554 2354 624 negotiorum
2405 552 2750 607 amatoribus
2804 551 3081 621 secedere,
3123 554 3282 624 plura
3327 559 3590 627 cogitare,

2005 657 2057 701 et
2111 660 2284 716 pauca
2311 644 2884 715 loqui,.temerarium
2920 660 3030 699 nun
3060 660 3184 701 esse
3219 645 3274 701 in
3315 662 3590 714 sermone,

2006 754 2184 808 neque
2237 739 2362 807 plus
2425 751 2582 808 aequo
2620 737 2884 805 colloqui.
2926 751 3038 792 non
3098 737 3313 795 facilem
3363 755 3488 796 esse
3524 742 3593 795 ad

2007 831 2200 892 risum,
2259 829 2592 885 verecundia
2633 830 2978 884 cohonestari
3019 849 3033 886 :
3081 831 3271 887 ocuios
3307 831 3592 896 deorsum,

2008 925 2246 976 animam
2303 938 2524 979 sursum
2565 922 2770 978 habere
2811 939 2826 975 ε
2871 939 2982 978 non
3037 924 3421 980 contradicere
3459 940 3596 980 con-

2008 1015 2454 1079 tradictionibus,
2479 1015 2828 1071 obedientem
2857 1030 3000 1079 esse,
3035 1017 3289 1073 manibus
3321 1017 3593 1081 laborare,

2008 1109 2438 1164 novissimorum
2490 1108 2717 1164 assidue
2769 1109 3124 1173 meminisse,
3185 1124 3284 1180 spe
3323 1110 3592 1182 gaudere.

2007 1199 2355 1255 amictionem
2397 1199 2648 1267 sufferre,
2691 1201 3070 1257 indesinenter
3106 1217 3288 1269 orare,
3330 1205 3384 1257 in
3422 1202 3596 1258 omni-

2011 1295 2113 1349 bus
2151 1295 2356 1364 gratias
2394 1307 2556 1364 agere
2610 1312 2623 1348 :
2674 1293 2937 1348 humilem
3005 1309 3130 1350 esse
3169 1310 3299 1366 erga
3364 1311 3592 1361 omnes,

2009 1388 2195 1443 odisse
2247 1389 2638 1458 arrogantiam,
2682 1387 2928 1443 sobrium
2967 1404 3113 1452 esse.
3153 1403 3358 1460 corque
3397 1403 3428 1442 a
3464 1405 3596 1458 pra-

2011 1483 2094 1537 vis
2155 1481 2592 1551 cogitationibus
2655 1497 2855 1552 purum
2899 1497 3140 1549 servare,
3191 1483 3466 1540 mandatis
3502 1497 3600 1538 ex-

2010 1572 2308 1643 sequendis
2334 1572 2623 1626 thesauros
2651 1573 2707 1627 in
2737 1574 2877 1628 cmlo
2912 1573 3234 1640 recondere,
3265 1591 3395 1631 suas
3424 1576 3599 1646 ipsius

2010 1666 2364 1736 quotidianas
2403 1666 2769 1737 cogitationes
2826 1669 3184 1738 actionesque
3236 1669 3599 1736 examinare,

2012 1758 2137 1811 vitae
2177 1758 2410 1826 negotiis
2447 1758 2713 1828 vanisque
2751 1760 3100 1815 sermonibus
3134 1776 3241 1814 non
3285 1761 3596 1831 implicari:

2033 1864 2144 1902 non
2186 1850 2465 1905 curiosius
2505 1848 2786 1917 inquirere
2826 1852 2878 1905 in
2927 1853 3241 1907 socordiam
3271 1855 3462 1917 vitam,
3503 1855 3600 1910 sed

2014 1941 2183 1996 vitam
2215 1950 2532 1997 sanctorum
2567 1943 2791 1998 Patrum
2830 1945 3034 1999 imitari
3073 1964 3084 1998 :
3115 1961 3240 2000 cum
3274 1946 3360 2000 his
3393 1947 3486 2017 qui
3512 1961 3604 2003 ex-

2011 2035 2196 2088 colunt
2238 2035 2496 2091 virtutem
2539 2036 2798 2106 gaudere,
2850 2053 2959 2092 non
3006 2038 3138 2106 ipsis
3180 2039 3423 2094 invidere
3456 2058 3468 2094 :
3506 2055 3603 2096 eos

2013 2129 2105 2198 qui
2169 2127 2453 2208 patiuntur
2504 2130 2921 2194 commiserari,
2964 2139 3128 2201 atque
3189 2146 3298 2185 una
3353 2146 3479 2187 eum
3522 2131 3604 2200 ip-

2014 2221 2091 2276 sis
2124 2220 2448 2292 lacrymari;
2493 2221 2594 2277 hos
2633 2223 2790 2277 valde
2823 2223 3028 2294 lugere,
3072 2239 3248 2294 neque
3287 2235 3468 2280 tamen
3505 2239 3603 2282 eos

2014 2313 2425 2376 condemnare;
2457 2327 2486 2365 a
2519 2321 2748 2383 peccato
2788 2314 3204 2384 resipisccntem
3236 2316 3454 2384 probris
3492 2333 3602 2372 non

2015 2405 2298 2468 inscctari,
2329 2405 2572 2475 seipsum
2609 2421 2892 2474 nunquam
2930 2406 3238 2474 justificare
3272 2427 3284 2462 :
3322 2416 3448 2464 ante
3485 2424 3604 2464 0m-

2014 2498 2103 2551 nia
2138 2511 2323 2552 coram
2351 2495 2462 2552 Deo
2499 2507 2554 2551 et
2593 2496 2910 2552 hominibus
2941 2513 3062 2554 sese
3097 2508 3440 2568 peccatorem
3471 2517 3605 2556 con-

2018 2588 2179 2652 literi,
2215 2588 2555 2644 inordinatos
2586 2588 2884 2644 admonere
2922 2608 2935 2652 ;
2977 2606 3072 2645 eos
3111 2595 3204 2662 qui
3248 2602 3376 2647 sunt
3417 2597 3604 2666 pusilli

2016 2681 2206 2742 animi.
2237 2680 2516 2735 consolari
2555 2700 2566 2735 :
2612 2681 2865 2735 famulari
2895 2683 3148 2748 infirmis,
3191 2684 3356 2754 pedes
3386 2697 3605 2742 sancto~

2017 2787 2138 2826 rum
2180 2773 2386 2836 lavare,
2445 2773 2804 2843 bospitalitati
2867 2781 2921 2829 et
2964 2773 3206 2829 fraterno
3267 2780 3440 2832 amori
3479 2779 3606 2834 dili-

2017 2872 2210 2935 genter
2241 2879 2459 2927 vacare,
2492 2866 2548 2920 in
2588 2880 2723 2936 pace
2761 2881 2883 2920 esse
2929 2883 3053 2920 cum
3093 2868 3416 2926 domesticis
3455 2872 3601 2937 lidei,

2018 2959 2260 3014 aversari
2295 2959 2572 3013 hominem
2615 2959 2955 3022 luereticum,
2991 2963 3261 3030 genuinos
3290 2970 3345 3017 et
3383 2978 3606 3020 veraces

2017 3051 2190 3107 libros
2224 3052 2424 3122 legere,
2451 3053 2796 3123 apocryplxos
2836 3069 2904 3108 ne
2932 3057 3201 3123 attingere
3233 3056 3452 3126 quidem
3493 3073 3606 3112 om-

322 3151 448 3199 στον
482 3147 581 3199 καὶ
622 3144 910 3215 ὁμοούσιον
952 3143 1158 3216 Τριάδα
1197 3145 1334 3215 μετά
1379 3143 1694 3216 παρρησίας
1734 3143 1914 3213 λέγειν

2020 3143 2152 3196 nino
2184 3160 2196 3196 :
2226 3139 2292 3196 de
2319 3140 2483 3196 Patre
2520 3151 2574 3197 et
2605 3141 2744 3198 Filio
2782 3152 2838 3199 et
2876 3142 3082 3212 Spiritu
3127 3155 3322 3200 sancto
3352 3164 3462 3202 non
3491 3148 3606 3204 dis-

319 3240 415 3291 καὶ
461 3241 682 3308 φρονεῖν
708 3239 853 3309 (55),
901 3238 996 3292 καὶ
1040 3241 1154 3301 τοῖς
1200 3237 1520 3310 ἐπερωτῶσι
1569 3236 1785 3307 λέγειν,
1832 3239 1915 3292 ὅτι

322 3328 698 3392 Βαπτίζεσθαι
727 3329 842 3390 δεῖ,
870 3329 946 3392 ὡς
977 3327 1354 3400 παρελάδομεν
1375 3343 1388 3356 °
1420 3328 1696 3382 πιστεύειν
1730 3329 1809 3390 δὲ,
1841 3329 1916 3393 ὡς

323 3422 876 3493 βεϐαπτίσμεθαῷ-ί)
900 3440 912 3452 ο
949 3422 1192 3488 δοξάζειν
1220 3421 1304 3485 δὲ,
1337 3421 1412 3485 ὡς
1445 3422 1912 3493 πεπιστεύκαμεν.

333 3516 426 3568 Ἐν
479 3517 666 3587 ἔργοις
711 3515 807 3568 καὶ
855 3514 1032 3584 λόγοις
1086 3515 1268 3578 καλοῖς
1315 3513 1784 3587 ἀναστρέφεσθαι,
1842 3511 1917 3586 μὴ

321 3607 548 3678 ὀμνύειν
595 3608 660 3661 τὸ
715 3608 968 3671 σύνολον,
1023 3607 1098 3679 μὴ
1146 3607 1346 3660 διδόναι
1397 3609 1457 3662 τὸ
1510 3607 1774 3679 ἀργύριον
1826 3608 1920 3661 ἐπὶ

320 3705 499 3771 τόκῳ,
542 3702 619 3773 μὴ
671 3704 815 3755 σῖτον
857 3702 952 3755 καὶ
1003 3697 1144 3756 οἶνον
1192 3701 1288 3755 καὶ
1332 3701 1509 3755 ἔλαιον
1562 3701 1654 3754 ἐπὶ
1696 3701 1922 3754 πλεονα-

325 3795 452 3866 σμῷ
482 3796 627 3864 (55)·
671 3794 779 3848 ἀπὸ
831 3795 1172 3866 κραιπάλης,
1223 3794 1317 3848 καὶ
1373 3793 1582 3866 μέθης,
1621 3794 1716 3848 καὶ
1769 3811 1922 3865 μερι-

330 3887 480 3957 μνῶν
516 3887 791 3958 βιωτικῶν
823 3886 1161 3958 ἁπέχεσθαι·
1201 3886 1340 3957 μετά
1382 3885 1534 3940 δόλου
1575 3884 1650 3957 μὴ
1689 3885 1917 3956 ὁμιλεῖν,

332 3982 468 4051 μηδὲ
498 3981 637 4045 ὅλως
677 3981 1011 4052 φθέγγεσθαι
1053 3981 1198 4036 κατά
1243 3998 1414 4044 τινος·
1463 3981 1537 4052 μὴ
1573 3979 1920 4045 καταλαλεῖν,

333 4073 468 4144 μηδὲ
507 4074 646 4138 ὅλως
700 4075 870 4145 ἡδέως
905 4073 1123 4128 ἀκούειν
1167 4073 1530 4137 καταλαλιάς·
1588 4073 1661 4144 μὴ
1715 4072 1923 4144 ταχέως

330 4166 613 4221 πιστεύειν
658 4167 800 4220 κατά
839 4185 983 4231 τινος
1007 4183 1021 4198 ⁸
1057 4166 1131 4239 μὴ
1165 4166 1546 4239 τυραννεῖσθαι
1584 4163 1687 4218 ὑπὸ
1726 4163 1922 4235 θυμοῦ,

335 4261 409 4332 μὴ
446 4260 765 4332 κρατεῖσθαι
796 4261 902 4314 ύπδ
926 4260 1163 4332 ἀθυμίας
1189 4300 1205 4324 ,
1248 4261 1322 4332 μὴ
1357 4259 1480 4329 είκῆ
1505 4256 1818 4330 ὀργίζεσθαι
1847 4255 1925 4328 τῷ

333 4355 562 4420 πλησίον
587 4395 601 4415 ,
660 4354 733 4425 μὴ
768 4356 992 4426 κρατεῖν
1041 4354 1201 4424 μῆνιν
1241 4352 1382 4406 κατὰ
1424 4368 1603 4414 τινος,
1648 4349 1722 4420 μὴ
1756 4348 1925 4402 κακὸν

331 4447 454 4502 ἀντὶ
486 4446 662 4501 κακοῦ
686 4446 1028 4500 ἀποδιδόναι·
1072 4445 1272 4517 μᾶλλον
1301 4443 1658 4516 λοιδορεῖσθαι
1688 4442 1720 4514 ἢ
1751 4439 1921 4494 λοιδο-

2019 3242 2262 3304 ceptare,
2293 3232 2390 3288 sed
2424 3233 2752 3290 Trinitatem
2809 3235 3104 3290 increatam
3147 3245 3200 3292 et
3240 3239 3607 3295 consubstan-

2020 3326 2202 3380 tialem
2246 3326 2416 3381 libere
2465 3327 2707 3396 proﬁteri
2748 3336 2802 3381 et
2849 3329 3076 3395 sentire,
3110 3339 3273 3401 atque
3319 3341 3608 3402 perconta-

2021 3421 2235 3475 toribus
2269 3418 2451 3474 dicere
2480 3438 2494 3473 :
2527 3420 2755 3492 Oportet
2789 3422 3057 3494 baptizari
3091 3440 3191 3480 nos
3239 3425 3333 3489 ita,
3381 3435 3441 3480 ut
3491 3435 3608 3479 tra-

2021 3514 2194 3569 ditum
2253 3516 2567 3584 accepimus
2603 3534 2616 3570 :
2653 3516 2876 3570 credere
2921 3528 3106 3574 autem
3145 3519 3292 3574 sicut
3346 3519 3609 3590 baptizati

2023 3622 2260 3663 sumus:
2313 3607 2621 3678 gloriﬁcare
2659 3625 2810 3671 vero,
2863 3611 3321 3680 quemadmodum
3372 3613 3609 3669 credidi-

2024 3715 2169 3754 mus.
2211 3697 2272 3754 ln
2313 3699 2575 3770 operibus
2621 3709 2675 3755 et
2719 3702 3067 3758 sermonibus
3116 3703 3277 3758 bonis
3314 3706 3606 3776 occupari.

2025 3791 2251 3846 omnino
2271 3807 2380 3846 non
2406 3793 2616 3861 jurare,
2645 3809 2755 3848 non
2788 3794 2919 3848 dare
2949 3794 3125 3851 fenori
3155 3798 3466 3868 pecuniam,
3495 3815 3603 3852 non

2026 3883 2386 3949 frumentum,
2439 3900 2549 3940 non
2587 3886 2795 3953 vinum,
2837 3903 2948 3943 non
3000 3888 3180 3944 oleum
3212 3889 3278 3944 ad
3335 3899 3609 3961 quaestum

2025 3975 2290 4045 majorem
2331 3975 2641 4032 faciendum
2675 3995 2688 4032 :
2721 3992 2751 4030 a
2806 3978 3032 4048 crapula
3097 3987 3152 4034 et
3202 3980 3473 4038 ebrietate
3541 3999 3608 4038 ac

2027 4068 2218 4123 Saeculi
2259 4068 2410 4124 curis
2435 4069 2713 4124 abstinere
2739 4088 2751 4124 :
2785 4068 2974 4126 dolose
3002 4078 3056 4127 et
3081 4070 3459 4130 fraudulenter
3482 4091 3609 4130 cum

2028 4162 2212 4232 aliquo
2254 4177 2364 4216 non
2408 4177 2591 4232 agere,
2633 4178 2810 4234 neque
2844 4164 3069 4218 omnino
3105 4165 3370 4222 adversus
3417 4185 3610 4238 quon:-

2027 4267 2189 4323 quam
2222 4253 2372 4324 loqui
2404 4274 2416 4308 :
2450 4271 2560 4309 non
2593 4257 2904 4321 detrahere,
2933 4273 3112 4328 neque
3147 4257 3260 4313 ullo
3310 4260 3474 4315 modo
3512 4261 3614 4315 ob-

2029 4345 2386 4402 trectationes
2418 4347 2654 4404 libenter
2679 4350 2995 4406 auscultare
3030 4369 3043 4405 :
3076 4352 3213 4406 nihil
3244 4354 3428 4408 statim
3469 4369 3608 4408 con--

2031 4450 2116 4494 tra
2171 4456 2502 4511 quemquam
2555 4442 2780 4498 credere
2827 4461 2839 4496 :
2882 4460 2990 4498 non
3028 4445 3124 4500 irae
3165 4445 3452 4516 tyrannide
3512 4461 3612 4516 op-

335 4541 470 4609 ρεῖν,
528 4539 830 4592 τύπτεσθαι
882 4537 916 4609 ἧ
968 4539 1210 4602 τύπτειν,
1259 4535 1560 4591 ἀδικεῖσθαι
1601 4533 1634 4604 ἢ
1693 4533 1914 4599 ἀδικεῖν,

2030 4535 2212 4605 primi,
2267 4550 2374 4589 non
2415 4533 2558 4590 vinci
2599 4550 2628 4588 a
2669 4536 3082 4607 cupiditatibus,
3126 4554 3235 4592 non
3277 4549 3476 4593 temere
3503 4537 3611 4591 ira.

332 4632 756 4705 ἀποστερεῖσθαι
785 4633 818 4703 ἦ
853 4633 1186 4704 ἀποστερεῖν.

295 4712 298 4713 ν
336 4727 538 4782 malum
576 4740 678 4796 pro
719 4727 864 4779 malo
906 4740 1017 4778 non
1069 4725 1296 4780 reddere

1362 4742 1374 4776 :
1417 4723 1728 4777 maledictis
1775 4720 1958 4793 potius
2025 4719 2237 4786 vexari,
2281 4735 2446 4789 quam
2483 4735 2684 4802 vexare
2725 4741 2737 4775 :

2030 4629 2108 4683 sci
2145 4627 2416 4698 proximo,
2459 4628 2595 4682 iram
2652 4645 2760 4684 non
2815 4640 3001 4686 tenere
3030 4642 3219 4687 contra
3248 4646 3608 4702 quemquam.

2789 4724 3021 4791 percuti,
3069 4738 3232 4792 quam
3274 4731 3605 4791 perculere:

335 4820 595 4890 iniuriam
625 4822 735 4888 pati
765 4858 781 4882 ,
828 4833 994 4889 quam
1037 4818 1218 4873 facere
1251 4834 1263 4870 ι
1299 4817 1548 4888 spoliari,
1597 4831 1762 4887 quam
1797 4817 2060 4886 spoliare.

408 5002 520 5072 (5|)
553 4997 784 5069 Antiqui
818 4995 928 5052 duo
958 4995 1080 5052 libri
1102 4996 1256 5066 ὀλίγα
1289 4995 1364 5050 δέ.
1401 4993 1608 5050 Vocula
1635 4994 1692 5049 δέ
1725 4996 1778 5050 in
1813 4994 1924 5050 edi-

337 5075 408 5128 tis
433 5072 873 5128 desiderabatur.

409 5145 520 5215 (52)
555 5142 649 5196 Sic
686 5150 918 5215 utraque
946 5139 1134 5194 editio.
1174 5137 1444 5215 At_nostri
1472 5145 1584 5215 tr_e_s
1609 5152 1744 5192 mss.
1784 5136 1921 5189 sim-

338 5207 555 5285 pliciter
580 5215 712 5285 :ai';
738 5207 981 5285 reipiou
1019 5209 1468 5285 περιττολογίας.
1493 5249 1498 5252 -
1521 5207 1640 5285 Μῦς(
1690 5219 1924 5285 utraque

335 5277 504 5342 editio
529 5292 584 5338 et
612 5283 786 5338 codex
816 5277 1069 5336 Combef.
1091 5277 1236 5333 ’ἀλλὰ
1261 5279 1455 5348 ζηλοῦν
1489 5279 1646 5348 μόνον
1679 5278 1808 5336 τῶν,
1834 5277 1923 5330 sed

337 5299 504 5342 ennio
529 5299 584 5338 el.
612 5299 786 5338 (:0an
816 5299 1069 5336 nomne].
1098 5299 1236 5333 αΛΑα
1261 5299 1455 5401 (ςηλουν
1489 5299 1646 5348 μονον
1679 5299 1808 5336 των,
1834 5299 1922 5330 seu

337 5355 582 5411 curaturi
613 5355 788 5408 solum
822 5363 1035 5406 sanctos
1068 5351 1277 5404 Patres.
1325 5349 1456 5420 {egii
1481 5350 1691 5419 primus
1729 5358 1782 5402 et
1817 5358 1926 5402 ter-

337 5428 445 5500 tius
471 5424 620 5500 5mg
647 5422 847 5494 ζηλοῦν
875 5423 969 5475 τὸν
997 5421 1127 5500 τῶν,
1166 5422 1360 5500 melius
1467 5489 1500 5500 _
1600 5489 1614 5500 _
1677 5490 1702 5500 Α
1742 5489 1752 5500 .

303 5508 306 5510 ’
407 5499 519 5565 (35)
557 5496 652 5550 Sic
689 5489 923 5564 utraque
964 5493 1130 5565 editio
1159 5489 1921 5565 etAcodchCombelisianus.

339 5560 440 5623 Alii
472 5560 584 5622 duo
626 5581 762 5620 mss.
801 5560 1113 5636 παρρησίας
1149 5561 1326 5615 σέϐειν
1361 5561 1456 5616 καὶ
1497 5563 1734 5632 φρονεῖν,
1765 5560 1926 5614 libere

338 5649 501 5695 colere
534 5649 584 5692 et
624 5646 845 5689 sentire.

407 5710 519 5780 (3i)
555 5708 807 5780 Utraque
848 5705 1017 5780 editio
1059 5701 1288 5780 et.Reg.
1325 5703 1605 5780 secundus
1646 5700 1924 5780 πιστεύειν

337 5773 972 5853 δὲ’ὡξβεὸαπτίσμεθα,
1023 5773 1230 5828 credere
1274 5783 1448 5827 autem
1498 5775 1631 5829 sicut
1663 5773 1921 5841 baptizuti

667 5896 946 5958 PATROL.
981 5891 1099 5954 Gn.
1133 5891 1374 5954 XXXI.

2031 5011 2236 5048 sumus.
2272 4992 2375 5046 Alii
2404 4993 2516 5048 duo
2545 5008 2681 5048 mss.
2715 4993 2791 5056 ὼς
2828 4992 3225 5063 βαπτιζόμεθα,
3265 4994 3343 5046 uti
3373 4992 3614 5061 baptiza-

2031 5082 2170 5120 mur.
2205 5063 2327 5118 Mox
2351 5073 2564 5119 veteres
2587 5063 2696 5117 duo
2734 5065 2854 5118 libri
2880 5064 2973 5118 καὶ
3002 5064 3179 5132 λόγοις
3199 5065 3442 5132 ἀγαθοῖς.

2104 5135 2216 5207 (ὅῖξ)
2246 5135 2377 5203 Heg.
2401 5136 2614 5207 primus
2632 5135 2832 5207 διδόναι
2856 5133 3230 5207 ἀργύριονὲπὶ
3251 5135 3414 5204 τόκῳ,
3437 5139 3615 5206 μισεῖν

2029 5203 2122 5261 τὸν
2149 5203 2292 5260 οἶνον
2319 5203 2417 5276 καῖ
2431 5205 2491 5258 τὸ
2517 5205 2693 5258 ἔλαιον
2715 5206 2807 5257 ἐπὶ
2827 5203 3272 5276 πλίεονασμόν,γθι
3299 5203 3373 5259 ita
3395 5203 3615 5276 quoque

2033 5277 2232 5348 legitur
2267 5277 2318 5329 in
2348 5275 2479 5348 Reg.
2510 5277 2692 5348 tertio,
2722 5276 2826 5348 nisi
2857 5277 3000 5345 quod
3035 5275 3134 5348 pro
3155 5275 3496 5348 πλεονασμόν
3522 5277 3616 5330 ha-

2032 5346 2124 5404 bet
2164 5346 2510 5416 πλεονασμῷ,
2545 5347 2718 5399 odisse
2751 5346 2926 5399 vinum
2951 5354 3002 5398 et
3031 5347 3204 5399 oleum
3243 5347 3439 5414 majori
3465 5348 3617 5415 copia

2034 5430 2322 5486 sumptum.
2349 5417 2606 5488 Fortasse
2640 5418 2752 5470 haec
2783 5417 3057 5488 scriptura
3087 5417 3361 5488 aliquibus
3399 5419 3618 5486 placere

2033 5492 2231 5560 poterit
2261 5509 2272 5541 :
2308 5487 2401 5560 sed
2434 5487 2527 5556 qui
2567 5488 2726 5560 paulo
2759 5488 3015 5560 magisﬂin
3041 5487 3146 5542 hoc
3180 5487 3490 5560 Studiorum
3523 5504 3618 5558 ge-

2031 5557 2162 5614 nere
2183 5557 2383 5614 versati
2423 5567 2569 5618 sunt,
2607 5558 2764 5611 facile
2801 5558 3100 5628 intelligent
3130 5574 3248 5628 ea_m
3284 5557 3411 5613 inde
3439 5557 3618 5614 ortam

2031 5645 2176 5694 esse,
2204 5628 2349 5700 quod
2388 5629 2698 5702 librarii_ex
2749 5629 2822 5699 μὴ
2861 5625 3004 5682 σῖτον
3033 5628 3130 5682 καὶ
3158 5625 3298 5683 οἶνον
3329 5629 3514 5702 inepte
3543 5629 3618 5682 [σι-
3697 5651 3708 5666 ·

2031 5693 2235 5758 cerint-
2250 5702 2428 5773 μισεῖν
2463 5699 2554 5752 τὸν
2581 5693 2760 5754 οἶνον.⁷
2811 5693 2822 5699 ’
3422 5693 3441 5702 ’
3513 5722 3520 5730 -

3298 5874 3370 5940 21
