3982 6240
381 310 481 370 651

1723 311 1781 365 S.
1827 310 1909 364 BA
1920 308 2073 365 διωι
2113 308 2328 365 MAGNI

3545 311 3654 368 652

448 428 508 488 2.
539 426 609 483 Et
637 433 787 483 certe
828 432 955 482 ante
981 425 1166 484 omnia
1212 432 1429 498 oportet
1465 426 1742 483 abstinere
1766 443 1955 484 mona-

2128 429 2182 483 2.
2220 427 2327 480 Καὶ
2352 425 2457 498 πρό
2472 442 2533 494 γε
2566 427 2782 481 πάντων
2818 426 2930 498 (56)
2968 427 3073 500 χρὴ
3105 427 3335 500 μοναχὸν
3352 429 3652 501 ἐγκρατεύ-

378 520 543 577 chum
575 536 607 575 a
639 534 941 591 congressu
972 518 1284 586 mulierum,
1318 526 1373 574 et
1404 533 1435 573 a
1475 518 1589 573 vini
1628 527 1759 590 potu
1789 535 1804 572 :
1831 535 1963 590 quo-

378 615 529 672 niam
556 614 745 668 vinum
793 618 848 667 et
869 611 1129 666 mulieres
1165 609 1235 664 ad
1287 611 1620 681 apostasiam
1665 611 1965 683 perducent

374 707 653 778 Sapientes
680 706 702 736 ⁸
736 723 750 758 :
788 713 951 774 atque
1001 703 1061 757 in
1114 701 1333 758 Domini
1378 703 1667 773 praeceptis
1728 718 1830 774 pro
1874 703 1958 757 vi-

378 798 468 853 rili
491 795 860 867 exsequendis
889 794 1135 849 animum
1164 809 1276 848 non
1300 793 1663 872 despondere,
1699 795 1796 849 sed
1824 809 1964 850 mer-

378 889 564 946 cedem
624 888 954 959 laudemque
1016 887 1086 942 ah
1138 887 1258 957 ipso
1295 895 1636 957 exspectare,
1692 886 1853 957 213
1907 894 1963 942 et

377 990 596 1037 aeternae
624 983 748 1036 vita:
783 980 1194 1051 possessionem
1226 978 1539 1034 desiderare
1569 994 1587 1030 :
1633 978 1769 1032 illud
1801 976 1962 1031 Davi-

376 1076 466 1133 dis
483 1076 554 1131 ob
586 1074 777 1129 oculos
805 1073 1007 1144 jugiter
1030 1071 1253 1134 habere,
1273 1085 1337 1125 ac
1363 1071 1574 1125 dicere:
1613 1067 1959 1124 Providebam

382 1168 664 1223 Dominum
700 1167 754 1221 in
783 1175 1064 1234 conspectu
1104 1179 1218 1217 meo
1248 1177 1469 1231 semper,
1497 1162 1747 1233 quoniam
1768 1178 1801 1215 a
1827 1167 1960 1216 dea:-

379 1261 477 1315 tris
522 1267 602 1314 est
648 1258 799 1321 mihi,
833 1273 895 1311 ne
937 1270 1268 1309 commovear
1297 1254 1340 1306 °.
1377 1252 1443 1306 Et
1475 1261 1535 1307 ut
1564 1251 1707 1308 [ilius
1738 1251 1960 1322 quidem

376 1352 537 1408 debet
590 1368 659 1407 ex
704 1357 822 1405 toto
865 1347 1052 1410 corde,
1088 1354 1143 1402 et
1186 1353 1300 1400 tota
1357 1344 1699 1411 fortitudine,
1748 1355 1803 1401 et
1848 1352 1959 1399 tota

377 1454 561 1500 mente
595 1458 660 1499 ac
693 1441 905 1498 viribus
932 1439 1103 1494 Deum
1127 1439 1355 1510 diligere
1377 1439 1397 1470 ⁷
1432 1453 1446 1491 :
1489 1446 1550 1492 ut
1587 1453 1781 1494 servus
1806 1453 1956 1503 vero,

377 1552 504 1597 eum
538 1535 775 1593 revereri
805 1549 868 1589 ac
900 1540 1165 1596 metuere,
1200 1532 1304 1602 ipsi
1344 1531 1583 1597 obedire,
1610 1546 1734 1585 cum
1760 1530 1959 1586 timore

376 1645 441 1685 ac
470 1636 709 1685 tremore
772 1626 1008 1682 salutem
1059 1639 1215 1680 suam
1259 1624 1508 1694 operari8
1540 1639 1553 1675 :
1589 1621 1797 1678 fervere
1841 1624 1957 1694 spi-

376 1725 509 1791 ritu,
543 1721 796 1779 indutum
839 1736 962 1776 esse
1009 1719 1324 1774 universam
1376 1714 1614 1787 Spiritus
1648 1714 1824 1771 sancti
1867 1730 1957 1769 ar-

375 1825 674 1880 maturam,
710 1829 820 1869 non
850 1827 1073 1867 currere
1116 1813 1172 1866 in
1227 1811 1519 1873 incertum,
1559 1823 1805 1879 pugnare
1845 1822 1955 1861 non

375 1918 642 1977 tanquam
690 1905 785 1978 qui
825 1919 1008 1959 aerem
1058 1901 1352 1957 verberet”
1391 1919 1406 1956 :
1449 1913 1714 1969 superare
1764 1897 1957 1952 adver-

377 2000 585 2059 sarium
608 1999 663 2053 in
690 1997 939 2068 corporis
972 1994 1307 2058 inﬁrmitate,
1326 2000 1391 2052 ,ει
1413 1991 1468 2046 in
1485 1997 1805 2063 paupertate
1837 1989 1957 2043 ani-

376 2092 497 2159 mi;
535 2090 720 2147 omnia
765 2090 1029 2158 imperata
1092 2083 1295 2150 facere,
1350 2098 1519 2153 seque
1570 2082 1824 2137 inutilem
1881 2079 1959 2135 fa-

378 2182 484 2239 teri
509 2182 551 2214 ¹⁰
582 2196 598 2237 :
632 2188 825 2239 sancto
872 2177 1221 2251 gloriosoque
1253 2186 1308 2231 et
1357 2174 1649 2230 metuendo
1692 2172 1804 2230 Deo
1840 2188 1961 2245 gra-

376 2275 486 2333 tias
518 2288 678 2347 agere
707 2290 722 2341 ;
752 2270 891 2325 nihil
927 2283 1026 2341 per
1058 2267 1467 2323 contentionem
1502 2281 1565 2321 ac
1619 2281 1817 2321 vanam
1847 2267 1959 2337 glo-

346 2368 514 2438 ,riam
550 2365 763 2422 ellicere
790 2363 872 2434 ",p
919 2363 1013 2418 sed
1046 2368 1271 2432 prepter
1306 2358 1499 2423 Deum,
1531 2366 1585 2414 et
1631 2359 1699 2413 ad
1738 2360 1959 2431 placen-

377 2459 507 2513 dum
540 2457 632 2519 ei;
665 2455 931 2522 Quoniam
975 2452 1117 2507 Deus
1148 2451 1427 2520 dissipavit
1483 2467 1605 2504 ossa
1642 2467 1821 2504 eorum
1869 2452 1959 2522 qui

377 2549 676 2609 hominibus
719 2548 924 2617 placent
958 2546 1022 2599 ¹².
1072 2545 1308 2598 Omnino
1339 2558 1452 2598 non
1482 2544 1730 2616 gloriari,
1781 2559 1958 2615 neque

379 2641 580 2695 suimet
619 2639 794 2713 ipsius
832 2635 1024 2691 laudes
1063 2633 1380 2706 prazdicare,
1421 2650 1599 2705 neque
1637 2635 1956 2705 praedicanti

379 2728 539 2785 alteri
579 2743 739 2783 aures
796 2726 1036 2781 libenter
1074 2724 1317 2795 praebere
1357 2742 1372 2780 :
1414 2724 1648 2779 latenter
1689 2725 1745 2778 in
1783 2726 1957 2779 omni-

378 2823 482 2877 bus
546 2827 759 2877 servire
809 2836 824 2875 :
879 2817 1133 2885 nihilad
1183 2816 1481 2869 humanam
1529 2814 1956 2872 ostentationem

378 2920 620 2984 patrare,
647 2908 744 2966 sed
782 2909 954 2963 solam
993 2922 1114 2977 quae
1152 2922 1182 2961 a
1207 2906 1316 2961 Deo
1355 2906 1517 2961 datur
1556 2907 1773 2963 laudem
1811 2924 1959 2980 qua:-

378 2988 502 3059 rere
544 3017 559 3057 :
601 3014 821 3057 versare
864 2999 1051 3054 animo
1094 2998 1503 3054 formidandum
1556 3006 1611 3054 et
1655 3000 1955 3070 gloriosum

2063 522 2211 575 εσθαι
2249 520 2355 573 ἀπὸ
2390 520 2678 590 συντυχίας
2707 520 3005 589 γυναικῶν,
3039 521 3139 575 καὶ
3161 522 3272 575 ἀπὸ
3303 521 3648 587 οἰνοποσίας,

2062 613 2146 666 ὅτι
2200 609 2342 675 οἶνος
2416 612 2510 665 καὶ
2578 614 2837 680 γυναῖκες
2896 614 3269 686 ἀποστήσουσι
3356 614 3607 678 συνετούς
3630 631 3647 646 ⁸

2062 703 2156 757 καὶ
2204 700 2573 773 κατορθοῦντα
2616 701 2760 757 κατά
2801 702 2862 756 τὸ
2889 703 3114 758 δυνατὸν
3152 705 3252 770 τὰς
3296 705 3391 759 τοῦ
3440 705 3650 778 Κυρίου

2060 795 2281 859 ἐντολὰς
2311 835 2326 859 ,
2359 794 2433 866 μὴ
2465 794 2715 865 ἀκηδιᾷν,
2747 793 2882 848 ἀλλά
2908 794 3000 848 τὸν
3030 796 3222 866 μισθὸν
3250 796 3345 851 καὶ
3372 797 3464 850 τὸν
3493 797 3652 850 ἔπαι-

2060 905 2149 942 νον
2172 889 2300 957 παρ’
2325 884 2489 940 αὑτοῦ
2518 885 2856 957 ἐκδέχεσθαι,
2886 887 2981 940 καὶ
3000 887 3100 957 τῆς
3120 887 3342 941 αἰωνίου
3361 888 3476 959 (³57)
3500 887 3650 957 ζωῆς

2061 980 2246 1033 ποθεῖν
2285 981 2385 1051 τὴν
2432 978 2732 1033 ἀπόλαυσιν
2756 1019 2773 1043 ,
2815 977 2875 1032 τό
2911 995 2973 1031 τε
3007 979 3170 1050 ῥητὸν
3211 978 3306 1032 τοῦ
3345 979 3510 1033 Δαϐὶδ
3539 978 3649 1051 πρὸ

2059 1070 2355 1141 ὀφθαλμῶν
2389 1070 2476 1124 ἀεὶ
2519 1070 2699 1142 ἔχειν,
2732 1071 2825 1123 καὶ
2864 1069 3043 1139 λέγειν
3063 1087 3076 1101 ·
3129 1070 3505 1141 Προωρώμην
3538 1072 3651 1124 τὸν

2059 1165 2279 1230 Κύριον
2313 1161 2570 1216 ἐνώπιόν
2611 1180 2731 1232 μου
2755 1160 2854 1215 διὰ
2901 1161 3150 1228 παντὸς,
3206 1161 3295 1216 ὅτι
3332 1162 3401 1216 ἐκ
3433 1159 3649 1227 δεξιῶν

2053 1258 2172 1327 ,ιιού
2203 1257 2374 1312 ἐστιν·
2393 1301 2406 1325 ,
2453 1259 2554 1312 ἵνα
2603 1257 2684 1327 μὴ
2713 1253 3016 1314 σαλευθῶ.
3052 1259 3165 1311 Καὶ
3191 1257 3267 1322 ὡς
3305 1258 3402 1329 μὲν
3441 1257 3555 1323 υίὸς
3585 1259 3647 1326 ἐξ

2058 1349 2184 1421 ὅλης
2216 1350 2441 1420 καρδίας
2461 1389 2476 1413 ,
2512 1351 2607 1402 καὶ
2644 1348 2826 1420 ἰσχύος
2846 1390 2860 1414 ,
2889 1350 2984 1403 καὶ
3015 1349 3269 1415 διανοίας,
3298 1350 3394 1404 καὶ
3413 1350 3513 1420 τῆς
3551 1352 3647 1405 δυ-

2059 1442 2274 1513 νάμεως
2300 1443 2519 1513 ἀγαπᾷν
2552 1441 2642 1495 τὸν
2676 1441 2840 1495 Θεόνο
2872 1441 2948 1505 ὡς
2972 1441 3029 1495 δέ
3056 1441 3268 1505 δοῦλος,
3302 1442 3648 1500 εὐλαϐεῖσθαι

2059 1531 2153 1583 καὶ
2186 1530 2501 1600 φοϐεῖσθαι,
2537 1531 2632 1585 καὶ
2675 1529 2970 1585 ὑπακούειν
3008 1530 3192 1602 αὐτῷ,
3228 1530 3474 1603 καῖ’(58)
3504 1532 3648 1604 μετά

2059 1620 2228 1688 φόϐου
2272 1621 2367 1674 καὶ
2405 1621 2607 1693 τρόμου
2636 1621 2736 1693 τὴν
2769 1622 3045 1694 σωτηρίαν
3086 1622 3282 1676 ἐαυτοῦ
3308 1622 3648 1696 κατεργάζε-

2062 1710 2216 1765 σθαι·
2239 1711 2317 1779 τῷ
2343 1712 2616 1783 πνεύματι
2647 1710 2812 1778 ζέειν,
2843 1712 3189 1785 ἐνδεδυμένον
3209 1708 3350 1766 εἶναι
3376 1713 3475 1785 τὴν
3507 1732 3647 1768 παν-

2059 1807 2250 1860 οπλίαν
2270 1806 2364 1862 τοῦ
2402 1809 2560 1878 ἁγίου
2586 1808 2727 1863 Πνεύ
2735 1827 2928 1880 ματος,
2965 1810 3059 1863 καὶ
3075 1809 3289 1883 τρέχειν
3312 1811 3414 1865 οὐκ
3434 1810 3648 1881 ἀδήλως

2058 1900 2153 1952 καὶ
2195 1900 2484 1954 πυκτεύειν
2525 1902 2603 1966 ὼς
2648 1902 2749 1956 οὐκ
2796 1903 2933 1975 ἀέρα
2961 1903 3185 1976 δέροντα
3211 1945 3226 1972 ,
3266 1903 3363 1958 καὶ
3390 1919 3644 1958 καταπα-

2057 1992 2229 2046 λαίειν
2261 1992 2356 2047 τοῦ
2389 1993 2583 2066 ἐχθροῦ
2609 1997 2668 2049 ἐν
2701 1998 2768 2068 τῇ
2802 1995 3057 2068 ἀσθενείᾳ
3089 1995 3190 2066 τῆς
3220 1997 3423 2070 σαρκὸς
3451 1997 3547 2050 καὶ
3584 1999 3644 2050 ἐν

2057 2085 2122 2154 τῇ
2157 2084 2402 2156 πτωχείᾳ
2444 2088 2544 2155 τῆς
2593 2086 2772 2156 ψυχῆς
2792 2086 2905 2158 (59)
2934 2127 2950 2149 .
3007 2086 3101 2141 καὶ
3129 2088 3307 2141 πάντα
3354 2087 3423 2142 τά
3464 2088 3646 2142 διατε-

2056 2173 2306 2246 ταγμένα
2340 2183 2543 2245 ποιεῖν,
2594 2179 2687 2232 καὶ
2729 2179 2949 2250 ἀχρεῖον
2996 2179 3188 2249 ἑαυτὸν
3227 2180 3443 2250 λέγειν’
3476 2180 3644 2251 εὐχα-

2061 2271 2262 2338 ριστεῖν
2292 2268 2371 2339 τῷ
2407 2269 2548 2341 ἁγίῳ
2576 2270 2671 2324 καὶ
2710 2271 2907 2343 ἐνδόξῳ
2951 2273 3046 2325 καὶ
3092 2272 3308 2345 φοϐερῷ
3349 2271 3501 2343 Θεῷ,
3545 2274 3640 2327 καὶ

2065 2360 2233 2432 μηδὲν
2265 2363 2386 2415 κατ’
2414 2361 2651 2432 ἐριθείαν
2680 2361 2779 2417 καὶ
2811 2363 3115 2430 κενοδοξίαν
3144 2368 3318 2418 ποιεῖν
3338 2404 3353 2429 ,
3386 2362 3523 2417 ἀλλά
3555 2365 3645 2419 διά

2055 2452 2146 2505 τὸν
2174 2452 2325 2517 Θεὸν,
2360 2455 2455 2507 καὶ
2493 2454 2631 2526 πρὸς
2663 2453 2762 2526 τὴν
2796 2455 2988 2510 ἑαυτοῦ
3019 2457 3315 2529 ἀρέσκειαν
3329 2456 3443 2529 (40)
3468 2472 3484 2488 ·
3522 2457 3645 2511 Ὀτι

2058 2546 2091 2598 ὀ
2133 2545 2277 2611 Θεὸς
2308 2543 2739 2613 διεσκόρπισεν
2780 2544 2937 2602 ὀστᾶ
2976 2544 3510 2615 ἀνθρωπαρέονκων.
3552 2546 3646 2617 Μὴ

2057 2636 2359 2708 καυχᾶσθαι
2391 2637 2453 2691 τὸ
2482 2637 2702 2693 σύνολον
2722 2677 2736 2703 ,
2774 2638 2910 2710 μηδέ
2933 2637 3186 2710 ἐγκώμια
3216 2638 3413 2693 ἐαυτοῦ
3443 2639 3645 2709 λέγειν,

2060 2727 2194 2798 μηδὲ
2216 2725 2376 2780 ἄλλου
2398 2729 2839 2801 ἐγκωμιάζοντος
2862 2730 3032 2802 ἡδέως
3057 2730 3273 2785 ἀκούειν
3291 2747 3306 2761 ο
3336 2733 3397 2786 ἐν
3419 2732 3647 2805 κρυπτῷ

2056 2817 2114 2870 δὲ
2153 2817 2331 2871 πάντα
2364 2818 2669 2889 δουλεύειν,
2712 2821 2806 2875 καὶ
2850 2820 2925 2894 μὴ
2959 2821 3101 2894 πρὸς
3136 2821 3397 2889 ἐπίδειξιν
3431 2822 3646 2894 ἀνθρώ-

2056 2925 2175 2964 πων
2208 2913 2381 2964 ποιεῖν
2401 2927 2414 2942 ·
2460 2911 2599 2966 ἀλλά
2634 2913 2795 2984 μόνον
2823 2913 2913 2968 τὸν
2946 2913 3098 2986 παρά
3127 2912 3221 2966 τοῦ
3254 2912 3390 2967 Θεοῦ
3423 2913 3644 2968 ἔπαινον

2057 3000 2275 3073 ζητεῖν,
2309 3004 2404 3057 καὶ
2448 3003 2547 3077 τὴν
2586 3004 2823 3078 φοϐερὰν
2858 3005 2954 3060 καὶ
2985 3004 3194 3074 ἔνδοξον
3236 3004 3402 3060 αὑτοῦ
3437 3024 3650 3079 παρου-

381 3093 503 3165 ejus
535 3093 849 3159 adventum,
880 3097 935 3145 et
960 3104 1086 3145 eum
1114 3090 1207 3159 qui
1240 3089 1369 3143 hinc
1413 3088 1532 3143 ﬁeri
1569 3087 1730 3144 debet
1774 3096 1956 3146 trans-

2063 3091 2181 3148 σίαν
2210 3095 2411 3150 ἐννοεῖν
2433 3111 2447 3125 ο
2476 3095 2582 3168 τὴν
2614 3097 2915 3168 μετάϐασιν
2946 3101 3045 3172 τὴν
3074 3100 3324 3155 ἐντεῦθεν
3349 3138 3367 3168 ,
3404 3101 3476 3154 τὰ
3507 3103 3646 3156 ἀπο-

377 3187 545 3250 itum,
584 3182 864 3238 recondita
897 3181 1064 3251 justis
1109 3180 1291 3245 bona,
1331 3180 1511 3251 ignem
1549 3190 1798 3250 paratum
1838 3182 1957 3237 dia-

377 3280 505 3337 bolo
532 3285 586 3333 et
629 3277 838 3348 angelis
876 3277 1018 3345 ejus.
1066 3273 1172 3330 Sed
1212 3286 1338 3331 ante
1369 3274 1484 3330 haec
1521 3275 1703 3329 omnia
1747 3284 1962 3346 aposto-

378 3371 472 3427 lici
527 3371 658 3426 dicti
700 3366 1058 3423 meminisse:
1101 3365 1406 3437 Condignas
1462 3382 1566 3421 non
1604 3382 1716 3422 esse
1753 3368 1960 3437 passio-

376 3480 468 3519 nes
497 3463 656 3532 hujus
706 3460 952 3528 temporis
988 3456 1057 3512 ad
1094 3457 1334 3526 futuram
1370 3458 1631 3529 gloriam,
1669 3475 1787 3529 quw
1818 3475 1959 3514 rere-

377 3553 581 3610 tabitur
623 3555 678 3606 in
722 3548 872 3606 nobis
897 3550 960 3602 ³³.
1000 3547 1179 3619 Atque
1227 3548 1284 3603 in
1333 3557 1679 3604 antecessum
1704 3563 1828 3603 cum
1860 3547 1962 3602 Da-

374 3647 502 3702 vide
559 3646 787 3701 dicere:
828 3640 1280 3699 Custodientihus
1337 3640 1458 3711 ejus
1498 3640 1756 3695 mandata
1797 3640 1959 3695 retri-

375 3741 532 3796 butio
569 3739 741 3793 multa
772 3737 838 3804 ιδ,
894 3750 1111 3793 merces
1162 3734 1378 3806 ingens,
1434 3747 1652 3790 coronae
1707 3734 1954 3805 iustitiae.

375 3843 578 3888 aeterna
616 3830 990 3898 tabernacula,
1018 3828 1131 3885 vita
1159 3826 1320 3884 finem
1354 3842 1639 3897 nunquam
1677 3826 1954 3893 habitura,

377 3922 636 4003 gaudium
657 3921 1042 3986 inenarrabile,
1068 3927 1333 3991 perpetua
1360 3926 1414 3975 et
1436 3920 1770 3976 inconcussa
1797 3937 1957 3976 man-

379 4015 464 4075 sio
502 4013 645 4086 apud
690 4012 909 4069 Patrem
952 4020 1009 4068 et
1037 4011 1237 4066 Filium
1265 4017 1320 4067 et
1370 4009 1636 4083 Spiritum
1680 4020 1955 4082 sanctum,

377 4107 472 4178 qui
496 4114 582 4162 est
608 4106 753 4162 Deus
777 4122 943 4162 verus
966 4107 1021 4161 in
1058 4107 1221 4172 coelo,
1274 4104 1433 4160 faciei
1463 4105 1532 4159 ad
1570 4103 1768 4162 faciem
1799 4114 1957 4177 pate-

380 4198 800 4262 factio,choreaz
828 4213 953 4253 cum
979 4197 1209 4268 angelis,
1234 4212 1361 4252 cum
1388 4195 1671 4263 Patribus,
1702 4213 1828 4252 cum
1857 4212 1956 4268 pa-

377 4289 661 4357 triarchis,
690 4302 813 4344 cum
843 4289 1148 4359 prophetis,
1174 4303 1300 4343 cum
1340 4289 1624 4358 apostolis,
1652 4304 1778 4344 cum
1809 4304 1956 4344 mar-

377 4377 593 4456 tyribus
615 4385 669 4433 et
696 4376 1134 4443 confessoribus,
1161 4392 1288 4433 cum
1321 4377 1392 4433 iis
1436 4378 1679 4450 denique
1721 4380 1816 4451 qui
1841 4378 1954 4436 Deo

2059 3183 2288 3255 κείμενα
2321 3185 2503 3256 ἀγαθὰ
2533 3191 2645 3253 τοῖς
2675 3189 2940 3256 δικαίοις,
2985 3192 3188 3263 ὁμοίως
3211 3192 3272 3246 τὸ
3300 3192 3644 3264 ἡτοιμασμέ-

2058 3292 2147 3329 νον
2192 3276 2304 3350 πῦρ
2346 3277 2424 3350 τῷ
2453 3279 2686 3349 διαϐόλῳ
2727 3282 2964 3347 καὶτοῖς
2994 3282 3247 3354 ἀγγέλοις
3273 3285 3462 3339 αὐτοῦ.
3521 3284 3649 3338 Ἐπὶ

2058 3371 2192 3423 πᾶσι
2213 3369 2269 3424 δὲ
2297 3370 2507 3436 τούτοις
2531 3372 2623 3426 τοῦ
2645 3374 3005 3428 ἀποστολικοῦ
3042 3375 3207 3448 ῥητοῦ
3245 3375 3608 3449 μνημονεύειν
3627 3392 3645 3407 ⁸

2061 3460 2189 3515 Ὅτι
2217 3462 2330 3516 οὐκ
2363 3462 2503 3528 ἄξια
2535 3463 2608 3517 τὰ
2632 3463 2950 3536 παθήματα
2974 3464 3081 3520 τοῦ
3102 3466 3220 3522 νῦν
3250 3468 3462 3538 καιροῦ
3494 3468 3650 3538 πρὸς

2056 3550 2173 3621 τὴν
2198 3550 2560 3622 μέλλουσαν
2596 3553 2786 3620 δόξαν
2811 3556 3319 3629 ἀποκαλυφθῆναι
3346 3563 3437 3628 εἰς
3461 3561 3642 3630 ἡμᾶς.

2056 3649 2169 3704 Καὶ
2209 3650 2303 3704 σὺν
2340 3647 2419 3722 τῷ
2446 3649 2611 3704 Δαϐὶδ
2639 3651 2924 3722 προλέγειν
2948 3669 2964 3684 ο
3013 3655 3139 3719 Τοῖς
3177 3655 3510 3725 φυλάσσουσι
3543 3657 3648 3722 τὰς

2056 3741 2275 3806 ἐντολὰς
2323 3741 2488 3796 αὐτοῦ
2542 3744 2898 3808 ἀνταπόδοσις
2949 3746 3155 3819 πολλὴ,
3208 3748 3399 3819 μισθὸς
3450 3749 3649 3815 πολὺς,

2057 3833 2151 3887 καὶ
2186 3833 2437 3903 στέφανοι
2458 3834 2804 3907 δικαιοσύνης
2826 3877 2845 3903 ,
2871 3835 3078 3893 αἰώνιοι
3114 3840 3341 3912 σκηναὶ,
3376 3840 3491 3912 ζωὴ
3516 3843 3646 3896 ἀτε-

2056 3923 2312 3995 λεύτητος
2334 3964 2350 3988 ,
2371 3925 2516 3996 χαρά
2538 3926 2923 3999 ἀνεκλάλητος,
2960 3929 3095 4002 μονὴ
3121 3929 3461 3996 ἀκατάλυτος
3487 3934 3646 4005 παρά

2056 4012 2134 4084 τῷ
2163 4014 2373 4086 Πατρὶ,
2422 4016 2518 4070 καὶ
2561 4017 2641 4089 τῷ
2672 4018 2822 4090 Υίῷ,
2875 4021 2970 4074 καὶ
3021 4020 3101 4093 τῷ
3149 4022 3291 4094 ἀγίῳ
3337 4023 3643 4095 Πνεύματι,

2054 4104 2133 4175 τῷ
2168 4107 2226 4159 ἐν
2274 4106 2522 4179 οὐρανοῖς
2581 4109 2823 4183 ἀληθινῷ
2869 4113 3027 4184 Θεῷ·
3073 4116 3417 4190 ἐμφανισμδς
3476 4136 3647 4192 προσο-

2057 4192 2210 4250 ὠπου
2261 4199 2398 4270 πρὸς
2424 4200 2744 4272 πρόσωπονο
2797 4203 2936 4274 μετά
2968 4205 3217 4276 ἀγγέλων
3250 4212 3457 4282 χορεῖαι
3493 4212 3607 4282 (41)
3627 4252 3646 4277 ,

2060 4289 2199 4360 μετά
2229 4291 2525 4362 Πατέρων,
2560 4293 2698 4365 μετά
2727 4297 3082 4369 πατριαρχῶν
3105 4337 3121 4364 ,
3155 4300 3292 4372 μετά
3325 4304 3644 4375 προφητῶν,

2059 4378 2199 4448 μετὰ
2239 4379 2592 4448 ἀποστόλων,
2625 4384 2720 4438 καὶ
2769 4386 3098 4459 μαρτύρων,
3130 4389 3225 4443 καὶ
3270 4390 3645 4462 ὁμολοητιῦν,

378 4470 449 4523 ab
483 4478 688 4524 aeterno
719 4468 1062 4539 placuerunt,
1108 4469 1441 4540 quibuscum
1500 4469 1734 4527 inveniri
1779 4486 1949 4528 cone-

2059 4467 2152 4521 καὶ
2191 4468 2303 4526 τῶν
2336 4471 2433 4526 ἀπ’
2473 4471 2670 4538 αἰῶνος
2702 4473 2822 4546 Θεῷ
2856 4475 3369 4549 εὐαρεπησάντων,
3411 4481 3530 4552 μεθ’
3569 4474 3648 4536 ὧν

375 4573 522 4627 mur,
556 4560 731 4631 gratia
770 4559 984 4614 Domini
1025 4561 1197 4617 nostri
1234 4558 1363 4616 Jesu
1395 4560 1629 4628 Christi,
1663 4565 1752 4619 cui
1778 4565 1955 4637 gloria

375 4654 433 4704 et
468 4648 759 4721 imperium
781 4649 834 4704 in
864 4649 1064 4711 saecula
1098 4649 1445 4706 saeculorum.
1474 4650 1669 4707 Amen.

2060 4559 2349 4632 εὑρεθῆναι
2398 4563 2793 4636 σπουδάσωμεν
2845 4566 3032 4639 χάριτι
3081 4568 3175 4623 τοῦ
3227 4570 3434 4643 Κυρίου
3483 4572 3647 4644 ἡμῶν

2073 4651 2246 4724 Ἰησοῦ
2285 4655 2562 4727 Χριστοῦ,
2607 4650 2653 4727 ᾧ
2693 4659 2727 4731 ἡ
2768 4657 2895 4723 δόξα
2935 4661 3031 4715 καὶ
3068 4661 3129 4715 τὸ
3172 4662 3372 4733 κράτος
3407 4667 3489 4730 εἰς
3516 4668 3644 4733 τοὺς

2062 4736 2268 4810 αἰῶνας
2295 4746 2404 4801 τῶν
2431 4746 2667 4804 αἰώνων.
2722 4751 2917 4824 Ἀμήν.

444 4917 465 4948 ⁸
507 4916 799 5005 [Edixin
821 4955 835 4979 ,
870 4916 926 4970 2.
1002 4915 1343 5005 ἱΡεξι].ῇχν,
1383 4916 1438 4972 8.
1515 4916 1726 5005 τηιαιξ..
1748 4936 1819 5005 κη,
1854 4919 1956 4975 27.

2097 4923 2337 5005 Philipp,
2375 4941 2451 5005 ll,
2487 4927 2574 5005 ιε.
2650 4931 2672 4963 ⁸
2710 4929 2734 4985 1
2771 4929 2902 5005 Cor.
2938 4947 3030 5000 ix,
3066 4933 3158 4992 26.
3235 4935 3280 4967 "
3316 4934 3455 4993 Luc.
3490 4954 3643 5005 xvn,

375 4989 460 5042 £0.
542 4988 582 5018 ιι
623 4986 858 5057 Philipp.
894 5002 970 5053 ιι,
1002 4987 1056 5042 5.
1136 4990 1180 5018 "'
1220 4984 1366 5041 Psal.
1401 5002 1513 5058 ut,
1549 4987 1606 5043 6.
1683 4991 1727 5023 “
1767 4990 1927 5047 Rom.

2059 5012 2096 5061 1,
2132 4984 2349 5051 18.”¹⁸
2386 4984 2534 5054 Psal.
2570 4984 2746 5066 mu,
2781 4984 2871 5056 12;

449 5170 563 5242 (56)
592 5171 670 5224 ita
710 5169 1110 5244 Regii‘primus
1139 5177 1194 5225 et
1231 5172 1448 5228 tertius.
1491 5169 1736 5244 Utraque
1774 5174 1949 5231 editio

369 5244 709 5297 ἀποστερεῖν.
745 5241 856 5297 Πρὸ
880 5241 937 5294 δὲ
968 5242 1209 5294 πάντων.

441 5311 551 5383 (37)
580 5309 760 5383 Etlitio
786 5309 962 5383 Paris.
984 5319 1037 5367 et
1056 5309 1190 5383 Reg.
1219 5311 1415 5368 tertius
1443 5313 1686 5377 αἱωνίας.
1706 5313 1813 5369 Alii
1834 5313 1943 5371 duo

368 5379 506 5435 mss.
534 5379 592 5436 et
621 5381 789 5435 editio
824 5379 958 5435 Ven.
993 5379 1233 5434 αἰωνίου.

442 5450 553 5536 (ξδ)
594 5450 821 5574 Αιιιὲίιιιὶ
856 5451 965 5506 duo
999 5451 1123 5505 libri
1165 5449 1446 5520 φοϐεῖσθαι
1477 5452 1640 5509 αὐτὸν
1696 5454 1792 5507 καὶ
1835 5454 1942 5508 ὑπ-

445 5539 589 5574 ουειν
621 5539 692 5574 κα
722 5560 735 5574 .

364 5537 533 5576 ακουε
541 5539 589 5574 ιν
621 5537 735 5575 και.

440 5590 549 5661 (59)
578 5590 774 5667 Editio
789 5588 966 5644 Paris.
991 5599 1045 5667 et
1074 5588 1245 5667 editio
1273 5587 1409 5667 ven.
1443 5591 1499 5645 in
1529 5600 1787 5667 contentu
1820 5611 1949 5667 σαρ-

367 5658 481 5724 κὸς,
513 5658 607 5714 καὶ
629 5663 687 5715 ἐν
713 5659 1055 5740 τῇ-πτωχεία
1084 5658 1185 5740 τῆς
1207 5659 1404 5740 ψυχῇς,
1434 5671 1485 5714 et
1524 5658 1942 5740 in_anim_i:pqu-

364 5739 567 5802 perlate
590 5747 609 5786 :
631 5747 732 5787 nec
755 5728 912 5786 aliter
936 5728 1227 5800 legitur’in
1244 5728 1376 5800 Reg.
1401 5733 1664 5789 secundo.
1700 5728 1813 5789 Alii
1833 5737 1942 5791 duo

2057 5176 2185 5258 libri
2213 5186 2427 5259 veteres
2453 5180 2549 5235 καὶ
2570 5182 2628 5259 ἐν
2650 5184 2721 5259 τῇ
2741 5183 2956 5257 εὐτονίᾳ
2982 5186 3081 5259 τῆς
3102 5186 3304 5259 ψυχῆς,
3326 5197 3375 5243 et
3399 5188 3455 5242 in
3478 5191 3647 5247 animi

2053 5248 2249 5329 uigore.
2283 5248 2891 5329 \[ulgatamnlcc‘tionem
2927 5248 3329 5329 praeferendam
3364 5269 3521 5329 puto.
3554 5259 3655 5315 Vi-

2053 5316 2213 5400 detur
2240 5316 2544 5375 enim'mihi
2570 5321 2809 5400 Basilius
2838 5316 3115 5396 respicere
3136 5328 3206 5382 ad
3228 5316 3379 5383 ωηο·
3394 5328 3653 5400 Domini,

2058 5386 2224 5461 Beati
2239 5404 2491 5461 pauperes
2523 5393 2737 5461 spiritu.

2120 5458 2235 5540 (ιο)
2270 5457 2423 5540 Regii
2457 5457 2670 5532 primus
2698 5470 2758 5540 et
2796 5472 2992 5540 tertius
3024 5465 3322 5540 ἀρέσκειαν
3355 5470 3645 5540 πράττειν.

2051 5524 2161 5583 Sed
2196 5524 2519 5608 voa_u'ltirfia
2544 5548 2725 5608 neque
2745 5535 2799 5588 in
2835 5536 2946 5591 alio
2966 5524 3178 5608 codice,
3204 5554 3382 5608 neque
3400 5524 3468 5594 ἰιι
3494 5524 3653 5596 utra;-

2050 5613 2157 5679 que
2188 5598 2433 5679 editione
2468 5598 2702 5679 legitur;
2743 5620 2845 5660 nec
2879 5607 3036 5663 valde
3068 5598 3366 5663 admodum
3419 5611 3651 5678 dubito,

2049 5671 2182 5737 quin
2216 5671 2411 5724 melius
2445 5671 2609 5726 absit.

2122 5738 2233 5811 (41)
2262 5737 2418 5811 Regii
2447 5742 2659 5812 primus
2690 5752 2745 5799 et
2775 5747 2974 5804 tertius
3006 5746 3255 5818 ἀγγέλων
3282 5748 3497 5822 χορεία.
