3982 6240
738 635 874 687 ΤΟΥ
911 633 1144 686 ΑΥΤΟΥ
1179 634 1582 687 ΠΡΟΟΙΜΙΟΝ.

820 745 959 814 Περὶ
999 746 1282 814 κρίματος
1321 746 1489 802 Θεοῦ.

448 879 496 934 1.
535 877 672 932 Θεοῦ
706 879 799 931 τοῦ
828 878 1030 948 ἀγαθοῦ
1077 882 1403 951 χρηστότητι
1452 882 1543 934 καὶ
1571 883 1948 954 φιλανθρωπία

375 980 428 1024 εν
451 970 642 1040 χάριτι
669 968 762 1020 τοῦ
791 969 992 1038 Κυρίου
1013 970 1167 1039 ἡμῶν
1195 969 1364 1039 Ἰησοῦ
1393 972 1624 1040 Χριστοῦ
1655 975 1772 1026 κατ’
1796 974 1948 1043 ἐνέρ-

378 1079 521 1129 γειαν
562 1060 658 1113 τοῦ
694 1061 850 1128 ἁγίου
878 1060 1211 1130 Πνεύματος,
1239 1062 1336 1131 τῆς
1359 1062 1456 1132 μὲν
1485 1065 1625 1116 κατά
1656 1065 1946 1136 παράδοσιν

377 1153 476 1204 τῶν
516 1151 716 1215 ἔξωθεν
744 1152 949 1221 πλάνης
979 1151 1214 1222 ρυσθεὶς,
1244 1152 1447 1206 ἄνωθεν
1477 1153 1532 1205 δὲ
1563 1155 1655 1206 καὶ
1683 1155 1742 1221 ἐξ
1773 1154 1947 1225 ἀρχῆς

372 1244 475 1298 ὑπὸ
518 1245 864 1315 Χριστιανοῖς
903 1242 1148 1311 γονεῦσιν
1187 1244 1554 1316 ἀνατραφεὶς,
1603 1249 1732 1316 παρ’
1766 1247 1948 1310 αὐτοῖς

373 1336 469 1405 μὲν
509 1335 618 1388 ἀπὸ
667 1333 898 1405 βρέφους
943 1335 1036 1386 καὶ
1075 1333 1143 1387 τὰ
1195 1336 1313 1405 ἱερά
1363 1336 1666 1406 γράμματα
1715 1336 1945 1407 ἔμαθον,

369 1425 573 1493 ἄγοντά
608 1443 674 1496 με
704 1425 840 1495 πρὸς
868 1425 1159 1492 ἐπίγνωσιν
1197 1426 1296 1495 τῆς
1328 1427 1606 1496 ἀληθείας.
1651 1428 1736 1492 Ὠς
1769 1428 1823 1480 δὲ
1857 1430 1948 1496 γέ-

369 1534 499 1585 γονα
559 1518 698 1589 ἀνὴρ
728 1558 743 1582 ,
797 1520 892 1570 καὶ
943 1517 1269 1588 ἀποδημίαις
1323 1519 1580 1582 πολλάκις
1636 1519 1944 1591 χρώμενος,

369 1609 662 1680 πράγμασί
715 1626 808 1671 τε,
852 1609 927 1670 ὡς
957 1609 1130 1672 εἰκὸς,
1183 1610 1523 1680 ἐντυγχάνων
1575 1610 1848 1673 πλείοσιν,
1890 1614 1947 1663 ἐν

371 1702 469 1772 μὲν
519 1705 640 1762 ταῖς
689 1700 874 1764 ἄλλαις
920 1701 1137 1770 τέχναις
1187 1703 1280 1754 καὶ
1306 1704 1631 1772 ἐπιστήμαις
1680 1703 1946 1774 τοσαύτην

368 1791 502 1862 πρὸς
549 1790 812 1861 ἀλλήλους
862 1793 1178 1861 συμφωνίαν
1208 1793 1611 1863 κατεμάνθανον
1646 1795 1752 1847 τῶν
1786 1797 1947 1866 ἀκρι-

367 1882 476 1945 ϐῶς
495 1883 606 1952 (42)
637 1883 1052 1954 μετερχομένων
1081 1884 1316 1954 ἑκάστην
1340 1901 1354 1914 ο
1389 1886 1446 1937 ἐν
1475 1886 1606 1958 μόνῃ
1635 1886 1690 1939 δὲ
1717 1890 1780 1958 τῇ
1826 1889 1946 1940 Ἐκ-

1713 338 1800 392 DE
1835 336 2092 394 ιυῡιοιο
2131 337 2256 394 DEI.

3515 337 3620 394 OL"

2593 638 2991 696 PROOEMH
3033 640 3116 696 Μ.

2618 748 2695 802 De
2709 749 2916 817 judicio
2940 751 2970 804 ἱ
2995 753 3052 808 εἰ.

2127 879 2172 932 Ι.
2215 879 2416 952 Optimi
2464 882 2572 937 ’Dei
2612 885 2952 956 benignitate
3000 903 3060 942 ac
3107 889 3475 956 humanitate,
3524 912 3611 965 pet

2050 974 2278 1042 gratiam
2323 973 2533 1030 Domini
2582 979 2754 1033 nostri
2806 979 2934 1034 Jesu
2994 981 3231 1047 Christi,
3273 1002 3339 1038 ex
3381 985 3618 1058 Spiritus

2051 1066 2227 1119 sancti
2260 1068 2597 1136 operatione,
2629 1085 2658 1122 a
2694 1069 2831 1124 falsa
2863 1070 3084 1140 quidem
3128 1077 3410 1144 gentilium
3445 1081 3616 1134 tradi-

2052 1155 2196 1210 tione
2245 1171 2307 1210 ae
2337 1158 2586 1212 doctrina
2626 1159 2909 1227 liberatus,
2959 1163 3028 1218 ab
3065 1166 3288 1236 antiqua
3328 1184 3458 1224 vero
3509 1173 3619 1227 ori-

2049 1248 2174 1316 gine
2207 1248 2350 1302 etab
2377 1248 2535 1303 initio
2565 1265 2594 1304 a
2618 1251 2948 1310 Christianis
2978 1259 3297 1324 parentibus
3329 1263 3615 1330 educatus,

2049 1337 2188 1390 vela
2222 1354 2392 1408 puero
2425 1341 2590 1395 didici
2627 1342 2694 1395 ab
2728 1343 2860 1412 ipsis
2892 1346 3100 1403 litteras
3139 1365 3346 1419 sacras,
3387 1367 3507 1425 qua:
3536 1372 3620 1412 me

2050 1431 2116 1485 ad
2146 1433 2392 1487 veritatis
2433 1436 2798 1504 cognitionem
2835 1439 3212 1498 adduxerunt.
3252 1444 3361 1500 Ubi
3392 1464 3519 1504 vero
3551 1451 3619 1506 ad

2048 1528 2258 1580 virilem
2290 1536 2501 1584 aetatem
2545 1533 2785 1600 perveni,
2820 1542 2946 1590 tunc
2988 1538 3186 1607 smpius
3215 1544 3617 1614 peregrinatus,

2048 1627 2102 1673 et
2143 1619 2196 1673 in
2228 1621 2498 1690 pluribus,
2545 1632 2602 1676 ut
2640 1625 2786 1679 credi
2823 1642 2919 1696 par
2949 1639 3050 1693 est,
3083 1634 3318 1701 negotiis
3343 1646 3617 1702 versatus,

2050 1714 2103 1766 in
2144 1716 2355 1769 caeteris
2414 1717 2632 1785 quidem
2683 1719 2894 1776 artibus
2939 1729 2994 1776 et
3042 1725 3287 1783 scientiis
3327 1731 3618 1787 maximam

2049 1805 2192 1858 inter
2242 1821 2336 1860 eos
2367 1807 2458 1875 qui
2504 1807 2715 1861 illarum
2765 1826 3011 1881 quasque
3064 1815 3352 1886 diligenter
3403 1822 3617 1876 excole-

2049 1894 2203 1957 bant,
2248 1895 2600 1951 concordiam
2658 1898 3020 1953 animadverti
3058 1919 3072 1955 :
3108 1913 3301 1958 contra
3352 1922 3506 1973 vero,
3564 1909 3617 1962 in

367 1978 566 2048 κλησίᾳ
592 1977 687 2030 τοῦ
719 1977 852 2029 Θεοῦ
881 2020 894 2042 ,
926 1978 1062 2049 ὑπὲρ
1094 1975 1162 2050 ἧς
1188 1981 1420 2050 Χριστὸς
1452 1982 1688 2036 ἀπέθανε
1712 2024 1725 2048 ,
1764 1984 1857 2038 καὶ
1886 1986 1942 2038 τὸ

2049 1983 2161 2036 sola
2199 1984 2288 2038 Dei
2325 1984 2586 2051 Ecclesia,
2632 2002 2730 2057 pro
2765 2005 2871 2057 qua
2920 1989 3173 2048 Christus
3223 2006 3471 2053 mortuus
3515 2009 3618 2064 est,

367 2068 590 2138 Πνεῦμα
618 2068 682 2120 τὸ
710 2070 862 2136 ἅγιον
892 2070 976 2122 ἐπ’
1009 2071 1174 2142 αὐτὴν
1202 2072 1469 2136 πλουσίως
1501 2074 1677 2143 ἐξέχεε
1695 2118 1708 2138 ,
1751 2077 1948 2147 πολλὴν

365 2177 486 2213 τινα
505 2161 599 2214 καὶ
619 2161 1063 2233 ὑπερϐάλλουσαν
1080 2163 1180 2232 τήν
1200 2181 1257 2215 τε
1286 2165 1420 2234 πρὸς
1439 2165 1548 2235 (45)
1575 2167 1832 2237 ἀλλήλους
1856 2170 1949 2222 καὶ

363 2253 459 2323 την
496 2253 638 2324 πρὸς
681 2253 778 2317 τὰς
819 2253 967 2317 Οείας
1007 2256 1226 2326 Γραφάς
1259 2256 1556 2325 διαφωνίαν
1599 2257 1706 2310 τῶν
1739 2259 1950 2312 πολλῶν

365 2344 637 2415 ἐθεώρουν
660 2354 675 2374 ⁸
705 2347 799 2398 καὶ
830 2347 888 2398 τὸ
933 2348 1389 2418 φρικωδέστατον,
1419 2349 1615 2412 αὐτοὺς
1663 2351 1789 2413 τοὺς
1819 2369 1950 2422 προ-

367 2437 614 2498 εστῶτας
646 2436 815 2506 αὐτῆς
858 2438 914 2488 ἐν
959 2439 1191 2508 τοσαύτῃ
1250 2438 1344 2507 μὲν
1393 2439 1458 2507 τῇ
1508 2437 1644 2508 πρὸς
1690 2438 1950 2509 ἀλλήλους

361 2530 594 2599 διαφορᾷ
625 2527 854 2598 γνώμης
887 2546 944 2580 τε
978 2530 1072 2581 καὶ
1109 2529 1266 2598 δόξης
1299 2529 1680 2593 καθεστῶτας,
1707 2530 1945 2602 τοσαύτῃ

361 2619 416 2672 δὲ
456 2623 524 2690 τῇ
569 2620 709 2691 πρὸς
760 2619 860 2682 τὰς
904 2620 1128 2683 ἐντολὰς
1174 2619 1266 2673 τοῦ
1313 2621 1520 2690 Κυρίου
1553 2620 1709 2690 ἡμῶν
1774 2621 1944 2692 Ἰησοῦ

362 2711 601 2781 Χριστοῦ
661 2712 997 2782 ἐναντιότητι
1059 2713 1408 2783 χρεομένους,
1463 2713 1558 2766 καὶ
1607 2714 1948 2779 διασπῶντας

364 2801 462 2871 μὲν
492 2801 743 2872 ἀνηλεῶς
768 2803 866 2873 τὴν
911 2804 1234 2873 Ἐκκλησίαν
1273 2805 1366 2857 τοῦ
1383 2805 1542 2868 Θεοῦ,
1579 2807 1949 2875 ἐκταράσσον-

359 2909 458 2956 τας
491 2893 550 2946 δὲ
579 2893 819 2963 ἀφειδῶς
846 2895 906 2948 τὸ
938 2897 1182 2967 ποίμνιον
1215 2897 1402 2961 αύτοῦ,
1439 2897 1514 2959 ὡς
1551 2897 1643 2950 καὶ
1673 2900 1730 2950 ἐν
1766 2898 1948 2962 αὐτοῖς

362 2984 708 3057 πληροῦσθαι
752 2987 846 3041 νῦν
871 3029 885 3051 ,
934 2990 1090 3060 εἴπερ
1135 2991 1303 3050 ποτὲ,
1340 2991 1446 3044 τῶν
1505 2991 1798 3059 Ἀνομοίων
1826 2993 1946 3044 ἐπι-

361 3075 608 3146 φυέντων
661 3076 722 3130 τὺ
765 3079 868 3140 ὅτι,
921 3079 1015 3144 Ἐξ
1053 3079 1216 3148 ὑμῶν
1264 3081 1463 3134 αὐτῶν
1500 3081 1947 3147 ἀναστήσονται

361 3169 578 3237 ἄνδρες
625 3171 960 3235 λαλοῦντες
1005 3171 1474 3242 διεστραμμένα,
1513 3174 1618 3228 τοῦ
1659 3173 1947 3240 ἀποσπᾷν

361 3262 504 3328 τοὺς
525 3263 801 3331 μαθητὰς
823 3263 1014 3316 ὀπίσω
1035 3264 1250 3318 αὐτῶν.

2050 2081 2103 2128 et
2129 2089 2294 2144 super
2332 2091 2493 2146 quam
2526 2077 2672 2148 large
2707 2079 2871 2153 214
2896 2080 3157 2152 Spiritum
3191 2098 3440 2143 sanctum
3481 2091 3620 2145 etfu-

2049 2166 2150 2230 dit,
2203 2167 2404 2222 multos
2461 2169 2572 2222 vidi
2613 2178 2667 2224 et
2714 2171 2856 2225 inter
2895 2188 2953 2228 se
2982 2181 3032 2228 ct
3087 2176 3140 2230 in
3179 2175 3380 2234 divinis
3422 2181 3620 2237 litteris

2049 2258 2418 2328 intelligendis
2457 2260 2612 2314 valde
2657 2261 2951 2317 admodum
3011 2265 3321 2324 dissentire.
3361 2268 3427 2323 Et.
3474 2279 3618 2340 quod

2049 2353 2282 2406 maxime
2347 2353 2679 2407 horrendum
2734 2362 2840 2420 est,
2915 2358 3090 2427 reperi
3148 2359 3298 2429 ipsos
3361 2359 3620 2420 Ecclesiae

2049 2443 2349 2514 praefectos.
2378 2444 2434 2498 in
2469 2451 2621 2498 tanta
2653 2446 2795 2500 inter
2841 2463 2898 2503 se
2933 2452 3219 2506 sententiae
3249 2467 3313 2507 ac
3344 2455 3619 2524 opinionis

2047 2534 2364 2591 diversitate
2410 2538 2667 2592 constitui
2737 2539 2927 2610 sicque
2985 2539 3198 2598 Domini
3265 2547 3440 2600 nostri
3488 2545 3618 2604 Jesu

2047 2627 2253 2682 Christi
2285 2630 2558 2686 mandatis
2598 2633 2903 2699 adversari,
2933 2633 3134 2706 Deique
3173 2636 3473 2695 Ecelesiam
3505 2650 3617 2698 tam

2047 2720 2554 2778 immisericorditer
2592 2723 2918 2792 dilacerare,
2949 2735 3167 2799 tamque
3190 2729 3489 2788 crudeliter
3515 2733 3618 2789 ob-

2045 2811 2268 2866 turbare
2315 2812 2436 2883 ejus
2463 2830 2704 2885 gregem,
2746 2825 2827 2880 ut,
2870 2820 3078 2875 exortis
3105 2815 3411 2888 Anomeeis,
3447 2841 3618 2891 nunc,

2046 2902 2090 2955 si
2128 2917 2369 2972 unquam
2392 2904 2548 2970 alias,
2579 2907 2634 2959 in
2679 2907 2811 2978 ipsis
2850 2924 3064 2982 quoque
3109 2901 3401 2984 impleatur
3438 2915 3571 2972 illud
3601 2938 3614 2972 :

2046 2991 2130 3045 Ex
2160 2993 2301 3048 vobis
2347 2996 2477 3066 ipsis
2515 3009 2794 3070 exsurgent
2831 3001 2931 3056 viri
2972 3001 3236 3075 loquentes
3265 3021 3528 3077 perversa,
3561 3017 3620 3063 ut

2045 3085 2307 3141 abducant
2335 3087 2618 3158 discipulos
2660 3099 2777 3158 post
2807 3108 2861 3146 se
2886 3092 2948 3146 "'.

429 3353 486 3408 9..
529 3353 721 3407 Ταῦτα
759 3355 850 3406 καὶ
882 3356 950 3406 τα
986 3356 1208 3409 τοιαῦτα
1242 3357 1400 3428 ὁρῶν,
1434 3359 1525 3411 καὶ
1568 3359 1704 3430 πρὸς
1733 3359 1940 3425 τούτοις

2113 3355 2168 3410 2.
2210 3357 2336 3411 Haec
2362 3364 2524 3426 atque
2554 3357 2799 3427 ejusdem
2833 3359 3048 3430 generis
3071 3363 3175 3417 alia
3202 3379 3326 3418 cum
3353 3364 3616 3436 intuerer,

361 3445 660 3516 ἐπαπορῶυ
681 3484 697 3508 ,
745 3445 828 3508 τίς
868 3447 963 3498 καὶ
994 3446 1155 3498 πόθεν
1200 3449 1232 3517 ὴ
1266 3449 1412 3501 αἰτία
1439 3450 1530 3502 τοῦ
1559 3452 1813 3504 τοσούτου
1847 3469 1946 3504 κα-

361 3539 494 3602 κοῦ,
543 3536 612 3590 τὰ
663 3537 762 3608 μὲν
808 3539 1038 3609 πρῶτα,
1079 3538 1268 3612 ῶσπερ
1319 3542 1377 3593 ὲν
1433 3541 1588 3611 βαθεῖ
1633 3544 1807 3614 σκότῳ
1831 3543 1942 3616 (44)

358 3629 546 3699 διῆγον
571 3669 586 3692 ,
625 3629 721 3681 καὶ
753 3630 1004 3701 καθάπερ
1035 3631 1125 3683 ἐπὶ
1158 3631 1342 3701 ζυγοῦ,
1381 3635 1510 3686 ποτέ
1543 3635 1642 3704 μὲν
1667 3629 1768 3688 ὧδε
1788 3676 1802 3699 ,
1841 3655 1941 3690 πο-

359 3720 421 3774 τὲ
450 3722 509 3776 δὲ
549 3724 732 3775 ἐκεῖσε
775 3723 1004 3794 ἔρῤεπον
1029 3741 1041 3754 ·
1088 3725 1248 3778 ἄλλου
1291 3726 1523 3798 ἄλλωςῆ
1565 3729 1702 3798 πρὸς
1752 3729 1942 3783 ἑαυτόν

364 3830 434 3882 με
481 3813 769 3877 ἕλκοντος,
816 3813 905 3867 διὰ
944 3815 1043 3888 τὴν
1096 3817 1445 3887 πολυχρόνιον
1487 3818 1594 3870 τῶν
1639 3817 1941 3890 ἀνῡρὼπων

361 3903 676 3975 συνήθειαν,
710 3904 744 3975 ἢ
781 3905 939 3958 πάλιν
967 3903 1140 3968 ἄλλως
1174 3908 1562 3978 ἀπωθουμένου
1582 3908 1692 3978 (43)
1725 3907 1811 3961 διὰ
1840 3909 1940 3980 τὴν

359 3994 421 4046 ἐν
453 3997 574 4058 ταῖς
623 3993 796 4058 Θείαις
843 3996 1086 4066 Γραφαῖς
1124 3999 1627 4068 ἐπι-γινωσκομένην
1661 3999 1936 4071 ἀλήθειαν.

372 4087 639 4142 Ἐπιπολὺ
673 4088 729 4140 δὲ
756 4087 910 4141 τοῦτο
939 4087 1160 4158 πάσχων
1179 4129 1194 4153 ,
1239 4090 1332 4142 καὶ
1357 4091 1454 4162 τὴν
1484 4091 1662 4144 αἰτίαν
1693 4089 1756 4162 ἢν
1787 4085 1939 4143 εἷπον

433 4241 477 4271 ’⁸
515 4239 641 4295 Act.
677 4257 779 4308 xx,
815 4241 904 4296 30.

433 4396 545 4479 (οἳ)
575 4396 883 4479 Articulum
914 4402 1041 4453 ante
1067 4410 1256 4451 vocem
1287 4395 1530 4468 ἀκριϐῶς
1553 4411 1621 4451 ex
1654 4396 1932 4453 veteribus
1965 4425 2008 4479 υ

351 4465 535 4524 libris
551 4465 884 4522 addidimus.

433 4537 543 4610 (45)
583 4536 677 4610 Sic
715 4547 929 4592 veteres
969 4537 1116 4610 libri.
1141 4534 1390 4610 _U_traque
1423 4534 1590 4610 editio
1622 4535 1802 4610 ἐξέχεε
1841 4553 1930 4610 το-

351 4606 548 4694 σοῦτον
584 4608 840 4696 διάφορον
864 4610 958 4696 καὶ.
983 4609 1084 4660 ὑπε
1095 4606 1425 4696 ρᾷάλλουσαν
1456 4608 1555 4674 τήν
1580 4622 1638 4658 τε
1683 4607 1934 4696 πρὸςιάλς

347 4679 554 4789 Agim;
588 4679 685 4731 καὶ
715 4676 814 4745 τὴν
850 4678 1018 4789 πιρός·
1066 4676 1155 4730 ubi
1200 4677 1500 4731 notandum
1539 4691 1775 4744 quoque,
1831 4676 1930 4746 legi

349 4771 384 4789 η
424 4769 494 4789 nn
520 4750 575 4789 in
608 4751 852 4789 mar-oin»
922 4749 1025 4789 ρσὶί
1056 4748 1216 4789 tertii,
1255 4763 1409 4789 nrner
1434 4761 1593 4789 nuam
1623 4747 1930 4789 animuian

313 4779 318 4784 -
349 4747 498 4820 αἷμα
519 4750 575 4803 in
607 4751 853 4818 margine
873 4747 1027 4819 Regii
1056 4748 1222 4814 tertii,
1254 4763 1409 4817 super
1434 4761 1593 4816 quam
1623 4747 1931 4816 sanguinem

373 4823 516 4874 'udit.

348 4824 542 4961 ’"ii'ii
588 4887 776 4961 Codex
821 4885 1063 4961 ϐροτοὶ)εὲ
1116 4895 1170 4961 ει
1225 4883 1358 4961 Res-
1407 4887 1618 4961 primus
1672 4889 1728 4940 ὲν
1781 4885 1934 4961 ita???

350 4955 561 5016 σκότει.
603 4958 809 5013 Ibidem
831 4958 998 5011 editio
1027 4956 1200 5010 Paris.
1229 4964 1281 5010 et
1307 4955 1457 5026 Regii
1491 4959 1601 5010 duo
1630 4973 1760 5011 mss.
1793 4955 1934 5024 διῆλ-

349 5032 465 5094 θον,
508 5030 636 5084 καί·
673 5036 728 5084 et
775 5027 848 5080 ita
876 5042 1092 5096 quoque
1123 5026 1317 5096 legitur
1354 5027 1405 5078 in
1439 5035 1696 5080 contextu
1732 5027 1930 5080 editio-

350 5103 437 5156 nis
469 5099 715 5154 Venette.
754 5098 819 5150 At
843 5096 973 5165 Reg.
1011 5097 1208 5150 tertius
1238 5104 1291 5150 ct
1316 5097 1486 5151 editio
1533 5096 1664 5152 Ven.
1700 5097 1752 5149 in
1787 5110 1931 5150 mar-

348 5175 475 5242 gine
500 5171 713 5242 διῆγον,
747 5169 972 5242 optime.

422 5242 535 5310 (45)
570 5231 753 5292 Εάὶιὶο
783 5231 962 5310 Daris.
1002 5245 1057 5310 et
1094 5233 1227 5310 Reg.
1267 5235 1554 5310 tertius_et
1592 5233 1757 5310 _e_ditio
1791 5231 1926 5310 Ven.

348 5312 406 5366 in
431 5302 696 5380 "margine
723 5307 816 5380 καὶ
845 5302 1438 5380 πάλινάττωςῖουμένου.
1473 5302 1629 5373 Regii
1662 5305 1932 5380 verepri-

349 5399 474 5435 mus
495 5390 549 5434 et
571 5373 868 5433 'seeundus
891 5386 944 5428 et
965 5377 1133 5429 editio
1165 5373 1300 5428 Ven.
1326 5375 1379 5427 in
1405 5383 1661 5428 contextu
1696 5374 1727 5443 ἢ
1756 5373 1930 5436 ἄλλως

348 5449 766 5519 ἀπωθουμένου.
790 5445 999 5519 Quibus
1024 5447 1081 5519 in
1097 5445 1350 5500 omnibus
1373 5444 1564 5519 vitium
1590 5445 1769 5519 inesse
1798 5454 1928 5511 puto

348 5514 616 5590 quidem":
659 5516 930 5590 sed_quod
964 5515 1069 5590 tale
1097 5526 1198 5579 est,
1226 5523 1284 5590 ut
1327 5514 1604 5568 emendari
1653 5514 1802 5566 nullo
1831 5529 1928 5567 ne-

347 5584 500 5660 gotio
521 5589 718 5660 possit.
744 5585 890 5640 Satis
915 5585 1059 5660 enim
1089 5593 1195 5660 est,
1228 5584 1592 5660 si__utrainque
1621 5599 1808 5660 vocem
1838 5599 1925 5660 re-

347 5652 644 5715 t'ineamus.
703 5657 807 5711 hoc
837 5655 1019 5718 modo,
1057 5655 1216 5708 πάλιν
1255 5652 1449 5718 ἄλλως.
1493 5652 1604 5712 Nec
1647 5653 1722 5710 ita
1751 5655 1926 5710 multo

348 5738 475 5798 post
503 5731 614 5786 duo
651 5741 790 5792 mss.
819 5727 1019 5792 αἰτίαν,
1053 5725 1128 5790 ὡς
1156 5720 1328 5779 εἷπον.

2045 3460 2413 3520 praetereaque
2460 3464 2582 3503 cum
2641 3449 2948 3505 dubitarem
3017 3469 3138 3524 qua:
3185 3463 3239 3510 et
3287 3455 3430 3512 unde
3473 3469 3619 3516 esset

2045 3541 2178 3594 tanti
2219 3541 2343 3594 mali
2399 3556 2614 3607 causa;
2664 3542 2899 3612 primum
2941 3546 3164 3616 quidem
3213 3547 3324 3618 (46)
3367 3549 3521 3618 quasi
3561 3550 3618 3605 in

2045 3631 2331 3702 profundis
2376 3633 2618 3689 tenebris
2657 3633 2942 3705 degebant,
2993 3644 3048 3691 et
3089 3646 3354 3706 tanquam
3405 3641 3461 3694 in
3505 3649 3618 3696 sta-

2044 3731 2162 3777 tera
2210 3725 2565 3786 constitutus,
2615 3725 2775 3780 modo
2818 3725 2946 3789 huc,
3002 3726 3164 3782 modo
3203 3728 3334 3784 illuc
3383 3744 3617 3801 propen-

2045 3814 2261 3880 debam,
2309 3816 2455 3885 quod
2507 3816 2646 3871 alius
2677 3817 2783 3871 alio
2830 3829 2923 3872 aut
2975 3816 3043 3872 ad
3093 3819 3334 3888 seipsum
3389 3835 3474 3875 me
3505 3829 3618 3874 tra-

2044 3905 2244 3972 heret,
2303 3907 2375 3962 ob
2431 3906 2700 3961 diutinam
2771 3907 3052 3963 hominum
3114 3907 3614 3973 consuetudinem,

2043 4005 2138 4051 aut
2173 4014 2367 4053 rursus
2393 3999 2500 4054 alio
2533 3999 2878 4069 propelleret,
2911 4001 2981 4054 ob
3015 4015 3134 4056 eam
3171 4015 3337 4072 quam
3379 3999 3436 4056 in
3481 4001 3617 4055 divi-

2044 4090 2132 4145 nis
2173 4087 2472 4162 Scripturis
2518 4091 2863 4162 agnovisscm
2910 4090 3218 4150 veritatem.
3254 4092 3393 4150 Cum
3431 4103 3615 4151 autem

2110 4395 2222 4468 (46)
2260 4395 2456 4468 Narrat
2485 4396 2719 4468 Basilius
2745 4396 2861 4468 sibi
2905 4397 3263 4467 gravissimas
3312 4398 3615 4454 dissensio-

2037 4465 2550 4547 nesconsideranti,
2579 4483 2701 4547 qua:
2744 4465 3040 4547 Ecclesiam
3079 4469 3372 4547 anno-557
3406 4469 3613 4547 permi-

2035 4536 2281 4608 scebant,
2312 4552 2414 4590 usu
2460 4536 2727 4608 evenisse,
2775 4547 2830 4588 ut
2861 4540 3088 4605 primum
3127 4537 3339 4608 quidem
3370 4536 3524 4608 quasi
3557 4539 3614 4591 in

2030 4605 2311 4674 profundis
2345 4606 2569 4660 tenebris
2599 4615 2914 4666 versaretur,
2945 4618 2995 4660 et
3025 4605 3276 4673 tanquam
3325 4605 3390 4660 in
3409 4618 3614 4661 statera

2032 4679 2373 4740 constitutus,
2406 4677 2560 4728 modo
2599 4677 2719 4739 huc,
2757 4677 2909 4730 modo
2938 4679 3066 4730 illuc
3093 4676 3456 4746 propenderet,
3490 4693 3613 4730 cum

2031 4763 2150 4801 eum
2190 4747 2327 4799 alius
2385 4746 2490 4799 alio
2523 4746 2674 4798 modo
2719 4757 2810 4799 aut
2857 4747 2926 4799 ad
2965 4749 3194 4815 seipsum
3251 4747 3499 4807 traheret,
3547 4746 3612 4799 ob

2032 4818 2298 4869 diutinam
2329 4816 2599 4870 hominum
2631 4817 3080 4879 consuetudinem,
3115 4827 3205 4868 aut
3231 4832 3416 4868 rursus
3456 4815 3520 4868 ab
3550 4832 3611 4869 eo

2033 4887 2368 4956 repelleretur
2399 4886 2460 4938 ob
2495 4889 2757 4955 cognitam
2793 4888 2845 4938 in
2874 4887 3062 4938 divinis
3099 4886 3383 4953 Scripturis
3423 4884 3614 4939 cerita-

2035 4955 2157 5012 tem.
2199 4955 2324 5009 Haec
2365 4956 2554 5010 Basilii
2602 4956 2869 5010 dubitatio
2914 4958 2967 5008 in
3019 4971 3138 5008 eam
3173 4962 3379 5024 partem
3432 4955 3611 5024 accipi

2033 5042 2142 5080 non
2177 5027 2358 5086 debet,
2393 5027 2548 5093 quasi
2589 5027 2829 5078 incertus
2869 5025 3106 5089 haeserit,
3143 5026 3249 5078 utri
3295 5027 3606 5089 sententiae,

2033 5097 2174 5150 utris
2210 5096 2456 5164 partibus
2491 5113 2549 5148 se
2579 5096 2878 5149 addiceret.
2925 5094 3063 5146 Nihil
3093 5094 3360 5162 ejusmodi
3399 5094 3448 5164 ei
3477 5110 3609 5148 con-

2033 5163 2224 5235 tigisse
2262 5167 2627 5236 perspicimus
2647 5181 2711 5236 ex
2740 5165 2984 5234 epistolis
3020 5163 3125 5236 204
3157 5172 3210 5218 et
3236 5164 3363 5218 225.
3400 5163 3530 5236 Erat
3557 5165 3606 5218 ei

2032 5234 2141 5288 nun
2178 5236 2245 5289 de
2263 5234 2566 5289 sententiis
2587 5234 2936 5300 deliberatio,
2969 5234 3064 5288 sed
3093 5234 3160 5289 de
3189 5249 3354 5289 causa
3383 5235 3604 5289 dissen-

2033 5306 2270 5369 sionum,
2296 5321 2457 5373 quam
2484 5307 2611 5357 dum
2638 5305 2886 5372 inquirit,
2918 5305 3190 5358 interdum
3215 5319 3278 5356 eo
3301 5303 3602 5363 ferebatur.

2032 5382 2091 5428 ut
2127 5377 2386 5428 nonnulla
2427 5376 2480 5427 in
2507 5374 2835 5442 quibusdam
2871 5375 3184 5428 hominibus
3214 5374 3468 5444 probaret
3509 5382 3605 5426 aut

2030 5453 2319 5499 excusaret
2351 5445 2420 5498 ob
2447 5444 2899 5498 eons‘uctudinem
2922 5463 2936 5510 ;
2962 5461 3153 5499 rursus
3184 5453 3361 5498 autem
3392 5459 3457 5497 ea
3495 5444 3603 5496 int--

2031 5516 2295 5584 probabat
2328 5515 2396 5566 ob
2430 5513 2712 5566 veritatem
2746 5515 3128 5570 consuetudini
3160 5515 3390 5584 minime
3423 5514 3599 5566 obno-

2030 5583 2196 5638 itiam.
2249 5584 2338 5637 Sic
2374 5584 2514 5636 alius
2544 5585 2700 5636 aliter
2737 5600 2861 5636 eum
2905 5594 2998 5640 aut
3035 5586 3104 5640 ad
3137 5601 3195 5641 se
3223 5583 3474 5640 trahebat
3506 5591 3601 5639 aut

2031 5655 2099 5710 ab
2128 5670 2192 5710 eo
2221 5653 2606 5726 repellebatur.
2644 5652 2856 5709 MABAN.
