3982 6240
347 354 454 410 655

1644 347 1701 405 S.
1746 346 1989 404 BASlLll
2023 346 2236 403 MAGNI

3493 344 3598 401 656

347 470 405 524 in
453 481 518 521 eo
551 472 695 520 statu
739 464 835 520 diu
877 462 1327 536 permansissem,
1356 471 1410 518 et
1441 477 1559 518 eam
1601 477 1767 533 quam
1806 461 1919 515 dixi

2030 460 2500 534 πολυπραγμονῶν
2521 501 2536 525 ,
2567 459 2647 523 είς
2682 459 2902 531 μνήμην
2935 451 3097 531 ἦλθον
3139 455 3235 526 τῆς
3281 453 3464 525 βίϐλου
3491 454 3598 507 τῶν

345 573 568 614 causam
615 557 905 626 diligenter
949 565 1347 627 perscrutarer,
1401 555 1538 610 mihi
1585 555 1641 608 in
1681 560 1918 609 mentem

347 648 497 700 venit
562 647 686 700 libri
745 644 1024 710 Judicum,
1076 645 1170 715 qui
1226 652 1414 698 narrat
1472 656 1921 712 unumquemque

346 736 545 790 fecisse
588 735 735 805 quod
782 735 839 789 in
884 735 1062 790 oculis
1121 735 1238 789 suis
1289 741 1501 789 rectum
1555 739 1706 794 erat,
1755 739 1921 802 atque

344 827 508 881 etiam
539 841 762 881 causam
808 825 928 896 ejus
969 825 1050 880 rei
1103 827 1366 891 declarat,
1407 826 1495 879 bis
1531 825 1712 892 verbis
1735 824 1778 855 ¹⁶
1811 841 1825 876 :
1854 821 1921 874 In

343 917 525 972 diebus
561 918 672 972 illis
725 934 828 972 non
865 925 978 972 erat
1025 932 1117 970 rea:
1159 918 1214 970 in
1260 915 1452 971 Israel.
1502 915 1705 970 Horum
1756 913 1922 984 igitur

345 1024 468 1062 cum
504 1009 633 1062 mihi
656 1008 710 1062 in
737 1015 972 1064 mentem
1000 1009 1261 1072 venisset,
1291 1006 1424 1061 illud
1445 1020 1662 1077 quoque
1689 1005 1757 1059 de
1785 1019 1923 1074 prae-

349 1100 492 1154 senti
540 1115 726 1154 rerum
777 1106 919 1154 statu
967 1099 1271 1170 excogitavi
1324 1114 1339 1153 :
1386 1097 1530 1168 quod
1585 1097 1724 1152 forte
1771 1095 1922 1150 dictu

345 1191 565 1262 quidem
617 1191 953 1246 horrendum
982 1197 1068 1245 est
1111 1198 1166 1244 et
1203 1189 1475 1257 mirabile,
1510 1188 1602 1244 sed
1635 1196 1839 1252 tamen,
1876 1188 1921 1241 si

347 1282 710 1352 intelligatur,
765 1282 1111 1337 verissimum
1154 1290 1260 1336 est.
1295 1279 1436 1334 Num
1484 1279 1738 1334 videlicet
1782 1279 1924 1333 inter

347 1372 608 1427 Ecclesiae
657 1373 910 1426 alumnos
967 1378 1118 1424 tanta
1168 1371 1283 1425 haec
1321 1370 1599 1426 discordia
1631 1385 1695 1424 ac
1740 1384 1923 1440 pugna

349 1464 621 1536 hodieque
640 1465 916 1520 exoriatur
939 1465 1009 1519 ob
1029 1464 1195 1520 unius
1216 1464 1397 1535 magni
1423 1463 1644 1534 verique
1667 1471 1720 1518 et
1751 1463 1924 1519 solius

350 1557 735 1610 universorum
767 1555 914 1626 regis
946 1569 1010 1610 ac
1042 1553 1138 1612 Dei
1171 1562 1567 1625 contemptum,
1606 1570 1731 1609 cum
1773 1555 1925 1625 quis-

347 1665 454 1720 que
484 1649 701 1704 deserat
744 1647 959 1702 Domini
989 1647 1163 1702 nostri
1199 1645 1331 1702 Jesu
1357 1646 1562 1701 Christi
1594 1646 1921 1709 doctrinam,

347 1754 401 1797 et
437 1740 705 1812 quasdam
743 1739 1198 1796 ratiocinationes
1247 1754 1311 1794 ac
1357 1739 1574 1810 regulas
1615 1739 1925 1810 peculiares

2023 555 2271 626 Κριτῶν,
2313 552 2629 624 ίστορούσης
2670 551 2802 622 μὲν,
2836 553 2917 605 ὃτι
2955 551 3186 613 ἐκαστος
3232 549 3292 602 τὸ
3342 547 3494 612 εὐθές
3541 549 3599 602 ἐν

2021 645 2319 716 ὀφθαλμοῖς
2350 645 2515 698 αὐτοῦ
2541 643 2744 707 ἐποίει,
2777 643 3040 714 δηλούσης
3067 642 3123 694 δὲ
3169 641 3264 694 καὶ
3294 640 3392 710 τὴν
3427 639 3600 693 αἰτίαν

2023 740 2080 790 ἐν
2116 737 2195 808 τῷ
2242 739 2416 790 εἰπεῖν
2445 735 2556 806 (47)
2601 736 2716 799 ὅτι,
2766 735 2860 786 Ἐν
2899 733 3028 799 ταῖς
3066 734 3312 802 ἡμέραις
3342 731 3600 796 ἐκείναις

2023 833 2133 884 οὐκ
2171 825 2250 899 ἦν
2274 826 2575 892 βασιλεὺς
2610 827 2681 879 ἑν
2725 825 2993 892 Ἰσραήλ.
3033 823 3249 877 Τούτων
3279 822 3459 875 τοίνυν
3484 823 3600 874 ἐπι-

2029 918 2305 990 μνησθεὶς,
2337 918 2669 988 ἐλογισάμην
2698 917 2790 969 καὶ
2817 917 2945 988 περὶ
2969 915 3076 970 τῶν
3100 914 3382 985 παρόντων
3404 915 3598 976 ἐκεῖνο,
3698 968 3715 984 κ

2023 1013 2159 1083 ὅπερ
2198 1014 2372 1066 είπεῖν
2403 1013 2502 1082 μὲν
2535 1011 2765 1082 φοϐερὸν
2795 1010 2926 1074 ἴσως
2959 1009 3054 1062 καὶ
3081 1005 3402 1078 παράδοξον,
3437 1023 3601 1060 κατα-

2025 1105 2213 1176 νοῆσαι
2259 1104 2314 1157 δὲ
2350 1103 2752 1173 ἀληθέστατον·
2802 1102 2882 1156 ὅτι
2927 1102 3138 1172 μήποτε
3180 1099 3273 1152 καὶ
3317 1096 3412 1150 νῦν
3451 1096 3600 1169 παρὰ

2023 1197 2123 1268 τὴν
2154 1195 2248 1249 τοῦ
2294 1196 2413 1259 ἐνὸς
2457 1196 2551 1249 καὶ
2587 1194 2825 1265 μεγάλου
2859 1193 2953 1246 τοῦ
3005 1189 3260 1261 ἀληθινοῦ
3302 1190 3397 1244 καὶ
3439 1188 3603 1261 μόνου

2025 1288 2132 1342 τῶν
2177 1288 2314 1342 ὅλων
2365 1287 2628 1358 βασιλέως
2683 1288 2777 1341 καὶ
2821 1285 2958 1339 Θεοῦ
2988 1285 3243 1354 ἀθέτησιν
3283 1286 3317 1354 ἡ
3365 1281 3601 1354 τοσαύτη

2023 1381 2290 1449 διαφωνία
2338 1380 2432 1434 καὶ
2475 1380 2621 1450 μάχη
2665 1379 2772 1434 τῶν
2813 1381 2872 1432 ἐν
2911 1381 2975 1448 τῇ
3029 1376 3327 1447 Ἐκκλησία
3371 1376 3602 1444 γίνεται,

2025 1473 2254 1528 ἑκάστου
2287 1473 2386 1544 τῆς
2424 1473 2520 1543 μὲν
2559 1471 2652 1525 τοῦ
2679 1469 2884 1544 Κυρίου
2940 1471 3097 1541 ἡμῶν
3139 1468 3313 1540 Ἰησοῦ
3363 1466 3601 1540 Χριστοῦ

2023 1563 2369 1626 διδασκαλίας
2412 1562 2819 1634 ἀφισταμένου,
2873 1559 3165 1631 λογισμοὺς
3210 1559 3267 1611 δέ
3313 1575 3462 1620 τινας
3508 1557 3605 1612 καὶ

2025 1657 2183 1726 ὅρους
2224 1655 2386 1717 ίδίους
2427 1654 2767 1717 ἐκδικοῦντος
2811 1651 2871 1717 ἐξ
2913 1649 3227 1712 αὐθεντίας,
3263 1649 3357 1701 κα)⁵
3403 1648 3604 1720 μᾶλλον

2025 1749 2212 1820 ἄρχειν
2259 1747 2355 1801 ἀπ’
2401 1747 2647 1808 ἐναντίας
2697 1744 2790 1799 τοῦ
2836 1743 3038 1815 Κυρίου
3065 1782 3079 1806 ,
3121 1743 3154 1811 ἢ
3200 1739 3462 1813 ἄρχεσθαι
3499 1739 3604 1793 ὐπὸ

349 1840 544 1902 suapte
599 1833 930 1887 auctoritate
973 1831 1079 1887 sibi
1125 1839 1374 1902 arroget,
1424 1831 1688 1902 malitque
1730 1829 1920 1885 adver-

2030 1817 2352 1911 rodeplov
2388 1839 2734 1910 βουλομένου.
2778 1835 2948 1890 Τοῦτο
2989 1833 3180 1906 δὴ(48)
3223 1833 3602 1904 λογισάμενος,

349 1941 444 1981 sus
479 1923 770 1980 Dominum
811 1925 1082 1994 imperare
1114 1938 1278 1993 quam
1317 1937 1347 1975 a
1379 1920 1608 1978 Domino
1641 1923 1778 1994 regi.
1808 1921 1923 1976 Hoc

349 2017 514 2086 igitur
546 2029 671 2068 cum
699 2029 913 2069 mecum
954 2021 1321 2084 reputassem,
1355 2027 1594 2084 cumque
1623 2013 1691 2069 de
1725 2015 1922 2084 impie-

347 2107 478 2162 tatis
513 2106 889 2176 magnitudine
939 2106 1224 2170 attonitus,
1272 2105 1502 2161 ulterius
1557 2106 1924 2176 pervestigas-

348 2215 487 2263 sem,
520 2199 884 2254 nihilominus
924 2198 1058 2252 mihi
1099 2199 1348 2268 persuasi
1381 2198 1466 2253 vel
1503 2213 1572 2252 ex
1603 2197 1671 2254 iis
1711 2214 1833 2268 quae
1870 2199 1924 2252 in

346 2291 458 2343 vita
484 2289 621 2343 ﬁunt
653 2290 838 2354 rebus,
870 2304 1010 2354 eam,
1038 2304 1200 2359 quam
1226 2289 1481 2360 superius
1511 2287 1646 2352 dixi,
1676 2301 1923 2350 causam,

350 2391 534 2435 veram
572 2395 695 2434 esse
736 2387 791 2434 et
840 2395 1178 2450 germanam.
1234 2379 1494 2434 Videbam
1527 2381 1671 2434 enim
1707 2394 1925 2436 omnem

347 2473 675 2545 populorum
707 2470 1053 2542 disciplinam
1085 2480 1248 2543 atque
1283 2472 1704 2528 consensionem
1732 2471 1922 2525 tandiu

351 2579 725 2636 perseverare,
761 2563 892 2618 dum
932 2579 1126 2619 omnes
1158 2563 1394 2634 principi
1434 2563 1528 2618 uni
1561 2564 1616 2618 in
1647 2565 1924 2619 communi

353 2657 737 2728 obtemperant
774 2673 786 2708 :
823 2670 1040 2710 onmem
1079 2670 1209 2710 vero
1244 2653 1579 2710 discordiam
1608 2670 1672 2710 ac
1703 2655 1927 2710 seditio-

348 2763 496 2814 nem,
541 2746 1121 2816 itemquemiultorum
1159 2745 1524 2815 principatum
1557 2761 1622 2800 ex
1660 2744 1817 2800 ducis
1865 2760 1928 2799 ac

352 2837 621 2906 principis
667 2835 884 2890 defectu
914 2834 1214 2906 proficisci.
1249 2831 1375 2890 Vidi
1406 2846 1586 2890 autem
1633 2835 1928 2906 aliquando

350 2943 452 2998 ego
483 2926 600 2998 ipse
628 2941 788 2996 apum
828 2935 1062 2982 turmam
1103 2925 1221 2997 lege
1253 2926 1486 2996 quadam
1527 2927 1764 2981 naturali
1796 2943 1922 2994 con,

349 3020 592 3084 ductam,
636 3035 905 3090 suumque
964 3035 1145 3091 regem
1193 3027 1413 3076 servato
1457 3021 1651 3076 ordine
1693 3037 1928 3092 sequen-

349 3119 478 3164 tem.
531 3110 596 3162 Et
642 3109 812 3162 multa
861 3109 1082 3179 quidem
1122 3109 1251 3162 talia
1275 3124 1376 3178 ego
1410 3111 1692 3180 conspexi,
1727 3112 1926 3164 multa-

347 3218 455 3272 que
487 3201 668 3256 audivi
714 3219 728 3256 :
781 3217 967 3257 verum
1005 3203 1161 3272 plura
1194 3215 1467 3257 noverunt
1508 3203 1670 3272 215
1715 3205 1808 3274 qui
1838 3205 1925 3259 his

348 3293 742 3364 investigandis
775 3307 997 3364 operam
1025 3301 1320 3358 navarunt,
1359 3294 1439 3348 sic
1470 3302 1529 3348 ut
1553 3311 1625 3372 eg
1643 3295 1730 3351 his
1759 3298 1925 3370 qiam

346 3401 536 3454 verum
569 3401 691 3440 esse
721 3385 1041 3441 ostendatur
1085 3386 1229 3456 quod
1259 3386 1518 3442 dicimus.
1553 3384 1612 3441 Si
1647 3387 1792 3443 enim
1836 3405 1929 3443 eo-

347 3493 471 3532 rum
503 3479 598 3549 qui
647 3478 714 3532 ad
749 3493 916 3532 unum
962 3488 1156 3532 nutum
1197 3479 1521 3550 respiciunt,
1560 3487 1614 3534 et
1665 3496 1789 3550 rege
1818 3496 1929 3535 uno

350 3579 597 3635 utuntur,
654 3570 911 3642 proprius
955 3577 1038 3626 est
1069 3571 1205 3626 ordo
1255 3578 1442 3627 rectus
1495 3578 1658 3642 atque
1692 3587 1930 3628 consen-

349 3679 445 3718 sus
494 3682 506 3716 :
558 3663 675 3718 sine
712 3663 881 3717 dubio
926 3662 1200 3718 dissensio
1227 3663 1407 3718 omnis
1438 3669 1492 3718 et
1518 3664 1718 3718 seditio
1760 3679 1922 3736 argu-

349 3767 532 3811 mento
559 3763 664 3817 est,
692 3770 801 3810 non
819 3769 943 3809 esse
973 3755 1068 3824 qui
1093 3755 1341 3825 imperet.
1373 3756 1563 3825 Itaque
1602 3757 1702 3809 hac
1731 3756 1920 3812 eadem

348 3846 578 3910 ratione,
621 3843 891 3914 ejusmodi
943 3844 1220 3902 dissensio
1269 3853 1458 3899 mutua
1503 3859 1624 3915 quae
1656 3847 1710 3899 in
1760 3847 1921 3902 nobis

346 3938 627 4008 reperitur
648 3947 758 3992 tam
783 3939 1048 3994 adversus
1075 3937 1289 3992 Domini
1313 3947 1602 4009 praecepta,
1633 3953 1795 4008 quam
1831 3939 1928 3992 ad-

345 4045 541 4087 versus
581 4031 972 4101 nosmetipsos,
1008 4029 1216 4084 indicio
1254 4035 1349 4095 sit,
1381 4046 1483 4085 nos
1514 4039 1609 4084 aut
1643 4045 1772 4085 vero
1802 4047 1926 4102 rege

347 4121 641 4177 secessisse
668 4121 822 4190 juxta
849 4119 982 4174 illud
1018 4137 1030 4173 :
1071 4119 1301 4174 Tantum
1335 4122 1426 4190 qui
1469 4130 1602 4175 tenet
1643 4137 1800 4185 nunc,
1851 4131 1926 4175 te-

346 4221 490 4279 neat,
527 4212 691 4267 donec
731 4213 1018 4267 abcesserit
1060 4212 1103 4242 ¹⁷
1141 4229 1156 4265 :
1191 4219 1287 4264 aut
1327 4225 1452 4265 eum
1490 4225 1691 4280 negare
1723 4225 1925 4264 secun-

2026 1931 2118 1982 καὶ
2153 1929 2288 2000 πρὸς
2326 1927 2388 1982 τὸ
2433 1926 2771 1999 ὑπερϐάλλον
2813 1925 2910 1996 τῆς
2949 1924 3204 1987 ἀσεϐείας
3247 1921 3600 1994 ἐπτοημένος,

2025 2024 2116 2076 ἐπὶ
2152 2021 2332 2076 πλεῖόν
2361 2037 2420 2093 τε
2467 2018 2708 2092 ἐρευνῶν
2730 2061 2744 2084 ,
2783 2017 3081 2087 ἐπειθόμην
3123 2014 3273 2069 οὐδὲν
3315 2010 3477 2086 ἦττον
3509 2013 3605 2066 καὶ

2026 2116 2090 2166 ἐκ
2114 2113 2222 2166 τῶν
2254 2115 2311 2165 ἐν
2342 2111 2420 2181 τῷ
2451 2110 2550 2182 βίῳ
2576 2110 2915 2182 πραγμάτων
2942 2107 3114 2179 ἀληθῆ
3139 2101 3400 2177 εἶναιτὴν
3419 2121 3606 2176 προει-

2029 2204 2270 2277 ρημένην
2314 2204 2515 2258 αἰτίαν.
2583 2201 2798 2274 Ἐὡρων
2843 2202 2951 2273 γὰρ
2998 2202 3176 2253 πᾶσαν
3225 2199 3324 2270 μὲν
3370 2198 3606 2271 πλήθους

2024 2297 2272 2363 εὐταξίαν
2299 2314 2357 2349 τε
2380 2297 2474 2350 καὶ
2501 2295 2821 2366 συμφωνίαν
2847 2296 2975 2365 άχρι
2998 2293 3117 2346 τότε
3139 2291 3603 2363 κατορθουμένην,

2026 2391 2183 2460 ἄχρις
2219 2388 2284 2443 ἂν
2306 2391 2339 2458 ἡ
2371 2389 2506 2460 πρὸς
2537 2387 2632 2439 ἐνα
2663 2386 2788 2440 τινὰ
2814 2385 2904 2439 τὸν
2931 2386 3164 2456 ἄρχοντα
3190 2383 3422 2446 σώζεται
3452 2383 3604 2453 κοινὴ

2026 2480 2133 2534 τῶν
2169 2478 2471 2548 summa)
2521 2477 2832 2530 εὐπείθεια·
2871 2478 3052 2530 πᾶσαν
3097 2475 3153 2528 δέ
3185 2474 3483 2544 διαφωνίαν
3513 2473 3606 2525 καὶ

2025 2571 2342 2634 διάστασιν,
2399 2569 2478 2622 ἔτι
2531 2587 2590 2622 τε
2643 2568 3011 2641 πολυαρχίαν,
3069 2565 3126 2632 ἐξ
3175 2565 3440 2636 ἀναρχίας
3493 2564 3607 2616 ὁδο-

2028 2661 2376 2730 ποιουμένην.
2426 2659 2567 2728 Ἐγὼ
2603 2660 2661 2712 δὲ
2699 2655 2840 2712 εἶδόν
2878 2675 3008 2711 ποτε
3047 2659 3139 2710 καὶ
3177 2655 3445 2727 μελισσῶν
3472 2654 3607 2724 τιὶῆ-

2029 2753 2120 2816 θος
2149 2753 2301 2824 νόμῳ
2342 2751 2554 2822 φύσεως
2597 2751 3104 2822 στρατηγούμενον,
3141 2750 3234 2803 καὶ
3273 2745 3604 2801 κατακολου·

2029 2844 2154 2898 θοῦν
2185 2844 2462 2907 εὐτάκτως
2491 2843 2570 2914 τῷ
2613 2843 2726 2914 ἰδίῳ
2754 2842 2982 2913 βασιλεῖ.
3029 2843 3137 2896 Καὶ
3157 2840 3325 2894 πολλὰ
3367 2840 3466 2910 μὲν
3498 2836 3608 2908 ἐγὼ

2028 2935 2252 2989 τοιαῦτα
2279 2931 2440 2999 εἶδον,
2469 2934 2639 2988 πολλὰ
2661 2934 2717 2986 δὲ
2743 2935 2950 3004 ἤκουσα
2971 2951 2983 2962 ⁸
3014 2932 3160 2987 ἴσασι
3184 2932 3242 2985 δὲ
3267 2931 3360 2984 καὶ
3386 2929 3608 2984 πλείονα

2028 3027 2076 3080 οί
2107 3027 2235 3096 περὶ
2263 3025 2436 3079 ταῦτα
2467 3024 2828 3096 ἡσχολημένοι
2849 3063 2862 3087 ,
2899 3023 2975 3086 ὡς
3012 3022 3107 3075 καὶ
3135 3023 3199 3074 ἐκ
3233 3019 3435 3073 τούτων
3470 3017 3606 3087 ἀλη-

2031 3118 2120 3182 θὲς
2152 3116 2463 3171 δείκνυσθαι
2501 3115 2562 3168 τὸ
2602 3114 2913 3185 λεγόμενον.
2970 3114 3031 3165 Εί
3077 3111 3186 3182 γὰρ
3217 3111 3326 3164 τῶν
3373 3109 3510 3180 πρὸς
3549 3108 3608 3160 ἓν

2028 3211 2204 3281 νεῦμα
2228 3210 2662 3269 ἀποϐλεπόντων,
2691 3210 2784 3264 καὶ
2806 3208 3012 3280 βασιλεῖ
3028 3206 3324 3279 χρωμένων
3343 3204 3445 3270 ἐνὶ,
3474 3202 3609 3254 ἴδιον

2028 3301 2250 3367 εὐταξία
2303 3301 2442 3373 μετά
2479 3301 2828 3370 συμφωνίας·
2879 3301 2988 3372 ἄρα
3027 3298 3296 3368 διαφωνία
3337 3297 3486 3350 πᾶσα
3515 3295 3610 3348 καὶ

2027 3395 2308 3457 διάστασις
2342 3396 2563 3464 σημεῖον
2598 3392 2884 3463 ἀναρχίας.
2915 3391 3076 3445 Κατά
3099 3389 3165 3461 δὴ
3191 3388 3304 3461 (50)
3333 3386 3424 3441 τὸν
3443 3386 3609 3441 αὐτὸν

2030 3488 2219 3557 λόγον,
2274 3488 2308 3557 ἡ
2345 3483 2569 3555 τοιαύτη
2616 3485 2750 3556 πρός
2791 3502 2849 3537 τε
2893 3483 2991 3548 τὰς
3019 3482 3238 3546 ἐντολάς
3268 3481 3360 3534 τοῦ
3401 3479 3612 3550 Κυρίου

2033 3577 2297 3650 καὶπρὸς
2343 3574 2606 3646 ἀλλήλους
2654 3574 2921 3645 διαφωνία
2963 3575 3059 3628 καὶ
3103 3575 3160 3628 ἐν
3197 3576 3329 3644 ἡμῖν
3362 3571 3615 3641 εὑρισκο-

2035 3670 2171 3740 μὲνη
2217 3668 2584 3740 κατηγόρημα
2618 3667 2684 3721 ἂν
2719 3669 2804 3738 εἴη
2847 3668 2880 3738 ἢ
2912 3665 3311 3738 ἀναχωρήσεως
3345 3660 3439 3714 τοῦ
3477 3659 3615 3730 ἀλη-

2033 3757 2179 3811 θινοῦ
2212 3757 2505 3828 βασιλέως,
2540 3756 2684 3811 κατά
2717 3757 2779 3810 τό
2800 3772 2813 3786 ⁶
2847 3758 3049 3812 Μόνον
3085 3757 3117 3807 ό
3151 3753 3419 3821 κατέχων
3455 3749 3610 3818 ἄρτι,

2031 3847 2141 3915 ἕως
2170 3845 2246 3902 ἂν
2279 3847 2346 3900 ἐκ
2371 3846 2481 3918 (51)
2515 3846 2710 3916 μέσου
2731 3847 2999 3916 γένηταιο
3039 3845 3073 3916 ἢ
3105 3845 3387 3916 ἀρνήσεως
3423 3838 3610 3903 αὐτοῦ,

2033 3939 2174 3993 κατά
2207 3939 2266 3992 τό
2287 3957 2299 3970 ο
2336 3938 2522 3994 Εἶπεν
2549 3940 2754 4009 ἄφρων
2786 3939 2855 3993 ἐν
2887 3937 2962 4009 τῇ
2992 3937 3208 4008 καρδίᾳ
3244 3935 3461 3991 αὐτοῦ*
3488 3935 3613 3986 Οὐκ

2031 4031 2164 4085 ἐστι
2202 4033 2371 4098 Θεός.
2415 4026 2489 4086 Οὐ
2527 4030 2780 4101 καθάπερ
2823 4031 3050 4102 σημεῖόν
3083 4047 3137 4083 τι
3166 4031 3199 4102 ἢ
3235 4029 3453 4098 ἔλεγχον
3486 4027 3613 4078 ἐπι-

2033 4120 2188 4192 φέρει
2245 4122 2306 4174 τό
2333 4137 2348 4152 ο
2389 4119 2806 4190 Διεφθάρησαν
2832 4163 2847 4187 ,
2887 4119 2986 4174 καὶ
3035 4119 3489 4190 ἐϐδελύχθησαν
3539 4115 3613 4168 ἐν

2030 4213 2519 4284 ἐπιτηδεύμασιν.

347 4308 477 4363 dum
517 4307 648 4362 illud
699 4325 712 4361 :
744 4305 893 4360 Dixit
930 4305 1179 4370 insipiens
1225 4306 1277 4357 in
1315 4302 1471 4357 corde
1505 4317 1647 4357 suo:
1684 4301 1807 4357 Non
1836 4312 1915 4356 est
1946 4303 2086 4359 Deus
2121 4307 2183 4361 η.
2213 4306 2384 4376 Cujus
2425 4307 2502 4360 rei
2547 4304 2704 4376 quasi
2747 4305 3022 4375 quoddam
3091 4303 3308 4376 signum
3362 4318 3460 4357 seu
3520 4317 3614 4358 ar-

346 4407 661 4474 gumentum
705 4399 984 4470 subjungit
1007 4397 1142 4452 illud
1173 4415 1185 4449 :
1219 4397 1472 4466 Corrupti
1508 4407 1651 4464 sunt,
1690 4408 1740 4452 et
1785 4399 2163 4454 abominabiles
2199 4401 2329 4471 facti
2351 4411 2471 4455 sunt
2502 4403 2556 4455 in
2590 4400 2776 4456 studiis
2805 4403 2915 4456 suis
2947 4401 3012 4456 ¹⁹.
3095 4433 3100 4438 ι

414 4496 469 4551 5.
506 4494 608 4551 Hic
653 4495 824 4566 igitur
851 4493 1152 4564 nequitiam
1184 4509 1328 4558 eam,
1363 4508 1486 4563 quae
1530 4501 1778 4563 apparet,
1820 4493 1922 4546 im-

2097 4496 2151 4552 5.
2193 4496 2456 4550 Ἐνταῦθα
2491 4497 2590 4566 μὲν
2620 4491 2714 4550 οὖν
2743 4496 2932 4568 ὥσπερ
2956 4495 3281 4568 χαρακτῆρα
3304 4494 3404 4564 τῆς
3425 4493 3614 4549 τοιαύ-

348 4587 569 4658 pietatis
594 4589 738 4659 ejus,
763 4601 885 4658 quae
903 4587 1135 4640 latenter
1159 4585 1214 4638 in
1242 4586 1426 4639 animo
1452 4583 1745 4648 delitescit,
1765 4584 1926 4654 quasi

348 4678 564 4750 signum
592 4695 717 4736 esse
759 4679 1004 4735 ostendit
1034 4679 1336 4749 Scriptura.
1379 4675 1450 4730 At
1487 4677 1677 4732 beatus
1706 4684 1926 4746 aposto-

346 4771 432 4827 lus
453 4769 659 4828 Paulus
699 4772 865 4828 corde
913 4771 1158 4842 perditos
1192 4770 1261 4824 ad
1301 4769 1551 4824 timorem
1587 4767 1925 4837 judiciorum

346 4861 442 4916 Dei
474 4863 851 4919 vehementius
886 4864 1242 4926 reducturus,
1278 4862 1332 4915 id
1363 4876 1538 4932 paenae
1561 4862 1685 4917 loco
1709 4863 1921 4918 consti-

346 4954 468 5018 tuit,
497 4962 556 5008 ut
583 4955 676 5024 qui
707 4969 890 5009 veram
930 4952 1024 5009 Dei
1064 4952 1430 5023 cognitionem
1462 4951 1822 5022 neglexerint,
1851 4953 1927 5007 ita

419 5064 462 5094 “
500 5062 678 5118 .ludic.
716 5080 844 5121 xxI.
879 5065 970 5120 2.5.
1050 5065 1091 5096 ¹⁷
1133 5061 1177 5116 ιι
1213 5062 1407 5118 Thess.
1445 5077 1520 5127 ιι,
1558 5061 1610 5119 7.
1688 5063 1730 5094 ¹⁸
1768 5061 1915 5120 Psal.
1949 5080 2080 5131 xm,
2119 5064 2164 5118 ι.

415 5174 522 5244 (-t'l)
565 5175 657 5230 Sic
689 5177 859 5231 codex
893 5175 1145 5246 Combel‘.
1173 5183 1226 5246 et
1261 5173 1390 5246 Reg.
1423 5174 1656 5246 primus.
1686 5175 1754 5230 At
1779 5174 1915 5246 Reg.

343 5247 622 5328 tertiusct
660 5255 893 5326 utraque
933 5246 1102 5328 editio
1124 5245 1398 5328 5733.069;
1435 5244 1498 5328 85‘.
1533 5245 1650 5316 ἅμα
1680 5247 1784 5328 ’καὶ
1814 5244 1916 5328 την

340 5315 519 5387 αἰτίαν
548 5317 605 5367 ἐν
631 5315 709 5387 τῷ
739 5313 1041 5387 προειπεῖν,
1080 5313 1235 5386 atque
1259 5313 1420 5370 etiam
1465 5313 1586 5368 haec
1605 5313 1915 5370 vaticinatio

339 5385 500 5439 simul
529 5386 764 5440 declarat
787 5385 904 5455 ejus
928 5387 1004 5439 rei
1024 5385 1263 5441 causam.

437 5455 523 5525 48)
555 5455 687 5525 Reg.
713 5457 924 5525 primus
954 5455 1111 5509 τοῦτο
1139 5456 1217 5508 δέ.

437 5527 519 5598 49)
549 5525 703 5598 Regii
734 5528 945 5598 primus
969 5535 1024 5579 et
1058 5528 1256 5598 tertius
1275 5525 1382 5598 τῷν
1413 5525 1654 5598 ὃλωνηοῑ
1687 5525 1759 5598 ita
1783 5542 1916 5598 quo-

337 5612 444 5667 que
465 5594 658 5666 legitur
693 5594 751 5650 iri
769 5597 1010 5667 margine
1026 5596 1283 5650 editionis
1310 5595 1548 5650 Venetae.
1577 5594 1731 5650 Haud
1757 5594 1914 5667 longe

337 5665 466 5734 Heg.
526 5665 704 5720 rimus
729 5666 995 5736 ἀναρχίας
1014 5667 1255 5718 είσποιου
1305 5667 1448 5734 ένην.

408 5682 529 5806 (50))
557 5735 692 5806 Reg.
731 5743 922 5790 tertius
952 5735 1094 5789 κατὰ
1113 5735 1193 5792 δέ.
1227 5683 1348 5790 alin
1375 5752 1448 5789 θυι

408 5735 500 5807 (50

2032 4607 2128 4658 της
2154 4589 2406 4651 ἀσεϐείας
2439 4587 2580 4642 κατά
2613 4588 2674 4642 τὸ
2703 4588 2926 4660 λεληθὸς
2951 4587 3377 4660 ἐμφωλευούσης
3404 4589 3469 4659 τῇ
3501 4587 3610 4658 ψυ-

2033 4682 2100 4752 χῇ
2130 4680 2226 4751 τὴν
2257 4680 2684 4755 ἐπιφαινομένην
2726 4682 2927 4736 κακίαν
2959 4684 2988 4735 ὁ
3011 4681 3170 4750 λόγος
3199 4681 3505 4746 ἀπέδειξεν.
3539 4682 3610 4735 Ὅ

2032 4787 2095 4838 γε
2143 4772 2250 4843 μὴν
2303 4772 2570 4844 μακάριος
2621 4773 2916 4838 ἀπόστολος
2967 4773 3205 4837 Παῦλος,
3251 4772 3612 4846 σφοδρότερον

2033 4863 2374 4934 ἐπιστρέφων
2411 4865 2491 4927 είς
2529 4863 2692 4934 φόϐον
2723 4864 2833 4917 τῶν
2865 4862 2959 4917 τοῦ
2991 4863 3126 4918 Θεοῦ
3167 4865 3452 4936 χριμάτων
3478 4866 3611 4926 τοὺς

2035 4953 2447 5020 ἀπολωλεκότας
2465 4956 2577 5028 (52)
2609 4957 2708 5027 τὴν
2734 4957 2980 5030 καρδίαν,
3008 4956 3164 5012 τοῦτο
3189 4959 3310 5012 ἀντὶ
3337 4957 3610 5029 τιμωρίας

2249 5066 2291 5099 ¹⁹
2331 5066 2465 5121 ibid.

2027 5177 2390 5304 ii’liirsaicat
2418 5180 2478 5233 ἐν
2517 5182 2668 5252 ἡμῖν.
2702 5182 2909 5238 Vocula
2937 5183 3032 5238 καί
3061 5182 3216 5239 deest
3263 5184 3316 5238 in
3364 5184 3610 5242 editione

2097 5319 2208 5389 (51)
2247 5319 2472 5394 Antiqui
2519 5321 2630 5394 duo
2662 5323 2787 5377 libri
2817 5323 2923 5386 ἕως
2966 5325 3049 5377 ἐκ.
3090 5322 3330 5394 Utraque
3357 5324 3525 5380 editio
3552 5335 3612 5380 et

2023 5403 2166 5443 unus
2193 5389 2365 5444 codex
2395 5391 2500 5454 ἕως
2522 5393 2606 5455 ἀν,
2639 5393 2802 5447 donec
2840 5395 3130 5448 secesserit.

2093 5457 2476 5533 (52)_Utraque
2499 5463 2670 5516 editio
2708 5471 2762 5519 et
2797 5462 2931 5533 Reg.
2965 5465 3161 5518 tertius
3185 5463 3313 5526 τοὺς
3362 5464 3436 5533 μὴ
3465 5464 3609 5517 ἀπο-

2016 5527 2340 5604 λωλεκότας,
2355 5527 2442 5604 eos
2463 5533 2550 5604 qui
2571 5549 2674 5604 non
2692 5545 2814 5588 sunt
2835 5527 2990 5587 co'rde
3007 5535 3220 5604 perditi.
3242 5527 3610 5588 Codex-Com-

2019 5597 2124 5673 bell
2157 5600 2293 5673 τοὺςΔ
2313 5597 2746 5673 ἀπολωλεκότας,
2779 5621 2866 5657 eos
2904 5597 3223 5673 qui'perditi
3260 5613 3381 5657 sunt
3414 5603 3608 5667 corde;

844 5669 1471 5749 pxlaqsisizotoppéqu.‘
1580 5735 1615 5749 Α
1717 5736 1730 5749 “
1789 5735 1810 5749 .
1894 5743 1906 5749 Δ
2014 5675 2068 5721 ct
2094 5669 2166 5722 ita
2194 5669 2296 5749 legi
2320 5672 2519 5749 debere
2543 5669 3198 5749 arbitramurfParticula
3219 5689 3428 5745 negans
3447 5675 3608 5730 deest

557 5735 692 5806 Reg.
731 5735 922 5790 tertius
952 5735 1094 5789 κατὰ
1113 5735 1193 5792 δέ.
1227 5735 1348 5790 Mox
1375 5736 1542 5790 codex
1576 5735 1824 5792 Combel.
1859 5743 1912 5792 et
2015 5754 2230 5808 quoque
2253 5735 2320 5795 in
2353 5741 2484 5813 Reg.
2501 5744 2716 5811 'primo.
