3982 6240
345 365 446 421 657

1714 356 1802 417 DE
1837 361 2105 420 JUDICIO
2143 363 2279 420 DEI.

3519 361 3628 428 658

342 483 584 555 ὁρίζεται
607 521 622 544 ,
656 480 1123 547 καταδικάζεσθαι
1157 482 1284 546 τοὺς
1315 483 1415 553 τῆς
1442 481 1675 553 ἀληθοῦς
1709 481 1942 550 θεογνω*

2056 485 2505 539 condemnentur.
2539 483 2678 552 Quid
2715 485 2860 540 enim
2909 483 3082 540 dicit?
3112 484 3180 538 Et
3223 489 3358 541 sicut
3388 505 3488 542 non
3517 504 3636 554 pro-

347 576 466 640 σίας
487 575 860 645 ἠμεληκότας.
891 575 957 626 Τί
985 574 1095 645 γάρ
1123 590 1293 647 φησι;
1323 576 1431 631 Kal
1460 573 1655 640 καθὼς
1675 577 1786 628 οὐκ
1809 573 1940 628 ἐδο-

345 669 614 735 κίμασαν
651 665 764 720 τὸν
801 666 953 721 Θεὸν
987 667 1153 736 ἔχειν
1184 667 1255 720 ἐν
1285 665 1606 738 ἐπιγνώσει
1625 705 1640 730 ,
1677 664 1940 735 παρέδω-

345 777 455 816 κεν
484 759 712 824 αὐτοὺς
743 762 777 812 ὁ
805 758 952 825 Θεὸς
985 760 1077 824 εις
1107 757 1396 828 ἀδόκιμον
1433 757 1587 812 νοῦν
1605 799 1620 822 ,
1649 757 1844 812 ποιεῖν
1869 752 1968 812 τὰ’

340 854 428 926 μὴ
469 851 844 918 καθήκοντα,
897 850 1408 920 πεπληρωμένους
1448 849 1652 916 πάσης
1683 850 1939 916 ἀδικίας,

345 946 661 1014 πονηρίας,
685 941 1067 1008 πλεονεξίας,
1097 942 1312 1007 κακίας
1338 981 1352 1006 ,
1391 942 1656 1011 μεστοὺς
1691 942 1938 1010 φθόνου,

346 1037 446 1092 καὶ
478 1036 590 1091 τῶν
617 1037 764 1107 ἑξῆς.
802 1036 914 1089 Καὶ
942 1035 1099 1088 τοῦτο
1122 1034 1436 1105 νενοηκέναι
1467 1029 1620 1105 οἶμαι
1656 1035 1747 1088 τὸν
1781 1035 1942 1088 Ἀπό-

348 1130 536 1184 στολον
572 1129 638 1183 τὸ
668 1131 846 1201 κρῖμα
866 1166 882 1191 ,
916 1127 1146 1199 οὐκ(55)
1179 1129 1272 1196 ἀφ’
1312 1126 1507 1180 ἑαυτοῦ
1544 1126 1800 1199 (Χριστὸν
1834 1127 1943 1199 γὰρ

345 1219 497 1294 εἶχεν
529 1223 588 1276 ὲν
618 1221 798 1292 ἐαυτῷ
823 1219 1144 1290 λαλοῦντα),
1171 1220 1286 1274 ἀλλ’
1319 1219 1378 1284 ἐξ
1400 1221 1614 1291 ἐκείνης
1645 1218 1810 1273 αὐτοῦ
1842 1220 1944 1290 τῆς

349 1317 540 1387 φωνῆς
571 1315 912 1386 ὁδηγηθέντα
932 1354 948 1378 ,
979 1316 1039 1368 ἐν
1133 1331 1268 1386 φησι
1299 1314 1386 1367 διὰ
1412 1312 1571 1366 τοῦτο
1600 1316 1658 1368 ἐν
1699 1313 1945 1386 παραϐο-

347 1410 472 1472 λαῖς
504 1409 690 1462 λαλεῖν
717 1410 829 1471 τοῖς
862 1406 1041 1479 ὄχλοις
1060 1448 1074 1472 ,
1111 1409 1199 1461 ἵνα
1231 1407 1305 1478 μὴ
1336 1407 1569 1478 νοήσωσι
1597 1406 1666 1460 τὰ.
1693 1405 1813 1459 θεῖα
1850 1405 1942 1458 τοῦ

348 1502 692 1571 Εὑαγγελίου
748 1505 1056 1574 μυστήρια,
1111 1499 1196 1554 ὃτι
1250 1497 1556 1571 φθάσαντες
1615 1499 1769 1553 αὐτοὶ
1817 1499 1943 1561 τοὺς

346 1596 671 1666 ὀφθαλμοὺς
697 1595 880 1649 αὐτῶν
921 1595 1250 1665 ἐκάμμυσαν
1270 1633 1285 1656 ,
1335 1595 1432 1646 καὶ
1459 1595 1574 1657 τοῖς
1599 1591 1702 1645 ὠσὶ
1734 1591 1945 1662 βαρέως

344 1691 627 1758 ἥκουσαν,
672 1688 768 1741 καὶ
809 1686 1090 1757 ἐπαχύνθη
1125 1688 1158 1758 ἠ
1193 1685 1453 1749 ἀσύνετος
1489 1683 1668 1738 αὐτῶν
1702 1684 1900 1756 καρδία
1927 1701 1940 1713 ·

344 1782 436 1834 ἵνα
485 1779 687 1851 ἔχωσιν
728 1779 849 1832 ἀντὶ
896 1779 1170 1850 τιμωρίας
1218 1777 1512 1849 ὑπομένειν
1563 1776 1662 1847 τὴν
1695 1776 1825 1847 περὶ
1876 1775 1945 1828 τὰ

347 1876 584 1946 μείζονα
609 1872 874 1942 ἅϐλεψίαν
897 1914 911 1935 ,
942 1873 990 1926 οἳ
1007 1913 1022 1936 ,
1063 1871 1478 1945 προφθάσαντες
1501 1869 1612 1941 (54)
1654 1867 1938 1933 ἑκουσίως,

342 1971 408 2023 τὸ
441 1971 601 2042 δμμα
622 1969 724 2040 τῆς
745 1968 924 2040 ψυχῆς
948 1968 1438 2038 ἀποτυφλώσαντες
1461 2011 1474 2032 ,
1513 1967 1908 2039 ἐσκοτίσθησαν
1926 1983 1940 1997 ·

2045 576 2302 632 barerunt
2326 576 2496 632 Deum
2523 577 2716 633 habere
2737 579 2791 632 in
2825 580 3016 632 notitia
3049 594 3067 631 :
3099 577 3318 633 tradidit
3343 581 3462 636 illos
3497 581 3634 638 Deus

2044 669 2097 722 in
2152 667 2428 736 reprobum
2470 683 2701 736 sensum,
2750 676 2808 722 ut
2851 668 3054 737 faciant
3086 685 3148 724 ea
3200 686 3316 741 quw
3367 689 3469 726 non
3510 690 3636 727 con—

2045 761 2276 823 veniunt,
2317 762 2540 830 repletos
2579 761 2725 816 omni
2767 762 3066 833 iniquitate,
3112 763 3345 827 malitia,
3382 767 3632 830 avaritia.

2044 853 2299 923 nequitia.
2349 853 2530 922 plenos
2571 852 2774 907 invidia
2804 852 2872 916 ³⁸,
2903 860 3009 908 etc.
3042 851 3364 925 Quanquam
3399 856 3635 926 Aposto-

2046 945 2156 998 lum
2191 944 2427 999 arbitror
2455 957 2567 1000 non
2593 958 2624 996 a
2651 945 2949 1016 semetipso
2975 945 3319 1016 excogitasse
3345 947 3629 1016 judicium

2048 1036 2152 1091 hoc
2180 1037 2486 1106 (Christum
2533 1036 2681 1091 enim
2717 1036 2772 1091 in
2813 1051 2874 1092 se
2916 1036 3226 1107 loquentem
3272 1039 3507 1095 habebat
3539 1042 3632 1108 “),

2048 1132 2144 1188 sed
2186 1132 2474 1188 inductum
2503 1130 2598 1185 illa
2622 1144 2754 1185 voce
2781 1129 2950 1196 illius,
2978 1145 3087 1201 qua
3118 1130 3276 1196 dicit,
3325 1148 3384 1188 se
3427 1132 3552 1188 ideo
3579 1134 3635 1188 in

2047 1224 2324 1296 parabolis
2365 1224 2514 1294 loqui
2544 1223 2610 1278 ad
2642 1223 2837 1280 turbas
2857 1265 2873 1290 ,
2909 1233 2968 1278 ut
3000 1239 3073 1280 ne
3102 1223 3411 1295 intelligant
3449 1225 3636 1280 divina

2046 1315 2327 1387 Evangelii
2364 1315 2627 1387 mysteria
2660 1316 2728 1380 “,
2769 1314 3029 1385 quoniam
3070 1315 3285 1388 priores
3313 1316 3418 1386 ipsi
3447 1316 3638 1372 oculos

2049 1423 2181 1464 suos
2215 1407 2554 1471 clauserant,
2597 1406 2936 1477 auribusque
2977 1406 3220 1478 graviter
3251 1406 3559 1472 audierant,
3583 1423 3638 1463 et

2048 1503 2418 1556 incrassatum
2458 1508 2578 1555 erat
2624 1499 2896 1570 insipiens
2933 1514 3034 1554 cor
3065 1514 3256 1554 eorum
3288 1500 3334 1531 "
3374 1519 3386 1554 :
3434 1508 3492 1553 ut
3518 1500 3640 1555 vice

2051 1610 2225 1664 pmnae
2257 1594 2312 1648 in
2343 1593 2650 1664 majoribus
2681 1591 2973 1648 sutl‘crrent
3004 1593 3332 1658 caecitatem,
3361 1593 3454 1662 qui
3489 1592 3640 1648 scili-

2048 1694 2136 1740 cet
2167 1685 2399 1756 priores,
2428 1684 2607 1740 oculis
2651 1682 2823 1739 animi
2852 1683 3188 1747 obscuratis,
3228 1691 3422 1754 sponte
3461 1698 3639 1738 excae-

2050 1780 2154 1834 cati
2205 1787 2392 1834 essent
2439 1799 2451 1832 :
2501 1777 2648 1850 quod
2702 1777 2816 1849 pati
2871 1777 3076 1835 veritus
3125 1775 3297 1830 David
3353 1774 3570 1830 dicebat
3623 1791 3636 1827 :

2049 1872 2306 1927 [Numina
2345 1872 2524 1926 oculos
2590 1888 2770 1940 meos,
2813 1887 2875 1926 ne
2925 1886 3158 1950 unquam
3207 1869 3537 1923 obdormiam
3585 1868 3641 1923 in

2048 1976 2218 2020 morte
2276 1966 2344 2034 'f.
2396 1964 2476 2020 Ex
2529 1964 2617 2021 his
2669 1963 2836 2035 igitur
2891 1971 3055 2033 atque
3103 1962 3380 2018 similibus
3429 1962 3642 2030 liquere

343 2064 489 2134 amp
537 2064 566 2115 6
611 2053 777 2115 Δαϐὶδ
808 2061 1145 2131 φοϐούμενος
1173 2061 1364 2114 παθεῖν
1385 2102 1398 2124 ,
1434 2061 1586 2128 ἔλεγε
1608 2074 1622 2088 ⁸
1677 2058 1944 2113 Φώτισον

2056 2059 2381 2125 iudicabam,
2414 2057 2470 2112 in
2501 2058 2821 2113 universum
2844 2056 3065 2128 quidem
3093 2055 3379 2126 reprobam
3406 2052 3638 2108 malam-

344 2149 493 2216 τοὺς
515 2151 868 2221 ὀφθαλμούς
892 2169 1032 2219 μου,
1055 2150 1140 2220 μή
1170 2162 1314 2203 ποτε
1344 2149 1602 2204 ὑπνὼσω
1641 2151 1730 2216 εἰς
1767 2149 1945 2206 θάνα-

344 2259 478 2296 τον.
551 2243 647 2296 Ἐκ
711 2244 810 2313 μὲν
861 2239 955 2296 οὖν
1005 2242 1211 2297 τούτοιν
1249 2243 1344 2296 καὶ
1398 2241 1656 2295 τοιούτων
1711 2241 1943 2313 φανερὸν

349 2330 494 2388 εἶναι
546 2328 907 2406 ἐλογιζόμην,
956 2336 1037 2388 ὅτι
1081 2334 1310 2389 καθόλου
1369 2335 1467 2406 μὲν
1514 2335 1550 2405 ἡ
1603 2333 1710 2388 τῶν
1756 2334 1945 2388 παθῶν

352 2429 528 2482 κακία
565 2427 653 2482 διὰ
684 2428 786 2498 τῆς
817 2428 944 2500 περὶ
977 2427 1112 2480 Θεοῦ
1147 2428 1424 2496 ἀγνωσίας
1453 2427 1712 2498 ἀδόκιμον
1745 2426 1946 2496 γνῶσιν

349 2517 812 2589 ἐντίθησιν
872 2517 1120 2582 ἰδίως.δέ
1172 2521 1205 2588 ἠ
1251 2518 1518 2587 διαφωνία
1571 2520 1679 2571 τῶν
1735 2518 1945 2571 πολλῶν

347 2609 491 2680 πρὸς
530 2609 827 2680 ἀλλήλους,
860 2610 947 2663 διὰ
976 2609 1037 2663 τὸ
1068 2610 1322 2674 ἀναξίους
1346 2613 1492 2683 ἡμᾶς
1521 2613 1745 2675 ἑαυτοὺς
1774 2629 1946 2665 κατα-

351 2704 623 2756 σκευάσαι
647 2703 748 2774 τῆς
779 2702 872 2756 τοῦ
906 2704 1111 2775 Κυρίου
1144 2704 1500 2767 ἐπιστασίας,
1541 2703 1942 2774 ἐπισυμϐαίνει.

347 2795 500 2864 Πρὸς
533 2793 590 2847 δὲ
625 2793 723 2864 τὴν
755 2794 1044 2863 ἐπίσκεψιν
1074 2795 1169 2849 τοῦ
1205 2795 1448 2848 τοιούτου
1492 2795 1607 2864 βίου
1642 2794 1824 2847 εἴποτε
1883 2795 1946 2865 δὴ

347 2889 448 2941 καὶ
478 2887 655 2940 ἐλθεῖν
680 2887 1112 2958 ἐϐουλευσάμην,
1137 2887 1260 2940 οὔτε
1294 2890 1513 2958 μετρεῖν
1539 2881 1682 2957 εἶχον
1707 2888 1766 2941 τὸ
1795 2888 1949 2956 μέγε-

384 2999 444 3044 ος
475 2981 578 3051 τῆς
624 2981 884 3050 τοιαύτης
931 2980 1289 3052 ἀναισθησίας
1308 3024 1322 3047 ,
1425 2981 1645 3049 ἀλογίας
1671 3021 1686 3041 ,

346 3073 524 3136 tto-31;,
555 3072 588 3144 ἢ
624 3072 714 3126 διὰ
751 3074 811 3126 τὸ
841 3073 1175 3144 ὑπερϐάλλον
1214 3073 1317 3142 τῆς
1339 3073 1538 3136 κακίας
1566 3074 1665 3124 οὐκ
1700 3072 1808 3142 ἔχω
1831 3072 1945 3142 (56)

1738 2982 1769 3052 ἢ
1815 2984 1951 3034 ἀπο-

2046 2167 2152 2222 que
2179 2152 2552 2222 cognitionem
2579 2165 2676 2220 per
2709 2149 2804 2204 Dei
2843 2148 3243 2220 ignorationem
3277 2163 3340 2201 ex
3377 2146 3640 2201 vitiorum

2046 2245 2314 2314 pravitate
2376 2241 2552 2298 creari
2603 2261 2616 2296 :
2671 2241 3052 2311 sed'proprie
3109 2250 3288 2294 tamen
3340 2238 3660 2292 multorum.

2048 2344 2294 2391 mutuam
2318 2335 2721 2391 dissensionem
2751 2349 2819 2388 ex
2845 2349 2912 2388 eo
2942 2332 3184 2399 evenire,
3209 2329 3356 2402 quod
3382 2330 3644 2400 indignos

2047 2446 2150 2485 nos
2219 2430 2533 2493 reddamus,
2585 2429 2678 2498 qui
2734 2442 2764 2482 a
2807 2424 3042 2482 Domino
3081 2439 3357 2495 regamur.
3403 2421 3636 2488 Quodsi

2050 2525 2369 2578 statuissem
2419 2521 2716 2592 aliquando
2749 2520 2814 2575 ad
2855 2518 3130 2590 ejusmodi
3161 2519 3333 2573 vitam
3382 2515 3641 2572 conside-

2048 2617 2276 2670 randam
2318 2615 2661 2680 incumbere,
2695 2627 2873 2682 neque
2915 2611 3096 2666 metiri
3135 2618 3378 2680 poteram
3421 2605 3636 2679 magni-

2048 2709 2300 2764 tudinem
2361 2707 2636 2776 ejusmodi
2681 2706 2948 2778 stuperis,
2989 2705 3074 2759 vel
3132 2702 3640 2767 inconsiderantize,

2051 2803 2134 2857 vel
2169 2799 2475 2864 dementiae,
2519 2799 2625 2862 vel,
2657 2814 2779 2867 qua:
2819 2805 2904 2853 est
2942 2795 3165 2850 malitiae
3211 2793 3488 2859 nimietas,
3529 2808 3642 2862 quo

2051 2894 2160 2947 alio
2186 2891 2454 2946 vocabulo
2509 2889 2797 2958 appellem,
2856 2885 3063 2942 nescio.
3109 2883 3326 2940 Etenim
3374 2883 3420 2938 si
3467 2884 3550 2938 vel
3583 2883 3641 2938 in

2051 2984 2186 3054 ipsis
2217 2983 2393 3038 brutis
2427 2981 2757 3036 animalibus
2795 2986 3038 3033 mutuam
3072 2976 3494 3034 consensionem
3527 2990 3638 3030 non

2052 3077 2122 3132 ob
2174 3075 2321 3130 aliud
2371 3073 2691 3130 conservari
2729 3070 3216 3142 deprehendimus,
3268 3085 3433 3141 quam
3491 3065 3640 3139 quod

347 3165 404 3216 τί
439 3165 601 3217 εἴπω.
629 3163 692 3216 Ei
728 3163 838 3235 γὰρ
863 3165 958 3217 καὶ
989 3166 1046 3216 ἐν
1083 3164 1300 3232 ἀλόγοις
1325 3163 1467 3217 οὕτω
1507 3164 1948 3235 κατορθουμένην

2056 3169 2178 3224 duci
2218 3169 2596 3238 obtemperent
2635 3186 2645 3219 :
2688 3164 2883 3235 ecquid
2935 3180 3036 3220 nos
3086 3163 3268 3219 dicere
3321 3178 3639 3234 possumus,

350 3256 691 3326 εὖρίσκομεν
712 3256 812 3326 τὴν
843 3257 900 3308 ἐν
930 3254 1179 3327 ἀλλήλοις
1207 3257 1524 3326 συμφωνίαν
1563 3257 1648 3310 διὰ
1682 3259 1781 3326 τὴν
1812 3258 1948 3329 πρὸς

346 3352 447 3404 τὸν
481 3349 896 3421 καθηγούμενον
928 3348 1267 3402 εὐπείθειαν·
1298 3349 1349 3400 τί
1393 3347 1458 3402 ἂν
1504 3350 1753 3419 εἴποιμεν
1787 3351 1818 3420 ἡ
1830 3353 1950 3419 μείς

349 3444 414 3496 ἐν
453 3441 696 3513 τοσαύτῃ
759 3442 857 3512 μὲν
894 3444 960 3512 τῇ
1013 3442 1150 3513 πρὸς
1190 3440 1450 3512 ἀλλήλους
1501 3442 1815 3495 διαστάσεις
1855 3461 1949 3495 το-

352 3533 538 3607 σαύτῃ
559 3534 617 3587 δὲ
635 3537 700 3605 τῇ
726 3535 864 3606 πρὸς
893 3536 990 3596 τὰς
1016 3535 1236 3599 ἐντολὰς
1266 3535 1360 3589 τοῦ
1382 3538 1591 3608 Κυρίου
1616 3541 1949 3610 ἐναντιότητι

351 3625 778 3697 εὐρισκόμενοι;
819 3627 890 3680 Ἦ
930 3627 1051 3697 οὐχὶ
1101 3627 1275 3681 ταῦτα
1320 3629 1496 3682 πάντα
1529 3629 1811 3700 ἡγούμεθα
1855 3631 1949 3684 νῦν

358 3721 461 3793 μὲν
495 3724 575 3785 είς
602 3721 1071 3774 διδασκαλίαν-καὶ
1105 3721 1371 3793 ἐντροπὴν
1399 3723 1674 3794 ἡμετέραν
1707 3724 1818 3795 (57)
1845 3725 1951 3778 ὑπὸ

353 3813 455 3866 τοῦ
487 3811 696 3881 ἀγαθοῦ
730 3813 865 3865 Θεοῦ
901 3813 1303 3884 προτεθεῖσθαι,
1336 3815 1393 3867 ἐν
1426 3814 1483 3866 δὲ
1511 3818 1578 3886 τῇ
1622 3816 1834 3891 μεγάλῃ
1859 3817 1952 3870 καὶ

355 3905 570 3976 φοϐερᾷ
596 3905 700 3976 τῆς
740 3906 975 3977 κρίσεως
1009 3905 1191 3978 ἡμέρᾳ
1237 3909 1318 3969 είς
1350 3907 1612 3980 αἰσχύνην
1659 3911 1751 3962 καὶ
1785 3911 1953 3963 κατά-

355 4017 543 4070 κρισιν
576 3999 687 4052 τῶν
727 3999 804 4070 μὴ
838 3999 1242 4070 παιδευομένων
1291 4000 1821 4073 προσενεχθήσεσθαι
1861 4003 1952 4056 ὑπ’

357 4090 528 4145 αξιτοῦ
564 4090 661 4143 τοῦ
703 4091 798 4144 καὶ
846 4090 1090 4155 εἰπόντος
1119 4092 1241 4162 ἠδη,
1290 4093 1383 4145 καὶ
1429 4092 1678 4161 λέγοντος
1707 4095 1794 4147 ἀεὶ
1827 4096 1909 4148 ὅτι
1935 4111 1948 4124 ⁶

363 4183 560 4251 Ἔγνω
585 4181 746 4248 βοῦς
779 4181 886 4234 τὸν
917 4180 1318 4250 κτησάμενον,
1363 4181 1460 4235 καὶ
1486 4181 1626 4248 ὄνος
1661 4181 1777 4250 τὴν
1805 4181 1952 4252 φάτ-

357 4292 482 4342 νην
533 4275 643 4328 τοῦ
679 4275 894 4342 κιφίου
921 4273 1107 4327 αὐτοῦ
1129 4291 1141 4303 ·
1181 4273 1421 4341 Ἰσραὴλ
1448 4273 1514 4327 δέ
1536 4292 1613 4343 με
1639 4277 1748 4329 οὐκ
1777 4274 1951 4344 ἔγνω.

359 4365 466 4422 καὶ
495 4370 528 4422 ὀ
554 4367 706 4432 λαός
728 4382 806 4436 με
829 4367 900 4418 οὐ
926 4365 1182 4434 συνῆκε,
1230 4367 1324 4420 καὶ
1347 4366 1517 4420 πολλὰ
1540 4367 1672 4421 ἄλλα
1693 4368 1917 4422 τοιαῦτα
1938 4387 1951 4435 ;

373 4460 588 4513 Ἐκεῖνο
633 4459 693 4511 δὲ
740 4458 800 4511 τὸ
835 4459 940 4511 ὑπὸ
972 4457 1067 4512 τοῦ
1111 4459 1438 4512 ’Λποστόλου
1499 4461 1809 4532 εἰρημένον,
1858 4462 1950 4515 τό·

366 4552 504 4607 Εἴτε
551 4550 776 4620 πάσχει
835 4551 905 4604 ἓν
944 4551 1127 4620 μέλος
1153 4591 1166 4614 ,
1225 4550 1573 4622 συμπάσχει
1620 4551 1814 4607 πάντα
1882 4555 1955 4608 τὰ

360 4644 518 4714 μέλη
541 4662 554 4675 ·
583 4644 704 4696 site
731 4642 1035 4708 δοξάζεται
1067 4643 1135 4696 ἓν
1161 4644 1368 4714 μέλος,
1417 4646 1729 4713 συλγχιιίρει
1759 4645 1956 4701 πάντα

365 4741 440 4790 τὰ
462 4737 657 4806 μέλη’
692 4738 787 4789 καὶ
839 4737 932 4789 τό·
989 4737 1114 4790 Ἵνα
1156 4737 1244 4805 μὴ
1302 4731 1709 4808 ᾖ-σχίσματα
1755 4740 1826 4792 ἐν
1878 4739 1957 4806 τῷ

367 4830 616 4900 σώματι,
649 4831 810 4899 ἀλλὰ
841 4829 906 4883 τὸ
944 4829 1090 4884 αὺτύ
1125 4829 1274 4898 ὑπὲρ
1304 4829 1593 4896 ὠίλήλων
1628 4830 1956 4900 μεριμνῶσι

439 5010 486 5043 ὀ
528 5008 686 5066 Rom.
726 5025 770 5073 ι,
806 5008 911 5074 28,
944 5009 1034 5062 29.
1110 5009 1154 5041 ¹¹
1194 5006 1238 5061 ll
1284 5008 1411 5062 Cor.
1469 5026 1562 5062 xt't
1589 5053 1603 5075 ,
1641 5013 1692 5066 5.

372 5091 426 5146 ῐ,
486 5081 541 5136 3.
617 5080 665 5112 ³⁸
703 5077 725 5133 l
759 5080 884 5134 Cor.
921 5095 1033 5142 xu,
1069 5078 1159 5134 26.
1237 5080 1280 5111 "
1323 5079 1456 5134 ibid.
1490 5080 1578 5135 ‘25.

445 5258 556 5336 (5.3)
586 5253 1038 5336 C_odex_Combel'.
1061 5263 1113 5310 et
1131 5253 1444 5336 editioyen.
1470 5270 1594 5336 cum
1615 5253 1748 5336 Reg.
1777 5256 1957 5325 primo

385 5325 706 5383 Ἀπόστολον
746 5327 809 5378 τὸ
837 5327 1099 5396 κήρυγμα
1131 5326 1252 5385 οὐκ,
1300 5325 1434 5379 hanc
1476 5325 1774 5378 doctrinam
1820 5345 1853 5378 ιι
1905 5343 1960 5379 se

381 5401 486 5447 imo
518 5417 624 5447 non
675 5397 1020 5447 excoaitasse.
1067 5395 1248 5447 Editio
1289 5393 1465 5447 Paris.
1513 5405 1562 5447 ct
1596 5395 1728 5447 Rea.
1761 5398 1957 5447 tertius

375 5401 486 5464 ipso
518 5417 624 5452 non
675 5393 1035 5466 excogitasse!
1067 5395 1248 5448 Editio
1289 5393 1465 5451 Paris.
1513 5405 1562 5449 ct
1596 5395 1728 5466 Erg.
1761 5398 1957 5451 tertius

389 5468 709 5550 ’ᾼπὸστολον
737 5469 803 5550 τὲ
827 5469 1022 5550 κρῖμα,
1055 5473 1109 5550 et
1135 5465 1464 5550 itagquoqu‘e
1493 5467 1688 5550 legitur
1721 5467 1778 5520 in
1814 5483 1960 5520 Inar-

379 5539 502 5619 gine
517 5538 743 5619 codicis
764 5535 1102 5619 Qontbeltet.
1127 5537 1386 5619 editionis
1408 5535 1657 5619 ‘Venetae.

447 5609 810 5692 (ὅίλᾼιιιὶηιιί
837 5617 950 5662 tres
978 5606 1106 5692 libri
1128 5607 1178 5659 οἳ
1208 5605 1770 5692 πρὸςτὰᾼφθὰσαντα.
1801 5605 1960 5692 Utra-

382 5675 485 5745 que
517 5675 686 5735 editio
718 5675 792 5740 οἳ,
825 5675 1265 5748 προφθάσαντες,
1314 5678 1393 5731 sic
1445 5687 1650 5737 tamen.
1691 5689 1748 5732 ut
1791 5679 1961 5732 editio

384 5748 517 5804 Ven.
545 5752 748 5805 habeat
769 5749 826 5818 in
860 5748 1107 5818 margine
1128 5749 1184 5818 .o't
1215 5747 1349 5818 πρὸς
1379 5749 1448 5800 τὰ
1481 5745 1782 5814 φθάσαντα.

453 5821 564 5893 (55)
599 5820 781 5877 Editio
806 5817 1105 5875 Ρειτὶ5.διὰ
1137 5817 1303 5889 τὴν...
1335 5817 1608 5887 ἀγνωσίαν
1644 5820 1677 5892 ἢ
1706 5818 1962 5892 ἀδόκιμον

1986 4509 2033 4568 D

1801 5013 1844 5043 ²¹
1886 5011 2075 5065 Matth.
2117 5029 2250 5074 xm,
2291 5010 2376 5064 15.

2053 3263 2146 3332 (ιιιί
2182 3263 2256 3316 ita
2284 3262 2428 3316 inter
2457 3277 2560 3316 nos
2590 3253 2882 3324 diSsidere,
2914 3266 2966 3313 et
2996 3259 3071 3312 ita
3101 3255 3318 3312 Domini
3352 3255 3639 3328 praeceptis

2053 3355 2354 3412 adversarii
2386 3353 2762 3426 reperiamur?
2787 3351 2979 3408 Nonne
3009 3350 3170 3407 nobis
3200 3348 3504 3422 putandum
3532 3357 3637 3412 est,

2053 3466 2200 3506 nunc
2234 3450 2452 3520 quidem
2490 3447 2604 3502 lucc
2653 3446 2837 3502 omnia
2876 3446 2942 3499 ad
2977 3444 3285 3499 doctrinam
3323 3450 3376 3498 ct
3408 3458 3640 3496 conver-

2054 3543 2264 3599 sionem
2324 3545 2571 3592 nostram
2614 3555 2643 3590 ιι
2689 3537 2924 3606 benigno
2974 3533 3084 3589 Deo
3136 3533 3407 3605 proponi,
3450 3531 3637 3587 eadem

2054 3650 2186 3691 vero
2209 3635 2262 3688 in
2289 3647 2487 3702 magna
2516 3631 2606 3683 illa
2640 3643 2706 3684 ac
2739 3628 3031 3683 metuenda
3054 3625 3246 3697 iudicii
3275 3625 3364 3679 die
3387 3626 3452 3679 ad
3484 3640 3642 3679 vere—

2056 3726 2312 3781 cundiam
2387 3731 2441 3778 et
2502 3720 3014 3777 condemnationem
3074 3732 3263 3774 eorum
3326 3716 3490 3788 216
3547 3717 3644 3787 qui

2054 3814 2252 3870 eruditi
2294 3830 2357 3867 ac
2399 3811 2672 3867 emendati
2707 3826 2814 3864 non
2848 3809 3071 3872 fuerint,
3103 3809 3174 3862 ab
3201 3823 3266 3863 eo
3295 3808 3415 3878 ipso
3463 3807 3644 3878 profe-

2055 3907 2224 3962 renda
2259 3921 2402 3970 esse,
2453 3903 2544 3974 qui
2591 3902 2799 3958 scilicet
2834 3909 2887 3956 et
2912 3900 3025 3970 jam
3061 3899 3285 3964 dixerit,
3322 3907 3376 3954 et
3419 3913 3640 3969 semper

2055 4001 2201 4055 dicat
2245 4019 2257 4054 :
2301 3997 2550 4068 Cognovit
2586 3997 2676 4050 bos
2701 4010 3073 4064 possessorem,
3111 4000 3160 4046 et
3201 3991 3383 4045 asinus
3413 4005 3644 4059 prmsepe

2055 4093 2257 4148 domini
2283 4093 2366 4145 sui
2400 4106 2417 4143 :
2447 4089 2620 4144 Israel
2652 4106 2768 4144 vero
2799 4104 2878 4141 me
2905 4103 3007 4140 non
3040 4085 3299 4155 cognovit,
3341 4094 3387 4137 et
3419 4084 3644 4152 populus

2059 4202 2138 4240 me
2173 4201 2277 4238 non
2306 4181 2564 4236 intellexit
2589 4180 2658 4244 ”,
2698 4187 2751 4234 et
2783 4177 2887 4232 alia
2915 4175 3160 4246 ejusdem
3183 4175 3399 4246 generis
3437 4173 3650 4228 multa?

2059 4275 2193 4331 Illud
2215 4290 2453 4347 quoque,
2481 4273 2627 4344 quod
2655 4272 2722 4326 ab
2745 4271 3007 4342 Apostolo
3033 4268 3239 4322 dictum
3273 4275 3357 4322 est
3391 4282 3404 4317 :
3435 4266 3500 4320 Et
3542 4267 3648 4321 sive

2056 4369 2260 4437 patitur
2298 4382 2464 4418 unum
2504 4361 2816 4429 membrum,
2848 4361 3241 4429 compatiuntur
3269 4360 3450 4412 omnia
3482 4375 3646 4412 mem-

2062 4462 2155 4515 bra
2189 4477 2206 4514 :
2237 4462 2342 4514 sive
2379 4458 2718 4530 gloriﬁcatur
2761 4472 2924 4509 unum
2959 4455 3273 4517 membrum,
3317 4451 3647 4522 congaudent

2061 4557 2239 4610 omnia
2287 4551 2519 4607 membra
2564 4553 2632 4604 ".
2679 4547 2811 4604 Item
2847 4546 2980 4602 illud
3025 4566 3038 4600 :
3097 4545 3164 4601 Ut
3212 4562 3314 4599 non
3356 4548 3462 4598 sint
3503 4543 3647 4596 schi-

2063 4657 2237 4702 smata
2269 4649 2323 4700 in
2360 4660 2595 4715 corpore,
2639 4641 2729 4697 sed
2771 4641 3002 4712 idipsum
3037 4655 3130 4709 pro
3164 4640 3383 4692 invicem
3415 4635 3648 4690 sollicita

2062 4741 2170 4795 sint
2201 4737 2438 4792 membra
2467 4736 2536 4800 ³⁷,
2567 4742 2626 4788 ut
2666 4750 2789 4804 qua:
2822 4734 2890 4788 ab
2923 4748 3034 4787 una
3081 4731 3261 4784 anima
3310 4726 3651 4784 inhabitante

2063 4841 2405 4886 moveantur.
2443 4825 2810 4893 Quamobrem
2845 4825 2919 4878 ita
2945 4821 3162 4877 tandem
3194 4820 3506 4874 institutum
3533 4816 3652 4874 est?

2897 5003 2941 5035 ’⁵
2980 5002 3124 5054 Psal.
3162 5017 3232 5054 xu
3257 5039 3270 5061 ,
3305 5001 3358 5053 4.

2456 5010 2501 5040 ³⁸
2545 5006 2674 5062 ibid.
2717 5005 2799 5059 15.
2897 5003 2941 5035 ’⁵
2980 5002 3124 5054 Psal.
3162 5017 3270 5061 xu,
3305 5001 3358 5053 4.
3456 5000 3501 5031 ’⁵
3543 4997 3647 5052 lsa.

2061 5255 2262 5323 γνῶσιν
2306 5253 2601 5323 ἐγγίνεται.
2646 5250 2828 5323 codex
2874 5249 3122 5323 Cornbcf.
3159 5257 3213 5323 et
3260 5248 3389 5323 Reg.
3439 5247 3653 5323 primus

2059 5317 2146 5379 διὰ
2164 5325 2302 5395 τῆς..
2317 5361 2331 5374 .
2348 5317 2635 5395 ’ἄγνωσίας
2655 5321 2913 5395 ἀδόκιμον
2941 5317 3478 5395 γνῶσινήὲντίθησινίε
3505 5317 3652 5387 quod

2062 5389 2250 5450 verum
2284 5389 2656 5464 indicavimus
2695 5400 2748 5464 et
2782 5389 3079 5464 sincerum.
3119 5389 3390 5464 Necillud
3429 5397 3652 5464 praeter-

2063 5460 2301 5522 eundum
2333 5463 2575 5524 silentio,
2608 5461 2710 5531 legi
2745 5462 3000 5516 secundis
3049 5462 3197 5515 curis
3233 5461 3286 5514 in
3317 5460 3458 5515 libro
3491 5460 3656 5514 Com-

2066 5536 2176 5592 bef.
2209 5536 2295 5588 διὰ
2325 5535 2493 5604 τὴν...
2523 5531 2817 5604 ἀγνωσίαν.

2139 5605 2252 5674 (56)
2290 5600 2532 5672 Utraque
2560 5604 2730 5674 editio
2761 5601 2794 5672 ἢ
2821 5604 2923 5656 οὐκ
2940 5601 3068 5673 ἔχω.
3099 5601 3308 5658 Vocula
3337 5600 3370 5672 ἦ
3409 5608 3469 5655 in
3499 5605 3655 5656 vete—

2068 5673 2223 5730 ribus
2251 5674 2407 5728 libris
2434 5689 2542 5727 non
2570 5673 2786 5743 legitur.

2143 5746 2257 5816 (57)
2281 5744 2440 5807 Illud,
2472 5746 2567 5798 καὶ
2595 5741 2865 5816 ἐντροπὴν
2886 5744 3182 5816 ἡμετέραν,
3219 5745 3316 5805 ita.
3355 5743 3403 5798 si
3450 5741 3648 5816 mavis,

2074 5811 2426 5889 interpretari
2456 5824 2634 5886 potes,
2661 5811 2730 5869 ad
2759 5811 3124 5871 incutiendum
3179 5817 3328 5870 nobis
3373 5811 3650 5883 pudorem.
