3982 6240
319 314 425 379 659

1640 317 1700 382 5.
1743 317 1993 384 ΒΑειιιι
2032 317 2247 376 MAGNI

3482 317 3605 378 ὕεα.

319 434 434 508 Ego
462 433 682 507 quidem
709 432 781 490 ob
805 446 925 489 eam
949 445 1173 493 causam
1198 431 1419 504 opinor,
1450 439 1512 487 ιιι
1534 433 1706 488 multo
1728 433 1894 505 magis

2004 433 2077 487 τὰ
2098 431 2278 503 μέλη,
2310 430 2415 485 ὑπὸ
2450 432 2576 503 μιᾶς
2615 431 2861 503 δηλονότι
2904 430 3201 505 κινούμενα
3230 431 3329 505 τῆς
3351 431 3595 488 ἐνοικούα

318 526 589 599 ejusmodi
630 534 687 583 et
735 525 874 589 ordo
922 536 976 588 et
1015 524 1306 594 disciplina
1354 536 1668 582 servaretur
1714 526 1769 581 in
1805 525 1901 580 Dei

318 619 589 684 Ecclesia,
649 619 718 683 ad
769 634 934 690 quam
979 617 1189 673 dictum
1235 626 1322 674 est
1366 636 1380 672 :
1427 617 1530 672 Vos
1563 628 1739 675 autem
1771 620 1901 675 estis

318 728 508 784 corpus
556 708 782 781 Christi,
841 721 893 765 et
948 711 1183 765 membra
1235 725 1301 765 ea:
1351 718 1504 778 parte
1559 710 1627 764 ³⁸.
1690 709 1902 782 Quippe

320 821 490 861 unum
534 813 589 862 et
623 807 800 862 solum
847 820 1038 860 verum
1072 812 1258 875 caput,
1303 804 1449 875 quod
1498 812 1584 860 est
1624 803 1898 867 Christus,

319 896 568 960 continet
603 911 667 951 ac
693 895 974 952 connectit
1001 894 1432 965 unumquodque
1469 910 1595 950 cum
1635 896 1806 951 altero
1831 894 1898 948 ad

318 986 700 1043 concordiam.
723 987 879 1058 Apud
909 1002 1047 1057 quos
1068 1003 1200 1042 vero
1231 1002 1341 1041 non
1371 995 1551 1043 exstat
1576 988 1898 1052 concordia,

318 1092 431 1133 non
469 1078 751 1133 vinculum
800 1079 953 1148 pacis
995 1080 1040 1112 ²⁹
1100 1088 1374 1144 servatur,
1423 1094 1533 1134 non
1586 1079 1645 1135 in
1702 1081 1898 1150 spiritu

318 1167 518 1235 lenitas
557 1170 603 1202 ³⁸
643 1170 954 1227 custoditur
998 1190 1011 1225 :
1049 1172 1158 1229 imo
1200 1188 1328 1227 vero
1379 1172 1697 1238 dissidium,
1737 1173 1804 1228 lis
1845 1183 1901 1227 et

318 1259 598 1325 aemulatio
647 1262 942 1331 reperitur.
1000 1262 1209 1334 Magnae
1271 1262 1493 1335 quidem
1547 1265 1790 1320 audaciae
1835 1280 1901 1319 ae

318 1351 645 1415 temeritatis
681 1351 849 1408 fuerit
885 1369 981 1409 eos
1010 1355 1103 1424 qui
1148 1364 1276 1410 sunt
1313 1354 1610 1426 ejusmodi,
1652 1358 1900 1412 membra

318 1438 524 1497 Christi
567 1444 862 1514 appellare.
907 1455 1002 1499 aut
1033 1447 1216 1502 dicere
1240 1448 1390 1517 ipsos
1420 1449 1488 1503 ab
1517 1464 1582 1504 eo
1608 1451 1719 1521 regi
1756 1469 1770 1506 :
1803 1449 1899 1506 sed

318 1534 543 1606 ingenui
572 1537 742 1590 animi
788 1537 955 1592 fuerit
991 1537 1223 1594 ﬁdenter
1244 1538 1534 1604 afﬁrmare,
1565 1542 1678 1597 illic
1717 1542 1898 1597 domi-

317 1627 441 1694 nari
470 1642 536 1682 ac
584 1643 816 1700 regnare
862 1629 1049 1686 carnis
1088 1631 1341 1686 allectum
1385 1632 1541 1701 juxta
1585 1633 1726 1688 hanc
1754 1636 1900 1704 Apo-

317 1717 446 1779 stoli
477 1734 686 1788 vocem,
709 1722 804 1792 qui
838 1723 1000 1778 modo
1031 1724 1340 1780 decretorio
1370 1726 1478 1781 ait:
1514 1725 1616 1781 Cui
1641 1727 1896 1782 exhibetis

2004 541 2106 594 σης
2146 524 2347 595 ψυχῆς.
2392 524 2550 588 Τίνος
2592 523 2781 583 ἔνεκεν
2828 522 3399 597 οὕτως’ᾡκονομήθης
3456 525 3597 596 Ἐγὼ

2005 619 2104 689 μὲν
2137 613 2313 686 οἶμαι,
2345 617 2433 671 ἵνα
2469 614 2711 689 σώζηται
2748 619 2783 688 ή
2822 617 3048 688 τοιαύτη
3086 618 3381 672 ἀκολουθία
3411 635 3470 671 τε
3501 619 3599 674 καὶ

2002 710 2223 775 εὐταξία
2263 709 2441 781 πολλῷ
2478 709 2645 764 πλέον
2685 709 2837 782 παρὰ
2868 712 2935 783 τῇ
2988 709 3285 783 Ἐκκλησία
3309 711 3404 764 τοῦ
3433 710 3592 777 Θεοῦ,

2004 803 2141 876 πρὸς
2172 803 2239 874 ἣν
2283 803 2535 876 εἴρηται·
2576 802 2763 873 Ὗζιιεῒς
2799 802 2869 858 δέ
2917 803 3060 856 ἐστε
3096 801 3269 873 σῶμα
3310 802 3593 871 Χριστοῦ,

2002 895 2102 947 καὶ
2121 893 2278 963 μέλη
2310 895 2381 948 ἐκ
2420 893 2641 964 μέρους
2660 911 2675 925 ·
2706 893 3017 966 κρατούσης
3063 893 3305 965 δηλονότι
3347 896 3442 949 καὶ
3469 911 3596 948 συν-
3661 923 3669 931 -

2002 983 2280 1054 απτούσης
2304 984 2534 1038 ἕκαστον
2565 983 2643 1055 τῷ
2669 983 2815 1055 ἄλλῳ
2842 984 2980 1054 πρὸς
3020 983 3274 1054 ὁμόνοιαν
3319 985 3420 1055 τῆς
3462 986 3594 1054 μιᾶς

2001 1078 2096 1130 καὶ¹
2126 1077 2293 1149 μόνης
2322 1076 2537 1141 ἀληθῶς
2587 1076 2851 1145 κεφαλῆς,
2894 1077 3019 1147 ἥτις
3066 1076 3214 1132 ἐστὶν
3252 1079 3281 1131 ό
3331 1079 3592 1149 Χριστός.

2002 1168 2138 1239 Παρ“
2171 1162 2252 1232 οἷς
2293 1167 2350 1223 δὲ
2392 1169 2491 1238 οὐχ
2541 1167 2766 1237 ὁμόνοια
2810 1167 3193 1240 κατορθοῦται,
3250 1169 3344 1239 οὐχ
3396 1170 3424 1222 ὁ
3469 1169 3596 1223 σύν-

1998 1260 2199 1333 δεσμος
2236 1261 2337 1330 τῆς
2368 1260 2593 1331 εἰρήνης
2633 1262 2904 1332 τηρεῖται,
2953 1260 3050 1330 οὐχ
3082 1262 3115 1331 ἡ
3156 1259 3263 1330 (58)
3313 1263 3373 1314 ὲν
3420 1260 3592 1313 πνεύ-

2004 1368 2133 1421 ματι
2158 1350 2402 1422 πραότης
2444 1351 2799 1420 φυλάσσεται,
2842 1349 2980 1404 ἀλλὰ
3013 1350 3109 1403 καὶ
3148 1349 3462 1419 διχοστασία
3498 1350 3595 1403 καὶ

2001 1445 2116 1515 ἔρις
2158 1444 2254 1498 καὶ
2302 1441 2463 1513 ζῆλος
2507 1443 2843 1514 εὑρίσκεται.
2893 1441 3100 1513 Πολλῆς
3155 1442 3252 1513 μὲν
3289 1441 3495 1512 τόλμης
3525 1440 3592 1496 ἂν

1999 1534 2083 1606 εἴη
2122 1536 2261 1606 μέλη
2311 1534 2547 1606 Χριστοῦ
2594 1536 2720 1598 τοὺς
2757 1533 3032 1599 τοιούτους
3083 1533 3454 1605 ὁνομάζειν,ἢ
3497 1532 3591 1587 ὑπ’

2000 1626 2168 1682 αὐτοῦ
2195 1627 2458 1698 ἄρχεσθαι
2486 1626 2691 1696 λέγειν·
2723 1626 2901 1695 ἁπλῆς
2934 1626 2992 1679 δὲ
3020 1625 3257 1690 διανοίας
3286 1625 3420 1696 (59),
3453 1625 3594 1696 μετὰ

2000 1720 2317 1792 παρρησίας
2344 1721 2539 1785 εἰπεῖν,
2573 1721 2656 1773 ὅτι
2686 1722 2880 1792 κρατεῖ
2921 1720 3039 1774 ἐκεῖ
3079 1720 3176 1774 καὶ
3222 1718 3496 1791 βασιλεύει
3528 1717 3596 1777 τδ

317 1824 407 1869 vos
454 1825 627 1865 servos
673 1811 742 1865 ad
784 1812 1153 1879 obedientium,
1193 1817 1328 1870 servi
1366 1820 1492 1872 estis
1527 1819 1643 1888 ejus
1684 1821 1770 1874 cui
1813 1821 1894 1876 ob-

1999 1810 2098 1881 τῆς
2127 1811 2328 1883 σαρκὸς
2356 1811 2634 1883 φρόνημα,
2665 1810 2809 1865 κατὰ
2855 1811 2954 1883 τὴν
2989 1811 3085 1865 τοῦ
3125 1811 3444 1865 Ἀποστόλου
3472 1828 3591 1880 φω-

314 1900 473 1965 editis
496 1901 563 1960 ³¹.
592 1901 863 1961 Recenset
889 1907 1069 1962 autem
1100 1910 1385 1979 perspicue
1410 1910 1640 1981 hujusce
1670 1910 1898 1969 allectus

314 1995 705 2067 proprietates,
752 2012 877 2053 cum
928 1999 1009 2055 sic
1061 1999 1307 2070 loquitur
1355 2022 1367 2058 :
1419 2001 1555 2058 Cum
1606 2006 1746 2061 enim
1789 2006 1896 2061 sint

313 2085 456 2151 inter
485 2105 573 2143 vos
607 2090 753 2144 zelus
795 2101 846 2146 et
885 2094 1170 2157 contentio,
1201 2105 1249 2149 et
1292 2095 1542 2161 dissidia,
1570 2113 1741 2153 nonne
1775 2115 1895 2152 car-

312 2179 463 2246 nales
503 2182 630 2236 estis
675 2182 759 2237 “?
806 2183 1091 2257 Simulque
1129 2188 1325 2243 borum
1379 2190 1640 2245 vitiorum
1687 2193 1894 2248 exitum

312 2286 535 2341 gravem
566 2288 710 2339 esse,
742 2275 992 2347 nihilque
1016 2278 1153 2348 ipsis
1180 2295 1305 2336 esse
1344 2297 1470 2335 cum
1518 2283 1718 2352 pietate
1742 2297 1921 2338 com--

312 2380 479 2420 ntune
528 2376 909 2425 asseveranter
959 2369 1150 2438 docet,
1200 2372 1286 2428 his
1338 2374 1521 2429 verbis
1582 2394 1597 2432 :
1659 2376 1894 2445 Aﬁ'ectus

310 2458 514 2525 carnis,
563 2460 845 2515 inimicitia
889 2471 968 2517 est
1019 2462 1270 2519 adversus
1324 2465 1490 2521 Deum
1541 2484 1560 2522 :
1611 2468 1711 2538 legi
1755 2470 1894 2523 enim

309 2547 411 2614 Dei
447 2565 553 2604 non
596 2561 675 2605 est
705 2551 945 2621 subjecta
978 2569 998 2608 :
1040 2571 1134 2609 nec
1166 2556 1305 2609 enim
1344 2567 1516 2626 potest
1553 2560 1643 2614 ⁸²⁶.
1685 2559 1894 2615 Idcirco

310 2639 505 2708 Nemo,
542 2641 722 2714 inquit
754 2643 1040 2714 Dominus,
1071 2659 1239 2717 potest
1276 2647 1480 2706 duobus
1523 2652 1752 2707 dominis
1783 2671 1894 2707 ser-

308 2734 417 2788 uire
452 2734 517 2787 ³³.

379 2912 437 2968 4.
479 2911 685 2969 Deinde
713 2929 836 2969 cum
868 2915 984 2986 ipse
1017 2916 1335 2986 unigenitus
1377 2916 1467 2973 Dei
1502 2916 1677 2977 Filius
1704 2919 1892 2977 Domi-

308 3019 415 3067 nus
430 3012 486 3061 et
508 3004 653 3063 Deus
685 3015 873 3062 noster
897 3006 1060 3065 Jesus
1099 3010 1377 3076 Christus,
1402 3027 1490 3080 pet
1521 3028 1684 3082 quem
1707 3016 1891 3069 omnia

308 3095 455 3154 facta
498 3109 629 3153 sunt
668 3097 734 3165 ³⁸,
787 3100 986 3156 clamet
1029 3121 1042 3156 :
1088 3102 1345 3158 Descendi
1378 3104 1442 3159 de
1486 3107 1637 3174 caelo,
1692 3124 1794 3161 non
1834 3118 1892 3163 ut

309 3189 508 3257 faciam
545 3192 872 3246 voluntatem
919 3210 1109 3259 meam,
1156 3195 1248 3251 sed
1287 3197 1606 3254 voluntatem
1648 3201 1762 3269 ejus
1802 3204 1892 3272 qui

306 3282 454 3338 misit
484 3300 564 3339 me
596 3283 780 3340 Patris
794 3287 902 3353 8“;
935 3295 990 3343 et
1021 3289 1097 3343 :A
1134 3307 1212 3344 me
1235 3291 1346 3361 ipso
1374 3272 1516 3362 facio
1546 3293 1679 3347 nihil
1696 3293 1762 3361 ³⁸;
1794 3304 1847 3349 et
1874 3314 1888 3350 :

306 3372 630 3430 Mandatum
679 3378 860 3447 accepi
903 3378 1030 3450 quid
1076 3379 1274 3445 dicant,
1322 3391 1370 3436 et
1410 3382 1534 3453 quid
1568 3385 1755 3455 loquar
1786 3386 1830 3418 ³⁸
1874 3403 1888 3436 :

307 3468 549 3540 itemque
596 3485 720 3525 cum
769 3470 1009 3542 Spiritus
1044 3484 1272 3530 sanctus
1316 3491 1513 3546 magna
1549 3478 1690 3533 dona
1720 3486 1774 3534 et
1805 3478 1893 3534 ad-

306 3558 561 3626 miranda
582 3559 896 3628 distribuat,
930 3576 995 3618 ac
1032 3563 1281 3634 perﬁciat
1306 3568 1488 3621 omnia
1521 3568 1577 3622 in
1611 3570 1888 3636 omnibus,

305 3650 556 3722 nihilque
611 3667 641 3706 a
696 3655 995 3726 semetipso
1044 3656 1322 3727 loquatur,
1388 3658 1483 3714 sed
1549 3676 1891 3731 quaecunque

307 3745 543 3809 audierit
582 3760 614 3800 a
663 3745 914 3815 Domino,
967 3748 1083 3804 haec
1139 3751 1396 3821 loquatur
1447 3751 1533 3816 ³⁷;
1586 3755 1888 3823 quomodo,

309 3854 522 3909 quasso,
554 3855 664 3895 non
710 3841 872 3911 longe
900 3842 1076 3913 magis
1107 3845 1484 3900 necessarium
1526 3857 1631 3911 est,
1672 3856 1733 3903 ut
1772 3849 1891 3902 uui-

307 3945 466 3996 versa
509 3930 602 3986 Dei
636 3931 902 3997 Ecclesia,
953 3934 1006 3987 itt
1039 3935 1191 4004 pacis
1226 3937 1449 3991 vinculo
1493 3938 1726 4008 spiritus
1769 3941 1890 3995 uni-

307 4028 475 4088 tatem
507 4022 795 4094 diligenter
821 4040 1041 4081 servare
1073 4027 1303 4084 studens
1339 4029 1410 4092 ’⁸,
1443 4031 1712 4099 compleat
1741 4032 1889 4102 quod

306 4114 366 4169 in
406 4112 561 4169 Actis
592 4114 796 4169 dictum
840 4124 925 4170 est.
972 4136 984 4169 :
1025 4115 1388 4172 Multitudinis
1430 4118 1750 4175 credentium
1775 4130 1890 4175 erat

305 4222 398 4273 cor
430 4222 616 4270 unum,
640 4217 689 4261 et
716 4208 896 4261 anima
920 4225 1026 4261 una
1054 4208 1097 4240 ³⁹
1117 4208 1139 4273 ?
1163 4207 1332 4264 Nemo
1358 4211 1505 4265 enim
1531 4226 1686 4266 suam
1717 4211 1890 4281 ipsius

303 4297 639 4352 voluntatem
668 4297 1009 4368 proponebat
1039 4298 1364 4367 faciendam,
1395 4300 1490 4356 sed
1517 4317 1710 4358 omnes
1728 4303 1889 4358 simul

310 4391 367 4457 in
396 4406 509 4447 uno
545 4399 740 4446 sancto
765 4389 971 4464 Spiritu
1005 4392 1324 4462 quaerebant
1350 4395 1688 4448 voluntatem
1717 4397 1890 4451 solius

1997 1904 2119 1975 νὴν,
2168 1903 2420 1973 λέγοντος
2469 1905 2571 1976 μὲν
2608 1904 2921 1977 ὁριστικῶς,
2963 1906 3045 1958 ὅτι
3085 1898 3151 1976 ’ᾭ
3192 1904 3592 1975 παριστάνετε

1996 1996 2249 2064 ἑαυτοὺς
2302 1997 2566 2063 δούλους
2614 2000 2705 2062 εὶς
2750 1997 3054 2067 ὑπακοὴν,
3110 1996 3321 2052 δοῦλοι
3372 1998 3513 2051 ἐστε
3539 1990 3593 2065 ᾧ

1995 2090 2362 2144 ὑπακούετε·
2407 2089 2695 2155 διεξιόντος
2727 2091 2785 2144 δὲ
2820 2089 3005 2161 σαφῶς
3034 2091 3129 2144 τοῦ
3169 2091 3415 2146 τοιούτου
3457 2108 3594 2163 φρο-

1996 2186 2237 2258 νήματος
2260 2184 2329 2239 τὰ
2357 2183 2643 2256 ἰδιώματα,
2667 2183 2743 2248 ὡς
2772 2185 2902 2238 ὅταν
2937 2184 3073 2255 λέγῃ
3091 2200 3105 2214 ·
3143 2185 3329 2239 Ὅπου
3362 2185 3473 2253 τὰρ
3519 2185 3593 2238 ἐν

1995 2279 2138 2350 ὑμῖν
2169 2277 2344 2346 ζῆλος
2374 2279 2471 2332 καὶ
2511 2278 2657 2346 ἔρις,
2699 2277 2796 2331 καὶ
2844 2276 3249 2346 διχοστασίαι,
3280 2276 3418 2344 οὐχὶ
3449 2292 3595 2342 σαρ-

1996 2373 2155 2427 κικοί
2185 2373 2365 2436 ἐστε;
2391 2371 2733 2435 διδάσκοντος
2758 2370 2816 2423 δὲ
2842 2369 2959 2440 ἅμα
2984 2368 3369 2438 ἀποφαντικῶς
3397 2367 3507 2439 (60)
3527 2366 3591 2423 τό

1994 2481 2056 2518 τε
2083 2465 2317 2536 χαλεπὸν
2349 2462 2530 2525 αὐτῶν
2559 2464 2660 2535 τῆς
2687 2462 2966 2525 ἐκϐάσεως
2989 2463 3085 2519 καὶ
3130 2461 3193 2514 τὸ
3224 2459 3589 2531 ἀκοινώτητον

1996 2557 2134 2629 πρὸς
2157 2556 2492 2622 θεοσέϐειαν,
2529 2555 2596 2609 δι’
2633 2548 2709 2610 ὧν
2738 2571 2901 2626 φησιν
2927 2554 3031 2621 ὅτι,
3071 2553 3139 2607 Τὸ
3174 2553 3450 2622 φρόνημα
3478 2548 3590 2619 τῆς

1995 2649 2245 2717 σαρκὸς,
2279 2648 2464 2718 ἔχθρα
2499 2651 2586 2714 είς
2616 2650 2798 2702 Θεόν·
2834 2646 2914 2712 τῷ
2953 2647 3062 2716 γὰρ
3105 2647 3267 2715 νόμῳ
3290 2645 3397 2700 τοῦ
3435 2640 3587 2700 Θεοί

1996 2742 2107 2810 οὐχ
2132 2738 2573 2795 ὑποτάσσεται·
2604 2738 2748 2794 οὐδὲ
2769 2740 2879 2809 γὰρ
2905 2738 3154 2792 δύναται
3171 2754 3185 2767 ·
3216 2737 3347 2790 διότι
3379 2735 3588 2802 Οὐδεὶς

1995 2831 2265 2895 δύναται,
2297 2831 2326 2883 ὁ
2354 2831 2559 2903 Κύριός
2605 2847 2757 2902 φησι,
2809 2829 2952 2884 δυσὶ
2992 2830 3221 2897 κυρίοις
3252 2828 3584 2882 δουλεύειν.

2065 2924 2120 2978 4.
2164 2920 2298 2979 Εἶτα
2342 2925 2508 2980 αὐτοῦ
2555 2922 2648 2977 τοῦ
2682 2922 3005 2994 μονογενοῦς
3033 2921 3166 2975 Υἱοῦ
3194 2921 3289 2975 τοῦ
3330 2921 3466 2975 Θεοῦ
3490 2920 3585 2974 τοῦ

1995 3015 2202 3086 Κυρίου
2233 3017 2327 3069 καὶ
2365 3016 2500 3070 Θεοῦ
2531 3015 2689 3086 ἡμῶν
2726 3013 2901 3086 Ἰησοῦ
2947 3012 3185 3084 Χριστοῦ
3230 3012 3483 3083 βοῶντος,
3517 3011 3585 3065 δι’

1995 3102 2057 3162 οῦ
2086 3106 2157 3161 τὰ
2184 3109 2361 3163 πάντα
2395 3108 2634 3178 ἐγένετο,
2666 3105 3049 3172 Καταϐἐϐηκα
3070 3105 3137 3158 ἐκ
3172 3105 3277 3159 τοῦ
3302 3103 3583 3173 οὐρανοῦ,

1995 3202 2108 3269 οὐχ
2137 3200 2239 3254 ἵνα
2265 3198 2412 3254 ποιῶ
2433 3200 2499 3253 τὸ
2532 3198 2761 3268 θέλημα
2785 3199 2850 3252 τὸ
2877 3198 3042 3268 ἐμὸν,
3071 3197 3231 3253 ἀλλὰ
3258 3196 3324 3250 τὸ
3355 3197 3587 3265 θέλημα

1993 3291 2099 3346 τοῦ
2134 3292 2484 3361 πέμψαντός
2509 3307 2587 3360 με
2633 3289 2890 3358 Πατρός·
2928 3289 3023 3343 καὶ
3051 3289 3131 3342 ὅτι
3169 3288 3294 3341 Ἀπ’
3323 3286 3584 3357 ἐμαυτοῦ

1992 3383 2141 3436 ποιῶ
2182 3382 2395 3437 οὐδέν·
2426 3383 2543 3450 καὶ,
2590 3381 2886 3450 Ἐντολὴν
2922 3381 3144 3434 ἔλαϐον
3178 3379 3237 3432 τί
3272 3378 3439 3441 εἴπω,
3483 3377 3585 3431 καὶ

1992 3474 2049 3528 τί
2086 3474 2340 3542 λαλήσω
2362 3490 2377 3504 ·
2405 3475 2500 3528 καὶ
2522 3473 2615 3528 τοῦ
2648 3473 2964 3545 Πνεῦματος
2992 3472 3087 3525 τοῦ
3135 3470 3293 3540 ἁγίου
3332 3470 3429 3523 τοῦ
3451 3470 3585 3523 διαι-

1994 3568 2213 3641 ροῦντος
2267 3567 2364 3637 μὲν
2403 3566 2472 3619 τὰ
2521 3564 2732 3636 μεγάλα
2775 3563 2871 3617 καὶ
2914 3560 3208 3634 θαυμαστὰ
3247 3561 3580 3632 χαρίσματα,

1993 3657 2341 3732 ἐνεργοῦντος
2380 3656 2437 3710 δὲ
2475 3656 2546 3710 τὰ
2580 3656 2757 3710 πάντα
2797 3656 2855 3709 ὲν
2898 3656 3054 3717 πᾶσι,
3081 3652 3369 3716 λαλοῦντός
3401 3669 3459 3706 τε
3487 3652 3584 3717 ἄρ’

1993 3749 2186 3804 ἑαυτοῦ
2220 3749 2395 3813 οὐδὲν,
2434 3747 2549 3802 ἀλλ’
2574 3749 2674 3801 ὅσα
2700 3747 2765 3800 ἂν
2798 3745 3005 3818 ἀκούσῃ
3033 3744 3186 3817 παρὰ
3216 3744 3311 3798 τοῦ
3346 3744 3583 3825 Κυρίου,

1990 3841 2163 3896 ταῦτα
2217 3840 2536 3902 λαλοῦντος·
2587 3839 2705 3902 πῶς
2758 3839 2819 3892 οὐ
2882 3837 3065 3909 πολλῷ
3116 3837 3316 3909 μᾶλλον
3365 3837 3582 3908 ἀνάγκη

1991 3937 2173 3989 πᾶσαν
2202 3934 2311 4005 (6|)
2342 3934 2440 4004 τὴν
2489 3932 2816 4002 Ἐκκλησίαν
2857 3930 2952 3984 τοῦ
2999 3930 3135 3984 θεοῦ
3170 3928 3583 3992 σπουδάζουσαν

1989 4030 2178 4099 τηρεῖν
2211 4027 2306 4098 τὴν
2337 4025 2563 4096 ἑνότητα
2608 4024 2700 4078 τοῦ
2749 4023 3058 4095 πνεύματος
3089 4023 3145 4075 ἐν
3182 4020 3262 4091 τῷ
3301 4021 3584 4091 συνδέσμῳ

1990 4121 2088 4190 τῆς
2136 4120 2379 4191 εἰρήνης,
2431 4116 2670 4189 πληροῦν
2717 4119 2892 4170 έκεῖνο
2933 4117 2993 4170 τὸ
3038 4116 3096 4168 ἐν
3141 4116 3264 4177 ταῖς
3309 4111 3584 4184 Πράξεσιν

1991 4209 2307 4281 εἰρημένον,
2354 4209 2436 4262 ὅτι
2494 4208 2604 4261 Τοῦ
2656 4208 2928 4273 πλήθους
2974 4205 3089 4260 τῶν
3123 4204 3586 4259 πιστευσάντων

1989 4299 2070 4373 ἦν
2104 4302 2143 4369 ἡ
2184 4301 2399 4371 καρδία
2447 4301 2545 4354 καὶ
2601 4300 2710 4369 (62)
2743 4301 2780 4368 ἠ
2829 4298 3000 4368 ’ψυχὴ
3047 4299 3188 4369 μία;
3217 4299 3430 4363 οὐδενὸς
3480 4300 3583 4370 μὲν

1990 4394 2230 4465 δηλονότι
2290 4394 2352 4446 τὸ
2411 4393 2541 4446 ἴδιον
2601 4391 2851 4461 βούλημα
2915 4390 3203 4454 ἱστῶντος,
3254 4389 3471 4443 πάντων
3520 4390 3583 4443 δὲ

304 4481 521 4538 Domini
564 4481 693 4550 Jesu
741 4482 968 4547 Christi,
1012 4485 1105 4555 qui
1156 4485 1233 4539 ait
1280 4505 1293 4540 :
1334 4485 1589 4541 Desccndi
1632 4487 1695 4541 de
1735 4487 1884 4551 arto,

1999 4490 2142 4559 κοινῇ
2182 4486 2491 4558 ζητούντων
2533 4487 2590 4540 ὲν
2636 4484 2717 4537 ἑνὶ
2764 4482 2843 4554 τῷ
2894 4483 3033 4555 ἁγίῳ
3080 4482 3356 4552 Πνεύματι
3387 4482 3449 4535 τὸ
3480 4481 3580 4536 τοῦ

304 4591 410 4639 non
466 4585 527 4633 ιιι
579 4576 776 4647 faciam
832 4577 1153 4639 voluntatem
1199 4595 1390 4641 meam,
1426 4579 1517 4634 sed
1560 4579 1881 4633 voluntatem

302 4671 417 4738 ejus
450 4672 540 4741 qui
577 4673 722 4725 misit
764 4687 866 4734 me,
904 4671 1089 4732 Patris
1117 4672 1161 4703 ἰο
1199 4688 1215 4736 ;
1255 4671 1320 4726 ad
1355 4689 1514 4743 quem
1554 4674 1726 4729 dicit:
1757 4673 1880 4728 Non

301 4781 397 4833 pro
444 4766 519 4819 eis
583 4775 757 4819 autem
811 4782 941 4834 rogo
997 4774 1226 4830 tantum,
1274 4766 1365 4820 sed
1424 4776 1474 4819 et
1523 4782 1617 4835 pro
1666 4767 1744 4821 eis
1793 4767 1882 4837 qui

1988 4581 2107 4645 ἐνὸς
2134 4579 2340 4652 Κυρίου
2383 4578 2557 4650 Ἰησοῦ
2596 4576 2833 4650 Χριστοῦ
2883 4576 3116 4647 θέλημα,
3151 4574 3246 4628 τοῦ
3291 4575 3577 4641 εἰπόντος·

1987 4672 2369 4739 Καταϐἐϐηκα
2418 4672 2487 4725 ἐκ
2538 4671 2645 4726 τοῦ
2693 4671 2984 4741 οὐρανοῦ,
3028 4671 3290 4738 οὺχσῖνα
3335 4666 3484 4722 ποιῶ
3509 4669 3578 4722 τὸ

1988 4765 2219 4834 θέλημα
2246 4764 2313 4818 τὸ
2338 4763 2503 4834 ἐμὸν,
2528 4764 2689 4818 ἀλλὰ
2721 4764 2787 4818 τὸ
2828 4763 3055 4833 θέλημα
3084 4762 3191 4817 τοῦ
3223 4761 3579 4830 πέμψαντός

300 4854 518 4913 credunt
548 4870 640 4924 per
686 4855 896 4910 verbum
933 4872 1114 4910 eorum
1153 4857 1207 4910 in
1250 4873 1350 4923 me,
1395 4867 1452 4910 ut
1503 4874 1677 4912 omnes
1723 4875 1884 4912 unum

1999 4875 2060 4923 us
2103 4858 2361 4927 Πατρός·
2417 4858 2553 4930 πρὸς
2600 4858 2658 4911 ὅν
2696 4875 2887 4931 φησιν·
2937 4861 3018 4913 Οὐ
3056 4858 3191 4929 περὶ
3238 4860 3460 4913 τούτων
3506 4856 3578 4911 δὲ

377 5073 481 5147 τι]
510 5073 636 5147 (lor,
663 5093 760 5139 xu,
795 5078 884 5132 27.
964 5079 1008 5110 ²⁹
1041 5077 1240 5147 thes.
1279 5094 1352 5141 tv,
1382 5078 1435 5132 5.
1514 5078 1559 5109 ³ο
1591 5078 1769 5133 Galat.
1806 5095 1878 5143 tv,
1912 5078 1958 5133 Ι.

303 5141 356 5198 7.
431 5145 478 5178 ³³
518 5145 707 5200 Matth.
757 5164 839 5207 Vl,
887 5148 977 5202 24.
1056 5141 1101 5180 ³⁸
1139 5141 1386 5213 Juan.~t,
1435 5149 1488 5203 5.
1532 5149 1600 5179 δι’
1638 5147 1796 5201 Joan.
1837 5141 1925 5211 vt,
1959 5148 2047 5204 58.

1183 5221 1226 5252 ³⁹
1263 5221 1385 5273 Act.
1426 5234 1499 5282 tv,
1541 5218 1627 5275 52,
1714 5220 1758 5251 ⁸ο
1797 5219 1956 5275 Joan.
1994 5235 2088 5288 Vl,
2120 5220 2208 5274 58.

301 5229 415 5283 xvt,
452 5217 535 5271 15.
615 5217 661 5251 ³³
701 5218 898 5288 Ephes.
937 5236 1008 5284 tv,
1048 5219 1102 5274 5.

370 5437 486 5519 (ὅθ)
519 5436 769 5519 Utraque
810 5438 979 5493 editio
1030 5437 1153 5509 οὐχὶ
1181 5439 1261 5492 ὲν.
1317 5438 1501 5494 Codex
1550 5436 1799 5494 Combcf.
1834 5447 1888 5494 et

299 5507 393 5563 alii
428 5509 537 5579 duo
572 5507 829 5579 οὐχήὲν.

370 5578 484 5650 (59)
513 5577 697 5635 Etlitio
724 5577 927 5636 ‘Paris.
971 5580 1213 5645 διανοίας
1267 5579 1376 5650 εἴη.
1430 5577 1548 5636 Vox
1601 5581 1794 5637 ultima
1826 5583 1880 5639 in

298 5651 651 5791 ωῖέοἰὶθιξὲξ.
689 5720 902 5791 primus
950 5722 1065 5786 ἅμα
1122 5721 1218 5775 καὶ
1259 5684 1664 5789 ἀπφαντικῶς.
1720 5723 1877 5790 Quod

2044 5078 2087 5109 ⁸¹
2124 5079 2284 5133 Rom.
2310 5096 2388 5143 Vl,
2429 5079 2512 5136 l6.
2593 5078 2637 5111 ³²
2665 5077 2685 5132 l
2717 5078 2844 5134 Cor.
2881 5095 2978 5142 ιιι,
3018 5080 3071 5133 '5.
3151 5079 3217 5111 ³²⁶
3261 5076 3416 5134 Rom.
3443 5093 3566 5147 vrtt,

2139 5151 2183 5181 ³⁸
2222 5148 2383 5206 Joan.
2418 5167 2544 5216 vttt,
2580 5150 2670 5205 28.
2749 5151 2796 5183 “
2833 5149 2992 5206 Joau.
3031 5168 3141 5217 χιι,
3171 5150 3262 5207 49.
3334 5150 3377 5184 ³⁷
3403 5147 3564 5206 Joan.

1992 5446 2085 5494 tur
2111 5439 2165 5493 in
2197 5438 2452 5509 Vulgata.
2490 5438 2771 5509 Sapientia,
2808 5441 2987 5495 carnis
3043 5441 3263 5495 inimica
3313 5451 3393 5497 est
3434 5440 3563 5499 Deo.

2061 5510 2172 5584 (iii)
2200 5508 2448 5584 Utraque
2472 5512 2642 5584 edit_io
2669 5517 2725 5565 et
2756 5508 2888 5584 Reg.
2918 5511 3119 5566 tertius
3145 5512 3357 5584 ἀνάγκη
3387 5513 3562 5570 πᾶσα.

1985 5579 2175 5651 Codex
2205 5579 2455 5651 Combei.
2487 5589 2544 5651 et
2568 5579 2704 5650 Reg.
2743 5579 2956 5651 primus
2991 5585 3191 5636 πᾶσαν.

2016 5676 2021 5681 -
2053 5650 2169 5719 (62)
2206 5651 2287 5705 lta
2308 5650 2479 5705 editio
2498 5649 2703 5706 Veneta
2729 5649 2789 5705 et»
2818 5655 2992 5707 nostri
3018 5653 3139 5707 libri
3170 5659 3400 5707 veteres.
3433 5649 3564 5707 Edi-

1983 5721 2074 5796 tio
2103 5719 2282 5796 Paris.
2313 5720 2507 5796 καρδία
2543 5722 2638 5793 μία
2659 5721 2753 5776 καί
2799 5732 2903 5780 etc.
2930 5722 3085 5779 Haud
3114 5724 3274 5796 longe
3295 5723 3404 5780 duo
3426 5732 3559 5789 mss.

297 5789 571 5862 sumitur,
597 5789 852 5873 ἑρρόνημα
884 5793 979 5869 τῆς
1007 5791 1228 5869 σαρκός,
1268 5794 1340 5851 ita
1369 5808 1698 5851 conversum
1746 5789 1880 5867 legi-

1999 5791 2088 5846 ὶπδ
2111 5789 2205 5851 τοῦ
2233 5789 2483 5866 ούρανοῦ.
