3982 6240
390 297 486 356 661

1766 293 1853 349 DE
1889 291 2161 350 JUDlClO
2194 291 2327 348 DEI.

3552 277 3662 348 662‘

387 409 577 482 (putt?)
599 409 814 479 μόνον,
835 409 995 463 ἀλλὰ
1016 409 1112 464 καί
1134 410 1266 478 περὶ
1290 409 1416 485 td»;
1434 413 1842 465 πιστευόντων
1862 410 1965 482 (63)

2079 414 2186 465 sint
2216 413 2284 470 “.
2324 411 2460 466 Cum
2494 409 2568 466 ita
2597 409 2819 465 demum
2852 423 2916 463 ex
2955 407 3059 473 his,
3089 412 3141 461 et
3175 420 3242 461 ex
3287 405 3447 476 217
3489 403 3662 476 pluri-

385 507 482 560 διὰ
505 502 613 558 τοῦ
639 503 829 572 λόγου
858 502 1060 555 αὐτῶν
1084 504 1168 569 είς
1190 502 1317 572 ἐμὲ,
1340 503 1443 556 ἵνα
1472 502 1697 568 πάντες
1717 501 1788 557 ἐν
1807 498 1978 557 ὦσιν.

399 597 524 648 Ἐπὶ
557 594 792 658 τούτοις,
826 595 924 648 καὶ
966 593 1172 648 πλείοσι
1205 596 1317 658 τοῖς
1352 595 1802 666 σεσιωπημένοις,
1841 593 1984 648 οὕτω

392 683 581 752 σαφῶς
611 686 705 737 καὶ
739 685 1151 755 ἀναντιρῤήτως
1188 684 1488 753 ἀναγκαίαν
1535 686 1632 756 μὲν
1679 681 1818 738 εἶναι
1847 685 1984 756 πλη-

386 777 717 850 ροφορηθεὶς
745 778 849 849 τὴν
890 777 1041 847 παρά
1068 777 1250 848 πάσης
1273 777 1411 849 ὁμοῦ
1449 779 1548 848 τῆς
1572 778 1666 831 τοῦ
1693 777 1828 832 Θεοῦ
1865 779 1986 829 Ἐκ-

385 869 640 939 κλησίας,
685 869 825 922 κατά
855 869 918 921 τὸ
947 866 1156 939 θέλημα
1185 867 1278 920 τοῦ
1316 867 1576 940 Χριστοῦ,
1611 870 1668 920 ἐν
1703 867 1982 936 Πνεύματι

384 960 526 1030 ἁγίῳ
583 958 938 1028 συμφωνίαν,
985 957 1320 1012 ἐπικίνδυνον
1387 959 1444 1012 δὲ
1496 959 1591 1012 καὶ
1634 957 1886 1031 ὀλεθρίαν
1924 957 1982 1010 ὲν

383 1051 452 1120 τῇ
486 1050 626 1122 πρὸς
647 1049 909 1121 ἀλλήλους
937 1049 1213 1102 διαστάσει
1242 1050 1340 1121 τὴν
1368 1051 1505 1122 πρὸς
1532 1049 1666 1103 Θεὸν
1696 1049 1981 1104 ἀπείθειαν

387 1141 486 1212 ('0
528 1143 639 1211 γὰρ
687 1139 967 1206 ἀπειθῶν,
1020 1141 1173 1212 φησὶ,
1208 1139 1289 1206 τῷ
1324 1139 1433 1206 Υἱῷ
1468 1143 1579 1195 οὐκ
1615 1142 1827 1210 ὄψεται
1867 1143 1984 1210 τὴν

383 1233 544 1300 ζωὴν
565 1274 581 1297 ,
621 1233 759 1288 ἀλλ’
788 1235 826 1300 ἡ
888 1233 1033 1301 ὁρτὴ
1078 1233 1184 1287 τοῦ
1228 1233 1376 1287 Θεοῦ
1407 1232 1584 1303 μενεῖ
1617 1233 1710 1286 ἐπ’
1750 1234 1979 1306 αὑτὸν),

383 1327 569 1378 έκεῖνο
615 1324 910 1378 ἀκόλουθον
951 1325 1245 1395 ἡγησάμην
1295 1324 1549 1389 ἐξετάσαι
1591 1325 1806 1378 λοιπόν·
1853 1329 1983 1379 ποῖα

385 1415 489 1486 μὲν
526 1415 638 1487 ἄρα
690 1414 1022 1486 συγγνώμην
1065 1415 1174 1468 τῶν
1225 1416 1643 1488 ἁμαρτημάτων
1697 1415 1842 1486 ἔχειν
1887 1417 1980 1468 δύ-

380 1520 543 1556 ναται
600 1505 750 1574 παρά
808 1503 887 1574 τῷ
937 1504 1090 1573 Θεῷ,
1153 1505 1297 1559 πόσα
1363 1506 1420 1559 δέ
1488 1524 1572 1569 τις
1626 1508 1720 1558 καὶ
1779 1505 1981 1578 πηλίκα

380 1594 752 1664 ἁμαρτήσας,
817 1593 1114 1658 ὑπεύθυνος
1178 1595 1388 1662 γίνεται
1450 1596 1526 1665 τῷ
1587 1597 1816 1666 κρίματι
1881 1598 1980 1667 τῆς

380 1683 692 1746 ἀπειθείας.
727 1683 980 1754 Εὑρίσκω
1001 1685 1197 1748 τοίνυν,
1239 1684 1520 1739 ἀναλαϐὼν
1553 1685 1664 1756 (64)
1703 1685 1801 1750 τὰς
1833 1686 1980 1748 θείας

2085 503 2212 568 bus,
2251 519 2374 574 quae
2415 503 2636 560 silentio
2681 499 3028 573 praetermisi,
3076 497 3213 552 mihi
3253 497 3404 551 clare
3441 504 3496 550 et
3545 497 3660 551 evi-

2083 593 2275 650 denter
2302 597 2698 666 persuasissem
2739 590 3091 648 concordiam
3129 587 3324 643 intota
3360 587 3526 642 simul
3551 585 3659 640 Ec-

2084 683 2255 738 clesia
2288 682 2382 739 Dei
2414 681 2788 740 necessariam
2812 694 2954 745 esse,
2988 678 3146 750 juxta
3175 677 3378 734 Christi
3407 677 3662 731 volunta-

2085 782 2217 840 tem,
2255 777 2311 829 in
2358 783 2556 830 sancto
2606 772 2838 844 Spiritu,
2882 777 3202 840 contraque,
3252 768 3660 824 contumaciam

2083 881 2204 935 quae
2241 866 2296 919 in
2327 864 2496 921 Deum
2545 872 2651 930 est,
2691 863 2931 918 maxime
2971 864 3017 919 si
3053 869 3245 916 mutuo
3272 859 3504 916 dissidio
3527 875 3661 915 con-

2082 956 2372 1026 jungatur,
2423 957 2789 1028 periculosam
2832 970 2957 1011 esse
3001 961 3056 1010 et
3102 953 3470 1025 perniciosam
3529 951 3660 1022 (Qui

2083 1049 2244 1115 enim,
2290 1049 2485 1118 inquit,
2522 1059 2809 1104 contumax
2847 1057 2924 1102 est
2959 1048 3013 1101 in
3053 1045 3279 1109 Filium,
3327 1060 3430 1113 non
3465 1042 3660 1099 uidebit

2084 1140 2266 1204 vitam,
2309 1139 2398 1194 sed
2443 1143 2526 1194 ira
2570 1139 2667 1194 Dei
2702 1137 2932 1193 manebit
2980 1152 3135 1206 super
3175 1137 3347 1207 ipsum
3387 1135 3478 1207 “),
3524 1135 3661 1191 illud

2083 1247 2430 1300 consequens
2491 1245 2616 1286 esse
2677 1230 2843 1293 duxi,
2897 1237 2958 1284 ut
3008 1228 3228 1285 tandem
3290 1226 3658 1298 expenderem

2081 1337 2328 1392 quamam
2347 1332 2570 1393 peccata
2587 1323 2796 1377 veniam
2812 1320 2955 1391 apud
2973 1320 3140 1376 Deum
3159 1320 3407 1376 obtinere
3423 1320 3659 1390 possint,

2081 1422 2135 1466 et
2157 1415 2227 1468 ob
2245 1431 2364 1484 qua:
2381 1421 2434 1468 et
2451 1415 2522 1470 ob
2540 1413 2721 1484 qualia
2744 1412 2940 1468 delicta
2961 1411 3050 1466 fiat
3066 1412 3189 1482 quis
3205 1410 3660 1480 contumaciaaju-

2081 1505 2226 1560 dicio
2261 1506 2554 1561 obnoxius.
2598 1503 2840 1561 Relectis
2884 1505 3050 1576 igitur
3100 1503 3404 1572 Scripturis
3433 1502 3655 1567 divinis,

2064 1596 2298 1665 'rcperio
2342 1598 2397 1648 in
2446 1594 2624 1650 Veteri
2674 1609 2736 1649 ac
2775 1592 2926 1650 Novo
2969 1593 3341 1658 Testamento,
3373 1608 3551 1662 neque
3603 1594 3658 1645 in

2083 1688 2438 1743 multitudine
2481 1703 2658 1758 neque
2709 1686 2766 1740 in
2831 1685 3207 1756 magnitudine
3265 1693 3654 1754 peccatorum,

378 1775 423 1827 Γ
425 1776 633 1846 ραφὰς,
670 1776 728 1827 ὲν
759 1777 824 1846 τῇ
857 1775 1068 1846 Παλαιᾷ
1101 1776 1194 1829 κα)⁵
1243 1778 1420 1847 Καινῇ
1457 1777 1718 1850 Διαθήκῃ,
1751 1777 1873 1830 οὔτε
1920 1779 1965 1830 ἐκ

2083 1777 2179 1832 sed
2212 1778 2266 1831 in
2310 1793 2418 1832 una
2461 1779 2840 1833 tantummodo
2879 1782 3254 1847 cujuscunque
3279 1778 3499 1831 tandem
3527 1792 3658 1846 prce-

376 1866 459 1936 τῷ
488 1865 688 1936 πλήθει
720 1865 828 1920 τῶν
872 1867 1362 1938 ἁμαρτανομένων,
1389 1867 1511 1920 οὗτε
1557 1871 1612 1921 ὲν
1643 1869 1720 1938 τῷ
1755 1869 1975 1938 μεγέθει

375 1957 490 2010 τῶν
521 1956 958 2028 ἁμαρτημάτων,
999 1958 1056 2010 ὲν
1082 1959 1216 2029 μόνῃ
1262 1958 1318 2012 δὲ
1361 1961 1426 2030 τῇ
1485 1961 1790 2030 παραϐάσει
1830 1962 1975 2014 οὑτι-

377 2045 575 2098 νοσοῦν
600 2047 1047 2117 προστάγματος,
1085 2050 1271 2117 σαφῶς
1321 2051 1653 2122 κρινομένην
1701 2051 1797 2122 τὴν
1837 2052 1975 2122 πρὸς

376 2137 518 2192 Θεὸν
553 2139 863 2204 ἀπείθειαν,
898 2142 992 2194 καὶ
1045 2142 1223 2196 κοινὸν
1283 2142 1425 2196 κατὰ
1474 2143 1653 2213 πάσης
1692 2148 1974 2217 παρακοῆς

376 2230 476 2282 τοῦ
520 2230 658 2284 Θεοῦ
706 2232 768 2286 τὸ
815 2236 1023 2304 κρῖμα·
1069 2235 1128 2286 ὲν
1176 2235 1272 2306 μὲν
1313 2237 1378 2306 τῇ
1416 2237 1628 2307 Παλαιᾷ
1656 2238 1715 2291 τὸ
1745 2239 1972 2308 φοϐερὸν

376 2320 565 2372 ἐκεῖνο
614 2320 711 2374 τοῦ
745 2323 928 2392 Ἀχαρ
965 2321 1075 2393 (65)
1112 2323 1496 2393 ἀναγινώσκων
1544 2327 1727 2390 τέλος,
1791 2327 1824 2397 ἢ
1876 2329 1972 2398 τὴν

376 2412 528 2465 κατά
561 2412 653 2467 τὸν
679 2414 738 2467 ὲν
767 2413 1031 2485 Σαϐϐάτῳ
1065 2415 1197 2482 ξύλα
1239 2415 1569 2480 συλλέξαντα
1609 2419 1868 2490 ἱστορίαν,
1898 2414 1972 2472 ὧν

377 2504 645 2574 ἑκάτερος
698 2503 850 2558 οὐδὲν
902 2505 1245 2560 οὐδεπώποτε
1313 2506 1488 2571 ἄλλως
1557 2511 1656 2562 οὐκ
1706 2512 1785 2572 είς
1841 2512 1972 2564 Θεὸν

374 2596 744 2667 ἡμαρτηκὼς,
790 2598 890 2651 οὐκ
945 2597 1228 2669 ἄνθρωπον
1279 2599 1574 2672 ἠδικηκὼς,
1608 2602 1669 2653 ού
1713 2603 1872 2672 μέγα,
1908 2604 1967 2655 οὐ

379 2687 582 2758 μικρὸν
626 2687 766 2752 ὅλως
811 2689 1144 2761 εὑρίσκεται.
1181 2691 1318 2750 Ἀλλῗ
1351 2693 1379 2744 ὁ
1414 2693 1530 2762 μὲν,
1565 2694 1656 2745 ἐπὶ
1703 2695 1838 2767 μόνῃ
1876 2695 1968 2748 καὶ

376 2777 580 2850 πρώτῃ
617 2779 728 2833 τῶν
763 2778 934 2844 ξύλων
973 2782 1202 2854 συλλογῇ
1236 2785 1608 2856 ἀπαραίτητον
1650 2785 1828 2839 δίδωσι
1869 2786 1969 2856 τὴν

373 2869 558 2939 δίκην,
610 2871 733 2924 οὐδὲ
775 2873 1068 2942 μετανοίας
1121 2875 1280 2928 τόπον
1332 2876 1543 2947 εὑρών·
1589 2878 1968 2948 προστάγματι

373 2956 490 3027 γὰρ
519 2957 617 3009 τοῦ
643 2957 781 3012 Θεοῦ
807 2960 956 3030 παρὰ
988 2963 1188 3026 παντὸς
1215 2964 1308 3017 τοῦ
1343 2965 1473 3018 λαοῦ
1509 2966 1851 3036 παραχρῆμα
1890 2966 1969 3019 λι-

374 3045 713 3101 θοϐολείται·
745 3053 775 3103 6
802 3051 880 3117 δὲ,
900 3052 984 3105 ὅτι
1010 3054 1167 3122 μόνον
1193 3056 1440 3125 ὑφείλετὸ
1467 3075 1517 3110 τι
1556 3056 1664 3109 τῶν
1688 3059 1964 3128 ἀναθεμα-

371 3155 487 3192 των
533 3139 692 3194 οὓπω
731 3143 1143 3214 εἰσενεχθέντων
1191 3147 1302 3218 (66)
1350 3151 1428 3212 είς
1477 3149 1575 3221 τὴν
1623 3153 1962 3222 συναγωγὴν,

373 3230 499 3283 οὐδὲ
561 3233 1003 3304 προσδεχθέντων
1061 3237 1167 3290 ὑπὸ
1231 3239 1336 3292 τῶν
1391 3243 1835 3312 ἐπιτεταγμένων
1899 3247 1965 3297 τὰ

371 3323 622 3390 τοιαῦτα,
651 3326 822 3390 αἴτιος
867 3327 1142 3393 ἀπωλείας
1182 3332 1281 3384 ούγ
1321 3331 1470 3401 αὐτῷ
1511 3335 1688 3402 μόνον,
1720 3335 1851 3388 ἀλλὰ
1874 3338 1966 3389 καὶ

373 3419 592 3487 γαμετῇ
636 3418 732 3471 καὶ
770 3419 1020 3487 τέκνοις,
1070 3423 1205 3492 πρὸς
1248 3421 1303 3475 δὲ
1345 3424 1441 3476 καὶ
1479 3425 1614 3495 αὐτῇ
1673 3427 1739 3496 τῇ
1792 3430 1962 3499 σκηνῇ

374 3508 480 3562 σὺν
521 3511 656 3562 πᾶσι
702 3513 815 3574 τοῖς
867 3513 1017 3576 ἰδίοις
1061 3513 1292 3582 ἐγένετο.
1329 3516 1558 3586 Ἔμελλε
1611 3517 1668 3570 δὲ
1716 3517 1814 3589 ἤδη
1873 3520 1964 3572 καὶ

371 3598 560 3654 πάντα
579 3601 675 3654 τὸν
702 3602 830 3657 λαὸν
859 3606 1031 3675 πυρὸς
1059 3607 1257 3676 τρόπον
1284 3607 1638 3678 ἐπινέμεσθαι
1665 3610 1763 3680 τῆς
1793 3611 1965 3681 ἁμαρ-

372 3692 499 3757 τίας
516 3693 581 3747 τὺ
601 3694 794 3758 κακὸν,
822 3697 918 3748 καὶ
946 3696 1117 3751 ταῦτα
1141 3699 1260 3752 οὔτε
1293 3701 1470 3754 εἰδότα
1492 3701 1553 3753 τὸ
1579 3702 1818 3770 γεγονὸς,
1844 3704 1964 3756 οὐδὲ

377 3789 760 3854 συνεγνωκότα
795 3787 873 3859 τῷ
907 3791 1306 3862 ἀμαρτήσαντι,
1340 3793 1388 3844 εἰ
1420 3792 1492 3865 μὴ
1534 3793 1740 3862 ταχέως
1773 3795 1836 3845 ὲκ
1864 3795 1963 3864 τῆς

373 3877 639 3942 πτώσεως
664 3879 774 3931 τῶν
811 3881 1203 3951 ἀναιρεθέντων
1236 3883 1445 3954 ἀνδρῶν
1483 3887 1770 3956 συνετρίϐη
1804 3887 1900 3956 μὲν
1935 3888 1962 3938 6

371 3967 502 4030 λαὸς
535 3970 855 4042 αἰσθόμενος
884 3973 984 4043 τῆς
1019 3974 1189 4045 ὀργῆς
1211 3974 1303 4027 τοῦ
1339 3975 1473 4028 Θεοῦ
1496 3993 1510 4006 ·
1552 3976 1714 4029 ἔπεσε
1746 3977 1802 4028 δὲ
1846 3977 1960 4047 ἅμα

373 4064 490 4126 τοῖς
534 4062 928 4134 πρεσϐυτέροις
970 4067 1456 4137 καταπασσάμενος
1504 4066 1631 4138 χοῦν
1681 4067 1885 4138 Ἰησοῦς
1932 4071 1961 4120 6

371 4149 469 4203 τοῦ
497 4152 654 4222 Ναυῆ
678 4193 692 4218 ,
739 4154 835 4206 καὶ
869 4154 1008 4207 οὕτω
1049 4156 1137 4210 διὰ
1181 4156 1382 4230 κλήρου
1417 4159 1689 4230 φωραθεὶς
1723 4161 1750 4211 ὁ
1777 4159 1950 4229 ἔνορς

371 4244 474 4316 τὴν
503 4245 808 4317 εἰρημένην
834 4247 1000 4300 ἔδωκε
1029 4248 1198 4318 δίκην.

453 4336 507 4390 5.
554 4337 706 4390 Ἀλλ’
734 4339 865 4402 ἴσως
900 4341 1014 4410 ὲρεῖ
1056 4358 1138 4404 τις
1182 4341 1576 4396 ὑποπτεύεσθαι
1614 4344 1708 4413 μὲν
1737 4341 1954 4408 τούτους

2077 1868 2215 1936 ccpti
2281 1869 2611 1935 violatione,
2687 1871 3086 1925 contumaciam
3154 1869 3416 1925 adversus
3483 1865 3656 1922 Deum

2076 1960 2225 2014 clare
2266 1958 2540 2026 iudicari,
2589 1974 3045 2030 communemque
3093 1961 3421 2016 sententiam
3467 1975 3497 2013 a
3544 1958 3656 2014 Deo

2076 2049 2205 2104 ferri
2232 2053 2286 2105 in
2311 2068 2528 2106 omnem
2560 2052 3005 2107 inobedientiam.
3035 2053 3211 2123 Atque
3236 2054 3288 2107 in
3315 2051 3495 2106 Veteri
3533 2052 3655 2121 qui-

2073 2142 2194 2196 dem
2241 2144 2360 2215 lego
2397 2146 2728 2200 horrendum
2757 2145 2908 2198 illum
2949 2145 3123 2216 ipsius
3150 2146 3332 2200 Achar
3357 2147 3557 2200 exitum
3584 2145 3651 2208 ",

2075 2241 2168 2287 aut
2191 2235 2309 2302 ejus
2339 2238 2430 2299 qui
2464 2237 2702 2291 Sabbato
2728 2238 2874 2308 ligna
2913 2238 3203 2306 collegerat
3248 2237 3531 2290 historiam
3559 2236 3603 2266 “
3635 2256 3648 2290 :

2075 2339 2307 2393 quorum
2376 2334 2570 2380 neuter
2627 2343 2866 2397 unquam
2913 2327 3047 2380 alias
3107 2325 3534 2396 deprehenditur
3592 2324 3649 2378 in

2075 2414 2242 2470 Deum
2280 2433 2557 2487 peccasse,
2585 2429 2677 2473 aut
2710 2420 2918 2474 homini
2949 2420 3044 2473 ulli
3075 2419 3183 2471 ulla
3214 2420 3268 2471 in
3306 2431 3363 2470 re
3391 2417 3503 2470 sive
3532 2430 3649 2468 ma-

2073 2523 2176 2576 gna
2235 2509 2348 2562 sive
2395 2524 2558 2579 parva
2603 2511 2860 2579 injuriam
2893 2509 3110 2565 fecisse.
3144 2507 3249 2562 Sed
3295 2515 3475 2562 tamen
3508 2506 3649 2560 alter

2073 2599 2290 2669 quidem
2321 2599 2393 2655 ob
2436 2601 2606 2656 solam
2653 2618 2716 2656 ac
2758 2604 2987 2671 primam
3040 2603 3312 2668 lignorum
3364 2600 3651 2657 collectio-

2074 2709 2197 2747 nem
2244 2694 2586 2748 inevitabiles
2631 2709 2820 2764 poenas
2871 2697 2991 2758 luit,
3044 2710 3112 2748 ne
3156 2694 3488 2764 pmnitentisc
3532 2694 3652 2763 qui-

2071 2786 2192 2840 dem
2245 2786 2465 2841 invento
2513 2787 2652 2848 loco,
2699 2787 3142 2857 quandoquidem
3180 2787 3272 2839 Dei
3316 2787 3475 2855 jussu
3517 2802 3645 2841 con—

2071 2875 2250 2931 festini
2291 2891 2321 2929 a
2355 2886 2554 2928 cuncto
2592 2877 2794 2946 populo
2845 2875 3120 2945 lapidibus
3165 2877 3418 2930 obruitur
3460 2893 3473 2927 :
3510 2876 3648 2931 alter

2069 2984 2221 3032 vero,
2249 2969 2392 3038 quod
2424 2969 2599 3022 solum
2637 2969 2951 3024 sustulisset
2985 2969 3194 3037 aliquid
3226 2985 3288 3022 ex
3316 2968 3559 3024 donariis
3589 2978 3644 3022 et

2071 3062 2411 3125 muneribus,
2449 3062 2626 3128 iisque
2661 3061 2900 3114 nondum
2938 3061 2992 3116 in
3026 3076 3350 3132 synagogam
3385 3072 3642 3130 exporta-

2071 3153 2163 3214 tis,
2200 3153 2432 3207 necdum
2468 3153 2537 3208 ab
2573 3152 2642 3208 iis
2668 3153 2761 3223 qui
2808 3153 2874 3206 ad
2904 3153 3030 3207 talia
3066 3151 3378 3224 recipienda
3407 3153 3646 3208 destina-

2067 3244 2290 3304 bantur,
2326 3247 2646 3313 assumptis,
2679 3260 2785 3298 non
2824 3244 2926 3298 sibi
2960 3243 3142 3309 modo,
3176 3245 3270 3298 sed
3297 3244 3452 3298 uxori
3481 3247 3642 3298 etiam

2067 3341 2120 3386 et
2150 3333 2336 3388 liberis
2385 3335 2535 3388 exitii
2581 3342 2744 3404 atque
2791 3332 3054 3403 perniciei
3098 3344 3289 3387 auctor
3334 3333 3453 3397 fuit,
3502 3348 3642 3401 pra:-

2067 3433 2325 3494 tereaque
2365 3432 2418 3478 ct
2461 3425 2562 3494 ipsi
2611 3426 2968 3480 tabernaculo
3021 3438 3125 3478 una
3165 3440 3288 3478 cum
3320 3425 3434 3478 suis
3469 3426 3642 3477 omni-

2067 3517 2190 3571 bus.
2224 3515 2452 3586 Jamque
2483 3517 2692 3585 peccati
2738 3517 2977 3570 vindicta
3011 3517 3154 3587 ignis
3183 3516 3238 3569 in
3282 3514 3504 3570 modum
3536 3532 3636 3585 po-

2067 3609 2252 3678 pulum
2289 3625 2505 3662 onmem
2545 3610 2865 3678 populatura
2913 3619 3048 3670 erat,
3090 3609 3251 3679 idque
3296 3623 3419 3662 cum
3462 3623 3639 3677 neque

2066 3715 2180 3752 rem
2227 3708 2433 3764 nosset,
2484 3713 2658 3766 neque
2718 3699 2965 3768 peccanti
3017 3699 3275 3753 conscius
3321 3705 3486 3762 esset,
3529 3699 3637 3753 nisi

2065 3788 2248 3841 statim
2275 3787 2530 3857 populus,
2573 3788 2664 3857 qui
2700 3789 2940 3841 divinam
2965 3789 3102 3842 iram
3141 3796 3408 3856 senserat,
3444 3787 3640 3844 fuisset

2065 3881 2336 3936 contritus
2370 3881 2440 3933 ob
2469 3880 2881 3934 interfectorum
2910 3880 3152 3934 virorum
3187 3879 3420 3945 cladem,
3444 3889 3498 3935 ct
3525 3881 3633 3934 nisi

2062 3972 2223 4027 Jesus
2263 3971 2409 4027 Nave
2441 3973 2585 4027 filius
2637 3973 2858 4040 pulvere
2914 3986 3250 4040 conspersus
3304 3969 3636 4040 procidisse:

2063 4080 2171 4118 una
2220 4080 2343 4119 cum
2389 4063 2725 4127 senioribus,
2776 4063 2966 4132 sicque
3009 4077 3136 4116 reus
3177 4078 3272 4132 per
3299 4070 3503 4116 sortem
3540 4061 3635 4117 de-

2062 4159 2388 4228 prehensus,
2417 4172 2511 4211 eas
2541 4171 2678 4226 quas
2703 4155 2814 4210 dixi
2843 4171 3036 4225 pmnas
3069 4155 3330 4210 dedisset.

2133 4335 2183 4389 5.
2227 4335 2296 4387 At
2338 4334 2575 4388 fortasse
2620 4333 2765 4387 dicet
2815 4333 3120 4403 quispiam,
3157 4333 3225 4389 de
3273 4331 3360 4386 bis
3413 4331 3632 4401 quidem

372 4428 602 4493 εἰκότως
652 4431 750 4483 καὶ
795 4432 882 4482 ἐπ’
932 4431 1112 4495 ἄλλοις
1156 4434 1570 4504 ἁμαρτήμασιν,
1626 4436 1714 4502 ἀφ’
1752 4429 1826 4487 ὧν
1861 4439 1954 4490 καὶ

2071 4428 2353 4484 existimari
2386 4428 2580 4481 merito
2614 4441 2796 4495 posse,
2822 4427 2970 4496 ipsos
2993 4426 3115 4480 aliis
3146 4427 3307 4479 etiam
3337 4425 3635 4479 sceleribus

372 4519 434 4568 ὲν
459 4516 673 4580 τούτοις
713 4517 958 4572 ἑάλωσαν
981 4537 993 4549 ·
1035 4521 1210 4590 μόνων
1253 4523 1308 4574 δὲ
1348 4523 1571 4587 τούτων,
1594 4523 1668 4587 ώς
1700 4524 1950 4594 χαλεπω-

369 4606 544 4676 τέρων
569 4607 666 4660 καὶ
700 4599 926 4662 θανάτου
971 4610 1164 4675 ἀξίων,
1217 4612 1611 4684 ἐπιμνησθῆναι
1655 4615 1752 4684 τὴν
1791 4615 1950 4682 ἁγίαν

370 4694 615 4765 Γραφήν.
665 4696 802 4749 Ἀλλ’
838 4700 886 4750 εί
931 4701 1024 4752 καὶ
1066 4701 1185 4753 λίαν
1233 4700 1318 4772 εἴη
1351 4703 1378 4755 6
1404 4703 1640 4764 τοιοῦτος
1683 4705 1953 4775 τολμηρὸς

370 4786 722 4856 προστιθέναι
759 4805 811 4841 τι
861 4791 954 4842 καὶ
989 4790 1258 4863 ὑφαιρεῖν,
1315 4794 1389 4864 μὴ
1439 4794 1536 4846 καὶ
1579 4793 1798 4865 Μαρίας
1844 4796 1952 4864 ἄρα

367 4873 469 4942 τῆς
523 4874 764 4946 ἀδελφῆς
812 4878 1089 4943 Μωῡσέως
1146 4884 1511 4954 κατηγορήσει
1559 4883 1699 4953 (67)
1750 4884 1950 4955 πλῆθος

370 4965 805 5036 ἁμαρτημάτων,
852 4963 920 5039 ἦς
967 4970 1067 5040 τὴν
1105 4973 1300 5044 ἀρετὴν
1346 4974 1536 5028 οὐδένα
1586 4975 1694 5027 τῶν
1743 4975 1948 5028 πιστῶν

367 5051 523 5126 οἶμαι
568 5057 984 5127 διαλανθάνειν;
1035 5062 1182 5134 Αὕτη
1247 5065 1385 5118 κατὰ
1438 5066 1716 5130 Μωῦσέως
1762 5067 1946 5137 ἐπειδὴ

2055 4519 2226 4574 fuisse
2248 4517 2567 4582 obstrictos,
2592 4517 2662 4570 ob
2681 4531 2802 4587 quae
2823 4524 2875 4572 et
2899 4518 2952 4569 in
2977 4516 3085 4571 illis
3116 4515 3440 4585 deprehensi
3471 4514 3580 4568 sint
3615 4534 3628 4568 :

2057 4611 2152 4666 sed
2187 4617 2368 4664 tamen
2399 4624 2613 4665 sacram
2637 4608 2973 4679 Scripturam
3005 4609 3071 4662 de
3097 4608 3182 4662 bis
3209 4608 3341 4661 solis
3373 4615 3628 4675 tanquam

2058 4702 2405 4772 gravioribus
2454 4710 2735 4770 morteque
2791 4699 2973 4770 dignis
3020 4699 3356 4753 mentionem
3408 4697 3626 4751 fecisse.

2055 4794 2160 4848 Sed
2190 4801 2550 4863 praeterquam
2571 4793 2716 4862 quod
2743 4792 2901 4847 valde
2925 4791 3103 4843 audax
3125 4796 3210 4844 est
3231 4798 3282 4842 et
3306 4787 3628 4842 temerarius

2051 4883 2298 4952 quisquis
2345 4883 2521 4938 sacris
2569 4880 2868 4950 Scripturis
2914 4879 3103 4947 adjicit
3139 4878 3344 4946 aliquid
3395 4888 3490 4929 aut
3533 4877 3627 4931 de-

2049 4975 2178 5036 mit,
2217 4974 2485 5044 nunquid,
2523 4988 2730 5044 quaeso,
2761 4980 2814 5026 et
2857 4968 3077 5024 Mariam
3111 4969 3310 5039 Moysis
3355 4983 3620 5031 sororem,

2050 5067 2210 5136 cujus
2256 5069 2515 5122 virtutem
2562 5066 2769 5120 nemini
2823 5065 3061 5119 fidelium
3112 5063 3445 5133 incognitam
3500 5078 3623 5118 esse

437 5210 480 5240 ’δ’
521 5208 680 5266 Joan.
713 5227 865 5280 xm,
897 5211 990 5269 20.
1062 5214 1111 5246 δ’
1147 5214 1305 5270 Joan.
1342 5233 1436 5283 Ill,
1469 5217 1559 5272 56.
1637 5220 1683 5250 ⁸³
1718 5217 1833 5275 Jos.
1869 5233 1944 5274 vn

2071 5219 2218 5274 ι-τι.
2293 5219 2339 5252 ⁸⁸
2377 5220 2538 5275 Num.
2580 5236 2667 5288 xv,
2706 5220 2774 5274 52
2806 5235 2950 5290 sqq-

439 5341 550 5412 (65)
585 5341 681 5396 Sic
711 5358 848 5398 mss.
890 5353 946 5400 et
973 5348 1125 5401 editi.
1183 5349 1253 5402 At
1291 5357 1471 5405 textus
1524 5365 1682 5406 sacer
1727 5368 1947 5404 πιστευ-

369 5413 590 5493 σόντων,
612 5416 702 5493 qui
728 5415 982 5493 credituri
1011 5427 1153 5493 sunt.
1185 5417 1303 5493 Nec
1325 5420 1399 5473 ita
1435 5422 1620 5493 multo
1635 5420 1782 5493 infra
1806 5421 1941 5493 Reg.

367 5485 564 5562 tertius
595 5492 652 5562 et
680 5483 1116 5562 _edit_io_Ven_.-_in_
1136 5489 1380 5562 margine
1413 5491 1506 5562 καὶ
1537 5491 1795 5562 ὀλέθριον.

405 5552 550 5631 ,ςϐιυ
583 5554 812 5631 Antiqui
834 5555 1119 5631 “duonlibri
1146 5552 1332 5631 τοίνυν
1366 5552 1782 5631 ἀναλαμϐάνων.
1817 5559 1941 5616 Hoc

367 5623 801 5699 videturdicere
832 5623 1071 5682 Basilius
1101 5643 1113 5678 :
1146 5627 1381 5684 Necesse
1419 5646 1527 5684 non
1544 5623 1686 5685 'esse
1713 5640 1936 5699 peccata

369 5701 455 5746 aut
481 5694 656 5749 multa
691 5703 782 5748 aut
811 5710 1004 5766 magna
1031 5700 1256 5769 patrari,
1289 5708 1345 5754 ut
1369 5701 1494 5771 quis
1532 5694 1750 5755 dicatur
1782 5701 1940 5758 inob-

2048 5368 2284 5476 seqluens
2318 5373 2330 5408 :
2371 5355 2465 5409 sed
2495 5355 2631 5410 satis
2654 5371 2796 5422 esse,
2855 5358 2901 5410 si
2933 5357 3017 5412 vel
3062 5373 3230 5411 unum
3282 5365 3618 5428 prmccptm

2048 5441 2135 5476 VIo
2162 5434 2304 5476 etur.

2069 5442 2304 5478 πιοιθιιιῐκ

2048 5434 2438 5579 ῖιῗξίέῖιὲςίιίο
2464 5493 2640 5551 Paris.
2674 5498 2850 5550 ἐκεῖνο
2874 5497 2933 5549 τὸ
2962 5498 3158 5568 Ἀχαρ.
3197 5497 3345 5552 Libri
3396 5505 3615 5556 veteres.

2045 5581 2220 5617 εκεινο
2245 5581 2337 5615 του
2347 5603 2360 5618 ο

2115 5635 2204 5704 (66
2262 5631 2393 5702 Reg.
2429 5633 2639 5702 primus
2664 5644 2716 5690 et
2750 5636 2943 5691 tertius
2964 5636 3115 5690 οὕτω
3143 5638 3262 5691 οὐδέ
3293 5640 3453 5698 εἰσιν.

2115 5633 2227 5776 (67)
2263 5702 2396 5776 Reg.
2428 5706 2640 5774 primus
2675 5708 2916 5771 Μωσέως
2946 5711 3315 5776 κατηγορήσῃ.

2115 5702 2226 5776 (67)
2263 5702 2396 5776 Reg.
2428 5706 2640 5774 primus
2675 5708 2916 5771 Μωσέως
2946 5711 3315 5781 κατηγορήσῃ.
