3982 6240
267 284 373 340 665

1645 291 1738 348 DE
1761 293 2029 352 JUDICIO
2068 293 2199 349 DEI.

3421 297 3528 350 606

267 417 562 472 συμπαντα
596 400 690 456 τὸν
720 402 870 469 λαὸν,
904 405 999 458 καὶ
1037 405 1242 460 τούτων
1274 409 1460 462 πεσεῖν
1495 409 1732 474 ίκανοὺς,
1758 427 1845 479 γε·

1953 411 2009 466 in
2037 409 2184 466 bello
2231 406 2695 471 interﬁcerentur,
2737 412 3198 477 superareturque
3235 405 3526 463 universus

264 494 453 548 νὲσθαι
486 494 546 548 δέ
587 497 683 549 καὶ
721 499 852 568 περὶ
891 500 990 571 τὴν
1023 497 1254 555 κιϐωτὸν
1274 501 1374 571 τῆς
1410 501 1572 570 ἁγίας
1597 504 1690 558 τοῦ
1719 502 1854 556 Θεοῦ

262 582 530 656 διαθήκης
551 624 567 649 ,
602 585 638 640 ἃ
681 589 816 660 μήτε
852 590 1094 663 ἠκούσθη
1127 591 1258 644 ποτέ
1283 592 1567 662 πρότερον,
1599 591 1760 658 ὥστε,
1787 589 1856 663 ἧς

262 675 390 728 οὔτε
431 677 815 748 Ἰσραηλίταις,
845 681 968 734 οὔτε
999 683 1104 754 μὴν
1136 683 1320 746 αὐτοῖς
1359 683 1594 754 ἱερεῦσιν
1628 685 1852 749 ἅπασιν,

262 767 386 820 οῦδέ
420 770 655 822 πάντοτε
693 773 965 827 ἅπτεσθαι
1001 775 1221 846 θεμιτὸν
1257 771 1346 847 ἦν,
1372 776 1492 830 ούδέ
1546 777 1708 841 τόπος
1742 778 1853 849 (72)

263 860 436 930 αὐτὴν
463 863 493 913 ὁ
517 862 697 932 τυχὼν
724 865 1036 936 ὑπεδέχετο,
1062 866 1265 939 ταύτην
1297 868 1400 920 ὑπὸ
1428 868 1624 940 χειρῶν
1643 869 1854 923 ἀσεϐῶν

261 950 456 1006 ἄλλοτε
517 954 816 1024 ἀλλαχόθεν
879 957 1377 1030 μετακομίζεσθαι,
1420 960 1512 1013 καὶ
1563 961 1682 1014 ἀντὶ
1746 962 1856 1014 τῶν

263 1044 460 1112 ἁγίων,
497 1046 733 1100 εἰδώλων
760 1053 908 1114 ναοῖς
949 1052 1380 1106 ἐναποτίθεσθαι.
1427 1053 1540 1123 Ἐφ’
1573 1049 1654 1118 οἷς
1691 1055 1854 1108 πόσον

259 1134 386 1187 τινὰ
415 1136 735 1192 συνέϐαινεν
769 1136 928 1204 εἶναι,
971 1142 1062 1195 καί¹
1109 1145 1230 1196 κατ’
1259 1143 1422 1196 αὑτοῦ
1454 1144 1547 1198 τοῦ
1593 1145 1850 1216 ὀνόματος

259 1224 354 1277 τοῦ
388 1226 550 1290 Θεοῦ,
583 1228 798 1296 γέλωτα
832 1233 926 1284 καὶ
953 1231 1149 1302 χλεύην
1190 1234 1340 1306 παρὰ
1367 1236 1492 1298 τοῖς·
1514 1234 1852 1305 ἀλλοφύλοις,

260 1319 626 1388 στοχάζεσθαι
673 1325 956 1394 πάρεστιν.
1020 1324 1144 1378 Ἐπὶ
1191 1325 1404 1389 τούτοις
1462 1326 1558 1380 καὶ
1611 1328 1773 1392 αὐτὸς
1825 1329 1854 1381 ὁ

271 1409 427 1462 Ἠλεὶ
464 1411 613 1465 τέλει
659 1415 1004 1486 χρησάμενος
1045 1418 1374 1489 οἰκτροτάτῳ
1403 1419 1850 1490 ἀναγέγραπται·

255 1498 558 1572 δεξάμενος
608 1505 840 1576 ἀπειλὴν
893 1507 986 1560 τοῦ
1021 1507 1114 1560 καὶ
1147 1509 1209 1561 τὸ
1255 1510 1476 1581 σπέρμα
1514 1510 1676 1564 αὑτοῦ
1717 1513 1854 1566 ἀπο-

258 1595 659 1666 κινηθήσεσθαι
708 1597 803 1651 τοῦ
859 1600 1130 1672 ἱερατικοῦ
1181 1601 1517 1673 ἀξιώματος·
1573 1603 1711 1674 ὅπερ
1761 1605 1855 1659 καὶ

258 1687 478 1756 γέγονε.

331 1865 386 1916 6.
416 1864 674 1919 Τοσαῦτα
700 1865 1011 1939 συμϐέϐηκε
1041 1867 1120 1939 τῷ
1155 1867 1288 1940 λαῷ.
1320 1870 1554 1924 Τοιαῦτα
1584 1871 1848 1926 πέπονθεν

257 1957 288 2009 ὁ
329 1957 514 2027 πατὴρ
557 1956 646 2010 διὰ
671 1957 772 2027 τὴν
821 1956 928 2032 τῷν
974 1959 1104 2012 υἱῶν
1148 1961 1509 2032 παρανομίαν,
1548 1961 1606 2026 ὃς
1649 1963 1846 2034 καίπερ

257 2047 351 2099 τοῦ
388 2047 490 2118 μέν
549 2049 682 2101 ἰδίου
737 2049 852 2119 βίον
902 2051 1085 2104 ἕνεκεν
1125 2053 1410 2123 (75)ούδέν
1439 2054 1633 2127 ᾐτιάθη
1681 2055 1844 2108 ποτέ·

260 2139 357 2190 καὶ
409 2140 600 2202 αὐτοῖς
646 2141 705 2192 δὲ
762 2140 987 2204 ἐκείνοις
1014 2142 1112 2213 οὐχ
1151 2144 1440 2213 ὑπέμεινεν
1486 2145 1845 2216 ἐφησυχάσαι,

258 2229 396 2283 ἀλλὰ
423 2230 598 2284 πολλὰ
623 2231 722 2300 μέν
747 2234 977 2305 παρῄνει
1007 2233 1243 2306 περὶτοῦ
1280 2237 1476 2307 μηκέτι
1503 2240 1615 2302 τοῖς
1645 2237 1847 2308 ὁμοίοις

259 2322 546 2390 ἐπιμένειν
567 2340 581 2352 ·
607 2323 727 2392 Μὴ,
755 2323 960 2390 τέκνα,
1003 2326 1210 2396 λέγων,
1236 2328 1320 2397 μή
1342 2346 1356 2359 ’
1405 2333 1515 2384 οὐκ
1547 2330 1758 2399 ἁγαθαὶ
1788 2332 1848 2384 al

260 2415 458 2479 ἀκοαὶ,
490 2415 566 2479 ἂς
601 2415 717 2486 ἐγὼ
757 2417 955 2471 ἀκούω
995 2419 1126 2489 περὶ
1160 2420 1356 2488 ὑμῶν’
1411 2421 1763 2492 σφοδρότερον
1791 2420 1849 2474 δὲ

259 2507 698 2571 κατασκευάζων
722 2509 823 2579 τῆς
856 2511 1128 2582 ἁμαρτίας
1160 2512 1221 2565 τὺ
1251 2512 1501 2583 μέγεθος,
1542 2513 1847 2585 φοϐερώτε-

263 2616 357 2670 ρον
382 2600 570 2664 αὒτοῖς
585 2601 822 2673 παρίστη
851 2602 961 2674 (74)
986 2604 1075 2658 τὸν
1101 2604 1342 2658 κίνδυνον
1364 2623 1376 2636 ·
1397 2605 1530 2658 Ἐὰν
1542 2607 1650 2675 γὰρ
1667 2609 1849 2677 ἀμορ-

259 2691 462 2743 τὰνων
491 2690 724 2762 ἁμάρτῃ
781 2693 1109 2762 ἅνθρωπος,
1167 2696 1353 2765 φησὶν,
1386 2698 1474 2762 εἰς
1513 2696 1844 2764 ἄνθρωπον,

259 2781 706 2849 προσεύξονται
739 2784 852 2854 (75)
879 2787 1011 2853 περὶ
1043 2786 1225 2840 αὑτοῦ
1250 2786 1400 2855 πρὸς
1427 2789 1657 2856 Κύριον.
1707 2789 1848 2842 Ἐὰν

259 2873 330 2926 δὲ
354 2876 445 2939 εὶς
465 2874 621 2928 Θεὸν
655 2874 905 2945 ἁμάρτῃ,
928 2877 1020 2942 τίς
1051 2877 1441 2945 προσεύξεται
1472 2881 1602 2947 περὶ
1624 2881 1808 2934 αὑτοῦ
1828 2898 1846 2945 ;

263 2967 477 3035 Ὅμως,
508 2966 829 3036 ἐπειδήπερ,
867 2967 943 3029 ὡς
973 2963 1142 3031 εἷπον,
1167 2969 1287 3039 ούχὶ
1312 2970 1401 3022 τὸν
1440 2971 1713 3042 πρέποντα
1745 2974 1846 3044 ζῆ-

259 3055 353 3108 λον
396 3058 518 3109 κατ’
570 3057 751 3110 αὐτῶν
808 3058 1138 3126 ἐπεδείξατο,
1201 3060 1390 3128 γέγονε
1434 3061 1503 3114 τὰ
1561 3064 1842 3134 εἰρημένα.

1957 500 2212 572 populus,
2237 513 2347 553 non
2376 497 2568 568 paucis
2600 513 2669 552 ex
2697 512 2764 552 eo
2805 497 3145 556 cadentibus.
3198 495 3309 551 into
3335 496 3526 563 etiam,

1955 591 2103 646 circa
2140 605 2322 644 arcam
2380 589 2560 644 sancti
2603 586 2828 642 foederis
2879 587 2974 641 Dci
3024 585 3248 651 ﬁerent,
3295 602 3416 656 quae
3457 602 3527 641 ne

1955 684 2138 740 audita
2167 681 2386 754 quidem
2419 695 2662 752 unquam
2695 687 2854 735 antea
2890 679 3110 734 fuerant
3144 697 3156 732 :
3191 681 3270 733 sic
3300 687 3359 731 ut
3396 692 3526 730 arca

1954 791 2118 847 quam
2170 790 2348 845 neque
2401 771 2683 836 lsraelitis,
2738 787 2918 842 neque
2961 770 3096 840 ipsis
3147 769 3528 824 sacerdotibus

1953 866 2230 928 omnibus,
2263 881 2441 936 neque
2465 865 2662 936 quovis
2689 871 2934 933 tempore
2963 862 3280 930 contingere
3305 860 3524 924 licebat,

1953 971 2184 1026 qumque
2242 971 2352 1009 non
2423 955 2476 1010 in
2529 955 2724 1026 quovis
2774 954 2898 1009 loco
2959 953 3362 1015 asservabatur,
3418 951 3526 1006 alio

1955 1049 2174 1104 aliunde
2219 1053 2505 1118 exportata
2546 1049 2617 1103 sit
2657 1049 2727 1102 ab
2761 1048 2944 1117 impiis
2981 1045 3259 1111 manibus,
3289 1051 3344 1098 et
3377 1042 3524 1099 sedis

1954 1147 2161 1195 sancta:
2215 1139 2336 1194 loco
2387 1139 2441 1193 in
2489 1139 2912 1195 simulacrorum
2968 1136 3216 1191 delubris
3259 1135 3523 1190 collocata

1955 1227 2137 1282 fuerit.
2173 1225 2252 1281 Ex
2295 1227 2497 1298 quibus
2543 1228 2854 1299 conjectare
2897 1226 2979 1283 fas
3013 1234 3118 1291 est,
3149 1233 3356 1296 quanto
3385 1225 3521 1280 risui

1953 1317 2300 1388 ludibrioque
2328 1318 2504 1388 ipsum
2536 1319 2704 1373 etiam
2734 1318 2826 1374 Dei
2866 1334 3066 1373 nomen
3099 1318 3414 1388 alienigenae
3443 1317 3520 1371 illi

1953 1406 2266 1463 habuerint.
2304 1408 2506 1464 Adbaac
2553 1409 2754 1464 litteris
2801 1408 3075 1480 proditum
3117 1415 3203 1464 est
3245 1418 3299 1463 et
3339 1409 3521 1478 ipsum

1953 1495 2074 1552 Heli
2125 1499 2434 1554 miserrimo
2496 1499 2647 1554 exitu
2716 1500 2884 1555 vitam
2943 1500 3167 1564 ﬁnisse,
3231 1507 3521 1570 postquam

1947 1577 2099 1646 banc
2151 1591 2635 1647 comminationem
2684 1592 3007 1657 audivisset,
3063 1593 3176 1648 fore
3221 1600 3280 1647 ut
3332 1608 3520 1648 semen

1957 1681 2133 1752 ipsius
2166 1697 2197 1736 e
2225 1683 2552 1738 sacerdotali
2583 1684 2846 1756 dignitate
2879 1685 3295 1740 submoveretur
3328 1703 3341 1739 :
3374 1683 3520 1755 quod

1873 1773 1916 1828 Β
1946 1781 2000 1827 et
2036 1773 2288 1844 contigit.

2021 1863 2074 1918 6.
2107 1862 2208 1918 Tot
2241 1872 2294 1918 et
2333 1871 2480 1919 tanta
2506 1864 2820 1920 acciderunt
2846 1865 3062 1936 populo.
3097 1865 3253 1921 Talia
3284 1867 3521 1937 pertulit

1949 1953 2114 2024 219
2145 1963 2297 2024 pater
2321 1955 2393 2009 ob
2427 1957 2663 2012 tiliorum
2700 1957 3064 2028 iniquitatem,
3100 1959 3195 2029 qui
3223 1965 3402 2013 tamen
3451 1961 3524 2014 ob

1949 2061 2080 2100 suos
2114 2047 2288 2116 ipsius
2315 2062 2495 2102 mores
2524 2048 2673 2102 nullo
2701 2064 2938 2119 unquam
2976 2050 3208 2104 crimine
3229 2059 3525 2105 accusatus

1949 2145 2053 2193 est.
2086 2137 2198 2192 lino
2229 2139 2392 2191 etiam
2425 2154 2604 2209 neque
2635 2139 2853 2194 illorum
2880 2140 3081 2210 ﬂagitia
3114 2142 3315 2198 tacitus
3357 2143 3524 2198 susti-

1950 2231 2106 2283 nuit:
2145 2231 2238 2285 sed
2267 2232 2497 2284 multum
2546 2230 2905 2288 admonueral
2929 2272 2945 2297 ,
2979 2241 3038 2286 ut
3071 2215 3140 2288 ne
3183 2235 3419 2304 amplius
3468 2235 3522 2288 in

1949 2321 2216 2388 ejusmodi
2244 2322 2482 2391 peccatis
2512 2331 2940 2392 perseverarent.
2980 2325 3172 2379 Aiebat
3195 2326 3338 2379 enim
3368 2343 3382 2378 :
3416 2325 3523 2379 Ab-

1949 2412 2038 2473 sit,
2072 2413 2215 2481 ﬁlii:
2251 2430 2354 2467 non
2382 2425 2503 2468 sunt
2533 2415 2653 2468 boni
2683 2431 2918 2469 rumores
2954 2433 3083 2485 quos
3133 2417 3294 2471 audio
3324 2418 3388 2472 de
3432 2435 3521 2472 vo-

1950 2506 2026 2558 bis
2057 2506 2121 2557 ⁵³.
2173 2505 2348 2575 Atque
2375 2507 2537 2560 etiam
2572 2507 2999 2578 magnitudinem
3035 2510 3259 2564 sceleris
3289 2525 3523 2580 exagge-

1950 2615 2097 2657 rans.
2130 2601 2432 2667 periculum
2483 2600 2885 2656 formidabilius
2921 2602 3055 2670 ipsis
3089 2603 3158 2656 ob
3202 2604 3392 2658 oculos
3425 2620 3521 2674 po-

1949 2689 2228 2744 nebat.-Si
2267 2693 2426 2748 enim.
2460 2691 2657 2760 inquit,
2705 2709 2925 2761 peccans
2958 2695 3244 2761 peccaverit
3274 2695 3428 2750 homo
3460 2699 3514 2751 in

1947 2779 2226 2844 hominem,
2260 2779 2484 2833 orabunt
2514 2796 2608 2848 pro
2637 2797 2696 2834 eo
2731 2781 2801 2835 ad
2838 2781 3138 2836 Dominum.
3193 2783 3252 2837 Si
3299 2801 3416 2840 vero
3468 2789 3522 2841 in

1949 2869 2116 2925 Deum
2167 2873 2477 2942 peccaverit,
2509 2873 2623 2942 quis
2660 2873 2827 2926 orabit
2876 2889 2969 2941 pro
2997 2875 3108 2944 ipso
3139 2875 3228 2927 ⁵δῖ
3252 2875 3521 2942 Quoniam

1949 2970 2152 3026 tamen,
2192 2972 2248 3017 ut
2281 2963 2389 3017 dixi
2414 3004 2428 3026 .
2481 2963 2555 3030 id,
2594 2965 2740 3035 quod
2773 2982 2869 3035 par
2899 2974 3038 3031 erat,
3074 2968 3240 3021 animi
3279 2970 3520 3026 studium

1949 3058 2002 3110 in
2033 3057 2182 3126 ipsos
2225 3073 2330 3110 non
2364 3057 2602 3112 ostendit
2625 3096 2641 3122 ,
2675 3067 2975 3114 evenerunt
3026 3076 3149 3129 quae
3196 3063 3521 3117 memoravi-

260 3148 505 3201 Τοιαῦτα
543 3148 641 3218 μὲν
662 3144 754 3202 οῦν
779 3149 1006 3202 πλεῖστα
1028 3151 1126 3202 ὅσα
1161 3150 1303 3204 κατὰ
1329 3150 1425 3222 τὴν
1454 3151 1698 3207 Παλαιὰν
1721 3157 1845 3208 Δια-

1953 3162 2090 3200 inus.
2124 3145 2254 3215 Ejus
2295 3147 2512 3214 quidem
2549 3147 2764 3220 generis
2802 3148 3012 3218 judicia
3063 3152 3294 3220 plurima
3329 3153 3382 3206 in
3421 3153 3522 3208 Ve-

261 3238 446 3308 θηκην
485 3237 730 3308 εὑρίσκω
770 3237 838 3290 τὰ
865 3238 1006 3291 κατὰ
1039 3239 1217 3310 πάσης
1247 3241 1532 3312 παρακοῆς
1559 3243 1799 3313 κρίματα
1825 3262 1838 3274 ·

261 3324 425 3392 αὖθις
467 3328 525 3382 δὲ
579 3329 707 3382 ὅταν
768 3329 859 3381 ἐπὶ
899 3329 996 3399 τὴν
1028 3331 1235 3401 Καινὴν
1294 3331 1450 3396 ἔλθω,
1497 3333 1591 3386 τοῦ
1637 3336 1841 3406 Κυρίου

261 3421 425 3491 ἡμῶν
469 3420 647 3491 Ἰησοῦ
687 3422 923 3492 Χριστοῦ
962 3423 1062 3475 οὐκ
1109 3423 1474 3488 ἀπολύσαντος
1506 3426 1604 3496 μὲν
1630 3428 1726 3497 τῆς
1759 3446 1841 3480 τι-

264 3512 486 3583 μωρίας
532 3510 659 3564 οῦτε
689 3512 758 3564 τὰ
789 3512 930 3567 κατὰ
957 3513 1200 3581 ἄγνοιαν,
1236 3515 1587 3588 σφοδρότερον
1624 3516 1678 3569 δὲ
1705 3518 1844 3570 κατὰ

260 3605 373 3657 τῶν
433 3605 494 3657 ἐν
535 3603 736 3672 γνώσει
793 3604 892 3676 τὴν,
940 3605 1167 3677 ἀπειλὴν
1209 3607 1598 3673 ἐπιτείναντος,
1648 3609 1715 3662 δι’
1766 3604 1841 3663 ὦν

263 3715 435 3768 φησιν
455 3713 468 3728 ⁶
513 3698 774 3763 Ἐκεῖνος
805 3697 872 3750 δὲ
900 3700 932 3750 ὁ
976 3697 1217 3764 δοῦλος,
1246 3703 1279 3754 ὀ
1308 3700 1490 3769 γνοὺς
1517 3700 1580 3754 τὸ
1613 3701 1846 3770 θέλημα

263 3789 372 3844 τοῦ
405 3791 619 3858 κυρίου
644 3790 860 3844 ἑαυτοῦ
879 3789 1010 3860 (76),
1040 3791 1136 3843 καὶ
1154 3790 1240 3859 μὴ
1259 3791 1579 3860 ἑτοιμάσας
1604 3792 1840 3857 ἑαυτὸν,

258 3877 420 3948 μηδὲ
467 3877 730 3946 ποιήσας
773 3879 923 3947 πρὸς
969 3877 1035 3932 τὸ
1071 3879 1302 3948 θέλημα
1344 3881 1552 3944 αὑτοῦ,
1585 3880 1844 3950 δαρήσε-

265 3986 356 4024 ται
387 3970 628 4036 πολλάς
645 3987 660 4000 °
693 3974 725 4024 ὁ
748 3970 816 4023 δὲ
823 3971 908 4040 μὴ
933 3970 1132 4042 γνοὺς,
1151 3970 1410 4040 ποιήσας
1434 3971 1500 4025 δὲ
1521 3971 1658 4036 ἄξια
1688 3976 1843 4039 πλη-

263 4061 408 4131 τῶν,
470 4060 799 4130 δαρήσεται
847 4063 1085 4131 ὀλίγιιςο
1139 4063 1266 4114 ὅταν
1331 4062 1476 4134 εῦρω
1527 4063 1692 4116 αὑτοῦ
1749 4063 1841 4116 τοῦ

269 4151 598 4221 μονογενοῦς
636 4152 765 4206 Υίοῦ
793 4152 884 4206 τοῦ
912 4153 1046 4207 Θεοῦ
1084 4153 1182 4218 τὰς
1217 4153 1472 4218 τοιαύτας
1515 4155 1840 4224 ἀποφάσεις,

265 4244 358 4295 καὶ
392 4243 502 4296 τῶν
523 4245 695 4312 ἁγίων
719 4245 1029 4298 ἀποστόλων
1067 4245 1164 4316 τὴν
1191 4245 1332 4300 κατὰ
1366 4246 1471 4298 τῶν
1502 4247 1840 4318 ἁμαρτανόνο

264 4348 374 4386 των
413 4333 789 4405 ἀγανάκτησιν
810 4352 822 4364 ·
854 4335 923 4388 τὰ
959 4335 1183 4388 τοιαῦτα
1211 4337 1304 4390 καὶ
1329 4335 1630 4407 τηλικαῦτα
1670 4335 1838 4408 πάθη,

263 4425 374 4477 τῶν
403 4426 499 4479 καὶ
545 4427 602 4478 ἓν
633 4425 811 4500 ὁτιοῦν
843 4428 1261 4500 ἡμαρτηκότων,
1287 4429 1386 4499 οὐχ
1414 4430 1613 4500 ἥττονα
1643 4429 1752 4481 τῶν
1780 4432 1843 4482 ἐκ

1949 3241 2050 3294 teri
2095 3239 2445 3296 Testamento
2503 3243 2764 3298 adversus
2824 3258 3040 3298 omnem
3093 3244 3521 3301 inobedientiam

1947 3334 2192 3402 reperio;
2229 3350 2352 3387 cum
2382 3349 2508 3388 vero
2560 3350 2754 3392 rursus
2783 3334 2851 3389 ad
2898 3334 3106 3389 Novum
3140 3336 3406 3402 devenio,
3465 3337 3522 3391 in

1946 3439 2055 3494 quo
2088 3424 2350 3480 Dominus
2379 3433 2568 3480 noster
2597 3423 2760 3482 lesus
2793 3425 3047 3481 Christus
3077 3441 3145 3482 ne
3171 3427 3370 3481 delicta
3401 3427 3524 3497 qui-

1946 3518 2066 3572 dem
2101 3533 2195 3586 per
2221 3517 2581 3585 ignorantiam
2610 3517 2847 3574 admissa
2883 3533 2912 3570 a
2948 3532 3107 3586 poena
3134 3518 3388 3578 exsolvit.
3424 3517 3521 3572 sed

1947 3607 2019 3662 ita
2049 3615 2231 3660 tamen
2259 3647 2273 3670 ,
2331 3615 2391 3661 ut
2423 3607 2684 3664 adversus
2738 3623 2803 3663 ea
2853 3623 2973 3678 qua:
3018 3606 3256 3662 scienter
3306 3614 3520 3678 patrata

1945 3705 2098 3761 sunt,
2134 3697 2310 3752 minas
2365 3697 2600 3765 majores
2655 3699 2944 3764 intendat,
2997 3697 3084 3754 bis
3134 3698 3356 3753 verbis:
3420 3696 3523 3752 Ille

1946 3801 2121 3845 autem
2166 3806 2366 3854 servus,
2410 3790 2499 3859 qui
2530 3790 2765 3861 cognovit
2811 3793 3128 3846 voluntatem
3175 3791 3377 3844 domini
3414 3792 3518 3857 sui,

1944 3893 1995 3937 et
2061 3900 2163 3936 non
2225 3883 2544 3950 prmparavit
2602 3885 2862 3954 seipsum,
2942 3900 3106 3953 neque
3163 3883 3286 3953 fecit
3337 3900 3521 3938 secun-

1944 3975 2067 4029 dum
2105 3975 2423 4032 voluntatem
2470 3978 2605 4047 ejus,
2633 3976 2898 4044 vapulabit
2942 3975 3122 4030 multis
3148 3991 3166 4028 :
3209 3975 3300 4044 qui
3346 3986 3520 4029 autem

1945 4083 2047 4120 non
2075 4070 2332 4138 cognovit,
2365 4077 2415 4122 et
2461 4069 2585 4139 fecit
2615 4067 2777 4139 digna
2829 4069 3032 4139 plagis,
3087 4067 3354 4135 vapulabit
3387 4081 3522 4134 pau-

1945 4162 2018 4211 cis
2049 4159 2115 4212 ⁸⁸.
2169 4159 2395 4225 Quoties
2456 4161 2624 4231 igitur
2674 4159 2944 4230 ejusmodi
2994 4159 3300 4214 sententias
3346 4159 3520 4228 ipsius

1944 4250 2206 4320 tlnigeniti
2242 4250 2336 4305 Dei
2370 4249 2490 4305 Filii
2527 4253 2839 4316 considero,
2870 4259 2924 4306 et
2952 4257 3270 4307 sanctorum
3296 4257 3521 4319 apostoo-

1944 4343 2119 4395 lorum
2155 4343 2420 4398 adversus
2467 4351 2761 4414 peccantes
2808 4343 3234 4414 indignationem
3275 4350 3520 4400 contem-

1947 4435 2096 4503 plor;
2132 4450 2368 4506 cumque
2388 4451 2577 4490 eorum
2612 4437 2706 4506 qui
2747 4436 2831 4491 vel
2868 4451 3038 4490 unum
3069 4434 3300 4506 quodvis
3330 4448 3520 4503 pecca-

263 4517 367 4586 τῆς
430 4518 678 4582 Παλαιᾶς
737 4520 1061 4591 εἰρημένων,
1117 4521 1314 4592 μᾶλλον
1358 4520 1416 4574 δὲ
1467 4522 1562 4575 καὶ
1599 4521 1840 4586 πλείονα,

1953 4536 2058 4580 tum
2113 4528 2466 4594 commisere,
2523 4528 2866 4584 calamitates
2930 4527 3255 4590 considero,
3317 4541 3519 4596 easque

268 4611 676 4680 καταμανθάνω
716 4612 810 4666 τοῦ
854 4614 1119 4684 κρίματος
1157 4616 1252 4684 τὴν
1287 4616 1642 4688 σφοδρότητα.
1688 4619 1841 4671 Ἐπεὶ

268 4705 360 4757 καὶ
391 4699 466 4775 ⁷ῼ
522 4704 848 4773 παρέθεντο
907 4707 1096 4770 πολὺ,
1135 4710 1561 4778 περισσότερον
1591 4710 1842 4777 ἀπαιτή-

271 4813 492 4850 σουσιν
511 4799 723 4850 αὐτόν.
779 4797 908 4850 Ἰδοὺ
941 4797 1115 4851 τοίνυν
1149 4800 1243 4852 καὶ
1271 4800 1299 4850 ὁ
1329 4800 1598 4871 μακάριος
1629 4800 1840 4866 Παῦλος

272 4889 591 4951 ύπκῖεικνὺς
621 4888 757 4959 ὁμοῦ
791 4890 890 4957 τῆς
928 4906 985 4940 τε
1019 4890 1260 4958 κλήσεως
1283 4890 1344 4942 τὸ
1374 4889 1587 4961 ἀξίωμα
1621 4892 1714 4945 καὶ
1743 4892 1840 4962 τὴν

341 5044 385 5074 υ
425 5045 440 5097 l
475 5044 612 5115 Reg.
653 5057 726 5108 ιι,
760 5041 852 5097 24.

341 5207 451 5275 (72)
483 5207 669 5261 Editio
697 5206 874 5259 Paris.
903 5206 1022 5259 οὐδὲ
1047 5207 1075 5258 ὁ
1100 5205 1281 5268 τόπος.
1319 5205 1540 5274 Antiqui
1563 5211 1684 5275 tres
1714 5201 1838 5275 libri

267 5278 386 5330 οὐδὲ
411 5272 600 5339 τόπος.
638 5277 789 5329 Haud
823 5279 982 5341 longe
1010 5276 1178 5341 editio
1212 5275 1385 5329 Paris.
1412 5272 1722 5342 ὑπεδέχετο,
1749 5273 1842 5325 καὶ

269 5349 481 5413 ἐγένετο
539 5347 765 5416 ταύτην.
819 5346 1000 5399 Editio
1037 5345 1267 5416 \:en.iet
1315 5345 1494 5416 nostri
1535 5351 1836 5416 tresinss.

270 5412 560 5488 ὑπεδέχετο
592 5412 819 5488 ταύτην,
855 5426 1024 5470 recte.
1063 5414 1197 5469 Illud
1240 5415 1408 5488 enim,
1461 5415 1554 5488 καὶ
1592 5412 1840 5488 ἐγένετο,

271 5482 496 5554 prorsus
547 5482 861 5551 πλεονάζειν
901 5500 1062 5540 nemo
1100 5500 1209 5540 non
1254 5484 1421 5540 videt.
1469 5483 1662 5536 Statim
1710 5482 1839 5552 Reg.

272 5560 475 5624 primus
513 5561 661 5619 ναοῖς
690 5556 1062 5610 ἀτωτίθεσθαι.

342 5625 453 5694 (73)
490 5627 734 5695 Utraque
757 5626 922 5680 editio
955 5634 1006 5679 et
1038 5624 1169 5690 Reg.
1206 5623 1479 5695 secundus
1510 5622 1567 5685 ὃς
1590 5620 1840 5695 καὶνὺ-πὲρ

280 5696 372 5765 μὲν
402 5692 519 5768 τοῦ,
550 5692 679 5751 laid-4
727 5696 840 5767 βίον
875 5696 1091 5751 ἕνεκεν·
1134 5697 1189 5754 in
1239 5693 1436 5762 quibus
1483 5695 1614 5768 quin
1651 5692 1839 5748 vilium

929 5042 976 5074 “
1014 5042 1147 5097 ibid.
1183 5043 1273 5099 25.
1347 5045 1392 5076 ⁸³
1435 5042 1568 5099 Luc.
1606 5063 1715 5111 xu,
1746 5046 1836 5112 47,
1871 5047 1960 5102 48.

1944 4619 2083 4674 tales
2113 4634 2176 4672 ac
2208 4627 2416 4685 tantas,
2471 4629 2524 4676 et
2571 4636 2693 4692 qua:
2743 4620 2982 4675 minores
3016 4635 3126 4674 non
3177 4624 3306 4672 sunt
3353 4631 3515 4686 quam

1946 4711 2050 4765 illm
2077 4727 2213 4781 quas
2261 4728 2328 4766 ex
2361 4711 2540 4767 Veteri
2601 4712 2800 4777 retuli,
2850 4713 2960 4766 imo
2999 4711 3180 4782 potius
3237 4707 3511 4777 majores,

1947 4810 2060 4856 tum
2091 4803 2284 4873 judicii
2343 4805 2685 4860 severitatem
2734 4804 2997 4874 intelligo.
3040 4803 3177 4855 Nam
3219 4799 3306 4852 cui
3367 4813 3511 4850 com-

1948 4892 2260 4948 mendarunt
2286 4896 2533 4959 multum,
2571 4895 2688 4962 plus
2715 4903 2884 4964 petent
2913 4895 2978 4946 ab
3001 4908 3060 4946 eo
3091 4891 3158 4946 ⁵⁸.
3187 4891 3324 4944 Ecce
3351 4889 3514 4960 igitur

2035 5049 2082 5080 ”
2122 5049 2254 5104 ibid.
2291 5049 2380 5104 48.

1945 5202 2076 5256 insit
2103 5203 2341 5273 dubitari
2368 5219 2474 5257 non
2505 5209 2704 5272 potest.
2725 5201 2951 5273 Constat
2973 5199 3115 5273 enim
3139 5209 3231 5253 aut
3263 5200 3402 5273 ὑπέρ
3424 5209 3518 5257 aut

1945 5273 2131 5325 ἕνεκεν
2164 5271 2682 5327 τρειιιιιόιιτοζυιιιιε
2710 5272 2882 5324 codex
2913 5282 2972 5324 ut
3006 5271 3058 5322 in
3089 5280 3374 5325 contextu.

2020 5343 2132 5411 (74)
2172 5343 2412 5411 Utraque
2461 5341 2628 5396 editio
2657 5349 2729 5412 etﬂ
2757 5339 2888 5410 Reg.
2932 5341 3515 5412 secundusnaplcrrj.

1950 5409 2676 5503 “egypr'imusaccipiamur:
2701 5409 3059 5503 llegﬁterttus
3093 5409 3424 5503 παρέστησε.

2019 5480 2130 5550 (75)
2167 5480 2317 5550 Begii
2373 5480 2587 5550 primus
2629 5488 2683 5536 et
2726 5480 2922 5550 tertius
2967 5480 3060 5532 καὶ
3101 5480 3516 5550 προσεύξονται.

1953 5549 2146 5606 Statim
2183 5549 2331 5620 Regii
2366 5549 2573 5619 primus
2606 5559 2658 5603 et
2685 5549 2958 5606 secundus
2982 5551 3072 5602 καὶ
3105 5549 3205 5613 τίς.

1983 5676 1998 5692 ι
2021 5622 2132 5692 (76)
2169 5622 2385 5692 Antiqui
2418 5621 2524 5676 duo
2555 5621 2674 5676 libri
2706 5620 2892 5691 κυρίου
2929 5620 3122 5674 αὑτοῦ.
