  <div class='ocr_page' id='page_1' title='image "/cluster/home/n/w/nwhite01/storage/ocr_20150623/31/mdp.39015012934363/343.png"; bbox 0 0 3982 6240; ppageno 0'>
   <div class='ocr_carea' id='block_1_1' title="bbox 419 273 3685 350">
    <p class='ocr_par' dir='ltr' id='par_1_1' title="bbox 419 273 3685 350">
     <span class='ocr_line' id='line_1_1' title="bbox 419 273 3685 350; baseline 0.006 -19"><span class='ocrx_word' id='word_1_1' title='bbox 419 273 524 331; x_wconf 68' lang='grc'>067</span> <span class='ocrx_word' id='word_1_2' title='bbox 1764 282 1823 344; x_wconf 84' lang='lat' dir='ltr'><strong>S.</strong></span> <span class='ocrx_word' id='word_1_3' title='bbox 1862 287 2109 345; x_wconf 82' lang='lat' dir='ltr'><strong>BASILII</strong></span> <span class='ocrx_word' id='word_1_4' title='bbox 2149 287 2362 344; x_wconf 75' lang='lat' dir='ltr'><strong>MAGNI</strong></span> <span class='ocrx_word' id='word_1_5' title='bbox 3578 294 3685 350; x_wconf 76' lang='lat'><strong>668</strong></span> 
     </span>
    </p>
   </div>
   <div class='ocr_carea' id='block_1_2' title="bbox 419 391 2017 480">
    <p class='ocr_par' dir='ltr' id='par_1_2' title="bbox 419 391 1997 473">
     <span class='ocr_line' id='line_1_2' title="bbox 419 391 1997 473; baseline 0.005 -24"><span class='ocrx_word' id='word_1_6' title='bbox 419 391 619 459; x_wconf 78' lang='lat' dir='ltr'><strong>etiam</strong></span> <span class='ocrx_word' id='word_1_7' title='bbox 667 391 857 450; x_wconf 81' lang='lat' dir='ltr'><strong>beatus</strong></span> <span class='ocrx_word' id='word_1_8' title='bbox 888 392 1093 452; x_wconf 79' lang='lat' dir='ltr'><strong>Paulus</strong></span> <span class='ocrx_word' id='word_1_9' title='bbox 1141 404 1201 452; x_wconf 26' lang='lat' dir='ltr'><strong>et,</strong></span> <span class='ocrx_word' id='word_1_10' title='bbox 1228 400 1534 457; x_wconf 88' lang='lat' dir='ltr'><strong>vocationis</strong></span> <span class='ocrx_word' id='word_1_11' title='bbox 1581 402 1897 473; x_wconf 83' lang='lat' dir='ltr'><strong>dignitatem</strong></span> <span class='ocrx_word' id='word_1_12' title='bbox 1944 413 1997 459; x_wconf 80' lang='lat' dir='ltr'><strong>et</strong></span> 
     </span>
    </p>
   </div>
   <div class='ocr_carea' id='block_1_3' title="bbox 2119 391 3680 480">
    <p class='ocr_par' dir='ltr' id='par_1_3' title="bbox 2119 402 3680 480">
     <span class='ocr_line' id='line_1_3' title="bbox 2119 402 3680 480; baseline 0.002 -22"><span class='ocrx_word' id='word_1_13' title='bbox 2119 406 2239 459; x_wconf 77' lang='grc' dir='ltr'><em>ιατὰ</em></span> <span class='ocrx_word' id='word_1_14' title='bbox 2290 402 2490 468; x_wconf 59' lang='grc' dir='ltr'><em>ξταντὺς</em></span> <span class='ocrx_word' id='word_1_15' title='bbox 2534 404 2929 477; x_wconf 83' lang='grc' dir='ltr'><em>αμαρτήματος</em></span> <span class='ocrx_word' id='word_1_16' title='bbox 2968 404 3360 479; x_wconf 80' lang='grc' dir='ltr'><em>ἀγανάκτησιν,</em></span> <span class='ocrx_word' id='word_1_17' title='bbox 3400 403 3490 462; x_wconf 77' lang='grc' dir='ltr'><em>οἶά</em></span> <span class='ocrx_word' id='word_1_18' title='bbox 3512 425 3680 480; x_wconf 84' lang='grc' dir='ltr'><em>φησι·</em></span> 
     </span>
    </p>
   </div>
   <div class='ocr_carea' id='block_1_4' title="bbox 420 484 2017 569">
    <p class='ocr_par' dir='ltr' id='par_1_4' title="bbox 420 484 2001 561">
     <span class='ocr_line' id='line_1_4' title="bbox 420 484 2001 561; baseline 0.006 -21"><span class='ocrx_word' id='word_1_19' title='bbox 420 497 579 540; x_wconf 70' lang='lat' dir='ltr'><strong>suam</strong></span> <span class='ocrx_word' id='word_1_20' title='bbox 612 484 668 538; x_wconf 90' lang='lat' dir='ltr'><strong>in</strong></span> <span class='ocrx_word' id='word_1_21' title='bbox 697 500 860 539; x_wconf 91' lang='lat' dir='ltr'><strong>omne</strong></span> <span class='ocrx_word' id='word_1_22' title='bbox 906 496 1191 554; x_wconf 88' lang='lat' dir='ltr'><strong>peccatum</strong></span> <span class='ocrx_word' id='word_1_23' title='bbox 1238 489 1672 561; x_wconf 77' lang='lat' dir='ltr'><strong>indignationem</strong></span> <span class='ocrx_word' id='word_1_24' title='bbox 1703 493 2001 550; x_wconf 89' lang='lat' dir='ltr'><strong>ostendens</strong></span> 
     </span>
    </p>
   </div>
   <div class='ocr_carea' id='block_1_5' title="bbox 2119 484 3686 569">
    <p class='ocr_par' dir='ltr' id='par_1_5' title="bbox 2119 496 3686 569">
     <span class='ocr_line' id='line_1_5' title="bbox 2119 496 3686 569; baseline 0.001 -18"><span class='ocrx_word' id='word_1_25' title='bbox 2119 498 2186 551; x_wconf 78' lang='grc' dir='ltr'><strong>Τὰ</strong></span> <span class='ocrx_word' id='word_1_26' title='bbox 2209 497 2317 566; x_wconf 74' lang='grc' dir='ltr'><strong>γὰρ</strong></span> <span class='ocrx_word' id='word_1_27' title='bbox 2359 497 2519 550; x_wconf 78' lang='grc' dir='ltr'><em>ὅπλα</em></span> <span class='ocrx_word' id='word_1_28' title='bbox 2575 496 2685 565; x_wconf 84' lang='grc' dir='ltr'><em>τῆς</em></span> <span class='ocrx_word' id='word_1_29' title='bbox 2720 498 3037 565; x_wconf 81' lang='grc' dir='ltr'><strong>στρατείας</strong></span> <span class='ocrx_word' id='word_1_30' title='bbox 3084 496 3254 568; x_wconf 81' lang='grc' dir='ltr'><em>ήμῶν</em></span> <span class='ocrx_word' id='word_1_31' title='bbox 3298 501 3371 553; x_wconf 88' lang='grc' dir='ltr'><em>οὑ</em></span> <span class='ocrx_word' id='word_1_32' title='bbox 3404 502 3686 569; x_wconf 75' lang='grc' dir='ltr'><strong>σαρκικὰ,</strong></span> 
     </span>
    </p>
   </div>
   <div class='ocr_carea' id='block_1_6' title="bbox 422 574 2017 662">
    <p class='ocr_par' dir='ltr' id='par_1_6' title="bbox 422 574 2003 646">
     <span class='ocr_line' id='line_1_6' title="bbox 422 574 2003 646; baseline 0.004 -13"><span class='ocrx_word' id='word_1_33' title='bbox 422 574 607 638; x_wconf 71' lang='lat' dir='ltr'><strong>simul,</strong></span> <span class='ocrx_word' id='word_1_34' title='bbox 638 577 824 646; x_wconf 80' lang='lat' dir='ltr'><strong>qualia</strong></span> <span class='ocrx_word' id='word_1_35' title='bbox 860 578 991 632; x_wconf 89' lang='lat' dir='ltr'><strong>dicit</strong></span> <span class='ocrx_word' id='word_1_36' title='bbox 1018 598 1031 633; x_wconf 88' lang='lat'><strong>:</strong></span> <span class='ocrx_word' id='word_1_37' title='bbox 1066 579 1211 635; x_wconf 88' lang='lat' dir='ltr'><strong>Nam</strong></span> <span class='ocrx_word' id='word_1_38' title='bbox 1258 599 1410 637; x_wconf 92' lang='lat' dir='ltr'><strong>arma</strong></span> <span class='ocrx_word' id='word_1_39' title='bbox 1438 585 1644 637; x_wconf 71' lang='lat' dir='ltr'><strong>militia:</strong></span> <span class='ocrx_word' id='word_1_40' title='bbox 1672 596 1869 639; x_wconf 77' lang='lat' dir='ltr'><strong>nostra:</strong></span> <span class='ocrx_word' id='word_1_41' title='bbox 1900 602 2003 639; x_wconf 90' lang='lat' dir='ltr'><strong>non</strong></span> 
     </span>
    </p>
   </div>
   <div class='ocr_carea' id='block_1_7' title="bbox 2119 574 3686 662">
    <p class='ocr_par' dir='ltr' id='par_1_7' title="bbox 2119 589 3686 662">
     <span class='ocr_line' id='line_1_7' title="bbox 2119 589 3686 662; baseline 0.001 -17"><span class='ocrx_word' id='word_1_42' title='bbox 2119 590 2265 645; x_wconf 65' lang='lat' dir='ltr'><strong>me</strong></span> <span class='ocrx_word' id='word_1_43' title='bbox 2277 589 2505 645; x_wconf 82' lang='grc' dir='ltr'><em>δυνατὰ</em></span> <span class='ocrx_word' id='word_1_44' title='bbox 2516 590 2594 656; x_wconf 86' lang='grc' dir='ltr'><em>τῷ</em></span> <span class='ocrx_word' id='word_1_45' title='bbox 2608 589 2729 656; x_wconf 87' lang='grc' dir='ltr'><strong>Θεῷ</strong></span> <span class='ocrx_word' id='word_1_46' title='bbox 2742 592 2891 661; x_wconf 80' lang='grc' dir='ltr'><em>πρὸς</em></span> <span class='ocrx_word' id='word_1_47' title='bbox 2905 592 3256 662; x_wconf 79' lang='grc' dir='ltr'><strong>καθαίρεσιν</strong></span> <span class='ocrx_word' id='word_1_48' title='bbox 3268 590 3686 661; x_wconf 65' lang='grc' dir='ltr'><em>ὀχυρωμάτων.</em></span> 
     </span>
    </p>
   </div>
   <div class='ocr_carea' id='block_1_8' title="bbox 423 667 2017 754">
    <p class='ocr_par' dir='ltr' id='par_1_8' title="bbox 423 667 2004 741">
     <span class='ocr_line' id='line_1_8' title="bbox 423 667 2004 741; baseline 0.004 -19"><span class='ocrx_word' id='word_1_49' title='bbox 423 667 674 722; x_wconf 82' lang='lat' dir='ltr'><strong>carnalia</strong></span> <span class='ocrx_word' id='word_1_50' title='bbox 714 678 875 730; x_wconf 85' lang='lat' dir='ltr'><strong>sunt,</strong></span> <span class='ocrx_word' id='word_1_51' title='bbox 925 674 1016 724; x_wconf 84' lang='lat' dir='ltr'><strong>sed</strong></span> <span class='ocrx_word' id='word_1_52' title='bbox 1054 674 1292 741; x_wconf 90' lang='lat' dir='ltr'><strong>potentia</strong></span> <span class='ocrx_word' id='word_1_53' title='bbox 1333 672 1443 729; x_wconf 90' lang='lat' dir='ltr'><strong>Deo</strong></span> <span class='ocrx_word' id='word_1_54' title='bbox 1478 674 1547 728; x_wconf 88' lang='lat' dir='ltr'><strong>ad</strong></span> <span class='ocrx_word' id='word_1_55' title='bbox 1600 675 2004 731; x_wconf 74' lang='lat' dir='ltr'><strong>destructionem</strong></span> 
     </span>
    </p>
   </div>
   <div class='ocr_carea' id='block_1_9' title="bbox 2119 667 3689 754">
    <p class='ocr_par' dir='ltr' id='par_1_9' title="bbox 2119 682 3689 754">
     <span class='ocr_line' id='line_1_9' title="bbox 2119 682 3689 754; baseline -0.001 -17"><span class='ocrx_word' id='word_1_56' title='bbox 2119 682 2433 752; x_wconf 66' lang='grc' dir='ltr'><em>πογισμοὺς</em></span> <span class='ocrx_word' id='word_1_57' title='bbox 2460 684 2904 753; x_wconf 74' lang='grc' dir='ltr'><em>καθαιροῦντες,</em></span> <span class='ocrx_word' id='word_1_58' title='bbox 2940 684 3040 738; x_wconf 76' lang='grc' dir='ltr'><em>καὶ</em></span> <span class='ocrx_word' id='word_1_59' title='bbox 3072 682 3196 739; x_wconf 81' lang='grc' dir='ltr'><em>πᾶν</em></span> <span class='ocrx_word' id='word_1_60' title='bbox 3215 684 3432 754; x_wconf 74' lang='grc' dir='ltr'><em>ὕψωμα</em></span> <span class='ocrx_word' id='word_1_61' title='bbox 3451 686 3689 753; x_wconf 64' lang='grc' dir='ltr'><em>ἐπαιρόο</em></span> 
     </span>
    </p>
   </div>
   <div class='ocr_carea' id='block_1_10' title="bbox 426 760 2008 839">
    <p class='ocr_par' dir='ltr' id='par_1_10' title="bbox 426 760 2008 839">
     <span class='ocr_line' id='line_1_10' title="bbox 426 760 2008 839; baseline 0.007 -28"><span class='ocrx_word' id='word_1_62' title='bbox 426 760 811 839; x_wconf 74' lang='lat' dir='ltr'><strong>munitionum,</strong></span> <span class='ocrx_word' id='word_1_63' title='bbox 846 763 1069 817; x_wconf 87' lang='lat' dir='ltr'><strong>consilia</strong></span> <span class='ocrx_word' id='word_1_64' title='bbox 1100 764 1425 822; x_wconf 86' lang='lat' dir='ltr'><strong>destruentes</strong></span> <span class='ocrx_word' id='word_1_65' title='bbox 1449 807 1464 831; x_wconf 90' lang='lat'><strong>,</strong></span> <span class='ocrx_word' id='word_1_66' title='bbox 1510 776 1559 822; x_wconf 86' lang='lat' dir='ltr'><strong>et</strong></span> <span class='ocrx_word' id='word_1_67' title='bbox 1600 784 1802 822; x_wconf 86' lang='lat' dir='ltr'><strong>omnem</strong></span> <span class='ocrx_word' id='word_1_68' title='bbox 1828 769 2008 823; x_wconf 85' lang='lat' dir='ltr'><strong>altitu-</strong></span> 
     </span>
    </p>
   </div>
   <div class='ocr_carea' id='block_1_11' title="bbox 428 850 2007 924">
    <p class='ocr_par' dir='ltr' id='par_1_11' title="bbox 428 850 2007 924">
     <span class='ocr_line' id='line_1_11' title="bbox 428 850 2007 924; baseline 0.007 -21"><span class='ocrx_word' id='word_1_69' title='bbox 428 850 604 904; x_wconf 88' lang='lat' dir='ltr'><strong>dinem</strong></span> <span class='ocrx_word' id='word_1_70' title='bbox 626 852 958 907; x_wconf 69' lang='lat' dir='ltr'><strong>extollentem</strong></span> <span class='ocrx_word' id='word_1_71' title='bbox 982 871 1037 909; x_wconf 88' lang='lat' dir='ltr'><strong>se</strong></span> <span class='ocrx_word' id='word_1_72' title='bbox 1069 859 1322 912; x_wconf 83' lang='lat' dir='ltr'><strong>adversus</strong></span> <span class='ocrx_word' id='word_1_73' title='bbox 1349 859 1624 913; x_wconf 74' lang='lat' dir='ltr'><strong>scientiam</strong></span> <span class='ocrx_word' id='word_1_74' title='bbox 1673 858 1809 924; x_wconf 86' lang='lat' dir='ltr'><strong>Dei,</strong></span> <span class='ocrx_word' id='word_1_75' title='bbox 1859 870 1911 915; x_wconf 87' lang='lat' dir='ltr'><strong>et</strong></span> <span class='ocrx_word' id='word_1_76' title='bbox 1952 861 2007 914; x_wconf 89' lang='lat' dir='ltr'><strong>in</strong></span> 
     </span>
    </p>
   </div>
   <div class='ocr_carea' id='block_1_12' title="bbox 427 941 2004 1014">
    <p class='ocr_par' dir='ltr' id='par_1_12' title="bbox 427 941 2004 1014">
     <span class='ocr_line' id='line_1_12' title="bbox 427 941 2004 1014; baseline 0.007 -21"><span class='ocrx_word' id='word_1_77' title='bbox 427 941 785 1011; x_wconf 72' lang='lat' dir='ltr'><strong>captivitatem</strong></span> <span class='ocrx_word' id='word_1_78' title='bbox 827 942 1115 1014; x_wconf 84' lang='lat' dir='ltr'><strong>redigentes</strong></span> <span class='ocrx_word' id='word_1_79' title='bbox 1145 962 1349 1002; x_wconf 90' lang='lat' dir='ltr'><strong>omnem</strong></span> <span class='ocrx_word' id='word_1_80' title='bbox 1376 948 1706 1003; x_wconf 86' lang='lat' dir='ltr'><strong>intellectum</strong></span> <span class='ocrx_word' id='word_1_81' title='bbox 1755 950 1808 1003; x_wconf 89' lang='lat' dir='ltr'><strong>in</strong></span> <span class='ocrx_word' id='word_1_82' title='bbox 1851 949 2004 1004; x_wconf 87' lang='lat' dir='ltr'><strong>obse-</strong></span> 
     </span>
    </p>
   </div>
   <div class='ocr_carea' id='block_1_13' title="bbox 427 1033 2008 1105">
    <p class='ocr_par' dir='ltr' id='par_1_13' title="bbox 427 1033 2008 1105">
     <span class='ocr_line' id='line_1_13' title="bbox 427 1033 2008 1105; baseline 0.006 -20"><span class='ocrx_word' id='word_1_83' title='bbox 427 1033 608 1104; x_wconf 81' lang='lat' dir='ltr'><strong>quium</strong></span> <span class='ocrx_word' id='word_1_84' title='bbox 651 1033 850 1089; x_wconf 81' lang='lat' dir='ltr'><strong>Cltristi</strong></span> <span class='ocrx_word' id='word_1_85' title='bbox 892 1052 912 1089; x_wconf 89' lang='lat'><strong><em>:</em></strong></span> <span class='ocrx_word' id='word_1_86' title='bbox 961 1052 1072 1091; x_wconf 88' lang='lat' dir='ltr'><strong>non</strong></span> <span class='ocrx_word' id='word_1_87' title='bbox 1125 1046 1306 1094; x_wconf 84' lang='lat' dir='ltr'><strong>autem</strong></span> <span class='ocrx_word' id='word_1_88' title='bbox 1367 1039 1422 1094; x_wconf 88' lang='lat' dir='ltr'><strong>id</strong></span> <span class='ocrx_word' id='word_1_89' title='bbox 1454 1041 1631 1095; x_wconf 85' lang='lat' dir='ltr'><strong>solum</strong></span> <span class='ocrx_word' id='word_1_90' title='bbox 1659 1080 1675 1105; x_wconf 91' lang='lat'><strong>,</strong></span> <span class='ocrx_word' id='word_1_91' title='bbox 1730 1040 1823 1096; x_wconf 89' lang='lat' dir='ltr'><strong>sed</strong></span> <span class='ocrx_word' id='word_1_92' title='bbox 1857 1051 1906 1095; x_wconf 89' lang='lat' dir='ltr'><strong>et</strong></span> <span class='ocrx_word' id='word_1_93' title='bbox 1952 1043 2008 1095; x_wconf 90' lang='lat' dir='ltr'><strong>in</strong></span> 
     </span>
    </p>
   </div>
   <div class='ocr_carea' id='block_1_14' title="bbox 427 1125 2008 1195">
    <p class='ocr_par' dir='ltr' id='par_1_14' title="bbox 427 1125 2008 1195">
     <span class='ocr_line' id='line_1_14' title="bbox 427 1125 2008 1195; baseline 0.006 -17"><span class='ocrx_word' id='word_1_94' title='bbox 427 1134 671 1195; x_wconf 87' lang='lat' dir='ltr'><strong>promptu</strong></span> <span class='ocrx_word' id='word_1_95' title='bbox 690 1125 935 1182; x_wconf 81' lang='lat' dir='ltr'><strong>habentes</strong></span> <span class='ocrx_word' id='word_1_96' title='bbox 958 1129 1143 1184; x_wconf 81' lang='lat' dir='ltr'><strong>ulcisci</strong></span> <span class='ocrx_word' id='word_1_97' title='bbox 1166 1147 1368 1186; x_wconf 89' lang='lat' dir='ltr'><strong>omnem</strong></span> <span class='ocrx_word' id='word_1_98' title='bbox 1388 1130 1795 1187; x_wconf 86' lang='lat' dir='ltr'><strong>inobedientiam</strong></span> <span class='ocrx_word' id='word_1_99' title='bbox 1813 1134 1879 1187; x_wconf 75' lang='grc'><strong>⁸⁷.</strong></span> <span class='ocrx_word' id='word_1_100' title='bbox 1905 1131 2008 1188; x_wconf 86' lang='lat' dir='ltr'><strong>Ubi</strong></span> 
     </span>
    </p>
   </div>
   <div class='ocr_carea' id='block_1_15' title="bbox 431 1218 2009 1296">
    <p class='ocr_par' dir='ltr' id='par_1_15' title="bbox 431 1218 2009 1296">
     <span class='ocr_line' id='line_1_15' title="bbox 431 1218 2009 1296; baseline 0.003 -21"><span class='ocrx_word' id='word_1_101' title='bbox 431 1218 477 1275; x_wconf 85' lang='lat' dir='ltr'><strong>si</strong></span> <span class='ocrx_word' id='word_1_102' title='bbox 502 1218 626 1289; x_wconf 89' lang='lat' dir='ltr'><strong>quis</strong></span> <span class='ocrx_word' id='word_1_103' title='bbox 660 1218 872 1290; x_wconf 79' lang='lat' dir='ltr'><strong>singula</strong></span> <span class='ocrx_word' id='word_1_104' title='bbox 909 1236 1031 1289; x_wconf 71' lang='lat' dir='ltr'><strong>qua:</strong></span> <span class='ocrx_word' id='word_1_105' title='bbox 1067 1220 1209 1275; x_wconf 89' lang='lat' dir='ltr'><strong>dicta</strong></span> <span class='ocrx_word' id='word_1_106' title='bbox 1241 1221 1425 1287; x_wconf 84' lang='lat' dir='ltr'><strong>fuere,</strong></span> <span class='ocrx_word' id='word_1_107' title='bbox 1478 1224 1751 1293; x_wconf 80' lang='lat' dir='ltr'><strong>expendat</strong></span> <span class='ocrx_word' id='word_1_108' title='bbox 1780 1223 2009 1296; x_wconf 86' lang='lat' dir='ltr'><strong>diligen-</strong></span> 
     </span>
    </p>
   </div>
   <div class='ocr_carea' id='block_1_16' title="bbox 431 1309 2011 1385">
    <p class='ocr_par' dir='ltr' id='par_1_16' title="bbox 431 1309 2011 1385">
     <span class='ocr_line' id='line_1_16' title="bbox 431 1309 2011 1385; baseline 0.008 -21"><span class='ocrx_word' id='word_1_109' title='bbox 431 1309 562 1377; x_wconf 88' lang='lat' dir='ltr'><strong>tius,</strong></span> <span class='ocrx_word' id='word_1_110' title='bbox 588 1318 826 1366; x_wconf 89' lang='lat' dir='ltr'><strong>mentem</strong></span> <span class='ocrx_word' id='word_1_111' title='bbox 884 1312 1083 1367; x_wconf 82' lang='lat' dir='ltr'><strong>divinae</strong></span> <span class='ocrx_word' id='word_1_112' title='bbox 1132 1312 1431 1385; x_wconf 64' lang='lat' dir='ltr'><strong>Scripturas</strong></span> <span class='ocrx_word' id='word_1_113' title='bbox 1478 1320 1791 1376; x_wconf 84' lang='lat' dir='ltr'><strong>accuratius</strong></span> <span class='ocrx_word' id='word_1_114' title='bbox 1844 1335 2011 1376; x_wconf 88' lang='lat' dir='ltr'><strong>nosse</strong></span> 
     </span>
    </p>
   </div>
   <div class='ocr_carea' id='block_1_17' title="bbox 432 1402 2009 1479">
    <p class='ocr_par' dir='ltr' id='par_1_17' title="bbox 432 1402 2009 1479">
     <span class='ocr_line' id='line_1_17' title="bbox 432 1402 2009 1479; baseline 0.01 -26"><span class='ocrx_word' id='word_1_115' title='bbox 432 1402 652 1471; x_wconf 87' lang='lat' dir='ltr'><strong>poterit,</strong></span> <span class='ocrx_word' id='word_1_116' title='bbox 678 1416 798 1457; x_wconf 88' lang='lat' dir='ltr'><strong>eam</strong></span> <span class='ocrx_word' id='word_1_117' title='bbox 842 1402 1100 1460; x_wconf 79' lang='lat' dir='ltr'><strong>videlicet</strong></span> <span class='ocrx_word' id='word_1_118' title='bbox 1141 1420 1485 1477; x_wconf 84' lang='lat' dir='ltr'><strong>nequaquam</strong></span> <span class='ocrx_word' id='word_1_119' title='bbox 1534 1411 1893 1479; x_wconf 89' lang='lat' dir='ltr'><strong>permisisse,</strong></span> <span class='ocrx_word' id='word_1_120' title='bbox 1951 1422 2009 1468; x_wconf 91' lang='lat' dir='ltr'><strong>ut</strong></span> 
     </span>
    </p>
   </div>
   <div class='ocr_carea' id='block_1_18' title="bbox 433 1493 2009 1572">
    <p class='ocr_par' dir='ltr' id='par_1_18' title="bbox 433 1493 2009 1572">
     <span class='ocr_line' id='line_1_18' title="bbox 433 1493 2009 1572; baseline 0.008 -26"><span class='ocrx_word' id='word_1_121' title='bbox 433 1493 703 1563; x_wconf 87' lang='lat' dir='ltr'><strong>cujusque</strong></span> <span class='ocrx_word' id='word_1_122' title='bbox 751 1503 1001 1556; x_wconf 85' lang='lat' dir='ltr'><strong>nostrum</strong></span> <span class='ocrx_word' id='word_1_123' title='bbox 1074 1497 1256 1551; x_wconf 89' lang='lat' dir='ltr'><strong>anima</strong></span> <span class='ocrx_word' id='word_1_124' title='bbox 1328 1499 1590 1556; x_wconf 80' lang='lat' dir='ltr'><strong>falsarum</strong></span> <span class='ocrx_word' id='word_1_125' title='bbox 1648 1504 2009 1572; x_wconf 85' lang='lat' dir='ltr'><strong>quarumdam</strong></span> 
     </span>
    </p>
   </div>
   <div class='ocr_carea' id='block_1_19' title="bbox 430 1584 2010 1665">
    <p class='ocr_par' dir='ltr' id='par_1_19' title="bbox 430 1584 2010 1665">
     <span class='ocr_line' id='line_1_19' title="bbox 430 1584 2010 1665; baseline 0.008 -28"><span class='ocrx_word' id='word_1_126' title='bbox 430 1584 746 1654; x_wconf 83' lang='lat' dir='ltr'><strong>opinionum</strong></span> <span class='ocrx_word' id='word_1_127' title='bbox 799 1588 1082 1644; x_wconf 89' lang='lat' dir='ltr'><strong>erroribus</strong></span> <span class='ocrx_word' id='word_1_128' title='bbox 1115 1589 1224 1643; x_wconf 87' lang='lat' dir='ltr'><strong>huc</strong></span> <span class='ocrx_word' id='word_1_129' title='bbox 1272 1590 1405 1646; x_wconf 91' lang='lat' dir='ltr'><strong>illuc</strong></span> <span class='ocrx_word' id='word_1_130' title='bbox 1452 1607 1642 1647; x_wconf 89' lang='lat' dir='ltr'><strong>errans</strong></span> <span class='ocrx_word' id='word_1_131' title='bbox 1700 1594 1754 1649; x_wconf 90' lang='lat' dir='ltr'><strong>in</strong></span> <span class='ocrx_word' id='word_1_132' title='bbox 1800 1596 2010 1665; x_wconf 86' lang='lat' dir='ltr'><strong>peccati</strong></span> 
     </span>
    </p>
   </div>
   <div class='ocr_carea' id='block_1_20' title="bbox 431 1678 2008 1756">
    <p class='ocr_par' dir='ltr' id='par_1_20' title="bbox 431 1678 2008 1756">
     <span class='ocr_line' id='line_1_20' title="bbox 431 1678 2008 1756; baseline 0.006 -26"><span class='ocrx_word' id='word_1_133' title='bbox 431 1678 705 1734; x_wconf 89' lang='lat' dir='ltr'><strong>lubricum</strong></span> <span class='ocrx_word' id='word_1_134' title='bbox 736 1679 1044 1746; x_wconf 84' lang='lat' dir='ltr'><strong>laberetur,</strong></span> <span class='ocrx_word' id='word_1_135' title='bbox 1092 1681 1239 1751; x_wconf 91' lang='lat' dir='ltr'><strong>quod</strong></span> <span class='ocrx_word' id='word_1_136' title='bbox 1289 1682 1472 1753; x_wconf 86' lang='lat' dir='ltr'><strong>aliqua</strong></span> <span class='ocrx_word' id='word_1_137' title='bbox 1520 1685 1739 1754; x_wconf 87' lang='lat' dir='ltr'><strong>quidem</strong></span> <span class='ocrx_word' id='word_1_138' title='bbox 1787 1699 2008 1756; x_wconf 85' lang='lat' dir='ltr'><strong>peccata</strong></span> 
     </span>
    </p>
   </div>
   <div class='ocr_carea' id='block_1_21' title="bbox 431 1755 2081 1849">
    <p class='ocr_par' dir='ltr' id='par_1_21' title="bbox 431 1755 2081 1849">
     <span class='ocr_line' id='line_1_21' title="bbox 431 1755 2081 1849; baseline 0.008 -24"><span class='ocrx_word' id='word_1_139' title='bbox 431 1775 636 1845; x_wconf 81' lang='lat' dir='ltr'><strong>puniri,</strong></span> <span class='ocrx_word' id='word_1_140' title='bbox 670 1775 853 1846; x_wconf 87' lang='lat' dir='ltr'><strong>aliqua</strong></span> <span class='ocrx_word' id='word_1_141' title='bbox 904 1792 1034 1831; x_wconf 89' lang='lat' dir='ltr'><strong>vero</strong></span> <span class='ocrx_word' id='word_1_142' title='bbox 1067 1778 1335 1847; x_wconf 86' lang='lat' dir='ltr'><strong>impunita</strong></span> <span class='ocrx_word' id='word_1_143' title='bbox 1370 1779 1609 1849; x_wconf 83' lang='lat' dir='ltr'><strong>relinqui</strong></span> <span class='ocrx_word' id='word_1_144' title='bbox 1642 1755 2005 1838; x_wconf 83' lang='lat' dir='ltr'><strong>existimaret.</strong></span> <span class='ocrx_word' id='word_1_145' title='bbox 2038 1755 2081 1810; x_wconf 69' lang='grc' dir='ltr'><strong>Β</strong></span> 
     </span>
    </p>
   </div>
   <div class='ocr_carea' id='block_1_22' title="bbox 433 1862 2008 1935">
    <p class='ocr_par' dir='ltr' id='par_1_22' title="bbox 433 1862 2008 1935">
     <span class='ocr_line' id='line_1_22' title="bbox 433 1862 2008 1935; baseline 0.007 -21"><span class='ocrx_word' id='word_1_146' title='bbox 433 1862 537 1919; x_wconf 77' lang='lat' dir='ltr'><strong>Sed</strong></span> <span class='ocrx_word' id='word_1_147' title='bbox 571 1864 700 1935; x_wconf 90' lang='lat' dir='ltr'><strong>quid</strong></span> <span class='ocrx_word' id='word_1_148' title='bbox 735 1865 914 1921; x_wconf 85' lang='lat' dir='ltr'><strong>dicit?</strong></span> <span class='ocrx_word' id='word_1_149' title='bbox 945 1865 1182 1922; x_wconf 83' lang='lat' dir='ltr'><strong>Consilia</strong></span> <span class='ocrx_word' id='word_1_150' title='bbox 1211 1866 1554 1935; x_wconf 84' lang='lat' dir='ltr'><strong>destruentes,</strong></span> <span class='ocrx_word' id='word_1_151' title='bbox 1578 1878 1628 1922; x_wconf 92' lang='lat' dir='ltr'><strong>et</strong></span> <span class='ocrx_word' id='word_1_152' title='bbox 1653 1886 1855 1924; x_wconf 88' lang='lat' dir='ltr'><strong>omnem</strong></span> <span class='ocrx_word' id='word_1_153' title='bbox 1882 1871 2008 1925; x_wconf 86' lang='lat' dir='ltr'><strong>alti-</strong></span> 
     </span>
    </p>
   </div>
   <div class='ocr_carea' id='block_1_23' title="bbox 432 1955 2004 2028">
    <p class='ocr_par' dir='ltr' id='par_1_23' title="bbox 432 1955 2004 2028">
     <span class='ocr_line' id='line_1_23' title="bbox 432 1955 2004 2028; baseline 0.006 -21"><span class='ocrx_word' id='word_1_154' title='bbox 432 1955 665 2010; x_wconf 86' lang='lat' dir='ltr'><strong>tudinem</strong></span> <span class='ocrx_word' id='word_1_155' title='bbox 718 1956 1051 2012; x_wconf 71' lang='lat' dir='ltr'><strong>extollentem</strong></span> <span class='ocrx_word' id='word_1_156' title='bbox 1110 1976 1166 2014; x_wconf 85' lang='lat' dir='ltr'><strong>se</strong></span> <span class='ocrx_word' id='word_1_157' title='bbox 1225 1961 1477 2015; x_wconf 85' lang='lat' dir='ltr'><strong>adversus</strong></span> <span class='ocrx_word' id='word_1_158' title='bbox 1545 1962 1820 2015; x_wconf 77' lang='lat' dir='ltr'><strong>scientiam</strong></span> <span class='ocrx_word' id='word_1_159' title='bbox 1874 1962 2004 2028; x_wconf 88' lang='lat' dir='ltr'><strong>Dei,</strong></span> 
     </span>
    </p>
   </div>
   <div class='ocr_carea' id='block_1_24' title="bbox 430 2048 2010 2122">
    <p class='ocr_par' dir='ltr' id='par_1_24' title="bbox 430 2048 2010 2122">
     <span class='ocr_line' id='line_1_24' title="bbox 430 2048 2010 2122; baseline 0.006 -23"><span class='ocrx_word' id='word_1_160' title='bbox 430 2048 593 2116; x_wconf 88' lang='lat' dir='ltr'><strong>quasi</strong></span> <span class='ocrx_word' id='word_1_161' title='bbox 621 2062 784 2104; x_wconf 90' lang='lat' dir='ltr'><strong>omne</strong></span> <span class='ocrx_word' id='word_1_162' title='bbox 814 2058 1097 2119; x_wconf 90' lang='lat' dir='ltr'><strong>peccatum</strong></span> <span class='ocrx_word' id='word_1_163' title='bbox 1129 2051 1200 2105; x_wconf 91' lang='lat' dir='ltr'><strong>ob</strong></span> <span class='ocrx_word' id='word_1_164' title='bbox 1232 2050 1404 2107; x_wconf 87' lang='lat' dir='ltr'><strong>divini</strong></span> <span class='ocrx_word' id='word_1_165' title='bbox 1458 2052 1715 2122; x_wconf 74' lang='lat' dir='ltr'><strong>praecepti</strong></span> <span class='ocrx_word' id='word_1_166' title='bbox 1763 2064 2010 2108; x_wconf 86' lang='lat' dir='ltr'><strong>contem-</strong></span> 
     </span>
    </p>
   </div>
   <div class='ocr_carea' id='block_1_25' title="bbox 430 2140 2008 2213">
    <p class='ocr_par' dir='ltr' id='par_1_25' title="bbox 430 2140 2008 2213">
     <span class='ocr_line' id='line_1_25' title="bbox 430 2140 2008 2213; baseline 0.007 -22"><span class='ocrx_word' id='word_1_167' title='bbox 430 2146 584 2208; x_wconf 90' lang='lat' dir='ltr'><strong>ptum</strong></span> <span class='ocrx_word' id='word_1_168' title='bbox 641 2140 873 2196; x_wconf 87' lang='lat' dir='ltr'><strong>altitudo</strong></span> <span class='ocrx_word' id='word_1_169' title='bbox 931 2143 1235 2213; x_wconf 85' lang='lat' dir='ltr'><strong>appelletur</strong></span> <span class='ocrx_word' id='word_1_170' title='bbox 1294 2146 1562 2203; x_wconf 80' lang='lat' dir='ltr'><strong>extollens</strong></span> <span class='ocrx_word' id='word_1_171' title='bbox 1626 2162 1684 2202; x_wconf 91' lang='lat' dir='ltr'><strong>se</strong></span> <span class='ocrx_word' id='word_1_172' title='bbox 1745 2145 2008 2202; x_wconf 86' lang='lat' dir='ltr'><strong>adversus</strong></span> 
     </span>
    </p>
   </div>
   <div class='ocr_carea' id='block_1_26' title="bbox 430 2233 2012 2306">
    <p class='ocr_par' dir='ltr' id='par_1_26' title="bbox 430 2233 2012 2306">
     <span class='ocr_line' id='line_1_26' title="bbox 430 2233 2012 2306; baseline 0.003 -18"><span class='ocrx_word' id='word_1_173' title='bbox 430 2233 721 2289; x_wconf 81' lang='lat' dir='ltr'><strong>scientiam</strong></span> <span class='ocrx_word' id='word_1_174' title='bbox 752 2233 845 2291; x_wconf 85' lang='lat' dir='ltr'><strong>Dei</strong></span> <span class='ocrx_word' id='word_1_175' title='bbox 876 2255 889 2290; x_wconf 87' lang='lat'><strong>:</strong></span> <span class='ocrx_word' id='word_1_176' title='bbox 924 2238 1072 2306; x_wconf 90' lang='lat' dir='ltr'><strong>quod</strong></span> <span class='ocrx_word' id='word_1_177' title='bbox 1125 2248 1178 2293; x_wconf 90' lang='lat' dir='ltr'><strong>et</strong></span> <span class='ocrx_word' id='word_1_178' title='bbox 1214 2238 1271 2292; x_wconf 89' lang='lat' dir='ltr'><strong>in</strong></span> <span class='ocrx_word' id='word_1_179' title='bbox 1319 2238 1681 2295; x_wconf 89' lang='lat' dir='ltr'><strong>Numerorum</strong></span> <span class='ocrx_word' id='word_1_180' title='bbox 1726 2238 1867 2294; x_wconf 90' lang='lat' dir='ltr'><strong>libro</strong></span> <span class='ocrx_word' id='word_1_181' title='bbox 1896 2239 2012 2293; x_wconf 85' lang='lat' dir='ltr'><strong>cla-</strong></span> 
     </span>
    </p>
   </div>
   <div class='ocr_carea' id='block_1_27' title="bbox 431 2323 2042 2403">
    <p class='ocr_par' dir='ltr' id='par_1_27' title="bbox 431 2323 2042 2403">
     <span class='ocr_line' id='line_1_27' title="bbox 431 2323 2042 2403; baseline 0.004 -24"><span class='ocrx_word' id='word_1_182' title='bbox 431 2325 547 2380; x_wconf 86' lang='lat' dir='ltr'><strong>rius</strong></span> <span class='ocrx_word' id='word_1_183' title='bbox 571 2323 904 2382; x_wconf 86' lang='lat' dir='ltr'><strong>declaratur.</strong></span> <span class='ocrx_word' id='word_1_184' title='bbox 940 2328 1076 2383; x_wconf 80' lang='lat' dir='ltr'><strong>Cum</strong></span> <span class='ocrx_word' id='word_1_185' title='bbox 1100 2330 1268 2397; x_wconf 88' lang='lat' dir='ltr'><strong>enim,</strong></span> <span class='ocrx_word' id='word_1_186' title='bbox 1296 2332 1537 2402; x_wconf 89' lang='lat' dir='ltr'><strong>peccatis</strong></span> <span class='ocrx_word' id='word_1_187' title='bbox 1561 2346 1681 2403; x_wconf 67' lang='lat' dir='ltr'><strong>quae</strong></span> <span class='ocrx_word' id='word_1_188' title='bbox 1700 2331 2010 2386; x_wconf 89' lang='lat' dir='ltr'><strong>voluntaria</strong></span> <span class='ocrx_word' id='word_1_189' title='bbox 2037 2398 2042 2402; x_wconf 90' lang='lat'>_</span> 
     </span>
    </p>
   </div>
   <div class='ocr_carea' id='block_1_28' title="bbox 432 2421 2011 2494">
    <p class='ocr_par' dir='ltr' id='par_1_28' title="bbox 432 2421 2011 2494">
     <span class='ocr_line' id='line_1_28' title="bbox 432 2421 2011 2494; baseline 0.003 -23"><span class='ocrx_word' id='word_1_190' title='bbox 432 2431 542 2472; x_wconf 91' lang='lat' dir='ltr'><strong>non</strong></span> <span class='ocrx_word' id='word_1_191' title='bbox 562 2425 691 2475; x_wconf 76' lang='lat' dir='ltr'><strong>sunt</strong></span> <span class='ocrx_word' id='word_1_192' title='bbox 720 2421 1079 2485; x_wconf 88' lang='lat' dir='ltr'><strong>enumeratis,</strong></span> <span class='ocrx_word' id='word_1_193' title='bbox 1113 2422 1511 2494; x_wconf 83' lang='lat' dir='ltr'><strong>sacriﬁciisque</strong></span> <span class='ocrx_word' id='word_1_194' title='bbox 1538 2423 1605 2478; x_wconf 80' lang='lat' dir='ltr'><strong>ad</strong></span> <span class='ocrx_word' id='word_1_195' title='bbox 1639 2423 1755 2479; x_wconf 87' lang='lat' dir='ltr'><strong>haec</strong></span> <span class='ocrx_word' id='word_1_196' title='bbox 1782 2422 2011 2494; x_wconf 81' lang='lat' dir='ltr'><strong>expian-</strong></span> 
     </span>
    </p>
   </div>
   <div class='ocr_carea' id='block_1_29' title="bbox 431 2509 2012 2587">
    <p class='ocr_par' dir='ltr' id='par_1_29' title="bbox 431 2509 2012 2587">
     <span class='ocr_line' id='line_1_29' title="bbox 431 2509 2012 2587; baseline 0.006 -24"><span class='ocrx_word' id='word_1_197' title='bbox 431 2509 500 2563; x_wconf 89' lang='lat' dir='ltr'><strong>da</strong></span> <span class='ocrx_word' id='word_1_198' title='bbox 529 2511 864 2576; x_wconf 89' lang='lat' dir='ltr'><strong>constitutis,</strong></span> <span class='ocrx_word' id='word_1_199' title='bbox 896 2514 1010 2584; x_wconf 88' lang='lat' dir='ltr'><strong>jam</strong></span> <span class='ocrx_word' id='word_1_200' title='bbox 1049 2524 1104 2571; x_wconf 90' lang='lat' dir='ltr'><strong>et</strong></span> <span class='ocrx_word' id='word_1_201' title='bbox 1130 2517 1294 2587; x_wconf 77' lang='lat'><strong>220</strong></span> <span class='ocrx_word' id='word_1_202' title='bbox 1321 2516 1388 2573; x_wconf 90' lang='lat' dir='ltr'><strong>de</strong></span> <span class='ocrx_word' id='word_1_203' title='bbox 1424 2512 1753 2573; x_wconf 67' lang='lat' dir='ltr'><strong>voluntariis</strong></span> <span class='ocrx_word' id='word_1_204' title='bbox 1786 2516 2012 2573; x_wconf 90' lang='lat' dir='ltr'><strong>idoneas</strong></span> 
     </span>
    </p>
   </div>
   <div class='ocr_carea' id='block_1_30' title="bbox 432 2599 2008 2674">
    <p class='ocr_par' dir='ltr' id='par_1_30' title="bbox 432 2599 2008 2674">
     <span class='ocr_line' id='line_1_30' title="bbox 432 2599 2008 2674; baseline 0.003 -21"><span class='ocrx_word' id='word_1_205' title='bbox 432 2599 580 2659; x_wconf 65' lang='lat' dir='ltr'><strong>leues</strong></span> <span class='ocrx_word' id='word_1_206' title='bbox 640 2601 843 2673; x_wconf 87' lang='lat' dir='ltr'><strong>populo</strong></span> <span class='ocrx_word' id='word_1_207' title='bbox 894 2605 1111 2660; x_wconf 88' lang='lat' dir='ltr'><strong>sancire</strong></span> <span class='ocrx_word' id='word_1_208' title='bbox 1172 2605 1320 2661; x_wconf 89' lang='lat' dir='ltr'><strong>Deus</strong></span> <span class='ocrx_word' id='word_1_209' title='bbox 1369 2606 1570 2672; x_wconf 83' lang='lat' dir='ltr'><strong>vellet,</strong></span> <span class='ocrx_word' id='word_1_210' title='bbox 1634 2606 1716 2661; x_wconf 92' lang='lat' dir='ltr'><strong>sic</strong></span> <span class='ocrx_word' id='word_1_211' title='bbox 1771 2604 2008 2674; x_wconf 91' lang='lat' dir='ltr'><strong>incipit:</strong></span> 
     </span>
    </p>
   </div>
   <div class='ocr_carea' id='block_1_31' title="bbox 435 2686 2010 2768">
    <p class='ocr_par' dir='ltr' id='par_1_31' title="bbox 435 2686 2010 2768">
     <span class='ocr_line' id='line_1_31' title="bbox 435 2686 2010 2768; baseline 0.001 -21"><span class='ocrx_word' id='word_1_212' title='bbox 435 2691 505 2749; x_wconf 78' lang='lat' dir='ltr'><strong>Et</strong></span> <span class='ocrx_word' id='word_1_213' title='bbox 531 2696 711 2749; x_wconf 90' lang='lat' dir='ltr'><strong>anima</strong></span> <span class='ocrx_word' id='word_1_214' title='bbox 743 2712 860 2768; x_wconf 74' lang='lat' dir='ltr'><strong>qua:</strong></span> <span class='ocrx_word' id='word_1_215' title='bbox 888 2697 1047 2765; x_wconf 89' lang='lat' dir='ltr'><strong>faciet</strong></span> <span class='ocrx_word' id='word_1_216' title='bbox 1070 2698 1124 2751; x_wconf 85' lang='lat' dir='ltr'><strong>in</strong></span> <span class='ocrx_word' id='word_1_217' title='bbox 1157 2714 1318 2752; x_wconf 88' lang='lat' dir='ltr'><strong>manu</strong></span> <span class='ocrx_word' id='word_1_218' title='bbox 1340 2698 1606 2768; x_wconf 66' lang='lat' dir='ltr'><strong>superbiae</strong></span> <span class='ocrx_word' id='word_1_219' title='bbox 1628 2698 1672 2730; x_wconf 80' lang='grc'><strong>⁸⁸</strong></span> <span class='ocrx_word' id='word_1_220' title='bbox 1702 2686 2010 2768; x_wconf 82' lang='lat' dir='ltr'><strong>(audaciam</strong></span> 
     </span>
    </p>
   </div>
   <div class='ocr_carea' id='block_1_32' title="bbox 433 2787 2013 2858">
    <p class='ocr_par' dir='ltr' id='par_1_32' title="bbox 433 2787 2013 2858">
     <span class='ocr_line' id='line_1_32' title="bbox 433 2787 2013 2858; baseline 0.002 -19"><span class='ocrx_word' id='word_1_221' title='bbox 433 2799 624 2839; x_wconf 68' lang='lat' dir='ltr'><strong>eorum</strong></span> <span class='ocrx_word' id='word_1_222' title='bbox 675 2787 769 2856; x_wconf 91' lang='lat' dir='ltr'><strong>qui</strong></span> <span class='ocrx_word' id='word_1_223' title='bbox 825 2787 1134 2852; x_wconf 81' lang='lat' dir='ltr'><strong>voluntarie</strong></span> <span class='ocrx_word' id='word_1_224' title='bbox 1194 2795 1465 2858; x_wconf 90' lang='lat' dir='ltr'><strong>peccant,</strong></span> <span class='ocrx_word' id='word_1_225' title='bbox 1529 2803 1753 2842; x_wconf 87' lang='lat' dir='ltr'><strong>manum</strong></span> <span class='ocrx_word' id='word_1_226' title='bbox 1807 2802 2013 2843; x_wconf 88' lang='lat' dir='ltr'><strong>vocans</strong></span> 
     </span>
    </p>
   </div>
   <div class='ocr_carea' id='block_1_33' title="bbox 436 2879 2013 2951">
    <p class='ocr_par' dir='ltr' id='par_1_33' title="bbox 436 2879 2013 2951">
     <span class='ocr_line' id='line_1_33' title="bbox 436 2879 2013 2951; baseline 0.001 -19"><span class='ocrx_word' id='word_1_227' title='bbox 436 2879 707 2947; x_wconf 71' lang='lat' dir='ltr'><strong>superbia:</strong></span> <span class='ocrx_word' id='word_1_228' title='bbox 738 2898 750 2932; x_wconf 89' lang='lat'>:</span> <span class='ocrx_word' id='word_1_229' title='bbox 794 2879 942 2951; x_wconf 90' lang='lat' dir='ltr'><strong>quod</strong></span> <span class='ocrx_word' id='word_1_230' title='bbox 976 2881 1276 2950; x_wconf 84' lang='lat' dir='ltr'><strong>Apostolus</strong></span> <span class='ocrx_word' id='word_1_231' title='bbox 1316 2881 1362 2913; x_wconf 80' lang='lat'>&quot;</span> <span class='ocrx_word' id='word_1_232' title='bbox 1402 2879 1739 2934; x_wconf 86' lang='lat' dir='ltr'><strong>altitudinem</strong></span> <span class='ocrx_word' id='word_1_233' title='bbox 1774 2880 2013 2950; x_wconf 88' lang='lat' dir='ltr'><strong>appellat</strong></span> 
     </span>
    </p>
   </div>
   <div class='ocr_carea' id='block_1_34' title="bbox 435 2967 2009 3042">
    <p class='ocr_par' dir='ltr' id='par_1_34' title="bbox 435 2967 2009 3042">
     <span class='ocr_line' id='line_1_34' title="bbox 435 2967 2009 3042; baseline 0.001 -21"><span class='ocrx_word' id='word_1_234' title='bbox 435 2967 765 3022; x_wconf 74' lang='lat' dir='ltr'><strong>extollentem</strong></span> <span class='ocrx_word' id='word_1_235' title='bbox 782 2985 836 3023; x_wconf 88' lang='lat' dir='ltr'><strong>se</strong></span> <span class='ocrx_word' id='word_1_236' title='bbox 856 2969 1108 3025; x_wconf 81' lang='lat' dir='ltr'><strong>adversus</strong></span> <span class='ocrx_word' id='word_1_237' title='bbox 1133 2970 1407 3024; x_wconf 77' lang='lat' dir='ltr'><strong>scientiam</strong></span> <span class='ocrx_word' id='word_1_238' title='bbox 1430 2971 1572 3042; x_wconf 86' lang='lat' dir='ltr'><strong>Dei),</strong></span> <span class='ocrx_word' id='word_1_239' title='bbox 1610 2972 1791 3025; x_wconf 88' lang='lat' dir='ltr'><strong>anima</strong></span> <span class='ocrx_word' id='word_1_240' title='bbox 1829 2970 2009 3042; x_wconf 82' lang='lat' dir='ltr'><strong>igitur,</strong></span> 
     </span>
    </p>
   </div>
   <div class='ocr_carea' id='block_1_35' title="bbox 2101 773 3691 845">
    <p class='ocr_par' dir='ltr' id='par_1_35' title="bbox 2101 773 3691 845">
     <span class='ocr_line' id='line_1_35' title="bbox 2101 773 3691 845; baseline 0.001 -18"><span class='ocrx_word' id='word_1_241' title='bbox 2101 791 2290 844; x_wconf 79' lang='grc' dir='ltr'><em>μενον</em></span> <span class='ocrx_word' id='word_1_242' title='bbox 2321 776 2469 829; x_wconf 83' lang='grc' dir='ltr'><em>κατὰ</em></span> <span class='ocrx_word' id='word_1_243' title='bbox 2490 773 2602 842; x_wconf 78' lang='grc' dir='ltr'><em>τῆς</em></span> <span class='ocrx_word' id='word_1_244' title='bbox 2633 774 2907 844; x_wconf 75' lang='grc' dir='ltr'><em>γνώσεως</em></span> <span class='ocrx_word' id='word_1_245' title='bbox 2937 775 3044 830; x_wconf 87' lang='grc' dir='ltr'><strong>τοῦ</strong></span> <span class='ocrx_word' id='word_1_246' title='bbox 3072 775 3240 840; x_wconf 86' lang='grc' dir='ltr'><em>Θεοῦ,</em></span> <span class='ocrx_word' id='word_1_247' title='bbox 3267 775 3363 829; x_wconf 81' lang='grc' dir='ltr'><em>καὶ</em></span> <span class='ocrx_word' id='word_1_248' title='bbox 3386 778 3691 845; x_wconf 72' lang='grc' dir='ltr'><em>α’ὶχμαλω-</em></span> 
     </span>
    </p>
   </div>
   <div class='ocr_carea' id='block_1_36' title="bbox 2107 860 3751 936">
    <p class='ocr_par' dir='ltr' id='par_1_36' title="bbox 2107 860 3751 936">
     <span class='ocr_line' id='line_1_36' title="bbox 2107 860 3751 936; baseline 0 -15"><span class='ocrx_word' id='word_1_249' title='bbox 2107 868 2364 935; x_wconf 81' lang='grc' dir='ltr'><em>τίζοντες</em></span> <span class='ocrx_word' id='word_1_250' title='bbox 2392 864 2518 922; x_wconf 83' lang='grc' dir='ltr'><strong>πᾶν</strong></span> <span class='ocrx_word' id='word_1_251' title='bbox 2536 868 2731 936; x_wconf 84' lang='grc' dir='ltr'><em>νόημα</em></span> <span class='ocrx_word' id='word_1_252' title='bbox 2750 868 2838 933; x_wconf 85' lang='grc' dir='ltr'><strong>εις</strong></span> <span class='ocrx_word' id='word_1_253' title='bbox 2852 867 2968 933; x_wconf 78' lang='grc' dir='ltr'><em>τὴν</em></span> <span class='ocrx_word' id='word_1_254' title='bbox 2982 865 3259 936; x_wconf 77' lang='grc' dir='ltr'><em>ὑπακοὴν</em></span> <span class='ocrx_word' id='word_1_255' title='bbox 3273 866 3379 921; x_wconf 89' lang='grc' dir='ltr'><strong>τοῦ</strong></span> <span class='ocrx_word' id='word_1_256' title='bbox 3401 867 3685 935; x_wconf 84' lang='grc' dir='ltr'><em>Χριστοῦ’</em></span> <span class='ocrx_word' id='word_1_257' title='bbox 3710 860 3751 907; x_wconf 66' lang='lat'><strong>‘-</strong></span> 
     </span>
    </p>
   </div>
   <div class='ocr_carea' id='block_1_37' title="bbox 2106 955 3691 1028">
    <p class='ocr_par' dir='ltr' id='par_1_37' title="bbox 2106 955 3691 1028">
     <span class='ocr_line' id='line_1_37' title="bbox 2106 955 3691 1028; baseline -0.003 -15"><span class='ocrx_word' id='word_1_258' title='bbox 2106 961 2168 1013; x_wconf 74' lang='grc' dir='ltr'><em>οὐ</em></span> <span class='ocrx_word' id='word_1_259' title='bbox 2203 958 2360 1028; x_wconf 84' lang='grc' dir='ltr'><em>μόνον</em></span> <span class='ocrx_word' id='word_1_260' title='bbox 2388 958 2463 1023; x_wconf 80' lang='grc' dir='ltr'><strong>δὲ,</strong></span> <span class='ocrx_word' id='word_1_261' title='bbox 2500 957 2636 1012; x_wconf 77' lang='grc' dir='ltr'>ἀλλὰ</span> <span class='ocrx_word' id='word_1_262' title='bbox 2666 956 2773 1012; x_wconf 75' lang='grc' dir='ltr'><strong>Καὶ</strong></span> <span class='ocrx_word' id='word_1_263' title='bbox 2806 958 2877 1013; x_wconf 83' lang='grc' dir='ltr'><em>ἐν</em></span> <span class='ocrx_word' id='word_1_264' title='bbox 2910 959 3123 1028; x_wconf 79' lang='grc' dir='ltr'><strong>ἑτοίμῳ</strong></span> <span class='ocrx_word' id='word_1_265' title='bbox 3148 957 3395 1026; x_wconf 81' lang='grc' dir='ltr'><em>ἔχοντες</em></span> <span class='ocrx_word' id='word_1_266' title='bbox 3433 955 3691 1024; x_wconf 76' lang='grc' dir='ltr'><em>ἐκδικῆ-</em></span> 
     </span>
    </p>
   </div>
   <div class='ocr_carea' id='block_1_38' title="bbox 2108 1048 3689 1117">
    <p class='ocr_par' dir='ltr' id='par_1_38' title="bbox 2108 1048 3689 1117">
     <span class='ocr_line' id='line_1_38' title="bbox 2108 1048 3689 1117; baseline 0.001 -14"><span class='ocrx_word' id='word_1_267' title='bbox 2108 1066 2209 1104; x_wconf 89' lang='grc' dir='ltr'><strong>σαι</strong></span> <span class='ocrx_word' id='word_1_268' title='bbox 2252 1048 2459 1104; x_wconf 83' lang='grc' dir='ltr'><em>πᾶσαν</em></span> <span class='ocrx_word' id='word_1_269' title='bbox 2491 1050 2824 1117; x_wconf 67' lang='grc' dir='ltr'><em>παρακοήν.</em></span> <span class='ocrx_word' id='word_1_270' title='bbox 2867 1049 3037 1104; x_wconf 83' lang='grc' dir='ltr'><strong>Ἔνθα</strong></span> <span class='ocrx_word' id='word_1_271' title='bbox 3070 1051 3164 1103; x_wconf 73' lang='grc' dir='ltr'><em>καὶ</em></span> <span class='ocrx_word' id='word_1_272' title='bbox 3213 1050 3542 1116; x_wconf 80' lang='grc' dir='ltr'><strong>ἐξετάσαντα</strong></span> <span class='ocrx_word' id='word_1_273' title='bbox 3581 1050 3689 1104; x_wconf 81' lang='grc' dir='ltr'><em>τῶν</em></span> 
     </span>
    </p>
   </div>
   <div class='ocr_carea' id='block_1_39' title="bbox 2107 1141 3692 1225">
    <p class='ocr_par' dir='ltr' id='par_1_39' title="bbox 2107 1141 3692 1225">
     <span class='ocr_line' id='line_1_39' title="bbox 2107 1141 3692 1225; baseline 0.001 -32"><span class='ocrx_word' id='word_1_274' title='bbox 2107 1143 2412 1225; x_wconf 63' lang='grc' dir='ltr'><em>εἰρημένων</em></span> <span class='ocrx_word' id='word_1_275' title='bbox 2438 1142 2668 1196; x_wconf 69' lang='grc' dir='ltr'><em>ἕκαστον</em></span> <span class='ocrx_word' id='word_1_276' title='bbox 2702 1143 2814 1214; x_wconf 88' lang='grc'>(77)</span> <span class='ocrx_word' id='word_1_277' title='bbox 2861 1141 3299 1215; x_wconf 77' lang='grc' dir='ltr'><strong>ἐπιμελέστερον,</strong></span> <span class='ocrx_word' id='word_1_278' title='bbox 3325 1141 3502 1195; x_wconf 71' lang='grc' dir='ltr'><em>ἔνεστι</em></span> <span class='ocrx_word' id='word_1_279' title='bbox 3548 1141 3692 1211; x_wconf 85' lang='grc' dir='ltr'><strong>γνῶ-</strong></span> 
     </span>
    </p>
   </div>
   <div class='ocr_carea' id='block_1_40' title="bbox 2109 1232 3692 1307">
    <p class='ocr_par' dir='ltr' id='par_1_40' title="bbox 2109 1232 3692 1307">
     <span class='ocr_line' id='line_1_40' title="bbox 2109 1232 3692 1307; baseline -0.001 -20"><span class='ocrx_word' id='word_1_280' title='bbox 2109 1250 2198 1287; x_wconf 72' lang='grc' dir='ltr'><strong>ναι</strong></span> <span class='ocrx_word' id='word_1_281' title='bbox 2230 1233 2290 1286; x_wconf 84' lang='grc' dir='ltr'><em>τὸ</em></span> <span class='ocrx_word' id='word_1_282' title='bbox 2312 1233 2559 1304; x_wconf 81' lang='grc' dir='ltr'><em>βούλημα</em></span> <span class='ocrx_word' id='word_1_283' title='bbox 2585 1235 2682 1305; x_wconf 81' lang='grc' dir='ltr'><strong>τῆς</strong></span> <span class='ocrx_word' id='word_1_284' title='bbox 2726 1234 2878 1299; x_wconf 81' lang='grc' dir='ltr'><strong>Θείας</strong></span> <span class='ocrx_word' id='word_1_285' title='bbox 2918 1235 2958 1287; x_wconf 93' lang='grc' dir='ltr'><strong>Γ</strong></span> <span class='ocrx_word' id='word_1_286' title='bbox 2964 1235 3140 1307; x_wconf 82' lang='grc' dir='ltr'><em>ραφῆς</em></span> <span class='ocrx_word' id='word_1_287' title='bbox 3177 1232 3589 1305; x_wconf 82' lang='grc' dir='ltr'><em>ἀκριϐέστερον,</em></span> <span class='ocrx_word' id='word_1_288' title='bbox 3614 1234 3692 1297; x_wconf 81' lang='grc' dir='ltr'><em>ὡς</em></span> 
     </span>
    </p>
   </div>
   <div class='ocr_carea' id='block_1_41' title="bbox 2108 1322 3692 1398">
    <p class='ocr_par' dir='ltr' id='par_1_41' title="bbox 2108 1322 3692 1398">
     <span class='ocr_line' id='line_1_41' title="bbox 2108 1322 3692 1398; baseline -0.003 -19"><span class='ocrx_word' id='word_1_289' title='bbox 2108 1326 2208 1379; x_wconf 79' lang='grc' dir='ltr'><em>οὐκ</em></span> <span class='ocrx_word' id='word_1_290' title='bbox 2258 1326 2469 1398; x_wconf 72' lang='grc' dir='ltr'><em>ἀφῆκεν</em></span> <span class='ocrx_word' id='word_1_291' title='bbox 2501 1327 2650 1397; x_wconf 70' lang='grc' dir='ltr'><strong>ἡμᾶς</strong></span> <span class='ocrx_word' id='word_1_292' title='bbox 2696 1325 3079 1396; x_wconf 74' lang='grc' dir='ltr'><em>ὴπατημέναις</em></span> <span class='ocrx_word' id='word_1_293' title='bbox 3119 1324 3230 1378; x_wconf 77' lang='grc' dir='ltr'><em>τισὶ</em></span> <span class='ocrx_word' id='word_1_294' title='bbox 3271 1322 3449 1388; x_wconf 80' lang='grc' dir='ltr'><strong>δόξαις</strong></span> <span class='ocrx_word' id='word_1_295' title='bbox 3484 1323 3692 1389; x_wconf 78' lang='grc' dir='ltr'><em>πλάζε-</em></span> 
     </span>
    </p>
   </div>
   <div class='ocr_carea' id='block_1_42' title="bbox 2111 1415 3693 1490">
    <p class='ocr_par' dir='ltr' id='par_1_42' title="bbox 2111 1415 3693 1490">
     <span class='ocr_line' id='line_1_42' title="bbox 2111 1415 3693 1490; baseline -0.001 -19"><span class='ocrx_word' id='word_1_296' title='bbox 2111 1418 2232 1471; x_wconf 91' lang='grc' dir='ltr'><em>σθαι</em></span> <span class='ocrx_word' id='word_1_297' title='bbox 2258 1418 2355 1489; x_wconf 84' lang='grc' dir='ltr'><em>τὴν</em></span> <span class='ocrx_word' id='word_1_298' title='bbox 2377 1418 2606 1471; x_wconf 76' lang='grc' dir='ltr'><strong>ἑκάστου</strong></span> <span class='ocrx_word' id='word_1_299' title='bbox 2629 1417 2803 1490; x_wconf 72' lang='grc' dir='ltr'><strong>ψυχὴν</strong></span> <span class='ocrx_word' id='word_1_300' title='bbox 2835 1420 2914 1481; x_wconf 86' lang='grc' dir='ltr'><strong>εἰς</strong></span> <span class='ocrx_word' id='word_1_301' title='bbox 2934 1418 3207 1490; x_wconf 84' lang='grc' dir='ltr'><em>ἁμαρτίας</em></span> <span class='ocrx_word' id='word_1_302' title='bbox 3235 1416 3467 1481; x_wconf 75' lang='grc' dir='ltr'><em>ὄλισθον,</em></span> <span class='ocrx_word' id='word_1_303' title='bbox 3499 1415 3693 1487; x_wconf 73' lang='grc' dir='ltr'><em>αἰομέ-</em></span> 
     </span>
    </p>
   </div>
   <div class='ocr_carea' id='block_1_43' title="bbox 2109 1507 3691 1581">
    <p class='ocr_par' dir='ltr' id='par_1_43' title="bbox 2109 1507 3691 1581">
     <span class='ocr_line' id='line_1_43' title="bbox 2109 1507 3691 1581; baseline -0.002 -17"><span class='ocrx_word' id='word_1_304' title='bbox 2109 1527 2206 1581; x_wconf 87' lang='grc' dir='ltr'><strong>νην</strong></span> <span class='ocrx_word' id='word_1_305' title='bbox 2233 1509 2354 1563; x_wconf 86' lang='grc' dir='ltr'><em>τινὰ</em></span> <span class='ocrx_word' id='word_1_306' title='bbox 2391 1510 2487 1580; x_wconf 83' lang='grc' dir='ltr'><em>μὲν</em></span> <span class='ocrx_word' id='word_1_307' title='bbox 2509 1508 2617 1562; x_wconf 84' lang='grc' dir='ltr'><em>τῶν</em></span> <span class='ocrx_word' id='word_1_308' title='bbox 2652 1510 3063 1581; x_wconf 81' lang='grc' dir='ltr'><strong>ἁμαρτημάτων</strong></span> <span class='ocrx_word' id='word_1_309' title='bbox 3091 1508 3442 1573; x_wconf 84' lang='grc' dir='ltr'><em>ἐκδικείσθαι,</em></span> <span class='ocrx_word' id='word_1_310' title='bbox 3478 1508 3603 1561; x_wconf 78' lang='grc' dir='ltr'><em>τινὰ</em></span> <span class='ocrx_word' id='word_1_311' title='bbox 3633 1507 3691 1561; x_wconf 71' lang='grc' dir='ltr'><strong>δὲ</strong></span> 
     </span>
    </p>
   </div>
   <div class='ocr_carea' id='block_1_44' title="bbox 2111 1597 3693 1671">
    <p class='ocr_par' dir='ltr' id='par_1_44' title="bbox 2111 1597 3693 1671">
     <span class='ocr_line' id='line_1_44' title="bbox 2111 1597 3693 1671; baseline -0.002 -17"><span class='ocrx_word' id='word_1_312' title='bbox 2111 1601 2369 1670; x_wconf 71' lang='grc' dir='ltr'><em>ἀφίεσθαι</em></span> <span class='ocrx_word' id='word_1_313' title='bbox 2417 1600 2765 1671; x_wconf 79' lang='grc' dir='ltr'><em>ἀνεκδίκητα.</em></span> <span class='ocrx_word' id='word_1_314' title='bbox 2822 1599 2981 1654; x_wconf 80' lang='grc' dir='ltr'>Ἀλλά</span> <span class='ocrx_word' id='word_1_315' title='bbox 3023 1599 3075 1652; x_wconf 85' lang='grc' dir='ltr'><strong>τί</strong></span> <span class='ocrx_word' id='word_1_316' title='bbox 3122 1615 3289 1670; x_wconf 85' lang='grc' dir='ltr'><em>φησι;</em></span> <span class='ocrx_word' id='word_1_317' title='bbox 3347 1597 3693 1668; x_wconf 72' lang='grc' dir='ltr'><em>Λογισμοὺς</em></span> 
     </span>
    </p>
   </div>
   <div class='ocr_carea' id='block_1_45' title="bbox 2112 1689 3694 1760">
    <p class='ocr_par' dir='ltr' id='par_1_45' title="bbox 2112 1689 3694 1760">
     <span class='ocr_line' id='line_1_45' title="bbox 2112 1689 3694 1760; baseline -0.003 -15"><span class='ocrx_word' id='word_1_318' title='bbox 2112 1692 2555 1760; x_wconf 77' lang='grc' dir='ltr'><em>καθαιροῦντες,</em></span> <span class='ocrx_word' id='word_1_319' title='bbox 2575 1691 2673 1745; x_wconf 81' lang='grc' dir='ltr'><em>καὶ</em></span> <span class='ocrx_word' id='word_1_320' title='bbox 2711 1690 2834 1744; x_wconf 80' lang='grc' dir='ltr'><em>πᾶν</em></span> <span class='ocrx_word' id='word_1_321' title='bbox 2862 1691 3077 1760; x_wconf 69' lang='grc' dir='ltr'><em>ὕψωμα</em></span> <span class='ocrx_word' id='word_1_322' title='bbox 3114 1690 3511 1758; x_wconf 76' lang='grc' dir='ltr'><em>ἐπαιρόμενον</em></span> <span class='ocrx_word' id='word_1_323' title='bbox 3538 1689 3694 1741; x_wconf 80' lang='grc' dir='ltr'><em>κατὰ</em></span> 
     </span>
    </p>
   </div>
   <div class='ocr_carea' id='block_1_46' title="bbox 2109 1778 3693 1854">
    <p class='ocr_par' dir='ltr' id='par_1_46' title="bbox 2109 1778 3693 1854">
     <span class='ocr_line' id='line_1_46' title="bbox 2109 1778 3693 1854; baseline -0.003 -18"><span class='ocrx_word' id='word_1_324' title='bbox 2109 1782 2219 1850; x_wconf 67' lang='grc' dir='ltr'><em>τῆς</em></span> <span class='ocrx_word' id='word_1_325' title='bbox 2253 1783 2527 1854; x_wconf 75' lang='grc' dir='ltr'><em>γνώσεως</em></span> <span class='ocrx_word' id='word_1_326' title='bbox 2556 1783 2660 1837; x_wconf 87' lang='grc' dir='ltr'><strong>τοῦ</strong></span> <span class='ocrx_word' id='word_1_327' title='bbox 2686 1781 2854 1849; x_wconf 79' lang='grc' dir='ltr'><em>Θεοῦ,</em></span> <span class='ocrx_word' id='word_1_328' title='bbox 2881 1782 2956 1845; x_wconf 79' lang='grc' dir='ltr'><strong>ὡς</strong></span> <span class='ocrx_word' id='word_1_329' title='bbox 2986 1782 3092 1834; x_wconf 79' lang='grc' dir='ltr'><strong>πᾶν</strong></span> <span class='ocrx_word' id='word_1_330' title='bbox 3118 1780 3440 1852; x_wconf 83' lang='grc' dir='ltr'><em>ἁμάρτημα,</em></span> <span class='ocrx_word' id='word_1_331' title='bbox 3473 1778 3564 1832; x_wconf 82' lang='grc' dir='ltr'><strong>διὰ</strong></span> <span class='ocrx_word' id='word_1_332' title='bbox 3590 1778 3693 1849; x_wconf 76' lang='grc' dir='ltr'><em>τὴν</em></span> 
     </span>
    </p>
   </div>
   <div class='ocr_carea' id='block_1_47' title="bbox 2110 1868 3694 1946">
    <p class='ocr_par' dir='ltr' id='par_1_47' title="bbox 2110 1868 3694 1946">
     <span class='ocr_line' id='line_1_47' title="bbox 2110 1868 3694 1946; baseline -0.003 -19"><span class='ocrx_word' id='word_1_333' title='bbox 2110 1875 2201 1927; x_wconf 77' lang='grc' dir='ltr'><strong>ἐπὶ</strong></span> <span class='ocrx_word' id='word_1_334' title='bbox 2256 1874 2335 1944; x_wconf 83' lang='grc' dir='ltr'><em>τῷ</em></span> <span class='ocrx_word' id='word_1_335' title='bbox 2385 1874 2513 1946; x_wconf 80' lang='grc' dir='ltr'><em>θείῳ</em></span> <span class='ocrx_word' id='word_1_336' title='bbox 2572 1874 2952 1946; x_wconf 77' lang='grc' dir='ltr'><em>προστάγματι</em></span> <span class='ocrx_word' id='word_1_337' title='bbox 3021 1872 3443 1942; x_wconf 77' lang='grc' dir='ltr'><em>καταφρόνησιν,</em></span> <span class='ocrx_word' id='word_1_338' title='bbox 3486 1868 3694 1940; x_wconf 62' lang='grc' dir='ltr'><em>ὕψωμα</em></span> 
     </span>
    </p>
   </div>
   <div class='ocr_carea' id='block_1_48' title="bbox 2110 1960 3692 2037">
    <p class='ocr_par' dir='ltr' id='par_1_48' title="bbox 2110 1960 3692 2037">
     <span class='ocr_line' id='line_1_48' title="bbox 2110 1960 3692 2037; baseline -0.004 -18"><span class='ocrx_word' id='word_1_339' title='bbox 2110 1966 2471 2037; x_wconf 78' lang='grc' dir='ltr'><em>ἐπαιρόμενον</em></span> <span class='ocrx_word' id='word_1_340' title='bbox 2512 1965 2655 2019; x_wconf 75' lang='grc' dir='ltr'><em>κατὰ</em></span> <span class='ocrx_word' id='word_1_341' title='bbox 2688 1966 2787 2036; x_wconf 85' lang='grc' dir='ltr'><strong>τῆς</strong></span> <span class='ocrx_word' id='word_1_342' title='bbox 2833 1963 3086 2034; x_wconf 80' lang='grc' dir='ltr'><em>γνώσεως</em></span> <span class='ocrx_word' id='word_1_343' title='bbox 3117 1962 3210 2016; x_wconf 77' lang='grc' dir='ltr'><strong>τοῦ</strong></span> <span class='ocrx_word' id='word_1_344' title='bbox 3237 1960 3372 2014; x_wconf 78' lang='grc' dir='ltr'><em>Θεοῦ</em></span> <span class='ocrx_word' id='word_1_345' title='bbox 3411 1960 3692 2028; x_wconf 79' lang='grc' dir='ltr'><em>λέγεσθαι,</em></span> 
     </span>
    </p>
   </div>
   <div class='ocr_carea' id='block_1_49' title="bbox 2109 2050 3692 2128">
    <p class='ocr_par' dir='ltr' id='par_1_49' title="bbox 2109 2050 3692 2128">
     <span class='ocr_line' id='line_1_49' title="bbox 2109 2050 3692 2128; baseline -0.004 -18"><span class='ocrx_word' id='word_1_346' title='bbox 2109 2058 2244 2128; x_wconf 82' lang='grc' dir='ltr'><em>ὅπερ</em></span> <span class='ocrx_word' id='word_1_347' title='bbox 2270 2057 2363 2110; x_wconf 76' lang='grc' dir='ltr'><em>καὶ</em></span> <span class='ocrx_word' id='word_1_348' title='bbox 2400 2059 2457 2110; x_wconf 84' lang='grc' dir='ltr'><strong>ἐν</strong></span> <span class='ocrx_word' id='word_1_349' title='bbox 2512 2059 2578 2128; x_wconf 83' lang='grc' dir='ltr'><em>τῇ</em></span> <span class='ocrx_word' id='word_1_350' title='bbox 2622 2055 2789 2127; x_wconf 78' lang='grc' dir='ltr'>βίϐλῳ</span> <span class='ocrx_word' id='word_1_351' title='bbox 2820 2055 2927 2110; x_wconf 79' lang='grc' dir='ltr'><em>τῶν</em></span> <span class='ocrx_word' id='word_1_352' title='bbox 2967 2053 3239 2124; x_wconf 73' lang='grc' dir='ltr'><em>Ἀριθμῶν</em></span> <span class='ocrx_word' id='word_1_353' title='bbox 3270 2050 3525 2123; x_wconf 77' lang='grc' dir='ltr'><em>δηλοῦται</em></span> <span class='ocrx_word' id='word_1_354' title='bbox 3561 2067 3692 2121; x_wconf 83' lang='grc' dir='ltr'><em>τρα-</em></span> 
     </span>
    </p>
   </div>
   <div class='ocr_carea' id='block_1_50' title="bbox 2097 2144 3695 2221">
    <p class='ocr_par' dir='ltr' id='par_1_50' title="bbox 2097 2144 3695 2221">
     <span class='ocr_line' id='line_1_50' title="bbox 2097 2144 3695 2221; baseline -0.006 -16"><span class='ocrx_word' id='word_1_355' title='bbox 2097 2150 2346 2221; x_wconf 82' lang='grc' dir='ltr'><em>νότερον.</em></span> <span class='ocrx_word' id='word_1_356' title='bbox 2379 2149 2592 2221; x_wconf 77' lang='grc' dir='ltr'><strong>Ἐπειδὴ</strong></span> <span class='ocrx_word' id='word_1_357' title='bbox 2627 2148 2756 2220; x_wconf 80' lang='grc' dir='ltr'><em>γὰρ,</em></span> <span class='ocrx_word' id='word_1_358' title='bbox 2778 2147 2847 2201; x_wconf 81' lang='grc' dir='ltr'><em>τὰ</em></span> <span class='ocrx_word' id='word_1_359' title='bbox 2885 2144 3114 2201; x_wconf 81' lang='grc' dir='ltr'><em>ἀκούσια</em></span> <span class='ocrx_word' id='word_1_360' title='bbox 3138 2144 3248 2199; x_wconf 82' lang='grc' dir='ltr'><em>τῶν</em></span> <span class='ocrx_word' id='word_1_361' title='bbox 3279 2145 3695 2216; x_wconf 77' lang='grc' dir='ltr'><strong>ἁμαρτημάτων</strong></span> 
     </span>
    </p>
   </div>
   <div class='ocr_carea' id='block_1_51' title="bbox 2110 2236 3693 2313">
    <p class='ocr_par' dir='ltr' id='par_1_51' title="bbox 2110 2236 3693 2313">
     <span class='ocr_line' id='line_1_51' title="bbox 2110 2236 3693 2313; baseline -0.004 -17"><span class='ocrx_word' id='word_1_362' title='bbox 2110 2241 2659 2313; x_wconf 81' lang='grc' dir='ltr'><em>ἀπαριθμησάμενος,</em></span> <span class='ocrx_word' id='word_1_363' title='bbox 2709 2241 2804 2293; x_wconf 78' lang='grc' dir='ltr'><em>καὶ</em></span> <span class='ocrx_word' id='word_1_364' title='bbox 2834 2238 2934 2304; x_wconf 83' lang='grc' dir='ltr'><strong>τὰς</strong></span> <span class='ocrx_word' id='word_1_365' title='bbox 2966 2239 3052 2291; x_wconf 80' lang='grc' dir='ltr'><strong>ἐπ’</strong></span> <span class='ocrx_word' id='word_1_366' title='bbox 3082 2238 3266 2301; x_wconf 77' lang='grc' dir='ltr'><em>αὐτοῖς</em></span> <span class='ocrx_word' id='word_1_367' title='bbox 3292 2236 3485 2300; x_wconf 77' lang='grc' dir='ltr'><em>θυσίας</em></span> <span class='ocrx_word' id='word_1_368' title='bbox 3499 2237 3693 2290; x_wconf 78' lang='grc' dir='ltr'><em>διατα-</em></span> 
     </span>
    </p>
   </div>
   <div class='ocr_carea' id='block_1_52' title="bbox 2113 2328 3695 2405">
    <p class='ocr_par' dir='ltr' id='par_1_52' title="bbox 2113 2328 3695 2405">
     <span class='ocr_line' id='line_1_52' title="bbox 2113 2328 3695 2405; baseline -0.005 -16"><span class='ocrx_word' id='word_1_369' title='bbox 2113 2335 2343 2405; x_wconf 82' lang='grc' dir='ltr'><em>ξάμενος</em></span> <span class='ocrx_word' id='word_1_370' title='bbox 2376 2336 2404 2386; x_wconf 85' lang='grc' dir='ltr'>ὁ</span> <span class='ocrx_word' id='word_1_371' title='bbox 2432 2334 2585 2399; x_wconf 84' lang='grc' dir='ltr'><em>Θεὸς,</em></span> <span class='ocrx_word' id='word_1_372' title='bbox 2617 2332 2841 2403; x_wconf 79' lang='grc' dir='ltr'><em>ἔμελλεν</em></span> <span class='ocrx_word' id='word_1_373' title='bbox 2874 2331 2975 2404; x_wconf 70' lang='grc' dir='ltr'><strong>ἤδη</strong></span> <span class='ocrx_word' id='word_1_374' title='bbox 3002 2332 3097 2385; x_wconf 74' lang='grc' dir='ltr'><em>καὶ</em></span> <span class='ocrx_word' id='word_1_375' title='bbox 3130 2329 3258 2402; x_wconf 66' lang='grc' dir='ltr'><strong>περ)⁵</strong></span> <span class='ocrx_word' id='word_1_376' title='bbox 3291 2328 3398 2382; x_wconf 83' lang='grc' dir='ltr'><em>τῶν</em></span> <span class='ocrx_word' id='word_1_377' title='bbox 3426 2330 3695 2382; x_wconf 73' lang='grc' dir='ltr'><em>ἐχουσέων</em></span> 
     </span>
    </p>
   </div>
   <div class='ocr_carea' id='block_1_53' title="bbox 2111 2421 3691 2498">
    <p class='ocr_par' dir='ltr' id='par_1_53' title="bbox 2111 2421 3691 2498">
     <span class='ocr_line' id='line_1_53' title="bbox 2111 2421 3691 2498; baseline -0.004 -18"><span class='ocrx_word' id='word_1_378' title='bbox 2111 2427 2423 2498; x_wconf 87' lang='grc' dir='ltr'><em>νομοθετεῖν</em></span> <span class='ocrx_word' id='word_1_379' title='bbox 2449 2426 2527 2497; x_wconf 85' lang='grc' dir='ltr'><em>τῷ</em></span> <span class='ocrx_word' id='word_1_380' title='bbox 2570 2424 2685 2496; x_wconf 85' lang='grc' dir='ltr'><strong>λαῷ</strong></span> <span class='ocrx_word' id='word_1_381' title='bbox 2719 2425 2789 2479; x_wconf 83' lang='grc' dir='ltr'><em>τὰ</em></span> <span class='ocrx_word' id='word_1_382' title='bbox 2824 2424 3186 2497; x_wconf 85' lang='grc' dir='ltr'><em>προσήκοντα,</em></span> <span class='ocrx_word' id='word_1_383' title='bbox 3216 2421 3388 2486; x_wconf 78' lang='grc' dir='ltr'><em>οὕτως</em></span> <span class='ocrx_word' id='word_1_384' title='bbox 3427 2421 3691 2493; x_wconf 73' lang='grc' dir='ltr'><em>ἄρχεταιο</em></span> 
     </span>
    </p>
   </div>
   <div class='ocr_carea' id='block_1_54' title="bbox 2110 2512 3692 2589">
    <p class='ocr_par' dir='ltr' id='par_1_54' title="bbox 2110 2512 3692 2589">
     <span class='ocr_line' id='line_1_54' title="bbox 2110 2512 3692 2589; baseline -0.005 -16"><span class='ocrx_word' id='word_1_385' title='bbox 2110 2519 2221 2574; x_wconf 81' lang='grc' dir='ltr'><strong>Καὶ</strong></span> <span class='ocrx_word' id='word_1_386' title='bbox 2238 2518 2409 2589; x_wconf 68' lang='grc' dir='ltr'><em>ψυχὴ</em></span> <span class='ocrx_word' id='word_1_387' title='bbox 2434 2519 2566 2587; x_wconf 84' lang='grc' dir='ltr'><em>ἣτις</em></span> <span class='ocrx_word' id='word_1_388' title='bbox 2594 2517 2833 2585; x_wconf 83' lang='grc' dir='ltr'><em>ποιήσει</em></span> <span class='ocrx_word' id='word_1_389' title='bbox 2871 2518 2941 2571; x_wconf 87' lang='grc' dir='ltr'><strong>ἐν</strong></span> <span class='ocrx_word' id='word_1_390' title='bbox 2955 2515 3106 2586; x_wconf 80' lang='grc' dir='ltr'><em>χειρὶ</em></span> <span class='ocrx_word' id='word_1_391' title='bbox 3130 2515 3548 2584; x_wconf 65' lang='grc' dir='ltr'><em>ὑπερηφανίας</em></span> <span class='ocrx_word' id='word_1_392' title='bbox 3577 2512 3692 2585; x_wconf 85' lang='grc'>(78)</span> 
     </span>
    </p>
   </div>
   <div class='ocr_carea' id='block_1_55' title="bbox 2114 2605 3694 2683">
    <p class='ocr_par' dir='ltr' id='par_1_55' title="bbox 2114 2605 3694 2683">
     <span class='ocr_line' id='line_1_55' title="bbox 2114 2605 3694 2683; baseline -0.005 -19"><span class='ocrx_word' id='word_1_393' title='bbox 2114 2612 2290 2683; x_wconf 84' lang='grc' dir='ltr'><em>(χεῖρα</em></span> <span class='ocrx_word' id='word_1_394' title='bbox 2323 2608 2701 2683; x_wconf 75' lang='grc' dir='ltr'><em>ὑπερηφανίας</em></span> <span class='ocrx_word' id='word_1_395' title='bbox 2725 2608 2903 2662; x_wconf 81' lang='grc' dir='ltr'><em>καλῶν</em></span> <span class='ocrx_word' id='word_1_396' title='bbox 2927 2606 3025 2679; x_wconf 81' lang='grc' dir='ltr'><em>τὴν</em></span> <span class='ocrx_word' id='word_1_397' title='bbox 3055 2607 3256 2678; x_wconf 84' lang='grc' dir='ltr'><em>τόλμαν</em></span> <span class='ocrx_word' id='word_1_398' title='bbox 3281 2605 3389 2659; x_wconf 85' lang='grc' dir='ltr'><em>τῶν</em></span> <span class='ocrx_word' id='word_1_399' title='bbox 3427 2605 3694 2667; x_wconf 76' lang='grc' dir='ltr'><strong>ἑκουσίως</strong></span> 
     </span>
    </p>
   </div>
   <div class='ocr_carea' id='block_1_56' title="bbox 2114 2695 3693 2774">
    <p class='ocr_par' dir='ltr' id='par_1_56' title="bbox 2114 2695 3693 2774">
     <span class='ocr_line' id='line_1_56' title="bbox 2114 2695 3693 2774; baseline -0.004 -19"><span class='ocrx_word' id='word_1_400' title='bbox 2114 2700 2558 2774; x_wconf 80' lang='grc' dir='ltr'><em>ἁμαρτανόντων,</em></span> <span class='ocrx_word' id='word_1_401' title='bbox 2617 2700 2755 2771; x_wconf 82' lang='grc' dir='ltr'><em>ὅπερ</em></span> <span class='ocrx_word' id='word_1_402' title='bbox 2807 2700 2836 2752; x_wconf 83' lang='grc' dir='ltr'><strong><em>ὁ</em></strong></span> <span class='ocrx_word' id='word_1_403' title='bbox 2885 2697 3206 2761; x_wconf 78' lang='grc' dir='ltr'><em>Ἀπόστολος</em></span> <span class='ocrx_word' id='word_1_404' title='bbox 3260 2696 3478 2766; x_wconf 73' lang='grc' dir='ltr'><em>ὕψωμα</em></span> <span class='ocrx_word' id='word_1_405' title='bbox 3522 2695 3693 2749; x_wconf 79' lang='grc' dir='ltr'><em>ἐπαι-</em></span> 
     </span>
    </p>
   </div>
   <div class='ocr_carea' id='block_1_57' title="bbox 2104 2787 3697 2862">
    <p class='ocr_par' dir='ltr' id='par_1_57' title="bbox 2104 2787 3697 2862">
     <span class='ocr_line' id='line_1_57' title="bbox 2104 2787 3697 2862; baseline -0.005 -16"><span class='ocrx_word' id='word_1_406' title='bbox 2104 2795 2365 2862; x_wconf 83' lang='grc' dir='ltr'><em>ρόμενον</em></span> <span class='ocrx_word' id='word_1_407' title='bbox 2416 2790 2567 2845; x_wconf 87' lang='grc' dir='ltr'><em>κατὰ</em></span> <span class='ocrx_word' id='word_1_408' title='bbox 2630 2789 2741 2858; x_wconf 84' lang='grc' dir='ltr'><em>τῆς</em></span> <span class='ocrx_word' id='word_1_409' title='bbox 2786 2790 3064 2862; x_wconf 77' lang='grc' dir='ltr'><em>γνώσεως</em></span> <span class='ocrx_word' id='word_1_410' title='bbox 3124 2788 3230 2843; x_wconf 87' lang='grc' dir='ltr'><strong>τοῦ</strong></span> <span class='ocrx_word' id='word_1_411' title='bbox 3286 2787 3435 2842; x_wconf 89' lang='grc' dir='ltr'><em>Θεοῦ</em></span> <span class='ocrx_word' id='word_1_412' title='bbox 3491 2787 3697 2856; x_wconf 80' lang='grc' dir='ltr'><em>ὀνομά-</em></span> 
     </span>
    </p>
   </div>
   <div class='ocr_carea' id='block_1_58' title="bbox 2114 2875 3696 2956">
    <p class='ocr_par' dir='ltr' id='par_1_58' title="bbox 2114 2875 3696 2956">
     <span class='ocr_line' id='line_1_58' title="bbox 2114 2875 3696 2956; baseline -0.006 -20"><span class='ocrx_word' id='word_1_413' title='bbox 2114 2885 2195 2950; x_wconf 80' lang='grc' dir='ltr'><em>ζει</em></span> <span class='ocrx_word' id='word_1_414' title='bbox 2214 2882 2350 2956; x_wconf 80' lang='grc'>[79])</span> <span class='ocrx_word' id='word_1_415' title='bbox 2371 2927 2386 2950; x_wconf 97' lang='grc'><strong>,</strong></span> <span class='ocrx_word' id='word_1_416' title='bbox 2417 2880 2588 2952; x_wconf 68' lang='grc' dir='ltr'><em>ψυχὴ</em></span> <span class='ocrx_word' id='word_1_417' title='bbox 2614 2877 2746 2941; x_wconf 84' lang='grc' dir='ltr'><em>οὖν,</em></span> <span class='ocrx_word' id='word_1_418' title='bbox 2791 2879 2974 2951; x_wconf 73' lang='grc' dir='ltr'><em>φησὶν,</em></span> <span class='ocrx_word' id='word_1_419' title='bbox 3007 2880 3137 2947; x_wconf 83' lang='grc' dir='ltr'><em>ἥτις</em></span> <span class='ocrx_word' id='word_1_420' title='bbox 3164 2875 3404 2943; x_wconf 80' lang='grc' dir='ltr'><em>ποιήσει</em></span> <span class='ocrx_word' id='word_1_421' title='bbox 3442 2875 3513 2929; x_wconf 84' lang='grc' dir='ltr'><em>ἐν</em></span> <span class='ocrx_word' id='word_1_422' title='bbox 3538 2875 3696 2945; x_wconf 77' lang='grc' dir='ltr'><em>χειρί</em></span> 
     </span>
    </p>
   </div>
   <div class='ocr_carea' id='block_1_59' title="bbox 2112 2968 3698 3045">
    <p class='ocr_par' dir='ltr' id='par_1_59' title="bbox 2112 2968 3698 3045">
     <span class='ocr_line' id='line_1_59' title="bbox 2112 2968 3698 3045; baseline -0.006 -15"><span class='ocrx_word' id='word_1_423' title='bbox 2112 2976 2547 3045; x_wconf 71' lang='grc' dir='ltr'><em>ὑπερηφανίας,</em></span> <span class='ocrx_word' id='word_1_424' title='bbox 2577 2973 2614 3041; x_wconf 81' lang='grc' dir='ltr'><strong>ἢ</strong></span> <span class='ocrx_word' id='word_1_425' title='bbox 2649 2973 2765 3028; x_wconf 79' lang='grc' dir='ltr'><strong>ἀπὸ</strong></span> <span class='ocrx_word' id='word_1_426' title='bbox 2793 2971 2910 3026; x_wconf 84' lang='grc' dir='ltr'><em>τῶν</em></span> <span class='ocrx_word' id='word_1_427' title='bbox 2931 2970 3334 3040; x_wconf 82' lang='grc' dir='ltr'><em>αὐτοχθόνων,</em></span> <span class='ocrx_word' id='word_1_428' title='bbox 3356 2968 3394 3037; x_wconf 83' lang='grc' dir='ltr'><em>ἣ</em></span> <span class='ocrx_word' id='word_1_429' title='bbox 3428 2968 3549 3024; x_wconf 81' lang='grc' dir='ltr'><em>ἀπὸ</em></span> <span class='ocrx_word' id='word_1_430' title='bbox 3573 2968 3698 3021; x_wconf 78' lang='grc' dir='ltr'><em>τῶν</em></span> 
     </span>
    </p>
   </div>
   <div class='ocr_carea' id='block_1_60' title="bbox 437 3060 2017 3150">
    <p class='ocr_par' dir='ltr' id='par_1_60' title="bbox 437 3061 2008 3134">
     <span class='ocr_line' id='line_1_60' title="bbox 437 3061 2008 3134; baseline 0.001 -20"><span class='ocrx_word' id='word_1_431' title='bbox 437 3061 637 3131; x_wconf 81' lang='lat' dir='ltr'><strong>inquit,</strong></span> <span class='ocrx_word' id='word_1_432' title='bbox 666 3078 781 3132; x_wconf 73' lang='lat' dir='ltr'><strong>quae</strong></span> <span class='ocrx_word' id='word_1_433' title='bbox 806 3062 965 3132; x_wconf 83' lang='lat' dir='ltr'><strong>faciet</strong></span> <span class='ocrx_word' id='word_1_434' title='bbox 995 3064 1050 3116; x_wconf 89' lang='lat' dir='ltr'><strong>in</strong></span> <span class='ocrx_word' id='word_1_435' title='bbox 1093 3079 1253 3117; x_wconf 90' lang='lat' dir='ltr'><strong>manu</strong></span> <span class='ocrx_word' id='word_1_436' title='bbox 1283 3063 1580 3132; x_wconf 66' lang='lat' dir='ltr'><strong>superbiae:</strong></span> <span class='ocrx_word' id='word_1_437' title='bbox 1614 3065 1721 3118; x_wconf 78' lang='lat' dir='ltr'><strong>sive</strong></span> <span class='ocrx_word' id='word_1_438' title='bbox 1742 3063 2008 3134; x_wconf 81' lang='lat' dir='ltr'><strong>indigena,</strong></span> 
     </span>
    </p>
   </div>
   <div class='ocr_carea' id='block_1_61' title="bbox 2119 3060 3697 3150">
    <p class='ocr_par' dir='ltr' id='par_1_61' title="bbox 2119 3060 3697 3135">
     <span class='ocr_line' id='line_1_61' title="bbox 2119 3060 3697 3135; baseline -0.004 -14"><span class='ocrx_word' id='word_1_439' title='bbox 2119 3069 2534 3135; x_wconf 75' lang='grc' dir='ltr'><em>προσηλύτων,</em></span> <span class='ocrx_word' id='word_1_440' title='bbox 2583 3065 2690 3119; x_wconf 80' lang='grc' dir='ltr'><strong>τὸν</strong></span> <span class='ocrx_word' id='word_1_441' title='bbox 2717 3066 2864 3119; x_wconf 81' lang='grc' dir='ltr'><em>Θεὸν</em></span> <span class='ocrx_word' id='word_1_442' title='bbox 2890 3060 3068 3131; x_wconf 84' lang='grc' dir='ltr'><em>οὗτος</em></span> <span class='ocrx_word' id='word_1_443' title='bbox 3101 3062 3446 3132; x_wconf 83' lang='grc' dir='ltr'><em>παροξυνεῖ,</em></span> <span class='ocrx_word' id='word_1_444' title='bbox 3472 3062 3570 3116; x_wconf 78' lang='grc' dir='ltr'><strong>καὶ</strong></span> <span class='ocrx_word' id='word_1_445' title='bbox 3592 3062 3697 3127; x_wconf 78' lang='grc' dir='ltr'><strong>ἐξ-</strong></span> 
     </span>
    </p>
   </div>
   <div class='ocr_carea' id='block_1_62' title="bbox 436 3151 2017 3225">
    <p class='ocr_par' dir='ltr' id='par_1_62' title="bbox 436 3151 2015 3224">
     <span class='ocr_line' id='line_1_62' title="bbox 436 3151 2015 3224; baseline 0 -15"><span class='ocrx_word' id='word_1_446' title='bbox 436 3153 543 3209; x_wconf 76' lang='lat' dir='ltr'><strong>sive</strong></span> <span class='ocrx_word' id='word_1_447' title='bbox 569 3151 767 3208; x_wconf 89' lang='lat' dir='ltr'><strong>advena</strong></span> <span class='ocrx_word' id='word_1_448' title='bbox 797 3154 956 3223; x_wconf 90' lang='lat' dir='ltr'><strong>fuerit</strong></span> <span class='ocrx_word' id='word_1_449' title='bbox 984 3154 1073 3209; x_wconf 86' lang='lat' dir='ltr'><strong>ille</strong></span> <span class='ocrx_word' id='word_1_450' title='bbox 1092 3196 1106 3218; x_wconf 94' lang='lat'><strong>,</strong></span> <span class='ocrx_word' id='word_1_451' title='bbox 1137 3154 1220 3208; x_wconf 85' lang='lat' dir='ltr'><strong>hic</strong></span> <span class='ocrx_word' id='word_1_452' title='bbox 1248 3154 1416 3209; x_wconf 87' lang='lat' dir='ltr'><strong>Deum</strong></span> <span class='ocrx_word' id='word_1_453' title='bbox 1446 3155 1804 3224; x_wconf 74' lang='lat' dir='ltr'><strong>exasperabit,</strong></span> <span class='ocrx_word' id='word_1_454' title='bbox 1844 3167 1893 3210; x_wconf 87' lang='lat' dir='ltr'><strong>et</strong></span> <span class='ocrx_word' id='word_1_455' title='bbox 1920 3171 2015 3210; x_wconf 74' lang='lat' dir='ltr'><strong>ex-</strong></span> 
     </span>
    </p>
   </div>
   <div class='ocr_carea' id='block_1_63' title="bbox 2119 3151 3695 3225">
    <p class='ocr_par' dir='ltr' id='par_1_63' title="bbox 2119 3151 3695 3225">
     <span class='ocr_line' id='line_1_63' title="bbox 2119 3151 3695 3225; baseline -0.004 -13"><span class='ocrx_word' id='word_1_456' title='bbox 2119 3156 2611 3225; x_wconf 63' lang='lat' dir='ltr'><strong>o.100pev02i0&#39;etat</strong></span> <span class='ocrx_word' id='word_1_457' title='bbox 2641 3157 2678 3225; x_wconf 73' lang='grc' dir='ltr'><strong>ἠ</strong></span> <span class='ocrx_word' id='word_1_458' title='bbox 2702 3155 2871 3224; x_wconf 68' lang='grc' dir='ltr'><em>ψυχὴ</em></span> <span class='ocrx_word' id='word_1_459' title='bbox 2889 3154 3088 3222; x_wconf 84' lang='grc' dir='ltr'><em>ἐκείνη</em></span> <span class='ocrx_word' id='word_1_460' title='bbox 3111 3153 3179 3207; x_wconf 82' lang='grc' dir='ltr'><strong>ἐκ</strong></span> <span class='ocrx_word' id='word_1_461' title='bbox 3196 3152 3391 3223; x_wconf 82' lang='grc' dir='ltr'><em>μέσου</em></span> <span class='ocrx_word' id='word_1_462' title='bbox 3411 3152 3517 3207; x_wconf 88' lang='grc' dir='ltr'><strong>τοῦ</strong></span> <span class='ocrx_word' id='word_1_463' title='bbox 3539 3151 3695 3207; x_wconf 73' lang='grc' dir='ltr'><em>λαοῦ</em></span> 
     </span>
    </p>
   </div>
   <div class='ocr_carea' id='block_1_64' title="bbox 436 3247 2014 3317">
    <p class='ocr_par' dir='ltr' id='par_1_64' title="bbox 436 3247 2014 3317">
     <span class='ocr_line' id='line_1_64' title="bbox 436 3247 2014 3317; baseline 0.001 -16"><span class='ocrx_word' id='word_1_464' title='bbox 436 3247 810 3301; x_wconf 85' lang='lat' dir='ltr'><strong>terminabitur</strong></span> <span class='ocrx_word' id='word_1_465' title='bbox 838 3249 1018 3301; x_wconf 89' lang='lat' dir='ltr'><strong>anima</strong></span> <span class='ocrx_word' id='word_1_466' title='bbox 1047 3247 1142 3302; x_wconf 85' lang='lat' dir='ltr'><strong>illa</strong></span> <span class='ocrx_word' id='word_1_467' title='bbox 1165 3264 1193 3302; x_wconf 91' lang='lat' dir='ltr'><strong>e</strong></span> <span class='ocrx_word' id='word_1_468' title='bbox 1215 3248 1385 3302; x_wconf 89' lang='lat' dir='ltr'><strong>medio</strong></span> <span class='ocrx_word' id='word_1_469' title='bbox 1407 3249 1588 3317; x_wconf 83' lang='lat' dir='ltr'><strong>populi</strong></span> <span class='ocrx_word' id='word_1_470' title='bbox 1608 3249 1713 3303; x_wconf 86' lang='lat' dir='ltr'><strong>sui.</strong></span> <span class='ocrx_word' id='word_1_471' title='bbox 1747 3249 2014 3313; x_wconf 85' lang='lat' dir='ltr'><strong>Quoniam</strong></span> 
     </span>
    </p>
   </div>
   <div class='ocr_carea' id='block_1_65' title="bbox 438 3338 2013 3409">
    <p class='ocr_par' dir='ltr' id='par_1_65' title="bbox 438 3338 2013 3409">
     <span class='ocr_line' id='line_1_65' title="bbox 438 3338 2013 3409; baseline -0.001 -16"><span class='ocrx_word' id='word_1_472' title='bbox 438 3338 650 3393; x_wconf 72' lang='lat' dir='ltr'><strong>uerbum</strong></span> <span class='ocrx_word' id='word_1_473' title='bbox 687 3338 897 3394; x_wconf 87' lang='lat' dir='ltr'><strong>Domini</strong></span> <span class='ocrx_word' id='word_1_474' title='bbox 926 3342 1253 3409; x_wconf 83' lang='lat' dir='ltr'><strong>contempsit,</strong></span> <span class='ocrx_word' id='word_1_475' title='bbox 1283 3349 1332 3395; x_wconf 88' lang='lat' dir='ltr'><strong>et</strong></span> <span class='ocrx_word' id='word_1_476' title='bbox 1362 3340 1614 3394; x_wconf 87' lang='lat' dir='ltr'><strong>mandata</strong></span> <span class='ocrx_word' id='word_1_477' title='bbox 1654 3342 1820 3409; x_wconf 81' lang='lat' dir='ltr'><strong>ipsius</strong></span> <span class='ocrx_word' id='word_1_478' title='bbox 1855 3339 2013 3393; x_wconf 78' lang='lat' dir='ltr'><strong>dissi-</strong></span> 
     </span>
    </p>
   </div>
   <div class='ocr_carea' id='block_1_66' title="bbox 437 3431 2016 3502">
    <p class='ocr_par' dir='ltr' id='par_1_66' title="bbox 437 3431 2016 3502">
     <span class='ocr_line' id='line_1_66' title="bbox 437 3431 2016 3502; baseline -0.001 -17"><span class='ocrx_word' id='word_1_479' title='bbox 437 3431 624 3499; x_wconf 82' lang='lat' dir='ltr'><strong>pavit:</strong></span> <span class='ocrx_word' id='word_1_480' title='bbox 656 3433 942 3488; x_wconf 72' lang='lat' dir='ltr'><strong>extritione</strong></span> <span class='ocrx_word' id='word_1_481' title='bbox 995 3443 1263 3488; x_wconf 74' lang='lat' dir='ltr'><strong>exteretur</strong></span> <span class='ocrx_word' id='word_1_482' title='bbox 1314 3434 1496 3488; x_wconf 90' lang='lat' dir='ltr'><strong>anima</strong></span> <span class='ocrx_word' id='word_1_483' title='bbox 1553 3432 1692 3487; x_wconf 89' lang='lat' dir='ltr'><strong>illa:</strong></span> <span class='ocrx_word' id='word_1_484' title='bbox 1744 3440 2016 3502; x_wconf 85' lang='lat' dir='ltr'><strong>peccatum</strong></span> 
     </span>
    </p>
   </div>
   <div class='ocr_carea' id='block_1_67' title="bbox 438 3523 939 3595">
    <p class='ocr_par' dir='ltr' id='par_1_67' title="bbox 438 3523 939 3595">
     <span class='ocr_line' id='line_1_67' title="bbox 438 3523 939 3595; baseline 0.004 -18"><span class='ocrx_word' id='word_1_485' title='bbox 438 3523 608 3594; x_wconf 81' lang='lat' dir='ltr'><strong>ipsius</strong></span> <span class='ocrx_word' id='word_1_486' title='bbox 642 3525 696 3578; x_wconf 89' lang='lat' dir='ltr'><strong>in</strong></span> <span class='ocrx_word' id='word_1_487' title='bbox 726 3525 842 3595; x_wconf 89' lang='lat' dir='ltr'><strong>ipsa</strong></span> <span class='ocrx_word' id='word_1_488' title='bbox 872 3524 939 3579; x_wconf 73' lang='grc'><strong>⁸⁸.</strong></span> 
     </span>
    </p>
   </div>
   <div class='ocr_carea' id='block_1_68' title="bbox 514 3614 2019 3688">
    <p class='ocr_par' dir='ltr' id='par_1_68' title="bbox 514 3614 2019 3688">
     <span class='ocr_line' id='line_1_68' title="bbox 514 3614 2019 3688; baseline -0.001 -18"><span class='ocrx_word' id='word_1_489' title='bbox 514 3616 566 3671; x_wconf 87' lang='grc'><em>7.</em></span> <span class='ocrx_word' id='word_1_490' title='bbox 595 3616 695 3672; x_wconf 83' lang='lat' dir='ltr'><strong>Hic</strong></span> <span class='ocrx_word' id='word_1_491' title='bbox 724 3618 858 3673; x_wconf 89' lang='lat' dir='ltr'><strong>illud</strong></span> <span class='ocrx_word' id='word_1_492' title='bbox 901 3617 1300 3673; x_wconf 88' lang='lat' dir='ltr'><strong>observandum</strong></span> <span class='ocrx_word' id='word_1_493' title='bbox 1319 3659 1335 3685; x_wconf 91' lang='lat'><strong>,</strong></span> <span class='ocrx_word' id='word_1_494' title='bbox 1385 3614 1554 3688; x_wconf 89' lang='lat' dir='ltr'><strong>quod,</strong></span> <span class='ocrx_word' id='word_1_495' title='bbox 1582 3614 1690 3670; x_wconf 88' lang='lat' dir='ltr'><strong>nisi</strong></span> <span class='ocrx_word' id='word_1_496' title='bbox 1720 3614 2019 3670; x_wconf 84' lang='lat' dir='ltr'><strong>extritione</strong></span> 
     </span>
    </p>
   </div>
   <div class='ocr_carea' id='block_1_69' title="bbox 440 3708 2019 3779">
    <p class='ocr_par' dir='ltr' id='par_1_69' title="bbox 440 3708 2019 3779">
     <span class='ocr_line' id='line_1_69' title="bbox 440 3708 2019 3779; baseline -0.003 -13"><span class='ocrx_word' id='word_1_497' title='bbox 440 3709 641 3766; x_wconf 80' lang='lat' dir='ltr'><strong>extrita</strong></span> <span class='ocrx_word' id='word_1_498' title='bbox 672 3709 837 3764; x_wconf 84' lang='lat' dir='ltr'><strong>fuerit</strong></span> <span class='ocrx_word' id='word_1_499' title='bbox 866 3710 1048 3764; x_wconf 88' lang='lat' dir='ltr'><strong>anima</strong></span> <span class='ocrx_word' id='word_1_500' title='bbox 1081 3710 1176 3763; x_wconf 92' lang='lat' dir='ltr'><strong>illa</strong></span> <span class='ocrx_word' id='word_1_501' title='bbox 1202 3750 1217 3776; x_wconf 93' lang='lat'><strong>,</strong></span> <span class='ocrx_word' id='word_1_502' title='bbox 1262 3717 1543 3779; x_wconf 86' lang='lat' dir='ltr'><strong>peccatum</strong></span> <span class='ocrx_word' id='word_1_503' title='bbox 1577 3709 1698 3778; x_wconf 89' lang='lat' dir='ltr'><strong>ejus</strong></span> <span class='ocrx_word' id='word_1_504' title='bbox 1728 3723 1838 3762; x_wconf 90' lang='lat' dir='ltr'><strong>non</strong></span> <span class='ocrx_word' id='word_1_505' title='bbox 1871 3708 1929 3762; x_wconf 89' lang='lat' dir='ltr'><strong>in</strong></span> <span class='ocrx_word' id='word_1_506' title='bbox 1955 3723 2019 3763; x_wconf 89' lang='lat' dir='ltr'><strong>ea</strong></span> 
     </span>
    </p>
   </div>
   <div class='ocr_carea' id='block_1_70' title="bbox 443 3801 2020 3873">
    <p class='ocr_par' dir='ltr' id='par_1_70' title="bbox 443 3801 2020 3873">
     <span class='ocr_line' id='line_1_70' title="bbox 443 3801 2020 3873; baseline -0.003 -15"><span class='ocrx_word' id='word_1_507' title='bbox 443 3803 621 3858; x_wconf 76' lang='lat' dir='ltr'><strong>solum</strong></span> <span class='ocrx_word' id='word_1_508' title='bbox 646 3810 849 3866; x_wconf 88' lang='lat' dir='ltr'><strong>manet,</strong></span> <span class='ocrx_word' id='word_1_509' title='bbox 883 3802 980 3859; x_wconf 90' lang='lat' dir='ltr'><strong>sed</strong></span> <span class='ocrx_word' id='word_1_510' title='bbox 1009 3801 1077 3858; x_wconf 86' lang='lat' dir='ltr'><strong>ad</strong></span> <span class='ocrx_word' id='word_1_511' title='bbox 1105 3818 1201 3858; x_wconf 89' lang='lat' dir='ltr'><strong>eos</strong></span> <span class='ocrx_word' id='word_1_512' title='bbox 1233 3802 1399 3857; x_wconf 88' lang='lat' dir='ltr'><strong>etiam</strong></span> <span class='ocrx_word' id='word_1_513' title='bbox 1435 3801 1527 3873; x_wconf 90' lang='lat' dir='ltr'><strong>qui</strong></span> <span class='ocrx_word' id='word_1_514' title='bbox 1558 3802 1758 3857; x_wconf 89' lang='lat' dir='ltr'><strong>bonam</strong></span> <span class='ocrx_word' id='word_1_515' title='bbox 1792 3801 2020 3856; x_wconf 70' lang='lat' dir='ltr'><strong>aemula-</strong></span> 
     </span>
    </p>
   </div>
   <div class='ocr_carea' id='block_1_71' title="bbox 368 3895 2018 3966">
    <p class='ocr_par' dir='ltr' id='par_1_71' title="bbox 368 3895 2018 3966">
     <span class='ocr_line' id='line_1_71' title="bbox 368 3895 2018 3966; baseline -0.002 -16"><span class='ocrx_word' id='word_1_516' title='bbox 368 3954 371 3957; x_wconf 96' lang='lat'><em>_</em></span> <span class='ocrx_word' id='word_1_517' title='bbox 443 3896 647 3951; x_wconf 87' lang='lat' dir='ltr'><strong>tionem</strong></span> <span class='ocrx_word' id='word_1_518' title='bbox 673 3912 781 3951; x_wconf 92' lang='lat' dir='ltr'><strong>non</strong></span> <span class='ocrx_word' id='word_1_519' title='bbox 815 3896 1195 3961; x_wconf 86' lang='lat' dir='ltr'><strong>ostenderunt,</strong></span> <span class='ocrx_word' id='word_1_520' title='bbox 1222 3904 1546 3966; x_wconf 87' lang='lat' dir='ltr'><strong>permanat:</strong></span> <span class='ocrx_word' id='word_1_521' title='bbox 1582 3895 1727 3950; x_wconf 88' lang='lat' dir='ltr'><strong>sicut</strong></span> <span class='ocrx_word' id='word_1_522' title='bbox 1754 3895 2018 3963; x_wconf 76' lang='lat' dir='ltr'><strong>scriptum</strong></span> 
     </span>
    </p>
   </div>
   <div class='ocr_carea' id='block_1_72' title="bbox 444 3985 2023 4060">
    <p class='ocr_par' dir='ltr' id='par_1_72' title="bbox 444 3985 2023 4060">
     <span class='ocr_line' id='line_1_72' title="bbox 444 3985 2023 4060; baseline -0.004 -16"><span class='ocrx_word' id='word_1_523' title='bbox 444 3999 529 4044; x_wconf 84' lang='lat' dir='ltr'><strong>est</strong></span> <span class='ocrx_word' id='word_1_524' title='bbox 554 3989 740 4045; x_wconf 90' lang='lat' dir='ltr'><strong>multis</strong></span> <span class='ocrx_word' id='word_1_525' title='bbox 768 3989 927 4050; x_wconf 85' lang='lat' dir='ltr'><strong>locis,</strong></span> <span class='ocrx_word' id='word_1_526' title='bbox 960 4004 1210 4060; x_wconf 69' lang='lat' dir='ltr'><strong>Stepeque</strong></span> <span class='ocrx_word' id='word_1_527' title='bbox 1251 3988 1581 4042; x_wconf 80' lang='lat' dir='ltr'><strong>factitatum.</strong></span> <span class='ocrx_word' id='word_1_528' title='bbox 1613 3985 1680 4040; x_wconf 83' lang='lat' dir='ltr'><strong>Et</strong></span> <span class='ocrx_word' id='word_1_529' title='bbox 1712 3995 1772 4041; x_wconf 90' lang='lat' dir='ltr'><strong>ut</strong></span> <span class='ocrx_word' id='word_1_530' title='bbox 1821 4002 1887 4042; x_wconf 81' lang='lat' dir='ltr'><strong>ex</strong></span> <span class='ocrx_word' id='word_1_531' title='bbox 1921 3985 2023 4039; x_wconf 89' lang='lat' dir='ltr'><strong>mi-</strong></span> 
     </span>
    </p>
   </div>
   <div class='ocr_carea' id='block_1_73' title="bbox 446 4077 2021 4150">
    <p class='ocr_par' dir='ltr' id='par_1_73' title="bbox 446 4077 2021 4150">
     <span class='ocr_line' id='line_1_73' title="bbox 446 4077 2021 4150; baseline -0.003 -15"><span class='ocrx_word' id='word_1_532' title='bbox 446 4081 678 4138; x_wconf 83' lang='lat' dir='ltr'><strong>noribus</strong></span> <span class='ocrx_word' id='word_1_533' title='bbox 732 4089 976 4136; x_wconf 89' lang='lat' dir='ltr'><strong>metuere</strong></span> <span class='ocrx_word' id='word_1_534' title='bbox 1032 4081 1088 4134; x_wconf 89' lang='lat' dir='ltr'><strong>in</strong></span> <span class='ocrx_word' id='word_1_535' title='bbox 1151 4079 1454 4150; x_wconf 86' lang='lat' dir='ltr'><strong>majoribus</strong></span> <span class='ocrx_word' id='word_1_536' title='bbox 1511 4079 1827 4144; x_wconf 87' lang='lat' dir='ltr'><strong>discamus,</strong></span> <span class='ocrx_word' id='word_1_537' title='bbox 1872 4077 2021 4149; x_wconf 87' lang='lat' dir='ltr'><strong>quali</strong></span> 
     </span>
    </p>
   </div>
   <div class='ocr_carea' id='block_1_74' title="bbox 445 4171 2025 4243">
    <p class='ocr_par' dir='ltr' id='par_1_74' title="bbox 445 4171 2025 4243">
     <span class='ocr_line' id='line_1_74' title="bbox 445 4171 2025 4243; baseline -0.001 -17"><span class='ocrx_word' id='word_1_538' title='bbox 445 4172 822 4243; x_wconf 69' lang='lat' dir='ltr'><strong>indignatione</strong></span> <span class='ocrx_word' id='word_1_539' title='bbox 870 4172 926 4226; x_wconf 88' lang='lat' dir='ltr'><strong>in</strong></span> <span class='ocrx_word' id='word_1_540' title='bbox 970 4172 1394 4228; x_wconf 88' lang='lat' dir='ltr'><strong>Deuteronomio</strong></span> <span class='ocrx_word' id='word_1_541' title='bbox 1443 4180 1725 4226; x_wconf 80' lang='lat' dir='ltr'><strong>moveatur</strong></span> <span class='ocrx_word' id='word_1_542' title='bbox 1764 4171 2025 4225; x_wconf 81' lang='lat' dir='ltr'><strong>adversus</strong></span> 
     </span>
    </p>
   </div>
   <div class='ocr_carea' id='block_1_75' title="bbox 447 4260 2024 4332">
    <p class='ocr_par' dir='ltr' id='par_1_75' title="bbox 447 4260 2024 4332">
     <span class='ocr_line' id='line_1_75' title="bbox 447 4260 2024 4332; baseline -0.004 -15"><span class='ocrx_word' id='word_1_543' title='bbox 447 4276 545 4317; x_wconf 83' lang='lat' dir='ltr'><strong>eos</strong></span> <span class='ocrx_word' id='word_1_544' title='bbox 573 4263 669 4332; x_wconf 89' lang='lat' dir='ltr'><strong>qui</strong></span> <span class='ocrx_word' id='word_1_545' title='bbox 718 4261 1019 4318; x_wconf 87' lang='lat' dir='ltr'><strong>sacerdotis</strong></span> <span class='ocrx_word' id='word_1_546' title='bbox 1051 4262 1135 4317; x_wconf 80' lang='lat' dir='ltr'><strong>vel</strong></span> <span class='ocrx_word' id='word_1_547' title='bbox 1165 4262 1373 4332; x_wconf 87' lang='lat' dir='ltr'><strong>judicis</strong></span> <span class='ocrx_word' id='word_1_548' title='bbox 1420 4260 1569 4315; x_wconf 72' lang='lat' dir='ltr'><strong>dicto</strong></span> <span class='ocrx_word' id='word_1_549' title='bbox 1601 4261 1884 4314; x_wconf 84' lang='lat' dir='ltr'><strong>audientes</strong></span> <span class='ocrx_word' id='word_1_550' title='bbox 1914 4274 2024 4312; x_wconf 89' lang='lat' dir='ltr'><strong>non</strong></span> 
     </span>
    </p>
   </div>
   <div class='ocr_carea' id='block_1_76' title="bbox 450 4349 2026 4421">
    <p class='ocr_par' dir='ltr' id='par_1_76' title="bbox 450 4349 2026 4421">
     <span class='ocr_line' id='line_1_76' title="bbox 450 4349 2026 4421; baseline -0.001 -17"><span class='ocrx_word' id='word_1_551' title='bbox 450 4352 691 4417; x_wconf 83' lang='lat' dir='ltr'><strong>fuerint,</strong></span> <span class='ocrx_word' id='word_1_552' title='bbox 738 4351 1171 4406; x_wconf 87' lang='lat' dir='ltr'><strong>consideremus.</strong></span> <span class='ocrx_word' id='word_1_553' title='bbox 1209 4351 1301 4404; x_wconf 80' lang='lat' dir='ltr'><strong>Ait</strong></span> <span class='ocrx_word' id='word_1_554' title='bbox 1357 4351 1521 4421; x_wconf 80' lang='lat' dir='ltr'><strong>igitur</strong></span> <span class='ocrx_word' id='word_1_555' title='bbox 1554 4370 1567 4406; x_wconf 89' lang='lat'>:</span> <span class='ocrx_word' id='word_1_556' title='bbox 1605 4349 1672 4403; x_wconf 82' lang='lat' dir='ltr'><strong>Et</strong></span> <span class='ocrx_word' id='word_1_557' title='bbox 1706 4350 1893 4409; x_wconf 82' lang='lat' dir='ltr'><strong>homo,</strong></span> <span class='ocrx_word' id='word_1_558' title='bbox 1938 4352 2026 4419; x_wconf 85' lang='lat' dir='ltr'><strong>qui</strong></span> 
     </span>
    </p>
   </div>
   <div class='ocr_carea' id='block_1_77' title="bbox 2113 3245 3695 3318">
    <p class='ocr_par' dir='ltr' id='par_1_77' title="bbox 2113 3245 3695 3318">
     <span class='ocr_line' id='line_1_77' title="bbox 2113 3245 3695 3318; baseline -0.003 -15"><span class='ocrx_word' id='word_1_559' title='bbox 2113 3250 2323 3318; x_wconf 82' lang='grc' dir='ltr'><em>αὐτῆς.</em></span> <span class='ocrx_word' id='word_1_560' title='bbox 2373 3250 2503 3302; x_wconf 87' lang='grc' dir='ltr'><em>Ὅτι</em></span> <span class='ocrx_word' id='word_1_561' title='bbox 2549 3247 2617 3302; x_wconf 84' lang='grc' dir='ltr'><em>τὸ</em></span> <span class='ocrx_word' id='word_1_562' title='bbox 2639 3248 2807 3317; x_wconf 77' lang='grc' dir='ltr'><em>ῥῆμα</em></span> <span class='ocrx_word' id='word_1_563' title='bbox 2856 3248 3077 3316; x_wconf 80' lang='grc' dir='ltr'><strong>Κυρίου</strong></span> <span class='ocrx_word' id='word_1_564' title='bbox 3107 3246 3421 3316; x_wconf 61' lang='grc' dir='ltr'><em>ἐφαύλισε,</em></span> <span class='ocrx_word' id='word_1_565' title='bbox 3451 3245 3549 3299; x_wconf 72' lang='grc' dir='ltr'><em>καὶ</em></span> <span class='ocrx_word' id='word_1_566' title='bbox 3587 3245 3695 3311; x_wconf 81' lang='grc' dir='ltr'><em>τὰς</em></span> 
     </span>
    </p>
   </div>
   <div class='ocr_carea' id='block_1_78' title="bbox 2114 3336 3698 3409">
    <p class='ocr_par' dir='ltr' id='par_1_78' title="bbox 2114 3336 3698 3409">
     <span class='ocr_line' id='line_1_78' title="bbox 2114 3336 3698 3409; baseline -0.003 -13"><span class='ocrx_word' id='word_1_567' title='bbox 2114 3343 2366 3409; x_wconf 82' lang='grc' dir='ltr'><em>ἐντολὰς</em></span> <span class='ocrx_word' id='word_1_568' title='bbox 2394 3341 2580 3396; x_wconf 83' lang='grc' dir='ltr'><em>αὑτοῦ</em></span> <span class='ocrx_word' id='word_1_569' title='bbox 2609 3340 3030 3395; x_wconf 80' lang='grc' dir='ltr'><em>διεσκέδασεν·</em></span> <span class='ocrx_word' id='word_1_570' title='bbox 3055 3340 3320 3407; x_wconf 79' lang='grc' dir='ltr'><em>ἐκτρίψει</em></span> <span class='ocrx_word' id='word_1_571' title='bbox 3355 3336 3698 3407; x_wconf 78' lang='grc' dir='ltr'><em>ἐκτριϐήσε-</em></span> 
     </span>
    </p>
   </div>
   <div class='ocr_carea' id='block_1_79' title="bbox 2116 3428 3592 3504">
    <p class='ocr_par' dir='ltr' id='par_1_79' title="bbox 2116 3428 3592 3504">
     <span class='ocr_line' id='line_1_79' title="bbox 2116 3428 3592 3504; baseline -0.004 -16"><span class='ocrx_word' id='word_1_572' title='bbox 2116 3451 2209 3489; x_wconf 89' lang='grc' dir='ltr'><strong>ται</strong></span> <span class='ocrx_word' id='word_1_573' title='bbox 2239 3434 2277 3502; x_wconf 78' lang='grc' dir='ltr'><em>ἠ</em></span> <span class='ocrx_word' id='word_1_574' title='bbox 2312 3434 2481 3504; x_wconf 68' lang='grc' dir='ltr'><em>ψυχὴ</em></span> <span class='ocrx_word' id='word_1_575' title='bbox 2504 3435 2705 3503; x_wconf 84' lang='grc' dir='ltr'><em>ἐκείνη</em></span> <span class='ocrx_word' id='word_1_576' title='bbox 2724 3449 2741 3465; x_wconf 87' lang='grc'><strong>·</strong></span> <span class='ocrx_word' id='word_1_577' title='bbox 2772 3435 2810 3503; x_wconf 82' lang='grc' dir='ltr'><strong><em>ἡ</em></strong></span> <span class='ocrx_word' id='word_1_578' title='bbox 2840 3433 3090 3503; x_wconf 83' lang='grc' dir='ltr'><em>ἁμαρτία</em></span> <span class='ocrx_word' id='word_1_579' title='bbox 3110 3429 3300 3499; x_wconf 83' lang='grc' dir='ltr'><em>αὐτῆς</em></span> <span class='ocrx_word' id='word_1_580' title='bbox 3331 3428 3592 3500; x_wconf 74' lang='grc' dir='ltr'><em>ἑναὺτῇ.</em></span> 
     </span>
    </p>
   </div>
   <div class='ocr_carea' id='block_1_80' title="bbox 2188 3607 3698 3686">
    <p class='ocr_par' dir='ltr' id='par_1_80' title="bbox 2188 3607 3698 3686">
     <span class='ocr_line' id='line_1_80' title="bbox 2188 3607 3698 3686; baseline -0.006 -17"><span class='ocrx_word' id='word_1_581' title='bbox 2188 3615 2242 3670; x_wconf 91' lang='lat'><strong>7.</strong></span> <span class='ocrx_word' id='word_1_582' title='bbox 2301 3613 2723 3686; x_wconf 84' lang='grc' dir='ltr'><em>Παρατηρητέον</em></span> <span class='ocrx_word' id='word_1_583' title='bbox 2784 3612 3018 3668; x_wconf 75' lang='grc' dir='ltr'><em>ἐνταῦθα</em></span> <span class='ocrx_word' id='word_1_584' title='bbox 3071 3613 3282 3678; x_wconf 84' lang='grc' dir='ltr'><em>ἐκεῖνο,</em></span> <span class='ocrx_word' id='word_1_585' title='bbox 3322 3611 3425 3676; x_wconf 80' lang='grc' dir='ltr'><em>ὅτι,</em></span> <span class='ocrx_word' id='word_1_586' title='bbox 3469 3607 3568 3663; x_wconf 80' lang='grc' dir='ltr'><em>ἐὰν</em></span> <span class='ocrx_word' id='word_1_587' title='bbox 3621 3609 3698 3679; x_wconf 79' lang='grc' dir='ltr'><em>μὴ</em></span> 
     </span>
    </p>
   </div>
   <div class='ocr_carea' id='block_1_81' title="bbox 2120 3699 3699 3778">
    <p class='ocr_par' dir='ltr' id='par_1_81' title="bbox 2120 3699 3699 3778">
     <span class='ocr_line' id='line_1_81' title="bbox 2120 3699 3699 3778; baseline 0.003 -19"><span class='ocrx_word' id='word_1_588' title='bbox 2120 3704 2365 3777; x_wconf 72' lang='grc' dir='ltr'><em>ἐκτρίψει</em></span> <span class='ocrx_word' id='word_1_589' title='bbox 2398 3704 2624 3778; x_wconf 75' lang='grc' dir='ltr'><em>ἐκτριϐῇ</em></span> <span class='ocrx_word' id='word_1_590' title='bbox 2667 3705 2702 3776; x_wconf 72' lang='grc' dir='ltr'><strong>ἡ</strong></span> <span class='ocrx_word' id='word_1_591' title='bbox 2745 3704 2890 3777; x_wconf 74' lang='grc' dir='ltr'>ψυχὴ</span> <span class='ocrx_word' id='word_1_592' title='bbox 2938 3704 3144 3774; x_wconf 88' lang='grc' dir='ltr'><em>ἐκείνη,</em></span> <span class='ocrx_word' id='word_1_593' title='bbox 3187 3700 3498 3774; x_wconf 83' lang='grc' dir='ltr'><em>ἡὰμαρτία</em></span> <span class='ocrx_word' id='word_1_594' title='bbox 3527 3699 3699 3771; x_wconf 73' lang='grc' dir='ltr'><em>αὐτῆς</em></span> 
     </span>
    </p>
   </div>
   <div class='ocr_carea' id='block_1_82' title="bbox 2120 3791 3699 3869">
    <p class='ocr_par' dir='ltr' id='par_1_82' title="bbox 2120 3791 3699 3869">
     <span class='ocr_line' id='line_1_82' title="bbox 2120 3791 3699 3869; baseline -0.003 -18"><span class='ocrx_word' id='word_1_595' title='bbox 2120 3798 2222 3851; x_wconf 73' lang='grc' dir='ltr'><em>οὐκ</em></span> <span class='ocrx_word' id='word_1_596' title='bbox 2246 3800 2302 3850; x_wconf 86' lang='grc' dir='ltr'><strong>ἐν</strong></span> <span class='ocrx_word' id='word_1_597' title='bbox 2342 3799 2478 3869; x_wconf 79' lang='grc' dir='ltr'><em>αὐτῇ</em></span> <span class='ocrx_word' id='word_1_598' title='bbox 2511 3798 2691 3868; x_wconf 84' lang='grc' dir='ltr'><em>μόνον,</em></span> <span class='ocrx_word' id='word_1_599' title='bbox 2740 3796 2876 3851; x_wconf 86' lang='grc' dir='ltr'>ἀλλὰ</span> <span class='ocrx_word' id='word_1_600' title='bbox 2905 3797 3000 3850; x_wconf 71' lang='grc' dir='ltr'><em>καὶ</em></span> <span class='ocrx_word' id='word_1_601' title='bbox 3030 3796 3122 3848; x_wconf 73' lang='grc' dir='ltr'><strong>ἐπὶ</strong></span> <span class='ocrx_word' id='word_1_602' title='bbox 3152 3795 3278 3858; x_wconf 75' lang='grc' dir='ltr'><em>τοὺς</em></span> <span class='ocrx_word' id='word_1_603' title='bbox 3308 3795 3385 3865; x_wconf 84' lang='grc' dir='ltr'><em>μὴ</em></span> <span class='ocrx_word' id='word_1_604' title='bbox 3420 3791 3699 3860; x_wconf 78' lang='grc' dir='ltr'><em>ἐπιδειξα-</em></span> 
     </span>
    </p>
   </div>
   <div class='ocr_carea' id='block_1_83' title="bbox 2125 3885 3755 3961">
    <p class='ocr_par' dir='ltr' id='par_1_83' title="bbox 2125 3885 3755 3961">
     <span class='ocr_line' id='line_1_83' title="bbox 2125 3885 3755 3961; baseline -0.003 -18"><span class='ocrx_word' id='word_1_605' title='bbox 2125 3891 2316 3961; x_wconf 85' lang='grc' dir='ltr'><em>μένους</em></span> <span class='ocrx_word' id='word_1_606' title='bbox 2349 3889 2442 3943; x_wconf 81' lang='grc' dir='ltr'><em>τὸν</em></span> <span class='ocrx_word' id='word_1_607' title='bbox 2489 3889 2692 3959; x_wconf 80' lang='grc' dir='ltr'><em>ἀγαθὸν</em></span> <span class='ocrx_word' id='word_1_608' title='bbox 2734 3887 2913 3960; x_wconf 81' lang='grc' dir='ltr'><em>ζῆλον,</em></span> <span class='ocrx_word' id='word_1_609' title='bbox 2961 3887 3144 3952; x_wconf 84' lang='grc' dir='ltr'><em>καθὼς</em></span> <span class='ocrx_word' id='word_1_610' title='bbox 3194 3885 3465 3957; x_wconf 80' lang='grc' dir='ltr'><em>πολλαχοῦ</em></span> <span class='ocrx_word' id='word_1_611' title='bbox 3499 3885 3704 3956; x_wconf 68' lang='grc' dir='ltr'><em>γέγρα-</em></span> <span class='ocrx_word' id='word_1_612' title='bbox 3748 3930 3755 3938; x_wconf 94' lang='grc'><strong>.</strong></span> 
     </span>
    </p>
   </div>
   <div class='ocr_carea' id='block_1_84' title="bbox 2122 3977 3702 4050">
    <p class='ocr_par' dir='ltr' id='par_1_84' title="bbox 2122 3977 3702 4050">
     <span class='ocr_line' id='line_1_84' title="bbox 2122 3977 3702 4050; baseline -0.005 -14"><span class='ocrx_word' id='word_1_613' title='bbox 2122 4000 2273 4047; x_wconf 79' lang='grc' dir='ltr'><em>πται,</em></span> <span class='ocrx_word' id='word_1_614' title='bbox 2307 3982 2398 4036; x_wconf 77' lang='grc' dir='ltr'><em>καὶ</em></span> <span class='ocrx_word' id='word_1_615' title='bbox 2435 3981 2695 4045; x_wconf 81' lang='grc' dir='ltr'><strong>πολλάκις</strong></span> <span class='ocrx_word' id='word_1_616' title='bbox 2719 3981 2930 4050; x_wconf 79' lang='grc' dir='ltr'><em>γέγονε.</em></span> <span class='ocrx_word' id='word_1_617' title='bbox 2958 3980 3070 4034; x_wconf 74' lang='grc' dir='ltr'><strong>Καὶ</strong></span> <span class='ocrx_word' id='word_1_618' title='bbox 3100 3980 3186 4033; x_wconf 84' lang='grc' dir='ltr'><em>ἵνα</em></span> <span class='ocrx_word' id='word_1_619' title='bbox 3217 3981 3281 4031; x_wconf 85' lang='grc' dir='ltr'><strong>ἐκ</strong></span> <span class='ocrx_word' id='word_1_620' title='bbox 3309 3977 3417 4032; x_wconf 83' lang='grc' dir='ltr'><em>τῶν</em></span> <span class='ocrx_word' id='word_1_621' title='bbox 3464 3977 3702 4048; x_wconf 77' lang='grc' dir='ltr'><em>ἡττόνων</em></span> 
     </span>
    </p>
   </div>
   <div class='ocr_carea' id='block_1_85' title="bbox 2124 4068 3704 4145">
    <p class='ocr_par' dir='ltr' id='par_1_85' title="bbox 2124 4068 3704 4145">
     <span class='ocr_line' id='line_1_85' title="bbox 2124 4068 3704 4145; baseline -0.004 -18"><span class='ocrx_word' id='word_1_622' title='bbox 2124 4073 2503 4145; x_wconf 82' lang='grc' dir='ltr'><em>παιδευθῶμεν</em></span> <span class='ocrx_word' id='word_1_623' title='bbox 2558 4072 2650 4125; x_wconf 85' lang='grc' dir='ltr'><em>τὸν</em></span> <span class='ocrx_word' id='word_1_624' title='bbox 2680 4073 2775 4125; x_wconf 76' lang='grc' dir='ltr'><strong>ἐπὶ</strong></span> <span class='ocrx_word' id='word_1_625' title='bbox 2820 4075 2932 4136; x_wconf 85' lang='grc' dir='ltr'><em>τοῖς</em></span> <span class='ocrx_word' id='word_1_626' title='bbox 2967 4070 3176 4143; x_wconf 76' lang='grc' dir='ltr'><em>μείζοσι</em></span> <span class='ocrx_word' id='word_1_627' title='bbox 3218 4069 3401 4140; x_wconf 74' lang='grc' dir='ltr'><em>φόϐον,</em></span> <span class='ocrx_word' id='word_1_628' title='bbox 3433 4068 3538 4138; x_wconf 80' lang='grc' dir='ltr'><em>τὴν</em></span> <span class='ocrx_word' id='word_1_629' title='bbox 3565 4070 3704 4121; x_wconf 68' lang='grc' dir='ltr'><em>κατὰ</em></span> 
     </span>
    </p>
   </div>
   <div class='ocr_carea' id='block_1_86' title="bbox 2127 4162 3703 4242">
    <p class='ocr_par' dir='ltr' id='par_1_86' title="bbox 2127 4162 3703 4242">
     <span class='ocr_line' id='line_1_86' title="bbox 2127 4162 3703 4242; baseline -0.006 -18"><span class='ocrx_word' id='word_1_630' title='bbox 2127 4171 2317 4242; x_wconf 77' lang='grc' dir='ltr'><em>ἱερέως</em></span> <span class='ocrx_word' id='word_1_631' title='bbox 2369 4169 2401 4241; x_wconf 85' lang='grc' dir='ltr'><strong>ἥ</strong></span> <span class='ocrx_word' id='word_1_632' title='bbox 2459 4166 2646 4240; x_wconf 82' lang='grc' dir='ltr'><em>κριτοῦ</em></span> <span class='ocrx_word' id='word_1_633' title='bbox 2698 4166 3121 4239; x_wconf 87' lang='grc' dir='ltr'><em>παρακουόντων</em></span> <span class='ocrx_word' id='word_1_634' title='bbox 3160 4162 3538 4234; x_wconf 78' lang='grc' dir='ltr'><em>ἀγανάκτησιν</em></span> <span class='ocrx_word' id='word_1_635' title='bbox 3586 4163 3703 4217; x_wconf 81' lang='grc' dir='ltr'><em>οἷαν</em></span> 
     </span>
    </p>
   </div>
   <div class='ocr_carea' id='block_1_87' title="bbox 2126 4254 3704 4329">
    <p class='ocr_par' dir='ltr' id='par_1_87' title="bbox 2126 4254 3704 4329">
     <span class='ocr_line' id='line_1_87' title="bbox 2126 4254 3704 4329; baseline -0.005 -16"><span class='ocrx_word' id='word_1_636' title='bbox 2126 4263 2360 4314; x_wconf 80' lang='grc' dir='ltr'><em>ποιεῖται</em></span> <span class='ocrx_word' id='word_1_637' title='bbox 2397 4260 2455 4312; x_wconf 79' lang='grc' dir='ltr'><strong>ἐν</strong></span> <span class='ocrx_word' id='word_1_638' title='bbox 2498 4257 2578 4329; x_wconf 82' lang='grc' dir='ltr'><em>τῷ</em></span> <span class='ocrx_word' id='word_1_639' title='bbox 2619 4255 3023 4329; x_wconf 80' lang='grc' dir='ltr'><em>Δευτερονομεῳ</em></span> <span class='ocrx_word' id='word_1_640' title='bbox 3067 4254 3504 4326; x_wconf 84' lang='grc' dir='ltr'><em>καταμάθωμεν.</em></span> <span class='ocrx_word' id='word_1_641' title='bbox 3539 4254 3704 4322; x_wconf 77' lang='grc' dir='ltr'><em>Λέγει</em></span> 
     </span>
    </p>
   </div>
   <div class='ocr_carea' id='block_1_88' title="bbox 2126 4346 3706 4418">
    <p class='ocr_par' dir='ltr' id='par_1_88' title="bbox 2126 4346 3706 4418">
     <span class='ocr_line' id='line_1_88' title="bbox 2126 4346 3706 4418; baseline -0.004 -13"><span class='ocrx_word' id='word_1_642' title='bbox 2126 4348 2218 4406; x_wconf 76' lang='grc' dir='ltr'><em>οὖν</em></span> <span class='ocrx_word' id='word_1_643' title='bbox 2242 4369 2255 4382; x_wconf 80' lang='grc'><strong>-</strong></span> <span class='ocrx_word' id='word_1_644' title='bbox 2285 4350 2393 4405; x_wconf 82' lang='grc' dir='ltr'><strong>Καὶ</strong></span> <span class='ocrx_word' id='word_1_645' title='bbox 2434 4348 2768 4418; x_wconf 77' lang='grc' dir='ltr'><em>ἅνθρωπος,</em></span> <span class='ocrx_word' id='word_1_646' title='bbox 2813 4348 2882 4415; x_wconf 83' lang='grc' dir='ltr'><em>ὃς</em></span> <span class='ocrx_word' id='word_1_647' title='bbox 2915 4348 3025 4402; x_wconf 84' lang='grc' dir='ltr'><strong>ἐὰν</strong></span> <span class='ocrx_word' id='word_1_648' title='bbox 3052 4346 3280 4414; x_wconf 78' lang='grc' dir='ltr'><em>ποιήσῃ</em></span> <span class='ocrx_word' id='word_1_649' title='bbox 3307 4346 3378 4399; x_wconf 87' lang='grc' dir='ltr'><em>ἐν</em></span> <span class='ocrx_word' id='word_1_650' title='bbox 3400 4348 3706 4415; x_wconf 62' lang='grc' dir='ltr'><em>ὑπερηραρ</em></span> 
     </span>
    </p>
   </div>
   <div class='ocr_carea' id='block_1_89' title="bbox 452 4435 2017 4514">
    <p class='ocr_par' dir='ltr' id='par_1_89' title="bbox 452 4441 2017 4512">
     <span class='ocr_line' id='line_1_89' title="bbox 452 4441 2017 4512; baseline -0.002 -16"><span class='ocrx_word' id='word_1_651' title='bbox 452 4444 629 4502; x_wconf 74' lang='lat' dir='ltr'><strong>fecerit</strong></span> <span class='ocrx_word' id='word_1_652' title='bbox 653 4445 706 4497; x_wconf 85' lang='lat' dir='ltr'><strong>in</strong></span> <span class='ocrx_word' id='word_1_653' title='bbox 738 4441 1003 4512; x_wconf 83' lang='lat' dir='ltr'><strong>superbia,</strong></span> <span class='ocrx_word' id='word_1_654' title='bbox 1036 4444 1114 4497; x_wconf 90' lang='lat' dir='ltr'><strong>ita</strong></span> <span class='ocrx_word' id='word_1_655' title='bbox 1153 4454 1211 4496; x_wconf 89' lang='lat' dir='ltr'><strong>ut</strong></span> <span class='ocrx_word' id='word_1_656' title='bbox 1245 4460 1347 4497; x_wconf 89' lang='lat' dir='ltr'><strong>non</strong></span> <span class='ocrx_word' id='word_1_657' title='bbox 1382 4442 1590 4495; x_wconf 90' lang='lat' dir='ltr'><strong>obediat</strong></span> <span class='ocrx_word' id='word_1_658' title='bbox 1635 4442 1897 4495; x_wconf 73' lang='lat' dir='ltr'><strong>sacerdoti</strong></span> <span class='ocrx_word' id='word_1_659' title='bbox 1937 4458 2017 4494; x_wconf 85' lang='lat' dir='ltr'><strong>as-</strong></span> 
     </span>
    </p>
   </div>
   <div class='ocr_carea' id='block_1_90' title="bbox 2119 4435 3705 4514">
    <p class='ocr_par' dir='ltr' id='par_1_90' title="bbox 2121 4435 3705 4514">
     <span class='ocr_line' id='line_1_90' title="bbox 2121 4435 3705 4514; baseline -0.005 -17"><span class='ocrx_word' id='word_1_660' title='bbox 2121 4444 2223 4513; x_wconf 79' lang='grc' dir='ltr'><em>νίςι</em></span> <span class='ocrx_word' id='word_1_661' title='bbox 2253 4443 2363 4514; x_wconf 85' lang='grc'>(80)</span> <span class='ocrx_word' id='word_1_662' title='bbox 2402 4441 2508 4496; x_wconf 89' lang='grc' dir='ltr'><strong>τοῦ</strong></span> <span class='ocrx_word' id='word_1_663' title='bbox 2538 4441 2624 4512; x_wconf 76' lang='grc' dir='ltr'><em>μὴ</em></span> <span class='ocrx_word' id='word_1_664' title='bbox 2672 4438 3010 4495; x_wconf 82' lang='grc' dir='ltr'><em>ὑπακοῦσαι</em></span> <span class='ocrx_word' id='word_1_665' title='bbox 3038 4438 3146 4493; x_wconf 89' lang='grc' dir='ltr'><strong>τοῦ</strong></span> <span class='ocrx_word' id='word_1_666' title='bbox 3175 4436 3371 4507; x_wconf 81' lang='grc' dir='ltr'><em>ἱερέως</em></span> <span class='ocrx_word' id='word_1_667' title='bbox 3402 4435 3514 4491; x_wconf 91' lang='grc' dir='ltr'><strong>τοῦ</strong></span> <span class='ocrx_word' id='word_1_668' title='bbox 3558 4450 3705 4505; x_wconf 74' lang='grc' dir='ltr'><em>παρ-</em></span> 
     </span>
    </p>
   </div>
   <div class='ocr_carea' id='block_1_91' title="bbox 446 4528 2017 4603">
    <p class='ocr_par' dir='ltr' id='par_1_91' title="bbox 446 4533 2017 4591">
     <span class='ocr_line' id='line_1_91' title="bbox 446 4533 2017 4591; baseline -0.003 0"><span class='ocrx_word' id='word_1_669' title='bbox 446 4536 656 4591; x_wconf 84' lang='lat' dir='ltr'><strong>sistenti</strong></span> <span class='ocrx_word' id='word_1_670' title='bbox 702 4535 772 4589; x_wconf 84' lang='lat' dir='ltr'><strong>ad</strong></span> <span class='ocrx_word' id='word_1_671' title='bbox 822 4534 1233 4589; x_wconf 81' lang='lat' dir='ltr'><strong>ministrantium</strong></span> <span class='ocrx_word' id='word_1_672' title='bbox 1284 4535 1339 4588; x_wconf 92' lang='lat' dir='ltr'><strong>in</strong></span> <span class='ocrx_word' id='word_1_673' title='bbox 1398 4536 1604 4588; x_wconf 80' lang='lat' dir='ltr'><strong>nomine</strong></span> <span class='ocrx_word' id='word_1_674' title='bbox 1656 4534 1871 4588; x_wconf 84' lang='lat' dir='ltr'><strong>Domini</strong></span> <span class='ocrx_word' id='word_1_675' title='bbox 1925 4533 2017 4587; x_wconf 85' lang='lat' dir='ltr'><strong>Dei</strong></span> 
     </span>
    </p>
   </div>
   <div class='ocr_carea' id='block_1_92' title="bbox 2119 4528 3707 4603">
    <p class='ocr_par' dir='ltr' id='par_1_92' title="bbox 2126 4528 3707 4603">
     <span class='ocr_line' id='line_1_92' title="bbox 2126 4528 3707 4603; baseline -0.004 -15"><span class='ocrx_word' id='word_1_676' title='bbox 2126 4535 2454 4602; x_wconf 84' lang='grc' dir='ltr'><em>εστηκότος</em></span> <span class='ocrx_word' id='word_1_677' title='bbox 2477 4531 2845 4603; x_wconf 75' lang='grc' dir='ltr'><em>λειτουργεῖν</em></span> <span class='ocrx_word' id='word_1_678' title='bbox 2863 4530 2962 4585; x_wconf 78' lang='grc' dir='ltr'><strong>ἐπὶ</strong></span> <span class='ocrx_word' id='word_1_679' title='bbox 2982 4529 3065 4597; x_wconf 85' lang='grc' dir='ltr'><em>τῷ</em></span> <span class='ocrx_word' id='word_1_680' title='bbox 3080 4530 3322 4599; x_wconf 75' lang='grc' dir='ltr'><em>ὀνόματι</em></span> <span class='ocrx_word' id='word_1_681' title='bbox 3350 4529 3577 4596; x_wconf 82' lang='grc' dir='ltr'><strong>Κυρίου</strong></span> <span class='ocrx_word' id='word_1_682' title='bbox 3601 4528 3707 4582; x_wconf 86' lang='grc' dir='ltr'><strong>τοῦ</strong></span> 
     </span>
    </p>
   </div>
   <div class='ocr_carea' id='block_1_93' title="bbox 450 4615 2017 4700">
    <p class='ocr_par' dir='ltr' id='par_1_93' title="bbox 450 4627 2017 4700">
     <span class='ocr_line' id='line_1_93' title="bbox 450 4627 2017 4700; baseline -0.003 -15"><span class='ocrx_word' id='word_1_683' title='bbox 450 4631 552 4691; x_wconf 84' lang='lat' dir='ltr'><strong>tui.</strong></span> <span class='ocrx_word' id='word_1_684' title='bbox 585 4628 880 4700; x_wconf 75' lang='lat' dir='ltr'><strong>veljudici,</strong></span> <span class='ocrx_word' id='word_1_685' title='bbox 909 4631 1200 4699; x_wconf 83' lang='lat' dir='ltr'><strong>quicunque</strong></span> <span class='ocrx_word' id='word_1_686' title='bbox 1246 4629 1405 4697; x_wconf 84' lang='lat' dir='ltr'><strong>fuerit</strong></span> <span class='ocrx_word' id='word_1_687' title='bbox 1456 4628 1513 4681; x_wconf 87' lang='lat' dir='ltr'><strong>in</strong></span> <span class='ocrx_word' id='word_1_688' title='bbox 1560 4627 1738 4682; x_wconf 83' lang='lat' dir='ltr'><strong>diebus</strong></span> <span class='ocrx_word' id='word_1_689' title='bbox 1775 4627 1883 4681; x_wconf 88' lang='lat' dir='ltr'><strong>illis</strong></span> <span class='ocrx_word' id='word_1_690' title='bbox 1908 4668 1923 4691; x_wconf 93' lang='lat'><strong>,</strong></span> <span class='ocrx_word' id='word_1_691' title='bbox 1975 4639 2017 4682; x_wconf 88' lang='lat' dir='ltr'><strong>et</strong></span> 
     </span>
    </p>
   </div>
   <div class='ocr_carea' id='block_1_94' title="bbox 2119 4615 3709 4700">
    <p class='ocr_par' dir='ltr' id='par_1_94' title="bbox 2135 4615 3709 4695">
     <span class='ocr_line' id='line_1_94' title="bbox 2135 4615 3709 4695; baseline -0.008 -14"><span class='ocrx_word' id='word_1_692' title='bbox 2135 4626 2283 4681; x_wconf 85' lang='grc' dir='ltr'><em>Θεοῦ</em></span> <span class='ocrx_word' id='word_1_693' title='bbox 2316 4642 2454 4689; x_wconf 91' lang='grc' dir='ltr'><em>σου,</em></span> <span class='ocrx_word' id='word_1_694' title='bbox 2485 4624 2524 4695; x_wconf 80' lang='grc' dir='ltr'>ἢ</span> <span class='ocrx_word' id='word_1_695' title='bbox 2576 4623 2684 4678; x_wconf 79' lang='grc' dir='ltr'><strong>τοῦ</strong></span> <span class='ocrx_word' id='word_1_696' title='bbox 2710 4622 2936 4691; x_wconf 80' lang='grc' dir='ltr'><em>κριτοῦ,</em></span> <span class='ocrx_word' id='word_1_697' title='bbox 2979 4621 3048 4688; x_wconf 84' lang='grc' dir='ltr'><em>ὃς</em></span> <span class='ocrx_word' id='word_1_698' title='bbox 3092 4621 3201 4675; x_wconf 81' lang='grc' dir='ltr'><strong>ἐὰν</strong></span> <span class='ocrx_word' id='word_1_699' title='bbox 3227 4615 3268 4690; x_wconf 79' lang='grc' dir='ltr'><em>ᾔ</em></span> <span class='ocrx_word' id='word_1_700' title='bbox 3308 4619 3377 4673; x_wconf 82' lang='grc' dir='ltr'><strong>ἐν</strong></span> <span class='ocrx_word' id='word_1_701' title='bbox 3408 4619 3540 4685; x_wconf 81' lang='grc' dir='ltr'><em>ταῖς</em></span> <span class='ocrx_word' id='word_1_702' title='bbox 3563 4618 3709 4688; x_wconf 52' lang='lat' dir='ltr'><strong>mula</strong></span> 
     </span>
    </p>
   </div>
   <div class='ocr_carea' id='block_1_95' title="bbox 452 4710 2017 4789">
    <p class='ocr_par' dir='ltr' id='par_1_95' title="bbox 452 4717 2017 4789">
     <span class='ocr_line' id='line_1_95' title="bbox 452 4717 2017 4789; baseline -0.004 -11"><span class='ocrx_word' id='word_1_703' title='bbox 452 4725 707 4778; x_wconf 86' lang='lat' dir='ltr'><strong>morietur</strong></span> <span class='ocrx_word' id='word_1_704' title='bbox 728 4722 879 4776; x_wconf 87' lang='lat' dir='ltr'><strong>homo</strong></span> <span class='ocrx_word' id='word_1_705' title='bbox 908 4722 1028 4784; x_wconf 78' lang='lat' dir='ltr'><strong>ille,</strong></span> <span class='ocrx_word' id='word_1_706' title='bbox 1077 4731 1125 4775; x_wconf 90' lang='lat' dir='ltr'><strong>et</strong></span> <span class='ocrx_word' id='word_1_707' title='bbox 1163 4719 1369 4789; x_wconf 80' lang='lat' dir='ltr'><strong>auferes</strong></span> <span class='ocrx_word' id='word_1_708' title='bbox 1401 4720 1602 4773; x_wconf 84' lang='lat' dir='ltr'><strong>malum</strong></span> <span class='ocrx_word' id='word_1_709' title='bbox 1628 4735 1692 4773; x_wconf 73' lang='lat' dir='ltr'><strong>ea:</strong></span> <span class='ocrx_word' id='word_1_710' title='bbox 1723 4719 1915 4773; x_wconf 85' lang='lat' dir='ltr'><strong>Israel.</strong></span> <span class='ocrx_word' id='word_1_711' title='bbox 1960 4717 2017 4771; x_wconf 82' lang='lat' dir='ltr'><strong>Et</strong></span> 
     </span>
    </p>
   </div>
   <div class='ocr_carea' id='block_1_96' title="bbox 2119 4710 3711 4789">
    <p class='ocr_par' dir='ltr' id='par_1_96' title="bbox 2124 4710 3711 4787">
     <span class='ocr_line' id='line_1_96' title="bbox 2124 4710 3711 4787; baseline -0.008 -14"><span class='ocrx_word' id='word_1_712' title='bbox 2124 4736 2262 4787; x_wconf 88' lang='grc' dir='ltr'><em>ραις</em></span> <span class='ocrx_word' id='word_1_713' title='bbox 2297 4719 2575 4783; x_wconf 84' lang='grc' dir='ltr'><em>ἐκείναις,</em></span> <span class='ocrx_word' id='word_1_714' title='bbox 2604 4716 2702 4770; x_wconf 81' lang='grc' dir='ltr'><em>καὶ</em></span> <span class='ocrx_word' id='word_1_715' title='bbox 2728 4712 3109 4769; x_wconf 76' lang='grc' dir='ltr'><em>ἀποθανεῖται</em></span> <span class='ocrx_word' id='word_1_716' title='bbox 3153 4717 3185 4766; x_wconf 88' lang='grc' dir='ltr'><strong>ό</strong></span> <span class='ocrx_word' id='word_1_717' title='bbox 3215 4713 3529 4781; x_wconf 76' lang='grc' dir='ltr'><em>ἄνθρωπος</em></span> <span class='ocrx_word' id='word_1_718' title='bbox 3555 4710 3711 4766; x_wconf 76' lang='grc' dir='ltr'><em>ἐκεῖ-</em></span> 
     </span>
    </p>
   </div>
   <div class='ocr_carea' id='block_1_97' title="bbox 449 4802 2017 4885">
    <p class='ocr_par' dir='ltr' id='par_1_97' title="bbox 449 4809 2017 4885">
     <span class='ocr_line' id='line_1_97' title="bbox 449 4809 2017 4885; baseline -0.004 -17"><span class='ocrx_word' id='word_1_719' title='bbox 449 4815 621 4875; x_wconf 85' lang='lat' dir='ltr'><strong>onmis</strong></span> <span class='ocrx_word' id='word_1_720' title='bbox 652 4814 874 4884; x_wconf 88' lang='lat' dir='ltr'><strong>populus</strong></span> <span class='ocrx_word' id='word_1_721' title='bbox 904 4814 995 4885; x_wconf 87' lang='lat' dir='ltr'><strong>qui</strong></span> <span class='ocrx_word' id='word_1_722' title='bbox 1026 4811 1289 4874; x_wconf 84' lang='lat' dir='ltr'><strong>audierit,</strong></span> <span class='ocrx_word' id='word_1_723' title='bbox 1358 4809 1594 4873; x_wconf 85' lang='lat' dir='ltr'><strong>timebit,</strong></span> <span class='ocrx_word' id='word_1_724' title='bbox 1642 4819 1693 4864; x_wconf 90' lang='lat' dir='ltr'><strong>et</strong></span> <span class='ocrx_word' id='word_1_725' title='bbox 1737 4811 1894 4879; x_wconf 89' lang='lat' dir='ltr'><strong>impie</strong></span> <span class='ocrx_word' id='word_1_726' title='bbox 1920 4826 2017 4863; x_wconf 84' lang='lat' dir='ltr'><strong>non</strong></span> 
     </span>
    </p>
   </div>
   <div class='ocr_carea' id='block_1_98' title="bbox 2119 4802 3713 4885">
    <p class='ocr_par' dir='ltr' id='par_1_98' title="bbox 2131 4802 3713 4878">
     <span class='ocr_line' id='line_1_98' title="bbox 2131 4802 3713 4878; baseline -0.005 -14"><span class='ocrx_word' id='word_1_727' title='bbox 2131 4828 2256 4876; x_wconf 83' lang='grc' dir='ltr'><em>νος,</em></span> <span class='ocrx_word' id='word_1_728' title='bbox 2276 4810 2373 4863; x_wconf 80' lang='grc' dir='ltr'><em>καὶ</em></span> <span class='ocrx_word' id='word_1_729' title='bbox 2402 4808 2633 4878; x_wconf 79' lang='grc' dir='ltr'><em>ἐξαρεῖς</em></span> <span class='ocrx_word' id='word_1_730' title='bbox 2648 4807 2755 4861; x_wconf 80' lang='grc' dir='ltr'><em>τὸν</em></span> <span class='ocrx_word' id='word_1_731' title='bbox 2774 4805 3039 4874; x_wconf 81' lang='grc' dir='ltr'><em>πονηρὸν</em></span> <span class='ocrx_word' id='word_1_732' title='bbox 3073 4804 3142 4869; x_wconf 80' lang='grc' dir='ltr'><em>ἐξ</em></span> <span class='ocrx_word' id='word_1_733' title='bbox 3166 4803 3424 4873; x_wconf 75' lang='grc' dir='ltr'><em>Ἰσραήλ.</em></span> <span class='ocrx_word' id='word_1_734' title='bbox 3444 4804 3556 4857; x_wconf 74' lang='grc' dir='ltr'><strong>Καὶ</strong></span> <span class='ocrx_word' id='word_1_735' title='bbox 3591 4802 3713 4871; x_wconf 70' lang='grc' dir='ltr'><em>πᾶς</em></span> 
     </span>
    </p>
   </div>
   <div class='ocr_carea' id='block_1_99' title="bbox 450 4895 2017 4982">
    <p class='ocr_par' dir='ltr' id='par_1_99' title="bbox 450 4902 2017 4982">
     <span class='ocr_line' id='line_1_99' title="bbox 450 4902 2017 4982; baseline -0.006 -17"><span class='ocrx_word' id='word_1_736' title='bbox 450 4919 609 4982; x_wconf 84' lang='lat' dir='ltr'><strong>agent</strong></span> <span class='ocrx_word' id='word_1_737' title='bbox 638 4909 782 4963; x_wconf 88' lang='lat' dir='ltr'><strong>ultra</strong></span> <span class='ocrx_word' id='word_1_738' title='bbox 806 4909 874 4965; x_wconf 69' lang='grc' dir='ltr'><em>σί.</em></span> <span class='ocrx_word' id='word_1_739' title='bbox 908 4907 989 4961; x_wconf 83' lang='lat' dir='ltr'><strong>Ad</strong></span> <span class='ocrx_word' id='word_1_740' title='bbox 1019 4921 1141 4978; x_wconf 62' lang='lat' dir='ltr'><strong>quae</strong></span> <span class='ocrx_word' id='word_1_741' title='bbox 1170 4904 1450 4976; x_wconf 90' lang='lat' dir='ltr'><strong>respicere</strong></span> <span class='ocrx_word' id='word_1_742' title='bbox 1480 4919 1579 4975; x_wconf 90' lang='lat' dir='ltr'><strong>par</strong></span> <span class='ocrx_word' id='word_1_743' title='bbox 1602 4910 1709 4967; x_wconf 91' lang='lat' dir='ltr'><strong>est,</strong></span> <span class='ocrx_word' id='word_1_744' title='bbox 1739 4917 1849 4972; x_wconf 91' lang='lat' dir='ltr'><strong>quo</strong></span> <span class='ocrx_word' id='word_1_745' title='bbox 1874 4902 2017 4972; x_wconf 81' lang='lat' dir='ltr'><strong>quis,</strong></span> 
     </span>
    </p>
   </div>
   <div class='ocr_carea' id='block_1_100' title="bbox 2119 4895 3712 4982">
    <p class='ocr_par' dir='ltr' id='par_1_100' title="bbox 2133 4895 3712 4970">
     <span class='ocr_line' id='line_1_100' title="bbox 2133 4895 3712 4970; baseline -0.004 -13"><span class='ocrx_word' id='word_1_746' title='bbox 2133 4902 2331 4969; x_wconf 75' lang='grc' dir='ltr'><em>ἀλαὸς</em></span> <span class='ocrx_word' id='word_1_747' title='bbox 2353 4902 2626 4967; x_wconf 87' lang='grc' dir='ltr'><em>ἀκούσας</em></span> <span class='ocrx_word' id='word_1_748' title='bbox 2655 4897 3080 4970; x_wconf 67' lang='grc' dir='ltr'><em>φοϐηθήσεται,</em></span> <span class='ocrx_word' id='word_1_749' title='bbox 3112 4896 3212 4950; x_wconf 79' lang='grc' dir='ltr'><em>καὶ</em></span> <span class='ocrx_word' id='word_1_750' title='bbox 3238 4897 3349 4949; x_wconf 78' lang='grc' dir='ltr'><em>οὐκ</em></span> <span class='ocrx_word' id='word_1_751' title='bbox 3378 4895 3712 4962; x_wconf 76' lang='grc' dir='ltr'><em>ἀσεϐήσου-</em></span> 
     </span>
    </p>
   </div>
   <div class='ocr_carea' id='block_1_101' title="bbox 523 5048 2017 5131">
    <p class='ocr_par' dir='ltr' id='par_1_101' title="bbox 523 5054 2005 5131">
     <span class='ocr_line' id='line_1_101' title="bbox 523 5054 2005 5131; baseline -0.007 -9"><span class='ocrx_word' id='word_1_752' title='bbox 523 5068 567 5100; x_wconf 82' lang='grc'><strong>⁸⁷</strong></span> <span class='ocrx_word' id='word_1_753' title='bbox 608 5064 654 5121; x_wconf 90' lang='grc'><strong>11</strong></span> <span class='ocrx_word' id='word_1_754' title='bbox 687 5065 818 5121; x_wconf 86' lang='lat' dir='ltr'><strong>Cor.</strong></span> <span class='ocrx_word' id='word_1_755' title='bbox 851 5079 921 5131; x_wconf 72' lang='grc' dir='ltr'><em>ι,</em></span> <span class='ocrx_word' id='word_1_756' title='bbox 954 5061 1072 5117; x_wconf 65' lang='grc'><strong>4-6.</strong></span> <span class='ocrx_word' id='word_1_757' title='bbox 1146 5060 1193 5093; x_wconf 82' lang='grc'><strong>⁸⁸</strong></span> <span class='ocrx_word' id='word_1_758' title='bbox 1231 5058 1392 5113; x_wconf 83' lang='lat' dir='ltr'><strong>Num.</strong></span> <span class='ocrx_word' id='word_1_759' title='bbox 1428 5074 1519 5122; x_wconf 79' lang='lat' dir='ltr'><strong>xv,</strong></span> <span class='ocrx_word' id='word_1_760' title='bbox 1552 5057 1642 5111; x_wconf 78' lang='lat'><strong>50.</strong></span> <span class='ocrx_word' id='word_1_761' title='bbox 1716 5057 1762 5089; x_wconf 75' lang='grc'><strong>⁸⁸</strong></span> <span class='ocrx_word' id='word_1_762' title='bbox 1802 5054 1844 5110; x_wconf 91' lang='lat' dir='ltr'><strong>ll</strong></span> <span class='ocrx_word' id='word_1_763' title='bbox 1876 5054 2005 5112; x_wconf 82' lang='lat' dir='ltr'><strong>Cor.</strong></span> 
     </span>
    </p>
   </div>
   <div class='ocr_carea' id='block_1_102' title="bbox 2119 5048 3496 5131">
    <p class='ocr_par' dir='ltr' id='par_1_102' title="bbox 2146 5048 3496 5123">
     <span class='ocr_line' id='line_1_102' title="bbox 2146 5048 3496 5123; baseline -0.004 -13"><span class='ocrx_word' id='word_1_764' title='bbox 2146 5056 2197 5110; x_wconf 86' lang='lat'><strong>5.</strong></span> <span class='ocrx_word' id='word_1_765' title='bbox 2277 5055 2323 5088; x_wconf 80' lang='lat'><strong>°°</strong></span> <span class='ocrx_word' id='word_1_766' title='bbox 2363 5054 2497 5109; x_wconf 87' lang='lat' dir='ltr'><strong>ibid.</strong></span> <span class='ocrx_word' id='word_1_767' title='bbox 2531 5052 2628 5123; x_wconf 62' lang='lat' dir='ltr'><strong>50f,</strong></span> <span class='ocrx_word' id='word_1_768' title='bbox 2663 5052 2751 5108; x_wconf 74' lang='grc'><strong>51.</strong></span> <span class='ocrx_word' id='word_1_769' title='bbox 2829 5053 2872 5084; x_wconf 81' lang='grc'><strong>⁶¹</strong></span> <span class='ocrx_word' id='word_1_770' title='bbox 2901 5051 3059 5108; x_wconf 83' lang='lat' dir='ltr'><strong>Deut.</strong></span> <span class='ocrx_word' id='word_1_771' title='bbox 3083 5067 3224 5114; x_wconf 78' lang='lat' dir='ltr'><strong>xvn,</strong></span> <span class='ocrx_word' id='word_1_772' title='bbox 3272 5048 3371 5117; x_wconf 70' lang='grc'><strong>12,</strong></span> <span class='ocrx_word' id='word_1_773' title='bbox 3408 5050 3496 5104; x_wconf 76' lang='lat' dir='ltr'><strong>i3.</strong></span> 
     </span>
    </p>
   </div>
   <div class='ocr_carea' id='block_1_103' title="bbox 529 5208 2030 5344">
    <p class='ocr_par' dir='ltr' id='par_1_103' title="bbox 529 5208 2030 5344">
     <span class='ocr_line' id='line_1_103' title="bbox 529 5208 2030 5344; baseline -0.007 -69"><span class='ocrx_word' id='word_1_774' title='bbox 529 5210 639 5294; x_wconf 82' lang='grc'>(77)</span> <span class='ocrx_word' id='word_1_775' title='bbox 666 5223 803 5344; x_wconf 60' lang='lat' dir='ltr'><strong>Reg.</strong></span> <span class='ocrx_word' id='word_1_776' title='bbox 833 5220 1033 5274; x_wconf 85' lang='lat' dir='ltr'><strong>tertius</strong></span> <span class='ocrx_word' id='word_1_777' title='bbox 1077 5226 1133 5272; x_wconf 89' lang='lat' dir='ltr'><strong>et</strong></span> <span class='ocrx_word' id='word_1_778' title='bbox 1174 5214 1343 5271; x_wconf 87' lang='lat' dir='ltr'><strong>editio</strong></span> <span class='ocrx_word' id='word_1_779' title='bbox 1380 5211 1518 5268; x_wconf 79' lang='lat' dir='ltr'><strong>Ven.</strong></span> <span class='ocrx_word' id='word_1_780' title='bbox 1550 5213 1603 5266; x_wconf 91' lang='lat' dir='ltr'><strong>in</strong></span> <span class='ocrx_word' id='word_1_781' title='bbox 1638 5211 1886 5279; x_wconf 84' lang='lat' dir='ltr'><strong>margine</strong></span> <span class='ocrx_word' id='word_1_782' title='bbox 1922 5208 2030 5265; x_wconf 82' lang='grc' dir='ltr'><em>τῶν</em></span> 
     </span>
     <span class='ocr_line' id='line_1_104' title="bbox 537 5294 1001 5344; baseline -0.006 1"><span class='ocrx_word' id='word_1_783' title='bbox 537 5294 718 5344; x_wconf 75' lang='grc' dir='ltr'><em>μάτων</em></span> <span class='ocrx_word' id='word_1_784' title='bbox 780 5306 1001 5344; x_wconf 81' lang='grc' dir='ltr'><em>καστον.</em></span> 
     </span>
    </p>
   </div>
   <div class='ocr_carea' id='block_1_104' title="bbox 457 5294 1419 5366">
    <p class='ocr_par' dir='ltr' id='par_1_104' title="bbox 457 5294 1419 5366">
     <span class='ocr_line' id='line_1_105' title="bbox 457 5294 1419 5366; baseline -0.001 0"><span class='ocrx_word' id='word_1_785' title='bbox 457 5294 524 5366; x_wconf 61' lang='lat' dir='ltr'><strong>ea</strong></span> <span class='ocrx_word' id='word_1_786' title='bbox 535 5294 718 5366; x_wconf 55' lang='lat' dir='ltr'><strong>ei!th</strong></span> <span class='ocrx_word' id='word_1_787' title='bbox 736 5294 1001 5366; x_wconf 44' lang='lat' dir='ltr'><strong>ﬁam??-</strong></span> <span class='ocrx_word' id='word_1_788' title='bbox 1043 5359 1073 5366; x_wconf 85' lang='lat'><strong>._</strong></span> <span class='ocrx_word' id='word_1_789' title='bbox 1125 5356 1140 5366; x_wconf 93' lang='lat'><strong>.</strong></span> <span class='ocrx_word' id='word_1_790' title='bbox 1407 5354 1419 5365; x_wconf 94' lang='lat'><strong>.</strong></span> 
     </span>
    </p>
   </div>
   <div class='ocr_carea' id='block_1_105' title="bbox 530 5349 2033 5430">
    <p class='ocr_par' dir='ltr' id='par_1_105' title="bbox 530 5349 2033 5430">
     <span class='ocr_line' id='line_1_106' title="bbox 530 5349 2033 5430; baseline -0.012 -12"><span class='ocrx_word' id='word_1_791' title='bbox 530 5349 642 5430; x_wconf 67' lang='grc'>(78)</span> <span class='ocrx_word' id='word_1_792' title='bbox 676 5362 816 5418; x_wconf 85' lang='lat' dir='ltr'><strong>Editi</strong></span> <span class='ocrx_word' id='word_1_793' title='bbox 846 5368 901 5415; x_wconf 88' lang='lat' dir='ltr'><strong>et</strong></span> <span class='ocrx_word' id='word_1_794' title='bbox 925 5359 1078 5428; x_wconf 76' lang='lat' dir='ltr'><strong>Regii</strong></span> <span class='ocrx_word' id='word_1_795' title='bbox 1109 5356 1218 5411; x_wconf 90' lang='lat' dir='ltr'><strong>duo</strong></span> <span class='ocrx_word' id='word_1_796' title='bbox 1243 5371 1375 5430; x_wconf 70' lang='lat' dir='ltr'><strong>mss.</strong></span> <span class='ocrx_word' id='word_1_797' title='bbox 1397 5354 1459 5430; x_wconf 78' lang='lat' dir='ltr'><strong>in</strong></span> <span class='ocrx_word' id='word_1_798' title='bbox 1484 5360 1717 5430; x_wconf 55' lang='lat' dir='ltr'><strong>utroque</strong></span> <span class='ocrx_word' id='word_1_799' title='bbox 1740 5351 1862 5430; x_wconf 73' lang='lat' dir='ltr'><strong>loco</strong></span> <span class='ocrx_word' id='word_1_800' title='bbox 1887 5349 2033 5430; x_wconf 74' lang='grc' dir='ltr'><em>χειρὶ</em></span> 
     </span>
    </p>
   </div>
   <div class='ocr_carea' id='block_1_106' title="bbox 460 5366 2027 5506">
    <p class='ocr_par' dir='ltr' id='par_1_106' title="bbox 460 5366 2027 5506">
     <span class='ocr_line' id='line_1_107' title="bbox 530 5366 2027 5470; baseline -0.012 -52"><span class='ocrx_word' id='word_1_801' title='bbox 530 5366 642 5430; x_wconf 80' lang='grc'>(78)</span> <span class='ocrx_word' id='word_1_802' title='bbox 676 5366 816 5418; x_wconf 84' lang='lat' dir='ltr'><strong>Editi</strong></span> <span class='ocrx_word' id='word_1_803' title='bbox 846 5366 1078 5442; x_wconf 55' lang='lat' dir='ltr'><strong>etliegii</strong></span> <span class='ocrx_word' id='word_1_804' title='bbox 1109 5366 1218 5411; x_wconf 89' lang='lat' dir='ltr'><strong>duo</strong></span> <span class='ocrx_word' id='word_1_805' title='bbox 1243 5371 1375 5411; x_wconf 92' lang='lat' dir='ltr'><strong>mss.</strong></span> <span class='ocrx_word' id='word_1_806' title='bbox 1397 5370 1459 5436; x_wconf 39' lang='grc' dir='ltr'><em>,ιιι</em></span> <span class='ocrx_word' id='word_1_807' title='bbox 1484 5366 1717 5421; x_wconf 84' lang='lat' dir='ltr'><strong>utroque</strong></span> <span class='ocrx_word' id='word_1_808' title='bbox 1743 5366 1862 5431; x_wconf 72' lang='lat' dir='ltr'><strong>loco</strong></span> <span class='ocrx_word' id='word_1_809' title='bbox 1887 5366 2027 5470; x_wconf 62' lang='grc' dir='ltr'><em>χειρι</em></span> 
     </span>
     <span class='ocr_line' id='line_1_108' title="bbox 460 5421 2027 5506; baseline -0.01 -20"><span class='ocrx_word' id='word_1_810' title='bbox 460 5433 861 5506; x_wconf 71' lang='grc' dir='ltr'><em>ὑπερηφανίαν,</em></span> <span class='ocrx_word' id='word_1_811' title='bbox 898 5447 953 5506; x_wconf 78' lang='lat' dir='ltr'><strong>tn</strong></span> <span class='ocrx_word' id='word_1_812' title='bbox 991 5444 1153 5506; x_wconf 75' lang='lat' dir='ltr'><strong>manu</strong></span> <span class='ocrx_word' id='word_1_813' title='bbox 1199 5425 1530 5506; x_wconf 34' lang='lat' dir='ltr'><strong>superbiam:</strong></span> <span class='ocrx_word' id='word_1_814' title='bbox 1553 5421 1698 5504; x_wconf 40' lang='lat' dir='ltr'><strong>.ch.</strong></span> <span class='ocrx_word' id='word_1_815' title='bbox 1726 5429 2027 5506; x_wconf 40' lang='lat' dir='ltr'><strong>tertius-Is</strong></span> 
     </span>
    </p>
   </div>
   <div class='ocr_carea' id='block_1_107' title="bbox 459 5490 2034 5575">
    <p class='ocr_par' dir='ltr' id='par_1_107' title="bbox 459 5490 2034 5575">
     <span class='ocr_line' id='line_1_109' title="bbox 459 5490 2034 5575; baseline -0.009 -19"><span class='ocrx_word' id='word_1_816' title='bbox 459 5490 604 5574; x_wconf 70' lang='grc' dir='ltr'><em>χειρὶ</em></span> <span class='ocrx_word' id='word_1_817' title='bbox 626 5490 1038 5575; x_wconf 50' lang='grc' dir='ltr'><em>Ἑπερηςραῄᾳς,</em></span> <span class='ocrx_word' id='word_1_818' title='bbox 1072 5490 1320 5575; x_wconf 30' lang='lat' dir='ltr'><strong>innuat-tu</strong></span> <span class='ocrx_word' id='word_1_819' title='bbox 1344 5490 1667 5574; x_wconf 20' lang='lat' dir='ltr'><strong>superbiw;i</strong></span> <span class='ocrx_word' id='word_1_820' title='bbox 1684 5501 1740 5575; x_wconf 73' lang='lat' dir='ltr'><strong>et</strong></span> <span class='ocrx_word' id='word_1_821' title='bbox 1879 5490 2034 5575; x_wconf 50' lang='lat' dir='ltr'><strong>vitle-</strong></span> 
     </span>
    </p>
   </div>
   <div class='ocr_carea' id='block_1_108' title="bbox 461 5555 2032 5645">
    <p class='ocr_par' dir='ltr' id='par_1_108' title="bbox 461 5555 2032 5645">
     <span class='ocr_line' id='line_1_110' title="bbox 461 5555 2032 5645; baseline -0.009 -20"><span class='ocrx_word' id='word_1_822' title='bbox 461 5555 562 5645; x_wconf 57' lang='grc' dir='ltr'><strong>ῖιηθΙ</strong></span> <span class='ocrx_word' id='word_1_823' title='bbox 582 5555 782 5645; x_wconf 53' lang='lat' dir='ltr'><strong>legisse</strong></span> <span class='ocrx_word' id='word_1_824' title='bbox 797 5555 1067 5645; x_wconf 55' lang='lat' dir='ltr'><strong>Basilius.</strong></span> <span class='ocrx_word' id='word_1_825' title='bbox 1106 5566 1388 5645; x_wconf 38' lang='lat' dir='ltr'><strong>Hox‘Beg:</strong></span> <span class='ocrx_word' id='word_1_826' title='bbox 1418 5555 1612 5618; x_wconf 76' lang='lat' dir='ltr'><strong>tertius</strong></span> <span class='ocrx_word' id='word_1_827' title='bbox 1626 5555 1701 5645; x_wconf 25' lang='grc' dir='ltr'><em>ζει</em></span> <span class='ocrx_word' id='word_1_828' title='bbox 1721 5555 2032 5645; x_wconf 68' lang='lat' dir='ltr'><strong>_e:li_li_Ven.</strong></span> 
     </span>
    </p>
   </div>
   <div class='ocr_carea' id='block_1_109' title="bbox 459 5633 2039 5713">
    <p class='ocr_par' dir='ltr' id='par_1_109' title="bbox 459 5633 2039 5713">
     <span class='ocr_line' id='line_1_111' title="bbox 459 5633 2039 5713; baseline -0.008 -16"><span class='ocrx_word' id='word_1_829' title='bbox 459 5642 516 5697; x_wconf 86' lang='lat' dir='ltr'><strong>in</strong></span> <span class='ocrx_word' id='word_1_830' title='bbox 535 5633 776 5713; x_wconf 63' lang='lat' dir='ltr'><strong>mar&#39;g&#39;me</strong></span> <span class='ocrx_word' id='word_1_831' title='bbox 790 5640 1051 5702; x_wconf 71' lang='grc' dir='ltr'><em>ἐκονσεως</em></span> <span class='ocrx_word' id='word_1_832' title='bbox 1069 5633 1539 5709; x_wconf 66' lang='grc' dir='ltr'><em>παραϐαινόντων,</em></span> <span class='ocrx_word' id='word_1_833' title='bbox 1555 5633 1847 5688; x_wconf 81' lang='lat' dir='ltr'><strong>roluntarie</strong></span> <span class='ocrx_word' id='word_1_834' title='bbox 1869 5640 2039 5685; x_wconf 87' lang='lat' dir='ltr'><strong>trans-</strong></span> 
     </span>
    </p>
   </div>
   <div class='ocr_carea' id='block_1_110' title="bbox 460 5714 809 5785">
    <p class='ocr_par' dir='ltr' id='par_1_110' title="bbox 460 5714 809 5785">
     <span class='ocr_line' id='line_1_112' title="bbox 460 5714 809 5785; baseline -0.009 -14"><span class='ocrx_word' id='word_1_835' title='bbox 460 5714 809 5785; x_wconf 76' lang='lat' dir='ltr'><strong>grcdientium</strong></span> 
     </span>
    </p>
   </div>
   <div class='ocr_carea' id='block_1_111' title="bbox 2234 5208 2514 5260">
    <p class='ocr_par' dir='ltr' id='par_1_111' title="bbox 2234 5208 2514 5260">
     <span class='ocr_line' id='line_1_113' title="bbox 2234 5208 2514 5260; baseline 0 0"><span class='ocrx_word' id='word_1_836' title='bbox 2234 5208 2325 5260; x_wconf 79' lang='lat' dir='ltr'><strong>79l</strong></span> <span class='ocrx_word' id='word_1_837' title='bbox 2361 5208 2514 5260; x_wconf 78' lang='lat' dir='ltr'><strong>Reaii</strong></span> 
     </span>
    </p>
   </div>
   <div class='ocr_carea' id='block_1_112' title="bbox 2139 5208 3720 5402">
    <p class='ocr_par' dir='ltr' id='par_1_112' title="bbox 2139 5208 3720 5402">
     <span class='ocr_line' id='line_1_114' title="bbox 2214 5208 3714 5277; baseline -0.007 -11"><span class='ocrx_word' id='word_1_838' title='bbox 2214 5208 2325 5277; x_wconf 84' lang='lat'><strong>(79)</strong></span> <span class='ocrx_word' id='word_1_839' title='bbox 2361 5208 2517 5277; x_wconf 78' lang='lat' dir='ltr'><strong>Regii</strong></span> <span class='ocrx_word' id='word_1_840' title='bbox 2555 5210 2764 5277; x_wconf 90' lang='lat' dir='ltr'><strong>primus</strong></span> <span class='ocrx_word' id='word_1_841' title='bbox 2790 5215 2843 5261; x_wconf 85' lang='lat' dir='ltr'><strong>et</strong></span> <span class='ocrx_word' id='word_1_842' title='bbox 2876 5208 3152 5262; x_wconf 85' lang='lat' dir='ltr'><strong>secundus</strong></span> <span class='ocrx_word' id='word_1_843' title='bbox 3179 5208 3314 5259; x_wconf 80' lang='grc' dir='ltr'><em>Θεοῦ</em></span> <span class='ocrx_word' id='word_1_844' title='bbox 3348 5208 3521 5273; x_wconf 71' lang='grc' dir='ltr'><em>λέγει.</em></span> <span class='ocrx_word' id='word_1_845' title='bbox 3556 5208 3714 5258; x_wconf 72' lang='lat' dir='ltr'><strong>Haud</strong></span> 
     </span>
     <span class='ocr_line' id='line_1_115' title="bbox 2139 5276 3720 5402; baseline -0.005 -68"><span class='ocrx_word' id='word_1_846' title='bbox 2139 5280 2298 5348; x_wconf 82' lang='lat' dir='ltr'><strong>longe</strong></span> <span class='ocrx_word' id='word_1_847' title='bbox 2317 5280 2446 5334; x_wconf 87' lang='lat' dir='ltr'><strong>editi</strong></span> <span class='ocrx_word' id='word_1_848' title='bbox 2478 5278 2661 5359; x_wconf 71' lang='grc' dir='ltr'><em>ἢριπό.</em></span> <span class='ocrx_word' id='word_1_849' title='bbox 2693 5276 2899 5331; x_wconf 84' lang='lat' dir='ltr'><strong>Vocula</strong></span> <span class='ocrx_word' id='word_1_850' title='bbox 2934 5278 2970 5402; x_wconf 56' lang='lat'>3</span> <span class='ocrx_word' id='word_1_851' title='bbox 2997 5277 3049 5330; x_wconf 92' lang='lat' dir='ltr'><strong>in</strong></span> <span class='ocrx_word' id='word_1_852' title='bbox 3077 5276 3281 5331; x_wconf 87' lang='lat' dir='ltr'><strong>nostris</strong></span> <span class='ocrx_word' id='word_1_853' title='bbox 3317 5292 3448 5330; x_wconf 90' lang='lat' dir='ltr'><strong>mss.</strong></span> <span class='ocrx_word' id='word_1_854' title='bbox 3484 5290 3593 5328; x_wconf 86' lang='lat' dir='ltr'><strong>non</strong></span> <span class='ocrx_word' id='word_1_855' title='bbox 3633 5276 3720 5326; x_wconf 84' lang='lat' dir='ltr'><strong>in-</strong></span> 
     </span>
     <span class='ocr_line' id='line_1_116' title="bbox 2139 5346 3716 5402; baseline -0.006 0"><span class='ocrx_word' id='word_1_856' title='bbox 2139 5353 2376 5402; x_wconf 77' lang='lat' dir='ltr'><strong>venitur.</strong></span> <span class='ocrx_word' id='word_1_857' title='bbox 2416 5348 2659 5402; x_wconf 81' lang='lat' dir='ltr'><strong>Sulnnde</strong></span> <span class='ocrx_word' id='word_1_858' title='bbox 2688 5364 2833 5402; x_wconf 91' lang='lat' dir='ltr'><strong>unus</strong></span> <span class='ocrx_word' id='word_1_859' title='bbox 2868 5361 2932 5402; x_wconf 90' lang='lat' dir='ltr'><strong>eo</strong></span> <span class='ocrx_word' id='word_1_860' title='bbox 2973 5362 3039 5401; x_wconf 77' lang='lat' dir='ltr'><strong>ex</strong></span> <span class='ocrx_word' id='word_1_861' title='bbox 3070 5346 3383 5402; x_wconf 74' lang='grc' dir='ltr'><em>παροξύνει.</em></span> <span class='ocrx_word' id='word_1_862' title='bbox 3407 5353 3716 5402; x_wconf 72' lang='lat' dir='ltr'><strong>exasperat.</strong></span> 
     </span>
    </p>
   </div>
   <div class='ocr_carea' id='block_1_113' title="bbox 2138 5346 3716 5418">
    <p class='ocr_par' dir='ltr' id='par_1_113' title="bbox 2138 5346 3716 5418">
     <span class='ocr_line' id='line_1_117' title="bbox 2138 5346 3716 5418; baseline -0.008 -12"><span class='ocrx_word' id='word_1_863' title='bbox 2138 5346 2376 5406; x_wconf 81' lang='lat' dir='ltr'><strong>venitur.</strong></span> <span class='ocrx_word' id='word_1_864' title='bbox 2416 5346 2659 5403; x_wconf 75' lang='lat' dir='ltr'><strong>Subinde</strong></span> <span class='ocrx_word' id='word_1_865' title='bbox 2688 5364 2833 5403; x_wconf 91' lang='lat' dir='ltr'><strong>unus</strong></span> <span class='ocrx_word' id='word_1_866' title='bbox 2868 5346 3055 5418; x_wconf 77' lang='lat' dir='ltr'><strong>codex_</strong></span> <span class='ocrx_word' id='word_1_867' title='bbox 3068 5346 3383 5418; x_wconf 72' lang='grc' dir='ltr'><em>παροξύνει,</em></span> <span class='ocrx_word' id='word_1_868' title='bbox 3407 5353 3716 5418; x_wconf 73' lang='lat' dir='ltr'><strong>exasperat.</strong></span> 
     </span>
    </p>
   </div>
   <div class='ocr_carea' id='block_1_114' title="bbox 2213 5415 3723 5492">
    <p class='ocr_par' dir='ltr' id='par_1_114' title="bbox 2213 5415 3723 5492">
     <span class='ocr_line' id='line_1_118' title="bbox 2213 5415 3723 5492; baseline -0.005 -19"><span class='ocrx_word' id='word_1_869' title='bbox 2213 5419 2578 5492; x_wconf 65' lang='lat' dir='ltr'><strong>(80}Autiqui</strong></span> <span class='ocrx_word' id='word_1_870' title='bbox 2606 5419 2715 5473; x_wconf 87' lang='lat' dir='ltr'><strong>duo</strong></span> <span class='ocrx_word' id='word_1_871' title='bbox 2746 5419 2871 5492; x_wconf 28' lang='lat' dir='ltr'><strong>lib-ri</strong></span> <span class='ocrx_word' id='word_1_872' title='bbox 2906 5430 2960 5472; x_wconf 87' lang='lat' dir='ltr'><strong>et</strong></span> <span class='ocrx_word' id='word_1_873' title='bbox 2994 5416 3124 5492; x_wconf 64' lang='lat' dir='ltr'><strong>editi</strong></span> <span class='ocrx_word' id='word_1_874' title='bbox 3153 5415 3219 5470; x_wconf 61' lang='grc' dir='ltr'><em>’ἐν</em></span> <span class='ocrx_word' id='word_1_875' title='bbox 3254 5416 3399 5492; x_wconf 75' lang='grc' dir='ltr'><em>χειρὶ</em></span> <span class='ocrx_word' id='word_1_876' title='bbox 3428 5415 3723 5492; x_wconf 59' lang='grc' dir='ltr'><em>ὑπερηφα-</em></span> 
     </span>
    </p>
   </div>
   <div class='ocr_carea' id='block_1_115' title="bbox 2139 5485 3722 5559">
    <p class='ocr_par' dir='ltr' id='par_1_115' title="bbox 2139 5485 3722 5559">
     <span class='ocr_line' id='line_1_119' title="bbox 2139 5485 3722 5559; baseline -0.006 -14"><span class='ocrx_word' id='word_1_877' title='bbox 2139 5485 2278 5552; x_wconf 73' lang='grc' dir='ltr'><em>νίαν,</em></span> <span class='ocrx_word' id='word_1_878' title='bbox 2305 5485 2383 5543; x_wconf 79' lang='grc' dir='ltr'><em>’ἱιι</em></span> <span class='ocrx_word' id='word_1_879' title='bbox 2418 5485 2580 5544; x_wconf 75' lang='lat' dir='ltr'><strong>manu</strong></span> <span class='ocrx_word' id='word_1_880' title='bbox 2622 5489 2942 5555; x_wconf 86' lang='lat' dir='ltr'><strong>superbiam.</strong></span> <span class='ocrx_word' id='word_1_881' title='bbox 2998 5486 3133 5559; x_wconf 75' lang='lat' dir='ltr'><strong>Reg.</strong></span> <span class='ocrx_word' id='word_1_882' title='bbox 3188 5485 3392 5559; x_wconf 79' lang='lat' dir='ltr'><strong>tertius</strong></span> <span class='ocrx_word' id='word_1_883' title='bbox 3416 5485 3722 5559; x_wconf 50' lang='grc' dir='ltr'><em>ποιήσηρν</em></span> 
     </span>
    </p>
   </div>
   <div class='ocr_carea' id='block_1_116' title="bbox 2141 5543 3723 5687">
    <p class='ocr_par' dir='ltr' id='par_1_116' title="bbox 2141 5543 3723 5687">
     <span class='ocr_line' id='line_1_120' title="bbox 2141 5543 3723 5687; baseline -0.006 -72"><span class='ocrx_word' id='word_1_884' title='bbox 2141 5543 2509 5687; x_wconf 48' lang='grc' dir='ltr'><strong>ὗπεῇηὲἓκὲἑᾳ,</strong></span> <span class='ocrx_word' id='word_1_885' title='bbox 2556 5543 2736 5630; x_wconf 77' lang='lat' dir='ltr'><strong>fecerit</strong></span> <span class='ocrx_word' id='word_1_886' title='bbox 2777 5561 2831 5613; x_wconf 83' lang='lat' dir='ltr'><strong>in</strong></span> <span class='ocrx_word' id='word_1_887' title='bbox 2873 5543 3148 5629; x_wconf 58' lang='lat' dir='ltr'><strong>superbia;</strong></span> <span class='ocrx_word' id='word_1_888' title='bbox 3192 5571 3292 5613; x_wconf 88' lang='lat' dir='ltr'><strong>nec</strong></span> <span class='ocrx_word' id='word_1_889' title='bbox 3326 5557 3483 5613; x_wconf 86' lang='lat' dir='ltr'><strong>aliter</strong></span> <span class='ocrx_word' id='word_1_890' title='bbox 3517 5543 3723 5627; x_wconf 62' lang='grc' dir='ltr'><em>ιέέίῖιιιν</em></span> 
     </span>
     <span class='ocr_line' id='line_1_121' title="bbox 2141 5648 2478 5687; baseline -0.009 -1"><span class='ocrx_word' id='word_1_891' title='bbox 2141 5648 2244 5687; x_wconf 71' lang='lat' dir='ltr'><strong>an“</strong></span> <span class='ocrx_word' id='word_1_892' title='bbox 2362 5669 2378 5684; x_wconf 71' lang='grc' dir='ltr'><strong>ι</strong></span> <span class='ocrx_word' id='word_1_893' title='bbox 2465 5670 2478 5683; x_wconf 72' lang='grc' dir='ltr'><strong>ο</strong></span> 
     </span>
    </p>
   </div>
   <div class='ocr_carea' id='block_1_117' title="bbox 2141 5648 2478 5705">
    <p class='ocr_par' dir='ltr' id='par_1_117' title="bbox 2141 5648 2478 5705">
     <span class='ocr_line' id='line_1_122' title="bbox 2141 5648 2478 5705; baseline -0.009 -19"><span class='ocrx_word' id='word_1_894' title='bbox 2141 5648 2283 5705; x_wconf 81' lang='lat' dir='ltr'><strong>apud</strong></span> <span class='ocrx_word' id='word_1_895' title='bbox 2315 5648 2478 5686; x_wconf 64' lang='lat' dir='ltr'><strong>LAA.</strong></span> 
     </span>
    </p>
   </div>
   <div class='ocr_carea' id='block_1_118' title="bbox 2555 5203 3714 5277">
    <p class='ocr_par' dir='ltr' id='par_1_118' title="bbox 2555 5203 3714 5277">
     <span class='ocr_line' id='line_1_123' title="bbox 2555 5203 3714 5277; baseline -0.004 -17"><span class='ocrx_word' id='word_1_896' title='bbox 2555 5210 2764 5277; x_wconf 89' lang='lat' dir='ltr'><strong>primus</strong></span> <span class='ocrx_word' id='word_1_897' title='bbox 2790 5215 2843 5261; x_wconf 83' lang='lat' dir='ltr'><strong>et</strong></span> <span class='ocrx_word' id='word_1_898' title='bbox 2876 5205 3152 5262; x_wconf 87' lang='lat' dir='ltr'><strong>secundus</strong></span> <span class='ocrx_word' id='word_1_899' title='bbox 3179 5205 3314 5277; x_wconf 83' lang='grc' dir='ltr'>Θεοῦ</span> <span class='ocrx_word' id='word_1_900' title='bbox 3348 5203 3521 5273; x_wconf 74' lang='grc' dir='ltr'><em>λέγει.</em></span> <span class='ocrx_word' id='word_1_901' title='bbox 3556 5203 3714 5258; x_wconf 72' lang='lat' dir='ltr'><strong>&quot;and</strong></span> 
     </span>
    </p>
   </div>
  </div>
