3982 6240
231 260 343 319 669

1607 281 1694 337 DE
1733 283 2003 340 JUDICIO
2040 283 2169 338 DEI.

3409 283 3518 342 670

234 395 340 433 σιν
385 378 500 436 ἔτι.
539 381 684 453 Πρὸς
721 382 758 437 ἃ
791 385 909 450 πῶς
962 387 1026 442 ἄν
1054 406 1139 454 τις
1165 390 1459 462 ἀξιολόγως
1514 399 1815 472 κινούμενος

1935 418 2034 472 pro
2065 403 2141 456 rei
2173 400 2437 471 dignitate
2465 405 2798 462 commotus,
2845 398 3074 454 horrore
3104 400 3300 470 majori
3334 404 3516 458 corri-

236 473 677 545 φρικωδέστερον
755 479 1170 553 καταπλαγείη,
1221 487 1452 558 συνορᾷν
1508 483 1820 548 ἀκόλουθον.

235 561 368 617 Εἶτα
422 582 558 636 φησι
579 583 592 596 ·
625 567 739 621 Kal
791 572 1322 643 αἰχμαλωτίζοντες
1358 577 1483 634 πᾶν
1508 584 1704 653 νόημα
1736 587 1825 652 είς

235 657 349 725 τὴν
405 660 695 729 ὑπακοὴν
739 662 848 717 τοῦ
887 666 1146 732 Χριστοῦ
1172 684 1187 699 ο
1238 669 1371 724 Πᾶν
1423 672 1656 743 νόημα,
1700 677 1823 747 οὐχὶ

232 749 410 814 τοῦτο,
433 751 466 822 ἦ
503 753 707 808 ἐκεῖνο.
733 755 843 809 Kal
871 757 941 810 ἐν
958 758 1171 828 ἑτοίμῳ
1198 761 1445 830 ἔχοντες
1473 765 1818 835 ἐκδικῆσαι·

234 842 329 898 καὶ
351 844 593 899 ἐνταῦθα
629 848 814 912 πάλιν,
847 850 967 920 οὐχὶ
989 853 1185 924 -τήνδε,
1219 855 1251 924 ἢ
1280 856 1421 918 τινὰ,
1449 857 1583 912 ἀλλὰ
1607 858 1824 914 Πᾶσαν

231 937 575 1005 παρακοήν.
611 942 755 1012 Ἀρα
780 959 846 1010 γε
883 943 1160 1015 ἠπάτησεν
1188 947 1338 1018 ἡμᾶς
1373 952 1405 1020 ἡ
1440 952 1672 1024 κακίστη
1701 970 1824 1006 συν-

231 1028 426 1099 ήθεια’
467 1030 581 1100 ἄρα
630 1033 820 1088 κακῶν
875 1037 1023 1091 αἰτία
1061 1039 1194 1108 ἡμῖν
1231 1041 1482 1110 μεγάλων
1527 1043 1750 1111 γέγονεν
1789 1047 1822 1117 ἡ

228 1118 648 1193 διεστραμμένη
689 1122 799 1177 τῶν
831 1124 1133 1196 ἀνθρώπων
1194 1128 1524 1197 παράδοσις,
1571 1129 1640 1183 τὰ
1725 1131 1824 1202 μὲν

232 1213 652 1285 παραιτουμένη
693 1214 855 1286 δῆθεν
891 1217 998 1270 τῶν
1032 1218 1466 1290 ἁμαρτημάτων,
1487 1221 1554 1274 τὰ
1587 1221 1642 1274 δὲ
1673 1222 1825 1275 ἀδια-

233 1305 418 1377 φόρως
445 1308 753 1380 αἱρουμένη
775 1326 788 1339 ·
819 1309 1073 1363 καὶκατὰ
1099 1311 1200 1381 μὲν
1226 1329 1388 1366 τινων
1419 1314 1663 1384 σφοδρῶς
1689 1316 1825 1383 ἁγα-

230 1399 453 1450 νακτεῖν
475 1400 946 1471 προσποιουμένη,
970 1396 1080 1454 οἷον
1101 1401 1284 1470 φόνου,
1307 1404 1402 1456 καὶ¹
1435 1404 1698 1474 μοιχείας,
1729 1405 1824 1458 καὶ

228 1487 336 1542 τῶν
387 1489 653 1543 τοιούτων
677 1508 690 1520 ·
731 1491 799 1543 τὰ
848 1491 904 1544 δὲ
945 1492 1064 1544 οὐδὲ
1090 1493 1253 1563 ψιλῆς
1283 1495 1413 1562 γοῦν
1454 1497 1824 1568 ἐπιτιμήσεως

230 1574 357 1642 ἄξια
383 1577 654 1649 κρίνουσα
682 1578 813 1648 (8|),
840 1575 951 1633 οἷον
969 1580 1158 1652 ὀργὴν,
1185 1583 1216 1652 ἢ
1251 1582 1536 1654 λοιδορίαν,
1566 1586 1598 1657 ἢ
1629 1586 1819 1656 μέθην,

230 1670 264 1741 ἢ
289 1670 636 1736 πλεονεξίαν,
665 1672 761 1724 καὶ
785 1672 886 1724 ὅσα
915 1673 1156 1738 τοιαῦτα,
1185 1674 1305 1727 καθ’
1339 1669 1413 1729 ὧν
1438 1677 1694 1732 ἁπάντων
1727 1679 1820 1732 καὶ⁵

232 1761 682 1836 ἀλλαχοῦ-ἔδωκε
735 1765 836 1835 τὴν
892 1766 1060 1837 αὐτὴν
1099 1767 1376 1836 ἀπόφασιν
1417 1771 1445 1822 6
1500 1772 1558 1823 ὲν
1598 1772 1818 1843 Χριστῷ

230 1854 409 1909 λαλῶν
422 1856 661 1922 Παῦλος,
677 1856 847 1910 είπὼν
867 1859 967 1912 ὄτι’
996 1862 1060 1913 Οἱ
1084 1861 1156 1914 τὰ
1171 1861 1415 1916 τοιαῦτα
1434 1864 1818 1932 πράσσοντες

232 1949 388 2015 ἄξιοι
416 1950 684 2005 θανάτου
714 1953 896 2008 εἰσίν.
928 1954 1100 2006 Ὅπου
1133 1953 1189 2006 δὲ
1223 1956 1330 2008 πᾶν
1365 1956 1562 2028 ὕψωμα
1592 1959 1816 2031 ἐπαιρό-

235 2061 395 2114 μενον
416 2043 564 2097 κατὰ
602 2044 702 2114 τῆς
737 2043 992 2113 γνώσεως
1024 2047 1119 2099 τοῦ
1163 2047 1296 2100 Θεοῦ
1329 2048 1691 2122 καθαιρεῖται,
1724 2052 1816 2104 καὶ¹

232 2135 336 2187 πᾶν
357 2133 542 2204 νόημα
575 2135 656 2197 είς
687 2133 786 2205 τὴν
816 2135 1062 2206 ὑπακοὴν
1090 2137 1184 2190 τοῦ
1214 2139 1454 2209 Χριστοῦ
1478 2142 1816 2211 αἰχμαλωτί-

232 2223 404 2290 ζεται,
469 2228 567 2280 καὶ
623 2229 776 2282 πᾶσα
824 2231 1074 2300 παρακοὴ
1111 2231 1304 2302 ἐπίσης
1341 2235 1633 2289 ὲκδικείται
1667 2236 1812 2307 (ὃὲ),

231 2321 345 2372 ἐκεῖ
370 2318 531 2372 οὐδὲν
567 2319 946 2391 ἀκαθαίρετον,
993 2323 1145 2376 οὐδὲν
1187 2325 1540 2397 ἀνεκδίκητον
1569 2329 1812 2397 ἀφίεται,

229 2411 378 2464 οὐδὲν
401 2410 509 2481 τῆς
535 2410 630 2464 τοῦ
691 2411 931 2483 Χριστοῦ
973 2414 1220 2486 ὑπακοῆς
1255 2417 1410 2482 ὲκτὺς
1437 2419 1810 2472 ἀπολείπεται.

229 2503 424 2558 Κοινὺν
450 2504 564 2574 γάρ
579 2505 676 2558 καὶ
706 2505 959 2575 μέγιστον
977 2507 1226 2580 ἀσέϐημα
1257 2511 1398 2564 κατὰ
1431 2512 1612 2582 πάσης
1674 2531 1814 2583 παρ-

231 2599 402 2668 ακοῆς
422 2596 629 2662 ἔδειξεν
657 2599 687 2650 6
712 2597 1008 2662 ἀπόστολος
1032 2599 1263 2663 Παῦλος,
1286 2603 1461 2654 ἐκεῖνο
1483 2602 1675 2657 εἰπών·
1718 2606 1814 2670 ’⁸ος

227 2690 295 2744 ἐν
341 2691 510 2760 νόμῳ
541 2691 868 2760 καυχᾶσαι,
899 2692 998 2746 διὰ
1028 2693 1136 2761 τῆς
1163 2693 1551 2760 παραϐάσεως
1580 2696 1684 2748 τοῦ
1714 2699 1815 2750 νό-

223 2802 340 2855 μου
376 2786 489 2839 τὸν
524 2785 676 2839 Θεὸν
705 2784 1016 2854 ἀτιμάζεις.
1061 2786 1197 2838 Ἀλλ’
1228 2786 1335 2858 ἄρα
1363 2786 1437 2857 μὴ
1461 2788 1633 2842 ταῦτα
1666 2788 1813 2858 λόγοι

231 2880 413 2948 μόνον,
443 2879 541 2931 καὶ
564 2879 624 2930 οὐ
649 2877 985 2947 πράγματας
1029 2877 1159 2930 Ἰδοὺ
1187 2878 1366 2930 τοίνυν
1384 2895 1397 2907 ·
1433 2880 1489 2930 ὲν
1508 2879 1758 2950 Κορίνθῳ
1785 2883 1814 2933 6

226 2969 322 3040 τὴν
374 2971 617 3037 γυναῖκα
640 2967 733 3020 τοῦ
762 2967 972 3038 πατρὸς
1016 2966 1175 3037 ἔχων,
1213 2967 1365 3020 οὐδὲν
1401 2967 1586 3039 ἕτερον
1615 2971 1814 3042 ἐγκλη-

227 3060 338 3124 θεὶς
358 3063 406 3112 εί
428 3059 504 3131 μὴ
527 3059 689 3112 τοῦτο
717 3059 893 3130 μόνον,
911 3060 972 3111 οὐ
1000 3059 1157 3128 μόνον
1175 3060 1334 3125 αὐτὸς
1362 3062 1712 3133 παραδίδοται
1737 3064 1814 3134 τῷ

228 3153 446 3221 Σατανᾷ.
482 3153 564 3215 είς
591 3151 809 3222 ὀλεθρον
835 3151 932 3220 τῆς
959 3151 1178 3222 σαρκὸς,
1218 3153 1375 3223 ἄχρις
1401 3153 1466 3206 ἂν
1504 3159 1615 3218 τοῖς
1641 3157 1812 3221 ἀξίοις

225 3244 324 3313 τῆς
349 3244 646 3314 μετανοίας
675 3248 908 3316 καρποῖς
936 3244 1291 3316 διορθώσηται
1317 3247 1378 3298 τὸ
1403 3247 1811 3318 πλημμέλημα,

225 3339 410 3389 πᾶσαν
448 3336 507 3388 δὲ
537 3335 677 3405 ὁμοῦ
726 3337 825 3408 τὴν
869 3337 1189 3406 Ἐκκλησίαν
1229 3337 1364 3407 (85),
1397 3341 1519 3392 ἐπεὶ
1555 3340 1628 3411 μὴ
1658 3341 1817 3407 ἐπεξ-

227 3428 356 3498 ῆλθε
378 3428 461 3499 τῷ
477 3429 862 3500 ἁμαρτήματι,
888 3431 1114 3493 ἐκείνοις
1141 3431 1452 3500 περιϐάλλει
1473 3434 1583 3495 τοῖς
1620 3434 1816 3506 ἐγκλή-

229 3534 416 3592 μασινο
478 3521 543 3573 Τι’
594 3520 828 3582 θέ.1ετε;
878 3521 980 3577 Ἐν
1026 3520 1226 3589 ῥάϐδῳ
1250 3522 1404 3577 ἔλθω
1443 3524 1593 3591 πρὸς
1616 3525 1813 3593 wide;

226 3615 320 3667 καὶ
351 3613 473 3685 μετ’
496 3613 656 3680 ὀλίγα
676 3630 690 3643 ο
722 3613 830 3666 Kal
863 3613 1033 3682 ὑμεῖς
1065 3617 1508 3684 πεφυσιωμένοι
1529 3617 1690 3682 ἐστὲ,
1715 3618 1816 3672 καὶ

228 3709 363 3777 οὐχὶ
398 3706 646 3777 μᾶλλον
687 3706 1078 3772 ἐπενθήσατε,
1112 3708 1213 3759 ἵνα
1248 3706 1473 3775 ἐξορθῇ
1518 3710 1584 3761 ἐκ
1625 3709 1814 3777 μέσου

227 3801 397 3871 ὑμῶν
433 3804 466 3854 ὁ
512 3800 582 3852 τὸ
623 3799 804 3869 ἔργον
832 3799 1008 3853 τοῦτο
1037 3799 1289 3866 πράξας.
1334 3801 1398 3852 Τί
1425 3801 1482 3852 δὲ
1518 3801 1624 3872 ἄρα
1657 3802 1815 3854 Ἀνα-

225 3895 369 3958 νίας,
393 3895 424 3946 6
465 3893 525 3944 ὲν
571 3895 692 3954 ταῖς
741 3890 1015 3962 Πράξεσι;
1051 3892 1114 3943 Τί
1143 3891 1268 3946 ἄλλο
1303 3892 1469 3945 κακὸν
1501 3892 1815 3963 πεποιηκὼς

230 3987 547 4058 εὑρίσκεται
570 3987 798 4056 ἣὲκεῖνο
852 3985 1017 4047 αὐτό;
1057 3984 1165 4038 Ποῦ
1203 3987 1382 4037 τοίνυν
1410 3986 1680 4056 τοσαύτης
1704 3986 1814 4058 (84)

227 4079 399 4150 ὀργῆς
430 4077 580 4144 ἀξιον
600 4078 882 4146 active-tat;
909 4076 1066 4128 Ἶδιον
1089 4078 1273 4146 κτῆμα
1306 4075 1584 4148 πωλήσας,
1617 4079 1813 4148 ἤνεγκε

227 4172 295 4224 τὰ
315 4173 605 4242 χρήματα,
639 4172 732 4222 καὶ
785 4169 949 4240 ἔθηκε
994 4169 1142 4240 παρὰ
1174 4170 1301 4231 τοὺς
1339 4169 1503 4233 πόδας
1535 4169 1644 4222 τῶν
1678 4171 1814 4224 ἀπο-

229 4265 436 4317 στόλων
457 4282 470 4293 σ
497 4262 898 4333 νοσφισάμενος
925 4261 1030 4314 ἀπὸ
1052 4262 1150 4331 τῆς
1172 4261 1358 4331 τιμῆς,
1383 4263 1474 4314 ἐπὶ
1489 4261 1664 4334 τούτῳ
1684 4266 1813 4334 παρ’

228 4359 400 4429 αὐτὴν
425 4358 524 4428 τὴν
557 4356 706 4427 ὥραν
749 4356 857 4426 (85)
890 4355 1005 4425 ἅμα
1029 4357 1093 4426 τῇ
1127 4357 1344 4423 γυναικὶ
1373 4356 1599 4410 θάνατον
1643 4374 1811 4409 κατασ

1929 492 2136 560 piatur.
2171 487 2378 542 Deinde
2403 488 2540 542 dicit
2572 506 2586 542 :
2630 486 2698 539 Et
2741 489 2796 540 in
2839 489 3197 556 captivitatem
3227 492 3518 562 redigentes
3593 510 3604 517 ·

1929 598 2136 635 omnem
2163 579 2492 634 intellectum
2535 578 2590 630 in
2615 577 2918 648 obsequium
2952 578 3153 633 Christi
3183 583 3265 648 ⁶¹;
3299 581 3517 636 Omnem

1927 672 2288 733 intellectum,
2344 684 2452 724 non
2491 669 2637 723 hunc
2663 708 2678 733 ,
2733 676 2828 722 aut
2872 669 3048 726 illum.
3092 670 3156 724 Et
3187 671 3240 724 in
3274 686 3516 742 promptu

1925 763 2174 814 habentes
2204 759 2390 812 ulcisci
2419 759 2499 824 ⁶³;
2529 765 2584 812 et
2637 757 2725 812 hic
2782 772 2978 811 rursus
3024 773 3133 814 non
3178 759 3322 814 hanc
3351 799 3366 824 ,
3423 769 3516 813 aut

1926 853 2098 914 illam,
2145 851 2240 906 sed
2275 850 2495 904 Omnem
2523 849 2932 902 inobedientiam
2964 849 3030 904 “.
3055 848 3310 905 Profecto
3351 851 3515 906 dece-

1928 945 2006 1017 pit
2037 961 2138 998 nos
2173 943 2409 1013 pessima
2463 941 2807 996 consuetudo
2836 961 2848 995 :
2909 940 3155 1011 profecto
3188 957 3513 1016 magnorum

1927 1042 2198 1094 malorum
2232 1039 2392 1094 nobis
2444 1052 2614 1091 causa
2646 1036 2860 1090 exstitit
2914 1051 3171 1106 perversa
3228 1037 3514 1092 hominum

1925 1132 2150 1188 traditio
2171 1172 2186 1196 ,
2222 1147 2342 1201 quae
2371 1130 2642 1192 videlicet,
2679 1129 2866 1182 vitatis
2899 1129 3180 1197 aliquibus
3221 1131 3465 1198 peccatis
3495 1167 3510 1192 ,

1923 1226 2029 1278 alia
2058 1224 2430 1278 indifferenter
2463 1221 2766 1286 admiserit,
2795 1235 3024 1290 quaeque
3057 1219 3186 1274 dum
3221 1235 3281 1275 se
3324 1221 3378 1274 in
3412 1221 3514 1274 ali-

1923 1334 2030 1388 qua
2061 1317 2279 1386 quidem
2307 1315 2659 1370 vehementer
2687 1313 2962 1382 indignari
2996 1312 3241 1375 simulat,
3276 1313 3420 1366 velut
3451 1311 3508 1366 in

1924 1409 2314 1470 homicidium,
2376 1404 2851 1472 adulteriumque,
2909 1412 2964 1456 et
3024 1403 3079 1456 in
3136 1403 3240 1455 alia
3288 1402 3510 1472 generis

1921 1501 2167 1569 ejusdem
2191 1539 2206 1564 ,
2254 1499 2436 1569 aliqua
2465 1513 2593 1550 vero
2625 1512 2692 1550 ne
2720 1495 2954 1564 simplici
2989 1493 3208 1564 quidem
3247 1495 3507 1566 objurga-

1921 1595 2069 1646 tione
2093 1591 2258 1660 digna
2284 1591 2518 1660 judicat,
2551 1590 2699 1642 velut
2735 1589 2895 1649 iram,
2928 1600 3022 1640 aut
3051 1587 3381 1649 convicium,
3412 1597 3508 1642 aut

1925 1683 2323 1746 temulentiam,
2365 1690 2460 1735 aut
2491 1681 2801 1743 avaritiam,
2835 1687 2888 1734 et
2919 1680 2963 1734 si
2999 1694 3104 1748 qua
3143 1686 3273 1733 sunt
3300 1679 3386 1734 his
3427 1681 3507 1735 si-

1853 1754 1890 1808 Β
1921 1777 2093 1843 milia,
2123 1776 2386 1830 adversus
2421 1789 2542 1844 quae
2573 1773 2755 1826 omnia
2811 1772 2972 1826 etiam
3009 1772 3137 1825 alibi
3195 1771 3398 1826 Paulus
3449 1773 3505 1826 iu

1917 1868 2136 1923 Christo
2170 1870 2400 1939 loquens
2440 1866 2687 1922 eamdem
2731 1865 3058 1919 sententiam
3093 1865 3344 1932 protulit,
3379 1879 3504 1917 cum

1918 1963 2091 2017 dixit:
2122 1962 2226 2028 Qui
2260 1962 2392 2016 talia
2415 1969 2599 2031 agunt,
2630 1959 2777 2029 digni
2804 1970 2926 2013 sunt
2953 1967 3118 2011 morte
3154 1959 3218 2010 δ’.
3241 1956 3345 2012 Ubi
3373 1973 3506 2012 vero

1917 2057 2100 2111 omnis
2123 2055 2374 2119 altitudo,
2411 2070 2533 2124 quae
2564 2069 2621 2107 se
2661 2056 2926 2106 adversus
2965 2050 3058 2104 Dei
3094 2051 3376 2105 scientiam
3409 2065 3506 2104 ex-

1917 2148 2099 2212 tollit,
2147 2145 2494 2209 destruitur,
2551 2145 2845 2211 omnisque
2895 2141 3204 2194 intellectus
3255 2140 3504 2209 captivus

1917 2221 2140 2294 ducitur
2195 2238 2262 2292 ad
2305 2237 2670 2291 obediendum
2704 2236 2922 2289 Christo
2945 2274 2958 2296 ,
3015 2242 3068 2286 et
3101 2233 3278 2299 cuiuis
3314 2233 3505 2288 inobe-

1915 2333 2120 2388 dientia
2155 2331 2439 2401 aequaliter
2489 2332 2747 2399 punitur,
2793 2329 2865 2381 ibi
2923 2326 3060 2380 nihil
3108 2332 3359 2394 superest
3392 2341 3500 2379 non

1915 2426 2275 2489 destructum,
2309 2423 2444 2478 nihil
2477 2423 2773 2478 remittitur
2802 2435 2908 2473 non
2954 2418 3244 2487 punitum,
3301 2416 3436 2470 nihil
3470 2432 3501 2469 a

1914 2518 2118 2576 Christi
2153 2517 2463 2572 obedientia
2515 2518 2797 2571 exclusum
2855 2512 3203 2581 relinquitur.
3235 2510 3498 2564 Commu-

1915 2629 2036 2666 nem
2068 2613 2213 2666 enim
2241 2620 2292 2665 et
2323 2610 2618 2663 maximam
2647 2608 2984 2675 impietatem
3013 2604 3065 2656 in
3097 2604 3280 2655 omnia
3311 2601 3500 2656 inobe-

1914 2701 2121 2755 dientia
2173 2701 2333 2754 sitam
2396 2714 2516 2754 esse
2572 2700 2854 2767 apostolus
2911 2694 3114 2748 Paulus
3163 2692 3498 2754 declaravit,

1914 2792 2000 2847 his
2033 2793 2254 2847 verbis:
2293 2791 2396 2854 Qui
2443 2791 2498 2843 in
2548 2790 2655 2860 lege
2700 2787 2984 2859 gloriaris.
3037 2800 3130 2852 per
3181 2784 3500 2852 pra'varica—

1917 2888 2109 2939 tionem
2143 2885 2266 2953 legis
2299 2882 2463 2935 Deum
2493 2880 2780 2934 inhonorus
2812 2881 2879 2934 ⁸⁸.
2921 2877 3025 2932 Sed
3059 2876 3306 2946 nunquid
3337 2875 3503 2931 verba

1914 2975 2030 3031 haec
2060 2986 2187 3030 sunt
2226 2974 2402 3029 solum
2435 2972 2553 3026 sine
2587 2972 2681 3025 re?
2709 2970 2848 3024 Ecce
2897 2970 3064 3039 igitur
3094 2969 3185 3038 qui
3221 2969 3273 3022 in
3302 2967 3502 3021 Corin-

1841 3093 1882 3148 ς
1917 3068 2010 3122 tho
2038 3081 2261 3121 uxorem
2293 3065 2464 3134 patris
2491 3064 2747 3128 habebat,
2782 3063 2872 3131 qui
2908 3078 3029 3116 cum
3052 3101 3066 3125 ,
3115 3061 3219 3115 hoc
3262 3076 3371 3113 uno
3404 3076 3502 3114 cx—

1917 3165 2096 3227 cepto,
2133 3157 2338 3210 nullius
2366 3155 2592 3207 alterius
2624 3153 2812 3222 ﬂagitii
2859 3152 3292 3213 insimularetur,
3319 3161 3500 3204 tamen

1917 3264 2023 3301 non
2055 3248 2232 3301 solum
2265 3248 2382 3315 ipse
2413 3245 2647 3298 traditur
2697 3241 2913 3296 Satanae
2960 3241 3027 3294 ad
3095 3241 3279 3296 carnis
3329 3240 3498 3294 inter-

1916 3344 2078 3404 itum,
2104 3341 2474 3411 donecdignis
2506 3339 2836 3408 pmuitenlia:
2867 3338 3132 3390 fructibus
3153 3334 3502 3389 emendasset

1914 3443 2199 3506 peccatum
2222 3474 2235 3496 ,
2277 3434 2371 3488 sed
2401 3433 2711 3486 universam
2751 3431 2906 3498 221
2950 3430 3111 3483 simul
3146 3428 3448 3481 Ecclesiam
3482 3467 3497 3488 ,

1915 3527 2057 3597 quod
2112 3527 2163 3580 id
2209 3527 2390 3579 scelus
2451 3525 2563 3576 ulta
2609 3539 2714 3575 non
2744 3530 2909 3584 esset,
2942 3520 3219 3574 consciam
3257 3517 3499 3587 ejusdem

1915 3619 2164 3672 criminis
2211 3617 2388 3670 cﬂ'ecit
2419 3616 2486 3670 ⁸⁷.
2546 3614 2686 3680 Quid
2738 3613 2941 3666 rultis?
3001 3611 3062 3665 In
3106 3611 3252 3679 virga
3296 3609 3500 3663 veniam

1916 3711 1984 3765 ad
2013 3728 2100 3765 vos
2144 3711 2229 3763 ⁸⁸⁸2
2275 3708 2339 3762 Ει
2385 3708 2544 3779 paulo
2579 3716 2742 3776 post:
2799 3704 2863 3756 Et
2904 3721 2990 3758 vos
3032 3703 3208 3772 inﬂati
3258 3703 3406 3764 estis,
3447 3708 3500 3755 et

1917 3822 2021 3859 non
2057 3803 2228 3874 magis
2281 3803 2483 3856 luctum
2523 3799 2782 3853 habuistis
2807 3837 2821 3861 ,
2850 3809 2908 3849 ut
2962 3797 3181 3849 tollatur
3223 3793 3286 3848 de
3328 3793 3498 3846 medio

1917 3908 2145 3953 vestrum
2184 3897 2273 3967 qui
2302 3896 2398 3949 hoc
2427 3910 2557 3963 opus
2609 3893 2729 3963 fecit
2759 3893 2824 3946 ⁸³.
2873 3890 3012 3956 Quid
3065 3904 3197 3942 vero
3254 3885 3498 3942 Anauias

1918 3991 2028 4052 ille,
2055 3989 2213 4060 cujus
2247 3988 2450 4043 mentio
2478 3994 2564 4042 est
2611 3987 2666 4040 in
2709 3985 2860 4040 Actis
2893 3985 2978 4037 7°?
3016 3981 3300 4048 Quodnam
3349 3978 3498 4033 aliud

1917 4081 2120 4134 malum
2158 4089 2503 4150 perpetrasse
2540 4079 2848 4144 invenitur,
2880 4086 3074 4146 praeter
3107 4074 3238 4128 illud
3274 4070 3500 4142 ipsum?

1918 4173 2022 4228 Ubi
2058 4175 2223 4244 igitur
2253 4182 2498 4242 apparet,
2531 4173 2706 4240 ipsum
2743 4173 2822 4224 ira
2853 4177 3003 4223 tanta
3039 4168 3264 4236 dignum
3293 4163 3501 4218 fuisse?

1917 4265 2222 4320 Divenditis
2264 4265 2379 4319 suis
2440 4263 2816 4325 facultatibus,
2857 4262 3037 4315 attulit
3068 4260 3346 4330 pecunias,
3375 4271 3502 4312 eas-

1918 4375 2024 4428 que
2050 4368 2175 4412 ante
2205 4357 2576 4428 apostolorum
2611 4355 2776 4426 pedes
2811 4354 3065 4424 deposuit
3095 4373 3108 4406 :
3153 4351 3248 4407 sed
3291 4361 3496 4411 tamen,

226 4448 512 4513 δικάζεται
532 4489 549 4514 ,
581 4448 700 4501 οὐδὲ
742 4450 870 4510 τοὺς
894 4449 1021 4520 περὶ
1055 4449 1154 4518 τῆς
1180 4449 1468 4517 μετανοίας
1493 4448 1684 4516 λόγους
1717 4450 1809 4501 ἐπὶ

1921 4453 2057 4521 quod
2088 4452 2326 4519 aliquam
2360 4450 2518 4518 pretii
2553 4456 2760 4518 partem
2809 4447 3167 4517 srposuisset,
3210 4452 3501 4515 propterea

227 4543 304 4615 τῷ
333 4545 695 4616 ἁμαρτήματι
723 4541 913 4613 μαθεῖν
957 4542 1333 4608 καταξιωθεὶς,
1369 4542 1428 4594 οὐ
1455 4542 1546 4595 τοῦ
1578 4559 1815 4594 κατανυ-

227 4637 393 4705 γῆναι
451 4634 585 4704 γοῦν
636 4634 729 4686 ἐπὶ
773 4634 946 4704 τούτῳ
995 4633 1184 4706 καιρὸν
1239 4634 1435 4705 εὑρὼν,
1475 4636 1536 4687 οὑ
1573 4635 1665 4687 τοῦ
1713 4652 1811 4705 με-

229 4729 490 4798 τανοῆσαι
513 4726 855 4798 προθεσμίαν
895 4726 1095 4779 λαϐὼν.
1141 4728 1198 4779 Ὁ
1243 4727 1301 4780 δὲ
1332 4727 1425 4780 τοῦ
1448 4727 1688 4780 τοιούτου
1720 4730 1812 4781 καὶ

229 4819 550 4888 τηλικούτου
576 4818 843 4889 κρίματος
884 4817 1183 4889 ὑπηρέτης,
1213 4819 1240 4869 6
1278 4818 1380 4886 τῆς
1423 4818 1688 4888 τοσαύτης
1716 4819 1809 4872 τοῦ

866 4972 910 5003 ⁸³
951 4971 1080 5026 ibid.
1116 4972 1169 5025 6.
1245 4972 1291 5002 “
1332 4972 1463 5027 ibid.

1075 5044 1122 5074 τ’
1159 5042 1281 5098 Act.
1321 5058 1374 5106 ν,
1412 5043 1569 5097 1-11.

299 4975 346 5005 ⁶²
387 4973 431 5026 ll
465 4972 593 5026 Cor.
633 4987 663 5024 ς
689 5012 700 5028 .
737 4972 788 5026 5.

227 5059 312 5112 tv,
349 5045 440 5098 9.1.
522 5044 566 5076 "
606 5045 625 5098 ι
658 5044 789 5099 Cor.
820 5059 873 5106 ν,
907 5044 998 5097 2i.

309 5201 422 5269 (8i)
461 5198 594 5270 Reg.
629 5199 826 5252 tertius
857 5206 909 5251 et
943 5197 1112 5270 editio
1140 5195 1278 5252 Ven.
1319 5197 1374 5252 in
1417 5197 1663 5268 margine
1692 5196 1818 5260 ἄξια

228 5273 455 5329 τιθεῖσα.
491 5269 658 5325 sensu
692 5287 800 5322 non
834 5269 1110 5323 dissimili.

299 5344 412 5411 (83)
442 5343 600 5407 Quod
631 5340 708 5394 ait
748 5339 1003 5401 Basilius,
1042 5338 1466 5411 inohedientiam
1500 5352 1717 5411 omnem
1745 5351 1808 5390 ex

229 5407 613 5485 :equo'plccti,
642 5417 775 5485 'Anon
824 5411 898 5485 _i:a
950 5410 1360 5485 intelligendum
1409 5415 1514 5485 est,
1563 5418 1623 5461 ut
1667 5407 1807 5461 idem

232 5479 388 5554 plane
422 5479 871 5554 suppliciutnde
909 5482 1055 5554 omni
1097 5479 1466 5554 inobcdientia
1514 5487 1806 5554 sumatur:

232 5549 324 5609 sed
355 5555 458 5617 sic,
498 5549 561 5606 ut
592 5551 965 5606 inobedientia
1005 5553 1206 5615 omnis,
1248 5552 1395 5605 nulla
1423 5556 1668 5616 excepta,
1695 5549 1810 5616 ple-

234 5623 685 5690 ctatur;etiamsi
719 5623 847 5684 alia,
873 5622 1076 5691 peccati
1106 5623 1287 5678 habita
1317 5622 1549 5684 ratione,
1575 5627 1666 5673 aut
1690 5633 1808 5689 gra-

235 5697 351 5752 vius
375 5695 657 5762 multetur,
691 5702 782 5748 aut
812 5693 1004 5748 levius.

1543 4973 1588 5003 ⁸⁵
1629 4971 1787 5028 Rom.
1830 4991 1881 5037 ι,

1917 4544 2105 4598 eadem
2136 4544 2269 4596 hora
2301 4558 2408 4596 una
2447 4558 2570 4595 eum
2631 4558 2798 4594 uxore
2837 4549 3012 4594 morte
3070 4537 3328 4608 plectitur
3357 4576 3372 4595 ,
3430 4552 3499 4589 ne

1917 4636 2113 4704 dignus
2148 4636 2366 4705 quidem
2393 4635 2612 4688 habitus
2641 4635 2732 4703 qui
2757 4633 2824 4687 de
2855 4631 3060 4702 agenda
3095 4631 3164 4684 ob
3195 4628 3496 4683 admissum

1919 4738 2200 4795 peccatum
2235 4730 2555 4798 paruitentia
2593 4728 2891 4796 quidquam
2937 4724 3182 4786 audiret,
3242 4735 3351 4773 non
3402 4718 3494 4786 qui

1919 4822 2110 4874 saltem
2136 4821 2407 4875 obtineret
2438 4829 2687 4889 tempus,
2721 4833 2832 4888 quo
2867 4818 2938 4870 ob
2979 4815 3160 4870 scelus
3207 4808 3496 4880 compungi

1917 4974 2006 5028 32.
2085 4975 2128 5006 “
2167 4973 2329 5030 Rom.
2367 4992 2442 5041 ιι,
2479 4975 2531 5028 2.
2612 4976 2653 5004 ⁸⁷
2697 4974 2713 5028 l
2747 4974 2873 5029 Cor.
2907 4988 2963 5030 γ,
3000 4970 3114 5024 1-5.
3200 4967 3246 4998 ⁸³
3285 4967 3303 5020 1
3335 4965 3464 5021 Cor.

2001 5195 2109 5262 (85)
2147 5195 2328 5251 Ediiio
2359 5194 2534 5250 Paris.
2565 5193 2701 5248 ἀλλὰ
2733 5193 2825 5246 καὶ
2855 5193 3004 5246 πᾶσα
3031 5191 3165 5262 ἁμοῦ
3195 5194 3225 5262 ἡ
3271 5191 3496 5263 Ἐκκλη-

1927 5267 2036 5329 σία,
2065 5275 2341 5336 corrupte.
2378 5266 2557 5319 Edilio
2589 5264 2724 5320 Ven.
2750 5272 2804 5318 et
2827 5264 2999 5317 nostri
3033 5270 3145 5317 tres
3175 5279 3307 5317 mss.
3339 5265 3410 5316 ita
3439 5271 3496 5317 nt

1918 5339 2188 5392 edendum
2217 5337 2549 5392 curavimus.

1913 5478 1945 5531 d
1989 5410 2102 5492 (8-3)
2141 5410 2270 5478 lteg.
2304 5408 2516 5477 primus
2546 5405 2646 5459 ποῦ
2680 5405 2774 5460 νῦν
2807 5403 3091 5474 τοσαύτης.
3125 5401 3258 5471 Reg.
3298 5418 3496 5458 secun-

1954 5496 2016 5531 us
2051 5497 2204 5530 σπου.

1954 5496 2016 5533 US
2051 5497 2204 5530 οπου.

1985 5550 2095 5618 (85)
2135 5550 2223 5603 Sic
2263 5563 2394 5602 mss.
2435 5549 2627 5604 nostri.
2661 5546 2840 5604 Editio
2866 5543 3040 5599 Paris.
3077 5543 3170 5596 καὶ
3201 5541 3292 5597 ἐπὶ
3318 5543 3494 5616 τούτῳ

1912 5623 2040 5690 παρ’
2071 5619 2234 5689 αὐτὴν
2264 5619 2430 5692 ὦραν.
