3982 6240
477 268 576 325 επ

1838 262 1896 317 S.
1939 260 2184 317 BASlLH
2221 260 2436 315 MAGNI

3638 246 3764 314 ετξ

480 391 703 459 posset,
744 399 854 439 non
900 382 996 454 qui
1040 383 1372 454 praﬂnitum
1412 380 1652 452 spatium
1684 344 1960 449 acciperet
1991 378 2059 433 ad

2175 377 2299 431 Bsoii
2350 376 2524 449 ὀργῆς
2548 378 2640 431 ἐπὶ
2678 377 2771 432 τὸν
2815 378 3176 450 ἡμαρτηκότα
3210 376 3474 440 διάκονος,
3509 374 3540 428 ὁ
3569 373 3743 445 μακάι

479 475 745 548 agendam
774 476 1173 547 paenitentiam.
1216 472 1395 530 Porro
1421 473 1546 528 talis
1580 487 1643 526 ac
1677 473 1814 526 tanti
1863 473 2061 541 judieii

478 573 736 629 exactor,
785 573 1063 635 tantaeque
1093 563 1186 620 Dei
1224 564 1277 618 in
1321 570 1637 634 peccantem
1672 562 1767 616 ira:
1811 562 2066 617 minister

482 659 678 713 beatus
731 657 821 713 ille
878 655 1099 720 Petrus,
1131 655 1389 712 omnibus
1421 655 1713 726 discipulis
1764 654 2061 725 praelatus,

481 750 570 804 eui
616 749 718 806 soli
750 749 959 819 majora
1008 748 1136 803 data
1166 764 1331 819 quam
1377 748 1501 804 aliis
1533 758 1663 802 sunt
1712 747 2062 809 testimonia,

481 840 576 911 qui
609 840 940 910 praedicatus
965 847 1050 895 est
1079 840 1304 904 beatus,
1348 839 1437 892 cui
1478 839 1663 893 claves
1703 838 1859 909 regni
1890 839 2064 893 ccelo-

481 948 604 987 rum
636 933 964 987 concreditae
993 940 1141 996 sunt,
1172 946 1295 986 cum
1320 930 1473 986 audit
1509 945 1538 982 a
1569 929 1800 984 Domino
1827 948 1840 984 :
1868 927 1928 984 Si
1960 946 2066 983 non

483 1024 660 1079 lavero
693 1031 760 1091 te,
800 1041 897 1078 non
934 1024 1088 1079 habes
1120 1034 1324 1093 partem
1355 1038 1555 1077 mecum
1594 1022 1637 1053 "
1658 1062 1675 1089 ,
1720 1022 1882 1092 quale
1931 1036 2063 1086 cor,

482 1132 689 1187 quaso,
727 1124 781 1172 et
811 1116 1168 1186 quantumvis
1221 1115 1492 1187 lapideum
1539 1112 1608 1169 ad
1658 1122 1863 1169 metum
1898 1113 2065 1168 timo-

485 1223 712 1279 remque
750 1208 1088 1278 judiciorum
1138 1207 1234 1262 Dei
1294 1222 1402 1261 non
1458 1206 1712 1262 inducet?
1762 1204 2064 1275 praesertim

484 1315 609 1355 cum
643 1300 850 1357 nullius
889 1298 1078 1370 ﬂagitii
1109 1337 1127 1363 ,
1179 1299 1455 1355 nulliusve
1484 1306 1830 1368 contemptus
1858 1297 2067 1369 signiﬁ-

483 1392 757 1447 cationem
792 1391 957 1445 ullam
980 1389 1245 1454 dedisset,
1275 1391 1385 1445 imo
1415 1391 1598 1456 potius
1615 1389 1834 1461 egregio
1856 1389 2066 1443 honore

482 1481 776 1537 Dominum
804 1480 1076 1537 ali‘ecisset
1106 1498 1299 1550 suum:
1347 1481 1711 1553 eumdemque
1739 1490 1890 1539 esset
1910 1496 2065 1536 reve—

484 1573 627 1629 ritus
657 1574 753 1637 ita,
786 1582 846 1628 ut
885 1590 1106 1630 servum
1161 1588 1227 1630 ac
1259 1573 1590 1645 discipulum
1639 1574 1888 1631 decebat.
1928 1573 2067 1627 Cum

481 1664 631 1719 enim
672 1663 902 1720 vidisset
950 1680 1111 1722 suum
1142 1671 1197 1720 et
1233 1665 1616 1720 universorum
1649 1662 1817 1718 Deum
1848 1676 1912 1716 ac
1960 1660 2066 1717 Do-

482 1754 716 1823 minum,
737 1767 791 1811 et
824 1771 1026 1827 regem,
1057 1766 1111 1811 et
1138 1756 1356 1820 herum,
1382 1763 1435 1811 et
1465 1756 1808 1824 magistrum,
1854 1762 1909 1808 et
1935 1750 2063 1808 Ser-

482 1854 750 1911 vatorem,
771 1846 1045 1917 simulque
1065 1848 1281 1911 omnia,
1321 1847 1375 1901 in
1408 1845 1646 1901 ministri
1671 1845 1860 1900 habitu
1894 1845 2066 1901 linteo

484 1937 725 1993 cinctum
747 1978 760 2001 ,
795 1945 850 1994 et
874 1939 1041 2012 pedes
1071 1939 1244 2008 ipsius
1275 1939 1457 1993 lavare
1487 1939 1783 2003 volentem,
1818 1952 1945 1992 mox
1973 1937 2063 1991 in-

485 2031 768 2102 dignitatis
788 2038 922 2089 ‘sua:
958 2033 1115 2104 quasi
1164 2034 1440 2093 eo:.scius,
1469 2039 1524 2087 et
1551 2031 1620 2086 ob
1640 2029 1954 2085 accedentis
1984 2028 2069 2083 di-

486 2121 749 2191 gnitatem
778 2124 1072 2188 attonitus,
1113 2122 1439 2177 exclamavit
1470 2139 1484 2176 :
1546 2120 1804 2185 Domine,
1845 2129 1903 2174 tu
1940 2119 2069 2173 mihi

488 2214 636 2268 lavas
678 2214 832 2283 pedes
853 2215 940 2269 7’?
988 2215 1056 2268 Et
1090 2214 1329 2269 iterum:
1377 2212 1499 2267 Non
1555 2212 1757 2267 larabis
1802 2212 1932 2267 mihi
1980 2227 2069 2282 pe-

485 2307 578 2361 des
613 2306 668 2360 in
702 2318 965 2362 aeternum
998 2306 1067 2360 ⁷³.
1120 2305 1233 2361 Hac
1285 2304 1354 2362 de
1401 2320 1569 2362 causa
1616 2313 1779 2360 tanta:
1807 2306 1854 2360 ei
1887 2305 2067 2360 inten-

487 2400 693 2452 duntur
722 2398 904 2463 minaa,
932 2404 1017 2464 ut,
1051 2400 1157 2455 nisi
1190 2414 1387 2455 rursus
1409 2397 1628 2468 cognita
1646 2396 1939 2451 verborum
1960 2393 2070 2449 Do-

485 2489 622 2544 mini
654 2491 917 2556 veritate,
961 2490 1460 2546 contradictionem
1511 2490 1653 2544 lianc
1687 2503 1784 2558 per
1806 2487 2070 2542 obedien-

485 2582 617 2636 tiam
649 2584 1020 2649 correxisset,
1054 2599 1166 2639 non
1214 2583 1335 2654 ejus
1365 2589 1514 2638 recte
1560 2580 1705 2635 facta
1752 2578 2026 2650 praeterita
2050 2620 2066 2645 ,

487 2689 601 2728 non
634 2675 868 2730 virtutes
918 2675 1119 2745 quibus
1177 2674 1441 2746 praeditus
1495 2679 1660 2736 erat,
1709 2685 1818 2726 non
1852 2669 2068 2725 Domini

487 2764 807 2821 testimonia
833 2765 1052 2820 beatum
1081 2780 1205 2820 eum
1238 2778 1304 2819 ac
1327 2764 1663 2819 fortunatum
1690 2762 2068 2833 praedicantia,

488 2870 600 2912 non
622 2854 790 2922 dona,
815 2871 935 2911 non
965 2856 1260 2926 promissa,
1294 2872 1472 2929 neque
1499 2856 1619 2927 ipsa
1654 2856 1915 2912 revelatio
1947 2856 2068 2927 ejus

488 2946 882 3006 benevolentiae
921 2948 1049 3002 talis
1082 2962 1146 3002 ac
1191 2956 1385 3015 tantae,
1433 2963 1599 3019 quam
1633 2947 1689 3003 in
1725 2948 2068 3017 unigenitum

489 3035 691 3091 Filium
721 3034 869 3092 Deus
899 3044 953 3093 et
978 3035 1142 3092 Pater
1175 3038 1431 3105 habebat,
1462 3038 1606 3094 hanc
1642 3038 2067 3095 inobedientiam
2086 3059 2141 3116 ,ο

490 3127 1005 3200 contumaciamque
1026 3143 1223 3185 sanare
1261 3130 1548 3201 potuisset.

560 3216 615 3272 8.
656 3217 761 3275 Sed
796 3220 844 3274 si
869 3220 1054 3275 omnia
1087 3237 1377 3279 recensere
1408 3224 1535 3279 volo
1572 3237 1696 3294 quae
1723 3222 1778 3276 in
1804 3220 1987 3278 Veteri
2010 3236 2075 3276 ac

491 3307 646 3365 Novo
668 3309 1024 3368 Testamento
1050 3313 1363 3380 nanciscor,
1389 3314 1624 3371 fortasse
1652 3320 1969 3369 narrantem
1990 3328 2077 3369 me

490 3407 710 3473 tempus
739 3402 974 3459 deﬁciet.
1011 3401 1132 3459 Jam
1166 3421 1295 3460 vero
1324 3421 1450 3462 cum
1484 3414 1541 3462 et
1570 3406 1638 3461 ad
1682 3405 1830 3476 ipsas
1863 3404 2076 3461 Domini

493 3494 673 3550 nostri
709 3491 840 3551 Jc‘Su
867 3494 1101 3563 Christi,
1146 3514 1268 3569 quae
1297 3499 1354 3554 in
1386 3497 1686 3570 Evangelio
1725 3506 1877 3563 sunt,
1914 3514 2077 3555 voces

492 3585 748 3654 devenio,
770 3594 826 3642 et
849 3586 1022 3659 ipsius
1051 3588 1201 3646 illius
1226 3591 1320 3662 qui
1346 3590 1700 3662 judicaturus
1727 3597 1813 3645 est
1850 3590 2006 3645 vivos
2022 3597 2079 3646 et

495 3687 767 3745 mortuos,
809 3679 976 3736 verba
1017 3680 1261 3748 attendo,
1311 3683 1514 3754 quibus
1552 3681 1730 3751 major
1781 3681 2079 3736 auctoritas

494 3770 761 3830 tribuitur
792 3786 825 3826 a
870 3771 1145 3839 ﬁdelibus,
1186 3790 1348 3844 quam
1381 3774 1557 3830 cuivis
1576 3774 1844 3840 historiae,
1876 3774 2078 3829 autalii

494 3861 675 3918 cuivis
725 3871 1072 3935 argumento,
1117 3881 1368 3937 magnam
1412 3867 1630 3936 quidem
1668 3868 1723 3923 in
1756 3869 1858 3935 eis,
1902 3876 1963 3922 ut
2007 3869 2079 3922 ita

495 3949 703 4018 dicam,
734 3955 1124 4010 necessitatem
1154 3955 1375 4011 intueor
1412 3954 1522 4012 Deo
1557 3957 1615 4011 in
1657 3958 1912 4013 omnibus
1949 3957 2080 4012 obe-

494 4042 686 4100 diendi
725 4061 738 4099 :
767 4044 866 4099 sed
892 4046 1098 4100 nullam
1136 4046 1382 4110 omnino,
1419 4047 1566 4118 quod
1600 4047 1669 4103 ad
1711 4055 1977 4118 praecepta
2005 4055 2079 4102 at-

499 4136 662 4201 tinet,
692 4136 907 4192 veniam
939 4138 1101 4209 222
1131 4137 1365 4209 relinqui
1404 4140 1618 4210 reperio
1661 4156 1769 4194 non
1803 4139 2078 4211 paeniten-

500 4221 651 4278 tibus
673 4221 740 4277 ad
758 4223 1180 4280 inobedientiam
1207 4227 1555 4297 expiandam,
1578 4229 1685 4284 nisi
1721 4229 1768 4285 si
1783 4229 1914 4300 quid
1929 4229 2080 4283 aliud

2168 487 2282 543 ριος
2316 470 2543 541 Πέτρος,
2576 471 2606 524 ὁ
2643 471 2862 525 πάντων
2915 471 3017 542 μὲν
3068 469 3178 524 τῶν
3215 467 3471 539 μαθητῶν
3511 481 3743 538 προκρι-

2165 563 2298 626 θεὶς,
2361 564 2521 632 μόνος
2558 561 2616 615 δὲ
2663 561 2847 615 πλεῖον
2886 563 2995 617 τῶν
3029 562 3204 616 ἄλλων
3250 557 3626 632 μαρτυρηθεὶς
3656 559 3737 610 κα“

2168 654 2548 726 μακαρισθεὶς,
2570 655 2598 706 ὁ
2630 653 2728 718 τὰς
2752 653 2901 718 κλεῖς
2927 654 3026 724 τῆς
3056 652 3332 723 βασιλείας
3363 650 3474 704 τῶν
3500 650 3745 722 οὐρανῶν

2166 748 2498 811 πιστευθεὶς,
2529 749 2656 801 ὅταν
2685 746 2861 820 ἀκούῃ
2888 744 3000 816 (86)
3037 745 3187 819 παρὰ
3206 744 3300 799 τοῦ
3326 744 3558 816 Κυρίου,
3614 741 3746 795 Ἐὰν

2159 840 2245 909 μὴ
2283 842 2440 908 νίψω
2460 856 2553 906 σε,
2582 841 2695 895 οὐκ
2722 839 2884 910 ἔχεις
2895 839 3079 910 μέρος
3087 839 3213 909 μετ’
3250 838 3416 908 ἐμοῦ,
3448 836 3618 891 ποίαν
3642 834 3745 907 ἄρα

2166 934 2260 988 καὶ
2291 933 2389 1006 τὴν
2417 931 2666 988 ὁπωσοῦν
2687 933 2897 1004 λιθίνην
2921 932 3147 1005 καρδίαν
3172 933 3237 985 οὐ
3267 930 3583 1000 δυσωπήσει
3610 928 3745 998 πρὸς

2166 1027 2331 1096 φόϐον
2361 1028 2457 1081 καὶ
2469 1026 2670 1098 τρόμον
2693 1025 2804 1096 τῶν
2826 1025 2920 1079 τοῦ
2941 1024 3076 1079 Θεοῦ
3113 1024 3426 1097 κριμάτων;
3456 1022 3555 1076 καὶ
3573 1019 3747 1074 ταῦτα

2170 1119 2271 1190 μὲν
2301 1119 2558 1190 οὐδεμιᾶς
2584 1118 2881 1191 ἁμαρτίας,
2902 1117 3159 1187 οὐδεμιᾶς
3181 1115 3237 1169 δὲ
3277 1113 3745 1184 καταφρονήσεως

2166 1210 2406 1282 ἔμφασιν
2442 1212 2588 1274 δοὺς,
2615 1213 2748 1282 τιμῇ
2772 1208 3048 1280 δὲμᾶλλον
3073 1211 3140 1280 τῇ
3169 1208 3298 1280 περὶ
3327 1207 3423 1261 τὸν
3462 1204 3747 1276 Δεσπότην

2167 1303 2583 1376 ὑπερϐαλλούσῃ
2642 1303 3024 1375 χρησάμενος,
3074 1302 3168 1354 καὶ
3208 1301 3307 1371 τὴν
3355 1299 3746 1370 προσήκουσαν

2165 1397 2336 1468 δούλῳ
2380 1398 2475 1451 καὶ
2522 1395 2738 1467 μαθητῇ
2789 1395 3076 1450 εὐλάϐειαν
3112 1391 3542 1463 ἐπιδειξάμενος.
3597 1386 3747 1443 ἰδιῖιν

2166 1487 2276 1559 γὰρ
2314 1488 2407 1541 τὸν
2464 1485 2662 1541 ἑαυτοῦ
2697 1487 2793 1541 καὶ
2832 1487 3049 1541 πάντων
3081 1485 3214 1539 θεὸν
3254 1484 3347 1538 καὶ
3385 1484 3615 1554 Κύριον,
3651 1481 3747 1533 καὶ

2170 1578 2414 1650 βασιλέα,
2443 1579 2538 1632 καὶ
2564 1577 2864 1649 Δεσπότην,
2897 1578 2993 1631 κα).
3015 1574 3352 1639 διδάσκαλον,
3370 1573 3462 1627 καὶ
3489 1573 3743 1642 Σωτῆρα,

2169 1671 2264 1725 καὶ
2286 1670 2418 1742 ὁμοῦ
2438 1669 2507 1724 τά
2558 1670 2757 1731 πάντα.
2797 1672 2856 1723 ὲν
2892 1668 3166 1740 ὑπηρέτου
3205 1667 3443 1738 σχήματι
3472 1662 3747 1728 διαζωσά-

2171 1779 2332 1834 μενον
2359 1762 2583 1824 λέντιον,
2610 1762 2705 1815 κα).
2733 1761 2945 1816 νίπτειν
2974 1761 3100 1824 τοὺς
3145 1760 3312 1823 πόδας
3341 1756 3506 1812 αὐτοῦ
3557 1755 3750 1827 βουλό-

2170 1871 2348 1926 μενον,
2376 1855 2560 1919 εὐθὺς,
2588 1854 2776 1926 ὥσπερ
2795 1856 2877 1918 εἰς
2901 1852 3251 1924 συναίσθησιν
3283 1850 3454 1906 ἐλθὼν
3478 1849 3580 1920 τῆς
3609 1848 3744 1913 ἰδίας

2166 1948 2534 2019 ἀναξιότητος,
2559 1949 2656 2002 κα).
2678 1947 2740 2002 τὸ
2755 1948 2972 2019 ἀξίωμα
2995 1947 3089 2001 τοῦ
3103 1944 3544 2018 προσερχομένου
3570 1959 3747 1997 κατα-

2167 2040 2414 2108 πλαγεὶς,
2433 2039 2688 2111 ὲξεὸόησε
2712 2039 2822 2112 (87)
2845 2054 2857 2065 '
2882 2039 3078 2107 Κύριε,
3101 2038 3183 2094 σύ
3202 2055 3322 2107 μου
3344 2036 3577 2101 νίπτεις
3601 2033 3749 2099 τοὺς

2166 2132 2355 2200 πόδας
2380 2149 2398 2197 ;
2419 2132 2515 2187 καὶ
2542 2133 2703 2187 πάλιν
2723 2150 2736 2164 ·
2774 2135 2857 2187 Οὐ
2885 2132 2971 2201 μὴ
2999 2132 3190 2200 νίψῃς
3218 2118 3362 2197 τοὺς
3397 2129 3588 2195 πόδας
3622 2145 3748 2197 μου

2167 2224 2254 2289 είς
2274 2224 2378 2277 τὸν
2392 2222 2597 2280 αιῶνα.
2645 2224 2768 2279 Ἐπὶ
2796 2223 2972 2294 τούτῳ
3011 2224 3110 2295 τὴν
3141 2223 3406 2292 τοσαύτην
3444 2220 3747 2290 εἰσδέχεται
3778 2238 3781 2239 ⁷

2167 2316 2418 2388 ἀπειλὴν,
2441 2317 2519 2382 ὡς
2546 2318 2596 2371 εί
2638 2318 2713 2390 μὴ
2743 2318 2902 2373 πάλιν
2923 2316 3080 2382 εἰδὼς
3103 2316 3202 2387 τὴν
3229 2314 3488 2384 ἀλήθειαν
3515 2314 3626 2367 τῶν
3649 2316 3751 2385 ρη-

2171 2410 2355 2482 μάτων
2384 2409 2482 2464 τοῦ
2532 2410 2762 2481 Κυρίου,
2795 2409 2996 2479 ἔφθασε
3036 2412 3101 2481 τῇ
3132 2408 3345 2479 ὑπακοῇ
3373 2405 3751 2477 διορθωσάμε-

2166 2521 2255 2568 νος
2269 2503 2368 2574 τὴν
2392 2502 2723 2571 ἀντιλογίαν,
2751 2502 2902 2557 οὐδὲν
2926 2502 2992 2556 ἂν
3021 2500 3171 2571 αὐτῷ
3207 2501 3314 2554 τῶν
3337 2497 3746 2571 προλαϐόντων,

2166 2596 2227 2648 οὐ
2248 2594 2356 2649 τῶν
2381 2595 2527 2649 ἰδίων
2549 2593 3009 2666 κατορθωμάτων,
3029 2593 3089 2647 οὐ
3112 2592 3219 2647 τῶν
3248 2591 3400 2663 παρᾶ
3421 2590 3749 2665 τοῦ-Κυτῑιὲυ

2170 2687 2538 2761 μακαρισμῶν
2579 2706 2638 2742 τε
2694 2688 2788 2742 καὶ
2819 2686 3036 2758 δωρεῶν
3075 2668 3579 2757 καὶ-ὲπαγγελιῖὒν,
3624 2686 3751 2740 οὐδὲ

2166 2779 2305 2849 αὐτὴ
2335 2781 2369 2850 ὴ
2417 2777 2513 2832 τοῦ
2565 2778 2702 2833 Θεοῦ
2734 2778 2845 2850 (88)
2866 2779 2960 2834 καὶ
2985 2779 3200 2849 Πατρδς
3225 2778 3326 2847 τῆς
3358 2777 3615 2847 τοιαύτης
3652 2777 3751 2831 καὶ

2166 2869 2435 2943 τοσαύτης
2466 2871 2547 2934 είς
2568 2870 2659 2924 τὸν
2683 2871 2945 2942 μονογενῆ
2971 2870 3099 2924 Υἰδν
3114 2870 3363 2934 εὐδοκίας
3400 2868 3749 2938 ἀποκάλυψις

2167 2963 2370 3034 ἤρκεσε
2423 2962 2932 3035 παραμυθήσασθαι
2982 2961 3083 3035 τὴν
3108 2961 3391 3035 παροῦσαν
3435 2960 3746 3016 ἀπείθειαν.

2245 3226 2300 3282 8.
2345 3224 2505 3279 Ἀλλά
2528 3223 2700 3279 ταῦτα
2738 3224 2835 3295 μὲν
2867 3222 2963 3277 εὰν
2988 3222 3125 3277 θέλω
3153 3221 3500 3290 καταλέγειν,
3532 3222 3635 3277 ὅσα
3659 3222 3758 3277 εὐ-

2179 3319 2352 3391 ρίσκω
2382 3317 2445 3371 ἐκ
2477 3334 2538 3370 τε
2580 3315 2823 3378 Παλαιᾶς
2847 3314 2944 3369 καὶ
2970 3314 3180 3385 Καινῆς
3210 3313 3505 3384 Διαθήκης,
3549 3312 3758 3366 ἐπιλεί-

2175 3409 2267 3480 ψει
2305 3426 2373 3479 με
2405 3410 2548 3480 τάχα
2574 3406 2929 3478 διηγούμενον
2957 3409 2987 3462 ὁ
3024 3406 3234 3477 χρόνος.
3259 3405 3398 3475 Ἤδη
3427 3405 3487 3459 δὲ
3535 3406 3631 3459 καί
3662 3406 3755 3457 ἐπ’

2176 3500 2348 3565 αὐτὰς
2386 3502 2514 3555 ὅταν
2543 3500 2683 3554 ἔλθω
2709 3498 2809 3563 τὰς
2836 3498 2931 3553 τοῦ
2967 3497 3174 3571 Κυρίου
3208 3497 3369 3569 ἡμῶν
3401 3494 3577 3568 ’1ησοῦ
3615 3497 3760 3567 Χρι-

2180 3593 2306 3649 στοῦ
2330 3594 2386 3649 ὲν
2414 3592 2493 3664 τῷ
2524 3592 2842 3663 Εὐαγγελίῳ
2870 3590 3073 3660 φωνὰς,
3121 3588 3285 3645 αὐτοῦ
3319 3589 3414 3643 τοῦ
3465 3589 3759 3660 μέλλοντος

2178 3683 2383 3756 κρίνειν
2426 3682 2635 3747 ζῶντας
2691 3683 2786 3736 καὶ
2819 3681 3048 3751 νεκροὺς
3097 3679 3168 3735 τὰ
3200 3683 3419 3753 ῥήματα
3441 3721 3457 3744 ,
3488 3680 3525 3735 ἃ
3571 3680 3757 3751 πάσης

2183 3773 2281 3844 μὲν
2312 3772 2570 3844 ἱστορίας,
2608 3772 2790 3842 πάσης
2810 3771 2870 3825 δὲ
2902 3770 3071 3842 ἄλλης
3102 3769 3432 3834 ἀποδείξεως
3464 3769 3620 3841 παρὰ
3642 3773 3761 3834 τοῖς

2181 3866 2392 3928 πιστοῖς
2429 3862 2868 3931 ἀξιοπιστότερα,
2898 3861 3100 3933 πολλὴν
3138 3861 3235 3932 μὲν
3275 3861 3335 3914 ὲν
3364 3860 3549 3923 αὐτοῖς
3584 3877 3758 3915 κατα⁹

2184 3955 2437 4029 μανθάνω
2486 3956 2588 4025 τῆς
2633 3956 2690 4008 ὲν
2730 3955 2866 4009 πᾶσι
2914 3952 3053 4025 πρὸς
3090 3953 3224 4007 Θεὸν
3266 3951 3616 4016 εὐπειθείας,
3670 3953 3762 4005 ἶνα

2181 4046 2354 4112 οὕτως
2378 4045 2538 4111 εἴπω,
2566 4045 2812 4116 ἀνάγκην
2833 4063 2847 4077 ·
2884 4044 3141 4116 οὐδεμίαν
3169 4044 3227 4098 δὲ
3258 4043 3415 4107 ὅλως,
3462 4044 3549 4098 ἐπ’
3581 4043 3763 4097 οὐδενὶ

2183 4135 2599 4208 προστάγματι,
2650 4134 3122 4206 καταλειπομένην
3164 4133 3277 4205 (89)
3315 4136 3430 4197 τοῖς
3479 4133 3557 4205 μὴ
3593 4150 3763 4203 μετα-

2181 4227 2363 4281 νοοῦσι
2403 4228 2501 4298 τῆς
2548 4227 2831 4291 ἀπειθείας
2876 4225 3237 4297 συγγνώμην,
3270 4225 3320 4278 εί
3346 4226 3420 4296 μή
3474 4241 3528 4277 τι
3572 4224 3761 4295 ἕτερον

504 4321 698 4369 contra
729 4321 840 4370 tam
858 4327 1074 4386 apertas
1091 4318 1380 4390 clarasque
1402 4327 1456 4374 et
1481 4320 1764 4376 absolutas
1780 4321 2072 4376 sententias

2184 4321 2300 4373 ἐστι
2328 4319 2615 4391 τολμῆσαι,
2648 4320 2742 4374 καὶ
2768 4319 2961 4390 μέχρις
2988 4318 3195 4381 ἑννοίας
3216 4316 3422 4379 λαὸεἵν,
3458 4316 3598 4391 πρὸς
3618 4315 3762 4370 οὕτω

504 4403 816 4461 audendum
845 4407 938 4475 sit,
968 4416 1057 4463 aut
1096 4409 1183 4464 vel
1214 4412 1331 4481 ipsa
1369 4413 1534 4467 etiam
1562 4413 1894 4484 cogitatione
1927 4428 2072 4468 com-

2187 4410 2420 4481 γυμνὰς,
2447 4412 2637 4479 σαφεῖς
2667 4426 2726 4463 τε
2752 4410 2847 4463 καὶ
2876 4408 3175 4470 ἀπολύτους
3204 4406 3508 4475 ἀποφάσεις
3527 4423 3541 4435 σ
3570 4406 3635 4459 Ὀ
3661 4407 3761 4460 οὐδ

504 4496 927 4554 miniscendum.
970 4497 1194 4566 Caelum,
1230 4502 1427 4574 inquit,
1484 4512 1533 4557 et
1570 4514 1712 4560 terra
1762 4505 2077 4570 transibunt,

575 4654 620 4689 "
659 4652 813 4710 Joan.
848 4671 983 4723 xm,
1013 4656 1067 4714 8.
1142 4660 1188 4691 "
1226 4657 1365 4713 ibid.
1396 4658 1451 4715 6.
1525 4659 1572 4691 ’³
1615 4658 1744 4714 ibid.
1778 4659 1831 4714 8.

580 4812 694 4884 (86)
722 4810 948 4884 Veteres
967 4811 1079 4884 duo
1100 4812 1224 4867 libri
1251 4813 1377 4884 ὅταν
1397 4814 1627 4884 ἀκούσῃ.

582 4872 698 4956 (87)
726 4883 958 4956 Cottio-€33
987 4882 1098 4956 (1μο
1131 4883 1504 4952 καταπλαγεὶς
1538 4872 1751 4956 ἐϐόησε·
1791 4882 1910 4938 Μ⁰²
1942 4881 2076 4954 Reg'

508 4952 821 5026 primus_oi’i_
857 4952 931 5026 μὴ
951 4953 1157 5026 νίψεις.

583 5024 697 5095 (88)
727 5021 1127 5095 ΕιιίιὶυἈΡιιὲίε.
1158 5022 1277 5077 οὐδὲ
1321 5022 1456 5095 αὐτὴ
1497 5025 1530 5094 ἡ
1571 5025 1687 5095 τῇς
1712 5021 1883 5095 Θεοῦζ
1902 5023 2083 5095 Editio

512 5090 652 5150 Ven.
677 5090 742 5149 et
771 5093 943 5165 nostri
975 5100 1089 5150 tres
1116 5109 1247 5149 mss.
1285 5093 1423 5165 αὐτὴ
1446 5090 1636 5165 ’ήίτού
1651 5093 1817 5165 ᾓεούέ
1850 5090 2084 5165 Basilius

512 5174 694 5219 autem
723 5162 877 5233 credi
899 5171 1078 5233 potest
1110 5161 1422 5233 respexisse
1442 5161 1506 5216 ad
1530 5163 1620 5216 illa
1651 5161 1887 5233 Μοιριαεί
1921 5164 2084 5217 verba

513 5249 650 5296 xvn,
673 5234 707 5288 5
731 5251 748 5288 :
772 5232 874 5286 Hic
896 5230 976 5288 est
1002 5232 1173 5288 Filius
1195 5230 1338 5287 incus
1358 5234 1602 5291 dilectus.
1629 5243 1734 5287 etc.
1761 5230 1917 5285 Tunc
1939 5235 2083 5286 enim

515 5303 815 5358 declaravit
833 5303 973 5359 Deus
992 5304 1424 5359 benevolentiam
1446 5305 1500 5358 in
1528 5301 1875 5372 Unigenitum
1900 5318 2082 5355 suum.

586 5374 702 5445 (89)
736 5372 917 5427 Editio
953 5383 1279 5445 utraqueet
1324 5372 1457 5442 Reg.
1490 5371 1764 5445 secundus
1794 5371 1881 5445 ὲπῘ
1912 5372 2089 5445 οὐδενὶ

520 5440 809 5516 πράγματι
831 5440 1332 5516 καπαλειπομὲνην,
1361 5440 1453 5511 pro
1481 5442 1711 5516 quolibet
1742 5458 1815 5496 re.
1847 5441 1918 5495 At
1950 5440 2084 5516 Reg.

520 5513 735 5585 primus
758 5521 813 5568 et
838 5514 1030 5585 tertius
1050 5516 1138 5585 ἐπ’
1165 5514 1339 5585 οὐδενὶ
1360 5514 1761 5584 προστάγματι,
1793 5529 1887 5582 pro
1897 5513 2087 5585 quovis

521 5582 807 5655 praecepto.
858 5582 1160 5655 Fatendum
1212 5582 1453 5654 quidem,
1489 5582 1674 5638 vocem
1707 5583 2087 5655 προστάγματι

526 5653 974 5710 reconcinnatam
1004 5653 1177 5710 fuisse
1216 5653 1268 5709 et
1297 5661 1559 5709 resartam
1598 5654 1804 5709 recenti
1838 5668 2001 5707 manu
2031 5653 2085 5707 in

2179 4503 2367 4573 ραν-ὸς
2395 4502 2524 4575 γὰρ,
2561 4502 2716 4575 φησὶ,
2745 4501 2844 4555 καὶ
2877 4503 2915 4569 ή
2948 4499 3021 4572 γῆ
3063 4500 3563 4568 παρελεύσονται,
3606 4502 3659 4553 οὶ
3694 4497 3761 4551 δὲ

2186 4812 2318 4883 Reg.
2356 4811 2535 4881 primo
2567 4827 2587 4883 :_
2613 4808 2709 4863 sed
2741 4808 2823 4883 sic
2845 4814 3051 4869 tamen,
3079 4814 3139 4859 ut
3169 4804 3303 4883 satis
3333 4802 3546 4883 liqueat
3571 4818 3640 4858 ex
3673 4803 3749 4858 lit-

2184 4874 2426 4936 terarum
2451 4880 2650 4949 spatio,
2669 4877 2933 4948 scriplum
2956 4890 3175 4946 quoque
3198 4874 3368 4949 fuisse
3390 4874 3568 4949 prima
3594 4889 3759 4949 manu

2184 4952 2240 5006 in
2273 4952 2374 5005 hoc
2393 4942 2532 5004 libro
2553 4942 2956 5020 προστάγματι,
2975 4942 3101 5000 ἶιοιὶ
3112 4942 3430 5020 πράγματι.
3467 4942 3538 4999 Ut
3558 4954 3623 5020 _ut
3645 4946 3761 5020 lia‘c

2185 5034 2334 5083 sunt,
2371 5020 2571 5090 legitur
2601 5014 2970 5090 primalinanu
3001 5024 3056 5071 et
3082 5014 3201 5090 sine
3235 5016 3342 5068 ulla
3357 5014 3757 5090 emendationi
3796 5038 3801 5045 ο

2186 5092 2240 5145 in
2274 5091 2404 5159 Reg.
2425 5082 2700 5159 tertio-ser”
2725 5086 2903 5142 οὐδενὶ
2927 5085 3332 5159 προσ-τάγματι1
3354 5082 3461 5159 S_ed
3490 5090 3548 5136 ut
3578 5092 3795 5159 revera“

2188 5170 2272 5213 tar
2313 5153 2379 5216 ad
2423 5158 2553 5228 Reg.
2591 5160 2850 5228 primum,
2894 5153 3056 5226 quem
3097 5153 3758 5228 Coinbetlsius_contul_it,

2187 5231 2379 5285 vellem
2399 5239 2460 5284 ut
2480 5223 2566 5284 vir
2586 5223 2784 5284 doctus
2806 5223 3051 5281 notasset
3078 5225 3223 5294 quod
3247 5224 3451 5278 notavi.
3474 5223 3594 5277 Etsi
3617 5224 3759 5277 enim

2190 5299 2432 5363 secunda
2456 5301 2721 5355 duntaxat
2743 5312 2907 5352 manu
2940 5296 2992 5350 in
3019 5297 3120 5350 hoc
3147 5294 3287 5348 libro
3307 5294 3762 5364 legereturszpos-

2189 5370 2448 5440 τάγματι,
2485 5369 2538 5440 id
2563 5366 3021 5440 AtamenAalicujus
3044 5375 3201 5440 esset
3230 5362 3492 5440 momenti
3524 5377 3591 5415 ac
3623 5362 3758 5440 pon-

2190 5433 2338 5495 deri's
2372 5459 2387 5493 :
2423 5433 2519 5495 Sed
2554 5438 2694 5493 forte
2727 5437 2778 5492 id
2807 5433 3261 5504 dissimulandum
3292 5433 3524 5504 putavit,
3561 5440 3624 5504 ut
3654 5434 3759 5487 haec

2192 5510 2468 5567 se\eriora
2506 5509 2844 5574 viderentur,
2889 5522 3055 5579 quam
3091 5514 3148 5559 ut
3188 5502 3388 5559 Basilio
3434 5502 3605 5558 tribui
3639 5517 3761 5574 roso

2192 5588 2332 5637 εουι.
