3982 6240
172 330 278 385 673

1541 331 1627 386 DE
1665 333 1928 390 JUDiClO
1971 335 2098 391 DEI.

3331 343 3434 400 674

173 450 340 519 λέγω
361 467 484 518 μου
513 453 586 503 οὐ
617 451 706 518 μὴ
753 451 1151 518 παρέλθωσιν.
1186 453 1298 505 Οὐκ
1336 452 1479 506 ἔστιν
1523 454 1754 508 ἐνταῦθα

1862 458 2008 510 verba
2031 467 2202 511 autem
2225 474 2336 511 mea
2373 476 2473 512 non
2511 458 2936 527 prtrterfbunt'".
2962 457 3180 514 Nullum
3211 469 3296 516 est
3333 462 3454 517 δορί

180 540 430 611 διαφορὰ.
451 541 554 592 οὐκ
579 540 695 594 ἔστι
729 541 1014 612 διαίρεσις,
1043 543 1194 596 οὐδὲν
1218 544 1452 615 οὐδαμοῦ
1478 545 1614 609 ὅλως
1633 548 1763 599 ὑπο-

180 634 475 686 λέλειπται.
498 635 612 686 Οὔκ
635 629 792 688 εἶπεν
813 652 826 664 ·
863 629 1023 689 Οὗτοι
1055 636 1088 706 ἢ
1124 637 1344 702 ἐκεῖνοι,
1381 638 1519 699 ἀλλ’,
1557 642 1620 692 Ol
1655 641 1761 692 λό-

181 741 265 792 γοι
311 741 456 793 μου,
501 724 708 788 πάντες
738 724 872 795 ὁμοῦ
912 725 1173 796 δηλονότι,
1211 727 1273 779 οὐ
1320 727 1393 798 μὴ
1427 728 1756 800 παρέλθωσι.

181 817 495 888 Γέγραπται
528 819 669 888 γάρ·
703 820 926 884 Πιστὸς
951 820 1168 887 Κύριος
1197 819 1266 873 ἐν
1305 819 1454 875 πᾶσι
1499 821 1624 886 τοῖς
1654 823 1758 875 λό-

179 925 304 978 ςηοις
345 908 568 962 αὑτοῦ⁸
615 909 727 960 εἴτε
770 910 1134 980 ἀπαγορεύων
1182 911 1393 978 ὁτιοῦν,
1441 911 1551 964 εἴτε
1595 931 1761 984 προσ-

177 1001 416 1064 τάσσων,
443 1001 558 1053 είτε
578 1001 1050 1072 ἐπαγγελλόμενος
1081 1002 1214 1074 (90),
1249 1002 1358 1056 εἴτε
1385 1003 1642 1067 ἀπειλῶν,
1666 1005 1760 1058 καὶ

179 1094 287 1145 εἴτε
321 1093 418 1145 ἐπὶ
441 1095 510 1163 τῇ
548 1092 748 1164 πράξει
779 1092 888 1146 τῶν
916 1095 1402 1165 ἀπηγορευμένων,
1424 1096 1533 1148 εἴτε
1568 1096 1660 1148 ἐπὶ
1690 1098 1755 1166 τῇ

177 1182 417 1252 ἐλλείψει
464 1182 577 1235 τῶν
628 1184 1086 1254 ἐπιτεταγμένων.
1137 1186 1258 1240 Ὀτι
1306 1185 1414 1258 γὰρ
1453 1187 1648 1259 ἐπίσης
1691 1192 1756 1260 τῇ

174 1273 433 1344 ἐνεργείᾳ
458 1272 573 1326 τῶν
603 1274 790 1327 κακῶν
817 1276 911 1328 καὶ
937 1277 970 1346 ὴ
995 1275 1104 1329 τῶν
1141 1277 1361 1345 ἀγαθῶν
1389 1277 1566 1350 ἔργων
1593 1279 1760 1332 ἐλλει-

173 1365 266 1433 ψις
293 1365 638 1428 ἐκδικεῖται,
682 1366 845 1437 ἤρκει
901 1368 996 1438 μὲν
1039 1368 1132 1420 καὶ
1166 1369 1305 1440 πρὸς
1347 1369 1621 1435 ἀπόδειξιν
1667 1371 1757 1425 καὶ

173 1456 558 1528 πληροφορίαν
584 1459 651 1526 τῇ
677 1473 741 1524 γε
776 1457 848 1528 μὴ
878 1459 1113 1530 παντελῆ
1138 1461 1394 1517 ἀπιστίαν
1428 1462 1541 1536 (91)
1569 1464 1755 1518 νοσού-

178 1564 244 1619 σῃ
271 1547 425 1619 ψυχῇ
460 1548 526 1601 τὸ
557 1549 952 1619 προειρημένον
990 1551 1081 1604 ἐπὶ
1104 1552 1181 1621 τῷ
1209 1553 1401 1624 Πέτρῳ
1437 1558 1609 1628 κρῖμα
1629 1571 1642 1584 ·
1675 1555 1754 1620 ὃς,

178 1642 277 1693 οὐκ
309 1641 771 1712 ἀπηγορευμένον
791 1658 844 1693 τι
872 1640 1102 1712 πράξας,
1135 1644 1254 1696 οὐδὲ
1292 1645 1398 1716 μὴν
1429 1646 1758 1716 πρόσταγμά

178 1750 230 1784 τι
255 1731 504 1785 τοιοῦτον
521 1732 793 1801 ἐλλείψας,
810 1733 838 1784 ὃ
859 1733 991 1804 ρᾳθυ
1000 1734 1175 1805 μίανῆ
1196 1736 1598 1807 καταφρόνησιν
1621 1755 1754 1790 κατ-

179 1827 370 1895 ηγορεῖ
406 1824 503 1876 τοῦ
556 1824 910 1890 ἐλλείποντος,
932 1825 1234 1898 ὑπηρεσίαν
1266 1827 1319 1879 δὲ
1351 1827 1444 1879 καὶ
1471 1829 1636 1900 τιμὴν
1660 1828 1757 1901 τὴν
1792 1811 1829 1864 Β

182 1918 332 1988 παρά
363 1917 463 1971 τοῦ
517 1918 790 1972 Δεσπότου
828 1919 984 1990 μόνον
1016 1917 1376 1983 ὑποδέξασθαι
1408 1920 1753 1992 εὐλαϐηθεὶς,

179 2013 438 2082 τοιαύτην
483 2013 704 2078 ἐδέξατο
727 2012 827 2083 τὴν
861 2011 1086 2081 ἀπειλὴν
1120 2012 1188 2084 ἣν
1214 2013 1314 2066 οὐκ
1346 2013 1547 2082 ἔφυγεν
1581 2014 1668 2073 ἂν.
1707 2015 1756 2066 εί

183 2109 275 2176 μὴ,
313 2105 503 2169 καθὼς
541 2105 886 2176 προείρηται,
922 2104 1121 2175 ἔφθασε
1154 2106 1253 2176 τὴν
1291 2107 1457 2177 ὀργὴν
1485 2109 1549 2177 τῇ
1594 2106 1759 2177 ταχύ-

178 2216 294 2269 τητι
322 2197 424 2250 καὶ
454 2197 778 2268 σφοδρότητι
808 2197 906 2267 τῆς
941 2196 1294 2267 διορθώσεως.
1334 2196 1481 2269 Πλὴν
1513 2198 1699 2269 ἐπειδὴ
1730 2200 1758 2250 ὁ

180 2291 382 2360 ἀγαθὸς
412 2291 508 2343 καὶ
549 2289 922 2360 εῦσπλαγχνος
943 2289 1075 2354 Θεὸς
1114 2289 1480 2360 μακροθυμῶν
1509 2291 1594 2360 ἐφ’
1623 2293 1755 2362 ἡμῖν

182 2383 368 2452 εύδύκη
379 2399 462 2444 σε,
498 2383 594 2434 καὶ
624 2381 882 2444 πολλάκις
906 2384 1039 2453 ἡμῖν
1059 2381 1118 2435 τὸ
1148 2381 1281 2434 αὐτὸ
1309 2375 1418 2435 και
1435 2382 1523 2435 διὰ
1549 2383 1756 2437 πολλῶν

180 2475 478 2538 ὑποδεῖξαι,
510 2475 599 2526 ἵνα
641 2474 720 2544 τῷ
753 2473 948 2545 πλήθει
1001 2473 1096 2527 καὶ
1155 2476 1220 2545 τῇ
1273 2475 1521 2545 συνεχείᾳ
1555 2474 1755 2548 δυνηθῇ

184 2569 331 2638 μόλις
365 2567 499 2620 ποτὲ
535 2565 892 2637 μοχλευθείσα
943 2567 1036 2618 καὶ
1079 2565 1504 2636 καταντληθεῖσα
1536 2570 1568 2638 ἡ
1609 2567 1756 2638 ψυχὴ

180 2657 588 2730 ἀποτρίψασθαι
613 2659 713 2728 τὴν
738 2655 1090 2727 πολυχρόνιον
1121 2657 1220 2726 τῆς
1256 2657 1603 2727 παρανομίας
1634 2675 1758 2710 συν-

182 2752 385 2822 ἧθειαν,
422 2751 650 2804 ἐκείνων
684 2749 860 2819 μόνων
899 2749 1036 2820 πρὸς
1073 2750 1133 2802 τὸ
1185 2752 1361 2822 παρὸν
1389 2749 1756 2822 μνημονεῦσαι

181 2845 477 2911 ἀναγκαῖον
500 2840 610 2896 τῶν
641 2843 700 2895 ἐν
721 2845 787 2913 τῇ
822 2841 1032 2915 μεγάλῃ
1051 2842 1146 2895 καὶ
1170 2843 1377 2915 φοϐερᾷ
1398 2844 1498 2913 τῆς
1523 2842 1756 2914 κρίσεως

181 2935 357 3004 ἡμέρᾳ
388 2931 452 2994 ἐξ
484 2931 792 3004 ἀριστερῶν
830 2930 923 2983 τοῦ
968 2931 1173 3000 Κυρίου
1217 2933 1374 3004 ἡμῶν
1412 2933 1588 3003 Ἰησοῦ
1623 2934 1757 3004 Χρι-

180 3025 303 3077 στοῦ
333 3023 646 3094 ἱσταμένων
666 3040 678 3053 ·
725 3023 861 3094 πρὸς
891 3022 984 3086 οὒς
1017 3022 1200 3092 ἔλεγεν
1226 3024 1337 3097 (92)
1368 3027 1396 3078 ὁ
1437 3028 1618 3078 πᾶσαν
1657 3025 1756 3097 τὴν

179 3117 428 3182 ἐξουσίαν
456 3117 561 3186 τῆς
612 3116 849 3187 κρίσεως
889 3115 1068 3170 λαϐὼν
1115 3116 1266 3188 παρὰ
1316 3117 1408 3170 τοῦ
1455 3117 1692 3189 Πατρὸς,
1729 3120 1756 3171 ὁ
1784 3145 1826 3199 ο

180 3212 476 3284 ἐρχόμενος
514 3209 749 3278 φωτίσαι
782 3208 852 3262 τὰ
879 3208 1096 3281 κρυπτὰ
1129 3209 1223 3262 τοῦ
1253 3209 1492 3274 σκότους,
1526 3211 1620 3263 καὶ
1654 3227 1757 3279 φα-

179 3303 414 3373 νερῶσαι
455 3302 562 3364 τὰς
599 3300 792 3370 βουλὰς
835 3300 940 3354 τῶν
972 3299 1238 3370 καρδιῶν·
1285 3303 1618 3370 Πορεύεσθε
1655 3302 1758 3356 ἀπ’

181 3397 344 3465 ἐμοῦ,
369 3399 428 3448 οἱ
461 3391 879 3462 κατηραμένοι,
906 3395 992 3458 είς
1036 3393 1102 3445 τὸ
1135 3392 1252 3460 πῦρ
1280 3393 1348 3447 τὸ
1397 3393 1653 3458 αὶώνιον,
1691 3392 1759 3446 τὸ

182 3486 630 3556 ἡτοιμασμένον
659 3481 739 3548 τῷ
777 3483 1031 3550 διαϐόλῳ
1056 3483 1154 3536 καὶ
1191 3481 1315 3548 τοῖς
1352 3482 1628 3553 ἀγγέλοις
1651 3485 1728 3538 αὑ
1747 3512 1764 3524 ο

178 3577 303 3631 τοῦ.
331 3575 449 3629 Καὶ
467 3576 570 3646 τὴν
598 3574 778 3627 αἰτίαν
803 3574 1101 3645 ἐπήγαγεν,
1117 3574 1212 3644 οὐχ
1233 3590 1247 3604 ·
1269 3575 1390 3626 ’Ότι
1412 3573 1755 3642 ἐφονεύσατε,

180 3669 371 3735 λέγων,
399 3667 435 3736 ῆ
481 3665 871 3737 ἐπορνεύσατε,
917 3665 949 3736 ἢ
981 3664 1302 3735 ἐψεύσασθε,
1333 3665 1366 3737 ἡ
1400 3682 1525 3718 τινα
1563 3666 1759 3739 ἠδική-

1867 548 1986 604 loco
2021 548 2338 614 discrimen,
2369 551 2519 604 nulla
2552 549 2856 617 distinctio,
2890 549 3028 605 nihil
3055 566 3288 621 usquam
3318 567 3438 607 om-

1864 638 1997 691 nino
2034 639 2286 694 relictum
2333 647 2436 696 est.
2477 639 2596 694 Non
2650 640 2836 695 dixit:
2872 641 2994 695 Haec
3029 651 3122 695 aut
3164 642 3275 706 illa,
3317 643 3434 708 sed,

1873 729 2040 783 Verba
2059 747 2172 785 mea
2189 771 2204 792 ,
2229 733 2411 786 omnia
2440 733 2601 788 simul
2632 732 2908 795 videlicet,
2930 749 3033 788 non
3059 734 3434 804 praeteribunt.

1865 820 2139 892 Scriptum
2184 831 2268 879 est
2301 824 2463 878 enim
2500 843 2513 879 :
2544 822 2748 878 Fidelis
2797 825 3053 880 Dominus
3100 829 3156 879 in
3196 827 3438 880 omnibus

1862 909 2028 964 verbis
2076 913 2187 965 suis
2205 913 2251 943 "'
2286 930 2299 966 :
2335 913 2450 967 sive
2491 919 2636 966 vetet
2683 913 2924 982 quidvis,
2975 915 3088 970 sive
3138 916 3437 985 praecipiat,

1863 1001 1979 1054 sive
2015 1002 2318 1070 promittat,
2372 1002 2488 1058 sive
2517 1004 2778 1068 minetur,
2821 1006 2936 1060 sive
2984 1022 3104 1076 qua:
3148 1007 3440 1062 interdicta

1863 1099 2012 1154 sunt,
2063 1102 2315 1164 agantur,
2376 1094 2491 1149 sive
2541 1109 2662 1164 quae
2699 1095 2852 1163 jussa
2900 1105 3048 1163 sunt,
3092 1097 3438 1152 omittantur.

1861 1181 2074 1237 Etenim
2112 1184 2165 1238 id
2188 1185 2332 1254 quod
2373 1199 2498 1239 mox
2537 1184 2604 1239 de
2634 1183 2797 1240 Petro
2834 1186 3281 1257 retulijudicium
3325 1187 3442 1241 fue-

1859 1277 1932 1329 rit
1963 1275 2028 1330 ad
2063 1276 2167 1331 hoc
2197 1277 2332 1332 satis
2379 1278 2577 1333 animae
2623 1294 2732 1332 non
2774 1279 3001 1332 omnino
3037 1279 3440 1334 incredulitatis

1860 1368 2051 1423 morbo
2081 1367 2375 1433 laboranti,
2422 1378 2482 1424 ut
2513 1370 2783 1426 bonorum
2837 1387 3062 1442 operum
3110 1371 3443 1442 praetermis-

1860 1459 2068 1515 sionem
2109 1460 2333 1528 perinde
2358 1467 2522 1531 atque
2539 1464 2808 1517 malorum
2836 1464 3298 1533 perpetrationem
3334 1479 3442 1533 pu-

1858 1550 1964 1603 niri
1993 1560 2331 1620 compertum
2369 1552 2564 1608 habeat
2595 1569 2658 1607 ac
2687 1569 3011 1624 persuasum
3038 1572 3052 1610 ι
3083 1554 3177 1624 qui
3210 1569 3333 1608 cum
3359 1555 3442 1608 ni-

1860 1644 1934 1697 hil
1977 1645 2121 1713 quod
2157 1645 2382 1698 vetitum
2427 1655 2572 1700 esset
2609 1646 2849 1711 fecisset,
2894 1649 3218 1718 nullumque
3257 1648 3444 1717 hujus-

1862 1736 2006 1789 modi
2054 1746 2383 1805 prmceptum
2426 1737 2889 1806 prmtermisisset,
2926 1737 3071 1806 quod
3119 1740 3442 1808 prtetcrmit-

1861 1831 2025 1884 tentis
2057 1838 2151 1883 aut
2180 1829 2467 1900 segnitiem
2500 1838 2752 1900 argueret
2788 1841 2880 1884 aut
2916 1838 3310 1902 contemptum,
3344 1831 3441 1886 sed

1860 1922 2223 1978 ministerium
2251 1921 2468 1976 Domini
2505 1923 2876 1992 honoremque
2907 1921 2974 1976 ab
3005 1938 3070 1977 eo
3101 1922 3338 1977 delatum
3365 1938 3442 1977 re-

1859 2024 2111 2070 cusasset
2161 2014 2480 2069 reverentiae
2525 2015 2792 2068 duntaxat
2841 2028 3031 2079 causa,
3072 2021 3252 2068 tamen
3293 2014 3442 2083 ejus-

1859 2107 2005 2160 modi
2033 2106 2514 2161 comminationem
2548 2106 2778 2171 audivit,
2801 2121 2965 2176 quam
3001 2105 3176 2160 vitare
3198 2121 3306 2159 non
3346 2121 3431 2176 po-

1861 2198 2074 2258 tuisset,
2098 2197 2227 2265 nisi,
2261 2205 2320 2251 ut
2350 2197 2462 2267 jam
2493 2197 2699 2250 dictum
2721 2203 2822 2259 est,
2850 2196 3014 2251 celeri
3034 2211 3096 2249 ac
3134 2195 3440 2250 vehementi

1859 2289 2246 2345 emendatione
2311 2293 2446 2343 iram
2498 2289 2890 2360 praevertisset.
2935 2288 3203 2354 Quoniam
3261 2297 3440 2342 tamen

1860 2382 2019 2436 libuit
2054 2383 2292 2452 benigno
2327 2397 2392 2436 ac
2421 2381 2763 2436 misericordi
2789 2379 2899 2435 Deo
2944 2382 3217 2451 patienter
3255 2381 3439 2434 nohis-

1859 2489 1982 2526 cum
2015 2487 2079 2528 ac
2116 2474 2310 2528 leniter
2349 2488 2528 2542 agere,
2566 2487 2820 2541 saepeque
2856 2478 2911 2525 et
2952 2472 3138 2526 multis
3175 2468 3440 2539 exemplis

1860 2563 2094 2632 idipsum
2114 2565 2271 2618 nohis
2293 2572 2746 2626 commonstrare,
2775 2570 2832 2616 ut
2858 2563 3074 2617 animus
3091 2561 3440 2616 multitudine

1860 2662 2023 2724 atque
2055 2655 2380 2709 assiduitate
2403 2655 2491 2708 vix
2530 2654 2747 2708 tandem
2791 2653 3084 2723 aliquando
3131 2660 3442 2707 commotus

1858 2757 1913 2802 et
1953 2748 2246 2811 excitatus,
2299 2747 2564 2801 diutinam
2623 2747 2933 2818 iniquitatis
2991 2745 3441 2802 consuetudinem

1858 2840 2040 2894 delere
2064 2847 2270 2909 posset,
2297 2853 2449 2896 nunc.
2469 2853 2659 2893 eorum
2692 2839 2956 2892 duntaxat
2974 2836 3224 2892 facienda
3240 2836 3441 2890 mentio

1859 2939 1964 2995 cst,
2005 2930 2099 3000 qui
2135 2931 2190 2983 in
2235 2944 2430 2998 magna
2464 2943 2528 2982 ac
2568 2928 2844 2983 horrenda
2890 2927 3082 2998 judicii
3113 2927 3202 2981 die
3234 2927 3300 2979 ad
3338 2925 3442 2978 Do-

1858 3021 1992 3075 mini
2052 3020 2227 3075 nostri
2265 3018 2397 3074 Jesu
2445 3019 2649 3073 Christi
2698 3021 2884 3073 laevam
2938 3019 3206 3073 stabunt:
3242 3018 3444 3087 quibus

1859 3112 2108 3169 dicturus
2129 3121 2213 3167 est
2247 3113 2314 3177 is,
2337 3111 2429 3182 qui
2454 3113 2601 3166 omni
2625 3111 2908 3181 iudicandi
2939 3117 3208 3181 potestate
3238 3128 3265 3164 a
3284 3110 3445 3165 Patre

1861 3211 2108 3276 accepta,
2124 3205 2272 3260 venit
2299 3204 2712 3258 illuminaturus
2728 3204 3047 3258 abscondita
3067 3203 3442 3266 tenebrarum,

1860 3297 2198 3366 consiliaque
2225 3295 2472 3349 cordium
2507 3296 2882 3364 patefacturus
2916 3313 2930 3350 :
2958 3294 3224 3350 Discedite
3277 3312 3311 3348 a
3341 3310 3444 3357 me,

1860 3387 2151 3450 maledicti,
2182 3387 2235 3440 in
2255 3387 2424 3456 ignem
2453 3395 2728 3451 wternum,
2769 3385 3096 3454 quiparatus
3126 3396 3200 3438 est
3230 3383 3444 3437 diabolo

1859 3489 1907 3534 et
1942 3479 2140 3551 angelis
2170 3478 2356 3548 ejus".
2389 3477 2530 3544 Quin
2557 3487 2610 3532 et
2643 3492 2863 3532 causam
2895 3476 3201 3544 subiunxit,
3235 3489 3444 3544 nequa-

1859 3589 2022 3644 quam
2055 3573 2285 3628 dicens:
2323 3569 2463 3636 Quia
2504 3569 2806 3634 occidistis,
2840 3577 2934 3623 aut
2983 3568 3236 3623 fornicati
3283 3567 3441 3643 eSIis,

1861 3672 1954 3718 aut
1977 3661 2323 3718 mendacium
2365 3659 2605 3724 dixistis,
2653 3666 2747 3713 aut
2779 3659 3020 3728 cuipiam
3055 3657 3322 3713 intulistis
3353 3657 3444 3710 in-

183 3776 328 3823 σατε,
364 3757 402 3829 ἢ
426 3757 560 3811 ἄλλο
589 3774 643 3809 τι
672 3757 779 3809 τῶν
812 3757 1297 3827 ἀπηγορευμένων,
1331 3755 1434 3810 κᾶν
1460 3755 1521 3809 τὸ
1555 3757 1759 3828 βραχύ-

1862 3753 2080 3824 iuriam,
2112 3759 2207 3807 aut
2247 3751 2394 3805 aliud
2425 3750 2726 3821 quidquam
2775 3750 2967 3804 saltem
3008 3749 3441 3820 minutissimum

181 3867 337 3905 τατον
368 3849 528 3918 γοῦν,
572 3848 868 3919 ἐπράξατε·
915 3847 1050 3902 ἀλλά
1098 3848 1191 3914 τί;
1223 3849 1346 3902 Ὀτι
1386 3848 1496 3902 τῶν
1542 3847 1762 3918 ἀγαθῶν

184 3941 357 4012 ἔργων
388 3941 730 4012 ἠμελήσατε.
789 3939 1109 3992 Ἐπείνασα
1146 3939 1279 4010 γὰρ,
1330 3939 1491 4010 φησι,
1528 3940 1625 3994 καὶ
1651 3941 1760 3994 οὐκ

181 4031 437 4088 ἐδώκατέ
458 4049 566 4101 μοι
600 4029 842 4100 φαγεῖν-ο
870 4030 1156 4099 ἐδίψησα,
1182 4030 1283 4084 καὶ
1304 4032 1414 4085 οὐκ
1444 4031 1765 4087 ἐποτίσατέ

179 4142 285 4196 με·
313 4125 497 4189 ξένος
534 4121 720 4191 ἥμην,
759 4121 858 4175 καὶ
891 4123 963 4175 οὐ
989 4119 1362 4191 συνηγάγετέ
1381 4139 1486 4191 με·
1512 4122 1759 4192 γυμνὸς,

185 4211 282 4263 καί
307 4213 379 4265 οὐ
420 4208 801 4278 περιεϐάλετέ
833 4225 940 4278 με’
968 4209 1237 4277 ἀσθενὴς
1274 4210 1375 4264 καὶ
1401 4211 1473 4264 ἐν
1496 4211 1760 4280 φυλακῇ,

188 4303 280 4356 καὶ
318 4304 433 4357 οὐκ
457 4299 885 4368 ἐπεσκέψασθέ
927 4318 1020 4371 με.
1067 4301 1254 4356 Ταῦτα
1295 4303 1390 4356 καὶ
1427 4303 1498 4357 τὰ
1543 4304 1766 4357 τοιαῦτα

187 4394 322 4447 Θεοῦ
355 4391 449 4446 τοῦ
474 4381 682 4460 ἀγαθοῦ
716 4391 920 4463 χάριτι,
952 4390 1060 4445 τοῦ
1081 4391 1363 4458 θέλοντος
1388 4391 1506 4461 μὲν
1535 4391 1767 4458 πάντας

1859 3860 1926 3900 ex
1958 3844 2025 3899 iis
2050 3859 2172 3913 quae
2193 3843 2468 3913 prohibita
2507 3849 2659 3906 sunt,
2686 3841 2931 3896 fecistis:
2961 3841 3056 3897 sed
3095 3841 3271 3912 quid?
3301 3839 3445 3909 Quo-

1862 3936 2006 3990 niam
2031 3935 2173 3990 bona
2195 3949 2361 4005 opera
2384 3934 2721 4005 neglexistis.
2748 3932 2962 3987 Esurivi
2984 3934 3142 3998 enim,
3175 3933 3372 4002 inquit,
3394 3941 3444 3986 et

1863 4040 1965 4078 non
1986 4023 2206 4078 dedistis
2230 4022 2359 4076 mihi
2387 4022 2712 4077 manducare
2745 4019 2765 4076 ξ
2799 4023 2964 4088 sitivi,
3006 4031 3186 4077 etnon
3219 4022 3441 4077 dedistis

1861 4114 1992 4167 mihi
2032 4123 2212 4182 potum
2243 4130 2261 4168 :
2295 4114 2475 4182 hospes
2523 4130 2692 4179 eram,
2735 4123 2786 4167 et
2831 4130 2935 4167 non
2981 4113 3265 4184 callegistis
3304 4128 3386 4168 me
3421 4128 3441 4166 :

1863 4208 2057 4270 nudus,
2090 4216 2141 4261 et
2183 4224 2286 4260 non
2318 4208 2662 4274 cooperuistis
2700 4223 2782 4260 me
2811 4223 2830 4262 :
2852 4208 3096 4274 inﬁrmus
3140 4215 3189 4261 et
3220 4207 3274 4259 in
3318 4222 3441 4260 car-

1864 4317 1995 4364 cere,
2039 4309 2089 4354 et
2134 4317 2239 4355 non
2284 4301 2544 4355 visitastis
2577 4317 2659 4354 me
2682 4301 2749 4354 ⁷⁷.
2784 4298 2889 4356 Uhi
2935 4299 3310 4370 benignissimi
3345 4299 3441 4354 Dei

1866 4392 2063 4462 gratia,
2119 4392 2345 4463 quivult
2396 4409 2572 4448 omnes
2614 4392 2850 4446 homines
2887 4391 3062 4446 salvos
3104 4391 3242 4461 ﬁeri,
3283 4399 3334 4445 et
3373 4391 3442 4444 ad

185 4484 541 4554 ἀνθρώπους
572 4482 861 4551 σωθῆναι,
893 4482 991 4537 καὶ
1017 4485 1105 4550 εἱς
1129 4483 1456 4553 ἐπίγνωσιν
1477 4485 1762 4553 ἀληθείας

1869 4485 2106 4539 veritatis
2133 4485 2452 4555 agnitionem
2479 4485 2743 4552 pervenire
2759 4484 2827 4548 ⁷⁸,
2857 4483 3124 4553 docetque
3167 4481 3440 4536 hominem

184 4577 408 4639 ἐλθεῖν,
433 4575 778 4637 διδάσκοντος
798 4575 856 4628 δὲ
878 4574 1162 4646 ἄνθρωπον
1188 4575 1411 4644 γνῶσιν,
1437 4575 1769 4646 καταμαθὼν

187 4668 243 4719 ἐν
270 4669 393 4730 ταῖς
429 4663 808 4728 θεοπνεύστοις
834 4665 1098 4737 Γραφαῖς,
1122 4665 1218 4718 καὶ
1244 4665 1519 4737 γνωρίσας
1543 4665 1642 4736 μὲν
1668 4666 1768 4737 τὴν

189 4758 635 4828 φρικωδεστάτην
696 4757 874 4811 αἰτίαν
927 4759 1027 4830 τῆς
1075 4757 1330 4829 τοιαύτης
1397 4759 1506 4812 τῶν
1557 4759 1766 4812 πολλῶν

189 4850 322 4919 πρὸς
349 4865 411 4902 τε
446 4847 713 4920 ἀλλήλους
752 4848 848 4901 καὶ
878 4849 1016 4920 πρὸς
1054 4848 1151 4914 τὰς
1177 4848 1398 4914 ἐντολὰς
1433 4849 1526 4903 τοῦ
1557 4850 1766 4922 Κυρίου

190 4942 344 5012 ἡμῶν
377 4940 556 5012 Ἰησοῦ
590 4940 826 5011 Χριστοῦ
858 4941 1153 5009 διαφωνίας
1176 4982 1190 5006 ,
1242 4941 1554 5005 παιδευθεὶς
1599 4941 1658 4994 δὲ
1704 4942 1766 4995 τὸ

190 5034 419 5104 φοϐερὸν
455 5034 634 5086 ἐκεῖνο
664 5035 835 5105 κρῖμα
866 5033 966 5102 τῆς
995 5033 1263 5105 τοσαύτης
1291 5033 1654 5104 παρανομίας,
1689 5033 1767 5086 δι-

187 5125 404 5196 δαχθεὶς
447 5124 506 5178 δέ
547 5126 639 5178 καὶ
689 5127 867 5178 πᾶσαν
908 5123 1192 5196 παρακοὴν
1239 5124 1441 5188 παντὸς
1497 5125 1764 5197 κρίματος

253 5279 300 5311 ⁷⁵
337 5278 531 5336 llattb.
566 5295 719 5344 xxxv,
751 5277 841 5334 55.

255 5395 368 5470 (90)
405 5397 497 5470 §ic
541 5413 677 5453 mss.
719 5396 917 5470 nostri.
955 5395 1194 5470 Utraque
1221 5395 1390 5470 editio
1420 5396 1761 5470 ἀπαγγελλό-

192 5465 368 5538 μενος.
398 5468 512 5524 Nec
549 5470 622 5522 ita
666 5469 838 5522 multo
870 5475 992 5538 post
1015 5467 1145 5522 editi
1170 5469 1265 5519 καὶ
1289 5466 1397 5519 τῶν
1429 5467 1670 5534 ἀγαθῶν.
1695 5469 1760 5519 At

1862 5466 1951 5538 τοῦ
1981 5465 2245 5538 Κυρίου-μὴ
2254 5465 2368 5534 μῶν
2410 5465 2586 5538 Ἰησοῦ

191 5555 323 5592 tnss.
355 5540 447 5610 uti.
475 5542 507 5610 ὴ
537 5538 666 5592 τῶν.

263 5610 370 5677 (9-!)
402 5605 579 5663 Editio
608 5619 842 5676 utraque
871 5607 1125 5660 παντελεῖ
1153 5608 1399 5677 ἀπιστίᾳ.
1439 5605 1658 5676 Antiqui
1694 5607 1760 5660 li-

195 5678 276 5731 bri
303 5680 533 5749 παντελῆ
559 5679 842 5749 ἀπιστίαν.

270 5751 379 5815 (9'2)
410 5746 589 5805 Editio
617 5748 799 5804 Paris.
823 5749 1117 5816 ἀναγκαῖον
1149 5746 1208 5798 τὸ
1241 5748 1297 5801 ἐν
1325 5750 1388 5818 τῇ
1427 5748 1634 5818 μεγάλῃ
1667 5746 1760 5800 καὶ

1873 4575 2181 4637 scientiam,
2217 4573 2574 4629 animadverti
2598 4573 2716 4628 haec
2749 4579 2913 4643 atque
2956 4571 3008 4626 id
3043 4586 3218 4642 genus
3244 4570 3350 4625 alia
3386 4569 3442 4622 in

1871 4666 2074 4721 divinis
2107 4664 2428 4734 Scripturis,
2461 4665 2555 4720 ubi
2590 4664 2756 4734 hujus
2778 4661 3141 4720 dissensionis
3161 4677 3267 4731 qua
3286 4660 3441 4714 multi

1871 4769 1902 4809 a
1936 4771 1995 4810 se
2018 4755 2252 4810 invicem
2292 4763 2347 4808 et
2387 4769 2418 4808 a
2451 4752 2666 4809 Domini
2696 4754 2868 4809 nostri
2905 4751 3035 4807 Jesu
3074 4751 3278 4806 Christi
3302 4765 3442 4820 prap-

1869 4849 2046 4918 ceptis
2066 4847 2359 4910 dissident,
2383 4861 2606 4901 causam
2630 4845 2922 4900 admodum
2949 4843 3277 4899 horrendam
3290 4843 3441 4907 novi,

1875 4941 1968 4996 ubi
2009 4938 2412 4995 formidandum
2458 4939 2591 4993 illud
2627 4938 2894 5008 judicium
2925 4936 3069 5007 quod
3101 4943 3293 4992 contra
3323 4944 3451 4990 tan--

1873 5041 1982 5086 tam
2031 5031 2372 5103 iniquitatem
2425 5028 2812 5100 proferendum
2869 5034 2976 5090 est,
3021 5026 3250 5080 edoctus
3297 5041 3440 5086 sum.

1873 5123 1968 5178 ubi
1996 5122 2418 5179 inobedientiam
2459 5121 2779 5192 quamlibet,
2824 5132 2930 5190 qua
2969 5133 3131 5173 omne
3176 5116 3270 5172 Dei
3305 5117 3448 5190 judi-

917 5278 963 5309 ’⁵
1000 5276 1148 5334 Psal.
1181 5293 1360 5342 cxuv,
1399 5278 1486 5331 15.
1562 5277 1607 5308 ’⁸
1648 5276 1762 5331 Mat:

1879 5293 2006 5344 xxv,
2039 5277 2127 5331 41.
2203 5278 2250 5308 ⁷⁷
2288 5276 2421 5331 ibid.
2459 5275 2559 5330 ιε.
2593 5275 2684 5329 45.
2761 5274 2806 5306 ⁷⁸
2845 5271 2862 5325 1
2897 5272 3039 5328 Tim.
3077 5287 3136 5334 ll,
3174 5273 3228 5326 4.

1861 5395 2070 5476 φοβερᾷ
2108 5396 2204 5476 γῆς
2223 5395 2473 5476 ,κρέσειες
2501 5393 2688 5476 sities
2725 5391 2860 5471 πρὸς
2887 5392 3012 5476 γοδς
3042 5390 3102 5476 ἐξ
3135 5389 3442 5476 de???“

2563 5411 2609 5444 ιε
2654 5411 2688 5463 α
2725 5411 2860 5463 προς
2887 5411 3012 5452 τους
3042 5411 3102 5453 ες
3135 5411 3442 5460 αριστερων

2563 5465 2586 5516 ῦ
2613 5411 2850 5536 ignoro?)
2890 5463 3209 5530 ἱσταμένους
3231 5459 3442 5529 λεχθὲν,

1861 5537 1994 5606 πρὸς
2038 5537 2131 5598 οὓς
2173 5535 2566 5606 ἐλεγενλᾳιιοιι
2619 5535 2934 5606 cOntortum
2982 5541 3066 5585 est
3120 5539 3282 5606 atque
3307 5545 3445 5606 por-

1861 5599 2100 5673 plexum.
2141 5599 2319 5657 l‘lditio
2357 5599 2491 5658 Ven.
2537 5613 2592 5658 et
2637 5619 2769 5657 mss.
2804 5604 2914 5656 duo
2946 5609 3140 5670 pra-ter
3168 5599 3443 5654 Combelt-

1860 5677 2072 5731 sianum
2107 5682 2162 5728 ut
2190 5675 2246 5728 in
2278 5681 2556 5741 contextu,
2589 5673 2804 5744 planius
2838 5687 2900 5728 ac
2935 5673 3158 5728 clarius.
