3982 6240
518 308 624 366 675

1831 308 1892 365 S.
1931 302 2175 362 B.\Sll.ll
2210 304 2424 360 MAGNI

3671 302 3779 359 676

512 426 659 481 cium
691 421 946 485 violatur,
972 421 1253 491 aequaliter
1274 420 1434 491 plecti
1457 419 1656 485 didici;
1682 417 1918 492 itemque
1938 418 2093 489 223

2204 417 2340 470 Θεοῦ
2363 417 2561 489 ἐπίσης
2581 418 2939 473 ἐκδικεῖσθαι·
2964 417 3043 471 ἔτι
3066 416 3124 472 δὲ
3139 416 3234 470 καὶ
3255 416 3314 470 τὸ
3339 414 3569 487 φοϐερὸν
3602 415 3779 469 ἐκεῖνο

513 530 719 588 gnarus
741 524 794 571 et
818 513 1096 570 metuendi
1135 514 1283 569 illius
1319 513 1537 583 judicii,
1568 511 1718 583 quod
1755 513 1811 566 in
1846 527 1942 568 eos
1973 526 2095 581 pro-

513 608 797 663 nuntietur
829 606 922 675 qui
960 620 1084 660 cqu
1110 605 1215 675 ipsi
1235 620 1342 659 non
1370 612 1715 675 peccassent,
1746 612 1928 658 tamen
1948 603 2093 672 quod

513 696 763 752 studium
787 695 990 750 bonum
1017 695 1074 748 in
1107 702 1397 764 peccantes
1441 710 1550 748 non
1583 694 1976 759 ostendissent,
2001 694 2094 747 ira:

515 788 641 844 facti
692 798 821 843 sunt
854 788 1185 857 participes,
1239 787 1425 857 idque,
1479 801 1607 840 cum
1666 801 1810 856 saepe
1866 783 2093 840 admissi

512 880 726 953 peccati
760 894 828 933 ne
850 879 1060 933 conscii
1087 877 1305 947 quidem
1323 885 1529 943 essent;
1546 875 1919 932 necessarium
1937 876 2092 943 duxi,

511 971 612 1026 etsi
644 986 792 1035 sero,
829 970 977 1040 quod
1007 985 1223 1040 semper
1246 977 1621 1038 exspectarem
1661 983 1775 1033 eos,
1819 972 1913 1038 qui
1950 968 2091 1024 idem

511 1063 732 1131 pietatis
778 1071 1054 1116 certamen
1099 1061 1494 1129 suscepissent,
1529 1074 1631 1114 nec
1670 1069 1879 1114 tantum
1923 1060 2094 1116 hahe-

511 1169 638 1209 rem
679 1153 892 1208 ﬁduciae
929 1154 984 1207 in
1024 1168 1111 1208 me
1155 1166 1288 1216 uno,
1330 1151 1471 1204 forte
1514 1157 1697 1204 tamen
1740 1164 1847 1204 non
1893 1151 2094 1204 intem-

513 1247 745 1317 pestive,
766 1251 827 1299 ut
859 1259 955 1299 eos
980 1241 1490 1306 commonefaciam,
1535 1241 1628 1311 qui
1654 1256 1714 1296 se
1758 1242 1814 1296 in
1854 1242 1960 1297 hoc
1988 1245 2099 1313 pie-

519 1338 648 1393 tatis
670 1337 970 1394 certamine
997 1346 1279 1402 exercent,
1301 1334 1676 1390 necessarium
1702 1335 1867 1406 igitur
1886 1335 2091 1405 putavi,

516 1446 666 1487 nunc
699 1431 892 1485 saltem
925 1444 1027 1499 pro
1056 1428 1266 1484 viribus
1311 1429 1617 1485 secundum
1657 1428 1898 1482 omnium
1937 1442 2093 1482 com-

513 1520 702 1574 munia
731 1527 857 1574 vota
889 1535 956 1574 ex
980 1519 1183 1574 divinis
1209 1518 1518 1589 Scripturis
1547 1517 1795 1589 proferre
1823 1534 1948 1589 qua:
1985 1518 2097 1573 dis-

512 1611 716 1681 plicent
744 1610 855 1665 Deo
883 1621 935 1665 et
956 1610 1013 1664 in
1039 1611 1242 1680 quibus
1282 1610 1592 1666 delectatur
1625 1628 1639 1665 :
1670 1618 1728 1664 ut
1759 1625 1856 1680 per
1874 1609 2092 1665 Domini

510 1703 689 1757 nostri
718 1701 851 1758 Jesu
880 1700 1086 1758 Christi
1122 1703 1357 1772 gratiam
1395 1712 1449 1759 et
1491 1701 1728 1773 Spiritus
1771 1703 1946 1757 sancti
1984 1702 2089 1757 do-

2199 511 2372 579 κρῖμα
2387 506 2742 578 καταμαθὼν,
2764 508 2825 561 τὸ
2842 508 2935 562 ἐπὶ
2957 508 3085 572 τούς
3104 507 3180 579 μὴ
3202 508 3636 578 ἁμαρτήσαντας
3658 508 3777 578 μὲν,

2209 600 2748 672 παραπολαύσαντας
2774 600 2832 653 δὲ
2859 603 3010 673 ὅμως
3034 602 3131 673 τῆς
3154 602 3346 672 ὀργῆς,
3373 600 3458 655 διὰ
3508 600 3670 671 carpi;
3692 603 3779 654 τον

2198 690 2401 759 ἀγαθὸν
2435 691 2594 762 ζῆλον
2637 693 2777 746 κατὰ
2803 693 2911 748 τῶν
2939 694 3339 765 ἡμαρτηκότων
3371 693 3776 759 ἐπιδείξασθαι,

2199 780 2377 833 καίτοι
2406 780 2663 844 πολλάκις
2699 780 2835 851 μηδὲ
2885 782 3299 850 συνεγνωκότας
3338 783 3398 835 τὸ
3429 783 3776 854 ἁμάρτημ’

2199 872 2496 939 ἀναγκαῖον
2549 872 2903 944 ἐλογισάμην,
2948 876 2997 927 εἰ
3035 874 3129 926 καὶ
3161 874 3259 943 ὀψὲ
3299 873 3393 927 τοῦ
3433 871 3659 946 καιροῦ,
3695 876 3780 928 διὰ

2198 963 2259 1016 τὸ
2291 964 2580 1035 ἀναμένειν
2624 965 2713 1018 ἀεὶ
2755 965 2882 1028 τοὺς
2909 965 3002 1019 τὸν
3038 967 3198 1019 αὐτὸν
3237 966 3423 1035 ἀγῶνα
3460 969 3564 1038 τῆς
3590 968 3779 1021 θεοσε-

2199 1052 2349 1116 ϐείας
2377 1053 2754 1125 ἀνειληφότας,
2783 1055 2876 1107 καὶ
2905 1055 2979 1124 μὴ
3003 1054 3223 1126 θαρρεἰν
3254 1056 3432 1126 ἐαυτῷ
3461 1058 3633 1128 μόνῳ,
3665 1059 3778 1111 ἀλλ’

2198 1146 2297 1198 οὐκ
2321 1144 2565 1217 ἀκαίρως
2585 1162 2649 1214 γε
2680 1145 2840 1215 τάχα,
2874 1145 2970 1199 νῦν
2999 1148 3127 1215 γοῦν
3162 1146 3299 1217 πρὸς
3336 1149 3649 1219 ὑπόμνησιν
3670 1154 3781 1212 τοῖς
3840 1191 3845 1195 ρ

2198 1235 2621 1307 ἀγωνιζομένοις
2652 1238 2743 1290 τὸν
2793 1237 2979 1305 ἀγῶνα
3023 1239 3124 1308 τῆς
3159 1239 3484 1305 θεοσεϐείας,
3512 1241 3783 1308 ἀναλεξά-

2202 1346 2361 1400 μενος
2413 1329 2477 1381 ὲκ
2508 1329 2618 1383 τῶν
2660 1329 3030 1384 θεοπνεύστων
3076 1331 3309 1401 Γραφῶν
3342 1334 3412 1386 τά
3458 1351 3519 1385 τε
3565 1334 3781 1404 ἀπαρέ-

2201 1438 2397 1475 σκοντα
2417 1420 2496 1491 τῷ
2520 1420 2659 1493 Θεῷ,
2687 1424 2779 1475 καί
2806 1418 2887 1486 οἷς
2911 1424 3284 1494 εὐαρεστεῖται
3312 1424 3680 1495 παραθέσθαι,
3705 1427 3781 1489 ὡς

2198 1512 2265 1567 ἂν
2292 1508 2403 1576 οἷός
2436 1531 2495 1565 τε
2523 1507 2589 1576 ὦ,
2623 1515 2742 1568 κατ’
2770 1516 2937 1586 εὐχὰς
2965 1516 3179 1579 κοινάς·
3218 1517 3303 1569 ἵνα
3346 1516 3779 1588 καταξιωθῶμεν

2197 1605 2379 1676 χάριτι
2402 1605 2497 1658 τοῦ
2547 1606 2753 1676 Κυρίου
2785 1606 2940 1677 ἡμῶν
2996 1608 3171 1678 Ἰησοῦ
3220 1608 3457 1679 Χριστοῦ
3499 1610 3596 1662 καὶ
3633 1609 3780 1663 διδα-

2200 1697 2397 1768 σκαλίᾳ
2451 1697 2545 1751 τοῦ
2588 1698 2743 1767 ἀγίου
2793 1699 3130 1769 Πνεῦματος,
3181 1701 3634 1772 ἀποπηδήσαντες
3677 1702 3780 1772 μὲν

513 1795 746 1849 ctrinam
776 1794 1119 1857 secedentes,
1160 1802 1272 1847 tam
1321 1809 1350 1848 a
1395 1794 1741 1849 voluntatum
1777 1801 2091 1848 nostrarum

2200 1787 2294 1857 τῆς
2326 1804 2383 1838 τε
2412 1786 2523 1841 τῶν
2562 1787 2707 1841 ἰδίων
2734 1788 3052 1860 θελημάτων
3074 1789 3392 1873 συνηθείας,
3420 1791 3514 1845 καὶ
3534 1795 3638 1863 τῆς
3667 1794 3779 1847 τῶν

512 1885 935 1952 consuetudine,
982 1901 1146 1957 quam
1198 1886 1269 1941 ab
1319 1886 1686 1941 humanarum
1733 1885 2095 1941 traditionum

512 1976 925 2042 observatione,
985 1978 1331 2033 ambulantes
1367 1993 1499 2032 vero
1536 1978 1694 2047 juxta
1739 1976 2097 2048 Evangelium

512 2066 658 2120 beati
690 2065 786 2121 Dei
829 2064 961 2121 Jesu
992 2065 1201 2121 Christi
1247 2065 1463 2121 Domini
1504 2067 1705 2129 nostri,
1752 2068 1945 2137 sicque
1992 2067 2098 2121 hoc

512 2160 755 2224 tempore
789 2155 1033 2211 viventes
1067 2163 1124 2211 ut
1155 2157 1204 2210 ei
1247 2157 1588 2225 placeamus.
1637 2157 1833 2227 partim
1872 2158 1940 2213 iis
1976 2172 2098 2228 quae

512 2246 876 2315 prohibentur
902 2247 1067 2301 rebus
1109 2248 1412 2304 studiosius
1460 2246 1721 2311 vitandis,
1764 2250 1962 2319 partim
2003 2249 2094 2313 iis,

511 2352 634 2407 qua:
655 2337 1048 2407 approbantur,
1071 2338 1388 2411 diligentius
1404 2340 1800 2410 exsequendis,
1822 2340 1973 2412 digni
2002 2342 2099 2396 ha-

511 2426 743 2481 beantur
778 2427 959 2497 quiin
1015 2425 1205 2482 futuro
1237 2429 1665 2486 immortalitatis
1714 2430 1918 2485 saeculo
1957 2430 2097 2485 iram

512 2517 786 2590 fugiamus
818 2519 874 2573 in
912 2521 1277 2576 contumaciae
1322 2520 1463 2578 ﬁlios
1503 2529 1812 2587 venturam,
1849 2523 2097 2593 talesque

511 2612 873 2676 exsistatnus,
897 2611 990 2681 qui
1020 2620 1283 2666 aeternam
1320 2613 1487 2666 vitam
1517 2619 1571 2667 et
1607 2613 1832 2668 caeleste
1864 2628 2093 2682 regnum

513 2718 846 2770 mereamur,
868 2703 1015 2772 quod
1038 2719 1071 2757 a
1094 2702 1325 2758 Domino
1345 2703 1475 2758 Jesu
1515 2704 1737 2760 Christo
1760 2706 2093 2775 promissum

511 2802 596 2849 est
617 2796 875 2851 omnibus
905 2794 1334 2850 Custodientibus
1353 2804 1718 2850 testamentum
1750 2797 1885 2867 ejus,
1906 2808 1957 2852 et
1987 2814 2096 2851 me-

514 2888 682 2941 moria
706 2886 1048 2943 retinentibus
1070 2887 1325 2943 mandata
1359 2889 1495 2958 ejus,
1532 2898 1591 2943 ut
1622 2888 1824 2958 faciant
1854 2890 1998 2943 ea”.
2032 2888 2097 2944 Et

514 2977 776 3047 quoniam
819 2977 1043 3033 memini
1083 2977 1356 3046 Apostoli,
1401 2976 1496 3047 qui
1545 2977 1727 3033 dicit:
1765 2976 1829 3032 In
1883 2977 2093 3033 Christo

511 3067 642 3122 Jesu
688 3084 850 3138 neque
879 3070 1213 3123 circumcisio
1258 3068 1460 3140 aliquid
1494 3069 1652 3134 valet,
1685 3086 1846 3140 neque
1892 3085 2094 3139 prtvpu-

512 3161 645 3215 tium
674 3175 693 3215 :
725 3161 815 3215 sed
844 3160 975 3231 ﬁdes
1006 3178 1123 3235 qua:
1140 3178 1233 3232 per
1261 3163 1571 3216 charitatem
1602 3172 1850 3231 operatur
1866 3163 2092 3228 ao;cou-

2197 1878 2554 1948 ἀνθρωπίνων
2618 1880 2971 1951 παραδόσεων
3038 1884 3505 1953 παρατηρήσεως·
3555 1887 3779 1955 στοιχή-

2199 1984 2391 2031 σαντες
2419 1969 2476 2022 δὲ
2507 1969 2586 2038 τῷ
2627 1970 2946 2040 Εὐαγγελίῳ
2978 1969 3072 2022 τοῦ
3106 1972 3375 2042 μακαρίου
3417 1971 3555 2025 Θεοῦ
3593 1972 3777 2044 Ἰησοῦ

2196 2059 2456 2128 Χριστοῦ,
2479 2058 2575 2111 τοῦ
2600 2059 2807 2132 Κυρίου
2839 2060 3015 2129 ἡμῶν,
3044 2061 3138 2113 καὶ
3169 2061 3310 2114 κατὰ
3340 2064 3431 2115 τὸν
3459 2064 3654 2134 καιρὸν
3687 2062 3779 2116 τὸν

2198 2150 2441 2221 παρόντα
2469 2151 2776 2222 εὐαρέστως
2804 2150 2951 2220 αὐτῷ
2984 2151 3251 2222 ζήσαντες
3278 2153 3365 2207 διά
3392 2170 3454 2206 τε
3487 2154 3782 2226 σφοδροτέο

2202 2258 2300 2312 ρας
2332 2244 2733 2313 ἀναχωρήσεως
2766 2242 2877 2296 τῶν
2917 2243 3312 2314 κεκωλυμένων
3355 2246 3449 2299 καὶ
3481 2246 3778 2300 σπουδαιο-

2196 2334 2360 2406 τέρας
2385 2334 2704 2405 ἐπιμελείας
2725 2334 2831 2389 τῶν
2862 2335 3291 2407 ὲγκεκριμένων,
3331 2339 3388 2390 ὲν
3420 2336 3498 2408 τῷ
3524 2338 3779 2408 μέλλοντι

2196 2426 2354 2479 αἰῶνι
2390 2426 2490 2497 τῆς
2512 2426 2809 2490 ἀθανασίας
2838 2430 3027 2496 φυγεῖν
3053 2429 3150 2498 μὲν
3176 2429 3275 2499 τὴν
3294 2427 3460 2500 ὀργὴν
3483 2429 3583 2500 τὴν
3608 2432 3781 2502 ἐπερ-

2197 2519 2434 2589 χομένην
2454 2518 2546 2570 ἐπὶ
2566 2518 2692 2581 τούς
2727 2519 2875 2581 υίοὺς
2911 2519 3008 2589 τῆς
3030 2518 3316 2582 ἀπειθείας
3330 2520 3651 2590 δυναίμεθα,
3684 2519 3780 2587 ἆξ-

2200 2628 2269 2664 ιοι
2283 2611 2393 2681 (95)
2411 2611 2467 2664 δὲ
2483 2610 2770 2682 εὑρεθῆναι
2783 2612 2883 2682 τῆς
2895 2612 3115 2664 αἰωνίου
3140 2611 3305 2683 ζωῆς,
3323 2612 3419 2665 καὶ
3445 2614 3777 2684 ἐπουρανίου

2200 2703 2476 2774 βασιλείας
2521 2703 2620 2774 τῆς
2653 2704 3071 2774 ἐπηγγελμένης
3117 2704 3268 2775 παρὰ
3309 2704 3401 2758 τοῦ
3446 2706 3656 2776 Κυρίου
3672 2707 3782 2779 Ἰη-

2199 2794 2296 2848 σοῦ
2328 2795 2566 2866 Χριστοῦ
2599 2796 2734 2849 πᾶσι
2771 2796 2899 2862 Τοῖς
2919 2796 3315 2865 φυλάσσουσι
3341 2795 3456 2865 τὴν
3477 2796 3779 2867 διαθήκην

2196 2886 2403 2951 αὐτοῦ,
2428 2885 2527 2941 καί
2551 2887 2955 2957 μεμνημένοις
2986 2886 3106 2942 τῶν
3128 2886 3394 2941 ἐντολῶν
3419 2888 3628 2953 αὐτοῦ,
3667 2890 3776 2945 τοῦ

2197 2975 2446 3045 ποιῆσαι
2477 2975 2685 3042 αὑτάς.
2721 2976 3085 3046 Μεμνημένος
3115 2977 3172 3030 δὲ
3211 2976 3306 3030 τοῦ
3336 2977 3665 3030 Ἀποστόλου
3701 2979 3780 3031 εἱ-

2197 3070 2424 3133 πόντοςο
2484 3070 2582 3122 Ἐν
2630 3067 2865 3137 Χριστῷ
2918 3069 3112 3137 Ἰησοῦ
3170 3070 3308 3123 οὕτε
3372 3070 3657 3139 περιτομή
3719 3087 3779 3125 τι

2196 3163 2413 3231 ἰσχύει,
2432 3162 2569 3215 οὔτε
2601 3161 2988 3230 ἀκροϐυστία,
3015 3161 3175 3216 ἀλλὰ
3195 3163 3399 3228 πίστις
3426 3160 3501 3214 δι’
3533 3160 3779 3230 ἀγάπης

513 3268 750 3323 sequens
773 3254 937 3308 simul
977 3268 1041 3308 ac
1072 3254 1443 3310 necessarium
1459 3254 1789 3320 existimavi,
1810 3264 1869 3309 ut
1898 3270 2089 3311 sanam

2200 3253 2590 3325 ἐνεργουμένη
2607 3271 2620 3285 ’
2657 3252 2949 3308 ἀκόλουθον
2975 3254 3111 3325 ὁμοῦ
3150 3254 3245 3308 καὶ
3279 3256 3576 3322 ἀναγκαῖον
3598 3254 3778 3322 ἐλογι-

512 3342 675 3399 ﬁdem
708 3360 772 3398 ac
797 3344 943 3415 piam
977 3345 1044 3400 de
1080 3343 1242 3399 Patre
1276 3351 1332 3400 et
1364 3342 1505 3399 Filio
1552 3352 1607 3400 et
1641 3343 1850 3416 Spiritu
1896 3355 2089 3402 sancto

513 3436 839 3492 sententiam
862 3436 1019 3510 prius
1045 3450 1397 3508 exponerent,
1421 3446 1477 3493 et
1501 3436 1579 3493 ita
1613 3436 1834 3493 demum
1861 3437 2090 3494 moralia

513 3535 833 3586 attexerem.‘

969 3899 1282 3957 EIUSDEM
1326 3900 1411 3955 DE
1458 3900 1635 3957 FIDE.

582 4013 636 4069 1.
663 4013 760 4069 Dei
791 4013 984 4083 Optimi
1016 4012 1192 4082 gratia
1220 4027 1346 4067 eum
1370 4014 1503 4067 mihi
1537 4014 1870 4072 innotuisset
1892 4024 2091 4073 vestrae

2198 3347 2401 3417 σάμην,
2452 3347 2552 3417 τὴν
2601 3346 2950 3415 ὑγιαίνουσαν
2999 3349 3183 3401 πίστιν
3220 3347 3314 3401 καὶ
3366 3346 3569 3417 εὐσεϐῆ
3612 3346 3778 3411 δόξαν

2197 3436 2325 3509 περί
2374 3455 2435 3490 τε
2484 3438 2700 3510 Πατρός
2748 3438 2845 3493 καὶ
2900 3439 3030 3493 Υίοῦ
3087 3440 3185 3494 καὶ
3241 3440 3398 3509 ἁγίου
3450 3439 3779 3510 Πνεύματος

2196 3528 2542 3599 παραθέσθαι
2588 3529 2888 3603 πρότερον,
2943 3532 3039 3586 καὶ
3100 3531 3273 3597 οὕτως
3315 3531 3650 3602 ἐπισυνάψαι
3704 3531 3781 3587 τὰ

2196 3618 2384 3689 ἠθικά.

2501 3901 2642 3955 ΤΟΥ
2674 3899 2910 3954 ΑΥΤΟΥ
2948 3900 3113 3954 ΠΕΡΙ
3148 3899 3459 3953 ΠΙΣΤΕΩΣ.

2268 4016 2320 4070 1.
2353 4014 2488 4069 Θεοῦ
2519 4013 2614 4069 τοῦ
2646 4013 2854 4084 ἀγαθοῦ
2881 4015 3066 4087 χάριτι
3091 4016 3154 4068 τὺ
3183 4015 3467 4084 ἐπίταγμα
3501 4015 3604 4085 τῆς
3636 4014 3779 4086 ὑμεο

512 4101 732 4171 pietatis
776 4099 1117 4165 mandatum,
1171 4099 1336 4170 idque
1377 4102 1603 4173 dignum
1647 4112 1829 4159 vestra
1878 4106 1984 4160 ista
2030 4107 2087 4162 in

2200 4110 2360 4182 τέρας
2386 4109 2672 4172 εὐλαῦείας
2692 4108 3023 4180 καταμαθὼν
3044 4109 3191 4175 ἄξιον
3212 4109 3313 4177 τῆς
3330 4107 3440 4178 (94)
3463 4109 3522 4160 ὲν
3547 4107 3776 4179 Χριστῷ

512 4192 735 4247 Christo
774 4205 905 4261 erga
944 4189 1113 4245 Deum
1152 4189 1466 4256 dilectione,
1510 4209 1620 4263 quo
1648 4194 1750 4264 pia:
1788 4194 1912 4249 ﬁdei
1954 4210 2088 4251 con-

2200 4202 2332 4273 πρὸς
2361 4202 2454 4256 τὸν
2481 4201 2613 4256 Θεὸν
2646 4201 2888 4272 ἀγάπης,
2920 4203 2981 4254 ὲν
3024 4194 3068 4269 ᾧ
3094 4201 3195 4271 τῆς
3233 4199 3490 4264 εὐσεϐοῦς
3534 4201 3775 4265 πίστεως

514 4280 809 4337 fessionem
847 4282 1046 4340 litteris'
1086 4284 1465 4354 consignatam
1511 4297 1543 4336 a
1585 4285 1745 4340 nobis
1792 4287 2084 4355 petivistis,

2200 4292 2471 4363 ἔγγραφον
2504 4290 2875 4364 ὲπεζητήσατε
2921 4294 3056 4364 παρ’
3110 4291 3267 4363 ἡμῶν
3323 4292 3663 4363 ὁμολογίαν,
3701 4292 3773 4347 τὰ

512 4375 751 4445 primum
795 4373 1015 4444 quidem
1047 4374 1332 4431 tenuitatis
1373 4382 1538 4445 atque
1578 4374 1914 4432 inﬁrmitatis
1953 4394 2088 4434 mea:

2200 4384 2295 4455 μὲν
2326 4384 2519 4455 πρῶτα
2549 4383 3010 4453 ἐπαισθανόμενος
3036 4382 3136 4453 τῆς
3164 4382 3358 4437 ἑαυτοῦ
3381 4382 3771 4448 ταπεινώσεως

511 4467 771 4522 conscius
799 4466 1131 4537 respondere
1158 4467 1365 4522 veritus
1397 4483 1516 4523 sum
1552 4486 1566 4522 :
1598 4468 1693 4523 sed
1726 4469 1889 4524 simul
1923 4479 2088 4541 atque

2200 4450 2288 4529 ita).
2330 4450 2650 4540 ἀσθενείας,
2692 4450 2901 4530 ὤκνουν
2939 4450 3211 4549 πρὸςγτὴν
3255 4475 3584 4545 ἀπόκρισιν·
3611 4474 3772 4539 ὡςδδ

513 4559 739 4615 memini
775 4559 1040 4630 Apostoli,
1085 4561 1179 4632 qui
1230 4561 1404 4615 dixit:
1438 4559 1822 4630 Supportantes
1867 4564 2085 4618 invicem

2200 4567 2574 4637 ἐμνημόνευσα
2603 4565 2698 4621 τοῦ
2741 4568 3064 4621 Ἀποστόλου
3093 4567 3361 4630 εἰπόντος,
3397 4568 3775 4635 Ἀνεχόμενοι

513 4657 568 4707 in
596 4654 949 4724 citaritatef‘;
989 4662 1046 4710 et
1083 4668 1278 4709 rursus
1311 4651 1522 4709 :Corde
1571 4654 1708 4709 enim
1748 4654 1981 4710 creditur
2018 4657 2088 4711 ad

2200 4658 2479 4727 ἀλλήλων
2521 4659 2592 4712 ἐν
2631 4658 2833 4730 ἀγάπῃ
2857 4677 2870 4688 ·
2904 4661 3000 4713 καὶ
3030 4659 3212 4723 πάλιν,
3260 4659 3488 4728 Καρδίᾳ
3526 4659 3636 4730 γὰρ
3676 4676 3772 4713 πι-

504 4744 810 4815 justitiam:
829 4760 918 4797 ore
950 4758 1126 4798 autem
1152 4743 1411 4808 confessio
1440 4744 1500 4813 ﬁt
1530 4743 1599 4796 ad
1628 4743 1853 4799 salutem
1870 4745 1946 4813 υς
1973 4761 2086 4802 rem

2200 4750 2469 4804 στεύεται
2510 4755 2599 4819 εὶς
2640 4753 3068 4822 δικαιοσύνην,
3116 4754 3374 4821 στόματι
3423 4750 3495 4804 δὲ
3551 4745 3776 4821 ὀμολο⁹⁴

510 4836 876 4906 periculosam
930 4836 1085 4899 duxi.
1125 4836 1171 4892 si
1217 4836 1373 4891 vobis
1413 4849 1618 4889 morem
1670 4850 1778 4890 non
1812 4852 2083 4906 gererem,

2200 4837 2376 4908 γεῖται
2419 4841 2506 4904 είς
2538 4841 2868 4910 σωτηρίαν
2912 4842 3013 4894 οὐκ
3051 4839 3332 4894 ἀκίνδυνον
3378 4839 3681 4911 ἡγησάμην
3710 4838 3773 4891 τὸ

510 4925 840 4997 silentioque
863 4926 1159 4981 salutarem
1198 4925 1604 4980 confessionem
1631 4927 1988 4994 praeterirem,
2026 4927 2089 4981 fl-

2200 4933 2468 4985 ἀντειπεῖν
2507 4933 2607 5004 μὲν
2629 4934 2778 5005 ὑμῖν,
2811 4934 3086 5003 σιωπῆσαι
3118 4934 3177 4987 δὲ
3207 4932 3306 5005 τὴν
3337 4934 3613 5005 σωτήριον
3640 4935 3775 5002 ὀμο-

510 5017 726 5074 duciam
757 5017 967 5074 habens
990 5032 1088 5088 per
1113 5016 1396 5072 Christum
1412 5016 1467 5070 in
1493 5014 1625 5082 Deo,
1653 5016 1798 5073 sicut
1819 5020 2085 5089 scriptum

2200 5022 2398 5091 λογίαν,
2433 5024 2754 5096 πεποίθησιν
2800 5025 2939 5096 ἔχων
2964 5025 3052 5078 διὰ
3086 5023 3180 5078 τοῦ
3224 5023 3466 5098 Χριστοῦ
3506 5024 3644 5097 πρὸς
3678 5022 3773 5077 τὸν

511 5117 597 5167 est
628 5129 643 5166 :
678 5107 801 5166 Non
828 5111 968 5182 quod
993 5110 1300 5181 suﬁcientes
1329 5111 1498 5165 simus
1541 5108 1771 5181 cogitare
1807 5111 2011 5182 aliquid
2053 5129 2089 5166 α

2200 5114 2345 5181 Θεὸν,
2381 5115 2457 5180 ὡς
2499 5116 2842 5188 γέγραπταισ
2885 5119 3009 5187 Οὐχ
3059 5117 3152 5172 ὅτι
3196 5117 3393 5172 ἱκανοί
3425 5116 3620 5187 ἐσμεν
3670 5114 3773 5185 ἀφ’

580 5271 626 5304 ⁷⁸
664 5269 812 5326 Psal.
847 5274 959 5337 cit,
994 5268 1085 5326 18.
1161 5268 1209 5302 '°
1245 5267 1425 5325 Galat.
1462 5284 1519 5333 ν,
1556 5266 1611 5322 ϐ.
1685 5267 1729 5301 ⁸¹
1775 5266 1972 5338 Ephes.
2006 5283 2083 5334 tv,

2250 5270 2298 5302 ⁸⁸
2337 5268 2497 5324 Rom.
2533 5287 2606 5339 ι,
2641 5270 2731 5327 10.

582 5425 693 5498 (95)
713 5424 891 5498 Editio
913 5424 1092 5481 Paris.
1121 5424 1405 5489 ἀπειθείας
1422 5422 1740 5498 δυναίμεθα,
1769 5422 1927 5489 ἄξιον.
1958 5422 2078 5498 vox

2200 5438 2287 5478 iec
2312 5422 2560 5498 dubium,
2591 5425 3191 5498 quinabesseﬁdebeat.
3231 5425 3400 5498 Haud
3420 5430 3586 5498 longe
3615 5436 3774 5485 utra-

509 5494 822 5567 δυναίμεθα
852 5512 1030 5567 neque.
1083 5497 1136 5566 in
1187 5498 1391 5552 nostris
1431 5495 1739 5561 codicibus,
1799 5509 1975 5565 neque
2024 5495 2081 5548 in

2200 5495 2483 5567 queeditio
2509 5495 2911 5567 ὑπεςητήσατε.
2946 5497 3129 5553 Codex
3157 5494 3400 5555 Combel'.‘
3426 5510 3483 5557 et
3516 5494 3612 5553 alii
3662 5500 3775 5555 duo

510 5563 761 5645 editione
781 5563 980 5645 γεμιεῄ
1022 5563 1239 5645 legitur.
1328 5639 1342 5645 _
1459 5638 1486 5645 _
1580 5636 1624 5645 __
1733 5636 1747 5645 ι
1819 5638 1833 5645 _
1889 5563 1901 5565 ἡ
2188 5563 2582 5645 ξπεζητῄσατε.
2617 5563 2907 5645 Μριήιεε.
2939 5568 3050 5627 duo
3085 5578 3282 5642 praeter
3307 5569 3774 5631 Combeﬁsianun

582 5635 691 5707 (94)
724 5636 902 5709 Editio
929 5635 1111 5709 Paris,
1146 5636 1292 5701 ἄξιον
1325 5639 1392 5692 ὲκ
1425 5638 1546 5708 τῆς.
1580 5636 1784 5695 Vocula
1816 5638 1880 5690 ὲκ
1907 5648 2085 5709 neque

2200 5635 2428 5690 ιααυτοῦ
2461 5636 2864 5709 ταπεινότητος.

509 5706 829 5778 ίιιςιιοειῐὶε,
881 5722 1052 5775 neque
1099 5706 1154 5763 in
1187 5706 1496 5765 Combelisii
1537 5709 1726 5765 codice
1779 5708 2078 5778 reperitur;
