3982 6240
489 297 597 358 679

1885 298 1940 352 S.
1985 297 2234 352 BASILil
2277 296 2495 352 MAG.“

3656 299 3766 357 δεῖ)

490 413 969 486 persuasissimam
1003 414 1424 486 habens:qnam
1458 412 1616 470 tidem
1635 414 1875 470 ostendit
1900 415 2071 468 Aura-

2186 433 2276 468 :uw
2306 416 2365 468 ἐν
2412 413 2755 487 πληροφορίᾳ
2788 412 3183 485 τῆςάληθείας
3232 412 3339 467 τῶν
3368 412 3765 485 κηρυχθέντων

493 507 616 561 bam
660 508 764 561 hoc
809 509 1126 562 testimonio
1169 508 1424 563 laudatus
1459 527 1472 563 :
1507 506 1630 562 Non
1668 508 1931 563 ha’sitacit
1962 507 2073 577 dif-

492 601 733 664 ﬁdentia,
763 599 854 652 sed
885 600 1216 668 confortatus
1240 609 1318 653 est
1348 598 1474 668 fide,
1508 597 1644 653 dans
1678 599 1905 669 gloriam
1925 598 2071 653 Deo:

492 693 598 744 imo
624 691 929 759 plenissime
973 694 1145 744 sciens
1188 693 1325 761 quod
1366 691 1411 743 is
1450 691 1539 760 qui
1574 690 1842 759 promisit,
1889 702 2074 756 potens

491 793 569 837 est
625 792 674 836 et
706 782 881 852 facere
903 783 970 836 ⁸9.
1025 783 1179 847 Quod
1238 782 1285 836 si
1351 779 1553 834 Fidelis
1594 791 1673 835 est
1727 781 1986 836 Dominus
2020 783 2077 835 in

495 874 743 927 omnibus
789 872 956 927 verbis
1007 873 1118 927 suis
1144 873 1213 937 ’°,
1275 871 1491 927 Fidelia
1519 874 1681 926 etiam
1712 873 1894 927 omnia
1918 889 2075 927 man-

494 968 625 1023 data
644 969 779 1039 ejus,
800 970 1116 1041 confirmata
1132 972 1187 1025 in
1209 972 1462 1026 stcculum
1487 972 1687 1035 stre-uti,
1696 972 1841 1041 facta
1865 973 1921 1026 in
1946 974 2078 1027 veri-

496 1071 603 1116 tate
635 1072 685 1116 et
718 1064 963 1135 (equitate
993 1064 1061 1129 ⁹¹,
1103 1064 1431 1119 manifestus
1473 1080 1504 1119 a
1547 1064 1649 1119 (ide
1682 1066 1870 1135 lapsus
1897 1072 1982 1121 est
2010 1079 2075 1118 ac

496 1155 770 1225 superbiae
822 1155 1058 1219 crimen,
1115 1156 1160 1210 si
1212 1157 1339 1226 quis
1394 1163 1488 1210 aut
1544 1155 1845 1226 quidquam
1884 1170 2075 1210 eorum

495 1261 619 1316 quae
654 1247 859 1317 scripta
894 1255 1022 1302 sunt
1074 1249 1348 1317 reprobct,
1382 1255 1477 1301 aut
1511 1247 1716 1318 aliquid
1747 1262 1814 1302 ex
1856 1247 1924 1302 iis
1957 1263 2079 1318 qua:

497 1337 717 1407 scriptis
745 1338 1000 1392 mandata
1033 1354 1139 1391 non
1169 1347 1322 1401 sunt,
1360 1337 1690 1404 introducat,
1736 1353 1862 1394 cum
1894 1337 2080 1394 Domi-

498 1443 604 1482 nus
644 1437 834 1483 nostcr
860 1425 1020 1483 Jesus
1046 1427 1302 1483 Christus
1347 1429 1532 1484 dicat:
1577 1428 1707 1484 Oves
1740 1446 1869 1484 mea:
1903 1446 2078 1485 vocem

498 1533 670 1572 meam
699 1518 925 1571 audiunt
953 1519 1033 1585 9’;
1069 1528 1124 1573 et.
1169 1519 1332 1588 paulo
1366 1526 1493 1574 ante
1520 1519 1737 1574 dixerat
1771 1537 1784 1572 :
1826 1518 2078 1574 Alienum

495 1619 674 1665 autem
714 1626 819 1664 non
857 1620 1159 1681 sequentur,
1207 1609 1296 1664 sed
1327 1610 1529 1682 fugient
1573 1609 1639 1664 ab
1672 1627 1732 1665 eo
1768 1626 1788 1665 :
1824 1612 1948 1682 quia
1975 1629 2077 1666 non

497 1713 942 1758 noveruntvacem
976 1703 1275 1756 alienorum
1299 1702 1345 1734 ’³
1373 1721 1387 1757 :
1411 1702 1838 1774 Apostolusque,
1859 1715 2079 1774 sumpto

2174 507 2310 561 Θεοῦ
2327 508 2529 580 χάριτι,
2546 507 2738 577 ἥντινα
2752 504 3065 572 ἐπεδείξατο
3098 504 3467 577 μαρτυρηθεὶς
3484 503 3764 575 Ἀϐραὰμ,

2173 603 2258 656 ὅτι
2298 603 2381 654 Οὐ
2422 599 2687 668 διεκρίθη
2742 597 2813 667 τῇ
2869 597 3136 664 ἀπιστίᾳ,
3176 596 3313 651 ἀλλ’
3341 595 3764 666 ἐνεδυναμώθη

2175 689 2252 759 τῇ
2277 690 2501 756 πίστει,
2543 688 2690 754 δοὺς
2729 687 2918 752 δόξαν
2936 687 3018 752 τῷ
3044 685 3195 751 Θεῷ,
3238 685 3337 739 καί
3372 689 3760 755 πληροφορηι

2176 781 2293 848 θεὶς
2326 781 2437 845 ὅτι,
2466 780 2499 835 δ
2526 780 2906 850 ἐπήγγελται,
2924 779 3185 845 δυνατός
3203 779 3279 851 (4)
3303 780 3436 833 ἐστι
3465 779 3569 835 καὶ
3597 778 3765 849 natii-

2175 890 2300 927 σαι.
2321 875 2382 927 Εἰ
2402 873 2457 927 δὲ
2473 871 2696 939 Πιστὸς
2725 872 2822 943 μὲν
2839 875 2873 926 ό
2901 873 3119 941 Κύριος
3137 872 3209 925 ἐν
3233 870 3382 927 πᾶσι
3410 871 3539 939 τοῖς
3556 873 3765 941 ,λόγοις

2175 962 2385 1027 αὐτοῦ,
2415 963 2629 1016 Πισταὶ
2647 962 2706 1015 δὲ
2737 959 2927 1016 πᾶσαι
2942 965 3001 1015 at
3016 962 3257 1015 ἐντολαὶ
3289 960 3501 1026 αὑτοῦ,
3522 962 3763 1031 ὲστηρι·

2177 1057 2485 1128 ﬁuit-assii;
2513 1050 2620 1110 τὺὶρ
2644 1055 2830 1109 αὶῶνα
2859 1053 2968 1108 τοῦ
2997 1054 3230 1120 αἰῶνος,
3264 1054 3665 1124 πεποιημέναι
3697 1056 3766 1109 ἐν

2177 1151 2428 1218 ἀληθείᾳ
2460 1134 2570 1205 ’καὶ
2615 1150 2915 1217 εηὺθύτητι,
2970 1149 3180 1219 φανερὰ
3210 1148 3486 1212 ἔκπτωσις
3516 1148 3765 1212 πίστεως

2179 1243 2272 1297 καὶ
2329 1240 2710 1313 ὑπερηφανίας
2745 1238 3072 1310 κατηγορία,
3111 1238 3145 1311 ἢ
3179 1237 3392 1291 ἀθετεῖν
3426 1254 3481 1290 τι
3518 1236 3633 1290 τῶν
3673 1254 3767 1307 γε·

2178 1333 2536 1404 γραμμένων,
2566 1331 2599 1402 ἢ
2626 1330 2943 1398 ἐπεισάγειν
2974 1330 3085 1385 τῶν
3117 1331 3191 1401 μὴ
3207 1329 3640 1402 γεγραμμένων,
3668 1328 3764 1383 τοῦ

2180 1425 2385 1497 Κυρίου
2420 1423 2579 1496 ἡμῶν
2621 1422 2793 1495 Ἰησοῦ
2829 1422 3067 1494 Χριστοῦ
3089 1422 3453 1486 εἰπόντος-Τὰ
3471 1420 3587 1492 ἐμὰ
3618 1425 3766 1493 πρό-

2181 1519 2327 1570 ϐατα
2354 1514 2463 1584 τῆς
2509 1512 2658 1584 ἐμῆς
2687 1513 2894 1584 φωνῆς
2935 1515 3142 1569 ἀκούει
3166 1532 3178 1545 ·
3217 1515 3312 1568 καὶ
3346 1515 3452 1586 πρὸ
3467 1515 3664 1569 τούτου
3706 1516 3767 1570 δὲ

2179 1607 2496 1677 εἰρηκότος·
2544 1606 2857 1674 Ἀλλοτρίῳ
2891 1605 2960 1659 δὲ
3004 1607 3077 1659 οὐ
3102 1604 3190 1675 μὴ
3237 1605 3762 1672 ἀκολουθήσων,

2180 1699 2341 1754 ἀλλὰ
2360 1699 2681 1768 φεύξονται
2702 1699 2801 1752 ἀπ’
2815 1697 3000 1752 αὑτοῦ
3025 1713 3039 1728 ⁶
3065 1698 3151 1752 ὅτι
3168 1699 3279 1751 οὐκ
3296 1697 3497 1752 οἴδασι
3512 1700 3635 1755 τῶν
3660 1698 3768 1753 ἄλ-

496 1813 566 1851 ex
599 1796 914 1852 hominibus
943 1797 1214 1865 exemplo,
1251 1794 1533 1865 quidpiam
1575 1794 1631 1849 in
1679 1795 1881 1850 divinis
1928 1794 2078 1850 Scri-

2186 1792 2432 1859 λοτρίων
2476 1790 2591 1859 τὴν
2629 1789 2874 1861 φωνήν·
2907 1789 3126 1845 καὶτοῦ
3174 1789 3498 1843 Ἀποστόλου
3533 1792 3592 1844 ὲν
3623 1792 3763 1844 ὑπο-

498 1890 676 1960 pturis
722 1888 945 1952 addere,
977 1896 1072 1942 aut
1103 1888 1324 1943 demere
1373 1888 1751 1943 vehementius
1792 1896 1960 1952 vetet,
1993 1888 2078 1944 his

496 1980 678 2035 verbis
704 1996 723 2035 :
758 1978 953 2034 Tamen
1009 1978 1239 2034 hominis
1272 1979 1647 2049 conﬁrmatum
1704 1988 2078 2035 testamentum

497 2084 647 2125 nemo
682 2072 902 2139 spernit,
935 2081 1026 2124 aut
1054 2069 1427 2140 superardinat
1450 2070 1520 2126 “.

564 2245 620 2299 2.
662 2244 892 2301 Omnem
939 2245 1121 2316 itaque
1179 2260 1367 2302 vocem
1421 2262 1485 2303 ac
1532 2251 1858 2304 sententiam
1907 2265 1937 2305 a
1973 2250 2082 2305 Do-

493 2339 626 2393 mini
654 2338 817 2409 225
846 2339 1092 2394 doctrina
1114 2340 1346 2395 alienam
1371 2341 1453 2397 sic
1484 2358 1586 2398 nos
1613 2358 1830 2413 semper
1853 2352 1909 2400 et
1928 2357 2080 2398 nunc

499 2427 683 2501 fugere
703 2431 1018 2496 statuimus,
1061 2447 1187 2486 cum
1222 2448 1443 2504 scopus,
1479 2436 1596 2505 qui.
1631 2435 1710 2489 uti
1763 2435 1919 2506 prius
1942 2434 2080 2501 dixi,

497 2538 647 2578 nunc
677 2522 836 2577 nobis
870 2532 924 2578 et
954 2523 1108 2578 vobis
1138 2526 1456 2595 propositus
1505 2534 1610 2585 est.
1670 2528 1737 2580 ab
1784 2542 2082 2597 argumen-

499 2615 572 2669 tis
613 2614 747 2677 illis,
790 2629 818 2668 ο
855 2615 1058 2685 quibus
1090 2615 1227 2670 alias
1267 2617 1371 2671 alia
1403 2620 1572 2673 modo
1602 2619 1671 2672 ad
1724 2618 1930 2688 aliquid
1988 2626 2085 2672 aut

499 2703 853 2758 scribendum
929 2711 1025 2759 aut
1080 2703 1372 2760 dicendum
1441 2705 1868 2771 adducebamur,
1937 2706 2081 2771 mut-

499 2796 615 2843 tum
645 2789 880 2845 diderat.
910 2789 1044 2845 Nam
1075 2799 1207 2847 tunc
1236 2792 1453 2863 quidem
1482 2794 1772 2865 confutare
1801 2796 2081 2861 haeresim,

501 2889 559 2936 et
607 2880 813 2935 diaboli
866 2882 1100 2939 insidias
1137 2883 1454 2940 subvertere
1508 2886 1894 2940 conabamur:
1937 2902 2085 2943 nunc

502 2985 636 3025 vero
658 2969 983 3040 simpliciter
1009 2971 1168 3028 [idem
1208 2989 1396 3029 sanam
1427 2976 1674 3030 confiteri
1708 2990 1773 3031 ac
1800 2977 2084 3033 declarare

501 3064 665 3119 nobis
712 3066 1093 3135 proponimus.
1138 3066 1330 3139 Itaque
1386 3085 1533 3125 nunc
1579 3071 1740 3126 nobis
1773 3086 1882 3127 non
1936 3071 2081 3127 idem

500 3155 758 3226 congruit
787 3156 1003 3212 dicendi
1034 3174 1227 3229 genus.
1249 3160 1718 3226 Quemadmodum
1748 3165 1894 3218 enim
1917 3164 2080 3218 homo

498 3246 595 3318 qui
624 3248 974 3318 praeliaturus
998 3258 1103 3318 est,
1134 3260 1188 3307 et
1219 3253 1315 3322 qui
1348 3268 1568 3323 Operam
1609 3254 1961 3324 agriculturae
1983 3255 2083 3309 da-

498 3345 681 3404 turus,
740 3356 850 3395 non
893 3341 1085 3396 eadem
1139 3343 1197 3398 in
1247 3359 1443 3400 manus
1500 3346 1866 3401 instrumenta
1914 3348 2082 3403 sumit

501 3429 632 3502 (alia
656 3446 894 3503 namque
925 3440 1055 3495 sunt
1083 3435 1449 3491 instrumenta
1485 3453 1677 3491 eorum
1706 3439 1799 3508 qui
1832 3439 1888 3493 in
1918 3455 2082 3495 secu-

503 3522 670 3578 ritate
708 3538 798 3580 res
844 3525 913 3580 ad
949 3526 1154 3581 victum
1187 3529 1529 3584 necessarias
1573 3530 1677 3585 sibi
1733 3530 1836 3601 ipsi
1890 3531 2082 3588 labore

499 3622 714 3685 parant,
742 3623 797 3672 et
820 3617 939 3672 aliae
970 3626 1100 3673 sunt
1133 3629 1427 3676 armaturae
1457 3636 1647 3676 eorum
1689 3623 1781 3692 qui
1825 3623 1880 3679 in
1932 3623 2077 3679 bello

500 3707 878 3780 ordinantur),
929 3709 1011 3766 sic
1040 3712 1135 3782 qui
1173 3711 1230 3766 in
1267 3727 1400 3768 sana
1456 3714 1701 3769 doctrina
1736 3716 2077 3782 cohortatur,

420 3804 427 3811 ’
498 3807 556 3853 et
584 3800 677 3870 qui
741 3801 1182 3860 contradicentes
1215 3804 1437 3871 refutat,
1486 3806 1677 3862 eodem
1734 3807 1950 3862 dicendi
1987 3823 2083 3879 ge-

500 3880 633 3946 nere
679 3907 787 3947 non
841 3901 1045 3951 utatur.
1105 3894 1271 3950 Aliud
1325 3897 1471 3952 enim
1509 3908 1811 3968 usurpatur
1861 3898 2082 3954 dicendi

499 3995 672 4050 genus
700 3981 769 4037 ad
801 3984 1178 4051 refellendum,
1209 3986 1360 4042 aliud
1403 3989 1472 4044 ad
1502 3988 1925 4045 exhortandum.
1959 3990 2080 4045 Alia

499 4076 826 4146 simplicitas
857 4094 1048 4134 eorum
1074 4081 1168 4152 qui
1212 4082 1267 4137 in
1306 4098 1441 4153 pace
1490 4085 1753 4155 pietatem
1814 4086 2081 4143 conﬁten-

499 4173 613 4229 tur,
638 4175 694 4223 et
743 4169 833 4222 alii
869 4170 1101 4228 sudores
1144 4187 1334 4228 eorum
1385 4174 1478 4245 qui
1533 4191 1592 4231 se
1630 4176 1895 4233 adversus
1929 4177 2081 4233 falsas

500 4257 752 4315 scientia:
782 4260 1202 4331 discrepantiam
1229 4275 1533 4335 opponunt.
1563 4267 1937 4335 Quamobrem
1970 4285 2075 4325 nos

497 4364 718 4420 quoque
751 4352 832 4407 sic
875 4367 1159 4435 sermones
1190 4364 1412 4414 nostros
1449 4359 1506 4414 in
1533 4359 1745 4429 judicio
1796 4363 2085 4433 disponen-

2179 1882 2428 1954 δείγματι
2463 1883 2788 1956 ἀνθρωπίνῳ
2835 1883 3191 1955 σφοδρότερον
3231 1881 3674 1954 ἀπαγορεύοντος
3702 1884 3766 1937 τὺ

2182 1975 2494 2047 προσθεῖναι
2537 1976 2569 2049 ἢ
2616 1975 2831 2046 ὑφελεῖν
2868 1992 2922 2027 τι
2961 1977 3018 2028 ὲν
3047 1978 3166 2038 ταῖς
3200 1974 3581 2039 θεοπνεύστοις
3620 1976 3768 2049 Γραο

2181 2069 2326 2135 φαῖς.
2356 2066 2423 2120 δι’
2456 2060 2531 2119 ὧν
2553 2082 2717 2136 φησιν
2735 2082 2749 2096 σ
2782 2066 2972 2135 Ὅμως
2990 2063 3306 2133 ἀνθρώπου
3338 2064 3769 2136 κεκυρωμένην·

2180 2156 2476 2226 διαθήκην
2512 2156 2713 2224 οὐδεὶς
2752 2156 2961 2219 ἀθετεῖ,
2987 2156 3025 2224 ἢ
3062 2155 3573 2211 ἐπιδιατάσσεται.

2251 2249 2303 2302 2.
2350 2250 2534 2301 Πᾶταν
2568 2252 2665 2318 μὲν
2693 2243 2786 2301 οὖν
2817 2247 3101 2319 ἀλλοτρίαν
3128 2248 3226 2317 τῆς
3250 2247 3343 2301 τοῦ
3378 2248 3586 2320 Κυρίου
3612 2249 3763 2302 διδαο

2186 2338 2410 2401 σκαλίας
2438 2338 2619 2409 φωνὴν
2641 2339 2736 2391 καὶ
2776 2337 2983 2391 ἔννοιαν
3016 2336 3185 2402 οὕτως
3219 2340 3380 2409 ἡμεῖς
3404 2341 3637 2392 πάντοτε
3670 2340 3771 2393 καὶ

2184 2431 2278 2486 νῦν
2333 2430 2668 2501 ἀποφεύγειν
2711 2429 2787 2502 (5)
2815 2428 3153 2500 ἐγνώκαμεν,
3183 2431 3276 2484 καὶ
3312 2429 3407 2483 τοῦ
3445 2430 3653 2483 σκοποῦ
3685 2431 3767 2498 δὲ,

2182 2524 2257 2588 ὡς
2288 2527 2565 2595 προεῖπον,
2593 2523 2686 2577 τοῦ
2715 2523 2809 2577 νῦν
2839 2524 2971 2594 ἡμῖν
3002 2540 3062 2575 τε
3092 2523 3185 2576 καὶ
3217 2523 3346 2593 ὑμῖν
3375 2524 3768 2594 προκειμένου,

2185 2615 2463 2667 καταπολὺ
2508 2614 2857 2685 διαφέροντος
2909 2611 3016 2666 τῶν
3047 2611 3358 2665 ὑποθέσεων
3389 2613 3636 2675 ἐκείνων,
3674 2615 3767 2683 ὑφ’

2185 2698 2260 2759 ὧν
2292 2705 2478 2759 ἄλλοτε
2498 2704 2672 2770 ἄλλως
2694 2706 2787 2758 ἐπὶ
2819 2704 2883 2758 τὸ
2914 2704 3124 2776 γράψαι
3144 2721 3195 2756 τι
3223 2704 3450 2776 ἣείπείν
3479 2704 3769 2777 προήχθης⁸

2189 2815 2308 2868 μεν.
2333 2798 2474 2850 Διότι
2508 2797 2629 2850 τότε
2667 2797 2767 2867 μὲν
2810 2797 3077 2867 αἱρέσεως
3120 2796 3339 2866 ἔλεγχος
3364 2797 3459 2850 καὶ
3479 2798 3767 2871 ἀνατροπὴ

2184 2890 2283 2961 τῆς
2314 2890 2406 2943 τοῦ
2429 2889 2672 2942 διαϐόλου
2705 2887 2986 2959 μεθοδείας
3011 2887 3403 2953 ἐσπουδάζετο,
3447 2886 3544 2940 νῦν
3580 2887 3641 2941 δὲ
3664 2888 3766 2958 τῆς

2186 2981 2538 3053 ὑγιαινούσης
2571 2981 2806 3045 πίστεως
2834 2981 2911 3052 (6)
2940 2979 3200 3051 ὁμολογία
3234 2996 3292 3032 τε
3327 2979 3423 3033 καὶ
3456 2978 3765 3049 φανέρωσις

2185 3074 2329 3145 ἁπλῆ
2363 3073 2668 3145 πρόκειται.
2727 3070 2934 3125 Οὐκοῦν
2972 3068 3094 3123 οὕτε
3144 3068 3239 3123 τοῦ
3273 3070 3434 3137 λόγου
3477 3069 3765 3142 χαρακτὴρ

2183 3169 2212 3220 ό
2233 3166 2392 3229 αὐτὸς
2425 3167 2559 3236 ἡμῖν
2585 3165 2678 3219 καὶ
2709 3162 2804 3219 νῦν
2835 3163 3087 3234 ἁρμόζει.
3124 3163 3213 3227 Ὠς
3238 3162 3348 3234 γὰρ
3375 3163 3479 3216 οὐκ
3510 3163 3578 3218 ἂν
3607 3163 3769 3216 λάϐοι

2186 3257 2322 3330 μετὰ
2348 3261 2539 3328 χεῖρας
2567 3256 2851 3330 ἄνθρωπος
2883 3257 3049 3326 σκεύη
3077 3256 3146 3310 τὰ
3178 3256 3317 3311 αὐτὰ
3365 3255 3617 3326 πολεμῶν
3668 3256 3767 3312 καὶ

2182 3349 2443 3421 γεωργῶν
2472 3348 2627 3417 (ἄλλα
2666 3348 2774 3419 γὰρ
2817 3347 2988 3418 σκεύη
3027 3346 3136 3401 τῶν
3162 3348 3220 3402 ἐν
3248 3347 3402 3420 ἀδείᾳ
3436 3348 3505 3401 τὰ
3535 3349 3675 3422 πρὸς
3704 3349 3770 3408 τὸ

2184 3444 2281 3514 ζῇν
2309 3445 2521 3505 ἑαυτοῖς
2542 3441 2933 3504 ἐκπονούντων,
2965 3441 3120 3496 ἄλλαι
3149 3442 3205 3494 δὲ
3231 3440 3526 3497 πανοπλίαι
3551 3443 3629 3516 (7)
3654 3443 3769 3498 τῶδ

2182 3537 2239 3589 ὲν
2272 3535 2492 3606 πολέμῳ
2517 3532 3064 3607 παρατασσομένων),
3102 3533 3275 3599 οὕτως
3302 3536 3402 3588 οὑκ
3424 3535 3491 3589 ἂν
3523 3536 3673 3589 εἴποι
3696 3534 3771 3591 τὰ

2181 3627 2322 3682 αὑτὰ
2349 3631 2377 3682 ὁ
2407 3626 2739 3699 παρακαλῶν
2770 3629 2826 3680 ὲν
2857 3630 2923 3698 τῇ
2959 3627 3277 3700 ὑγιαινούσῃ
3302 3628 3643 3701 διδασκαλίᾳ.
3671 3627 3771 3681 καὶ

2181 3721 2209 3772 ὁ
2233 3721 2357 3782 τοὺς
2398 3717 2777 3786 ἀντιλέγοντας
2807 3717 3062 3788 ἐλέγχων.
3107 3718 3271 3772 Ἄλλο
3289 3719 3398 3791 γὰρ
3427 3715 3570 3783 εἶδος
3601 3719 3764 3788 λόγου

2182 3808 2500 3879 ὲλεγκτικοῦ
2524 3847 2540 3872 ,
2597 3809 2693 3863 καὶ
2747 3807 2874 3864 ἄλλο
2916 3804 3056 3872 εἶδος
3112 3808 3270 3879 λόγου
3324 3809 3767 3882 παρακλητικοῦ.

2188 3900 2359 3973 Ἀλλη
2384 3901 2624 3972 ἁπλότης
2660 3900 2771 3954 τῶν
2816 3903 2874 3954 έν
2902 3902 3092 3974 εἰρήνῃ
3125 3901 3224 3973 τὴν
3258 3902 3543 3957 εὐσέϐειαν
3568 3905 3768 3974 ὁμολο-

2181 3995 2443 4065 γούντων,
2483 3995 2577 4049 καὶ
2625 3993 2773 4049 ἄλλοι
2801 3992 3023 4066 ἱδρῶτες
3073 3993 3182 4048 τῶν
3222 3994 3360 4066 πρὸς
3404 3995 3503 4060 τὰς
3548 3996 3770 4051 ἀντιθέο

2184 4105 2297 4153 σεις
2324 4087 2422 4159 τῆς
2457 4085 2809 4159 ψευδωνύμου
2843 4084 3098 4154 γνώσεως
3136 4086 3461 4157 ἱσταμένων.
3502 4088 3668 4141 Ὥστε
3700 4089 3770 4146 ἂν

2181 4181 2354 4253 τούτῳ
2369 4181 2447 4253 τῷ
2469 4180 2656 4253 τρόπῳ
2680 4179 2774 4234 καὶ
2799 4180 2957 4251 ἡμεῖς
2982 4179 3390 4250 οἰκονομοῦντες
3416 4181 3546 4243 τοὺς
3572 4180 3768 4250 λόγους

2184 4271 2341 4344 ήμῶν
2373 4275 2430 4326 ὲν
2486 4272 2691 4344 κρίσει,
2722 4270 3000 4343 πανταχοῦ
3020 4274 3134 4335 τοῖς
3161 4271 3297 4344 πρὸς
3320 4271 3418 4341 τὴν
3452 4272 3702 4342 φυλακὴν
3729 4271 3766 4345 ἢ

2183 4363 2471 4435 οἰκοδομὴν
2503 4362 2602 4434 τῆς
2635 4363 2872 4428 πίστεως
2899 4362 3205 4428 ἀκολούθως
3233 4362 3604 4434 χρησαίμεθα,
3633 4364 3771 4418 ποτὶ

498 4445 602 4502 tes,
640 4437 841 4509 ubique
876 4455 942 4495 ea
974 4457 1097 4512 quae
1128 4444 1197 4499 ad
1228 4446 1645 4503 custodiendam
1680 4460 1775 4504 aut
1810 4451 2078 4506 aediﬁcan-

2195 4455 2296 4526 μὲν
2315 4458 2428 4519 τοῖς
2451 4456 2508 4508 ἐν
2533 4454 2784 4526 μεθοδείᾳ
2816 4454 2910 4508 τοῦ
2942 4454 3188 4509 διαϐόλου
3229 4455 3522 4510 καταλύειν
3556 4473 3767 4528 πειρω-

497 4530 624 4586 dam
659 4529 821 4588 ﬁdem
880 4536 1177 4604 pertinent,
1230 4538 1397 4594 modo
1429 4549 1558 4611 apto
1589 4549 1756 4613 atque
1783 4552 2080 4599 consenta-

497 4640 604 4680 neo
633 4624 1014 4692 adhibeamus,
1051 4628 1133 4685 sic
1164 4638 1224 4685 ut
1251 4631 1416 4686 modo
1452 4633 1519 4688 iis
1558 4635 1649 4707 qui
1688 4635 1964 4690 diabolico
1995 4653 2084 4691 ar-

499 4714 671 4771 tiﬁcio
699 4731 820 4772 eam
851 4716 1135 4777 destruere
1162 4722 1433 4787 nituntur,
1473 4729 1794 4782 resistamus
1823 4728 2081 4797 validius,

495 4806 661 4862 modo
692 4822 822 4863 vero
846 4809 916 4865 iis
950 4811 1042 4880 qui
1072 4811 1130 4866 in
1166 4813 1285 4883 ipsa
1318 4814 1579 4871 aediﬁcari
1609 4817 1822 4882 volunt,
1866 4819 2081 4890 simpli—

494 4896 618 4952 cius
661 4905 716 4953 et
763 4896 1089 4957 familiarius
1147 4902 1321 4972 ipsam
1378 4921 1720 4970 exponamus
1754 4947 1769 4970 ,
1833 4909 2082 4981 nihilque

495 4988 643 5046 aliud
697 4994 1022 5064 peragamus
1052 5008 1217 5064 quam
1256 4996 1404 5066 quod
1456 4997 1526 5053 ab
1559 4996 1825 5070 Apostolo
1860 5000 2079 5056 dictum

2190 4547 2371 4617 μένοις
2424 4547 2593 4618 αὐτὴν
2650 4546 3151 4621 ἀγωνιστικώτερον
3203 4548 3279 4619 (8)
3338 4548 3763 4620 ἁνθιστάμενοι,

2186 4638 2317 4691 ποτὲ
2344 4636 2400 4690 δὲ
2418 4640 2529 4701 τοῖς
2547 4637 2944 4710 οἰκοδομεῖσθαι
2965 4638 3307 4711 βουλομένοις
3327 4641 3386 4694 ἐν
3413 4642 3551 4712 αὑτῇ
3576 4642 3766 4696 ἁπλοῖ-

2184 4725 2424 4798 κώτερον
2477 4727 2572 4780 καὶ
2619 4728 2947 4801 οἰκειότερον
3003 4728 3171 4801 αὑτὴν
3231 4729 3611 4800 ἐξηγούμενοι,
3672 4735 3767 4785 καὶ

2183 4817 2337 4872 οὐδὲν
2367 4817 2496 4872 ἄλλο
2520 4818 2800 4883 ποιοῦντες
2828 4820 2860 4890 ἢ
2895 4821 3071 4873 έκεῖνο
3098 4820 3160 4873 τὸ
3186 4820 3340 4892 παρὰ
3372 4824 3469 4877 τοῦ
3506 4822 3769 4877 ’Δποστό-

2181 4908 2273 4962 λου
2302 4906 2376 4977 (9)
2399 4907 2689 4979 εἰρημένον
2709 4925 2721 4938 ⁸
2752 4908 2991 4964 Εὶδέναι
3022 4906 3148 4975 ,πῶς
3178 4907 3271 4964 δεῖ
3306 4903 3464 4978 ὑμᾶς
3498 4911 3590 4965 ἐνὶ
3632 4911 3767 4965 ἐλά-

2182 5017 2307 5068 στῳ
2343 4999 2762 5069 ἀποκριθῆναι.
2797 5002 2934 5073 Πρὶν
2962 5001 3019 5056 δὲ
3044 5001 3214 5056 ἐλθεῖν
3243 5002 3330 5055 ἐπ’
3347 5003 3521 5073 αὐτὴν
3543 5003 3641 5075 τὴν
3665 5004 3766 5075 τῆς

564 5162 610 5197 ⁸⁹
651 5163 812 5225 Rom.
842 5182 918 5233 εν,
949 5169 1041 5223 21.
1116 5170 1162 5202 ’θ
1200 5169 1345 5228 Psal.
1381 5187 1572 5239 cxuv,
1616 5174 1704 5230 13.
1780 5177 1826 5209 ⁸⁸
1865 5175 2012 5233 Psal.
2045 5192 2074 5232 c

2186 5178 2224 5235 Β.
2305 5175 2511 5235 "Joan.
2550 5195 2582 5234 ι
2606 5219 2620 5245 ,
2652 5178 2743 5232 27.
2822 5181 2868 5213 ³³
2909 5180 3039 5236 ibid.
3077 5183 3130 5237 5.
3207 5184 3256 5214 "
3293 5182 3592 5250 Galat.m,
3631 5183 3725 5239 ib.

522 5382 526 5387 .
566 5319 641 5392 (4)
670 5320 863 5400 _Codex_
890 5320 1049 5378 Voss.
1081 5332 1135 5379 et
1167 5341 1310 5400 unus
1337 5323 1469 5400 Reg.
1500 5327 1836 5400 ἐπήγγελται
1863 5332 1892 5385 ὁ
1911 5330 2063 5395 θεὸς,

458 5391 735 5470 οδυνατός,
761 5399 816 5446 et
850 5394 924 5470 i_t_a
949 5409 1168 5463 quoque
1187 5391 1486 5470 legiturin
1530 5391 1672 5467 uagi
1700 5402 1875 5470 primo
1905 5391 2069 5456 manu

495 5465 822 5536 recentiore.
854 5462 983 5517 Moi
1015 5462 1155 5520 unus
1185 5462 1316 5536 Reg.
1353 5467 1532 5535 λόγοις
1554 5462 1742 5535 αὑτοῦ,
1780 5470 2069 5524 πιστεῦσαι

579 5531 745 5595 ἀξιον,
771 5533 851 5585 ὅτι
876 5536 1061 5612 πισταὶ
1093 5529 1524 5612 πίὶσαιξιξνζιίενέ
1558 5529 1739 5596 ααεεηι
1759 5557 1927 5611 Opera:
1951 5558 2071 5612 pre-

492 5599 637 5674 tium
657 5604 950 5674 est,omnia
982 5604 1237 5659 mandata
1266 5606 1448 5674 ﬁdelia
1477 5625 1609 5668 esse.

569 5669 646 5740 (5)
679 5670 809 5743 Reg.
847 5689 988 5730 unus
1010 5673 1104 5730 νῦν
1127 5669 1443 5747 ἀποφυγεῖν.

2237 5334 2314 5408 (δ)
2347 5333 2528 5408 Codex
2558 5333 2720 5408 Voss.
2760 5337 2858 5408 τῆς
2878 5338 3085 5408 ,ὑγιοῦς
3119 5340 3376 5403 πίστεως.

2241 5394 2317 5476 (7)
2351 5406 2576 5487 Antiqui
2606 5407 2721 5487 duo
2757 5394 3004 5464 libri‘x'a).
3037 5394 3193 5464 ἄλλαι
3231 5394 3434 5465 πανοπ.
3473 5411 3602 5468 Mox
3626 5412 3758 5487 Reg.

2168 5475 2314 5548 unus
2342 5475 2445 5548 οὑκ
2474 5475 2540 5529 ἂν
2575 5478 2724 5548 εἴπῃ.

2239 5545 2314 5614 (8)
2346 5544 2589 5622 Utraque
2616 5544 2783 5601 editio
2810 5555 2865 5622 et.
2888 5548 3021 5619 Reg.
3050 5550 3323 5622 secundus
3344 5551 3757 5622 ἀνταγωνιστώ

2167 5616 2493 5691 τερον.-ΑΙ-ἰί
2525 5628 2637 5691 tres
2672 5633 2807 5673 mss.
2837 5616 3366 5691 ἀγωνιστικώτερον.

2242 5683 2317 5756 t9)
2352 5683 2534 5742 Codex
2580 5685 2739 5744 Voss.
2782 5695 2838 5746 et
2864 5683 2957 5743 alii
2987 5689 3096 5746 duo
3127 5688 3232 5745 ὑπὸ
3253 5683 3371 5747 ’τοῦ
3407 5692 3768 5755 Ἀποστῶαδ.
3796 5690 3811 5703 ’
