3982 6240
236 251 340 306 R31

1724 258 1819 313 DE
1849 259 2026 316 FIDE.

3388 263 3494 318 63?.

237 368 478 429 πίστεως
515 363 804 434 ὁμολογίαν
826 404 841 428 ,
872 365 1092 417 κάκεῖνο
1146 365 1586 440 ἐπισημήνασθαι
1632 364 1806 431 ἀξιον·

1916 378 2037 424 est:
2075 367 2144 422 Ut
2174 369 2358 423 sciatis
2403 369 2660 440 quomodo
2691 381 2921 440 oporteat
2960 390 3047 428 vos
3095 374 3370 445 unicuique
3408 393 3491 431 re-

235 462 324 514 ὃτι
349 461 448 530 τὴν
485 458 578 511 τοῦ
613 457 747 510 Θεοῦ
784 457 1183 527 μεγαλειότητα
1222 459 1316 510 καὶ
1341 457 1519 522 δόξαν,
1555 459 1647 511 καὶ
1675 459 1817 529 λόγῳ

235 554 615 625 ἀπερίληπτον
665 547 854 617 οὖσαν,
902 553 994 605 καὶ
1024 551 1100 622 νῷ
1131 551 1240 623 (10)
1279 553 1682 623 ἀκατάληπτον,
1737 557 1817 608 ἐνὶ

237 646 341 714 μὲν
374 647 579 715 ῥήματι
599 645 632 712 ἢ
661 644 894 712 νοήματι
914 641 1035 695 οὔτε
1055 642 1382 712 δηλωθῆναι,
1407 643 1530 696 οὕτε
1562 645 1816 716 νοηθῆναι

232 730 353 786 οἷόν
386 751 445 784 τε
481 729 585 803 ἧν·
610 733 699 786 διὰ
752 731 1010 786 πλειόνων
1040 733 1096 784 δὲ
1133 732 1241 784 τῶν
1285 735 1723 805 ένστρεφομένων
1751 740 1816 808 τῇ

231 827 486 901 ἡμετέρᾳ
538 830 731 897 χρήσει
778 827 811 896 ἡ
857 825 1214 888 Θεόπνευστος
1269 826 1458 897 Γραφὴ
1505 827 1658 898 μόλις
1703 832 1817 893 τοῖς

233 920 500 990 καθαροῖς
515 923 581 988 τῇ
601 918 817 990 καρδίᾳ,
850 918 925 982 ὡς
945 918 1010 972 δι’
1042 919 1330 989 ἐσόπτρου,
1355 916 1592 987 ᾐνίξατο.
1620 920 1694 973 Τὸ
1719 922 1816 991 μὲν

232 1010 344 1081 γὰρ
383 1011 676 1081 πρόσωπον
693 1011 829 1079 πρὸς
857 1010 1165 1082 πρόσωπον,
1189 1022 1282 1064 και
1312 1012 1342 1082 ἡ
1373 1011 1554 1065 τελεία
1583 1013 1818 1082 ἐπίγνω-

233 1119 322 1165 σις
370 1105 430 1154 ὲν
475 1103 555 1172 τῷ
607 1101 854 1171 μέλλοντι
909 1101 1062 1155 αἰῶνι
1102 1105 1214 1166 τοῖς
1272 1103 1443 1168 ἀξίοις
1489 1104 1815 1176 ἀποδοθῆναι

231 1195 574 1266 ἐπήγγελται
601 1213 613 1224 ·
641 1195 735 1248 νῦν
763 1194 839 1259 δὲ,
874 1196 976 1248 κᾶν
1003 1195 1213 1259 Παῦλός
1232 1213 1316 1259 τις
1346 1192 1403 1268 ᾗ,
1443 1196 1544 1251 κᾶν
1589 1199 1814 1270 Πέτρος,

232 1288 426 1363 βλέπει
453 1288 554 1357 μὲν
584 1287 795 1358 ἀληθῶς
835 1287 870 1341 ἃ
915 1287 1122 1356 βλέπει,
1154 1288 1248 1341 καὶ
1276 1289 1337 1341 οὐ
1379 1289 1664 1355 πλανᾶται,
1696 1292 1815 1345 οὐδε

231 1380 594 1447 φαντάζεται,
663 1379 728 1431 δι’
781 1380 1045 1450 ἐσόπτρου
1076 1379 1131 1431 δὲ
1164 1380 1311 1450 ὅμως
1361 1378 1567 1449 βλέπει,
1621 1383 1714 1435 καὶ
1757 1385 1815 1436 ὲν

229 1472 522 1539 αἰνίγματι
555 1471 602 1540 (ι
622 1471 690 1534 Ι),
722 1472 816 1523 καὶ
830 1470 892 1522 τὸ
920 1471 984 1522 ἐκ
1021 1469 1220 1542 μέρους
1240 1469 1334 1523 νῦν
1358 1471 1699 1542 εὐχαρίστως
1727 1472 1814 1524 δε-

229 1562 484 1631 χόμενος,
516 1561 579 1612 τὸ
608 1561 812 1612 τέλειον
838 1562 916 1624 εἰς
945 1561 1004 1614 τὸ
1035 1562 1224 1632 μέλλον
1256 1562 1570 1633 περιχαρῶς
1589 1563 1815 1617 ἀπεκδέ-

221 1669 409 1723 χεται.
440 1653 618 1722 Ὅπερ
656 1650 941 1704 πιστοῦται
982 1652 1078 1722 μὲν
1107 1653 1134 1704 ὁ
1166 1653 1462 1716 ἀπόστολος
1488 1653 1717 1716 Παῦλος,
1740 1652 1816 1723 τῷ

1925 457 2176 524 spondere
2199 458 2266 513 ".
2321 457 2428 514 Sed
2463 467 2755 529 antequam
2814 460 3166 518 deveniamus
3213 464 3279 518 ad
3319 465 3490 532 ipsam

1925 548 2046 604 ﬁdei
2095 547 2514 613 confessionem,
2574 549 2709 602 illud
2761 551 2926 604 etiam
2973 553 3167 606 merito
3190 553 3493 609 observan-

1924 639 2053 694 dum
2106 638 2270 693 fuerit
2314 658 2327 693 :
2367 638 2458 694 Dei
2491 640 2833 708 majestatem
2863 647 2917 696 et
2965 641 3213 712 gloriam,
3269 660 3396 699 cum
3439 656 3493 702 et

1928 744 2185 786 sermone
2208 730 2608 800 inexplicabilis
2630 733 2702 788 sit
2726 739 2781 787 et
2811 740 2991 788 mente
3023 733 3494 804 incomprehensi-

1923 824 2069 888 bilis,
2103 837 2212 877 uno
2247 823 2416 878 verbo
2449 831 2543 878 aut
2579 838 2690 878 una
2726 824 3057 895 cogitatione
3094 841 3273 896 neque
3319 827 3498 882 decla.

1924 917 2054 983 rari,
2104 931 2280 986 neque
2310 916 2534 986 intelligi
2567 931 2752 986 posse,
2784 917 2892 971 imo
2925 918 3095 971 etiam
3123 933 3242 972 eam
3274 934 3305 972 a
3336 934 3494 974 sacra

1926 1005 2208 1078 Scriptura
2237 1022 2332 1077 per
2361 1008 2516 1078 plura
2557 1009 2720 1064 verba
2771 1016 2964 1064 nostro
3004 1025 3106 1064 usu
3136 1018 3376 1080 recepta,
3403 1013 3495 1066 vix-

1923 1101 2088 1155 etiam
2124 1099 2192 1154 iis
2239 1101 2328 1168 qui
2369 1115 2508 1171 puro
2562 1101 2728 1155 corde
2773 1113 2920 1166 sunt,
2953 1101 3120 1158 veluti
3163 1118 3260 1173 per
3299 1090 3494 1174 specu-

1923 1191 2073 1254 lum,
2123 1190 2357 1246 obscure
2411 1189 2731 1261 signiﬁcari.
2798 1189 2932 1246 Nam
2995 1194 3328 1262 promissum
3410 1205 3495 1249 est

1924 1281 2062 1346 lore,
2094 1289 2153 1336 ut
2194 1267 2370 1337 iacies
2404 1281 2472 1335 ad
2516 1281 2733 1346 faciem,
2773 1291 2827 1337 et
2868 1283 3106 1353 perfecta
3138 1286 3378 1357 cognitio
3427 1289 3494 1339 iis

1923 1375 2180 1445 quidigni
2210 1375 2382 1429 habiti
2413 1373 2640 1442 fuerint,
2666 1377 2722 1429 in
2754 1375 2938 1431 futuro
2965 1379 3166 1432 saaculo
3186 1379 3490 1434 exhibenda

1922 1466 1995 1523 sit
2027 1485 2040 1521 :
2072 1481 2219 1521 nunc
2263 1483 2394 1522 vero
2439 1468 2554 1522 sive
2593 1465 2800 1522 Paulus
2834 1469 2959 1538 quis
2985 1469 3078 1532 sit,
3127 1470 3241 1525 sive
3273 1468 3488 1536 Petrus,

1922 1557 2066 1614 videt
2087 1557 2304 1628 quidem
2337 1574 2462 1613 vere
2507 1575 2628 1629 qua:
2664 1560 2831 1624 videt,
2861 1569 2916 1616 et
2955 1576 3062 1615 non
3101 1570 3272 1626 errat,
3315 1579 3492 1633 neque

1921 1649 2310 1721 imaginatione
2343 1649 2573 1714 luditur,
2637 1649 2732 1706 sed
2765 1660 2947 1705 tamen
2996 1666 3096 1720 per
3121 1652 3402 1722 speculum
3439 1665 3493 1708 et

229 1744 463 1815 τοιούτῳ
507 1745 614 1797 τινὶ
663 1743 849 1815 τρόπῳ
902 1744 1328 1810 κατασκευάζων
1384 1745 1476 1798 τὸν
1527 1745 1703 1814 λόγον,
1745 1747 1811 1798 ὅτι

1926 1740 1982 1794 in
2042 1741 2331 1810 aenigmate
2376 1739 2571 1801 cernit,
2614 1747 2668 1795 et
2705 1739 2850 1811 quod
2878 1755 3024 1794 nunc
3045 1757 3110 1797 ex
3145 1750 3300 1810 parte
3325 1745 3491 1807 est”,

233 1840 472 1908 Ὠσπερ,
496 1840 625 1890 Ὅτε
642 1837 760 1906 μὲν
781 1837 942 1907 ἥμην
960 1838 1064 1908 (12)
1086 1837 1318 1905 νήπιος,
1335 1837 1458 1910 ἄρτι
1479 1839 1549 1891 τὰ
1580 1841 1817 1908 στοιχεῖα

229 1930 330 1999 τῆς
359 1930 539 2000 ἀρχῆς
572 1928 680 1982 τῶν
724 1928 919 1995 λογίων
974 1929 1065 1983 τοῦ
1097 1929 1234 1982 Θεοῦ
1291 1928 1674 2000 ἐκμανθάνων,
1735 1931 1815 1996 ὡς

227 2020 450 2087 νήπιος
477 2020 761 2083 ἐλάλουν,
789 2021 869 2085 ὡς
901 2020 1115 2089 νήπιος
1140 2021 1572 2092 ἑφρόνουνῌῦ),
1604 2022 1685 2087 ὡς
1713 2020 1816 2089 νή-

227 2127 368 2179 πιος
418 2112 807 2182 ἐλογιζόμην·
857 2113 956 2166 ὅτε
1016 2113 1083 2166 δὲ
1136 2114 1353 2182 τέτοκα
1392 2112 1569 2181 ἀνὴρ,
1593 2114 1686 2166 καὶ
1737 2115 1816 2176 εἰς

231 2204 431 2275 μέτρον
463 2205 678 2275 ἡλικίας
718 2204 810 2256 τοῦ
850 2204 1212 2275 πληρώματος
1253 2205 1346 2258 τοῦ
1386 2207 1625 2277 Χριστοῦ
1661 2207 1815 2260 ὲπεί-

229 2315 398 2368 γομαι
459 2298 694 2366 φθάσαι,
737 2297 810 2350 τὰ
859 2298 966 2352 τοῦ
1017 2298 1238 2364 νηπίου
1286 2298 1654 2369 κατήργηκα.
1705 2299 1815 2352 Καὶ

225 2391 502 2458 τοσαύτην
519 2390 680 2460 ἔσχον
700 2392 756 2442 ἐν
788 2393 853 2461 τῇ
885 2390 990 2444 τῶν
1013 2391 1169 2444 Θείων
1208 2391 1512 2463 καταλήψει
1548 2393 1648 2465 τὴν
1679 2411 1814 2464 προ-

230 2480 409 2550 κοπὴν
445 2480 543 2532 καὶ
577 2480 878 2549 βελτίωσιν,
906 2478 1044 2532 ὥστε
1086 2480 1184 2550 τὴν
1211 2481 1312 2549 μὲν
1341 2483 1399 2534 ὲν
1423 2486 1488 2554 τῇ
1542 2482 1804 2554 Ἰουδαϊκῇ

229 2568 459 2639 λατρεία
483 2571 779 2633 ἐπίγνωσιν
805 2571 1000 2641 νηπίας
1024 2573 1218 2643 φρενὸς
1233 2574 1468 2628 ἑοικέναι
1491 2576 1811 2646 κινήμασιν,

228 2659 389 2731 ἀνδρὶ
417 2660 475 2712 δὲ
515 2661 616 2732 ἤδη
648 2662 715 2715 τὰ
757 2663 940 2728 πάντα
965 2663 1150 2734 τελείῳ
1188 2665 1571 2735 προσήκουσαν
1603 2666 1702 2736 τὴν
1726 2665 1815 2718 διὰ

227 2751 324 2804 τοῦ
351 2753 689 2821 Εὐαγγελίου
716 2753 938 2822 γνῶσιν.
967 2754 1152 2818 Οὕτως
1187 2757 1246 2810 ὲν
1290 2758 1576 2828 συγκρίσει
1616 2759 1714 2830 τῆς
1756 2760 1813 2811 ὲν

225 2841 310 2912 τῷ
362 2843 613 2913 μέλλοντι
655 2844 809 2897 αἰῶνι
857 2848 970 2908 τοῖς
1006 2845 1174 2911 ἀξίοις
1217 2849 1815 2922 ἀποκαλυφθησομένης

227 2935 508 3001 γνώσεως,
543 2937 637 2988 καὶ
685 2937 743 2988 τὸ
776 2935 966 2990 δοκοῦν
1009 2937 1101 2991 νῦν
1165 2939 1222 2993 ἐν
1266 2942 1331 3011 τῇ
1373 2938 1570 3008 γνώσει
1613 2939 1814 2996 τέλειον

229 3022 410 3093 βραχύ
433 3043 482 3076 τι
508 3026 602 3077 καὶ
623 3025 989 3097 ἀμυδρότερον
1010 3027 1280 3091 τοσοῦτον,
1307 3029 1380 3092 ὡς
1408 3029 1567 3082 πλέον
1585 3031 1816 3102 ἀπολιμ-

1916 1846 2038 1887 cum
2068 1832 2368 1903 gratiarum
2397 1832 2617 1886 actione
2646 1832 2977 1900 suscipiens,
3009 1832 3154 1902 quod
3185 1831 3494 1903 perfectum

1916 1929 1999 1977 est
2029 1923 2074 1956 °"
2110 1963 2124 1988 ,
2184 1923 2240 1977 in
2285 1922 2468 1978 futuro
2502 1937 2616 1978 avo
2654 1937 2780 1976 cum
2805 1922 3008 1994 ingenti
3044 1923 3247 1995 gaudio
3294 1939 3493 1994 exspe-

1915 2022 2047 2068 ctat.
2095 2013 2254 2080 Quod
2310 2015 2385 2070 ita
2431 2029 2553 2072 esse
2592 2014 2884 2070 conﬁrmat
2923 2016 3205 2085 apostolus
3267 2013 3489 2077 Paulus,

1917 2107 2010 2175 qui
2042 2122 2202 2162 suum
2242 2121 2553 2163 sermonem
2586 2107 2682 2161 tali
2717 2106 2956 2176 quodam
2989 2106 3152 2164 modo
3181 2109 3488 2180 componit:

1916 2192 2404 2258 Quemadmodum,
2444 2191 2577 2248 Cum
2608 2209 2775 2248 essent
2810 2193 3062 2263 parvulus
3088 2193 3154 2258 ⁸⁸,
3182 2195 3358 2264 prima
3379 2195 3494 2248 e|o~

1915 2285 2167 2354 quiorum
2209 2285 2301 2339 Dei
2336 2287 2607 2341 elementa
2647 2301 2840 2341 recens
2871 2284 3120 2352 edoctus,
3153 2285 3402 2357 loquebar
3434 2297 3493 2340 ut

1913 2379 2183 2447 parvulus,
2226 2379 2492 2446 sapieoam
2531 2387 2588 2430 ut
2642 2377 2915 2446 parvulus,
2945 2377 3239 2450 cogitabam
3276 2388 3334 2432 ut
3366 2397 3492 2448 par-

1915 2471 2101 2526 vulus:
2139 2472 2304 2542 226
2332 2487 2453 2524 eum
2504 2485 2620 2526 vero
2651 2472 2730 2524 vir
2767 2471 2943 2540 factus
2977 2488 3114 2537 sum,
3154 2480 3208 2527 et
3237 2475 3304 2527 ad
3339 2489 3494 2528 men-

1915 2578 2101 2618 suram
2150 2565 2327 2618 aatatis
2376 2561 2737 2632 plenitudinis
2771 2562 3046 2619 Christi”
3095 2564 3378 2633 pervenire
3413 2563 3493 2620 fe—

1915 2655 2082 2717 stino,
2119 2670 2365 2708 evacuam
2391 2670 2508 2718 qua:
2536 2664 2690 2709 erant
2730 2654 2960 2721 parvuli.
3002 2655 3178 2726 Atque
3208 2655 3264 2711 in
3291 2655 3490 2710 divinis

1917 2735 2219 2816 Scripturis
2264 2743 2636 2815 percrpiendis
2674 2745 2746 2797 ita
2777 2744 3006 2813 profeci,
3043 2753 3096 2800 et
3146 2746 3400 2812 excellui,
3429 2754 3491 2800 ut

1913 2851 1976 2890 ea
2002 2852 2123 2906 quae
2178 2836 2234 2890 in
2259 2835 2495 2891 Judatco
2527 2836 2703 2890 cultu.
2726 2834 2962 2890 habetur
2991 2837 3232 2907 cognitio
3261 2840 3488 2910 puerilis

1915 2929 2080 2984 animi
2124 2929 2363 2986 motibus
2419 2930 2494 2985 sit
2531 2928 2928 2998 comparanda,
2973 2937 3026 2984 et
3051 2937 3244 2984 contra
3295 2932 3484 2986 notitia

1913 3035 2010 3088 per
2038 3019 2393 3090 Evangelium
2421 3019 2691 3089 acquisita
2723 3019 2842 3074 viro
2869 3019 2983 3090 jam
3004 3020 3060 3073 in
3088 3022 3346 3078 omnibus
3372 3038 3491 3092 per-

229 3116 504 3169 πάνεσθαι
534 3117 632 3188 τῆς
666 3119 722 3170 έν
777 3118 854 3188 τῷ
883 3119 1128 3188 μέλλοντι
1168 3119 1323 3173 αἰῶνι
1377 3122 1732 3192 τρανότητος,
1776 3125 1809 3196 ἢ

1916 3115 2057 3170 lecto
2095 3115 2405 3169 conveniat.
2464 3116 2556 3167 Sic
2595 3121 2649 3168 et
2703 3113 2848 3183 quod
2900 3129 3048 3167 nunc
3079 3114 3134 3168 in
3182 3116 3490 3186 cognitione

225 3208 356 3258 ὅσον
409 3207 852 3277 ἁπολιμπάνεται
885 3208 978 3262 τοῦ
1033 3210 1322 3282 πρόσωπον
1355 3212 1491 3282 πρὸς
1522 3213 1809 3284 πρόσωπον

228 3298 292 3349 τὸ
320 3298 390 3349 δι’
418 3298 685 3370 ἐσόπτρου
728 3299 944 3369 βλέπειν
975 3301 1066 3354 καὶ
1097 3303 1152 3353 ὲν
1187 3301 1467 3372 αἰνίγματι
1499 3303 1631 3373 (Η).
1680 3305 1811 3357 Συν-

227 3390 428 3441 ιστῶσι
460 3391 516 3442 δὲ
539 3390 694 3443 τοῦτο
721 3391 814 3444 καὶ
844 3393 889 3444 oi
915 3392 1040 3462 περὶ
1059 3392 1150 3445 τὸν
1175 3394 1441 3464 μακάριον
1474 3395 1678 3466 Πέτρον
1717 3396 1810 3449 καὶ

241 3479 500 3549 Ἰωάννην
537 3480 777 3550 μαθηταὶ
804 3481 896 3534 τοῦ
923 3482 1150 3554 Κυρίου,
1173 3487 1238 3555 τῇ
1274 3485 1415 3538 κατὰ.
1447 3486 1537 3538 τὸν
1567 3487 1809 3556 παρόντα

229 3567 348 3636 βίον
375 3569 463 3621 ἀεὶ
480 3570 618 3640 πρὸς.
633 3570 692 3622 τὸ
715 3571 893 3640 μεῖζον
914 3571 1145 3624 ἐπιδόσει
1169 3573 1261 3626 καὶ
1279 3577 1526 3644 προκοπῇ
1547 3573 1605 3626 τὸ
1639 3576 1809 3646 ὑπερ-

231 3658 432 3712 εὰλλον
449 3660 548 3730 τῆς
580 3662 637 3712 ὲν
658 3662 735 3730 τῷ
761 3662 1001 3731 μέλλοντι
1020 3663 1360 3735 τηρουμένης
1378 3663 1534 3716 αἰῶνι
1558 3663 1810 3732 γνώσεως

224 3749 333 3801 οὐκ
365 3748 585 3802 ἔλαττον
606 3751 699 3803 καί
724 3751 878 3803 αὐτοὶ
921 3752 1289 3824 πιστούμενοι.
1322 3752 1550 3818 Οἶτινες,
1589 3753 1726 3824 μετά
1749 3754 1809 3807 τὸ

231 3840 374 3905 ἄξιοι
404 3842 638 3911 φανῆναι
655 3843 752 3914 τῆς
778 3843 926 3916 παρά
959 3845 1051 3898 τοῦ
1076 3845 1281 3917 Κυρίου
1309 3847 1560 3916 ἐκλογῆς,
1586 3847 1684 3918 τῆς
1714 3849 1809 3900 σὺν

231 3933 384 3999 αὐτῷ
409 3933 703 4003 διαγωγῆς,
733 3936 828 4006 τῆς
861 3937 990 4006 παρ’
1024 3936 1186 3990 αὐτοῦ
1219 3939 1540 4008 ἀποστολῆς,
1575 3939 1674 4009 τῆς
1700 3939 1808 3993 τῶν

230 4027 621 4095 πνευματικῶν
656 4028 1009 4099 χαρισμάτων
1041 4029 1328 4101 διανομῆς,
1363 4031 1500 4102 μετά
1556 4031 1618 4084 τὸ
1654 4031 1811 4085 ἀκοῦ-

233 4135 324 4169 σαι
346 4135 360 4146 ’
433 4118 588 4187 ἠιῒν
624 4119 857 4174 δέδοται
890 4121 1107 4191 γνῶναι
1132 4123 1201 4177 τὰ
1226 4124 1530 4193 μυστήρια
1569 4123 1675 4193 τῆς
1696 4125 1811 4189 ,βα-

229 4210 474 4274 σιλειάς
495 4208 920 4280 τῶνοὺρανῶν,
955 4216 1090 4284 μετὰ
1112 4214 1221 4287 (15)
1255 4217 1354 4287 τὴν
1381 4217 1634 4288 τοιαύτην
1668 4217 1810 4284 γνῶ-

233 4316 341 4363 σιν,
364 4299 504 4368 μετά
520 4301 618 4372 τὴν
632 4303 970 4372 ἀποκάλυψιν
981 4305 1084 4358 τῶν
1106 4309 1218 4371 τοῖς
1238 4307 1442 4370 λοιποῖς
1459 4308 1805 4379 ἀπορρήτων,

231 4390 382 4458 ὅμως
431 4389 655 4462 ὕστερόν
711 4411 857 4454 ποτε,
888 4397 1017 4466 περὶ
1069 4397 1198 4450 αὐτὸ
1245 4397 1426 4451 λοιπὸν
1469 4397 1561 4450 τοῦ
1603 4397 1808 4466 Κυρίου

305 4596 352 4625 ’³
393 4591 607 4648 Coloss.
647 4611 716 4659 tv,
766 4594 824 4648 6.’
895 4596 940 4626 ’δ
978 4596 998 4647 l
1032 4596 1158 4650 Cor.
1194 4611 1329 4660 xm,
1365 4596 1448 4650 l2.
1525 4598 1568 4628 θ’
1605 4597 1733 4650 ibid.
1781 4596 1864 4650 l0.

1916 3206 2214 3274 perfectum
2270 3207 2507 3271 videtur,
2545 3205 2591 3260 si
2637 3219 2761 3259 cum
2815 3204 2986 3261 futuri
3037 3207 3220 3261 saeculi
3260 3208 3488 3268 scientia

1917 3298 1986 3352 iis
2011 3298 2104 3368 qui
2139 3297 2288 3366 digni
2315 3299 2636 3353 exstiterint
2687 3297 2976 3352 revelanda
3007 3298 3342 3364 conferatur,
3371 3302 3488 3355 exi-

1916 3405 2080 3459 guum
2130 3389 2388 3459 quiddam
2440 3396 2524 3445 est
2582 3396 2638 3445 et
2674 3390 2971 3445 obscurum
3021 3406 3195 3462 usque
3237 3391 3393 3462 adeo,
3428 3400 3486 3447 ut

1916 3481 2090 3549 magis
2119 3495 2148 3533 a
2176 3479 2344 3537 futuri
2376 3481 2558 3536 steculi
2577 3481 2826 3536 claritate
2855 3483 3189 3553 absit,quam
3217 3483 3359 3538 visio
3390 3501 3486 3554 per

1917 3568 2196 3638 speculum
2244 3578 2297 3622 et
2345 3570 2399 3623 in
2441 3571 2726 3641 aenigmate
2775 3570 2917 3625 facta
2949 3572 3103 3628 abest
3143 3573 3211 3627 ab
3243 3574 3334 3628 illa
3367 3591 3488 3644 quae

1916 3659 2054 3715 facie
2094 3659 2160 3714 ad
2195 3660 2386 3717 faciem
2429 3663 2505 3714 ﬁt.
2541 3660 2885 3716 Conﬁrmant
2913 3672 3093 3718 autem
3121 3663 3226 3720 hoc
3259 3670 3313 3719 et
3343 3665 3484 3719 beati

1915 3749 2109 3805 Petrus
2157 3760 2212 3806 et
2247 3749 2505 3815 Joannes,
2547 3752 2747 3822 aliique
2779 3751 2992 3808 Domini
3032 3753 3308 3824 discipuli.
3351 3755 3486 3812 Nam

1915 3843 2128 3898 etiamsi
2160 3843 2213 3898 in
2245 3848 2495 3915 praesenti
2544 3845 2650 3898 vita
2694 3861 2907 3916 semper
2960 3847 3133 3918 magis
3189 3862 3253 3902 ac
3311 3852 3485 3920 magis

1914 3937 2340 4004 proveherentur
2384 3951 2447 3989 ac
2492 3935 2837 4004 proﬁcerent,
2897 3936 3254 3994 nihilominus
3303 3947 3482 3994 tamen

1916 4028 2019 4098 ipsi
2050 4043 2263 4099 quoque
2291 4027 2659 4083 incredibilem
2704 4042 2827 4082 esse
2877 4027 3308 4098 magnitudinem
3363 4031 3486 4098 ejus

1916 4117 2162 4173 scientia:
2199 4119 2593 4189 probant,qua2
2621 4121 2675 4172 in
2711 4119 2895 4173 futuro
2924 4119 3128 4174 saeculo
3156 4120 3488 4189 possidenda

1916 4218 2182 4266 servatur.
2220 4209 2327 4275 Qui
2356 4219 2644 4281 postquam
2671 4208 2774 4264 visi
2809 4216 2995 4265 essent
3029 4209 3178 4281 digni
3208 4209 3303 4281 qui
3326 4211 3488 4282 elige-

1916 4313 2104 4358 rentur
2138 4318 2168 4357 a
2206 4303 2458 4368 Domino,
2510 4304 2603 4373 qui
2640 4319 2746 4357 una
2795 4319 2915 4357 cum
2966 4306 3084 4375 ipso
3113 4305 3282 4359 vitam
3325 4303 3459 4375 dege

1917 4404 2059 4459 rent,
2091 4394 2184 4464 qui
2215 4395 2360 4448 illius
2387 4404 2572 4449 essent
2600 4395 2856 4464 apostoli,
2885 4395 2977 4463 qui
3007 4396 3310 4465 spiritualia
3342 4396 3484 4450 dona

1941 4596 1986 4627 ³⁸
2027 4595 2158 4649 ibid.
2201 4595 2286 4648 il.
2365 4595 2408 4626 ”
2453 4594 2646 4664 Ephes.
2687 4612 2759 4661 Iv,
2799 4595 2884 4650 i3.

263 4795 629 4882 ⁷(10)(ῖοι1οει
679 4793 836 4850 Voss.
879 4805 934 4850 et
977 4811 1118 4849 unus
1167 4793 1300 4866 Reg.
1346 4797 1554 4865 primus
1596 4795 1690 4846 καὶ
1732 4793 1806 4863 νῷ

1916 4793 2262 4874 interpretem
2295 4804 2531 4848 veterem
2583 4795 2768 4847 inscite
2809 4795 2966 4882 lianc
3007 4796 3187 4882 locutu:
3226 4797 3480 4879 vertisse,

233 4883 420 4920 ουσαν.

307 4936 419 5008 (ll)
450 4934 692 5008 Utraque
719 4934 896 5008 editio
919 4941 972 5008 et
999 4932 1130 5008 Reg.
1167 4936 1375 5008 primus
1409 4934 1802 5008 italuatvintaf

233 5002 343 5069 τος.
379 5013 428 5058 ει
455 5021 547 5072 per
583 5002 823 5071 aenigma.
859 5002 1042 5058 Codex
1077 5002 1320 5060 Cofnbel.
1358 5013 1411 5057 et
1446 5005 1536 5058 alii
1569 5005 1678 5057 duo
1704 5002 1800 5055 καὶ

149 5131 151 5134 ,
231 5076 291 5144 ὲν
317 5075 623 5144 αἰνίγματι.
654 5074 856 5128 Ibidem
888 5089 1028 5144 unus
1059 5091 1162 5129 ms.
1192 5072 1325 5142 Reg.
1361 5075 1559 5144 μέρους
1589 5074 1645 5126 δὲ
1681 5072 1799 5128 νῦν.

233 5143 482 5214 Subinde
502 5143 633 5214 Reg.
662 5144 872 5212 primus
897 5143 1033 5214 ὅπερ
1053 5144 1116 5214 δὴ
1144 5143 1504 5197 πιστοῦταιό.

328 5214 414 5300 ἓὲὶ
432 5212 566 5300 E398-
589 5212 827 5300 btiw‘e
842 5212 1360 5300 εεξηεέῐιίέίξιίιελφγοι·
1480 5214 1605 5300 Ὄίε
1629 5215 1795 5300 ήμην·

331 5285 415 5355 15)
443 5281 536 5336 Sic
560 5281 732 5355 codex
756 5281 916 5355 Voss:
937 5293 990 5336 et
1021 5292 1132 5355 tres
1163 5281 1273 5336 alii.
1302 5283 1497 5355 Totum
1530 5281 1692 5348 illud,
1720 5281 1795 5346 ὼς

232 5350 422 5424 νήπιος
451 5354 740 5424 Δἐφρόνουν,
765 5350 1179 5407 desiderabatur
1214 5355 1268 5407 in
1293 5354 1547 5424 vulgatis.

301 5423 410 5493 (14)
445 5422 599 5493 Regii
639 5423 844 5493 primus
874 5427 1227 5493 et_secundus
1257 5425 1348 5476 καὶ
1381 5423 1718 5492 αἰνίγματος,
1743 5431 1795 5493 et

232 5491 321 5560 per
345 5491 587 5564 «enigma.
623 5491 778 5555 Illud,
804 5491 948 5564 quod
985 5509 1106 5564 mox
1142 5497 1409 5561 sequitur,
1452 5496 1499 5545 οἰ
1539 5491 1668 5562 περὶ
1705 5492 1797 5544 τὸν

238 5562 498 5635 μακάριον
527 5563 733 5635 Πέτρον
762 5563 856 5635 καί
885 5562 1156 5635 Ἰωάννην,
1185 5565 1257 5616 ita
1287 5564 1607 5617 vertendum
1644 5570 1798 5631 putat

185 5673 200 5687 .
235 5631 609 5695 Combeﬁsius,
631 5631 780 5685 Beati
797 5631 1040 5698 discipuli
1058 5631 1246 5686 Petrus
1270 5644 1316 5686 et
1332 5635 1559 5687 Joannes
1579 5649 1594 5696 ,'
1617 5635 1798 5701 aitque

550 5726 820 5783 PATuOL.
863 5722 976 5780 (in.
1031 5725 1140 5782 XX
1158 5724 1262 5783 ΧΙ.

1908 4878 2031 4915 cum
2084 4863 2156 4915 ita
2205 4864 2590 4931 interpretatus
2640 4876 2741 4924 est,
2803 4864 3055 4932 Discipuli
3113 4866 3343 4928 Domini,
3391 4869 3483 4932 qui

1905 4949 2024 4985 cum
2063 4931 2218 5004 Petro
2250 4943 2302 5004 et
2325 4933 2735 5004 Joannejuere.
2777 4933 2916 4987 Puto
2943 4931 3042 5004 ego
3078 4935 3129 4987 id
3171 4931 3482 4990 inconside-

1903 5014 2020 5073 rate
2050 5003 2255 5055 dictum
2283 5002 2448 5058 fuisse
2468 5018 2498 5054 a
2528 5001 2874 5066 Combelisio,
2912 5001 3036 5056 cuin
3075 5005 3188 5060 hate
3222 5006 3476 5073 loquendi

1890 5072 2238 5144 -fot'mlila,_oi
2291 5074 2439 5144 περί,
2479 5079 2611 5144 etc.,
2643 5088 2844 5142 anceps
2889 5075 2958 5144 sit
3003 5083 3054 5144 et
3087 5072 3361 5144 ambigua,
3408 5077 3478 5127 ob

1903 5143 2067 5211 idque
2091 5142 2329 5196 dubitari
2363 5142 2555 5195 merito
2578 5145 2771 5212 possit,
2803 5143 2978 5198 soline
3009 5142 3204 5200 Petrus
3227 5142 3290 5197 ac
3318 5142 3482 5198 Joan-

1904 5229 2000 5266 nes
2049 5213 2150 5264 hoc
2197 5213 2315 5266 loco
2366 5212 2757 5280 intelligantur.
2801 5228 2869 5266 an
2914 5213 3166 5282 discipuli
3213 5215 3302 5268 alii
3351 5228 3474 5267 cum

1904 5283 2058 5348 ipsis.
2087 5282 2247 5353 Certe
2302 5282 2659 5353 eruditissimi
2693 5283 2817 5340 viri.
2871 5284 2962 5352 qui
3005 5299 3114 5337 non
3153 5284 3226 5338 ita
3267 5283 3474 5353 pridem

1903 5367 2097 5423 novam
2123 5351 2431 5423 Methodum
2447 5350 2690 5423 Graecam
2715 5350 3006 5406 vernaéula
3032 5354 3211 5423 lingua
3232 5350 3474 5412 edidere,

1904 5420 2251 5495 luincltasilii
2273 5422 2448 5476 locum
2473 5420 2660 5476 eodem
2693 5436 2800 5492 quo
2828 5426 2982 5477 vetus
3015 5420 3288 5495 interpres
3308 5436 3476 5478 sensu

1905 5492 2203 5546 accipiunt.

1975 5509 2305 5633 fig‘rlliiiug
2321 5558 2491 5633 codex
2528 5555 2675 5633 Regi
2705 5559 2806 5630 τῆς
2846 5560 3120 5632 βασιλείας
3169 5557 3262 5616 alii
3313 5555 3479 5628 Θεοῦ,

1910 5627 2235 5701 μετά,⁷νε9ηξ
2269 5627 2386 5682 Dei.
2617 5627 2675 5633 “’
2765 5627 2772 5630 ⁷
2847 5627 2856 5632 ⁷
3180 5701 3213 5753 2
