3982 6240
523 266 654 330 "683

1883 268 1942 322 ε.
1978 267 2218 322 ΒἈΞΙΙΛΙ
2261 269 2472 324 MAGNI

3699 277 3802 334 688

549 391 863 462 acciperent
899 407 911 442 :
946 387 1039 458 qui
1071 395 1360 459 postquam
1395 385 1696 450 audissent,
1747 383 1904 437 Vobis
1935 383 2114 436 datum

2224 386 2282 438 τὸ
2317 386 2508 453 πάθος,
2531 387 2819 444 ἀκούουσιν
2845 406 2856 418 ·
2893 391 3020 444 Ἔτι
3045 391 3244 446 πολλὰ
3274 392 3391 461 ἕχω
3419 391 3623 462 λέγειν
3637 391 3800 458 ὑμῖν,

547 494 624 541 est
658 501 811 540 nosse
857 485 1106 555 mysteria
1162 485 1307 553 regni
1345 484 1649 546 eoelorum',
1681 491 1803 551 post
1853 478 2120 549 ejusmodi

2229 478 2366 530 ἀλλ’
2407 481 2477 531 οὐ
2529 478 2792 535 δύνασθε
2808 480 3134 545 βαστάζειν
3155 484 3303 552 ἄρτι.

550 575 972 654 cognitionem,-
1002 583 1292 644 postquam
1357 584 1543 642 aperta
1609 573 1713 627 sibi
1747 578 1933 626 essent
1970 584 2090 640 quae
2147 569 2360 624 cmleris
2404 578 2594 639 operta
2649 571 2863 625 fuerant
2905 583 2959 628 et
2995 576 3230 640 occulta,
3287 584 3468 631 tamen
3519 577 3802 646 aliquanto

548 675 695 735 post,
746 665 1071 720 adventante
1114 665 1224 734 jam
1277 664 1531 734 passione
1567 662 1802 726 Domini,
1851 659 2079 715 audiunt
2130 674 2142 709 :
2185 658 2369 713 Adhuc
2417 662 2588 716 multa
2627 661 2792 716 habeo
2826 664 2970 718 vobis
3021 665 3216 730 dicere,
3269 666 3358 720 sed
3408 683 3510 720 non
3579 666 3798 735 potestis

547 767 759 826 portare
784 757 937 810 modo
959 760 1003 811 ’.

620 851 674 905 5.
717 850 793 904 Ex
830 851 915 906 his
960 859 1125 922 atque
1181 852 1346 922 hujus
1394 852 1610 923 generis
1659 851 1784 905 aliis
1843 849 2124 910 discimus,

551 950 816 1012 quantum
849 958 1008 998 sacra
1042 942 1324 1012 Scriptura
1365 943 1516 998 novit
1550 943 1969 998 immensitatem
2025 953 2122 992 ρο·-

555 1032 850 1100 guitionis,
887 1041 1098 1087 tantum
1153 1033 1444 1086 humanam
1486 1041 1738 1086 naturam
1783 1032 1837 1084 in
1873 1029 1974 1082 hac
2020 1028 2130 1082 vita

551 1122 912 1193 assequendis
960 1124 1164 1179 divinis
1207 1123 1483 1194 mysteriis
1515 1125 1779 1192 imparem
1824 1136 1968 1185 esse,
2002 1135 2128 1174 cum

551 1215 934 1285 unusquisque
963 1229 1179 1285 semper
1206 1217 1378 1286 magis
1410 1231 1474 1270 ac
1499 1216 1671 1284 magis
1701 1213 1966 1284 Proliciat,
2022 1226 2124 1266 nec

549 1308 844 1378 quisquam
895 1308 989 1372 sit,
1021 1308 1113 1377 qui
1147 1323 1384 1376 unquam
1419 1307 1482 1361 ad
1535 1321 1807 1361 summum
1843 1303 1970 1357 illud
1995 1315 2121 1372 per-

548 1401 740 1471 tingat,
776 1400 952 1454 donec
1005 1399 1218 1453 venerit
1254 1398 1399 1468 quod
1435 1397 1739 1468 perfectum
1767 1406 1868 1460 est,
1901 1395 2120 1466 quando

548 1492 858 1548 abolebitur
885 1490 1028 1561 quod
1065 1507 1131 1544 ex
1170 1501 1324 1560 parte
1356 1498 1457 1544 est.
1491 1488 1681 1560 Itaque
1707 1488 1775 1542 ad
1807 1503 1997 1543 omnes
2039 1486 2119 1541 si-

549 1586 660 1640 mul
712 1584 807 1640 Dei
861 1585 1066 1654 glorias
1117 1583 1474 1639 declarandos
1537 1598 1646 1636 non
1679 1580 1873 1637 sufﬁcit
1917 1595 2116 1635 nomen

2226 845 2229 848 ’
2299 841 2353 894 5.
2403 843 2495 895 Ἐκ
2518 844 2722 898 τούτων
2755 847 2849 900 καὶ
2885 847 2994 901 τῶν
3027 847 3285 903 τοιούτων
3325 850 3694 922 μανθάνομεν,
3721 855 3799 907 ὅτι

2227 934 2476 988 τοσοῦτον
2525 937 2622 1006 μὲν
2675 933 2813 992 οἶδεν
2851 941 2884 1011 ἡ
2926 940 3280 1004 θεόπνευστος
3334 943 3523 1014 Γραφὴ
3551 945 3655 1014 τῆς
3683 947 3801 998 ἐπι-

2227 1025 2480 1094 γνώσεως
2502 1029 2562 1081 τὸ
2582 1030 2906 1103 ἀπέραντον,
2928 1034 3181 1087 τοσοῦτον
3215 1033 3270 1087 δὲ
3308 1036 3408 1105 τῆς
3454 1035 3800 1107 ἀνθρωπίνης

2227 1117 2440 1186 φύσεως
2467 1121 2527 1174 τὸ
2555 1121 2662 1176 τῶν
2695 1123 2853 1178 θείων
2883 1126 3194 1197 μυστηρίων
3229 1128 3284 1180 ὲν
3308 1126 3386 1197 τῷ
3424 1127 3656 1198 παρόντι
3703 1129 3797 1180 ἀν-

2225 1208 2465 1276 έφικτον,
2500 1211 2588 1266 ἀεὶ
2616 1212 2716 1281 μὲν
2755 1213 2896 1266 κατὰ
2933 1215 3214 1286 προκοπὴν
3241 1216 3454 1286 ἑκάστῳ
3484 1218 3597 1287 (l6)
3626 1235 3798 1289 προσ-

2226 1302 2508 1372 τιθεμένου
2542 1304 2635 1357 τοῦ
2677 1305 2939 1372 πλείονος,
2966 1307 3052 1361 ἀεὶ
3079 1307 3134 1360 δὲ
3166 1306 3261 1359 τοῦ
3303 1308 3439 1378 πρὸς
3471 1307 3626 1372 ἀξίαν
3661 1311 3800 1363 dm-

2226 1393 2624 1468 λιμπανομένου
2647 1400 2918 1464 ἁπάντων,
2950 1400 3108 1472 ἄχρις
3134 1399 3198 1454 ἂν
3229 1401 3354 1472 ἔλθῃ
3380 1401 3440 1454 τὸ
3461 1401 3690 1466 τέλειον,
3711 1403 3799 1455 ὅτε

2225 1489 2285 1542 τὸ
2333 1492 2397 1543 ὲκ
2451 1491 2650 1562 μέρους
2694 1491 3212 1565 καταργηθήσεται·
3264 1494 3457 1546 οὐκοῦν
3497 1493 3622 1547 οὐτε
3681 1495 3800 1557 ἑνὸς

2224 1581 2486 1652 ὀνόματος
2531 1583 2827 1655 ἀρκοῦντος
2877 1585 3057 1649 πάσας
3099 1584 3233 1655 ὁμοῦ
3286 1585 3524 1656 δηλῶσαι
3571 1587 3675 1650 τὰς
3705 1587 3797 1640 τοῦ

546 1692 740 1743 unum,
780 1691 883 1730 nec
933 1675 1148 1746 singula
1197 1675 1422 1729 omnino
1452 1674 1590 1728 citra
1628 1674 1930 1744 periculum
1963 1688 2114 1728 assu-

2225 1674 2359 1727 Θεοῦ
2407 1675 2580 1744 δόξας,
2626 1676 2748 1730 οὐτε
2795 1679 3024 1732 ἑκάστου
3064 1676 3123 1742 ἐξ
3158 1677 3453 1750 ὁλοκλήρου
3494 1677 3797 1742 ἀκινδύνως

546 1777 795 1823 muntur.
827 1766 1041 1823 Etenim
1082 1767 1129 1821 si
1155 1767 1280 1836 quis
1313 1766 1532 1829 dixerit,
1570 1765 1728 1832 Deus,
1771 1766 1841 1819 ab
1887 1780 1952 1820 eo
2008 1779 2119 1818 non

546 1860 858 1915 declaratus
889 1869 974 1914 est
994 1857 1199 1913 Pater:
1228 1873 1352 1912 cum
1383 1872 1509 1912 vero
1537 1857 1740 1912 dicitur
1774 1856 1960 1922 Pater,
1989 1855 2120 1912 huic

547 1952 762 2007 nomini
817 1952 972 2008 deest
1013 1951 1172 2016 illud,
1213 1949 1494 2005 Conditor.
1531 1949 1746 2006 Rursus
1788 1950 1874 2004 his
1904 1963 2121 2019 quoque

546 2059 658 2100 non
682 2043 1000 2115 adjungitur
1028 2043 1268 2108 bonitas,
1300 2041 1587 2113 sapientia,
1616 2048 1880 2110 potestas,
1919 2048 1973 2096 et
2000 2041 2122 2095 reli-

545 2151 656 2206 qua
685 2150 807 2207 quae
838 2136 894 2190 in
930 2141 1123 2190 saneta
1173 2134 1456 2204 Scriptura
1487 2133 1853 2202 reperiuntur.
1907 2131 2120 2186 Rursus

545 2243 768 2300 quoque
792 2229 840 2284 si
870 2227 1026 2294 illud,
1061 2227 1246 2292 Pater,
1281 2241 1406 2281 cum
1448 2226 1658 2296 integra
1697 2225 1817 2296 ejus
1845 2224 2121 2295 signiﬁca-

516 2321 716 2388 'tione,
757 2320 901 2376 sicut
947 2318 1095 2389 apud
1140 2333 1245 2375 nos
1277 2326 1361 2374 est
1411 2318 1467 2371 in
1503 2333 1639 2382 usu,
1695 2317 2028 2386 accipiamus
2064 2318 2120 2370 in

530 2411 678 2479 “Deo,
711 2412 877 2483 impie
927 2411 1218 2477 sentimus,
1260 2426 1384 2466 cum
1425 2408 1701 2474 affectum,
1755 2424 1940 2464 semen
1971 2408 2122 2478 geni-

543 2502 674 2565 tale,
708 2500 1094 2571 ignorantiam,
1145 2497 1519 2552 intirmitatem
1569 2503 1623 2552 et
1658 2495 1904 2566 ejusdem
1958 2510 2120 2566 gene-

545 2594 624 2648 ris
659 2593 765 2647 alia
808 2592 1028 2647 indicet.
1089 2589 1354 2647 Similiter
1403 2602 1585 2646 autem
1635 2599 1690 2646 et
1734 2588 1803 2644 de
1835 2589 1950 2652 illo,
1982 2587 2122 2643 Con-

515 2685 710 2748 -'d‘itor,
741 2683 845 2738 hoc
882 2683 1031 2738 idem
1069 2682 1362 2738 dicendum
1394 2689 1498 2738 est.
1547 2681 1684 2736 Nam
1721 2683 1843 2752 ejus
1875 2681 2118 2736 nominis

533 2778 698 2831 notio
737 2777 880 2846 apud
936 2791 1036 2831 nos
1085 2784 1320 2848 tempus,
1370 2777 1660 2832 materiam
1695 2817 1710 2841 ,
1753 2776 2119 2832 instrumenta

542 2867 972 2936 adjumentaque
1009 2866 1240 2936 requirit
1275 2883 1287 2917 :
1321 2881 1354 2920 a
1393 2866 1596 2937 quibus
1627 2867 1905 2930 omnibus,
1945 2879 2120 2935 quan-

2221 1766 2808 1840 παραλαμϐανομένου.
2841 1772 2941 1823 "Av
2965 1787 3023 1823 τε
3052 1769 3163 1840 γὰρ
3193 1768 3322 1840 εἴπῃ
3353 1787 3457 1834 τις,
3491 1769 3662 1836 Θεὸς,
3694 1771 3796 1822 οὐκ

2220 1858 2456 1928 ἐδήλωσε
2470 1859 2551 1924 τὸ,
2569 1860 2789 1928 Πατήρ·
2810 1860 2886 1930 τῷ
2901 1861 2976 1926 δὲ,
2994 1860 3216 1929 Πατὴρ,
3239 1860 3410 1914 λείπει
3423 1861 3503 1924 τὸ,
3521 1861 3793 1926 κτίστης.

2221 1951 2441 2016 Τούτοις
2467 1952 2523 2004 δὲ
2560 1952 2720 2005 πάλιν
2765 1951 2923 2024 χρεία
2979 1952 3330 2025 ἁγαθότητος,
3374 1953 3588 2022 σοφίας,
3630 1953 3795 2007 δυνά-

2225 2063 2387 2116 μεως,
2425 2047 2648 2100 καὶτῶν
2680 2047 2881 2102 λοιπῶν
2932 2048 3041 2102 τῶν
3091 2048 3403 2120 φερομένων
3456 2050 3512 2102 έν
3551 2053 3620 2120 τῇ
3663 2050 3797 2119 ἁγίᾳ.

2221 2137 2433 2208 Γραφῇ.
2495 2138 2664 2192 Πάλιν
2703 2139 2760 2192 δὲ
2805 2140 2887 2204 τὸ,
2927 2138 3160 2207 Πατὴρ,
3197 2138 3483 2208 ὁλόκληρον
3518 2139 3664 2192 κατὰ
3698 2139 3795 2208 τὴν

2221 2229 2492 2300 ἡμετέραν
2522 2231 2735 2301 χρῆσιν,
2777 2230 2871 2284 ἐὰν
2909 2224 3225 2301 έκλάϐώμεν
3257 2232 3350 2283 ἐπὶ
3381 2231 3537 2294 Θεοῦ,
3565 2230 3795 2284 ἀσεϐοῦ-

2225 2337 2356 2390 μεν·
2397 2319 2564 2383 πάθος
2607 2320 2714 2393 γὰρ
2747 2321 2842 2375 καὶ
2896 2322 3213 2393 ἀπόρροιαν,
3266 2321 3362 2376 καὶ
3411 2321 3656 2390 ἄγνοιαν,
3698 2323 3794 2374 καὶ

2221 2411 2502 2465 ἀσθένειαν
2527 2454 2540 2478 ,
2570 2415 2664 2468 καὶ
2698 2415 2797 2467 ὅσα
2829 2413 3050 2468 τοιαῦτα
3087 2413 3427 2486 ὲπιφημίζει.
3474 2412 3707 2483 Ὁμοίως
3736 2413 3795 2465 δὲ

2221 2505 2315 2556 καὶ
2346 2505 2426 2569 τὸ,
2451 2506 2718 2574 κτίστης.
2761 2508 2876 2577 Ἐφ’
2904 2507 3060 2578 ¹ἡμῶν
3075 2508 3184 2578 γὰρ
3199 2508 3357 2579 χρεία
3387 2506 3599 2578 χρόνου,
3634 2505 3792 2574 ὕλης.

2223 2595 2452 2658 σκευῶν,
2490 2595 2899 2669 βοηθείας(17)·
2932 2593 3006 2653 ὧν
3051 2599 3304 2653 ἁπάντων
3356 2597 3682 2669 καθαρεύειν
3713 2597 3796 2649 δεῖ

2220 2687 2316 2758 τὴν
2338 2688 2536 2760 εὐσεϐῆ
2553 2708 2619 2743 πε
2629 2693 2679 2762 ρὶ
2701 2689 2835 2744 Θεοῦ
2853 2690 3028 2757 δόξαν,
3046 2691 3120 2755 ὡς
3133 2691 3350 2745 δυνατὸν
3370 2689 3659 2761 ἀνθρώπῳ.
3682 2686 3791 2742 Τοῦ

2220 2783 2328 2854 γὰρ
2356 2784 2492 2855 πρὸς
2519 2784 2696 2850 ἀξίαν,
2724 2784 2799 2849 ώς
2820 2784 2974 2856 ἔφην,
3006 2784 3108 2838 κᾶν
3138 2787 3185 2837 εί
3226 2787 3394 2837 πᾶσαι
3431 2783 3529 2853 μὲν
3557 2783 3792 2835 διάνοιαι

2222 2875 2355 2944 πρὸς
2377 2875 2712 2946 τὴνέρευναν
2747 2875 3084 2944 συναφθεῖεν,
3114 2877 3282 2928 πᾶσαι
3311 2876 3366 2928 δὲ
3384 2875 3623 2944 γλῶσσαι
3651 2874 3790 2944 πρά

547 2963 661 3006 tum
691 2952 899 3007 homini
932 2951 1014 3008 fas
1049 2962 1154 3018 est,
1197 2969 1389 3023 puram
1433 2969 1556 3008 esse
1585 2961 1802 3024 oportet
1848 2954 1993 3025 piam
2051 2953 2114 3008 de

2221 2966 2317 3037 τὴν
2361 2967 2689 3036 ἐπαγγελίαν
2738 2967 3110 3037 συνδράμοιεν,
3157 2967 3408 3020 οὐδέποτε
3448 2966 3511 3019 ἄν
3559 2983 3646 3029 τις
3695 2967 3794 3034 ἑφ-

537 3041 657 3096 Deo
683 3042 1016 3111 opinionem.
1059 3041 1175 3098 Etsi
1219 3044 1364 3097 enim
1413 3052 1624 3098 mentes
1667 3058 1856 3099 omnes
1891 3042 2114 3113 conjun-

2226 3058 2412 3113 ίκοιτο,
2433 3059 2649 3129 Ταύτην
2677 3058 2880 3128 δὲὴμῖν
2908 3059 3005 3128 τὴν
3040 3058 3242 3111 ἔννοιαν
3273 3056 3456 3125 σαφῶς
3490 3056 3792 3126 παρίστησι

543 3141 802 3205 gerentur
846 3133 913 3187 ad
961 3135 1442 3203 perscrutaudum,
1473 3149 1772 3206 onmesque
1815 3136 2012 3206 lingum
2049 3137 2118 3190 ad

543 3225 939 3279 enuntiandum
993 3233 1421 3291 concurrerent,
1453 3241 1614 3282 nemo
1644 3234 1849 3293 tamen,
1891 3235 1950 3282 ut
1979 3228 2114 3294 dixi,

545 3318 650 3371 hoc
679 3332 918 3386 unquam
957 3333 1057 3387 pro
1093 3318 1172 3373 rei
1207 3318 1406 3372 merito
1445 3319 1664 3388 assequi
1715 3329 1920 3389 posset.
1967 3319 2119 3374 Hanc

534 3415 726 3462 autem
751 3410 1076 3464 sententiam
1109 3409 1418 3465 luculenter
1445 3411 1604 3466 nobis
1631 3413 1700 3467 ob
1739 3415 1928 3470 oculos
1965 3414 2117 3484 ponit

535 3501 986 3570 sapientissimus
1036 3501 1315 3567 Salomon,
1353 3520 1476 3559 cum
1520 3505 1635 3559 ait:
1685 3505 1858 3561 Dixi:
1893 3506 2116 3576 Sapiens

539 3595 735 3665 elﬁciar
764 3609 782 3648 .'
819 3602 867 3646 et
897 3595 1016 3662 ipsa
1047 3593 1293 3665 elongala
1319 3604 1398 3650 est
1435 3614 1467 3650 a
1489 3614 1570 3651 me
1597 3599 1748 3669 longe
1780 3599 1925 3653 ultra
1953 3617 2113 3670 quam

538 3686 706 3741 erat”
750 3706 762 3741 :
806 3700 914 3740 non
949 3686 1095 3756 quod
1153 3687 1357 3757 fugiat,
1394 3690 1489 3744 sed
1533 3691 1681 3760 quod
1711 3692 1829 3760 ipsa
1874 3693 1942 3747 iis
2000 3709 2108 3746 ma-

537 3776 689 3830 xime
735 3774 950 3829 videtur
996 3789 1117 3830 esse
1160 3776 1750 3846 incomprehensibilis,
1790 3781 1988 3850 quibus
2021 3797 2116 3852 per

543 3867 638 3921 Dei
669 3867 829 3936 227
855 3868 1085 3937 gratiam
1108 3869 1348 3938 cognitio
1384 3871 1560 3939 major
1595 3875 1848 3928 accessit.
1917 3874 2117 3941 Quam-

544 3960 731 4014 obrem
760 3974 916 4014 saera
954 3957 1238 4028 Scriptura
1282 3961 1594 4015 nominibus
1625 3966 1912 4036 verbisque
1939 3969 2113 4036 pluri-

544 4052 648 4105 bus
699 4050 1009 4105 necessario
1067 4051 1240 4103 utitur
1271 4051 1338 4104 ad
1379 4054 1692 4122 quamdam,
1739 4072 1967 4126 eamque
2015 4058 2114 4114 ob-

542 4155 783 4204 scuram,
811 4140 1008 4193 divinae
1039 4140 1224 4210 gloria:
1243 4151 1453 4210 partem
1485 4145 1912 4214 exprimendam.
1947 4147 2113 4204 Nobis

541 4237 722 4283 autem
765 4231 908 4300 quod
979 4245 1073 4284 vos
1128 4233 1390 4300 urgeatis,
1438 4249 1538 4287 nec
1587 4234 1819 4293 facultas
1850 4247 1954 4304 est,
2015 4258 2113 4297 uec

540 4323 712 4375 otium
743 4321 926 4374 omnia
951 4322 1237 4392 colligendi
1266 4340 1386 4393 quae
1416 4325 1618 4396 ubique
1654 4331 1708 4382 in
1738 4329 1920 4384 divina
1961 4331 2110 4387 Scri—

539 4418 700 4480 ptura
727 4411 871 4465 dicta
888 4419 1016 4466 sunt
1046 4413 1112 4466 de
1145 4411 1305 4468 Patre
1335 4423 1388 4469 et
1410 4414 1547 4471 Filio
1571 4426 1626 4472 et
1649 4418 1715 4474 de
1751 4420 1955 4490 Spiritu
1983 4439 2110 4478 san—

537 4509 628 4555 cto
655 4517 668 4552 :
710 4502 804 4557 sed
833 4509 1031 4557 tamen
1063 4503 1108 4558 si
1144 4519 1319 4574 pauca
1355 4523 1421 4560 ex
1451 4509 1707 4564 onmibns
1740 4528 2103 4584 apponamus,

537 4592 611 4644 ita
657 4593 1005 4648 conscientia:
1040 4603 1233 4649 vestra:
1264 4597 1610 4653 satisfactum
1641 4603 1705 4656 iri
1747 4606 2104 4674 arbitramur,

533 4691 650 4738 tum
685 4694 744 4738 ut
794 4694 982 4741 nostra
1022 4690 1291 4744 sententia
1353 4690 1651 4763 Scripturis
1700 4698 1884 4754 innixa
1943 4701 2104 4755 inno-

533 4783 727 4842 tescat,
773 4787 882 4832 tum
927 4789 986 4833 ut
1021 4788 1202 4836 vestra
1249 4782 1492 4853 ipsorum
1533 4788 1871 4861 aliorumque
1901 4793 2041 4850 idem
2072 4811 2101 4849 a

2221 3151 2315 3202 καὶ
2335 3150 2363 3200 ὀ
2393 3148 2700 3219 σοφώτατος
2743 3150 2990 3220 Σολομὼν
3026 3150 3197 3218 λέγων
3223 3168 3235 3179 ⁸
3273 3147 3458 3203 Εἶπα·
3491 3149 3795 3217 Σοφισθὴ-

2221 3255 2401 3310 σομαι
2425 3259 2437 3270 ·
2501 3241 2599 3293 καὶ
2647 3242 2797 3309 αὕτη
2835 3242 3172 3311 ἐμακρύνθη
3198 3241 3297 3294 ἀπ’
3347 3239 3492 3309 ἐμοῦ
3523 3239 3790 3308 μακρὰν,

2219 3333 2369 3401 ὑπὲρ
2393 3333 2423 3385 ὂ
2463 3329 2543 3402 ἦν
2567 3350 2581 3363 ·
2613 3333 2673 3386 οὐ
2697 3333 2774 3404 τῷ
2819 3333 3059 3402 φεύγειν,
3089 3332 3221 3386 ἀλλὰ
3253 3331 3331 3402 τῷ
3365 3331 3593 3393 ἐκείνοις
3630 3330 3795 3399 μάλι-

2223 3440 2321 3475 στα
2369 3424 2732 3496 φανεροῦσθαι
2783 3425 2949 3495 αὐτῆς
2981 3425 3042 3476 τὸ
3096 3424 3497 3491 ἀκατάληπτον.
3528 3415 3610 3482 οἷς
3653 3418 3791 3472 Θεοῦ

2221 3515 2400 3585 χάριτι
2432 3516 2831 3587 περισσοτέρως
2867 3514 3226 3586 προσγέγονεν
3255 3515 3288 3584 ἡ
3321 3513 3540 3582 γνῶσις.
3587 3512 3653 3564 Ἡ
3692 3512 3792 3580 μὲν

2219 3602 2311 3658 οὖν
2341 3603 2693 3670 θεόπνευστος
2718 3607 2904 3677 Γραφὴ
2929 3607 3167 3659 πλείοσιν
3193 3605 3446 3675 ὀνόμασιν
3471 3603 3791 3670 ἀναγκαίως

2218 3695 2414 3766 χρῆται
2459 3697 2553 3748 καὶ
2592 3698 2830 3767 ῥήμασιν
2867 3698 2945 3758 εἰς
3005 3698 3236 3768 μερικήν
3281 3713 3426 3757 τινα,
3456 3695 3550 3747 καὶ
3581 3693 3791 3761 ταύτην

2218 3786 2614 3857 αἰνιγματώδη,
2645 3787 2743 3857 τῆς
2764 3785 2913 3850 θείας
2937 3785 3093 3854 δόξης
3136 3786 3493 3856 παράστασιν.
3534 3784 3697 3853 Ἡμῖν
3730 3783 3789 3835 δὲ

2217 3877 2395 3932 πάντα
2417 3877 2514 3948 μὲν
2532 3877 2600 3930 τὰ
2623 3877 2898 3946 πανταχοῦ
2928 3877 3032 3930 ὑπὸ
3053 3878 3153 3946 τῆς
3180 3875 3536 3929 θεοπνεύστου
3562 3874 3789 3944 Γραφῆς

2177 3967 2182 3972 “
2217 3970 2342 4040 περί
2362 3986 2422 4021 τε
2455 3969 2667 4039 Πατρὸς
2695 3969 2789 4022 καὶ
2820 3968 2948 4021 Υίοῦ
2983 3969 3074 4020 καὶ
3105 3968 3258 4036 ἁγίου
3290 3966 3603 4036 Πνεύματος
3641 3966 3792 4036 εἰρη-

2173 4062 2180 4070 ’
2218 4061 2356 4130 μένα
2400 4060 2459 4113 τὸ
2508 4060 2676 4132 παρὸν
2704 4060 2985 4127 ἀναλέγειν
3017 4059 3140 4112 οὐτε
3170 4058 3417 4130 δύναμις,
3447 4056 3572 4109 οὐτε
3599 4057 3784 4126 σχολὴ,

2213 4153 2299 4205 διὰ
2329 4152 2390 4205 τὺ
2416 4153 2761 4220 κατεπείγειν
2798 4153 2942 4219 ὑμᾶς
2965 4169 2978 4182 ο
3015 4151 3170 4219 ὀλίγα
3201 4150 3258 4202 δὲ
3307 4153 3370 4202 ὲκ
3417 4149 3635 4202 πάντων
3673 4148 3786 4219 (18)

2215 4243 2604 4314 παραθέμενοι,
2630 4245 2818 4314 ἀρκεῖν
2840 4242 3118 4314 ἡγούμεθα
3148 4243 3240 4295 καὶ
3257 4242 3430 4295 ταῦτα
3443 4244 3508 4312 τῇ
3542 4241 3789 4311 ὑμετέρᾳ

2216 4336 2536 4406 συνειδήσει,
2593 4337 2728 4406 πρός
2754 4353 2812 4388 τε
2847 4335 2943 4406 τὴν
2969 4334 3061 4388 τοῦ
3099 4333 3364 4406 ἡμετέρου
3399 4335 3465 4386 ἐκ
3498 4333 3608 4386 τῶν
3641 4333 3787 4403 Γρα-

2215 4425 2330 4496 φῶν
2384 4427 2728 4498 φρονήματος
2786 4426 3110 4497 φανέρωσιν,
3143 4426 3237 4478 καὶ
3279 4424 3377 4494 τὴν
3415 4424 3572 4495 ὐμῶν
3605 4423 3788 4477 αὐτῶν

2214 4519 2307 4570 καὶ
2335 4517 2440 4570 τῶν
2483 4517 2817 4588 βουλομένων
2841 4517 2922 4585 ἐφ’
2961 4519 3088 4587 ἡμῖν
3118 4518 3226 4587 (19)
3261 4514 3657 4586 πληροφορίαν.
3699 4514 3788 4574 Ὠς

2213 4610 2321 4680 γὰρ
2341 4610 2410 4663 τὰ
2441 4610 2607 4662 πολλὰ
2631 4611 2758 4680 μίαν
2783 4612 2910 4679 ¹ἡμῖν
2934 4610 3030 4678 τὴν
3060 4608 3256 4678 εὐσεϐῆ
3282 4606 3489 4660 ἔννοιαν
3525 4604 3786 4674 against-

2213 4705 2315 4771 λει,
2337 4703 2477 4758 οὕτω
2503 4703 2595 4756 καὶ
2621 4702 2804 4756 ἐκτῶν
2821 4701 3016 4770 ὀλίγων
3041 4704 3069 4755 ὁ
3089 4699 3404 4771 εὐγνώμων,
3437 4694 3611 4769 οἶμαι,
3640 4696 3702 4748 τὸ
3728 4699 3789 4749 έν

2213 4800 2376 4851 πᾶσιν
2403 4797 2623 4859 εὐσεϐὲς
2649 4795 3018 4865 ἐπιγινώσκει.

609 4935 626 4964 ³
669 4934 858 4989 Matth.
895 4951 1027 5001 xm,
1066 4935 1153 4990 li.
1231 4939 1250 4968 ³
1288 4936 1446 4997 Joan.
1481 4959 1603 5009 xw,
1645 4945 1730 5000 12.
1808 4949 1830 4979 ³
1873 4947 2046 5008 Ecele.
2083 4967 2195 5020 vn,
2231 4955 2322 5011 Ἡ.

607 5090 718 5159 (16)
757 5091 974 5168 Antiqui
1025 5094 1133 5148 duo
1173 5097 1296 5168 libri
1347 5099 1627 5168 προκοπὴν
1675 5101 1924 5156 ἑκάστου.
1979 5103 2100 5160 Mox

533 5141 644 5214 dub
673 5141 804 5215 mss.
840 5141 1931 5286 dioltpwavopwéuwvzrmii"adnuet-editi

533 5229 951 5286 λιμπανομένου.
988 5234 1006 5286 l
1037 5251 1100 5286 ne
1135 5251 1203 5286 an
1234 5236 1327 5286 illo
1356 5238 1519 5286 modo
1547 5239 1712 5286 lenas-
1747 5242 1882 5286 nihil
1911 5243 2093 5286 ιιρΐριιι

531 5229 962 5312 λιμπανᾎμένου.ι
988 5229 1100 5288 [loc
1135 5229 1203 5312 an
1234 5236 1327 5290 illo
1356 5238 1519 5312 modo
1547 5239 1727 5312 legas,
1747 5242 1891 5312 nihil
1904 5243 2098 5312 refert.

607 5300 718 5386 (li)
747 5299 896 5386 Regii
931 5303 1040 5386 duo
1069 5307 1315 5386 codicesn
1329 5309 1554 5386 perinde
1580 5299 1640 5362 ut
1668 5299 1835 5366 editio
1873 5311 2005 5386 Ven.
2041 5299 2097 5386 in

531 5374 951 5452 marginem-rx,
987 5375 1250 5444 ὀργάνων,
1288 5374 1557 5448 βοηθείας,
1600 5395 1763 5434 sensu
1800 5397 1908 5438 non
1932 5383 2098 5438 dissi-

531 5455 666 5493 mm.
705 5441 998 5506 Aliquanto
1045 5444 1186 5498 infra
1231 5455 1459 5506 utraque
1515 5449 1683 5505 editio
1725 5452 1859 5506 ἐμοῦ
1891 5455 2094 5506 μακοᾶ.

531 5455 666 5524 τηυξ.
705 5455 998 5509 Aliquanto
1045 5455 1186 5525 Intra
1231 5455 1459 5515 utraque
1515 5455 1683 5505 editio
1725 5455 1859 5523 ἐμοῦ
1891 5455 2094 5525 μακρᾷ.

531 5509 717 5586 Cone}
738 5509 902 5586 foss.
939 5523 991 5586 et
1029 5515 1120 5567 alu
1151 5516 1258 5570 duo
1295 5519 1520 5586 μακρόν.

603 5579 1116 5664 (18)Βες.μριιίῐῃμε
1163 5579 1364 5664 ὲκῆτῶν
1410 5579 1646 5664 πάντων.
1688 5590 1892 5647 Ibidem
1955 5594 2090 5664 Reg.

531 5653 723 5705 tertius
755 5661 808 5705 et
844 5653 978 5707 alter
1006 5653 1190 5710 itidem
1221 5653 1350 5726 Reg.
1387 5661 1820 5731 παρατιθέμενοι.

2279 5105 2596 5174 (19)Εόὶιέὶο
2634 5106 2809 5160 Paris.
2850 5106 3186 5176 βουλομένων
3226 5108 3285 5157 έν
3312 5106 3475 5176 ύμῖν,
3515 5109 3608 5176 qui
3653 5108 3790 5160 inter

2207 5193 2294 5229 vos
2345 5176 2399 5229 id
2424 5185 2689 5243 expetunt.
2741 5176 2921 5231 Editio
2957 5175 3092 5230 ven.
3128 5183 3182 5230 et
3223 5175 3391 5230 codex
3433 5175 3687 5231 Combef.
3729 5179 3790 5229 έν

2209 5248 2360 5316 ἡμῖν,
2389 5246 2528 5316 inter
2553 5263 2668 5301 nos.
2705 5247 2808 5300 Alii
2853 5256 2966 5301 tres
3006 5247 3222 5316 codices
3256 5254 3456 5316 praeter
3490 5245 3683 5316 Voss1
3702 5247 3789 5316 ἐφ’

2208 5314 2361 5396 mihi:
2396 5314 2511 5370 Hoc
2536 5316 2656 5385 ipso
2691 5316 2906 5396 inloco
2924 5317 3096 5396 editio
3115 5314 3294 5396 garis.
3321 5315 3450 5396 μίαν
3478 5317 3627 5396 ὑμῖνε
3661 5314 3790 5370 Edi-

2208 5385 2282 5438 tio
2314 5385 2557 5457 Yen.__et
2591 5401 2723 5442 mss.
2762 5394 2872 5457 tres
2913 5389 3067 5457 ἡμῖν.
3111 5385 3236 5457 Haec
3261 5395 3346 5441 est
3367 5387 3489 5454 ejus
3521 5385 3626 5440 loci
3661 5402 3790 5442 sen-

2204 5456 2374 5526 tentia
2401 5473 2414 5508 :
2451 5454 2648 5509 Nostra
2692 5457 2804 5510 haec
2831 5454 2970 5511 fidei
3000 5456 3293 5519 confessio,
3324 5457 3628 5526 quamlibet
3663 5458 3790 5510 bre-

2202 5525 2307 5596 ris,
2340 5526 2608 5595 ejusmodi
2631 5534 2736 5590 est,
2763 5534 2820 5579 ut
2853 5542 2917 5580 ex
2949 5542 3013 5582 ea
3049 5543 3235 5596 aequus
3266 5525 3449 5581 rerum
3483 5528 3789 5580 aestimator

2202 5594 2661 5670 facileiulelligat
2693 5612 2795 5652 nos
2816 5613 3034 5670 quoque
3062 5594 3127 5652 in'
3144 5598 3371 5668 reliquis
3399 5597 3664 5652 omnibus
3698 5599 3788 5666 pie

2203 5682 2266 5722 ac
2309 5674 2453 5722 recte
2492 5667 2714 5722 sentire.
2831 5667 2849 5670 '
2946 5667 2961 5668 ⁷“
3123 5677 3132 5680 ·
3276 5667 3280 5668 '
3777 5694 3794 5708 .
