3982 6240
500 303 625 363 ’ὕ87

1857 299 1914 355 S.
1962 297 2207 354 BASILII
2247 295 2460 351 MAGNI

3664 296 3773 353 688

521 425 627 478 lius
657 435 782 476 vero
809 418 862 473 in
893 417 1223 489 prupri'etate
1254 412 1399 478 Filii,
1441 422 1666 468 sanctus
1703 416 1880 467 autem
1909 410 2082 482 Spiris

2200 409 2381 474 ιένων,
2407 406 2500 461 τοῦ
2540 407 2635 476 μὲν
2674 406 2884 476 nupti;
2918 405 2975 458 ὲν
3014 404 3092 476 τῷ
3125 404 3373 476 ἰδιώματι
3395 407 3491 462 τοῦ
3526 409 3765 481 Πατρὸς,

520 502 691 569 tus'in
722 526 822 566 sua
864 510 1038 580 ipsius
1066 506 1417 577 proprietate.
1450 503 1636 574 Neque
1675 504 1913 574 Spiritus
1957 520 2085 559 san-

506 613 646 660 ..ctus
679 617 708 656 a
743 603 927 671 seipse
960 600 1200 669 loquitur
1225 599 1289 662 ¹⁸,
1321 611 1496 668 neque
1520 596 1692 652 Filius
1717 612 1746 651 a
1789 597 2085 666 semetipso

519 696 654 752 facit
689 692 987 763 quidquam
1010 692 1095 745 "z
1128 697 1183 745 et.
1215 688 1378 743 Pater
1404 686 1621 758 quidem
1661 686 1825 740 mittit
1853 684 2082 751 Filium;

518 766 696 843 Filius
724 798 857 841 vero
885 783 1054 837 mittit
1080 782 1343 854 Spiritum
1377 788 1650 837 sanctitm.
1682 779 1775 834 Sic
1797 779 2083 841 sentimus,

518 882 712 952 sicque
775 876 1119 947 baptizamus
1177 875 1234 927 in
1302 870 1568 927 Trinitate
1631 868 2085 924 consubstantiali

514 973 672 1040 juxta
696 976 1022 1040 prmceptum
1056 965 1239 1036 ipsius
1262 964 1477 1019 Domini
1507 962 1678 1017 nostri
1700 960 1830 1018 Jesu
1859 961 2083 1023 Christi,

519 1061 613 1131 qui
641 1061 777 1115 dixit
806 1080 818 1113 :
854 1058 1053 1113 Euntes
1076 1058 1259 1111 docete
1299 1072 1475 1110 omnes
1519 1066 1717 1125 gentes,
1758 1053 2086 1123 baptizantes

519 1167 607 1205 eos
637 1152 694 1204 in
737 1150 945 1203 nomine
984 1147 1189 1209 Patris,
1237 1155 1286 1201 et
1317 1144 1470 1209 Filii,
1509 1155 1559 1200 et
1593 1144 1827 1214 Spiritus
1868 1147 2085 1200 sancti:

521 1243 765 1296 docentes
791 1257 878 1295 eos
909 1256 1113 1295 servare
1144 1240 1321 1294 omnia
1358 1254 1677 1309 quacunque
1729 1238 1976 1292 mandavi
1996 1255 2086 1291 υο-

524 1335 602 1389 bis
627 1334 693 1387 "’.
736 1332 869 1399 Qua:
910 1332 957 1389 si
1007 1332 1428 1396 servaverimus,
1466 1328 1809 1386 dilectionem
1863 1331 1917 1384 in
1962 1346 2085 1385 eum

524 1432 767 1480 nostram
796 1420 1160 1488 ostendimus,
1186 1428 1369 1490 atque,
1399 1420 1477 1474 uti
1509 1421 1772 1490 scriptum
1800 1428 1905 1485 est,
1937 1419 2087 1491 digni

522 1513 784 1568 etllcimur
815 1513 911 1589 qui
949 1512 1009 1567 in
1053 1527 1118 1567 ea
1163 1513 1543 1568 maneamus“
1574 1530 1589 1565 :
1617 1511 1665 1567 si
1697 1525 1824 1568 vero
1862 1526 1926 1567 ea
1978 1527 2085 1567 non

523 1619 825 1668 servemus,
868 1605 940 1659 ita
981 1602 1139 1659 aliter
1177 1602 1353 1658 aﬂ'ecti
1381 1602 1777 1674 redarguimur.
1811 1601 1914 1668 Qui
1942 1603 2086 1659 enim

521 1713 627 1751 non
653 1696 826 1766 diligit
864 1712 965 1762 me,
995 1697 1171 1767 inquit
1204 1695 1784 1762 Dominuspsermones
1816 1711 1956 1751 meos
1985 1712 2086 1749 non

2189 501 2281 554 τοῦ
2306 501 2363 554 δὲ
2404 498 2534 552 Υἱοῦ
2579 499 2639 551 ἐν
2679 498 2757 568 τῷ
2789 496 3037 567 ἰδιώματι
3070 495 3166 551 τοῦ
3206 498 3474 563 rimimo?»
3513 499 3571 554 δὲ
3612 502 3773 569 ἁγίου

2191 594 2501 664 Πνεύματος
2534 594 2591 646 ὲν
2630 590 2708 660 τῷ
2745 590 2929 661 οἰκείῳ
2977 589 3261 660 ἰδιώματι·
3298 591 3435 663 μήτε
3473 591 3569 645 τοῦ
3616 594 3775 663 ἁγίου

2191 690 2507 761 Πνεύματος
2558 688 2648 757 ἀφ’
2696 686 2894 740 ἑαυτοῦ
2944 685 3263 752 λαλοῦντος,
3312 688 3451 758 μήτε
3490 685 3585 740 τοῦ
3642 687 3776 740 Υἱοῦ

2191 783 2283 852 ἀφ’
2318 779 2512 836 ἑαυτοῦ
2543 797 2595 833 τι
2625 778 2936 843 ποιοῦντος·
2979 779 3074 832 καὶ
3116 777 3209 831 τοῦ
3259 779 3355 849 μὲν
3393 778 3609 850 Πατρδς
3642 780 3781 851 πέμ-

2192 894 2384 939 ποντος
2420 876 2514 928 τὸν
2563 875 2711 937 Υἱὸν,
2757 870 2851 924 τοῦ
2888 870 2946 924 δὲ
2992 868 3125 923 Υἱοῢ
3165 869 3473 940 πέμποντος
3514 871 3577 924 τὸ
3619 870 3778 940 ἄτιον

2192 968 2434 1039 Πνεῦμα.
2488 965 2674 1029 Οὕτως
2713 962 3036 1035 φρονοῦμεν,
3084 961 3179 1015 καὶ
3218 959 3393 1025 οὕτως
3439 960 3777 1031 βαπτίζομεν

2191 1064 2271 1126 εἰς
2299 1060 2504 1134 Τριάὸα
2546 1058 2829 1130 όμοούσιον
2859 1055 2992 1127 (26),
3028 1054 3170 1109 κατὰ
3215 1055 3314 1125 τὴν
3352 1054 3571 1127 ἐντολὴν
3605 1054 3776 1109 αὐτοῦ

2190 1157 2283 1210 τοῦ
2315 1155 2519 1227 Κυρίου
2564 1153 2721 1226 ἡμῶν
2757 1148 2932 1222 Ἰησοῦ
2971 1148 3205 1220 Χριστοῦ
3246 1148 3517 1211 εἰπόντος·
3549 1150 3777 1215 Πορευ-

2192 1243 2395 1308 θέντες
2437 1240 2854 1312 μαθητεύσατε
2899 1236 3096 1293 πάντα
3130 1236 3204 1290 τὰ
3246 1237 3412 1305 ἔθνη,
3446 1237 3778 1301 ,ϐαπτίζον-

2192 1351 2290 1400 τες
2338 1333 2558 1399 αὐτοὺς
2599 1334 2686 1397 εἰς
2731 1331 2799 1385 τὸ
2844 1330 3029 1400 ὄνομα
3078 1328 3184 1383 τοῦ
3237 1329 3464 1398 Πατρός
3519 1329 3618 1382 καὶ
3669 1328 3776 1383 τοῦ

2193 1424 2327 1479 Υἱοῦ
2356 1425 2453 1478 καὶ
2495 1422 2602 1478 τοῦ
2648 1423 2820 1494 ἁγίου
2849 1421 3212 1491 Πνεύματος,
3245 1418 3645 1486 διδάσκοντες
3669 1422 3776 1474 αὑ-

2193 1516 2336 1582 τοὺς
2356 1513 2556 1583 τηρεῖν
2596 1512 2791 1567 πάντα
2820 1511 2937 1569 ὅσα
2980 1511 3368 1580 ἐνετειλάμην
3396 1510 3561 1580 ὑμῖν.
3597 1512 3793 1581 Ἀπερ

2193 1607 2481 1678 τηροῦντες
2517 1605 2634 1675 μὲν,
2662 1602 2758 1675 τὴν
2785 1604 2863 1667 εἰς
2890 1602 3050 1657 αὑτὸν
3081 1602 3303 1673 ἀγάπην
3332 1591 3774 1674 ἐπιδεικνύμεθα,

2196 1697 2291 1750 καί⁵
2315 1699 2372 1751 ὲν
2396 1697 2531 1768 αὐτῇ
2568 1695 2749 1767 μένειν
2778 1693 3196 1765 καταξιούμεθα,
3219 1692 3400 1756 καθὼς
3431 1693 3774 1766 γέγραπται·

528 1799 702 1844 servat
727 1789 793 1844 ⁸⁸.
824 1787 892 1843 Et
919 1803 1155 1851 rursus:
1185 1787 1290 1855 Qui
1318 1788 1469 1843 habet
1490 1787 1744 1842 mandata
1765 1803 1881 1842 mea
1903 1798 1951 1842 et
1982 1804 2091 1842 ser-

2200 1789 2270 1861 μὴ
2333 1788 2622 1861 τηροῦντες
2669 1787 2727 1841 δὲ
2750 1826 2765 1853 ,
2821 1785 3075 1850 ἐναντίως
3138 1786 3351 1858 ἔχοντες
3417 1786 3772 1857 ἐλεγχόμεθα.

523 1887 608 1932 vat
627 1895 687 1932 ea
713 1894 731 1931 :
761 1878 850 1932 ille
876 1887 953 1932 est
990 1878 1080 1947 qui
1106 1877 1278 1947 diligit
1306 1893 1388 1930 me
1410 1877 1477 1929 ³ο.

2210 1880 2271 1934 '0
2300 1881 2386 1951 μὴ
2418 1878 2664 1951 ἀγαπῶν
2683 1896 2781 1950 με,
2815 1879 2922 1950 γάρ
2952 1895 3116 1951 φησιν
3150 1882 3179 1933 ό
3219 1879 3451 1953 Κύριος,
3484 1880 3634 1946 τοὺς
3670 1881 3777 1934 λό-

522 1991 669 2042 γους
707 1992 826 2045 μου
860 1977 932 2028 οὐ
970 1973 1162 2042 τηρεῖ·
1204 1974 1298 2026 καὶ
1340 1972 1535 2026 πάλινο
1569 1973 1632 2026 '0
1661 1972 1816 2041 ἔχων
1856 1972 1961 2038 τὰς
1999 1973 2247 2042 ἐντολάς
2290 1994 2431 2046 μου,
2479 1976 2579 2029 καί
2617 1974 2813 2044 τηρῶν
2850 1975 3057 2040 αὑτὰς,
3104 1973 3335 2041 ἐκεῖνός
3362 1974 3535 2029 ἐστιν
3565 1978 3598 2029 ὁ
3636 1975 3779 2056 dra»:

524 2080 657 2119 πων
683 2082 780 2136 με.

594 2163 647 2218 5.
692 2159 859 2216 Miror
893 2168 1074 2214 autem
1103 2159 1262 2214 valde
1287 2157 1604 2223 admodum,
1643 2155 1792 2229 quod
1826 2172 1951 2212 cum
1978 2156 2094 2227 ipse

526 2254 789 2308 Dominus
834 2259 1020 2306 uoster
1048 2249 1208 2307 Jesus
1238 2249 1493 2306 Christus
1525 2250 1715 2306 dicat:
1745 2247 1926 2304 Nolite
1955 2264 2093 2319 gau-

508 2345 667 2406 dere,
698 2343 829 2413 quia
854 2341 1115 2397 diemonia
1143 2342 1285 2396 vobis
1314 2340 1668 2411 subjiciuntur
1694 2356 1712 2394 :
1734 2341 1957 2411 gaudete
1997 2357 2092 2394 au-

527 2446 649 2498 tem,
678 2431 818 2503 quod
841 2433 1055 2486 nomina
1087 2440 1260 2486 vestra
1295 2434 1493 2500 scripta
1522 2441 1644 2487 sunt
1681 2433 1735 2485 in
1764 2432 1906 2486 cretis
1922 2432 1964 2463 ἰ
1992 2448 2007 2486 :
2039 2440 2093 2486 et

524 2526 724 2579 iterum
752 2543 765 2578 :
801 2521 867 2576 In
894 2523 992 2577 hoc
1030 2531 1338 2594 cognoscent
1367 2538 1543 2577 omnes
1564 2522 1689 2592 quia
1716 2521 1963 2590 discipuli
1995 2523 2096 2576 mei

508 2617 672 2678 .estis.
713 2616 761 2669 si
791 2615 1121 2670 dilectionem
1168 2614 1458 2669 habueritis
1498 2613 1565 2667 ad
1595 2615 1813 2668 inuicem
1836 2615 1881 2645 “
1912 2634 1926 2671 :
1953 2615 2096 2670 unde

526 2705 821 2776 Apostolus
852 2706 904 2758 in
938 2703 1196 2760 omnibus
1227 2705 1511 2760 charitatis
1534 2705 1917 2760 necessitatem
1940 2703 2098 2760 exhi-

527 2798 620 2851 bet
653 2809 718 2850 ac
744 2802 996 2861 testatur,
1030 2795 1219 2850 dicens
1245 2815 1265 2850 τ
1284 2793 1344 2849 Si
1372 2795 1566 2865 linguis
1593 2796 1863 2853 hominum
1886 2798 2093 2867 loquar,

512 2897 577 2942 at
615 2887 942 2957 angelorum,
975 2887 1281 2941 charitatem
1307 2896 1484 2941 autem
1520 2902 1623 2941 non
1646 2886 1885 2956 habeam,
1922 2887 2093 2957 factus

530 2995 646 3031 sum
680 2978 817 3032 velut
846 2994 917 3032 tes
948 2994 1163 3041 sonans,
1200 2988 1293 3031 aut
1333 2977 1631 3047 cymbalum
1675 2979 1899 3033 tinniens
1927 2996 1946 3033 :
1971 2989 2020 3033 et
2048 2979 2096 3032 si

529 3069 761 3126 habuero
797 3069 1147 3139 prophetiam,
1172 3079 1222 3122 et
1251 3070 1482 3124 noverim
1521 3071 1776 3141 mysteria
1809 3073 2011 3139 omnia,
2042 3081 2093 3125 et

532 3177 736 3215 omnem
789 3162 1063 3215 scientiam
1092 3168 1179 3215 :et
1224 3162 1272 3215 si
1303 3160 1531 3217 habuero
1569 3179 1772 3217 omnem
1810 3162 1988 3233 ﬁdem,
2020 3165 2099 3217 ita
2125 3136 2166 3193 Ο

530 3266 587 3308 ut
641 3265 839 3310 montes
884 3257 1224 3325 transferam,
1269 3238 1581 3330 charitatem
1631 3267 1805 3311 autem
1857 3273 1960 3311 non
2006 3258 2101 3311 ha-

533 3342 715 3408 buere,
748 3343 881 3396 nihil
912 3358 1029 3398 sum
1047 3344 1094 3374 ³³
1121 3362 1135 3400 :
1160 3353 1214 3399 et
1243 3346 1406 3414 paulo
1435 3354 1595 3415 post:
1618 3345 1737 3401 Sine
1762 3356 1937 3401 autem
1972 3363 2094 3416 pro-

521 3436 718 3505 phetia
778 3437 1189 3502 euacuabuntur,
1242 3437 1347 3492 sive
1402 3437 1596 3509 lingua
1635 3438 1944 3505 cessabunt,
1996 3440 2099 3493 sive

533 3530 755 3585 scientia
789 3531 1089 3586 destruetur
1104 3532 1171 3598 “,
1201 3538 1256 3588 et
1282 3540 1501 3599 caetera,
1540 3534 1741 3603 quibus
1773 3535 2051 3605 subiungit
2083 3554 2095 3588 τ

536 3620 694 3677 Nunc
740 3633 913 3677 autem
945 3632 1120 3678 manet
1155 3623 1309 3693 ﬁdes,
1350 3640 1488 3694 spes,
1524 3624 1783 3689 charitas,
1826 3626 1931 3678 tria
1958 3625 2096 3681 IllBL'.‘

536 3713 711 3781 major
740 3722 916 3767 autem
942 3713 1129 3767 horum
1168 3723 1244 3768 est
1270 3713 1505 3768 charitas
1526 3714 1609 3780 ²⁵;
1640 3728 1763 3770 cum
1793 3714 1958 3785 igitur
1984 3713 2099 3768 haec

532 3810 589 3858 et
619 3805 744 3857 talia
788 3819 821 3857 ιι
853 3804 1084 3861 Domino
1122 3815 1177 3860 et
1210 3804 1278 3860 ab
1309 3805 1570 3874 Apostolo
1614 3812 1951 3868 statuantur,
1990 3805 2099 3858 mi-

534 3909 647 3961 ror,
680 3894 924 3964 inquam,
958 3895 1232 3965 quomodo
1264 3894 1513 3950 homines
1542 3911 1630 3952 res
1667 3895 2026 3951 destruendas
2046 3902 2101 3950 et

532 3996 844 4041 cessaturas
896 3995 1045 4042 tanto
1081 3986 1264 4043 studio
1308 3994 1365 4043 et
1409 3986 1606 4042 atl‘ectu
1652 3993 2052 4057 prosequantur
2083 4004 2107 4051 ι,

533 4077 810 4147 quomodo
834 4092 965 4133 vero
995 4092 1057 4133 ea
1085 4093 1207 4148 qua:
1242 4085 1485 4142 manent,
1507 4086 1561 4132 et
1594 4078 1894 4148 praesertim
1921 4078 2101 4132 chari-

537 4172 700 4220 tatem
749 4167 993 4222 omnium
1040 4167 1333 4225 maximam
1360 4208 1374 4232 ,
1418 4184 1540 4239 qua:
1579 4168 1956 4223 Christianum
2000 4183 2100 4223 suo

536 4256 759 4326 proprio
781 4256 1099 4313 charactere
1128 4258 1435 4324 constituit,
1471 4274 1580 4314 non
1619 4258 1782 4313 modo
1818 4259 1923 4330 ipsi
1948 4259 2099 4314 nullo

536 4347 699 4402 modo
724 4359 935 4414 curent,
967 4349 1067 4405 sed
1094 4349 1256 4404 etiam
1283 4351 1608 4406 curantibus
1641 4349 2018 4414 adversentur.
2046 4360 2099 4406 et

2300 2157 2352 2211 5.
2382 2155 2658 2227 Θαυμάζω
2684 2155 2741 2210 δὲ
2771 2154 3190 2227 περισσοτέρως,
3216 2155 3324 2219 ὅτι,
3348 2153 3516 2209 αὐτοῦ
3539 2153 3638 2208 τοῦ
3668 2156 3780 2209 Ku-

2201 2247 2318 2318 ρίου
2358 2243 2513 2316 ὴμῶν
2554 2242 2728 2315 Ἰησοῦ
2775 2240 3010 2316 Χριστοῦ
3051 2243 3330 2312 λέγοντος
3378 2242 3477 2311 Μὴ
3517 2245 3776 2313 χαίρετε,

2198 2336 2287 2390 ὅτι
2337 2335 2409 2389 τὰ
2439 2335 2712 2404 δαιμόνια
2747 2332 2889 2403 ὑμῖν
2923 2333 3357 2388 ὑποτάσσεται⁸
3401 2334 3641 2403 χαίρετε
3687 2333 3775 2400 δὲ,

2198 2424 2286 2478 ὅτι
2337 2426 2409 2480 τὰ
2452 2427 2712 2495 ὀνόματα
2755 2423 2922 2495 ὑμῶν
2964 2424 3283 2494 γέγραπται
3327 2426 3397 2479 ἐν
3438 2425 3563 2493 τοῖς
3602 2428 3781 2494 οἱφα-

2198 2515 2355 2581 νοῖς·
2417 2515 2510 2569 καὶ
2548 2515 2711 2570 πάλιν
2731 2532 2743 2546 ·
2788 2516 2892 2570 Ἐν
2921 2516 3108 2580 τούτῳ
3150 2514 3484 2585 γνώσονται
3527 2516 3777 2583 πάντες,

2199 2606 2287 2659 ὅτι
2326 2606 2453 2675 ἐμοὶ
2493 2607 2751 2676 μαθηται
2791 2607 2952 2673 ἐστε,
2998 2608 3106 2662 ἐὰν
3160 2607 3401 2678 ἀγάπην
3448 2606 3631 2678 ἔχητε
3663 2610 3776 2681 (27)

2194 2699 2320 2768 μετ’
2361 2698 2653 2768 ἀλλήλων
2675 2716 2689 2730 ·
2731 2698 2853 2753 ὅθεν
2887 2702 2916 2753 ὁ
2954 2699 3291 2765 Ἀπόστολος,
3318 2702 3375 2753 ὲν
3413 2701 3549 2754 πᾶσι
3589 2698 3655 2754 τὺ
3680 2704 3780 2772 τῆς

2200 2790 2418 2861 ἀγάπης
2458 2792 2751 2860 ἀναγκαῖον
2803 2791 3035 2855 δεικνὺς,
3089 2791 3513 2864 διαμαρτύρεται
3564 2792 3776 2861 λέγων-

2214 2884 2353 2937 Ἐὰν
2372 2882 2501 2949 ταῖς
2527 2882 2831 2953 γλώσσαις
2852 2882 2973 2938 τῶν
2992 2884 3318 2953 ἀνθρώπων
3336 2883 3503 2938 λαλῶ
3533 2884 3637 2939 καί
3660 2884 3779 2941 τῶν

2199 2973 2484 3044 ἀγγέλων,
2539 2973 2781 3044 ἀγάπην
2836 2975 2904 3029 δὲ
2942 2977 3029 3045 μὴ
3091 2976 3227 3044 ἔχω,
3280 2976 3496 3047 γέγονα
3546 2979 3779 3047 χαλκός

2196 3064 2382 3135 ἠχῶν,
2418 3066 2456 3135 ἢ
2506 3068 2811 3137 κύμϐαλον
2858 3069 3191 3131 ἀλαλάζονν
3232 3069 3348 3124 κᾶν
3380 3071 3500 3140 ἔχω
3545 3088 3776 3140 προφη-

2198 3147 2380 3222 τείαν,
2417 3159 2515 3213 καί
2542 3159 2678 3214 εἰδῶ
2719 3161 2791 3215 τὰ
2831 3161 3134 3231 μυστήρια
3176 3162 3391 3225 πάντα,
3439 3163 3538 3216 καί
3571 3163 3779 3217 πᾶσαν

2198 3250 2312 3318 τὴν
2359 3250 2615 3322 γνῶσιν,
2666 3251 2765 3305 καὶ
2810 3251 2919 3306 ἐὰν
2960 3252 3077 3322 ἔχω
3127 3251 3354 3315 πᾶσαν,
3375 3251 3490 3321 τὴν
3542 3254 3775 3317 πίστιν,

2196 3343 2350 3397 ὥστε
2384 3343 2490 3411 ὄρη
2517 3343 2919 3412 μεθιστάνειν,
2949 3344 3190 3414 ἀγάπην
3213 3343 3280 3397 δὲ
3307 3343 3393 3413 μὴ
3423 3343 3563 3414 ἔχω,
3596 3345 3780 3401 οὐθέν

2198 3440 2312 3505 εἰμι
2363 3435 2507 3507 (28)ο
2562 3435 2656 3488 καὶ
2716 3436 2831 3507 μετ’
2883 3435 3068 3504 ὀλίγα·
3126 3436 3263 3491 Εἴτε
3314 3436 3383 3491 δὲ
3426 3438 3781 3507 προφητεῖαι

2200 3524 2770 3594 καταργηθήσονται,
2801 3525 2920 3581 εἴτε
2957 3531 3231 3597 γλωσσαι
3263 3529 3623 3592 παύσονται,
3657 3531 3781 3585 alte

2198 3617 2415 3686 γνῶσις
2446 3618 2973 3688 καταργηθήσεται,
3001 3621 3096 3675 καὶ
3115 3620 3180 3674 τὰ
3206 3620 3364 3692 ἑξῆς,
3386 3617 3467 3687 οἷς
3490 3623 3774 3694 ἐπιφέρειο

2199 3709 2349 3763 Νυνί
2393 3709 2462 3763 δὲ
2500 3711 2667 3781 μένει
2722 3713 2944 3779 πίστις,
2990 3713 3191 3779 ἐλπίς,
3247 3713 3467 3784 ἀγάπη,
3514 3712 3589 3767 τὰ
3644 3717 3780 3783 τρία

2199 3802 2384 3856 ταῦτα
2407 3818 2420 3832 ·
2456 3802 2667 3871 μείζων
2703 3803 2772 3857 δὲ
2808 3805 3031 3859 τούτων
3074 3807 3112 3873 ἡ
3163 3804 3393 3874 ἀγάπην
3432 3805 3635 3859 τούτων
3681 3808 3779 3861 καὶ

2198 3892 2306 3945 τῶν
2350 3893 2602 3946 τοιούτων
2648 3892 2820 3957 οὕτως
2881 3894 2985 3948 ὑπό
3037 3911 3095 3947 τε
3143 3894 3236 3948 τοῦ
3287 3896 3490 3967 Κυρίου
3535 3896 3629 3949 καὶ
3679 3897 3775 3950 τοῦ

2213 3983 2529 4037 Ἀποστόλου
2559 3985 2950 4056 διωρισμένων,
2986 3985 3280 4055 θαυμάζων
3320 3988 3483 4058 φημὶ,
3518 3988 3635 4052 πῶς
3663 3988 3776 4061 (29)

2200 4077 2328 4146 περί
2360 4075 2460 4146 μὲν
2489 4076 2558 4130 τὰ
2589 4062 3007 4148 καταργούμενα
3046 4079 3141 4132 καὶ
3182 4080 3462 4150 παυόμενα
3503 4081 3778 4152 τοσαύτην

2200 4168 2412 4238 ἔχουσιν
2444 4170 2494 4220 οἱ
2527 4168 2799 4239 ἄνθρωποι
2834 4169 3069 4241 σπουδὴν
3095 4171 3188 4223 καὶ
3222 4170 3445 4240 πτόησιν
3476 4171 3613 4241 (50),
3646 4172 3778 4242 περὶ

2198 4259 2254 4312 δὲ
2277 4259 2345 4313 τὰ
2376 4259 2622 4330 μένοντα,
2658 4259 2751 4313 καὶ
2785 4260 3018 4330 μάλιστα
3049 4260 3150 4331 τὴν
3186 4258 3356 4331 μείζω
3393 4261 3608 4314 πάντων
3639 4262 3774 4327 ἁγά-

2201 4369 2330 4423 πην,
2363 4354 2461 4422 τὴν
2494 4353 3002 4425 χαρακτηρΚουσαν
3033 4353 3125 4406 τὸν
3154 4354 3494 4423 Χριστιανὸν,
3523 4355 3585 4407 ού
3613 4355 3774 4425 μόνον

534 4439 664 4494 dum
710 4438 974 4495 adversus
1001 4455 1096 4496 eos
1129 4451 1390 4512 pugnant,
1432 4442 1659 4511 implent
1700 4443 1845 4512 quod
1889 4441 2093 4497 dictum

2200 4442 2350 4494 αὐτοὶ
2382 4442 2635 4512 φροντίδα
2679 4442 2955 4512 οὐδεμίαν⁹
2981 4441 3290 4507 ποιοῦνται,
3340 4442 3475 4496 ἀλλὰ
3521 4445 3619 4497 καὶ
3666 4447 3776 4509 rei;

534 4534 637 4594 est,
671 4528 920 4584 videlicet
952 4544 1129 4601 neque
1160 4531 1266 4602 ipsi
1313 4531 1712 4601 ingrediuntur,
1761 4531 1872 4586 imo
1916 4533 2097 4604 ingre-

533 4614 1025 4691 dientesingressu
1054 4621 1347 4692 prohibent
1367 4622 1430 4675 “.
1457 4621 1804 4692 Quapropter
1836 4622 2100 4677 adhortor

534 4726 632 4767 vos
652 4720 707 4767 et.
735 4727 889 4783 rogo,
921 4722 979 4768 ut
1008 4712 1180 4769 missa
1212 4713 1432 4769 curiosa
1461 4713 1838 4784 inquisitione,
1883 4714 2103 4769 relicta-

606 4867 650 4899 “
684 4865 840 4925 Joan.
873 4882 961 4921 xw
981 4906 998 4931 ,
1026 4867 1112 4922 15.

1221 4868 1265 4900 ¹⁶
1302 4866 1458 4922 Joan.
1496 4882 1626 4933 vm,
1657 4867 1748 4924 ‘28.
1840 4869 1879 4899 ⁸⁷
1920 4868 2086 4925 Matth

2200 4888 2352 4938 LVIII,
2388 4875 2488 4938 i9,
2518 4874 2610 4930 20.
2690 4876 2734 4907 ’³⁸
2771 4874 2931 4929 Joan.
2964 4892 3052 4938 xv,
3082 4875 3174 4930 10.

2203 4531 2586 4586 ἐσπουδακόσιν
2631 4534 3012 4599 ἐναντιοῦνται,
3040 4534 3132 4587 καὶ
3168 4535 3462 4605 μαχόμενοι
3507 4535 3778 4607 πληροῦσι

2206 4626 2265 4677 τὸ
2288 4626 2574 4697 εἰρημένον
2593 4642 2608 4657 ο
2641 4625 2780 4680 Οῢτε
2817 4627 2970 4681 αὐτοὶ
3000 4626 3354 4698 εἰσέρχονται,
3389 4628 3485 4681 καὶ
3515 4629 3643 4692 τοὺς
3667 4632 3781 4682 εἰσ-

2208 4717 2529 4788 ερχομένους
2563 4717 2862 4772 κωλύουσιν
2912 4718 3187 4773 εἰσελθεῖν.
3227 4718 3428 4790 Διόπερ
3474 4720 3780 4774 παρακαλῶ

3252 4877 3294 4909 ι’
3332 4875 3494 4932 Joan.
3531 4893 3649 4939 xiv.
3682 4879 3776 4933 24.

533 4937 579 4967 ³⁸
620 4937 752 5013 ibid.
783 4937 872 4991 2!.
950 4939 994 4969 “
1016 4936 1165 5013 .Luc.
1198 4954 1269 5003 Χ,
1302 4940 1392 4993 ‘20.
1471 4940 1516 4970 ¹²
1557 4938 1714 4993 Joan.
1748 4953 1884 5005 xm,
1916 4939 2006 4993 55.
2080 4942 2094 4972 ¹

2217 4936 2345 4998 Cor.
2379 4936 2496 5009 xm,
2532 4947 2557 4997 1
2583 4985 2596 5008 ,
2629 4944 2684 4999 2.
2758 4946 2808 4978 ’δ
2846 4945 2979 5001 ibid.
3012 4936 3067 5000 8.
3142 4947 3188 4978 ”
3221 4945 3352 5001 ibid.
3388 4947 3478 5002 15.
3555 4949 3602 4980 ³⁸
3639 4936 3776 5003 Luc.

534 5022 587 5061 xl
607 5046 621 5071 ,
652 5006 739 5062 52.

604 5138 716 5209 (26)
752 5136 1194 5210 Utraque_editio
1223 5145 1304 5210 eL
1302 5136 1455 5210 Regii
1481 5139 1688 5209 primus
1716 5150 1769 5197 ct
1799 5143 2094 5208 secundus,

482 5222 487 5229 '
533 5219 588 5266 et
615 5207 751 5265 alter
774 5207 974 5290 itidem
994 5207 1236 5290 Regnel;
1261 5207 1796 5290 Τριάδαόμοούσιον,
1827 5214 1883 5265 in
1917 5207 2096 5267 Trini;

537 5291 699 5350 tatem
731 5278 1233 5350 consubstantialem
1265 5292 1284 5331 :
1313 5278 1466 5348 quod
1509 5278 1731 5350 dignum
1767 5291 1851 5336 est
1881 5292 2092 5345 notatu.

533 5349 760 5431 et_tale,
803 5357 863 5402 ut
908 5350 1013 5431 vel"
1040 5348 1263 5403 unicum
1295 5356 1481 5431 aperte
1509 5348 1762 5405 ostendat
1802 5350 2092 5431 Eusebium

535 5418 896 5493 sebastenum
927 5417 1053 5493 talia
1091 5432 1201 5472 non
1241 5417 1552 5491 scripsisse,
1588 5433 1713 5475 cum
1749 5435 1936 5476 vocem
1968 5424 2096 5493 ὁμο-

526 5489 714 5544 ούσιον
746 5502 855 5543 non
888 5487 1219 5543 admitteret.

605 5557 720 5631 (27)
753 5556 1001 5633 _I_J_t_raque
1050 5557 1229 5633 editio
1268 5565 1321 5612 et
1365 5557 1824 5633 Reg,_secu_ndus
1877 5562 2097 5633 ἀγάπην

524 5627 715 5702 ’ἕχέτε.
739 5627 842 5702 Alii
885 5627 1016 5702 tres
1031 5642 1166 5702 mss.
1205 5627 1384 5699 ἔχητε.
1422 5627 1624 5687 ibidem
1660 5628 1792 5702 Beg.
1827 5627 2018 5690 tertius
2043 5627 2095 5690 et

537 5695 671 5754 alter
705 5698 885 5754 itidem
918 5699 975 5750 ἐν
997 5695 1262 5767 ἀλλήλοις.

2208 5164 2214 5171 ·
2418 5144 2604 5242 Editio
2631 5144 2806 5242 geris.
2837 5145 2988 5242 οιύδέν
3017 5146 3153 5242 εἰμι.
3176 5144 3306 5202 Mss.
3327 5155 3575 5242 ‘quatuor
3596 5146 3776 5242 εἶρξεν.

2275 5215 2387 5286 (29)
2417 5215 2597 5270 Editio
2638 5215 2812 5272 Paris.
2862 5215 3164 5286 θαύμάζειν
3208 5215 3370 5286 φημὶ,
3415 5218 3556 5281 πῶς.
3596 5219 3779 5275 Editio

2205 5283 2340 5367 Ven.
2370 5283 2424 5342 et
2447 5287 2555 5342 duo
2579 5301 2710 5342 mss.
2744 5283 3035 5367 θαυμᾴζων
3058 5283 3350 5357 φημίζᾹίἰί
3380 5287 3490 5342 duo
3511 5287 3779 5360 θαυμάξω

2415 5423 2597 5497 Editio
2639 5424 2815 5497 Paris.
2862 5430 2916 5481 et
2958 5423 3111 5497 Regii
3158 5426 3369 5496 primus
3404 5436 3465 5497 et
3495 5430 3774 5484 secundus

2205 5495 2568 5576 σπουδὴν..)ςῴ
2599 5496 2912 5576 γνῷνσινιθι
2952 5495 3282 5576 ἱίξιηηιιοηιιθ
3313 5496 3512 5576 legitur
3532 5498 3604 5576 in
3638 5514 3770 5576 conj

2204 5574 2353 5648 textu
2372 5563 2647 5648 ‘editionis
2680 5563 2919 5648 veneta.
2955 5563 3218 5646 Alii'duo
3263 5563 3486 5646 codices
3530 5565 3774 5648 [iegii‘et

2203 5635 2339 5757 lihgr
2372 5633 2553 5698 Voss,
2586 5643 2639 5689 et
2672 5635 2838 5691 editio
2867 5633 3030 5701 νειμ,
3050 5634 3106 5689 in
3137 5636 3380 5706 margine
3412 5633 3658 5709 σπουδὴν
3682 5636 3772 5692 καὶ

2204 5721 2273 5756 πῖ
2309 5722 2450 5758 ησιν.
2472 5716 2639 5758 recte.

2204 5720 2450 5773 πτόησιν,
2472 5720 2639 5761 recte.
