3982 6240
195 377 286 438 639
1662 379 1747 433 DE
1786 377 1954 432 FIDE.

3339 368 3441 423 690

193 497 286 553 καὶ
322 494 544 564 δέομαι,
581 489 969 561 παυσαμένους
1017 491 1114 561 τῆς
1159 492 1448 564 περιέργου
1493 491 1769 562 ζητήσεως

1875 506 1982 561 que
2035 487 2312 544 indecenti
2358 489 2647 545 verborum
2705 489 3071 554 contentione,
3121 491 3190 548 iis
3235 509 3358 564 quae
3405 492 3447 537 ὃ

191 585 287 642 καὶ
329 581 612 654 ἀπρεποῦς
654 581 1010 653 λογομαχίας,
1047 583 1331 654 ἀρκεῖσθαι
1370 585 1482 646 τοῖς
1525 583 1628 637 ὑπὸ
1661 582 1767 636 τῶν

189 677 365 747 ἁγίων
385 675 478 729 καὶ
509 673 677 727 αὐτοῦ
715 670 809 726 τοῦ
836 672 1039 744 Κυρίου
1066 673 1396 744 εἰρημένοις,
1430 673 1553 737 ἄξια
1583 672 1639 726 δὲ
1671 674 1769 745 τῆς

189 768 514 840 ἰπουρανίου
557 765 806 837 κλήσεως
851 766 1094 836 φρονεῖν’
1130 765 1223 818 καὶ
1268 764 1432 832 ἀξίως
1456 764 1550 819 τοῦ
1594 764 1770 833 Εὐαγ-

187 861 373 930 γελίου
416 856 511 912 τοῦ
560 855 800 928 Χριστοῦ
848 855 1222 910 πολιτεύεσθαι
1247 895 1261 920 ,
1310 858 1395 909 ἐπ’
1456 857 1631 911 ἐλπίδι
1670 857 1771 927 τῆς

185 949 411 1006 αἰωνίου
436 948 598 1020 ζωῆς,
623 947 718 1000 κα)⁸
748 944 1067 1017 ἐπουρανίου
1097 944 1396 1016 βασιλείας,
1423 944 1522 1013 τῆς
1545 946 1772 1014 ἡτοιμα-

184 1043 395 1115 σμένης
428 1043 560 1095 πᾶσι
598 1041 713 1103 τοῖς
746 1037 1077 1108 φυλάσσουσι
1117 1036 1217 1100 τὰς
1259 1035 1475 1098 ἐντολὰς
1502 1033 1595 1087 τοῦ
1635 1032 1769 1088 Θεοῦ

184 1136 279 1188 καὶ
301 1133 542 1205 Πατρὸς,
577 1131 677 1196 τὰς
709 1131 851 1184 κατὰ
889 1130 950 1182 τὸ
988 1127 1318 1197 Εὑαγγέλιον
1365 1127 1458 1180 τοῦ
1501 1125 1770 1198 μακαρίου

178 1227 320 1280 θεοῦ
363 1225 536 1297 Ἰησοῦ
569 1223 808 1296 Χριστοῦ
835 1222 929 1275 τοῦ
967 1220 1173 1293 Κυρίου
1198 1220 1376 1291 ήμῶν,
1408 1221 1466 1274 ὲν
1493 1218 1770 1290 Πνεὺματι

183 1318 327 1388 ἁγίῳ
371 1319 468 1371 καὶ
504 1316 752 1388 ἀληθεία.
791 1312 980 1368 Ταῦτα
1017 1310 1456 1384 ὑπομνησθέντες
1495 1308 1644 1382 παρὰ
1675 1309 1773 1380 τῆς

183 1407 463 1478 ὑμετέρας
495 1405 776 1469 εὐλαϐείας
799 1403 1170 1474 ὑπαγορεῦσαι
1204 1403 1260 1454 ὲν
1293 1403 1405 1464 τοῖς
1424 1400 1770 1464 τελευταίοις,

182 1501 278 1552 καὶ
305 1498 371 1552 τὸ
419 1496 630 1551 ἑαυτῶν
661 1495 916 1568 φρόνημα
948 1493 1179 1565 φανερὸν
1201 1491 1421 1564 ποιῆσαι
1449 1492 1578 1564 ὑμῖν
1599 1509 1660 1545 τε
1680 1491 1774 1546 καὶ

180 1590 246 1644 δι’
279 1589 441 1661 ὑμῶν
475 1590 589 1652 τοῖς
625 1590 684 1642 ὲν
714 1585 934 1660 Χριστῷ
968 1586 1241 1654 ἀδελφοῖς,
1275 1586 1354 1648 είς
1403 1583 1774 1656 πληροφορίαν

181 1680 339 1751 ὑμῶν
366 1697 426 1732 τε
446 1679 544 1732 κα)⁵
565 1677 744 1732 αὑτῶν
771 1678 829 1731 ὲν
860 1675 1082 1746 ὀνόματι
1110 1674 1205 1728 τοῦ
1238 1673 1444 1745 Κυρίου
1473 1672 1629 1744 ἡμῶν
1667 1674 1773 1744 Ἰη-

183 1770 278 1825 σοῦ
299 1768 569 1842 Χριστοῦ,
592 1768 884 1836 ἀναγκαῖον
913 1768 1007 1820 καὶ
1029 1767 1162 1836 ἡμῖν
1189 1764 1475 1820 ἐπιϐάλλον
1497 1765 1610 1834 (51)
1637 1766 1774 1836 ἡγη-

1873 581 2080 640 sanetis
2101 589 2154 637 et
2178 581 2246 636 ab
2270 581 2387 652 ipso
2414 579 2643 636 Domino
2670 580 2814 636 dicta
2840 589 2989 648 sunt,
3012 585 3254 640 contenti
3283 584 3430 651 sitis,

1871 688 2044 744 eaque
2070 688 2191 744 quae
2217 672 2490 729 etelestem
2522 671 2860 732 vocationem
2888 673 3140 742 deceant,
3161 677 3429 742 sentiatis,

1869 773 1926 818 et
1955 765 2120 819 vitam
2151 764 2327 835 agatis
2351 763 2554 819 Christi
2577 763 2867 834 Evangelia
2887 765 3130 836 dignam,
3153 766 3224 823 ob
3249 781 3436 838 exspe-

1871 855 2168 910 ctationem
2230 854 2354 910 vitae
2400 863 2616 911 aeterna:
2663 855 2923 926 regnique
2979 857 3217 914 emlestis
3243 876 3257 913 :
3288 859 3434 929 quod

1872 954 2117 1016 paratum
2151 952 2237 1000 est
2279 945 2533 1000 omnibus
2576 943 2918 1004 servantibus
2944 945 3197 1001 mandata
3241 942 3339 1002 Dei
3380 956 3437 1003 et

1872 1034 2070 1099 Patris,
2117 1050 2237 1105 quae
2283 1041 2411 1090 sunt
2449 1035 2746 1091 secundum
2785 1035 3138 1107 Evangelinm
3167 1039 3313 1093 beati
3342 1036 3437 1095 Dei

1872 1125 2001 1181 Jesu
2032 1125 2236 1181 Christi
2278 1123 2496 1180 Domini
2534 1125 2728 1192 nostri,
2759 1128 2814 1181 in
2863 1125 3070 1196 Spiritu
3129 1137 3340 1192 sancto,
3385 1137 3439 1185 et

1873 1218 2122 1274 veritate.
2158 1216 2236 1272 De
2272 1217 2360 1272 bis
2399 1232 2430 1271 a
2474 1227 2656 1272 vestra
2687 1218 2886 1288 pietate
2920 1217 3183 1274 admoniti
3213 1232 3440 1277 necesse

1872 1325 1994 1366 esse
2017 1316 2070 1365 et
2089 1307 2267 1364 ot‘ticio
2293 1316 2484 1364 nostro
2513 1309 2676 1380 229
2700 1311 2993 1366 convenire
3022 1311 3299 1376 duximus,
3327 1314 3441 1368 hate

1873 1404 2090 1458 tandem
2139 1403 2403 1471 indicare,
2437 1413 2788 1472 nostramque
2837 1405 3164 1460 sententiam
3201 1407 3358 1461 vobis
3386 1413 3442 1462 et

1873 1506 1969 1561 per
2005 1507 2104 1547 vos
2134 1493 2258 1548 aliis
2300 1493 2356 1546 in
2386 1491 2610 1547 Christo
2639 1493 2902 1550 fratribus
2942 1494 3287 1552 manilestam
3317 1496 3436 1550 red.

1873 1583 2022 1650 dere,
2067 1584 2134 1638 ad
2179 1598 2396 1640 omnem
2439 1593 2677 1639 vestram
2737 1584 3092 1656 ipsorumque
3144 1586 3436 1642 dubitatio-

1874 1691 1998 1731 nem
2028 1675 2084 1730 in
2117 1676 2338 1732 nomine
2375 1673 2594 1728 Domini
2627 1675 2804 1730 nostri
2831 1673 2963 1730 Iesu
2988 1674 3196 1732 Christi
3223 1679 3440 1747 penitus

1876 1767 2169 1824 tollendam
2196 1786 2210 1822 :
2237 1782 2308 1822 ne
2335 1768 2642 1837 aliquorum
2675 1781 2829 1824 mens
2870 1768 2982 1823 ullo
3014 1769 3176 1824 modo
3208 1770 3441 1824 cireum-

185 1862 402 1934 σάμεθα
420 1861 562 1933 πρὸς
585 1860 647 1914 τὺ
667 1858 930 1932 μηδαμῶς
951 1857 1340 1930 περιφέρεσθαί
1357 1873 1518 1911 τινων
1536 1855 1630 1909 τὸν
1650 1855 1769 1910 νοῦν

1874 1861 2078 1918 feratur
2107 1861 2178 1917 ob
2199 1861 2568 1916 diversitatem
2599 1874 2812 1925 eorum,
2843 1875 2964 1930 qua:
2987 1861 3122 1916 alias
3147 1862 3253 1916 alio
3279 1862 3442 1916 modo

182 1956 239 2007 ὲν
257 1955 326 2024 τῇ
349 1953 587 2023 διαφορᾷ
608 1950 716 2004 τῶν
744 1949 929 2006 ἄλλοτε
953 1948 1050 2019 μὲν
1082 1947 1257 2012 ἄλλως
1285 1949 1416 2019 παρ’
1439 1946 1598 2018 ἡμῶν
1621 1949 1771 2000 ἐκτε-

183 2044 411 2110 θέντων,
430 2046 522 2098 ἀεὶ
538 2044 594 2096 δὲ
619 2043 752 2113 πρὸς
768 2041 865 2112 τὴν
886 2043 1144 2110 ὲπεισαγο
1151 2040 1316 2111 μένην
1338 2039 1486 2111 παρά
1506 2037 1613 2091 τῶν
1634 2039 1774 2092 ἀντι-

180 2135 573 2206 διατιθεμένων
623 2137 690 2205 τῇ
741 2131 968 2204 ἀληθείᾳ
1012 2131 1265 2185 ὑπόθεσιν
1313 2127 1770 2199 ἀναγκαζομένων

178 2223 340 2295 ἡμῶν
375 2221 693 2277 ἐνίστασθαι
716 2221 850 2294 (52),
886 2222 1022 2292 μήτε
1051 2220 1156 2292 μὴν
1185 2219 1593 2274 διασαλεύεσθαί
1621 2235 1771 2281 τινας

177 2315 238 2369 ὲν
271 2319 342 2387 τῇ
374 2315 709 2386 ὲναντιότητι
743 2314 850 2368 τῶν
895 2315 952 2367 ἐν
988 2316 1122 2386 ἡμῖν
1165 2313 1235 2366 τὰ
1279 2313 1532 2384 ἀλλότρια
1573 2314 1772 2382 ἐπιφη-

185 2407 280 2476 μίζ⁹
281 2424 365 2462 ειν
391 2406 678 2472 θελόντων,
717 2406 752 2477 ἢ
789 2406 883 2462 καὶ
925 2405 996 2459 τά
1038 2405 1145 2460 ἴδια
1187 2405 1336 2475 πάθη
1379 2404 1636 2467 πολλάκις
1678 2403 1771 2456 ἐπὶ

181 2504 240 2558 τὸ
299 2504 652 2575 συναρπάσαι
708 2503 841 2566 τοὺς
898 2501 1298 2572 ἁπλουστέρους
1351 2499 1445 2553 τοῦ
1500 2499 1770 2570 ἡμετέρου

182 2595 538 2666 σρονὴματος
587 2591 1100 2662 καταψευδομένων·
1142 2588 1236 2653 οὒς
1285 2589 1378 2642 καὶ
1423 2589 1552 2658 ὑμῖν
1606 2585 1772 2655 φυλά-

184 2685 400 2750 ξασθαι,
432 2685 511 2746 ὡς
542 2684 854 2755 ἀλλοτρίους
883 2683 984 2753 τῆς
1015 2681 1375 2751 εὑαγγελικῆς
1404 2678 1498 2734 καὶ
1532 2679 1768 2733 ἀποστο-

181 2778 338 2847 λικῆς
373 2775 612 2840 πίστεώς
652 2792 712 2828 τε
770 2774 866 2828 καὶ
913 2775 1153 2844 ἀγάπης,
1196 2773 1518 2841 ἀναγκαῖον·
1559 2770 1770 2840 μεμνῆ-

183 2868 304 2922 σθαι
324 2867 385 2920 δὲ
407 2864 504 2920 τοῦ
530 2866 642 2936 (55)
680 2865 1001 2918 Ἀποστόλου
1023 2865 1267 2926 εἰπόντος
1287 2880 1298 2893 ·
1338 2863 1515 2917 Ἀλλὰ
1539 2862 1635 2916 καὶ
1661 2861 1771 2914 ἐὰν

181 2959 374 3029 ἡμεῖς,
406 2959 446 3027 ἣ
476 2957 733 3028 ἅγγελος
765 2958 833 3022 ἐξ
872 2957 1128 3026 οὐρανοῦ
1159 2955 1602 3025 εὐαγγελίζηται
1628 2953 1772 3024 ὑμῖν

180 3053 313 3121 παρ’
357 3050 389 3104 ὃ
424 3049 938 3120 εὐηγγελισάμεθα
959 3049 1099 3118 ὑμῖν
1124 3049 1552 3120 (54),“ἀνάθεμα
1579 3047 1734 3102 ἐστω
1753 3064 1766 3078 ο

181 3145 269 3196 ἵνα
324 3142 628 3213 τηροῦντες
676 3141 892 3195 κάκεῖνο
937 3141 1030 3206 τὸ,
1091 3141 1422 3210 Προσέχετε
1479 3141 1597 3193 ἀπὸ
1653 3138 1771 3192 τῶν

1873 1954 2122 2024 exposita
2153 1968 2182 2007 a
2207 1953 2365 2009 nobis
2393 1960 2540 2014 sunt,
2573 1952 2825 2007 videlicet
2854 1968 3071 2022 semper
3101 1968 3202 2008 nos
3225 1953 3292 2008 iis
3320 1969 3442 2024 quae

1872 2060 1902 2099 a
1931 2045 2174 2101 veritatis
2209 2046 2674 2116 oppugnatoribus
2710 2044 3073 2100 alferebantur
3103 2044 3442 2114 argumentis

1871 2138 2131 2192 resistere
2160 2137 2492 2206 cogebamur
2519 2155 2532 2190 :
2565 2151 2700 2191 neve
2745 2136 3083 2206 impugnatio
3126 2151 3317 2191 eorum
3345 2138 3440 2207 qui

1872 2229 2029 2284 nobis
2063 2228 2239 2283 aliena
2282 2227 2522 2282 tribuere
2549 2228 2759 2292 volunt,
2803 2235 2898 2283 aut
2931 2227 3025 2298 qui
3066 2228 3231 2282 etiam
3271 2242 3442 2298 smpe-

1871 2333 2128 2381 numero,
2177 2324 2238 2372 ut
2282 2317 2648 2388 simpliciores
2687 2318 2754 2372 ad
2798 2332 2857 2374 se
2911 2317 3261 2388 pertrabant,
3310 2333 3441 2374 suos

1871 2411 2115 2480 ipsorum
2144 2423 2361 2465 errores
2411 2417 2602 2464 contra
2647 2417 2890 2465 nostram
2921 2409 3247 2466 sententiam
3282 2410 3441 2465 nobis

1871 2498 2152 2572 aﬂingunt,
2197 2514 2524 2569 quemquam
2559 2506 2902 2555 commoveat
2929 2517 2943 2554 :
2969 2513 2998 2553 a
3029 2498 3230 2568 quibus
3269 2498 3438 2552 etiam

1868 2608 1989 2657 vos,
2039 2598 2100 2646 ut
2135 2592 2204 2647 ab
2233 2591 2545 2659 hominibus
2589 2593 2656 2648 ab
2687 2592 2999 2662 evangelica
3042 2598 3095 2646 et
3138 2591 3440 2661 apostolica

1872 2686 1976 2742 ﬁde
2006 2694 2171 2756 atque
2220 2685 2489 2740 eharitate
2531 2685 2748 2747 alienis,
2780 2684 3091 2740 necessario
3124 2697 3317 2737 cavere
3343 2681 3444 2736 de-

1869 2779 2030 2843 betis,
2062 2793 2127 2832 ac
2167 2778 2488 2833 meminisse
2520 2776 2791 2847 Apostoli,
2835 2777 2927 2846 qui
2969 2775 3144 2830 dixit:
3177 2774 3279 2830 Sed
3320 2774 3442 2830 licet

1869 2885 1987 2936 nos,
2029 2875 2123 2922 aut
2166 2868 2383 2939 angelus
2421 2867 2485 2922 de
2523 2867 2650 2922 calo
2695 2867 3012 2936 eoangelizet
3046 2864 3187 2921 vobis
3218 2872 3445 2933 praeten

1869 2975 2024 3028 quam
2053 2956 2191 3029 quod
2229 2958 2697 3028 euangelizavimus
2737 2957 2901 3022 vobis,
2938 2957 3219 3012 anathema
3265 2957 3333 3010 sit
3350 2955 3436 3008 ’τι

1869 3061 1927 3105 ut
1957 3049 2328 3106 custodientes
2364 3058 2419 3106 et
2448 3049 2602 3114 illud,
2636 3049 2900 3104 Attendite
2947 3065 2980 3102 a
3017 3049 3176 3118 falsis
3218 3047 3442 3118 prophe-

1872 3140 1936 3194 tis
1957 3140 2002 3171 "
2032 3159 2047 3195 :
2072 3141 2200 3195 item
2231 3139 2364 3194 illud
2391 3158 2404 3194 :
2437 3138 2505 3193 Ut
2533 3139 2858 3194 subtrahatis
2885 3156 2971 3194 nos
2995 3138 3060 3192 ab
3097 3139 3240 3194 omni
3274 3137 3440 3205 fratre

180 3231 707 3302 ψευδοπροφητῶν
727 3251 740 3264 ·
783 3234 878 3286 καὶ
929 3233 1010 3300 τὸ,
1055 3232 1418 3286 Στέλλεσθαι
1465 3229 1617 3300 ὑμᾶς
1654 3229 1769 3284 ἀπὸ

1875 3231 2178 3287 ambulante
2205 3231 2525 3299 inordinate,
2553 3243 2602 3286 et
2625 3248 2728 3285 non
2760 3230 3044 3286 secundum
3075 3229 3434 3288 traditionem,

181 3323 414 3390 παντὸς
466 3323 731 3391 ἀδελφοῦ
789 3323 1053 3390 ἀτάκτως
1115 3323 1582 3392 περιπατοῦντος
1605 3362 1619 3385 ,
1667 3323 1767 3376 καὶ

175 3413 263 3480 μὴ
287 3414 441 3466 κατὰ
477 3413 594 3478 τὴν
625 3411 979 3479 παράδοσιν,
1017 3412 1098 3478 ἣν
1128 3413 1466 3481 παρέλαϐον
1493 3412 1604 3481 (55)
1631 3415 1767 3480 παρ’

180 3502 376 3571 ἡμῶν,
415 3500 715 3570 στοιχῶμεν
747 3499 826 3570 τῷ
859 3501 1043 3554 κανόνι
1081 3499 1190 3552 τῶν
1239 3499 1426 3568 ἁγίων,
1468 3500 1541 3562 ὡς
1580 3499 1766 3552 Ὲποι-

183 3593 624 3663 κοδομηθέντες
666 3591 762 3645 ἐπὶ
824 3589 904 3655 τῷ
952 3591 1201 3659 θεμελίῳ
1252 3589 1368 3642 τῶν
1415 3589 1770 3643 ἀποστόλων

181 3683 285 3736 καὶ
337 3679 692 3749 προφητῶν,
741 3680 914 3745 ὄντος
962 3680 1384 3749 ἀκρογωνιαίου
1436 3677 1622 3732 αὐτοῦ
1669 3678 1763 3730 τοῦ

180 3775 398 3846 Κυρίου
423 3773 580 3844 ἡμῶν
606 3772 801 3840 Ἰησοῦ
828 3771 1104 3838 Χριστοῦ,
1127 3772 1198 3824 ἐν
1219 3763 1267 3837 ᾧ
1295 3769 1462 3825 πᾶσα
1483 3770 1761 3839 οἰκοδομὴ

183 3863 800 3936 συναρμολογουμένη
847 3862 1014 3928 αὔξει
1049 3865 1136 3929 εἰς
1177 3864 1327 3917 ναὸν
1348 3863 1518 3933 ἅγιον
1553 3867 1621 3917 ὲν
1650 3868 1763 3917 Κυ-

177 3958 317 4025 ρίῳ.
349 3958 408 4010 '0
448 3956 518 4009 δὲ
554 3956 696 4022 Θεὸς
720 3954 829 4022 τῆς
847 3955 1094 4023 εἰρήνης
1118 3953 1359 4024 ἁγιάσαι
1392 3953 1546 4024 ὑμᾶς
1579 3959 1770 4009 ὁλοτε-

182 4049 338 4115 λεῖς,
398 4049 498 4102 καὶ
553 4049 890 4114 ὀλόκληρον
936 4045 1104 4114 ὑμῶν
1155 4047 1219 4100 τὸ
1273 4045 1526 4116 πνεῦμα,
1581 4047 1679 4100 καὶ
1730 4049 1768 4113 ὴ

185 4140 387 4209 ψυχὴ,
425 4139 526 4192 καὶ
565 4137 630 4191 τὸ
676 4137 846 4206 σῶμα
882 4137 1194 4207 ἀμέμπτως
1229 4137 1298 4190 ἐν
1348 4137 1423 4204 τῇ
1470 4138 1772 4205 παρουσίᾳ

182 4233 296 4286 τοῦ
328 4232 556 4298 Κυρίου
595 4229 763 4298 ἡμῶν
800 4230 994 4296 Ἰησοῦ
1033 4228 1290 4298 Χριστοῦ
1329 4231 1604 4296 τηρηθείη
1634 4231 1770 4299 (56).

1866 3338 2024 3393 quam
2061 3333 2365 3393 acceperunt
2398 3341 2432 3378 ο
2465 3323 2610 3377 nobis
2635 3324 2700 3386 ’³,
2742 3338 2809 3377 ex
2859 3331 3171 3377 sanctorum
3218 3317 3439 3374 institu-

1867 3415 1937 3470 tis
1974 3414 2290 3470 ineedamus
2314 3455 2328 3479 ,
2368 3424 2625 3484 tanquam
2676 3412 3082 3480 supermdiﬁcati
3125 3425 3278 3477 super
3308 3409 3434 3476 fun-

1866 3506 2168 3560 damentum
2204 3506 2567 3576 apostolorum
2602 3513 2652 3558 et
2675 3505 3069 3573 prophetarum,
3101 3518 3304 3557 summa
3339 3516 3438 3554 an-

1865 3599 2040 3668 gulari
2082 3599 2257 3667 lapide
2295 3599 2410 3667 ipso
2454 3597 2686 3650 Domino
2733 3605 2926 3650 nostro
2956 3593 3083 3647 Jestt
3111 3592 3342 3655 Christo,
3381 3593 3437 3644 in

1871 3706 1970 3758 quo
2002 3691 2171 3743 omnis
2209 3688 2491 3756 wdiﬁcatio
2519 3697 2821 3741 constructa
2862 3687 3049 3740 crescit
3094 3686 3148 3738 in
3191 3684 3435 3751 templum

1871 3789 2111 3833 sanctum
2141 3781 2196 3833 in
2223 3777 2450 3833 Domino
2472 3778 2537 3832 ³ο.
2579 3777 2714 3832 Deus
2759 3787 2933 3830 autem
2960 3775 3104 3843 pacis
3144 3772 3437 3842 sanctiﬁcet

1870 3889 1957 3926 vos
2010 3881 2169 3937 totos,
2218 3881 2267 3926 et
2316 3873 2514 3941 integer
2554 3880 2718 3924 vester
2752 3869 2992 3938 spiritus,
3037 3874 3085 3925 et
3127 3866 3328 3929 anima,
3367 3863 3437 3916 ἐς

1866 3977 2052 4029 corpus
2093 3963 2229 4015 citra
2260 3961 2706 4030 reprehensionem
2747 3960 2803 4012 in
2835 3959 3058 4012 adventu
3086 3955 3300 4011 Domini
3344 3970 3438 4007 no—

1867 4051 1964 4103 stri
1995 4048 2124 4104 Jesu
2154 4049 2354 4104 Christi
2385 4060 2635 4104 servetur.
2677 4046 2876 4101 Fidelis
2903 4057 2979 4101 est
3003 4045 3141 4101 Deus
3165 4045 3253 4115 qui
3282 4059 3438 4099 voea-

1867 4144 1938 4196 vit
1968 4160 2055 4197 vos
2079 4158 2098 4196 :
2127 4144 2396 4213 quietiam
2434 4141 2591 4210 faciet
2615 4141 2680 4208 ",
2726 4141 2771 4194 si
2813 4140 2972 4194 modo
3011 4139 3268 4193 mandata
3311 4138 3436 4206 ejus

1869 4250 2168 4300 servemus,
2208 4235 2379 4304 gratia
2418 4233 2622 4288 Christi
2652 4233 2706 4286 in
2737 4230 2940 4300 Spiritu
2975 4236 3187 4284 sancto.

185 4322 413 4388 Πιστὸς
451 4324 484 4374 ό
526 4321 672 4386 Θεὸς
713 4324 747 4374 ό
783 4321 986 4374 καλῶν
1027 4319 1182 4389 ὑμᾶς
1208 4365 1222 4388 ,
1265 4319 1333 4386 ὃς
1378 4320 1475 4374 καὶ
1516 4320 1776 4388 ποιήσει,
1813 4322 1907 4376 ἐὰν
1951 4325 2051 4388 τὰς
2093 4325 2308 4388 ἐντολὰς
2348 4324 2509 4377 αὑτοῦ
2540 4323 2887 4393 τηρήσωμεν,
2943 4320 3121 4392 χάριτι
3166 4317 3260 4372 τοῦ
3300 4319 3434 4388 Χριο

186 4418 315 4472 ατοῦ
341 4419 404 4469 ἐν
434 4415 712 4485 Πνεῦματι
742 4414 902 4484 ἁγίῳ.

256 4513 309 4567 6.
348 4513 434 4566 Τὰ
471 4512 599 4580 περὶ
632 4510 731 4579 τῆς
763 4509 1110 4580 ὑγιαινούσης
1157 4510 1392 4572 πίστεως
1421 4509 1531 4578 (57)
1566 4512 1622 4562 ὲν
1655 4512 1765 4571 τοῖς

1943 4507 1996 4562 6.
2041 4507 2177 4562 Cum
2223 4505 2291 4562 de
2335 4505 2422 4560 his
2467 4520 2588 4574 quae
2632 4503 2698 4557 ad
2741 4517 2930 4558 sanam
2971 4460 3132 4558 ﬁdem
3163 4501 3439 4572 pertinent

258 4669 304 4701 ’τ
339 4667 524 4723 Galat.
559 4682 610 4730 ι,
642 4665 696 4719 8.
770 4666 817 4698 ’⁸
851 4664 1040 4720 Matth.
1073 4679 1148 4718 vn
1173 4705 1187 4729 ,
1228 4665 1312 4718 15.
1389 4667 1432 4697 ’⁸³
1474 4663 1515 4718 ll
1552 4663 1744 4720 Thess.

1905 4662 1957 4716 6.
2036 4661 2315 4754 '°_Ephes.
2353 4677 2423 4724 ιι,
2455 4661 2544 4717 20.
2623 4661 2665 4691 ³⁸
2706 4658 2726 4712 ι
2757 4658 2950 4715 Thess.
2989 4676 3039 4722 ν,
3069 4659 3168 4722 25,
3202 4655 3290 4711 24.

264 4822 374 4894 (51)
403 4820 587 4875 Editio
609 4819 907 4898 Paris._xal.
928 4821 1055 4891 ὑμῖν
1079 4820 1390 4874 ἐπιϐάλλον.
1423 4819 1602 4874 Editio
1627 4818 1761 4874 Ven.

1873 4818 2046 4898 editio
2078 4816 2257 4898 ιιαλῶν
2294 4815 2550 4898 ὑμᾶςὼς
2577 4815 2668 4898 καὶ
2707 4814 2942 4898 ποιήσξι.
2974 4809 3433 4898 rcodenCorube'f.

186 4901 249 4948 et
276 4892 390 4947 tres
418 4907 554 4945 mss.
584 4892 681 4944 καὶ
707 4894 861 4960 ἡμῖν.
1222 4923 1228 4931 .

264 4963 372 5034 (59.)
408 4961 545 5034 Reg.
588 4958 799 5034 primits
843 4960 999 5029 ἡμῶν
1029 4960 1298 5034 ἵστασθαι.
1332 4960 1481 5013 Alter
1513 4958 1642 5030 Reg.
1677 4961 1765 5013 ἐν·

188 5030 464 5086 ἕστασθαι.
489 5032 687 5086 Statim
719 5030 851 5099 Reg.
883 5047 1021 5084 unus
1048 5033 1138 5084 ἐπὶ
1170 5031 1249 5100 τῷ
1280 5049 1394 5100 συνί

264 5104 375 5173 (55)
408 5101 550 5173 Reg.
598 5098 897 5173 teprtius’et
944 5098 1316 5173 alter_itidem
1369 5098 1574 5173 Regius
1605 5101 1769 5167 ἀναγ-

182 5169 366 5236 καῖον,
401 5169 774 5243 μεμνημένοις
802 5169 927 5222 τοῦ·
968 5170 1112 5240 quod
1158 5171 1289 5240 quin
1341 5170 1510 5240 recipi
1553 5185 1770 5240 quoque

181 5241 541 5314 possit,__non
569 5241 781 5296 dubito.

264 5313 374 5381 (54)
400 5312 584 5365 Editio
614 5321 849 5379 utraque
873 5321 925 5364 et
952 5309 1079 5380 Reg.
1108 5308 1380 5381 secundus
1406 5311 1534 5380 παρ’
1560 5309 1769 5381 650117-

178 5377 495 5452 γελισάμην
524 5383 674 5452 ὑμῖν.
701 5377 943 5452 Alii_tres
965 5377 1182 5434 codices
1214 5378 1361 5449 Regii
1393 5377 1584 5449 praeter
1604 5377 1764 5434 Voss.

179 5454 320 5522 παρ’
349 5449 902 5522 ὃέὖηγγελισάμεθα.

263 5517 370 5591 (55ὶ
399 5517 582 5591 Codex
804 5520 871 5590 ἢν
900 5517 1297 5591 παρελάϐοσαν.

267 5587 376 5661 (56)
412 5590 592 5646 Editio
622 5590 802 5643 Paris.
828 5587 909 5643 'et
957 5587 1090 5657 Reg.
1144 5587 1420 5661 secundus
1458 5587 1682 5661 perinde
1711 5594 1770 5661 ut

183 5657 364 5715 editio
389 5661 522 5715 Ven.
562 5663 617 5714 in
651 5671 909 5713 contextu
947 5657 1180 5728 Χριστοῦ
1224 5657 1442 5728 εὑρεθῇ.
1484 5657 1613 5725 Reg.
1647 5659 1763 5728 pri--

183 5744 316 5784 mus
347 5730 617 5802 εὑρεθείη.
640 5731 742 5783 Alii
772 5730 880 5783 duo
912 5727 1060 5796 Regii
1091 5742 1223 5780 mss.
1247 5741 1299 5782 et
1325 5727 1507 5792 γοδς»,
1528 5736 1580 5780 et
1601 5727 1766 5781 editio

187 5796 333 5855 Ven.
367 5804 418 5856 in
447 5801 698 5870 margine
731 5798 967 5869 Χριστοῦ
997 5796 1278 5869 τηρηθείη.
1308 5795 1507 5854 lhidem
1540 5806 1767 5868 utraque

321 5841 333 5855 ο
369 5827 418 5856 "l
449 5827 698 5869 ΙΙΙὲΙΪκΙΙΙυ
732 5827 769 5851 [Ἰ
787 5827 967 5869 ξιῑὶῘυυυ
1005 5827 1278 5869 Μαίη-ιαμ).
1309 5827 1507 5854 ιυΙΙ-ΙΙῙΙΙΙ
1541 5827 1580 5856 ιι]

1871 4897 1923 4963 et
1959 4879 2403 4963 alii__dito_xal_g’§v
2435 4887 2580 4963 ὑμᾷς
2609 4886 2667 4948 ὃς
2704 4879 2831 4963 atat;
2868 4881 3212 4963 Reg-tertius
3256 4879 3435 4934 καλῶν

1874 4959 2020 5029 ἡμᾶς
2049 4960 2125 5029 ὃς.
2163 4957 2283 5011 Mox
2320 4957 2456 5029 liber
2474 4951 2645 5029 'Voss.
2671 4955 2850 5029 χάριτι
2882 4951 2974 5006 τοῦ
3001 4951 3223 5029 Ιςυρίου.

1944 5019 2055 5100 (57)
2088 5019 2203 5109 illa,
2232 5029 2298 5081 τὰ
2329 5027 2458 5112 περὶ
2485 5027 2583 5102 τῆς
2607 5019 3436 5112 ὑγίἀίνοὺσηςᾼπίστεως,,εί-τρ-

1875 5093 2240 5166 Ιίιιιιοόιῐιῐιίιι
2279 5097 2344 5150 ad
2385 5093 2551 5150 linem
2583 5110 2777 5166 usque.
2812 5095 2886 5146 ita
2923 5093 3100 5166 locata
3135 5099 3270 5166 sunt
3299 5101 3351 5166 et
3381 5093 3435 5144 iu

1873 5160 2114 5222 editione
2143 5165 2281 5221 Ven.
2316 5173 2370 5221 et
2399 5166 2454 5220 in
2485 5160 2681 5219 eodiee'
2712 5161 2873 5218 Voss.
2911 5169 2960 5216 et
3003 5161 3056 5214 in
3102 5160 3222 5214 aliis
3261 5161 3440 5219 tribus

1875 5239 2028 5293 libris
2057 5238 2355 5298 veteribus,
2390 5243 2451 5290 ut
2479 5235 3033 5303 coniungantur-eum
3057 5230 3126 5303 iis
3154 5245 3278 5303 quae
3298 5246 3436 5303 prae-

1875 5308 2096 5370 cedunt,
2133 5308 2251 5362 sine
2301 5307 2410 5361 ullo
2457 5299 2741 5359 intervallo
2772 5309 2825 5357 et
2871 5299 2990 5355 Sine
3018 5299 3128 5355 ullo
3159 5299 3352 5370 titulo;
3383 5308 3437 5352 et

1873 5377 1948 5430 ita
1980 5378 2066 5431 edi
2103 5377 2302 5432 debere
2335 5383 2486 5444 puto,
2533 5389 2655 5444 cum
2682 5380 2875 5444 totum
2921 5371 3075 5428 illud.
3119 5369 3263 5444 quod
3299 5370 3432 5428 dixi.

1910 5448 2088 5517 roprie
2117 5446 2278 5514 huius
2314 5439 2390 5499 De
2419 5444 2522 5517 ﬁde
2553 5443 2715 5517 libelli
2747 5442 2992 5517 epilogus
3018 5456 3150 5517 esse
3162 5439 3434 5517 videatur.

1910 5463 2088 5517 roprte
2117 5463 2278 5514 [ιιιμιε
2314 5463 2390 5499 υϐ
2419 5463 2522 5513 [tae
2553 5463 2715 5496 “DCIII
2747 5463 2992 5511 epilogus
3018 5463 3141 5496 ESSE
3165 5463 3434 5494 nugatur.

1873 5463 1998 5570 llaec
2037 5533 2158 5586 quae
2194 5517 2380 5586 notavi,
2408 5515 2593 5586 verba,
2627 5513 2695 5586 τᾲ
2735 5511 2881 5586 περί,
2912 5520 3042 5586 etc.,
3070 5510 3436 5586 elliciuutpe-

1874 5580 2136 5641 culiarem
2186 5585 2488 5654 quamdam
2527 5581 3056 5654 lucubratiunculam
3085 5583 3152 5654 Ain
3179 5580 3436 5654 _editi_one

1871 5656 2043 5710 Paris.
2074 5649 2334 5709 eum-hoc
2372 5653 2551 5722 titulo.
2580 5650 2868 5722 Προοίμιον
2902 5651 3008 5703 τῶν
3041 5649 3264 5722 ἠθικῶν,
3303 5649 3440 5702 Prn-

1873 5727 2080 5780 mmium
2103 5725 2410 5778 ethicorum.
2436 5720 2650 5775 Titulus
2676 5721 2768 5790 qui
2804 5721 2998 5790 legitur
3020 5723 3074 5774 in
3099 5720 3230 5785 Reg.
3255 5723 3435 5790 tertio,

1875 5796 2018 5850 haud
2042 5796 2212 5866 magis
2234 5794 2503 5850 convenit.
2534 5792 2627 5847 Est
2656 5789 2834 5846 autem
2862 5789 3154 5860 ejusmodi,
3177 5791 3307 5858 Περὶ
3335 5789 3437 5858 τῶν
