3982 6240
177 382 287 441 σεο
1469 392 1833 452 mensuum
1872 395 2077 452 INDEX
2556 382 2561 388 ’
3340 402 3439 460 691

184 503 239 567 ς’
262 504 397 574 Περὶ
432 503 522 557 τοῦ
550 504 659 558 δεῖν
690 507 1163 579 παρρησιάζεσθαι
1197 511 1255 563 ἐν
1283 512 1348 582 τῇ
1378 514 1635 586 ὁμολογίᾳ
1674 517 1756 570 τοῐ

1873 518 1906 573 6
1947 516 2103 584 Quod
2143 517 2199 571 in
2236 514 2587 572 confessione
2632 514 2748 579 Dei,
2784 524 2838 570 et
2859 515 3062 572 Christi
3092 515 3234 585 ejus,
3277 474 3434 574 inlen-

252 596 409 661 Θεοῦ,
430 598 535 679 ’καὶ
566 598 659 651 τοῦ
689 598 927 670 Χριστοῦ
952 602 1136 657 αὑτοῦ.
1444 651 1451 667 .

1444 651 1451 667 .
1944 616 2029 663 ter
2056 608 2378 676 fortiterque
2408 604 2677 676 agendum
2710 605 2800 660 sit.

181 686 227 752 ζ’
254 689 375 742 Ὀτι
415 690 491 761 μὴ
541 690 703 760 ἀρκεῖ
753 692 891 762 πρὸς
946 695 1215 765 σωτηρίαν
1269 699 1302 766 ἡ
1362 698 1621 769 ὁμολογία
1673 699 1753 751 τοί

1872 700 1903 752 '7
1941 697 2098 765 Quod
2127 713 2236 752 non
2263 698 2335 752 sit
2364 696 2497 752 satis
2529 695 2597 749 ad
2632 694 2863 750 salutem
2900 694 3175 751 confessio
3204 694 3437 763 Domini,

251 782 459 851 Κυρίου
487 783 602 845 τοῖς
631 782 730 847 τὰς
764 782 982 848 ἐντολὰς
1011 785 1177 839 αὑτοῦ
1207 787 1658 859 παραϐαίνουσιν.

1375 787 1658 845 Ξαίνουσιν.
1938 788 2267 845 facientibus
2300 796 2489 842 contra
2517 785 2775 840 mandata
2806 786 2947 856 ejus.

176 880 227 942 η’
261 872 400 943 Περὶ
437 872 678 937 πίστεως
724 875 821 928 καὶ
863 874 1234 949 πληροφορίας
1274 879 1381 935 τῶν
1430 878 1524 933 τοῦ
1559 880 1748 954 Κυρίοι

1869 883 1902 938 8
1942 881 2020 936 De
2046 880 2151 936 fide
2182 888 2238 935 et
2268 892 2483 933 summa
2510 878 2837 933 auctoritate
2868 892 2933 932 ac
2962 878 3292 936 certitudine
3319 896 3438 935 ver-

247 964 537 1034 ῥημάτων.

1938 970 2131 1024 borum
2161 966 2397 1021 Domini.

173 1052 219 1106 ϐ’
288 1055 427 1126 Περ)⁵
493 1055 745 1125 γνώσεως
816 1058 849 1129 ἢ
908 1060 1130 1128 ἀγνοίας
1194 1061 1302 1115 τῶν
1368 1062 1745 1116 ἐπιϐαλλόντωε

1869 1061 1903 1115 9
1941 1059 2018 1116 De
2065 1060 2378 1129 cognitione
2434 1056 2551 1115 sive
2590 1058 2820 1113 scientia
2868 1058 3322 1131 ignorationeque
3358 1078 3439 1116 re-

246 1148 404 1217 ἡμῖν.
1937 1165 2059 1206 rum
2092 1148 2161 1203 ad
2194 1147 2431 1203 ofﬁcium
2461 1155 2713 1203 nostrum
2749 1148 3159 1218 pertinentium.

172 1243 206 1288 ι’
240 1237 305 1288 Τί
333 1238 395 1290 τὸ
423 1238 577 1303 τέλος
615 1240 716 1310 τῆς
755 1242 1050 1313 ἁμαρτίας,
1071 1243 1167 1298 καὶ
1204 1244 1257 1297 τί
1298 1245 1395 1316 τῆς
1423 1246 1644 1317 ἐντολῆς
1670 1246 1744 1299 τοί

1868 1243 1937 1298 li)
1980 1240 2115 1308 Quis
2147 1242 2218 1296 sit
2248 1239 2373 1295 finis
2399 1239 2632 1310 peccati,
2661 1238 2855 1309 quisve
2884 1239 3013 1294 item
3043 1240 3296 1312 praecepti
3327 1240 3438 1295 Dei.

244 1330 405 1385 Θεοῦ.

172 1423 245 1474 ια’
288 1424 427 1495 Περὶ
470 1425 756 1495 κριμάτων
799 1424 970 1492 Θεοῦ,
1024 1428 1121 1480 καὶ
1165 1427 1260 1481 τοῦ
1308 1429 1402 1482 ἀπ’
1451 1428 1629 1482 αὐτῶν
1673 1429 1744 1499 φό

1868 1421 1932 1474 ll
1976 1420 2052 1476 De
2080 1419 2303 1490 iudieiis
2326 1418 2444 1483 Dei,
2474 1427 2528 1473 et
2547 1427 2883 1489 quantopere
2904 1433 2968 1472 ea
2992 1418 3101 1473 sint
3126 1417 3438 1473 metuenda.

243 1512 362 1565 ὅου.

171 1602 241 1671 ιβ’
273 1605 414 1674 Περὶ
443 1605 755 1678 ἀθετήσεως
802 1611 896 1662 καὶ
948 1610 1275 1679 ἀντιλογίας,
1318 1610 1350 1681 ἢ
1397 1610 1643 1679 ὑπακοῆς
1670 1612 1743 1664 κα

1870 1598 1936 1652 12
1976 1597 2053 1653 De
2082 1596 2482 1668 improbatione
2512 1603 2567 1651 et
2596 1594 3009 1666 impugnatione
3036 1602 3129 1648 aut
3161 1595 3442 1650 contradi-

244 1695 498 1768 φυλακῆς
523 1699 629 1752 τῶν
655 1699 750 1753 τοῦ
775 1700 911 1753 Θεοῦ
942 1700 1066 1774 θελη
1076 1702 1279 1773 μάτων.

1936 1691 2143 1753 ctione,
2177 1690 2265 1744 vel
2307 1688 2617 1744 obedientia
2661 1697 2715 1743 et
2763 1687 3148 1743 observatione
3187 1689 3441 1743 volunta-

1933 1788 2049 1836 tum
2081 1781 2196 1835 Dei.

170 1877 241 1944 ιγ’
274 1878 414 1948 Περὶ
448 1878 549 1948 τῆς
586 1878 644 1930 ἐν
694 1879 858 1932 παντὶ
903 1879 1079 1952 καιρῷ
1124 1880 1472 1952 ἑτοιμότητος
1520 1881 1615 1935 καὶ
1664 1882 1742 1934 ἀν-

1869 1874 1937 1929 15
1974 1872 2050 1929 De
2071 1888 2138 1929 eo
2161 1873 2307 1944 quod
2332 1872 2563 1945 singulis
2592 1873 2884 1928 momentis
2912 1872 3194 1927 voluntate
3226 1886 3290 1926 ac
3325 1880 3439 1926 stu-

241 1970 547 2041 υπερθέτου
592 1971 826 2043 σπουδῆς
878 1974 986 2029 τῶν
1036 1977 1170 2047 πρὸς
1218 1975 1576 2047 εὐαρέστησιν
1627 1975 1761 2030 Θεοῦ

1936 1967 2029 2023 dio
2058 1965 2290 2021 indilato
2320 1966 2498 2036 parati
2528 1980 2653 2021 esse
2675 1965 2971 2020 debeamus
2991 1964 3057 2018 ad
3084 1979 3170 2031 ea,
3205 1980 3302 2033 per
3321 1980 3440 2035 quai-

241 2063 720 2135 σπουδαζομένων.

1934 2057 2212 2129 possimus
2251 2057 2392 2111 inire
2418 2056 2511 2112 Dei
2546 2056 2797 2127 gratiam.

166 2155 229 2208 to“
255 2157 395 2228 Περὶ
450 2159 550 2228 τῆς
599 2159 830 2211 ἑκάστου
877 2158 987 2212 τῶν
1040 2160 1181 2214 κατά
1249 2160 1414 2233 μέρος
1469 2161 1734 2232 κατορθου

1869 2148 1933 2203 14
1968 2147 2044 2203 De
2076 2148 2395 2202 maturitate
2422 2153 2728 2218 opportuna
2761 2156 2815 2201 et
2842 2146 3127 2203 commoda
3150 2145 3441 2217 cujuslibet

238 2249 420 2319 μένων
449 2250 755 2321 εὐκαιρίας.

693 2268 755 2315 ις.
1935 2246 2085 2293 recte
2114 2236 2265 2292 facti.

166 2337 230 2389 ιε’
260 2339 388 2391 ὐτι
436 2340 514 2409 μὴ
564 2340 648 2393 δεῖ
692 2343 807 2404 τοῖς
852 2342 1025 2395 ἄλλων
1075 2339 1498 2413 κατορθώμασιν
1535 2343 1738 2397 ἐπελπίι

1869 2331 1933 2385 15
1971 2329 2128 2397 Quod
2160 2345 2269 2385 non
2300 2328 2461 2385 debet
2490 2329 2637 2399 quis,
2671 2341 2899 2397 sperans
2927 2328 2985 2383 in
3028 2329 3262 2383 aliorum
3291 2338 3441 2386 recte

238 2426 425 2493 ζοντα,
450 2428 711 2499 τῶνξκαίν
747 2430 939 2484 ἐαυτὸν
966 2431 1213 2501 ἀμελεῖν.

1935 2424 2117 2488 factis,
2150 2423 2427 2495 negligere
2454 2422 2571 2493 ipse
2597 2421 2832 2477 ofﬁcium
2864 2438 3044 2477 suum.

163 2526 241 2584 ις’
274 2520 417 2591 Περὶ
449 2519 561 2575 τῶν
604 2522 866 2593 οἰομένων
900 2520 1227 2591 ὠφελεῖσθαί
1259 2538 1310 2574 τι
1348 2523 1413 2574 ἐκ
1462 2521 1557 2575 τοῦ
1592 2524 1735 2594 συζῇ

1871 2511 1932 2566 16
1972 2510 2047 2566 De
2095 2510 2163 2565 iis
2191 2511 2286 2581 qui
2329 2510 2590 2581 prodesse
2625 2511 2729 2566 sibi
2778 2512 2985 2582 aliquid
3026 2513 3344 2581 opinantur,
3392 2514 3443 2569 si

230 2616 346 2676 τοῖς
377 2614 565 2677 καλοῖς
591 2614 686 2666 καὶ
711 2613 1044 2684 εὐαρέστοις,
1078 2613 1173 2667 καὶ
1199 2614 1423 2679 ἑαυτοὺς
1458 2614 1533 2687 μὴ
1567 2632 1761 2686 κατορ-

1930 2619 2055 2658 cum
2092 2604 2252 2659 bonis
2287 2610 2341 2658 et
2374 2602 2487 2659 Deo
2520 2605 2707 2659 charis
2742 2604 3060 2660 hominibus
3092 2606 3299 2674 vivant,
3334 2608 3442 2678 ipsi

234 2705 478 2759 Θούντων
511 2706 649 2776 (Η).

1931 2706 2111 2753 autem
2139 2696 2267 2751 boni
2303 2697 2439 2751 nihil
2467 2697 2691 2754 faciant.

163 2799 230 2862 ιζ’
260 2797 390 2862 Πῶς
421 2798 506 2850 δεῖ
538 2797 674 2869 πρὸς
707 2796 796 2850 τὸν
818 2797 1060 2866 παρόντα
1087 2796 1278 2869 καιρὸν
1311 2796 1667 2852 διατίθεσθαι.

1865 2785 1928 2841 l7
1960 2784 2245 2851 Quomodo
2274 2787 2565 2842 occasione
2603 2790 2728 2843 vitae
2756 2788 2919 2859 hujus
2939 2830 2953 2854 ,
2989 2790 3045 2844 in
3076 2805 3183 2861 qua
3212 2806 3403 2847 sumus
3422 2832 3437 2856 ,

1928 2879 2009 2933 uti
2040 2878 2324 2936 debemus.

160 2982 233 3047 ιη’
262 2977 404 3048 Περὶ
451 2976 659 3047 τρόπου
702 2978 795 3029 καὶ
838 2976 1127 3040 διαθέσεως
1171 2975 1280 3030 τῶν
1322 2977 1451 3048 περ)⁸
1482 2979 1579 3051 τὴν
1612 2982 1732 3036 ἐντο

1864 2970 1929 3027 l8
1965 2972 2042 3028 De
2071 2973 2234 3028 modo
2262 2980 2317 3029 et
2346 2972 2635 3030 affectione
2664 2976 2870 3042 animi,
2906 2991 3027 3047 quae
3069 2976 3245 3031 teneri
3279 2975 3436 3047 23]

231 3067 329 3139 λὴν
362 3067 477 3138 (4‘2)
512 3067 606 3121 τοῦ
642 3066 776 3121 Θεοῦ
804 3068 1237 3123 ἐσπουδακότων.

1930 3063 1998 3118 ab
2041 3063 2128 3119 his
2169 3063 2402 3130 debeat,
2450 3066 2545 3137 qui
2591 3066 2834 3121 studium
2880 3082 3039 3122 suum
3084 3066 3346 3122 adhibent
3384 3069 3440 3122 in

1930 3156 2322 3213 conservandis
2352 3159 2641 3229 praeceptis
2671 3157 2787 3213 Dei.

161 3240 229 3293 t’)’
276 3240 421 3311 Περὶ
467 3241 852 3311 ἐμποδίζοντος
903 3246 999 3297 καὶ
1048 3245 1477 3317 ἐμποδιζομένου
1524 3251 1604 3313 είς
1655 3249 1733 3322 τὴε

1870 3248 1927 3303 I9
1961 3246 2038 3304 De
2067 3248 2156 3313 iis,
2183 3249 2277 3319 qui
2305 3226 2444 3305 alios
2479 3226 2806 3320 impediunt,
2832 3250 2916 3303 vel
2941 3250 3009 3304 ab
3054 3250 3178 3305 aliis
3210 3249 3313 3319 ipsi
3341 3249 3442 3301 im-

232 3332 459 3403 ἐντολὴν
499 3334 594 3387 τοῦ
625 3334 784 3391 Θεοῦ.

1924 3340 2239 3412 pediuntur,
2259 3341 2554 3412 quominus
2572 3341 2726 3397 obire
2746 3343 2963 3413 possint
2983 3342 3296 3398 mandatum
3322 3342 3447 3400 Dei.

157 3431 209 3478 κ’
246 3428 385 3497 Περὶ
426 3426 821 3499 βαπτίσματος,
855 3429 950 3482 καὶ
972 3431 1054 3494 τίς
1086 3432 1115 3483 ὁ
1146 3431 1303 3501 λόγος
1334 3434 1485 3506 καὶὴ
1526 3435 1729 3507 δύναμιη

1867 3432 1926 3487 ΞΟ
1960 3432 2037 3489 De
2064 3434 2391 3505 baptismate
2416 3474 2431 3499 ,
2464 3440 2518 3488 et
2548 3448 2670 3504 quae
2702 3434 2774 3489 sit
2800 3436 2942 3489 ratio
2970 3443 3025 3489 et
3052 3436 3229 3491 virtus
3257 3438 3439 3507 bapti-

192 3519 289 3572 τοῦ
324 3519 702 3591 βαπτίσματος
738 3521 873 3592 (45).

1928 3522 2140 3578 smatis.
2905 3591 2912 3608 ι

162 3617 253 3663 xz'
291 3612 433 3682 Περὶ
467 3613 753 3675 κοινωνίας
800 3613 892 3665 τοῦ
936 3614 1201 3684 σώματος.
1253 3617 1346 3669 καὶ
1384 3617 1478 3670 τοῦ
1527 3619 1734 3689 αἵματος

1877 3616 1916 3669 ll
1958 3614 2035 3670 De
2064 3616 2450 3671 communione
2492 3616 2739 3686 corporis
2782 3623 2835 3668 et
2872 3616 3159 3688 sanguinis
3198 3616 3449 3686 Christi,

235 3703 331 3755 τοῦ
366 3703 627 3774 Χριστοῦ,
655 3705 748 3757 καὶ
771 3706 855 3768 τίς
886 3707 914 3758 ό
948 3706 1148 3777 ταύτης
1175 3706 1349 3777 λόγος.

1927 3714 1981 3761 et
2009 3721 2130 3776 quae
2164 3706 2236 3761 sit
2264 3705 2406 3759 ratio
2435 3704 2601 3775 hujus
2630 3706 2980 3761 sacramenti.

163 3794 253 3864 κξῖ
277 3795 411 3857 Πῶς
436 3795 891 3864 ἁπαλλοτριοῦταί
933 3815 1016 3861 τις
1058 3796 1216 3863 Θεοῦ,
1250 3801 1340 3851 καὶ
1376 3799 1464 3853 διὰ
1495 3801 1654 3855 τίνων
1681 3804 1735 3855 oi

1876 3798 1928 3853 i2
1964 3799 2250 3866 Quomodo
2300 3799 2569 3854 alienatur
2601 3799 2797 3869 aliquis
2840 3815 2869 3853 a
2914 3798 3060 3866 Deo,
3100 3802 3448 3871 quomodove

240 3887 488 3942 κειοῦται
521 3887 658 3959 Θεῷ.

1930 3892 2060 3949 item
2090 3891 2434 3947 conciliatur.

165 3989 256 4051 κγ
284 3981 425 4052 Περὶ
455 3980 564 4035 τῶν
600 3982 928 4053 ἡττωμένων
969 3985 1061 4038 καὶ
1092 3987 1172 4050 είς
1218 3985 1255 4041 ἃ
1295 3987 1543 4059 μισοῦσιν
1580 3991 1737 4062 ἁμαρ

1868 3983 1930 4036 25
1966 3981 2043 4036 De
2074 3981 2174 4044 iis,
2206 3980 2331 4051 Qui,
2368 3995 2480 4050 prae
2511 3978 2680 4033 animi
2709 3979 3029 4050 impotentia
3050 4021 3064 4046 ,
3095 3982 3149 4035 in
3181 3998 3245 4038 ea
3275 3982 3440 4038 etiam

240 4074 484 4143 τήματα.
1931 4090 2053 4144 quin
2081 4074 2353 4136 oderunt,
2384 4080 2607 4143 peccata
2637 4072 3016 4141 prolabuntur.

165 4164 250 4216 κδ’
288 4162 428 4233 Περὶ
456 4162 686 4231 ψεύδους
723 4165 815 4216 καὶ
850 4165 1127 4236 ἀληθείας.
1444 4219 1451 4227 .

1444 4219 1451 4227 ,
1859 4167 1930 4221 94
1968 4168 2041 4221 De
2070 4167 2357 4221 mendacio
2387 4173 2442 4221 et
2471 4169 2722 4221 veritate.

164 4260 249 4306 κε’
279 4254 418 4325 Περὶ
464 4254 819 4324 ἀργολογίας,
862 4259 956 4310 καὶ
991 4261 1117 4331 περὶ
1154 4261 1252 4332 τῆς
1300 4262 1407 4317 τῶν
1459 4264 1736 4319 σπουδαίωε

1865 4259 1931 4313 25
1966 4256 2042 4312 De
2070 4257 2252 4311 inutili
2286 4267 2449 4327 atque
2477 4258 2654 4313 otioso
2687 4274 2939 4314 sermone
2961 4300 2976 4322 ,
3014 4260 3194 4330 deque
3223 4260 3437 4314 utilium

239 4344 419 4412 λόγων
446 4345 777 4414 οἰκονομίας.

1931 4356 1988 4403 et
2017 4348 2387 4404 studiosorum
2420 4366 2736 4405 sermonum
2770 4367 2873 4405 USU
2905 4366 2969 4405 ac
3001 4352 3345 4407 tractatione.

167 4443 263 4501 κζ’
295 4436 439 4507 Περὶ
470 4435 566 4489 τοῦ
604 4437 711 4489 δεῖν
757 4439 1052 4509 κεχρῆσθαι
1096 4440 1312 4510 πρῶτον
1358 4443 1456 4513 μὲν
1496 4448 1617 4510 ταῖς
1651 4446 1739 4498 ἀπε

1888 4444 1930 4499 ιϐ
1963 4442 2118 4509 Quod
2148 4443 2212 4496 ad
2242 4458 2305 4496 ea
2333 4443 2703 4499 confirmanda
2723 4485 2736 4509 ,
2762 4461 2883 4515 qua:
2909 4460 2938 4498 a
2964 4445 3124 4499 nobis
3154 4445 3237 4499 vel
3269 4444 3403 4498 fiunt
3425 4487 3460 4510 ,,

240 4527 351 4581 τῶν
398 4529 631 4599 Γραφῶν
683 4532 1012 4602 μαρτυρίαις
1060 4533 1172 4605 (44)
1219 4535 1298 4598 είς
1342 4536 1599 4589 σύστασιν
1650 4537 1812 4619 τῶνι

1933 4538 2019 4592 vel
2051 4536 2329 4598 dicuntur,
2363 4536 2598 4604 primum
2652 4537 2836 4607 petitis
2887 4537 2956 4592 de
2997 4537 3203 4591 sanctis
3244 4537 3441 4590 litteris

249 4623 377 4697 παρ’
402 4622 559 4694 ἡμῶν
597 4625 898 4695 γινομένων
927 4626 959 4695 ἢ
999 4626 1325 4697 λεγομένων,
1361 4628 1550 4683 ἔπειτα
1579 4629 1636 4683 δέ
1669 4631 1763 4684 καὶ⁵

1937 4628 2267 4684 testimoniis
2300 4629 2563 4683 utendum
2606 4630 2707 4694 sit,
2751 4628 2950 4684 deinde
2991 4628 3060 4684 iis
3089 4629 3252 4683 etiam
3275 4667 3289 4691 ,
3321 4644 3442 4697 quae

240 4718 357 4779 τοῖς
390 4716 448 4766 ἐν
476 4718 544 4786 τῇ
572 4715 833 4786 συνηθείᾳ
863 4718 1305 4788 γνωριζομένοις.

1935 4720 1991 4775 in
2021 4720 2297 4774 communi
2331 4720 2454 4773 vitae
2483 4721 2878 4777 consuetudine
2907 4728 3036 4775 nota
3067 4729 3212 4775 sunt.

170 4806 256 4870 κζ’
282 4807 423 4879 Περὶ
450 4808 549 4878 τῆς
590 4808 729 4879 πρὸς
760 4808 893 4861 Θεὸν
932 4811 1030 4863 καὶ
1075 4811 1209 4882 πρὸς
1239 4813 1364 4875 τοὺς
1403 4812 1588 4880 ἁγίους
1622 4813 1742 4867 κατέ

1882 4813 1936 4865 27
1968 4811 2125 4878 Quod
2155 4828 2255 4882 pro
2284 4812 2496 4867 viribus
2522 4813 2839 4868 enitendum
2866 4814 3024 4867 nobis
3049 4820 3165 4876 est,
3195 4819 3454 4883 utquam

244 4900 476 4969 δῦναμιν
517 4898 911 4970 ἐξομοιώσεως.

1936 4904 2200 4959 simillimi
2231 4902 2341 4959 Deo
2370 4911 2424 4959 et
2454 4905 2660 4959 sanctis
2687 4905 2807 4974 ejus
2836 4904 3030 4960 simus.

172 4999 262 5062 η’
292 4992 431 5063 Περὶ
455 4991 550 5045 τοῦ
582 4992 918 5062 διακριτικὸν
953 4989 1089 5047 εἶναι
1124 4994 1251 5065 περὶ
1288 4995 1398 5047 τῶν
1427 4996 1645 5063 ἀγαθῶν
1672 4998 1744 5050 ἀν

1867 4994 1937 5047 28
1970 4992 2125 5059 Quod
2173 4993 2518 5063 perSpicaces
2557 5010 2681 5049 esse
2724 4994 2987 5049 debemus
3024 5000 3079 5048 et
3118 4992 3342 5048 discreti
3385 4994 3439 5047 in

241 5084 411 5153 δρῶν,
437 5084 531 5136 καὶ
559 5085 667 5136 τῶν
702 5085 977 5137 ἐναντίων.

1937 5083 2188 5139 habendo
2216 5085 2484 5140 bonorum
2514 5095 2569 5141 et
2596 5086 2866 5140 malorum
2896 5085 3130 5139 delectu.

168 5174 257 5228 κθ³
281 5176 421 5246 Περὶ
471 5175 601 5241 τοῦ,
656 5177 795 5246 ποίῳ
838 5177 1023 5247 τρόπῳ
1064 5177 1121 5230 τὸ
1173 5178 1495 5248 ἐπάγγελμα
1554 5179 1740 5233 ἐάυτῶε

1868 5175 1935 5229 29
1970 5174 2087 5239 Qua
2138 5174 2353 5229 ratione
2396 5173 2608 5230 efficere
2651 5173 2956 5242 possimus,
3002 5180 3061 5225 ut
3110 5167 3440 5242 professioni

247 5268 609 5338 πιστούμεθα.

1939 5274 2138 5321 nostrae
2170 5267 2545 5321 auctoritatem
2577 5280 2976 5335 comparemus.

250 5449 359 5518 (41)
388 5449 521 5515 Reg.
552 5451 752 5505 tertius
782 5450 1114 5521 εὐαρέστοις,
1142 5452 1234 5502 καὶ
1264 5451 1489 5511 ἑαυτοὺς
1520 5449 1593 5520 μὴ
1617 5449 1756 5521 διορ-

1869 5447 1983 5502 Mox
2024 5446 2366 5521 idemLcodex
2398 5444 2488 5521 διὰ
2523 5445 2686 5521 τίνων
2712 5445 3009 5499 οἰκειοῦται
3043 5445 3180 5516 Θεῷ.
3212 5444 3330 5500 Vox
3354 5445 3441 5501 ul-

172 5516 433 5590 Θούντων.
473 5521 637 5585 Illud,
692 5523 790 5574 καὶ
845 5516 1091 5585 ἑαυτούς,
1142 5522 1194 5574 in
1249 5530 1479 5590 utraque
1521 5516 1744 5574 editioni

1164 5538 1194 5573 n
1249 5530 1479 5590 utraque
1521 5516 1760 5574 editione
1863 5517 2272 5590 tinia_in_editis
2296 5516 2729 5590 desiderabatur.

172 5588 352 5645 deest.
1391 5586 1408 5590 ’

1937 5588 2047 5657 (Μ)
2091 5586 2225 5656 Reg.
2263 5586 2539 5657 secundus
2591 5592 2644 5640 et
2692 5597 2925 5654 utraque
2970 5586 3138 5641 editio
3193 5586 3312 5650 τὰς.
3339 5626 3353 5639 .
3381 5625 3446 5645 ..

253 5661 362 5733 {#2)
398 5661 536 5717 Editi
591 5664 705 5715 τῶν
750 5663 912 5733 παρὰ,
939 5661 1038 5732 τὴν
1073 5663 1310 5732 ἐντολήν.
1371 5663 1591 5729 Antiqui
1648 5668 1760 5715 tres

1872 5656 2194 5733 μαρτυρίας.
2222 5656 2357 5733 .Alii
2413 5656 2522 5733 duo
2572 5672 2737 5733 mssa
2768 5661 2905 5733 ταῖς,
2940 5699 2951 5709 .
3088 5658 3444 5733 μαρτυρίαις,

172 5726 443 5804 librist
474 5736 603 5804 περὶ
635 5736 757 5803 τήν.
798 5803 803 5804 ί
994 5726 1004 5732 ⁷
1123 5803 1129 5804 ί
1249 5726 1261 5804 ί
1375 5801 1387 5804 _

1873 5726 2184 5804 Pajilo'post
2222 5726 2352 5804 Reg.
2386 5729 2586 5804 tertius
2622 5728 2749 5801 περὶ
2785 5728 2899 5795 τοῦ,
2936 5726 3097 5799 ποίῳ.
3123 5726 3283 5794 Illud,
3312 5728 3445 5800 περὶ

256 5800 367 5872 (53)
399 5802 528 5875 Reg.
549 5798 758 5859 tertius
790 5802 1017 5873 δύναμις
1054 5803 1144 5855 τοῦ
1174 5802 1323 5870 ἁγίου
1367 5801 1757 5871 ﬁuit-riguit;

992 5821 1017 5866 ς
1054 5803 1144 5855 τοῦ
1174 5802 1323 5870 ἁγίου
1367 5801 1757 5871 ﬁuit-riguit;
1866 5800 1979 5861 τοῦ,
2018 5799 2202 5852 dcorat
2228 5799 2279 5851 in
2312 5798 2564 5867 vulgatis.
