3982 6240
528 329 632 387 695

525 448 595 502 30
633 447 703 500 lle
732 446 940 502 honore
969 446 1221 502 habendo
1252 447 1418 501 rebus
1445 447 1786 503 consecratis
1828 446 1960 504 Deo.

520 539 584 596 51
626 540 700 595 De
728 555 830 594 usu
859 554 1040 594 rerum
1075 555 1194 608 qua:
1224 541 1430 596 sanctis
1460 551 1588 594 sunt
1618 540 1916 594 attributae.

523 631 593 686 52
628 630 701 686 De
730 631 932 686 debitis
957 639 1011 686 et
1039 631 1527 700 persolutionibus.

524 724 595 779 5'5
632 723 705 778 De
735 723 803 778 iis
841 724 934 793 qui
969 723 1106 778 alios
1151 723 1562 791 scandalizant,
1604 726 1689 779 vel
1735 726 1955 781 aliunde
1993 725 2098 796 i-psi

599 813 1064 872 scandalizantur.

523 905 592 959 31
626 903 783 970 Quod
806 905 1001 961 debeat
1015 907 1394 976 unusquisque
1417 921 1514 977 pro
1533 908 1752 962 modulo
1769 909 1964 962 virium
1981 922 2102 964 sua-

595 1013 716 1051 rum
739 999 1020 1068 exemplar
1036 1014 1095 1054 se
1111 999 1176 1053 ad
1207 1015 1293 1054 res
1321 999 1581 1054 honestas
1603 1000 1816 1055 caeteris
1837 1001 2098 1069 praebere.

522 1086 591 1138 35
628 1087 706 1141 De
735 1087 801 1152 iis
828 1089 922 1158 qui
950 1103 1039 1144 res
1066 1092 1331 1146 honestas
1361 1105 1424 1143 ac
1455 1091 1629 1146 bonas
1658 1092 1988 1160 vituperant.

523 1175 592 1229 56
629 1175 704 1231 De
731 1176 938 1234 honore
962 1187 1015 1233 et
1044 1179 1213 1234 animi
1245 1181 1610 1250 propensione
1637 1197 1768 1252 erga
1797 1189 2026 1237 sanctos.

524 1265 596 1317 57
630 1265 704 1322 De
734 1268 799 1322 iis
829 1269 921 1337 qui
951 1269 1007 1322 in
1038 1269 1204 1325 rebus
1251 1271 1479 1327 minutis
1520 1272 1757 1327 studium
1803 1288 1960 1328 suum
2007 1271 2105 1327 ad--

598 1356 788 1412 hi‘bent
821 1373 919 1428 pro
949 1357 1207 1415 facultate
1236 1375 1356 1416 sua.

522 1446 595 1504 33
625 1447 912 1515 Quomodo
943 1450 1249 1522 accipiendi
1280 1451 1662 1522 tractandique
1695 1453 1805 1507 sint
1837 1451 2103 1521 hospites.

527 1539 596 1594 59
633 1539 707 1594 De
736 1539 991 1596 ﬁrmitate
1015 1549 1071 1596 et
1097 1545 1409 1598 constantia
1437 1545 1603 1598 animi
1636 1545 1690 1597 in
1721 1544 1998 1598 scandulis
2024 1558 2110 1597 re-

594 1629 837 1686 tinenda.

528 1720 597 1773 40
630 1720 706 1776 De
735 1722 803 1777 iis
830 1724 924 1793 qui
953 1723 1114 1778 aliter
1141 1723 1360 1778 docent.

1818 331 1874 385 S.
1919 328 2000 382 ΒέΔ
2011 327 2161 382 SlLll
2203 328 2410 384 MAGNI

3667 325 3770 386 695

2132 452 2177 506 Α
2207 445 2247 497 λ’
2274 445 2410 516 Περὶ
2443 446 2608 516 τιμῆς
2642 445 3005 516 ἀναθημάτων
3027 446 3183 504 Θεοῦ.

2203 539 2282 592 λα’
2309 537 2446 608 Περὶ
2477 539 2722 609 χρήσεως
2749 537 2857 590 τῶν
2887 542 2998 600 τοῖς
3028 539 3202 606 ἁγίοις
3229 540 3648 610 ἀφωρισμένων.

2199 630 2275 700 λβ¹
2312 631 2447 701 Περὶ
2474 630 2647 700 χρεῶν
2681 631 2774 683 καὶ
2803 631 3126 683 ἀποδόσεων.

2203 722 2283 791 λγ¹
2310 723 2445 793 Περὶ
2479 721 2940 786 σκανδαλιζὼιιτων
2973 724 3066 776 καὶ
3095 723 3620 793 σκανδαλιζομένων.

2202 903 2275 956 λδ⁹
2305 904 2442 976 Περὶ
2482 905 2574 958 τοῦ
2623 905 2733 959 δεῖν
2779 906 3008 960 ἕκαστον
3050 908 3106 958 ἐν
3139 906 3215 976 τῷ
3265 905 3377 976 ἰδίῳ
3409 907 3596 978 μέτρῳ
3615 903 3771 958 τύπον

2273 995 2382 1048 τῶν
2411 996 2593 1050 καλῶν
2618 997 2936 1069 προκεῖσθαι
2967 1001 3078 1062 τοίς
3100 996 3297 1060 ἄλλοις.

2202 1087 2276 1140 λε’
2309 1090 2382 1140 Πε
2393 1090 2444 1160 pl.
2469 1089 2578 1141 τῶν
2603 1089 2672 1143 τὰ
2697 1090 2836 1143 καλὰ
2863 1091 3247 1160 φαυλιζόντων.

2204 1180 2291 1245 λς’
2321 1182 2456 1252 Περὶ
2484 1181 2583 1251 τῆς
2601 1185 2680 1245 εἰς
2709 1183 2837 1247 τοὺς⁴
2868 1183 3058 1252 ἁγίους
3086 1187 3249 1256 τιμῆς
3276 1190 3367 1242 καὶ
3399 1187 3708 1248 διαθέσεως.
3753 1255 3756 1258 ,

2205 1273 2281 1337 λζ’
2309 1274 2446 1326 Πεοὶ
2471 1273 2577 1326 τῶν
2609 1274 2764 1343 ὀλίγα
2799 1275 2939 1329 κατὰ
2963 1277 3190 1348 δύναμιν
3225 1279 3710 1350 προθυμουμένων.

2207 1451 2288 1522 λη’
2318 1451 2503 1515 Ὅπως
2536 1451 2640 1524 χρὴ
2674 1451 2998 1517 δεξιοῦσθαι.

2207 1541 2284 1595 λθ¹
2314 1544 2449 1613 Περὶ
2476 1543 2574 1611 τῆς
2606 1545 2662 1596 ὲν
2689 1547 2797 1607 τοῖς
2830 1546 3142 1609 σκανδαλοις
3175 1547 3530 1617 στερρότητος
3560 1545 3691 1615 (45).

2215 1726 2267 1795 μ’
2298 1725 2435 1796 Περὶ
2461 1724 3092 1795 ἑτεροδιδασκαλούντων.

529 1815 592 1868 bl
636 1813 793 1880 Quod
825 1815 1004 1870 excidi
1035 1816 1264 1881 debent,
1297 1817 1390 1886 qui
1433 1824 1686 1872 auctores
1722 1815 2107 1872 scandalorum

2229 1825 2303 1872 ια’
2334 1819 2467 1888 Περὶ
2501 1818 2741 1888 ὲκκοπῆς
2779 1817 2887 1871 τῶν
2934 1816 3404 1883 σκανδαλιζόντων,
3438 1835 3532 1871 και
3577 1817 3780 1886 φειδοῦς

546 1953 559 1966 .
602 1913 763 1972 sunt,
812 1915 866 1961 et
909 1907 1056 1977 quod
1101 1921 1231 1962 cum
1271 1906 1668 1962 inﬁrmioribus
1716 1914 2014 1976 temperate
2057 1914 2111 1959 et

602 1995 953 2069 indulgenter
979 2005 1065 2054 est
1092 1997 1385 2068 agendum.

532 2089 604 2144 42
641 2091 712 2145 De
763 2105 828 2146 eo
881 2091 1030 2162 quod
1079 2088 1345 2144 Dominus
1397 2089 1610 2145 venerit
1656 2089 1726 2144 ad
1779 2087 2112 2159 implendam

605 2182 798 2251 legem.

533 2273 604 2328 45
637 2273 798 2344 232
829 2271 904 2327 De
928 2271 1233 2328 diﬂ'erentia
1256 2273 1397 2327 inter
1427 2272 1684 2328 mandata
1713 2273 1847 2342 legis
1876 2278 1931 2326 et
1961 2285 2116 2324 man.

605 2364 731 2418 data
775 2362 1072 2436 Evangelii.

533 2451 604 2506 M
638 2451 795 2518 Quod
841 2468 983 2508 onus
1014 2452 1232 2507 Domini
1261 2453 1379 2507 leve
1411 2453 1517 2516 sit,
1550 2460 1606 2507 et
1635 2451 1782 2522 quod
1830 2460 2114 2522 peccatum

604 2560 790 2616 pave.

536 2637 608 2691 45
644 2637 719 2692 De
769 2639 1078 2708 aequalitate
1127 2639 1182 2692 in
1234 2638 1540 2693 honoribus
1590 2633 1894 2698 servanda,
1945 2642 2002 2688 ct
2052 2633 2118 2688 de

611 2719 1002 2786 summissione
1032 2730 1234 2795 animi,
1271 2730 1387 2784 sive
1418 2727 1746 2782 humilitate.

541 2819 611 2876 46
643 2820 719 2876 De
749 2821 932 2876 studio
959 2829 1105 2876 recte
1135 2821 1406 2876 factorum
1439 2820 1706 2888 majorum
1734 2824 1790 2872 et
1824 2817 2116 2871 minorum.

542 2995 615 3049 4⁵1
649 2994 724 3050 D‘e
753 2995 964 3050 divitiis
993 3003 1046 3050 et
1074 3003 1396 3066 paupertate
1418 3036 1432 3058 ,
1461 3003 1515 3048 et
1544 2994 1611 3048 de
1640 2993 1709 3048 iis
1741 3008 1859 3064 quae
1889 2993 1974 3049 his
2003 3008 2121 3050 esse

615 3087 790 3142 solent
821 3087 1076 3156 adjuncta
1106 3097 1160 3142 et
1192 3095 1616 3156 consequuntur.

544 3182 613 3236 48
648 3180 724 3236 De
769 3180 1124 3236 beneﬁcentia
1169 3183 1223 3235 in
1266 3181 1500 3243 fratres.
1547 3193 1600 3236 et
1633 3181 1790 3252 quod
1833 3187 2117 3252 propterea

615 3288 755 3343 opus
789 3273 1095 3329 faciendum
1126 3274 1216 3330 sit.

545 3365 616 3419 49
651 3364 725 3420 De
768 3365 871 3431 iis,
918 3367 1008 3437 qui
1056 3367 1111 3422 in
1151 3366 1360 3436 judicio
1394 3367 1775 3437 experiuntur,
1809 3381 1874 3421 ac
1907 3366 2126 3436 litigant

619 3466 673 3514 et
700 3459 913 3529 seipsos
945 3459 1283 3525 defendunt,
1317 3462 1402 3515 vel
1432 3460 1597 3515 etiam
1628 3459 1787 3514 alios.

549 3553 618 3608 50
651 3553 728 3608 De
759 3567 892 3623 pace
920 3563 972 3608 et
1002 3553 1401 3623 paciﬁcatione.

550 3645 615 3702 51
652 3645 971 3716 Cujusmodi
989 3661 1114 3701 esse
1140 3645 1336 3701 debeat
1359 3645 1407 3700 is
1427 3685 1443 3710 ,
1465 3644 1559 3716 qui
1584 3645 1891 3715 proximum
1921 3643 2127 3698 nitatur

621 3739 917 3811 corrigere.

550 3831 621 3889 52
656 3831 731 3886 De
762 3845 1000 3886 mmrore
1033 3831 1385 3900 suscipiendo
1411 3846 1601 3886 eorum
1630 3845 1798 3886 causa
1821 3869 1837 3895 ,
1881 3829 1974 3899 qui
2003 3843 2130 3898 pec-

623 3932 797 3989 cant,
860 3923 1202 3994 quomodove
1260 3938 1386 3978 cum
1444 3923 1557 3978 illis
1613 3919 2124 3992 congrediendum:

625 4016 845 4086 quando
874 4014 1224 4086 defugiendi,
1268 4015 1598 4084 quandoque
1643 4015 1772 4069 item
1819 4015 1873 4067 in
1903 4027 2131 4067 consor-

621 4109 760 4163 tium
789 4122 916 4162 cum
945 4109 1159 4162 caeteris
1189 4106 1511 4176 recipiendi.

557 4202 626 4257 53
661 4199 817 4266 Quod
849 4200 920 4256 sit
949 4214 1138 4254 eorum
1168 4199 1477 4267 judicium,
1523 4199 1618 4268 qui
1657 4199 1981 4267 iniuriarum
2013 4213 2130 4252 me-

628 4293 861 4347 moriam
889 4291 1164 4354 retinent,
1192 4305 1313 4360 quae
1337 4290 1441 4346 sibi
1475 4289 1644 4346 fuisse
1669 4290 1919 4345 videntur
1949 4291 2128 4344 illatae.

557 4386 628 4440 54
663 4383 737 4439 De
755 4383 986 4454 judicio,
1005 4391 1060 4439 et
1080 4382 1276 4454 judicii
1293 4383 1654 4452 suspensione
1674 4383 1756 4436 vel
1778 4382 2130 4437 discretione.

2280 1909 2387 1963 τῶν
2425 1909 2848 1980 ἀσθενεστέρων.

2217 2090 2304 2162 μβ¹
2334 2090 2469 2162 Περὶ
2494 2089 2588 2143 τοῦ
2621 2090 2711 2142 τὸν
2739 2088 2942 2160 Κύριον
2972 2089 3064 2141 ἐπὶ
3098 2087 3174 2158 τῷ
3205 2089 3485 2159 πληρῶσαι
3508 2089 3602 2141 τὸν
3632 2089 3782 2158 νόμον

2286 2182 2621 2252 ἐληλυθέναι.

2219 2280 2306 2349 μγ⁹
2341 2279 2475 2348 Περὶ
2520 2277 2779 2346 διαφορᾶς
2815 2275 3040 2328 ἐντολῶν
3077 2274 3170 2328 τοῦ
3207 2276 3371 2345 νόμου
3416 2274 3512 2329 καὶ
3556 2272 3654 2326 τοῦ
3691 2274 3782 2326 Εὐ.

2286 2371 2559 2439 αγγελίου.

2221 2464 2300 2535 μδ¹
2334 2465 2454 2517 Ὅτι
2485 2459 2718 2530 ἐλαφρὸν
2745 2458 2807 2511 τὸ
2840 2457 2934 2512 τοῦ
2975 2460 3181 2529 Κυρίου
3232 2457 3466 2529 φορτίον,
3514 2456 3704 2526 βαρεῖα
3733 2455 3783 2507 δὲ

2288 2557 2320 2625 ἡ
2353 2551 2616 2625 ἁμαρτία.

2223 2655 2301 2718 με’
2337 2648 2472 2718 Περὶ
2504 2647 2772 2718 ἰσοτιμίας
2799 2646 2893 2698 καὶ
2922 2639 3438 2713 ταπεινοφροσύνης.

2225 2831 2322 2902 pq’
2353 2831 2485 2900 Περὶ
2517 2827 2752 2899 σπουδῆς
2785 2827 3224 2897 κατορθωμάτων
3269 2823 3535 2895 μειζόνων
3567 2822 3602 2892 ἣ
3647 2822 3784 2873 ἐλατ-

2291 2925 2478 2977 τόνων.

2227 3015 2311 3086 μζ
2338 3016 2471 3086 Περὶ
2529 3014 2756 3067 πλούτου
2803 3013 2893 3065 καὶ
2946 3012 3232 3080 πτωχείας,
3284 3011 3375 3064 καὶ
3429 3007 3540 3062 τῶν
3592 3005 3787 3068 τούτοις

2145 3113 2191 3173 ρ
2293 3105 2710 3176 παρεπομένων.

2229 3199 2477 3270 μη’Περὶ
2503 3197 2602 3267 τῆς
2635 3199 2714 3261 εἰς
2759 3198 2884 3260 τοὺς
2932 3193 3190 3263 ἀδελφοὺς
3234 3191 3500 3253 εὐποιίας,
3557 3191 3655 3243 καὶ
3699 3187 3787 3256 τῆς

2294 3290 2381 3343 διὰ
2406 3289 2607 3359 ταύτην
2638 3288 2916 3359 ἐργασίας.

2229 3381 2316 3451 μθ¹
2345 3381 2477 3450 Περὶ
2509 3378 2860 3449 δικαζομένου
2900 3378 2993 3431 καὶ
3036 3375 3370 3438 ἐκδικοῦντος
3401 3371 3618 3436 ἑαυτὸν,
3647 3371 3678 3441 ἢ
3708 3369 3790 3421 καὶ

2297 3473 2502 3541 ἕτερον.

2228 3571 2268 3615 ν’
2301 3563 2437 3633 Περὶ
2461 3561 2682 3632 εἰρήνης
2705 3559 2798 3612 καὶ
2823 3558 3207 3629 είρηνοποιίας.

2228 3665 2307 3712 ναν
2342 3655 2586 3718 Ποταπδς
2609 3653 2812 3723 ὀφείλει
2842 3649 2982 3704 εἶναι
3013 3653 3042 3704 ὁ
3071 3651 3161 3704 τὸν
3200 3646 3426 3718 πλησίον
3457 3641 3791 3717 διορθοῦσθαι

2299 3747 2657 3817 πειρώμενος.

2229 3841 2304 3911 νβ’
2331 3840 2465 3910 Περὶ
2493 3840 2588 3910 τῆς
2615 3837 2708 3890 ἐπὶ
2738 3838 2846 3901 τοῖς
2876 3834 3244 3906 ἁμαρτάνουσι
3283 3829 3478 3899 λύπης,
3520 3828 3622 3880 καὶ
3660 3827 3794 3884 ὅπως

2299 3933 2484 3994 αὐτοῖς
2529 3928 2909 3999 συντυγχάνειν
2964 3925 3074 3996 (46)
3114 3925 3218 3996 χρή
3239 3940 3253 3953 °
3305 3922 3400 3974 καὶ
3449 3919 3578 3972 πότε
3613 3915 3796 3975 aiatait;

2303 4019 2756 4091 ἀποστρέφεσθαι,
2788 4018 2821 4088 ἢ
2853 4016 2983 4070 πότε
3015 4012 3421 4087 προσδέχεσθαι.

2233 4200 2311 4270 νγ¹
2345 4199 2410 4251 Τί
2449 4198 2507 4250 τὸ
2550 4198 2724 4268 κρῖμα
2759 4193 2866 4248 τῶν
2904 4194 2989 4262 ἐφ’
3023 4187 3104 4256 οἷς
3141 4189 3322 4255 ἔδοξαν
3361 4185 3663 4241 ἀδικεῖσθαι
3697 4179 3796 4250 (47)

2306 4288 2804 4363 μνησικακούντων.

2235 4385 2304 4438 νδ¹
2332 4384 2468 4454 Περὶ
2498 4380 2592 4433 τοῦ
2625 4379 2860 4451 κρίνειν.
2917 4378 3010 4432 καὶ
3061 4375 3188 4445 περὶ
3218 4371 3313 4426 τοῦ
3345 4366 3736 4439 διακρίνεσθαι.

561 4477 628 4532 55
659 4448 1285 4532 De'aﬁ‘ectione'animi
1333 4448 1460 4545 er—ga
1506 4474 1704 4538 Deum,
1751 4475 2117 4545 quomodoqut

2237 4475 2307 4531 νε⁹
2331 4448 2465 4545 Περὶ
2497 4448 2786 4536 διαθέσεως
2809 4471 2902 4524 καὶ
2927 4465 3210 4540 ὁμολογίας
3239 4463 3346 4517 τῶν
3373 4462 3466 4514 τοῦ
3493 4457 3632 4514 Θεοῦ
3661 4472 3801 4528 χαρι-

627 4571 748 4638 ejus
808 4568 1070 4626 beneﬁcia
1127 4567 1424 4638 prmdicare
1473 4567 1764 4631 debemus,
1813 4575 1868 4622 et
1919 4583 2017 4637 pro
2063 4567 2131 4623 iis

629 4661 833 4730 gratias
862 4673 1043 4730 agere.

561 4750 628 4805 56
664 4749 734 4804 De
762 4750 1008 4803 oratione
1029 4787 1044 4811 ,
1081 4756 1136 4802 et
1165 4748 1384 4819 quando
1404 4787 1420 4814 ,
1453 4755 1506 4802 et
1536 4746 1664 4816 quid
1687 4789 1700 4804 .
1735 4754 1782 4800 e'
1819 4746 2094 4816 quomodo
2115 4789 2129 4812 ,

632 4853 684 4895 ct
712 4854 811 4911 pro
841 4841 1042 4911 quibus
1074 4841 1339 4895 orandum
1373 4840 1464 4896 sit.

561 4935 628 4989 57
667 4935 740 4989 De
768 4934 1004 4989 elatione
1029 4934 1233 4997 animi,
1262 4947 1382 5002 qua:
1411 4947 1475 4986 ex
1507 4939 1656 4986 recte
1679 4929 1838 4984 factis
1866 4929 2132 4984 nascitur.

564 5027 631 5082 58
667 5025 742 5082 De
771 5027 1139 5097 acquisitione
1163 5025 1434 5080 donorum
1477 5024 1601 5088 Dci,
1649 5030 1703 5078 ct
1739 5023 1805 5078 de
1846 5038 2035 5078 eorum
2079 5022 2134 5075 in

636 5118 774 5173 alios
803 5119 1336 5174 communicatione..

565 5210 632 5263 59
668 5209 742 5263 De
770 5211 978 5265 honore
1004 5219 1060 5264 et
1087 5210 1258 5280 gloria
1286 5209 1565 5263 humanis.

565 5300 634 5356 60
674 5299 746 5356 De
771 5301 1073 5356 dill'erentia
1097 5300 1366 5356 donorum
1392 5301 1699 5356 divinorum
1717 5341 1730 5368 ,
1753 5299 1926 5369 deque
1949 5313 2136 5354 eorum

641 5525 752 5592 (45)
785 5524 1028 5594 Utraque
1067 5523 1236 5580 editio
1284 5525 1412 5594 περὶ
1459 5526 1554 5594 τῆς
1598 5527 1654 5579 ὲν
1683 5527 1794 5588 τοῖς
1827 5523 2141 5587 σκανδάλοις

2309 4565 2550 4636 σμάτων,
2575 4562 2668 4617 καὶ
2700 4562 2797 4632 τῆς
2828 4561 2913 4614 ἐπ’
2946 4561 3127 4621 αὐτοῖς
3151 4551 3514 4626 εὐχαριστίας.

2239 4756 2324 4814 νς¹
2357 4749 2492 4819 Περὶ
2525 4744 2850 4819 προσευχῆς,
2879 4742 2970 4795 καὶ
3003 4739 3154 4802 πότε,
3183 4737 3274 4790 καὶ
3304 4735 3377 4800 τί,
3423 4733 3519 4786 καὶ
3556 4731 3695 4792 πῶς,
3721 4729 3805 4780 καὶ

2311 4841 2450 4912 ὑπὲρ
2477 4840 2620 4903 τίνος
2644 4831 3034 4909 προσεύχεσθαι
3060 4831 3158 4886 δεῖ.

2241 4933 2315 4998 νζ¹
2344 4933 2477 5003 Περὶ
2505 4931 2603 5001 τῆς
2625 4930 2717 4981 ἐπὶ
2747 4929 2861 4988 τοῖς
2895 4920 3312 4992 κατορθώμασιν
3341 4915 3652 4985 ὲπάρσεως.

2242 5033 2321 5096 νην
2367 4997 2504 5094 Περὶ
2547 4997 2790 5092 σιτήσεως
2831 5014 3180 5088 χαρισμάτων
3229 5006 3365 5062 Θεοῦ
3390 5047 3405 5071 ,
3459 5005 3554 5058 καὶ
3596 4997 3807 5073 μεταδό-

2316 5133 2472 5178 σεως.

2245 5210 2320 5263 νθ⁹
2352 5209 2486 5279 Περὶ
2512 5206 2675 5277 τιμῆς
2701 5202 2796 5258 καὶ
2829 5200 2985 5270 δόξης
3009 5193 3370 5267 ἀνθρωπίνης.

2247 5303 2286 5369 ξ’
2339 5301 2470 5372 Περὶ⁵
2519 5297 2776 5368 διαφορᾶς
2825 5293 3176 5366 χαρισμάτων
3223 5284 3394 5350 Θεοῦ,
3452 5281 3546 5336 καὶ
3596 5293 3811 5349 συμφω-

2322 5525 2432 5592 (47)
2453 5522 2585 5591 Reg.
2614 5523 2808 5576 tertius
2829 5519 3012 5592 ἔδοξαν
3035 5514 3341 5592 ἡδικῇσθαι.
3381 5510 3682 5592 Aliquanto
3702 5512 3811 5592 post

570 5579 954 5667 στέῤῥύτήτοςῖ
992 5579 1127 5665 Reg.
1171 5579 1368 5651 tertius
1414 5579 1545 5664 περι
1577 5597 1672 5667 τῆς
1714 5579 1790 5649 ἐν’
1815 5597 1925 5658 τοῖς
1957 5595 2117 5647 καλοῖ

2250 5579 2483 5667 utraque
2512 5579 2678 5667 editio
2721 5593 2812 5646 καὶ
2845 5579 2945 5645 τού
2989 5579 3380 5659 διακρίνεσθαι.
3410 5579 3518 5639 Alii
3544 5579 3655 5634 duo
3684 5590 3808 5633 mss.

572 5682 758 5801 σ-ῗὲθ)
794 5734 930 5803 Reg.
961 5734 1154 5791 tertius
1179 5735 1542 5801 ἐντυγχάνειν.

2250 5666 2342 5718 καὶ
2371 5681 2434 5716 πε
2445 5664 2493 5734 pl.
2528 5662 2620 5715 τοῦ
