3982 6240
290 346 388 400 6J7
1596 331 1956 393 MOBALIUM
1998 330 2218 387 INDEX.
3435 319 3538 376 698

363 467 482 530 νίας
529 464 638 518 τῶν
687 465 745 517 tv
802 460 1010 524 τούτοις
1059 459 1462 529 ὑπερεχόντων,
1515 456 1548 526 ἢ
1600 452 1906 523 ὑποῦεὸηπ

2049 449 2186 502 inter
2229 462 2287 501 se
2338 442 2653 507 concordia,
2695 441 2789 510 qui
2846 439 3012 504 iubis
3063 438 3412 508 praecellunt,
3456 438 3542 491 vel

367 559 557 612 κότων.

2049 543 2204 596 etiam
2238 538 2526 604 inferiores
2553 543 2706 591 sunt.

302 654 373 719 ξα¹
403 651 539 721 Περὶ
578 649 678 719 τῆς
724 647 800 710 ὡς
845 648 901 699 tv
946 642 1248 715 ἀνθρώποις
1295 640 1406 712 (48)
1439 637 1710 700 εὐτελείας
1766 635 1872 689 τῶν

369 743 784 813 ὑποδεχομένων
807 740 907 808 τὴν
934 736 1027 790 τοῦ
1056 736 1190 788 Θεοῦ
1224 735 1400 806 χάριν.

303 837 376 908 ξβ¹
422 837 558 906 Περὶ
614 832 935 904 πειρασμῶν
958 871 972 896 ,
1020 831 1115 882 καὶ
1159 827 1290 880 πότε
1343 827 1438 896 μὲν
1497 822 1874 892 ὑπαναχωρεῖν

1973 635 2035 689 61
2076 633 2152 688 De
2179 632 2393 701 abjecta
2422 629 2742 710 conditione
2771 626 2855 695 (si
2883 635 2943 680 ut
2973 625 3221 679 homines
3242 624 3542 694 respicias)

2043 740 2230 781 eorum
2262 723 2356 793 qui
2387 721 2694 790 suscipiunt
2724 719 2954 790 gratiam
2986 715 3099 769 Dei.

1975 816 2044 872 6‘2
2079 815 2152 870 De
2179 812 2576 870 tentationibus
2597 852 2612 877 ,
2640 817 2694 864 et
2718 809 2938 879 quando
2967 808 3035 862 iis
3065 803 3367 860 concedere
3391 817 3548 871 opor-

373 932 472 995 δεῖ,
512 929 643 981 πότε
686 928 744 980 δὲ
792 923 1122 986 ἐνίστασθαι,
1160 921 1252 974 καὶ
1297 918 1413 981 πῶς
1465 919 1577 980 τοῖς
1617 913 1875 975 ἐναντίοις

375 1023 552 1074 ἀπαντ
558 1021 642 1090 ᾷν.

315 1115 388 1184 εγ*
413 1113 551 1183 Περὶ
585 1108 786 1171 δειλίας
805 1109 899 1160 καὶ
924 1105 1155 1175 θάρσους
1185 1105 1242 1155 tv
1268 1103 1388 1163 ταῖς
1411 1096 1778 1168 περιστάσεσι.

317 1208 381 1273 ξδ
429 1206 568 1277 Περὶ
601 1205 776 1276 χαρᾶς
826 1204 925 1272 τῆς
972 1202 1028 1253 tv
1075 1200 1186 1261 τοῖς
1231 1195 1370 1265 ὑπὲρ
1418 1191 1653 1264 Χριστοῦ
1700 1187 1876 1257 παθή-

462 1316 566 1351 σιν.

462 1316 566 1351 σιν.

317 1316 597 1458 ξεῆἶταος
622 1389 702 1442 δεῖ
734 1386 828 1441 καί
853 1386 909 1439 tv
935 1381 1080 1453 αὐτῷ
1113 1379 1190 1465 τῷ
1221 1377 1358 1432 τέλει
1393 1371 1807 1448 προσεύχεσθαι.

317 1574 398 1642 Eg"
424 1571 562 1644 Περὶ
605 1568 712 1622 τῶν
760 1558 1335 1635 ὲγκαταλιμπανόντων
1387 1556 1513 1616 τοὺς
1563 1552 1700 1621 ὑπὲρ
1733 1549 1857 1601 εὐσε

382 1641 534 1726 6είας
561 1661 673 1730 (49)
707 1655 1157 1726 ἀγωνιζομένους,
1215 1649 1308 1704 καὶ
1352 1646 1476 1717 περὶ
1523 1645 1630 1697 τῶν
1676 1641 1884 1702 τούτοις

385 1750 921 1821 συναγωνιζομένων.

319 1850 390 1915 ξςν
417 1847 557 1916 Περὶ
585 1845 693 1898 τῶν
727 1842 818 1895 ἐπὶ
848 1841 959 1904 τοῖς
1009 1835 1408 1906 ἀποθνήσκουσι
1445 1826 1814 1897 λυπουμένων.

319 2049 397 2121 ξη⁹
445 2046 586 2116 Περὶ
620 2041 880 2112 διαφορᾶς
925 2035 1017 2088 τοῦ
1071 2031 1336 2104 παρόντος
1399 2026 1591 2088 αἰῶνος
1643 2023 1738 2077 καὶ
1793 2019 1888 2074 τοῦ

391 2127 697 2212 μέλλοντος.

322 2205 554 2304 εθίΠερὶ
574 2230 683 2284 τῶν
712 2227 844 2299 ὁμοῦ
872 2225 966 2280 καὶ
995 2221 1135 2277 κατά
1164 2216 1456 2286 συνάφειαν
1480 2205 1890 2282 ἀπαγορευομέ-

389 2343 492 2379 νων
518 2323 632 2392 (50)
657 2320 761 2374 ὑπὸ
788 2318 887 2389 τῆς
917 2314 1159 2386 Γραφῆς,
1193 2311 1226 2382 ἢ
1263 2305 1680 2379 έγκρινομένων.

326 2419 512 2488 ο¹Περὶ
541 2416 651 2468 τῶν
694 2414 754 2467 τὸ
797 2413 1054 2483 κήρυγμα
1093 2405 1184 2459 τοῦ
1230 2399 1558 2469 Εὐαγγελίου
1597 2392 1895 2465 ὲγχειριζο-

397 2511 592 2580 μένων,
620 2506 715 2558 καὶ
738 2503 888 2568 πότε,
917 2500 1011 2554 καὶ
1057 2498 1229 2559 τίνας,
1277 2495 1370 2547 καὶ
1400 2491 1452 2544 τί
1481 2489 1768 2548 διδάσκειν,
1802 2484 1896 2536 καὶ

394 2601 511 2664 πῶς
558 2597 784 2658 ἑαυτοὺς
826 2587 1229 2664 προκατορθοῦν
1280 2584 1404 2646 τοὺς
1438 2579 1708 2639 τοιούτους
1751 2577 1895 2647 χρή·

399 2695 489 2746 καὶ
515 2693 668 2752 ὅπως
705 2689 762 2740 tv
790 2685 870 2755 τῷ
908 2681 1220 2754 κηρύγματι
1271 2669 1761 2746 παρρησιάζεσθαι,
1805 2668 1899 2720 καὶ

396 2784 512 2846 πῶς
557 2777 931 2850 ἐταμελεῖσθαι
970 2775 1076 2826 τῶν
1127 2766 1590 2837 πεπιστευμένων,
1637 2762 1729 2816 καὶ
1771 2759 1900 2830 ποία

399 2876 654 2937 διαθέσει,
703 2872 796 2926 καὶ
828 2869 955 2940 περὶ
989 2869 1116 2919 ποῖα
1154 2863 1260 2916 τῶν
1302 2857 1731 2928 σπυδασμάτων
1771 2869 1904 2922 προ-

402 2966 718 3038 ηγουμένως
763 2959 1145 3029 καταγίνεσθαι
1184 2954 1346 3024 (51)·
1401 2952 1494 3005 καὶ
1545 2951 1694 3010 ὅπως
1737 2944 1905 2999 καθα-

407 3060 580 3130 ρεύειν
615 3055 722 3110 ἀπὸ
755 3054 862 3108 τῶν
903 3051 978 3114 ὡς
1017 3049 1108 3101 ἐπὶ
1141 3047 1202 3099 τὸ
1233 3044 1479 3098 πλεῖστον
1511 3034 1906 3109 παρεπομένων

407 3126 822 3220 έλαττωμάτων,
864 3144 956 3196 καὶ
1009 3141 1100 3194 ἐπὶ
1147 3140 1296 3190 ποῖον
1332 3137 1485 3202 ἄγειν
1533 3131 1728 3202 μέτρον
1780 3126 1905 3187 τοὺς
1931 3127 1975 3184 C

404 3237 834 3308 διδασκομένους,
869 3231 962 3286 καὶ
1005 3229 1118 3291 πῶς
1163 3227 1372 3294 ἐνάγειν
1401 3223 1526 3285 τοὺς
1559 3215 1907 3273 ἀντιδιατιθε-

413 3335 624 3404 μένους,
676 3329 772 3381 καὶ
817 3326 936 3378 τίνα
973 3323 1169 3396 τρόπον
1217 3318 1385 3370 eiram
1436 3314 1560 3375 τοὺς
1602 3310 1690 3363 διὰ
1746 3308 1908 3377 φόϐον

419 3421 878 3496 παραιτουμένους
915 3415 1093 3485 (52),
1142 3411 1234 3464 καὶ¹
1281 3408 1398 3471 πῶς
1455 3404 1754 3475 ἀναχωρεῖν
1804 3398 1909 3452 τῶν

411 3519 474 3572 δι’
504 3511 898 3585 ἀγνωμοσύνην
937 3507 1009 3577 μὴ
1046 3500 1488 3570 καταδεχομένων
1514 3514 1528 3526 ·
1560 3497 1653 3549 καί
1693 3492 1808 3553 πῶς
1839 3507 1912 3542 τι.

411 3627 505 3672 νας
531 3604 892 3679 χειροτονεῖν,
930 3598 966 3669 ἢ
1015 3593 1337 3649 ἀποϐάλλειν
1369 3589 1477 3658 (55)
1506 3589 1632 3649 τοὺς
1672 3599 1913 3654 κεχειρο-

408 3699 738 3769 τονημένους
757 3711 770 3724 ’
801 3691 895 3746 καὶ
916 3690 997 3744 ὅτι
1025 3686 1129 3757 χρὴ
1161 3683 1268 3737 τῶν
1296 3679 1652 3752 προεστώτων
1686 3677 1914 3730 ἕκαστον

411 3793 713 3848 ὑπεύθυνον
759 3783 949 3838 ἑαυτὸν
996 3776 1244 3850 ἡγεῖσθαι
1276 3774 1388 3844 (54)
1413 3813 1427 3836 ,
1467 3773 1558 3825 καὶ
1600 3772 1711 3831 τοῖς
1752 3785 1916 3822 πεπι-

416 3887 732 3955 στευμένοις
775 3877 924 3947 αὐτῷ
956 3877 1032 3937 εἰς
1063 3870 1159 3940 τὴν
1186 3869 1315 3940 περὶ
1353 3861 1426 3920 ὧν
1455 3867 1597 3918 ποιεῖ
1643 3862 1735 3916 καὶ
1768 3859 1916 3926 λέγει

413 3982 522 4050 πλη
532 3994 700 4050 ροςρορ
709 3976 810 4028 ίαν.

342 4252 421 4304 οα⁹
460 4247 598 4319 Περὶ
637 4245 746 4299 τῶν
797 4241 934 4296 διατά
987 4239 1278 4310 συνάφειαν
1324 4234 1414 4289 ἐπὶ
1461 4233 1573 4294 τοῖς
1621 4225 1923 4298 προεστῶσι

415 4343 673 4408 διατεταγ
682 4339 879 4410 μένων.

345 4436 421 4506 οβ’
463 4436 655 4496 Ὅπως
715 4430 795 4482 δεῖ
833 4428 961 4490 τοὺς
1005 4419 1419 4492 διδασκομένους
1465 4414 1757 4484 διακρίνειν
1803 4409 1928 4469 τοὺς

422 4522 830 4594 πνευματικοὺς
869 4517 974 4572 τῶν
1005 4513 1333 4570 διδασκάλων
1376 4509 1481 4562 ἀπὸ
1516 4506 1622 4558 τῶν
1655 4502 1728 4574 μὴ
1768 4499 1932 4554 τοιού-

421 4635 554 4680 των,
586 4616 680 4668 καὶ¹
709 4613 854 4674 ὅπως
887 4609 1020 4680 πρὸς
1049 4606 1243 4668 αὐτοὺς
1263 4598 1612 4662 διατίθεσθαι,
1640 4596 1673 4666 ἣ
1699 4593 1767 4647 τὰ
1801 4591 1928 4663 παρ’

425 4705 609 4760 αὐτῶν
641 4700 911 4772 δέχεσθαι.

352 4799 432 4868 ογ¹
467 4800 606 4868 Περὶ
634 4795 743 4848 τῶν
769 4795 826 4846 tv
846 4790 1026 4861 γάμῳ.

354 4893 426 4945 οδ¹
461 4888 600 4959 Περὶ
629 4883 834 4956 χηρῶν.

358 4990 430 5034 οε¹
453 4981 594 5048 Περὶ
623 4975 827 5030 δούλων
849 4971 942 5024 καὶ
968 4966 1258 5021 δεσποτῶν.

360 5082 446 5142 ος¹
477 5073 616 5127 Πεοὶ
637 5071 846 5124 τέκνων
865 5065 960 5119 καί
981 5061 1202 5132 γονέων.

761 5221 956 5298 tertius
990 5215 1118 5298 mp}
1148 5213 1246 5295 τῇς
1279 5213 1336 5298 t'v
1365 5205 1690 5298 ἀχθρώτξοέςλ

444 5267 562 5372 (εἷθ’)
747 5267 968 5372 ﬁuit};
1061 5267 1115 5355 ῥι
1138 5267 1243 5352 τῆξ
1261 5267 1558 5338 εὐσεϐείας.
1579 5274 1782 5329 Ibidem
1805 5267 1939 5339 Reg.

365 5364 570 5425 tertius
600 5365 710 5418 τῶν
744 5364 803 5415 tv
829 5364 1054 5419 τούτοις.

2048 914 2198 971 teat,
2245 911 2298 958 et
2344 901 2566 973 quando
2607 901 2738 954 item
2769 897 3023 952 resistere
3047 935 3060 959 ,
3089 893 3428 964 quomodove
3455 891 3550 944 ad-

2046 997 2308 1055 versariis
2337 1008 2650 1049 occurrere.

1977 1094 2048 1148 65
2082 1091 2155 1146 De
2185 1091 2380 1144 timore
2406 1087 2492 1141 vel
2522 1083 2690 1138 animi
2722 1080 3011 1152 prazsentia
3042 1079 3094 1132 in
3128 1077 3408 1148 periculis.

1979 1185 2049 1240 64
2084 1183 2158 1240 De
2187 1182 2408 1246 laztitia,
2440 1194 2603 1250 quam
2638 1176 2843 1231 habere
2885 1173 3148 1228 debemus
3193 1171 3246 1223 in
3288 1170 3388 1232 iis,
3432 1180 3554 1236 qum

2051 1275 2256 1331 Christi
2287 1286 2454 1328 causa
2486 1267 2830 1324 incommoda
2861 1265 3193 1320 sustinemus

1982 1368 2051 1424 65
2083 1364 2370 1433 Quomodo
2397 1362 2451 1416 in
2479 1361 2598 1431 ipso
2624 1359 2789 1414 etiam
2816 1363 3059 1412 extremo
3083 1354 3204 1407 vita:
3226 1351 3372 1405 exitu
3397 1362 3555 1400 orare

2053 1473 2152 1512 nos
2183 1453 2490 1510 conveniat.

1983 1547 2052 1603 66
2090 1547 2164 1601 De
2209 1545 2278 1600 iis
2316 1544 2408 1615 qui
2451 1557 2546 1596 eos
2595 1541 2887 1602 deserunt,
2936 1536 3030 1605 qui
3075 1549 3174 1604 pro
3217 1529 3557 1586 defendenda

2058 1639 2260 1707 pietate
2281 1633 2580 1690 certamina
2602 1630 2948 1699 suscipiunt,
2978 1629 3216 1695 itemque
3243 1625 3308 1678 de
3334 1624 3401 1677 iis
3423 1661 3438 1686 ,
3464 1620 3558 1691 qui

2057 1745 2153 1786 eos
2185 1728 2463 1798 adjuvant.

1915 1791 1965 1853 Β
1993 1821 2060 1878 67
2094 1821 2170 1874 De
2203 1821 2271 1875 iis
2301 1819 2395 1889 qui
2425 1814 2780 1871 morientium
2810 1825 2978 1866 causa
3009 1810 3208 1864 misere
3237 1821 3472 1862 maerore
3501 1820 3562 1860 se

2059 1913 2320 1983 alIligunt.

1987 2024 2057 2080 68
2093 2023 2168 2078 De
2203 2022 2362 2092 233
2397 2018 2738 2082 differentia,
2781 2031 2902 2086 quae
2939 2023 3024 2070 est
3057 2016 3197 2068 inter
3225 2013 3387 2064 vitam
3420 2008 3564 2061 hanc

2058 2121 2110 2168 et
2142 2112 2404 2166 futuram.

1990 2207 2058 2262 69
2090 2205 2166 2261 De
2189 2206 2255 2260 iis
2273 2245 2286 2267 ,
2309 2218 2431 2273 quae
2457 2201 2620 2257 simul
2647 2207 2701 2254 et
2724 2195 3063 2265 conjunctim
3088 2210 3117 2245 a
3141 2191 3344 2245 sanctis
3370 2186 3567 2244 litteris

2061 2298 2144 2353 vel
2174 2304 2448 2356 velantur,
2479 2293 2564 2348 vel
2593 2291 2757 2346 etiam
2786 2290 3070 2358 jubentur.

1996 2390 2062 2444 70
2092 2388 2168 2442 De
2192 2387 2290 2449 iis,
2315 2384 2512 2454 quibus
2535 2380 2810 2449 Evangelii
2837 2374 3151 2447 praedicatio
3172 2368 3566 2424 committitur:

2064 2485 2118 2533 et
2143 2477 2360 2547 quando
2381 2515 2396 2538 ,
2426 2487 2479 2528 et
2505 2487 2676 2543 quos,
2707 2477 2762 2524 et
2791 2468 2919 2534 quid
2952 2467 3151 2520 docere
3171 2503 3186 2528 ,
3216 2469 3270 2516 et
3296 2459 3571 2529 quomodo

2069 2581 2193 2626 ante
2219 2569 2498 2640 corrigere
2525 2563 2993 2635 seipsosdebeant
3010 2601 3023 2622 ,
3048 2558 3140 2627 qui
3163 2556 3298 2610 tales
3323 2561 3450 2608 sunt
3475 2573 3488 2607 :
3519 2560 3574 2606 et

2069 2657 2345 2729 quomodo
2373 2657 2426 2709 in
2457 2653 2843 2725 praedicatione
2874 2649 3041 2702 libere
3069 2654 3122 2700 et
3153 2645 3363 2698 fortiter
3393 2655 3574 2710 agere.

2072 2748 2416 2821 quomodove
2446 2760 2640 2800 eorum
2671 2743 2764 2813 qui
2797 2741 2900 2796 sibi
2934 2737 3126 2793 crediti
3156 2737 3266 2789 sint
3289 2775 3303 2799 ,
3335 2745 3579 2786 commo-

2072 2819 2158 2892 dis
2188 2847 2244 2891 et
2271 2835 2436 2890 saluti
2469 2833 2787 2905 providere,
2823 2839 2877 2884 et
2909 2825 3217 2894 cuiusmodi
3252 2822 3418 2876 animi
3450 2819 3580 2874 aﬂ'e-

2079 2931 2265 2984 etione
2286 2969 2301 2994 ,
2328 2936 2382 2983 et
2412 2927 2469 2981 in
2498 2924 2808 2996 cujusmodi
2851 2921 3048 2976 studiis
3077 2918 3284 2972 versari
3316 2935 3329 2970 :
3363 2923 3417 2969 et
3445 2930 3583 2984 quo-

2079 3022 2243 3077 modo
2282 3028 2466 3075 castos
2509 3034 2569 3073 se
2600 3018 2670 3071 ab
2699 3018 2766 3070 iis
2798 3015 2946 3069 vitiis
2980 3024 3340 3072 conservare,
3373 3022 3493 3078 quae
3523 3014 3582 3059 ut

2080 3115 2380 3186 plurimum
2409 3110 2679 3179 ejusmodi
2710 3109 2990 3162 hominum
3021 3106 3204 3175 generi
3247 3103 3424 3155 solent
3461 3115 3584 3154 esse

2079 3205 2338 3273 adjuncta
2367 3220 2381 3256 :
2415 3209 2469 3256 et
2500 3196 2946 3269 quosrdoecndos
2981 3192 3358 3261 susceperint,
3389 3189 3456 3242 ad
3491 3204 3586 3241 cu-

2076 3295 2318 3366 jusmodi
2359 3307 2674 3348 mensuram
2723 3304 2819 3343 eos
2865 3285 3197 3357 perducere,
3247 3280 3586 3352 quomodove

2080 3390 2412 3444 reluctantes
2441 3385 2696 3438 inducere
2727 3400 2738 3434 :
2767 3389 2820 3434 et
2849 3376 3124 3449 quomodo
3152 3377 3216 3429 iis
3247 3375 3582 3432 auscultare,

2083 3485 2174 3554 qui
2202 3489 2425 3552 prepter
2444 3485 2646 3532 metum
2672 3474 2907 3542 aliquem
2931 3484 3119 3525 eorum
3145 3466 3585 3538 praedicationem

2083 3578 2342 3627 recusant
2365 3609 2379 3631 ,
2407 3567 2795 3638 quomodoque
2823 3563 2949 3616 item
2981 3561 3048 3615 ab
3077 3560 3144 3613 iis
3173 3557 3427 3611 recedere
3449 3596 3464 3620 ,
3493 3555 3589 3622 qui

2085 3669 2260 3737 ipsam
2289 3680 2356 3719 ex
2388 3659 2737 3730 improbitate
2767 3655 2958 3709 nolunt
2989 3651 3275 3705 admittere
3300 3688 3315 3712 ,
3346 3655 3405 3701 et.
3449 3660 3591 3715 quo-

2086 3757 2249 3814 modo
2281 3756 2496 3823 aliquos
2526 3751 2815 3819 designare
2837 3786 2852 3810 ,
2887 3745 2973 3800 vel
3002 3744 3320 3813 designatos
3345 3740 3456 3807 jam
3489 3737 3592 3790 im-

2086 3849 2316 3922 probare
2343 3865 2357 3900 :
2388 3850 2749 3913 oportereque
2778 3849 3223 3904 unumquemque
3251 3829 3345 3900 qui
3375 3827 3592 3883 caeteris

2087 3940 2292 4012 prazsit.
2307 3934 2603 3991 obnoxium
2621 3946 2680 3986 se
2695 3944 2818 3984 esse
2847 3927 3162 3983 existimare.
3181 3922 3246 3975 ad
3267 3919 3592 3976 reddendam

2096 4037 2164 4089 iis
2192 4032 2286 4102 qui
2315 4030 2434 4098 ejus
2464 4039 2610 4080 curae
2637 4020 2832 4078 crediti
2861 4021 2971 4074 sint
2991 4057 3005 4081 ,
3031 4018 3298 4070 rationem
3325 4014 3391 4068 de
3419 4010 3598 4065 omni-

2092 4129 2196 4183 bus
2228 4139 2348 4194 qure
2379 4121 2582 4176 faciant
2606 4126 2662 4172 et
2690 4115 2899 4170 dicant.

2027 4219 2084 4273 7i
2127 4217 2202 4270 De
2235 4188 2304 4268 iis
2359 4226 2481 4282 quae
2536 4204 2874 4276 conjunctim
2912 4206 3178 4271 prmccpta
3222 4201 3350 4249 sunt
3387 4194 3455 4247 iis
3505 4188 3600 4260 qui.

2096 4306 2218 4360 aliis
2246 4307 2508 4374 prtesunt.

2030 4400 2098 4454 τε
2133 4370 2264 4463 ουδ’
2294 4392 2509 4447 ratione
2535 4387 2770 4441 debeant
2797 4383 2866 4448 ii,
2899 4381 2991 4451 qui
3031 4379 3316 4437 docentur,
3347 4370 3603 4442 spiritua-

2105 4493 2185 4546 les
2212 4486 2504 4555 magistros
2531 4480 2845 4534 discernere
2866 4475 2934 4529 ab
2960 4474 3026 4526 iis
3049 4471 3141 4540 qui
3165 4469 3300 4521 tales
3325 4481 3430 4518 nou
3455 4467 3602 4522 sunt,

2103 4575 2444 4652 quomodove
2465 4587 2594 4642 erga
2621 4572 2772 4640 ipsos
2797 4581 2920 4622 esse
2947 4561 3168 4616 animati
3187 4601 3200 4625 ,
3227 4557 3310 4612 vel
3335 4551 3608 4624 quomodo

2103 4685 2222 4741 qua:
2249 4667 2316 4721 ab
2348 4664 2482 4736 ipsis
2509 4661 2762 4716 dicantur
2793 4656 3089 4724 suscipere.

2032 4765 2102 4819 75
2137 4762 2213 4817 De
2247 4761 2334 4823 iis,
2365 4757 2457 4826 qui
2489 4750 2840 4809 matrimonio
2872 4746 3153 4816 conjuncti
3188 4745 3335 4795 sunt.

2039 4856 2106 4910 74
2135 4854 2213 4908 De
2242 4851 2448 4907 viduis.

2041 4948 2108 5002 75
2140 4946 2215 5000 De
2249 4942 2427 4999 servis
2455 4945 2510 4994 et
2539 4936 2798 4992 dominis.

2043 5041 2110 5094 76
2144 5039 2220 5093 De
2249 5037 2376 5091 ﬁliis
2405 5043 2460 5088 et
2489 5029 2833 5103 parentibus.

2115 5195 2228 5264 (52)
2262 5192 2397 5264 ἷξες.
2425 5185 2824 5264 ῑοτιὶιιειεῖκειν
2849 5183 2960 5242 τοῖς
2989 5177 3076 5259 διᾲ
3118 5173 3281 5244 φόϐον
3317 5185 3618 5264 παραιτουε

2047 5238 2246 5337 μένοῖέ.
2295 5238 2729 5330 Utraque—edito
2771 5238 2956 5304 εἴκειν
2989 5238 3202 5308 τοὺς-ί...
3243 5238 3612 5314 παραιτουμέ-

2043 5355 2072 5388 ν
2105 5353 2135 5387 υ
2173 5373 2185 5385 .

2073 5353 2228 5431 ovium
2259 5400 2442 5431 unum.
2472 5395 2588 5431 Van
2646 5397 2700 5431 in
2737 5394 2992 5431 nnnlpvln
3027 5383 3350 5431 νειοοτονεῖν
3390 5379 3422 5431 ἦ
3478 5378 3613 5431 ἀνα-

2259 5400 2442 5474 Editio
2472 5395 2610 5450 V'en.
2642 5397 2700 5474 in
2737 5394 2992 5474 contentu
3027 5383 3350 5474 χειροτονεῖν
3380 5379 3423 5474 fl

2044 5446 2453 5528 εᾱὶᾶἔίῶἶίῖῑῖτ
2485 5446 2728 5533 margine
2765 5461 2926 5521 habet
2961 5446 3290 5533 χειροτονεῖν
3311 5446 3617 5533 ἣῃὰποδάλ-

2297 5518 2372 5592 ita
2399 5518 2634 5608 queque
2652 5518 2916 5600 scriptum
2961 5518 3235 5581 invenitur
3272 5522 3326 5574 in
3356 5518 3488 5588 Reg.
3523 5532 3616 5571 se-

2045 5615 2245 5752 misit?
2276 5678 2367 5732 Sic
2413 5674 2545 5752 libri
2598 5681 2830 5729 veteres.
2884 5666 3062 5722 Ed-itio
3098 5662 3271 5718 l’aris.
3316 5655 3619 5713 ὑπεύθυνον

2045 5750 2320 5825 ἡγεῖσθαι,
2351 5750 2481 5809 τοῖς.

744 5406 1282 5510 ξιεὴνσυνάίξειαν
1311 5413 1794 5487 ἀπηγορευμένων.
1818 5406 1941 5462 Mox

373 5494 503 5564 ide!
535 5494 705 5560 eode;
736 5502 832 5555 καὶ
859 5498 913 5550 τί
943 5497 1022 5548 δεῖ
1053 5494 1343 5564 διδάσκειν.

445 5553 942 5647 ἱὲιῑέᾰῆίοζγειι-
981 5567 1036 5619 in
1064 5553 1760 5647 ιηονιίπιε-οοοοῖεὲξξὲῖιξιξξ
1785 5565 1944 5647 ξξιῑὲ·

375 5619 767 5717 γιδδξτίλέξςθαξξ
789 5619 1160 5716 Movit—utraque
1179 5619 1344 5685 Editio
1365 5619 1772 5709 παρεπομένων
1785 5619 1940 5704 ἐλατ-

377 5691 1093 5844 tertius
1158 5691 1538 5772 παρεχομένων
1583 5691 1697 5754 ταῖς
1749 5691 1943 5760 ἀρχαῖς

481 5801 569 5839 ττ.

481 5801 569 5839 ττι
