3982 6240
294 367 391 424 701
1706 358 1866 416 MOR.

1977 358 2038 410 λι
3446 345 3549 400 709.

295 480 490 552 φωνῆς
523 479 735 542 αὐτοῦ,
789 479 889 533 καὶ
914 479 1401 548 ἐκπορεύσονται,
1454 481 1510 533 ol
1559 477 1630 530 τὰ
1680 477 1867 546 ἀγαθὰ

1974 481 2208 545 egerunt,
2233 473 2287 526 in
2315 471 2756 526 resurrectionem
2785 465 2982 536 judicii
3011 463 3192 536 (Joan.
3227 481 3280 527 ν,
3317 463 3410 527 28,
3433 463 3546 533 29).

295 571 681 637 ποιήσαντες,
707 573 796 633 εὶς
818 569 1158 624 ἀνάστασιν
1182 569 1362 638 ζωῆςο
1395 573 1450 623 ot
1483 569 1551 622 δὲ
1574 569 1647 623 τὰ
1669 568 1867 638 φαῦλα

1976 568 2059 620 Αη
2080 566 2294 618 diuitias
2330 563 2582 616 bonitatis
2615 561 2751 628 eius,
2799 568 2848 613 et
2882 557 3173 627 patientiw,
3230 565 3279 608 et
3318 555 3546 624 longani-

297 662 654 733 πράξαντες,
692 665 783 728 εὶς
815 662 1153 716 ἀνάστασιν
1186 663 1454 730 κρίσεως.
1491 661 1670 715 ΠΡΟΣ
1706 661 1869 714 ΡΩΜ.

1980 657 2179 712 mitatis
2202 655 2508 718 contemnis,
2544 655 2794 722 ignorans
2831 651 2968 720 quod
3009 649 3303 718 benignitas
3346 647 3442 701 Dei
3483 645 3551 698 ad

297 753 379 809 Ἦ
422 753 531 807 τοῦ
589 756 861 808 πλούτου
912 752 1018 821 τῆς
1063 757 1470 822 χρηστότητος
1515 751 1723 814 αὑτοῦ,
1776 751 1869 804 καὶ

1982 750 2340 820 ρωηῑιειιιὶαιη
2389 758 2436 802 te
2475 745 2732 800 adducit?
2759 743 3059 798 Secundum
3089 755 3260 794 autem
3297 742 3554 792 duritiam

295 846 405 915 τῆς
434 846 692 916 ἀνοχῆς,
746 847 848 900 καὶ
878 847 987 915 τῆς
1027 847 1433 916 μακροθυμίας
1463 843 1867 912 καταφρονεῖς,

1985 853 2130 896 tuam
2161 850 2210 895 et
2242 841 2565 909 impaenitens
2601 854 2712 898 cor,
2751 835 3076 888 thesaurizas
3103 833 3197 884 tibi
3228 834 3362 884 iram
3396 832 3448 883 in
3470 829 3550 882 dia

298 938 552 1008 ἀγνοῶν,
590 938 681 991 ὅτι
710 939 777 991 τὸ
807 939 1076 1007 χρηστὸν
1108 938 1213 991 τοῦ
1246 937 1392 990 Θεοῦ
1426 939 1513 1002 εὶς
1557 933 1870 1006 μετάνοιάν

1982 935 2076 987 ira:
2113 944 2161 987 et
2204 933 2562 993 reuelationis,
2608 941 2657 984 et
2697 929 2836 998 justi
2883 927 3078 995 judicii
3110 925 3227 990 Dei,
3258 926 3348 994 qui
3377 923 3554 976 reddet

299 1043 370 1081 σε
395 1028 562 1096 ἄνευ
592 1029 756 1080 Κατὰ
779 1026 847 1078 δὲ
875 1027 987 1094 τὴν
1015 1024 1398 1092 σκληρότητά
1421 1038 1558 1087 σου,
1604 1024 1701 1076 καὶ
1740 1024 1871 1091 ἀμε-

1983 1027 2260 1094 unicuique
2287 1024 2573 1078 secundum
2625 1039 2780 1090 opera
2835 1021 2947 1089 ejus
2977 1021 2996 1090 (
3028 1018 3177 1072 Rom.
3202 1035 3258 1081 It,
3283 1017 3382 1070 4-6
3413 1015 3452 1086 ).
3487 1014 3555 1069 Et

299 1121 595 1185 τανόητον
625 1118 898 1186 καρδίαν,
939 1116 1310 1186 θησαυρίζεις
1357 1115 1546 1181 ἐαυτῷ
1591 1114 1776 1185 ὀργὴν
1811 1115 1871 1167 ἐν

1985 1130 2218 1186 tempora
2263 1115 2471 1186 quidem
2508 1116 2667 1182 hujus
2708 1113 3024 1184 ignorantia:
3073 1111 3361 1178 despiciens
3389 1108 3555 1172 Deus,

302 1209 489 1278 ἡμέρᾳ
541 1208 728 1277 ὀργῆς
776 1210 875 1262 καὶ
920 1208 1378 1274 ἀποκαλύψεως,
1422 1205 1520 1259 καὶ
1568 1205 1874 1271 δικαιοκρι-

1989 1225 2122 1262 nunc
2180 1210 2458 1262 annuntiat
2497 1207 2655 1278 235
2689 1205 2984 1260 hominibus
3017 1203 3276 1259 omnibus.
3308 1213 3363 1254 ut
3397 1199 3561 1269 paeni-

303 1301 442 1366 σίας
489 1300 601 1354 τοῦ
652 1301 822 1366 Θεοῦ,
879 1301 948 1366 ὃς
1001 1299 1300 1358 ἀποδώσει
1351 1297 1584 1362 ἑκάστῳ
1629 1297 1779 1350 κατὰ
1811 1297 1875 1350 τὰ

1989 1301 2206 1354 tentiam
2235 1310 2428 1369 agant;
2460 1317 2519 1354 eo
2567 1299 2705 1369 quod
2742 1299 2930 1351 statuit
2959 1296 3118 1361 diem,
3151 1295 3205 1347 in
3229 1292 3559 1363 quojudica-

306 1392 448 1461 ἔργα
503 1393 714 1446 αὺτοῦ.
774 1393 1085 1445 ΙΙΡΑΞΕΙΣ.
1149 1391 1296 1456 Τοὺς
1342 1389 1453 1456 μὲν
1485 1385 1600 1444 οὗν
1629 1390 1878 1457 χρόνους

1503 1385 1600 1444 ιῦν
1629 1390 1885 1457 χρόνους
1992 1398 2141 1442 turus
2167 1398 2244 1441 est
2267 1388 2442 1441 orbem
2467 1388 2484 1457 (
2509 1388 2626 1441 Act.
2658 1404 2791 1449 xvu,
2828 1387 2917 1447 50,
2950 1384 3075 1451 51).

307 1485 416 1555 τῆς
473 1487 725 1556 ἀγνοίας
786 1486 1081 1554 ὑπεριδὼν
1130 1489 1164 1540 ό
1204 1489 1369 1550 Θεὸς,
1411 1484 1479 1537 τὰ
1525 1484 1642 1537 νῦν
1685 1481 2085 1551 παραγγέλλει
2126 1483 2249 1548 τοῖς
2298 1481 2630 1551 ἀνθρώποις
2667 1480 2819 1536 πᾶσι
2856 1477 3167 1547 πανταχοῦ
3211 1476 3557 1546 μετανοεῖν·

308 1581 512 1635 καθότι
575 1581 842 1649 ἔστησεν
860 1581 1107 1650 ἡμέραν,
1141 1582 1209 1635 ἐν
1235 1574 1276 1652 ᾗ
1306 1578 1518 1649 μέλλει
1549 1578 1778 1646 κρίνειν
1811 1577 1924 1640 τὴν
1956 1579 2336 1647 οἰκουμένην.

315 1715 431 1768 ὀτι
461 1716 546 1768 δεῖ
572 1717 698 1779 τοὺς
735 1716 1128 1787 μετανοοῦντας
1165 1716 1372 1768 κλαίειν
1419 1714 1650 1782 πικρῶς,
1690 1713 1784 1767 καὶ
1830 1713 1887 1766 τά

2004 1712 2161 1780 Quod
2217 1713 2594 1784 paenitentiam
2629 1718 2850 1780 agentes
2888 1717 3139 1779 Oporteat
3183 1724 3367 1764 amare
3411 1706 3563 1774 ﬂere,

381 1808 568 1872 λοιπὰ,
598 1809 701 1862 ὅσα
750 1807 857 1862 ἴδια
904 1810 1000 1879 τῆς
1053 1808 1363 1879 μετανοίας,
1398 1809 1461 1859 ὲκ
1507 1806 1732 1877 καρδίας
1776 1807 1899 1857 ἐπι-

2073 1815 2127 1860 et
2178 1806 2405 1873 reliqua,
2463 1818 2585 1872 quae
2648 1800 2984 1871 pmnitentim
3045 1801 3265 1871 propria
3319 1809 3467 1865 sunt,
3501 1813 3568 1854 ex

381 1898 717 1952 δείκνυσθαι.
1919 1879 1953 1935 Ε

1919 1879 1964 1935 Β
2061 1894 2225 1950 corde
2268 1894 2531 1965 proferre.

952 2013 1169 2081 Κεφάλ.
1228 2011 1296 2081 τ’.

2611 2005 2784 2074 Caput
2826 2003 2941 2058 Ill.

382 2105 759 2160 ΠΑΤΘΔῙΟΣ.
811 2104 923 2159 Kal
960 2103 1228 2173 ἐμνήσθη
1265 2107 1298 2157 ό
1329 2101 1549 2170 Πέτρος
1574 2099 1682 2154 τοῦ
1703 2098 1894 2167 ῥήμα-

2067 2097 2134 2152 E-t
2167 2097 2474 2152 recordatus
2516 2107 2594 2152 est
2643 2097 2834 2152 Petrus
2869 2097 3008 2150 uerbi
3038 2095 3190 2157 Iesu,
3224 2096 3316 2166 qui
3361 2096 3571 2149 dixerat

316 2214 420 2263 τος
463 2197 671 2264 Ἰησοῦ
692 2198 1000 2265 εἰρηκότος
1023 2193 1201 2258 αὐτῷ,
1231 2192 1320 2246 ὅτι
1354 2192 1502 2260 Πρὶν
1533 2190 1888 2259 ἣιάλέκτορα

2002 2193 2086 2245 si:
2136 2189 2460 2254 Priusquam
2507 2189 2682 2259 gallus
2735 2198 2933 2248 cantet,
2984 2199 3061 2240 ter
3090 2204 3171 2241 me
3218 2186 3452 2256 negabis.
3503 2185 3574 2241 Et

321 2287 622 2359 φωνῆσαι,
673 2287 799 2355 τρὶς
848 2284 1170 2353 ἀπαρνήσῃ
1203 2301 1298 2352 με.
1333 2283 1440 2337 Καὶ
1466 2281 1726 2346 ἐξελθὼν
1759 2280 1893 2344 ἐξω,

2003 2299 2232 2354 egressus
2267 2282 2415 2351 foras
2455 2283 2595 2350 flevit
2622 2298 2806 2335 amare
2843 2280 3062 2349 (Matth.
3095 2296 3245 2343 xxvt,
3284 2281 3438 2348 75)...
3473 2277 3575 2333 Sed

321 2381 593 2435 ἕκλαυσε
636 2379 876 2448 πικρῶς.
906 2378 1084 2432 ΠΡΟΣ
1133 2378 1294 2430 ΚΟΡ.
1330 2375 1394 2445 β’.
1452 2374 1615 2428 Ἀλλ’
1650 2376 1682 2426 ό
1709 2388 1893 2440 παρα-

2007 2373 2086 2442 qui
2109 2373 2415 2426 consolatur
2435 2373 2682 2435 humiles,
2706 2373 3013 2426 consolatus
3039 2381 3115 2426 est
3150 2389 3243 2426 nos
3271 2372 3326 2424 in
3353 2369 3579 2423 adventu

321 2473 528 2528 καλῶν
559 2472 704 2538 τοὺς
733 2469 1074 2536 ταπεινοὺς,
1100 2467 1513 2535 παρεκάλεσεν
1539 2464 1696 2533 ἡμᾶς
1720 2465 1790 2517 ἐν
1824 2461 1893 2531 τῇ

2009 2465 2130 2519 Titi.
2178 2464 2299 2518 Non
2329 2466 2500 2520 solum
2531 2476 2704 2519 autem
2734 2467 2788 2517 in
2822 2463 3046 2518 adventu
3071 2463 3206 2532 ejus,
3229 2462 3319 2516 sed
3348 2464 3503 2516 etiam
3527 2465 3581 2516 in

257 2558 262 2565 ’
320 2565 631 2635 παρουσίᾳ
673 2565 862 2618 Τίτου.
904 2564 986 2640 Οῦ
1031 2562 1221 2630 μόνον
1271 2558 1339 2612 δὲ
1375 2559 1445 2612 ἐν
1485 2557 1560 2626 τῇ
1601 2572 1829 2624 παρουο

2008 2559 2364 2612 consolatione
2383 2576 2486 2628 qua
2505 2558 2810 2611 consolatus
2831 2565 2907 2611 est
2925 2556 2979 2609 in
2997 2555 3161 2617 vobis,
3181 2554 3408 2622 referens
3429 2552 3580 2607 nobis

321 2657 532 2719 αὑτοῦ,
557 2655 721 2710 ἀλλὰ
751 2653 847 2707 καὶ
883 2653 952 2706 ἐν
977 2650 1049 2720 τῇ
1088 2647 1466 2718 παρακλήσει
1559 2646 1893 2714 παρεκλήθη

2014 2662 2231 2705 vestrum
2254 2651 2591 2707 desiderium.
2620 2664 2844 2703 vestrum
2874 2649 3076 2718 fletum,
3110 2658 3336 2702 vestram
3366 2646 3586 2700 cernula-

323 2749 423 2817 ὑφ’
462 2747 628 2815 ὑμῖν,
670 2743 1062 2815 ἀναγγέλλων
1100 2741 1243 2811 ἡμῖν
1273 2741 1389 2807 τὴν
1428 2739 1596 2809 ’ὑμῶν
1625 2739 1895 2804 ἐπιπόθη-

2015 2745 2198 2796 tionem
2221 2759 2316 2812 pro
2338 2741 2524 2811 me(ll
2553 2740 2676 2797 Cor.
2698 2759 2796 2804 vn,
2818 2743 2872 2803 6,
2896 2741 2968 2809 7).
2993 2739 3059 2792 Et
3083 2741 3243 2809 paulo
3266 2746 3387 2807 post
3417 2756 3430 2791 :
3456 2736 3587 2791 Ecce

326 2854 448 2900 σιν,
490 2840 602 2891 τὸν
645 2835 812 2905 ὑμῶν
859 2834 1136 2902 ὀδυρμόν,
1168 2831 1274 2885 τὸν
1322 2827 1491 2898 ὑμῶν
1535 2827 1716 2896 ζῆλον
1759 2825 1898 2895 ὑπὲρ

2009 2835 2144 2886 enim
2178 2833 2273 2885 hoc
2309 2835 2502 2901 ipsum,
2563 2831 2848 2886 secundum
2893 2831 3062 2884 Deum
3111 2830 3423 2884 contristari
3467 2845 3581 2890 vos,

328 2927 501 3000 ἐμοῦ.
551 2930 664 2982 Καὶ
697 2929 814 2999 μετ’
847 2924 1033 2994 ὀλίχέι·
1093 2925 1244 2978 Ἰδοὺ
1291 2922 1401 2992 γὰρ
1451 2921 1594 2977 αὐτὸ
1627 2920 1802 2975 τοῦτο
1843 2919 1900 2972 τὲ

2020 2934 2265 2995 quantam
2297 2927 2346 2976 in
2388 2925 2530 2978 vobis
2561 2926 2733 2993 effecit
2780 2923 3228 2986 sollicitudinem;
3268 2920 3358 2974 sed
3409 2919 3592 2988 defen-

328 3026 481 3077 κατὰ
512 3023 664 3076 Θεὸν
681 3019 1024 3087 λυπηθῆναι
1050 3017 1222 3087 ὑμᾶς,
1253 3018 1455 3083 πόσην
1485 3014 1900 3083 κατειργάσατί

2021 3017 2240 3079 sionem,
2275 3014 2365 3068 sed
2400 3015 2841 3084 indignationem,
2866 3013 2956 3066 sed
2981 3013 3240 3072 timorem.
3267 3009 3355 3064 sed
3389 3009 3593 3063 deside-

329 3117 398 3170 ἐν
424 3115 571 3184 ὑμῖν
613 3113 926 3180 σπουδήνο
975 3112 1134 3165 ἀλλὰ
1181 3108 1533 3178 ἀπολογίαν,
1569 3106 1731 3160 ἀλλὰ
1774 3107 1901 3175 ἀγα-

2021 3111 2176 3172 rium,
2210 3108 2299 3162 sed
2332 3108 2744 3170 aemulationem,
2781 3107 2874 3159 sed
2907 3105 3184 3158 tindictam
3216 3119 3233 3156 :
3266 3105 3317 3155 in
3353 3102 3593 3154 omnibus

333 3208 656 3275 νάκτησιν,
690 3207 850 3260 ἀλλὰ
882 3206 1088 3274 φόϐον,
1137 3201 1300 3256 ἀλλὰ
1341 3201 1722 3265 ἐπιπόθησιν,
1757 3199 1905 3252 ἀλλά

2019 3218 2103 3254 vos
2126 3200 2436 3253 exhibuistis
2455 3200 2907 3253 incontaminatos
2926 3213 3038 3250 esse
3061 3197 3266 3265 negotio
3287 3195 3461 3262 (ibid,
3481 3192 3591 3260 11).

338 3299 540 3366 ζῆλον,
575 3299 739 3354 ἀλλὰ
775 3298 1124 3363 ἐκδίκησιν
1174 3296 1244 3347 ἐν
1285 3280 1910 3355 παντὶ’συνεστησατε

2027 3291 2280 3362 Multique
2316 3291 2637 3344 credentium
2669 3290 2957 3348 veniebant,
2993 3288 3296 3354 conﬁtentes
3323 3292 3370 3336 et
3400 3295 3599 3334 annun-

339 3393 591 3458 ἑαυτοὺς
621 3391 844 3462 ἁγνοὺς
872 3387 1024 3444 εῖναι
1053 3389 1121 3442 ἐν
1150 3385 1229 3451 τῷ
1253 3385 1566 3454 πράγματι.
1604 3382 1911 3436 ΠΡᾹΞΕΙΣ.

2027 3385 2209 3438 [iantes
2250 3394 2398 3437 actus
2447 3399 2591 3436 suos.
2639 3381 2798 3434 Multi
2832 3384 2993 3434 etiam
3023 3394 3086 3432 ea:
3119 3380 3218 3439 eis,
3257 3376 3348 3445 qui
3389 3373 3599 3425 curiosa

341 3485 567 3538 Πολλοί
600 3500 664 3536 τε
687 3481 806 3534 τῶν
833 3481 1316 3534 πεπιστευκότων
1339 3476 1622 3545 ἤρχοντο,
1643 3473 1913 3543 ἐξομολο-

2025 3483 2378 3538 exercuerant,
2411 3472 2606 3525 allatas
2634 3471 2795 3524 libros
2825 3468 3221 3523 combusserunt
3251 3481 3431 3520 coram
3468 3461 3597 3530 ipsis

344 3577 620 3644 τούμενοι
648 3574 745 3627 καὶ
774 3571 1247 3641 ἀναγγέλλοντες
1276 3567 1383 3635 τὰς
1426 3567 1672 3635 πράξεις
1701 3564 1920 3619 αὐτῶν.
2019 3566 2172 3636 (Act.
2208 3581 2323 3632 nx,
2355 3564 2444 3629 18,
2480 3564 2547 3617 19
2575 3562 2616 3633 ).

357 3674 577 3728 Ἰκανοὶ
646 3690 710 3726 τε
751 3669 868 3724 τῶν
918 3672 990 3723 τὰ
1061 3668 1338 3737 περίεργα
1403 3663 1760 3734 πραξάντων
1825 3664 2308 3732 συγκομίσαντες
2354 3662 2460 3727 τὰς
2516 3659 2776 3724 βίϐλους
2821 3654 3139 3711 κατέκαιον
3193 3651 3448 3707 ἐνώπιον
3498 3647 3606 3701 αὐ-

347 3785 481 3823 των.

353 3907 472 3961 Ὀτι
504 3908 620 3968 τοῖς
658 3883 1007 3976 μετανοδῦσιν
1053 3901 1153 3954 οὐκ
1209 3900 1370 3971 ἀρκεῖ
1420 3896 1556 3967 πρὸς
1592 3892 1925 3965 σωτηρίανὴ

2031 3884 2186 3952 Quod
2235 3879 2369 3936 illud
2407 3895 2518 3934 non
2550 3877 2684 3932 satis
2730 3876 2801 3931 sit
2833 3874 3248 3945 pmnitentibus,
3279 3874 3325 3929 si
3364 3885 3603 3933 tantum-

419 3968 770 4069 ἀναχώρησις
823 3996 957 4067 μόνη
1009 3995 1116 4048 τῶν
1169 3968 1613 4064 ἁμαρτημάτων,
1662 3985 1820 4058 χρεία
1872 3985 1929 4037 δὲ

2082 3969 2264 4031 ἰιιοᾶο
2299 3971 2629 4028 recesserint
2659 3985 2688 4022 a
2729 3968 2988 4038 peccatis.
3041 3968 3134 4022 sed
3177 3969 3256 4022 eis
3298 3982 3435 4038 opus
3462 3984 3608 4039 esse,

419 4092 604 4153 αὐτοῖς
632 4089 727 4142 καὶ
761 4087 990 4158 καρπῶν
1028 4085 1192 4152 ἀξίων
1236 4084 1335 4152 τῆς
1372 4080 1677 4152 μετανοίας.
1856 4125 1858 4127 ,

1856 4125 1858 4127 ,
2106 4075 2166 4123 ut
2197 4065 2410 4120 fructus
2440 4061 2776 4134 paenitentiae
2803 4061 2997 4131 dignos
3026 4059 3222 4114 ferant.
3274 4059 3282 4069 '

967 4192 1193 4261 Κεφὰλ.
1240 4189 1310 4243 δ’.

2669 4173 2844 4244 Caput
2883 4173 2987 4228 IV.

427 4294 797 4352 ΜΑΤΘΑῘΟΣ.
837 4291 995 4345 Ἰδὼν
1030 4290 1098 4343 δὲ
1145 4286 1417 4352 πολλοὺς
1454 4284 1572 4338 τῶν
1602 4280 1937 4349 Φαρισαίων

2124 4271 2311 4327 Videns
2330 4281 2505 4324 autem
2542 4269 2736 4322 multos
2774 4265 3172 4320 Pharisazorum
3215 4272 3263 4317 et
3295 4261 3613 4319 Sadductro-

364 4392 458 4445 καὶ
503 4386 927 4444 Σαδδουκαίων
967 4380 1330 4451 ἐρχομένους
1379 4378 1477 4431 ἐπὶ
1520 4375 1583 4429 τὸ
1625 4373 1936 4439 βάπτισμα

2045 4384 2158 4420 rum
2187 4365 2446 4419 venientes
2479 4361 2548 4414 ad
2587 4361 2907 4429 baptismum
2940 4375 3114 4420 suum,
3148 4356 3284 4410 dixit
3315 4359 3391 4410 eis
3422 4371 3440 4411 :
3485 4355 3617 4410 Pro-

366 4480 568 4544 αὑτοῦ,
624 4475 794 4532 εἶπεν
841 4474 1074 4539 αὐτοῖς’
1123 4470 1478 4538 Γεννήματα
1527 4462 1799 4533 ἐχιδνῶν,
1849 4461 1938 4525 τίς

2047 4458 2214 4528 genies
2253 4457 2570 4525 viperarum,
2625 4451 2740 4521 quis
2776 4449 3156 4502 demonstravit
3192 4448 3332 4501 vobis
3362 4448 3540 4517 fugere
3586 4463 3619 4500 α

366 4541 682 4637 ὑπέδειξεν
722 4569 866 4639 ὑμῖν
897 4565 1108 4637 φυγεῖν
1136 4563 1252 4618 ἀπὸ
1301 4561 1411 4627 τῆς
1454 4557 1804 4628 μελλούσης
1849 4553 1938 4620 ὀρ-

2047 4557 2260 4603 ventura
2286 4548 2410 4601 ira?
2445 4543 2627 4596 Facite
2657 4558 2778 4612 ergo
2803 4542 3006 4609 fructus
3040 4541 3225 4609 dignos
3262 4541 3578 4607 pa’nitentiae
3601 4556 3619 4592 :

372 4663 517 4732 Τῆς;
556 4631 857 4726 donicum
892 4631 1005 4712 οὖν
1050 4653 1319 4722 καρποὺς
1351 4650 1562 4714 ἀξίους
1611 4645 1720 4712 τῆς
1767 4659 1944 4713 μετα-

2052 4649 2095 4696 et
2128 4657 2188 4694 ne
2211 4639 2353 4693 vobis
2381 4638 2539 4691 libeat
2569 4636 2742 4688 dicere
2771 4634 2915 4687 intra
2945 4649 3033 4686 vos
3063 4637 3202 4700 ipsos
3230 4649 3246 4686 :
3281 4631 3493 4684 Patrem
3525 4631 3624 4684 ltu-

369 4724 554 4822 νοίας,
589 4724 794 4822 καὶ-μὴ
825 4751 1038 4816 δόξητε
1063 4747 1263 4816 λέγειν
1287 4745 1356 4797 ἐν
1382 4740 1616 4806 ἑαυτοῖς
1651 4738 1759 4809 (59)
1783 4751 1796 4767 ·
1826 4738 1940 4787 Πα-

2054 4735 2225 4790 bemus
2255 4731 2544 4785 Abraham.
2582 4729 2711 4783 Dico
2737 4729 2874 4782 enim
2925 4726 3091 4787 vobis,
3137 4724 3273 4795 quod
3319 4735 3498 4792 potens
3547 4727 3626 4777 est

374 4813 791 4916 τέρα-ἔχομεν’
823 4813 928 4896 τὸν
961 4813 1242 4909 τἈϐραάμ.
1293 4836 1454 4905 Λέγω
1500 4833 1608 4903 τὰρ
1653 4828 1815 4898 ὑμῖν,
1861 4825 1946 4878 ὅτι

2063 4827 2208 4881 Deus
2237 4825 2299 4879 de
2329 4823 2595 4892 lapidibus
2617 4822 2734 4874 istis
2761 4820 3022 4872 suscitare
3049 4818 3189 4886 ﬁlios
3224 4815 3468 4869 Abraha’.
3500 4813 3627 4866 Jam

375 4903 626 4992 δῦναταῖ
659 4903 707 4990 ’ὁ
757 4935 900 4999 Θεὸς
943 4933 1012 4985 ἐκ
1060 4903 1192 4983 τῶν*
1227 4903 1413 4982 λίθων
1461 4925 1687 4977 τούτων
1734 4918 1947 4988 ἐγεῖραι

2055 4920 2189 4974 enim
2211 4930 2260 4970 et
2288 4916 2486 4971 securis
2515 4913 2582 4966 ad
2607 4913 2841 4966 radicem
2879 4909 3127 4962 arborum
3160 4907 3336 4976 posita
3362 4915 3460 4959 est.
3498 4903 3627 4961 0m-

378 5028 551 5082 τέκνα
601 5025 683 5091 τῷ
735 4997 996 5093 Αὔραάμ.
1039 5020 1188 5087 ’Ἠδη
1239 5018 1306 5072 δὲ
1355 5017 1451 5071 και
1494 5017 1531 5083 ἡ
1579 5011 1754 5077 ἀξίνη
1807 5007 1950 5076 πρὸς

2057 5013 2137 5066 nis
2167 5026 2286 5079 ergo
2315 5007 2496 5069 arbor,
2534 5023 2649 5076 qua:
2675 5022 2777 5057 non
2803 5003 2932 5071 facit
2963 5001 3195 5068 fructum
3240 4998 3451 5056 bonum,
3485 4997 3629 5050 excir-

381 5119 490 5186 τὴν
509 5087 683 5188 ῥίζαν
710 5087 830 5169 τῶν
853 5087 1115 5182 δένδρων
1149 5110 1354 5164 κεῖται.
1389 5106 1518 5162 Πᾶν
1545 5100 1659 5160 οὖν
1683 5099 1953 5169 δένδρον,

1913 5117 1956 5162 ν’,
2055 5105 2222 5166 ditur,
2265 5111 2315 5156 et
2349 5102 2403 5154 in
2439 5101 2610 5168 ignem
2642 5096 2873 5149 mittitur
2917 5091 3148 5162 (Matth.
3190 5105 3274 5154 ιιι,
3308 5087 3485 5159 7-11).

382 5207 459 5278 μὴ
501 5206 720 5261 ποιοῦν
752 5202 983 5272 καρπὸν
1025 5199 1250 5263 καλὸν,
1308 5199 1678 5261 ἐκκόπτεται,
1727 5192 1827 5246 και
1872 5193 1959 5256 εις

385 5299 500 5354 afro
520 5297 839 5354 βάλλεται.

389 5300 500 5369 πῦρ
519 5300 839 5365 βάλλεται.

389 5405 504 5457 Ὀτι
543 5402 684 5473 μετὰ
711 5402 806 5472 τὴν
839 5397 1087 5453 ἐντεῦθεν
1118 5395 1437 5465 ἀπαλλαγὴν
1477 5393 1578 5446 οὐκ
1612 5391 1726 5445 ἔστι
1771 5388 1960 5460 καιρὸς

2065 5382 2222 5451 Quod
2250 5389 2372 5452 post
2399 5380 2704 5435 discessum
2735 5390 2802 5428 ex
2848 5373 2952 5426 hac
2986 5371 3095 5424 vita
3143 5383 3250 5422 non
3287 5373 3370 5420 est
3419 5373 3631 5431 toti-pus

454 5458 930 5566 καέορθωμάτων,
996 5489 1090 5543 τοῦ
1146 5486 1282 5542 Θεοῦ
1488 5482 1731 5555 παρόντα
1772 5458 1962 5550 καιρὸν

2137 5483 2285 5530 recte
2338 5471 2608 5526 factorum
2644 5486 2658 5522 :
2699 5462 3142 5537 quandoquidem
3204 5458 3345 5512 Deus
3393 5470 3631 5525 praesens

460 5682 572 5752 (59)
618 5679 1009 5752 Hunc_]ocum
1060 5675 1134 5752 ita
1163 5673 1584 5752 _in_terpretatur
1643 5664 1903 5722 Erasmus
1943 5679 1956 5716 :
1997 5658 2066 5714 Et
2099 5674 2162 5713 ne
2187 5655 2305 5712 sitis
2334 5653 2430 5707 hac
2457 5658 2642 5716 mente,
2677 5657 2734 5702 ut
2762 5646 2952 5702 dicatis
2994 5645 3134 5698 intra
3192 5656 3279 5696 vos
3319 5627 3502 5706 ipsos,
3523 5639 3628 5688 etc.

397 5743 477 5813 Ad
503 5743 752 5815 vérbum,
788 5747 869 5803 Ne
899 5744 1175 5802 videamini
1198 5743 1388 5806 dicere,
1418 5747 1522 5796 etc.
