3982 6240
379 263 487 318 τθὸ

1692 254 1749 311 S.
1788 256 2031 313 BASILII
2072 256 2288 313 MAGNI

3538 258 3640 319 704

453 383 671 443 tempus
700 371 755 426 in
782 371 1010 428 leuitate
1034 372 1334 444 impertivit
1363 372 1430 427 ad
1454 370 1703 426 iacienda
1727 388 1813 436 ea,
1842 374 1957 443 qui-

2129 375 2599 447 ὲπιμετρήσαντος
2637 373 2749 446 (60)
2779 376 2839 429 ἐν
2884 376 3239 449 μακροθυμίᾳ
3265 379 3347 443 εἰς
3377 379 3641 452 ἐργασίαν

452 468 557 521 bus
585 465 764 537 gratia
795 466 972 536 ipsius
1003 467 1351 523 conciliatur.

1039 579 1213 652 Caput
1261 583 1323 637 V.

472 672 621 726 Tunc
652 672 825 728 simile
845 673 945 728 erit
978 689 1196 744 regnum
1234 675 1486 728 caelorum
1529 674 1706 731 decem
1740 673 1959 744 virgini-

381 768 500 831 bus,
533 782 651 838 qua:
682 768 996 836 accipientes
1024 766 1295 836 lampades
1318 784 1466 833 suas,
1498 770 1741 822 exierunt
1757 765 1961 821 obviam

382 876 593 928 sponso.
626 859 869 931 Quinque
906 869 1084 914 autem
1126 875 1191 914 ea:
1231 861 1305 914 eis
1356 868 1509 914 erant
1556 860 1858 930 prudentes,
1909 864 1960 911 et

381 954 609 1024 quinque
667 952 834 1024 fatum
869 969 889 1008 :
930 970 1049 1024 qua:
1094 953 1282 1023 fatuae,
1339 953 1565 1023 acceptis
1628 950 1959 1020 lampadibus

381 1045 519 1110 suis,
548 1060 656 1099 non
683 1056 1021 1110 sumpserunt
1043 1048 1214 1100 oleum
1236 1045 1400 1116 236
1425 1061 1599 1098 secum
1630 1059 1648 1096 :
1680 1042 1959 1112 prudentes

382 1152 502 1191 vero
529 1148 837 1206 acceperunt
860 1138 1033 1192 oleum
1070 1138 1125 1191 in
1154 1139 1295 1191 vasis
1324 1138 1436 1190 suis
1471 1152 1588 1189 cum
1625 1133 1959 1203 lampadibus

381 1230 516 1284 suis.
553 1228 762 1285 Moram
789 1240 966 1285 autem
1008 1230 1233 1299 faciente
1283 1245 1498 1299 sponso,
1542 1229 1960 1281 dormitaverunt

381 1337 559 1376 omnes
605 1331 657 1377 et
710 1322 1057 1376 dormierunt.
1103 1321 1285 1376 Media
1331 1331 1506 1376 autem
1563 1329 1709 1374 nocte
1759 1319 1962 1373 clamor

380 1414 553 1483 factus
586 1423 707 1471 est:
753 1415 888 1471 Ecce
950 1432 1175 1485 sponsus
1227 1417 1386 1480 venit,
1435 1416 1574 1469 exite
1625 1414 1831 1468 obviam
1887 1414 1955 1466 ei.

381 1506 529 1562 Tunc
558 1519 903 1563 surrexerunt
935 1527 1112 1564 omnes
1143 1511 1366 1580 virgines
1402 1509 1531 1573 illa’,
1563 1518 1612 1563 et
1643 1517 1959 1562 ornaverunt

381 1601 654 1670 lampades
684 1620 832 1658 suas.
866 1602 1057 1657 Fatua:
1085 1613 1259 1657 autem
1309 1604 1636 1673 sapientibus
1666 1603 1958 1657 dixerunt:

2134 468 2244 521 τῶν
2271 467 2405 539 πρὸς
2436 466 2533 539 τὴν
2563 467 2727 522 αὑτοῦ
2762 469 3139 541 εὐαρέστησιν.

2676 583 2902 655 Κεφάλ.
2942 593 3004 641 ε’.
3112 577 3120 583 ’

2136 676 2501 732 ΜΑΤΘΑΙΟΣ.
2571 678 2711 731 Τότε
2769 677 3200 748 ὁμοιωθήσεται
3250 680 3289 749 ἡ
3353 680 3646 745 βασιλεία

2066 768 2186 822 τῶν
2211 767 2484 837 οὐρανῶν
2519 768 2665 822 δέκα
2708 769 3046 837 παρθένοις,
3074 771 3318 838 αἵτινες,
3346 772 3646 827 λαϐοῦσαι

2065 862 2173 927 τὰς
2218 859 2536 930 λαμπάδας
2591 861 2821 927 αὐτῶν,
2865 861 3129 931 ἐξῆλθον
3169 865 3256 929 είς
3300 862 3646 931 ἀπάντησιν

2064 952 2171 1007 τοῦ
2207 954 2489 1021 νυμφίου.
2522 953 2708 1007 Πέντε
2733 952 2803 1007 δὲ
2823 949 2988 1024 ἦσαν
3011 953 3081 1019 ἐξ
3109 953 3311 1008 αὐτῶν
3347 956 3641 1024 φρόνιμοι,

2065 1044 2164 1098 καὶ
2207 1044 2387 1098 πέντε
2412 1045 2605 1114 μωραί
2625 1061 2638 1074 ·
2674 1045 2898 1112 αἵτινες
2941 1046 3165 1114 μωραὶ,
3202 1047 3500 1101 λαϐοῦσαι
3539 1045 3645 1112 τὰς

2064 1136 2383 1206 λαμπάδας
2397 1136 2614 1204 αὐτῶν,
2642 1140 2751 1192 οὐκ
2771 1137 2992 1193 ἔλαϐον
3010 1141 3132 1208 μεθ’
3153 1137 3382 1193 ἑαυτῶν
3401 1137 3612 1193 ἔλαιον
3624 1155 3638 1168 '

2064 1232 2123 1282 al
2164 1229 2234 1282 δὲ
2280 1231 2552 1299 φρόνιμοι
2599 1230 2820 1284 ἔλαϐον
2858 1232 3067 1286 ἔλαιον
3109 1231 3178 1284 ἐν
3220 1230 3343 1298 τοῖς
3383 1231 3643 1301 ἀγγείοις

2064 1320 2263 1375 αὐτῶν
2298 1323 2449 1391 μετὰ
2478 1322 2596 1376 τῶν
2630 1322 2959 1392 λαμπάδων
2996 1322 3213 1379 αὐτῶν.
3259 1323 3644 1392 Χρονίζοντος

2065 1414 2134 1469 δὲ
2176 1414 2282 1469 τοῦ
2329 1415 2613 1484 νυμφίου,
2659 1414 3006 1479 ἐνύσταξαν
3048 1413 3237 1470 πᾶσαι
3261 1414 3360 1469 καὶ
3401 1415 3643 1472 ἐκάθευ-

2064 1507 2192 1562 δον.
2242 1506 2446 1575 Μέσης
2473 1506 2541 1560 δὲ
2575 1507 2798 1574 νυκτὸς
2831 1506 3059 1579 κραυγὴ
3088 1506 3365 1578 γέγονεν·
3416 1507 3564 1563 Ἰδοὺ
3608 1511 3643 1564 ό

2064 1600 2322 1669 νυμφίος
2369 1599 2620 1669 ἔρχεται,
2665 1599 2984 1669 ἐξέρχεσθε
3028 1604 3116 1667 είς
3156 1599 3503 1671 ἀπάντησιν
3537 1600 3640 1655 αὐ-

377 1691 515 1747 Date
546 1691 696 1748 nobis
747 1695 811 1748 de
854 1695 967 1750 oleo
1018 1705 1210 1756 vestro,
1258 1696 1386 1764 quia
1436 1693 1708 1763 lampades
1764 1702 1957 1747 nostra:

2067 1694 2193 1749 τοῦ.
2242 1696 2376 1748 Τότε
2404 1693 2750 1764 ἠγέρθησαν
2785 1693 2974 1749 πᾶσαι
3000 1696 3060 1749 al
3088 1694 3371 1763 παρθένοι
3396 1693 3637 1762 ἐκεῖναι,

377 1784 808 1853 exstinguuntur.
844 1783 1241 1853 Responderunt
1283 1802 1402 1840 vero
1444 1787 1755 1855 prudentes,
1790 1785 1963 1839 dicen-

380 1885 456 1930 tes
486 1891 504 1928 :
535 1873 618 1929 Ne
646 1874 783 1944 forte
808 1892 914 1930 non
944 1877 1168 1947 sufﬁciat
1213 1876 1361 1930 nobis
1396 1885 1444 1930 et
1471 1876 1652 1940 vobis;
1684 1877 1754 1929 ite
1784 1877 1960 1944 potius

378 1968 449 2021 ad
479 1968 777 2034 uendentes,
811 1978 859 2023 et
899 1970 1054 2024 emite
1096 1969 1261 2024 vobis.
1295 1968 1435 2022 Dum
1468 1977 1643 2022 autem
1669 1969 1804 2021 irent
1824 1984 1955 2022 eme-

378 2077 454 2123 re,
486 2062 624 2115 venit
653 2076 916 2129 sponsus:
952 2071 1001 2115 et
1030 2078 1146 2133 quo:
1178 2072 1384 2130 paratae
1427 2071 1599 2124 erant,
1630 2061 1959 2113 intraverunt

376 2169 496 2206 cum
525 2169 584 2208 eo
615 2155 685 2207 ad
710 2139 952 2222 'nuptias,
989 2163 1037 2207 et
1076 2154 1262 2207 clausa
1308 2162 1388 2207 est
1424 2152 1620 2221 janua.
1657 2150 1960 2205 Novissime

376 2253 555 2297 autem
584 2245 793 2298 veniunt
817 2253 866 2299 et
898 2245 1114 2313 reliqua:
1142 2245 1391 2314 virgines,
1418 2243 1687 2297 dicentes:
1718 2242 1956 2306 Domine,

374 2335 628 2398 Domine,
672 2337 821 2405 aperi
870 2336 1042 2392 nobis.
1071 2338 1141 2390 At
1174 2336 1266 2390 ille
1296 2334 1612 2406 respondens
1650 2336 1766 2388 ait:
1797 2335 1959 2389 Amen

374 2428 494 2482 dico
551 2426 717 2494 vobis,
775 2429 948 2482 nescio
1006 2445 1093 2483 vos
1154 2427 1370 2499 (Matth.
1424 2444 1547 2493 xxv,
1593 2428 1770 2498 1-13).
1819 2426 1959 2483 Con-

377 2523 572 2577 tendite
612 2525 814 2578 intrare
858 2540 950 2594 per
981 2534 1264 2595 angustam
1317 2534 1546 2593 portam,
1595 2523 1720 2592 quia
1781 2522 1954 2584 multi,

374 2616 497 2671 dico
541 2619 708 2681 vobis,
745 2627 978 2687 quarent
1018 2617 1242 2679 intrare,
1284 2626 1332 2670 et
1377 2633 1480 2670 non
1511 2624 1779 2685 poterunt.
1825 2613 1959 2669 Cum

375 2720 553 2762 autem
580 2709 868 2763 surrexerit
902 2708 1320 2778 paterfamilias,
1369 2718 1419 2762 et
1449 2707 1703 2761 clauserit
1736 2707 1952 2770 ostium,

374 2810 426 2854 et
451 2800 708 2867 caperitis
749 2800 881 2869 foris
916 2810 1081 2865 stare,
1107 2810 1154 2855 et
1177 2802 1391 2870 pulsare
1415 2802 1632 2864 ostium,
1672 2800 1898 2853 dicentes
1937 2816 1954 2852 :

375 2891 626 2955 Domine,
661 2890 907 2956 Domine,
945 2894 1089 2962 aperi
1141 2893 1329 2948 nobis:
1371 2902 1421 2946 et
1453 2892 1769 2958 respondens
1822 2890 1955 2945 dicet

377 2985 568 3038 vobis:
605 2983 798 3039 Nescio
820 3002 908 3040 vos
945 2985 1081 3038 unde
1108 2985 1224 3038 sitis
1262 2981 1432 3061 (Luc.
1487 2998 1609 3049 xm,
1670 2981 1763 3045 24,
1818 2980 1954 3052 25).

378 3075 513 3130 Ecce
536 3094 673 3130 nunc
698 3085 898 3145 tempus
922 3076 1259 3146 acceptabile,
1290 3092 1406 3129 ecce
1428 3091 1567 3129 nunc
1591 3073 1703 3129 dies
1724 3074 1953 3128 salutis:
1983 3105 2024 3162 Ο

376 3168 573 3221 nemini
635 3169 824 3223 dantes
884 3168 1051 3222 ullam
1103 3168 1463 3237 o/fensionem,
1516 3183 1577 3220 ne
1625 3167 1950 3234 vituperetur

376 3258 751 3321 ministerium,
794 3259 884 3313 sed
921 3261 973 3313 in
1003 3259 1243 3337 omnibus
1268 3258 1566 3313 exhibentes
1606 3258 1952 3325 nosmetipsos

376 3353 514 3405 sicut
572 3350 669 3405 Dei
723 3352 999 3406 ministros
1061 3351 1148 3422 (II
1192 3350 1596 3422 Cor.vx,2—4).
1630 3348 1769 3420 Ergo
1828 3349 1954 3402 dum

377 3453 578 3511 tempus
650 3442 922 3509 habemus,
990 3426 1263 3515 operemur
1321 3442 1513 3498 bonum
1581 3458 1707 3512 erga
1775 3457 1953 3495 omnes

376 3536 395 3602 ι
430 3533 553 3587 Gal.
582 3549 661 3601 νι,
694 3536 763 3591 ιο
794 3536 836 3607 ).

2062 1783 2161 1837 καὶ
2189 1784 2542 1853 ἐκόσμησαν
2569 1786 2675 1850 τὰς
2708 1783 3027 1854 λαμπάδας
3065 1783 3284 1839 αὐτῶν.
3329 1788 3399 1841 Al
3437 1785 3508 1839 δὲ
3530 1803 3639 1856 μω-

2056 1877 2156 1946 ραὶ
2205 1878 2334 1944 ταῖς
2383 1879 2694 1948 φρονίμοις
2751 1876 2956 1933 εἷπονο
3017 1880 3158 1933 Δότε
3208 1878 3353 1948 ἡμῖν
3412 1879 3483 1933 ἐκ
3535 1879 3638 1934 τοῦ

2061 1968 2268 2021 ἐλαίου
2300 1967 2488 2037 ὑμῶν,
2519 1967 2609 2022 ὅτι
2629 1971 2689 2021 al
2712 1967 3026 2037 λαμπάδες
3050 1968 3221 2038 ἡμῶν
3255 1967 3634 2023 σϐέννυνται.

2074 2061 2515 2129 Ἀπεκρίθησαν
2563 2060 2633 2114 δὲ
2691 2064 2752 2115 αἱ
2802 2062 3113 2133 φρόνιμοι,
3162 2061 3484 2133 λέγουσαι·
3542 2061 3636 2126 Μή

2060 2171 2205 2209 ποτε
2242 2157 2352 2209 οὐκ
2385 2154 2615 2225 ἀρκέσῃ
2649 2155 2795 2226 ἡμῖν
2841 2155 2940 2210 καὶ
2971 2155 3144 2226 ὑμῖν·
3194 2155 3522 2224 πορεύεσθε
3570 2155 3639 2208 δὲ

2054 2245 2297 2316 μᾶλλον
2346 2249 2484 2316 πρὸς
2546 2248 2688 2314 τοὺς
2738 2249 3092 2315 πωλοῦντας
3107 2289 3121 2313 ,
3169 2250 3269 2304 καὶ
3303 2247 3639 2318 ἀγοράσατε

2059 2337 2316 2403 ἑαυταῖς.
2371 2338 2808 2409 Ἀπερχομένων
2836 2338 2904 2393 δὲ
2939 2338 3137 2395 αὐτῶν
3180 2340 3497 2411 ἀγοράσαι,
3532 2337 3636 2411 ἦλ-

2060 2433 2164 2484 θεν
2195 2432 2228 2484 ό
2256 2430 2535 2500 νυμφίος,
2574 2430 2674 2484 καὶ
2712 2434 2770 2485 αὶ
2804 2430 3023 2502 ἕτοιμοι
3051 2431 3346 2502 είσῆλθον
3369 2432 3499 2503 μετ’
3527 2435 3634 2487 αὐ-

2059 2522 2165 2576 τοῦ
2211 2526 2299 2589 είς
2351 2523 2494 2591 τοὺς
2554 2523 2803 2594 γάμους,
2854 2524 2971 2579 καῖ
3015 2525 3302 2594 ἐκλείσθη
3371 2527 3413 2594 ἡ
3463 2527 3632 2595 θύρα.

2062 2615 2361 2684 ’Υστερον
2410 2616 2479 2669 δὲ
2524 2616 2796 2685 ἔρχονται
2848 2618 2949 2673 καὶ
2992 2621 3052 2675 al
3088 2618 3295 2675 λοιπαὶ
3332 2618 3633 2689 παρθένοι,

2057 2711 2381 2778 λέγουσαι·
2436 2710 2637 2778 Κύριε,
2698 2711 2896 2786 Ιςύριε,
2955 2710 3203 2775 ἄνοιξον
3243 2708 3405 2780 ἡμῖν.
3468 2710 3523 2763 '0
3568 2709 3638 2762 δὲ

2058 2797 2419 2866 ἀποκριθεὶς,
2456 2794 2657 2853 εἶπεν
2707 2779 2886 2870 ἶιῖμὴν
2937 2802 3093 2870 λέγω
3140 2779 3303 2869 ὑμῖν,
3352 2801 3466 2854 οὐκ
3505 2795 3639 2854 οῖδα

2057 2891 2236 2961 ὑμᾶς.
2268 2890 2567 2944 ΛΟΥΚΑΣ.
2621 2891 3017 2961 Ἀγωνίσασθε
3059 2873 3356 2946 εἰσελθεῖν
3393 2888 3507 2960 (61)
3536 2889 3637 2944 διὰ

2058 2982 2168 3053 τῆς
2193 2983 2417 3052 στενῆς
2443 2985 2665 3053 πύλης,
2692 2983 2781 3038 ὅτι
2803 2984 3040 3049 πολλοὶ,
3074 2983 3227 3052 λέγω
3260 2984 3421 3054 ὑμῖν,
3463 2982 3635 3051 ζητή-

2057 3086 2281 3128 σουσιν
2319 3073 2638 3139 εἰσελθεῖν,
2672 3072 2775 3128 καὶ
2814 3075 2927 3128 οὐκ
2975 3074 3363 3143 ἰσχύσουσιν.
3420 3074 3537 3143 Ἀφ’
3561 3068 3636 3128 οὗ

2058 3162 2137 3218 ἂν
2168 3163 2383 3234 ἐγερθῇ
2429 3168 2462 3219 ό
2508 3164 2963 3232 οἰκοδεσπότης,
2994 3164 3094 3218 καὶ
3137 3164 3477 3233 ἀποκλείσῃ
3520 3164 3638 3233 τὴν

2059 3257 2267 3327 θύραν,
2280 3257 2379 3310 καὶ
2398 3257 2666 3326 ἄρξησθε
2690 3256 2807 3322 ἔξω
2835 3255 3104 3321 ἑστάναι,
3123 3256 3223 3311 καὶ
3249 3259 3489 3326 κρούειν
3520 3256 3638 3327 τήν

2061 3348 2269 3416 θύραν,
2312 3345 2624 3416 λέγοντεςο
2662 3349 2862 3416 Κύριε,
2921 3349 3120 3416 Κύριε,
3168 3346 3415 3412 ἄνοιξον
3453 3348 3631 3418 ἡμῖν·

2060 3438 2159 3491 καὶ
2193 3437 2535 3506 ἀποκριθεὶς
2597 3438 2717 3508 ἐρεῖ
2776 3439 2886 3511 (62)
2918 3439 3092 3509 ὺμῒν’
3135 3441 3259 3493 Οὐκ
3300 3436 3436 3495 οἶδα
3476 3437 3637 3509 ὑμᾶς

2059 3530 2244 3582 πόθεν
2291 3527 2454 3585 ἐστέ.
2486 3530 2664 3583 ΠΡΟΣ
2708 3531 2865 3586 ΚΟΡ.
2918 3530 2983 3601 β’.
3056 3530 3207 3587 Ἰδοὺ
3263 3531 3380 3586 νῦν
3431 3530 3635 3599 καιρὸς

373 3629 838 3697 εὐπρόσδεκτος,
899 3631 1028 3686 ίδοὺ
1093 3632 1209 3686 νῦν
1244 3632 1434 3702 ἡμέρα
1465 3628 1795 3699 σωτηρίαςο
1829 3625 2128 3696 μηδεμίαν
2165 3623 2236 3677 ἐν
2295 3622 2510 3692 μηδενὶ
2544 3622 2813 3688 διδόντες
2851 3623 3186 3693 προκοπὴν,
3227 3624 3328 3678 ἵνα
3369 3622 3457 3693 μὴ
3518 3640 3637 3694 μω-

371 3720 536 3791 μηθῇ
585 3722 625 3789 ἠ
699 3722 972 3779 διακονία
996 3764 1010 3789 ,
1065 3726 1200 3780 ἀλλ’
1241 3725 1311 3778 ὲν
1364 3723 1543 3779 παντί
1597 3718 2004 3784 συνιστῶντες
2059 3714 2331 3782 ἑαυτοὺς,
2385 3717 2464 3783 ὡς
2521 3716 2669 3771 Θεοῦ
2716 3716 3001 3773 διάκονοι.
3061 3717 3240 3795 ῌΡΟΣ
3285 3717 3324 3768 Γ
3326 3716 3434 3768 ΔΛ.
3495 3716 3638 3783 Ἄρα

375 3807 490 3867 οὖν
538 3814 620 3880 ὡς
666 3813 874 3884 καιρὸν
913 3818 1152 3887 ἔχομεν,
1200 3815 1565 3888 ἐργαζώμεθα
1613 3811 1681 3867 τὸ
1721 3810 1946 3884 ἀγαθὸν
1977 3807 2127 3877 πρὸς
2154 3804 2402 3875 πάντας·

979 3934 1258 3993 liEGULA
1294 3934 1360 3989 Il.

377 4025 535 4094 Quod
577 4027 696 4083 ﬁeri
735 4030 947 4100 nequit,
974 4037 1035 4084 ut
1078 4030 1127 4085 is
1180 4029 1274 4099 qui
1309 4042 1431 4083 sese
1459 4026 1627 4081 etiam
1655 4021 1889 4095 negotiis
1920 4035 1950 4074 a

603 4120 805 4193 pietate
834 4122 1028 4179 alienis
1051 4121 1340 4185 immiscet,
1375 4118 1488 4175 Deo
1517 4116 1740 4173 serviat.

1033 4235 1201 4291 Caput
1243 4233 1295 4288 Ι.

1033 4250 1201 4304 Laput
1243 4250 1295 4288 ι.

448 4324 621 4382 Nemo
659 4336 828 4397 potest
875 4326 1079 4381 duobus
1109 4325 1337 4379 dominis
1386 4322 1630 4378 servire:
1675 4329 1767 4374 aut
1808 4317 1949 4372 enim

2784 3929 2867 3983 ΟΣ
2920 3929 2993 3982 B'.

2693 3931 2867 3984 ΟΡΟΣ
2920 3931 2993 3982 B'.

2060 4017 2181 4072 Ὀτι
2211 4018 2471 4073 ἀδυνατον
2493 4018 2768 4072 δουλεῦσαι
2800 4018 2918 4090 Θεῷ
2943 4019 3034 4073 τὸν
3063 4019 3156 4073 καὶ
3188 4021 3301 4083 τοῖς
3333 4019 3635 4091 ἀλλοτρίοις

2216 4111 2315 4179 τῆς
2346 4110 2655 4174 θεοσεϐείας
2680 4110 3105 4183 ἐπιμιγνύμενον
3133 4112 3471 4182 πράγμασιν.

2624 4225 2967 4294 Κεφάλαιον
2992 4232 3064 4281 α’.

2123 4315 2494 4372 ΜΑΤΘΑΙΟΣ.
2537 4317 2747 4384 Οὐδεὶς
2773 4316 3022 4372 δύναται
3067 4316 3209 4373 δυσὶ
3242 4319 3470 4390 nuptam
3495 4319 3636 4375 δου-

380 4434 545 4472 unum
604 4420 726 4474 odio
754 4416 983 4481 habebit,
1022 4427 1072 4472 et
1111 4416 1335 4471 alterum
1375 4414 1600 4484 diliget:
1649 4420 1742 4465 aut
1785 4426 1950 4463 unum

2063 4410 2288 4462 λεύειν’
2331 4408 2369 4476 ἢ
2404 4408 2514 4479 γὰρ
2553 4408 2661 4463 τὸν
2692 4409 2801 4463 ἕνα
2845 4408 3119 4480 μισήσει,
3150 4411 3250 4464 καὶ
3289 4410 3396 4464 τὸν
3424 4410 3634 4480 ἕτερον

379 4510 686 4577 sustinebit,
739 4519 791 4565 et
820 4510 1049 4564 alterum
1083 4515 1395 4562 contemnet.
1430 4504 1557 4559 Non
1583 4504 1799 4573 potestis
1843 4501 1953 4556 Deo

380 4606 576 4659 servire
599 4614 649 4659 et
671 4618 989 4658 mammona:
1020 4599 1248 4674 (Matth.
1279 4617 1357 4664 γι,
1379 4601 1451 4656 24
1474 4600 1514 4669 ).
1547 4598 1729 4653 Nolite
1763 4598 1954 4669 jugum

379 4698 569 4753 ducere
590 4714 709 4752 cum
740 4693 1063 4766 inﬁdelibus.
1103 4694 1234 4761 Quae
1258 4695 1397 4749 enim
1431 4691 1769 4762 participatio
1788 4690 1955 4760 justi-

382 4794 471 4856 tia:
508 4806 626 4843 cum
650 4789 972 4859 iniquitate?
1000 4796 1093 4840 aut
1132 4802 1249 4853 qua:
1289 4785 1514 4838 societas
1550 4781 1655 4834 luci
1703 4783 1771 4833 ad
1809 4790 1951 4834 tene-

382 4884 551 4941 bras?
575 4898 692 4953 qua:
731 4890 907 4935 autem
957 4881 1227 4935 conventio
1255 4876 1468 4933 Christo
1498 4875 1566 4929 ad
1610 4873 1825 4929 Belial?
1860 4882 1953 4925 aut

379 4996 496 5049 qua:
521 4996 645 5049 pars
677 4978 822 5047 ﬁdeli
854 4993 973 5031 cum
1002 4976 1241 5045 inﬁdeli?
1280 4990 1396 5045 quts
1443 4981 1618 5026 autem
1670 4984 1951 5023 consensus

382 5071 570 5140 templo
599 5069 692 5122 Dei
723 5084 843 5123 cum
878 5066 1078 5123 idolis?
1111 5063 1207 5135 (Il
1241 5062 1370 5128 Cor.
1399 5079 1473 5128 v1,
1505 5059 1718 5132 14-16.)

382 5270 540 5343 Quod
580 5276 798 5342 oportet
841 5285 967 5327 eum
1000 5270 1095 5341 qui
1138 5266 1435 5339 Evangelio
1465 5264 1673 5330 obedit,
1714 5263 1952 5335 primum

450 5363 674 5437 purgari
707 5363 776 5418 ab
804 5362 950 5418 omni
994 5361 1411 5434 inquinamento
1456 5358 1640 5414 carnis
1691 5364 1745 5412 et
1791 5354 1952 5426 spiri-

460 5542 569 5615 (60)
594 5544 839 5615 Utraque
870 5542 1040 5598 ealitio
1078 5540 1266 5596 καιοὸν
1316 5538 1770 5600 ὲπιαεοὴσαντος.
1805 5532 1949 5588 Libri

385 5630 597 5681 vutunrs
624 5615 1107 5686 ἐπιμετρήσαντος,

451 5688 560 5761 (lii)
588 5679 943 5757 chftcr'ti'us
975 5681 1303 5746 ἀγωνίζεσθε
1334 5679 1609 5735 εἰσελθεῖν.

2052 4502 2353 4572 ἀγαπήσει
2371 4520 2385 4532 ·
2440 4501 2480 4570 ἢ
2525 4502 2664 4569 ἐνὸς
2718 4503 3049 4569 ἀνθέξεται,
3106 4504 3202 4558 καί
3256 4503 3364 4557 τοῦ
3423 4502 3634 4572 ἐτέρου

2052 4593 2515 4663 καταφρονήσει.
2560 4595 2642 4646 Οὐ
2701 4593 2965 4649 δύνασθε
3011 4592 3133 4659 Θεῷ
3167 4593 3484 4648 δουλεύειν
3531 4592 3636 4646 καὶ

2045 4683 2315 4755 μαμωνᾷ.
2365 4686 2544 4739 ΠΡΟΣ
2591 4686 2752 4739 ΚΟΡ.
2802 4685 2866 4756 β’.
2919 4685 3016 4754 Μὴ
3071 4685 3311 4755 γίνεσθε
3368 4682 3636 4751 ἑτεροζυ-

2051 4775 2299 4846 γοῦντες
2335 4776 2633 4841 ἀπίστοις.
2695 4776 2792 4842 Τίς
2842 4774 2950 4846 γὰρ
2989 4773 3217 4844 μετοχὴ
3270 4772 3632 4841 δικαιοσύνῃ

2052 4868 2154 4923 καί
2184 4869 2435 4939 ἀνομίᾳ;
2478 4867 2516 4937 ἢ
2556 4869 2648 4935 τίς
2682 4868 2959 4923 κοινωνία
2990 4866 3136 4935 φωτὶ
3173 4866 3322 4934 πρὸς
3371 4866 3633 4931 σκότος;

2051 4961 2142 5028 τίς
2168 4960 2237 5015 δὲ
2272 4960 2666 5031 συμφώνησις
2703 4959 2935 5030 Χριστῷ
2960 4957 3111 5028 πρὸς
3142 4958 3407 5021 Βελίαλ;
3453 4957 3492 5026 ἢ
3539 4958 3639 5024 τίς

2044 5052 2216 5124 μερὶς
2248 5051 2442 5118 πιστῷ
2467 5052 2618 5121 μετὰ
2640 5050 2937 5115 declaret);
2969 5050 3058 5116 τίς
3094 5047 3161 5102 δὲ
3187 5047 3637 5119 συγκατάθεσις

2050 5142 2174 5209 ναῷ
2206 5142 2353 5197 Θεοῦ
2380 5142 2531 5212 μετὰ
2559 5141 2855 5204 είδώλων;

2054 5258 2176 5311 Ὀτι
2208 5256 2299 5310 τὸν
2343 5256 2728 5309 ὑπακούσαντα
2757 5252 2866 5325 ((55)
2899 5252 2977 5324 τῷ
3005 5250 3319 5324 Εὐαγγελίῳ
3350 5249 3432 5303 δεῖ
3471 5248 3630 5321 πρῶ-

2122 5364 2213 5400 τον
2268 5344 2664 5417 καθαρισθῖπναι
2722 5343 2828 5397 ἀπὸ
2864 5343 3061 5406 παντὸς
3111 5339 3386 5413 μολυσμοῦ
3422 5338 3633 5410 capuli;

2061 5601 2073 5617 '
2123 5527 2234 5615 (.62)
2268 5526 2452 5613 iiditio
2483 5533 2717 5595 utraque
2766 5526 2900 5595 ἐρεῖ,
2943 5525 3064 5577 οὐκ.
3110 5522 3240 5594 Reg.
3276 5522 3473 5578 tertius
3508 5518 3633 5590 ἐρεῖ

2053 5616 2199 5670 υμιν,
2230 5615 2347 5649 ουκ.

2126 5670 2234 5741 (63)
2268 5668 2398 5740 Rug.
2434 5666 2625 5724 tertius
2648 5666 2736 5719 τὸν
2767 5663 3127 5719 ὑπακούοντα.
