3982 6240
281 324 383 383 709

1751 324 2082 382 MORALIA.

3417 313 3520 370 ’110

277 449 476 502 πησεν
501 433 683 504 ἡμᾶς,
711 435 810 487 καὶ
859 435 1199 503 παρέδωκεν
1251 436 1467 490 ἑαυτὸν
1504 437 1656 506 ὑπὲρ
1686 437 1854 506 ἡμῶν

1987 453 2125 491 osum
2199 451 2292 504 pro
2365 435 2511 488 nobis
2593 433 2907 487 oblationem
2980 438 3028 482 et
3099 429 3323 484 hostiam
3407 426 3521 484 Deo

277 523 633 596 προσςέορὰν
661 527 763 579 καὶ
789 529 1009 580 θυσίαν
1034 529 1111 594 τῷ
1139 529 1260 594 Θεῷ
1283 530 1419 600 (72).

278 663 397 716 Ὀτι
435 662 713 728 ἀπόδειξις
748 663 856 715 τῶν
882 664 975 716 τοῦ
1001 665 1232 734 Χριστοῦ
1269 665 1524 736 μαθητῶν
1555 669 1589 738 ἡ
1623 669 1678 720 ὲν
1708 667 1851 737 αὐτῷ

738 755 874 825 πρὸς
898 755 1158 826 ἀλλήλους
1185 758 1394 829 ἀγάπη.

902 868 1123 937 Κεφάλ.
1151 871 1232 934 β’.

351 960 681 1012 ΙΩΑΝΝΗΣ.
733 959 829 1013 Ἐν
885 962 1070 1026 τούτῳ
1104 959 1432 1030 γνώσονται
1477 961 1719 1028 πάντες,
1765 962 1853 1016 ὅτι

278 1051 403 1118 ἐμοὶ
430 1051 695 1118 μαθηταί
731 1050 891 1114 ἐστε,
914 1051 1022 1104 ἐὰν
1053 1051 1294 1121 ἀγάπην
1337 1054 1514 1122 ἔχητε
1544 1054 1612 1107 ὲν
1664 1055 1854 1123 ἀλλή-

281 1144 433 1204 λοις.

1955 529 2186 599 (Ephes.
2233 545 2284 590 ν,
2327 527 2392 589 4,
2439 526 2530 597 2).

1952 663 2109 730 Quoa
2153 671 2304 718 certa
2347 670 2474 717 nota
2523 661 2918 731 discipularum
2965 657 3166 712 Christi
3213 663 3402 710 mutua
3436 659 3525 712 est

2475 754 2531 808 in
2585 753 2704 823 ipso
2755 749 2996 804 dilectio.

2635 873 2761 917 aput
2797 863 2880 916 II.

2635 883 2665 917 a
2704 873 2761 917 ut
2797 864 2880 916 II.

2025 957 2091 1012 In
2155 957 2252 1011 hoc
2303 864 2628 1026 cognoscenf
2668 881 2892 1020 :mnes,
2941 954 3066 1022 quia
3119 951 3370 1022 discipuli
3424 949 3529 1007 mei

1950 1051 2114 1113 estis,
2158 1051 2205 1102 si
2246 1048 2578 1101 dilectionem
2619 1045 2912 1099 habueritis
2953 1043 3022 1097 ad
3062 1044 3280 1096 invicem
3319 1041 3523 1114 (Joan.

1953 1159 2078 1205 xm,
2131 1143 2198 1197 55
2225 1142 2264 1212 ).

283 1253 404 1306 Ὅτι
436 1253 657 1322 ἐλεγχος
684 1252 778 1305 τοῦ
808 1253 882 1325 μὴ
918 1252 1060 1323 ἔχειν
1082 1255 1180 1324 τὴν
1203 1255 1437 1324 Χριστοῦ
1473 1257 1692 1326 ἀγάπην
1716 1259 1852 1329 πρὸς

1987 1255 2114 1326 ι39
2142 1253 2295 1320 Quod
2325 1253 2546 1307 evidens
2576 1259 2952 1322 argumentum
2986 1250 3088 1316 sit,
3117 1249 3351 1318 aliquem
3391 1247 3528 1301 cha-

346 1345 439 1398 τὸν
475 1345 706 1414 πλησίον
748 1346 807 1398 τὸ
838 1347 1057 1416 ποιῆσαί
1093 1365 1145 1398 τι
1176 1348 1282 1399 τῶν
1316 1347 1654 1416 βλαπτόντων
1687 1351 1718 1421 ἢ
1759 1351 1852 1402 λυ-

351 1436 595 1488 πούντων
624 1436 784 1489 αὐτὸν
816 1438 895 1499 εἰς
920 1436 1157 1507 ἐκκοπὴν
1189 1437 1283 1507 τῆς
1313 1437 1564 1501 πίστεως,
1590 1440 1690 1492 κᾶν
1727 1458 1854 1509 συγ-

353 1528 742 1598 κεχωρημένον
794 1529 898 1580 ὑπὸ
945 1529 1041 1598 τῆς
1078 1529 1298 1600 Γραφῆς
1330 1527 1408 1598 τῷ
1473 1530 1586 1601 ἰδίῳ
1619 1532 1762 1602 λὸνῳ
1793 1534 1854 1586 τὸ

346 1619 628 1688 γινόμενον

920 1814 1145 1871 Κεφάλ.
1188 1824 1260 1871 τ’.

920 1824 1019 1869 Κε-
1044 1824 1145 1870 ἀλ.
1247 1857 1260 1871 .

361 1904 543 1957 ΠΡΟΣ
579 1905 745 1959 ΡοΜ.
774 1907 844 1960 Et
868 1879 975 1974 γὰρ
998 1833 1102 1960 ’ἕιά
1117 1824 1328 1977 ,ΒρΊιΞμα
1367 1913 1400 1963 δ
1438 1910 1700 1980 ἀδελφός
1739 1927 1854 1966 σου

2020 1346 2235 1399 ritatem
2290 1344 2495 1397 Christi
2555 1345 2609 1396 in
2667 1343 2970 1410 proximum
3028 1357 3137 1394 non
3187 1340 3422 1402 habere,
3479 1337 3526 1392 si

2021 1437 2295 1506 quidpiam
2337 1436 2580 1506 peragit,
2629 1433 2772 1503 quod
2815 1441 3041 1496 noceat,
3084 1442 3176 1485 aut
3222 1430 3525 1484 molestiam

2021 1530 2070 1582 ei
2114 1529 2302 1583 allerat
2343 1527 2410 1580 ad
2456 1527 2576 1581 lidei
2621 1525 2950 1580 excisionem
2981 1542 2994 1577 :
3029 1523 3244 1577 tametsi
3287 1524 3340 1575 id
3381 1518 3528 1590 quod

2024 1620 2278 1683 elﬁcitur,
2333 1619 2546 1674 ratione
2602 1617 2834 1687 quadam
2867 1615 3113 1686 speciali
3167 1630 3198 1667 a
3249 1611 3528 1683 Scriptura

2025 1725 2345 1766 concessum
2399 1717 2503 1764 CSL

2579 1817 2745 1884 Caput
2789 1813 2903 1867 Ill.

2027 1910 2088 1965 Si
2128 1909 2264 1962 enim
2311 1918 2523 1976 propter
2569 1907 2740 1959 cibum
2782 1906 2952 1973 frater
2996 1914 3116 1956 tuus
3159 1901 3527 1963 contristatur,

282 1996 580 2059 λυπεῖται,
635 1995 833 2050 οὐκέτι
867 1999 1016 2051 κατὰ
1067 1997 1309 2068 ἀγάπην
1367 2004 1723 2069 περιπατεῖς.
1757 2003 1854 2072 Μὴ

1987 2017 2067 2054 am
2144 2017 2247 2054 non
2314 1999 2600 2053 secundum
2671 1997 2984 2050 charitatem
3060 1993 3325 2048 ambulas.
3400 1991 3531 2045 Noli

283 2087 362 2154 τῷ
411 2088 684 2158 ,ϐρώματί
717 2104 834 2142 σου
883 2089 1116 2145 ἐκεῖνον
1161 2093 1457 2159 ἀπόλλυε,
1515 2095 1668 2164 ὑπὲρ
1725 2093 1798 2152 οὗ
1825 2101 1858 2151 ό

283 2181 541 2248 Χριστὸς
568 2178 887 2234 ἀπέθανεν.

289 2293 408 2345 Ὀτι
465 2292 543 2344 δεῖ
609 2294 698 2346 τὸν
750 2293 1075 2362 Χριστιανὸν
1117 2294 1330 2348 καὶτὸν
1381 2293 1713 2367 λυπούμενον
1739 2302 1857 2354 κατ’

355 2385 523 2437 αὑτοῦ
555 2386 718 2438 παντὶ
745 2385 931 2455 τρόπῳ
963 2386 1021 2437 τό
1045 2403 1120 2454 ,γε
1154 2389 1241 2441 ἐπ’
1272 2389 1420 2460 αὑτῷ
1444 2390 1785 2460 Θεραπεύειν.

938 2584 1162 2652 Κεφάλ.
1197 2584 1267 2640 δ’.

355 2672 727 2727 ΜΑΤΘΑΙΟΣ.
765 2675 905 2727 Ἐὰν
936 2670 1049 2729 οὖν
1077 2678 1420 2747 προσφέρῃς
1442 2685 1503 2732 τό
1528 2679 1721 2747 δῶρόν
1747 2693 1862 2734 σου

286 2761 388 2815 ἐπὶ
417 2763 486 2816 τὸ
531 2762 983 2832 θυσιαστήριον,
1035 2765 1208 2818 κάκεῖ
1237 2767 1346 2836 (75)
1379 2767 1674 2835 μνησθῇς,
1707 2767 1797 2820 ὅτι
1831 2771 1864 2821 ό

282 2855 554 2924 ἁδελφός
576 2872 692 2909 σου
718 2855 842 2925 ἔχει
868 2874 923 2910 τι
957 2857 1106 2911 κατὰ
1134 2859 1272 2923 σοῦ,
1301 2857 1450 2928 ἄφες
1490 2860 1618 2913 ἐκεῖ
1644 2859 1708 2912 τὸ
1752 2858 1863 2912 δῶ-

283 2949 397 3013 ρόν
422 2964 542 3000 σου
572 2948 916 3016 ἔμπροσθεν
941 2949 1046 3002 τοῦ
1068 2953 1521 3018 θυσιαστηρίου,
1551 2951 1648 3005 καὶ
1675 2951 1864 3020 ὕπαγε

286 3038 546 3106 πρῶτον,
596 3038 947 3109 διαλλάγηθι
980 3038 1058 3104 τῷ
1121 3039 1352 3110 ἀδελφῷ
1400 3056 1537 3108 σου,
1579 3042 1676 3096 καὶ
1732 3043 1865 3096 τότε

1958 2091 2074 2144 cibo
2145 2099 2233 2142 tuo
2280 2089 2434 2142 illum
2483 2088 2734 2157 perdere,
2795 2103 2890 2155 pro
2946 2102 3046 2156 quo
3094 2084 3339 2140 Christus
3389 2100 3532 2137 mor—

1960 2192 2080 2235 tuus
2123 2191 2198 2235 est
2238 2181 2428 2247 (Rom.
2467 2198 2579 2246 xw,
2628 2181 2753 2252 15).

1959 2293 2113 2359 Quod
2165 2295 2509 2350 Christianus
2555 2311 2678 2349 eum
2726 2294 2889 2348 etiam
2935 2292 3027 2361 qui
3061 2290 3320 2347 adversus
3353 2291 3532 2359 ipsum

2031 2389 2174 2443 male
2222 2387 2475 2451 adicitur,
2528 2387 2677 2441 omni
2731 2386 2894 2440 modo
2941 2394 2996 2440 et
3043 2394 3306 2455 quantum
3360 2384 3416 2437 in
3471 2398 3532 2439 se

2032 2485 2118 2534 est
2135 2518 2150 2544 ,
2207 2478 2437 2534 delinire
2493 2479 2706 2533 debeat.

2581 2589 2754 2657 Caput
2793 2587 2900 2642 IV.

2035 2681 2097 2738 Si
2147 2698 2268 2751 ergo
2322 2682 2478 2750 offers
2541 2698 2730 2736 munus
2778 2690 2925 2734 tuum
2977 2679 3047 2733 ad
3100 2678 3310 2742 altare,
3355 2685 3404 2732 et
3459 2678 3534 2732 ibi

1963 2775 2266 2830 recordatus
2313 2773 2483 2843 fueris
2540 2775 2667 2843 quia
2717 2773 2886 2842 frater
2935 2781 3056 2826 tuus
3116 2770 3269 2825 habet
3332 2771 3534 2842 aliquid

1966 2865 2249 2920 adversum
2305 2873 2388 2927 te,
2442 2865 2674 2934 relinque
2725 2863 2797 2916 ibi
2845 2880 3034 2917 munus
3083 2872 3232 2916 tuum
3281 2872 3401 2916 ante
3449 2863 3536 2918 al-

1967 2963 2122 3019 tare,
2175 2963 2224 3008 et
2275 2954 2404 3009 vade
2456 2955 2638 3022 prius,
2689 2953 3031 3007 reconciliare
3082 2953 3241 3021 fratri
3293 2961 3422 3008 tuo:
3483 2960 3535 3008 et

1968 3055 2089 3096 tunc
2142 3043 2344 3097 ueniens
2396 3042 2526 3111 offer
2578 3059 2766 3096 munus
2825 3051 2974 3095 tuum
3026 3040 3267 3113 (Matth.
3317 3059 3381 3108 ν,
3425 3042 3532 3108 25,

284 3131 485 3184 ἐλθὼν
519 3131 823 3200 πρόσφερε
852 3130 917 3184 τὸ
946 3129 1136 3199 δῶρόν
1179 3148 1314 3188 σου.
1357 3135 1535 3187 ΠΡΟΣ
1597 3137 1755 3190 ΚΟΡ.
1788 3141 1858 3190 α’.

1987 3134 2076 3207 34)
2126 3175 2138 3188 .
2170 3176 2181 3188 .
2211 3175 2224 3188 .
2255 3177 2268 3190 .
2318 3131 2452 3188 Cum
2513 3132 2902 3197 maledicimur,
2951 3131 3302 3188 benedicimus
3345 3149 3364 3188 .°
3415 3150 3535 3188 cum

287 3221 747 3290 Λοιδορούμενοι
804 3223 1204 3292 εὐλογοῦμεν,
1270 3225 1612 3294 διωκόμενοι
1658 3227 1864 3295 ἀνεχό-

283 3317 454 3383 μεθα,
482 3315 1025 3383 βλασφημούμενοι
1053 3316 1532 3386 παρακαλοῦμεν.

291 3428 416 3480 Ὅτι
441 3428 540 3498 τὴν
588 3427 697 3497 (74)
753 3429 894 3482 κατὰ
929 3431 1160 3502 Χριστὸν
1209 3432 1428 3502 ἀγάπην
1467 3435 1496 3485 ὁ
1538 3432 1675 3504 ἔχων
1717 3433 1864 3487 ἔστιν

363 3521 452 3571 ὅτε
493 3521 586 3572 καὶ
629 3519 788 3572 λυπεῖ
839 3521 974 3590 πρὸς
1015 3523 1076 3576 τὸ
1124 3525 1397 3594 συμφέρον
1438 3523 1528 3576 τὸν
1571 3523 1865 3594 ἀγαπώμε-

363 3628 474 3664 νον.

923 3725 1143 3794 Κεφάλ.
1173 3727 1238 3780 ε’.

369 3812 692 3866 ΙΩΑΝΝΗΣ.
723 3813 853 3867 Νῦν
879 3812 946 3866 δὲ
974 3815 1180 3884 ὑπάγω
1209 3815 1357 3884 πρὸς
1391 3815 1496 3870 τὸν
1548 3817 1866 3887 πέμψαντά

286 3919 386 3970 με,
419 3903 520 3956 καὶ
549 3903 751 3969 οὐδεὶς
777 3903 846 3968 ἐξ
878 3905 1043 3973 ὑμῶν
1076 3906 1262 3974 ἐρωτᾷ
1285 3925 1382 3976 με·
1422 3907 1546 3963 Ποῦ
1588 3909 1865 3978 iraeirae;

302 3997 472 4048 Ἀλλ’
491 3995 576 4048 ὅτι
603 3996 791 4050 ταῦτα
813 3995 1123 4064 λελάληκα
1153 3998 1312 4067 ὑμῖν,
1359 4000 1395 4066 ἡ
1432 4001 1597 4068 λύπη
1627 4001 1866 4070 πεπλή-

287 4105 486 4155 ρωκεν
502 4087 669 4156 ὑμῶν
696 4087 810 4155 τὴν
838 4089 1104 4154 καρδίαν.
1135 4091 1294 4144 Ἀλλ’
1311 4089 1424 4160 ἐγὼ
1450 4090 1562 4160 τὴν
1580 4093 1868 4159 ἀλήθειαν

289 4175 452 4242 λέγω
480 4177 624 4244 ὑμῖν
641 4195 654 4207 ·
675 4180 962 4246 συμφέρει
987 4178 1148 4248 ὑμῖν,
1183 4179 1282 4231 ἵνα
1307 4179 1419 4247 ἐγὼ
1450 4181 1707 4237 ἀπέλθω.
1736 4183 1870 4236 Ἐὰν

290 4267 411 4334 reip
457 4266 544 4335 μὴ
578 4266 836 4328 ἀπέλθω.
895 4271 928 4322 ό
983 4268 1372 4336 Παράκλητος
1408 4273 1519 4324 οὐκ
1555 4272 1866 4327 ἐλεύσεται

290 4357 450 4424 πρὸς
465 4355 637 4424 ὑμᾶς.
665 4359 844 4410 ΠΡΟΣ
871 4360 1030 4412 ΚΟΡ.
1069 4358 1132 4428 β’.
1161 4359 1338 4413 Ὥστε
1375 4377 1452 4430 με
1490 4359 1732 4430 μᾶλλον
1763 4379 1868 4430 χα-

1963 3226 2375 3294 persecutionem
2421 3226 2677 3294 patimur,
2727 3225 3091 3278 sustinemus:
3133 3241 3251 3278 cum
3299 3224 3536 3294 blasphe-

1965 3333 2194 3380 mamur,
2245 3316 2577 3370 obsecramus
2629 3314 2701 3385 (1
2737 3314 2862 3379 Cor,
2901 3331 2974 3382 tv,
3012 3315 3115 3380 12,
3149 3317 3278 3387 15).

1964 3428 2119 3495 Quod
2145 3429 2192 3485 is
2213 3428 2305 3498 qui
2333 3427 2678 3483 dilectionem
2705 3427 3002 3482 secundum
3027 3429 3306 3484 Clu-istum
3338 3429 3497 3486 habet
3518 3472 3533 3495 ,

2032 3537 2155 3575 eum
2203 3521 2392 3586 etiam,
2442 3535 2602 3589 quem
2651 3517 2860 3589 diligit,
2911 3520 3242 3590 quandoque
3286 3522 3536 3578 molestia

2035 3610 2196 3665 allicit
2228 3609 2296 3666 ad
2329 3609 2502 3680 ipsius
2534 3609 2848 3664 utilitatem.

2605 3721 2776 3790 Caput
2829 3719 2870 3774 V

2036 3812 2106 3866 Et
2169 3829 2305 3868 nunc
2373 3813 2507 3868 uado
2574 3813 2644 3866 ad
2704 3828 2863 3879 eum,
2926 3814 3016 3883 qui
3077 3813 3224 3866 misit
3291 3829 3413 3876 me;
3485 3824 3536 3866 et

1966 3921 2114 3958 nemo
2161 3922 2227 3958 ex
2285 3904 2428 3960 vobis
2481 3907 2776 3974 interrogat
2834 3919 2959 3957 me:
3013 3904 3131 3971 Quo
3185 3904 3386 3961 vadis?
3443 3908 3536 3958 sed

1964 3996 2091 4066 quia
2160 3995 2268 4050 haec
2329 3996 2538 4051 locutus
2600 4013 2717 4051 sum
2775 3997 2955 4062 vobis,
3018 3998 3240 4050 tristitia
3303 3998 3539 4066 impleuit

1966 4101 2058 4137 cor
2097 4095 2343 4139 vestrum.
2413 4085 2516 4140 Sed
2555 4103 2650 4156 ego
2703 4088 2976 4140 veritatem
3038 4086 3156 4140 dico
3218 4087 3402 4141 vobis:
3443 4103 3539 4141 ea:-

1965 4175 2108 4242 pedit
2165 4175 2304 4229 vobis
2367 4187 2423 4230 ut
2495 4193 2584 4246 ego
2647 4177 2854 4232 vadam.
2919 4178 2978 4232 Si
3030 4179 3166 4231 enim
3230 4194 3334 4233 non
3395 4179 3540 4233 abie-

1969 4281 2062 4328 ro,
2129 4264 2440 4320 Paracletus
2500 4283 2604 4320 non
2662 4269 2826 4321 ueniet
2887 4267 2956 4320 ad
3013 4284 3104 4322 vos
3171 4267 3368 4340 (Joan.
3412 4287 3536 4334 xw,

1969 4357 2040 4411 5-
2061 4357 2091 4410 7
2117 4360 2155 4426 ).
2185 4397 2198 4410 .
2229 4398 2242 4410 .
2273 4399 2288 4413 .
2317 4398 2328 4411 .
2360 4398 2375 4412 .
2421 4355 2512 4411 Ita
2576 4369 2634 4412 ut
2684 4359 2854 4430 magis
2912 4360 3234 4429 gauderem:
3286 4365 3538 4432 quoniam

289 4447 499 4515 ρῆναι,
529 4448 637 4511 ὅτι,
659 4451 710 4501 εὶ
743 4449 840 4501 καὶ
867 4451 1146 4518 ἐλύπησα
1175 4451 1330 4520 ὑμᾶς
1349 4452 1418 4505 ἐν
1440 4451 1517 4520 τῇ
1550 4453 1862 4522 ἐπιστολῇ,

1987 4449 2069 4502 :tsi
2127 4450 2433 4502 contristavi
2492 4465 2579 4503 vos
2635 4451 2690 4502 in
2749 4450 3012 4519 epistola.
3072 4467 3171 4504 non
3234 4469 3315 4506 me
3369 4457 3536 4521 paeni-

293 4542 377 4592 οὐ
394 4540 817 4609 μεταμέλομαι,
838 4544 890 4594 εὶ
920 4543 1016 4595 καὶ
1041 4544 1470 4612 μετεμελόμην.
1505 4544 1715 4598 Βλέπω
1734 4546 1864 4615 τὰρ,

295 4632 391 4684 ὅτι
421 4635 458 4699 ἠ
492 4632 784 4700 ἐπιστολὴ
817 4633 1036 4702 ἐκείνη,
1062 4637 1115 4687 εὶ
1145 4634 1241 4686 καὶ
1268 4635 1415 4704 πρὸς
1449 4635 1626 4705 ὥραν,
1654 4638 1868 4707 ἐλύπη-

294 4741 412 4778 σεν
433 4724 606 4794 ὑμᾶς.
635 4725 767 4778 Νῦν
798 4726 1001 4794 χαῲω,
1025 4723 1136 4795 οὐχ
1176 4727 1266 4780 ὅτι
1322 4728 1682 4798 ἐλυπήθητε,
1731 4731 1867 4784 ἀλλ’

295 4818 385 4869 ὅτι
409 4817 755 4883 ἐλυπήθητε
807 4820 891 4884 εὶς
937 4819 1278 4887 μετάνοιαν.
1335 4820 1709 4890 Ἐλυπήθητε
1760 4823 1869 4892 γὰρ

297 4909 446 4962 κατὰ
471 4909 638 4970 Θεὸν,
676 4910 778 4961 ἵνα
804 4909 874 4960 ἐν
892 4909 1106 4978 μηδενὶ
1147 4909 1467 4988 ζημιωθῆτε
1487 4913 1556 4978 ἐξ
1595 4913 1780 4984 ἡμῶν.
1851 4982 1856 4987 _

927 5114 1100 5166 οΡοΣ
1140 5117 1230 5182 ς’.

334 5235 423 5276 J1".
445 5225 529 5277 δεῖ
554 5225 778 5293 ἀφόϐως
805 5225 898 5278 καὶ
917 5227 1357 5298 ἀνεπαισχύντως
1395 5231 1866 5303 παρρησιάζεσθαι

371 5316 428 5366 ἐν
457 5318 524 5386 τῇ
548 5316 809 5387 ὁμολογίᾳ
842 5314 937 5368 τοῦ
966 5315 1171 5388 Κυρίου
1211 5318 1364 5389 ἡμῶν
1407 5319 1578 5390 Ἰησοῦ
1633 5320 1867 5390 Χριστοῦ

371 5406 466 5458 καὶ
495 5406 602 5459 τῶν
627 5406 805 5474 λόγων
831 5405 1020 5459 αὑτοῦ.

301 5561 487 5684 Ρςῖὲὶ
523 5560 669 5618 Idem
730 5561 902 5617 codex
949 5561 1027 5634 τῷ
1077 5561 1193 5632 Θεῷ
1245 5563 1337 5616 καὶ
1393 5565 1604 5634 Πατρί,
1662 5564 1769 5618 Deo
1821 5576 1869 5618 et

356 5647 390 5683 a
416 5650 482 5684 ri.

356 5647 482 5685 αιη.

379 5703 487 5773 (73)
528 5701 662 5774 Reg.
735 5702 930 5760 tertius
985 5701 1362 5777 θυσιαστήριον
1427 5706 1516 5757 καὶ
1568 5707 1700 5759 ἐκεῖ.
1751 5704 1868 5761 Mox

1972 4549 2082 4600 tet,
2143 4541 2242 4593 etsi
2308 4556 2387 4593 me
2448 4540 2799 4608 paenituisset.
2851 4539 3009 4594 Video
3051 4543 3190 4595 enim
3243 4548 3382 4612 quod
3429 4547 3541 4613 epi-

1971 4631 2108 4686 stola
2192 4630 2289 4683 illa
2357 4632 2518 4702 (etsi
2581 4631 2650 4684 ad
2710 4631 2955 4700 horam)
3033 4649 3120 4686 vos
3179 4635 3534 4689 contristauit.

1974 4723 2128 4777 Nunc
2187 4722 2425 4794 gaudeo,
2492 4739 2596 4777 non
2657 4723 2796 4793 quod
2857 4725 3162 4778 contristati
3223 4725 3386 4788 estis,
3445 4727 3536 4779 sed

1969 4817 2107 4886 quod
2169 4817 2471 4869 contristati
2539 4817 2664 4870 estis
2753 4815 2821 4869 ad
2885 4817 3261 4886 paenitentiam.
3323 4815 3537 4872 Contri-

1971 4909 2100 4960 stati
2158 4909 2282 4961 estis
2342 4909 2480 4960 enim
2537 4908 2820 4960 secundum
2882 4906 3091 4968 Deum,
3154 4916 3211 4960 ut
3267 4907 3323 4960 in
3384 4907 3536 4962 nullo

1971 4997 2336 5052 detrimentum
2369 4997 2650 5066 patiamini
2679 5011 2744 5050 ex
2778 4998 2927 5051 nobis
2954 4999 2971 5066 (
2994 4995 3059 5050 ΙΙ
3085 4995 3208 5052 Cor.
3232 5014 3308 5052 vu
3329 5039 3344 5063 ,
3380 4998 3477 5056 7-9

2551 5113 2827 5168 REGULA
2865 5112 2954 5171 Vl.

1971 5230 2124 5295 Quod
2191 5231 2457 5300 intrepide
2523 5245 2586 5283 ac
2646 5230 2764 5284 sine
2827 5230 2932 5282 ulla
2991 5230 3315 5285 verecundia
3371 5231 3540 5288 libere

2043 5337 2198 5391 agere
2255 5328 2501 5389 Oporteat
2565 5320 2616 5372 in
2675 5319 3024 5374 confessione
3087 5318 3304 5376 Domini
3365 5322 3538 5378 nostri

2042 5411 2170 5467 .lcsu
2227 5411 2429 5466 Christi
2481 5420 2536 5465 et
2591 5411 2856 5465 doctrinm
2910 5412 3047 5480 ejus.

1974 5568 2219 5642 liiciipse
2277 5567 2440 5642 cedes
2499 5567 2664 5642 δῶρον
2728 5585 2824 5642 σου
2872 5567 3078 5642 ἐπὶ-το
3134 5567 3538 5642 θυσιαστήριον.

2043 5640 2153 5710 (74)
2189 5638 2316 5706 Reg.
2356 5640 2563 5705 primus
2595 5641 2675 5710 ὃτι
2721 5641 2748 5690 ὁ
2777 5639 2941 5710 τὴν...
2971 5639 3190 5710 ἀγάπην
3220 5638 3539 5710 ἕχωνζδιι-

1972 5710 2066 5763 tim
2102 5709 2228 5780 Reg.
2265 5710 2459 5764 tertius
2495 5708 2770 5780 συμφέρον
2801 5708 2879 5780 τῷ
2913 5708 3274 5779 ἀγαπωμένῳ.
