3982 6240
440 312 536 368 7H

1102 426 1273 497 Caput
1318 426 1367 481 Ι.

510 515 669 582 Quod
703 515 822 572 dico
863 517 1007 573 vobis
1055 520 1111 571 in
1158 518 1418 580 tenebris,
1470 515 1632 570 dicite
1673 516 1734 571 in
1776 516 2014 570 lumine:

436 617 489 663 et
523 607 664 668 quod
702 609 761 663 in
807 626 991 665 aurem
1036 609 1353 675 audivistis,
1396 608 1686 679 pradicate
1734 623 1890 677 super
1939 616 2017 663 te-

435 707 540 754 ctu.
602 698 670 752 Et
726 701 888 755 nolite
943 703 1124 755 timere
1175 717 1299 764 eos,
1353 701 1443 769 qui
1488 698 1737 753 occidunt
1785 714 2014 768 corpus,

436 791 673 845 animam
725 802 903 846 autem
949 810 1053 848 non
1104 802 1324 862 possunt
1373 792 1611 846 occidere
1640 809 1658 846 :
1701 791 1791 845 sed
1840 792 2017 861 potius

434 883 599 955 240
627 885 802 940 timete
826 902 982 952 eum,
1022 887 1113 956 qui
1158 894 1328 957 potest
1362 894 1413 939 et
1450 887 1689 940 animam
1729 895 1780 940 et
1827 901 2016 956 corpus

434 981 648 1046 perdere
692 982 751 1035 in
799 982 1089 1052 gehennam
1139 980 1382 1053 (Matth.
1432 998 1499 1045 ι,
1548 980 1653 1048 27,
1702 979 1808 1051 28)
1840 1021 1854 1034 .

437 1069 621 1126 Omnis
654 1088 774 1143 ergo
829 1075 919 1143 qui
946 1074 1282 1144 conﬁtebitur
1312 1089 1393 1127 me
1446 1089 1630 1128 coram
1676 1072 2014 1136 hominibus,

433 1161 721 1231 confitebor
771 1174 819 1218 et
880 1181 977 1235 ego
1037 1181 1218 1218 coram
1271 1164 1439 1219 Patre
1485 1179 1629 1229 meo,
1680 1164 1771 1234 qui
1828 1172 1906 1218 est
1959 1163 2018 1216 in

433 1251 578 1307 caelis
621 1250 792 1325 (ibid.
835 1254 1130 1327 52).....
1182 1254 1329 1309 Nam
1386 1256 1476 1326 qui
1521 1272 1603 1310 me
1649 1254 1915 1310 erubuerit
1965 1264 2017 1309 et

434 1360 578 1398 meos
631 1361 935 1412 sermones,
995 1348 1131 1401 hunc
1188 1345 1367 1402 Filius
1424 1348 1650 1402 hominis
1705 1352 2012 1414 erubescet,

433 1449 555 1487 cum
604 1436 797 1488 venerit
839 1436 897 1488 in
942 1436 1222 1506 majestate
1259 1453 1393 1505 sua,
1438 1446 1487 1491 et
1529 1436 1848 1504 Patris,-et
1889 1453 2017 1489 san-

432 1534 637 1578 ctorum
680 1527 990 1598 angelorum
1035 1527 1204 1597 (Luc.
1257 1544 1349 1594 Ix,
1393 1528 1615 1599 ‘26)...
1662 1527 1794 1582 Noli
1840 1529 2017 1599 itaque

431 1616 738 1673 erubescere
780 1620 1141 1673 testimonium
1199 1620 1415 1675 Domini
1467 1622 1670 1688 nostri,
1720 1636 1882 1692 neque
1935 1636 2017 1674 me

430 1711 661 1764 uinctum
711 1712 869 1780 ejus:
919 1711 1008 1765 sed
1061 1713 1333 1767 collabora
1374 1712 1698 1785 Evangelia,
1744 1724 1803 1768 ut
1850 1713 2014 1768 bonus

429 1801 583 1858 miles
627 1803 830 1858 Christi
874 1803 978 1874 (11
1009 1806 1148 1860 Tim.
1182 1822 1233 1869 ι,
1271 1806 1358 1877 8).

1013 2086 1287 2142 REGULA
1327 2085 1439 2141 VII.

426 2177 587 2244 Quod
640 2179 766 2233 licet
815 2178 939 2249 quis
992 2177 1243 2233 videatur
1290 2176 1580 2232 Dominum
1632 2176 1911 2244 conﬁteri,
1960 2190 2014 2234 et

502 2268 621 2337 ejus
688 2266 969 2325 sermones
1037 2269 1353 2326 auscultet:
1418 2270 1466 2326 is
1518 2278 1741 2336 tamen,
1780 2271 1835 2327 si
1891 2271 2012 2340 ejus

502 2360 779 2416 mandatis
828 2376 940 2416 non
990 2367 1216 2431 pareat,
1268 2359 1668 2416 condemnatus
1714 2370 1834 2428 est,
1884 2362 2013 2418 licet

500 2452 683 2521 aliquo
738 2440 834 2507 Dei
893 2453 1127 2507 consilio
1184 2452 1513 2521 permissum
1568 2452 1679 2518 sit,
1735 2460 1794 2507 ut
1848 2451 2015 2508 fuerit

492 2544 666 2601 donis
723 2544 1115 2616 spiritualibus
1172 2552 1423 2601 ornatus.

1093 2655 1270 2726 Caput
1310 2656 1361 2711 1.

504 2747 627 2802 Νοη
677 2750 845 2802 omnis
900 2750 991 2820 qui
1036 2749 1167 2802 dicit
1214 2749 1383 2813 mihi,
1438 2749 1700 2815 Domine,
1759 2749 2010 2816 Domine,

427 2841 651 2895 intrabit
705 2843 761 2894 in
816 2858 1032 2911 regnum
1093 2840 1390 2895 caelorum:
1454 2840 1546 2895 sed
1597 2842 1686 2911 qui
1737 2841 1871 2909 facit
1924 2859 2013 2896 vo-

426 2933 687 2987 luntatem
752 2931 939 2987 Patris
1008 2923 1139 2994 rﬁei,
1199 2934 1288 3002 qui
1360 2943 1437 2987 est
1492 2935 1559 2987 in
1624 2934 1789 2987 caelis.
1850 2931 2012 2987 Multi

429 3024 602 3078 dicent
653 3025 783 3077 mihi
832 3024 885 3077 in
936 3025 1034 3078 illa
1078 3025 1196 3089 die,
1254 3025 1512 3092 Domine,
1562 3026 1812 3087 Domine,
1845 3043 2013 3080 nonne

1747 309 1803 366 S.
1851 307 2093 363 BASILH
2127 306 2342 364 MAGNI

2051 434 2098 488 Δ

3593 301 3712 361 τις.

2740 417 2964 486 Κεφάλ.
3001 417 3071 470 α’.

2187 510 2556 566 ΜΔΤΘΔΙΟΣ.
2582 509 2642 561 ’Ὀ
2672 508 2829 579 λέγω
2858 509 3004 579 ὑμῖν
3028 508 3100 561 ἐν
3128 503 3207 577 τῇ
3232 506 3473 573 σκοτίᾳ,
3495 506 3705 560 εἴπατε

2119 601 2190 655 ὲν
2213 600 2294 667 τῷ
2318 601 2486 671 φωτί*
2519 600 2619 654 καὶ
2636 599 2667 654 ὃ
2695 602 2784 666 είς
2806 600 2872 653 τὸ
2898 594 3010 665 οὖς
3032 598 3360 666 ἠκούσατε,
3406 594 3704 665 κηρύξατε

2118 693 2217 747 ἐπὶ
2240 691 2359 746 τῶν
2376 690 2678 761 δωμάτων.
2708 690 2822 744 Kal
2849 688 2935 758 μὴ
2967 687 3249 758 φοϐεῖσθε
3266 686 3386 742 άπὸ
3406 685 3528 738 τῶν
3552 686 3702 741 ἀπο-

2118 786 2474 841 κτεινόντων
2495 783 2563 837 τὸ
2589 782 2781 852 σῶμα,
2812 781 2928 851 τὴν
2964 780 3033 834 δὲ
3065 779 3276 849 ψυχὴν
3310 779 3396 849 μὴ
3444 777 3701 848 δυναμέ-

2115 895 2239 935 νων
2259 876 2623 932 ἀποκτεῖναι*
2668 873 2970 945 φοϐήθητε
3000 871 3068 926 δὲ
3100 870 3344 942 μᾶλλον
3371 871 3478 924 τὸν
3515 868 3701 925 δυνάο

2110 986 2302 1040 μενον
2337 968 2436 1022 καὶ
2467 966 2681 1037 ψυχὴν
2703 966 2802 1019 καὶ
2846 963 3019 1034 σῶμα
3038 961 3337 1018 ἀπολέσαι
3360 962 3431 1014 ὲν
3458 960 3699 1031 γεέννῃ.

2117 1060 2243 1128 Πᾶς
2270 1057 2405 1126 οὖν,
2455 1059 2625 1126 ὅστις
2670 1055 3032 1128 ὁμολογήσει
3083 1055 3153 1109 ἐν
3199 1055 3327 1124 ἐμοὶ
3361 1055 3701 1122 ἔμπροσθεν

2115 1153 2236 1208 τῶν
2263 1151 2610 1222 ἀνθρώπων,
2633 1149 2986 1220 ὁμολογήσω
3014 1146 3175 1218 κάγὼ
3201 1147 3270 1200 ὲν
3298 1146 3460 1211 αὐτῷ
3480 1147 3699 1215 ἐμπρο-

2117 1248 2269 1300 σθεν
2296 1245 2404 1299 τοῦ
2433 1244 2669 1310 Πατρός
2681 1260 2802 1312 μου
2830 1240 2935 1295 τοῦ
2963 1242 3035 1294 ἐν
3065 1238 3363 1309 οὐρανοῖς.
3394 1236 3699 1292 ΛΟΥΚΑΣ.

2122 1338 2222 1403 Ὃς
2248 1334 2360 1405 γὰρ
2407 1335 2485 1389 ἂν
2517 1331 2896 1402 ἐπαισχυνθῇ
2929 1349 3009 1401 με
3037 1332 3134 1385 καὶ
3168 1330 3311 1397 τοὺς
3357 1328 3544 1399 ἐμοὺς
3586 1328 3697 1383 λό-

2114 1446 2280 1497 γους,
2309 1428 2522 1482 τοῦτον
2543 1430 2576 1481 ὁ
2614 1425 2747 1491 Υίὸς
2776 1425 2882 1479 τοῦ
2919 1423 3234 1493 ἀνθρώπου
3283 1420 3697 1491 ἐπαισχυνθή-

2116 1534 2307 1585 σεται,
2344 1519 2491 1573 ὅταν
2516 1519 2665 1587 ἔλθῃ
2697 1518 2770 1570 ἐν
2784 1515 2858 1586 τῇ
2895 1516 3043 1585 δόξῃ
3071 1515 3279 1579 αὐτοῦ,
3309 1514 3405 1568 καὶ
3441 1513 3548 1568 τοῦ
3579 1516 3699 1567 Πα-

2114 1612 2272 1682 τρὸς,
2307 1612 2406 1666 καὶ
2442 1609 2558 1664 τῶν
2586 1609 2769 1678 ἁγίων
2798 1608 3086 1680 ἀγγέλων.
3114 1607 3293 1662 ΠΡΟΣ
3326 1606 3369 1658 Τ
3374 1606 3473 1660 ῐΜ.
3508 1603 3573 1675 β’.
3594 1603 3693 1671 Μὴ

2115 1700 2230 1759 οὖν
2243 1700 2658 1771 ἐπαισχυνθῇς
2679 1699 2748 1753 τὸ
2775 1700 3101 1769 μαρτύριον
3127 1698 3233 1751 τοῦ
3256 1697 3478 1764 Κυρίου
3500 1693 3692 1765 ἡμῶν,

2042 1783 2091 1845 Β
2111 1793 2267 1864 μηδὲ
2295 1793 2399 1862 ἐμὲ
2428 1792 2535 1845 τὸν
2555 1790 2806 1859 δέσμιον
2841 1787 3029 1842 αὐτοῦ
3060 1804 3074 1817 ο
3115 1786 3279 1841 ἀλλὰ
3305 1782 3695 1854 συγκακοπάν-

2114 1890 2313 1954 θησον
2368 1883 2449 1949 τῷ
2493 1881 2856 1951 Εὐατῖελίφ,
2920 1880 3004 1947 ὡς
3066 1876 3251 1944 καλὸς
3328 1874 3696 1945 στρατιώτης

2128 1975 2323 2045 Ἰησοῦ
2354 1973 2635 2044 Χριστοῦ.

2746 2085 2918 2138 (ἸΡΟΣ
2953 2086 3026 2138 Z'.

2116 2179 2262 2243 Ὅτι,
2325 2177 2428 2232 κᾶν
2486 2177 2617 2248 δοκῇ
2677 2194 2763 2240 τις
2828 2176 3110 2246 ὁμολογεῖν
3154 2174 3247 2227 τὸν
3300 2172 3527 2244 Κύριον,
3596 2171 3692 2224 καὶ

2185 2270 2358 2341 ἀκούῃ
2389 2269 2501 2342 (75)
2533 2267 2644 2322 τῶν
2671 2267 2846 2336 λόγων
2882 2266 3069 2331 αὐτοῦ,
3117 2264 3405 2337 ἀπειθῇ-δὲ
3427 2267 3548 2326 ταῖς
3599 2266 3691 2317 ὲν-

2183 2361 2368 2425 τολαῖς
2402 2359 2590 2426 αὑτοῦ,
2650 2361 3065 2431 κατακέκριται,
3126 2357 3228 2412 κᾶν
3280 2359 3338 2409 ὲν
3387 2357 3690 2426 χαρίσμασι

2183 2456 2573 2524 πνευματικοῖς
2626 2453 2718 2508 διά
2762 2471 2884 2507 τινα
2912 2449 3222 2521 οἰκονομίαν
3269 2449 3522 2518 γενέσθαι
3555 2464 3689 2516 συγ-

2187 2547 2436 2619 χωρηθῇ·

2729 2656 2955 2726 Κεφάλ.
2992 2654 3062 2709 α’.

2185 2747 2551 2802 ΜΑΤΘΑΙΟΣ.
2601 2751 2682 2803 Οὐ
2715 2749 2831 2814 πᾶς
2865 2752 2899 2801 ὁ
2931 2748 3124 2817 λέγων
3171 2764 3293 2816 μοι,
3322 2748 3520 2815 Κύριε,
3572 2747 3691 2801 Κύ-

2103 2857 2216 2909 ριε,
2256 2841 2668 2894 εἰσελεύσεται
2721 2844 2808 2907 εὶς
2863 2840 2982 2909 τὴν
3007 2840 3336 2905 ,ϐασιλείαν
3364 2839 3485 2895 τῶν
3512 2842 3692 2909 οὐρα-

2109 2929 2235 2986 νῶν
2267 2971 2281 2994 ,
2315 2932 2452 2986 ἀλλ’
2498 2934 2531 2986 ὁ
2562 2931 2751 2986 ποιῶν
2795 2931 2866 2986 τὸ
2906 2933 3135 3001 θέλημα
3164 2931 3270 2985 τοῦ
3292 2932 3531 3009 Πατρός
3564 2950 3687 3001 μου

2108 3023 2217 3077 τοῦ
2250 3024 2319 3076 ἐν
2341 3023 2635 3091 οὐρανοῖς.
2668 3024 2889 3077 Πολλοὶ
2916 3023 3127 3090 ἐροῦσι
3149 3039 3250 3092 μοι
3288 3024 3359 3075 ἐν
3380 3024 3583 3091 ἐκείνῃ
3611 3024 3687 3093 τῇ

426 3118 485 3169 in
539 3117 747 3169 nomine
802 3124 891 3170 tuo
943 3115 1417 3184 prophetavimus?
1461 3124 1511 3170 et
1561 3117 1614 3169 in
1664 3117 1872 3171 nomine
1922 3127 2009 3170 tuo

2126 3113 2302 3183 ἡμέρᾳ
2321 3132 2334 3144 ·
2370 3116 2568 3184 Κύριε,
2599 3116 2796 3184 Κύριε,
2827 3117 2898 3168 οὐ
2922 3113 3004 3179 τῷ
3035 3112 3125 3179 σῷ
3151 3116 3396 3183 ὀνόματι
3421 3131 3687 3185 προεμη-

428 3207 693 3263 άτεηιοῆία
764 3203 1058 3271 ejeciinus?
1120 3221 1169 3262 et
1225 3209 1280 3262 in
1353 3209 1563 3261 nomine
1637 3217 1725 3261 tuo
1795 3209 2009 3262 virtutes

429 3297 628 3352 multas
683 3298 953 3366 fecimus?
1005 3297 1074 3351 Et
1124 3309 1248 3353 tunc
1297 3299 1589 3367 conﬁtebor
1650 3300 1801 3354 illis:
1855 3298 2010 3353 Nun-

427 3406 594 3460 quam
646 3391 766 3443 novi
821 3406 932 3445 vos.
988 3389 1253 3445 Discedite
1310 3407 1342 3444 a
1400 3408 1513 3455 me,
1572 3392 1663 3461 qui
1716 3393 2011 3462 operamini

434 3482 770 3552 iniquitatem
817 3479 1056 3553 (Matth.
1106 3497 1216 3546 vn,
1261 3481 1504 3552 2⁸1-Ξῦ),
1540 3491 1750 3538 etc....
1777 3524 1819 3538 ..
1869 3483 2009 3550 Quid

430 3584 607 3628 autem
649 3575 844 3628 vocatis
904 3590 1005 3640 me,
1052 3574 1294 3638 Domine,
1332 3574 1577 3636 Domine,
1610 3584 1665 3629 et
1696 3591 1803 3629 non
1832 3575 2008 3644 facitis

423 3683 545 3735 qua:
578 3667 740 3722 dico?
794 3665 966 3737 (Luc.
1001 3683 1051 3721 Vl
1076 3708 1091 3732 ,
1149 3665 1256 3736 46)
1284 3674 1393 3722 etc.
1420 3706 1434 3720 .
1468 3708 1478 3718 .
1508 3709 1520 3722 .
1563 3667 1897 3736 Conﬁtentur
1953 3686 2010 3723 se

429 3773 583 3809 nosse
625 3756 824 3820 Deum,
872 3756 1033 3823 [actis
1086 3767 1261 3810 autem
1301 3765 1530 3825 negant;
1578 3773 1698 3810 cum
1720 3759 1833 3812 sint
1882 3757 2010 3813 abo—

430 3841 745 3913 minabiles,
794 3857 843 3902 et
891 3850 1032 3902 dicto
1090 3865 1195 3902 non
1281 3848 1591 3916 audientes,
1622 3846 1695 3905 ἐι
1742 3851 1813 3904 ad
1860 3868 2010 3906 omne

428 3955 559 4006 opus
610 3943 802 3994 bonum
846 3939 1052 4007 reprobi
1097 3938 1182 4009 (Τ
1186 3940 1246 3992 it.
1294 3955 1352 4006 ι,
1394 3939 1460 3994 16

995 4134 1276 4191 REGULA
1308 4133 1442 4190 νιιι.

423 4225 590 4293 Quod
640 4242 751 4281 non
812 4232 1028 4294 Oportet
1080 4224 1355 4294 ambigere
1404 4233 1459 4279 et
1511 4224 1769 4280 dubitare
1817 4225 1886 4281 de
1941 4226 2008 4282 iis

505 4334 629 4389 quae
658 4335 689 4372 ιι
724 4318 953 4372 Domino
982 4317 1245 4374 dicuntur
1284 4336 1297 4371 :
1349 4315 1446 4372 sed
1492 4317 1809 4387 persuaderi
1846 4332 2006 4372 omne

504 4411 599 4467 Dei
643 4412 864 4466 verbum
909 4425 1097 4465 rerum
1141 4423 1265 4465 esse
1309 4424 1372 4464 ac
1420 4411 1712 4479 possibile,
1757 4409 1861 4466 etsi
1900 4424 2003 4463 na-

504 4515 625 4557 tura
672 4510 958 4574 repugnat.
1008 4501 1108 4557 Hic
1154 4500 1301 4556 enim
1357 4502 1523 4555 situm
1569 4509 1655 4556 est
1708 4499 1832 4556 ﬁdei
1885 4516 2003 4556 cer-

489 4604 710 4649 tamen.

1078 4702 1249 4771 Caput
1296 4701 1349 4756 l.

488 4796 712 4863 'Quarta
759 4804 934 4848 autem
977 4794 1158 4865 vigilia
1201 4795 1369 4848 noctis
1408 4792 1542 4846 venit
1583 4790 1742 4846 Jesus
1799 4794 1867 4846 ad
1913 4811 1988 4849 em

422 4888 713 4944 ambulans
759 4902 916 4955 super
961 4902 1130 4944 mare.
1184 4884 1253 4939 Et
1297 4884 1530 4938 videntes
1582 4900 1703 4937 eum
1754 4884 2004 4952 discipuli

429 4996 588 5050 super
640 4996 786 5033 mare
835 4977 1223 5041 ambulantem,
1278 4976 1474 5031 turbati
1520 4985 1674 5044 sunt,
1727 4976 2003 5031 dicentes:

436 5074 770 5128 Pltantasma
811 5083 923 5127 est:
969 5082 1019 5126 et
1056 5088 1168 5142 pra:
1212 5074 1398 5127 timore
1438 5073 1819 5126 clamauerunt.
1875 5070 2007 5127 Sta-

430 5166 630 5234 timque
667 5163 824 5219 Iesus
864 5164 1069 5219 locutus
1107 5174 1185 5219 est
1234 5147 1308 5219 eis
1349 5163 1526 5218 dicens
1561 5179 1581 5217 :
1628 5162 1829 5218 Habete
1867 5162 2008 5233 ﬁdu—

501 5317 618 5390 (75)
669 5317 801 5389 Reg.
848 5320 1042 5375 tertius
1093 5321 1188 5373 καὶ
1238 5317 1723 5390 dxoﬁsw._lbidem
1762 5326 2006 5390 (utraque

430 5387 608 5445 editio
657 5387 853 5461 ἀπειθῇ
903 5390 959 5461 δὲ
1009 5391 1107 5453 τὰς
1165 5389 1399 5461 ὲντολᾴς.
1472 5387 1640 5461 Regii
1690 5387 2004 5461 primuset

434 5461 629 5514 tertius
657 5462 775 5522 ταῖς
809 5457 1067 5524 ἐντολαῖς,
1104 5467 1271 5514 recte.
1320 5458 1433 5513 Hoc
1464 5457 1583 5528 ipso
1628 5459 1683 5512 in
1720 5460 1838 5512 loco
1866 5457 2000 5528 Reg.

437 5530 648 5611 primus
674 5529 1257 5611 narduplverat..Po§t
1305 5529 1460 5611 illud,
1496 5528 1861 5611 ῥρχᾳζόμενοι
1902 5529 2002 5611 τὴν

436 5599 689 5668 ἀνομίαν,
718 5598 897 5652 addita
937 5611 1064 5654 sunt
1101 5600 1155 5652 in
1211 5600 1372 5654 Mess.
1400 5607 1454 5653 et
1496 5598 1549 5667 io
1595 5598 1766 5669 Regio
1813 5607 2003 5669 nostro

437 5666 630 5726 codice
668 5669 825 5726 verba
854 5669 943 5724 illa
974 5669 1207 5725 Mattlnei
1235 5685 1329 5736 vn,
1364 5669 1433 5723 24
1467 5666 1537 5725 eti
1561 5666 1724 5738 seqf:
1756 5670 1865 5732 Πᾶς
1908 5666 1999 5724 οὖν

2111 3209 2446 3277 τεύσαμεν;
2480 3207 2577 3261 καὶ
2599 3206 2681 3272 τῷ
2700 3206 2791 3272 σῷ
2817 3206 3061 3276 ὀνόματι
3094 3205 3371 3275 δαιμόνια
3408 3207 3692 3270 ἐξεϐάλο-

2104 3315 2252 3368 μεν;
2290 3300 2387 3353 καὶ
2414 3299 2495 3365 τῷ
2523 3299 2613 3365 σῷ
2634 3300 2877 3369 ὀνόματι
2899 3296 3185 3367 δυνάμεις
3208 3300 3453 3365 πολλὰς
3483 3299 3693 3365 ἐποιή-

2109 3406 2337 3461 cuper;
2388 3391 2498 3445 Kal
2544 3391 2679 3444 τότε
2727 3390 3081 3460 ὁμολογήσω
3124 3392 3348 3457 αὐτοῖς,
3386 3390 3477 3444 ὅτι
3506 3391 3694 3445 Οὐδέ-

2109 3495 2255 3536 ποτε
2279 3483 2472 3553 ἔγνων
2497 3481 2672 3553 ὑμᾶς.
2714 3482 3214 3551 Ἀετοχωρεῖτεςάπξ⁸
3241 3483 3410 3552 ἐμοῦ,
3432 3486 3487 3537 ot
3515 3483 3694 3553 ἐργα-

2110 3571 2337 3642 ζόμενοι
2359 3574 2472 3642 τὴν
2494 3575 2769 3644 ἀνομίαν,
2809 3574 2992 3627 καὶτὰ
3023 3575 3168 3645 ἑξῆς.
3201 3575 3499 3629 ΛΟΥΚΑΣ.
3531 3575 3593 3629 Τί
3620 3575 3692 3631 δέ

2104 3682 2181 3734 με
2202 3666 2456 3729 καλεῖτε,
2485 3666 2683 3733 Κύριε,
2716 3667 2915 3733 Κύριε,
2964 3666 3062 3719 καὶ
3086 3669 3158 3719 οὐ
3188 3666 3388 3720 ποεῐτε
3428 3665 3466 3720 ά
3491 3667 3691 3735 λέτωξ

2110 3755 2297 3808 καὶτὰ
2327 3755 2474 3825 ἑξῆς.
2529 3758 2710 3809 ΠΡΟΣ
2750 3758 2882 3810 ΤΙΤ.
2917 3757 3066 3811 Θεὸν
3090 3757 3493 3826 ὁμολογοῦσιν
3535 3759 3691 3812 είδὲ-

2108 3863 2227 3911 ναι,
2250 3846 2378 3913 τοῖς
2398 3845 2466 3899 δὲ
2494 3848 2691 3917 ἔργοις
2746 3848 3087 3916 ἀρνοῦνταιο
3113 3848 3442 3913 βδελυκτοὶ
3490 3849 3689 3916 ὄντες,

2109 3939 2206 3993 καὶ
2246 3939 2529 4006 ἀπειθεῖς,
2555 3940 2657 3995 καὶ
2695 3941 2839 4009 πρὸς
2890 3938 3015 3995 πᾶν
3040 3941 3222 4011 ἔργον
3262 3940 3489 4009 ἀγαθὸν
3540 3942 3690 3997 d66-

2108 4048 2289 4099 κιμοι.

2739 4144 2913 4199 οΡοΣ
2936 4146 3017 4199 H'.

2110 4232 2230 4287 Ὅτι
2252 4234 2311 4286 οὐ
2337 4235 2420 4287 δεῖ
2444 4233 2814 4306 διακρίνεσθαι
2852 4237 2947 4289 καὶ
2988 4234 3264 4300 διστάζειν
3297 4237 3410 4310 (76)
3435 4240 3528 4293 ἐπὶ
3568 4247 3688 4306 τοῖς

2176 4322 2282 4376 ὑπὸ
2306 4323 2402 4375 τοῦ
2429 4324 2636 4395 Κυρίου
2692 4324 3028 4396 λεγομένοις,
3062 4326 3200 4380 ἀλλὰ
3257 4327 3687 4404 πεπληροφορῆ-

2180 4416 2305 4469 σθαι
2361 4417 2468 4469 πᾶν
2525 4417 2676 4487 ῥῆμα
2718 4417 2858 4471 Θεοῦ
2911 4417 3109 4489 ἀληθὲς
3139 4414 3277 4473 εἶναι
3317 4420 3412 4473 καὶ
3434 4422 3685 4488 δυνατὸν,

2178 4505 2282 4560 κᾶν
2306 4508 2340 4577 ὴ
2376 4507 2535 4574 φύσις
2590 4507 2851 4579 μάχηται.
2893 4507 3156 4563 Ἐνταῦθα
3196 4509 3307 4580 γὰρ
3359 4511 3451 4563 καὶ
3479 4514 3507 4565 ὁ
3533 4513 3688 4581 ἀγὼν

2174 4599 2275 4668 τῆς
2297 4598 2550 4663 πίστεως.

2719 4714 2943 4768 Ksde
2979 4721 3050 4768 a’.

2719 4731 2819 4767 κε’
2885 4731 2943 4768 λ.
2979 4731 3050 4768 α’.

2110 4866 2120 4872 ,
2170 4802 2545 4857 ΜΑΤΘΑΙΟΣ.
2589 4731 2950 4874 Τετῲτξαδὲ
3001 4806 3243 4875 φυλακῇ
3304 4804 3412 4873 τῆς
3461 4810 3690 4876 νυκτὸς

2106 4894 2341 4964 ἔρχεται
2370 4898 2403 4949 ὁ
2442 4896 2685 4965 Ἰησοῦς
2722 4896 2874 4966 πρὸς
2920 4898 3032 4970 (77)
3073 4899 3294 4967 αὐτοὺς
3341 4901 3690 4968 περιπατῶν

2107 4987 2206 5040 ἐπὶ
2228 4985 2336 5054 τῆς
2361 4987 2701 5056 θαλάσσης.
2729 4988 2842 5043 Kal
2868 4988 3098 5056 ἰδόντες
3129 4991 3316 5045 αὑτὸν
3344 4995 3402 5045 οἱ
3426 4993 3689 5061 μαθηταὶ

2110 5077 2208 5131 ἐπὶ
2233 5077 2347 5146 τὴν
2365 5079 2687 5133 θάλασσαν
2728 5079 3189 5148 περιπατοῦντα,
3236 5081 3686 5151 ἐταράχθησαν,

2109 5165 2410 5236 λέγοντες·
2444 5167 2772 5238 Φάντασμά
2806 5169 2960 5223 ἐστι’
3004 5170 3103 5223 καὶ
3166 5169 3287 5224 ἀπὸ
3328 5171 3435 5226 τοῦ
3492 5172 3691 5240 φόϐου

2109 5319 2483 5398 ὅστις-ἀκούει
2514 5340 2614 5393 μου
2662 5323 2787 5387 τοὺς
2840 5322 3143 5393 λόγους.....
3191 5326 3224 5394 ή
3274 5324 3479 5389 πτῶσις
3515 5327 3691 5398 αὐτῆς

2111 5390 2580 5463 μετάλτισφὸδράο

2179 5462 2288 5532 (76)
2315 5461 2449 5532 ξος.
2480 5461 2675 5517 tertius
2700 5461 2732 5532 ἢ
2761 5462 3051 5528 διστάζειν.

2177 5530 2462 5612 (77)"Reg:
2482 5534 2691 5610 primus
2724 5530 2971 5612 ’ἔρχεται
3000 5536 3030 5587 ὁ
3069 5532 3272 5606 Ἰησοῦς
3313 5533 3473 5605 πρός.
3521 5530 3690 5590 Utra-

2107 5617 2212 5672 que
2240 5601 2655 5673 οᾱὶιίοίὲρχεται
2690 5601 2841 5667 πρός.
