3982 6240
219 333 320 389 'tlS

1683 332 2014 394 IORALIA.

3362 335 3473 394 7M

219 449 498 520 ἔκραξαν.
533 450 773 519 Εὐθέως
797 450 868 507 δέ
893 452 1200 523 ἐλάλησεν
1244 456 1452 524 αὐτοῖς
1490 460 1524 513 ό
1565 457 1797 527 Ἰησοῦς

1914 458 2060 510 riam.
2107 452 2222 526 Ego
2267 470 2430 517 sum,
2475 451 2640 508 nolite
2679 452 2884 508 timere.
2926 451 3262 522 Respondens
3308 464 3489 510 autem

221 541 430 613 λέγων*
468 544 775 612 Θαρσεῖτε,
805 545 918 614 ἐγώ
953 547 1089 616 εἰμι,
1111 544 1199 616 μὴ
1219 547 1515 616 φοϐεῖσθε.
1533 549 1798 619 Ἀποκρι-

221 637 341 702 θεὶς
362 635 434 690 δὲ
456 635 618 703 αὺτῷ
650 640 684 693 ό
703 638 815 708 (78)
837 639 1060 708 Πέτρος
1085 637 1234 694 εἷπε·
1285 642 1481 711 Κύριε,
1510 644 1564 698 el
1601 642 1684 698 σὺ
1720 637 1795 710 εἴ,

222 725 520 782 κέλευσόν
540 745 620 797 με
657 729 808 796 πρὸς
843 731 918 785 σὲ
945 731 1146 786 ἐλθεῖν
1168 733 1269 787 ἐπὶ
1289 731 1362 786 τὰ
1394 733 1603 788 ὕδατα.
1647 732 1711 788 '0
1730 733 1800 787 δὲ

221 815 406 873 εἶπεν·
448 819 636 876 Ἐλθέ.
671 822 779 876 Καὶ
811 823 1066 890 καταϐὰς
1093 825 1210 880 ἀπὸ
1238 825 1344 880 τοῦ
1372 825 1588 880 πλοίου
1617 830 1652 880 ό
1690 827 1800 882 Πέ-

223 927 380 978 τρος,
413 911 856 980 περιεπάτησεν
881 914 980 970 ἐπὶ
1028 917 1102 971 τὰ
1132 917 1342 983 ὕδατα,
1392 918 1594 974 ἐλθεῖν
1649 918 1799 989 πρὸς

225 1001 330 1055 τὸν
363 1003 628 1071 Ἰησοῦν.
679 1003 931 1060 Βλέπων
979 1006 1048 1060 δὲ
1082 1005 1193 1061 τὸν
1243 1009 1468 1076 ἄνεμον
1520 1013 1795 1084 ἰσχυρὸν,

223 1092 508 1164 ἐφοϐήθη·
543 1095 640 1148 καὶ
666 1096 999 1167 ἀρξάμενος
1035 1103 1577 1168 καταποντίζεσθαι,
1621 1105 1797 1175 ἐκρα-

225 1184 292 1247 εε
349 1186 466 1256 (79)
525 1188 738 1257 λέγων’
789 1190 986 1259 Κύριε,
1041 1193 1248 1250 σῶσόν
1288 1214 1383 1266 με.
1414 1196 1650 1265 Εὐθέως
1669 1199 1736 1253 δὲ
1764 1202 1798 1254 ό

235 1279 477 1349 Ἰησοῦς
523 1283 795 1354 ἐκτείνας
825 1287 941 1356 τὴν
983 1289 1171 1360 χεῖρα,
1221 1291 1546 1352 ἐπελάϐετο
1587 1295 1794 1362 αὐτοῦ,

220 1373 320 1428 καὶ
351 1373 520 1446 λέγει
556 1378 752 1444 αὐτῷ’
796 1380 1192 1452 Ὀλιγόπιστε,
1219 1387 1306 1451 εις
1347 1386 1406 1439 τί
1436 1387 1798 1456 ἐδίστασαςς

219 1465 548 1522 ῘΩΔΝΝΗΣ.
633 1469 962 1541 Ἐμάχοντο
1005 1469 1120 1530 οὖν
1175 1476 1326 1545 πρὸς
1379 1477 1690 1545 ἀλλήλους
1743 1482 1798 1533 ol

231 1558 532 1624 Ἰουδαῖοι,
592 1561 898 1633 λέγοντες·
949 1565 1082 1634 Πῶς
1130 1567 1380 1624 δύναται
1438 1566 1618 1638 οὗτος
1654 1571 1800 1642 ἡμῖν

218 1649 330 1719 τὴν
356 1650 569 1720 σάρκα
610 1652 824 1708 δοῦναι
866 1656 1109 1726 pay-air;
1155 1655 1342 1714 Εἶπεν
1390 1655 1505 1716 οὖν
1555 1662 1760 1728 αὐτοῖς
1781 1679 1796 1694 ·

230 1742 420 1812 Ἀμὴν
436 1743 609 1815 άμὴν
636 1745 793 1816 λέγω
819 1747 981 1818 ὑμῖν,
1004 1749 1114 1804 ἐὰν
1129 1750 1217 1821 μὴ
1232 1751 1460 1822 φάγητε
1472 1752 1589 1821 τὴν
1603 1752 1801 1824 σάρκα

218 1833 322 1889 τοῦ
353 1836 496 1891 Ποῦ
523 1837 630 1891 τοῦ
661 1837 997 1908 ἀνθρώπου,
1021 1842 1120 1896 καὶ
1142 1844 1316 1912 πίητε
1345 1844 1458 1915 (80)
1499 1846 1687 1900 αὐτοῦ
1732 1846 1799 1901 τὸ

218 1921 380 1996 αἷμα,
410 1930 528 1983 οὐκ
558 1929 730 1998 ἔχετε
755 1931 910 2002 ζωὴν
945 1935 1014 1988 ἐν
1039 1935 1294 2002 ἑαυτοῖς.
1330 1939 1629 1995 ΛΟΥΚΔΣ.
1655 1940 1801 1993 Εϊπε

219 2017 284 2071 δὲ
312 2017 481 2084 αὐτῷ
519 2022 553 2073 ό
578 2021 836 2090 ἄγγελος
859 2039 876 2054 ’
898 2022 992 2092 Μὴ
1045 2025 1256 2094 φοϐοῦ,
1317 2029 1603 2096 Ζαχαρία,
1651 2027 1802 2084 διότι

217 2113 594 2182 είσηκούσθη
616 2115 656 2182 ἡ
685 2114 898 2184 δέησίς
911 2131 1026 2172 σου
1050 2134 1064 2147 ·
1101 2119 1202 2172 καὶ
1234 2120 1274 2188 ἡ
1303 2120 1457 2190 γυνή
1492 2136 1609 2176 σου
1653 2125 1803 2176 Ἐλι-

219 2203 401 2259 σάϐετ
451 2206 741 2274 γεννήσει
786 2210 922 2262 υἱόν
977 2224 1096 2264 σοι.
1155 2212 1264 2264 Καὶ
1304 2213 1420 2283 μετ’
1463 2213 1639 2282 ὀλίγον
1692 2214 1803 2270 Kal

219 2291 346 2352 εἶπε
375 2300 686 2367 Ζαχαρίας
711 2299 862 2368 πρὸς
877 2302 982 2354 τὸν
1007 2301 1284 2372 ἄγγελον·
1315 2305 1478 2360 Κατὰ
1499 2306 1557 2358 τί
1585 2304 1804 2374 γνώσο-

216 2405 317 2457 μαι
349 2388 572 2453 τοῦτο;
610 2388 758 2458 Ἐγὼ
787 2389 898 2460 γάρ
917 2393 1030 2461 ειμι
1070 2394 1435 2462 πρεσϐύτης,
1469 2395 1566 2449 καὶ
1587 2397 1625 2464 ἠ
1648 2395 1801 2465 γυνή

215 2497 330 2548 μου
349 2481 766 2550 προϐεϐηκυῖα
789 2483 860 2535 ἐν
882 2483 1008 2549 ταῖς
1024 2483 1271 2552 ἡμέραις
1285 2487 1498 2554 αὐτῆς.
1527 2489 1635 2542 Kal
1652 2489 1803 2544 ἀπο-

221 2573 444 2640 κριθεὶς
481 2576 514 2626 ό
542 2573 800 2644 ἄγγελος
817 2569 988 2627 εἶπεν
1013 2575 1190 2641 αὐτῷ·
1211 2577 1351 2646 Ἐγώ
1370 2581 1485 2648 ειμι
1515 2579 1804 2650 Γαϐριὴλ,

221 2666 253 2716 ό
273 2667 674 2733 παρεστηκὼς
699 2665 958 2719 ἐνώπιον
993 2666 1097 2720 τοῦ
1123 2669 1295 2723 Θεοῦ·
1327 2671 1426 2724 καὶ
1447 2671 1806 2742 ἀπεστάλην

222 2755 495 2824 λαλῆσαι
512 2756 666 2825 πρὸς
694 2757 789 2823 σὲ,
822 2759 920 2812 καὶ
937 2760 1446 2828 εὐαγγελίσασθαί
1475 2778 1574 2816 σοι
1595 2764 1799 2820 ταῦτα.

225 2847 334 2900 Kal
357 2847 492 2901 ιδοὺ
526 2849 646 2917 ἔσῃ
675 2847 940 2914 σιωπῶν,
991 2850 1088 2903 καὶ
1125 2850 1211 2920 μὴ
1245 2850 1579 2922 δυνάμενος
1616 2853 1807 2926 λαλῆ-

225 2955 330 2993 σαι
359 2940 501 3009 ἄχρι
529 2936 607 3012 ἧς
632 2943 859 3011 ἡμέρας
885 2941 1125 3013 γένηται
1172 2945 1376 3009 ταῦτα,
1424 2946 1554 3001 ἀνθ’
1581 2941 1668 3001 ὧν
1695 2951 1808 3004 οὐκ

222 3030 603 3098 ἐπίστευσας
651 3033 776 3100 τοῖς
803 3035 1007 3103 λόγοις
1053 3052 1196 3105 μου,
1249 3038 1465 3104 οἵτινες
1496 3040 1809 3108 πληρωθή-

1899 549 1982 603 illi
2033 546 2225 603 Petrus
2265 545 2445 600 dixit:
2488 543 2744 612 Domine,
2788 546 2837 599 si
2880 555 2937 600 tu
2980 561 3071 610 es,
3110 545 3239 614 jube
3281 563 3361 600 me
3415 552 3483 599 ad

1901 649 1950 696 te
1999 640 2174 696 venire
2219 655 2378 709 super
2421 654 2614 709 aquas.
2660 636 2730 691 Et
2775 638 2886 706 ipse
2933 638 3052 692 ait:
3083 637 3234 692 Veni.
3287 637 3355 691 Et
3391 636 3484 692 de-

1899 733 2148 788 scendens
2188 731 2382 787 Petrus
2427 731 2492 786 de
2528 731 2684 794 navi,
2733 729 3045 784 ambulabat
3083 744 3241 798 super
3279 745 3444 800 aquas
3467 769 3482 791 ,

1899 835 1958 880 ut
1985 827 2180 881 veniret
2217 826 2287 880 ad
2315 823 2521 880 Iesum.
2565 824 2760 879 Videns
2800 841 2918 878 vero
2958 832 3166 877 ventum
3209 822 3482 885 validum,

1902 919 2119 972 timuit:
2165 928 2215 974 et
2267 935 2385 972 cum
2433 919 2668 986 cmpissel
2717 917 2916 988 mergi,
2961 916 3212 970 clamavit
3260 914 3484 969 dicens:

1899 1011 2153 1075 Domine,
2201 1011 2407 1066 salvum
2444 1026 2525 1064 me
2569 1011 2677 1079 fac.
2717 1008 2784 1063 Et
2821 1010 3072 1064 continuo
3115 1007 3273 1064 Iesus
3302 1019 3481 1063 exten-

1897 1103 2026 1159 dens
2074 1120 2330 1166 manum,
2380 1102 2720 1172 apprehendit
2772 1118 2922 1166 eum,
2973 1111 3022 1154 et
3071 1101 3148 1154 ait
3190 1101 3317 1154 illi:
3369 1098 3486 1154 Mo-

1897 1197 2032 1252 dica:
2062 1196 2187 1266 ﬁdei
2209 1236 2225 1262 ,
2265 1212 2427 1267 quare
2454 1195 2715 1249 dubitasti
2734 1197 2828 1251 ἵ...
2862 1194 3082 1265 (Matth.
3109 1210 3224 1258 xlv,
3265 1193 3481 1250 25-51.)

1899 1288 2206 1361 Litigabant
2235 1305 2358 1357 ergo
2387 1286 2566 1343 Iudwi
2609 1287 2678 1341 ad
2723 1287 2979 1353 invicem,
3023 1287 3298 1341 dicentes:
3338 1283 3485 1351 Quo-

1899 1381 2056 1434 modo
2079 1380 2165 1434 hic
2195 1379 2353 1454 25.1
2382 1388 2550 1448 potest
2577 1379 2726 1432 nobis
2755 1377 2886 1433 dare
2920 1395 3134 1432 carnem
3159 1376 3230 1432 ad
3257 1376 3485 1430 mandu-

1901 1472 2167 1528 candum?
2188 1472 2341 1526 Dixit
2361 1487 2484 1541 ergo
2513 1472 2588 1526 eis
2610 1487 2628 1524 :
2651 1471 2836 1533 Amen.
2859 1487 3010 1524 amen
3036 1469 3156 1525 dico
3185 1469 3352 1534 vobis,
3378 1469 3484 1524 nisi

1901 1564 2351 1619 manducaveritis
2402 1579 2617 1618 carnem
2652 1562 2785 1616 Filii
2834 1562 3061 1616 heminis
3089 1601 3106 1628 ,
3147 1570 3197 1616 et
3245 1560 3482 1616 biberitis

1899 1657 2014 1726 ejus
2053 1657 2397 1727 sanguinem,
2440 1671 2542 1710 non
2582 1656 2789 1710 habetis
2821 1657 2986 1709 vitam
3019 1657 3074 1708 in
3113 1654 3254 1708 vobis
3280 1651 3480 1720 (Ioan.

1901 1764 1991 1813 VI,
2033 1749 2134 1814 55,
2501 1746 2592 1801 Ait
2641 1758 2821 1802 autem
2865 1747 2936 1801 ad
2986 1747 3141 1800 illum
3187 1745 3406 1817 angelus
3460 1757 3485 1799 :

1904 1841 1987 1897 Ne
2019 1843 2203 1897 timeas
2223 1884 2238 1905 ,
2268 1840 2535 1895 Zacharia
2555 1880 2572 1906 ,
2617 1842 2744 1912 quia
2779 1840 3034 1893 exaudita
3068 1849 3145 1894 est
3185 1838 3484 1909 deprecatio

1903 1943 1996 1989 tua
2019 1952 2038 1988 :
2067 1944 2117 1989 et
2150 1933 2424 1988 Elisabeth
2455 1949 2590 1988 uxor
2621 1942 2712 1986 tua
2741 1933 2914 2000 pariet
2957 1931 3054 1984 tibi
3099 1931 3275 1999 ﬁlium
3315 1929 3483 2001 (Luc.

1902 2043 1954 2090 ι,
2002 2027 2132 2097 15).
2185 2025 2253 2080 Ει
2309 2026 2474 2098 paulo
2530 2033 2698 2095 post:
2759 2023 2826 2078 Et
2873 2024 3009 2078 dixit
3064 2022 3360 2078 Zacharias
3413 2021 3485 2076 ad

1902 2119 2148 2188 angelum
2179 2133 2198 2171 :
2245 2116 2392 2172 Unde
2433 2117 2530 2171 hoc
2575 2118 2742 2170 sciam
2766 2119 2792 2171 ι
2827 2115 2936 2186 Ego
2966 2116 3105 2170 enim
3135 2131 3254 2169 sum
3283 2127 3444 2170 senex
3467 2155 3484 2176 .

1901 2220 1952 2263 et
1981 2226 2118 2264 uxor
2149 2227 2266 2264 mea
2291 2209 2546 2278 processit
2578 2209 2634 2262 in
2665 2207 2848 2262 diebus
2882 2209 3016 2262 suis.
3065 2206 3135 2262 Et
3169 2205 3484 2276 respondens

1904 2302 2121 2373 angelus
2152 2302 2291 2355 dixit
2320 2304 2367 2356 ei
2395 2317 2413 2355 :
2449 2299 2562 2370 Ego
2599 2316 2717 2355 sum
2751 2299 3002 2366 Gabriel,
3053 2299 3142 2369 qui
3193 2309 3311 2353 asto
3363 2307 3487 2354 ante

1904 2393 2118 2449 Deum:
2165 2404 2214 2448 et
2266 2396 2460 2448 missus
2513 2411 2631 2448 sum
2682 2394 2824 2463 loqui
2869 2392 2939 2447 ad
2993 2401 3079 2456 te,
3128 2401 3178 2446 et
3228 2392 3340 2446 hac
3389 2390 3486 2445 tibi

1903 2488 2283 2558 euangelizare.
2336 2485 2407 2540 Et
2452 2502 2569 2541 ecce
2614 2487 2720 2540 eris
2772 2495 2990 2550 tacens,
3038 2492 3087 2538 et
3134 2501 3237 2539 non
3287 2483 3484 2551 poteris

1907 2579 2050 2648 loqui
2094 2595 2257 2648 usque
2304 2579 2358 2632 in
2411 2578 2583 2641 diem,
2629 2593 2730 2648 quo
2765 2576 2874 2631 haec
2911 2578 3068 2646 fiant,
3115 2593 3213 2645 pro
3241 2593 3302 2630 eo
3343 2575 3484 2645 quod

1906 2689 2011 2728 non
2061 2671 2332 2726 credidisti
2390 2671 2558 2726 verbis
2615 2673 2781 2736 meis,
2839 2687 2956 2742 quae
3015 2670 3373 2740 implebuntur
3425 2668 3486 2722 iu

1907 2773 2134 2832 tempore
2174 2781 2270 2818 suo
2317 2761 2485 2834 (ibid.
2521 2763 2728 2833 18-20)
2754 2804 2766 2816 .
2792 2812 2804 2820 ,
2833 2803 2886 2818 ..
2910 2804 2925 2818 .
2978 2760 3048 2816 Et
3093 2779 3198 2816 non
3241 2761 3486 2831 inﬁrma-

1908 2865 1992 2910 tus
2021 2857 2188 2911 estin
2219 2855 2357 2926 ﬁde,
2403 2872 2495 2909 nec
2541 2855 2894 2911 consideravit
2935 2873 3126 2927 corpus
3174 2872 3327 2910 suum
3365 2855 3488 2925 jam
3579 2867 3584 2872 ‘

1906 2957 2242 3013 emortuum,
2303 2965 2422 3003 cum
2472 2948 2580 3019 fere
2640 2957 2847 3004 centum
2896 2958 3031 3003 esset
3087 2965 3384 3014 annorum,
3437 2956 3488 3002 et

1907 3051 2202 3095 emortuam
2232 3041 2436 3096 vulvam
2478 3040 2689 3097 Same.
2744 3040 2809 3095 In
2851 3042 3199 3111 promissione
3238 3057 3355 3095 vero
3390 3039 3488 3095 Dei

222 3140 440 3179 σονται
469 3127 559 3192 εὶς
593 3126 702 3180 τὸν
721 3129 930 3194 καιρὸν
946 3127 1162 3183 αὐτῶν.
1184 3131 1362 3183 ΠΡΟΣ
1395 3132 1558 3186 ΡΩΜψ.
1589 3133 1698 3187 Καὶ
1723 3132 1802 3203 μὴ

1914 3150 2015 3188 non
2057 3133 2321 3188 ha'sitavit
2360 3134 2646 3204 diffidentia
2672 3173 2687 3198 ,
2731 3134 2821 3189 sed
2867 3134 3199 3204 confortatus
3236 3142 3312 3186 est
3345 3131 3487 3202 ﬁde:

221 3215 583 3283 ἀσθενήσας
611 3215 687 3284 τῇ
717 3219 938 3282 πίστει,
978 3223 1048 3274 οὺ
1090 3222 1422 3290 κατενόησε
1471 3223 1534 3276 τὸ
1582 3224 1802 3280 ἑαυτοῦ

219 3303 398 3375 σῶμα
436 3308 549 3376 (Si)
594 3307 712 3376 ἤδη
743 3310 1203 3378 νενεκρωμένον,
1235 3312 1662 3381 ἑκατονταέτης
1683 3330 1802 3369 που

219 3397 535 3468 ὑπάρχων,
573 3401 672 3453 καὶ
707 3400 821 3469 τὴν
844 3401 1137 3471 νέκρωσιν
1170 3403 1276 3471 τῆς
1295 3404 1526 3473 μήτρας
1549 3405 1803 3475 Σάρρας.

1912 3226 2048 3281 dans
2099 3225 2324 3297 gloriam
2371 3226 2515 3294 Deo,
2563 3227 2867 3298 plenissime
2916 3228 3084 3312 sciens
3137 3225 3275 3296 quod
3322 3225 3490 3295 quod-

1911 3335 2111 3390 cunque
2141 3320 2420 3388 promisit,
2453 3329 2636 3390 potens
2665 3328 2742 3374 est
2771 3329 2821 3374 et
2855 3320 3028 3389 facere
3052 3335 3072 3372 :
3101 3317 3218 3372 ideo
3251 3327 3298 3372 et
3333 3331 3490 3386 repu-

1915 3417 2084 3462 tatum
2117 3418 2195 3462 est
2225 3409 2307 3463 illi
2338 3409 2406 3462 ad
2428 3409 2699 3478 justitiam
2730 3409 2918 3479 (Rom.
2951 3426 3024 3475 Iv,
3057 3409 3284 3475 19-22).

223 3492 336 3556 El;-
361 3489 430 3543 δὲ
451 3489 569 3559 τὴν
604 3492 968 3561 ἐπαγγελίαι·
996 3493 1102 3548 τοῦ
1137 3493 1286 3548 Θεοῦ
1315 3496 1387 3548 οὐ
1433 3495 1696 3564 διεκρίθη
1727 3497 1803 3566 τῇ
1833 3497 2104 3564 ἀπιστίᾳ,
2149 3499 2287 3553 ἀλλ’
2313 3498 2730 3568 ἐνεδυναμώθη
2765 3497 2840 3568 τῇ
2870 3501 3089 3554 πίστεν
3115 3499 3261 3566 δοὺς
3299 3499 3488 3564 δόξαν

219 3579 305 3648 τῷ
348 3580 494 3646 Θεῷ,
535 3582 635 3636 καὶ
685 3587 1189 3655 πληροφορηθεὶς,
1245 3586 1336 3640 ὅτι
1379 3585 1411 3640 ὃ
1443 3585 1824 3658 ἐπήγγελται,
1865 3588 2125 3656 δυνατός
2147 3592 2396 3646 ἐστικαὶ
2427 3592 2700 3647 ποιῆσαι.
2746 3593 2842 3646 Διὸ
2877 3593 2975 3645 καὶ
3017 3593 3305 3662 ἐλογίσθη
3328 3591 3488 3658 αὐτῷ

223 3681 319 3748 εις
352 3679 773 3750 δικαιοσύνην.

220 3772 356 3828 Ὀτι
382 3775 413 3827 ὁ
441 3775 535 3826 ὲπὶ
555 3777 668 3837 τοῖς
701 3773 948 3828 ἐλάττοσι
972 3773 1081 3845 (82)
1115 3776 1190 3846 μὴ
1224 3777 1494 3832 πιστεύων
1519 3776 1598 3850 τῷ
1616 3779 1806 3851 Κυρίῳ

291 3865 456 3935 δῆλός
485 3866 603 3918 ἐστι
651 3865 788 3919 πολὺ
823 3866 1088 3938 πρότερον
1127 3868 1222 3921 ἐπὶ
1256 3871 1367 3932 τοῖς
1406 3869 1649 3939 μείζοσιν
1671 3870 1804 3924 ἀπι-

297 3956 462 4010 στῶν.

844 4031 1068 4100 Κεφάλ.
1108 4033 1190 4086 B'.

293 4122 624 4177 ΙΩΑΝΝΗΣ.
661 4123 730 4177 El
771 4125 843 4178 τὰ
881 4125 1114 4194 ἐπίγεια
1150 4121 1324 4179 εἷπον
1377 4125 1541 4194 ὑμῖν,
1590 4124 1689 4178 καὶ
1729 4125 1802 4179 οὐ

221 4215 564 4278 πιστεύετε,
595 4213 740 4280 πῶς,
763 4216 873 4270 ἐὰν
899 4216 1046 4270 εἴπω
1068 4216 1210 4287 ὑμῖν
1236 4217 1309 4271 τὰ
1332 4216 1680 4287 ἐπουράνια,
1710 4229 1808 4272 πι-

217 4309 548 4370 στεύσετε;
581 4309 876 4363 ΛΟΥΚΑΣ.
924 4311 988 4363 '0
1035 4310 1249 4376 πιστὸς
1276 4311 1346 4364 ἑν
1373 4311 1674 4379 ἐλαχίστῳ
1706 4309 1807 4364 καὶ

219 4399 295 4453 ἑν
322 4398 534 4465 πολλῷ
553 4400 770 4467 πιστός
793 4401 925 4455 ἐστι
948 4418 961 4431 ·
994 4402 1092 4455 καὶ
1119 4404 1152 4456 ό
1182 4402 1252 4455 ἐν
1275 4402 1577 4471 ἐλαχίστῳ
1598 4401 1804 4469 ἄδικος

220 4492 330 4546 καὶ
361 4493 430 4546 ἐν
458 4491 667 4559 πολλῷ
697 4493 905 4561 ἄδικός
924 4494 1114 4549 ἐστιν.

221 4609 356 4662 Ὅτι
382 4608 442 4660 οὐ
475 4609 582 4681 χρὴ
611 4610 891 4680 λογισμοῖς
923 4609 1074 4673 ἰδίοις
1108 4608 1459 4681 στηρίζεσθαι
1486 4609 1578 4662 ἐπὶ
1610 4607 1805 4680 ἀθετή-

293 4716 384 4754 σει
407 4700 516 4754 τῶν
537 4701 644 4754 ὑπὸ
663 4700 758 4754 τοῦ
790 4701 995 4774 Κυρίου
1016 4701 1321 4774 λεγομένων
1343 4720 1356 4733 ’
1385 4703 1807 4774 ἀξιοπιστότερα

287 4791 355 4845 δὲ
389 4793 589 4847 εἰδέναι
637 4792 738 4862 τῆς
780 4792 914 4857 ιδίας
961 4792 1330 4865 πληροφορίας
1359 4793 1428 4847 τὰ
1473 4793 1563 4848 τοῦ
1595 4793 1802 4865 Κυρίου

299 4884 542 4956 ῥήματα.

842 4997 1064 5066 Κεφάλ.
1105 4999 1189 5051 1".

292 5085 664 5141 ΜΔΤΘΔΙΟΣ.
705 5086 844 5142 Τότε
872 5087 1033 5158 λέγει
1059 5087 1263 5154 αὐτοῖς
1289 5089 1324 5141 δ
1366 5084 1628 5154 Ἰησοῦςυ
1655 5086 1805 5140 Πάν-

215 5196 326 5246 τες
353 5179 522 5248 ὑμεῖς
549 5178 1160 5247 σκανδαλισθήσεσθε
1182 5180 1252 5234 ἐν
1269 5179 1399 5250 ἐμοὶ
1429 5179 1500 5232 έν
1525 5178 1601 5248 τῇ
1633 5179 1805 5233 νυκτὶ

217 5272 438 5340 ταύτῃ.
487 5271 850 5340 Ἀποκριθεὶς
905 5271 974 5325 δὲ
1019 5275 1053 5326 ό
1105 5271 1344 5342 Πέτρος,
1395 5271 1566 5324 εἷπεν
1612 5267 1802 5338 αὐτῷ-ο

297 5411 414 5482 (78)
444 5410 624 5485 ῌΒθεε-
659 5413 854 5468 tertius
896 5411 1214 5485 ἀποκριθεὶς
1253 5411 1310 5466 δὲ
1358 5409 1508 5480 αὐτῷ
1556 5411 1606 5462 ὁ.
1663 5407 1806 5464 Editi

216 5482 562 5554 ἀποκριθεὶς
582 5482 640 5535 δὲ
678 5485 726 5536 ὁ.

295 5547 411 5644 σιξ)
457 5553 702 5624 Utraque
746 5553 917 5610 editio
966 5552 1186 5626 ἔκραζε.
1233 5551 1462 5622 Antiqui
1522 5550 1631 5605 duo
1679 5547 1807 5604 libri

293 5640 627 5764 {gilgiEglitio
672 5691 850 5764 Paris.
900 5691 1030 5748 Υἱοῦ
1074 5692 1360 5764 ἀνθρώπου
1381 5731 1396 5756 ,
1447 5692 1540 5746 καὶ
1589 5691 1803 5764 niurias.

216 5759 412 5819 Editio
452 5762 584 5821 Ven.
636 5772 692 5817 et
729 5763 839 5817 duo
884 5779 1017 5819 mss.
1065 5771 1127 5816 ut
1173 5759 1228 5817 in
1271 5771 1550 5819 contextu.
1606 5759 1804 5816 Statim

587 5855 864 5919 Ρλτιιοι..
893 5854 1012 5918 Gn.
1056 5854 1295 5917 XXXI.

1903 3775 2061 3842 Quod
2101 3773 2193 3845 qui
2231 3771 2285 3828 in
2335 3772 2641 3828 minoribus
2679 3789 2788 3832 non
2832 3775 3005 3830 credit
3057 3773 3313 3837 Domino,
3359 3789 3484 3831 eum

1971 3872 2190 3922 constat
2218 3864 2378 3935 longe
2403 3865 2576 3934 magis
2609 3864 2663 3919 in
2689 3865 2996 3934 majoribus
3030 3865 3134 3934 ipsi
3171 3865 3332 3922 fidem
3376 3882 3488 3922 non

1973 3961 2194 4016 habere.

2551 4026 2722 4099 Caput
2759 4027 2842 4087 11.

1989 4121 2051 4178 Si
2082 4131 2293 4177 terrena
2336 4121 2455 4176 dixi
2492 4122 2657 4188 vobis,
2691 4133 2742 4178 et
2773 4139 2877 4177 non
2920 4122 3173 4186 creditis;
3204 4122 3486 4195 quomodo,

1911 4215 1959 4271 si
1989 4216 2174 4270 dixero
2203 4215 2346 4269 vobis
2365 4214 2619 4279 calestia,
2645 4215 2909 4271 credetis?
2929 4219 3108 4285 (Joan.
3132 4231 3216 4279 In,
3239 4214 3351 4286 12.)
3383 4213 3490 4281 Qui

1914 4308 2089 4376 ﬁdelis
2131 4308 2188 4360 in
2244 4307 2464 4362 minimo
2511 4316 2608 4373 est,
2656 4317 2707 4362 et
2750 4308 2805 4361 in
2857 4309 3023 4362 multo
3059 4308 3233 4377 ﬁdelis
3283 4317 3365 4363 est
3395 4317 3490 4361 :et

1909 4400 2080 4469 quiin
2102 4393 2321 4453 minimo
2379 4400 2591 4470 iniquus
2636 4408 2736 4464 est,
2780 4409 2829 4453 et
2865 4399 2921 4454 in
2957 4400 3124 4453 multo
3164 4401 3373 4471 iniquus
3409 4408 3490 4454 est

1839 4530 1884 4586 Β
1914 4489 2064 4561 (Luc.
2099 4507 2208 4553 ιιι,
2247 4491 2357 4562 10).

1911 4604 2069 4672 Quod
2099 4619 2208 4660 non
2259 4611 2474 4674 Oportet
2519 4618 2846 4674 quemquam
2893 4604 3010 4659 suis
3051 4603 3491 4660 ratiocinationi-

1983 4698 2090 4753 bus
2110 4696 2211 4752 niti
2247 4697 2316 4750 ad
2346 4711 2409 4751 ea
2441 4711 2563 4766 qua:
2598 4710 2628 4749 a
2650 4695 2882 4750 Domino
2904 4696 3162 4752 dicuntur
3189 4698 3491 4765 reproban-

1983 4789 2053 4845 da
2085 4807 2099 4843 :
2131 4788 2226 4844 sed
2249 4801 2412 4844 nosse
2459 4789 2621 4844 debet
2647 4787 2863 4844 Domini
2904 4789 3070 4844 verba
3102 4787 3207 4843 ﬁde
3244 4802 3368 4844 esse
3407 4786 3490 4843 di-

1979 4882 2170 4954 gniora
2203 4895 2366 4953 quam
2397 4894 2554 4938 suam
2585 4881 2755 4952 ipsius
2773 4882 3206 4952 persuasionem.

2431 5029 2452 5058 -,
2551 4992 2724 5063 Caput
2765 4992 2882 5048 111.

1985 5081 2130 5137 Tunc
2164 5082 2296 5137 dicit
2323 5081 2434 5137 illis
2465 5081 2624 5138 Iesus
2648 5098 2668 5138 :
2697 5083 2890 5139 Omnes
2919 5099 3007 5138 vos
3033 5081 3348 5137 scandalum
3389 5098 3488 5150 pa-

1914 5176 2116 5229 tiemini
2146 5177 2200 5229 in
2229 5189 2311 5244 me
2330 5175 2387 5228 in
2410 5176 2516 5230 ista
2539 5184 2707 5230 nocte.
2732 5174 3066 5244 Respondens
3085 5185 3261 5230 autem
3277 5175 3488 5234 Petrus.

1915 5270 1992 5323 ait
2028 5243 2301 5323 illi:Etsi
2325 5285 2504 5324 omnes
2550 5243 2908 5324 scandalizati
2943 5269 3142 5338 fuerint
3183 5271 3240 5324 in
3285 5278 3355 5332 te,
3397 5285 3490 5337 ego

1902 5405 2053 5481 Reg.)
2072 5410 2272 5481 tertius
2301 5404 2420 5462 εἷπε
2441 5409 2498 5481 δὲ
2526 5409 2660 5481 πρὸς
2684 5409 2918 5481 αὐτὸυμό.

1977 5477 2089 5559 (ιιι)
2121 5479 2363 5559 Utraque
2398 5477 2582 5534 editio'
2603 5480 2666 5534 τὸ
2701 5478 2870 5534 αὐτοῦ
2895 5477 3076 5552 σῶμα.
3106 5483 3178 5536 At
3205 5493 3342 5537 mss.
3374 5486 3488 5535 tres

1903 5548 1966 5604 τὸ
1991 5548 2207 5604 ἑαυτοῦ.
2285 5548 2290 5549 “
2982 5548 2993 5552 ’

1977 5620 2086 5688 (82)
2144 5619 2325 5673 Edilio
2372 5618 2548 5674 Paris.
2605 5621 2697 5674 ἐπὶ
2750 5619 3020 5676 ἐλάττοσι.
3071 5620 3222 5677 Libri
3274 5626 3491 5677 veteres

1905 5692 2000 5764 in).
2023 5693 2134 5764 vol;
2164 5691 2343 5743 ὲλάττ.
2378 5689 2498 5764 Mox
2520 5698 2762 5764 utraque
2791 5692 2958 5749 editio
2979 5693 3074 5746 καὶ
3096 5691 3252 5746 πολύ.
3279 5689 3488 5748 Vocula

1906 5762 2000 5817 καί
2033 5762 2087 5816 in
2123 5776 2254 5816 mss.
2286 5776 2395 5817 non
2430 5761 2646 5830 legitur.
