3982 6240
529 345 639 404 715

1833 353 1891 411 S.
1927 353 2173 411 BASILII
2209 354 2403 411 MAGN
2409 356 2426 409 Ι

3665 358 3769 413 ’⁷16

530 481 795 547 nunquam
827 466 1250 523 scandalizabor.
1283 467 1371 522 Ait
1426 468 1508 523 illi
1535 466 1692 524 Iesus
1722 486 1742 525 :
1767 471 1936 527 Amen
1976 472 2089 529 dico

2194 474 2305 529 Kal
2330 476 2382 529 ει
2410 473 2632 541 πάντες
2648 475 3277 544 σκανδαλισθήσονται
3309 477 3379 530 ἐν
3403 477 3524 540 σοὶ,
3557 476 3675 547 ἐγὼ
3701 476 3769 529 δὲ

530 543 643 620 tibi,
674 559 729 612 in
768 558 867 611 hac
909 568 1077 621 nocte,
1121 568 1403 628 antequam
1450 560 1627 630 gallus
1658 570 1850 628 cantet,
1891 572 1968 617 ter
2012 581 2095 620 me

529 647 741 718 negabis
800 646 1019 718 (Matth.
1084 652 1231 712 x'xvr,
1289 649 1349 704 3i
1383 648 1522 721 -54)
1548 690 1562 703 .
1644 649 1863 721 Vespere
1917 662 2094 708 autem

528 740 691 809 facto,
718 739 1075 794 discumbebat
1103 757 1219 794 cum
1246 741 1519 796 duodecim
1546 741 1820 811 discipulis
1837 758 1854 796 :
1874 753 1922 799 et
1935 744 2094 801 eden-

530 831 667 886 tibus
701 831 832 896 illis,
857 832 993 887 dixit
1016 833 1092 886 eis
1120 849 1139 886 :
1171 831 1303 887 Dico
1337 832 1501 897 vobis,
1535 833 1672 903 quod
1702 851 1836 889 unus
1868 845 2095 890 vestrum

528 940 608 979 me
644 924 938 978 traditurus
965 933 1063 980 est.
1090 923 1156 977 Et
1181 926 1480 980 contristati
1502 926 1668 992 valde,
1699 937 1957 995 coeperunt
1984 929 2095 983 sin-

526 1015 637 1085 guli
685 1015 856 1070 dicere
897 1017 947 1070 ei
978 1031 996 1069 :
1027 1013 1283 1086 Nunquid
1314 1032 1406 1086 ego
1451 1032 1590 1081 sum,
1623 1016 1891 1075 Domine?
1926 1018 2093 1091 (Ibid.

526 1107 767 1177 20-22.)
830 1106 899 1161 Ει
951 1108 1094 1177 facta
1159 1116 1238 1161 est
1296 1123 1397 1161 vox
1449 1107 1519 1161 ad
1564 1123 1726 1162 eum:
1759 1106 1946 1179 Surge,
1990 1108 2095 1164 Pe-

529 1213 624 1267 tre,
658 1200 854 1265 occide,
886 1210 937 1255 et
987 1200 1269 1254 manduca.
1314 1200 1403 1253 Ait
1435 1210 1610 1254 autem
1654 1198 1844 1255 Petrus
1867 1217 1886 1254 :
1916 1200 2091 1267 Absit,

530 1292 770 1357 Domine,
808 1293 933 1362 quia
956 1308 1223 1363 nunquam
1268 1292 1584 1346 manducavi
1621 1291 1905 1363 quidquam
1950 1309 2095 1347 com-

528 1404 702 1454 mune,
746 1395 839 1440 aut
882 1385 1250 1439 immundum!
1289 1383 1357 1438 Et
1400 1388 1500 1440 uox
1525 1384 1715 1438 iterum
1761 1384 1986 1439 secundo
2024 1384 2093 1438 ad

524 1497 642 1535 eum
665 1496 684 1535 :
711 1479 842 1546 Qua:
869 1476 1009 1532 Deus
1030 1477 1352 1547 puriﬁcavit,
1379 1486 1434 1531 tu
1473 1477 1769 1532 communia
1809 1493 1871 1532 ne
1894 1476 2092 1532 dixeris

526 1573 668 1644 (Act.
703 1587 757 1637 κ,
799 1568 1025 1640 15-15).
1081 1566 1321 1623 Consilia
1386 1567 1730 1633 destruentes,
1785 1577 1834 1623 et
1889 1584 2093 1623 omnem

525 1659 688 1733 242
716 1658 1048 1714 altitudine»:
1088 1657 1418 1712 extollentem
1447 1675 1501 1712 se
1533 1657 1779 1714 adversus
1820 1659 2092 1713 scientiam

528 1749 646 1811 Dei,
676 1760 726 1802 et
752 1748 807 1802 in
836 1748 1193 1818 captivitatem
1222 1747 1508 1818 redigentes
1534 1764 1738 1803 omnem
1768 1747 2092 1803 intellectum

526 1842 579 1896 in
606 1841 901 1913 obsequium
922 1837 1120 1897 Christi
1147 1839 1239 1912 (II
1267 1840 1389 1898 Cor.
1420 1857 1476 1911 ι,
1508 1839 1583 1912 5).

1086 2135 1365 2193 BEGULA
1436 2136 1529 2192 IX.

527 2228 679 2294 Quod
712 2243 819 2283 non
855 2235 1069 2299 oportet
1114 2244 1440 2301 quemquam
1483 2227 1842 2300 negligentem
1878 2242 1998 2284 esse
2032 2228 2089 2284 in

596 2321 682 2379 his
713 2319 1125 2392 cognoscendis,
1156 2335 1279 2391 quae
1304 2318 1465 2376 cilicii
1497 2320 1583 2376 sui
1605 2329 1735 2376 sunt
1764 2338 1778 2375 :
1816 2317 1913 2376 sed
1929 2318 2090 2375 debet

597 2413 811 2469 Domini
830 2413 995 2469 verba
1032 2421 1237 2470 attente
1277 2412 1462 2470 audita
1516 2412 1844 2485 intelligere,
1897 2418 1954 2471 et
1992 2428 2089 2471 vo-

596 2506 859 2562 luntatem
889 2505 1010 2576 ejus
1033 2503 1232 2561 facere.

1172 2616 1342 2687 Caput
1389 2611 1441 2671 1.

593 2710 922 2780 Respondeas
954 2719 1128 2765 autem
1160 2708 1352 2764 Petrus
1384 2708 1520 2763 dixit
1545 2707 1597 2763 ei
1628 2704 1916 2763 :Edissere
1940 2702 2088 2763 nobis

520 2804 831 2874 parabolam
857 2804 1036 2857 istam.
1071 2803 1141 2855 At
1170 2800 1326 2856 Iesus
1355 2800 1492 2854 dixit
1520 2815 1538 2853 :
1571 2798 1753 2854 Adhuc
1781 2808 1831 2854 et
1858 2815 1947 2854 uos
1976 2801 2090 2853 sine

522 2897 789 2952 intellectu
819 2896 986 2952 estis?
1017 2893 1268 2949 Nondum
1294 2892 1590 2963 intelligitis
1617 2892 1756 2963 quod
1778 2908 1929 2947 omne
1950 2890 2089 2962 quod

520 2991 578 3045 in
606 3008 662 3045 os
692 2991 881 3053 intrat,
918 2989 972 3043 in
1001 3002 1228 3044 ventrem
1252 2987 1418 3053 vadit,
1449 2996 1498 3042 et
1520 2989 1575 3042 in
1602 3001 1863 3041 secessum
1886 2985 2088 3040 emitti-

523 3084 650 3138 tur?
670 3097 787 3152 quae
811 3089 985 3135 autem
1013 3079 1301 3149 procedunt
1339 3080 1404 3135 de
1432 3095 1541 3142 ore,
1582 3079 1648 3134 de
1680 3078 1836 3134 corde
1874 3086 2084 3142 exeunt,

2193 568 2480 622 οὐδέποτε
2517 567 3134 638 σκανδαλισθήσομαι.
3172 570 3325 638 Ἔφη
3374 567 3537 635 αὐτῷ
3570 571 3604 622 ό
3646 569 3767 637 Ἰη-

2193 661 2345 728 σοῦς
2363 678 2379 694 ο
2432 661 2609 732 Ἀμὴν
2631 661 2784 732 λέγω
2827 677 2947 729 σοι,
2981 662 3051 716 ὲν
3070 663 3254 732 ταύτῃ
3280 661 3356 731 τῇ
3380 663 3580 727 νυκτὶ,
3626 664 3769 732 πρὶν

2193 753 2486 824 ἀλέκτορα
2545 756 2851 826 φωνῆσαι,
2912 756 3040 827 τρὶς
3101 756 3423 826 ἀπαρνήσῃ
3480 773 3625 826 με..
3656 800 3670 813 .
3704 796 3720 810 .
3750 794 3767 809 .

2207 845 2415 915 Ὀψίας
2442 846 2509 899 δέ
2540 846 2885 918 γενομένης,
2916 847 3182 902 ἀνέκειτο
3210 847 3360 917 μετὰ
3392 845 3513 900 τῶν
3538 846 3769 899 δώδεκα

2186 935 2465 1005 μαθητῶν
2486 952 2501 967 ·
2557 938 2654 991 καὶ
2697 939 3023 994 ἐσθιόντων
3056 938 3272 1004 αὐτῶν,
3313 940 3473 1008 λέγει
3535 938 3762 1006 αὐτοῖς’

2192 1029 2354 1101 Λέγω
2382 1030 2543 1101 ὑμῖν,
2586 1032 2676 1086 ὅτι
2720 1028 2807 1099 εἷς
2842 1033 2913 1098 ἐξ
2944 1032 3111 1103 ὑμῶν
3153 1032 3488 1102 παραδώσει
3523 1050 3624 1103 με.
3653 1033 3764 1088 Kal

2189 1122 2557 1193 λυπούμενοι
2593 1124 2847 1194 σφόδρα,
2877 1123 3136 1194 ἤρξαντο
3178 1125 3377 1197 λέγειν
3418 1124 3581 1191 αὐτῷ
3628 1125 3765 1180 ἑκα-

2190 1227 2338 1279 στος
2355 1212 2555 1269 αὐτῶν
2578 1231 2593 1246 ο
2617 1214 2772 1283 Μήτι
2792 1214 2906 1288 ἐγώ
2918 1220 3054 1287 ειμι,
3080 1218 3289 1285 Κύριε;
3313 1218 3627 1272 ΠΡΑΞΕΙΣ.
3650 1218 3765 1272 Καὶ

2189 1304 2424 1374 ἐγένετο
2451 1304 2620 1376 φωνὴ
2653 1306 2802 1376 πρὸς
2829 1310 3016 1387 ab.th
3042 1325 3056 1339 ·
3101 1309 3404 1375 Ἀναστὰς,
3431 1310 3639 1378 Πέτρε,
3664 1309 3766 1364 θῦ⁶

2191 1413 2326 1463 σον,
2353 1397 2452 1451 καὶ
2477 1397 2648 1469 φάγε.
2689 1399 2751 1453 '0
2770 1398 2838 1452 δὲ
2858 1401 3079 1469 Πέτρος
3107 1397 3237 1455 εἶπε
3265 1400 3375 1473 (85)
3400 1417 3413 1431 ·
3440 1401 3765 1471 Μηδαμῶς,

2189 1488 2397 1557 Κύριε⁶
2432 1489 2522 1543 ὅτι
2556 1489 2841 1545 οὐδέποτε
2876 1492 3105 1562 ἔφαγον
3141 1491 3265 1546 πᾶν
3301 1493 3507 1547 κοινὸν
3532 1491 3571 1560 ἦ
3612 1491 3764 1546 ἀκά-

2190 1585 2430 1651 θαρτον.
2452 1582 2560 1635 Καὶ
2577 1583 2745 1652 φωνὴ
2767 1582 2952 1638 πάλιν
2969 1585 3037 1638 ἐκ
3066 1583 3347 1654 δευτέρου
3370 1583 3519 1654 πρὸς
3543 1584 3761 1638 αὐτόν·

2198 1674 2257 1728 Ἀ
2275 1676 2308 1727 ὀ
2333 1672 2477 1739 Θεὸς
2496 1672 2830 1743 ἐκαθάρισε,
2847 1674 2928 1727 σὺ
2943 1672 3027 1744 μὴ
3053 1675 3280 1728 κοίνου.
3301 1658 3478 1727 ΠΡΟΣ
3504 1675 3670 1729 ΚΟΡ.
3688 1654 3761 1743 β’.

2194 1762 2530 1833 Λογισμοὺς
2554 1765 2993 1833 καθαιροῦντες,
3040 1765 3137 1819 καὶ
3183 1765 3308 1820 πᾶν
3340 1765 3559 1834 ὕψωμα
3599 1766 3765 1820 ἐπαι-

2473 1824 2625 1911 κατὰ
2670 1824 2780 1925 τής
2819 1824 3092 1926 γνώσεως
3134 1855 3259 1935 τοῦ.
3292 1824 3439 1911 Θεοῦ
3470 1824 3609 1930 (84),
3663 1858 3762 1912 καὶ

2189 1947 2716 2017 αἰχμαλωτίζοντες
2743 1947 2867 2005 πᾶν
2896 1951 3091 2019 νόημα
3110 1951 3197 2016 εἰς
3224 1948 3337 2019 τὴν
3353 1949 3635 2021 ὑπακοὴν
3656 1950 3764 2005 τοῦ

2188 2039 2466 2110 Χριστοῦ.

2827 2135 3000 2188 ΟΡΟΣ
3048 2135 3127 2190 9'.

2190 2224 2311 2279 Ὅτι
2345 2226 2407 2279 οὗ
2431 2225 2514 2278 δεῖ
2536 2225 2755 2297 ἀμελεῖν
2776 2227 2879 2298 τῆς
2909 2226 3016 2282 τῶν
3047 2228 3444 2285 ἐπιϐαλλόντων
3470 2228 3725 2300 γνώσεως
3742 2247 3760 2262 ·

2263 2317 2399 2388 μετὰ
2458 2318 2729 2389 προσοχῆς
2773 2318 2831 2372 δὲ
2879 2319 2990 2373 τῶν
3028 2319 3123 2373 τοῦ
3170 2319 3372 2391 Κυρίου
3419 2319 3594 2389 λόγων
3646 2319 3769 2391 (85),

2258 2409 2524 2465 ἀκούοντα
2550 2410 2807 2477 συνιέναι,
2836 2411 2931 2466 καὶ
2960 2414 3134 2468 ποιεῖν
3157 2412 3217 2465 τὸ
3239 2410 3451 2484 θέλημα
3477 2411 3669 2466 αὐτοῦ.

2800 2619 3026 2691 Κεφάλ.
3055 2625 3103 2676 Α

2260 2711 2625 2766 ΜΑΤΘΑΙΟΣ.
2689 2711 3044 2779 Ἀποκριθεὶς
3103 2710 3173 2765 δὲ
3225 2714 3260 2765 ὁ
3314 2710 3541 2780 Πέτρος
3589 2710 3761 2766 εἶπεν

2186 2802 2345 2870 αὐτῷ
2363 2822 2376 2834 ·
2412 2803 2650 2874 Φράσον
2671 2803 2816 2873 ἡμῖν
2830 2801 2946 2871 τὴν
2962 2801 3312 2872 παραϐολὴν
3334 2803 3581 2870 ταύτην.
3610 2801 3674 2855 '0
3691 2799 3762 2855 δὲ

2200 2896 2427 2964 Ἰησοῦς
2451 2892 2620 2951 εἶπεν
2642 2911 2655 2925 ·
2699 2894 2927 2965 Ἀκμὴν
2957 2895 3056 2951 καὶ
3074 2894 3242 2964 ὑμεῖς
3266 2895 3555 2949 ἀσύνετοί
3578 2895 3761 2959 eote;

2192 2987 2367 3042 Οὔπω
2397 2985 2606 3053 νοεῖτε,
2639 2987 2727 3040 ὅτι
2765 2986 2889 3042 πᾶν
2931 2987 2998 3040 τὸ
3029 2988 3532 3057 εἰσπορευόμενον
3563 2991 3655 3055 εὶς
3690 2989 3760 3042 τὸ

2186 3080 2381 3150 στόμα
2410 3081 2497 3146 εὶς
2537 3079 2651 3148 τὴν
2687 3079 2925 3134 κοιλίαν
2956 3080 3150 3150 χωρεῖ,
3180 3080 3278 3134 καὶ
3321 3082 3410 3147 εἰς
3443 3079 3763 3150 ἀφεδρῶνα

518 3183 570 3226 ει
615 3187 680 3227 ea
721 3171 1061 3243 coinquinant
1105 3170 1405 3227 hominem?
1459 3167 1679 3240 (Matth.
1721 3184 1813 3233 xv,
1867 3165 2085 3238 15-18.)

2190 3170 2539 3227 ἐκϐάλλεται
2555 3188 2575 3236 ;
2602 3172 2674 3225 τὰ
2711 3170 2779 3225 δὲ
2807 3172 3247 3242 ἐκπορευόμενα
3283 3173 3351 3227 ἐκ
3378 3172 3487 3228 τοῦ
3531 3178 3761 3245 στόμα-

520 3264 654 3320 Cum
676 3264 842 3337 quiuis
871 3262 1024 3318 audit
1061 3278 1351 3317 sermonem
1382 3263 1548 3333 regni,
1594 3270 1643 3316 et
1686 3277 1791 3316 non
1822 3259 2087 3326 intelligit,

518 3357 656 3410 venit
696 3356 893 3419 malus,
920 3365 971 3410 et
1008 3357 1148 3425 rapit
1183 3355 1321 3426 quod
1363 3354 1680 3409 seminatum
1726 3362 1805 3408 est
1842 3354 1897 3407 in
1933 3345 2090 3407 corde

516 3449 631 3517 ejus
657 3449 778 3503 :hic
824 3455 902 3503 est
931 3449 1022 3519 qui
1063 3463 1210 3501 secus
1254 3446 1393 3502 uiam
1431 3446 1718 3500 seminatus
1745 3453 1824 3499 est
1867 3440 2086 3515 (Matth.

516 3555 638 3603 xm,
702 3539 837 3612 19).
892 3537 958 3593 Ει
1015 3539 1179 3610 paulo
1231 3544 1407 3608 post:
1444 3536 1551 3604 Qui
1628 3544 1804 3591 autem
1875 3535 1930 3588 in
1983 3542 2090 3587 ter-

515 3646 633 3684 ram
661 3631 850 3685 bonam
882 3630 1172 3684 seminatus
1208 3636 1307 3695 est,
1343 3627 1425 3680 hic
1455 3634 1536 3682 est
1572 3626 1662 3697 qui
1697 3626 1847 3680 audit
1891 3638 2090 3679 sermo-

515 3737 654 3787 nem,
684 3729 734 3777 et
764 3721 1012 3791 intelligit
1041 3736 1060 3775 :
1086 3720 1177 3792 qui
1209 3721 1427 3792 denique
1443 3719 1675 3789 fructum
1713 3717 1889 3787 aﬂ'ert,
1923 3723 1974 3770 et
2003 3714 2089 3784 fa-

514 3816 606 3881 cit,
635 3814 775 3869 alius
811 3814 1019 3885 quidem
1053 3793 1410 3877 centeiimum,
1448 3812 1586 3866 alius
1618 3818 1793 3865 autem
1822 3808 2089 3879 sexagesi-

513 3923 679 3975 mum,
740 3906 878 3961 alius
943 3922 1061 3961 vero
1119 3905 1437 3960 tricesimum
1470 3904 1622 3974 (ibid.
1668 3901 1801 3973 23).
1871 3899 1940 3954 Et
1998 3899 2089 3954 ad-

512 4014 704 4052 uocans
753 4005 918 4052 totam
970 3996 1200 4061 turbam,
1246 3995 1451 4050 dicebat
1498 3994 1609 4048 illis
1635 4009 1653 4046 :
1688 3991 1877 4045 Audite
1918 4005 1999 4044 me
2035 3997 2088 4045 et

510 4092 791 4161 intelligite
843 4088 1041 4160 (Nare.
1114 4103 1212 4153 vn,
1269 4087 1401 4159 14).
1484 4083 1663 4140 Videte
1723 4084 1899 4153 itaque
1960 4097 2089 4151 quo-

512 4179 667 4234 modo
699 4188 849 4236 caute
879 4177 1156 4233 ambuletis
1187 4193 1207 4232 :
1234 4192 1338 4233 non
1374 4176 1527 4247 quasi
1562 4175 1883 4243 insipientes,
1911 4173 2003 4227 sed
2024 4182 2084 4225 ut

510 4275 770 4342 sapientes
800 4289 818 4326 :
842 4271 1149 4326 redimentes
1203 4277 1422 4339 tempus.
1470 4269 1721 4339 quoniam
1781 4266 1895 4320 dies
1953 4262 2087 4318 mali

509 4373 653 4419 sunt.
687 4362 977 4432 Propterea
1009 4361 1168 4419 nolite
1210 4361 1327 4432 ﬁeri
1364 4357 1741 4428 imprudentes.
1784 4356 1877 4412 sed
1922 4356 2084 4411 intel-

510 4457 725 4526 ligentes
748 4470 864 4526 quo:
893 4455 962 4509 sit
988 4453 1229 4510 voluntas
1258 4451 1357 4508 Dei
1390 4450 1604 4524 (Ephes.
1636 4467 1690 4518 ν,
1710 4449 1926 4516 15-17).

506 4760 664 4830 Quod
691 4760 742 4815 in
768 4759 934 4813 rebus
962 4754 1183 4811 minime
1224 4752 1292 4807 ad
1335 4766 1437 4807 nos
1483 4748 1881 4821 pertinentibus
1897 4742 2087 4805 nullo-

855 4844 1016 4901 modo
1041 4842 1304 4899 debemus
1330 4838 1541 4895 curiosi
1585 4852 1728 4909 esse.

1082 5012 1087 5017 .
1150 4957 1432 5017 Canutll.

1082 5012 1087 5017 .
1150 4976 1226 5017 ua
1303 4976 1323 5015 t
1343 4976 1432 5013 ιι.

578 5062 643 5124 Et
668 5072 785 5133 post
817 5058 1103 5115 buccellam
1131 4976 1367 5109 intriivit
1392 5053 1448 5106 in
1474 5064 1592 5105 eum
1616 5047 1871 5103 Satanas.
1898 5043 1969 5101 Et
1996 5045 2080 5100 di-

2187 3280 2309 3330 τος,
2343 3265 2412 3318 ὲκ
2454 3260 2566 3333 τῆς
2612 3263 2856 3333 καρδίας
2900 3263 3220 3334 ἐξέρχεται,
3260 3265 3359 3319 καὶ
3406 3266 3604 3320 κοινοῖ
3654 3266 3763 3320 τὸν

2188 3356 2500 3426 ἄνθρωπον
2511 3373 2534 3422 ;
2584 3397 2599 3411 .
2645 3396 2659 3411 .
2704 3393 2720 3410 .
2761 3396 2775 3411 .
2826 3398 2842 3413 .
2902 3358 3134 3423 Παντὸς
3162 3358 3487 3425 ἀκούοντος
3511 3359 3621 3413 τὸν
3654 3360 3760 3414 λό-

2186 3466 2296 3519 γον
2324 3448 2435 3517 τῆς
2457 3449 2800 3516 βασιλείας,
2824 3446 2923 3503 καὶ
2956 3448 3042 3519 μὴ
3085 3449 3421 3517 συνιέντος,
3455 3450 3697 3520 ἔρχεται
3727 3454 3763 3505 ό

2187 3541 2469 3610 πονηρὸς,
2501 3540 2600 3593 καὶ
2630 3539 2867 3609 ἁρπάζει
2903 3540 2970 3594 τὸ
3000 3541 3381 3612 ἐσπαρμένον
3403 3542 3473 3596 ἐν
3498 3541 3576 3611 τῇ
3614 3559 3763 3611 uap-

2186 3631 2286 3700 δίςι
2311 3632 2516 3686 αὐτοῦ.
2542 3627 2729 3696 Οὗτός
2746 3633 2915 3686 ἐστιν
2940 3635 3153 3702 ἅπαρὰ
3178 3632 3292 3702 τὴν
3317 3632 3462 3689 όδὸν
3479 3635 3759 3702 σπαρείς.

2186 3725 2292 3781 Καὶ
2321 3724 2436 3797 μετ’
2463 3724 2641 3793 ὀλίγον
2670 3723 2801 3796 (86)°
2842 3724 2895 3776 Ὁ
2923 3723 2991 3777 δὲ
3014 3724 3111 3778 ἐπὶ
3140 3727 3253 3792 τὴν
3280 3724 3398 3794 γῆν
3419 3723 3534 3793 τὴν
3559 3723 3764 3792 καλὴν

2185 3818 2456 3888 σπαρείς,
2508 3815 2686 3884 οὗτός
2714 3818 2886 3872 ἐστιν
2918 3820 2953 3872 ό
2996 3816 3103 3872 τὸν
3150 3819 3336 3887 λόγον
3378 3817 3617 3873 ἀκούων
3660 3818 3766 3872 και

2184 3910 2433 3975 συνιὼν,
2467 3910 2535 3977 ὃς
2562 3908 2638 3979 δὴ
2672 3910 3050 3980 καρποφορεῖ,
3084 3910 3181 3963 καὶ
3221 3908 3383 3963 ποιεῖ
3417 3913 3450 3963 ό
3470 3908 3591 3978 μὲν
3619 3909 3762 3964 ἐκα-

2183 4004 2311 4070 τόν,
2337 4008 2370 4060 ό
2390 4005 2457 4058 δὲ
2482 4004 2796 4074 ἐξήκοντα,
2821 4007 2854 4058 ό
2873 4003 2941 4057 δὲ
2957 4002 3294 4072 τριάκοντα.
3319 4002 3625 4057 ΜΔΡΚΟΣ.
3647 3999 3763 4055 Καὶ

2184 4095 2753 4166 προσκαλεσάμενος
2791 4093 2988 4149 πάντα
3031 4094 3139 4148 τὸν
3178 4095 3386 4163 ὄχλον,
3433 4093 3603 4147 εἶπεν
3653 4095 3763 4147 αὐ-

2183 4186 2345 4252 τοῖς’
2393 4186 2656 4241 Ἀκούετέ
2698 4204 2838 4256 μου,
2881 4185 2981 4240 καὶ
3027 4186 3288 4239 συνίετε.
3337 4184 3519 4237 ΠΡΟΣ
3561 4184 3759 4238 ΕΦΕΣ.

2182 4277 2446 4333 Βλέπετε
2493 4272 2607 4332 οὖν
2636 4275 2763 4343 πῶς
2805 4274 3059 4344 ἀκριϐῶς
3098 4274 3468 4344 περιπατεῖτε
3488 4291 3504 4305 ·
3548 4274 3636 4344 μὴ
3677 4275 3761 4341 ὠς

2181 4369 2420 4440 ἄσοφοι,
2447 4369 2586 4425 ἀλλ’
2617 4370 2698 4436 ὡς
2724 4369 2906 4439 σοφοί
2921 4366 2949 4400 ·’
2969 4367 3452 4438 ἐξαγοραζόμενοι
3493 4368 3604 4422 τὸν
3634 4384 3762 4421 και-

2110 4496 2157 4553 D
2176 4462 2310 4531 ρὸν,
2349 4461 2438 4516 ὅτι
2575 4460 2809 4553 ἡμέραιν
2837 4461 3093 4553 πονηραί
3128 4462 3267 4553 εἱσι.
3302 4460 3407 4553 Δια
3667 4457 3758 4526 μὴ

2190 4553 2431 4622 γίνεσθε
2473 4551 2746 4623 ἄφρονες,
2782 4551 2944 4607 ἀλλὰ
2967 4551 3275 4618 συνιέντες
3319 4550 3377 4605 τί
3418 4548 3483 4604 τὸ
3529 4548 3761 4619 θέλημα

2189 4644 2297 4698 τοῦ
2335 4642 2500 4697 Θεοῦ.

2192 4754 2311 4810 ὀτι
2351 4757 2481 4829 περὶ
2524 4756 2633 4811 τῶν
2673 4756 2748 4829 μὴ
2787 4754 3185 4810 ἐπιϐαλλόντων
3235 4753 3296 4807 οὐ
3348 4753 3432 4807 δεῖ
3470 4752 3757 4824 πολυπρα-

2834 4849 3079 4918 γμονεῖν.

2840 4960 3017 5015 εωᾱλ.
3059 4964 3140 5014 B'.

2840 4977 2872 5014 ε
2918 4964 3017 5015 άλ.
3059 4964 3140 5014 B'.

2252 5054 2571 5109 ΙΩΔΝΝΗΣ.
2602 5053 2713 5109 Kal
2735 4964 2981 5124 μειξὰφτὸ
3008 5053 3260 5122 ψωμίον,
3297 5053 3432 5105 τότε
3467 5050 3763 5119 εἰσῆλθεν

500 5159 570 5212 cit
601 5153 825 5210 eiJesus
860 5168 879 5206 :
906 5148 1060 5218 Quod
1088 5147 1245 5219 facis,
1265 5146 1353 5216 {ac
1372 5144 1549 5199 citius.
1583 5139 1699 5226 Hoc
1732 5146 1909 5193 autem
1927 5153 2078 5193 nemo

2190 5149 2265 5213 εὶς
2286 5146 2522 5201 ἐκεῖνον
2554 5149 2588 5201 ό
2616 5143 2903 5211 Σατανᾶς.
2932 5144 3101 5215 Λέγει
3124 5143 3284 5210 αὐτῷ
3326 5147 3359 5198 ὀ
3397 5143 3658 5212 Ἰησοῦς·
3692 5146 3757 5197 Ὁ

498 5249 649 5305 scivit
672 5242 1132 5305 discumbentium,
1161 5238 1231 5295 ad
1252 5237 1383 5309 quid
1402 5235 1600 5290 dixitei
1625 5232 1810 5303 (Joau.
1837 5228 2076 5296 xm,27,

2190 5238 2388 5306 ποιεῖς,
2440 5239 2700 5307 ποίησον
2741 5236 2970 5308 τάχιον.
3024 5237 3208 5292 Τοῦτο
3242 5236 3311 5290 δὲ
3351 5236 3559 5303 οὐδεὶς
3604 5237 3758 5305 ἐτνω

495 5342 589 5409 28)
616 5379 630 5393 .
679 5337 853 5408 Igitur
909 5336 1000 5407 qui
1056 5341 1422 5400 convenerant.
1478 5326 1879 5397 interrogabant
1930 5339 2071 5389 eum,

2190 5328 2298 5384 τῶν
2326 5329 2749 5400 ἀνακειμένων,
2773 5331 2924 5397 πρὸς
2951 5330 3008 5383 τι
3028 5326 3199 5383 εἷπεν
3220 5328 3398 5395 αὐτῷ.
3436 5330 3755 5383 ΠΡΑΞΕῙΣ.

495 5435 723 5489 dicentes
759 5445 777 5482 :
817 5426 1059 5493 Domine,
1077 5427 1122 5481 si
1151 5427 1207 5499 in
1230 5434 1455 5492 tempore
1471 5422 1567 5477 hoc
1595 5422 1835 5474 restitues
1857 5429 2073 5486 regnum

2190 5427 2244 5478 οι
2261 5422 2380 5494 μὲν
2410 5419 2524 5479 οὖν
2546 5424 2945 5489 συνελθόντες
2988 5421 3303 5491 ἐπηρώτων
3324 5420 3517 5477 αὐτὸν
3550 5420 3757 5492 λέγον-

569 5593 682 5664 (85)
711 5592 892 5664 Egltio
918 5591 1193 5664 Parisuet
1233 5597 1413 5664 textus
1464 5579 1907 5664 sacfrovulgt‘irtus
1944 5580 1973 5631 ὁ
2174 5591 2362 5664 contra
2389 5583 2680 5664 potentiam
2913 5652 2925 5664 _
3076 5651 3101 5663 _
3138 5654 3180 5664 η
3267 5652 3279 5664 _
3386 5651 3405 5664 ‘
3432 5654 3445 5664 .
3601 5649 3642 5664 _
3712 5648 3751 5663 Η

499 5647 703 5733 napi;
741 5647 882 5717 εἶπε.
915 5661 1051 5715 Illud
1078 5657 1352 5733 .einanec
1400 5647 1922 5733 in_editione'Ven.
1968 5661 2071 5703 nec

2244 5653 2363 5733 (85)
2389 5647 2645 5733 Utroque
2681 5652 2852 5733 editio
2878 5651 3344 5733 xbv'xoﬁoxu‘plou
3386 5651 3569 5722 λόγον.
3600 5648 3755 5723 Regii

498 5734 558 5790 in
590 5722 792 5787 tios-tris
813 5732 1088 5785 veteribus
1119 5731 1272 5784 libris
1306 5726 1597 5795 invenitur.
1833 5789 1858 5795 _
1915 5789 1941 5795 Α
2012 5787 2036 5795 _

2190 5722 2469 5795 primus_et
2500 5724 2698 5778 tertius
2720 5722 2829 5775 τῶν
2856 5722 3187 5795 τοῦ-Κυρίου
3219 5722 3413 5792 λόγων.

558 5802 682 5877 (8!)
704 5799 847 5873 Reg.
876 5802 1090 5877 primus
1139 5799 1279 5853 κατὰ
1308 5798 1404 5869 τῆς
1448 5792 1728 5864 δυνάμεως
1767 5789 1861 5844 τοῦ
1907 5787 2064 5856 Θεοῦ,

2190 5787 2192 5794 ’
2246 5793 2357 5864 (86)
2388 5789 2522 5865 Reg.
2552 5797 2760 5863 primus
2787 5794 2902 5863 μετ’
2927 5787 3103 5861 ὀλίγα.
3216 5880 3219 5881 ν
