3982 6240
211 310 317 368 717

1678 297 2006 355 MORALIA.

3354 300 3454 359 7l8

208 448 342 498 τες·
371 430 569 499 Κύριε,
612 432 665 483 εί
701 430 769 484 ἐν
811 430 890 496 τῷ
933 429 1131 499 χρόνῳ
1162 431 1349 498 τούτῳ
1385 430 1787 486 ἀποκαθιστάψ

1906 420 2066 479 lsrael
2083 427 2108 479 ?
2133 424 2281 478 Dixit
2310 433 2484 479 autem
2503 425 2579 478 eis
2605 439 2623 476 :
2650 422 2772 477 Non
2798 431 2875 477 est
2905 434 3131 477 vestrum
3155 439 3304 475 nosse
3329 432 3452 475 tem-

206 535 336 584 νεις
359 519 474 586 τὴν
490 519 821 581 βασιλείαν
846 517 925 583 τῷ
953 518 1199 589 Ἰσραήλ
1222 539 1239 584 ;
1264 522 1411 576 Eine
1429 523 1497 575 δὲ
1516 521 1663 592 πρὸς
1686 524 1787 574 αὺ-

205 610 351 674 τούς
367 625 383 638 ·
424 611 547 676 Οὐχ
570 608 743 677 ὑμῶν
766 609 898 662 ἐστι
928 609 1147 678 γνῶναι
1169 612 1423 679 χρόνους
1448 612 1486 680 ἢ
1520 612 1782 680 καιροὺς,

207 700 319 766 οὓς
342 704 374 753 ό
402 699 603 767 Πατὴρ
634 700 803 754 ἔθετο
835 700 903 752 ἐν
934 698 1007 768 τῇ
1041 700 1158 767 ίδίᾳ
1182 702 1452 770 ἐξουσίᾳ.

208 816 335 868 ’Ὁτι
362 813 493 866 ἴδιον
520 811 631 865 τῶν
679 813 912 883 ἐχόντων
952 813 1185 883 σπουδὴν
1217 814 1313 883 τῆς
1345 814 1480 886 πρὸς
1508 814 1615 884 (87)
1653 814 1784 866 Θεὸν

332 907 744 977 εὐαρεστήσεως
767 905 827 958 τὸ
859 909 952 960 καὶ
985 909 1267 979 ἐπερωτᾷν
1291 910 1419 979 περ)⁸
1455 902 1530 962 ὧν
1555 909 1651 963 δεῖ.

837 1086 1058 1154 Κεφάλ.
1088 1089 1170 1140 Γν.

274 1174 647 1229 ΜΔΤΘΑῘΟΣ.
702 1176 813 1231 Καὶ
848 1177 1198 1247 προσῆλθον
1237 1179 1397 1244 αὺτῷ
1439 1184 1493 1233 ol
1527 1180 1783 1249 μαθηταὶ

199 1265 395 1320 αὐτοῦ
447 1266 763 1334 λέγοντες·
806 1268 1044 1335 Φράσον
1087 1270 1231 1339 ἡμῖν
1270 1271 1383 1338 τὴν
1432 1272 1783 1340 παραϐολὴν

202 1357 327 1411 τῶν
411 1356 675 1419 ζιζανίων
737 1361 844 1414 τοῦ
910 1362 1112 1431 ἀπροῦ.
1166 1403 1179 1416 .
1229 1402 1243 1416 .
1307 1364 1417 1417 Kal
1476 1364 1635 1429 ἰδοὺ,
1691 1360 1781 1430 εἷς

203 1449 581 1517 προσελθὼν,
628 1447 798 1504 εἶπεν
842 1454 999 1520 αὐτῷ
1021 1474 1034 1486 ο
1091 1455 1428 1509 Διδάσκαλε
1478 1456 1680 1525 ἀγαθὲ,
1726 1456 1783 1509 τί

203 1542 433 1612 ἀγαθὸν
454 1542 709 1610 ποιήσω,
730 1545 830 1598 ἵνα
855 1546 971 1616 ἕχω
999 1545 1151 1616 ζωὴν
1181 1548 1451 1612 αἰώνιον-ς
1480 1549 1776 1603 ΛΟΥΚΑΣ.

210 1635 457 1704 Ἔλεγεν
483 1635 597 1689 οὖν
644 1635 768 1703 τοῖς
803 1638 1292 1708 ἐκπορευομένοις
1331 1640 1535 1709 ὄχλοις
1566 1641 1780 1705 ,βαπτι-

205 1726 425 1795 σθῆναι
450 1729 553 1781 ὑπ’
584 1728 770 1782 αὐτοῦ
790 1746 805 1760 ο
846 1731 1200 1800 Γεννήματα
1239 1731 1513 1801 ἐχιδνῶν,
1548 1734 1640 1798 τίς
1670 1736 1781 1787 ὺπ-

205 1821 433 1885 έδειξεν
468 1822 611 1891 ὑμῖν
644 1824 858 1892 φυγεῖν
887 1824 1003 1879 ἀπὸ
1045 1826 1153 1894 τῆς
1187 1828 1536 1895 μελλούσης
1564 1826 1779 1896 ὀρτῆς;

205 1918 314 1970 Καὶ
341 1920 463 1989 μετ’
491 1918 669 1987 ὀλίγαο
700 1918 810 1972 Καὶ
842 1918 1154 1987 ἐπηρώτων
1186 1920 1372 1973 αὐτόν
1400 1922 1453 1973 oi
1488 1919 1657 1987 ὄχλοι
1685 1918 1783 1972 λέ-

205 2026 446 2080 γοντες·
524 2011 585 2064 Ti
636 2011 971 2081 ποιήσομεν
1022 2012 1165 2082 (88);
1229 2011 1460 2083 Ὁμοίως
1518 2010 1781 2076 τελῶναι,

204 2100 402 2169 ὁμοίιος
448 2103 892 2173 στρατευόμενοι.
943 2102 1255 2155 ΠΡΑΞΕΙΣ.
1301 2101 1689 2165 Ἀκούσαντες
1718 2098 1786 2151 δὲ

205 2197 631 2263 κατενύγησαν
658 2195 774 2263 τὴν
804 2195 1072 2263 καρδίαν,
1096 2192 1269 2249 εἶπόν
1293 2210 1355 2247 τε
1380 2194 1530 2262 ,πρὸς
1554 2193 1661 2247 τὸν
1680 2192 1787 2246 Πέ-

206 2302 364 2352 τρον,
394 2284 497 2338 καὶ
534 2286 678 2351 τοὺς
714 2285 966 2350 λοιποὺς
998 2286 1408 2351 ἀποστόλους·
1453 2286 1511 2338 Τί
1540 2284 1788 2351 ποιήσο-

204 2394 336 2447 μεν,
377 2377 600 2447 ἄνδρες
639 2379 749 2451 (89)
782 2379 1037 2447 ἀδελφοί
1052 2396 1071 2443 ;

211 2494 326 2547 Ὅτι
346 2494 429 2546 δεῖ
450 2494 862 2566 ἐπερωτωμένῳ
889 2494 1193 2565 φροντίζειν
1212 2495 1322 2565 (90)
1346 2492 1637 2562 ἀξιολόγως
1656 2493 1790 2546 ἀπο-

851 2586 1157 2658 κρίνεσθαι.

832 2682 1053 2768 Κέφάλ.
1097 2701 1169 2751 Δ’.

274 2792 581 2849 ΛΟΥΚΑΣ.
623 2792 735 2845 Kal
777 2791 926 2857 ἰδοὺ,
961 2792 1205 2861 νομικός
1232 2808 1320 2858 τις
1341 2790 1568 2861 ἀνέστη
1595 2792 1792 2845 ἐκπει-

206 2887 393 2957 ράζων
414 2886 628 2950 αὐτὸν,
655 2885 753 2940 καὶ
789 2885 1008 2953 λέγων·
1036 2882 1392 2949 Διδάσκαλε,
1420 2885 1477 2937 τί
1508 2884 1789 2951 ποιήσας,

210 2977 364 3046 ὢὴν
383 2977 632 3032 αἰώνιον
654 2973 1089 3045 κληρονομήσω
1110 2990 1127 3038 ;
1153 2975 1301 3029 Εἷπε
1323 2973 1390 3027 δὲ
1408 2974 1556 3042 πρὸς
1577 2975 1789 3027 αὐτόν’

224 3070 317 3122 Ἐν
346 3068 428 3134 τῷ
480 3071 643 3136 νόμῳ
683 3068 739 3119 τί
768 3067 1121 3135 τέγραπται;
1168 3065 1293 3131 πῶς
1327 3065 1790 3134 ἀναγινώσκεις;

1906 3110 2039 3154 ctum
2062 3104 2183 3156 est?

223 3163 274 3215 '0
304 3161 372 3215 δὲ
404 3159 753 3229 ἀποκριθεὶς
783 3156 952 3212 εἶπεν
971 3174 983 3185 ·
1030 3158 1387 3228 Ἀγαπήσεις
1426 3159 1647 3225 Κύριον
1688 3160 1793 3210 τὸν

214 3255 361 3308 Θεόν
386 3269 505 3307 σου
536 3251 609 3315 ἐξ
640 3250 788 3317 ὅλης
815 3250 927 3317 τῆς
977 3250 1219 3317 καρδίας
1253 3265 1391 3313 σου,
1422 3250 1519 3303 καὶ
1550 3249 1619 3315 ἐξ
1644 3250 1792 3317 ὅλης

212 3341 321 3411 τῆς
348 3339 560 3410 ψυχῆς
586 3356 725 3405 σου,
773 3340 870 3393 καὶ
917 3339 986 3403 ἐξ
1020 3339 1165 3407 ὅλης
1194 3339 1303 3409 τῆς
1344 3340 1611 3406 διανοίας
1652 3355 1791 3405 σου,

210 3435 311 3489 καὶ
334 3434 443 3486 τὸν
472 3433 744 3501 πλησίον
766 3447 881 3484 σου
910 3432 989 3495 ὡς
1013 3432 1247 3485 ἑαυτόν.
1269 3430 1415 3486 Eine
1438 3432 1503 3485 δὲ
1525 3433 1673 3501 πρὸς
1698 3436 1796 3487 αὺ-

210 3529 353 3581 τόν⁶
400 3525 617 3593 Ὀρθῶς
652 3525 995 3593 ἀπεκρίθης.
1052 3523 1227 3578 Τοῦτο
1266 3527 1439 3591 ποίει,
1476 3523 1574 3577 καὶ
1620 3524 1790 3596 ζήσῃ.

213 3619 393 3674 ΠΡΟΣ
417 3618 712 3671 ΚΟᾹΟΣΣ.
754 3618 1009 3686 Ὀλόγος
1026 3616 1191 3686 ὑμῶν
1218 3617 1473 3670 πάντοτε
1489 3618 1557 3670 ἐν
1576 3617 1792 3687 χάριτι,

213 3710 387 3768 ἅλατι
404 3708 765 3779 ἠρτυμένος.
784 3708 1001 3761 εἰδέναι
1022 3708 1145 3774 πῶς
1160 3708 1254 3761 δεῖ
1266 3707 1421 3778 ὑμᾶς
1446 3710 1535 3762 ἐνὶ
1562 3710 1797 3774 ἑκάστῳ

215 3807 674 3874 ἀποκρίνεσθαι.

219 3921 343 3973 Ὀτι
366 3923 548 3991 χεῖρον
580 3919 679 3989 μὲν
700 3918 811 3989 (91)
834 3918 896 3972 τὸ
920 3920 1093 3991 κρῖμα
1114 3918 1221 3971 τῶν
1258 3918 1563 3984 συνιέντων,
1595 3920 1689 3971 καὶ
1722 3918 1797 3989 μὴ

287 4016 625 4067 ποιούντων·
671 4012 793 4065 οὔτε
820 4012 874 4065 δὲ
916 4013 977 4065 τὸ
1018 4014 1158 4066 κατὰ
1198 4012 1418 4080 ἄγνοιαν
1462 4013 1798 4083 ἁμαρτάνειν

288 4108 591 4162 ἀκίνδυνον.

853 4220 1071 4289 Κεφὰλ.
1110 4222 1189 4274 E'.

293 4315 596 4370 ΛΟΥΚΑΣ.
639 4313 896 4378 Ἐκεῖνος
920 4312 988 4366 δὲ
1027 4316 1059 4366 ό
1086 4313 1323 4379 δοῦλος,
1361 4316 1394 4367 ὀ
1417 4314 1596 4383 γνοὺς
1626 4314 1691 4367 τὸ
1712 4313 1801 4367 θέ-

221 4412 383 4478 λημα
412 4408 521 4461 τοῦ
551 4406 762 4473 κυρίου
806 4405 1011 4469 αὑτοῦ,
1044 4406 1139 4458 καὶ
1162 4405 1248 4474 μὴ
1281 4405 1622 4474 ἑτοιμάσας,
1649 4404 1803 4474 μηδὲ

224 4500 487 4565 ποιήσας
524 4499 677 4567 πρὸς
712 4497 775 4550 τὸ
810 4497 1036 4565 θέλημα
1065 4497 1269 4561 αὐτοῦ,
1297 4498 1619 4567 δαρήσεται
1656 4502 1803 4551 πολ-

225 4592 358 4659 λάς.
399 4594 465 4645 '0
494 4590 562 4643 δὲ
583 4590 671 4660 μὴ
710 4590 911 4658 γνοὺς,
959 4588 1216 4655 ποιήσας
1254 4589 1322 4643 δὲ
1357 4590 1497 4656 ἀξια
1533 4590 1799 4661 πληγῶν,

228 4682 548 4751 δαρήσεται
578 4684 808 4752 ὀλίγας.

884 4775 1055 4827 ΟΡΟΣ
1088 4775 1140 4827 I’.

586 4868 705 4918 Ὅτι
738 4865 887 4928 τέλος
916 4866 1188 4936 ἁμαρτίας
1217 4864 1461 4929 θάνατος.

846 4977 1069 5045 Κεφάλ.
1111 4984 1191 5031 Α’.

298 5070 624 5125 ΙΩΑΝΝΗΣ.
670 5069 733 5121 '0
766 5068 834 5121 δὲ
863 5067 1121 5122 ἀπειθῶν
1163 5067 1244 5133 τῷ
1290 5069 1397 5132 Υίῷ
1429 5073 1538 5125 οὐκ
1588 5072 1803 5141 ὄψεται

227 5161 339 5229 τὴν
361 5161 536 5230 ζωὴν,
567 5162 707 5216 ἀλλ’
739 5163 775 5229 ὴ
801 5160 945 5229 ὀργὴ
974 5160 1081 5213 τοῦ
1110 5162 1258 5215 Θεοῦ
1277 5162 1452 5231 μενεῖ
1474 5164 1567 5217 ἐπ’
1592 5170 1796 5223 αὐτόν.

300 5279 407 5347 (87)
440 5277 618 5333 Editio
648 5276 823 5349 Paris.
865 5277 1099 5349 σπουδὴν
1125 5278 1279 5349 πρός.
1326 5280 1508 5337 Codex
1550 5283 1797 5344 Combef.

230 5359 283 5407 et
308 5351 397 5404 alii
430 5350 542 5403 duo
572 5347 808 5417 σπουδὴν
837 5348 937 5417 τῆς
962 5347 1121 5417 πρός.

429 5419 611 5476 Editio
640 5416 911 5497 Paris.‘_e_t
956 5416 1086 5497 [ἶνες.
1121 5421 1312 5497 tertius
1362 5422 1425 5474 Τί
1464 5427 1797 5497 τεοιήσωμεν.

235 5491 329 5573 alii
355 5485 465 5546 duo
495 5504 638 5573 .mss.
675 5496 729 5544 et
764 5488 934 5573 editio
962 5485 1095 5573 Ven.
1135 5493 1449 5573 mijpouev.
1477 5485 1642 5550 Paulo
1678 5485 1802 5568 post

237 5560 584 5688 Beggtertius
606 5560 985 5628 κατενύγησαν
1007 5560 1072 5628 τῆ
1102 5560 1344 5634 καρδίᾳζ
1678 5560 1695 5568 ’

301 5632 318 5701 (
372 5632 409 5704 4)
439 5630 685 5699 Utraque
720 5630 892 5704 editio
942 5615 1272 5703 ποιήσωμεν,
1302 5632 1513 5704 ἄνδρες,
1556 5636 1623 5689 At
1664 5653 1797 5694 mss,

235 5704 338 5757 tres
370 5702 473 5757 hoc
503 5703 627 5757 loco
654 5703 969 5771 ποιήσομεν.

301 5770 406 5843 (90)
447 5772 601 5845 Regii
643 5768 859 5842 primus
897 5777 952 5824 et
990 5768 1183 5825 tertius
1214 5770 1293 5822 ὅτι
1325 5769 1407 5823 δεῖ
1433 5771 1798 5842 ἑπερωτωμέ-

1886 532 2016 584 pora
2046 516 2125 570 vel
2157 526 2437 581 momenta,
2472 532 2589 586 qua:
2620 511 2783 569 Pater
2820 517 2993 583 posuit
3045 517 3097 568 in
3139 532 3237 568 sua
3285 516 3453 582 ipsius

1887 616 2145 673 potestate
2175 609 2312 679 (Act.
2343 627 2380 675 ι,
2406 610 2459 675 6,
2495 610 2574 679 7).

1887 807 2041 874 Quod
2071 806 2352 876 proprium
2381 812 2465 859 est
2489 804 2809 874 eorum,qui
2841 804 2909 859 de
2938 805 3174 858 ineunda
3197 819 3320 858 cum
3347 805 3457 860 Deo

1955 901 2128 972 gratia
2159 898 2376 955 solliciti
2408 904 2556 961 sunt,
2586 897 2653 951 de
2674 896 2835 951 rebus
2861 896 2927 949 ad
2959 895 3192 951 oﬂicium
3216 898 3459 966 ipsorum

1955 993 2355 1064 pertinentibus
2387 991 2717 1060 percontari.

2508 1079 2680 1150 Caput
2725 1080 2841 1135 III.

1954 1176 2023 1230 Et
2070 1187 2401 1230 accesserunt
2456 1174 2523 1227 ad
2572 1192 2691 1229 eum
2731 1174 2981 1244 discipuli
3024 1174 3136 1243 ejus
3186 1175 3417 1230 dicentes
3444 1192 3461 1227 :

1884 1269 2133 1324 Edissere
2168 1268 2318 1321 nobis
2360 1268 2674 1336 parabolam
2715 1267 3051 1320 zizaniorum
3086 1268 3205 1337 agri
3240 1265 3463 1338 (Matth,

1882 1378 2005 1427 xm,
2056 1360 2189 1431 56).
2240 1359 2309 1414 Et
2354 1376 2488 1423 ecce,
2550 1376 2685 1412 unus
2730 1358 3000 1423 accedens,
3053 1361 3129 1411 ait
3180 1360 3311 1413 illi:
3347 1361 3468 1415 Ma-

1880 1456 2043 1526 gister
2075 1454 2222 1517 bone,
2252 1452 2377 1522 quid
2402 1452 2523 1506 boni
2551 1452 2770 1520 faciam,
2800 1462 2855 1504 ut
2875 1452 3095 1506 habeam
3122 1453 3284 1507 vitam
3311 1464 3469 1509 (cter-

1882 1550 2047 1602 nam?
2097 1545 2315 1617 (Matth.
2370 1562 2486 1611 xxx,
2532 1544 2639 1615 16.)
2698 1544 2916 1599 Dicebat
2974 1562 3096 1615 ergo
3151 1544 3219 1599 ad
3285 1546 3466 1600 turbas

1881 1654 1997 1709 qua:
2029 1639 2245 1693 exibant
2276 1648 2330 1691 ut
2358 1638 2755 1706 baptizarentur
2781 1637 2845 1689 ab
2875 1639 2987 1705 ipso
3019 1654 3035 1690 :
3070 1636 3347 1691 Genimina
3396 1639 3463 1691 vi-

1890 1747 2161 1801 perarum,
2189 1731 2307 1801 quis
2349 1730 2577 1783 ostendit
2619 1730 2763 1784 vobis
2792 1730 2971 1801 fugere
3016 1748 3049 1784 a
3079 1741 3298 1785 ventura
3345 1732 3469 1787 ira?

1892 1824 2043 1894 (Luc.
2090 1840 2173 1886 ιιι,
2232 1823 2306 1890 7.)
2358 1821 2425 1876 Ει
2489 1822 2651 1892 paulo
2711 1830 2834 1893 post
2877 1822 2992 1878 :Et
3070 1824 3469 1895 interrogabant

1882 1934 2001 1971 eum
2018 1915 2177 1988 243
2195 1914 2381 1977 turbw,
2399 1915 2663 1969 dicentes:
2683 1914 2824 1982 Quid
2848 1915 3101 1984 faciemus
3121 1918 3144 1967 Ρ
3164 1916 3315 1986 (ibid.
3345 1916 3459 1986 10);

1886 2008 2055 2063 Erant
2084 2015 2264 2062 autem
2303 2023 2425 2063 cum
2473 2007 2772 2077 publicani,
2814 2020 2926 2062 tum
2968 2009 3186 2065 milites.
3235 2009 3337 2065 His
3370 2028 3470 2065 au-

1887 2108 1989 2154 tem
2049 2099 2268 2163 auditis,
2318 2100 2617 2167 compuncti
2677 2108 2799 2153 sunt
2854 2100 3043 2166 corde,
3108 2111 3158 2155 et
3222 2101 3469 2155 dixerunt

1887 2191 1958 2245 ad
1993 2189 2232 2254 Petrum,
2262 2199 2311 2244 et
2335 2190 2404 2243 ad
2440 2191 2667 2260 reliquos
2695 2193 2997 2259 apostolos:
3024 2192 3167 2260 Quid
3188 2194 3467 2264 faciemus,

1890 2284 1987 2339 viri
2024 2284 2262 2353 fratres?
2311 2284 2450 2354 (Act.
2490 2300 2553 2347 ιι,
2584 2284 2698 2355 57.)

1892 2520 2046 2587 Quod
2073 2523 2377 2578 curandum
2414 2525 2486 2580 sit
2508 2526 2557 2580 ei
2590 2527 2684 2597 qui
2715 2527 3106 2597 interrogatur,
3143 2537 3203 2581 ut
3234 2534 3382 2583 recte
3411 2533 3470 2583 et

2326 2616 2587 2685 praeclare
2612 2619 2961 2687 respondeat.

2525 2732 2693 2802 Caput
2727 2733 2830 2787 IV.

1896 2869 1909 2885 ,
1976 2822 2047 2877 Et
2065 2840 2200 2889 ecce,
2237 2826 2454 2895 quidam
2481 2826 2810 2896 legisperitus
2839 2827 3071 2882 surrexit
3104 2836 3309 2882 tentans
3330 2844 3471 2893 eum,

1892 2929 1942 2974 et
1969 2919 2148 2973 dicens
2184 2934 2203 2973 :
2238 2917 2516 2989 Magister,
2565 2920 2691 2990 quid
2742 2920 2983 2988 faciendo
3014 2923 3175 2975 vitam
3220 2931 3475 2976 aeternam

1892 3011 2168 3079 possidebo
2188 3013 2213 3065 ?
2241 3011 2311 3062 At
2338 3010 2427 3064 ille
2459 3010 2596 3064 dixit
2614 3010 2683 3064 ad
2711 3029 2828 3066 eum
2860 3029 2877 3065 :
2907 3012 2972 3065 In
3019 3016 3127 3083 lege
3159 3014 3287 3084 quid
3324 3016 3473 3067 scri—

2219 3102 2477 3170 quomodo
2500 3103 2667 3172 legis?
2698 3102 2799 3157 Ille
2836 3105 3149 3173 respondens
3184 3106 3324 3160 dixit
3346 3106 3475 3160 :Di-

1896 3195 2022 3264 liges
2048 3194 2334 3247 Dominum
2364 3194 2526 3247 Deum
2552 3206 2699 3253 tuum
2728 3212 2792 3249 ea:
2824 3205 2930 3250 toto
2969 3197 3125 3251 corde
3162 3208 3272 3263 tuo,
3324 3208 3374 3251 et
3410 3214 3476 3253 ea:

1897 3296 2009 3340 tota
2034 3286 2216 3339 anima
2250 3295 2362 3349 tua,
2396 3297 2444 3341 et
2467 3303 2532 3341 ex
2575 3298 2687 3341 tota
2725 3298 2893 3343 mente
2926 3299 3038 3355 tua,
3077 3300 3128 3343 et
3169 3292 3475 3360 proximum

1897 3389 2044 3432 tuum
2103 3380 2241 3432 sicut
2301 3381 2541 3449 teipsum.
2601 3380 2847 3452 Dixitque
2900 3382 3213 3439 illi:Recle
3256 3401 3474 3453 respon-

1896 3471 2047 3526 disti.
2084 3471 2197 3526 Fac
2239 3472 2335 3527 hoc
2386 3484 2436 3527 et
2495 3475 2631 3529 vives
2682 3474 2832 3545 (Luc.
2887 3492 2942 3540 χ,
3006 3476 3231 3550 25-29).
3289 3477 3476 3532 Sermo

1896 3576 2061 3621 vester
2089 3580 2288 3634 semper
2334 3568 2391 3620 in
2432 3569 2629 3636 gratia,
2660 3568 2771 3621 sale
2800 3568 2867 3621 sit
2892 3569 3154 3634 conditus,
3205 3580 3263 3622 ut
3290 3572 3475 3624 sciatis

1896 3659 2155 3729 quomodo
2180 3676 2266 3713 vos
2309 3668 2543 3727 oporteat
2586 3661 2863 3731 unicuique
2904 3663 3213 3730 respondere
3247 3661 3473 3734 (Coloss.

1899 3769 1973 3815 ιν,
2000 3753 2075 3821 6).

1899 3914 2058 3980 Quod
2089 3913 2311 3985 gravius
2333 3913 2698 3983 estjudicium
2726 3928 2915 3968 eorum
2942 3914 3035 3984 qui
3066 3924 3356 3981 noverunt,
3374 3930 3476 3971 nec

1970 4020 2151 4064 tamen
2181 4007 2388 4063 faciunt
2421 4025 2433 4060 :
2466 4007 2593 4061 licet
2623 4023 2652 4061 a
2695 4007 2938 4077 periculo
2968 4023 3075 4062 non
3124 4020 3300 4075 vacet,
3350 4025 3478 4066 cum

1970 4104 2095 4173 quis
2125 4117 2221 4173 per
2244 4102 2603 4171 ignorantiam
2634 4109 2842 4171 peccat.

2545 4216 2716 4285 Caput
2774 4217 2815 4269 V

1974 4309 2076 4364 Ille
2109 4320 2285 4363 autem
2314 4325 2515 4371 servus,
2549 4311 2637 4378 qui
2667 4312 2905 4379 cognovit
2935 4312 3255 4365 voluntatem
3280 4313 3480 4369 domini

1906 4402 2008 4463 sui,
2039 4411 2089 4454 et
2118 4416 2221 4453 non
2252 4400 2589 4468 praparavit,
2617 4408 2665 4451 et
2691 4415 2794 4452 non
2822 4399 2945 4468 fecit
2978 4402 3261 4456 secundum
3300 4405 3482 4458 volun-

1910 4502 2071 4546 tatem
2100 4492 2236 4560 ejus,
2272 4490 2540 4558 vapulabit
2571 4490 2772 4545 multis.
2814 4491 2917 4557 Qui
2947 4503 3122 4548 autem
3158 4512 3262 4547 non
3293 4511 3483 4565 cogno-

1910 4586 2068 4648 vit,et
2101 4584 2224 4652 fecit
2253 4583 2416 4653 digna
2437 4583 2632 4653 plagis,
2666 4586 2938 4653 vapulabit
2977 4588 3158 4653 paucis
3194 4586 3344 4658 (Luc.
3380 4603 3478 4655 xu,

1908 4678 1996 4740 47,
2024 4677 2135 4745 48).

2500 4763 2778 4820 REGULA
2824 4768 2872 4820 Χ

2310 4859 2465 4925 Quod
2495 4859 2617 4916 linis
2656 4860 2861 4927 peccati
2900 4875 3068 4917 mors.

2544 4972 2718 5027 Caput
2774 4972 2824 5027 Ι.

2544 4990 2718 5042 caput
2774 4990 2824 5027 ι.

1981 5073 2085 5140 Qui
2114 5068 2411 5125 incredulus
2453 5076 2531 5121 est
2576 5064 2737 5133 Filio,
2790 5084 2892 5120 non
2935 5067 3123 5121 videbit
3157 5069 3340 5133 vitam,
3390 5069 3482 5124 sed

1909 5170 1995 5223 ira
2017 5163 2117 5218 Dei
2170 5160 2400 5215 manebit
2446 5173 2601 5227 super
2657 5174 2775 5212 eum
2827 5157 3009 5228 (Joan.
3060 5173 3142 5219 ιιι,
3184 5157 3310 5228 56).
3347 5156 3482 5213 Cum

1910 5305 2032 5350 νους
2064 5281 2387 5356 φροντίζειν,
2424 5278 2477 5356 id
2509 5276 2805 5331 curandum
2834 5280 2898 5356 iis
2928 5281 3017 5348 qui
3064 5280 3478 5351 interrogantur,

1909 5370 1965 5411 ut
1998 5349 2123 5411 scite
2159 5365 2208 5409 et
2241 5351 2597 5406 convenienter
2626 5349 2994 5415 respondeant.

1981 5427 2093 5497 (91)
2116 5426 2308 5479 Τοιιιιιι
2344 5420 2499 5497 illud,
2530 5420 2611 5497 ὄξει
2653 5422 2831 5497 χεῖρον
2867 5419 2994 5489 μέν,
3019 5430 3149 5497 e_tc.,
3169 5421 3227 5497 _in
3257 5423 3483 5497 modum

1909 5488 2050 5553 tituli
2074 5488 2315 5565 positum
2348 5501 2429 5545 est
2458 5493 2521 5565 in
2553 5488 2686 5565 Reg.
2714 5488 2920 5565 primo;
2953 5499 3007 5545 et
3046 5494 3118 5548 ita
3168 5492 3280 5547 haec
3317 5494 3483 5550 verba

1909 5561 2307 5623 locari—debere
2332 5579 2420 5615 res
2457 5561 2575 5629 ipsa
2596 5562 2870 5633 loquitur,
2896 5578 3020 5617 cum
3058 5580 3119 5619 ca
3147 5579 3266 5633 quae
3295 5567 3481 5619 statim

1909 5654 1973 5693 ex
2033 5638 2185 5691 Actis
2237 5633 2621 5705 proferuntur,
2681 5631 2748 5705 ad
2807 5631 3197 5701 praeedentem
3260 5635 3481 5691 titulum

1907 5710 2176 5779 quadrare
2206 5700 2357 5759 n’ullo
2386 5700 2547 5758 modo
2570 5703 2801 5773 possint.
