3982 6240
197 320 286 373 72]
1688 335 2015 394 MORALIA.

197 437 334 502 τοὺς
357 414 737 506 Γαλιλαίους·
753 439 1052 510 ἐγένοντο,
1084 443 1173 498 ὅτι
1207 445 1454 501 τοιαῦτα
1477 450 1779 507 πεπόνθα-

1899 451 2010 508 Non
2028 493 2043 518 ,
2073 451 2192 509 dico
2221 454 2403 510 vobis:
2437 455 2528 510 sed
2557 455 2662 510 nisi
2687 457 3042 526 paenitentiam
3067 459 3295 530 egeritis,
3323 477 3444 516 ons-

197 549 298 586 σιν
313 534 516 602 ςοῠχὶ,
538 533 695 604 λέγω
715 536 878 606 ὑμῖνο
897 539 1037 594 ἀλλ’
1051 539 1162 594 ἐὰν
1184 542 1270 611 μὴ
1287 543 1620 615 μετανοῆτε
1636 545 1772 619 (96),

198 623 418 691 πάντες
445 626 738 694 ὡσαύτως
773 628 1120 685 ἀπολεῖσθε.
1164 633 1238 686 Ἢ
1283 633 1502 689 ἐκεῖνοι
1533 638 1588 690 ol
1629 636 1777 691 δέκα

198 718 291 772 καὶ
316 717 490 783 ὀκτὼ,
521 719 614 789 ἐφ’
646 721 752 787 οὓς
771 720 994 776 ἔπεσεν
1017 726 1050 778 ὁ
1073 723 1301 794 πύργος
1323 728 1393 780 ἐν
1412 726 1494 793 τῷ
1515 730 1773 794 Σιλωὰμ,

197 811 294 864 καὶ
323 809 681 865 ἀπέκτεινεν
713 814 956 881 αὐτοὺς,
986 815 1235 882 δοκεῖτε,
1258 818 1346 870 ὅτι
1362 813 1777 888 οὗτοιόφειλέ-

198 921 290 957 ται
318 903 604 974 ἐγένοντο
635 906 798 974 παρὰ
822 907 1056 974 πάντας
1085 909 1226 976 τοὺς
1257 908 1608 978 ἀνθρώπους
1635 910 1778 976 τοὺς

197 993 634 1062 κατοικοῦντας
662 996 733 1049 ἐν
779 996 1206 1067 Ἱερουσαλήμ;
1244 999 1410 1069 Οὐχὶ,
1433 1000 1587 1070 λέγω
1611 1001 1774 1072 ὐμῖνο

199 1084 334 1138 ἀλλ’
375 1084 489 1139 ἐὰν
515 1087 604 1152 μὴ
651 1087 998 1158 μετανοῆτε,
1045 1091 1266 1158 πάντες
1316 1093 1600 1160 ὡσαύτως
1661 1095 1776 1148 ἁπ-

202 1177 460 1232 ολεῖσθε.
490 1179 804 1237 ΠΡΑΞΕΙΣ.
840 1183 1103 1237 Ἀκούων
1130 1182 1199 1237 δὲ
1231 1185 1499 1252 Ἀνανίας
1514 1184 1654 1252 τοὺς
1675 1187 1780 1241 λό-

199 1286 344 1336 γους
367 1272 642 1338 τούτους,
673 1273 878 1329 πεσὼν
899 1274 1178 1345 ἐξέψυξε.
1201 1277 1311 1331 Καὶ
1331 1278 1568 1348 ἐγένετο
1597 1281 1780 1349 φόϐος

197 1362 384 1432 μέγας
415 1364 514 1418 ἐπὶ
541 1365 773 1434 πάντας
804 1368 942 1435 τοὺς
976 1371 1308 1438 ἀκούοντας
1340 1371 1545 1426 ταῦτα.
1601 1373 1783 1428 ΠΡΟΣ

199 1455 361 1510 KOP.
398 1464 472 1511 α’.
499 1458 668 1526 Μηδὲ
713 1459 1045 1530 γογγύζετε,
1080 1464 1345 1532 καθάπερ
1396 1465 1558 1531 τινὲς
1584 1464 1784 1519 αὐτῶν

201 1548 568 1618 ἐγόγγυσαν,
597 1552 697 1606 καὶ
738 1552 1050 1608 ἀπώλοντο
1079 1556 1197 1609 ὑπὸ
1250 1557 1356 1612 τοῦ
1401 1557 1781 1626 ὀλοθρευτοῦ.

208 1641 400 1696 Ταῦτα
423 1641 496 1695 δὲ
532 1646 710 1699 τύποι
735 1646 1099 1701 συνέϐαινον
1142 1649 1417 1716 ἐκείνοις’
1447 1649 1676 1720 ἐγράφη
1716 1649 1786 1704 δὲ

202 1732 349 1803 πρὸς
372 1736 712 1791 νουθεσίαν
733 1737 922 1808 ἡμῶν,
950 1742 1037 1807 εὶς
1062 1740 1172 1808 οὓς
1202 1739 1275 1795 τὰ
1314 1742 1455 1811 τέλη
1490 1741 1610 1797 τῶν
1651 1741 1786 1798 αἰώ-

201 1838 321 1875 νων
343 1821 756 1892 κατήντησεν.

203 1933 321 1988 Ὃτι
348 1935 449 1990 καὶ
488 1935 681 2002 αὐτοῖς
707 1941 823 2003 τοῖς
871 1939 973 2010 τῆς
1001 1941 1198 2006 κακίας
1229 1942 1413 2014 ἔργοις
1444 1943 1580 2015 πρὸς
1606 1961 1782 2015 τιμω-

275 2027 397 2098 ρίαν
427 2029 700 2096 πολλάκις
731 2033 1082 2104 παραδίδοται
1105 2052 1190 2100 τις
1211 2035 1298 2090 διὰ
1319 2037 1783 2110 προϋπάρχουσαν

268 2119 552 2178 ἀσέϐειαν.

823 2218 1052 2288 Κεφάλ.
1085 2221 1162 2276 Δ’.

270 2306 456 2360 ΠΡΟΣ
496 2308 665 2364 ΡΩΜ.
711 2311 826 2365 Καὶ
881 2312 1075 2379 καθὼς
1115 2315 1226 2368 οὐκ
1275 2314 1644 2385 ἐδοκίμασαν
1676 2317 1786 2372 τὸν

207 2399 356 2454 Θεὸν
377 2401 551 2471 ἔχειν
601 2403 673 2456 ἐν
710 2403 1048 2474 ἐπιγνώσει,
1102 2403 1446 2475 παρέδωκεν
1499 2409 1722 2477 αὐτοὺς
1751 2412 1786 2465 ὀ

209 2492 350 2558 Θεὸς
377 2495 471 2559 εις
506 2494 800 2564 ἀδόκιμον
816 2497 986 2562 νοῦν,
1013 2497 1210 2553 ποιεῖν
1225 2499 1297 2554 τὰ
1305 2499 1392 2571 μὴ
1422 2501 1781 2569 καθήκοντα.

209 2584 386 2639 ΠΡΟΣ
414 2586 611 2644 ΘΕΣΣ.
642 2589 708 2658 β’.
749 2590 892 2644 Ἀνθ’
919 2584 1007 2645 ὦν
1044 2590 1161 2659 τὴν
1215 2591 1458 2661 ἀγάπην
1486 2593 1598 2662 τῆς
1640 2595 1788 2663 ἁλη-

207 2676 371 2743 θείας
394 2679 512 2732 οὐκ
562 2679 867 2746 ἐδέξαντο,
902 2684 989 2748 εἰς
1017 2682 1084 2735 τὸ
1117 2681 1386 2752 σωθῆναι
1416 2682 1662 2751 αὐτοὺς,
1687 2683 1788 2740 διὰ

209 2769 386 2824 τοῦτο
417 2769 641 2840 πέμπει
683 2774 888 2841 αὐτοῖς
908 2777 942 2828 ὁ
976 2775 1119 2842 Θεὸς
1163 2775 1468 2845 ἐνέργειαν
1523 2776 1785 2846 πλάνης,

207 2863 295 2928 είς
317 2863 384 2917 τὸ
419 2865 751 2920 πιστεῦσαι
783 2867 1004 2933 αὐτοὺς
1029 2866 1108 2932 τῷ
1129 2867 1359 2937 ψεύδει.

211 2955 334 3010 ὀτι
361 2958 486 3029 οὐχὶ
514 2958 721 3030 πλῆθος
749 2960 1089 3033 ἁμαρτωλῶν
1106 2961 1350 3015 δυσωπεῖ
1368 2961 1460 3016 τὸν
1493 2962 1646 3028 Θεὸν,
1670 2963 1787 3018 ἀλλ’

278 3052 309 3104 ὁ
335 3051 654 3122 εὐαρεστῶν
685 3051 855 3124 αὐτῷ,
885 3053 989 3107 κᾶν
1030 3054 1168 3126 ἀνὴρ
1225 3056 1470 3130 τυγχάνῃ
1508 3055 1643 3129 (97),
1685 3056 1789 3117 κᾶν

280 3144 444 3214 γυνήο

844 3263 1069 3331 Κεφάλ.
1107 3265 1190 3319 E'.

274 3347 584 3404 ΔΟΥΚΑΣ.
625 3349 747 3404 Ἐπ’
768 3350 1053 3419 ἀληθείας
1079 3351 1232 3422 λέγω
1259 3353 1422 3423 ὑμῖν,
1443 3352 1534 3408 ὅτι
1564 3353 1791 3411 πολλαὶ

211 3439 392 3511 χῆραι
410 3437 661 3511 ἦσανὲν
686 3441 817 3509 ταῖς
834 3443 1079 3512 ἡμέραις
1110 3444 1306 3498 Ἠλίου
1325 3445 1394 3498 ἐν
1412 3442 1491 3509 τῷ
1522 3443 1788 3514 Ἰσραὴλ,

212 3531 311 3586 ὅτε
328 3533 622 3600 ἐκλείσθη
644 3532 756 3605 (98)
791 3537 824 3589 ό
845 3536 1100 3602 οὐρανὸς
1130 3534 1230 3588 ἐπὶ
1252 3535 1356 3604 ἐτη
1388 3535 1520 3606 τρία
1553 3535 1650 3589 καὶ
1671 3535 1790 3604 μῆ-

217 3640 332 3691 νας
365 3622 458 3690 ἐξ,
492 3624 576 3690 ὡς
601 3622 840 3692 ἐγένετο
885 3625 1062 3694 λιμὸς
1099 3625 1288 3696 μέγας
1315 3624 1414 3678 ἐπὶ
1442 3624 1649 3680 πᾶσαν
1678 3625 1792 3695 τὴν

211 3713 353 3785 γῆν,
377 3716 478 3770 καὶ
501 3716 656 3784 πρὸς
677 3715 961 3785 οὐδεμίαν
979 3714 1180 3771 αὐτῶν
1199 3715 1470 3787 ἐπέμφθη
1500 3717 1719 3784 Ἠλίας,
1739 3717 1792 3772 ει

210 3803 295 3876 μὴ
315 3807 407 3871 είς
437 3805 726 3874 Σάραςρθα
756 3803 866 3874 τῆς
898 3804 1160 3873 Σιδῶνος
1208 3805 1360 3875 πρὸς
1395 3806 1651 3877 γυνᾶῖκα
1682 3806 1793 3879 χή-

209 3913 330 3968 ραν
393 3896 528 3967 (99).
589 3897 772 3950 ΠΡΟΣ
829 3897 989 3950 ΚΟΡ.
1042 3903 1112 3950 α’.
1169 3899 1254 3952 Οὐ
1280 3896 1434 3952 θέλω
1487 3895 1598 3967 γὰρ
1636 3896 1794 3968 ὑμᾶς

216 3991 481 4060 ἀγνοεῖν,
517 3989 797 4059 ἀδελφοὶ,
829 3989 918 4044 ὄτι
970 3991 1025 4045 οἱ
1068 3989 1318 4058 πατέρες
1364 3989 1534 4060 ὴμῶν
1573 3989 1795 4058 πάντες

216 4083 332 4138 ὑπὸ
366 4081 484 4150 τὴν
539 4080 812 4151 νεφέλην
837 4076 1019 4152 ἦσαν,
1051 4082 1150 4135 καὶ
1179 4081 1402 4149 πάντες
1433 4080 1530 4135 διὰ
1557 4081 1667 4151 τῆς
1694 4087 1795 4139 θα-

1881 561 1970 600 nes
1999 545 2245 601 similiter
2271 546 2528 616 peribitis.
2559 547 2668 602 Aut
2713 549 2795 603 illi
2822 550 2998 604 decem
3026 559 3077 605 et
3121 562 3259 618 octo,
3290 567 3446 622 super

1880 654 2009 710 quos
2039 639 2224 693 cecidit
2255 641 2417 694 turris
2447 641 2501 694 in
2531 639 2709 708 Siloe,
2764 651 2813 696 et
2864 642 3057 696 occidit
3085 660 3170 699 eos
3190 685 3204 709 ,
3245 647 3444 712 putatis

1880 729 2020 801 quod
2049 730 2152 801 ipsi
2202 731 2460 787 debitores
2502 732 2700 801 fuerint
2755 745 2946 802 praeter
2986 752 3160 790 omnes
3208 736 3444 794 homines

1881 824 2179 880 habitantes
2218 826 2274 880 in
2309 823 2644 882 Jerusalem?
2695 824 2820 880 Non
2841 867 2858 892 ,
2891 828 3010 882 dico
3047 828 3190 882 vobis
3217 842 3240 882 ε
3279 830 3369 884 sed
3393 827 3444 885 si

1879 915 2234 984 paenitentiam
2287 932 2391 969 non
2432 917 2638 987 egeritis
2663 957 2678 980 ,
2730 933 2904 972 omnes
2935 919 3182 973 similiter
3206 920 3444 989 peribitis

1883 1005 2035 1078 (Luc.
2079 1023 2218 1073 xm,
2265 1005 2500 1079 1-5).....
2553 1009 2784 1063 Audiens
2835 1019 3008 1064 autem
3049 1012 3287 1066 Ananiae
3334 1013 3446 1067 hare

1882 1099 2059 1164 verba,
2089 1099 2280 1156 cadens
2303 1102 2606 1170 exspiravit.
2631 1100 2702 1156 Et
2726 1102 2901 1172 factus
2931 1111 3009 1158 est
3041 1105 3197 1157 timor
3224 1121 3445 1175 magnus

1883 1208 2038 1262 super
2067 1210 2243 1249 omnes
2269 1195 2360 1265 qui
2384 1193 2664 1250 audierunt
2689 1195 2800 1250 [uec
2830 1197 2972 1268 (Act.
3009 1213 3061 1261 v,
3092 1197 3240 1256 5)....
3266 1196 3446 1270 Neque

1887 1287 2244 1352 murmuretis,
2280 1289 2415 1342 sicut
2443 1288 2656 1358 quidam
2688 1305 2867 1344 eorum
2891 1300 3368 1352 murmuraverunt.
3395 1299 3447 1346 et

1883 1378 2148 1446 perierunt
2193 1378 2258 1431 ab
2303 1379 2728 1434 exterminatore.
2787 1378 2918 1434 Hazc
2964 1388 3140 1434 autem
3181 1381 3236 1434 in
3274 1381 3448 1451 ﬁgura

1886 1469 2249 1541 contingebant
2282 1472 2392 1525 illis
2419 1487 2438 1525 :
2469 1474 2669 1542 scripta
2709 1485 2830 1528 sunt
2868 1484 3042 1528 autem
3069 1475 3138 1528 ad
3175 1477 3454 1530 correctio-

1888 1579 2005 1618 nem
2031 1574 2301 1626 nostram,
2353 1567 2410 1619 in
2453 1582 2581 1636 quos
2624 1568 2752 1636 ﬁnes
2784 1568 3096 1623 saeculorum
3139 1567 3451 1626 devenerunt

1889 1655 1944 1727 (1
1973 1654 2096 1712 Cor.
2128 1673 2182 1720 x,
2215 1656 2302 1722 10,
2333 1657 2441 1729 11).

1883 1939 2040 2009 Quod
2059 1941 2184 2013 quis
2203 1942 2524 2016 plerumque
2540 1943 2676 2017 ipsis
2700 1947 2864 2003 etiam
2881 1948 3135 2020 nequitiae
3150 1948 3453 2024 24501»-

1953 2034 2109 2092 ribus
2139 2051 2314 2108 ptenae
2344 2038 2466 2095 loco
2503 2040 2767 2108 traditur,
2815 2041 2886 2098 ob
2921 2042 3317 2114 praecedentem
3349 2045 3456 2101 im-

1951 2127 2229 2199 pietatem.

2504 2222 2678 2293 Caput
2716 2221 2748 2276 Ι
2760 2222 2822 2279 Υ.

1955 2307 2027 2364 Et
2053 2311 2192 2365 sicut
2221 2327 2324 2367 non
2350 2311 2696 2383 probauerunt
2722 2312 2891 2368 Deum
2918 2313 3106 2369 habere
3135 2313 3191 2368 in
3217 2313 3408 2370 notitia
3430 2352 3452 2382 ,

1887 2401 2109 2456 tradidit
2139 2403 2262 2459 illos
2289 2403 2432 2460 Deus
2453 2404 2506 2460 in
2534 2404 2808 2474 reprobum
2831 2420 3060 2474 sensum,
3079 2416 3137 2459 ut
3162 2405 3363 2474 faciant
3386 2421 3454 2461 ea

1883 2507 2004 2563 qua:
2046 2509 2152 2548 non
2197 2497 2505 2552 conveniunt
2547 2495 2721 2568 (Rom.
2752 2501 2825 2561 'I,
2876 2495 3134 2569 28).......
3186 2497 3263 2558 Eo
3311 2497 3454 2570 quod

1887 2585 2198 2642 charitatem
2224 2589 2458 2643 veritatis
2491 2606 2594 2644 non
2641 2600 2942 2658 receperunt
2968 2599 3028 2644 ut
3064 2590 3197 2646 salvi
3227 2591 3451 2661 ﬁerent,

1887 2677 2004 2734 ideo
2032 2679 2194 2734 mittit
2223 2681 2332 2735 illis
2363 2679 2505 2736 Deus
2534 2684 2885 2752 operationem
2912 2683 3128 2748 erroris,
3151 2690 3209 2738 ut
3237 2685 3457 2739 credant

1887 2768 2159 2825 mendacio
2189 2770 2276 2842 (II
2311 2771 2490 2828 Thess.
2523 2789 2586 2840 ιι,
2613 2774 2699 2840 10,
2735 2775 2845 2846 11).

1889 2949 2044 3019 Quod
2106 2954 2400 3012 multitudo
2469 2965 2820 3028 peccatorum
2882 2975 3222 3033 nequaquam
3277 2961 3458 3032 placat

1962 3044 2129 3102 Deum
2157 3065 2172 3102 :
2213 3047 2308 3105 sed
2356 3049 2404 3106 is
2438 3053 2530 3122 qui
2578 3051 2688 3124 ipsi
2737 3059 2996 3124 acceptus
3027 3059 3157 3110 est.
3189 3054 3304 3111 sive
3330 3054 3413 3110 vir
3434 3092 3451 3121 ,

1812 3161 1861 3223 ο
1961 3138 2079 3195 sive
2112 3140 2308 3196 mulier
2334 3141 2424 3196 sit.

2535 3255 2706 3324 Caput
2766 3256 2834 3313 ν.

1959 3345 2029 3401 1η
2065 3347 2280 3402 veritate
2299 3347 2419 3402 dico
2447 3347 2591 3404 vobis
2611 3390 2627 3416 ,
2675 3349 2855 3405 multa
2885 3349 3053 3404 vidule
3077 3357 3229 3404 erant
3259 3349 3316 3403 in
3345 3346 3461 3406 die-

1892 3437 1986 3492 bus
2012 3436 2149 3493 Elite
2174 3440 2231 3493 in
2255 3437 2448 3505 Israel,
2473 3439 2682 3510 quando
2712 3440 2953 3495 clausum
2983 3449 3062 3495 est
3093 3440 3280 3495 caelum
3301 3442 3458 3496 annis

1893 3531 2058 3585 tribus
2087 3540 2138 3586 et
2167 3531 2427 3586 mensibus
2455 3548 2568 3599 sex,
2596 3549 2715 3588 cum
2749 3532 2896 3602 facta
2917 3542 3050 3588 esset
3069 3533 3236 3603 [ames
3266 3549 3458 3604 magna

1890 3623 1948 3676 in
1983 3625 2127 3678 omni
2179 3632 2356 3690 terra;
2411 3634 2460 3679 et
2509 3624 2578 3678 ad
2623 3624 2826 3680 nullam
2879 3625 3094 3680 illarum
3145 3626 3338 3680 missus
3379 3637 3459 3680 eet

1891 3713 2070 3780 Elias,
2100 3716 2204 3769 nisi
2254 3717 2310 3769 in
2345 3713 2648 3784 Saraphtha
2695 3713 2909 3771 Sidonis
2952 3716 3019 3769 ad
3071 3716 3340 3770 mulierem
3388 3717 3462 3770 oi-

1892 3803 2054 3858 duam
2087 3802 2240 3876 (Luc.
2266 3822 2341 3872 tv,
2364 3806 2453 3870 25,
2483 3804 2713 3876 26)......
2743 3803 2882 3860 Nolo
2908 3808 3046 3862 enim
3069 3823 3157 3862 vos
3190 3809 3457 3878 ignorare,

1892 3896 2109 3966 fratres,
2132 3896 2271 3968 quod
2301 3907 2475 3968 patres
2505 3898 2673 3952 nostri
2707 3915 2884 3954 omnes
2911 3899 3005 3954 sub
3033 3899 3164 3954 nube
3204 3899 3457 3968 fuerunt,

1892 3995 1945 4044 et
1972 4003 2150 4043 omnes
2180 4003 2326 4043 mare
2355 3989 2694 4056 transierunt,
2719 4000 2766 4045 et
2795 4007 2970 4046 omnes
2999 3991 3054 4045 in
3080 3989 3258 4062 Moyse
3289 3990 3463 4060 bapti-

1896 4079 2007 4132 zati
2033 4087 2187 4144 sunt,
2235 4079 2292 4132 in
2319 4077 2472 4144 nube,
2501 4088 2551 4133 et
2595 4079 2653 4133 in
2705 4081 2882 4134 mari:
2925 4088 2976 4134 et
3012 4095 3190 4134 omnes
3221 4077 3460 4134 eamdem
3540 4067 3547 4075 ’

213 4173 463 4242 λάσσης
476 4172 754 4242 διῆλθον,
774 4172 874 4229 καὶ
898 4171 1121 4238 πάντες
1139 4173 1226 4239 εις
1247 4173 1355 4228 τὸν
1379 4171 1644 4241 Μωῠσῆν
1670 4173 1787 4228 ἐϐα-

1899 4187 2070 4226 escam
2103 4171 2400 4241 spiritalem
2435 4170 2911 4237 manducaverunt,
2945 4179 2995 4226 et
3023 4188 3198 4227 omnes
3225 4170 3462 4226 eumdem

217 4267 573 4336 πτίσθησαν
599 4265 672 4319 ἐν
690 4264 766 4335 τῇ
790 4265 1016 4335 νεφέλῃ
1043 4263 1145 4318 καὶ
1161 4266 1230 4319 ἐν
1256 4263 1332 4334 τῇ
1356 4263 1663 4334 θαλάσσῃ,
1697 4265 1796 4320 καὶ

217 4359 440 4426 πάντες
474 4358 543 4413 τὸ
562 4357 709 4412 αὐτὸ
734 4354 948 4426 ,ϐρῶμα
978 4357 1387 4427 πνευματικὸν
1406 4357 1654 4428 ἔφαγον,
1694 4355 1795 4411 καί

1895 4270 2078 4334 potum
2108 4262 2401 4334 spiritalem
2436 4262 2716 4319 biberunt:
2754 4262 2993 4318 bibebant
3042 4266 3180 4318 enim
3207 4264 3272 4319 de
3303 4264 3464 4334 spiri-

1898 4355 1997 4410 tali
2023 4363 2263 4426 sequente
2293 4371 2378 4411 eos
2409 4365 2559 4426 petra
2581 4395 2598 4421 ,
2645 4364 2796 4425 petra
2835 4365 3010 4412 autem
3052 4365 3168 4414 erat
3198 4355 3461 4412 Christus.

218 4452 440 4519 πάντες
466 4450 535 4505 τὸ
557 4449 706 4505 αὐτὸ
734 4451 894 4518 πόμα
914 4449 1320 4522 πνευματικὸν
1359 4451 1550 4505 ἔπιον
1584 4449 1787 4504 ἔπινον

1899 4445 2005 4502 Sed
2033 4463 2137 4504 non
2181 4448 2238 4502 in
2288 4447 2531 4517 pluribus
2563 4463 2744 4504 eorum
2789 4447 3168 4518 beneplacitum
3201 4456 3282 4504 est
3309 4447 3420 4504 Deo
3442 4463 3462 4502 :

219 4545 325 4616 γὰρ
348 4516 858 4614 ἐκνπνευματικῆς
895 4516 1351 4610 ἀκολουθούσης
1400 4540 1639 4610 πέτρας·
1668 4540 1707 4610 ἡ
1733 4538 1787 4594 δὲ

1901 4557 2024 4595 nam
2045 4516 2303 4611 prostrati
2335 4551 2457 4597 sunt
2485 4543 2542 4596 in
2571 4541 2777 4599 deserto
2809 4540 2866 4615 (I
2885 4516 3010 4598 Cor.
3040 4557 3096 4608 ι,
3124 4541 3241 4612 1-5)

220 4640 404 4709 πέτρα
439 4637 525 4712 ἦν
556 4642 590 4694 ό
620 4638 894 4708 Χριστός.
926 4637 1088 4692 Ἀλλ’
1114 4638 1225 4691 οὐκ
1249 4637 1321 4690 ἐν
1348 4635 1473 4704 τοῖς
1498 4634 1781 4689 πλείοσιν
1814 4633 2015 4689 αὐτῶν
2043 4635 2379 4705 εὐδόκησεν
2399 4639 2434 4692 ό
2465 4637 2628 4703 Θεός’
2656 4637 3157 4709 κατεστρώθησαν
3171 4633 3365 4705 γὰρέν
3390 4631 3464 4698 τῆ

222 4731 434 4802 ἐρήμω-

855 4821 1031 4878 ΟΡΟΣ
1053 4823 1153 4877 ΙΒ“.

225 4920 344 4974 ὀτι
381 4920 531 4974 πᾶσα
561 4917 863 4986 ἀντιλογία,
898 4915 1000 4970 κᾶν
1038 4918 1105 4971 ὲκ
1136 4913 1357 4988 φιλικῆς
1387 4911 1484 4968 καὶ
1528 4913 1795 4982 εὐλαϐοῦς

290 5011 587 5075 διαθέσεως
637 5009 886 5080 γένηται,
914 5008 1262 5080 ἀπαλλοτριοῖ
1308 5005 1403 5060 τοῦ
1452 5007 1658 5078 Κυρίου
1704 5008 1796 5062 τὸν

292 5103 668 5172 ἀντιλέγοντα·
718 5103 828 5156 πᾶν
867 5101 924 5155 δὲ
963 5102 1114 5173 ῥῆμα
1164 5099 1370 5170 Κυρίου
1430 5098 1569 5169 μετὰ
1617 5099 1796 5170 πάσης

292 5197 670 5269 πληροφορίας
707 5193 1096 5267 καταδέχεσθαι
1123 5193 1210 5246 δεῖν
1233 5191 1332 5264 (1).

437 5356 504 5435 ξι
531 5358 624 5412 hic
653 5355 1048 5435 et_inira_Reg_.
1072 5355 1268 5435 tertius
1305 5355 1689 5435 μετανοήσητε.

259 5424 408 5511 ν(97)
436 5428 802 5500 Reg._tertius
853 5427 957 5484 κᾶν
1001 5424 1171 5498 ἂνήρ.
1215 5424 1455 5497 Utraque
1494 5425 1662 5481 editio
1697 5425 1798 5480 κᾶν

231 5513 309 5559 εις
345 5515 469 5567 τυγ.

300 5564 693 5641 (98Υϋιιέιιιιε
711 5566 882 5624 editio
909 5568 1036 5622 ὅταν
1059 5564 1332 5638 ἐκλείσθη.
1355 5565 1429 5621 At
1459 5579 1596 5622 mss.
1624 5565 1800 5622 nostri

236 5635 354 5695 δτι..

303 5707 416 5779 {99)
438 5707 557 5779 ηιξ,
589 5705 687 5779 καὶ
712 5703 784 5758 τὰ
809 5703 902 5758 ἐπὶ
920 5703 1012 5779 τοῦ
1043 5704 1162 5760 Νῶε
1197 5706 1292 5779 καὶ
1312 5705 1394 5779 τὰ
1409 5705 1514 5779 ἐπὶ
1539 5705 1634 5760 τοῦ
1662 5704 1804 5769 Λώτ,

241 5774 483 5849 leguntur
512 5777 568 5834 in
594 5778 666 5833 iis
690 5791 832 5848 quos
865 5776 1062 5847 saepius
1081 5778 1356 5834 nominavi
1385 5777 1538 5836 libris
1571 5785 1693 5846 post
1715 5793 1807 5832 vo-

2455 4816 2741 4876 REGULA
2790 4817 2908 4875 XII.

1892 4908 2052 4978 Quod
2083 4910 2264 4967 omnis
2294 4911 2657 4967 contradictio
2682 4950 2698 4975 ,
2733 4911 2951 4967 etiamsi
2980 4925 3047 4966 ex
3076 4909 3253 4966 amico
3279 4925 3343 4968 ac
3365 4911 3460 4984 pio

1965 5000 2165 5058 aﬂ‘ectu
2192 5003 2425 5068 oriatur,
2461 5017 2493 5057 ε
2522 5001 2757 5058 Domino
2787 5002 3058 5058 abalienat
3087 5001 3467 5060 contradicen-

1965 5102 2072 5151 tem
2102 5113 2118 5150 :
2153 5094 2408 5167 quodque
2438 5095 2666 5152 verbum
2698 5092 2915 5150 Domini
2946 5109 3071 5150 cum
3109 5093 3258 5150 omni
3304 5094 3469 5152 certi-

1966 5188 2155 5246 tudine
2181 5189 2590 5263 suscipiendum
2617 5197 2722 5244 est.

1904 5356 2245 5496 ⁸⁸ῗῦχὲἷῖ
2273 5427 2466 5482 tertius
2517 5422 2910 5494 καταδέχεσθαι
2915 5424 3089 5547 πέρή.
3134 5420 3306 5480 Verba
3351 5421 3470 5478 hac

1905 5494 2140 5547 Matthxi
2188 5512 2298 5547 xvr.
2344 5497 2435 5547 21.
2485 5493 2556 5547 22
2595 5503 2651 5547 et
2697 5494 2809 5547 9.3:
2849 5495 2910 5547 Ἀ
3026 5493 3144 5547 τότε
3199 5493 3398 5547 ἤρξατο
3439 5493 3470 5546 ὁ

1905 5493 2140 5552 Matthaei
2174 5493 2298 5559 3m,
2344 5497 2435 5560 21,
2485 5493 2556 5550 22
2595 5503 2651 5550 et
2697 5493 2769 5550 25
2795 5512 2815 5564 ι
2849 5493 3144 5564 autem
3199 5493 3398 5564 ἦρξατο
3439 5493 3472 5546 ὁ

1918 5567 2122 5638 Ἰησοῦς
2148 5567 2572 5622 δεικνύειν.......
2604 5565 2738 5638 ἀλλὰ
2765 5563 2834 5638 τὰ
2870 5563 3471 5638 τῶνξάνρρώτιωνηὴοο

1910 5633 2128 5710 quoque
2152 5640 2273 5693 loco
2299 5639 2568 5710 inculcata
2601 5637 2952 5697 inveniuntur
2985 5636 3038 5691 in
3069 5633 3204 5708 Reg.
3231 5634 3392 5691 tertio
3418 5641 3473 5692 et

1910 5711 1974 5766 in
1997 5709 2348 5768 ﬂeSSanetrsi.
