3982 6240
568 365 673 425 725

1214 481 1385 550 Caput
1429 479 1478 534 Ι.

637 572 710 627 Et
763 575 915 643 ccepit
973 573 1152 628 lauare
1203 572 1377 641 pedes
1401 571 1811 642 discipulorum,
1868 579 1918 625 et
1964 578 2129 626 exter-

563 681 683 735 gere
716 666 894 729 linteo,
923 682 1025 737 quo
1068 671 1187 720 erat
1223 654 1556 735 prwcinctus.
1616 660 1766 718 Venit
1788 665 2010 734 ergo'ad
2042 662 2131 719 Si-

564 773 767 812 monem
802 756 1057 822 Petrum;
1108 767 1160 810 et
1205 757 1334 811 dicit
1373 758 1422 811 ei
1464 750 1700 811 Petrus:
1756 755 2014 819 Domine,
2073 763 2130 809 tu

565 848 696 901 mihi
728 848 875 903 lavas
904 849 1099 917 pedes?
1134 847 1417 917 Respondit
1443 846 1598 902 Jesus
1620 886 1636 913 ,
1675 847 1901 902 etvdissit
1924 864 1943 902 :
1975 848 2127 915 Quod

562 957 656 1012 ego
684 941 845 1010 facio,
875 952 929 995 tu
955 944 1122 996 nescis
1154 940 1340 1007 modo,
1381 942 1512 995 scies
1545 949 1720 995 autem
1752 953 1951 1010 postea.
1983 941 2129 995 Dicit

565 1032 614 1086 ei
660 1031 850 1087 Petrus
876 1048 895 1086 :
930 1030 1055 1087 Non
1111 1032 1310 1086 lavabis
1365 1031 1498 1085 mihi
1558 1031 1711 1102 pedes
1759 1032 1815 1086 in-
1855 1040 2124 1087 aeternum.

544 1122 853 1194 .Respondit
896 1125 945 1178 ei
988 1122 1184 1178 Iesus:
1222 1122 1284 1178 Si
1332 1140 1436 1177 non
1489 1123 1661 1178 lavero
1713 1132 1791 1188 te,
1826 1140 1929 1178 non
1970 1123 2126 1178 habes

566 1225 768 1285 partem
794 1233 993 1271 mecum
1021 1216 1202 1278 (Joan.
1237 1230 1359 1283 xm,
1379 1215 1515 1289 5—8).

566 1479 728 1553 246
747 1479 901 1557 Quod
935 1495 1045 1536 non
1068 1488 1281 1552 oportet
1312 1481 1633 1538 traditiones
1652 1480 1919 1536 humanas
1947 1479 2123 1551 sequi,

737 1572 814 1627 ita
841 1578 903 1627 ut
930 1573 1247 1633 mandatum
1281 1572 1378 1629 Dei
1404 1574 1622 1628 irritum
1660 1571 1946 1630 faciamus.

1237 1694 1365 1742 aput
1403 1685 1487 1742 ΙΙ.

1237 1705 1268 1741 a
1308 1694 1365 1740 ut
1403 1685 1487 1742 ΙΙ.

644 1776 842 1834 Deinde
895 1685 1233 1850 interrogant:
1270 1703 1397 1833 cum
1461 1778 1728 1834 Pharisaei
1779 1787 1831 1833 et
1887 1777 2072 1834 scribta
2099 1795 2118 1832 :

1897 363 1975 423 Ss-
1995 362 2239 421 BASILII
2277 364 2490 422 MAGNI

2155 481 2210 540 Δ

3689 356 3791 413 721

2844 478 3063 549 Κεφάλ.
3097 483 3178 532 A'.

2301 570 2619 624 ΙΩΑΝΝΗΣ.
2648 570 2757 625 Καὶ
2786 568 3011 639 ἤρξατο
3035 568 3267 623 νίπτειν
3294 565 3436 631 τοὺς
3459 562 3653 628 πόδας
3678 560 3792 615 τῶν

2223 661 2526 733 μαθητῶν,
2550 663 2649 716 καὶ
2676 660 3007 731 ἐκμάσσειν
3027 659 3109 725 τῷ
3153 657 3389 722 λεντίῳ,
3425 647 3473 721 ᾧ
3503 649 3585 724 ἦν
3610 650 3793 712 διεζω-

2228 754 2474 823 σμένος.
2498 756 2773 823 Ἔρχεται
2802 748 2916 808 οὗν
2947 751 3095 818 πρὸς
3141 748 3377 817 Σίμωνα
3412 745 3663 813 Πέτρον,
3696 742 3789 795 και

2226 847 2390 916 λέγει
2418 844 2576 910 αὐτῷ
2614 844 2862 910 ἐκεῖνος’
2895 842 3094 909 Κύριε,
3123 839 3203 892 σύ
3222 854 3341 907 μου
3369 835 3604 897 νίπτεις
3652 832 3790 896 τοὺς

2226 937 2449 1003 πόδας;
2474 935 2805 1003 ”Απεκρίθη
2846 930 3093 1001 Ἰησοῦς,
3138 928 3237 983 καὶ
3267 924 3437 981 εἶπεν
3489 921 3656 988 αὑτῷ
3693 920 3787 990 (2)·

2232 1032 2302 1083 Ὃ
2325 1029 2439 1093 ἐγὼ
2464 1026 2634 1092 ποιῶ,
2662 1024 2745 1081 σὺ
2792 1027 2903 1079 οὐκ
2943 1018 3108 1087 οῖδας
3134 1020 3282 1089 ἄρτι,
3310 1017 3511 1089 γνώσῃ
3552 1014 3624 1068 δὲ
3644 1012 3792 1082 μετὰ

2225 1120 2430 1176 ταῦτα.
2459 1118 2630 1190 Λέγει
2659 1116 2821 1182 αὐτῷ
2848 1116 3089 1185 Πέτρος·
3113 1116 3195 1167 Οὐ
3214 1111 3299 1182 μὴ
3323 1110 3525 1179 νίψεις
3546 1106 3625 1177 (3)
3652 1105 3790 1171 τοὺς

2227 1214 2417 1279 πόδας
2437 1229 2556 1281 μου
2582 1214 2669 1278 εὶς
2700 1210 2808 1264 τὸν
2837 1207 3043 1262 αἰῶνα.
3080 1203 3391 1273 Ἀπεκρίθη
3416 1197 3581 1265 αὐτῷ
3606 1201 3640 1253 ό
3682 1198 3791 1263 ἰη-

2225 1306 2399 1372 σοῦς’
2451 1304 2593 1360 Ἐὰν
2640 1302 2726 1374 μὴ
2763 1303 2921 1371 νίψω
2955 1314 3048 1364 σε,
3091 1300 3203 1351 οὐκ
3250 1294 3410 1364 ἔχεις
3437 1291 3625 1362 μέρος
3667 1287 3788 1358 μετ’

2224 1401 2388 1456 ἐαοῦ.

2228 1418 2457 1547 ῗὲῖῗρὺ
2487 1491 2569 1545 δεῖ
2610 1486 2971 1560 παραδόσεων
3009 1480 3310 1553 ἀνθρώπων
3355 1473 3673 1531 ἀκολουθεῖν
3706 1473 3789 1525 ἐπ’

2650 1577 2904 1647 ἁθετήσει
2932 1572 3151 1644 ἐντολῆς
3173 1567 3332 1623 Θεοῦ.

2885 1688 3060 1744 in:de.
3091 1690 3172 1741 B’.

2885 1708 2914 1744 ε
2962 1693 3060 1743 ἀλ.
3091 1693 3172 1741 B’.

2294 1785 2597 1842 ΜΑΡΚΟΣ.
2627 1693 3263 1849 Ἕπειτξέζερωτῶσιν
3296 1773 3485 1829 αὐτὸν
3515 1774 3573 1826 oi
3627 1773 3792 1839 Φαρι-

564 1868 743 1936 Quare
775 1870 1021 1939 discipuli
1047 1872 1125 1924 tui
1152 1886 1257 1925 non
1287 1870 1563 1925 ambulant
1597 1870 1759 1939 juxta
1789 1871 2119 1925 traditionem

2226 1880 2383 1936 σαῖοι
2405 1878 2501 1932 καὶ
2532 1878 2586 1930 οἱ
2623 1874 2995 1946 γραμματεῖς
3015 1871 3118 1925 Διὰ
3145 1870 3203 1924 τί
3227 1871 3279 1923 οἱ
3291 1866 3553 1938 μαθηταί
3576 1878 3697 1917 σου
3724 1863 3789 1914 οὐ

562 1962 848 2028 seniorum,
878 1964 968 2018 sed
991 1964 1157 2019 illatis
1182 1964 1424 2019 manibus
1451 1962 1771 2018 manducant
1797 1980 1980 2033 panem
2005 1967 2030 2021 .’
2055 1964 2125 2018 At

560 2051 654 2109 ille
681 2055 996 2122 respondens
1021 2055 1159 2110 dixit
1179 2057 1252 2111 eis
1277 2073 1296 2111 :
1334 2057 1473 2112 Bene
1510 2057 1833 2126 prophetavit
1862 2055 2039 2111 Isaias
2060 2056 2125 2110 de

560 2142 705 2198 vobis
733 2144 1047 2215 hypocritis,
1078 2148 1215 2203 sicut
1241 2151 1491 2219 scriptum
1512 2157 1633 2204 est:
1664 2148 1898 2218 Populus
1925 2149 2008 2203 hic
2039 2150 2124 2204 la-

561 2232 662 2289 biis
694 2252 775 2290 me
805 2238 1049 2303 honorat,
1081 2256 1172 2294 cor
1196 2249 1370 2295 autem
1389 2257 1568 2295 eorum
1599 2240 1746 2312 longe
1773 2250 1851 2295 est
1875 2259 1906 2295 a
1933 2259 2033 2296 me.
2055 2240 2123 2296 In

560 2341 753 2386 vanum
794 2338 969 2384 autem
998 2347 1078 2385 me
1115 2332 1314 2396 colunt,
1344 2330 1584 2388 docentes
1611 2333 1902 2399 doctrinas,
1931 2350 2126 2404 prace-

559 2426 652 2485 pta
679 2417 968 2477 hominum.
992 2420 1364 2494 Relinquentes
1386 2424 1533 2481 enim
1551 2426 1859 2481 mandatum
1889 2427 2007 2494 Dei,
2046 2437 2122 2483 te-

560 2508 696 2565 netis
751 2512 1087 2569 traditionem
1129 2514 1398 2572 hominum
1434 2515 1627 2589 (Marc.
1675 2533 1786 2584 vn,
1833 2518 1960 2587 5-8;
2006 2518 2119 2576 ha.

560 2615 714 2671 ms,
742 2603 852 2675 15),
878 2612 985 2662 etc.

561 2889 720 2959 Quod
764 2896 949 2950 omnia
986 2911 1213 2966 prorsus
1251 2901 1520 2957 servanda
1565 2909 1734 2967 sunt,
1782 2917 1904 2973 quae
1932 2916 1963 2957 a
2016 2902 2124 2960 Do-

630 2984 779 3041 mino
813 3001 912 3058 per
947 2987 1300 3063 Evangelium
1334 2999 1391 3049 et
1425 2993 1703 3065 apostolos
1743 2994 1965 3052 fuerunt
2008 3002 2124 3052 tra-

629 3075 761 3133 dita.
1388 3126 1393 3131 .
1452 3071 1459 3079 '

1170 3194 1344 3267 Caput
1382 3197 1502 3253 ΙΙΙ.

633 3280 830 3339 Euntes
855 3284 1032 3342 docete
1072 3305 1249 3345 omnes
1293 3299 1467 3363 gentes
1492 3331 1507 3355 ,
1562 3292 1890 3362 baptizantes
1924 3310 2012 3350 eos
2065 3295 2124 3349 in

559 3372 766 3427 nomine
800 3372 1006 3441 Patris,
1028 3385 1079 3431 et
1110 3375 1162 3431 F
1161 3379 1245 3433 itii
1261 3422 1276 3446 ,
1316 3389 1366 3434 et
1390 3379 1621 3450 Spiritus
1648 3384 1858 3438 sancti:
1883 3384 2121 3441 docentes

556 3481 646 3520 eos
677 3482 883 3523 seruare
908 3471 1085 3526 omnia
1109 3488 1426 3546 quaecunque
1450 3476 1697 3532 mandavi
1732 3477 1874 3533 vobis
1901 3478 2118 3546 (Matth.

558 3572 762 3624 xxwu,
796 3559 907 3627 i9,
947 3560 1133 3633 20)....
1179 3563 1351 3620 Erant
1392 3577 1568 3622 autem
1608 3568 1746 3637 justi
1794 3570 1947 3625 ambo
1999 3581 2122 3628 ante

556 3647 749 3716 Deum,
779 3638 1069 3709 incedentes
1105 3657 1161 3710 in
1183 3659 1423 3714 omnibus
1464 3662 1732 3716 mandatis
1772 3672 1822 3717 et
1855 3664 2122 3734 justiﬁca-

559 3741 788 3799 tionibus
837 3744 1053 3802 Domini
1091 3748 1204 3805 sine
1243 3751 1453 3820 querela
1491 3751 1640 3823 (Luc.
1679 3769 1718 3818 ι,
1761 3753 1958 3826 6)......
2013 3756 2120 3824 Qui

556 3850 645 3890 vos
673 3836 846 3903 audit,
868 3854 949 3894 me
966 3839 1116 3896 audit
1145 3858 1164 3897 :
1196 3843 1287 3909 qui
1307 3851 1482 3898 autem
1512 3861 1599 3900 vos
1629 3849 1844 3914 spernit,
1870 3865 1950 3902 me
1976 3865 2120 3925 sper-

557 3927 635 3981 nit
667 3925 820 3997 (Luc.
850 3945 908 3994 ι,
940 3931 1146 4001 16).....
1184 3933 1392 4004 Itaque,
1415 3935 1607 4005 fratres
1629 3979 1645 4004 ,
1678 3948 1813 3993 state
1832 3981 1846 4006 ,
1871 3950 1922 3995 et
1959 3950 2120 3997 tenete

555 4017 890 4083 traditiones,
914 4037 1046 4092 quas
1080 4023 1341 4081 didicistis
1369 4029 1474 4082 sive
1512 4045 1605 4098 per
1646 4047 1934 4086 sermonem
1954 4073 1969 4097 ,
2014 4034 2121 4090 sive

550 4124 646 4178 per
666 4111 974 4179 epistolam,
1011 4123 1262 4191 tanquam
1285 4132 1376 4185 per
1404 4136 1498 4175 nos
1529 4117 1614 4188 (ΙΙ
1646 4121 1827 4178 Thess.
1855 4139 1918 4190 ιι,
1952 4125 2062 4197 15).

554 4393 710 4463 Quod
739 4411 901 4455 nemo
948 4399 1108 4457 debet
1141 4417 1295 4459 suam
1343 4404 1516 4477 ipsius
1560 4408 1894 4464 voluntatem
1925 4411 2116 4469 volun-

2147 3155 2196 3221 Ο

2222 1965 2614 2037 περιπατοῦσι
2640 1963 2792 2018 κατὰ
2817 1961 2932 2031 τὴν
2957 1958 3292 2029 παράδοσιν
3314 1955 3431 2010 τῶν
3468 1947 3791 2022 πρεσϐυτέ-

2216 2078 2361 2131 ρων,
2384 2058 2544 2114 eam
2579 2057 2852 2122 ἀνίπτοις
2884 2053 3095 2124 χερσὶν
3125 2051 3397 2106 ἐσθίουσι
3431 2046 3545 2101 τὸν
3581 2044 3791 2113 ἇρτον;

2233 2154 2298 2206 '0
2324 2152 2392 2206 δὲ
2413 2149 2755 2219 ἀποκριθεὶς
2779 2149 2948 2202 εἶπεν
2962 2144 3183 2211 αὐτοῖς,
3202 2143 3291 2197 ὅτι
3320 2138 3530 2205 Καλῶς
3544 2131 3792 2205 προεφή-

2221 2258 2439 2299 τευσεν
2477 2230 2731 2306 Ἠσαΐαξ
2757 2239 2890 2309 περὶ
2945 2236 3112 2307 ὑμῶν
3146 2234 3267 2288 τῶν
3299 2228 3659 2303 ὑποκριτῶν,
3716 2225 3791 2291 ὼς

2221 2336 2559 2408 γέγραπται·
2606 2324 2794 2399 Οὗτος
2814 2335 2847 2386 ό
2874 2330 3022 2395 λαὸς
3049 2328 3173 2394 τοῖς
3196 2323 3431 2397 χείλεσι
3448 2339 3526 2391 με
3562 2316 3727 2388 τιμᾷ,
3752 2315 3788 2384 ἠ

2221 2429 2291 2483 δὲ
2326 2427 2541 2496 καρδία
2564 2423 2763 2480 αὐτῶν
2791 2424 2985 2493 πόῤῥω
3010 2419 3220 2490 ἀπέχει
3259 2416 3359 2473 ἀπ’
3386 2413 3553 2484 ἐμοῦ.
3580 2409 3790 2477 Μάτην

2222 2520 2292 2574 δὲ
2343 2517 2623 2574 σέϐονταί
2663 2532 2762 2587 με,
2818 2514 3207 2576 διδάσκοντες
3243 2505 3664 2568 διδασκαλίας,
3699 2501 3791 2555 ὲν-

2221 2612 2491 2682 τάλματα
2516 2609 2861 2678 ἀνθρώπων.
2904 2604 3185 2675 Ἀςρέντες
3236 2601 3347 2671 γὰρ
3390 2598 3509 2665 τὴν
3530 2591 3790 2660 ἐντολὴν

2221 2704 2327 2758 τοῦ
2367 2702 2538 2768 Θεοῦ,
2573 2699 2838 2771 κρατεῖτε
2895 2698 3007 2767 τὴν
3045 2694 3380 2766 παράδοσιν
3426 2690 3548 2744 τῶν
3569 2683 3790 2756 ἀνθρώ·

2211 2802 2375 2850 ’πωνε
2400 2796 2496 2850 καὶ
2519 2794 2588 2847 τὰ
2604 2793 2753 2865 ἑξῆς.

2224 2909 2347 2962 Ὅτι
2398 2908 2480 2961 δεῖ
2527 2905 2704 2960 πάντα
2744 2902 3169 2976 ἀπαραλείπτως
3221 2897 3531 2968 φυλάττειν,
3576 2892 3671 2946 τᾰ-
3703 2889 3788 2944 διὰ

2295 2998 2390 3054 τοῦ
2415 2997 2750 3069 Εὐαγγελίου
2774 2995 3000 3051 καὶτῶν
3034 2992 3343 3050 ἀποστόλων
3385 2989 3493 3044 ὑπὸ
3537 2984 3636 3040 τοῦ
3671 2985 3787 3038 Κυ-

2300 3093 2417 3166 ρίου
2446 3088 2876 3162 παραδεδομένα.

2829 3201 3054 3271 Κεφάλ.
3090 3203 3176 3255 Γ’.

2291 3296 2660 3354 ΜΑΤΘΑΙΟΣ.
2689 3291 3106 3362 Πορευθέντες,
3135 3286 3548 3361 μαθητεύσατε
3592 3281 3790 3337 πάντα

2220 3391 2293 3446 τὰ
2319 3392 2483 3458 ἔθνη,
2512 3380 2902 3454 ,βαπτίζοντες
2953 3383 3172 3448 αὐτοὺς
3214 3384 3301 3448 είς
3348 3378 3415 3434 τὸ
3447 3379 3640 3446 ὄνομα
3684 3371 3790 3429 τοῦ

2219 3481 2453 3551 Πατρός
2486 3480 2585 3535 καὶ
2604 3478 2717 3534 τοῦ
2755 3476 2892 3532 Υίοῦ
2932 3476 3033 3530 καὶ
3066 3474 3174 3530 τοῦ
3204 3474 3379 3543 ἁγίου
3412 3470 3786 3538 Πνεύματος·

2217 3572 2609 3638 διδάσκοντες
2637 3568 2859 3634 αὐτοὺς
2884 3566 3086 3636 τηρεῖν
3116 3565 3329 3630 πάντα,
3347 3564 3465 3617 ὅσα
3495 3555 3792 3615 ἐνετειλά-

2214 3683 2340 3737 μην
2359 3664 2522 3735 ύμῖν.
2558 3662 2855 3716 ΛΟΥΚΑΣ.
2885 3655 3089 3715 τΗσαν
3123 3656 3192 3712 δὲ
3218 3657 3435 3711 δίκαιοι
3467 3653 3790 3723 ἀμφότεροι

2217 3757 2477 3811 ἐνώπιον
2502 3754 2611 3809 τοῦ
2648 3753 2818 3820 Θεοῦ,
2858 3753 3245 3821 πορευόμενοι
3273 3749 3344 3803 ἐν
3393 3746 3625 3813 πάσαις
3660 3742 3789 3810 ταῖς

2217 3847 2495 3914 ἐντολαῖς
2524 3846 2623 3902 καὶ
2654 3844 3007 3915 δικαιώμασι
3033 3843 3138 3898 τοῦ
3164 3840 3385 3915 Κυρίου
3422 3839 3788 3908 ἄμεμπτοι...

2228 3937 2292 3992 '0
2325 3937 2560 3992 ἀκούων
2600 3934 2677 4005 (4)
2730 3934 2897 4003 ὑμῶν
2938 3933 3084 4001 ἐμοῦ
3136 3932 3358 3986 ἀκούειυ
3393 3933 3426 3983 ό
3448 3929 3520 3982 δὲ
3563 3925 3790 3983 ἀθετῶν

2216 4029 2371 4100 ὑμᾶς
2386 4027 2491 4098 ἐμὲ
2516 4026 2729 4083 ἀθετεῖ.
2759 4025 2937 4080 ΠΡΟΣ
2965 4025 3154 4079 ΘΕΣΣ.
3188 4022 3252 4093 β’.
3282 4024 3421 4093 Ἀρα
3444 4017 3576 4085 οὖν,
3612 4020 3787 4074 ἀδελ-

2216 4120 2339 4191 φοὶ,
2398 4119 2673 4186 στήκετε,
2712 4117 2812 4171 καὶ
2856 4117 3120 4187 κρατεῖτε
3153 4117 3259 4182 τὰς
3288 4112 3678 4183 παραδόσεις,
3716 4110 3788 4177 ἇς

2214 4210 2567 4282 ἐδιδάχθητε
2588 4211 2709 4265 stre
2741 4210 2842 4265 διὰ
2865 4211 3052 4281 λόγου
3082 4208 3202 4263 εἴτε
3239 4206 3313 4261 δι’
3331 4202 3688 4273 ἐπιστολῆς,
3709 4204 3790 4268 ὡς

2215 4303 2289 4357 δι’
2308 4301 2497 4373 ἡμῶν.

2216 4412 2341 4466 Ὅτι
2377 4408 2437 4467 οὐ
2464 4408 2546 4463 δεῖ
2583 4407 2795 4480 θέλημα
2825 4406 2955 4461 ἴδιον
2980 4404 3131 4477 παρὰ
3155 4405 3215 4459 τὸ
3232 4404 3442 4475 Θὲλημα
3466 4404 3563 4457 τοῦ
3578 4402 3786 4475 Κυρίου

620 4488 719 4545 tati
745 4487 963 4547 Domini
998 4508 1355 4565 praeponere:
1392 4499 1487 4555 sed
1514 4499 1570 4555 in
1600 4500 1750 4557 omni
1785 4516 1846 4557 re
1886 4501 1976 4558 Dei
2024 4517 2119 4559 vo-

2292 4501 2568 4575 ὲγκρίνειν
2597 4499 2695 4571 (5)’
2733 4498 2849 4553 ἀλλ’
2873 4492 3119 4552 ἐν’παντὶ
3144 4498 3428 4571 πράγματι
3474 4496 3661 4566 ζητεῖν
3693 4495 3786 4548 καὶ

622 4581 887 4639 luntatem
914 4599 1200 4655 quarere,
1239 4595 1296 4643 et
1337 4591 1586 4662 exsequi.

1173 4699 1342 4771 Caput
1393 4700 1497 4758 ιν.

626 4788 772 4858 Quia
797 4806 901 4847 non
919 4809 1098 4863 quaero
1117 4795 1432 4851 uoluntatem
1463 4812 1652 4857 meam,
1677 4796 1766 4851 sed
1795 4797 2115 4852 uoluntatem

549 4879 665 4951 ejus
682 4881 774 4952 qui
804 4882 949 4940 misit
978 4899 1059 4938 me
1082 4882 1264 4938 Pdtris
1308 4884 1487 4956 (Joan.
1524 4902 1575 4950 ν,
1605 4885 1788 4957 50)....
1834 4886 1905 4941 Et
1929 4890 2114 4956 positis

550 4973 784 5044 genibus,
812 4976 983 5031 oravit
1028 4975 1240 5031 dicens:
1273 4976 1454 5041 Pater,
1486 4979 1534 5033 si
1566 4979 1642 5034 vis
1668 5020 1684 5042 ,
1724 4980 1956 5050 transfer
1981 4981 2115 5035 cali-

548 5079 661 5118 cem
692 5066 877 5121 istum.
926 5064 1294 5123 Verumtamen
1334 5086 1438 5125 non
1462 5086 1577 5125 mea
1607 5071 1871 5137 voluntas,
1901 5072 1991 5127 sed
2022 5082 2115 5128 tua

550 5155 648 5223 ﬁat
682 5156 834 5227 (Luc.
864 5172 1001 5225 χχιι,
1032 5158 1093 5212 41
1121 5201 1137 5227 ,
1166 5158 1399 5229 42);.....
1436 5159 1503 5215 In
1524 5162 1710 5231 quibus
1741 5170 1792 5216 et
1816 5179 1910 5217 nos
1937 5180 2113 5219 omnes

548 5247 835 5318 aliquando
866 5251 1160 5304 eonversati
1197 5267 1377 5306 sumus
1406 5253 1463 5306 in
1501 5252 1773 5309 desideriis
1802 5256 1979 5310 carnis
2020 5272 2116 5311 no-

546 5348 673 5395 stra
694 5381 711 5407 ,
758 5339 1009 5409 facientes
1055 5342 1370 5398 uoluntatem
1424 5347 1600 5401 carnis
1645 5354 1694 5401 et
1738 5348 2115 5417 cogitationum

543 5498 1106 5642 καὶυέῖτῐὲξιέῗτῗτίε.
1160 5506 1254 5559 καὶ
1308 5505 1454 5576 λέγει
1501 5508 1670 5581 αὐτῷ.
1716 5507 1941 5568 Veteres
1982 5511 2108 5569 libri

614 5640 689 5720 (τε)
714 5640 848 5720 {‘38-
882 5640 1078 5720 ιειὶιίυε
1106 5644 1169 5720 El
1194 5642 1290 5720 μὴ,
1308 5646 1486 5720 νίψηςο

614 5709 690 5782 εξ)
722 5709 854 5782 Reg.
889 5712 1096 5782 primus
1124 5716 1153 5766 ὁ
1189 5709 1246 5767 δὲ
1267 5709 1500 5772 ἆκοῦὢν.

612 5780 687 5854 (5)
722 5780 866 5838 Idem
889 5780 1071 5839 codex
1093 5782 1301 5855 θέλημα
1328 5787 1419 5841 τοῦ
1442 5788 1574 5843 Θεοῦ
1603 5791 1889 5865 ἐγκρίνειν.

2287 4594 2462 4653 ποιεῖν
2493 4592 2554 4645 τὸ
2590 4590 2803 4662 θέλημα
2830 4588 2924 4643 τοῦ
2953 4588 3110 4647 Θεοῦ.

2824 4706 3051 4777 Κεφάλ.
3097 4709 3172 4759 Δ’.

2284 4798 2606 4854 ΙΩΑΝΝΗΣ.
2643 4799 2766 4853 Ὅτι
2791 4801 2863 4854 οὐ
2909 4798 3057 4866 ζητῶ
3100 4796 3167 4851 τὸ
3215 4796 3450 4867 θέλημα
3498 4796 3568 4851 τὸ
3618 4794 3784 4866 ἐμὸν,

2214 4894 2377 4951 ἀλλὰ
2397 4894 2461 4948 τό
2500 4893 2730 4964 θέλημα
2760 4893 2866 4948 τοῦ
2909 4892 3260 4964 πέμψαντός
3287 4908 3365 4961 με
3395 4893 3630 4960 Πατρός
3685 4889 3783 4960 (6).

2213 4985 2510 5039 ΛΟΥΚΑΣ.
2543 4985 2652 5040 Kal
2677 4985 2800 5052 θεὶς
2838 4985 2911 5039 τὰ
2943 4985 3184 5054 γόνατα,
3244 4984 3637 5052 προσηύξατο
3686 4981 3789 5038 λέ-

2211 5092 2351 5145 των·
2402 5076 2615 5146 Πάτερ,
2665 5079 2716 5133 ει
2757 5077 2994 5142 βούλει,
3046 5075 3373 5147 παρένεγκε
3404 5076 3472 5129 τὸ
3499 5077 3789 5146 ποτήριον

2210 5168 2406 5222 τοῦτο.
2436 5151 2611 5237 Πλὴν
2630 5167 2717 5237 μὴ
2747 5166 2813 5221 τὸ
2842 5167 3070 5237 θέλημα
3091 5167 3158 5221 τὸ
3176 5167 3343 5253 ἐμὸν,
3380 5166 3546 5222 ἀλλὰ
3574 5168 3641 5222 τὸ
3670 5168 3790 5222 σὸν

2212 5258 2475 5328 γενέσθω
2503 5259 2598 5331 (7).
2633 5260 2813 5312 ΠΡῦΣ
2839 5259 3029 5312 ΕΦΕΣ.
3071 5260 3172 5313 Ἐν
3197 5257 3287 5325 οἷς
3312 5259 3603 5329 καὶήμεῖς
3635 5260 3785 5314 πάν-

2209 5367 2310 5417 τες
2328 5349 2787 5421 ἀνεστράφημέν
2819 5362 2963 5406 ποτε
3009 5353 3081 5406 ἐν
3124 5352 3252 5418 ταῖς
3283 5351 3625 5422 ἐπιθυμίαις
3673 5351 3787 5420 τῆς

2281 5511 2358 5583 (6)
2405 5512 2539 5585 v9;
2566 5514 2787 5585 Πατρός
2836 5514 2893 5568 in
2952 5513 3229 5585 plerisque
3282 5514 3444 5571 libris
3474 5584 3477 5585 ν
3509 5513 3786 5585 veteribus

2212 5583 2406 5655 deest;
2433 5584 2507 5638 ob
2528 5583 2712 5655 idque,
2741 5584 2956 5654 opinor,
2984 5583 3176 5640 Latine
3212 5600 3323 5640 non
3354 5584 3571 5642 reddita
3603 5590 3686 5640 est
3722 5584 3783 5637 in

2216 5652 2526 5795 Vlll'ﬁéﬁeg.
2559 5724 2767 5795 primus
2812 5723 2879 5795 ἰδ
2908 5724 2998 5777 σὸν
3025 5724 3275 5793 γινέσθω.
3324 5722 3436 5782 Nec
3493 5726 3568 5782 ita
3611 5723 3779 5781 multo

2190 5793 2335 5867 post
2366 5793 2506 5851 idem
2531 5793 2699 5851 codex
2730 5793 2880 5849 ποιοῦ
2894 5812 3005 5858 nec
3031 5794 3098 5849 τὰ
3122 5794 3421 5866 θελήματα.
