3982 6240
266 304 369 358 79.5

1742 318 2065 375 MORALIA.

3416 334 3517 390 726

262 426 490 497 σαρκὸς
519 428 711 497 ἡμῶν,
740 435 1054 503 ποιοῦντες
1100 438 1166 491 τὸ
1195 440 1422 510 θέλημα
1472 444 1580 513 τῆς
1618 447 1846 515 σαρκὸς

1968 456 2292 502 rostrorum:
2338 453 2389 500 et
2416 461 2627 501 eramus
2666 456 2858 503 natura
2887 449 2990 519 ﬁlii
3026 450 3122 505 irte
3158 452 3294 506 sicut
3321 461 3371 507 et
3414 471 3503 509 ca;-

266 520 507 574 καὶτῶν
530 521 813 578 διανοιῶν
843 527 1030 595 ήμῶν·
1092 532 1189 585 καὶ
1235 530 1386 603 ἦμεν
1435 536 1615 593 τέκνα
1663 541 1845 608 φύσει

268 612 467 683 ὀργῆς,
496 616 578 679 ὡς
606 616 707 669 καὶ
739 622 791 671 οί
820 622 1039 676 λοιποί.

912 734 1084 788 ΟΡΟΣ
1114 738 1217 793 II".

270 822 392 875 Ὀτι
420 821 502 875 δεῖ
529 824 720 896 νήφειν
750 824 855 892 ἀεὶ,
891 828 985 881 καὶ
1013 829 1229 899 ἕτοιμον
1282 832 1419 887 εἷναι
1450 836 1507 888 ἐν
1540 838 1605 907 τῇ
1641 839 1843 910 σπουδῇ

336 912 447 967 τῶν
503 916 946 987 κατορθωμάτων
998 922 1091 974 τοῦ
1142 924 1302 991 Θεοῦ,
1358 929 1692 998 γνωρίζοντα
1745 930 1848 1001 τῆς

336 1002 610 1076 ἀναϐολῆς
631 1007 693 1059 τὸ
729 1009 1093 1067 ἐπικίνδυνον.

872 1132 1097 1200 Κεφάλ.
1125 1138 1207 1188 A'.

340 1217 643 1274 ΔΟΥΚΑΣ.
685 1221 999 1277 Ἔστωσαν
1025 1225 1192 1294 ὑμῶν
1223 1228 1283 1281 al
1325 1228 1551 1298 ὀσφύες
1586 1231 1849 1299 περιεζω-

263 1310 504 1379 σμέναι,
527 1312 628 1365 καὶ
654 1316 710 1366 οἱ
735 1316 953 1383 λύχνοι
984 1319 1308 1387 καιόμενοι·
1329 1320 1428 1374 καὶ
1462 1322 1631 1391 ὑμεῖς
1660 1322 1847 1391 ὅμοιοι

265 1400 601 1468 ἀνθρώποις
631 1404 1132 1475 προσδεχομένοις
1175 1411 1282 1463 τὸν
1323 1412 1529 1479 κύριον
1589 1413 1842 1478 ἑαυτῶν,

263 1495 410 1546 ,τότε
431 1494 732 1550 άναλύσει
753 1498 822 1551 ἐκ
848 1498 966 1552 τῶν
1007 1502 1229 1571 γάμων
1275 1505 1377 1559 ἵνα
1404 1506 1708 1573 ἐλθόντος,
1747 1508 1845 1559 καὶ

264 1586 668 1653 κρούσαντος,
696 1590 918 1657 εὐθέως
954 1594 1284 1657 ἀνοίξωσιν
1329 1598 1508 1663 αὐτῷ.
1558 1598 1847 1669 Μακάριοι

262 1679 320 1729 οἱ
354 1676 569 1732 δοῦλοι
609 1680 849 1747 ἐκεῖνοι,
905 1684 1009 1752 οὓς
1041 1686 1233 1741 ἐλθὼν
1280 1693 1313 1743 ό
1362 1691 1566 1758 κύριος
1602 1692 1847 1762 εὑρήσει

1949 543 2047 596 teri
2076 539 2288 612 (Ephes.
2318 556 2374 607 ιι,
2399 538 2474 609 5).

2504 742 2788 801 REGULA
2820 745 2952 801 XIII.

1946 832 2103 901 Quod
2128 839 2342 904 oportet
2372 849 2646 906 quemque
2674 852 2887 908 semper
2915 838 3161 893 sobrium
3189 853 3332 904 esse,
3362 846 3416 894 et
3450 840 3518 893 ad

2016 925 2114 981 Dei
2148 940 2313 995 opera
2342 926 2535 981 sedulo
2559 927 2889 997 perﬁcienda
2916 938 3166 999 paratum
3186 970 3200 995 ,
3235 928 3517 985 dilationis

2017 1020 2322 1090 periculum
2352 1028 2757 1091 agnoscentem.

2605 1130 2776 1202 Caput
2817 1132 2866 1187 I.

2020 1218 2141 1275 Sint
2176 1221 2339 1274 lumbi
2373 1224 2528 1277 vestri
2556 1223 2859 1291 praecincti,
2889 1232 2939 1276 et
2988 1224 3212 1277 lucerna:
3243 1222 3517 1276 ardentes:

1945 1322 1994 1367 et
2045 1330 2133 1367 vos
2185 1314 2385 1369 similes
2436 1315 2735 1369 hominibus
2783 1316 3204 1385 exspectantibus
3248 1315 3521 1370 dominum

1947 1422 2124 1468 suum,
2146 1406 2357 1475 quando
2394 1416 2685 1459 revertatur
2713 1424 2745 1460 a
2784 1409 2979 1477 nuptiis
3012 1424 3028 1461 :
3060 1417 3117 1461 ut
3152 1424 3268 1461 cum
3301 1409 3520 1474 venerit,

1946 1506 1996 1551 et
2023 1497 2330 1565 pulsaverit,
2354 1500 2629 1567 confestim
2650 1499 2811 1571 247
2831 1502 3070 1569 aperiant
3103 1502 3171 1554 ei.
3210 1500 3361 1555 Beati
3389 1503 3523 1556 servi

1946 1591 2051 1655 illi,
2078 1608 2209 1661 quos
2243 1608 2361 1645 cum
2388 1594 2578 1646 venerit
2608 1592 2851 1647 dominus
2876 1635 2891 1658 ,
2930 1594 3180 1648 invenerit
3226 1594 3520 1664 vigilantes.

1948 1684 2111 1737 Amen
2149 1685 2265 1737 dico
2316 1684 2488 1751 vobis,
2531 1684 2668 1755 quod
2695 1687 2974 1755 prwcinget
3025 1703 3111 1752 se,
3136 1694 3184 1739 et
3213 1687 3367 1755 faciet
3401 1686 3522 1740 illos

266 1771 733 1880 γριπῖοροῦντας.
783 1775 961 1844 Ἀμὴν
978 1777 1133 1846 λέγω
1154 1779 1315 1849 ὑμῖν,
1338 1781 1427 1835 ὅτι
1443 1783 1840 1851 περιζώσεται,

1968 1778 2293 1843 liscumbere,
2324 1787 2372 1832 et
2396 1780 2656 1833 transiens
2688 1779 3009 1833 ministrabit
3033 1780 3159 1835 illis.
3211 1779 3278 1833 Et
3306 1781 3353 1833 si
3378 1796 3525 1835 vene-

264 1860 364 1912 καὶ
392 1862 713 1916 ἀνακλινεῖ
746 1866 984 1932 αὐτοὺς,
1016 1868 1115 1922 καὶ
1143 1871 1458 1938 παρελθὼν
1500 1873 1846 1941 διακονήσει

1968 1870 2021 1923 ’ἰι
2052 1870 2106 1923 in
2140 1869 2370 1924 secunda
2398 1870 2579 1939 vigilia
2628 1910 2643 1935 ,
2686 1880 2735 1925 et
2784 1873 2832 1925 si
2860 1872 2917 1925 in
2953 1873 3110 1925 tertia
3158 1873 3342 1943 vigilia
3375 1889 3526 1927 vene-

265 1952 491 2017 αὐτοῖς.
516 1954 629 2007 Καὶ
658 1954 766 2009 ἐὰν
794 1956 941 2027 ἔλθῃ
958 1960 1027 2013 ἐν
1051 1960 1125 2029 τῇ
1154 1962 1401 2032 δευτέρᾳ
1424 1966 1668 2035 φυλακῇ
1689 2008 1703 2031 ,
1752 1969 1853 2023 καὶ

263 2043 335 2095 ἐν
360 2042 439 2112 τῇ
462 2046 631 2116 τρίτῃ
667 2050 913 2118 φυλακῇ
937 2052 1103 2122 ἔλθῃ,
1146 2054 1242 2107 καὶ
1279 2056 1425 2125 εὕρῃ
1459 2059 1630 2123 οὕτω,
1661 2060 1853 2129 μακά-

256 2136 382 2202 ριοί
436 2139 597 2191 εἰσιν
648 2143 703 2194 οἱ
750 2140 955 2195 δοῦλοι
1006 2142 1220 2198 ἐκεῖνοι
1247 2146 1343 2217 (8).
1382 2148 1560 2203 Τοῦτο
1592 2149 1661 2203 δὲ
1680 2150 1850 2220 γινώ-

268 2241 471 2291 σκετε,
505 2229 598 2281 ὅτι
643 2232 695 2283 ει
731 2231 863 2300 ᾔδει
904 2236 937 2287 ό
986 2236 1418 2307 οἰκοδεσπότης
1457 2239 1597 2306 ποίᾳ
1652 2239 1772 2307 ὥρᾳ
1816 2244 1850 2294 ό

291 2317 565 2385 κλέπτης
612 2321 870 2390 ἔρχεται,
928 2325 1333 2395 ἐγρηγόρησεν
1374 2329 1470 2397 ἂν,
1505 2331 1603 2385 καὶ
1634 2333 1747 2386 οὐκ
1778 2332 1854 2385 ἂν

269 2408 467 2477 ἀφῆκε
493 2411 848 2483 διορυγῆναι
893 2416 1008 2486 τὴν
1061 2422 1257 2474 οὶκίαν
1306 2422 1512 2476 αὑτοῦ.
1549 2422 1659 2476 Καὶ
1685 2423 1855 2492 ὑμεῖς

270 2497 385 2555 οὖν
424 2504 669 2571 γίνεσθε
697 2507 939 2578 ἕτοιμοι,
970 2510 1058 2564 ὅτι
1085 2507 1127 2583 ᾗ
1153 2512 1273 2583 ὢρςι
1302 2516 1371 2567 οὐ
1405 2515 1632 2569 δοκεῖτε
1657 2520 1690 2570 ό
1720 2518 1854 2584 Υἱὸς

272 2594 378 2646 τοῦ
434 2595 753 2663 ἀνθρώπου
811 2600 1063 2668 ἑρχεται,
1115 2605 1208 2655 καὶ
1263 2603 1330 2657 τὰ
1366 2604 1492 2675 ἑξῆς
1522 2605 1617 2677 (9).
1674 2608 1853 2661 ΠΡΟΣ

272 2686 462 2740 ΘΕΣΣ.
494 2694 571 2745 α’.
590 2689 729 2758 Περὶ
760 2690 828 2743 δὲ
848 2692 966 2745 τῶν
1004 2695 1235 2761 χρόνων
1285 2698 1383 2749 καὶ
1444 2698 1562 2751 τῶν
1612 2699 1851 2768 καιρῶν,

271 2776 548 2845 ἀδελφοὶ,
586 2783 656 2833 οὐ
686 2784 897 2850 χρείαν
928 2785 1094 2852 ἔχετε
1121 2786 1449 2855 γράφεσθαι
1477 2789 1635 2857 ύμῖν·
1678 2792 1851 2845 αὐτοὶ

273 2870 381 2941 γὰρ
404 2874 661 2941 ἀκριϐῶς
681 2876 902 2941 οἴδατε,
949 2877 1037 2931 ὅτι
1061 2880 1099 2948 ἠ
1131 2878 1319 2947 ἡμέρα
1340 2879 1567 2949 Κυρίου
1591 2884 1670 2949 ὡς
1703 2884 1847 2937 κλέ·

1949 1958 2041 2025 rit,
2072 1968 2121 2013 et
2144 1959 2222 2011 ita
2260 1959 2535 2026 invenerit,
2570 1959 2707 2015 beati
2752 1970 2875 2015 sunt
2933 1963 3068 2016 servi
3114 1962 3218 2019 illi.
3268 1961 3385 2016 Hoc
3430 1980 3528 2017 au-

1952 2060 2053 2105 tem
2080 2052 2439 2124 scitote,quod
2464 2054 2511 2106 si
2537 2054 2691 2107 sciret
2713 2054 3124 2123 paterfamilias,
3152 2072 3255 2125 qua
3284 2055 3416 2109 liora
3438 2056 3527 2124 fur

1949 2145 2166 2210 veniret,
2200 2145 2441 2215 vigilaret
2478 2146 2678 2215 utique,
2708 2154 2757 2199 et
2792 2163 2895 2200 non
2944 2148 3137 2201 sineret
3186 2147 3390 2215 perfodi
3440 2147 3530 2201 do.

1951 2254 2098 2292 mum
2136 2255 2311 2293 suam.
2346 2238 2418 2292 Et
2445 2256 2532 2293 vos
2552 2248 2716 2293 estote
2737 2241 2935 2306 parati,
2965 2243 3090 2310 quia
3119 2257 3225 2310 qua
3268 2240 3399 2293 liora
3423 2255 3525 2293 non

1954 2331 2177 2398 putatis,
2194 2329 2373 2384 Filius
2389 2330 2615 2384 hominis
2640 2332 2803 2384 veniet
2829 2329 2981 2399 (Luc.
3010 2346 3110 2394 xu,
3127 2332 3523 2403 55-4I0),etc....

1954 2424 2033 2478 De
2056 2422 2371 2493 temporibus
2402 2434 2577 2477 autem
2602 2432 2652 2478 et
2688 2424 2984 2487 momentis,
3010 2425 3225 2492 fratres,
3254 2441 3353 2477 non
3386 2424 3528 2477 indi-

1955 2517 2087 2587 getis
2117 2524 2173 2568 ut
2202 2515 2499 2569 scribamus
2526 2514 2666 2569 vobis
2693 2531 2711 2569 .'
2746 2516 2849 2583 ipsi
2875 2517 3010 2569 enim
3037 2516 3314 2586 diligenter
3342 2517 3489 2570 scitis
3510 2556 3524 2580 ,

1954 2608 2092 2677 quod
2146 2606 2257 2661 dies
2311 2605 2524 2661 Domini
2572 2609 2708 2661 sicut
2756 2608 2846 2675 fur
2893 2609 2949 2661 in
2999 2618 3182 2673 nocte,
3232 2610 3312 2662 ita
3366 2610 3528 2662 veniet

1955 2698 2012 2769 (I
2044 2699 2223 2753 Thess.
2256 2715 2310 2762 ν,
2336 2698 2392 2762 1,
2421 2698 2498 2767 2).
2550 2698 2616 2753 Et
2647 2702 2809 2770 paulo
2841 2708 2966 2769 post
2995 2716 3010 2754 :
3059 2699 3231 2770 Igitur
3269 2716 3372 2755 non
3401 2701 3528 2754 dor-

1956 2792 2185 2847 miamus
2218 2793 2354 2846 sicut
2390 2800 2441 2846 et
2464 2792 2673 2860 cteteri,
2723 2792 2814 2847 sed
2842 2793 3117 2864 vigilemus
3138 2832 3152 2858 ,
3182 2803 3232 2848 et
3264 2792 3429 2847 sobrii
3454 2794 3528 2848 si-

1962 2900 2085 2938 mus
2118 2884 2272 2955 (ibid.
2296 2884 2375 2957 6).

272 2984 426 3035 πτης
454 2970 528 3022 ὲν
558 2972 755 3036 νυκτὶ,
792 2973 977 3039 οὕτως
1003 2975 1236 3043 ἔρχεται
1266 2975 1398 3047 (10).
1424 2977 1538 3031 Καὶ
1570 2981 1691 3049 μετ’
1723 2978 1897 3050 ὀλίγα·
1924 2981 2073 3050 Ἀρα
2101 2975 2216 3036 οὖν
2242 2980 2329 3051 μὴ
2359 2982 2736 3053 καθεύδωμεν
2762 2982 2843 3049 ὡς
2890 2983 2985 3035 καὶ
3015 2984 3068 3037 ol
3111 2981 3339 3051 λοιποὶ,
3369 2979 3530 3035 ἀλλὰ

274 3062 676 3131 γρηγορῶμεν,
704 3064 800 3117 καὶ
826 3064 1127 3136 νήφωμεν.

274 3178 397 3232 Ὀτι
447 3180 535 3233 δεῖ
592 3181 769 3236 πάντα
805 3183 995 3253 καιρὸν
1051 3184 1269 3240 εὔθετον
1316 3188 1565 3259 ἡγεῖσθαι
1625 3191 1705 3255 εἰς
1755 3190 1854 3263 τὴν

1968 3191 2117 3259 Quod
2148 3208 2311 3249 omne
2332 3199 2551 3264 tempus
2584 3193 2745 3249 debet
2776 3194 3017 3263 reputari
3048 3204 3434 3263 opportunum,
3463 3194 3529 3249 ad

521 3272 757 3344 σπουδὴν
780 3273 889 3327 τῶν
912 3276 1253 3346 ἀρεσκόντων
1280 3278 1359 3349 τῷ
1382 3280 1501 3352 Θεῷ
1533 3280 1668 3354 (II).

879 3391 1099 3459 Kescdd.
1152 3396 1233 3451 B’.

346 3476 671 3531 ΙΩΔΝΝΗΣ.
722 3478 857 3548 Ἐμὲ
903 3478 997 3532 δεῖ
1034 3480 1375 3548 ἐργάζεσθαι
1426 3482 1501 3535 τὰ
1553 3482 1696 3553 ἔργα
1748 3482 1860 3537 τοῦ

273 3566 629 3634 πέμψαντός
670 3585 768 3636 με,
806 3568 917 3634 ἕως
947 3568 1135 3638 ἡμέρα
1177 3571 1369 3624 ἐστίν.
1416 3572 1595 3625 ΠΡΟΣ
1645 3574 1854 3628 ΦΙΛῙΠ.

277 3658 483 3722 Ὥστε,
513 3661 811 3729 ἀγαπητοί
828 3678 967 3727 μου,
1004 3662 1194 3728 καθὼς
1224 3663 1479 3717 πάντοτε
1508 3666 1858 3732 ὑπηκούσα-

276 3770 363 3815 τε,
393 3754 483 3822 μὴ
509 3755 593 3819 ὡς
628 3754 700 3806 ἐν
731 3753 806 3821 τῇ
839 3756 1139 3821 παρουσίᾳ
1162 3773 1282 3824 μου
1304 3757 1517 3825 μόνον,
1553 3758 1713 3811 ἀλλὰ
1742 3758 1861 3811 νῦν

276 3844 487 3909 πολλῷ
517 3844 762 3914 μᾶλλον
784 3847 854 3898 ἐν
882 3846 955 3913 τῇ
998 3847 1264 3913 ἀπουσίᾳ
1297 3864 1437 3915 μου,
1476 3850 1626 3915 μετὰ
1669 3849 1857 3916 φόϐου

278 3939 379 3993 καὶ
421 3941 642 4009 τρόμου
675 3938 790 4006 τὴν
820 3938 1048 3992 ἑαυτῶν
1075 3941 1376 4007 σωτηρίαν
1415 3938 1853 4009 κατεργάζεσθε.

917 4056 1089 4109 ΟΡΟΣ
1132 4058 1227 4109 1Δ’.

281 4151 403 4204 Ὀτι
456 4149 517 4203 οὗ
566 4150 649 4203 δεῖ
706 4150 775 4203 τὰ
833 4150 1077 4203 ἀνοίκειοι
1138 4152 1413 4221 μιγνύναι,
1464 4152 1577 4205 ἀλλ’
1626 4152 1857 4205 ἑκάστου

348 4245 458 4297 τῶν
482 4244 784 4313 γινομένων
820 4242 853 4313 ἢ
879 4243 1185 4311 λεγομένων
1218 4244 1308 4297 τὸν
1338 4244 1463 4297 ἴδιον
1500 4244 1688 4316 καιρὸν
1716 4262 1857 4312 γνω-

356 4337 547 4408 ρίζειν.

907 4428 1125 4497 Κεφάλ.
1182 4434 1261 4482 A'.

2168 3296 2233 3338 ea
2266 3282 2512 3339 studiose
2536 3283 2766 3354 agenda,
2799 3298 2919 3353 quae
2946 3281 3054 3338 Deo
3086 3284 3315 3352 placent.

2591 3398 2762 3469 Caput
2806 3398 2891 3453 II.

2030 3488 2117 3545 Me
2150 3498 2349 3561 oportet
2379 3493 2585 3561 operari
2612 3507 2767 3560 opera
2796 3493 2932 3561 ejus,
2966 3494 3056 3563 qui
3090 3492 3232 3545 misit
3281 3509 3381 3555 me,
3430 3493 3528 3545 do-

1960 3599 2051 3637 nec
2080 3585 2191 3638 dies
2214 3592 2292 3637 est
2314 3582 2494 3653 (Joan.
2539 3598 2616 3649 lx,
2644 3583 2794 3651 4)....
2834 3583 3039 3653 Itaque,
3065 3583 3366 3636 charissimi
3388 3584 3489 3636 ιιιεὶ
3511 3619 3530 3642 .

1959 3676 2098 3729 sicut
2128 3690 2328 3743 semper
2347 3674 2619 3737 obedistis,
2656 3692 2758 3728 non
2783 3685 2838 3727 ut
2870 3676 2922 3727 in
2967 3673 3251 3743 prmsentia
3276 3690 3391 3727 mea
3416 3682 3535 3726 tan-

1960 3776 2094 3831 tum,
2123 3767 2213 3821 sed
2244 3767 2410 3822 multo
2444 3768 2612 3837 magis
2661 3783 2797 3821 nunc
2843 3767 2897 3819 in
2945 3766 3184 3819 absentia
3215 3782 3329 3819 mea
3350 3806 3364 3829 ,
3415 3780 3533 3817 cum

1960 3868 2101 3913 metu
2134 3868 2184 3913 et
2213 3869 2436 3914 tremore
2470 3868 2696 3914 vestram
2723 3859 2948 3913 salutem
2969 3858 3292 3931 operamini(
3302 3858 3531 3927 Philipp.

1961 3966 2025 4018 ιι,
2053 3951 2162 4019 12).
2222 4013 2231 4022 ,

2514 4042 2796 4100 REGULA
2836 4040 2975 4096 XIV.

1960 4135 2115 4203 Quod
2149 4150 2237 4191 res
2270 4149 2392 4206 quae
2422 4135 2566 4191 inter
2612 4151 2671 4192 se
2716 4150 2823 4188 non
2857 4135 3187 4189 conveniunt
3211 4173 3227 4197 ,
3257 4149 3365 4189 non
3407 4140 3535 4187 sunt

2032 4229 2326 4286 miscenda:
2355 4250 2367 4285 :
2403 4229 2497 4285 sed
2533 4228 2870 4298 singulorum
2901 4242 3021 4297 quae
3052 4226 3187 4280 fiunt
3218 4234 3309 4279 aut
3350 4226 3536 4281 dicun-

2031 4330 2145 4388 tur,
2174 4322 2457 4393 proprium
2487 4330 2701 4393 tempus
2738 4321 3142 4394 agnoscendum
3186 4327 3291 4375 est.

2624 4436 2792 4506 Caput
2846 4435 2877 4489 Ι

351 4521 721 4575 ΜΑΤΘΑΙΟΣ.
782 4521 917 4574 Τότε
959 4520 1390 4589 προσέρχονται
1450 4520 1607 4586 αὐτῷ
1655 4523 1707 4574 οἱ
1753 4538 1854 4590 μα-

2040 4528 2187 4582 Tunc
2219 4528 2471 4583 accedunt
2518 4527 2587 4582 ad
2626 4545 2743 4581 eum
2780 4526 3030 4595 discipuli
3078 4524 3327 4589 Joannis,
3361 4525 3539 4577 dicen-

283 4614 452 4681 θηται
498 4612 788 4675 Ἰωάννου,
833 4613 1150 4682 λέγοντες·
1189 4614 1294 4667 Διὰ
1346 4614 1402 4666 τί
1443 4614 1612 4682 ἡμεῖς
1655 4613 1754 4667 καὶ
1807 4618 1861 4669 ol

283 4705 589 4775 Φαρισαῖοι
623 4707 992 4773 νηστεύομεν
1018 4706 1237 4771 πολλὰ,
1262 4709 1316 4759 οί
1358 4706 1427 4759 δὲ
1461 4708 1718 4775 μαθηταί
1745 4724 1861 4761 σου

283 4804 353 4855 οὐ
380 4800 787 4867 νηστεύουσι;
816 4799 921 4853 Καὶ
950 4794 1117 4852 εἶπεν
1143 4798 1346 4865 αὐτοῖς
1368 4801 1401 4852 ὀ
1440 4799 1678 4867 Ἰησοῦς
1711 4800 1823 4869 (12)
1842 4817 1856 4832 υ

284 4892 377 4960 Μὴ
410 4890 705 4944 δύνανται
730 4892 785 4943 οἱ
825 4890 939 4943 υἱοὶ
971 4890 1077 4944 τοῦ
1107 4890 1427 4959 νυμφῶνος
1466 4891 1725 4955 πενθεῖν,
1766 4891 1859 4960 ἐφ’

284 4984 433 5037 ὅσον
470 4982 600 5051 μετ’
645 4979 843 5033 αὐτῶν
869 4981 1039 5035 ἐστιν
1075 4985 1107 5035 ό
1136 4982 1424 5052 νυμφίος
1475 4983 1859 5037 Ἐλεύσονται

282 5076 351 5130 δὲ
388 5076 624 5145 ἡμέραι,
675 5072 824 5127 ὅταν
846 5074 1084 5144 ἀπαρθῇ
1119 5076 1219 5131 ἀπ’
1266 5073 1466 5129 αὐτῶν
1496 5078 1531 5130 ό
1576 5076 1885 5145 νυμφίοςμ

352 5256 428 5329 {8)
460 5257 657 5329 Vocem
686 5256 884 5311 ἐκεῖνοι
910 5273 977 5313 ex
1007 5258 1246 5329 antibuis
1267 5258 1445 5315 tribus
1470 5257 1625 5313 libris
1648 5257 1851 5329 addidi.

354 5326 432 5393 {9)
456 5328 658 5381 Addita
704 5335 833 5382 sunt
872 5330 1052 5397 aliqua
1084 5326 1155 5383 ex
1182 5329 1328 5383 Luca
1355 5344 1450 5392 xu,
1484 5329 1672 5394 45-47,
1717 5336 1771 5381 et
1800 5328 1853 5381 in

289 5396 449 5469 Mess.
476 5405 529 5452 et
563 5399 617 5450 in
652 5396 787 5469 Reg.
816 5396 981 5469 tertio
1013 5400 1316 5469 post_illud,
1352 5400 1444 5451 καὶ
1467 5397 1535 5451 τὰ
1554 5398 1699 5469 ἑξῆς.
1725 5397 1859 5469 Ver-

288 5467 477 5539 borum
511 5469 709 5520 horum
740 5468 956 5539 initium
980 5466 1083 5530 est,
1106 5466 1189 5533 οἷς
1206 5469 1474 5539 ἐπιφέρει.
1504 5466 1704 5539 Ἐὰνδὲ
1728 5468 1860 5538 εἴπῃ

287 5538 315 5588 ὁ
344 5536 543 5609 δοῦὣςγ
562 5540 809 5609 ἐκεῖνοςῆ
839 5538 981 5599 ﬁnis,
1016 5540 1152 5609 μετᾲ
1183 5538 1293 5591 τῶν
1314 5536 1565 5592 ἀπτίστων
1589 5538 1763 5609 θήσει.

354 5607 468 5679 (10)
502 5607 629 5662 Haec
657 5607 812 5679 Pauli
834 5611 997 5663 verba
1018 5607 1087 5664 ex
1110 5608 1348 5679 Epistola
1376 5610 1549 5678 prima
1572 5607 1856 5663 ad'Thess.

290 5691 341 5738 ν,
367 5678 485 5739 3-5,
510 5680 643 5733 ὅταν
664 5677 723 5729 δὲ
748 5677 1070 5745 λέγωσιν....
1101 5677 1295 5743 vexet);
1320 5677 1439 5733 οὐδὲ
1469 5680 1711 5743 σκότους,
1738 5692 1861 5732 con-

291 5748 524 5805 tinenter
558 5750 819 5820 teguntur
866 5750 941 5804 in.
973 5748 1132 5808 Mess.
1168 5762 1220 5805 et
1264 5752 1318 5805 in
1363 5748 1494 5821 Reg.
1541 5749 1703 5806 tertio
1738 5757 1861 5820 post

1970 4627 2045 4673 tes
2074 4634 2092 4672 :
2123 4618 2301 4686 Quare
2333 4636 2427 4682 nos
2467 4627 2515 4673 et
2566 4618 2831 4673 Phariswi
2869 4618 3174 4687 jejunamus
3204 4616 3495 4685 frequenter
3522 4654 3536 4674 .

1967 4704 2217 4775 discipuli
2238 4717 2411 4763 autem
2443 4708 2521 4759 tui
2548 4724 2653 4759 non
2670 4707 2963 4776 jejunant?
2994 4705 3060 4758 Et
3090 4706 3165 4758 ait
3196 4705 3307 4758 illis
3340 4702 3494 4757 Jesus
3520 4720 3538 4756 :

1970 4796 2222 4868 Nunquid
2255 4808 2473 4869 possunt
2509 4800 2612 4868 ﬁlii
2638 4800 2815 4868 sponsi
2847 4800 3019 4869 lugere
3058 4796 3293 4867 quandiu
3327 4813 3443 4850 cum
3470 4796 3541 4848 il-

1968 4891 2034 4944 lis
2058 4902 2134 4946 est
2164 4895 2426 4960 sponsus?
2470 4891 2686 4946 Venient
2717 4901 2891 4945 autem
2935 4892 3065 4954 dies,
3110 4905 3225 4941 cum
3270 4888 3540 4956 auferetur

1965 4982 2031 5051 ab
2066 4983 2139 5036 eis
2166 4997 2424 5051 sponsus,
2473 4994 2521 5038 et
2565 4990 2690 5037 tunc
2736 4981 3055 5053 jejunabunt
3088 4980 3140 5035 in
3196 4980 3305 5033 illis
3354 4977 3537 5031 diebus

1964 5073 2180 5143 (Matth.
2212 5060 2287 5142 Ix,
2322 5076 2413 5145 M,
2438 5075 2551 5145 15),
2579 5086 2754 5131 ele....
2796 5072 3001 5142 Itaque,
3032 5074 3222 5147 fratres
3243 5110 3258 5136 ,
3305 5086 3408 5124 non
3447 5086 3540 5124 su-

1962 5258 2119 5318 illud,
2145 5259 2317 5322 οὕτως
2347 5259 2587 5330 ἔρχεται.

2034 5330 2147 5397 (Η)
2181 5330 2237 5383 In
2280 5320 2475 5383 iisdem
2507 5325 2951 5397 codicibuspnst
2994 5338 3155 5397 voces
3176 5320 3539 5397 _apsa§6wwv

1964 5392 2201 5469 τῷθέῷ,
2227 5399 2436 5469 adjecta
2468 5404 2596 5469 sunt
2625 5412 2705 5469 ex,
2725 5392 2978 5469 Mat—thaco
3001 5411 3097 5460 xu,
3133 5393 3191 5446 Η
3221 5392 3273 5447 et
3304 5392 3390 5469 I2,
3418 5408 3542 5446 ver-

1963 5461 2030 5522 ba
2059 5461 2194 5531 haec,
2225 5461 2318 5531 Τίξ
2341 5468 2494 5522 ἔσται
2515 5467 2574 5531 ἐξ
2595 5468 2748 5537 ὑμῶν
2769 5466 3074 5539 ἄνθρωπος,
3101 5475 3230 5527 etc.,
3257 5461 3323 5515 ad
3351 5477 3539 5517 vocem

1967 5555 2139 5607 usque
2168 5542 2357 5593 ποιεῖν.

2036 5601 2146 5679 (12)
2173 5608 2320 5664 Libri
2366 5616 2578 5665 veteres
2621 5610 2647 5663 ὁ
2695 5605 2922 5679 Ἰησοῦς.
2967 5606 3124 5662 Deest
3167 5601 3434 5659 articulus
3486 5604 3537 5657 in

1963 5680 2218 5753 vulgatis.
