3982 6240
336 329 449 385 1‘29

1823 338 2156 399 MORALIA.

3506 343 3616 403 750

354 446 720 542 Ὑποκριται,
758 448 825 503 τὸ
850 450 1177 517 πρόσωπον
1204 453 1313 523 τῆς
1344 455 1458 525 γῆς
1487 456 1587 512 καὶ
1622 457 1727 512 τοῦ
1756 463 1933 528 οὐρα-

2055 461 2152 532 ἰϐ.)
2204 460 2331 517 lant
2392 473 2618 533 tempus-
2668 466 2817 521 breve
2871 478 2986 533 est,
3052 479 3111 523 ut
3167 480 3215 524 et
3275 472 3366 542 qui
3418 471 3611 527 habent

343 538 454 592 νοῦ
478 537 679 593 οῖδατε
703 540 1054 612 δοκιμάζειν,
1087 545 1197 600 τὸν
1234 547 1304 601 δὲ
1326 551 1537 618 καιρὸν
1561 551 1779 606 τοῦτον
1807 552 1934 619 πῶς

346 631 421 684 οὐ
466 629 840 699 δοκιμάζετε;
897 636 1077 690 ΠΡΟΣ
1124 639 1283 693 ΚΟΡ.
1332 648 1404 695 α’.
1454 643 1509 695 Ὁ
1545 644 1750 712 καιρὸς
1792 660 1936 699 συνο

342 725 719 791 εσταλμένος
742 726 876 780 ἐστὶ
903 728 970 782 τὸ
990 733 1207 783 λοιπὸν
1227 730 1360 803 (19),
1385 735 1486 787 ἵνα
1508 734 1604 788 καὶ
1622 738 1675 788 οἱ
1691 736 1935 803 ἔχοντες

344 813 638 883 γυναῖκας
662 817 844 887 ὡςμή
876 820 1122 889 ἔχοντες
1144 819 1282 878 ὦσι·
1310 826 1410 880 καὶ
1437 830 1487 881 οἱ
1518 828 1831 893 κλαίοντες
1855 830 1935 896 ὠς

338 903 428 974 μὴ
458 908 781 975 κλαίοντες
802 931 817 945 ο
848 912 949 965 καὶ
968 916 1022 967 οί
1048 914 1356 984 χαίροντες
1376 917 1455 983 ὼς
1469 917 1556 987 μὴ
1586 919 1895 988 χαίροντες
1916 937 1930 951 ⁸

344 998 444 1051 καὶ
488 1001 547 1053 οἱ
585 1000 995 1071 ἀγοράζοντες,
1046 1007 1128 1073 ὡς
1181 1008 1267 1078 μὴ
1304 1011 1690 1079 κατέχοντεςο
1734 1014 1835 1067 καὶ
1882 1017 1936 1068 al

345 1089 639 1160 χρώμενοι
689 1091 773 1159 τῷ
800 1096 1026 1166 κόσμῳ,
1058 1099 1139 1163 ὡς
1175 1098 1262 1169 μὴ
1306 1104 1746 1171 καταχρώμενοι
1777 1102 1890 1175 (20)
1916 1118 1935 1137 °

343 1182 596 1254 παράτει
618 1183 730 1255 γὰρ
752 1185 817 1240 τὸ
834 1187 1043 1259 σχῆμα
1067 1192 1173 1246 τοῦ
1196 1193 1433 1263 κόσμου
1458 1196 1692 1250 τούτου.

974 1304 1146 1357 ΟΡΟΣ
1178 1306 1287 1361 IH'.

347 1382 577 1440 Ὀτιδεί
600 1386 703 1451 τὰς
729 1390 948 1455 ἐντολὰς
976 1393 1072 1447 τοῦ
1102 1394 1238 1449 Θεοῦ
1273 1396 1415 1451 οὕτω
1438 1400 1631 1464 ποιεῖν,
1663 1399 1741 1464 ὼς
1761 1403 1790 1454 ὁ
1820 1399 1935 1455 Κύ-

417 1490 531 1545 ριος
554 1476 913 1547 προσέταξεν.
952 1480 1013 1533 ’0
1046 1482 1155 1554 γὰρ
1183 1484 1313 1555 περὶ
1351 1484 1442 1537 τὸν
1476 1485 1682 1557 τρόπον
1714 1486 1813 1556 τῆς
1843 1489 1936 1559 ὲρ-

416 1565 615 1633 γασίας
669 1566 991 1634 litum-uim,
1038 1571 1140 1625 κᾶν
1185 1573 1313 1645 δόξῃ
1355 1577 1529 1628 ποιεῖν
1558 1575 1658 1645 τὴν
1694 1575 1935 1647 ἐντολὴν,

416 1656 683 1729 ἀδόκιμος
709 1661 827 1714 ὲστι
851 1661 1002 1735 παρὰ
1027 1662 1105 1733 τῷ
1127 1663 1266 1735 Θεῷ.

949 1778 1175 1847 Κεφάλ.
1216 1781 1295 1834 Α’.

414 1866 714 1919 ΔΟΥΚΑΣ.
757 1869 965 1938 Ἔλεγε
1006 1869 1078 1923 δὲ
1126 1871 1224 1925 καὶ
1260 1870 1337 1937 τῷ
1365 1874 1686 1942 κεκληκότι
1713 1872 1931 1927 αὐτόν·

343 1960 533 2015 Ὅταν
563 1962 748 2031 ποιῇς
782 1964 1033 2032 ἄριστον
1065 1967 1103 2034 ἢ
1149 1966 1414 2033 δεῖπνον,
1443 1968 1531 2039 μὴ
1569 1968 1751 2038 φώνει
1794 1967 1937 2033 τοὺς

342 2054 562 2122 φίλους
585 2070 727 2121 σου,
754 2056 910 2125 μηδὲ
935 2058 1075 2125 τοὺς
1104 2060 1406 2130 ἀδελφούς
1452 2078 1592 2126 σου,
1614 2059 1771 2131 μηδὲ
1796 2058 1936 2123 τοὺς

341 2145 662 2215 συγγενεῖς
708 2161 847 2211 σου,
896 2149 1051 2218 μηδὲ
1094 2153 1370 2221 γείτονας
1420 2153 1777 2216 πλουσίους,
1823 2148 1938 2219 μή·

341 2253 490 2294 ποτε
511 2239 611 2292 καὶ
638 2242 813 2294 αὐτοί
839 2254 913 2295 σε
940 2242 1404 2309 ἀντικαλέσωσι,
1438 2243 1536 2297 καὶ
1575 2240 1820 2311 γένηταί
1841 2255 1941 2294 σοι

345 2330 762 2401 ἀνταπόδομα.
830 2332 993 2387 Ἀλλ’
1052 2333 1199 2389 ὅταν
1259 2335 1439 2403 ποιῇς
1490 2332 1702 2402 δοχὴν,
1767 2331 1940 2387 κάλει

343 2421 647 2490 πτωχοὺς,
681 2422 1051 2491 ἀναπήρους,
1089 2426 1345 2493 χωλοὺς,
1380 2424 1669 2494 τυφλοὺς,
1696 2422 1795 2477 καὶ
1830 2440 1941 2493 μα⁴

340 2509 551 2579 πόριος
577 2511 715 2579 ἔσῃ,
765 2512 854 2566 ὅτι
899 2516 1010 2568 οὐκ
1045 2515 1302 2585 ἔχουσιν
1329 2512 1778 2570 ἀνταποδοῦναί
1805 2527 1936 2567 σοι·

343 2601 904 2668 ἀνταποδοθήσεται
945 2603 1054 2674 γάρ
1101 2619 1201 2660 σοι
1223 2606 1293 2659 ἐν
1347 2604 1423 2675 τῇ
1460 2602 1794 2658 ἀναστάσει
1826 2602 1945 2660 τῶν

343 2692 597 2747 δικαίων
618 2694 756 2765 (ει).

347 2806 472 2859 Ὅτι
499 2807 560 2859 οὗ
588 2805 672 2859 δεῖ
712 2803 810 2876 τὴν
836 2801 930 2857 τοῦ
968 2803 1104 2858 Θεοῦ
1145 2804 1363 2875 ἐντολὴν
1402 2805 1493 2860 διὰ
1529 2810 1629 2880 τὴν
1672 2808 1813 2883 πρὸς
1852 2808 1944 2862 ἀν-

416 2895 671 2969 θρώπους
704 2897 1017 2969 ἀρέσκειαν,
1054 2894 1087 2968 ἦ
1121 2897 1188 2950 δι’
1238 2895 1366 2951 ἄλλο
1406 2915 1458 2951 τι
1500 2898 1692 2963 πάθος,
1745 2902 1941 2963 ποιεῖν,

416 2988 535 3043 ἀλλ’
570 2990 628 3042 ὲν
668 2989 833 3042 παντὶ
877 2989 1076 3043 σκοπὸν
1107 2988 1271 3060 ἔχειν,
1313 2989 1393 3060 τῷ
1438 2989 1559 3062 Θεῷ
1591 2990 1806 3063 ἀρέσαι,
1851 2991 1945 3043 καὶ

416 3080 555 3135 Θεὸν
583 3078 827 3146 δοξάσαι.

985 3192 1215 3262 Κείρὰλ.
1244 3196 1324 3249 B'.

423 3287 796 3342 ΜΑΤΘΑΙΟΣ.
826 3282 1163 3353 Προσέχετε
1192 3283 1305 3352 τὴν
1326 3284 1749 3354 ἐλεημοσύνην
1774 3282 1944 3355 ὑμῶν

346 3380 436 3451 μὴ
488 3380 684 3434 ποιεῖν
721 3380 1065 3449 ἔμπροσθεν
1114 3376 1233 3431 τῶν
1273 3378 1620 3446 ἀνθρώπων,
1675 3381 1826 3446 πρὸς
1875 3377 1943 3432 τὸ

354 3470 641 3541 θεαθῆναι
672 3468 910 3534 αὐτοῖς·
949 3471 999 3523 et
1048 3468 1116 3521 δὲ
1149 3467 1327 3537 μήτε,
1375 3468 1601 3537 μισθὸν
1637 3471 1749 3522 οὐκ
1774 3468 1944 3535 ἔχετε

354 3564 520 3630 παρὰ
548 3561 629 3626 τῷ
659 3560 842 3629 Πατρὶ
870 3557 1037 3629 ὑμῶν
1060 3556 1139 3624 τῷ
1169 3560 1240 3613 ὲν
1270 3559 1395 3625 τοῖς
1422 3559 1718 3627 οὐρανοῖς.
1762 3560 1947 3613 Ὅταν

353 3652 475 3712 οὖν
520 3652 701 3721 ποιῇς
740 3652 1183 3720 ἐλεημοσύνην,
1235 3651 1321 3719 μὴ
1364 3652 1679 3719 σαλπίσῃς
1728 3650 1947 3719 ἐμπρο-

354 3748 510 3800 σθεν
564 3742 678 3815 (22)
732 3738 854 3795 τῶν
879 3739 1225 3808 ἀνθρώπων,
1278 3739 1481 3809 ὥσπερ
1544 3743 1597 3794 οὶ
1636 3740 1948 3811 ὑποκριταὶ

355 3837 643 3893 ποιοῦσιν
664 3835 734 3888 ὲν
760 3833 891 3900 ταῖς
918 3832 1291 3903 συναγωγαῖς
1327 3832 1428 3886 καὶ
1458 3831 1528 3886 ἐν
1555 3831 1685 3898 ταῖς
1704 3833 1945 3902 ῥύμαις,

357 3930 521 3996 ὅπως
581 3924 966 3992 δοξασθῶσιν
1015 3924 1134 3978 ὑπὸ
1181 3923 1300 3978 τῶν
1348 3923 1695 3992 ἀνθρώπων.
1762 3922 1952 3993 Ἀμὴν

357 4022 518 4091 λέγω
558 4019 720 4088 ὑμῖν,
767 4016 1065 4086 ἀπέχουσι
1095 4016 1201 4071 τὸν
1233 4016 1456 4086 μισθὸν
1480 4014 1699 4083 αὐτῶν,
1742 4014 1837 4068 καὶ
1879 4016 1951 4068 τὰ

358 4116 510 4186 ἑξῆς.
544 4112 725 4166 ΠΡΟΣ
750 4111 911 4166 KOP.
963 4118 1034 4165 α’.
1068 4110 1205 4164 Εἴτε
1243 4103 1358 4165 οὗν
1404 4109 1658 4173 ἐσθίετε,
1698 4107 1819 4162 εἴτε
1854 4109 1951 4162 πί-

357 4224 515 4271 νετε,
544 4205 665 4259 εττε
696 4221 750 4258 τι
768 4200 1011 4265 ποιεῖτε,
1039 4200 1235 4255 πάντα
1253 4201 1340 4266 εὶς
1367 4198 1556 4263 δόξαν
1584 4197 1734 4252 Θεοῦ
1773 4196 1951 4252 ποιεῖ-

357 4318 443 4355 τε.
512 4298 692 4352 ΠΡΟΣ
746 4295 936 4350 ΘΕΣΣ.
1006 4302 1075 4348 α’.
1159 4290 1337 4347 Ἀλλὰ
1390 4292 1586 4358 καθὼς
1641 4290 1951 4361 δεδοκιμά-

356 4395 551 4462 σμεθα
576 4388 693 4446 ὑπὸ
719 4387 825 4443 τοῦ
854 4387 1022 4449 Θεοῦ,
1046 4383 1442 4452 πιστευθῆναι
1466 4384 1532 4438 τὸ
1557 4383 1948 4454 Εὐατγέλιον,

2036 568 2250 619 uxores,
2288 564 2543 626 tanquam
2584 574 2686 612 non
2736 558 2979 614 habentes
3027 562 3132 615 sint
3166 578 3182 615 :
3219 572 3269 616 et
3302 564 3393 633 qui
3456 563 3606 632 flent,

2039 654 2291 716 tanquam
2353 664 2458 702 non
2506 648 2689 717 ﬂentes
2743 669 2761 705 :
2811 660 2862 705 et
2901 652 2992 721 qui
3048 652 3299 721 gaudent,
3359 662 3611 723 tanquam

2037 755 2141 793 non
2178 740 2463 810 gaudentes
2500 759 2519 796 :
2546 752 2595 796 et
2643 746 2734 813 qui
2766 753 2962 809 emunt,
3009 755 3260 815 tanquam
3292 763 3397 799 non
3438 744 3610 815 possi-

2036 832 2214 887 dentes
2248 850 2266 888 :
2304 844 2354 888 et
2397 837 2488 905 qui
2519 845 2741 889 utuntur
2780 836 2877 890 ltoc
2940 836 3158 901 mundo,
3204 848 3459 907 tanquam
3504 854 3610 893 non

2037 934 2258 979 utantur
2289 944 2307 981 :
2336 929 2570 996 praeterit
2602 930 2740 982 enim
2788 930 2958 1000 ﬁgura
3000 930 3155 999 hujus
3190 930 3373 984 mundi
3402 928 3453 1001 (Ι
3478 926 3607 987 Cat.

2033 1030 2135 1080 vn,
2183 1015 2401 1086 29—51).

2482 1309 2646 1382 21,9
2685 1308 2964 1366 REGULA
3004 1307 3191 1370 xvm.

2039 1404 2196 1473 Quod
2246 1405 2505 1460 mandata
2546 1404 2641 1458 Dei
2689 1419 2754 1458 eo
2797 1405 2959 1459 modo
3006 1405 3121 1459 lieri
3170 1405 3410 1466 debent,
3450 1411 3615 1475 prout

2109 1492 2375 1547 Dominus
2403 1491 2683 1563 praecepit.
2712 1491 2816 1557 Qui
2843 1494 2986 1547 enim
3017 1494 3071 1547 in
3098 1495 3258 1548 modo
3290 1511 3353 1548 ea
3377 1494 3613 1551 faciendi

2109 1584 2368 1649 oﬂ‘endit,
2424 1585 2552 1640 licet
2592 1584 2909 1639 mandatum
2949 1586 3173 1657 exsequi
3221 1587 3492 1653 videatur,
3525 1601 3613 1643 re-

2109 1676 2317 1747 probus
2344 1684 2430 1732 est
2459 1674 2603 1732 apud
2633 1674 2821 1733 Deum.

2701 1787 2871 1858 Caput
2913 1788 2941 1843 Ι

2113 1877 2334 1933 Dicebat
2365 1890 2543 1935 autem
2568 1881 2711 1945 etei,
2746 1880 2835 1950 qui
2863 1894 2917 1933 se
2947 1879 3252 1935 invitaverat
3281 1898 3298 1936 .'
3326 1881 3456 1937 Cum
3479 1882 3611 1951 facis

2036 1970 2342 2039 prandium,
2368 1982 2460 2026 aut
2482 1989 2704 2035 caenam,
2730 1972 2841 2024 noli
2867 1987 3047 2025 vocare
3072 1976 3267 2027 amicos
3295 1983 3431 2039 tuos,
3456 1989 3615 2044 neque

2039 2060 2233 2129 fratres
2291 2071 2429 2127 tuos,
2487 2078 2649 2133 neque
2700 2074 2947 2134 cognatos
2999 2074 3139 2128 tuos,
3202 2080 3363 2134 neque
3415 2066 3611 2118 vicinos

2039 2154 2262 2218 divites,
2316 2171 2379 2209 ne
2430 2154 2566 2223 forte
2616 2164 2665 2209 et
2711 2156 2811 2223 ipsi
2857 2167 2904 2211 te
2944 2158 3251 2220 reinvitent,
3294 2166 3343 2210 et
3383 2157 3477 2224 ﬁat
3516 2154 3611 2208 tibi

2040 2244 2343 2297 retributio.
2379 2242 2483 2298 Sed
2515 2260 2633 2296 cum
2662 2244 2796 2313 facis
2830 2246 3143 2309 convivium,
3175 2260 3301 2297 voca
3338 2256 3610 2313 pauperes.

2040 2334 2257 2396 debiles,
2296 2334 2516 2388 claudos
2564 2342 2613 2387 et
2652 2350 2839 2399 caros,
2877 2344 2926 2389 et
2967 2336 3148 2389 beatus
3188 2334 3316 2398 eris,
3351 2334 3474 2403 quia
3511 2346 3617 2385 non

2039 2434 2257 2494 possunt
2281 2426 2568 2479 retribuere
2603 2426 2699 2479 tibi
2730 2442 2747 2479 :
2781 2426 3103 2481 retribuetur
3135 2428 3272 2480 enim
3312 2426 3408 2480 tibi
3434 2426 3493 2479 in
3530 2440 3615 2480 re-

2040 2519 2359 2572 surrectione
2381 2518 2654 2588 justorum
2679 2516 2829 2587 (Luc.
2861 2535 2972 2584 xxv,
3002 2517 3209 2589 12-14).

2042 2803 2198 2871 Quod
2238 2819 2349 2859 non
2379 2810 2595 2874 oportet
2633 2802 2726 2858 Dei
2772 2803 3089 2858 mandatum
3125 2802 3306 2858 facere
3332 2803 3397 2855 ad
3432 2801 3622 2857 huma-

2111 2910 2236 2951 nam
2284 2896 2515 2966 gratiam
2564 2894 2993 2958 conciliandam,
3041 2904 3134 2949 aut
3181 2905 3404 2966 propter
3453 2895 3619 2948 ullam

2112 2989 2275 3043 aliam
2297 2988 2642 3044 aﬂ'ectionem
2675 3008 2687 3043 :
2718 2988 2815 3044 sed
2842 2988 2898 3043 in
2932 2988 3189 3042 omnibus
3218 2989 3363 3042 hunc
3393 3002 3620 3058 scopum

2114 3079 2334 3148 habere,
2364 3088 2423 3135 ut
2452 3081 2670 3152 placeas
2700 3081 2829 3145 Deo,
2865 3088 2922 3136 et
2956 3081 3118 3136 detur
3147 3079 3259 3135 Deo
3286 3081 3480 3151 gloria.

2673 3199 2848 3267 Caput
2887 3198 2972 3253 ΙΙ.

2108 3290 2395 3355 Attendite,
2450 3306 2512 3344 ne
2557 3290 2942 3362 eleemosynam
2997 3299 3225 3344 vestram
3269 3288 3485 3357 faciatis
3532 3304 3621 3342 co-

2039 3398 2156 3436 ram
2194 3382 2518 3445 hominibus,
2550 3392 2607 3435 ut
2637 3381 2923 3435 videamini
2955 3381 3018 3433 ab
3048 3381 3122 3434 eis
3154 3394 3171 3432 :
3208 3379 3409 3448 alioqui
3433 3393 3625 3432 merce-

2039 3476 2156 3530 dem
2198 3492 2301 3530 non
2340 3473 2543 3528 habetis
2573 3472 2710 3541 apud
2738 3472 2953 3527 Patrem
2979 3481 3226 3533 vestrum,
3255 3471 3347 3541 qui
3381 3470 3436 3523 in
3476 3467 3620 3522 caelis

2041 3577 2141 3622 est.
2172 3566 2305 3622 Cum
2343 3583 2466 3635 ergo
2515 3566 2652 3635 facis
2695 3565 3111 3635 eleemosynam,
3142 3562 3252 3616 noli
3281 3561 3407 3615 tuba
3433 3575 3623 3614 canere

2042 3673 2225 3713 coram
2269 3656 2588 3719 hominibus,
2625 3657 2762 3710 sicut
2801 3656 3088 3726 hypocrita:
3134 3654 3337 3721 faciunt
3382 3652 3438 3704 in
3462 3666 3623 3720 syna-

2043 3750 2209 3821 gogis,
2243 3759 2293 3803 et
2342 3748 2397 3801 in
2442 3748 2594 3813 vicis,
2636 3756 2693 3801 ut
2740 3746 3152 3815 honoriﬁcentur
3189 3745 3251 3799 ab
3299 3741 3618 3797 hominibus.

2045 3842 2211 3896 Amen
2240 3842 2359 3895 dico
2397 3839 2564 3903 vobis,
2596 3839 2855 3908 recipiunt
2889 3837 3176 3893 mercedem
3207 3851 3358 3889 suam
3398 3832 3617 3901 (Matth.

2044 3952 2118 3999 νι,
2156 3937 2209 4001 1,
2273 3934 2352 4004 Ξ),
2399 3941 2453 3989 et
2481 3940 2748 3988 caetera...
2803 3928 2923 3986 Sive
2969 3946 3091 4001 ergo
3128 3927 3483 3993 manducetis,
3517 3928 3623 3980 sive

2046 4026 2245 4089 bibitis,
2290 4026 2396 4079 sive
2442 4023 2593 4078 aliud
2641 4021 2767 4094 quid
2810 4022 3013 4091 facitis,
3081 4021 3260 4075 omnia
3303 4020 3356 4073 in
3391 4019 3621 4088 gloriam

2047 4119 2146 4174 Dei
2184 4118 2343 4189 facite
2376 4117 2429 4191 (1
2465 4115 2589 4173 Cor.
2626 4133 2681 4181 ι,
2718 4116 2879 4189 51)...
2913 4113 3016 4170 Sed
3044 4115 3177 4169 sicut
3207 4114 3413 4182 probati
3440 4126 3624 4167 sumus

2048 4229 2083 4266 a
2139 4210 2284 4273 Deo,
2332 4218 2390 4263 ut
2454 4208 2751 4264 crederetur
2810 4206 2959 4262 nobis
3003 4205 3379 4278 Evangelium,
3422 4205 3501 4258 ita
3542 4204 3624 4257 lo-

2048 4305 2293 4376 quimur,
2373 4319 2478 4357 non
2560 4303 2717 4372 quasi
2800 4300 3098 4356 hominibus
3167 4300 3471 4369 placentes,
3531 4296 3621 4353 sed

2050 4393 2181 4460 Deo,
2241 4394 2332 4464 qui
2381 4393 2569 4461 probat
2614 4391 2777 4447 corda
2824 4400 3029 4446 nostra.
3090 4388 3270 4459 Neque
3323 4390 3463 4444 enim
3525 4385 3625 4441 ali-

357 4485 513 4539 οῦτω
549 4480 876 4549 λαλοῦμεν,
920 4479 1033 4548 οὐχ
1075 4479 1155 4543 ὡς
1179 4475 1510 4544 ἀνθρώποις
1558 4475 1941 4544 ἀρέσκοντες,

2055 4486 2260 4559 quando
2299 4487 2496 4556 fuimus
2542 4488 2599 4540 in
2643 4501 2880 4540 sermone
2908 4483 3257 4546 adulationis,
3289 4484 3422 4536 sicut
3452 4481 3622 4546 scitis,

358 4576 523 4632 ἀλλὰ
548 4573 627 4640 τῷ
663 4572 784 4638 Θεῷ
815 4570 893 4638 τῷ
918 4570 1291 4640 δοκιμάζοντι
1328 4568 1436 4637 τὰς
1468 4569 1719 4637 καρδίας
1752 4568 1941 4639 ἡμῶν.

356 4668 509 4724 Οὔτε
546 4666 659 4738 γάρ
702 4680 848 4720 ποτε
895 4664 966 4717 ἐν
1008 4666 1169 4734 λόγῳ
1214 4663 1535 4729 κολακείας
1584 4663 1952 4732 ἐγενήθημεν

360 4762 501 4832 (25),
537 4759 736 4824 καθὼς
781 4755 981 4811 οῖδατε
1002 4794 1017 4818 ,
1052 4755 1191 4809 οὔτε
1219 4754 1518 4824 προφάσει
1566 4753 1943 4819 πλεονεξίας,

360 4853 505 4919 Θεὸς
545 4850 809 4921 μάρτυς·
842 4848 980 4902 οὔτε
1024 4846 1337 4915 ζητοῦντες
1379 4845 1447 4911 ἐξ
1494 4843 1821 4914 ἀνθρώπων
1851 4843 1948 4898 δό-

359 4946 496 5011 ξαν,
523 4942 663 4997 οὔτε
688 4942 789 5010 ἀφ’
821 4939 1009 5010 ὑμῶν,
1044 4939 1181 4993 οὔτε
1203 4938 1305 4993 ἀπ’
1333 4937 1558 4992 ἄλλων.

428 5097 543 5167 (19)
571 5098 760 5154 Posita
800 5098 1011 5166 virgula
1051 5103 1135 5167 est
1172 5095 1229 5149 in
1258 5108 1493 5167 utraque
1520 5092 1765 5167 editione
1796 5098 1852 5146 et
1870 5091 1940 5167 in

356 5163 491 5241 Reg.
525 5163 706 5241 primo
738 5178 864 5241 post
890 5163 1082 5241 'vocem
1114 5165 1318 5241 λοιπόν·
1350 5178 1514 5232 quam
1546 5163 1943 5241 interpunctio-

357 5233 483 5295 nem
512 5233 712 5319 secuti,
739 5233 1149 5319 'ita_ve.rtimu_s..
1186 5236 1303 5315 jam
1339 5243 1541 5319 tempus
1574 5233 1721 5288 breve
1749 5242 1851 5297 est,
1884 5242 1943 5319 ut

355 5323 405 5365 el
433 5312 547 5380 qui,
587 5321 718 5377 elc.;
759 5309 856 5364 sed
886 5308 930 5363 si
967 5308 1174 5361 locabis
1211 5306 1483 5373 virgulam
1525 5312 1651 5357 ante
1688 5318 1854 5358 voces
1886 5305 1947 5355 τὸ

356 5379 568 5440 λοιπόν.
615 5390 749 5436 tunc
786 5378 1219 5447 interpretabere
1250 5376 1329 5429 uti
1363 5375 1420 5429 in
1450 5371 1707 5446 Vulgata,
1742 5382 1944 5442 tempus

358 5451 631 5528 ἔπεος-εις,
664 5451 1050 5528 reliquumnest,
1086 5455 1196 5528 etc:

428 5521 541 5591 ($0)
582 5511 825 5588 Utraque
863 5518 1033 5574 editio
1069 5525 1124 5571 et
1151 5515 1285 5591 Reg.
1323 5515 1602 5573 secundus
1640 5511 1938 5585 παραχρώ-

562 5591 701 5665 ξεε.
735 5586 935 5645 tertius
964 5586 1401 5665 καταχρώμενοι.
1555 5655 1564 5665 .

428 5652 711 5733 (211130;:
739 5652 1193 5733 vocem‘dtgaliiiu
1212 5652 1521 5733 sequuntur:
1542 5654 1645 5733 illa
1665 5654 1734 5733 _in
1769 5652 1933 5733 M_ess.

358 5723 500 5805 etin
526 5723 670 5805 'Bes-
695 5723 1403 5805 primp.-é°5v_irc‘v}éu9v
1424 5723 1606 5805 r5994
1634 5724 1823 5805 εἴρηξιέ
1848 5739 1936 5793 μοι

359 5802 387 5856 ὅ
411 5794 645 5877 Πατὴρῖ
659 5794 801 5857 οὕτω
832 5797 997 5856 λαλῶ.
1047 5794 1171 5854 Ἐὰν
1200 5797 1263 5865 Δδὲ
1291 5794 1384 5853 καὶ
1416 5796 1549 5869 ἀθλῇ
1589 5794 1696 5861 τις,
1725 5794 1784 5848 οὐ
1821 5809 1939 5847 στε-

2045 4597 2209 4652 neque
2243 4580 2298 4633 in
2338 4580 2613 4633 occasione
2656 4577 2895 4632 avaritiae
2940 4593 2959 4631 :
3007 4575 3142 4630 Deus
3185 4575 3331 4631 testis
3359 4582 3439 4628 est
3472 4588 3491 4627 :
3528 4588 3624 4627 nec

2048 4681 2341 4743 quarenles
2374 4671 2439 4725 ab
2472 4669 2771 4725 hominibus
2794 4668 3043 4740 gloriam,
3079 4683 3239 4738 neque
3269 4685 3302 4721 a
3340 4666 3505 4733 vobis,
3533 4679 3623 4721 ne-

2048 4782 2147 4836 que
2170 4765 2233 4819 ab
2260 4765 2381 4819 aliis
2415 4762 2468 4833 (ι
2499 4762 2683 4818 Thess.
2721 4777 2784 4826 ιι,
2812 4761 2956 4832 4-6).

2039 5092 2320 5163 φανοῦται,
2351 5089 2450 5163 ἐὰν
2485 5089 2559 5163 μὴ
2578 5088 2826 5163 νομίμως
2858 5084 3089 5163 ἁθλῄσῃ,
3119 5080 3251 5146 Qua:
3271 5094 3513 5163 ergo'eg'o
3540 5079 3624 5163 la-

2038 5148 2193 5234 quor,
2223 5148 2363 5215 sicut
2394 5148 2687 5212 dixit'mil'ti
2710 5148 2894 5219 Pater,
2928 5148 3239 5234 sic-loquor.
3267 5148 3417 5234 Quod
3441 5150 3623 5234 siquis

2040 5220 2203 5286 etiam
2232 5241 2422 5291 certat,
2450 5246 2552 5282 non
2581 5236 2888 5287 coronatur,
2918 5225 3022 5277 nisi
3052 5224 3274 5291 legitime
3309 5220 3622 5291 certaverit:

2041 5319 2165 5374 qua:
2194 5304 2361 5356 verba
2394 5290 2648 5374 leguntur
2681 5297 2879 5374 partim
2916 5290 3360 5374 apuduloannem
3400 5304 3497 5354 xu,
3526 5290 3621 5353 50,

2042 5363 2239 5445 partim
2260 5371 2417 5445 apud
2443 5363 2774 5445 _Paulum,ll
2807 5363 2949 5419 Tim.
2981 5380 3047 5445 ιι,
3066 5364 3119 5418 5.

2116 5444 2228 5513 (22)
2260 5432 2333 5513 us.
2367 5440 2569 5513 habent
2600 5436 2779 5513 nostri
2814 5450 3005 5513 olunes
3036 5444 3149 5513 tum
3179 5433 3396 5513 calamo
3417 5432 3620 5513 ¹ηοω-ιιι,

2044 5500 2161 5568 tum
2193 5500 2336 5582 typis
2359 5508 2623 5575 descripti
2657 5506 2805 5560 libri.
2834 5502 3007 5560 Paulo
3037 5505 3197 5559 aliter
3233 5506 3287 5558 in
3314 5501 3504 5557 Bibliis
3527 5500 3615 5573 εμ-

2044 5584 2427 5657 προσρέῑεξριξν
2464 5588 2593 5657 (ἐπιδ.
2616 5585 2683 5657 ιθτ

2118 5653 2231 5724 ('23)
2265 5639 2443 5724 Editio
2470 5647 2653 5724 Paris1
2675 5644 3068 5718 ἐγεννήθημεν.
3092 5642 3278 5703 Codex
3297 5639 3543 5701 Combel.
3567 5649 3623 5696 et

2044 5717 2180 5798 Reg.
2214 5717 2425 5794 primus
2450 5717 2823 5791 ·ὲγενήθημεν.
