3982 6240
429 308 529 363 751

1741 316 1800 373 S.
1840 314 2082 373 BASILII
2117 316 2333 373 IAGNI

3573 319 3677 376 732

428 424 583 493 Quod
627 423 844 479 Domini
907 426 1164 482 mandata
1216 432 1271 484 et
1315 442 1502 485 coram
1557 430 1668 487 Deo
1712 440 1769 487 et
1812 447 1994 490 coram

2111 432 2224 487 Ὀτι
2263 429 2345 486 δεῖ
2373 431 2471 497 τὰς
2497 433 2715 497 ἐντολὰς
2748 433 2846 489 τοῦ
2896 431 3102 505 Κυρίου
3138 430 3277 504 μετὰ
3320 432 3677 505 συνειδήσειις

496 515 814 571 hominibus
886 532 1011 572 cum
1068 519 1408 577 conscientia
1448 530 1531 578 ,ει
1594 524 1738 581 bono
1817 527 2000 583 studio

494 607 828 677 perﬁcienda
863 619 1020 673 sunt.
1063 610 1165 676 Qui
1212 613 1359 668 enim
1409 630 1519 672 non
1553 616 1635 672 sic
1671 616 1826 686 facit,
1864 634 2002 677 con-

496 699 789 758 demnatus
833 710 938 757 est.

1049 794 1222 863 Caput
1260 796 1382 852 ΙΙΙ.

511 882 600 938 Va:
647 884 825 950 vobis,
871 888 1056 943 scribes
1098 899 1148 943 et
1188 890 1451 948 Pharisati
1502 894 1826 965 hypocriten,
1870 900 1997 970 quia

430 976 702 1032 mundatis
734 988 1005 1035 externam
1033 983 1211 1049 poculi
1253 986 1549 1057 patinaeque
1576 999 1778 1058 partem
1810 992 1996 1048 :intus

430 1076 605 1122 autem
641 1070 795 1139 plena
817 1081 938 1126 sunt
963 1075 1153 1143 rapina
1181 1085 1233 1130 et
1268 1078 1695 1149 intemperantia.
1722 1082 1996 1141 Phariseee

428 1176 582 1229 ceece,
621 1163 821 1218 munda
866 1167 1014 1234 prius
1056 1168 1316 1224 internum
1355 1173 1532 1241 poculi
1562 1184 1613 1229 et
1644 1178 1840 1245 patina:
1875 1195 1999 1248 par-

430 1258 567 1316 tem,
609 1261 669 1307 ut
716 1264 767 1309 et
814 1257 1099 1312 exteriores
1140 1256 1296 1329 hujus
1341 1274 1516 1332 partes
1567 1283 1715 1335 purte
1768 1270 1994 1325 evadant

429 1344 649 1415 (Matth.
691 1363 851 1416 χχιιι,
882 1350 975 1416 25.
1037 1352 1199 1425 26)...
1231 1356 1339 1422 Qui
1399 1359 1584 1415 tribuit
1633 1363 1691 1416 in
1732 1364 1993 1434 simplici-

430 1448 537 1493 tate
572 1438 746 1509 (Rom.
801 1457 901 1506 ιιι,
938 1443 1064 1515 8)...
1120 1446 1312 1502 Omnia
1360 1452 1518 1520 facite
1553 1456 1664 1508 sine
1699 1472 1997 1512 murmura-

428 1530 658 1586 tionibus
686 1541 734 1585 et
763 1532 1230 1605 disceptationibus
1258 1540 1517 1615 (Philipp.
1548 1561 1609 1615 ιι,
1646 1547 1804 1617 ﬂ)...
1840 1548 1992 1606 Finis

428 1628 604 1675 autem
644 1622 810 1694 250
836 1631 1088 1698 prwcepti
1117 1641 1198 1686 est
1235 1632 1472 1691 charitas
1502 1637 1566 1690 de
1591 1638 1747 1694 corde
1778 1657 1910 1709 puro
1943 1652 1994 1696 et

427 1716 750 1771 conscientia
794 1718 931 1773 bona
972 1720 1024 1792 (I
1064 1722 1200 1779 Tim.
1240 1741 1279 1790 ι,
1318 1726 1441 1797 5)...
1476 1727 1689 1786 Habeas
1724 1733 1912 1801 ﬁdem,
1942 1744 1994 1791 et

427 1805 618 1861 bonam
654 1811 1046 1877 conscientiam,
1082 1830 1239 1885 quam
1267 1817 1479 1887 quidam
1514 1820 1837 1893 repellentes,
1859 1842 1993 1881 nau-

427 1896 657 1968 fragium
684 1900 918 1969 fecerunt
952 1906 1094 1959 circa
1121 1906 1281 1977 ﬁdem
1306 1909 1459 1982 (ibid.
1493 1911 1604 1984 19).

428 2073 582 2141 Quod
618 2088 845 2149 propter
886 2096 1097 2152 aequam
1142 2087 1418 2144 minorum
1459 2089 1994 2153 administrationem

640 2184 706 2224 ex
727 2171 876 2241 justo
896 2173 1107 2244 judicio
1134 2180 1508 2239 retribuantur
1534 2186 1746 2258 majora

1051 2336 1224 2407 Caput
1269 2339 1368 2397 IV.

497 2414 679 2490 Euge,
728 2437 871 2479 serve
908 2426 1038 2483 bone
1077 2439 1127 2484 et
1168 2431 1379 2502 fidelis,
1429 2453 1586 2507 super
1626 2455 1799 2508 pauca
1843 2444 1997 2504 fuisti

426 2509 621 2579 ﬁdelis,
663 2530 821 2583 super
861 2520 1032 2574 multa
1087 2531 1135 2576 te
1166 2527 1490 2581 constituam
1532 2547 1549 2584 :
1583 2532 1726 2586 intra
1761 2535 1816 2588 in
1862 2551 1996 2606 gau-

426 2601 576 2655 dium
606 2608 806 2661 domini
846 2611 923 2663 tui
966 2610 1184 2682 (Matth.
1220 2632 1347 2683 xxv,
1387 2618 1499 2690 23).
1535 2619 1600 2676 Et
1649 2627 1836 2694 paucis
1863 2601 1994 2696 ipost

430 2693 735 2763 interiectis
781 2716 795 2751 :
848 2701 1008 2758 Omni
1040 2706 1180 2760 enim
1222 2709 1433 2765 habenti
1470 2693 1709 2779 dabitur,
1737 2727 1788 2771 et
1820 2693 1992 2773 abun-

427 2784 580 2839 dabit
616 2803 636 2842 :
684 2788 751 2842 ab
786 2808 847 2845 eo
889 2811 1008 2849 vero
1046 2799 1138 2866 qui
1178 2816 1282 2855 non
1321 2801 1497 2869 habet,
1531 2816 1582 2860 et
1633 2810 1772 2879 quod
1816 2811 1990 2880 habet,

430 2877 704 2971 auferetur
739 2883 893 2955 (ibid.
945 2887 1109 2960 29)...
1144 2892 1207 2947 Si
1246 2910 1367 2966 ergo
1391 2899 1447 2951 in
1479 2877 1658 2971 iniquo
1688 2877 1995 2964 mammona

429 2969 609 3040 fideles
654 2990 757 3029 non
801 2978 978 3046 fuistis
1019 2998 1038 3035 :
1093 2985 1231 3054 quod
1277 3004 1454 3044 verum
1500 2969 1601 3060 est,
1648 2992 1764 3067 qu'is
1816 3001 1991 3057 credet

2170 524 2264 579 καὶ
2307 524 2600 591 διαθέσεως
2641 525 2853 596 ἀγαθῆς
2895 525 3033 596 πρός
3073 541 3133 578 τε
3164 523 3297 578 Θεὸν
3329 524 3425 579 καὶ
3468 524 3676 597 ἀνθρώ-

2170 631 2315 679 mue.
2357 618 2553 671 ποιεῖν.
2593 617 2652 671 '0
2698 617 2806 687 γὰρ
2837 616 2911 688 μὴ
2944 615 3085 669 οὕτω
3132 614 3299 669 ποιῶν
3340 616 3672 685 κατακέκρι-

2165 725 2277 761 ται.

2737 803 2959 871 Κεφάλ.
2990 806 3041 857 Γ
3041 811 3075 857 '.

2169 892 2536 948 ΜΑΤΘΑΙΟΣ.
2581 891 2729 947 Οὐαὶ
2766 892 2928 963 ὑμῖν,
2958 892 3333 962 γραμματεῖς,
3372 892 3473 947 καὶ
3504 894 3675 961 Φαρι-

2098 983 2258 1037 σαῖοι
2325 984 2662 1053 ὑποκριταί,
2707 984 2798 1037 ὅτι
2820 984 3154 1053 καθαρίζετε
3199 983 3265 1037 τὸ
3295 983 3521 1047 ἔξωθεν
3567 980 3674 1037 τοῦ

2097 1074 2384 1141 ποτηρίου
2422 1074 2522 1127 καὶ
2562 1073 2675 1143 τῆς
2711 1074 3065 1143 παροψίδος,
3100 1076 3326 1129 ἔσωθεν
3364 1074 3433 1127 δὲ
3468 1073 3676 1144 γέμου-

2098 1180 2203 1218 σιν
2224 1164 2294 1230 ἐξ
2323 1164 2596 1235 ἁρπαγῆς
2630 1166 2729 1220 καὶ
2757 1167 3071 1236 ἀκρασίας.
3123 1165 3406 1235 Φαρισαῖε
3462 1164 3673 1234 τυφλέ,

2095 1256 2424 1326 καθάρισον
2475 1257 2712 1326 πρῶτον
2760 1259 2829 1314 τὸ
2875 1258 3050 1326 ἐντὸς
3101 1259 3207 1313 τοῦ
3258 1258 3546 1326 ποτηρίου
3578 1254 3675 1310 καὶ

2096 1347 2206 1417 τῆς
2239 1349 2594 1418 παροψίδος,
2640 1351 2741 1404 ἵνα
2788 1350 3030 1421 γένηται
3070 1351 3166 1404 καὶ
3191 1350 3255 1404 τὸ
3286 1349 3458 1416 ἐκτὸς
3488 1348 3674 1403 αὐτοῦ

2095 1438 2208 1508 (ει)
2243 1441 2524 1507 καθαρόν.
2556 1441 2737 1494 ΠΡΟΣ
2761 1442 2925 1496 PoM.
2961 1442 3022 1496 Ὀ
3029 1440 3385 1511 μεταδιδοὺς
3412 1440 3481 1493 ἐν
3500 1439 3680 1493 ἁπλό-

2094 1546 2243 1598 τητι.
2280 1532 2459 1585 ΠΡΟΣ
2498 1533 2708 1587 ΦΙΛΙΠ.
2750 1533 2955 1589 Πάντα
3004 1534 3223 1588 ποιεῖτε
3260 1532 3440 1603 χωρίς
3460 1548 3673 1601 γογγυ-

2093 1621 2264 1691 σμῶν
2301 1623 2399 1678 καὶ
2421 1624 2846 1694 διαλογισμῶν.
2874 1627 3053 1681 ΠΡΟΣ
3075 1628 3221 1681 ΤΙΜ.
3257 1633 3329 1681 α’.
3375 1625 3448 1681 Τὸ
3484 1625 3557 1680 δὲ
3583 1624 3673 1680 τέ-

2092 1715 2204 1779 λος
2240 1712 2353 1781 τῆς
2397 1716 2804 1785 παραγγελίας
2839 1715 3014 1771 ἐστίν
3050 1716 3252 1787 ἀγάπη
3286 1718 3362 1772 ἐκ
3412 1715 3673 1786 καθαρᾶς

2095 1804 2344 1873 καρδίας
2382 1805 2481 1860 καὶ
2521 1806 2931 1873 συνειδήσεως
2967 1806 3196 1877 ἀγαθῆς
3350 1808 3533 1877 "Exim
3580 1807 3673 1860 πί-

2092 1913 2233 1952 στιν
2264 1897 2361 1951 καὶ
2389 1898 2620 1967 ἀγαθὴν
2646 1898 3024 1966 συνείδησιν,
3059 1898 3139 1966 ἦν
3161 1916 3321 1966 τινες
3358 1896 3674 1968 ἀπωσάμε-

2090 2006 2187 2044 νοι
2225 1989 2358 2059 περὶ
2386 1990 2501 2059 τὴν
2530 1991 2740 2046 πίστιν
2756 1988 3166 2060 ἐναυάγησαν.

2095 2101 2217 2156 Ὅτι
2242 2101 2349 2156 ἀπὸ
2380 2102 2480 2173 τῆς
2521 2102 2650 2175 περὶ
2670 2102 2740 2156 τὰ
2770 2101 3026 2156 ἐλάττονα
3058 2100 3479 2173 εὐγνωμοσύνης
3513 2103 3548 2173 ἡ
3579 2101 3671 2156 ἐπὶ

2163 2192 2276 2255 τοῖς
2330 2188 2541 2263 μείζοσι
2587 2193 2688 2263 τῆς
2749 2191 3159 2256 ἀνταποδόσεως
3205 2191 3385 2263 κρίσις
3429 2189 3671 2248 δικαιοῦο

2165 2300 2275 2338 ται.

2729 2374 2956 2444 Κεφάλ.
2996 2376 3072 2429 A'.

2164 2463 2534 2520 ΜΑΤθΑιοΣ.
2586 2460 2697 2529 Εὖ,
2737 2465 2919 2520 δοῦλε
2962 2465 3073 2537 (25)
3115 2464 3297 2536 ἀγαθε
3334 2482 3434 2519 και
3472 2466 3670 2531 πιστέ,

2094 2555 2193 2609 ἐπὶ
2228 2557 2401 2625 ὀλίγα
2431 2552 2506 2627 ἦς
2527 2556 2762 2623 πιστὸς,
2781 2556 2878 2610 ἐπὶ
2900 2554 3148 2612 πολλῶν
3176 2574 3249 2612 σε
3275 2558 3668 2626 καταστήσω·

2094 2648 2335 2703 είσελθε
2369 2649 2456 2714 εις
2491 2647 2605 2716 τὴν
2631 2648 2825 2717 χαρὰν
2871 2648 2977 2702 τοῦ
3007 2649 3217 2717 κυρίου
3241 2664 3377 2702 σου.
3408 2650 3522 2703 Καὶ
3556 2649 3670 2720 μετ’

2095 2735 2283 2804 ὀλίγα*
2327 2734 2411 2800 Τῷ
2447 2735 2557 2806 γὰρ
2583 2735 2783 2804 ἔχοντι
2833 2734 3012 2790 παντὶ
3053 2735 3387 2803 δοθήσεται,
3422 2737 3523 2790 καὶ
3567 2753 3670 2792 πε·

2089 2826 2585 2897 ρισσευθήσεται·
2637 2827 2753 2882 ἀπὸ
2805 2826 2873 2881 δὲ
2912 2826 3016 2882 τοῦ
3058 2826 3144 2897 μὴ
3193 2827 3458 2895 ἔχοντος,
3509 2828 3609 2882 καὶ
3639 2828 3671 2881 δ

2096 2919 2245 2991 ἔχει,
2291 2918 2615 2988 ἀρθήσεται
2660 2918 2759 2972 ἀπ’
2791 2918 2997 2973 αὐτοῦ.
3035 2919 3329 2972 ΛΟΥΚΑΣ.
3369 2919 3440 2972 El
3471 2913 3672 2974 οὖνέν

2095 3010 2177 3077 τῷ
2198 3010 2382 3077 ἀδίκῳ
2403 3009 2696 3081 μαμμωνᾷ
2733 3010 2931 3064 πιστοὶ
2954 3009 3065 3063 οὐκ
3093 3008 3388 3080 ἐγένεσθε,
3422 3010 3494 3063 τὸ
3518 3011 3670 3078 ἀλη-

429 3063 615 3121 vobis?
662 3066 733 3121 Et
774 3072 821 3124 si
866 3073 922 3126 in
971 3077 1144 3131 alieno
1192 3081 1373 3159 ﬁdeles
1417 3100 1522 3140 non
1559 3063 1740 3156 fuistis
1784 3109 1805 3146 :
1850 3096 1989 3163 quod

2111 3063 2263 3161 ielrdr
2289 3063 2381 3170 τίς
2596 3063 2935 3167 πιστεύσει,
2974 3101 3085 3155 Καὶ
3112 3063 3165 3154 ἐι
3191 3100 3261 3155 ἐν
3280 3100 3358 3166 τῷ
3378 3101 3672 3169 ἀλλοτρίῳ

429 3168 655 3213 vestrum
690 3171 767 3216 est
800 3170 916 3236 quis
963 3168 1113 3225 dabit
1147 3172 1330 3231 vobis?
1359 3176 1515 3248 (Luc.
1538 3197 1650 3248 xw,
1683 3183 1770 3251 Η,
1809 3186 1921 3257 12.)

428 3356 583 3425 Quod
638 3360 852 3421 Domini
901 3370 1154 3426 mandata
1203 3389 1328 3432 cum
1368 3378 1679 3453 inexplebili
1718 3386 1994 3448 desiderio

500 3460 629 3506 sunt
658 3460 983 3528 peragenda,
1020 3478 1237 3536 semper
1267 3470 1495 3529 ulterius
1518 3473 1849 3537 festinando.

1068 3675 1238 3745 Caput
1285 3679 1349 3734 V.

500 3750 654 3807 Beati
682 3758 775 3827 qui
802 3763 1044 3818 esuriant
1065 3777 1115 3821 et
1149 3771 1336 3827 sitiunt
1368 3775 1640 3842 justitiam
1684 3779 1901 3851 (Matth.
1936 3803 1992 3852 ν,

428 3841 553 3913 6)...
566 3844 806 3916 Fratres,
829 3871 920 3925 ego
936 3874 1013 3912 me
1031 3860 1264 3915 nondum
1282 3841 1511 3922 arbitror
1526 3841 1991 3940 comprehendisse.

434 3933 606 3991 Unum
654 3953 848 4011 autem,
897 3964 1012 4017 qua:
1057 3951 1268 4020 quidem
1311 3969 1452 4012 retro
1492 3972 1615 4015 sunt
1660 3965 1992 4033 obliviscens,

429 4030 499 4082 ad
551 4048 613 4085 ea
666 4052 784 4089 vero
830 4054 945 4106 qua:
992 4043 1175 4110 priora
1226 4062 1348 4103 sunt
1390 4055 1671 4110 extendens
1715 4062 1992 4131 meipsum,

425 4121 584 4191 iuxta
624 4144 835 4195 scopum
878 4150 1155 4204 persequor
1186 4140 1254 4192 ad
1294 4141 1531 4199 bravium
1572 4166 1810 4217 superate
1842 4172 1996 4213 voca-

431 4216 587 4269 tionis
617 4217 669 4270 in
700 4217 911 4275 Christo
936 4221 1066 4281 Jesu
1096 4226 1350 4301 (Philipp.
1386 4249 1467 4301 tu,
1501 4236 1587 4304 15,
1622 4240 1731 4312 id).

430 4395 588 4489 Quod
629 4399 885 4456 mandata
935 4401 1028 4459 Dei
1079 4406 1154 4461 ita
1200 4407 1315 4464 ﬁeri
1359 4410 1574 4478 debent,
1629 4424 1689 4471 ut
1729 4430 1989 4489 quantum

500 4488 557 4544 in
611 4489 847 4548 faciente
893 4496 1058 4550 situm
1105 4506 1209 4566 est,
1258 4515 1447 4559 omnes
1492 4488 1889 4578 illuminentur,
1938 4523 1993 4569 et

498 4581 668 4653 gloria
698 4582 961 4640 aﬂiciatur
991 4585 1152 4644 Deus.

1047 4699 1218 4771 Caput
1266 4702 1367 4761 γι.

510 4787 612 4844 Vos
642 4789 772 4846 estis
803 4791 897 4846 lus:
923 4793 1125 4847 mundi.
1160 4794 1284 4850 Non
1325 4807 1494 4865 potest
1528 4801 1714 4858 civitas
1743 4804 1996 4865 abscondi

428 4895 592 4949 supra
633 4893 860 4935 montem
892 4886 1066 4952 posita
1105 4900 1125 4939 :
1168 4903 1328 4956 neque
1362 4892 1652 4947 accendunt
1685 4895 1954 4954 lucernam
1977 4942 1992 4968 ,

428 4979 481 5025 et
523 4983 724 5042 ponunt
766 4974 862 5031 sub
911 4977 1118 5043 modio,
1158 4979 1250 5032 sed
1294 4997 1451 5050 super
1492 4986 1903 5057 candelabrum,
1944 5003 1994 5048 et

432 5066 569 5121 lucet
608 5067 850 5122 omnibus
883 5072 973 5140 qui
1004 5071 1057 5123 in
1085 5069 1243 5126 domo
1278 5082 1421 5127 sunt.
1454 5077 1545 5129 Sic
1570 5077 1739 5133 luceat
1778 5081 1871 5137 lus;
1911 5099 1997 5140 ue-

430 5168 544 5217 stra
567 5178 747 5217 coram
769 5163 1087 5233 hominibus,
1111 5176 1169 5221 ut
1199 5166 1406 5220 videant
1441 5185 1597 5237 opera
1626 5182 1799 5226 vestra
1837 5175 1993 5243 bona,

429 5264 481 5310 et
538 5255 831 5327 gloriﬁcent
893 5257 1109 5314 Patrem
1184 5272 1412 5317 uestrum
1460 5266 1552 5335 qui
1608 5268 1665 5320 in
1724 5269 1869 5323 cwlis
1919 5280 1998 5326 est

433 5347 651 5417 (Matth.
698 5367 766 5415 ν,
816 5353 1023 5422 M-lti).
1063 5394 1077 5407 .
1122 5396 1136 5412 .
1191 5354 1360 5411 Nemo
1442 5368 1617 5413 autent
1699 5362 1987 5418 accendens

505 5492 617 5563 (24)
648 5492 764 5548 Hoc
794 5494 916 5548 loco
938 5501 1173 5564 utraque
1196 5497 1364 5551 editio
1391 5498 1575 5553 αὐτοῦ.
1605 5499 1673 5553 At
1694 5508 1876 5558 textus
1906 5517 1997 5559 sa-

432 5574 538 5635 cer_
558 5565 790 5635 vulgatis
823 5566 1021 5630 αὐτῶν,
1056 5566 1237 5635 horum
1267 5578 1443 5635 partes
1470 5572 1775 5625 exteriores.

494 5631 606 5705 (25)
637 5631 818 5691 Editio
854 5635 1029 5692 Paris.
1063 5632 1209 5704 εὖγε,
1243 5631 1414 5692 δοῦλε.
1453 5638 1635 5696 Codex
1661 5641 1907 5699 Combef.
1940 5651 1994 5701 et

432 5700 565 5775 Reg.
587 5700 810 5776 'primus
832 5705 913 5771 εὖ,
939 5709 1111 5763 δοῦλε.

505 5777 617 5850 (26)
647 5777 886 5852 Utraque
915 5782 1080 5837 editio
1110 5780 1217 5837 τῶν
1243 5782 1338 5854 μὲν
1367 5781 1852 5856 ὅπισθεν.ΙΑΠιὶ‹ιιιὶ
1886 5784 2001 5843 duo

2103 3192 2307 3249 πιστοὶ
2335 3195 2448 3248 οὐκ
2492 3192 2791 3263 ἐγένεσθε,
2843 3193 2910 3247 τὸ
2941 3190 3229 3262 ὑμέτερον
3263 3192 3355 3259 τίς
3384 3192 3532 3261 ὑμῖν
3568 3191 3673 3245 δώ·

2101 3298 2232 3347 O’Sl,’

2101 3396 2226 3450 Ὅτι
2255 3394 2336 3448 δεῖ
2390 3394 2491 3458 τὰς
2547 3393 2766 3458 ἐντολὰς
2819 3393 2911 3448 τοῦ
2953 3395 3158 3467 Κυριου
3196 3397 3333 3466 μετὰ
3376 3394 3674 3466 ἐπιθυμίας

2174 3486 2469 3559 ἀκορέστου
2511 3488 2705 3543 ποιεῖν.
2738 3486 2825 3540 ἀεὶ
2874 3485 3009 3558 πρὸς
3055 3487 3117 3539 τὸ
3170 3486 3331 3541 πλέον
3377 3488 3674 3558 ἐπειγόμε-

2174 3595 2284 3634 νον.

2707 3669 2941 3739 Κεφάλ.
2964 3671 3047 3726 E'.

2170 3758 2540 3816 ΜΑΤΘΑΙΟΣ.
2567 3761 2859 3832 Μακάριοι
2883 3764 2938 3816 οι
2962 3763 3281 3827 πεινῶντες
3311 3760 3411 3817 καὶ
3447 3761 3671 3831 διψῶν-

2101 3872 2197 3921 τες
2229 3853 2345 3923 τὴν
2372 3853 2789 3924 δικαιοσύνην.
2835 3855 3013 3909 ΠΡΟΣ
3040 3854 3249 3907 ΦΙΛΙΠ.
3296 3853 3456 3923 Ἐγὼ,
3500 3853 3675 3909 ἀδελ-

2099 3946 2221 4017 φοὶ,
2258 3945 2518 4015 ἐμαυτὸν
2539 3946 2703 3999 οὔπω
2747 3944 3047 4015 λογίζομαι
3086 3944 3503 4014 κατειληφέναι
3563 3949 3673 4000 Ἓν

2100 4038 2187 4101 δὲ,
2220 4037 2340 4090 τῶν
2366 4036 2484 4106 μὲν
2521 4036 2771 4091 ὄπισθεν
2801 4035 2908 4107 (26)
2946 4036 3509 4105 ἐπιλανθανόμενος,
3548 4035 3673 4102 τοῖς

2099 4130 2167 4183 δὲ
2195 4129 2533 4200 ἔμπροσθεν
2558 4128 3064 4197 ἐπεκτεινόμενος,
3101 4127 3252 4181 κατὰ
3280 4129 3516 4181 σκοπὸν
3545 4126 3676 4180 διώ-

2101 4238 2182 4273 κω
2207 4220 2305 4274 ἐπὶ
2334 4219 2401 4273 τὸ
2428 4219 2712 4288 βραϐεῖον
2746 4217 2855 4289 τῆς
2881 4217 3002 4272 ἀνω
3030 4216 3305 4284 κλήσεως
3328 4218 3397 4271 ἐν
3438 4217 3673 4287 Χριστῷ

2116 4310 2339 4379 Ἰησοῦ.

2103 4425 2248 4478 Ὅτι⁹
2277 4422 2358 4475 δεῖ
2393 4419 2490 4484 τὰς
2532 4418 2749 4482 ἐντολὰς
2799 4417 2893 4472 τοῦ
2934 4416 3068 4471 Θεοῦ
3098 4417 3240 4473 οὕτω
3270 4422 3461 4485 ποιεῖν,
3506 4420 3669 4483 ὥστε.

2166 4515 2289 4566 ὅσον
2318 4509 2425 4581 (2'7)
2464 4511 2556 4562 ἐπὶ
2588 4507 2666 4578 τῷ
2712 4508 2972 4571 ποιοῦντι,
3013 4508 3338 4577 φωτίζεσθαι
3368 4509 3495 4573 τοὺς
3540 4512 3674 4565 πάν-

2167 4619 2286 4667 τας,
2320 4602 2415 4657 καὶ
2437 4599 2682 4663 τὸνθεὸν
2700 4598 3037 4669 δοξάζεσθαι.

2706 4711 2931 4781 Κεφάλ.
2970 4714 3063 4780 ς’.

2169 4804 2531 4867 ΜΑΤΘΑΙΟΣ.
2585 4803 2769 4874 Ὑμεῖς
2809 4805 2951 4857 ἐστε
3002 4803 3069 4857 τὸ
3113 4804 3242 4873 φῶς
3265 4805 3370 4860 τοῦ
3410 4807 3668 4877 κόσμου.

2103 4903 2185 4955 Οὐ
2231 4900 2477 4954 δύναται
2507 4900 2685 4964 πόλις
2721 4895 3008 4965 κρυϐῆναι
3034 4897 3234 4952 ἐπάνω
3277 4898 3454 4966 ὄρους
3477 4898 3672 4969 κειμέ-

2099 5009 2208 5061 νη·
2243 4992 2382 5046 οὺδὲ
2416 4992 2653 5044 καίουσι
2689 4991 2944 5058 λύχνον,
2986 4989 3086 5043 καὶ
3119 4988 3388 5045 τιθέασιν
3419 4991 3540 5044 ὑπὸ
3566 4992 3674 5044 τὸν

2097 5086 2327 5157 μόδιον,
2359 5085 2496 5139 ἀλλ’
2526 5083 2626 5137 ἐπὶ
2659 5081 2775 5150 τὴν
2802 5081 3087 5150 λυχνίαν,
3120 5081 3218 5134 καὶ
3264 5080 3486 5151 λάμπει
3519 5081 3673 5137 πᾶσι

2101 5179 2225 5247 τοῖς
2254 5180 2325 5233 ὲν
2380 5176 2455 5246 τῇ
2487 5177 2663 5245 οἰκίᾳ.
2707 5174 2870 5228 Οὕτω
2920 5173 3212 5243 λαμψάτω
3255 5173 3322 5226 τι)
3349 5173 3473 5242 φῶς
3505 5172 3673 5242 ὑμῶν

2100 5273 2441 5343 ἔμπροσθεν
2462 5268 2579 5324 τῶν
2614 5266 2960 5334 ἀνθρώπων,
3006 5264 3166 5331 ὅπως
3198 5264 3369 5319 ἴδωσι
3411 5264 3484 5318 τὰ
3515 5263 3671 5318 καλὰ

2094 5366 2245 5435 ἔργα·
2271 5361 2458 5433 ὑμῶν,
2504 5359 2603 5414 καὶ
2631 5357 2935 5423 δοξάσωσι
2971 5355 3077 5411 τὸν
3108 5354 3339 5424 Πατέρα
3361 5354 3529 5424 ὑμῶν
3562 5354 3673 5409 τὸν

2099 5503 2225 5559 libri
2254 5501 2362 5575 τῶν
2394 5500 2490 5570 μὲν
2522 5494 2866 5575 διεξίοι-Νέδα
2901 5496 2976 5575 ita
3008 5494 3180 5575 muth
3210 5502 3345 5575 post.
3366 5494 3538 5549 editio
3566 5491 3672 5573 Pa-

2100 5575 2200 5627 ris.
2232 5566 2476 5647 διλήσεςως
2507 5567 2600 5622 τοῦ
2625 5566 2759 5647 Θεοῦ
2794 5569 2871 5621 ὲν.
2901 5566 3059 5647 Illud,
3085 5566 3179 5647 τοῦ
3211 5566 3369 5647 θεοῦ,
3392 5566 3667 5647 ’ῃρίμιεὶιι

2100 5635 2339 5698 editione
2364 5639 2501 5696 Ven.
2536 5654 2711 5708 neque
2740 5637 2794 5691 in
2836 5637 3046 5692 nostris
3079 5635 3355 5692 veteribus
3392 5635 3561 5691 libris
3580 5635 3670 5688 in-

2100 5723 2442 5854 νθῖὲξῆνίὶεε.
2478 5780 2687 5853 primus
2710 5778 2880 5833 ποιεῖν
2905 5776 2980 5840 ὡς
3008 5774 3069 5829 τδ
3094 5774 3237 5835 δσθνι
