3982 6240
401 309 505 365 735

1877 309 2206 366 MORALIA.

3552 316 3654 369 754

397 427 469 481 ἐν
512 425 640 493 τοῖς
685 425 983 495 οὐρανοῖς.
1015 427 1314 480 ΛΟΥΚΑΣ.
1355 427 1565 492 Οὐδεὶς
1611 425 1698 492 δὲ,
1747 427 1969 495 λύχνον

2083 430 2372 496 lucernam,
2413 431 2579 500 operit
2608 448 2724 485 eam
2757 448 2899 496 vase,
2935 440 3026 485 aut
3066 431 3245 486 subter
3274 432 3463 486 lectum
3483 433 3650 499 ponit,

399 519 582 588 ἅψας,
611 521 858 588 κρύπτει
896 519 1082 574 αὑτὸν
1119 523 1342 583 σκεύει,
1376 521 1414 588 ἢ
1449 520 1728 575 ὑποκάτω
1766 521 1981 589 κλίνης

399 611 660 677 τίθησιν,
696 612 832 666 ἀλλ’
861 611 959 664 ὲπί
991 613 1250 680 λυχνίας
1270 612 1607 680 ἐπιτίθησιν
1635 610 1768 681 (28),
1800 612 1899 663 ἵνα
1925 614 1980 664 οἱ

400 703 886 769 εἰσπορευόμενοι
923 702 1202 765 βλέπωσι
1243 702 1308 756 τὸ
1350 701 1493 772 φῶς.
1538 703 1714 755 ΠΡΟΣ
1769 702 1976 754 ΦΙΛΙΠ.

402 791 527 846 Ἵνα
552 788 659 862 ἦτε
687 795 1044 860 εἰλικρινεῖς,
1094 793 1194 847 καὶ
1221 794 1593 861 ἀπρόσκοποι
1627 795 1715 859 εὶς
1753 792 1979 862 ἡμέραν

403 882 680 951 Χριστοῦ,
706 885 1155 952 πεπληρωμένοι
1179 883 1422 953 καρπῶν
1448 884 1858 950 δικαιοσύνης,
1882 881 1979 937 διὰ

416 972 610 1042 Ἰησοῦ
644 976 901 1042 Χριστοῦ
926 979 1012 1042 εἰς
1039 976 1228 1041 δόξαν
1257 977 1355 1030 καί
1383 975 1634 1029 ἔπαινον
1663 975 1830 1029 Θεοῦ.

1029 1091 1201 1143 ΟΡΟΣ
1230 1090 1310 1143 ΙΘ¹

404 1181 523 1234 Ὅτι
562 1181 623 1234 οὐ
667 1181 748 1234 δεῖ
791 1180 1100 1251 ἐμποδίζειν
1156 1181 1232 1252 τῷ
1281 1180 1518 1235 ποιοῦντι
1566 1180 1778 1251 θέλημα
1815 1177 1973 1245 Θεοῦ,

467 1277 574 1328 εἴτε
617 1277 739 1328 κατ’
766 1274 986 1345 ἐντολὴν
1019 1273 1175 1338 Θεοῦ,
1229 1276 1338 1328 εἴτε
1370 1273 1513 1328 κατὰ
1550 1272 1705 1341 λόγον
1749 1271 1974 1326 ἀκολου-

468 1364 666 1418 Θοῦντα
704 1364 768 1434 τῇ
810 1363 994 1434 ἐντολῇ
1018 1380 1031 1392 ·
1075 1362 1197 1416 οὔτε
1236 1363 1344 1434 μὴν
1388 1360 1646 1415 ποιοῦντα
1689 1357 1976 1428 ἀνέχεσθαι

467 1456 576 1510 τῶν
606 1455 944 1519 κωλυόντων,
980 1455 1080 1509 κᾶν
1108 1458 1318 1526 γνήσιοι
1351 1449 1504 1516 ὦσιν,
1541 1451 1654 1508 ἀλλ’
1693 1451 1975 1522 ἐπιμένειν

465 1552 531 1620 τῇ
567 1532 768 1620 κρίσει.

1014 1658 1240 1727 Κεφάλ.
1269 1657 1332 1712 A'

461 1752 833 1807 ΜΑΤΘΑΙΟΣ.
888 1753 1025 1806 Τότε
1080 1753 1463 1822 παραγίνεται
1501 1755 1535 1806 ό
1585 1753 1812 1820 Ἰησοῦς
1855 1753 1972 1808 ἀπὸ

393 1846 504 1916 τῆς
535 1845 871 1912 Γαλιλαίας
897 1846 994 1899 ἐπὶ
1021 1846 1127 1898 τὸν
1141 1845 1451 1914 Ἰορδάνην
1472 1847 1622 1914 πρὸς
1638 1847 1746 1900 τὸν
1787 1847 1975 1901 Ἰωάν-

391 1958 525 2008 νην,
584 1939 692 1992 τοῦ
740 1936 1148 2007 βαπτισθῆναι
1203 1939 1305 1992 ὑπ’
1343 1937 1549 1992 αὐτοῦ.
1591 1940 1644 1990 Ὀ
1670 1938 1738 1991 δὲ
1780 1939 1975 1993 Ἰωάν-

387 2051 501 2100 νης
530 2031 864 2086 διεκώλυεν
903 2030 1109 2098 αὑτὸν,
1150 2030 1345 2100 λέγων
1371 2049 1386 2062 ο
1449 2030 1590 2100 Ἐγὼ
1624 2033 1833 2100 χρείαν
1858 2032 1975 2100 ἔχω

386 2124 506 2181 ὑπὸ
557 2124 676 2179 σοῦ
705 2123 1137 2191 βαπτισθῆναι,
1187 2123 1285 2176 καί
1341 2122 1422 2177 σὺ
1469 2123 1615 2194 ἔρχῃ
1675 2124 1825 2192 πρὸς
1853 2123 1973 2193 μέ;

400 2218 763 2286 Ἀποκριθεὶς
785 2216 854 2270 δὲ
878 2219 912 2271 ό
952 2217 1192 2283 Ἰησοῦς
1212 2212 1341 2269 εἷπε
1364 2216 1513 2284 πρὸς
1534 2217 1720 2270 αὐτόν
1746 2234 1760 2247 ο
1798 2217 1973 2284 Ἄφες

386 2309 518 2379 ἆρτι
543 2328 557 2340 ·
615 2310 772 2363 οὕτω
824 2308 935 2378 γὰρ
990 2307 1220 2375 πρέπον
1272 2307 1416 2375 ἡμῖν
1474 2307 1605 2361 ἐστι
1660 2305 1973 2376 πληρῶσαι

385 2399 596 2455 πᾶσαν
641 2398 1038 2464 δικαιοσύνην
1086 2398 1199 2468 (29)
1229 2438 1242 2462 ,
1301 2398 1396 2449 καὶ
1443 2396 1512 2449 τὰ
1563 2395 1782 2466 ἑξῆς....
1835 2394 1969 2450 Ἀπὸ

384 2493 518 2545 τότε
587 2489 817 2559 ἤρξατο
887 2491 919 2542 ὁ
991 2489 1232 2556 Ἰησοῦς
1299 2487 1597 2541 δεικνύειν
1661 2487 1786 2552 τοῖς
1856 2503 1968 2556 μα-

383 2581 596 2650 θηταῖς
642 2581 852 2646 αῠτοῦ,
887 2579 978 2633 ὄτι
1007 2579 1098 2633 δεῖ
1129 2579 1314 2634 αὐτὸν
1349 2578 1634 2633 ἀπελθεῖν
1669 2581 1756 2643 εἰς
1790 2580 1968 2647 Ἰερο-

383 2680 652 2745 σόλυμα,
691 2673 792 2728 καί
840 2673 1041 2727 πολλὰ
1104 2671 1316 2726 παθεῖν
1349 2671 1466 2724 ὑπὸ
1498 2671 1608 2742 ('50)
1666 2670 1785 2724 τῶν
1831 2685 1968 2740 πρε-

381 2768 712 2836 σϐυτέριον,
761 2766 859 2820 καί
897 2765 1236 2835 ἀρχιερέων,
1281 2765 1380 2820 καὶ
1407 2763 1825 2834 γραμματέων-θ
1866 2765 1964 2819 καί

378 2857 854 2927 ἀποκτανθῆναι,
902 2857 1002 2910 καί
1041 2856 1118 2925 τῇ
1171 2858 1336 2927 τρίτῃ
1385 2856 1575 2926 ἡμέρᾳ
1629 2855 1961 2926 ἐγερθῆναι.

377 2953 488 3007 Καὶ
522 2953 1021 3021 προσλαϐόμενος
1051 2949 1237 3004 αὐτὸν
1263 2953 1296 3003 ὁ
1326 2948 1569 3018 Πέτρος,
1596 2949 1818 3017 ἤρξατο
1839 2948 1967 3002 ἐπι-

377 3043 561 3112 τιμᾷν
588 3039 1021 3110 αὐτῷ’λέγωνο
1079 3041 1278 3106 Ἵλεώς
1315 3057 1434 3105 σοι,
1483 3042 1698 3109 Κύριε·
1752 3043 1824 3096 οὐ
1875 3041 1961 3111 μὴ

2088 522 2177 575 sed
2213 536 2372 589 super
2399 520 2796 584 candelabrum,
2833 529 2891 574 ut
2928 522 3185 574 intrantes
3225 521 3433 574 videant
3477 520 3653 575 lumen

2087 612 2237 682 (Luc.
2269 628 2388 676 νιιι,
2427 612 2589 683 16)...
2626 613 2695 666 Ut
2737 613 2854 666 sitis
2884 613 3095 677 sinceri,
3128 622 3177 666 et
3217 614 3327 666 sine
3369 615 3569 682 oﬁensa
3598 615 3652 666 in

2085 707 2223 758 diem
2260 703 2478 769 Christi,
2522 705 2703 774 repleti
2750 704 3008 773 fructibus
3037 704 3287 772 justitiaz,
3337 721 3429 772 per
3471 703 3654 759 Iesum

2085 799 2357 853 Christum
2388 800 2442 853 in
2469 799 2696 868 gloriam
2721 808 2770 852 et
2795 797 3004 852 laudem
3041 797 3141 850 Dei
3172 796 3430 867 (Philipp.
3463 813 3502 862 ι,
3540 796 3649 868 10).

2637 1089 2914 1146 REGULA
2949 1089 3089 1145 XIX.

2082 1184 2236 1251 Quod
2269 1185 2316 1240 is
2344 1183 2596 1256 impediri
2636 1199 2746 1239 non
2774 1184 2933 1240 debet
2965 1186 3055 1254 qui
3093 1182 3187 1240 Dei
3211 1183 3547 1239 voluntatem
3571 1183 3652 1239 fa-

2152 1277 2227 1333 cit
2264 1297 2276 1330 :
2316 1278 2432 1333 sive
2460 1293 2526 1332 ex
2563 1275 2658 1331 Dei
2687 1284 2978 1346 praecepto,
3007 1277 3120 1330 sive
3159 1291 3225 1331 ex
3261 1275 3473 1330 ratione
3497 1290 3653 1330 man-

2151 1370 2283 1424 dato
2307 1376 2497 1439 pareat
2534 1387 2546 1422 :
2583 1383 2760 1438 neque
2800 1368 3006 1424 faciens
3032 1369 3191 1424 debet
3219 1383 3425 1422 morem
3464 1385 3653 1440 gerere

2149 1461 2586 1530 impedientibus,
2611 1460 2738 1514 licet
2759 1461 2870 1515 sint
2905 1461 3313 1517 necessitudine
3341 1463 3649 1533 conjuncti,

2151 1551 2248 1606 sed
2283 1549 2339 1604 in
2375 1564 2474 1604 sua
2509 1549 2776 1605 sententia
2813 1565 3178 1618 perseverare.

2723 1657 2893 1725 Caput
2934 1657 2981 1713 1.

2154 1752 2300 1806 Tunc
2326 1752 2464 1805 venit
2487 1749 2645 1804 Jesus
2678 1767 2708 1803 a
2735 1749 2962 1804 Calilwa
2993 1751 3048 1805 in
3073 1753 3363 1807 Jordanem
3391 1755 3460 1809 ad
3487 1753 3654 1812 Joan-

2078 1861 2216 1909 nem,
2251 1853 2310 1898 ut
2342 1843 2703 1913 baptizaretur
2729 1842 2793 1896 ab
2823 1860 2902 1896 eo.
2932 1842 3166 1898 Joannes
3202 1856 3373 1900 autem
3407 1849 3651 1916 prohibe-

2078 1937 2169 1990 bat
2201 1951 2341 2001 eum,
2376 1933 2553 1987 dicens
2600 1950 2618 1986 :
2664 1931 2776 2002 Ego
2825 1950 2954 2002 opus
2999 1933 3182 1999 habeo,
3230 1945 3288 1988 ut
3339 1937 3494 2008 251
3526 1955 3558 1991 a
3604 1950 3652 1995 te

2077 2027 2335 2096 baptizer,
2377 2035 2426 2080 et
2451 2035 2507 2078 tu
2528 2027 2668 2079 venis
2693 2024 2761 2078 ad
2789 2028 2910 2081 me?
2934 2025 3267 2095 Respondens
3298 2039 3471 2084 autem
3493 2030 3651 2088 Jesus

2074 2121 2212 2175 dixit
2253 2122 2302 2174 ei
2349 2137 2367 2173 :
2410 2118 2534 2174 Sine
2563 2118 2717 2172 modo
2767 2135 2785 2170 :
2832 2121 2908 2173 sic
2943 2121 3081 2174 enim
3115 2124 3257 2177 decet
3299 2141 3393 2178 nos
3437 2127 3652 2195 implere

2074 2229 2282 2268 omnem
2323 2212 2594 2281 justitiam
2657 2209 2896 2280 (Matth.
2959 2227 3042 2279 ll),
3093 2213 3288 2269 15-15
3324 2217 3370 2285 ),
3434 2225 3540 2273 etc.
3579 2259 3591 2270 .
3633 2261 3646 2272 .

2073 2303 2280 2358 Exinde
2329 2303 2479 2371 carpit
2507 2303 2664 2356 Jesus
2725 2303 2996 2357 ostendere
3031 2305 3302 2373 discipulis
3332 2309 3464 2373 suis,
3513 2309 3651 2378 quod

2071 2403 2272 2465 oportet
2296 2410 2414 2448 eum
2444 2395 2522 2447 ire
2541 2391 2950 2463 Jerosolymam,
2971 2406 3019 2449 et
3039 2398 3207 2450 multa
3229 2400 3341 2465 pati
3369 2417 3402 2453 a
3429 2401 3651 2456 seniori-

2071 2489 2187 2552 bus,
2229 2497 2279 2540 et
2311 2485 2641 2556 principibus
2674 2487 3032 2550 sacerdotum,
3056 2496 3105 2541 et
3137 2490 3345 2553 scribis,
3379 2500 3427 2544 et
3458 2493 3648 2556 occidi,

2067 2588 2117 2632 et
2143 2579 2298 2631 tertia
2336 2576 2420 2631 die
2449 2592 2738 2646 resurgere.
2773 2575 2842 2628 Et
2876 2577 3262 2646 apprehendens
3285 2596 3402 2634 eum
3428 2581 3646 2648 Petrus,

2068 2673 2218 2740 ccepit
2267 2669 2539 2740 increpare
2587 2668 2762 2731 illum,
2803 2669 2978 2722 dicens
3029 2684 3047 2722 :
3093 2669 3365 2740 Propitius
3413 2673 3504 2726 tibi
3548 2675 3646 2743 sis,

2066 2760 2292 2814 Domine
2333 2775 2350 2814 :
2400 2776 2503 2813 non
2549 2758 2652 2812 erit
2710 2757 2806 2811 tibi
2853 2758 2968 2812 hoc.
3020 2758 3123 2824 Qui
3172 2777 3470 2825 conversus,
3508 2761 3648 2817 dixit

2065 2853 2225 2907 Petro
2256 2867 2274 2904 :
2319 2851 2464 2905 Vade
2492 2859 2609 2920 post
2635 2867 2714 2904 me
2733 2890 2748 2914 ,
2771 2859 3008 2913 satana;
3038 2851 3357 2905 scandalum
3401 2869 3454 2906 es
3495 2853 3645 2916 mihi,

2063 2944 2187 3012 quia
2223 2958 2326 3007 non
2361 2942 2507 3010 sapis
2545 2958 2607 2994 ea
2637 2958 2752 3010 quae
2783 2941 2881 2994 Dei
2914 2950 3056 3005 sunt,
3089 2941 3178 2994 sed
3211 2959 3274 2996 ea
3316 2959 3432 3012 quoe
3473 2943 3648 2998 homi-

2063 3053 2190 3091 num
2237 3033 2254 3106 (
2293 3035 2493 3090 Matth.
2547 3052 2653 3097 xw,
2697 3035 2895 3090 21-25
2937 3036 2974 3098 ).
3007 3077 3019 3088 .
3057 3075 3070 3087 .
3127 3034 3196 3089 Et
3237 3035 3524 3105 oﬂ‘erebant
3564 3039 3646 3092 illi

377 3136 550 3190 ἔσται
578 3151 679 3188 σοι
708 3133 904 3188 τοῦτο.
935 3133 998 3186 '0
1021 3132 1106 3196 δὲ,
1133 3133 1438 3202 στραφεὶς,
1470 3129 1601 3186 εἷπε
1630 3132 1711 3198 τῷ
1735 3133 1961 3202 Πέτρῳ·

2079 3130 2339 3192 parvulos,
2385 3137 2443 3182 ut
2491 3138 2725 3198 tangeret
2767 3128 2912 3183 illos.
2953 3127 3216 3197 Discipuli
3256 3139 3431 3184 autem
3473 3131 3646 3186 incre-

375 3226 602 3295 Ὕπαγε
648 3226 842 3278 ὀπίσω
870 3242 1012 3294 μου,
1055 3223 1324 3278 Σατανᾶ·
1370 3223 1723 3278 σκάνδαλόν
1743 3243 1862 3292 μου
1890 3221 1963 3287 εἷ,

375 3317 463 3372 ὅτι
493 3321 570 3371 οὐ
608 3318 854 3386 φρονεῖς
887 3316 958 3370 τὰ
983 3317 1090 3370 τοῦ
1126 3317 1296 3381 Θεοῦ,
1319 3316 1482 3371 ἀλλὰ
1509 3316 1580 3369 τὰ
1603 3315 1724 3369 τῶν
1748 3316 1968 3385 ἀνθρώ-

374 3422 524 3462 πων.
563 3409 872 3462 ΜΑΡΚΟΣ.
903 3409 1010 3462 Καὶ
1037 3409 1412 3478 προσέφερον
1435 3407 1594 3474 αὐτῷ
1617 3410 1842 3473 παιδία,
1868 3411 1969 3463 ἵνα

375 3499 575 3554 αὐτῶν
599 3501 844 3570 ἅψηται.
875 3503 936 3553 Ol
957 3499 1024 3552 δὲ
1039 3501 1296 3568 μαθηταὶ
1323 3499 1616 3570 ἐπετίμων
1636 3501 1759 3567 τοῖς
1790 3517 1968 3570 προσ-

375 3591 689 3662 φέρουσιν.
731 3591 900 3646 Ἰδὼν
941 3591 1009 3644 δὲ
1042 3595 1074 3646 ό
1124 3591 1374 3658 Ἰησοῦς,
1419 3591 1826 3660 ἠγανάκτησε,
1865 3595 1963 3647 καὶ

374 3681 546 3740 εἶπεν
595 3685 804 3750 αὐτοῖς
823 3701 838 3714 ·
889 3686 1096 3753 Ἄφετε
1140 3683 1213 3737 τὰ
1246 3683 1455 3736 παιδία
1502 3682 1783 3753 ἔρχεσθαι
1817 3685 1967 3752 πρὸς

369 3777 465 3846 μὲ,
508 3776 608 3830 καί
658 3775 744 3845 μὴ
795 3776 1056 3829 κωλύετε
1103 3774 1293 3828 aind-
1340 3771 1459 3826 τῶν
1514 3775 1624 3843 γὰρ
1681 3776 1967 3828 τοιούτων

375 3869 548 3923 ἐστὶν
583 3870 622 3935 ’ἠ
652 3869 949 3932 βασιλεία
962 3866 1079 3920 τῶν
1127 3865 1418 3934 οὐρανῶν.
1453 3866 1765 3918 ΠΡΛΞΕΙΣ.
1808 3869 1965 3920 Ἐπι-

372 3962 680 4029 μενόντων
710 3958 779 4012 δὲ
815 3959 1038 4027 ἡμέρας
1079 3957 1189 4027 (51)
1243 3958 1514 4022 πλείους,
1565 3956 1828 4025 κατῆλθέ
1875 3975 1966 4023 τις

375 4049 493 4103 ἀπὸ
532 4049 642 4116 τῆς
704 4048 999 4114 Ἰουδαίας
1044 4047 1358 4116 προφήτης
1404 4047 1647 4115 ὀνόματι
1685 4048 1963 4117 Ἀγαϐος.

373 4143 479 4196 Καὶ
512 4141 712 4195 ἐλθὼν
745 4141 896 4207 πρὸς
931 4138 1111 4208 ἡμᾶς,
1139 4139 1239 4194 καί
1271 4139 1419 4207 ἄρας
1450 4139 1566 4206 τὴν
1595 4138 1783 4207 ζώνην
1809 4141 1968 4193 Παύ-

373 4240 506 4299 λου,
541 4235 641 4289 καί
684 4233 880 4299 δήσας
914 4232 1130 4288 ἑαυτοῦ
1163 4233 1306 4298 τοὺς
1334 4232 1524 4299 πόδας
1555 4234 1654 4287 καί
1697 4235 1807 4300 τὰς
1846 4234 1965 4302 χεῖ-

366 4345 495 4395 ρας,
522 4323 655 4381 εἷπε
680 4344 692 4357 ·
733 4325 875 4380 Τάδε
914 4324 1076 4393 λέγει
1116 4329 1179 4379 τὸ
1212 4325 1456 4394 Πνεῦμα
1488 4326 1554 4378 τὸ
1579 4326 1750 4394 ἅγιον
1771 4343 1784 4355 ⁸
1849 4327 1963 4381 Τὸν

371 4414 576 4482 ἄνδρα,
611 4408 682 4467 οὗ
715 4413 886 4465 ἐστιν
916 4415 954 4479 ἠ
981 4411 1127 4479 ζώνη
1174 4413 1346 4481 αὕτη,
1378 4413 1530 4467 οὕτω
1557 4414 1858 4479 δήσουσιν
1890 4417 1960 4469 ἐν

2071 3224 2268 3292 pabant
2292 3225 2586 3293 o/ferentes.
2631 3224 2821 3278 Videas
2850 3234 3024 3277 mitem
3049 3223 3227 3287 Jesus,
3260 3225 3472 3295 indigne
3499 3227 3645 3291 tulit,

2067 3326 2117 3370 et
2152 3317 2229 3368 ait
2261 3316 2371 3369 illis
2401 3332 2418 3368 :
2449 3314 2616 3369 Sinite
2651 3317 2897 3382 parvulos
2927 3318 3099 3370 venire
3129 3316 3196 3370 ad
3233 3333 3331 3380 me,
3356 3326 3406 3370 et
3438 3334 3502 3371 ne
3529 3334 3645 3387 pro-

2068 3406 2340 3460 hibueritis
2381 3423 2520 3472 eos;
2569 3407 2757 3460 talium
2811 3416 2889 3460 est
2935 3409 3076 3460 enim
3126 3423 3342 3476 regnum
3394 3408 3644 3462 scelerum

2067 3497 2262 3564 (Marc.
2308 3513 2361 3560 χ,
2401 3497 2488 3558 15,
2535 3497 2692 3564 Η)...
2749 3495 2818 3550 Εἰ
2856 3513 2975 3550 cum
3022 3513 3353 3552 moraremur
3402 3513 3495 3565 per
3531 3498 3643 3554 dies

2064 3589 2261 3656 plures,
2301 3587 2507 3642 advenit
2535 3587 2751 3658 quidam
2793 3605 2826 3640 a
2861 3586 3080 3655 Judaza,
3121 3589 3388 3659 propheta,
3436 3591 3643 3646 nomine

2067 3685 2298 3751 Agabus.
2335 3679 2390 3734 Is
2417 3698 2534 3733 cum
2566 3681 2788 3734 venisset
2813 3681 2880 3734 ad
2907 3697 3025 3746 nos,
3062 3683 3185 3734 tulit
3209 3698 3399 3735 zonam
3433 3680 3593 3735 Pauli
3622 3695 3641 3734 :

2065 3783 2114 3826 et
2153 3774 2382 3844 alligans
2420 3774 2522 3826 sibi
2562 3772 2716 3840 pedes
2755 3781 2804 3826 et
2845 3789 3055 3837 manus,
3099 3772 3235 3826 dixit
3279 3789 3297 3825 :
3346 3771 3474 3824 Ha'c
3513 3771 3643 3826 dicit

2068 3864 2302 3934 Spiritus
2332 3876 2547 3921 sanctus
2581 3881 2599 3918 :
2656 3864 2858 3930 Virum,
2899 3866 3050 3934 cujus
3093 3874 3169 3920 est
3214 3882 3349 3919 zona
3399 3865 3527 3931 hare,
3565 3865 3642 3918 sic

2067 3958 2364 4027 alligabunt
2391 3961 2445 4013 in
2477 3960 2780 4017 Jerusalem
2812 3958 2990 4012 Judai
3020 3967 3109 4012 :et
3137 3957 3342 4012 tradent
3373 3959 3426 4011 in
3452 3974 3640 4011 manus

2065 4051 2319 4120 gentium.
2375 4051 2508 4106 Cum
2545 4064 2720 4106 autem
2767 4051 3096 4105 audissemus
3143 4051 3274 4112 Ιιιεσ,
3322 4051 3638 4119 rogabamus

2064 4153 2115 4198 et
2154 4162 2270 4210 nos,
2303 4155 2352 4200 et
2375 4148 2464 4212 qui
2500 4147 2602 4202 loci
2623 4149 2773 4202 illius
2797 4157 2970 4210 erant,
3003 4163 3064 4200 ne
3088 4146 3388 4200 ascenderet
3418 4145 3640 4201 Jeroso-

2069 4236 2288 4307 lymam.
2337 4239 2406 4290 At
2451 4238 2717 4308 respondit
2755 4237 2959 4290 Paulus
2994 4254 3010 4290 :
3046 4236 3186 4301 Quid
3217 4237 3392 4306 facilis
3427 4237 3636 4306 ﬂentes,

2064 4335 2113 4379 et
2161 4328 2440 4397 aﬁiigentes
2473 4345 2564 4382 cor
2596 4345 2766 4382 meum
2789 4333 2814 4383 Ρ
2838 4327 2949 4398 Ego
2994 4331 3128 4381 enim
3166 4346 3268 4381 non
3308 4328 3478 4381 solum
3516 4326 3640 4382 alli-

2065 4417 2202 4483 gari,
2234 4417 2324 4470 sed
2363 4426 2411 4470 et
2447 4419 2582 4470 mori
2622 4427 2845 4485 paratus
2895 4434 3011 4472 sum
3047 4431 3141 4485 pro
3186 4419 3393 4471 nomine
3422 4417 3640 4470 Domini

382 4505 783 4574 Ἰερουσαλὴμ
811 4508 865 4558 οἰ
903 4506 1198 4567 Ἰουδαῖοι,
1233 4505 1332 4559 καί
1369 4505 1840 4574 παραδώσουσιν
1872 4510 1958 4573 εἰς

2079 4505 2213 4560 lesu.
2251 4507 2319 4561 Et
2349 4526 2467 4562 cum
2503 4511 2551 4564 ei
2603 4527 2707 4564 non
2748 4513 3080 4574 suaderetur,
3112 4512 3420 4581 quievimus,
3460 4509 3639 4563 dicen-

370 4596 573 4664 χεῖρας
608 4595 819 4648 ἐθνῶν.
871 4595 968 4660 Ὠς
998 4594 1065 4647 δὲ
1091 4595 1442 4663 ἠκούσαμεν
1478 4594 1685 4658 ταῦτα,
1709 4610 1954 4663 παρεκα-

2079 4610 2138 4653 'es
2171 4615 2190 4650 .'
2223 4599 2440 4654 Domini
2514 4603 2758 4655 voluntas
2804 4603 2900 4671 fiat
2948 4602 3088 4673 (Act.
3133 4617 3246 4667 XXI,
3307 4600 3516 4667 iO-H).
3565 4641 3577 4654 .
3619 4643 3634 4656 .

367 4690 594 4759 λοῦμεν
635 4687 805 4756 ἡμεῖς
839 4705 902 4741 τε
937 4688 1113 4742 καίοἰ
1145 4689 1429 4751 ἐντόπιοι,
1473 4688 1580 4742 τοῦ
1607 4687 1688 4756 μὴ
1715 4689 1956 4743 ἀναϐαί-

2079 4689 2169 4757 Qui
2200 4702 2247 4744 et
2279 4691 2561 4746 Dominum
2591 4692 2892 4747 occiderunt
2923 4691 3127 4760 Iesum,
3159 4701 3208 4746 et
3247 4708 3368 4746 suos
3408 4691 3634 4759 prophe-

367 4798 491 4834 νειν
527 4783 617 4846 εἰς
666 4778 1079 4848 Ἰερουσαλήμ.
1136 4781 1448 4848 Ἀπεκρίθη
1489 4780 1558 4834 δὲ
1600 4783 1634 4834 ό
1671 4781 1913 4847 Παῦλος
1937 4800 1950 4812 ·

2079 4795 2180 4846 ‘as,
2224 4794 2272 4836 et
2322 4800 2418 4837 nos
2465 4785 2722 4853 persecuti
2771 4794 2912 4846 sunt,
2951 4793 3000 4837 et
3045 4783 3154 4837 Deo
3205 4800 3308 4836 non
3353 4783 3561 4850 placent
3616 4799 3634 4834 :

371 4865 432 4923 Τί
449 4871 674 4926 ποιεῖτε
700 4873 1038 4935 κλαίοντες,
1067 4870 1168 4924 καὶ
1187 4872 1676 4940 συνθρύπτοντές
1691 4892 1817 4942 ,μου
1838 4875 1950 4941 τὴν

2079 4884 2107 4927 et
2147 4875 2392 4930 omnibus
2431 4876 2730 4930 hominibus
2772 4877 3139 4937 adversantur,
3175 4874 3500 4942 prohibentes
3538 4890 3633 4928 nos

368 4964 653 5030 καρδίανς
696 4961 839 5031 Ἐγὼ
861 4963 972 5038 γὰρ
1009 4965 1080 5045 οΠὺ
1119 4963 1308 5032 μόνον
1347 4963 1612 5032 δεθῆναι,
1659 4965 1819 5019 ἀλλὰ
1849 4969 1946 5027 καί

2079 4967 2296 5026 rentibus
2340 4969 2504 5039 loqui,
2552 4978 2610 5023 ut
2647 4969 2781 5024 salvi
2815 4971 2970 5038 fiant,
3014 4977 3072 5020 ut
3123 4966 3375 5036 impleant
3420 4975 3634 5035 peccata

367 5054 692 5111 ἀποθανεῖν
730 5053 978 5122 ἑτοίμως
1015 5054 1133 5122 ἔχω
1176 5055 1327 5122 ὑπὲρ
1369 5054 1474 5108 τοῦ
1519 5056 1809 5123 ὀνόματος
1838 5057 1943 5110 τοῦ

2083 5077 2149 5113 ua
2168 5078 2377 5130 semper
2401 5081 2418 5117 :
2445 5066 2673 5132 pervenit
2708 5072 2882 5118 autem
2922 5064 3003 5115 ira
3043 5078 3198 5131 super
3226 5061 3346 5115 illos
3381 5077 3542 5130 usque
3577 5062 3633 5115 in

366 5148 584 5221 Κυρίου
636 5147 843 5215 Ἰησοῦ
890 5146 1022 5216 (39.).
1073 5146 1170 5213 Μὴ
1215 5145 1566 5214 πειθομένου
1610 5147 1678 5200 δὲ
1731 5150 1936 5214 αὐτοῦ,

2079 5154 2201 5206 Fnem
2231 5153 2291 5221 (Ι
2327 5155 2507 5210 Thess.
2537 5172 2597 5220 ll,
2629 5156 2715 5220 15,
2741 5155 2850 5225 16).

366 5238 765 5308 ἡσυχάσαμεν
807 5240 1115 5314 εἰπόντες⁹
1166 5236 1236 5292 Τὸ
1284 5237 1512 5306 θέλημα
1561 5238 1668 5292 τοῦ
1721 5241 1942 5307 Κυρίου
2012 5245 2295 5310 γενέσθω.
2353 5248 2531 5301 ΠΡΟΣ
2564 5247 2754 5300 ΘΕΣΣ.
2805 5247 2876 5301 α’.
2934 5246 3060 5299 Τῶν
3092 5246 3189 5298 ετιί
3249 5246 3358 5299 τὸν
3409 5247 3634 5314 Κύριον

363 5330 845 5386 ἀποκτεινάντων
882 5329 1150 5398 Ἰησοῦν,
1180 5328 1279 5383 καί
1323 5329 1464 5395 τοὺς
1497 5329 1683 5397 ἰδίους
1716 5333 2042 5408 προφήτας,
2073 5339 2173 5391 καί
2202 5338 2360 5409 ἡμᾶς
2413 5338 2846 5405 ἐκδιωξάντων,
2903 5339 3001 5392 καί
3032 5339 3154 5404 Θεῷ
3200 5339 3287 5408 μὴ
3347 5340 3632 5407 ἀρεσκόν-

573 5465 708 5544 βεε.
743 5467 940 5544 tertius
969 5463 1457 5544 ὶὶυχνίαςπίθησιν.
1543 5535 1555 5544 _
1618 5535 1629 5544 ι
1829 5537 1841 5544 _
1889 5539 1899 5544 _

2115 5473 2230 5542 (51)
2258 5471 2391 5544 Bog.
2432 5474 2630 5527 tertius
2659 5473 3026 5544 ἐπιμενόντων
3068 5472 3124 5526 δὲ
3168 5473 3345 5527 αὐτῶν
3393 5471 3626 5544 ἡμέρας.

433 5534 544 5612 (29)
574 5534 707 5607 Reg.
744 5537 946 5591 tertius
976 5534 1343 5606 δικαιοσύνην,
1379 5534 1497 5587 τότε
1531 5535 1755 5606 ἀφίησιν
1783 5537 1943 5591 αὐτὸν

2079 5534 2242 5596 ιιιίιίιίι
2277 5534 2409 5612 Ηιῖς.
2446 5544 2657 5612 primus
2686 5534 2781 5596 τοῦ
2803 5543 3036 5597 Παύλου.

366 5605 677 5688 ἀπέλειξε
1133 5676 1215 5688 -_
1279 5605 1292 5688 ζ
1655 5605 1661 5606 ί

2079 5683 2090 5688 _
2115 5613 2235 5688 (δῇ
2258 5605 2392 5688 Regi.
2416 5605 2614 5688 tertius
2635 5615 2729 5666 τοῦ
2754 5613 2957 5688 Κυρίου
2977 5614 3131 5686 ἡμῶν
3162 5614 3335 5688 Ἰησοῦ
3359 5610 3621 5687 Χριστοῦ.

366 5675 820 5801 “(figi-traque
849 5677 1022 5734 editio
1052 5676 1245 5736 παθεῖν
1273 5676 1395 5730 ὑπό.
1428 5674 1574 5734 Libri
1602 5685 1810 5734 veteres
1841 5695 1940 5732 πα.-

2079 5674 2163 5739 on
2200 5674 2418 5755 Regii,
2446 5685 2648 5755 Κυρίου
2677 5674 2926 5752 γινέσθω.

399 5763 473 5801 ειν
501 5763 630 5804 am.
