3982 6240
390 301 494 358 753

1717 301 1775 359 S.
1813 299 2058 357 BASILII
2096 300 2323 358 MAGNI‘

3549 309 3652 370 ’136

389 440 524 488 των,
556 420 654 474 καὶ
689 419 882 475 πᾶσιν
906 419 1242 488 ἀνθρώποις
1285 419 1594 484 ἐναντίων,
1626 423 1987 475 κωλυόντων
2024 417 2181 488 ἡμᾶς
2237 420 2364 486 τοῖς
2409 420 2611 476 ἔθνεσι
2654 419 2941 489 λαλῆσαι,
2979 424 3082 477 ἵνα
3128 425 3427 490 σωθῶσιν,
3468 430 3558 495 εις
3581 429 3651 486 τὸ

383 510 816 581 ἀναπληρῶσαι
843 511 1042 565 αὐτῶν
1073 513 1179 577 τὰς
1209 509 1499 580 ἁμαρτίας
1531 508 1813 564 πάντοτε·
1853 510 2082 580 ἔφθασε
2111 509 2180 563 δὲ
2210 509 2303 563 ἐπ’
2337 509 2559 577 αὐτοὺς
2585 510 2625 579 ή
2667 511 2813 581 ὀργὴ
2841 514 2928 578 εἰς
2959 513 3153 580 τέλος.

383 627 540 697 Quod
569 627 614 684 is
649 628 742 698 qui
767 626 985 682 conﬁcit
1019 625 1111 682 Dei
1141 628 1458 682 mandatum
1487 629 1672 682 animo
1703 644 1813 685 non
1845 630 1950 683 sin-

2073 626 2189 679 Ὅτι
2246 625 2340 678 τὸν
2372 625 2627 680 ποιοῦντα
2680 627 2898 699 ἐντολὴν
2944 627 3080 682 Θεοῦ
3136 626 3210 700 μὴ
3242 631 3307 684 ἐκ
3355 631 3644 700 διαθέσεως

453 735 604 785 cero,
629 727 683 775 et
711 729 893 774 tamen
928 720 983 774 in
1019 720 1257 790 speciem
1295 721 1666 776 sinceritatem
1697 721 1962 778 doctrinae

453 809 674 866 Domini
709 819 912 877 servat,
947 828 1058 868 non
1101 813 1475 883 prohibendus
1509 821 1634 882 est;
1669 822 1958 885 propterea

451 903 600 973 quod
638 911 905 973 quantum
943 919 1038 973 per
1068 920 1182 959 rem
1227 906 1400 975 ipsam
1439 906 1588 970 licet,
1619 923 1781 962 nemo
1808 907 1962 961 lazdi-

453 1003 582 1050 tur:
613 997 722 1050 imo
751 1012 878 1050 vero
907 997 1076 1064 aliqui
1111 997 1384 1052 interdum
1417 1000 1485 1054 ab
1512 1001 1631 1069 ipso
1658 1000 1957 1068 jnvantur;

457 1086 837 1142 admonendus
865 1096 1048 1142 tamen
1075 1096 1180 1153 est,
1215 1097 1276 1142 ut
1310 1096 1547 1146 mentem
1581 1091 1779 1146 habeat
1811 1099 1960 1146 recte

451 1177 613 1233 faelis
645 1179 887 1250 dignam.

1019 1297 1191 1366 Caput
1234 1297 1320 1351 11.

451 1381 587 1439 Cum
633 1401 753 1455 ergo
797 1387 931 1455 facis
981 1387 1384 1458 eleemosynam,
1431 1389 1541 1442 noli
1593 1389 1717 1442 tuba
1773 1405 1959 1443 canere

378 1482 503 1529 ante
542 1483 613 1538 te,
658 1476 793 1529 sicut
839 1476 1124 1546 hypocrita:
1164 1479 1366 1548 faciunt
1395 1480 1448 1532 in
1482 1482 1794 1550 synagogis,
1824 1491 1874 1534 et
1903 1483 1958 1536 in

378 1566 528 1627 vicis,
543 1575 600 1618 ut
617 1566 1029 1635 honoriﬁcentur
1051 1570 1114 1622 ab
1133 1569 1455 1625 hominibus.
1474 1572 1641 1626 Amen
1653 1573 1768 1626 dico
1786 1573 1952 1639 vobis,

377 1657 638 1727 recipiunt
655 1658 940 1714 mercedem
963 1662 1216 1716 suam.Te
1232 1672 1408 1716 autem
1425 1663 1620 1732 facient
1641 1665 1956 1737 eeleemosy-

2138 718 2345 786 ὑγιοῦς,
2392 720 2532 775 κατά
2555 737 2618 789 γε
2660 721 2766 792 μὴν
2811 723 2871 774 τὸ
2897 723 3220 792 φαινόμενον
3265 722 3510 788 σώζοντα
3548 728 3645 798 τὴν

2137 808 2422 880 ἀκρίϐειαν
2454 811 2555 880 τῆς
2611 811 2706 863 τοῦ
2748 813 2953 883 Κυρίου
3011 812 3380 878 διδασκαλίας,
3416 815 3644 873 κωλύειν

2138 903 2236 973 μὲν
2276 903 2334 956 οὐ
2369 901 2473 974 χρὴ
2515 903 2604 956 διὰ
2632 903 2692 956 τὸ
2724 904 2846 957 ὅσον
2876 905 2968 958 ἐπὶ
2996 904 3075 975 τῷ
3109 905 3393 977 πράγματι
3441 908 3646 979 μηδένα

2137 992 2488 1062 βλάπτεσθαι,
2513 995 2684 1047 ἐνίοτε
2721 995 2777 1048 δὲ
2799 997 2894 1048 καὶ
2922 996 3246 1066 ὠφελεῖσθαί
3271 1016 3427 1062 τινας
3459 1001 3518 1066 ἐξ
3550 1002 3646 1055 αὑ-

2132 1084 2227 1136 τοῦ
2253 1101 2266 1115 ο
2298 1089 2584 1154 παραινεῖν
2621 1085 2678 1138 δὲ
2713 1088 2859 1159 αὐτῷ
2892 1087 3047 1155 ἀξίαν
3088 1089 3181 1142 τοῦ
3220 1090 3643 1163 κατορθώματος

2133 1175 2279 1246 ἔχειν
2304 1178 2402 1249 τὴν
2429 1178 2687 1232 διάνοιαν.

2679 1291 2906 1360 Κεφάλ.
2933 1290 3014 1348 B'.

2136 1380 2510 1437 ΜΑΤΘΑΙΟΣ.
2545 1384 2722 1438 Ὅταν
2751 1381 2864 1439 οὖν
2885 1383 3065 1453 ποιῇς
3091 1385 3531 1456 ἐλεημοσύνην,
3554 1389 3638 1462 μὴ

2059 1474 2374 1542 σαλπίσῃς
2423 1476 2766 1544 ἔμπροσθέν
2813 1492 2949 1543 σου,
3000 1476 3202 1546 ὥσπερ
3246 1481 3300 1533 οἱ
3330 1481 3641 1549 ὑποκριταὶ

2058 1563 2344 1617 ποιοῦσιν
2375 1564 2445 1618 ἐν
2497 1565 2628 1631 ταῖς
2657 1566 3054 1636 συναγωγαῖς,
3108 1570 3205 1622 καὶ
3245 1571 3315 1623 ἐν
3364 1571 3497 1638 ταῖς
3535 1574 3641 1641 ρύ-

2054 1672 2216 1724 μαις,
2247 1656 2406 1723 ὅπως
2444 1656 2829 1722 δοξασθῶσιν
2847 1658 2968 1714 ὑπὸ
3000 1658 3121 1714 τῶν
3162 1661 3509 1731 ἀνθρώπων.
3556 1667 3644 1720 Ἀ-

376 1765 525 1814 nam,
558 1751 760 1805 nesciat
787 1752 1009 1806 sinistra
1031 1762 1124 1807 tua
1153 1754 1281 1826 quid
1311 1756 1478 1825 faciat
1512 1757 1733 1812 dextera
1759 1767 1872 1822 tua,
1893 1767 1950 1812 ut

2073 1748 2176 1816 ιὴν
2203 1748 2358 1820 λέγω
2383 1749 2546 1818 ὑμῖν,
2577 1749 2876 1819 ἀπέχουσι
2900 1750 3006 1804 τὸν
3024 1753 3246 1822 μισθὸν
3269 1753 3490 1808 αὐτῶν.
3523 1757 3640 1811 Σοῦ

375 1844 449 1899 sit
475 1843 803 1915 eleemosyna
827 1853 919 1900 tua
947 1846 1004 1900 in
1038 1847 1382 1912 abscondito;
1406 1857 1454 1902 et
1480 1848 1645 1904 Pater
1673 1861 1816 1914 tuus,
1850 1853 1942 1920 qui

374 1936 515 1991 videt
565 1937 621 1991 in
678 1937 1019 2003 abscondito,
1077 1940 1188 2008 ipse
1244 1941 1421 1996 reddet
1471 1942 1624 1996 tibiin
1663 1944 1948 2012 propatulo

375 2027 596 2098 (Matth.
621 2046 698 2094 γι,
723 2030 865 2101 2-4).
909 2030 974 2085 Et
1001 2031 1068 2086 de
1098 2033 1414 2103 precatione
1460 2034 1779 2091 similiter...
1816 2035 1950 2092 Res-

372 2121 559 2189 pondit
589 2133 763 2176 autem
794 2125 842 2178 ei
869 2122 1107 2178 Joannes
1134 2125 1312 2179 dicens
1361 2141 1380 2180 :
1412 2125 1691 2197 Magister,
1722 2127 1948 2183 vidimus

373 2211 536 2282 252
567 2213 846 2284 quemdam
885 2216 941 2269 in
977 2219 1188 2271 nomine
1221 2227 1308 2271 tuo
1337 2218 1631 2288 ejicientem
1659 2219 1946 2287 daemonia,

372 2302 466 2370 qui
510 2319 616 2357 non
659 2306 896 2376 sequitur
923 2323 1040 2374 nos,
1069 2315 1120 2362 et
1148 2308 1535 2377 prohibuimus,
1578 2313 1705 2380 quia
1740 2328 1844 2366 non
1875 2330 1953 2368 se-

371 2394 553 2464 quitur
599 2411 714 2452 nos.
769 2396 929 2453 Jesus
995 2409 1174 2454 autem
1225 2403 1300 2455 ait
1354 2417 1374 2456 :
1441 2401 1622 2458 Nolite
1676 2405 1953 2472 prohibere

371 2500 492 2539 eum
523 2501 542 2539 :
575 2503 726 2542 nemo
766 2498 845 2544 est
881 2492 1019 2545 enim
1050 2494 1141 2562 qui
1177 2493 1342 2562 faciat
1366 2495 1611 2549 virtutem
1651 2497 1706 2550 in
1743 2499 1953 2552 nomine

374 2593 510 2647 meo,
545 2589 594 2634 et
621 2581 788 2650 possit
825 2583 930 2638 cito
955 2584 1094 2639 male
1135 2585 1280 2654 loqui
1319 2585 1382 2640 de
1407 2604 1505 2643 me.
1539 2587 1644 2654 Qui
1671 2591 1809 2644 enim
1845 2606 1952 2644 non

371 2677 451 2722 est
512 2669 788 2726 adversum
842 2690 957 2740 nos,
1015 2692 1112 2746 pro
1169 2676 1319 2730 nobis
1356 2687 1435 2732 est
1488 2678 1684 2746 (Marc.
1725 2696 1800 2743 Ix,
1842 2681 1953 2736 57-

371 2760 535 2831 40)...
567 2762 804 2829 Quidam
825 2767 1035 2835 quidem
1053 2776 1101 2821 et
1117 2780 1331 2838 propter
1357 2771 1634 2837 invidiam,
1653 2781 1703 2826 et
1733 2783 1950 2827 contest-

375 2853 592 2919 tionem,
623 2857 840 2926 quidam
869 2870 1044 2913 autent
1070 2868 1120 2913 et
1145 2871 1358 2930 propter
1385 2862 1580 2916 bonam
1625 2864 1950 2919 voluntatem

379 2943 652 3000 Christum
677 2947 969 3016 prtedicant
999 2967 1019 3005 :
1053 2952 1268 3021 quidam
1308 2969 1371 3007 ex
1409 2954 1688 3021 charitate,
1729 2957 1949 3011 scientes

2052 1841 2120 1893 δὲ
2143 1841 2460 1908 ποιοῦντος
2485 1842 2926 1911 ἐλεημοσύνην,
2953 1842 3040 1912 μὴ
3065 1843 3264 1912 γνώτω
3291 1847 3330 1914 ἡ
3359 1847 3643 1918 ἀριστερά

2049 1946 2166 1985 σου
2195 1932 2252 1984 τί
2283 1932 2444 1986 ποιεῖ
2463 1934 2501 2002 ἠ
2531 1931 2701 1997 δεξιά
2732 1947 2848 1986 σου
2871 1947 2888 1963 ο
2919 1932 3078 2000 ὅπως
3113 1929 3159 2005 ᾖ
3180 1949 3296 1990 σου
3329 1937 3368 2005 ὴ
3400 1938 3643 2009 ἐλεημο-

2049 2025 2209 2093 σύνη
2243 2025 2314 2078 ἑν
2344 2023 2423 2090 τῷ
2449 2023 2725 2091 κρυπτῷ*
2761 2023 2858 2077 καί
2887 2026 2920 2077 ό
2949 2025 3152 2094 Πατήρ
3175 2042 3314 2093 σου,
3344 2029 3642 2094 ὀβλέῖιων

2048 2117 2119 2171 ἐν
2155 2115 2236 2182 τῷ
2267 2116 2534 2185 κρυπτῷ,
2585 2116 2890 2172 ἀποδώσει
2934 2137 3033 2173 σοι
3075 2120 3261 2186 αὐτὸς
3289 2121 3403 2192 (53)
3461 2123 3535 2176 ὲν
3562 2119 3643 2189 τῷ

2050 2208 2309 2280 φανερῷ.
2357 2209 2470 2264 Καὶ
2528 2212 2656 2283 περὶ
2703 2212 3012 2284 προσευχῆς
3050 2212 3271 2283 ὁμοίως.
3330 2213 3637 2269 ΜΑΡΚΟΣ.

2063 2302 2370 2370 Ἀπεκρίθη
2403 2301 2472 2355 δὲ
2497 2302 2658 2368 αὐτῷ
2693 2306 2726 2357 ὁ
2762 2303 3044 2371 Ἰωάννης
3091 2304 3317 2374 λέγων·
3349 2303 3640 2360 Διδάσκα-

2048 2397 2140 2457 λε,
2168 2393 2410 2463 εἵδομέν
2438 2411 2573 2448 τινα
2599 2395 2669 2448 ἐν
2697 2393 2779 2459 τῷ
2817 2396 3063 2465 ὀνόματί
3107 2411 3224 2450 σου
3257 2396 3639 2452 ἐκϐάλλοντα

2050 2484 2346 2555 δαιμόνια,
2375 2485 2442 2551 ὃς
2473 2487 2586 2539 οὐκ
2621 2486 2943 2541 ἀκολουθεῖ
2967 2487 3098 2556 μεθ’
3132 2487 3321 2557 ἡμῶν,
3363 2488 3462 2542 καὶ
3493 2488 3636 2542 ἐκω-

2048 2579 2346 2647 λύσαμεν,
2383 2576 2473 2630 ὅτι
2511 2578 2624 2630 οὐκ
2655 2577 2979 2633 ἀκολουθεῖ
3011 2579 3174 2648 ἡμῖν.
3208 2580 3271 2632 '0
3298 2579 3366 2633 δὲ
3409 2581 3637 2649 Ἰησοῦς

2050 2665 2182 2724 εἷπε
2201 2685 2215 2699 ·
2248 2669 2346 2737 Μὴ
2394 2670 2655 2723 κωλύετε
2685 2671 2904 2724 αὐτόν’
2961 2671 3162 2738 οὐδεὶς
3191 2671 3299 2742 γάρ
3345 2671 3540 2736 ἐστιν,
3568 2671 3638 2741 ὃς

2051 2761 2289 2829 ποιήσει
2335 2761 2592 2831 δύναμιν
2615 2763 2715 2816 ἐπὶ
2759 2763 2839 2830 τῷ
2883 2765 3132 2835 ὀνόματί
3153 2783 3296 2835 μου,
3324 2766 3422 2820 καὶ
3447 2764 3635 2834 δυνή-

2051 2868 2223 2908 σεται
2271 2853 2424 2923 ταχὺ
2477 2853 2892 2924 κακολογῆσαί
2926 2875 3023 2926 με.
3079 2860 3176 2924 Ὃς
3201 2858 3312 2927 γὰρ
3345 2861 3458 2914 οὐκ
3504 2860 3634 2914 ἔστι

2052 2949 2182 3003 καθ’
2210 2946 2398 3016 ἡμῶν,
2435 2945 2589 3016 ὑπὲρ
2625 2947 2796 3018 ἡμῶν
2837 2948 2987 3003 ἐστι.
3019 2950 3198 3003 ΠΡΟΣ
3228 2951 3438 3004 ΦΙΛΙΠ.
3471 2951 3633 3018 Τινὲς

373 3038 513 3108 quod
542 3039 599 3093 in
621 3040 977 3110 defensionem
1007 3042 1284 3115 Evangelii
1303 3047 1508 3115 positus
1539 3065 1654 3102 sum
1680 3065 1700 3113 ;
1730 3049 1948 3120 quidam

2073 3039 2165 3095 ιὲν
2196 3040 2295 3095 καὶ
2326 3040 2426 3094 διὰ
2453 3043 2682 3111 φθόνον
2721 3043 2817 3097 καὶ
2844 3043 2994 3112 ἔριν,
3019 3045 3182 3111 τινὲς
3203 3043 3273 3098 δὲ
3300 3043 3398 3098 καὶ
3424 3043 3500 3097 δι’
3533 3046 3632 3099 εὑ-

375 3139 552 3185 autem
585 3147 652 3185 ea:
687 3135 1016 3188 contentione
1047 3134 1316 3191 Christum
1356 3141 1672 3194 annuntiant
1699 3157 1803 3195 non
1837 3143 1948 3197 sin-

2073 3133 2263 3187 ioxlar
2289 3133 2398 3188 τὸν
2424 3135 2684 3203 Χριστὸν
2705 3136 3146 3206 κηρύσσουσιν.
3184 3140 3248 3191 Oi
3265 3137 3384 3206 μὲν
3401 3137 3471 3202 ἐξ
3493 3136 3634 3208 ἀγόν

374 3236 513 3286 τετε,
557 3224 919 3280 existimantes
969 3243 1026 3280 se
1063 3243 1366 3299 pressuram
1417 3232 1677 3287 suscitare
1723 3233 1945 3288 vinculis

373 3313 525 3366 meis.
566 3313 710 3380 Quid
734 3317 914 3374 enim?
950 3319 1199 3374 Attamen
1232 3323 1375 3376 omni
1407 3323 1581 3389 modo,
1614 3325 1719 3379 sive
1740 3340 1835 3394 per,
1862 3343 1950 3381 oc-

373 3405 660 3472 casionem,
706 3407 813 3461 sive
858 3424 952 3478 per
986 3411 1280 3478 veritatem,
1312 3413 1556 3470 Christus
1574 3419 1946 3483 annuntiatur,

371 3503 443 3642 et8
460 3495 518 3550 in
552 3495 650 3550 hoc
696 3498 917 3569 gaudeo,
963 3501 1053 3557 sed
1087 3512 1138 3559 et
1180 3507 1435 3576 gaudebo.
1477 3505 1732 3579 (Philipp.
1776 3526 1816 3574 l,
1862 3511 1951 3566 15-

373 3589 400 3641 1
447 3589 486 3642 l.

373 3589 486 3657 ιε).

933 3799 1216 3858 REGULA
1259 3803 1382 3863 XX.

375 3884 530 3954 Quod
552 3886 784 3946 Domino
812 3893 1096 3952 credentes
1124 3897 1391 3968 baptizari
1420 3897 1619 3955 debent
1645 3901 1699 3956 in
1732 3903 1952 3961 nomine

611 3979 794 4039 Patris
848 3993 903 4042 et
925 3984 1074 4055 Filii,
1107 3997 1162 4044 et
1203 3986 1444 4061 Spiritus
1472 3993 1669 4048 sancti.

1031 4169 1205 4240 Caput
1245 4171 1297 4230 Ι.

446 4255 643 4313 Euntes
686 4257 866 4315 docete
915 4279 1096 4318 onmes
1137 4275 1350 4335 gentes,
1396 4267 1727 4337 baptizantes
1762 4287 1850 4326 eos
1893 4273 1950 4328 in

370 4351 580 4406 nomine
619 4350 824 4415 Patris,
858 4363 908 4408 et
955 4355 1106 4420 Filii,
1145 4369 1194 4412 et
1234 4356 1468 4426 Spiritus
1512 4365 1684 4417 sancti
1725 4363 1944 4430 (Matth.

2049 3237 2191 3295 11ης,
2236 3226 2480 3293 ειδότες,
2519 3227 2608 3281 ὅτι
2644 3230 2731 3295 είς
2771 3229 3106 3298 ἀπολογίαν
3136 3229 3242 3284 τοῦ
3265 3231 3634 3300 Εὑαγγελίου

2051 3317 2272 3388 κεῖμαι·
2316 3323 2370 3374 οἱ
2409 3318 2478 3372 δὲ
2511 3319 2580 3385 ἐξ
2612 3320 2863 3389 ἐριθείας
2899 3320 3160 3390 Χριστὸν
3197 3324 3636 3393 namq-relicuo

2051 3425 2175 3476 σιν,
2211 3413 2324 3481 οὐχ
2361 3411 2579 3483 ἁγνῶς,
2617 3413 2875 3482 οἰόμενοι
2914 3414 3130 3482 θλίψιν
3173 3413 3477 3483 ἐπιφέρειν
3511 3414 3636 3482 τοῖς

2052 3502 2290 3573 δεσμοῖς
2327 3522 2470 3574 μου.
2534 3506 2594 3558 Τί
2623 3505 2769 3574 γάρ;
2815 3504 2990 3575 Πλὴν
3029 3506 3208 3560 παντὶ
3257 3508 3480 3575 τρόπῳ,
3515 3507 3636 3562 εἴτε

2054 3596 2375 3666 προφάσει,
2413 3596 2532 3650 εἴτε
2561 3597 2830 3665 ἀληθείᾳ,
2863 3596 3118 3666 Χριστὸς
3147 3597 3632 3667 καταγγέλλεται,

2051 3688 2151 3744 καὶ
2171 3688 2244 3743 ἐν
2266 3690 2453 3753 τούτῳ
2477 3688 2681 3758 χαίρω,
2711 3687 2873 3742 ἀλλὰ
2900 3688 2998 3742 καὶ
3021 3687 3382 3757 χαρήσομαι.

2704 3803 2876 3857 ΟΡΟΣ
2909 3804 2996 3856 Κ’.

2055 3895 2180 3948 Ὀτι
2214 3895 2294 3948 δεῖ
2338 3895 2463 3958 τοὺς
2516 3894 2872 3958 πιστεύοντας
2918 3893 2997 3966 τῷ
3042 3895 3233 3967 Κυρίῳ
3280 3894 3632 3966 βαπτίζεσθαι

2123 3989 2204 4050 εἰς
2230 3986 2294 4038 τὸ
2335 3985 2506 4057 ὄνομα
2547 3985 2642 4040 τοῦ
2682 3986 2916 4058 Πατρδς,
2951 3988 3045 4041 καὶ
3077 3987 3170 4040 τοῦ
3213 3986 3365 4052 Υἱοῦ,
3404 3987 3500 4042 καὶ
3540 3985 3632 4042 τοῦ

2123 4078 2281 4148 ἁγίου
2305 4077 2641 4150 Πνεὺματος.

2682 4169 2910 4242 Κεφάλ.
2941 4169 3022 4227 A'.

2123 4259 2490 4314 ΜΑΤΘΑΙΟΣ.
2538 4263 2953 4330 Πορευθέντες,
2995 4262 3408 4332 μαθητεύσατε
3439 4262 3634 4318 πάντα

2051 4352 2125 4404 τὰ
2163 4352 2328 4420 ἔθνη,
2370 4353 2768 4420 βαπτίζοντες
2815 4353 3036 4421 αὐτοὺς
3065 4357 3153 4421 είς
3196 4352 3262 4408 τὸ
3299 4355 3490 4425 ὄνομα
3527 4355 3632 4410 τοῦ

371 4456 567 4511 nrt",
612 4443 772 4516 I9)...
805 4447 990 4511 Amen,
1024 4466 1177 4505 amen
1205 4452 1324 4505 dico
1358 4453 1474 4515 tibi,
1513 4455 1618 4508 nisi
1650 4457 1766 4525 quis
1791 4467 1947 4511 natus

2073 4441 2306 4509 Ἰατρὸς,
2335 4442 2434 4496 καὶ
2464 4443 2568 4497 τοῦ
2606 4443 2762 4507 Υίοῦ,
2809 4445 2906 4498 καὶ
2942 4444 3047 4500 τοῦ
3066 4445 3240 4514 ἁγίου
3264 4448 3628 4517 Πνεὺματος.

370 4533 532 4599 fuerit
576 4534 768 4598 denuo,
800 4555 904 4592 non
930 4549 1100 4608 potest
1137 4541 1311 4598 videre
1356 4560 1575 4615 regnum
1617 4547 1715 4601 Dei
1758 4546 1943 4618 (Joan.

368 4642 454 4691 ιιι,
635 4628 700 4683 Ει
740 4645 932 4688 rursus
961 4652 976 4687 :
1008 4632 1194 4703 Amen,
1230 4653 1381 4691 amen
1404 4638 1521 4692 dico
1554 4640 1668 4701 tibi,
1699 4641 1802 4694 nisi
1830 4643 1949 4711 quis

368 4731 528 4775 natus
571 4721 733 4790 fuerit
767 4739 832 4777 ex
863 4741 1002 4794 aqua
1041 4737 1092 4780 et
1129 4725 1354 4798 Spiritu,
1398 4749 1500 4786 non
1531 4742 1701 4801 potest
1727 4735 1951 4790 introire

369 4813 424 4866 in
459 4830 672 4886 regnum
708 4815 805 4871 Dei
834 4818 985 4887 (ibid.
1018 4819 1093 4890 5).

369 5010 501 5081 Quae
534 5019 605 5073 sit
637 5021 775 5075 ratio
802 5034 896 5077 aut
920 5025 1004 5080 vis
1035 5026 1423 5098 baptismatis?
1443 5028 1646 5102 Nempe
1683 5043 1742 5088 ut
1772 5034 1947 5104 bapti-

442 5116 597 5166 zatus
632 5123 684 5167 et
730 5126 909 5171 mente
947 5127 1000 5173 et
1047 5135 1301 5175 sermone
1338 5133 1393 5177 et
1433 5124 1651 5180 actione
1679 5136 1940 5194 mutetur,

444 5208 608 5271 atque
631 5219 727 5274 per
751 5208 1010 5265 virtutem
1039 5210 1143 5266 sibi
1171 5211 1357 5266 datam
1389 5214 1481 5268 tiat
1515 5215 1772 5287 idipsum,
1798 5219 1942 5291 quod

440 5298 524 5346 est
556 5294 688 5350 illud
717 5311 784 5351 ex
819 5314 928 5369 quo
956 5312 1122 5359 natus
1150 5314 1253 5360 est.
1657 5305 1659 5308 ⁴

1005 5455 1178 5528 Caput
1220 5458 1305 5517 Π.

441 5538 597 5607 Quod
633 5554 818 5600 natum
855 5557 935 5603 est
973 5565 1040 5605 ex
1068 5569 1247 5619 carne,
1276 5571 1401 5610 caro
1433 5565 1512 5612 est
1544 5572 1562 5611 :
1590 5565 1640 5611 et
1674 5558 1814 5628 quod
1850 5575 1946 5614 na-

397 5662 561 5752 Ζιβόξ
590 5663 952 5752 Ωοῳδε-ίὶείυε
1007 5674 1133 5752 εἰιήΔ
1168 5676 1348 5752 legere
1375 5680 1556 5752 Avisus
1596 5680 1677 5752 in
1707 5687 1942 5752 utroque

375 5731 514 5792 ὕδιό
543 5731 643 5794 Suo
671 5739 935 5798 ἀποδώσει
970 5761 1046 5798 σοι
1076 5731 1390 5810 αὕτόςυίεεᾱ
1419 5731 1945 5822 ιόἶαῦὲὶςςῖὲρἒῖίῖ

2047 4534 2372 4591 ιΩΑΝΝΗΣ.
2411 4535 2587 4605 Ἀμὴν
2631 4535 2795 4605 ἀμὴν
2828 4537 2982 4608 λέγω
3009 4554 3127 4605 σοι,
3153 4540 3259 4592 ἐὰν
3276 4537 3360 4608 μή
3385 4557 3477 4605 τις
3504 4555 3632 4609 γεν-

2049 4626 2205 4697 νηθῇ
2237 4627 2486 4693 ἄνωθεν,
2531 4631 2602 4683 οὐ
2635 4629 2882 4685 δύναται
2941 4630 3089 4685 ἰδεῖν
3142 4631 3258 4699 τὴν
3293 4632 3632 4710 βασιλείαν

2049 4719 2156 4773 τοῦ
2185 4719 2330 4774 Θεοῦ
2350 4736 2365 4749 ο
2401 4720 2496 4773 καὶ
2521 4719 2682 4772 πάλιν
2702 4737 2715 4750 ·
2754 4721 2930 4790 Ἀμὴν
2951 4721 3113 4791 ἀμὴν
3137 4721 3291 4792 λέγω
3311 4739 3415 4777 σοι
3438 4741 3453 4755 ο
3499 4725 3632 4778 Ἐὰν

2047 4809 2132 4881 μή
2159 4829 2248 4877 τις
2277 4811 2541 4880 γεννηθῇ
2569 4812 2638 4876 ἐξ
2676 4812 2893 4879 ὕδατος
2920 4814 3017 4869 καὶ
3046 4816 3408 4884 Πνεύματος,
3433 4817 3505 4869 οὐ
3532 4815 3631 4870 δύ-

2051 4919 2224 4956 ναται
2245 4904 2543 4958 εἰσελθεῖν
2563 4906 2650 4970 είς
2679 4903 2794 4973 τὴν
2811 4905 3138 4968 ,βασιλείαν
3173 4905 3279 4960 τοῦ
3305 4905 3474 4961 Θεοῦ.

2045 5017 2142 5083 Τίς
2184 5021 2213 5072 ὁ
2257 5017 2416 5086 λόγος
2446 5019 2479 5090 ἢ
2505 5021 2538 5090 ἡ
2567 5019 2794 5091 δύναμις
2841 5017 2946 5074 τοῦ
2984 5020 3392 5093 βαπτίσματοςς
3437 5022 3511 5077 Τὸ
3539 5024 3631 5078 ἀλ-

2115 5109 2402 5181 λοιωθῆναι
2449 5111 2540 5164 τὸν
2587 5110 2982 5184 βαπτιζόμενον
3033 5115 3175 5168 κατά
3219 5132 3280 5167 τε
3335 5115 3493 5183 νοῦν,
3537 5117 3630 5170 καὶ

2116 5200 2305 5270 λόγον,
2352 5202 2449 5256 καὶ
2503 5202 2735 5275 πρᾶξιν,
2792 5205 2886 5258 καὶ
2935 5205 3186 5274 γενέσθαι
3249 5209 3426 5260 ἐκεῖνο
3487 5210 3631 5262 κατὰ

2117 5293 2218 5364 τὴν
2263 5293 2511 5349 δοθεῖσαν
2538 5295 2790 5366 δύναμιν,
2825 5297 2962 5368 ὅπερ
3005 5299 3122 5351 ἐστὶ
3165 5299 3225 5352 τὸ
3253 5298 3312 5365 ἐξ
3361 5292 3424 5353 οὗ
3475 5301 3628 5370 ἐγεν-

2123 5377 2280 5450 νήθη.

2658 5474 2882 5544 Κεφάλ.
2929 5479 3010 5531 B’.

2123 5563 2446 5622 ιΩΑΝΝΗΣ.
2507 5564 2578 5619 Τὸ
2629 5567 3064 5636 γεγεννημένον
3104 5568 3173 5622 ὲκ
3235 5567 3348 5638 τῆς
3398 5569 3630 5641 σαρκὸς

2049 5692 2143 5764 tur
2168 5685 2434 5764 duntaxat
2465 5689 2520 5741 in
2547 5685 2850 5764 Mazaripo.
2883 5689 3038 5747 deest
3070 5705 3201 5748 vero
3222 5690 3280 5748 in
3308 5689 3484 5764 Regio
3506 5706 3619 5763 per-

2050 5755 2180 5812 inde
2207 5766 2264 5812 ut
2297 5759 2612 5829 in'utraque
2634 5759 2892 5816 editione.
