3982 6240
390 294 491 351 1'39

1698 290 1756 346 S.
1798 287 2048 344 BASlLll
2088 287 2301 343 MAGNI

3538 282 3645 337 740

385 407 541 477 Quod
575 408 667 479 qni
702 409 913 465 accedit
953 409 1021 464 ad
1056 408 1519 469 communionem,
1559 424 1668 463 non
1711 408 1947 463 conside-

2072 406 2196 458 Ὅτι
2235 404 2386 459 οὐδὲν
2425 403 2712 473 ὠφελεῖται
2755 404 2783 456 ὁ
2827 402 2955 457 ἄνευ
2986 400 3083 472 τῆς
3129 398 3507 470 κατανοήσεως
3550 398 3645 454 τοῦ

455 508 575 555 rata
619 500 725 555 hac
763 500 1011 565 ratione,
1053 501 1357 558 secundum
1402 515 1567 570 quam
1622 501 1872 571 corporis
1907 505 1964 555 et

453 590 740 661 sanguinis
762 590 963 646 Christi
995 591 1340 661 participatio
1372 592 1556 656 datur,
1591 591 1637 645 is
1669 591 1874 645 nullam
1893 606 1962 645 ex

453 697 519 736 ea
559 684 853 737 utilitatem
882 684 1063 753 capiat
1105 702 1118 738 :
1160 695 1214 738 et
1242 682 1385 754 quod
1417 684 1513 755 qui
1542 683 1770 755 indigne
1801 699 1963 741 assu-

455 774 576 840 mit,
603 775 1004 832 condemnatus
1042 776 1137 832 sit.

1009 909 1180 980 Caput
1232 909 1318 964 II.

453 1023 639 1092 Amen,
676 1042 827 1081 amen
873 1025 991 1081 dico
1038 1026 1201 1093 vobis,
1237 1024 1343 1079 nisi
1375 1024 1818 1099 manducaueritis
1846 1039 1961 1079 car-

382 1130 501 1170 nem
536 1112 670 1168 Filii
712 1115 962 1180 hominis,
995 1123 1044 1169 et
1075 1115 1313 1169 biberitis
1344 1115 1457 1184 ejus
1485 1115 1816 1184 sanguinem,
1853 1130 1957 1168 non

381 1205 585 1262 habetis
623 1208 785 1262 vitam
824 1208 881 1262 in
927 1207 1069 1263 uobis
1102 1207 1284 1279 (Joan.
1328 1223 1400 1273 νι,
1440 1205 1553 1274 55).
1582 1205 1648 1260 Et
1681 1205 1843 1277 paulo
1872 1206 1958 1260 in-

384 1298 558 1354 ferius
594 1318 605 1353 :
649 1298 832 1354 Sciens
863 1308 1037 1355 autem
1069 1298 1226 1353 Iesus
1257 1299 1396 1368 apud
1430 1298 1785 1366 semetipsum,
1815 1296 1956 1368 quod

385 1397 783 1442 murmurarent
821 1389 885 1442 de
915 1390 1012 1441 hoc
1051 1390 1300 1457 discipuli
1334 1388 1471 1459 ejus,
1501 1388 1639 1442 dixit
1676 1386 1751 1442 eis
1785 1405 1803 1442 :
1840 1386 1954 1443 Hoc

381 1494 472 1534 uos
506 1479 882 1536 scandalizat?
907 1479 967 1535 Si
995 1497 1119 1551 ergo
1158 1481 1393 1536 uideritis
1421 1472 1627 1534 Filium
1667 1477 1954 1534 ascenden-

382 1576 485 1622 tem
526 1568 617 1622 ubi
660 1578 775 1623 erat
812 1571 1006 1639 prius?
1046 1569 1186 1626 Caro
1219 1588 1323 1626 non
1354 1569 1566 1639 prodest
1611 1571 1900 1641 quidquam
1933 1585 1952 1622 :

380 1658 602 1728 spiritus
649 1666 728 1712 est
783 1661 875 1729 qui
929 1660 1182 1730 viviﬁcat.
1228 1659 1401 1715 Verba
1445 1676 1562 1731 qua?
1608 1674 1699 1731 ego
1744 1661 1950 1714 locutus

2143 496 2324 564 λόγου,
2343 496 2463 548 καθ’
2480 496 2539 549 ὃν
2560 496 2758 549 δίδοται
2774 493 2884 566 (59)
2904 495 2938 564 ἠ
2963 491 3260 563 μετάληψις
3274 490 3366 545 τοῦ
3397 489 3647 561 σώματος

2138 588 2233 641 καὶ
2289 586 2381 639 τοῦ
2441 587 2671 659 αἵματος
2725 585 2820 641 τοῦ
2878 582 3114 657 Χριστοῦ
3137 624 3152 649 ,
3212 581 3648 655 προσερχόμενος

2136 681 2203 749 τῇ
2246 680 2529 752 κοινωνίᾳ·
2581 682 2610 734 ὁ
2636 680 2693 733 δὲ
2732 678 2971 747 ἀναξίως
3003 676 3435 750 μεταλαμϐάνων
3477 691 3645 728 κατα·

2138 768 2413 841 κέκριται.

2666 899 2893 969 Κεφάλ.
2961 901 3044 953 B'.

2133 1005 2456 1060 ΙΩΑΝΝΗΣ.
2529 1005 2725 1076 Ἀμὴν,
2766 1006 2931 1078 ἀμὴν
2974 1007 3131 1077 λέγω
3186 1004 3347 1076 ὑμῖν,
3396 1005 3504 1059 ἐὰν
3554 1003 3639 1073 μὴ

2064 1098 2291 1167 φάγητε
2319 1099 2434 1168 τὴν
2464 1098 2661 1167 σάρκα
2703 1100 2809 1155 τοῦ
2846 1100 2981 1155 Υὶοῦ
3024 1099 3132 1154 τοῦ
3164 1097 3499 1167 ἀνθρώπου,
3543 1097 3640 1150 καὶ

2067 1193 2244 1260 πίητε
2265 1192 2377 1263 (40)
2401 1193 2587 1248 αὑτοῦ
2609 1193 2675 1248 τὸ
2697 1190 2859 1264 alga,
2891 1196 3003 1248 οὐκ
3047 1194 3215 1263 ἔχετε
3236 1191 3387 1260 ζωὴν
3412 1192 3482 1246 ἐν
3501 1193 3636 1245 ἐαυ-

2065 1284 2208 1350 τοῖς.
2228 1286 2339 1339 Καὶ
2361 1288 2477 1357 μετ’
2500 1286 2653 1356 ὀλίγα
2668 1303 2682 1316 ·
2700 1287 2887 1354 Εἰδὼς
2912 1287 2979 1340 δὲ
3009 1289 3042 1341 ό
3080 1284 3315 1354 Ἰησοῦς
3333 1284 3402 1337 ἐν
3424 1282 3635 1348 ἐαυτῷ,

2062 1374 2149 1427 ὅτι
2180 1375 2535 1446 γογγύζουσι
2582 1378 2716 1447 περὶ
2757 1379 2971 1433 τούτου
3019 1380 3074 1432 οἱ
3111 1375 3374 1447 μαθηταὶ
3426 1375 3634 1438 αὑτοῦ»

2059 1467 2228 1521 εἶπεν
2281 1468 2485 1535 αὐτοῖς
2504 1484 2521 1500 ο
2584 1468 2764 1524 Τοῦτο
2818 1470 2974 1540 ὑμᾶς
3025 1464 3439 1534 σκανδαλίζει;
3493 1465 3634 1521 Ἐὰν

2059 1557 2173 1615 οὖν
2198 1562 2451 1633 θεωρῆτε
2476 1562 2583 1617 τὸν
2619 1563 2754 1617 Υίὸν
2775 1562 2883 1617 τοῦ
2905 1561 3218 1631 ἀνθρώπου
3238 1562 3637 1615 ἀναϐαίνοντα

2058 1650 2212 1706 ὅπου
2243 1651 2322 1721 ἦν
2358 1654 2423 1708 τὸ
2469 1656 2759 1723 πρότερον
2775 1668 2796 1719 ;
2838 1655 2911 1709 Ἡ
2942 1654 3099 1724 σὰρξ
3125 1657 3236 1709 οὐκ
3277 1654 3500 1724 ὠφελεῖ
3538 1656 3636 1709 οὐ·

380 1765 500 1802 sum
538 1749 703 1814 vobis,
763 1752 980 1819 spiritus
1032 1761 1082 1806 et
1126 1752 1233 1806 vita
1284 1762 1408 1806 sunt
1459 1751 1606 1823 (ibid.
1657 1750 1744 1816 62,
1787 1751 1947 1813 65)...

2065 1742 2195 1797 δέν·
2228 1743 2295 1799 τὸ
2327 1743 2563 1815 πνεῦμά
2581 1745 2711 1800 ἐστι
2747 1745 2816 1801 τὸ
2842 1744 3181 1807 ζωοποιοῦν.
3219 1746 3297 1800 Τὰ
3321 1744 3560 1815 ῥήματα
3598 1744 3637 1799 d

381 1835 572 1909 Itaque
623 1840 920 1908 quicunque
982 1840 1377 1896 manducauerit
1429 1856 1617 1910 panem
1664 1841 1821 1907 hunc,
1873 1840 1953 1895 uel

379 1929 568 1985 biberit
610 1930 747 1984 hunc
792 1931 1005 1985 Domini
1034 1931 1253 1986 calicem
1298 1931 1532 2002 indigne,
1566 1947 1685 1986 reus
1709 1931 1809 1985 erit
1836 1947 1954 1985 cor-

376 2023 521 2090 poris
569 2032 618 2076 et
658 2026 934 2095 sanguinis
986 2023 1217 2078 Domini.
1271 2024 1469 2078 Probet
1507 2033 1685 2078 autem
1723 2023 1949 2092 seipsum

377 2112 554 2179 homo,
586 2125 638 2169 et
659 2116 735 2169 sic
755 2115 818 2169 de
850 2133 984 2185 pane
1006 2116 1097 2169 illo
1118 2115 1262 2179 edat,
1293 2124 1343 2170 et
1383 2115 1447 2169 de
1467 2115 1631 2169 calice
1658 2114 1754 2169 illo
1780 2113 1948 2168 bibat.

379 2205 487 2272 Qui
530 2206 667 2260 enim
706 2208 993 2261 manducat
1026 2216 1075 2262 et
1118 2207 1245 2260 bibit
1282 2207 1510 2278 indigne,
1536 2205 1806 2276 judicium
1850 2203 1952 2258 sibi

377 2297 666 2352 manducat
707 2308 758 2353 et
807 2298 956 2366 bibit,
1006 2316 1111 2355 non
1154 2298 1456 2369 dijudicans
1506 2313 1696 2367 corpus
1738 2295 1953 2350 Domini

376 2389 435 2462 (1
460 2388 585 2446 Cor.
614 2406 691 2460 ιι,
714 2390 926 2462 27-29).

374 2676 538 2750 254
574 2676 689 2743 Qua
743 2678 955 2732 ratione
1003 2676 1444 2732 manducandum
1492 2676 1565 2732 sit
1597 2692 1799 2747 corpus
1842 2676 1949 2731 Do-

445 2770 603 2834 mini,
630 2778 684 2824 et
718 2771 941 2840 sanguis
969 2769 1260 2834 bibendus,
1283 2771 1336 2825 in
1370 2770 1948 2825 commemorationem

355 2908 368 2924 ,
442 2861 765 2915 obedientite
797 2860 1009 2915 Domini
1052 2875 1223 2931 usque
1266 2861 1334 2915 ad
1361 2870 1613 2923 mortem,
1650 2862 1826 2931 utqui
1876 2862 1952 2915 vi-

443 2960 592 3015 uunt,
633 2968 735 3006 non
780 2952 899 3021 jam
955 2953 1056 3006 sibi
1093 2954 1287 3020 vivant,
1335 2952 1425 3006 sed
1464 2955 1512 3007 ei
1548 2955 1638 3023 qui
1675 2969 1770 3022 pro
1817 2953 1948 3022 ipsis

444 3053 685 3099 mortuus
709 3054 786 3098 est
835 3053 885 3098 et
916 3046 1206 3098 resurrexit
1247 3043 1299 3114 (Ι
1336 3044 1463 3100 Cor.
1504 3044 1701 3113 v,15).

968 3178 1142 3248 Caput
1183 3178 1303 3234 III.

444 3294 514 3349 Et
553 3303 761 3365 accepto
788 3309 943 3364 pane,
974 3311 1094 3347 cum
1124 3296 1330 3365 gratias
1353 3295 1539 3365 egisset
1573 3294 1752 3364 fregit,
1783 3302 1833 3349 et
1855 3293 1944 3348 de-

372 3384 453 3441 dit
499 3388 573 3441 eis
599 3387 776 3442 dicens
801 3404 820 3439 :
854 3386 968 3440 Hoc
1002 3395 1080 3440 est
1108 3402 1296 3455 corpus
1319 3403 1512 3455 meum,
1551 3388 1689 3457 quod
1720 3402 1816 3457 pro
1856 3403 1949 3440 vo-

375 3475 457 3531 bis
487 3479 689 3531 datur:
727 3477 822 3531 hoc
861 3476 1021 3546 facile
1070 3478 1125 3531 in
1162 3494 1336 3531 meam
1374 3478 1943 3532 commemorationem.

372 3564 633 3623 Similiter
653 3576 702 3622 et
734 3568 975 3633 calicem,
994 3577 1274 3639 postquam
1303 3568 1549 3636 coenavit,
1582 3567 1761 3622 dicens
1788 3584 1807 3623 :
1841 3566 1948 3625 Hic

370 3659 516 3714 calin:
558 3676 748 3715 novum
787 3669 1156 3716 testamentum
1192 3670 1270 3716 est
1305 3661 1359 3715 in
1384 3663 1640 3731 sanguine
1686 3677 1819 3726 meo,
1857 3662 1949 3730 qui

371 3768 468 3825 pro
516 3753 659 3808 vobis
702 3753 946 3824 funditur
984 3753 1153 3826 (Luc.
1189 3770 1326 3819 xxu,
1362 3754 1431 3808 i9
1458 3793 1473 3819 ,
1522 3752 1746 3822 20)...“
1801 3752 1949 3819 Quo-

373 3847 519 3899 niam
549 3845 805 3900 Dominus
831 3846 986 3901 Jesus
1025 3849 1081 3901 in
1120 3863 1225 3917 qua
1264 3855 1414 3900 nocte
1445 3844 1774 3910 tradebatur,
1801 3861 1949 3900 acce-

370 3939 448 4006 pit
477 3953 688 4006 panem,
749 3948 799 3993 et
849 3940 1039 4010 gratiis
1082 3940 1234 4005 actis,
1275 3938 1448 4008 fregit,
1481 3946 1531 3990 et
1561 3937 1696 3990 dixit
1736 3952 1755 3989 :
1794 3935 1947 3989 Acci-

371 4030 498 4097 pite,
549 4027 864 4082 manducate
893 4043 912 4082 :
951 4029 1046 4082 hoc
1074 4038 1153 4082 est
1200 4043 1386 4097 corpus
1434 4044 1627 4091 meum,
1678 4027 1816 4097 quod
1850 4044 1947 4097 pro

374 4119 518 4174 vobis
549 4120 812 4189 frangitur
847 4136 865 4173 :
897 4119 992 4172 hoc
1051 4118 1209 4188 facite
1253 4120 1309 4172 in
1358 4135 1527 4173 meam
1565 4135 1948 4174 commemora-

376 4212 590 4265 tionem.
631 4208 891 4264 Similiter
918 4216 969 4263 et
998 4210 1236 4271 calicem,
1270 4218 1549 4280 postquam
1583 4210 1826 4273 coenavit,
1860 4210 1949 4264 di-

372 4319 493 4359 cens
526 4321 543 4356 :
577 4301 676 4355 Hic
709 4301 853 4355 calix
885 4317 1074 4355 nouum
1110 4308 1476 4354 testamentum
1500 4310 1577 4355 est
1605 4304 1662 4354 in
1682 4316 1794 4355 meo
1820 4317 1947 4355 san-

2052 1834 2167 1905 ἐιῃὼ
2195 1835 2512 1905 λελάληκα
2542 1835 2706 1906 ὑμῖν,
2751 1835 2989 1907 πνεῦμὰ
3026 1836 3179 1900 ἐστι,
3211 1836 3308 1890 καὶ
3336 1836 3447 1903 ζωή
3480 1835 3631 1890 ἐστι.

2055 1928 2235 1981 ΠΡΟΣ
2278 1928 2437 1982 ΚΟΡ.
2484 1935 2553 1984 α’.
2607 1930 2787 1984 Ὥστε
2836 1928 2903 1995 ὃς
2951 1929 3029 1984 ἂν
3074 1930 3252 1999 ἐσθίῃ
3294 1929 3402 1983 τὸν
3453 1928 3637 1996 ἄρτον

2053 2021 2285 2086 τοῦτον,
2324 2020 2362 2089 ἣ
2406 2021 2552 2090 πίνῃ
2604 2019 2673 2074 τὸ
2718 2020 3004 2090 ποτήριον
3039 2022 3215 2075 τοῦτο
3258 2021 3365 2077 τοῦ
3403 2019 3633 2088 Κυρίου

2052 2111 2318 2178 ἀναξίως
2350 2111 2487 2184 (41),
2525 2114 2740 2182 ἔνοχος
2764 2113 2934 2168 ἔσται
2962 2113 3069 2168 τοῦ
3097 2112 3369 2183 σώματος
3397 2113 3498 2167 καὶ
3531 2112 3635 2167 τοῦ

2061 2204 2311 2272 αἳματος
2356 2202 2464 2257 τοῦ
2505 2204 2746 2272 Κυρίου.
2810 2201 3163 2274 Δοκιμαζέτω
3212 2203 3280 2258 δὲ
3325 2204 3636 2272 ἄνθρωπος

2051 2294 2289 2360 ἑαυτὸν,
2344 2293 2443 2348 καὶ
2500 2294 2692 2362 οὕτως
2737 2296 2806 2351 ἐκ
2852 2297 2961 2351 τοῦ
3008 2296 3190 2365 ἆρτου
3233 2295 3502 2363 ἐσθιέτω,
3538 2296 3638 2351 καὶ

2050 2387 2118 2441 ἐκ
2143 2386 2249 2440 τοῦ
2297 2387 2589 2454 ποτηρίου
2625 2387 2858 2442 πινέτω.
2923 2389 2986 2441 Ὃ
3022 2389 3127 2457 γὰρ
3155 2388 3374 2443 ἐσθίων
3401 2388 3503 2442 καὶ
3539 2389 3634 2441 πί·-

2051 2497 2173 2535 νων
2208 2480 2486 2547 ἀναξίως,
2525 2481 2703 2551 κρῖμα
2734 2480 2928 2548 ἐαυτῷ
2956 2482 3146 2536 ἐσθίει
3176 2482 3273 2536 καὶ
3317 2483 3499 2547 πίνει,
3546 2481 3634 2553 μὴ

2051 2571 2368 2640 διακρίνων
2396 2571 2464 2626 τὸ
2496 2571 2668 2641 σῶμα
2692 2573 2799 2628 τοῦ
2825 2575 3064 2642 Κυρίου.

2050 2683 2194 2754 Ποίῳ
2225 2680 2366 2755 λόγῳ
2412 2684 2494 2738 δεῖ
2525 2684 2724 2740 ἐσθίειν
2763 2686 2825 2740 τὸ
2858 2686 3036 2758 σῶμα,
3070 2688 3164 2741 καὶ
3198 2687 3371 2741 πίνειν
3401 2686 3463 2740 τὸ
3490 2680 3634 2759 αἷμα

2120 2774 2213 2828 τοῦ
2246 2776 2474 2848 Κυρίου,
2506 2779 2586 2840 είς
2619 2779 2922 2849 ἀνάμνησιν
2947 2778 3047 2848 τῆς
3086 2778 3179 2832 τοῦ
3213 2778 3420 2854 Κυρίου
3471 2777 3633 2851 μέχρι

2121 2865 2353 2921 θανάτου
2381 2866 2652 2941 ὑπακοῆς,
2683 2871 2770 2923 ἵνα
2813 2873 2866 2923 οὶ
2912 2869 3121 2937 ζῶντες
3156 2868 3633 2941 μηύτιεέαυτοῖς

2124 2952 2302 3018 ζῶσιν
2320 2998 2334 3023 ,
2382 2957 2543 3014 ἀλλὰ
2580 2959 2662 3026 τῷ
2707 2960 2860 3029 ὑπὲρ
2892 2960 3090 3015 αὐτῶν
3119 2960 3232 3033 (42)
3265 2959 3635 3017 ἀποθανόντι

2124 3049 2224 3105 καὶ
2255 3050 2574 3122 ἐγερθέντι.

2653 3193 2879 3263 Κεφὰλ.
2942 3195 3026 3246 Γ¹.

2116 3298 2415 3355 ΛΟΥΚΑΣ.
2486 3300 2598 3355 Καὶ
2651 3300 2854 3355 λαϐὼν
2911 3299 3127 3368 ἄρτον,
3179 3296 3633 3367 εὐχαριστήσας

2046 3385 2293 3454 ἕκλασε,
2320 3389 2423 3443 καὶ
2445 3389 2670 3444 ἔδωκεν
2698 3390 2901 3456 αὐτοῖς
2926 3391 3121 3458 λέγων
3140 3406 3154 3420 ο
3191 3389 3372 3443 Τοῦτό
3399 3388 3535 3442 ἐστι
3563 3387 3631 3442 τὸ

2046 3475 2217 3546 σῶμά
2262 3496 2382 3548 μου
2400 3519 2415 3545 ,
2479 3479 2546 3534 τὸ
2608 3479 2760 3550 ὑπὲρ
2819 3478 2987 3549 ὑμῶν
3046 3478 3361 3549 διδόμενον
3380 3495 3395 3510 ·
3453 3477 3631 3532 τοῦτο

2047 3570 2268 3625 ποιεῖτε
2299 3574 2387 3638 είς
2429 3571 2545 3642 τὴν
2587 3572 2741 3642 ἐμὴν
2780 3571 3142 3641 ἀνάμνησιν.
3181 3571 3482 3637 Ὡσαύτως
3528 3569 3628 3624 καὶ

2046 3659 2114 3714 τὸ
2137 3660 2466 3730 ποτήριον,
2494 3663 2647 3732 μετὰ
2690 3662 2758 3716 τὸ
2796 3659 3138 3729 δειπνῆσαι,
3166 3659 3391 3730 λέγων’
3447 3660 3626 3715 Τοῦτο

2045 3751 2113 3804 τὸ
2145 3755 2435 3822 ποτήριον
2480 3756 2521 3823 ή
2570 3753 2758 3823 Καινὴ
2790 3753 3051 3823 Διαθήκη
3082 3752 3255 3807 ἐστὶν
3305 3753 3375 3806 ἐν
3406 3751 3490 3817 τῷ
3534 3752 3624 3805 αῖ-

2046 3844 2185 3911 ματι
2225 3863 2367 3914 μου,
2424 3846 2507 3912 τῷ
2559 3846 2712 3915 ὑπὲρ
2772 3845 2940 3916 ὑμῶν
2987 3845 3391 3916 ἐκχυνομένῳ.
3443 3843 3623 3898 ΠΡΟΣ

2046 3934 2210 3991 ΚΟΡ.
2246 3944 2315 3990 α’.
2371 3937 2499 3990 Ὅτι
2544 3941 2577 3991 ὀ
2613 3938 2829 4005 Κύριος
2868 3937 3103 4006 Ἰησοῦς
3134 3937 3204 3990 ἐν
3231 3935 3307 4006 τῇ
3336 3937 3532 4000 νυκτὶ,
3582 3930 3623 4007 ᾗ

2046 4027 2432 4095 παρεδίδοτο,
2484 4027 2702 4083 ἐλαϐεν
2755 4029 2955 4097 ἄρτον,
3005 4027 3106 4081 καὶ
3150 4027 3619 4096 εὐχαριστήσας,

2043 4120 2287 4187 ἕκλασε,
2322 4120 2423 4175 καὶ
2468 4121 2635 4174 εἷπε·
2694 4119 2935 4187 Λάϐετε,
2986 4119 3237 4189 godrete'
3274 4117 3455 4172 τοῦτό
3501 4119 3621 4187 μού

2043 4213 2176 4267 ἐστι
2213 4212 2281 4266 τὸ
2328 4211 2521 4282 σῶμα,
2550 4213 2618 4267 τὸ
2659 4213 2812 4281 ὑπὲρ
2844 4211 3010 4282 ὑμῶν
3047 4210 3357 4280 κλώμενον
3382 4228 3395 4240 ·
3442 4210 3620 4264 τοῦτο

2045 4302 2262 4357 ποιεῖτε
2307 4305 2393 4369 είς
2428 4302 2546 4372 τὴν
2573 4302 2729 4374 ἐμὴν
2772 4303 3136 4373 ἀνάμνησιν.
3182 4303 3488 4369 Ὡσαύτως
3520 4301 3618 4355 καὶ

371 4395 546 4465 quine.
599 4391 716 4446 Hoc
748 4391 908 4461 facite
947 4391 1356 4462 quotiescunque
1408 4390 1613 4456 bibetis,
1667 4391 1725 4445 in
1774 4408 1944 4446 meam

2065 4392 2109 4446 τὸ
2143 4392 2449 4462 ποτήριον,
2494 4394 2647 4463 μετὰ
2679 4393 2746 4448 τὸ
2780 4393 3123 4463 δειπνῆσαι,
3163 4394 3357 4462 λέγων
3375 4412 3388 4422 ·
3441 4392 3618 4447 Τοῦτο

371 4486 952 4542 commemorationem.
1004 4484 1426 4554 Quotiescunque
1467 4485 1605 4538 enim
1654 4483 1943 4538 manduca-

2065 4485 2114 4539 τὸ
2144 4485 2431 4555 ποτήριον
2472 4488 2510 4555 ἡ
2540 4486 2731 4556 Καινὴ
2763 4488 3020 4557 Διαθήκη
3054 4488 3225 4543 ἐστὶν
3257 4487 3327 4540 ἐν
3373 4484 3453 4551 τῷ
3498 4483 3616 4551 ἐμῷ

370 4579 495 4632 bitis
523 4593 711 4646 panem
742 4577 901 4641 hunc,
933 4584 983 4630 et
1013 4576 1147 4629 hunc
1180 4575 1397 4629 calicem
1452 4575 1637 4629 bibetis
1665 4615 1680 4641 ,
1718 4587 1941 4630 mortem

371 4668 585 4724 Domini
616 4665 999 4722 annuntiabitis
1037 4666 1198 4720 donec
1257 4666 1430 4722 veniat
1479 4665 1532 4738 (1
1562 4665 1687 4721 Cor.
1731 4684 1810 4731 χι,
1837 4667 1941 4722 25-

368 4757 578 4827 26).....
618 4754 865 4811 Charitas
905 4756 1043 4810 enim
1091 4753 1292 4810 Christi
1336 4764 1484 4825 urget
1516 4772 1632 4815 nos,
1665 4757 1939 4810 testiman-

370 4857 444 4903 tes
473 4848 568 4902 hoc
604 4847 741 4916 quod
770 4848 816 4901 si
842 4863 976 4901 unus
1022 4862 1117 4916 pro
1137 4847 1375 4900 onmibus
1414 4857 1652 4901 mortuus
1680 4857 1779 4911 est,
1815 4863 1936 4917 ergo

366 4957 542 4996 omnes
570 4942 766 4994 mortui
797 4948 919 4994 sunt
947 4956 965 4993 :
996 4949 1045 4993 et
1082 4954 1178 5007 pro
1206 4938 1444 4993 omnibus
1483 4952 1723 4994 mortuus
1748 4948 1849 5004 est,
1878 4947 1939 4992 ut

362 5044 415 5089 et
443 5035 531 5105 qui
562 5035 757 5098 vivunt,
782 5033 901 5102 jam
938 5049 1042 5087 non
1085 5030 1186 5084 sibi
1214 5043 1409 5095 uisant,
1445 5031 1537 5086 sed
1573 5033 1643 5092 ei,
1703 5031 1793 5100 qui
1839 5046 1935 5098 pro

361 5127 492 5195 ipsis
531 5134 767 5177 mortuus
795 5133 896 5189 est,
925 5134 974 5178 et
1024 5124 1313 5177 resurrexit
1337 5121 1425 5193 (II
1455 5122 1580 5177 Cor.
1615 5122 1787 5187 v.14,
1821 5122 1932 5193 15),

361 5225 424 5274 ut
474 5217 630 5271 multi
670 5216 801 5272 ﬁant
837 5231 1007 5271 unum
1062 5230 1264 5287 corpus
1296 5216 1350 5270 in
1387 5213 1725 5272 Christo.....
1759 5213 1931 5270 Panis

434 5396 545 5467 (39)
569 5398 793 5469 Antiqui
815 5399 951 5473 duo
997 5401 1124 5457 libri
1153 5401 1383 5456 δέδοται.
1434 5400 1607 5458 Paulo
1634 5408 1759 5473 post
1788 5398 1922 5471 Reg.

359 5482 568 5542 primus
579 5468 973 5542 _:_ta'taxpive'tat
981 5511 994 5524 .

431 5535 548 5623 (40)
578 5535 822 5623 Utraque
846 5541 1016 5623 editio
1045 5541 1381 5623 scutula-qius.
1408 5540 1634 5623 Veteres
1661 5543 1772 5623 duo
1798 5542 1925 5623 lib'ri

361 5606 458 5682 uni
487 5606 685 5682 rilnrs._
711 5606 1006 5682 ﬁliquanto
1044 5619 1168 5682 post
1198 5606 1443 5682 utraque
1485 5612 1655 5668 editio
1697 5613 1793 5667 ἐὰν
1831 5608 1925 5667 οὗν

361 5627 458 5662 και
487 5627 666 5678 πιητε.
713 5627 1006 5678 Aliquanto
1083 5627 1168 5667 05E
1216 5627 1298 5666 ιιιι·

360 5678 636 5751 θεωρεῖτὲ
653 5678 1003 5751 _l_.i_bri_prisci
1038 5627 1298 5751 ἕεωρῆτε.

2044 4575 2262 4644 αἵματι.
2325 4575 2503 4630 Τοῦτο
2553 4577 2795 4642 ποιεῖτε,
2853 4577 3066 4644 ὁσάκις
3120 4577 3198 4632 ἂν
3241 4577 3476 4644 πίνητε,
3528 4577 3614 4639 εὶς

2042 4666 2157 4735 τὴν
2193 4665 2346 4735 ἐμὴν
2391 4666 2754 4738 ἀνάμνησιν.
2812 4670 3055 4736 Ὁσάκις
3100 4670 3208 4741 γὰρ
3254 4668 3332 4722 ἂν
3376 4667 3613 4733 ἐσθίητε

2040 4758 2150 4812 τὸν
2201 4758 2384 4827 ἄρτον
2438 4761 2673 4828 τοῦτον,
2721 4763 2819 4818 καὶ
2866 4762 2932 4816 τὸ
2970 4763 3253 4832 ποτήριον
3299 4760 3477 4815 τοῦτο
3521 4760 3614 4812 πί·

2043 4865 2214 4917 νητε,
2268 4850 2376 4905 τὸν
2430 4852 2688 4908 θάνατον
2741 4854 2847 4908 τοῦ
2903 4856 3124 4923 Κυρίου
3180 4852 3615 4923 καταγγέλλετε

2045 4942 2219 5012 ἄχρις
2276 4941 2348 5002 οὗ
2403 4947 2480 5002 ἂν
2535 4948 2700 5018 ἔλθῃ.
2766 4951 2945 5004 ΠΡΟΣ
3010 4953 3168 5004 ΚΟΡ.
3245 4950 3309 5020 β’.
3386 4950 3455 5004 Ἠ
3504 4949 3615 5018 τὰρ

2043 5038 2243 5108 ἀγάπη
2292 5042 2398 5097 τοῦ
2444 5045 2699 5112 Χριστοῦ
2752 5045 3000 5114 συνέχει
3062 5044 3240 5115 ἡμᾶς,
3293 5045 3615 5112 κρίναντας

2042 5130 2238 5195 τοῦτο,
2274 5132 2384 5199 ὅτι,
2433 5138 2486 5189 ει
2523 5131 2611 5202 εἷς
2657 5136 2766 5207 (45)
2818 5138 2970 5206 ὑπὲρ
3014 5123 3253 5191 πάντων
3289 5137 3614 5199 ἀπέθανεν,

2041 5218 2157 5288 ἆρα
2182 5224 2237 5276 οἱ
2266 5222 2488 5292 πάντες
2516 5226 2818 5281 ἀπέθανον
2839 5244 2853 5258 ⁸
2891 5228 2989 5282 καὶ
3022 5228 3172 5298 ὑπὲρ
3228 5226 3473 5280 πάντων
3504 5227 3614 5281 ἀπ-

2037 5401 2263 5483 VenLet
2291 5424 2426 5483 mss.
2452 5418 2566 5465 tres
2597 5411 2829 5483 ᾁναξίως
2865 5410 2959 5464 τοῦ
2992 5412 3220 5483 Κυρίου,
3250 5410 3408 5465 modo
3436 5411 3615 5481 aliqua

2034 5477 2125 5543 qui
2156 5476 2433 5532 Dominum
2465 5498 2567 5533 non
2595 5480 2793 5534 deceat.

2106 5545 2217 5615 (42)
2246 5546 2480 5620 Utraque
2512 5551 2681 5604 editio
2707 5559 2759 5605 et
2799 5549 2933 5619 Reg.
2967 5550 3242 5605 secundus
3266 5551 3406 5620 ὑπὲρ
3431 5548 3608 5620 ἡμῶν,

2041 5619 2365 5690 'pro_no_bis.
2402 5620 2505 5672 Alii
2541 5620 2649 5674 duo
2678 5635 2813 5690 mss.
2849 5621 2987 5690 ὑπὲρ
3026 5621 3227 5684 αὐτῶν,
3259 5619 3489 5675 rectius.

2104 5685 2228 5762 (43)
2247 5687 2378 5762 Reg.
2416 5690 2611 5747 tertius
2640 5692 2688 5743 εί
2710 5689 2811 5754 εἷς.
2839 5685 3045 5747 Vocula
3070 5692 3120 5743 εἰ
3144 5692 3201 5746 in
3225 5698 3464 5762 utraque
3492 5688 3605 5749 edi-

494 5746 546 5821 1)
589 5745 770 5806 Editio
807 5745 986 5806 Paris.
1032 5745 1381 5823 τοῦῚζυρίου
1434 5752 1687 5819 ἀναξίως.
1722 5754 1923 5828 ⁵ῐέάὶιίο

2065 5745 2178 5812 lane
2198 5745 2560 5816 desideratur.
