3982 6240
280 402 375 458 7H

1754 387 2081 442 MURALIA.

3425 382 3525 435 742

279 515 512 580 ἔθανεν,
540 514 641 566 ἵνα
670 515 724 565 cl
751 511 960 576 ζῶντες
983 507 1196 578 μηκέτι
1224 505 1456 571 ἑαυτοῖς
1472 502 1667 568 ζῶσιν,
1689 504 1848 557 ἀλλὰ

1976 518 2101 564 luem
2135 502 2428 571 frangimus
2475 517 2643 554 nonne
2679 501 3015 569 participatio
3060 498 3293 567 corporis
3326 497 3525 553 Christi

279 606 358 672 τῷ
390 604 542 672 ὑπὲρ
591 602 788 658 αὐτῶν
831 601 1210 664 ἀποθανόντι,
1268 596 1367 651 καὶ
1418 596 1732 665 ἐγερθέντι,
1770 596 1851 657 εἰς

279 698 338 750 τὸ
370 696 620 765 γενέσθαι
669 695 795 757 τοὺς
848 692 1074 754 πολλοὺς
1117 690 1171 743 ἓν
1212 690 1366 759 σῶμα
1409 689 1465 740 ὲν
1516 684 1850 756 Χριστῷ.....

281 786 459 839 ΠΡΟΣ
501 786 667 837 ΚΟΡ.
712 789 782 836 α’.
830 785 892 835 '0
926 781 1103 850 ἄρτος
1142 781 1214 835 ὃν
1256 778 1491 848 κλῶμεν
1549 776 1685 846 οὐχὶ
1728 793 1851 829 κοι-

1955 597 2073 650 est?
2106 594 2368 660 Quoniam
2397 610 2532 647 unus
2586 594 2759 661 panis,
2800 610 2961 646 uuum
2992 610 3178 661 corpus
3236 593 3387 646 multi
3434 611 3527 648 su-

1960 703 2096 741 mus.
2118 686 2309 742 Omnes
2339 688 2474 740 enim
2504 687 2567 742 de
2597 704 2699 741 uno
2729 704 2862 741 vane
2886 688 3270 755 participamus
3313 685 3366 755 (1
3398 685 3520 740 Cor.

1962 794 2017 839 ι.
2069 778 2155 844 16,
2191 779 2302 847 17).

279 882 465 935 νωνία
505 880 612 934 τοῦ
659 877 898 947 σώματς
954 879 1094 932 οτοῦ
1153 874 1407 945 Χριστοῦ
1470 874 1675 936 ἐστιν;
1728 873 1847 924 ’Ότι
1910 866 1998 938 εἷς
2049 875 2245 942 ἄρτος,
2310 872 2380 927 ἐν
2434 871 2604 942 σῶμα
2652 874 2707 924 ol
2769 873 2987 925 πολλοί
3058 872 3265 940 ἐσμεν.
3313 873 3378 924 Ol
3416 867 3527 939 γὰρ

283 972 505 1036 πάντες
551 971 620 1023 ἐκ
677 970 782 1024 τοῦ
849 968 985 1035 ἐνὸς
1022 968 1202 1036 ἄρτου
1237 967 1348 1035 (44)
1378 965 1724 1036 μετέχομεν.

288 1087 405 1140 Ὅτι
440 1085 525 1137 δεῖ
557 1084 647 1137 τὸν
685 1082 1164 1154 μεταλαμϐάνοντα
1192 1080 1299 1134 τῶν
1328 1080 1498 1150 ἁγίων
1547 1079 1734 1151 ὑμνεῖν
1761 1076 1852 1130 τὸν

962 1172 1182 1243 Κύριον.

889 1284 1112 1354 Κεφάλ.
1168 1287 1245 1339 Δ’.

352 1380 721 1438 ΜΔΤΘΑΙΟΣ.
788 1378 1137 1431 Ἐσθιόντων
1188 1374 1256 1428 δὲ
1301 1374 1518 1440 αὐτῶν,
1563 1373 1765 1429 λαϐὼν
1816 1374 1851 1427 ὀ

297 1475 532 1545 Ἰησοῦς
580 1473 689 1526 τὸν
719 1470 931 1539 ἄρτον,
969 1469 1065 1521 καὶ
1120 1466 1563 1537 εὐχαριστήσας
1604 1468 1849 1529 ἐκλασε,

283 1566 378 1619 καὶ
407 1562 613 1616 ἐδίδου
660 1561 785 1626 τοῖς
830 1558 1138 1629 μαθηταῖς,
1192 1558 1287 1611 καὶ
1324 1556 1391 1609 τὰ
1422 1557 1567 1625 ἑξῆς.
1604 1550 1697 1619 Οἷς
1729 1556 1851 1607 ἐπι-

282 1656 433 1727 φέρει
454 1674 468 1687 ·
510 1654 615 1709 Kal
643 1650 1029 1723 ὑμνήσαντες
1078 1648 1338 1719 ἐξῆλθον
1367 1650 1453 1715 εὶς
1487 1648 1553 1701 τὸ
1577 1647 1712 1716 ὄρος
1738 1646 1853 1700 τῶν

296 1746 562 1802 Ἐλαιῶν.

894 1835 1069 1888 ΟΡΟΣ
1108 1834 1237 1893 ΚΒ¹.
1608 1876 1611 1879 .

284 1934 402 1987 Ὀτι
432 1934 466 2003 ὴ
502 1929 734 2003 ἐργασία
759 1927 862 1998 τῆς
907 1928 1181 1999 ἁμαρτίας
1229 1926 1580 1996 ἀπαλλοτριοῖ
1608 1924 1701 1979 τοῦ
1743 1928 1856 1980 Κυ-

582 2022 718 2096 ρίου,
754 2020 850 2074 καὶ
874 2021 1208 2091 προσοικειιῆ
1237 2018 1315 2089 τῷ
1341 2017 1592 2087 διαϐόλῳ.

886 2136 1109 2206 1(8de.
1171 2139 1254 2189 A'.

347 2231 675 2285 ῙΩΔΝΝΗΣ.
747 2231 954 2299 Ἀμὴν,
992 2228 1155 2297 ἀμὴν
1201 2228 1355 2297 λέγω
1398 2225 1560 2295 ὑμῖν,
1618 2225 1707 2278 ὅτι
1739 2222 1858 2291 πᾶς

282 2328 314 2376 ό
344 2321 534 2376 ποιῶν
566 2322 684 2390 τὴν
731 2321 1043 2390 ἁμαρτίαν,
1078 2318 1299 2385 δοῦλός
1344 2318 1474 2371 ἐστι
1523 2316 1634 2387 τῆς
1678 2318 1860 2387 ἀμαρ-

281 2417 426 2483 τίας.
485 2415 673 2485 ἠιεῖς
717 2414 787 2467 ἐκ
816 2412 923 2467 τοῦ
973 2411 1198 2480 πατρὸς
1244 2409 1350 2464 τοῦ
1386 2409 1668 2463 διαϐόλου
1695 2408 1856 2474 ἐστὲ,

280 2507 375 2559 καὶ
426 2506 538 2570 τὰς
600 2504 916 2572 ἐπιθυμίας
982 2502 1088 2557 τοῦ
1153 2501 1377 2570 πατρὸς
1432 2498 1599 2569 ὑμῶν
1659 2499 1860 2554 θέλετε

284 2596 503 2651 ποιεῖν.
566 2596 747 2649 ΠΡΟΣ
794 2595 954 2649 ΡΩΜ.
1011 2595 1147 2647 Ὅτε
1195 2592 1304 2663 γὰρ
1350 2591 1554 2646 δοῦλοι
1601 2587 1702 2663 ἦτε
1750 2590 1861 2660 τῆς

280 2688 589 2757 ἁμαρτίας,
620 2687 920 2754 ἐλεύθεροι
959 2674 1065 2755 ἦτε
1094 2683 1167 2752 τῇ
1202 2684 1580 2752 δικαιοσύνῃ.

283 2798 402 2850 Ὅτι
438 2800 472 2869 ἡ
511 2797 625 2868 (45)
680 2797 815 2868 πρὸς
854 2796 945 2850 τὸν
994 2795 1196 2866 Κύριον
1236 2794 1507 2863 οἰκειότης
1540 2794 1640 2847 οὐκ
1681 2796 1739 2846 ὲν
1784 2797 1850 2866 τῇ

346 2889 495 2943 κατὰ
548 2890 726 2958 σάρκα
772 2886 1059 2956 συγγενείᾳ
1105 2884 1465 2955 γνωρίζεται,
1521 2883 1636 2937 ἀλλ’
1687 2885 1745 2937 ὲν
1791 2887 1859 2957 τῇ

350 2981 559 3051 σπουδῇ
589 2980 700 3033 τῶν
733 2979 1050 3051 Θελημάτων
1081 2977 1176 3031 τοῦ
1208 2976 1341 3029 Θεοῦ
1373 2977 1748 3048 κατορθοῦται.

905 3090 1130 3160 Κεφάλ.
1180 3090 1260 3143 B'.

360 3184 689 3243 ιαΑΝΝΗΣ.
743 3184 796 3236 '0
852 3181 937 3235 ὢν
966 3128 1033 3234 ἐῗι
1062 3180 1167 3234 τοῦ
1205 3180 1351 3234 Θεοῦ
1388 3178 1459 3232 τὰ
1491 3178 1728 3248 ῥήματα
1756 3178 1862 3232 τοῦ
1888 3128 1928 3183 C

288 3280 433 3335 Θεοῦ
482 3276 713 3333 ἀκούει.
782 3272 1079 3327 ΛΟΥΚΑΣ.
1148 3270 1256 3325 Καὶ
1310 3267 1619 3337 ἀπηγγέλη
1675 3266 1858 3333 αὐτῷ,

286 3372 619 3440 λεγόντων·
660 3368 730 3420 Ἡ
772 3364 966 3434 μήτηρ
1016 3376 1130 3415 σου
1188 3361 1285 3414 καὶ
1335 3364 1388 3413 ol
1445 3359 1696 3427 ἀδελφοί
1746 3373 1863 3412 σου

289 3460 623 3527 ἑστήκασιν
666 3456 801 3521 ἔξω,
837 3454 983 3507 ἰδεῖν
1027 3468 1099 3507 σε
1131 3450 1425 3515 θέλοντες.
1489 3450 1551 3501 '0
1594 3448 1662 3501 δὲ
1714 3448 1863 3502 ἀπο-

290 3554 505 3623 κριθεὶς
554 3549 724 3605 εἶπεν
769 3546 1004 3612 αὐτοῖς’
1052 3544 1259 3612 Μήτηρ
1297 3558 1413 3609 μου
1470 3540 1568 3595 καὶ
1615 3538 1866 3609 ἀδελφοί

288 3667 399 3718 μου
426 3642 596 3703 οὗτοί
615 3643 725 3713 (46)
740 3645 898 3695 εἰσιν
914 3643 965 3693 οἱ
982 3638 1085 3692 τὸν
1110 3639 1297 3706 λόγον
1320 3634 1425 3688 τοῦ
1448 3633 1594 3687 Θεοῦ
1610 3632 1864 3687 ἀκούον-

296 3758 387 3805 τες
408 3738 510 3791 καὶ
553 3734 886 3798 ποιοῦντες.
933 3729 1251 3783 ΙΩΑΝΝΗΣ.
1305 3725 1487 3795 Ὗζιιεῖς
1529 3725 1694 3793 φίλοι
1745 3741 1865 3791 μου

294 3830 451 3895 ἐστὲ,
484 3829 595 3882 ἐὰν
629 3823 835 3892 ποιῆτε
859 3824 976 3876 ὅσα
995 3819 1109 3890 ἐγὼ
1124 3818 1475 3886 ἐντέλλομαι
1496 3816 1654 3885 ὑμῖν.
1689 3816 1867 3867 ΠΡΟΣ

299 3926 452 3978 ΡΩΜ.
487 3923 666 3974 Ὅσοι
695 3917 805 3987 γὰρ
854 3915 1147 3981 Πνεύματι
1194 3908 1339 3963 Θεοῦ
1378 3908 1617 3960 ἄγονται
1640 3945 1654 3969 ,
1702 3901 1865 3960 οὗτοι

296 4016 403 4070 υἱοὶ
435 4013 584 4069 Θεοῦ
627 4014 804 4065 εἰσιν.

913 4094 1085 4149 ΟΡυΣ
1130 4092 1255 4145 Kl".

300 4198 414 4249 Ὀτι
446 4198 474 4248 ὁ
510 4194 659 4249 ἄκων
697 4189 982 4258 ἑλκόμενος
1024 4186 1128 4237 ὑπὸ
1171 4180 1444 4253 ἁμαρτίας
1489 4179 1690 4249 ὀφείλει
1728 4195 1867 4246 γνω-

364 4286 531 4358 ρίξειν
571 4281 764 4335 ἑαυτὸν
808 4276 903 4345 ὑφ’
940 4273 1133 4343 ἐτέρας
1175 4266 1693 4341 προενυπαρχοῴσης
1734 4280 1867 4335 κρα-

364 4357 620 4446 τούμενον
671 4368 982 4441 ἁμαρτίας,
1030 4360 1065 4440 ᾖ
1118 4362 1259 4416 ἑκὼν
1315 4359 1620 4423 δουλεύων,
1678 4357 1868 4425 ἄγεται

363 4469 544 4521 λοιπὸν
575 4465 668 4517 ὑπ’
695 4463 832 4533 αὐτῇ
862 4460 971 4533 (47)
996 4456 1091 4511 καὶ
1122 4456 1207 4524 ἐφ’
1238 4454 1274 4508 ἃ
1299 4452 1373 4522 μὴ
1405 4450 1566 4503 Οέλει.

908 4646 1132 4717 Κεφάλ.
1159 4652 1240 4701 Α’.

364 4751 539 4805 ΠΡΟΣ
575 4747 741 4802 ΡΩΜ.
781 4742 1033 4811 οἴδαμεν
1063 4740 1149 4804 δὲ,
1185 4739 1273 4792 ὅτι
1311 4740 1344 4792 ό
1384 4752 1567 4806 νομος
1600 4750 1862 4804 πνευμα-

300 4849 453 4913 τικός
496 4848 698 4899 ἐστιν’
744 4840 858 4910 ἐγὼ
906 4838 974 4890 δὲ
1032 4836 1318 4904 σαρκικός
1366 4835 1503 4901 ειμι,
1566 4827 1864 4897 πεπραμέ-

298 4958 396 5006 νος
416 4939 525 5010 (48)
550 4937 669 4992 ὑπὸ
704 4934 819 5002 τὴν
842 4932 1150 5000 ἁμαρτίαν.
1188 4930 1256 4980 Ὃ
1288 4925 1396 4995 γὰρ
1418 4919 1861 4991 κατεργάζομαι,

300 5035 366 5087 οὐ
407 5029 697 5101 γινώσκω.
750 5027 832 5078 Ob
882 5024 991 5092 γὰρ
1047 5021 1077 5074 ὃ
1126 5020 1297 5080 θέλω,
1345 5016 1520 5069 τοῦτο
1574 5012 1862 5081 πράσσω·

300 5126 428 5179 ἀλλ’
455 5123 487 5177 ὃ
514 5118 694 5192 μισῶ,
731 5116 906 5171 τοῦτο
927 5113 1090 5167 ποιῶ.
1128 5114 1196 5165 Et
1226 5109 1293 5161 δὲ
1324 5108 1354 5161 ὃ
1389 5109 1460 5161 οὑ
1492 5104 1663 5170 θέλω,
1685 5102 1865 5157 τοῦτο

301 5216 459 5279 ποιῶ,
484 5216 761 5283 σύμφημι
790 5208 868 5273 τῷ
887 5203 1171 5273 νόμῳ,ὅτι
1202 5203 1409 5264 καλός.
1441 5197 1591 5252 Νυνὶ
1623 5196 1692 5247 δὲ
1725 5197 1865 5248 obic-

330 5326 382 5363 τι
409 5308 523 5377 ἐγὼ
559 5299 979 5371 κατεργάζομαι
1021 5294 1187 5357 αὐτὸ,
1218 5291 1351 5347 ἀλλ’
1405 5292 1443 5359 η
1496 5286 1751 5341 οικοῦσα
1798 5285 1869 5338 ἐν

367 5486 475 5559 (44)
508 5484 754 5559 Utraque
782 5476 954 5559 editio
982 5475 1047 5526 ἐκ
1066 5471 1159 5525 τοῦ
1186 5470 1351 5543 ἄρτου
1373 5468 1465 5521 τοῦ
1501 5467 1638 5528 ἑνός.
1660 5424 1865 5518 Αιίᾱιιο

302 5556 428 5613 mss.
454 5556 513 5611 ut
545 5557 600 5609 in
626 5556 907 5609 contextu.
1117 5612 1130 5616 Α
1189 5612 1230 5616 __
1341 5610 1354 5616 _
1424 5609 1437 5616 _
1498 5608 1511 5616 ,
1616 5605 1680 5616 μ.

373 5602 601 5699 (ἵξεῖέἰέ
632 5602 849 5677 veteres
873 5616 981 5670 duo
1008 5612 1154 5667 libri.
1189 5609 1447 5679 Voculai)
1481 5608 1633 5662 deest
1668 5605 1725 5657 in
1756 5602 1868 5657 vul-

303 5710 479 5841 gati?)
516 5768 627 5821 Vox
663 5756 836 5821 οὗτοι,
872 5771 991 5841 quae
1020 5755 1076 5808 in
1115 5762 1344 5823 utraque
1376 5748 1616 5806 editione
1645 5744 1864 5815 legitur,

307 5856 337 5897 a
368 5831 636 5897 reteribus
669 5834 824 5890 libris
857 5831 1034 5883 abest.

1953 1073 2111 1141 Quod
2160 1072 2377 1144 hymnis
2438 1070 2746 1125 laudandus
2798 1070 2869 1125 sit
2921 1070 3184 1125 Dominus
3230 1070 3297 1124 ab
3340 1085 3405 1124 eo
3432 1071 3527 1140 qui

2465 1174 2655 1221 sancta
2689 1164 2979 1234 participat

2578 1275 2747 1343 Caput
2788 1274 2815 1327 I
2834 1273 2892 1327 γ.

2026 1364 2316 1420 Edentibus
2361 1374 2535 1418 autem
2586 1366 2715 1426 illis,
2765 1363 2962 1428 accepit
3012 1359 3169 1413 Jesus
3216 1375 3425 1427 panem,
3475 1370 3527 1414 et

1955 1473 2072 1511 cum
2094 1458 2297 1528 gratias
2315 1458 2523 1526 egisset,
2555 1455 2709 1525 fregit
2740 1456 2979 1524 deditque
3008 1452 3281 1519 discipulis
3302 1451 3521 1518 (Matth.

1956 1566 2104 1612 xxvn,
2160 1550 2251 1617 26)
2276 1589 2289 1612 ,
2330 1559 2383 1603 et
2412 1564 2532 1618 quae
2572 1557 2907 1617 sequuntur.
2969 1546 3179 1611 Quibus
3230 1545 3525 1613 adjungit:

1960 1639 2026 1694 Et
2048 1643 2239 1709 hymno
2270 1639 2433 1703 dicto,
2456 1641 2691 1693 exierunt
2719 1640 2772 1691 in
2797 1646 3023 1691 montem
3048 1635 3323 1691 Oliuarum
3357 1634 3513 1706 (ibid.

1963 1732 2082 1803 50).

2472 1830 2753 1886 REGULA
2795 1828 2935 1882 XXII

1958 1922 2113 1989 Quod
2145 1929 2452 1993 peccatum,
2487 1938 2610 1976 cum
2642 1930 3006 1992 perpetratur,
3047 1922 3322 1976 abalienat
3361 1935 3392 1974 a
3423 1920 3527 1974 Do-

2098 2014 2247 2067 mino
2281 2031 2294 2067 :
2338 2014 2592 2067 conciliat
2620 2028 2748 2067 vero
2772 2021 2824 2068 ct
2856 2014 3103 2084 adjungit
3140 2013 3381 2068 diabolo.

2615 2124 2784 2194 Caput
2817 2125 2869 2179 Ι.

2028 2220 2211 2286 Αηιεη,
2244 2235 2394 2272 amen
2426 2218 2541 2272 dico
2573 2220 2734 2285 vobis,
2770 2234 2904 2288 quoa
2931 2236 3100 2272 omnis
3129 2220 3219 2290 qui
3253 2219 3382 2287 facit
3408 2234 3527 2287 pec-

1958 2320 2156 2375 catum,
2198 2327 2374 2364 servus
2406 2319 2482 2362 est
2528 2312 2731 2374 peccati
2785 2308 2964 2377 (Joan.
3002 2324 3121 2374 vul,
3158 2310 3364 2380 54)..."
3427 2309 3525 2361 Vos

1958 2416 2022 2453 ex
2057 2410 2206 2469 patre
2227 2399 2438 2453 diabolo
2475 2401 2624 2475 estis,
2660 2409 2708 2453 et
2740 2400 3000 2453 desideria
3023 2402 3197 2461 patris
3230 2401 3388 2454 vestri
3412 2400 3529 2453 vul-

1962 2494 2028 2547 tis
2066 2493 2237 2561 facere
2262 2490 2412 2563 (ibid.
2448 2491 2655 2561 44)...”
2691 2488 2823 2546 Cum
2863 2493 3002 2545 enim
3041 2492 3175 2545 servi
3201 2492 3382 2546 essetis
3406 2506 3526 2559 pec-

1960 2586 2087 2651 cati,
2115 2584 2264 2639 liberi
2289 2584 2470 2654 fuistis
2502 2584 2731 2652 justitia:
2771 2581 2943 2654 (Rom.
2988 2598 3062 2648 γι,
3094 2582 3206 2650 20).

1961 2786 2116 2853 Quod
2150 2784 2496 2842 necessitudo
2530 2798 2655 2838 cum
2681 2781 2913 2837 Domino
2940 2788 3049 2836 non
3081 2781 3136 2835 in
3161 2781 3345 2837 carnis
3363 2780 3526 2852 255

2030 2876 2412 2946 conjunctione
2442 2876 2712 2939 noscitur,
2750 2874 2845 2929 sed
2880 2875 2939 2929 in
2978 2876 3161 2930 studio
3196 2873 3397 2929 divina:
3424 2874 3528 2928 im-

2031 2969 2240 3039 plenda:
2266 2968 2563 3023 voluntatis
2598 2966 2899 3037 perﬁcitur.

2603 3078 2773 3147 Caput
2813 3076 2899 3131 11.

2035 3172 2140 3239 Qui
2157 3190 2221 3227 ea:
2237 3172 2347 3227 Deo
2375 3183 2473 3236 est,
2510 3170 2667 3226 verba
2694 3170 2791 3223 Dei
2814 3170 2966 3223 audit
2998 3169 3182 3239 (Joan.
3216 3185 3335 3236 vm,
3365 3171 3527 3243 J7)...

1964 3263 2033 3318 Et
2091 3267 2389 3321 nuntiatum
2436 3274 2515 3318 est
2562 3263 2664 3326 illi,
2716 3263 3063 3334 dictumque:
3100 3262 3278 3317 Mater
3327 3273 3439 3328 tua,
3478 3275 3528 3319 et

1964 3356 2154 3425 fratres
2181 3357 2257 3409 tui
2278 3366 2421 3411 stant
2449 3356 2603 3424 foris,
2627 3355 2855 3408 volentes
2886 3364 2934 3408 te
2968 3340 3156 3409 uidere.
3185 3355 3287 3419 Qui
3317 3372 3529 3423 respon-

1963 3448 2088 3502 dens
2141 3449 2277 3501 dixit
2324 3448 2390 3499 ad
2440 3463 2526 3501 eos
2552 3461 2571 3498 :
2605 3445 2775 3498 Mater
2833 3462 2949 3498 mea
2992 3454 3039 3499 et
3094 3446 3290 3514 fratres
3344 3449 3443 3501 mei
3476 3448 3530 3500 hi

1964 3550 2105 3604 sunt,
2136 3542 2226 3609 qui
2270 3539 2479 3593 verbum
2524 3538 2616 3591 Dei
2644 3536 2887 3601 audiunt,
2922 3546 2970 3589 et
3003 3537 3203 3603 faciunt
3233 3537 3383 3605 (Luc.
3409 3554 3525 3603 vm,

1963 3634 2053 3699 20,
2099 3634 2308 3704 21).....
2352 3632 2454 3685 Vos
2498 3631 2656 3683 amici
2703 3631 2804 3683 mei
2842 3632 2988 3695 estis,
3047 3632 3093 3685 si
3137 3632 3364 3699 feceritis
3414 3648 3530 3700 qum

1964 3745 2057 3798 ego
2110 3728 2356 3797 prtecipio
2407 3724 2550 3778 vobis
2594 3723 2783 3792 (Joan.
2827 3740 2917 3787 xv,
2956 3724 3175 3792 M).....
3224 3723 3530 3792 Quicunque

1965 3820 2102 3872 enim
2157 3816 2360 3886 Spiritu
2417 3815 2510 3869 Dei
2557 3823 2803 3885 aguntur,
2834 3816 2874 3867 ii
2926 3823 3047 3867 sunt
3084 3815 3184 3878 filii
3224 3814 3319 3868 Dei
3352 3813 3524 3885 (Rom.

1966 3924 2084 3974 vin,
2112 3909 2216 3978 14).

2444 4083 2726 4141 REGULA
2775 4081 2963 4138 XXIII.

1966 4180 2124 4247 Quod
2154 4181 2247 4251 qui
2284 4186 2480 4250 praeter
2507 4178 2840 4233 voluntatem
2876 4175 3112 4230 trahitur
3139 4190 3173 4232 a
3204 4186 3450 4247 peccato,
3483 4177 3530 4233 is

2037 4274 2336 4344 intelligere
2365 4272 2546 4337 debet,
2599 4286 2658 4327 se
2691 4270 2758 4325 ab
2786 4270 2893 4325 alio
2926 4279 3173 4339 peccato,
3210 4270 3363 4340 prius
3413 4286 3443 4325 a
3472 4287 3531 4326 se

2039 4368 2353 4429 commisso,
2392 4364 2751 4419 constrictum
2784 4364 2980 4427 teneri,
3014 4364 3103 4417 cui
3136 4372 3328 4433 sponte
3357 4365 3532 4419 inser-

1894 4465 1947 4525 D
2042 4461 2217 4524 viens,
2246 4458 2466 4515 tandem
2491 4456 2702 4528 rapitur
2730 4455 2799 4509 ab
2831 4457 2949 4525 ipso
2984 4459 3146 4509 etiam
3195 4455 3261 4509 ad
3311 4470 3372 4511 ea
3412 4472 3531 4526 quae

2039 4568 2149 4608 non
2180 4551 2318 4606 vult.

2616 4636 2786 4707 Caput
2846 4635 2897 4690 Ι.

2041 4733 2247 4789 Scimus
2264 4731 2401 4785 enim
2423 4728 2560 4799 quod
2590 4729 2671 4782 lea;
2688 4729 2978 4795 spiritualis
3000 4736 3097 4794 est,
3116 4743 3205 4797 ego
3223 4736 3395 4780 autem
3412 4744 3504 4781 car
3520 4758 3532 4769 -

1972 4827 2108 4881 nalis
2151 4840 2288 4887 sum,
2318 4820 2643 4875 venundatus
2685 4822 2779 4873 sub
2812 4826 3040 4886 peccato.
3079 4818 3231 4883 Quod
3252 4820 3389 4871 enim
3416 4835 3534 4886 ope-

1972 4936 2080 4979 ror,
2138 4932 2239 4969 non
2282 4914 2539 4981 intelligo.
2587 4910 2709 4963 Non
2748 4911 2883 4963 enim
2930 4909 3064 4979 quod
3108 4910 3243 4974 volo,
3276 4910 3369 4962 hoc
3400 4926 3529 4979 ago:

1972 5010 2060 5064 sed
2102 5007 2239 5077 quod
2290 5005 2399 5068 odi,
2434 5002 2566 5056 illud
2596 5003 2757 5070 facio.
2803 5002 2865 5054 Si
2911 5010 3085 5052 autem
3113 5000 3250 5069 quod
3280 5000 3420 5059 nolo,
3464 5002 3534 5052 il-

1973 5100 2063 5154 lud
2119 5098 2278 5168 facio,
2319 5095 2581 5150 consentio
2632 5094 2730 5161 legi
2758 5090 2896 5160 quod
2938 5091 3073 5143 bona
3098 5100 3195 5146 est.
3237 5090 3393 5144 Nunc
3437 5110 3531 5145 au-

1976 5202 2075 5245 tem
2111 5191 2227 5258 jam
2264 5204 2365 5243 non
2414 5202 2504 5252 ego
2532 5199 2715 5252 operor
2747 5181 2900 5241 illud,
2939 5181 3027 5235 sed
3068 5182 3202 5250 quod
3243 5183 3445 5235 habitat
3480 5185 3533 5236 in

1976 5300 2057 5338 ms
2094 5289 2385 5348 peccatum.
2433 5277 2557 5331 Scio
2604 5276 2740 5328 enim
2776 5272 2912 5342 quod
2946 5288 3047 5325 non
3096 5274 3301 5349 habitat
3332 5276 3387 5327 in
3418 5293 3531 5334 me,

2038 5458 2149 5528 (47)
2168 5455 2299 5523 Reg.
2316 5454 2507 5507 tertius
2522 5452 2606 5503 ἐπ’
2620 5452 2780 5520 αὐτῇ.
2797 5449 2995 5505 Ibidem
3016 5450 3123 5504 duo
3141 5467 3272 5505 mss.
3298 5451 3535 5572 μἾθέἈη.

2041 5527 2152 5572 (ΑΩ)
2178 5526 2423 5572 lltranue
2456 5522 2620 5572 editio
2658 5520 2880 5572 perinde
2909 5532 2964 5572 ut
2995 5520 3304 5572 Cumbelisii
3340 5522 3357 5572 I
3387 5524 3535 5572 cuius

2041 5520 2152 5597 (48)
2178 5520 2423 5591 Utraque
2456 5522 2620 5597 editio
2658 5520 2880 5589 perinde
2909 5532 2964 5597 ut
2995 5520 3304 5597 Cumbeﬁsii
3340 5520 3538 5589 Regius

1967 5590 2143 5653 codex.
2172 5590 2583 5662 πεπραγμένος,
2618 5601 2893 5662 corrupte.
2922 5590 3068 5659 Regii
3110 5592 3397 5662 printusAct
3427 5610 3498 5645 ιω·
3519 5622 3538 5634 -

1972 5671 2079 5722 tius
2112 5660 2479 5732 πεπραμένος,
2520 5660 3013 5732 emendate._Quotl
3056 5661 3263 5732 notavit
3307 5660 3540 5732 Cannis»

1975 5740 2147 5795 ﬁsius,
2186 5730 2311 5801 legi,
2337 5736 2388 5785 in
2437 5731 2566 5798 Reg.
2613 5746 2712 5783 suo
2758 5730 2944 5785 codice
2982 5730 3351 5801 πεπραμένος,
3392 5731 3448 5784 in
3476 5747 3543 5790 ea

1976 5808 2147 5877 ipsum
2174 5806 2382 5865 lapsum
2409 5802 2572 5857 fuisse
2600 5816 2814 5856 moneo.
