3962 6238
367 358 469 411 τες
917 333 920 336 ’
1678 340 1949 401 S.BAS"

2066 337 2283 396 MAGNI

3521 331 3620 392 πμ

365 475 460 526 hoc
515 479 591 528 est
623 509 638 534 ,
697 471 752 524 in
795 484 952 523 carne
1003 481 1118 520 mea
1150 503 1165 527 ,
1214 465 1405 520 bonum
1447 480 1618 518 :nam
1661 463 1789 519 vctle
1831 459 1932 515 ad-

2065 457 2163 527 μοι
2185 455 2456 528 ἁμαρτία.
2484 450 2629 510 οῖδα
2649 453 2738 519 δὲ,
2766 452 2982 509 ὅτιούκ
3011 453 3166 509 οισιεῖ
3185 454 3254 508 ὲν
3275 453 3428 524 ἐμοὶ,
3455 470 3620 509 τουτ-

357 564 500 634 jacet
527 563 678 625 mihi,
705 561 950 630 perﬁcere
981 569 1157 614 autem
1187 558 1400 619 bonum,
1421 573 1523 610 non
1551 556 1776 609 invenio.
1812 553 1939 608 Non

361 655 501 706 enim
527 653 666 724 quod
712 653 849 716 volo,
899 651 1039 720 facio
1077 651 1271 706 bonum
1301 668 1320 705 :
1350 648 1439 704 sed
1481 647 1619 719 quod
1668 647 1788 700 nolo
1824 663 1939 700 ma-

366 747 495 811 lum,
541 747 636 800 hoc
667 762 785 816 ago.
831 743 890 797 Si
934 755 1106 797 autem
1129 742 1266 812 quod
1298 742 1418 796 nolo
1449 757 1560 811 ego,
1594 739 1728 792 illud
1757 739 1898 809 facio
1919 756 1938 793 :

359 837 477 908 jam
504 856 608 893 non
641 855 732 910 ego
781 852 966 906 operor
996 835 1153 900 illud,
1195 836 1284 890 sed
1330 835 1469 905 quod
1520 833 1726 887 habitat
1767 835 1823 887 in
1859 850 1940 887 me

365 939 633 999 peccatum
664 927 839 998 (Rom.
874 944 969 994 vn,
998 927 1238 996 14-20).

891 1131 1171 1188 REGULA
1205 1130 1376 1187 XXIV
1393 1168 1409 1181 .

369 1228 526 1297 Quod
562 1241 694 1284 nun-
726 1229 1097 1294 mendacium,
1122 1229 1219 1285 sed
1247 1245 1438 1286 verum
1468 1229 1524 1284 in
1557 1228 1814 1286 omnibus
1853 1229 1941 1286 di-

1008 1320 1265 1374 ccndum.

997 1433 1168 1505 Caput
1217 1433 1269 1494 Ι.

439 1528 523 1587 Sit
571 1539 747 1585 autem
792 1527 966 1584 ’sermo
1019 1538 1206 1594 vester,
1259 1527 1379 1594 Est,
1429 1538 1506 1586 est
1553 1546 1572 1584 :
1606 1528 1751 1594 Non,
1791 1545 1940 1586 non:

367 1624 504 1695 quod
523 1633 699 1677 autem
714 1623 794 1676 his
811 1621 1168 1676 abundantius
1189 1631 1287 1686 est,
1320 1639 1355 1676 a
1383 1622 1524 1676 malo
1544 1632 1624 1678 est
1647 1621 1864 1694 (Matth.
1884 1639 1938 1690 ν,

369 1715 535 1785 57)...
587 1715 911 1785 Deponentes
956 1713 1322 1778 mendacium,
1373 1714 1645 1782 loquimini
1675 1715 1942 1770 veritatem

2043 547 2232 610 ἐστιν,
2273 546 2344 600 ὲν
2393 545 2467 615 τῇ
2506 545 2689 616 σαρκί
2716 562 2858 615 μου.
2888 545 3146 616 ἀγαθόν·
3182 545 3248 598 τὸ
3283 544 3395 616 γὰρ
3427 544 3625 602 θέλειν

2044 637 2396 706 παράκειταί
2434 655 2558 708 μοι,
2610 637 2678 691 τὸ
2724 636 2794 690 δὲ
2826 635 3276 707 κατεργάζεσθαι
3320 637 3386 691 τὸ
3438 637 3627 690 καλὸν

2044 732 2158 801 οὐχ
2187 731 2469 800 εὑρίσκω.
2502 733 2583 786 Οὐ
2622 732 2732 801 γὰρ
2762 730 2792 785 ὃ
2819 731 2992 796 θέλω,
3023 727 3172 783 ποιῶ
3207 728 3458 799 ἀγαθὸν,
3487 726 3626 783 ἀλλ’

2045 821 2079 876 ὃ
2115 825 2188 878 οὺ
2233 823 2388 879 θέλω
2441 823 2653 889 κακὸν,
2709 823 2886 878 τοῦτο
2934 821 3207 891 πράσσω.
3259 824 3331 876 Et
3374 821 3443 875 δὲ
3481 820 3515 874 ὃ
3556 822 3627 875 οὐ

2043 913 2199 969 θέλω
2226 915 2360 986 ἐγὼ,
2392 916 2568 972 τοῦτο
2608 915 2775 980 ποιεῖ),
2817 915 3019 970 οὐκέτι
3057 914 3171 984 ἐγὼ
3207 911 3629 984 κατεργάζομαι

2043 1005 2214 1071 αὐτὸ,
2253 1007 2391 1061 ἀλλ’
2421 1008 2459 1076 ἠ
2480 1006 2733 1061 οἰκοῦσα
2756 1007 2826 1060 ὲν
2855 1005 2983 1076 ἐμοὶ
3011 1004 3280 1076 ἁμαρτία.

2651 1121 2828 1175 ΟΡΟΣ
2877 1122 3007 1175 KA'.

2225 1212 2349 1268 Ὀτι
2386 1213 2448 1268 ob
2475 1213 2555 1268 δεῖ
2579 1214 2894 1285 ψεύδεσθαι,
2919 1214 3034 1269 ἀλλ’
3065 1212 3348 1284 ἀληθεύειν
3391 1214 3452 1266 ἐν

2695 1306 2860 1360 παντί

2115 1529 2486 1586 unum.
2520 1441 3079 1606 rmfsédiui...
3111 1533 3298 1605 ὑμῶν,
3331 1533 3456 1600 ναὶ.
3490 1533 3623 1589 ναι·

2047 1620 2143 1687 οὒ,
2176 1622 2246 1678 οὕ
2265 1639 2280 1653 ο
2332 1624 2400 1678 τὸ
2431 1623 2502 1679 δὲ
2533 1627 2834 1694 περισσὸν
2880 1629 3109 1690 τούτων
3130 1627 3200 1692 ἐκ
3225 1626 3331 1684 τοῦ
3361 1625 3627 1695 πονηροῦ

2048 1713 2236 1768 ἐστιν.
2269 1715 2448 1770 ΠΡΟΣ
2480 1714 2671 1770 ΕΦΕΣ.
2718 1717 3090 1788 Ἀποθέμενοι
3131 1718 3197 1773 τὸ
3236 1717 3489 1787 ψεῦδος,
3521 1719 3626 1774 λα·

367 1808 720 1878 unusquisque
757 1823 874 1860 cum
931 1807 1169 1874 proximo
1217 1821 1312 1860 suo
1370 1805 1585 1876 (Ephes.
1625 1823 1700 1875 Iv,
1733 1807 1942 1876 25)..."

2065 1805 2209 1860 ῑεῖτε
2251 1805 2541 1872 ἀλήθειαν
2577 1807 2833 1875 ἕκαστος
2863 1811 3016 1880 μετὰ
3056 1811 3162 1866 τοῦ
3206 1811 3478 1878 πλησίον
3519 1811 3624 1864 αὺ-

371 1896 783 1954 Νοιὶιεεηιεηιὶνὶ
810 1899 1027 1952 invicem
1055 1897 1284 1967 (Coloss.
1336 1913 1420 1963 ιιι,
1449 1897 1524 1965 9).

860 2005 1140 2060 REGULA
1182 2004 1348 2059 XXV.

371 2099 526 2166 Quod
554 2100 883 2171 quaestiones
917 2099 1140 2153 inutiles
1175 2107 1228 2154 et
1260 2098 1616 2155 contentiosa:
1668 2115 1776 2156 non
1821 2110 1949 2158 sunt

1003 2190 1284 2246 faciendae.

998 2302 1171 2374 Caput
1200 2303 1251 2361 1.

449 2394 574 2463 Harp
613 2412 902 2459 commone,
941 2397 1230 2460 testiﬁcaris
1281 2413 1464 2456 coram
1512 2397 1737 2453 Domino
1778 2415 1797 2454 :
1831 2401 1942 2456 noli

369 2485 680 2540 contendere
730 2487 896 2540 verbis
931 2487 1000 2540 ad
1025 2487 1230 2541 nullam
1281 2489 1594 2554 utilitatem,
1627 2490 1696 2543 ad
1729 2491 1947 2545 subver-

370 2578 570 2632 sionem
602 2578 929 2632 audientium
962 2577 1050 2650 (II
1082 2578 1220 2634 Tim.
1258 2594 1320 2642 ιι,
1359 2581 1567 2649 id)..."
1609 2580 1818 2636 Stultas
1851 2599 1950 2636 au-

374 2680 475 2722 tem
501 2678 552 2722 et
593 2670 705 2723 sine
735 2669 1019 2738 disciplina
1045 2673 1360 2741 qucestiones
1388 2672 1583 2738 devita,
1608 2675 1777 2729 sciens
1809 2675 1949 2746 quod

371 2771 620 2830 generant
653 2762 769 2814 lites
804 2761 957 2832 (ibid.
979 2763 1092 2834 23).

373 2852 530 2920 Quod
559 2868 666 2907 non
703 2862 832 2908 sunt
861 2854 1186 2927 proferenda
1222 2856 1388 2912 verba
1417 2857 1616 2923 otiosa,
1647 2873 1767 2928 quae
1788 2858 1952 2931 256

444 2945 580 2999 nihil
624 2946 881 3001 utilitatis
927 2946 1176 3002 ail'erant.
1214 2947 1430 3003 Etenim
1458 2949 1628 3019 loqui,
1661 2960 1754 3005 aut
1783 2953 1950 3006 etiam

445 3037 626 3094 facere
691 3038 873 3109 ipsum
945 3041 1151 3096 bonum
1222 3057 1336 3097 non
1399 3043 1465 3098 ad
1529 3044 1946 3100 mdiﬁoationem

2046 1898 2224 1952 τοῦ...
2269 1899 2454 1955 ΠΡΟΣ
2496 1902 2657 1956 ΚΟΛ.
2699 1902 2796 1971 Μὴ
2830 1903 3128 1972 ψεύδεσθε
3158 1906 3248 1969 εὶς
3287 1901 3621 1969 ἀλλήλους·

2667 2017 2840 2071 ΟΡοΣ
2881 2019 3012 2072 KE'.

2120 2102 2241 2155 Ὅτι
2271 2105 2330 2156 οὐ
2356 2103 2439 2157 δεῖ
2463 2104 2717 2178 ζητήσεις
2751 2109 3050 2180 ἀνωφελεῖς
3079 2111 3114 2184 ἢ
3143 2113 3552 2184 ἐμφιλονεικους

2691 2201 2983 2258 ποιεῖσθαι.

2661 2314 2886 2383 Κεφάλ.
2934 2322 3015 2372 Α’.

2119 2401 2295 2454 ΠΡΟΣ
2327 2401 2474 2458 ΤΙΜ,
2509 2402 2574 2473 β’.
2625 2406 2817 2461 Ταῦτα
2852 2409 3270 2480 ὑπομίμνησκε
3306 2411 3625 2482 διαμαρτυ-

2039 2489 2297 2558 ρόμενος
2323 2492 2579 2547 ένώπιον
2606 2495 2714 2549 τοῦ
2743 2499 2967 2565 Kvplov
2985 2516 3000 2530 ο
3037 2499 3123 2570 μὴ
3148 2502 3510 2572 λογομαχεῖν
3543 2507 3630 2570 εις

2046 2581 2227 2636 οὐδὲν
2275 2584 2578 2654 χρήσιμον
2632 2589 2731 2641 ἐπὶ
2784 2591 3173 2662 καταστροφῇ
3219 2592 3338 2647 τῶν
3376 2595 3632 2651 ἀκουόνδ

2046 2692 2256 2730 των....
2287 2678 2398 2745 Τὰς
2438 2679 2507 2733 δὲ
2540 2683 2744 2750 μωρὰς
2780 2685 2880 2739 καὶ
2918 2685 3313 2754 ἀπαιδεύτους
3349 2686 3631 2760 ζητήσεις

2048 2769 2358 2836 παραιτοῦ,
2387 2770 2578 2838 εἰδὼς,
2611 2771 2700 2827 ὅτι
2729 2775 2983 2845 γεννῶσι
3016 2777 3235 2848 μάχας.

2051 2857 2176 2911 Ὅτι
2202 2861 2262 2912 οὐ
2286 2861 2370 2914 δεῖ
2390 2861 2724 2932 φθέγγεσθαι
2746 2866 2903 2936 λόγον
2926 2870 3115 2940 ἀργὸν,
3147 2869 3207 2937 ἐξ
3231 2863 3293 2924 οὗ
3319 2872 3475 2927 οὐδὲν
3506 2873 3631 2944 ὕφε-

2118 2951 2229 3016 λος.
2252 2953 2324 3006 Τὸ
2346 2954 2455 3026 γὰρ
2482 2955 2555 3027 μὴ
2581 2957 2716 3027 πρὸς
2736 2959 3022 3031 οἰκοδομὴν
3044 2963 3142 3033 τῆς
3164 2963 3400 3028 πίστεως
3423 2963 3629 3027 λαλεῖν,

2118 3045 2152 3117 ἢ
2185 3045 2280 3098 καὶ
2309 3046 2421 3116 (49)
2452 3051 2624 3102 ποιεῖν
2667 3051 2799 3119 αὐτὸ
2836 3053 2898 3105 τὺ
2935 3053 3159 3123 ἀγαθὸν,
3195 3056 3385 3110 λυπεῖν
3419 3058 3540 3111 ἐστι
3570 3056 3630 3110 τὸ

445 3129 590 3192 ﬁdei,
654 3131 708 3184 id
776 3145 1027 3189 sanctum
1087 3134 1179 3190 Dei
1237 3133 1499 3206 Spiritum
1585 3137 1808 3193 tristitia
1874 3137 1949 3192 ai-

2124 3135 2348 3207 Πνεῦμα
2375 3137 2434 3191 τὸ
2461 3139 2613 3208 ἅγιον
2635 3140 2728 3194 τοῦ
2753 3141 2911 3196 Θεοῦ.

445 3229 579 3284 ﬁcit.

1005 3320 1180 3391 Caput
1214 3320 1293 3377 ll.

449 3414 578 3470 Dico
638 3423 813 3469 autent
876 3414 1044 3478 vobis,
1092 3412 1233 3484 quod
1275 3414 1338 3469 de
1376 3417 1521 3469 omni
1563 3415 1717 3472 verbo
1775 3417 1950 3475 otioso

373 3506 512 3578 quod
551 3506 713 3562 locuti
751 3505 948 3574 fuerint
1001 3505 1258 3570 homines,
1311 3505 1525 3561 reddent
1583 3508 1843 3563 rationem
1895 3512 1952 3565 in

374 3599 458 3653 die
477 3597 673 3668 judicii
715 3596 932 3668 (Matth.
964 3613 1065 3663 xu,
1102 3598 1310 3668 56).....
1375 3599 1563 3655 Omnis
1593 3617 1766 3658 sermo
1793 3619 1950 3671 spur-

375 3709 467 3748 cus
507 3708 572 3748 ex
604 3709 692 3748 ore
724 3701 893 3746 vestro
932 3709 1034 3746 non
1075 3693 1328 3762 procedat
1365 3711 1385 3750 :
1431 3694 1523 3749 sed
1564 3697 1611 3750 si
1644 3699 1759 3768 quis
1785 3698 1951 3755 bonus

377 3779 447 3832 ad
480 3779 884 3848 wdiﬁcationem
915 3778 1062 3848 ﬁdei,
1099 3790 1156 3831 ut
1207 3779 1293 3833 det
1325 3783 1558 3850 gratiam
1592 3783 1950 3842 audientibus.

378 3871 448 3926 Et
489 3872 650 3925 nolite
682 3872 999 3924 contristare
1037 3870 1292 3940 Spiritum
1322 3883 1564 3927 sanctum
1589 3874 1685 3930 Dei
1715 3892 1733 3930 :
1766 3878 1820 3931 in
1849 3895 1952 3949 quo

378 3963 638 4034 obsignati
667 3964 794 4017 estis
829 3964 884 4016 in
912 3963 1052 4017 diem
1094 3964 1466 4034 redemptionis
1500 3966 1718 4038 (Ep/tes.
1748 3986 1824 4034 tv,
1858 3971 1949 4029 29.

377 4057 490 4112 30‘.

908 4225 1190 4282 REGULA
1228 4228 1420 4284 XXVI.

381 4315 537 4382 Quod
595 4317 822 4372 verbum
877 4333 1040 4374 omne
1089 4332 1183 4375 aut
1232 4338 1324 4377 res
1391 4324 1703 4380 testimonio
1756 4326 1954 4384 divinae

454 4406 754 4478 Scriptura:
786 4409 1123 4465 obﬁrmanda
1173 4424 1300 4467 sunt
1346 4414 1414 4469 ad
1456 4416 1718 4486 integram
1775 4420 1950 4476 bono-

2665 3315 2890 3383 Κεφάλ.
2919 3319 2980 3369 Β¹

2120 3401 2490 3458 ΜΑΤΘΑιοΣ.
2530 3404 2695 3475 Λέγω
2735 3406 2804 3459 δὲ
2841 3408 2983 3478 ὑμῖν
3017 3407 3150 3479 (50),
3184 3407 3274 3464 ὅτι
3304 3408 3428 3465 πᾶν
3463 3408 3635 3480 ῥῆμα

2051 3492 2236 3563 ἀργὸν
2257 3495 2289 3549 ὃ
2311 3496 2419 3550 ἐὰν
2442 3498 2802 3564 λαλήσωσιν
2827 3504 2880 3555 ol
2902 3500 3219 3570 ἄνθρωποι,
3240 3501 3633 3558 ἀποδώσουσι

2051 3585 2185 3655 περὶ
2241 3588 2428 3643 αὐτοῦ
2501 3591 2687 3662 λόγον
2739 3593 2810 3646 ἐν
2864 3593 3055 3663 ἡμέρᾳ
3118 3595 3389 3663 κρίσεως.
3451 3594 3634 3648 ΠΡΟΣ

2052 3676 2242 3730 ΕΦΕΣ.
2275 3679 2402 3746 Πᾶς
2436 3684 2619 3751 λόγος
2640 3685 2876 3754 σαπρὸς
2899 3687 2968 3740 ἐκ
2999 3686 3107 3741 τοῦ
3133 3690 3433 3758 στόματος
3463 3686 3634 3757 ὑμῶν

2046 3766 2133 3835 μὴ
2159 3767 2573 3835 ἐκπορευέσθω
2592 3789 2605 3801 ⁶
2642 3774 2783 3828 ἀλλ’
2814 3776 2871 3828 εἲ
2899 3791 2989 3843 τις
3025 3777 3246 3845 ἀγαθὸς
3285 3777 3436 3844 πρὸς
3467 3780 3633 3832 οἱκο-

2051 3856 2248 3927 δομὴν
2269 3857 2377 3927 τῆς
2401 3861 2680 3929 πίστεως,
2705 3865 2806 3918 ἵνα
2835 3864 2918 3930 δῷ
2950 3866 3127 3934 χάριν
3153 3867 3276 3933 τοῖς
3310 3868 3630 3932 ἀκούουσι,

2052 3949 2152 4002 καὶ
2198 3949 2284 4018 μὴ
2336 3951 2572 4020 λυπῆτε
2614 3954 2726 4022 (51)
2783 3956 2850 4008 τὸ
2899 3958 3144 4026 Πνεῦμα
3192 3959 3260 4012 τὸ
3308 3959 3479 4028 ἅγιον
3519 3961 3634 4016 τοῦ

2056 4041 2223 4107 Θεοῦ,
2245 4041 2315 4095 ἐν
2341 4037 2389 4111 ᾧ
2420 4043 2862 4126 έσςοραγισθητε
2897 4051 2986 4116 εὶς
3031 4050 3260 4120 ἡμέραν
3286 4051 3637 4122 ἀπολυτρώ-

2053 4147 2228 4196 σεως.

2661 4231 2834 4283 opus
2871 4233 3013 4300 KQ”.

2055 4313 2179 4368 Ὀτι
2205 4316 2287 4370 δεῖ
2320 4320 2428 4372 πᾶν
2453 4320 2605 4392 ῥῆμα
2631 4321 2664 4392 ἢ
2698 4325 2934 4394 πρᾶγμα
2967 4325 3288 4380 πιττοῦσθαι
3316 4329 3383 4398 τῇ
3426 4343 3636 4398 μαρτυ-

2126 4409 2218 4479 ρίᾳ
2246 4410 2348 4480 τῆς
2373 4411 2729 4467 θεοπνεύστου
2767 4416 2990 4487 Γραφῆς
3020 4419 3100 4480 εἰς
3134 4418 3501 4493 πληροφορίαν
3529 4421 3637 4491 μὲν

451 4513 573 4552 rum
628 4502 1035 4570 persuasionem
1071 4543 1086 4568 ,
1125 4512 1180 4558 et
1226 4505 1293 4560 ad
1350 4507 1618 4562 malorum
1689 4525 1949 4568 verecun-

2098 4531 2104 4536 -
2125 4497 2235 4550 τῶν
2262 4498 2505 4568 ἀγαθῶν,
2533 4503 2802 4576 ἐντροπὴν
2824 4505 2880 4558 δὲ
2901 4507 3008 4559 τῶν
3033 4508 3304 4579 πονηρῶν.

450 4593 618 4650 diam.

1014 4687 1186 4759 Caput
1238 4687 1288 4744 Ι.

451 4779 524 4835 Et
575 4778 825 4835 accedens
882 4780 951 4834 ad
1019 4797 1138 4835 eum
1181 4791 1408 4836 tentator
1457 4783 1639 4839 dixit:
1671 4784 1732 4841 Si
1777 4786 1957 4848 Filius

383 4871 481 4928 Dei
511 4889 586 4938 es,
626 4871 712 4925 dic
765 4881 820 4925 ut
846 4871 1045 4940 lapides
1084 4875 1174 4929 isti
1202 4889 1362 4942 panes
1405 4878 1563 4947 ﬁant.
1612 4879 1717 4944 Qui
1743 4897 1957 4950 respon-

383 4964 510 5020 dens
542 4965 679 5019 dixit
714 4980 732 5019 :
763 4962 1029 5034 Scriptum
1071 4976 1148 5020 est
1184 4975 1214 5021 :‘
1237 4966 1362 5022 Non
1393 4971 1448 5022 in
1486 4969 1598 5025 solo
1635 4987 1769 5039 pane
1822 4975 1954 5028 vivet

384 5054 561 5118 homo,
601 5055 691 5108 sed
715 5055 768 5108 in
809 5056 951 5109 omni
987 5056 1159 5123 verbo,
1193 5057 1332 5126 quod
1361 5061 1598 5128 procedit
1629 5061 1694 5115 de
1723 5080 1814 5116 ore
1855 5064 1955 5119 Dei

386 5145 606 5214 (Matth.
637 5163 711 5211 Iv,
749 5147 816 5212 ὃς
885 5148 1039 5204 Deut.
1078 5165 1198 5215 un,
1231 5150 1403 5222 5).....
1471 5151 1542 5206 Et
1592 5155 1774 5222 repleti
1831 5165 1955 5211 sunt

387 5252 564 5290 omnes
613 5234 817 5305 Spiritu
845 5249 1048 5303 sancto,
1095 5250 1145 5294 et
1195 5251 1457 5309 coeperunt
1511 5242 1654 5313 loqui
1683 5245 1805 5299 aliis
1847 5248 1956 5301 tin-

386 5330 524 5398 guis,
548 5337 701 5396 prout
737 5327 968 5396 Spiritus
1007 5341 1220 5387 sanctus
1260 5333 1425 5388 dabat
1457 5336 1633 5407 eloqui
1668 5337 1776 5392 illis
1808 5339 1951 5408 (Act.

386 5435 446 5484 ιι,
489 5420 660 5492 4).....
687 5420 977 5491 Stupebant
1009 5435 1184 5479 autem
1214 5443 1416 5493 omnes,
1445 5437 1495 5481 et
1524 5429 1959 5490 mirabantur.ad

387 5511 624 5576 invicem,
664 5513 895 5569 dicentes
927 5531 945 5568 :
988 5515 1256 5581 Quidnam
1311 5521 1421 5574 vult
1473 5521 1571 5575 hoc
1621 5539 1736 5577 esse
1764 5526 1790 5579 2
1847 5524 1959 5579 Alii

464 5689 576 5756 (49)
614 5695 862 5760 νίοειιῐεῐη
891 5695 985 5749 καί
1013 5696 1194 5751 addidi
1223 5714 1290 5753 ex
1328 5701 1568 5760 antiquis
1597 5703 1774 5760 libris.

464 5760 578 5831 (ὄο)
614 5758 854 5833 Utraque
888 5766 1055 5820 editio
1083 5766 1225 5834 λέγω
1257 5769 1405 5839 ὑμῖν.
1440 5758 1664 5829 Veteres
1693 5758 1801 5830 duo
1830 5775 1954 5831 libri

2672 4705 2899 4774 Κεφάλ.
2929 4712 3013 4761 Α’.

2135 4788 2500 4846 ΜΑΤΘΑῙΟΣ.
2555 4794 2664 4848 Καὶ
2701 4799 3056 4864 προσελθὼν
3088 4799 3249 4865 αὐτῷ
3280 4803 3314 4855 ό
3347 4799 3641 4868 πειρόζὼν

2053 4880 2254 4938 εἶπεν·
2296 4886 2366 4938 Et
2415 4884 2546 4951 Υἱὸς
2585 4883 2648 4941 εἷ
2677 4888 2784 4942 τοῦ
2835 4891 3005 4954 Θεοῦ,
3043 4891 3191 4956 εἰπὲ,
3236 4893 3339 4947 ἵνα
3382 4896 3438 4947 ol
3473 4894 3641 4949 λίθοι

2058 4971 2224 5030 οὗτοι
2283 4972 2448 5043 ἄρτοι
2498 4975 2800 5045 γένωνται.
2863 4981 2917 5033 '0
2963 4980 3031 5034 δὲ
3073 4984 3412 5052 ἀποκριθεὶς
3462 4981 3601 5040 εἷπε
3622 5004 3637 5015 ·

2059 5068 2394 5136 Γέγραπται
2413 5084 2426 5097 ·
2458 5071 2580 5124 Οὐκ
2619 5070 2710 5124 ἐπ’
2730 5071 2903 5153 ,ἄρτῳ
2939 5076 3105 5144 μόνῳ
3135 5075 3370 5144 ζήσεται
3407 5078 3642 5148 ἄνθρω-

2060 5171 2192 5224 πος,
2239 5160 2376 5214 ἀλλ’
2413 5161 2512 5214 ἐπὶ
2556 5163 2735 5216 παντὶ
2775 5164 2997 5233 ῥήματι
3046 5167 3496 5238 ἐκπορευομένῳ
3533 5171 3644 5225 διὰ

2060 5252 2358 5320 στόματος
2426 5253 2596 5307 Θεοῦ.
2676 5255 2988 5313 ΠΡΛΞΕΙΣ.
3061 5260 3169 5314 Καὶ
3229 5260 3644 5328 ἐπλήσθησαν

2061 5339 2323 5408 ἅπαντες
2359 5343 2703 5413 Πνεύματος
2743 5346 2935 5415 ἁγίου,
2983 5343 3078 5402 καὶ
3124 5349 3382 5417 ἤρξαντο
3417 5353 3650 5406 λαλεῖν

2058 5434 2287 5503 ἑτέραις
2308 5435 2636 5504 γλώσσαις,
2677 5439 2870 5506 καθὼς
2905 5441 2974 5496 τὸ
3006 5441 3248 5512 Πνεῦμα
3282 5441 3485 5497 ἐδίδου
3525 5447 3652 5500 αὐ.

2059 5526 2185 5594 τοῖς
2205 5529 2748 5600 ἀποφθέγγεσθαι...
2798 5531 3142 5598 Ἑξίσταντο
3166 5534 3234 5588 δὲ
3251 5533 3495 5603 πάντες,
3527 5536 3652 5594 εισι

2057 5705 2202 5778 λέγω
2229 5707 2454 5778 δὲμύμϊν.

2131 5777 2242 5849 (51)
2276 5776 2406 5846 Reg.
2449 5781 2638 5838 tertius
2677 5781 2752 5852 μὴ
2774 5781 3013 5838 λυπεῖτε.
