3962 6238
486 302 584 360 73!

1781 304 1859 385 .s.
1900 297 2143 360 essu."
2186 302 2403 361 suum

3655 308 3749 366 τκι

490 425 594 476 Sed
619 423 969 494 hocjudicate
1004 440 1194 494 magis,
1228 441 1288 478 ne
1318 424 1528 495 ponatis
1560 421 1936 493 oﬁendiculum
1962 422 2049 493 [ra

2171 423 2401 487 ἐκείνῳ,
2429 419 2503 475 δι’
2526 414 2599 476 οὗ
2624 421 2689 476 τὸ
2720 408 3075 476 σκάνδαλον
3102 419 3358 490 ἔρχεται.
3391 422 3572 477 ΠΡυΣ
3593 406 3747 480 ΡΩΜ.

487 518 580 586 tri,
601 516 677 571 vel
710 517 1025 572 scandalum
1059 516 1235 590 (Rom.
1267 533 1380 582 xw,
1412 515 1523 588 15).
1636 532 1639 535 ·

484 731 641 799 Quod
682 734 947 805 quidquid
980 734 1194 791 Domini
1227 735 1492 790 voluntati
1523 736 1870 802 adversatur,
1908 753 2070 792 scan-

1117 827 1302 882 dalum
1338 828 1429 883 sit.

1123 942 1296 1012 Caput
1348 940 1435 996 ΙΙ.

554 1033 763 1088 Exinde
792 1034 945 1103 σαρξί
976 1033 1135 1089 Jesus
1163 1032 1445 1089 ostendere
1460 1031 1743 1103 discipulis
1766 1034 1902 1099 suis,
1929 1033 2069 1106 quod

2184 515 2360 570 Ἀλλὰ
2379 512 2553 569 τοῦτο
2582 514 2820 583 κρίνατε
2841 512 3104 585 μᾶλλον,
3126 514 3194 568 τὸ
3213 514 3300 584 μὴ
3325 515 3549 570 τιθέναι
3576 517 3752 585 πρόσ-

2171 623 2367 677 κομμα
2399 605 2481 673 τῷ
2507 605 2772 676 ἀδελφῷ,
2807 606 2847 675 ἢ
2875 606 3252 662 σκάνδαλον.

2172 720 2295 772 Ὀτι
2339 721 2448 773 πᾶν
2486 718 2548 772 τὸ
2580 719 2958 791 ἀντικείμενον
2998 719 3076 791 τῷ
3109 720 3203 774 τοῦ
3238 720 3444 792 Κυρίου
3494 721 3752 793 θελήματι

2720 812 3015 867 πάνδαλὸν
3043 815 3212 866 ἐστιν.

2777 924 3003 982 Κεφάλ.
3056 923 3138 980 Β”.

2777 943 2875 981 ιίε·
2903 943 3003 982 αλ.
3056 943 3138 980 u.

2239 1017 2607 1072 ΜΑΤΘΑΙΟΣ.
2657 1017 2792 1098 Ἀπὸ
2838 943 2972 1074 τῇτε
3010 1017 3235 1087 ἤρξατο
3274 1020 3307 1072 ὁ
3368 1018 3602 1087 Ἰησοῦς
3643 1018 3750 1073 δει-

481 1136 743 1196 oporteret
774 1142 893 1180 eum
920 1128 996 1180 ire
1024 1124 1440 1197 Jerosolymam,
1477 1134 1529 1179 et
1560 1125 1729 1178 multa
1763 1126 1876 1194 pati
1920 1141 1952 1178 a
1996 1141 2050 1179 se

2170 1110 2377 1164 κνύειν
2407 1108 2534 1176 τοῖς
2563 1109 2856 1180 μαθηταῖς
2887 1109 3095 1177 αὐτοῦ,
3132 1109 3223 1164 ὅτι
3249 1109 3347 1164 δεῖ
3369 1112 3557 1165 αὺτέν
3576 1112 3754 1166 ἀπελ-

480 1219 742 1283 nioribus,
774 1229 822 1274 et
848 1218 1179 1286 principibus
1212 1217 1573 1281 sacerdotum,
1601 1225 1653 1270 et
1686 1216 1896 1285 scribis,
1919 1225 1968 1271 et
1982 1232 2071 1271 oc-

473 1309 607 1375 cidi,
632 1320 679 1365 et
713 1312 867 1364 tertia
893 1311 979 1364 die
1008 1325 1298 1379 resurgere.
1324 1308 1392 1362 Et
1410 1307 1797 1378 apprehendens
1821 1324 1939 1363 eum
1967 1307 2071 1362 Pe—

478 1413 591 1458 trus
618 1404 767 1468 coepit
791 1403 1062 1472 increpare
1082 1402 1259 1467 illum,
1290 1399 1468 1455 dicens
1500 1416 1518 1453 :
1556 1400 1833 1471 Propitius
1861 1402 1935 1457 sis
1952 1400 2065 1465 tibi,

476 1495 721 1557 Domine,
753 1510 855 1547 non
874 1495 976 1548 erit
1001 1492 1095 1547 tibi
1119 1492 1234 1547 hoc.
1263 1492 1368 1559 Qui
1388 1509 1692 1556 conversus,
1712 1493 1851 1546 dixit
1869 1492 2030 1548 Petro
2048 1507 2067 1546 :

2173 1205 2302 1258 θεῖν
2332 1206 2420 1270 εὶς
2450 1204 2861 1274 Ἰεροσόλυμα,
2897 1204 2996 1258 καὶ
3032 1203 3235 1259 πολλὰ
3262 1203 3473 1259 παθεῖν
3497 1203 3621 1258 ἀπὸ
3644 1202 3753 1257 τῶν

2170 1293 2609 1363 πρεσϐυτέρων,
2663 1295 2763 1349 καὶ
2811 1294 3147 1365 ἀρχιερέων,
3203 1294 3303 1349 καὶ
3352 1294 3750 1364 γραμματέων,

2170 1384 2267 1437 καὶ
2290 1382 2765 1452 ἀποκτανθῆναι,
2797 1384 2897 1438 καὶ
2939 1383 3015 1453 τῇ
3050 1385 3217 1452 τρίτῃ
3254 1383 3446 1453 ἡμέρᾳ
3490 1382 3755 1452 ἀναστῆ-

2167 1495 2289 1533 ναι.
2329 1478 2438 1533 Καὶ
2473 1478 2972 1548 προσλαϐόμενος
2992 1475 3179 1530 αὐτὸν
3201 1479 3235 1531 ό
3259 1477 3503 1544 Πέτρος,
3534 1476 3753 1544 ἤρξατο

488 1585 628 1640 Vade
652 1596 769 1655 post
792 1602 892 1653 me,
923 1586 1152 1651 Satana,
1178 1586 1494 1640 scandalum
1522 1587 1653 1641 mihi
1688 1603 1764 1653 es,
1802 1589 1929 1657 quia
1963 1603 2050 1641 nor

2167 1569 2447 1640 ἐπιτιμᾷν
2471 1569 2653 1636 αὐτῷ,
2681 1570 2879 1641 λέγων
2896 1588 2909 1602 ·
2939 1569 3147 1636 Ἵλεώς
3176 1582 3297 1631 σοι,
3338 1569 3537 1637 Κύριε,
3574 1570 3648 1622 οὺ
3672 1569 3752 1636 μὴ

474 1680 615 1746 sapis
646 1697 708 1734 ea
737 1696 853 1750 qua:
885 1678 982 1735 Dei
1012 1688 1155 1747 sunt,
1175 1679 1263 1733 scd
1285 1696 1401 1734 aute
1419 1678 1927 1750 hominumﬂilatth.
1950 1696 2065 1745 1m,

474 1772 692 1842 21-25).

471 2063 629 2133 Quod
662 2064 787 2119 licet
823 2079 853 2117 a
885 2062 1171 2132 Scriptura
1205 2075 1293 2113 res
1322 2059 1405 2113 vel
1432 2058 1661 2113 verbum
1695 2057 1913 2127 aliquod
1941 2071 2067 2111 con-

544 2156 795 2220 cedatur,
822 2170 886 2210 ea
911 2162 1095 2209 tamen
1124 2150 1347 2207 vitanda
1385 2158 1535 2213 sunt,
1567 2164 1693 2203 cum
1719 2149 1808 2202 alii
1845 2149 1911 2202 ad
1938 2164 2066 2218 pec-

539 2255 725 2302 catum
756 2246 925 2301 simili
952 2260 1009 2300 re
1036 2244 1413 2307 concitantur,
1468 2243 1551 2298 vel
1574 2257 1766 2297 eorum
1796 2256 1926 2312 erga
1962 2242 2063 2296 bo-

538 2356 670 2394 num
696 2338 959 2393 alacritas
994 2337 1284 2391 minuitur.

1103 2447 1275 2517 Caput
1308 2445 1430 2499 111.

544 2546 621 2600 De
657 2562 748 2598 esu
798 2546 961 2615 igitur
995 2556 1176 2595 eorum
1206 2556 1323 2610 qua:
1356 2537 1514 2592 idolis
1548 2538 1918 2600 immolantur,
1958 2538 2062 2592 sci-

466 2656 607 2702 mus,
630 2637 770 2709 quod
788 2635 993 2690 nullum
1014 2646 1091 2688 est
1109 2632 1311 2686 idolum
1326 2632 1381 2684 in
1401 2630 1615 2694 mundo,
1643 2640 1692 2684 et
1724 2631 1888 2700 260
1920 2630 2060 2700 quod

466 2733 645 2788 nullus
658 2738 735 2784 est
758 2728 918 2792 Deus,
938 2727 1042 2781 nisi
1071 2743 1230 2779 unus.
1254 2723 1423 2786 Nam,
1449 2723 1550 2777 etsi
1566 2731 1689 2776 sunt
1706 2723 1794 2792 qui
1809 2721 2059 2775 dicuntur

464 2824 563 2888 dii,
579 2824 685 2877 sive
706 2824 762 2876 in
779 2820 928 2884 ccelo,
948 2821 1053 2874 sive
1069 2818 1123 2872 in
1148 2826 1287 2871 terra
1317 2816 1387 2886 (si
1401 2815 1608 2885 quidem
1627 2823 1749 2868 sunt
1767 2812 1924 2866 multi
1955 2811 2054 2879 dii,

460 2932 513 2974 ιι
546 2915 749 2971 domini
773 2913 976 2984 multi),
1010 2910 1159 2966 nobis
1182 2918 1360 2963 tamen
1393 2924 1531 2962 unus
1563 2906 1730 2970 Deus,
1755 2905 1936 2969 Pater,
1991 2920 2057 2959 ea:

447 3025 563 3081 ~quo
594 3008 792 3070 omnia,
810 3016 862 3060 et
896 3022 990 3060 nos
1024 3006 1079 3059 in
1102 3003 1258 3059 illum
1286 3015 1306 3056 :
1326 3011 1379 3057 et
1400 3016 1538 3055 unus
1577 2999 1863 3064 Dominus,
1894 2996 2054 3053 Jesus

2168 1662 2338 1717 ἔσται
2383 1676 2485 1717 σοι
2522 1663 2721 1719 τοῦτο.
2771 1664 2824 1716 '0
2871 1661 2961 1727 δὲ,
3009 1660 3317 1730 στραφεὶς,
3358 1659 3493 1713 εἷπε
3530 1658 3754 1729 (66)τῴ

2099 1779 2144 1837 Β
2172 1754 2402 1823 Πέτρῳ·
2442 1756 2674 1825 ’Ὕπαγε
2705 1754 2898 1808 ὀπίσω
2924 1771 3067 1824 μου,
3093 1751 3355 1810 Σατανᾶ·
3405 1752 3755 1807 σκάνδαλόν

2167 1869 2280 1921 μου
2313 1852 2394 1917 εἷ,
2424 1852 2511 1906 ὅτι
2542 1853 2616 1906 οὐ
2640 1849 2883 1920 φρονεῖς
2902 1851 2978 1905 τὰ
3000 1849 3108 1905 τοῦ
3136 1849 3305 1915 Θεοῦ,
3339 1846 3505 1905 ἀλλὰ
3545 1847 3623 1903 τὰ
3645 1841 3753 1899 τῶν

2165 1943 2512 2013 ἀνθρώπων.

2166 2059 2288 2112 "Ott
2316 2059 2398 2113 δεῖ
2440 2061 2534 2113 καὶ
2583 2060 2646 2113 τὸ
2695 2057 3193 2130 συγκεχωρημένον
3226 2056 3332 2110 ὑπὸ
3386 2057 3490 2128 τῆς
3534 2057 3754 2129 Γραφῆς

2236 2152 2469 2221 πρᾶγμα
2497 2150 2530 2222 ἧ
2566 2138 2719 2222 ῥῆμα
2768 2147 3171 2222 παραιτεῖσθαι,
3205 2149 3331 2202 ὅταν
3364 2148 3755 2219 οἰκοδομῶπαι

2234 2243 2384 2298 ἄλλοι
2412 2248 2476 2298 ἐκ
2518 2244 2609 2299 τοῦ
2638 2244 2822 2314 ὁμοίου
2859 2247 2940 2308 εἰς
2977 2244 3280 2317 ἁμαρτίαν·
3314 2243 3348 2313 ἢ
3376 2245 3752 2298 ὲκκόπτωνται

2233 2338 2331 2409 τὴν
2358 2340 2488 2410 περὶ
2520 2338 2591 2392 τὰ
2618 2338 2757 2391 καλὰ
2783 2337 3115 2411 προθυμίαν.

2777 2452 3002 2522 Κεφάλ.
3044 2452 3131 2513 1".

2230 2545 2409 2599 ΠΡΟΣ
2464 2546 2624 2599 ΚΟΡ.
2685 2552 2752 2599 α’.
2801 2544 2946 2614 Περὶ
2982 2543 3096 2615 τῆς
3133 2545 3419 2614 ,βρώσεως
3471 2543 3590 2604 οὖν
3640 2547 3757 2603 τῶν

2157 2636 2562 2692 ειδωλοθύτων
2593 2637 2858 2708 οἴδαμεν,
2895 2639 2984 2693 ὅτι
3014 2640 3198 2696 οὐδὲν
3235 2640 3493 2695 εἴδωλον
3536 2641 3613 2695 ὲν
3654 2644 3752 2696 κό-

2157 2745 2307 2797 σμῳ,
2332 2729 2431 2783 καὶ
2452 2728 2539 2782 ὅτι
2563 2729 2774 2796 οὐδεος
2798 2731 2943 2799 Θεὸς
2969 2735 3024 2787 εὶ
3041 2732 3129 2803 μὴ
3156 2729 3266 2799 εἷς.
3293 2735 3401 2788 Καὶ
3436 2733 3554 2804 γὰρ
3586 2736 3754 2803 ειπερ

2155 2818 2274 2873 cici
2301 2820 2615 2889 λεγόμενοι
2652 2821 2793 2885 θεοὶ,
2828 2823 2950 2876 εἴτε
2976 2823 3047 2877 ἐν
3076 2822 3309 2894 οὐρανῷ
3353 2826 3477 2879 εἴτε
3509 2826 3614 2880 ἐπὶ
3646 2826 3754 2893 τῆς

2156 2907 2268 2979 γῆς
2306 2908 2531 2978 (ὥσπερ
2557 2911 2674 2965 εἰσὶ
2708 2911 2829 2966 θεοὶ
2861 2916 3082 2970 πολλοὶ
3123 2916 3220 2970 καὶ
3251 2918 3441 2985 κύριοι
3482 2917 3752 2984 πολλοὶ),

2152 3001 2290 3055 ἀλλ’
2336 3001 2483 3071 ἡμῖν
2521 2998 2609 3069 εἵς
2658 3005 2804 3071 Θεὸς
2859 3004 2995 3078 (67),
3047 3011 3080 3061 ό
3148 3007 3375 3076 Πατὴρ,
3428 3008 3502 3074 ἐξ
3551 3006 3630 3066 οὗ
3684 3010 3755 3063 τὰ

461 3101 730 3162 Christus,
766 3113 858 3166 per
885 3112 1037 3168 quem
1062 3096 1262 3159 omnia,
1296 3102 1345 3149 et
1365 3109 1459 3147 nos
1489 3107 1580 3161 per
1600 3092 1770 3159 ipsum
1799 3104 1817 3143 :
1846 3091 1937 3143 sed
1952 3106 2050 3143 non

2159 3091 2389 3156 πάντα,
2437 3094 2537 3147 καὶ
2594 3094 2767 3164 ἡμεῖς
2817 3099 2906 3164 εἰς
2955 3099 3173 3153 αὐτόν·
3215 3098 3315 3153 καὶ
3367 3094 3457 3166 εἷς
3506 3103 3753 3169 Κύριος.

458 3195 516 3247 in
568 3190 812 3245 omnibus
857 3198 937 3243 est
975 3187 1237 3243 .scientia.
1283 3183 1516 3251 Quidam
1559 3192 1733 3237 autem
1772 3198 1891 3238 cum
1931 3199 2057 3236 coit-

458 3286 684 3340 scientia
709 3283 841 3337 idoli
876 3297 1040 3352 usque
1071 3297 1210 3335 nunc
1247 3278 1404 3351 quasi
1447 3275 1798 3346 idolothytum
1828 3275 2055 3329 mandu-

458 3386 605 3440 cant,
637 3385 685 3431 et
713 3375 1040 3429 conscientia
1085 3370 1309 3427 illorum
1336 3384 1455 3423 cum
1489 3368 1561 3421 sit
1590 3366 1835 3436 inﬁrma,
1866 3367 2056 3434 pollui-

457 3480 564 3523 tur.
594 3466 737 3522 Esca
786 3473 964 3519 autem
1020 3479 1116 3517 nos
1170 3477 1274 3515 non
1316 3455 1650 3515 commendat
1700 3455 1832 3511 Deo.
1871 3455 2053 3527 Neque

454 3564 592 3618 enim
620 3562 667 3617 si
699 3557 1215 3620 manducaverimus,
1256 3553 1589 3609 abundamus
1611 3565 1631 3603 :
1662 3565 1823 3621 neque
1856 3550 1905 3604 si
1947 3565 2052 3602 non

457 3653 978 3713 manducaverimus,
1027 3647 1323 3718 deﬁcimus.
1378 3643 1558 3699 Videte
1595 3652 1770 3697 autem
1805 3657 1868 3696 ne
1914 3640 2050 3711 forte

454 3750 566 3803 haec
594 3747 809 3801 licentia
830 3752 1005 3798 vestra
1027 3738 1404 3810 oﬁ'cndiculum
1425 3736 1524 3807 ﬁat
1555 3734 1804 3804 inﬁrmis.
1837 3731 1898 3788 Si
1908 3733 2046 3787 enim

452 3837 570 3907 quis
600 3834 788 3890 viderit
818 3842 886 3897 te,
905 3831 995 3902 qui
1033 3829 1193 3883 habes
1225 3827 1524 3889 scientiam,
1563 3824 1618 3878 in
1651 3822 1816 3877 idolio
1842 3838 2047 3877 recum-

450 3931 677 3991 bentem,
711 3942 882 3981 nonne
918 3921 1242 3978 conscientia
1268 3919 1384 3986 eius
1408 3918 1499 3988 qui
1536 3917 1780 3986 inﬁrmus
1804 3926 1880 3970 est
1913 3915 2045 3969 aedi-

452 4018 706 4089 ﬁcabitur
736 4019 805 4070 ad
841 4011 1274 4069 manducandum
1320 4008 1737 4077 idolothyta?et
1780 4009 1915 4077 perit
1968 4007 2046 4059 in-

452 4113 641 4181 ﬁrmus
672 4110 725 4163 in
757 4120 848 4163 tua
869 4107 1093 4161 scientia
1115 4105 1305 4174 frater,
1351 4114 1563 4172 propter
1594 4118 1747 4171 quem
1794 4099 2041 4156 Christus

451 4214 692 4259 mortuus
721 4203 839 4257 est?
868 4198 960 4254 Sic
989 4205 1164 4252 autem
1189 4207 1461 4267 peccantes
1492 4197 1549 4249 in
1583 4195 1802 4264 fratres,
1837 4210 1884 4248 et
1922 4210 2041 4263 per-

2171 3183 2405 3252 Ἰησοῦς
2443 3186 2718 3255 Χριστὸς,
2748 3187 2822 3242 δι’
2854 3184 2928 3245 οὗ
2957 3192 3029 3244 τὰ
3068 3190 3287 3253 πάντα,
3315 3192 3417 3246 καὶ
3464 3193 3647 3262 ἡμεῖς
3679 3191 3754 3246 δι’

2155 3278 2377 3332 αὐτοῦ·
2411 3280 2551 3334 ἀλλ’
2603 3281 2715 3336 οὐκ
2756 3281 2826 3335 ἐν
2878 3281 3071 3338 πᾶσιν
3104 3285 3143 3353 ἡ
3173 3284 3413 3355 γνῶσις.
3476 3289 3649 3354 Τινὲς
3687 3286 3757 3341 δὲ

2154 3369 2229 3438 τῇ
2261 3372 2612 3438 συνειδήσει
2637 3373 2748 3440 ἓως
2771 3374 2903 3443 ἄρτι
2926 3376 3034 3430 τοῦ
3058 3376 3308 3432 εἰδώλου
3323 3379 3404 3445 ὡς
3428 3379 3758 3436 εἰδωλόθυ-

2153 3479 2261 3516 τον
2304 3465 2602 3532 ἐσθίουσι,
2632 3466 2734 3521 καὶ
2768 3469 2804 3535 ἡ
2842 3469 3197 3538 συνείδησις
3233 3470 3436 3526 αὐτῶν
3476 3472 3757 3540 ἀσθενὴς

2152 3552 2311 3612 οὖσα
2334 3558 2681 3626 μολύνεται.
2737 3559 2949 3630 Βρῶμα
2988 3560 3058 3614 δὲ
3102 3560 3261 3632 ἡμᾶς
3291 3566 3365 3617 οὺ
3412 3566 3759 3633 παρίστησι

2149 3644 2230 3711 τῷ
2261 3646 2405 3713 Θεῷ.
2456 3648 2606 3703 οὔτε
2647 3649 2757 3720 γὰρ
2784 3650 2895 3704 ἐὰν
2933 3650 3233 3722 φάγωμεν,
3268 3656 3753 3722 περισσεύομεν·

2148 3737 2287 3791 οὔτε
2314 3738 2425 3792 ἐὰν
2442 3739 2530 3809 μὴ
2575 3741 2873 3811 φάγωμεν,
2916 3745 3345 3812 ὑστερούμεθα.
3379 3745 3655 3801 Βλέπετε
3687 3746 3759 3800 δὲ

2141 3826 2357 3896 μήπως
2391 3831 2429 3897 ἠ
2473 3829 2727 3894 ἐξουσία
2765 3832 2932 3902 ὑμῶν
2961 3833 3115 3901 αὕτη
3156 3836 3519 3905 πρόσκομμα
3571 3837 3754 3908 γένη-

2144 3936 2241 3972 ται
2283 3920 2410 3988 τοῖς
2455 3923 2845 3979 ἀσθενοῦσιν.
2902 3925 3037 3980 Ἐὰν
3070 3925 3182 3997 γάρ
3211 3944 3303 3993 τις
3348 3927 3447 3998 ἴδῃ
3501 3929 3611 3994 σὲ,
3646 3932 3759 3984 τὸν

2143 4008 2366 4077 ἔχοντα
2408 4012 2655 4083 γνῶσιν,
2689 4015 2760 4068 ἐν
2805 4015 3085 4083 εὶδωλείῳ
3115 4018 3575 4089 κατακείμενον,
3612 4020 3755 4090 οὐχι

2143 4100 2182 4169 ἠ
2220 4102 2581 4173 συνείδησις
2630 4106 2818 4161 αὐτοῦ
2864 4107 3162 4175 ἀσθενοῦς
3210 4108 3385 4177 ὄντος
3431 4112 3760 4183 οὶκοδομη-

2143 4192 2389 4261 θήσεται
2417 4198 2506 4263 είς
2536 4196 2601 4252 τὸ
2641 4198 2713 4253 τὰ
2735 4198 3098 4255 εἰδωλόθυτα
3116 4202 3380 4267 ἐσθίειν;
3408 4203 3511 4258 καὶ
3552 4207 3759 4261 ἀπόλ-

450 4296 702 4351 eutientes
731 4292 1109 4354 conscientiam
1129 4292 1367 4362 ipsorum
1385 4289 1677 4357 inﬁrmam,
1695 4287 1750 4341 in
1768 4284 2037 4342 Christum

2159 4287 2317 4340 ἱυται
2348 4286 2459 4353 (68)
2491 4291 2525 4342 ό
2547 4287 2824 4344 ἀσθενῶν
2854 4290 2925 4343 ἑν
2952 4292 3026 4361 τῇ
3073 4291 3161 4363 σῇ
3192 4293 3411 4363 γνώσει
3447 4295 3755 4368 ἀδελφὸς,

445 4388 698 4458 peccatis.
757 4386 1114 4453 Quapropter,
1158 4381 1206 4436 si
1251 4396 1372 4434 esca
1420 4377 1757 4434 scandalizat
1815 4377 2039 4447 fratrem

2159 4379 2216 4433 St’
2242 4380 2315 4434 ὃν
2349 4383 2606 4450 Χριστὸς
2629 4383 3148 4449 ἀπέθανεν;οὕτω
3189 4386 3259 4441 δὲ
3290 4388 3759 4458 ἁμαρτάνοντες

448 4500 646 4545 meum,
680 4499 785 4538 non
814 4481 1147 4535 manducabo
1178 4493 1392 4531 carnem
1424 4476 1478 4528 in
1511 4482 1789 4534 aeternum,
1820 4489 1883 4526 ne
1916 4474 2033 4541 fra-

2159 4473 2227 4538 tlc
2256 4472 2396 4538 τοὺς
2418 4472 2743 4543 ἀδελφοὺς,
2762 4476 2859 4530 καὶ
2880 4476 3208 4544 τύπτοντες
3231 4477 3432 4534 αὐτῶν
3450 4480 3576 4550 τὴν
3597 4498 3759 4537 συν-

449 4587 583 4630 trem
658 4589 831 4627 meum
905 4568 1270 4624 scandalizem
1306 4564 1372 4635 (1
1416 4566 1541 4620 Cor.
1600 4581 1730 4628 vni,
1793 4563 2036 4631 4-15)...

448 4664 705 4739 Nunquid
738 4681 844 4719 non
876 4661 1129 4716 habemus
1154 4667 1468 4729 potestatem
1496 4654 1856 4711 manducandi
1883 4664 1933 4708 et
1959 4655 2041 4706 bi-

445 4760 646 4815 bendi?
694 4753 956 4826 Nunquid
1000 4769 1107 4808 nou
1155 4750 1407 4805 habemus
1450 4757 1764 4818 potestatem
1801 4763 2035 4802 sororem

446 4852 722 4906 mulierem
752 4844 1205 4909 circumducendi,
1241 4842 1380 4897 sicut
1410 4849 1461 4894 et
1493 4839 1671 4894 cazteri
1700 4839 1950 4908 apostoli,
1986 4848 2035 4892 et

443 4948 642 5012 fratres
677 4939 914 5003 Domini,
942 4945 992 4991 et
1014 4934 1265 5005 Cephas?
1305 4930 1413 4986 Aut
1450 4947 1545 5001 ego
1574 4929 1719 4985 solus
1750 4939 1802 4984 et
1841 4930 2040 4984 Barna-

442 5034 536 5088 bas
565 5050 670 5087 non
697 5030 945 5086 habemus
973 5035 1286 5099 potestatem
1322 5024 1419 5077 hoc
1452 5023 1746 5093 operandi?
1779 5020 1913 5087 Quis
1938 5023 2039 5074 mi-

444 5128 565 5179 litat
603 5127 714 5178 suis
742 5122 1018 5190 stipendiis
1043 5121 1323 5192 unquam?
1345 5117 1466 5188 quis
1499 5116 1712 5186 plantat
1737 5115 1963 5180 vineam,
1991 5126 2042 5169 et

443 5219 508 5273 de
540 5218 717 5288 fructu
738 5220 853 5285 ejus
889 5233 995 5270 non
1022 5215 1170 5269 edit?
1204 5213 1310 5265 Aut
1334 5211 1453 5281 quis
1482 5209 1655 5278 pascit
1700 5224 1928 5280 gregem,
1976 5216 2026 5261 et

444 5313 507 5366 de
553 5311 688 5364 lacte
738 5309 911 5379 gregis
950 5323 1054 5361 non
1109 5304 1439 5359 manducet?
1485 5301 1539 5374 (I
1584 5299 1711 5357 Cor.
1759 5317 1850 5369 Ix,
1902 5300 2021 5369 4-7)

408 5466 419 5481 ,
443 5411 497 5457 ct
527 5410 744 5459 caetera.

487 5538 624 5622 .(66)
650 5537 783 5621 βεδε.
814 5537 1013 5593 tertius
1053 5538 1337 5609 στραφεὶς,
1374 5532 1527 5589 εἶπεν
1554 5535 1723 5607 αὐτῷ,
1743 5551 2023 5591 conversus

443 5610 843 5803 άιῖίῑὲἶιίζᾱίιίο
869 5677 1045 5735 Paris.
1086 5672 1166 5741 εἷς
1198 5679 1226 5731 ὁ
1256 5675 1409 5740 Θεός.
1462 5676 1623 5733 Deest
1661 5677 1928 5733 articulus
1968 5677 2022 5733 in

444 5770 510 5803 νυ
540 5759 703 5803 trtius.

444 5759 703 5824 vulgatis.

2139 4560 2379 4628 είδησιν
2428 4561 2845 4630 ἀσθενοῦσαν,
2891 4566 2981 4633 εις
3028 4566 3289 4636 Χριστὸν
3342 4570 3751 4639 ἁμαρτάνετε.

2140 4653 2350 4721 Διόπερ
2387 4655 2442 4706 εὶ
2480 4653 2696 4723 βρῶμα
2727 4655 3111 4718 σκανδαλίζει
3146 4658 3253 4711 τὸν
3293 4660 3575 4731 ἀδελφόν
3597 4682 3754 4733 μου,

2138 4748 2210 4800 οὺ
2234 4745 2321 4815 μὴ
2351 4746 2518 4819 φάγω
2541 4749 2686 4817 κρέα
2711 4751 2798 4817 εἰς
2820 4752 2929 4805 τὸν
2950 4751 3156 4816 αἰῶνα,
3181 4754 3281 4807 ἵνα
3309 4754 3397 4823 μὴ
3421 4757 3534 4809 τὸν
3558 4758 3759 4813 ἀδελ·

2137 4826 2256 4905 φόν
2288 4855 2409 4907 μου
2439 4839 2851 4895 σκανδαλίσω.
2902 4842 3000 4910 Μὴ
3038 4845 3148 4897 οὐκ
3178 4844 3400 4913 ἔχομεν
3439 4846 3759 4910 ἐξουσίαν

2135 4928 2348 4996 φαγεῖν
2400 4928 2498 4981 καὶ
2553 4929 2751 4983 πίνειν
2766 4946 2786 4995 ;
2839 4929 2937 4999 Μὴ
2990 4933 3100 4984 οὐκ
3165 4930 3386 5002 ἔχομεν
3438 4934 3760 4999 ἐξουσίαν

2136 5019 2411 5089 ἀδελφὴν
2463 5020 2719 5089 γυναῖκα
2761 5022 3085 5092 περιάγειν,
3132 5025 3215 5089 ὡς
3274 5027 3370 5079 καὶ
3425 5030 3481 5081 ol
3526 5030 3756 5086 λοιποὶ

2137 5115 2508 5179 ἀπόστολοι,
2568 5115 2667 5170 καὶ
2713 5118 2768 5169 οἱ
2812 5115 3060 5185 ἀδελφοὶ
3128 5117 3236 5170 τοῦ
3289 5120 3557 5187 Ιιίερίου,
3646 5124 3757 5177 καὶ

2131 5206 2367 5274 Κηφᾶς;
2400 5209 2471 5262 Ἢ
2491 5208 2680 5276 μόνος
2711 5207 2827 5276 ἐγὼ
2870 5210 2963 5263 καὶ
3012 5209 3322 5277 Βαρνάϐας
3363 5214 3478 5265 οὐκ
3509 5213 3759 5285 ἔχομεν

2130 5298 2421 5361 ἐξουσίαν
2478 5298 2584 5352 τοῦ
2622 5300 2709 5369 μὴ
2759 5300 3134 5369 έργάζεσθαι;
3197 5303 3294 5368 Τίς
3340 5310 3760 5371 στρατεύεται

2131 5390 2304 5456 ἰδίοις
2352 5392 2637 5459 ὀψωνίοις
2698 5392 2880 5457 ποτέ;
2934 5395 3025 5459 τίς
3070 5396 3312 5462 φυτεύει
3358 5398 3757 5466 ἀμπελῶνα,

2205 5534 2318 5612 (6_8)
2345 5534 2588 5612 Utraque
2628 5537 2796 5593 editio
2826 5548 2881 5595 et
2913 5555 3049 5595 mss.
3076 5539 3213 5612 duo
3237 5538 3564 5612 ἀπόλλυται.
3600 5540 3755 5612 Reg.

2133 5607 2334 5680 tertius
2358 5608 2584 5680 perinde
2610 5618 2676 5680 ut
2715 5624 2872 5665 sacer
2912 5610 3385 5680 textusrvulgatus
3415 5607 3754 5679 ἀπολεῖται,

2133 5675 2583 5759 ρενὲὺὶςίιὺίάεω
2609 5678 2746 5752 Reg.
2774 5681 2987 5752 primus
3022 5675 3267 5735 ἀσθενᾶῖν
3307 5680 3547 5753 ἀδελφὸς
3582 5683 3654 5740 ὲν

2138 5750 2201 5819 σῇ
2228 5745 2446 5815 γνώσει.
