3962 6238
269 325 377 381 753

1725 332 1916 390 MORA
1927 333 2030 390 Ll-A
2041 375 2054 388 .

3448 331 3555 386 754

266 437 369 490 καὶ
423 435 492 491 ἐκ
523 437 631 492 τοῦ
675 438 915 506 καρποῦ
951 438 1138 494 αὑτοῦ
1196 442 1306 494 οὐκ
1339 441 1565 508 ἐσθίει;
1605 446 1671 497 Ἦ
1723 446 1814 510 τίς
1847 447 2143 515 ποιμαίνει
2187 447 2472 516 ποίμνην,
2534 447 2632 501 καὶ
2678 447 2745 500 ἐκ
2785 448 2890 503 τοῦ
2928 447 3225 518 γάλακτος
3274 443 3379 511 τῆς
3421 443 3552 496 ποί-

258 548 422 597 μνης
450 532 562 584 οὐκ
592 531 782 586 ἐσθίει
821 532 965 603 (69);
1011 533 1102 586 καὶ
1137 535 1205 618 τιὰ
1234 534 1382 605 ἑξῆς.

268 646 413 713 Ὅτι,
446 647 590 718 ὑπὲρ
618 647 710 701 τοῦ
748 647 826 720 μὴ
881 648 1235 704 σκανδαλίσω
1271 650 1415 716 τινὰ,
1460 656 1634 707 ποιεῖν
1661 655 1742 708 δεῖ
1773 654 1866 706 καὶ

1982 649 2150 716 Quod,
2188 667 2256 706 ne
2289 651 2376 705 cui
2399 652 2732 708 ollcndiculo
2762 656 2952 716 simus,
2988 655 3041 708 id
3068 655 3230 709 etiam
3271 655 3415 724 quod
3443 673 3548 710 non

820 739 848 790 ὃ
877 739 952 810 μὴ
991 741 1321 808 ἐπάναγκες.

914 853 1140 922 Κεφάλ.
1175 856 1249 908 Δ’.

337 944 716 999 ΜΔΤΘΔΙΟΣ.
763 945 1098 1000 Ἐλθόντων
1145 945 1215 999 δὲ
1263 946 1462 1001 αὐτῶν
1511 949 1598 1014 είς
1643 953 1862 1018 Καπερ.

268 1035 486 1104 ναοὺμ,
522 1036 881 1105 προσῆλθον
910 1039 966 1090 οἱ
1002 1036 1076 1090 τὰ
1120 1036 1418 1107 δίδραχμα
1447 1037 1858 1109 λαμϐάνοντες

265 1127 350 1192 τῷ
387 1126 608 1196 Πέτρῳ,
660 1127 764 1184 καί
809 1124 1012 1183 εἷπον·
1061 1129 1124 1183 '0
1159 1128 1529 1197 διδάσκαλος
1575 1129 1744 1201 ὑμῶν
1787 1133 1859 1185 οὐ

264 1218 437 1272 τελεῖ
463 1219 538 1273 τὰ
566 1219 902 1290 δίδραχμα;
938 1221 1140 1293 Λέγει’
1190 1223 1326 1277 Ναί.
1359 1224 1472 1292 _Kal
1508 1223 1606 1278 ὅτε
1653 1222 1865 1292 εἰσῆλ-

265 1316 374 1367 θεν
390 1312 501 1382 (70)
516 1317 604 1380 είς
621 1313 734 1382 τὴν
751 1315 1360 1385 οὶκίαν,προέφθασεν
1372 1318 1558 1372 αὐτὸν
1573 1321 1605 1372 ό
1629 1318 1869 1386 Ἰησοῦς

273 1406 466 1475 λέγων
483 1424 496 1437 ·
535 1407 596 1461 Τί
637 1422 737 1462 σοι
760 1407 944 1474 δοκεῖ,
967 1409 1199 1479 Elge”;
1224 1413 1288 1464 Ol
1307 1410 1590 1477 βασιλεῖς
1618 1409 1730 1480 τῆς
1754 1410 1868 1481 γῆς

265 1500 388 1553 ἀπὸ
433 1500 617 1556 τίνων
647 1500 1025 1571 λαμϐάνουσι
1074 1502 1244 1573 τέλη,
1285 1504 1324 1573 ἢ
1384 1504 1658 1573 κῆνσον;
1720 1504 1864 1560 Ἀπὸ

265 1590 390 1644 τῶν
426 1591 575 1646 υίῶν
617 1593 838 1658 αὐτῶν,
890 1593 930 1664 ἢ
979 1596 1096 1650 ἀπὸ
1136 1595 1254 1650 τῶν
1284 1596 1655 1665 addat-plane;
1693 1596 1864 1668 Λέγει

264 1682 433 1750 αὐτῷ
459 1687 494 1739 ό
513 1685 768 1754 Πέτρος·
813 1687 946 1742 Ἆπό
977 1687 1096 1742 τῶν
1130 1689 1484 1757 ἀλλοτρίων.
1507 1688 1677 1759 Λέγει
1704 1687 1864 1755 αὐτῷ

2301 753 2388 799 εει
2421 747 2820 810 necessarium,
2852 746 2988 802 eﬂici
3019 747 3200 802 debet.

2589 860 2763 927 Caput
2799 859 2902 914 IV.

2038 951 2107 1005 Et
2159 968 2279 1006 cum
2323 953 2582 1006 venissent
2633 952 3042 1021 Capharnaum,
3083 963 3414 1006 accesserunt
3463 953 3552 1021 qui

1967 1043 2283 1098 didrachma
2305 1045 2658 1115 accipiebant,
2675 1046 2744 1099 ad
2766 1044 3008 1108 Petrum,
3033 1059 3079 1100 et
3111 1044 3357 1099 dixerunt
3391 1044 3550 1098 :Ma-

1967 1138 2134 1208 gister
2169 1147 2336 1193 vester
2356 1155 2460 1192 non
2483 1139 2638 1193 solvit
2661 1139 3022 1195 didrachma?
3064 1139 3176 1203 Ait,
3210 1137 3427 1211 Etiam.
3481 1136 3552 1191 Et

1971 1245 2089 1283 cum
2117 1231 2368 1284 intrasset
2391 1231 2448 1284 in
2479 1231 2716 1294 domum,
2744 1233 2996 1301 prwvenit
3027 1248 3143 1285 eum
3159 1229 3317 1285 Iesus
3334 1231 3510 1285 dicens
3533 1245 3554 1284 :

1973 1321 2114 1388 Quid
2142 1322 2237 1377 tibi
2270 1322 2495 1387 videtur,
2529 1323 2756 1379 Simon?
2783 1323 2944 1395 Reges
2973 1333 3128 1379 terra:
3174 1341 3206 1377 a
3237 1324 3425 1394 quibus
3471 1339 3553 1376 ac-

1968 1415 2169 1484 cipiunt
2198 1414 2398 1468 tributa
2423 1417 2502 1470 vel
2535 1419 2792 1472 censum?
2817 1419 2857 1470 Α
2890 1416 3018 1486 ﬁliis
3050 1419 3185 1474 suis.
3224 1433 3292 1470 an
3319 1415 3382 1468 ab
3426 1416 3555 1469 alie-

1969 1507 2096 1563 nis?
2123 1505 2264 1561 Dicit
2294 1507 2399 1576 ipsi
2427 1507 2622 1564 Petrus
2646 1523 2666 1562 :
2696 1508 2774 1563 Ab
2801 1509 3013 1564 alienis.
3047 1508 3200 1563 Dixit
3229 1509 3313 1562 illi
3347 1508 3507 1562 Jesus
3535 1521 3552 1560 :

1970 1597 2110 1670 Ergo
2141 1599 2296 1655 liberi
2325 1609 2448 1654 sunt
2477 1601 2601 1669 ﬁlii.
2633 1601 2700 1655 Ut
2750 1612 2925 1656 autem
2983 1619 3090 1656 non
3126 1601 3552 1656 scandalizemus

1970 1709 2082 1759 eos,
2119 1707 2427 1764 progressus
2460 1693 2530 1747 ad
2565 1711 2729 1759 mare,
2775 1697 2926 1749 mitte
2969 1694 3204 1753 hamum.
3247 1703 3297 1747 et
3333 1710 3450 1747 eum
3479 1693 3556 1761 pi-

267 1778 302 1836 ό
348 1776 626 1844 Ἰησοῦς·
667 1779 819 1848 Ἀρα
858 1780 1250 1850 γεέλεύθεροί
1273 1781 1431 1834 εἰσιν
1469 1781 1524 1834 ol
1554 1780 1690 1835 υίοι.
1729 1781 1866 1838 Ἵνα

1982 1801 2129 1852 scem,
2162 1787 2254 1856 qui
2280 1787 2483 1856 primus
2503 1786 2822 1854 ascenderit,
2851 1787 2995 1852 tolle,
3012 1796 3060 1841 et
3086 1795 3265 1856 aperto
3293 1803 3381 1839 ore
3415 1787 3552 1856 ejus,

265 1868 336 1922 δὲ
358 1869 451 1939 μὴ
483 1871 989 1943 σκανδαλίσωμεν
1024 1873 1267 1940 αὐτοὺς,
1293 1874 1608 1942 πορευθείς
1631 1877 1719 1940 εὶς
1752 1873 1868 1943 τὴν

267 1963 620 2029 θάλασσαν,
657 1964 816 2030 ,ϐάλε
862 1966 1207 2037 ἄγκιστρον,
1259 1966 1357 2019 καὶ
1414 1965 1522 2019 τὸν
1563 1966 1870 2021 ἀναϐάντα

1972 1877 2204 1932 invenies
2241 1889 2527 1943 staterem;
2558 1879 2711 1933 illum
2749 1895 2984 1948 sumens,
3033 1879 3104 1933 da
3139 1880 3215 1934 eis
3247 1894 3342 1948 pro
3385 1895 3468 1932 me
3502 1886 3552 1933 et

1979 1977 2026 2023 te
2049 1968 2270 2042 (Matth.
2314 1987 2449 2035 xvu,
2475 1970 2697 2040 23-27).

265 2055 512 2125 πρῶτον
543 2058 718 2126 ἰχθὺν
745 2051 927 2127 ἆρον·
978 2058 1072 2114 καὶ
1100 2058 1350 2124 ἀνοίξας
1388 2057 1454 2112 τὸ
1483 2060 1678 2128 στόμα
1725 2060 1935 2127 αὐτοῦ,
1977 2062 2261 2131 εὑρήσεις
2303 2063 2597 2133 στατῆρα·
2655 2065 2891 2119 ἐκεῖνον
2917 2065 3138 2132 λαϐὼν,
3201 2063 3306 2129 δὸς
3351 2061 3556 2128 αὐτοῖς

265 2151 408 2205 ἀντὶ
437 2151 587 2222 ἐμοῦ
613 2153 710 2206 καὶ
735 2154 866 2208 σοῦ.

271 2272 396 2326 Ὅτι
428 2272 522 2324 ἐπὶ
555 2277 668 2336 τοῖς
711 2273 805 2327 τοῦ
851 2274 1058 2344 Κυρίου
1105 2273 1397 2346 θελήμασι,
1429 2274 1534 2328 κᾶν
1583 2274 1871 2329 σκανδαλί-

341 2364 550 2428 ζωνταί
573 2383 740 2430 τινες,
777 2366 1058 2420 ἀνένδοτον
1082 2367 1488 2421 ἐπιδείκνυσθαι
1507 2367 1588 2421 δεῖ
1609 2367 1706 2421 τὴν
1733 2371 1871 2442 παῤ-

344 2457 416 2526 ρη
427 2455 569 2508 τίαν.

894 2570 1122 2640 Κεφάλ.
1171 2569 1247 2624 E'.

340 2663 721 2719 ΜΑΤΘΑΙΟΣ.
762 2664 845 2716 Οὐ
878 2662 946 2715 τὸ
988 2662 1414 2731 εἰσερχόμενον
1450 2664 1538 2728 εἰς
1577 2661 1642 2715 τό
1673 2664 1867 2729 στόμα

270 2757 472 2811 κοινοῖ
497 2756 606 2808 τὸν
636 2756 970 2824 ἄνθρωπον,
997 2755 1159 2809 ἀλλὰ
1191 2753 1257 2807 τὸ
1289 2754 1770 2823 ἐκπορευόμενον
1797 2753 1865 2806 ἑκ

268 2849 380 2902 τοῦ
420 2849 743 2918 στόματος,
778 2849 957 2903 τοῦτο
1005 2848 1201 2902 κοινοῖ
1230 2849 1339 2902 τὸν
1375 2847 1692 2916 ἄνθρωπον
1731 2845 1865 2915 (71).

276 2943 422 2995 Τότε
445 2941 888 3008 προσελθόντες
908 2943 963 2994 οἱ
982 2939 1240 3010 μαθηταί
1259 2938 1466 3002 αὐτοῦ,
1495 2934 1666 2991 εἷπον
1687 2935 1864 3002 αὐτῷ·

1971 2275 2126 2342 Quod
2171 2275 2226 2328 in
2280 2273 2495 2328 Domini
2557 2272 2959 2338 voluntatibus,
3023 2271 3240 2327 tametsi
3300 2269 3554 2324 nonnulli

2041 2365 2364 2422 scandalum
2411 2363 2814 2434 perpetiuntur,
2865 2362 3170 2418 exhibenda
3219 2368 3305 2416 est
3350 2360 3557 2415 invicta

2042 2457 2290 2529 quaedam
2323 2456 2565 2511 libertas.

2610 2564 2779 2634 Caput
2817 2564 2879 2619 V.

2045 2661 2167 2716 Non
2193 2659 2333 2731 qu‘od
2360 2660 2524 2711 intrat
2570 2659 2623 2709 in
2677 2673 2755 2717 os,
2788 2655 3092 2726 coinquinat
3124 2654 3383 2708 nominem
3415 2669 3433 2707 :
3465 2654 3555 2707 sed

1967 2755 2104 2826 quod
2137 2754 2242 2806 exit
2272 2767 2335 2805 ex
2365 2766 2472 2813 ore,
2497 2748 2592 2802 hoc
2626 2748 2929 2817 coinquinat
2970 2745 3251 2801 hominem.
3288 2746 3432 2800 Tunc
3466 2763 3558 2798 ac-

1970 2847 2206 2901 cedentes
2236 2840 2484 2907 discipuli
2516 2840 2628 2910 ejus
2659 2840 2907 2892 dixerunt
2931 2839 3018 2891 ei:
3060 2837 3216 2908 261
3251 2835 3370 2892 Scis
3418 2837 3556 2906 quod

1973 2939 2263 3002 Pharisa’i,
2311 2937 2496 2990 audito
2526 2936 2622 2989 hoc
2655 2933 2829 3000 verbo,
2867 2931 3221 2987 scandalizati
3275 2933 3438 2987 sunt?
3487 2932 3557 2984 At

275 3027 477 3097 Οἶδας,
513 3030 605 3084 ὅτι
637 3033 689 3083 οὶ
733 3029 1060 3098 Φαρισαῖοι,
1088 3029 1466 3093 ἀκούσαντες
1509 3027 1616 3081 τὸν
1659 3027 1866 3096 λόγον,

1982 3033 2063 3087 ille
2113 3031 2423 3101 respondens
2479 3031 2601 3083 ait:
2659 3027 2844 3082 Omnis
2899 3026 3184 3097 plantatio,
3235 3042 3391 3095 quam
3454 3041 3558 3078 non

269 3124 860 3192 ἐσκανδαλίσθησαν
875 3140 894 3187 ;
928 3124 990 3176 '0
1011 3122 1097 3189 δὲ,
1119 3109 1484 3192 ἀποκριθεὶς,
1517 3118 1667 3176 εἷπε·
1692 3119 1868 3175 Πᾶσα

270 3217 514 3283 φυτεία,
545 3215 627 3283 ἣν
663 3219 774 3271 οὐκ
811 3216 1145 3285 ἐφύτευσεν
1176 3217 1209 3269 ό
1237 3215 1441 3283 Πατήρ
1461 3231 1579 3284 μου
1614 3217 1646 3268 ό
1692 3212 1869 3281 οὐρά-

272 3328 430 3376 νιος,
452 3310 926 3379 ἐκριζωθήσεται.
949 3310 1014 3364 Ἀ
1025 3325 1166 3378 ξρετε
1183 3309 1424 3374 αὐτούς*
1451 3307 1670 3376 τυφλοί
1690 3309 1867 3372 εἰσιν,

273 3401 485 3470 ὁδηγοί
519 3399 785 3469 τυφλῶν.
845 3399 1080 3469 Τυφλὸς
1115 3399 1184 3451 δὲ
1223 3397 1460 3468 τυφλὸν
1502 3398 1612 3452 ἐὰν
1658 3395 1868 3465 ὁδηγῇ,

272 3493 601 3561 ἀμφότεροι
664 3493 750 3557 είς
802 3491 1076 3555 ,βόθυνον
1129 3490 1480 3544 πεσοῦνται.
1543 3490 1867 3543 ΙΩΑΝΝΗΣ.

286 3584 493 3653 Ἀμὴν,
542 3582 707 3652 ἀμὴν
739 3582 896 3653 λέγω
938 3582 1080 3652 ὑμῖν
1107 3600 1124 3612 δ
1173 3583 1283 3637 ἐὰν
1332 3584 1420 3654 μὴ
1481 3583 1712 3654 φάγητε
1757 3584 1876 3652 τὴν

274 3677 480 3745 σάρκα
521 3675 629 3730 τοῦ
681 3677 818 3730 Υίοῦ
861 3676 970 3731 τοῦ
1019 3675 1355 3745 ἀνθρώπου,
1397 3676 1495 3732 καὶ
1545 3678 1721 3750 πίητε
1760 3676 1871 3746 (72)

273 3769 468 3823 αὑτοῦ
498 3769 565 3822 τὸ
613 3764 778 3839 αἷμα,
813 3771 926 3824 οὐκ
968 3769 1137 3839 ἔχετε
1179 3768 1334 3838 ζωὴν
1363 3772 1433 3824 ἐν
1477 3770 1734 3836 ἑαυτοῖς.
1763 3771 1875 3824 Καὶ

279 3865 400 3934 μετ’
436 3863 595 3931 ὀλίγα
615 3881 630 3892 ·
679 3864 780 3916 Ἐκ
814 3863 1031 3917 τούτου
1065 3862 1286 3916 πολλοὶ
1314 3861 1436 3916 τῶν
1462 3862 1740 3931 μαθητῶν
1763 3865 1872 3918 αὑ-

279 3954 388 4008 τοῦ
425 3953 709 4022 ἀπῆλθον
737 3958 825 4022 είς
846 3954 917 4009 τὰ
945 3956 1157 4022 ὀπίσω,
1188 3954 1288 4008 καὶ
1311 3953 1512 4008 οὐκέτι
1535 3955 1664 4023 μετ’
1688 3953 1873 4008 αὑτοῦ

278 4047 704 4115 περιεπάτουν.
743 4044 933 4100 Εἶπεν
963 4044 1078 4102 οὗν
1113 4050 1145 4101 ὁ
1186 4045 1419 4115 Ἰησοῦς
1453 4046 1578 4112 τοῖς
1608 4045 1838 4099 δώδεκα
1858 4065 1870 4077 ·

282 4141 383 4207 Μὴ
415 4141 516 4195 καὶ
549 4141 720 4211 ὑμεῖς
749 4139 951 4195 θέλετε
988 4140 1274 4195 ἀπελθεῖν
1305 4141 1418 4209 (75)
1446 4156 1459 4204 ;
1500 4140 1681 4192 ΠΡΟΣ
1713 4141 1873 4194 ΚΟΡ.

283 4232 348 4302 β’.
385 4234 519 4286 Ὀτι
560 4231 822 4301 Χριστοῦ
862 4230 1079 4285 εὐωδία
1126 4231 1314 4300 ἐσμὲν
1357 4228 1438 4295 τῷ
1464 4229 1607 4295 Θεῷ,
1650 4231 1720 4284 ἐν
1754 4230 1877 4296 τοῖς

281 4327 666 4397 σωζομένοις,
716 4324 814 4378 καὶ
862 4325 934 4378 ἐν
978 4323 1104 4389 τοῖς
1143 4323 1610 4393 ἀπολλυμένοις,
1647 4318 1737 4388 οἷς
1761 4322 1878 4391 μὲν

284 4394 445 4488 ἐς·μῆ
477 4418 743 4474 θανάτου
774 4420 863 4484 είς
894 4416 1176 4480 θάνατον,
1207 4411 1297 4481 οἷς
1327 4415 1396 4467 δὲ
1426 4415 1584 4484 ὀσμὴ
1615 4412 1764 4483 ζωῆς
1790 4416 1876 4480 είς
1907 4394 1950 4448 D

286 4512 460 4579 ζωήν.
490 4511 604 4566 Kal
631 4509 784 4579 πρὸς
807 4509 993 4563 ταῦτα
1018 4509 1111 4574 τίς
1139 4509 1344 4574 ικανός
1368 4523 1386 4570 ;

927 4622 1101 4676 ΟΡΟΣ
1138 4621 1257 4674 ΛΔ’.

360 4717 482 4770 Ὅτι
510 4716 596 4770 δεῖ
630 4713 804 4769 τύπον
833 4713 942 4768 τῶν
973 4714 1156 4768 καλῶν
1184 4713 1503 4786 προκεῖσθαι
1537 4714 1650 4777 τοῖς
1676 4711 1877 4780 ἄλλοις,

672 4808 900 4860 ἕκαστον
930 4808 988 4860 ὲν
1017 4805 1094 4877 τῷ
1131 4806 1246 4876 ἰδίῳ
1278 4805 1473 4876 μέτρῳ

900 4920 1128 4976 Κεφάλ.
1172 4928 1255 4976 A'.
1681 4949 1685 4954 -

900 4939 982 4976 ιιε
1029 4939 1128 4975 αα.
1172 4939 1255 4976 A'.
1681 4949 1685 4954 -

362 5013 738 5071 ΜΑΤΘΔΙΟΣ.
790 4939 1026 5067 Hdde:
1060 5012 1163 5066 ἀπ’
1195 5011 1364 5082 ἐμοῦ,
1395 5011 1485 5064 ὅτι
1525 5008 1716 5080 πρᾶός
1743 5012 1879 5080 ειμι,

297 5109 386 5162 καί
416 5106 706 5173 ταπεινὸς
734 5104 812 5174 τῇ
837 5103 1068 5174 καρδίᾳ.
1094 5103 1274 5158 ΠΡΟΣ
1301 5105 1463 5159 ΚΟΡ.
1510 5102 1576 5174 β’.
1599 5099 1746 5156 Οἶδα
1769 5104 1881 5172 γὰρ

294 5201 399 5266 τὴν
426 5199 770 5269 προθυμίαν
785 5194 969 5266 ὑμῶν,
986 5195 1068 5264 ἢν
1084 5195 1237 5264 ὑπὲρ
1253 5194 1421 5265 ὑμῶν
1433 5195 1739 5266 καυχῶμαι
1761 5199 1884 5249 Μα-

364 5363 476 5429 (69)
503 5363 641 5418 Post
663 5359 818 5425 illud,
849 5360 951 5413 οὐκ
975 5357 1164 5422 ἐσθίει,
1191 5359 1264 5413 ita
1290 5360 1494 5414 habent
1521 5359 1655 5429 Reg.
1685 5367 1884 5416 tertius

297 5445 347 5489 et
371 5435 531 5490 Mess.
562 5434 639 5503 μὴ
671 5433 814 5486 κατὰ
846 5429 1137 5503 ᾰξθρωπον
1167 5431 1335 5484 ταῦτα
1365 5429 1581 5503 λαλῶ...
1610 5429 1689 5503 τῷ
1712 5431 1882 5499 Εὐαγ-

298 5507 460 5575 γε).ίῳ
515 5500 641 5591 τοῦέ
671 5500 932 5575 Χριστοῦ,
981 5516 1103 5570 qua:
1149 5503 1315 5557 verba
1368 5501 1569 5555 ibidem
1631 5502 1886 5571 leguntur

302 5577 318 5627 l
352 5573 662 5714 ‘(lglllliil‘egs
687 5645 897 5716 Primus
924 5644 1020 5699 καὶ
1039 5646 1127 5698 ὅτε
1154 5641 1422 5714 εἰσῆλθον»
1454 5652 1500 5696 et
1526 5659 1643 5695 cum
1667 5642 1884 5696 iungis.

305 5728 486 5858 miri-1)
517 5785 699 5842 Editio
730 5785 906 5842 Paris.
945 5787 1114 5839 κοινοῖ
1147 5783 1447 5853 ἄνθρωπον.
1490 5783 1643 5839 Libri
1672 5791 1882 5839 veteres

1970 3122 2232 3192 plantavit
2270 3120 2434 3174 Ροτιιν
2477 3136 2620 3172 meus
2656 3116 2900 3183 cmlestis,
2954 3114 3332 3169 eradicabitur.
3390 3113 3559 3168 Sinite

1970 3215 2141 3269 illos:
2189 3215 2315 3268 ι’ωεί
2353 3221 2497 3276 sunt,
2545 3211 2702 3265 duces
2735 3226 3016 3264 cwcorum.
3063 3207 3246 3262 Ciecns
3290 3211 3463 3260 autem
3511 3207 3560 3260 si

1971 3322 2107 3360 creco
2173 3305 2425 3358 ducatum
2484 3312 2719 3372 pra’stet,
2785 3300 2938 3354 ambo
2994 3301 3049 3353 in
3107 3300 3310 3368 foveam
3371 3300 3560 3352 cadent

1971 3395 2221 3468 (Matth.
2290 3411 2380 3461 xv,
2430 3393 2696 3465 11-14)...
2755 3391 2950 3455 Amen,
3005 3407 3156 3443 amen
3202 3391 3317 3442 dico
3369 3388 3558 3443 vobis:

1974 3489 2100 3545 Nisi
2125 3488 2569 3544 manducaveritis
2601 3502 2816 3540 carnem
2848 3482 2978 3536 Filii
3003 3482 3249 3544 hominis,
3284 3489 3334 3534 et
3368 3480 3560 3535 biberi-

1973 3587 2040 3640 tis
2072 3585 2185 3655 ejus
2215 3583 2546 3653 sanguinem,
2581 3596 2684 3632 non
2706 3578 2909 3631 habetis
2940 3577 3101 3629 vitam
3125 3576 3178 3628 in
3204 3574 3345 3627 vobis
3371 3571 3556 3643 (Joan.

1973 3695 2049 3745 γι,
2086 3677 2218 3746 55).
2250 3674 2317 3728 Et
2339 3676 2502 3745 paulo
2539 3679 2661 3743 post
2690 3691 2701 3724 :
2738 3669 2820 3723 Ea:
2855 3669 2951 3722 hoc
2980 3667 3135 3720 multi
3171 3665 3558 3734 discipulorum

1972 3772 2086 3840 ejus
2113 3770 2356 3824 abierunt
2385 3775 2524 3820 retro
2559 3773 2652 3818 :et
2685 3763 2805 3833 jam
2846 3777 2950 3815 non
3006 3777 3124 3814 cum
3177 3759 3272 3812 illo
3313 3757 3558 3811 mnbula-

1975 3864 2122 3916 bant.
2154 3858 2307 3914 Dixit
2329 3873 2449 3927 ergo
2480 3853 2637 3908 Iesus
2663 3852 2731 3905 ad
2759 3851 3071 3905 duodecim:
3096 3847 3348 3918 Nunquid
3383 3858 3432 3902 et
3469 3865 3558 3900 vos

1976 3953 2132 4007 vultis
2179 3951 2365 4005 abire?
2404 3946 2568 4020 (Ibid;
2609 3945 2699 4010 66,
2745 3945 2872 4012 67).
2907 3983 2944 3997 ..
2977 3943 3119 4008 Quia
3149 3941 3350 3994 Christi
3394 3939 3558 3994 bonus

1976 4046 2107 4099 odor
2136 4060 2317 4098 sumus
2350 4041 2480 4104 Deo,
2507 4041 2560 4093 in
2591 4039 2657 4092 iis
2703 4039 2791 4108 qui
2821 4037 2954 4091 salvi
2983 4037 3138 4106 fiunt,
3170 4043 3219 4089 et
3264 4036 3319 4086 in
3360 4035 3424 4088 iis
3470 4035 3559 4103 qui

1975 4144 2190 4204 pereunt
2219 4149 2236 4187 :
2271 4133 2395 4186 aliis
2442 4131 2651 4200 quidem
2687 4128 2817 4182 odor
2850 4127 3035 4180 mortis
3070 4128 3125 4180 in
3162 4134 3402 4187 mortem,
3437 4125 3561 4177 aliis

1978 4245 2095 4283 vero
2117 4225 2247 4280 odor
2278 4226 2396 4279 vita:
2425 4224 2482 4276 in
2520 4223 2701 4277 vitam.
2739 4218 2806 4273 Et
2857 4219 2924 4272 ad
2975 4217 3084 4271 ha’c
3136 4219 3252 4287 quis
3308 4215 3564 4270 idoneus?

1981 4319 2066 4392 (11
2103 4318 2228 4374 Cor.
2272 4335 2331 4382 ιι,
2360 4317 2448 4381 15,
2484 4315 2594 4372 16.)

2460 4623 2624 4681 REG
2645 4624 2686 4681 U
2707 4623 2806 4679 LA
2845 4621 3085 4678 XXXIV.

1986 4719 2144 4785 Quod
2201 4719 2580 4790 unusquisque
2637 4719 2691 4772 in
2746 4733 2844 4774 sua
2872 4717 3047 4788 ipsius
3092 4727 3348 4772 mensura
3403 4712 3564 4767 debet

2054 4827 2176 4868 sese
2216 4813 2339 4867 aliis
2369 4819 2556 4884 typum
2597 4813 2865 4867 bonorum
2893 4824 3121 4881 operum
3166 4822 3489 4880 proponere.

2645 4922 2818 4978 Caput
2859 4921 2908 4976 1.

2645 4938 2818 4988 Caput
2859 4938 2908 4976 ι.
3587 4944 3591 4986 ε

2055 5013 2253 5069 Discue
2299 5031 2332 5068 a
2378 5031 2478 5079 me,
2533 5017 2657 5086 quia
2714 5017 2856 5068 mitis
2903 5030 3041 5075 sum,
3069 5023 3120 5066 et
3159 5013 3376 5067 humilis
3411 5003 3590 5067 corde.

1983 5103 2223 5174 (Matth.
2274 5123 2352 5167 χι.
2406 5105 2568 5177 29)...
2607 5106 2731 5161 Scio
2781 5107 2920 5161 enim
2974 5115 3277 5175 promptum
3329 5109 3565 5159 animum

1982 5206 2210 5252 vestrum
2233 5213 2252 5252 :
2290 5214 2378 5252 ,πο
2418 5215 2519 5269 quo
2547 5201 2611 5253 de
2635 5197 2775 5252 vobis
2819 5198 3018 5267 glorior
3041 5197 3182 5266 apud
3215 5195 3567 5252 Macedones:

1981 5364 2073 5416 τὸν
2106 5363 2411 5436 ἄνθρωπον.
2443 5361 2554 5436 Nec
2580 5363 2656 5416 ita
2684 5362 2857 5436 multo
2889 5368 3028 5436 post
3049 5360 3182 5436 Reg.
3213 5361 3408 5436 tertius
3434 5361 3566 5436 ξΓόξε

1982 5427 2374 5503 προσελσὸντες
2406 5433 2554 5503 αὐτῷ
2599 5436 2647 5503 oi
2685 5427 2925 5502 μαθηταὶ
2967 5427 3156 5503 αὑτοῦ,
3195 5427 3347 5503 εἷπον
3395 5431 3566 5500 αὐτῷ,

1986 5451 2024 5486 π
2062 5451 2374 5497 θεειυοντες
2406 5451 2554 5503 αυτῳ
2599 5451 2647 5485 οι
2685 5451 2925 5502 μαυηται
2972 5451 3156 5496 αυτου,
3195 5451 3347 5484 ειπον
3395 5451 3565 5500 and»,

1986 5451 2131 5558 Tino
2165 5506 2416 5573 discipuli
2438 5503 2550 5572 ejus
2577 5502 2787 5573 ad-Aeum
2819 5501 3140 5564 accedentes,
3171 5501 3418 5555 dixerunt
3443 5503 3565 5573 ipsi.

2002 5575 2168 5660 "(72)
2191 5571 2414 5660 iiut—sus
2443 5571 2612 5628 editio
2638 5571 2814 5628 Paris.
2847 5574 2940 5626 καὶ
2964 5573 3175 5644 πίνητε.
3205 5573 3427 5630 Antiuui
3457 5572 3568 5626 duo
3600 5609 3604 5614 -

1978 5645 2105 5700 libri
2141 5645 2324 5712 πίητε.

2053 5716 2165 5788 (75)
2203 5713 2336 5787 Reg.
2375 5714 2570 5771 tertius
2602 5712 2784 5768 θέλετε
2813 5713 3063 5784 ὑπάγειν.
