3962 6238
424 386 525 440 759

1722 380 1785 441 S.
1815 382 1895 437 BA
1907 383 2055 438 SlLll
2095 382 2309 440 MAGNI

3570 381 3679 437 760

421 504 563 581 circa
584 503 848 571 plurima;
881 517 1054 562 tamen
1082 506 1266 584 paucis
1298 522 1425 575 opus
1447 516 1545 567 est,
1580 517 1670 559 aut
1702 523 1825 559 uno.
1860 505 1995 559 Μα-

2112 500 2214 559 νῦν
2249 499 2425 569 αὐτῇ,
2474 500 2572 552 ἵνα
2598 515 2701 566 μοι
2745 483 3274 562 συναντιλάϐηται.
3319 494 3682 564 Ἀποκριθεὶς

424 594 506 646 ria
531 605 706 649 autem
741 596 932 651 bonam
983 609 1186 668 partem
1222 597 1398 668 elegit,
1429 614 1546 669 qua:
1589 615 1693 652 non
1721 598 1992 667 auferetur

423 686 488 737 ab
515 701 580 738 ea
608 685 781 755 (Luc.
819 704 873 749 ι,
905 689 1071 744 58-42
1095 691 1135 759 ).

2098 595 2165 648 δὲ
2192 591 2361 648 εἶπεν
2406 589 2560 659 αὐτῇ
2588 593 2621 643 ό
2658 588 2929 656 Ἰησοῦς’
2974 587 3199 653 Μάρθα,
3251 588 3481 655 Μάρθα,
3508 607 3681 658 μερι..

2092 686 2252 757 μνᾷς
2302 683 2399 739 καὶ
2445 681 2693 751 τυρϐάζῃ
2735 680 2868 750 περὶ
2922 681 3120 734 πολλά
3143 699 3158 712 ο
3191 681 3409 749 ὀλίγων
3451 681 3519 735 δέ
3544 682 3684 735 ἐστι

423 777 591 849 χρεία
640 777 680 847 ἣ
740 780 897 847 ἑνός.
935 781 1046 852 (84)
1115 784 1308 850 Μαρία
1363 774 1448 835 δὲ’
1482 780 1598 850 τὴν
1643 780 1878 853 ἀγαθὴν
1939 780 2152 855 μερίδα
2231 774 2551 840 ἐξελέξατο
2584 815 2599 840 ,
2667 773 2800 840 ἣτις
2864 774 2975 826 οὐκ
3061 770 3523 840 ἀφαιρεθήσεται
3573 771 3684 827 ἀπ’

423 868 615 939 αὐτῆς
764 913 776 925 .

900 964 945 1018 R
967 966 1233 1021 EGULA
1271 966 1513 1023 XXXIX.

423 1054 581 1120 Quod
608 1071 716 1111 non
746 1063 960 1126 oportet
986 1073 1312 1128 quemquam
1343 1059 1658 1115 mutabilem
1707 1073 1851 1123 esse,
1897 1057 1992 1113 sed

500 1149 555 1201 in
595 1148 699 1203 (ide
732 1148 1006 1214 stabilem,
1038 1152 1291 1223 quodque
1330 1152 1399 1206 ab
1430 1151 1499 1209 iis
1525 1151 1683 1207 bonis
1711 1166 1830 1229 quae
1863 1158 1996 1211 sunt

495 1241 551 1295 in
578 1238 822 1306 Domino,
854 1241 1032 1298 divelli
1075 1260 1180 1297 nun
1212 1243 1391 1299 debet.

1074 1376 1245 1447 Caput
1287 1377 1313 1431 Ι
1325 1420 1337 1434 .

498 1463 602 1529 Qui
625 1474 798 1525 autem
823 1482 978 1535 super
1005 1479 1215 1535 petrosa
1246 1470 1532 1525 seminatus
1565 1480 1665 1536 est,
1693 1471 1776 1525 hic
1810 1481 1887 1527 est
1909 1474 1998 1541 qui

426 1554 636 1611 verbum
667 1555 835 1618 audit,
868 1567 918 1610 et
940 1559 1191 1617 continuo
1220 1576 1340 1614 eum
1374 1561 1570 1632 gaudio
1598 1562 1788 1631 accipit
1832 1561 1990 1619 illud.

430 1644 554 1700 Non
576 1646 731 1700 habet
761 1657 935 1702 autem
966 1651 1022 1704 in
1053 1667 1109 1705 se
1142 1651 1394 1717 radicem,
1429 1654 1522 1706 sed
1550 1663 1626 1708 est
1655 1656 1999 1723 temporalis;

427 1736 574 1808 facta
628 1746 805 1792 autem
860 1740 1200 1797 tribulatione
1242 1752 1334 1795 aut
1378 1745 1735 1812 persecutione
1792 1756 1995 1812 propter

426 1828 655 1894 verbum,
675 1832 920 1886 continuo
939 1834 1338 1889 scandalizatur
1357 1834 1711 1902 (Mattth,
1729 1837 1822 1903 20,
1838 1837 1999 1907 Si)...

435 1919 637 1993 Itaque,
698 1922 894 1991 ﬁatres
961 1926 1083 1986 mei,
1143 1926 1360 1982 stabiles
1437 1935 1620 1992 estote,
1681 1928 1993 1994 immobiles,

427 2013 755 2069 abundantes
778 2016 834 2069 in
860 2032 1012 2085 opere
1035 2016 1247 2073 Domini
1276 2035 1476 2088 semper
1501 2018 1555 2091 (I
1586 2018 1711 2075 Cor.
1742 2037 1833 2086 xv,
1882 2021 1995 2090 58).

429 2105 601 2160 Miror
635 2108 774 2176 quod
818 2117 928 2161 tam
960 2110 1065 2164 cito
1117 2109 1503 2178 transferimini
1548 2109 1612 2164 ab
1657 2127 1717 2164 eo
1768 2112 1859 2182 qui
1910 2128 1998 2166 vos

426 2197 626 2252 vocavit
685 2197 741 2250 in
815 2199 995 2268 gratia
1056 2198 1276 2267 Christi,
1338 2202 1391 2255 in
1437 2202 1589 2261 aliud
1652 2201 1998 2275 Evangelium

427 2288 449 2361 (
480 2286 608 2349 Gal.
631 2303 670 2354 ι,
701 2288 743 2349 6,
761 2288 803 2358 )_.

953 2468 1300 2526 REGULA
1338 2470 1467 2531 XL.

427 2555 584 2624 Quod
630 2572 740 2619 non
786 2567 915 2615 sunt
944 2559 1151 2616 ferendi
1185 2562 1221 2616 ii
1247 2562 1341 2633 qui
1375 2564 1609 2619 alienam
1643 2572 1698 2621 et
1727 2563 2000 2624 diversam

498 2651 801 2708 doctrinam
851 2655 1093 2719 tradunt,
1130 2657 1345 2712 etiamsi
1387 2656 1738 2715 simulatione
1774 2669 2001 2718 utantur

499 2750 558 2823 ut
582 2742 865 2800 instabiles
904 2745 1179 2816 decipiant
1202 2748 1285 2803 vel
1325 2749 1683 2821 redarguam.

1076 2878 1247 2938 Caput
1290 2880 1341 2938 1-.

1076 2896 1155 2934 La
1191 2896 1247 2933 ut
1290 2896 1341 2938 ιι.

508 2966 691 3024 Videte
721 2986 784 3023 ne
819 2986 936 3040 quis
974 2987 1063 3024 vos
1097 2896 1333 3027 sesucat.
1361 2972 1522 3028 Multi
1546 2977 1683 3030 enim
1714 2979 1918 3034 uenient
1944 2980 2001 3034 in

430 3060 638 3113 nomine
681 3077 813 3125 meo,
870 3060 1098 3116 dicentes
1127 3077 1146 3116 :
1180 3062 1293 3133 Ego
1344 3081 1460 3118 sum
1503 3064 1783 3132 Christus;
1839 3069 2004 3142 264

427 3161 477 3205 et
528 3152 721 3205 multos
755 3151 1002 3206 seducent
1046 3152 1285 3220 (Matth.
1321 3173 1465 3223 xxw,
1494 3157 1630 3230 5)...
1663 3158 1931 3214 Attendite
1968 3178 2001 3215 a

2721 978 2893 1033 ΟΡΟΣ
2927 977 3051 1031 ΛΘ’.

2101 1075 2309 1130 Ὀτιοὺ
2342 1074 2424 1127 δεῖ
2467 1071 2826 1144 εὐμετάθετον
2872 1065 3034 1134 εἶναι,
3079 1067 3215 1123 ἀλλὰ
3256 1068 3470 1140 ἑδραῖον
3507 1068 3568 1122 ἐν
3605 1072 3686 1142 τῇ

2171 1169 2373 1233 πίστει,
2414 1167 2509 1221 καὶ
2558 1163 2890 1237 ἀμετάθετον
2937 1162 3046 1216 ἀπὸ
3084 1160 3197 1216 τῶν
3238 1163 3298 1214 ὲν
3331 1160 3519 1232 Κυρίῳ
3568 1177 3685 1215 κα·

2167 1261 2296 1316 λῶν.

2708 1373 2938 1443 Κεφάλ.
2979 1379 3061 1428 A'.

2164 1466 2533 1522 ΜΑΤΘΑΙΟΣ.
2577 1466 2629 1518 '0
2684 1464 2751 1518 δὲ
2808 1465 2905 1519 ἐπὶ
2955 1465 3030 1521 τὰ
3075 1461 3344 1532 πετρώδη
3394 1463 3687 1532 σπαρείς,

2096 1558 2271 1627 οὗτός
2302 1561 2473 1615 ἐστιν
2499 1562 2532 1613 ό
2564 1558 2672 1613 τὸν
2701 1558 2888 1627 λόγον
2914 1556 3169 1620 ἀκούων,
3191 1555 3288 1608 καί
3320 1555 3497 1622 εὐθὺς
3521 1556 3688 1624 μετὰ

2099 1650 2287 1726 χαρᾶς
2333 1652 2653 1719 λαμϐάνων
2690 1650 2896 1704 αὐτόν.
2942 1649 3063 1702 Οὐκ
3112 1649 3237 1715 ἔχει
3292 1645 3361 1700 δὲ
3402 1644 3577 1714 ῥίζαν
3605 1648 3692 1699 ἐν
3784 1693 3788 1696 τ

2085 1743 2305 1809 ⁸ἑαυτῷ,
2333 1743 2496 1798 ἀλλὰ
2519 1741 2884 1812 πρόσκαιρός
2915 1739 3045 1794 ἐστι
3065 1757 3078 1771 ’
3107 1738 3433 1809 γενομένης
3472 1738 3540 1792 δὲ
3562 1738 3686 1809 (86)

2103 1839 2364 1906 θλίψεως
2396 1836 2434 1905 ἢ
2464 1833 2719 1904 διωγμοῦ
2756 1832 2857 1887 διὰ
2896 1831 3004 1885 τὸν
3043 1832 3249 1899 λόγον,
3278 1830 3459 1896 εὐθὺς
3487 1847 3690 1884 σκαν-

2100 1928 2415 1991 δαλίζεται.
2467 1925 2647 1981 ΠΡΟΣ
2684 1927 2844 1979 ΚΟΡ.
2887 1931 2959 1979 α’.
2988 1924 3186 1989 Ὥστε,
3236 1922 3488 1992 ἀδελφοί
3533 1940 3686 1992 μου,

2098 2022 2318 2091 ἑδραῖοι
2349 2021 2608 2092 γίνεσθε,
2644 2018 3082 2088 ἀμετακίνητοι,
3121 2016 3587 2084 περισσεύοντες
3608 2015 3692 2068 ἐν

2098 2111 2178 2178 τῷ
2204 2111 2355 2181 ἔργῳ
2382 2110 2489 2164 τοῦ
2512 2108 2735 2177 Κυρίου
2755 2106 3029 2161 πάντοτε.
3056 2108 3235 2162 ΠΡΟΣ
3260 2106 3499 2159 ΓΑΛΑΤ.
3531 2108 3693 2160 Θαυ-

2093 2198 2273 2269 μάζω,
2305 2198 2394 2251 ὅτι
2434 2198 2587 2251 οὕτω
2626 2196 2850 2266 ταχέως
2874 2197 3261 2265 μετατίθεσθε
3287 2195 3406 2249 ἀπὸ
3434 2195 3544 2249 τοῦ
3578 2211 3693 2249 κα-

2098 2291 2400 2355 λέσαντος
2426 2287 2581 2359 ὑμᾶς
2610 2289 2718 2361 (87)
2743 2289 2813 2342 ἐν
2849 2289 3042 2358 χάριτι
3071 2288 3328 2357 Χριστοῦ
3358 2291 3445 2355 εὶς
3477 2288 3695 2358 ἕτερον

2101 2385 2148 2435 Ε
2155 2379 2487 2437 ὑανννιέλιον.

2738 2481 2918 2538 ΟΡΟΣ
2955 2485 3042 2540 Μ’.

2103 2581 2226 2635 Ὅτι
2278 2583 2340 2634 οὐ
2393 2580 2477 2632 δεῖ
2525 2576 3144 2649 ὲτεροδιδασκαλούντων
3192 2575 3520 2647 ἀνέχεσθαι,
3579 2574 3690 2628 κᾶν

2174 2669 2617 2744 σχηματίζωνται
2654 2669 2763 2741 (88)
2813 2669 2949 2740 πρὸς
2992 2668 3206 2738 ἀπάτην
3244 2669 3277 2739 ἢ
3314 2668 3537 2738 ἔλεγχον
3578 2666 3689 2719 τῶν

2172 2764 2462 2818 ἀϐεϐαίων.

2719 2897 2943 2952 Κεςσὰλ.
2985 2899 3067 2950 A'.

2171 2988 2539 3045 ΜΑΤΘΑΙΟΣ.
2586 2930 2848 3043 Βλέπετέ
2888 2987 2972 3058 μή
3023 3004 3112 3053 τις
3154 2982 3311 3057 ὑμᾶς
3361 2986 3686 3053 πλανήσῃ.

2101 3080 2327 3135 Πολλοὶ
2356 3079 2468 3151 γὰρ
2512 3080 2869 3134 ἐλεύσονται
2894 3078 2991 3132 ἐπὶ
3026 3077 3106 3144 τῷ
3141 3077 3387 3146 ὀνόματί
3407 3095 3554 3146 μου,
3587 3078 3692 3131 λέ-

2103 3190 2330 3243 ⁸ρον-τες,
2383 3171 2472 3225 ὅτι
2511 3171 2657 3240 Ἐγώ
2703 3174 2820 3241 είμι
2857 3175 2890 3225 ό
2930 3171 3214 3239 Χριστός·
3262 3168 3361 3222 καὶ
3410 3168 3694 3235 πολλοὺς

429 3242 620 3296 scribis
642 3244 732 3314 qni
766 3243 944 3298 uolunt
978 3242 1252 3300 ambulare
1277 3248 1331 3301 in
1353 3250 1529 3313 stolis,
1560 3259 1609 3304 et
1636 3261 1819 3306 amant
1847 3253 2000 3307 salu-

2112 3262 2554 3332 πλανήσουσινζ
2619 3263 2919 3317 ΛΟΥΚΑΣ.
2983 3261 3318 3329 Προσέχετε
3379 3261 3500 3314 ἀπὸ
3567 3259 3695 3315 τῶν

429 3335 655 3389 lationes
679 3336 733 3389 in
764 3335 918 3405 foris,
948 3347 997 3391 et
1036 3339 1234 3408 primas
1284 3340 1562 3395 cathedras
1611 3344 1667 3396 in
1695 3347 1999 3417 synagogis,

428 3437 479 3483 et
509 3427 708 3497 primos
736 3427 1031 3484 discubitus
1072 3431 1129 3485 in
1168 3433 1415 3487 conviviis
1442 3450 1460 3487 :
1495 3435 1586 3505 qui
1616 3434 1869 3490 devorant
1906 3437 2003 3493 do-

433 3537 544 3574 mos
579 3520 880 3585 viduarum,
916 3530 967 3576 et
1010 3523 1350 3579 simulatione
1391 3526 1484 3580 diu
1517 3536 1696 3582 orant.
1740 3528 1816 3583 Ili
1860 3531 2001 3583 acci—

428 3614 571 3684 pient
626 3613 1018 3671 damnationem
1068 3618 1324 3688 majorem
1374 3617 1543 3688 (Luc.
1571 3636 1662 3686 xx,
1693 3621 1784 3685 46,
1821 3620 1892 3675 47
1911 3620 2001 3693 )...

431 3702 535 3760 Sed
566 3706 684 3761 licet
714 3725 830 3773 nos,
869 3718 960 3762 aut
991 3709 1206 3780 angelus
1237 3711 1300 3766 de
1332 3711 1459 3766 caelo
1486 3713 1805 3783 evangelizet
1836 3713 2002 3779 vobis,

430 3809 783 3870 prteterquam
818 3800 957 3871 quod
983 3803 1454 3873 evangelisavimus
1508 3805 1674 3872 vobis,
1724 3806 2006 3861 anathema

431 3892 521 3944 sit.
564 3887 712 3945 Sicut
740 3891 1106 3960 pra'diximus,
1139 3902 1191 3947 et
1229 3910 1366 3948 nunc
1398 3894 1589 3949 iterum
1611 3895 1763 3952 dico:
1795 3896 1858 3952 Si
1886 3900 2003 3969 quis

431 3981 574 4034 uobis
606 3982 928 4051 euangelizat
958 3992 1151 4051 prwter
1186 3983 1241 4037 id
1264 3984 1403 4052 quod
1441 3986 1739 4056 accepistis,
1787 3987 2006 4044 anathe-

434 4089 527 4130 ma.
555 4073 625 4128 sit
656 4071 818 4144 (σαι
854 4088 892 4139 Ι,
927 4073 987 4140 8,,
1011 4074 1111 4145 9)ι
1194 4145 1203 4154 ,

963 4381 1008 4435 R
1027 4382 1124 4437 EG
1144 4382 1188 4438 U
1207 4382 1309 4439 L'A
1348 4382 1486 4439 XLI.

435 4475 482 4544 Q
508 4477 600 4532 md
624 4475 1053 4532 exsci‘ndendum
1084 4486 1169 4532 est
1192 4476 1458 4548 quidquid
1491 4476 1807 4533 scandalum
1829 4476 2003 4542 amart,

505 4567 727 4623 etiamsi
762 4566 1275 4636 coniunctissimum
1334 4567 1592 4638 quiddam
1658 4583 1729 4620 ac
1773 4567 2006 4621 maxime
2039 4581 2084 4638 ι)

506 4658 875 4716 necessarium
905 4673 1025 4713 esse
1050 4657 1316 4712 videatur.

507 4837 619 4909 (84‘)
655 4837 897 4909 Utraque
925 4837 1094 4909 editio
1136 4849 1189 4891 et
1231 4835 1363 4906 Reg.
1395 4835 1684 4909 secundus
1722 4836 1916 4904 ὀλίγων
1949 4836 2006 4890 δέ

432 4909 549 4962 ἐστι
588 4906 747 4980 χρεία
787 4910 818 4978 ἢ
855 4908 994 4980 ἑνός,
1036 4917 1206 4961 tamen
1247 4906 1431 4980 paucis
1450 4921 1589 4980 ppus
1625 4918 1721 4980 est,
1758 4917 1847 4960 aut
1880 4924 2004 4980 uno,

433 4973 652 5049 supple,
672 4973 891 5039 ferculo.
907 4977 988 5033 Ita
1004 4993 1221 5048 quoque
1236 4973 1432 5049 habuit
1450 4973 1579 5049 Reg.
1602 4978 1809 5049 primus
1831 4978 2003 5047 prima

434 5047 640 5104 manu:
697 5065 845 5103 nunc
885 5047 1377 5103 vero’emendatus
1411 5047 1573 5100 habet
1612 5048 1705 5111 ita,
1750 5058 1810 5101 ut
1851 5063 2007 5103 sacer

430 5126 616 5173 textus
664 5120 936 5189 vulgatus.
982 5117 1112 5189 Reg.
1165 5119 1356 5178 tertius
1398 5116 1593 5189 nulla:
1636 5118 1752 5189 ενὺς
1785 5116 1847 5170 δέ
1889 5120 2005 5170 ἐστι

432 5189 611 5260 χρεία,
648 5185 820 5243 Porro
852 5185 1117 5260 unumth
1144 5189 1525 5260 necessarium.
1548 5185 1653 5240 Sed
1695 5203 1904 5250 vereor,
1938 5204 2006 5241 ne

434 5257 580 5327 quod
604 5260 834 5329 contigit
856 5259 1031 5314 codici
1052 5257 1219 5329 Regio
1251 5259 1445 5329 primo,
1476 5257 1616 5329 idem
1640 5273 1856 5327 quoque
1882 5273 2010 5310 con-

438 5331 619 5394 tigerit
652 5338 706 5385 et
737 5328 901 5384 tertio
937 5349 951 5384 :
986 5328 1161 5399 eoque
1191 5329 1385 5400 magis,
1420 5329 1568 5400 quod
1601 5328 1808 5400 librarii
1834 5329 2004 5400 multa

435 5416 502 5453 ex
540 5402 653 5457 suis
700 5400 887 5455 Bibliis
918 5414 1026 5453 non
1074 5396 1202 5453 raro
1239 5396 1606 5454 emendarint.
1656 5396 1795 5452 Puto
1841 5397 2012 5466 igitur.

436 5469 698 5525 Basilium
751 5473 823 5524 ita
872 5470 1183 5538 scripsisse,
1228 5469 1309 5522 uti
1349 5468 1404 5522 in
1449 5476 1703 5522 contextu
1735 5469 2002 5522 edendum

438 5542 768 5596 curavimus.
793 5540 891 5595 Vix
917 5540 1059 5595 enim
1093 5540 1332 5595 librariis
1362 5540 1417 5593 in
1443 5546 1676 5592 mentem
1708 5538 1893 5592 venire
1910 5552 2008 5605 po-

439 5610 631 5666 tuisset
656 5611 757 5665 hoc
799 5611 963 5665 modo
987 5609 1249 5672 scribere,
1275 5610 1379 5663 nisi
1412 5611 1468 5663 in
1499 5609 1775 5664 veteribus
1806 5609 2005 5678 quibus

437 5682 730 5736 utebantur
759 5681 913 5736 libris
950 5680 1031 5750 sic
1060 5680 1335 5750 legissent.
1358 5679 1625 5734 Praeterea
1656 5694 1780 5732 cum
1814 5681 1868 5733 in
1906 5679 2009 5750 hoc

438 5751 614 5822 capite
647 5760 837 5822 agatur
874 5751 943 5805 de
970 5748 1298 5821 frugalitate,
1329 5754 1672 5819 consequens
1701 5764 1825 5805 esse
1863 5748 2009 5806 vide-

440 5835 525 5882 tur
552 5830 606 5877 ιιι
632 5821 701 5877 ita
730 5821 959 5895 legatur.

2104 3352 2486 3424 γραμματέων
2499 3351 2620 3406 τῶν
2643 3355 2942 3407 θελόντων
2956 3350 3301 3420 περιπατεῖν
3318 3351 3388 3404 ὲν
3411 3349 3691 3417 στολαῖς,

2104 3446 2202 3499 καὶ
2244 3446 2583 3514 φιλούντων
2616 3445 2982 3515 ἀσπασμοὺς
3023 3443 3093 3497 ἐν
3123 3443 3252 3510 ταῖς
3291 3443 3560 3513 ἀγοραῖς,
3590 3441 3695 3496 καὶ

2104 3536 2614 3606 πρωτοκαθεδρίας
2657 3537 2727 3589 ἐν
2777 3535 2906 3601 ταῖς
2952 3534 3350 3606 συναγωγαῖς,
3390 3534 3494 3587 καὶ
3537 3550 3698 3603 πρω-

2103 3628 2415 3696 τοκλισίας
2452 3630 2521 3682 ἐν
2547 3627 2670 3695 τοῖς
2708 3628 2973 3694 δείπνοις
2997 3645 3011 3660 ·
3054 3628 3111 3681 οἳ
3142 3626 3538 3681 κατεσθίουσι
3583 3626 3697 3691 τὰς

2104 3722 2297 3787 οἰκίας
2323 3720 2442 3774 τῶν
2474 3719 2697 3791 χηρῶν,
2728 3721 2827 3774 καὶ
2853 3718 3149 3788 προφάσει
3167 3720 3368 3788 μακρὰ
3400 3718 3514 3785 (89)
3552 3735 3699 3786 προ-

2105 3813 2448 3880 σεύχονται.
2480 3808 2659 3868 Οὗτοι
2686 3811 2987 3881 λήψονται
3025 3810 3465 3879 περισσότερον
3488 3810 3693 3879 κρῖμα.

2107 3907 2284 3959 ΠΡΟΣ
2322 3906 2476 3959 ΓΑΔ.
2521 3906 2697 3961 Ἀλλὰ
2740 3904 2841 3959 καὶ
2874 3904 2982 3959 ἐὰν
3021 3904 3212 3974 ἡμεῖς,
3240 3902 3278 3972 ἢ
3312 3902 3574 3972 ἅγγελος
3626 3901 3696 3966 ἐξ

2106 3998 2366 4065 οὐρανοῦ
2396 3996 2841 4069 εὐαγγελίζηται
2871 3996 3032 4067 ὑμῖν,
3055 3998 3192 4065 παρ’
3224 3996 3257 4051 ὅ
3289 3993 3697 4065 εὐηγγελισά-

2100 4095 2253 4158 μεθα
2274 4089 2435 4159 ὑμῖν,
2468 4089 2734 4158 ἀνάθεμα
2758 4088 2933 4144 ἔστω.
2973 4089 3069 4154 Ὠς
3094 4085 3535 4157 προειρήκαμεν
3557 4087 3695 4155 (90),

2107 4182 2206 4234 καὶ
2231 4181 2361 4249 ἄρτι
2393 4180 2581 4234 πάλιν
2616 4180 2803 4250 λέγωο
2830 4180 2904 4233 El
2931 4197 3021 4245 τις
3050 4176 3206 4248 ὑμᾶς
3253 4175 3695 4247 εὐαγγελίζεται

2108 4273 2243 4340 παρ’
2277 4271 2308 4326 ὃ
2337 4272 2719 4341 παρελάϐετε,
2753 4271 3019 4341 ἀνάθεμα
3045 4270 3220 4324 ἔστω.

2725 4384 2896 4437 ΟΡΟΣ
2933 4384 3067 4437 MA'.

2113 4477 2233 4531 Ὀτι
2264 4478 2345 4530 δεῖ
2376 4478 2483 4530 πᾶν
2520 4476 2580 4529 τὸ
2616 4476 2966 4540 σκανδαλίζον
3001 4476 3309 4542 ἐκκόπτειν,
3357 4480 3463 4533 κᾶν
3495 4480 3697 4533 οἰκειό-

2249 4568 2408 4621 τατόν
2428 4585 2482 4620 τι
2502 4568 2596 4620 καὶ
2620 4567 3048 4636 ἀναγκαιότατον
3075 4562 3213 4629 εἶναι
3235 4569 3364 4640 δοκῇ
3409 4570 3546 4641 (9|).

2182 4834 2295 4905 (85)
2327 4834 2460 4904 Reg.
2492 4837 2702 4903 primus
2729 4838 2823 4890 καὶ
2854 4836 2922 4890 τὰ
2947 4837 3129 4891 λοιπά.

2132 4906 2292 4990 ..(86)
2329 4905 2535 4961 Vocula
2589 4906 2647 4959 δέ
2698 4908 2882 4962 addita
2932 4916 3120 4963 estex
3167 4909 3410 4978 antiquis
3467 4909 3691 4969 duobus

2109 4979 2290 5119 1mg?)
2321 5045 2473 5129 Regii
2508 5048 2716 5121 primus
2750 5055 2804 5102 et
2837 5047 3032 5103 tertius
3051 5048 3570 5120 καλέσαντοςὴμᾶς,
3597 5054 3691 5122 qui

2106 5136 2201 5172 nos
2233 5128 2451 5171 vocavit.

2179 5189 2291 5258 (88)
2322 5186 2565 5260 Utraque
2613 5188 2781 5243 editio
2820 5189 3262 5260 σχηματίζονται.
3296 5187 3364 5243 At
3392 5205 3531 5245 mss.
3574 5192 3694 5247 duo

2110 5274 2211 5330 σχη
2221 5258 2568 5330 ματίςωνται.

2180 5327 2290 5399 (89)
2326 5328 2571 5401 ptraque
2607 5328 2775 5383 editio
2809 5335 2863 5382 et
2894 5327 3044 5401 chg.
3085 5329 3281 5385 tertius
3323 5331 3517 5401 μακρᾷ
3561 5347 3693 5385 cum

2107 5397 2463 5469 circumﬂexo
2485 5397 2560 5453 ἐι
2608 5413 2731 5452 cum
2760 5418 2778 5452 ι
2822 5397 3154 5469 subscripta,
3189 5397 3341 5469 longa
3375 5397 3695 5455 dissimula.

2109 5470 2264 5548 tione.
2300 5469 2403 5522 Alii
2437 5468 2546 5522 duo
2581 5484 2711 5524 mss.
2754 5468 2959 5540 μακρά,
2991 5468 3053 5523 et
3072 5485 3162 5538 per
3199 5468 3693 5526 dissimulationem

2107 5539 2458 5681 φιῖξὶίὸςαίῗές.
2514 5608 2707 5664 tertius
2748 5608 2824 5671 ὡς
2868 5610 3191 5681 προείρηκα,
3243 5609 3381 5662 sicut
3434 5610 3687 5681 prmdiz‘i.

2111 5677 2563 5752 Aliquanto’post
2606 5690 2835 5752 utraque
2893 5677 3161 5735 eumue:
3208 5697 3291 5743 τις
3330 5682 3484 5751 ὑμῖν.
3534 5680 3695 5752 Regii

2116 5750 2337 5819 primus
2358 5756 2411 5801 ct
2446 5749 2639 5802 tertius
2670 5751 2834 5819 ὐμᾷς.

2189 5818 2270 5888 (9i
2308 5816 2438 5889 R93.
2476 5821 2682 5889 primus
2723 5816 2856 5873 εἶναι
2886 5819 3034 5892 δοκῇ.
3072 5818 3177 5875 Alii
3201 5821 3364 5876 δοκεῖ.
