3962 6238
190 412 278 466 Nil

816 512 1041 598 Κεφάλ.
1073 535 1159 585 A’.

251 620 624 675 ΜΔΤΘΑΙΟΣ.
654 620 805 675 Οὐαὶ
844 620 925 687 τῷ
968 621 1256 690 ἀνθρώπῳ
1299 624 1529 691 ἐκείνῳ,
1570 625 1645 680 δι’
1694 622 1767 682 οὗ

189 713 249 767 τὸ
272 711 628 766 σκάνδαλον
644 710 913 781 ἔρχεται·
949 716 1019 768 El
1041 713 1110 767 δὲ
1142 717 1175 768 ὁ
1196 713 1349 781 ποῦς
1370 732 1487 770 σου
1512 715 1551 785 ἣ
1578 719 1617 785 ἡ
1642 717 1773 785 χείρ

190 819 299 857 σου
355 800 746 862 σκανδαλίζει
795 818 869 857 σε
887 843 903 866 ,
947 802 1216 872 ἔκκοψον
1252 805 1426 872 αὐτὰ,
1472 807 1567 860 καὶ
1611 805 1774 872 ,βάλε

189 892 299 950 ἀπὸ
334 893 472 947 σοῦ.
499 895 707 948 Καλόν
732 909 831 949 σοι
852 894 1024 948 ἐστὶν
1045 896 1346 951 εἰσελθεῖν
1366 899 1454 964 εις
1481 896 1596 965 τὴν
1621 895 1774 967 ζωὴν

191 983 410 1053 χωλὸν,
463 983 503 1053 ἣ
560 985 819 1051 κυλλὸν,
870 985 909 1055 ἢ
961 984 1071 1039 δύο
1108 986 1301 1053 πόδας
1330 988 1368 1057 ἣ
1418 987 1529 1042 δύο
1571 988 1774 1059 χεῖρας

192 1076 410 1145 ἔχοντα
437 1075 750 1146 ,ϐληθῆναι
781 1079 869 1144 εις
894 1076 961 1131 τὸ
990 1077 1113 1149 πῦρ
1140 1077 1206 1133 τὸ
1239 1076 1497 1133 αἰώνιον.
1524 1079 1635 1135 Καὶ
1660 1082 1714 1134 εὶ
1741 1084 1775 1135 ό

192 1167 501 1236 ὀφθαλμός
538 1184 656 1221 σου
687 1166 1071 1227 σκανδαλίζει
1106 1181 1204 1233 σε,
1234 1168 1409 1234 ἐξελε
1441 1169 1647 1233 αὐτὸν,
1676 1167 1776 1223 καὶ

185 1260 346 1325 ,ϐάλε
375 1261 495 1315 άπὸ
533 1259 673 1319 σοῦ.

193 1373 314 1428 Ὅτι
362 1370 475 1425 τῶν
506 1372 912 1442 ἀσθενεστέρων
940 1374 997 1425 ὲν
1027 1373 1094 1444 τῇ
1142 1370 1324 1425 πίστει
1372 1371 1646 1443 φείδεσθαι
1675 1372 1775 1437 δεῖ,

259 1462 362 1516 καὶ
389 1460 616 1531 ἀνάγειν
645 1460 756 1532 (92)
783 1462 978 1525 αὐτοὺς
1009 1461 1076 1515 δι’
1106 1460 1424 1532 ἐπιμελείας
1447 1461 1540 1514 ἐπὶ
1568 1461 1669 1533 τὴν
1690 1477 1780 1514 τι·-

261 1554 561 1624 λειότητα·
596 1553 873 1623 φείδεσθαι
905 1553 982 1619 δὲ,
1007 1552 1271 1626 δηλονότι,
1304 1553 1472 1626 χωρὶς
1511 1551 1607 1607 τοῦ
1635 1570 1766 1625 παρ-

256 1645 399 1701 ιδεῖν
427 1647 649 1720 ἐντολὴν
681 1647 842 1705 Θεοῦ.

812 1758 1040 1830 Κεφάλ.
1076 1763 1158 1815 B'.

256 1852 637 1908 ΜΑΤΘᾹΙΟΣ.
681 1852 969 1922 Κάλαμον
1017 1850 1525 1922 συντετριμμένον
1563 1852 1636 1904 οὐ
1686 1867 1786 1905 κα-

1640 416 1969 473 ΜΟΗΑΙΛΑ.

1805 542 1854 596 Α

3349 416 3455 474 73‘)

2530 530 2704 603 Caput
2745 531 2795 591 Ῑ.
3371 603 3377 611 ⁸

1955 625 2045 682 Va:
2075 625 2280 679 homini
2316 625 2398 679 illi
2443 639 2535 694 per
2555 641 2706 695 quem
2739 623 3054 679 scandalum
3083 625 3216 679 venit
3231 625 3251 676 .'
3269 623 3331 679 Si
3357 641 3449 679 au-

1875 728 1978 773 tem
2003 736 2093 789 pes
2147 728 2267 772 tuus
2299 716 2377 773 uel
2404 734 2594 773 manus
2628 727 2723 772 tua
2776 716 3111 773 scandalizat
3143 724 3210 782 te,
3249 717 3457 771 abscide

1872 828 1958 875 ea,
1991 821 2041 865 et
2069 810 2269 882 projice
2304 809 2398 866 abs
2451 820 2519 865 te.
2580 809 2790 865 Bonum
2817 808 2913 863 tibi
2947 821 3029 865 est
3066 807 3136 863 ad
3174 811 3340 863 vitam
3371 809 3453 881 in-

1872 904 2021 976 gredi
2069 903 2322 957 claudum
2378 903 2459 959 vel
2493 902 2738 966 debilem,
2791 918 2952 974 quam
3003 901 3137 956 duos
3189 901 3345 971 pedes
3385 902 3463 956 rel

1873 994 2010 1047 duas
2044 1010 2234 1048 manus
2268 992 2544 1047 habentem
2594 992 2739 1046 mitti
2779 992 2835 1046 in
2877 992 3051 1063 ignem
3079 1001 3359 1048 wternum.
3396 990 3463 1044 Et

1875 1087 1923 1141 si
1952 1086 2136 1141 oculus
2182 1095 2303 1140 tuus
2334 1084 2671 1141 scandalizat
2712 1094 2784 1152 te,
2826 1101 2951 1140 erue
2998 1101 3141 1151 eum,
3186 1093 3238 1141 et
3268 1085 3470 1155 projirs

1877 1178 1971 1235 abs
2002 1189 2049 1233 te
2075 1177 2289 1251 (Matth.
2312 1193 2468 1244 ινιιι,
2500 1176 2640 1249 7-9).

1879 1354 2035 1422 Quod
2065 1363 2283 1426 oportet
2305 1354 2494 1410 mitius
2517 1368 2678 1425 agere
2708 1367 2834 1406 cum
2879 1352 2948 1409 iis
2983 1352 3079 1424 qui
3108 1353 3163 1407 in
3194 1352 3299 1409 ﬁde
3338 1358 3471 1407 sunt

1952 1448 2311 1512 inﬁrmiores,
2362 1462 2571 1518 eosque
2627 1444 2875 1516 diligenti
2914 1460 3047 1499 cura
3071 1445 3140 1499 ad
3176 1444 3472 1517 perfectio-

1950 1554 2075 1595 nem
2101 1538 2410 1595 adducere:
2438 1540 2512 1594 ita
2536 1547 2722 1597 tamen
2761 1545 3081 1611 temperato.
3104 1545 3165 1593 ut
3183 1537 3280 1593 Dei
3314 1552 3468 1593 man-

1950 1631 2138 1688 datum
2174 1645 2284 1686 non
2317 1631 2649 1703 negligatur.

2518 1761 2692 1830 Caput
2749 1761 2837 1817 11.

1956 1850 2283 1906 Arundinem
2338 1862 2654 1922 quassatan
2708 1870 2815 1908 non
2856 1854 3176 1925 confringet,
3215 1866 3262 1909 et
3303 1856 3472 1910 linum

199 1945 414 2012 τεάξει,
450 1946 553 2000 καὶ
600 1946 778 2001 λίνον
822 1948 1159 2015 τυφόμενον
1186 1946 1260 2000 οὐ
1304 1943 1529 2007 σϐέσει,
1576 1941 1688 2008 ἕως
1711 1942 1789 1996 ἂν

1914 1943 2158 2013 'umigans
2196 1961 2301 1999 non
2328 1947 2641 2017 exstinguet,
2686 1947 2852 2002 donec
2880 1949 3063 2018 ejiciat
3103 1948 3172 2002 ad
3198 1949 3477 2004 victoriam

198 2038 423 2109 ἐκϐάλῃ
449 2041 539 2105 εἰς
561 2039 732 2106 νῖκος
768 2038 885 2107 τὴν
904 2039 1131 2106 κρίσιν’
1162 2037 1262 2091 καὶ
1304 2036 1385 2102 τῷ
1409 2038 1654 2106 ὀνόματι
1684 2039 1791 2090 αὺ-

201 2129 299 2184 τοῦ
343 2130 493 2195 ἔθνη
540 2129 882 2184 ἐλπιοῦσιν.
929 2130 1110 2183 ΠΡΟΣ
1149 2130 1312 2183 ΡΩΜ.
1348 2129 1460 2183 Τὸν
1501 2128 1571 2181 δὲ
1611 2128 1790 2182 ἀσθε-

202 2219 429 2275 νοῦντα
456 2218 535 2288 τῇ
566 2220 767 2274 πίστει
805 2218 1362 2289 προσλαμϐάνεσθε.
1411 2220 1590 2272 ΠΡΟΣ
1632 2219 1787 2271 ΓΑΛ.

215 2311 355 2367 Ἐὰν
389 2311 490 2365 καὶ
515 2309 837 2380 προληφθῇ
878 2310 1190 2379 ἅνθρωπος
1229 2311 1300 2365 ἕν
1330 2329 1449 2365 τινι
1480 2308 1794 2378 παραπτώ-

203 2421 357 2475 ματι,
387 2403 559 2474 ὑμεῖς
587 2407 643 2457 οἱ
663 2404 1053 2472 πνευματικοὶ
1081 2402 1452 2472 καταρτίζετε
1482 2404 1589 2457 τὸν
1608 2402 1795 2456 τοιοῦ-

202 2499 398 2552 τονὲν
427 2499 722 2566 πνεύματι
743 2498 1094 2566 πραότητος,
1126 2497 1374 2551 σκοπῶν
1396 2495 1678 2560 σεαυτὸν,
1701 2495 1789 2565 μὴ

205 2591 295 2643 καὶ
324 2589 412 2643 σὺ
433 2588 787 2659 πειρασθῇς.
829 2590 1136 2657 Ἀλλήλων
1154 2590 1228 2644 τὰ
1254 2590 1416 2658 ¹βάρη
1436 2586 1789 2656 βαστάζετε,

208 2684 295 2736 καὶ
324 2683 519 2749 οὕτως
539 2682 1017 2753 ἀναπληρώσατε
1040 2684 1149 2737 τόν
1170 2685 1360 2753 νόμον
1381 2682 1486 2737 τοῦ
1509 2679 1790 2750 Χριστοῦ.

832 2821 1005 2875 ΟΡΟΣ
1040 2821 1173 2875 MB'.

214 2912 322 2967 Ὀτι
354 2913 419 2966 οὺ
454 2912 538 2965 δεῖ
580 2912 823 2982 νομίζειν
866 2913 960 2965 ἐπὶ
1009 2912 1304 2966 καταλύσει
1334 2911 1428 2965 τοῦ
1482 2912 1648 2983 νόμου
1701 2911 1796 2965 καὶ

267 3005 380 3059 τῶν
424 3004 726 3076 προφητῶν
759 3005 850 3058 τὸν
896 3005 1098 3076 Κύριον
1152 3003 1489 3073 ἐληλυθέναι,
1541 3003 1656 3057 ἀλλ’
1702 3003 1797 3056 ἐπὶ

273 3096 555 3170 πληρώσει
582 3095 675 3149 καὶ
706 3095 994 3168 προσθήκῃ
1020 3095 1130 3149 τῶν
1156 3094 1529 3167 τελειοτὲρων.

834 3233 1059 3287 Κεφάλ.
1087 3238 1166 3287 A'.

834 3252 936 3287 ne"
962 3252 1059 3287 αλ.
1087 3252 1166 3287 A'.

272 3323 649 3413 ΜΑΤΘΑΙΟΣ.
693 3325 789 3393 Μὴ
828 3252 1138 3394 reflante,
1183 3325 1272 3379 ὅτι
1300 3322 1492 3396 ἦλθον
1534 3326 1796 3379 καταλῦ-

211 3433 309 3472 mu
341 3419 450 3472 τὸν
469 3419 684 3487 νόμον,
718 3417 757 3485 ἦ
798 3417 938 3485 τοὺς
960 3418 1271 3488 προφήτας
1291 3436 1303 3449 -
1332 3421 1444 3473 οὐκ
1467 3416 1659 3489 ἦλθον
1689 3437 1798 3475 κα-

214 3512 490 3575 ταλῦσαι,
520 3510 683 3565 ἀλλὰ
703 3508 1042 3579 πληρῶσαι.
1070 3512 1249 3565 ΠΡΟΣ
1270 3511 1434 3564 ΡΩΜ.
1461 3511 1663 3581 Νόμον
1684 3506 1800 3566 οὖν

1883 2034 2149 2102 judicium
2171 2050 2191 2090 :
2218 2045 2268 2091 et
2294 2038 2348 2091 in
2369 2039 2578 2094 nomine
2603 2039 2719 2109 ejus
2741 2050 2918 2110 gentes
2939 2041 3225 2110 sperabunt
3254 2040 3473 2113 (Matth.

1892 2130 1991 2195 χιι,
2059 2127 2150 2192 20,
2205 2128 2378 2201 21)...
2416 2129 2699 2201 Inﬁrmum
2748 2142 2927 2189 autem
2973 2134 3030 2187 in
3067 2132 3173 2199 ﬁde
3222 2136 3477 2188 assumite

1891 2219 2086 2291 (Rom.
2113 2238 2227 2287 XIV,
2263 2222 2387 2292 1)...
2420 2223 2490 2277 Et
2534 2226 2583 2280 si
2624 2235 3021 2296 prmoccupatus
3049 2226 3210 2295 fuerit
3240 2226 3395 2282 homo
3420 2226 3477 2280 in

1893 2313 2074 2382 aliqua
2105 2312 2320 2381 delicto,
2349 2330 2441 2369 vos
2488 2316 2580 2386 qui
2626 2316 2935 2385 spirituales
2977 2317 3125 2382 estis,
3171 2315 3478 2387 hujusmodi

1891 2405 2140 2459 instruite
2172 2407 2226 2460 in
2248 2407 2443 2476 spiritu
2481 2406 2740 2474 lenitatis,
2770 2408 3111 2462 considerans
3144 2408 3389 2478 teipsum,
3418 2425 3481 2462 ne

1891 2504 2022 2549 ettu
2050 2497 2286 2552 tenteris.
2339 2498 2491 2552 Alter
2531 2498 2754 2552 alterius
2802 2514 2965 2553 onera
3015 2506 3246 2568 portate,
3300 2506 3357 2553 et
3403 2498 3480 2554 sic

1893 2587 2181 2659 adimplete
2212 2589 2375 2661 legem
2412 2587 2612 2645 Christi
2643 2588 2797 2658 (Gal.
2834 2607 2911 2657 Vl,
2948 2591 3001 2657 1,
3032 2575 3125 2663 2).

2427 2807 2646 2865 REGU
2668 2810 2765 2864 LA
2803 2810 2963 2871 XLII.

1897 2896 2053 2965 Quod
2093 2915 2202 2954 non
2237 2902 2539 2970 putandum
2578 2911 2663 2957 est
2709 2902 3002 2960 Dominum
3034 2907 3276 2972 venisse,
3304 2915 3363 2963 ut
3402 2910 3484 2964 le-

1968 3007 2089 3062 gem
2134 3004 2189 3047 et
2238 2993 2534 3063 prophetas
2567 3002 2799 3061 evertat,
2844 2998 2940 3053 sed
2983 3006 3043 3052 ut
3077 2998 3387 3070 adimpleat.
3428 3009 3485 3058 at

1969 3083 2193 3155 adjiciat
2219 3101 2341 3157 quae
2371 3095 2500 3141 sunt
2527 3086 2877 3157 perfectiora.

2561 3216 2736 3275 Caput
2774 3216 2828 3275 Ῑ.

2561 3233 2736 3288 uaput
2774 3233 2828 3275 1.

1974 3304 2158 3361 Nolite
2210 3318 2400 3377 putare
2444 3311 2698 3380 quoniam
2741 3312 2855 3367 veni
2905 3312 3105 3367 solvere
3153 3312 3334 3384 legem,
3390 3321 3485 3368 ant

1899 3401 2220 3471 prophetas:
2256 3420 2361 3457 non
2391 3405 2507 3457 veni
2544 3403 2765 3469 solvere,
2797 3403 2890 3459 sed
2927 3404 3217 3475 adimplere
3255 3405 3480 3477 (Matth.

1901 3510 1957 3560 ν,
1986 3494 2140 3567 l7)...
2165 3493 2353 3565 Legem
2377 3511 2498 3567 ergo
2518 3495 2842 3551 destruimus
2857 3512 2950 3566 per
2971 3496 3167 3567 ﬁdem?
3185 3495 3373 3552 Absit!
3395 3496 3488 3552 sed

214 3603 624 3673 καταργοῦμεν
641 3601 740 3655 διὰ
761 3600 872 3671 τῆς
895 3602 1188 3668 πίστεως;
1217 3600 1316 3670 Μὴ
1342 3600 1573 3671 γένοιτο
1593 3601 1613 3654 !
1637 3601 1789 3656 ἀλλά

1914 3584 2067 3657 legem
2089 3587 2377 3642 statuimus
2414 3587 2603 3658 (Rom.
2633 3603 2719 3653 III,
2746 3587 2870 3658 51).

214 3697 393 3765 νόμον
423 3696 709 3766 ἱστῶμεν.

847 3788 1021 3843 ΟΡοΣ
1067 3787 1200 3842 MF'.
1698 3818 1704 3823 -

223 3881 331 3935 Ὀτι
364 3881 441 3946 ὡς
466 3882 635 3952 νόμος
664 3880 766 3946 τὰς
799 3881 1029 3953 πράξεις
1060 3879 1392 3954 ἀπαγορεύει
1424 3879 1527 3946 τὰς
1562 3879 1798 3950 φαύλας,

284 3975 428 4029 οὕτω
473 3977 535 4028 τὸ
583 3973 922 4044 Εὑαγγέλιον
950 3974 1093 4031 αὐτὰ
1139 3973 1210 4028 τὰ
1253 3973 1614 4046 κεκρυμμένα
1653 3972 1799 4044 πάθη

282 4068 385 4137 τῆς
411 4067 611 4139 ψυχῆς.

588 4156 591 4161 ⁴
827 4158 1058 4230 Κεφάλ.
1109 4158 1189 4212 Α’.
1731 4194 1739 4202 .

292 4249 656 4308 ΜΑΤΘΔΙΟΣ.
728 4250 1082 4319 Ἠκούσατε,
1133 4251 1221 4306 ὅτι
1264 4250 1476 4320 ἐρρέθη
1526 4248 1653 4315 τοῖς
1697 4247 1736 4315 ά

222 4345 440 4410 χαίοις,
475 4345 555 4399 Οὐ
592 4344 953 4414 φονεύσεις’
1013 4341 1071 4408 ὃς
1129 4340 1181 4394 δ’
1229 4340 1306 4395 ἂν
1338 4339 1612 4409 φονεύσῃ
1668 4336 1801 4409 (95),

2340 3783 2501 3856 235
2542 3781 2818 3840 REGULA
2848 3782 3034 3839 XLIII.

1903 3874 2058 3941 Quod
2126 3876 2586 3945 quemadmodum
2625 3876 2709 3931 lex
2755 3875 3002 3932 actiones
3068 3875 3243 3931 malas
3287 3882 3436 3931 vetat
3468 3916 3485 3940 .

1973 3967 2050 4021 ita
2097 3966 2453 4039 Evangelium
2500 3968 2621 4040 ipsa
2671 3968 2843 4023 animi
2900 3968 3033 4025 vitia
3093 3966 3323 4024 latentia
3359 3983 3490 4038 pro-

1975 4059 2149 4116 bibet.

2538 4151 2717 4223 Caput
2759 4151 2812 4209 1.

1987 4244 2236 4299 Audistis
2268 4245 2395 4316 quia
2433 4244 2635 4299 dictum
2667 4254 2745 4300 est
2786 4246 3020 4317 antiquis
3046 4260 3065 4298 :
3092 4244 3218 4300 Non
3250 4244 3452 4299 occides
3472 4259 3491 4298 :

1905 4337 1997 4408 qui
2027 4345 2206 4392 autem
2262 4336 2537 4403 occiderit,
2592 4354 2712 4392 reus
2745 4339 2848 4392 erit
2892 4338 3123 4408 judicio.
3158 4336 3272 4409 Ego
3315 4349 3492 4392 autem

220 4434 436 4504 ἔνοχος
455 4433 623 4488 ἔσται
654 4432 733 4503 τῇ
777 4434 993 4502 κρίσει.
1043 4430 1191 4501 Ἐγὼ
1227 4430 1295 4484 δὲ
1315 4432 1471 4500 λέγω
1496 4429 1659 4500 ὑμῖν,
1683 4427 1789 4495 πᾶς

1914 4428 2025 4487 dico
2081 4429 2247 4495 vobis,
2298 4431 2425 4500 quia
2455 4431 2625 4485 omnis
2674 4431 2765 4501 qui
2817 4430 3070 4485 irascitur
3098 4428 3262 4499 fratri
3292 4447 3388 4483 suo
3418 4439 3494 4482 te-

222 4528 255 4580 d
294 4523 664 4596 ὀργιζόμενος
721 4523 805 4591 τῷ
854 4522 1098 4594 ἀδελφῷ
1134 4522 1320 4577 αὑτοῦ
1378 4520 1513 4591 εὶκῆ
1545 4538 1561 4552 ο
1590 4522 1789 4590 ἔνοχος

1914 4537 2069 4586 mere,
2100 4536 2221 4575 reus
2271 4521 2373 4574 erit
2418 4521 2628 4589 judicio
2658 4519 2876 4592 (Matth.
2913 4537 2965 4587 ν,
3000 4520 3091 4585 21,
3124 4518 3330 4594 2Ξ).....
3373 4517 3492 4572 Νοη

221 4618 397 4671 ἔσται
438 4618 508 4686 τῇ
555 4619 773 4687 κρίσει.
831 4616 1008 4670 ΠΡΟΣ
1054 4616 1218 4669 ΡΩΜ.
1265 4616 1348 4668 Οὐ
1386 4613 1500 4684 γὰρ
1543 4616 1577 4668 ὁ
1618 4612 1689 4666 ὲν
1724 4610 1789 4677 τᾷ

1914 4611 2050 4666 enim
2093 4611 2183 4682 qui
2216 4611 2270 4665 in
2298 4613 2603 4681 manifesto,
2648 4612 2872 4669 Judteus
2908 4621 2986 4667 est
3020 4629 3038 4668 :
3072 4628 3232 4683 neque
3268 4628 3385 4682 qua:
3437 4612 3492 4664 in

222 4708 457 4777 φανερῷ
489 4709 770 4774 Ἰουδαῖός
787 4707 977 4770 ἐστιν,
1000 4706 1144 4761 οὐδὲ
1194 4708 1232 4775 ἠ
1265 4705 1336 4759 ἐν
1362 4704 1444 4771 τῷ
1468 4703 1703 4773 φανερῷ
1731 4702 1803 4757 ἐν

221 4802 403 4869 σαρκὶ
425 4801 702 4871 περιτομή
736 4817 748 4830 ·
785 4800 923 4854 ἀλλ’
952 4801 985 4853 ό
1021 4800 1091 4853 ἐν
1117 4796 1196 4863 τῷ
1216 4795 1457 4866 κρυπτῷ
1502 4795 1799 4861 Ἰουδαῖος,

227 4893 331 4947 καὶ
365 4892 644 4963 περιτομὴ
667 4890 921 4961 καρδίας
947 4891 1016 4945 ἐν
1043 4891 1355 4959 πνεύματι,
1391 4890 1464 4943 οὐ
1493 4886 1804 4959 γράμματι,

1906 4703 2207 4772 manifesto,
2228 4704 2283 4757 in
2311 4720 2488 4769 carne,
2517 4714 2595 4760 est
2635 4705 3006 4762 circumcisio:
3037 4704 3127 4760 sed
3156 4705 3246 4776 qui
3282 4705 3338 4757 in
3369 4702 3493 4757 abs-

1907 4795 2140 4860 condito,
2181 4796 2405 4852 Judwus
2437 4807 2537 4864 est,
2561 4806 2610 4852 et
2636 4798 2967 4853 circumcisio
2996 4797 3171 4853 cordis
3200 4797 3254 4850 in
3278 4795 3491 4866 spiritu,

1908 4906 2015 4943 non
2076 4888 2299 4945 littera:
2333 4891 2488 4962 cujus
2543 4892 2662 4948 laus
2722 4910 2826 4947 non
2865 4907 2933 4948 ea;
2971 4889 3292 4958 hominibus,
3316 4887 3406 4944 sed
3429 4903 3497 4945 ex

222 4981 298 5042 οὗ
356 4988 390 5039 ό
433 4986 678 5053 ἔπαινος
723 4985 838 5039 οὐκ
875 4982 945 5048 ἐξ
987 4980 1335 5051 ἀνθρώπων,
1395 4982 1534 5036 ἀλλ’
1573 4980 1645 5034 ἐκ
1699 4979 1789 5034 toi

1914 4979 2014 5036 Deo
2035 4991 2115 5036 est
2150 4980 2326 5053 (Rom.
2362 5000 2423 5051 II,
2462 4984 2554 5049 28,
2591 4985 2702 5058 29).

234 5075 405 5129 Θεοῦ.

224 5168 353 5221 Ὅτι
397 5167 467 5231 ὡς
497 5169 525 5222 ὁ
559 5167 728 5238 νόμος
755 5165 816 5219 τὸ
844 5167 908 5219 ὲκ
940 5164 1163 5236 μέρους,
1195 5162 1339 5218 οὕτω
1367 5162 1431 5217 τὸ
1472 5160 1789 5230 Εὐαγγέλιοη

1914 5170 2060 5237 Quod
2086 5171 2249 5227 sicuti
2285 5172 2369 5228 lex
2408 5179 2644 5242 partem,
2669 5172 2751 5226 sic
2776 5170 3135 5240 Evangelium
3159 5171 3215 5224 in
3245 5182 3490 5239 unoquo-

299 5260 362 5315 τὸ
420 5260 707 5332 ὁλόκληρον
760 5260 848 5328 ἐφ’
911 5258 1128 5329 ἑκάστῳ
1188 5257 1297 5310 τῶν
1358 5253 1807 5327 κατορθουμένων

299 5350 558 5423 ἐπιζητεῖ.

823 5439 1050 5511 Κεφάλ.
1097 5443 1180 5495 B'.

304 5536 588 5590 ΛΟΥΚΑΣ.
621 5535 827 5590 Πάντα
859 5535 978 5589 ὅσα
1006 5533 1169 5604 ἔχεις
1202 5530 1515 5599 πώλησον,
1548 5528 1649 5584 καὶ
1682 5528 1807 5583 διά-

232 5624 345 5691 δος
377 5628 644 5700 πτωχοῖς,
675 5628 775 5681 καὶ
798 5626 958 5695 ἔξεις
995 5625 1305 5696 θησαυοὸν
1328 5624 1400 5678 ἐν
1421 5619 1683 5691 οὐρανῷ,
1703 5620 1803 5675 καὶ

312 5780 414 5856 (92)
442 5784 573 5856 Reg.
610 5786 807 5841 tertius
835 5785 917 5839 δεῖ
950 5787 1046 5840 καὶ
1081 5785 1377 5856 ἐνάγειν..

2089 5278 2197 5333 que
2235 5271 2383 5318 recte
2409 5263 2553 5317 facto
2578 5262 2893 5332 expostulat
2926 5261 3317 5332 integritatem.

2551 5435 2725 5495 Caput
2773 5434 2859 5495 ΙΙ.

2596 5454 2628 5490 a
2667 5453 2725 5490 ut
2808 5453 2859 5495 ι.

1988 5526 2183 5584 Omnia
2210 5542 2533 5599 quacunque
2551 5453 2723 5583 (haz'es
2753 5453 2934 5594 vlende,
2965 5536 3016 5584 et
3052 5527 3124 5581 da
3154 5523 3493 5596 pauperibus,

1912 5630 1961 5675 et
1991 5619 2204 5675 habebis
2246 5621 2555 5675 thesaurum
2610 5622 2664 5677 in
2694 5620 2823 5678 ctelo
2852 5638 2872 5678 :
2903 5629 2954 5678 et
2982 5621 3118 5688 seni,
3161 5635 3372 5692 sequere
3415 5633 3502 5675 me

317 5854 419 5924 ωδ)
453 5848 690 5929 Utraque
735 5856 1047 5922 θύίῑίοδςδ
1087 5857 1153 5913 ἂν
1184 5848 1455 5928 ἑρονεύᾶει.
1501 5852 1653 5925 Regii
1697 5854 1789 5925 pri

1934 5857 1986 5908 et
2015 5850 2212 5908 tertius
2245 5848 2500 5923 φονεύσῃ.
