3962 6238
190 357 286 413 765

1632 349 1960 405 MORALIA'.

185 477 250 530 ἐν
274 473 350 542 τῇ
382 470 677 538 βασιλείᾳ
705 468 828 523 τῶν
852 467 1144 538 οὐρανῶν.
1196 470 1345 524 Ἀλλ’
1385 468 1456 536 ὃς
1478 469 1588 522 ἐὰν
1623 467 1768 538 θέλῃ

1895 469 1943 521 'it
1977 483 2199 538 magnus
2226 467 2345 536 ﬁeri
2362 469 2500 522 inter
2525 483 2635 534 uos,
2658 467 2948 522 erit-uester
2967 465 3210 520 minister
3236 465 3462 537 (Matth.

187 567 461 637 γενέσθω
490 563 684 635 μέγας
731 562 802 616 ἐν
831 561 1012 632 ὑμῖν,
1051 561 1225 617 ἔσται
1260 562 1430 632 ὑμῶν
1469 562 1771 628 διάκονος.

185 658 483 714 ΜΑΡΚΟΣ.
548 655 660 709 Καὶ
713 653 782 720 ὃς
838 654 949 708 ἐὰν
999 654 1145 724 θέλῃ
1206 654 1502 726 γενέσθαι·
1545 653 1776 724 πρῶτος

185 749 365 818 ὑμῶν,
384 749 560 803 ἔσται
595 751 841 802 πάντων
866 747 1106 814 δοῦλος.
1138 748 1315 801 ΠΡΟΣ
1345 748 1606 802 ΦΙΛΙΠΠ.
1643 750 1772 815 Mn-

185 841 285 894 ὀὲν
331 844 462 896 κατ’
497 841 760 910 ἐριθείαν
813 840 853 910 ἢ
916 839 1293 905 κενοδοξίαν,
1348 840 1511 894 ἀλλὰ
1552 838 1638 908 τῆς
1670 857 1774 893 ra-

186 934 633 1001 πεινοφροσύνῃ
667 929 983 1000 ἀλλήλους
1011 932 1331 1001 ἡγούμενοι
1368 930 1774 1000 ὑπερέχοντας

186 1021 414 1078 ἑαυτῶν
452 1022 589 1093 (97).

780 1135 953 1188 ore}:
1009 1133 1166 1203 Μαι.

189 1229 306 1281 Ὀτι
340 1228 401 1293 ἐξ
439 1226 920 1298 ἀντιπαραθέσεως
948 1228 1050 1298 τῆς
1093 1227 1187 1280 ἐπὶ
1230 1229 1343 1291 τοῖς
1391 1227 1637 1282 ἐλάττοσι
1669 1245 1769 1297 φυ-

247 1319 587 1390 λαττομένης
616 1319 950 1383 ἀκολουθίας
969 1318 1070 1391 τὴν
1096 1319 1190 1372 ἐπὶ
1215 1323 1328 1380 τοῖς
1361 1317 1571 1390 μείζοσι
1603 1336 1770 1373 σπου-

247 1413 352 1484 δὴν
391 1411 796 1484 ἀπαιτούμεθαί.

800 1545 1026 1616 Κεφάλι
1068 1551 1148 1601 Α⁹.

249 1641 556 1696 ΛΟΥΚΑΣ.
588 1640 882 1706 Ἕκαστος
911 1638 1078 1708 ὑμῶν
1109 1638 1190 1705 τῷ
1211 1637 1491 1704 Σαϐϐάτῳ
1526 1639 1600 1692 οὑ
1635 1640 1768 1692 λύει
1794 1653 1798 1656 ·

188 1735 289 1789 τὸν
307 1734 478 1800 ,βοῦν
508 1733 720 1798 αὐτοῦ,
772 1731 812 1801 ἢ
862 1731 1145 1786 τὸνόνον
1187 1731 1307 1786 ἀπὸ
1349 1731 1462 1799 τῆς
1513 1731 1765 1801 φάτνης,

1876 576 1969 625 xx,
2003 558 2108 630 26),
2142 578 2156 614 :
2218 571 2268 614 et
2303 558 2641 629 quiuoluerit
2670 560 2727 613 in
2770 557 2924 612 vobis.
2948 559 3158 626 primus
3199 542 3334 621 esse,
3359 557 3460 612 erit

1875 655 2112 708 omnium
2161 670 2342 708 seruus
2383 652 2582 724 (Marc.
2617 669 2673 720 κ,
2705 652 2914 722 ﬂ)...”
2945 650 3449 721 Nihit'per-conten-

1876 749 2072 803 tionem
2130 755 2223 800 aut
2289 749 2504 801 inanem
2557 747 2833 818 gloriam,
2895 745 3002 800 sed"
3042 746 3097 799 in
3163 743 3460 800 humilitate

1875 843 2188 910 superiores
2207 841 2321 895 sibi
2339 841 2568 895 inuicem
2582 840 2908 894 artitrantes
2930 837 3188 909 (Philipp.
3214 852 3277 900 ιι,
3308 838 3386 904 5).

2401 1137 2686 1194 REGULA
2735 1136 2923 1192 XLVI.

1873 1229 2028 1298 Quod
2065 1247 2131 1287 ex
2161 1231 2573 1303 comparatione
2606 1231 2838 1286 rationis
2869 1229 3013 1300 ejus,
3045 1243 3168 1298 qua:
3209 1227 3263 1280 in
3297 1225 3464 1281 rebus

1943 1323 2253 1379 minoribus
2283 1330 2556 1389 servatur,
2599 1322 2842 1380 studium
2887 1321 2942 1376 in
2975 1317 3281 1390 majoribus
3307 1333 3337 1371 a
3364 1331 3466 1371 no-

1946 1415 2030 1471 bis
2057 1417 2368 1488 requiritur.

2551 1545 2722 1601 Camtt
2742 1543 2793 1599 1:.

2551 1559 2628 1601 ua
2704 1559 2793 1599 ιι.

1949 1641 2315 1711 Unusquisque
2367 1647 2593 1692 vestrum
2631 1559 2879 1691 ρἒιιιίιίιιιιο
2913 1651 3018 1689 non
3070 1634 3225 1689 solvit
3280 1633 3456 1686 bovem

1871 1757 2026 1797 suum
2052 1747 2144 1792 aut
2172 1737 2387 1811 asinum
2430 1751 2462 1787 a
2517 1732 2808 1804 prmsepio,
2843 1739 2894 1784 et
2943 1728 3087 1785 ducit
3152 1727 3465 1798 adaquare?

189 1826 278 1880 καὶ
337 1823 669 1894 ἀπαγαγὼν
724 1821 991 1887 ποτίζει;
1055 1824 1284 1891 Ταύτην
1351 1822 1420 1876 δὲ
1481 1821 1773 1893 θυγατέρα

1895 1833 2033 1888 lianc
2069 1841 2245 1885 autem
2274 1829 2447 1898 ﬁliam
2478 1825 2703 1881 Abrahae
2754 1840 2913 1894 quam
2958 1823 3195 1892 alligauit
3225 1819 3468 1876 Satanas

201 1917 448 1986 Ἀϐραὰμ
478 1912 698 1980 οὖσαν,
732 1911 814 1985 ἣν
847 1909 1072 1984 ἔδησεν
1103 1918 1137 1968 ό
1162 1913 1437 1980 Σατανᾶς
1473 1913 1602 1968 ιδοὺ
1627 1913 1782 1967 δέκα

189 2011 280 2063 καὶ
323 2009 485 2062 ὀκτὼ
517 2006 644 2076 ἐτη,
682 2011 794 2062 οὐκ
818 2007 939 2062 ἔδει
970 2007 1230 2076 λυθῆναι
1258 2005 1378 2060 ἀπὸ
1411 2005 1517 2060 τοῦ
1545 2005 1774 2075 δεσμοῦ

190 2104 401 2156 τούτου
421 2101 500 2172 τῇ
532 2102 723 2171 ἡμέρᾳ
750 2102 867 2156 τοῦ·
885 2099 1189 2156 Σαϐϐάτου
1206 2117 1226 2164 ;
1246 2099 1462 2169 ’Ἔλεγε
1493 2100 1562 2153 δὲ
1586 2115 1774 2169 παρα-

190 2195 381 2263 ϐολὴν
429 2194 667 2260 αὐτοῖς,
736 2194 885 2263 πρὸς
936 2193 1003 2246 τὸ
1041 2192 1170 2247 δεῖν
1216 2193 1475 2246 πάντοτε
1521 2193 1778 2260 προσεύ-

190 2288 400 2355 χεσθαι
453 2285 550 2338 καὶ
577 2284 664 2353 μὴ
714 2281 1011 2336 ἐκκακεῒν.
1051 2281 1271 2350 Κριτής
1313 2299 1402 2348 τις
1436 2278 1513 2352 ἦν
1557 2281 1630 2335 ἕν
1659 2297 1776 2334 τινι

191 2378 384 2438 πόλει,
420 2375 530 2428 τὸν
575 2375 722 2428 Θεὸν
766 2373 852 2443 μὴ
905 2373 1294 2442 φοϐούμενος,
1329 2371 1432 2425 καὶ
1464 2371 1778 2439 ἄνθρωπον

186 2467 261 2537 μὴ
283 2467 750 2535 ἐντρεπόμενος.
773 2463 937 2532 Χήρα
965 2463 1032 2517 δὲ
1056 2459 1134 2534 ἦν
1155 2464 1224 2516 ἐν
1243 2462 1318 2532 τῇ
1345 2463 1518 2516 πόλει
1547 2462 1772 2531 ἐκείνῃ,

189 2559 276 2612 καὶ
315 2553 542 2626 ἤρχετο
571 2556 722 2624 πρὸς
750 2557 938 2610 αὐτὸν
959 2553 1230 2625 λέγουσα
1253 2572 1266 2585 ·
1318 2555 1692 2622 Ἐκδίκησόν,
1699 2571 1777 2623 με

190 2650 297 2704 ἀπὸ
333 2648 451 2703 τοῦ
477 2648 788 2703 ἀντιδίκου
812 2665 951 2717 μου.
984 2648 1091 2700 Καὶ
1127 2650 1237 2700 οὐκ
1263 2646 1485 2716 ἤθελεν
1511 2646 1610 2699 ἐπὶ
1643 2647 1779 2716 χρό-

189 2749 309 2798 νον.
350 2735 522 2797 Μετὰ
551 2741 619 2794 δὲ
646 2741 833 2795 ταῦτα
861 2737 1034 2795 εἶπεν
1071 2741 1143 2794 ἐν
1169 2737 1360 2805 ἐαυτῷ
1383 2759 1396 2771 ⁸
1429 2742 1499 2794 El
1526 2739 1625 2793 καὶ
1671 2738 1780 2792 τὸν

193 2834 333 2888 Θεὸν
384 2835 459 2888 οὐ
493 2833 807 2902 φοϐοῦμαι,
861 2833 957 2886 καὶ
1006 2831 1319 2901 ἄνθρωπον
1361 2834 1473 2885 οὐκ
1503 2831 1780 2900 ἐντρέπο-

186 2943 300 2995 μαι,
342 2923 448 2979 διά
504 2943 570 2996 γε
621 2929 688 2979 τό
735 2925 1024 2996 παρέχειν
1051 2943 1155 2996 μοι
1205 2927 1397 2979 κόπον
1434 2924 1551 2994 τὴν
1583 2923 1780 2994 χήραν

191 3019 436 3087 ταύτην,
467 3017 770 3085 ἐκδικήσω
815 3018 1028 3087 αὐτὴν,
1060 3019 1159 3071 ἵνα
1203 3017 1290 3086 μὴ
1338 3019 1426 3084 εις
1475 3017 1653 3083 τέλος
1692 3017 1780 3084 ἐρ-

191 3119 414 3187 χομένη
446 3117 760 3186 ὑπωπιάζῃ
791 3135 888 3187 με.
921 3115 1071 3172 Eius
1100 3116 1168 3170 δὲ
1201 3121 1235 3171 ό
1266 3118 1482 3184 Κύριος
1503 3135 1516 3147 ·
1577 3117 1776 3170 Ἀκού-

190 3223 352 3274 σατε,
390 3210 451 3262 τί
480 3211 516 3262 ό
545 3207 755 3276 κριτὴς
793 3207 902 3275 τῆς
932 3209 1168 3274 ἀδικίας
1200 3209 1361 3276 λέγει
1383 3224 1398 3238 °
1437 3211 1470 3262 ό
1517 3208 1664 3274 Θεὸς
1704 3211 1776 3263 οὐ

185 3301 264 3370 μὴ
295 3302 536 3369 ποιήσῃ
571 3299 682 3370 (98)
715 3300 830 3369 τὴν
857 3300 1177 3367 ἐκδίκησιν
1204 3298 1323 3353 τῶν
1347 3299 1650 3354 ἐκλεκτῶν
1673 3303 1780 3355 αὺ-

189 3393 308 3458 τοῦ,
373 3393 499 3446 τῶν
534 3392 822 3456 βοώντων
861 3392 1011 3459 πρὸς
1051 3393 1239 3445 αὑτὸν
1273 3392 1501 3460 ἡμέρας
1548 3394 1645 3446 καὶ
1681 3409 1781 3447 νυ-

190 3488 364 3551 κτός;
388 3485 573 3538 ΠΡΟΣ
595 3483 822 3554 Τ1Μ.β⁹.
849 3483 1057 3550 Οὐδεὶς
1073 3484 1546 3552 στρατευόμενος
1560 3485 1781 3554 ἐμπλέ-

1874 1940 1988 1979 ecce
2008 1921 2183 1976 decem
2217 1929 2267 1974 et
2290 1928 2406 1973 octo
2431 1918 2608 1978 annis,
2633 1933 2737 1970 non
2761 1915 2994 1983 oportuit
3021 1913 3155 1967 solvi
3189 1929 3220 1965 a
3251 1910 3463 1965 uinculo

1878 2018 1985 2070 isto
2016 2013 2101 2067 die
2136 2011 2401 2068 Sabbati?
2428 2009 2580 2082 (Luc.
2612 2025 2734 2072 ml,
2765 2007 2854 2074 15,
2900 2006 3058 2078 16)...
3109 2004 3325 2058 Dicebat
3368 2019 3464 2055 au-

1877 2119 1980 2164 tent
2019 2105 2333 2180 parabolam
2368 2103 2437 2157 ad
2465 2103 2608 2165 illos,
2635 2101 2774 2172 quod
2813 2116 2991 2169 nempe
3021 2106 3226 2168 oportet
3267 2111 3468 2162 semper

1851 2217 2052 2273 orare,
2078 2208 2126 2253 et
2159 2215 2263 2251 non
2293 2196 2534 2265 tle/icere.
2563 2193 2740 2247 ludes:
2767 2191 2984 2262 quidam
3012 2200 3126 2246 erat
3152 2192 3206 2244 in
3228 2187 3464 2259 quadam

1875 2293 2111 2353 civitate,
2137 2291 2227 2360 qui
2255 2287 2418 2341 Deum
2447 2304 2551 2340 non
2573 2285 2808 2346 timebat,
2844 2294 2892 2338 et
2931 2283 3193 2337 hominem
3226 2298 3328 2334 non
3378 2297 3463 2334 re-

1876 2381 2172 2437 verebatur.
2229 2378 2398 2433 Vidua
2423 2387 2599 2432 autem
2629 2388 2745 2430 erat
2783 2376 2836 2429 in
2880 2375 3091 2429 civitate
3130 2374 3261 2435 illa,
3303 2383 3350 2425 et
3382 2388 3468 2424 ve-

1877 2476 2053 2530 niebat
2092 2474 2162 2528 ad
2192 2490 2310 2528 eum
2336 2512 2352 2536 ,
2403 2471 2580 2525 dicens
2608 2487 2626 2524 :
2682 2468 2905 2523 l’indica
2940 2483 3022 2521 me
3050 2465 3112 2520 de
3157 2465 3463 2520 adversario

1877 2585 2012 2624 meo.
2049 2563 2118 2619 Et
2165 2565 2378 2620 nolebat
2415 2561 2748 2634 aliquandiu.
2785 2559 2912 2614 Post
2963 2557 3073 2612 hmc
3105 2568 3280 2611 autem
3327 2556 3466 2610 dixit

1829 2691 1834 2693 -
1877 2662 2022 2714 intra
2051 2674 2146 2713 se:
2178 2655 2248 2711 Et
2275 2659 2321 2712 si
2356 2657 2521 2710 Deum
2545 2673 2648 2710 non
2693 2656 2872 2717 timeo,
2903 2669 2996 2710 nec
3026 2653 3288 2707 hominem
3325 2667 3468 2704 reve-

1879 2767 2036 2816 reor;
2070 2761 2243 2805 tamen
2272 2751 2396 2821 quia
2419 2749 2639 2803 molesta
2665 2757 2744 2802 est
2771 2747 2900 2802 mihi
2929 2747 3038 2800 ha'c
3069 2743 3227 2799 uidua
3246 2784 3262 2806 ,
3292 2741 3469 2796 uindi-

1878 2845 2010 2899 cabo
2034 2845 2209 2911 illam,
2239 2861 2301 2897 ne
2332 2845 2389 2897 in
2416 2843 2700 2897 nouissimo
2728 2842 2932 2895 ueniens
2958 2837 3208 2908 suggillet
3233 2852 3332 2889 me.
3377 2836 3466 2888 Ait

1880 2947 2058 2992 autem
2091 2936 2352 2990 Dominus
2380 2951 2398 2988 :
2451 2935 2648 2988 Audite
2687 2933 2813 3004 quid
2845 2931 3013 3002 judex
3051 2930 3349 3002 iniquitatis
3383 2911 3496 2982 (ίί-Ἰ

1881 3033 1996 3086 cit:
2051 3029 2193 3084 Deus
2247 3038 2422 3082 autem
2475 3045 2579 3081 non
2629 3027 2788 3096 faciet
2845 3025 3131 3079 vindictam
3184 3022 3465 3077 electorum

1883 3139 2099 3180 suorum
2131 3120 2480 3175 clamantium
2504 3119 2574 3173 ad
2621 3136 2677 3173 se
2713 3117 2798 3172 die
2848 3133 2911 3172 ac
2943 3125 3090 3169 nocte
3122 3113 3272 3185 (Luc.
3299 3128 3464 3175 XVIII,

1881 3213 2106 3285 14)....
2161 3211 2333 3266 Nemo
2364 3213 2604 3266 militans
2635 3211 2875 3278 implicat
2906 3225 2962 3263 se
2990 3208 3112 3261 vita:
3139 3206 3380 3277 negotiis,
3411 3212 3473 3257 ut

1877 3305 1928 3360 ei
1955 3305 2046 3375 qui
2069 3321 2124 3359 se
2146 3305 2198 3359 in
2227 3305 2477 3358 militiam
2509 3303 2734 3373 delegit,
2777 3301 3006 3372 placeat.
3041 3299 3195 3364 Quod
3233 3299 3279 3352 si
3309 3305 3468 3352 certet

1879 3397 2041 3452 etiam
2075 3397 2292 3466 aliquis,
2323 3413 2427 3450 non
2453 3404 2761 3459 coronatur,
2795 3394 2899 3448 nisi
2929 3391 3160 3462 legitime
3190 3388 3470 3444 certauerit

1881 3490 1970 3562 (II
2007 3491 2144 3546 Tim.
2175 3507 2235 3555 ιι,
2265 3490 2321 3553 4,
2347 3491 2424 3556 5).

192 3597 346 3636 τίεται
400 3580 535 3646 ταῖς
575 3581 682 3634 τοῦ
713 3580 874 3644 ’βίου
931 3580 1374 3648 πραγματείαις,
1443 3580 1544 3634 ἵνα
1579 3578 1661 3646 τῷ
1698 3585 2252 3657 στρατολογήσαντι
2297 3582 2509 3654 ἀρέσῃ.
2580 3582 2718 3636 Ἐὰν
2759 3579 2829 3634 δὲ
2868 3576 3162 3645 καὶιάθλῇ
3235 3593 3344 3641 τις,
3399 3577 3470 3628 οὐ

193 3674 620 3742 στεφανοῦται,
652 3673 761 3727 ἐὰν
781 3675 869 3743 μὴ
900 3675 1162 3742 νομίμως
1197 3670 1462 3742 ἀθλήσῃ.

195 3786 310 3840 Ὅτι
353 3787 418 3852 ἐξ
451 3785 940 3858 ἀντιπαραθέσεως
971 3785 1081 3839 τῶν
1115 3785 1209 3838 ἐπὶ
1253 3789 1368 3849 τοῖς
1402 3786 1683 3840 ἐλάττοσιν
1717 3789 1782 3842 ἐκ

260 3879 502 3941 πίστεως
532 3878 718 3946 φόϐον,
751 3878 844 3930 καὶ
876 3877 935 3942 ἐξ
966 3877 1260 3947 ἐπιθυμίας
1289 3876 1569 3946 ἀξιολόγου
1611 3895 1781 3931 σπου-

258 3968 354 4039 δὴν
388 3966 843 4036 ἐπιδειξαμένων,
880 3969 928 4020 οἱ
967 3966 1060 4020 ἐπὶ
1091 3969 1204 4030 τοῖς
1247 3967 1460 4038 μείζοσι
1504 3985 1781 4039 καταφρο-

259 4061 424 4131 νηταὶ
464 4060 499 4131 ἢ
555 4060 782 4129 ἀμελεῖς
813 4059 1034 4125 ἁλόντες
1061 4059 1172 4131 (99)
1203 4060 1564 4132 σφοδροτέραν
1597 4062 1780 4132 ἔχουσι

257 4153 355 4223 τὴν
393 4153 746 4225 κατάκρισιν.

812 4278 1039 4351 Κεφάλ.
1078 4285 1138 4336 B'
1158 4325 1162 4332 .

263 4373 570 4428 ΛΟΥΚΑΣ.
633 4372 982 4428 Βασίλισσα
1031 4374 1224 4428 Νότου
1275 4373 1660 4444 ἐγερθήσεται
1718 4376 1786 4428 ἐν

195 4462 266 4529 τῇ
301 4465 506 4532 κρίσει
532 4465 686 4534 μετὰ
725 4463 843 4517 τῶν
869 4463 1105 4532 ἀνδρῶν
1135 4464 1245 4532 τῆς
1280 4465 1492 4534 γενεᾶς
1538 4467 1778 4534 ταύτης,

195 4556 290 4608 καὶ
327 4555 684 4624 κατακρινεῖ
709 4557 930 4622 αὐτούς
950 4573 962 4585 ·
998 4557 1086 4610 ὅτι
1119 4553 1306 4626 ἦλθεν
1352 4559 1421 4612 ἐκ
1452 4558 1573 4612 τῶν
1601 4558 1780 4626 περά-

195 4663 310 4698 των
329 4645 455 4712 τῆς
481 4645 591 4717 γῆς
617 4647 876 4700 ἀκοῦσαι
897 4647 1012 4715 τὴν
1039 4650 1264 4716 σοφίαν
1285 4651 1670 4719 Σολομῶντος
1690 4651 1786 4721 (l),

196 4739 293 4791 καὶ
345 4738 482 4792 ἰδοὺ
533 4739 748 4792 πλεῖον
793 4738 1183 4808 Σολομῶντος
1230 4735 1364 4796 ὦδε.
1417 4744 1788 4798 ΜΔΤΘΛΙΟΣ.

202 4830 452 4899 Ἄνδρες
498 4831 801 4884 Νινευῖται
852 4832 1303 4898 ἀναστήσονται
1358 4833 1427 4887 ἐν
1471 4833 1548 4902 τῇ
1596 4835 1790 4903 κρίσει

191 4922 339 4990 μετὰ
369 4921 484 4990 τῆς
513 4919 731 4991 γενεᾶς
768 4923 1012 4989 ταύτης,
1047 4924 1145 4977 καὶ
1190 4925 1655 4992 κατακρινοῦσιν
1685 4926 1791 4979 αὐ-

197 5013 335 5082 τὴν,
372 5015 461 5067 ὅτι
491 5017 879 5084 μετενόησαν
918 5017 1004 5081 είς
1048 5015 1114 5069 τὸ
1163 5015 1438 5085 κήρυγμα
1475 5017 1654 5084 Ἰωνᾶ,
1688 5018 1786 5072 καί

141 5147 148 5152 .
199 5105 332 5161 ἰδοὺ
363 5107 578 5161 πλεῖον
619 5106 782 5162 Ἰωνᾶ
809 5101 946 5161 ὦδε.

198 5235 327 5288 Ὀτι
383 5237 446 5290 οὐ
494 5235 577 5289 δεῖ
627 5238 990 5308 καταφρονεῖν
1026 5236 1136 5289 τῶν
1190 5236 1473 5308 μειζόνων,
1537 5238 1629 5291 ἐπὶ
1675 5241 1790 5303 τοῖς

265 5329 523 5382 ἐλάττοσι
573 5329 811 5401 σπουδὴν
865 5329 1292 5398 ἐνδεικνύμενον.
1351 5330 1790 5402 Προηγουμένως

266 5420 326 5472 δὲ
348 5420 426 5473 τὰ
453 5421 676 5492 μείζονα
701 5422 810 5476 τῶν
834 5422 1271 5493 προσταγμάτων
1296 5422 1573 5487 ποιοῦντα,
1593 5439 1792 5491 συγκα-

269 5514 504 5586 τορθοῦν
535 5517 632 5570 καὶ
662 5515 733 5570 τὰ
761 5516 1043 5571 ἐλάττονα.

425 5644 558 5732 ξεῖ.
587 5649 804 5732 primus
835 5648 1201 5732 ὓπερξχοντας
1223 5649 1425 5732 αὐτῶν.

295 5715 400 5792 99)
432 5715 557 5792 Bseé-
585 5715 800 5790 ιιτίιιπιε
823 5715 1230 5792 minuimus
1263 5722 1499 5792 ποιήσει·

275 5786 401 5858 (99)
431 5786 677 5846 Sic'm'ss.
701 5790 876 5845 nostri
897 5798 952 5847 et
972 5789 1144 5848 editio
1172 5786 1394 5847 Veneta.
1425 5788 1538 5844 Y0!
1567 5788 1782 5854 ἁλόντες

1883 3791 2038 3859 Quod
2058 3806 2121 3845 ex
2150 3787 2562 3859 comparatione
2589 3799 2778 3840 eorum
2807 3782 2900 3852 qui
2925 3796 3022 3850 per
3053 3778 3210 3835 ﬁdem
3233 3775 3395 3846 267
3414 3775 3468 3827 in

1957 3885 2124 3938 rebus
2151 3881 2457 3934 minoribus
2486 3879 2678 3931 timore
2707 3874 2942 3943 correpti
2978 3878 3127 3933 sunt,
3157 3885 3220 3924 ac
3250 3865 3469 3921 deside-

1958 3975 2042 4030 rio
2073 3973 2328 4027 laudabili
2367 3969 2607 4026 studium
2634 3973 2687 4021 et
2712 3965 3050 4037 diligentiam
3077 3961 3470 4020 adhibuerunt,

1961 4068 2053 4121 alii
2085 4067 2179 4136 qui
2227 4065 2436 4134 majora
2470 4069 2820 4117 contemnere
2847 4065 2940 4113 aut
2967 4055 3242 4125 negligere
3271 4052 3468 4122 depre-

1961 4162 2117 4216 hensi
2157 4159 2380 4221 fuerint,
2409 4156 2632 4228 gravius
2664 4159 2793 4209 sunt
2821 4147 3246 4206 condemnandi.

2518 4290 2691 4360 Caput
2746 4285 2830 4342 II.

1966 4386 2162 4458 Regina
2194 4387 2376 4440 Austri
2405 4392 2579 4454 surget
2615 4384 2668 4436 in
2698 4380 2907 4451 judicio
2953 4394 3070 4431 cum
3103 4375 3227 4430 viris
3255 4389 3473 4444 genera-

1888 4481 2048 4535 tionis
2072 4478 2250 4547 hujus,
2281 4485 2329 4530 et
2371 4475 2739 4529 condemnabit
2770 4473 2890 4524 illos
2911 4512 2924 4534 ,
2960 4470 3083 4539 quia
3117 4467 3251 4521 venit
3279 4483 3311 4519 a
3343 4465 3466 4535 ﬁnio

1890 4572 1983 4624 bus
2017 4581 2170 4624 terra:
2207 4565 2393 4621 audire
2425 4565 2741 4634 sapientiam
2765 4561 3088 4621 Salomonis,
3113 4568 3162 4611 et
3191 4573 3306 4611 ecce
3349 4555 3472 4624 plus

1891 4679 2049 4733 quam
2101 4660 2355 4715 Salomon
2401 4658 2483 4712 hic
2525 4655 2677 4726 (Luc.
2715 4671 2793 4718 ιι,
2824 4655 3031 4716 ³51).....
3073 4649 3188 4703 Viri
3218 4646 3470 4701 Ninivita:

1891 4763 2106 4825 surgent
2136 4755 2187 4806 in
2213 4752 2420 4822 judicio
2450 4767 2567 4804 cum
2617 4748 2950 4820 generatione
2973 4745 3100 4806 ista,
3147 4750 3197 4796 et
3224 4737 3469 4794 condem-

1892 4844 2090 4899 nalmnt
2125 4858 2280 4898 eam:
2316 4842 2442 4912 quia
2473 4839 2832 4908 paruitentiam
2872 4842 3086 4906 egerunt
3110 4831 3163 4884 in
3209 4828 3470 4900 prwdica-

1890 4939 2032 4991 tione
2063 4934 2255 5000 Jonas,
2296 4944 2345 4989 et
2390 4950 2505 4988 ecce
2557 4934 2678 5003 plus
2707 4946 2864 5002 quam
2893 4925 3062 4981 Jonas
3111 4924 3194 4978 hic
3246 4920 3465 4992 (Matth.

1891 5047 1992 5094 xu,
2017 5030 2132 5099 JH).

1891 5248 2049 5316 Quod
2079 5249 2126 5304 is
2154 5249 2246 5319 qui
2285 5246 2620 5318 diligentiam
2653 5243 2708 5298 in
2745 5241 3050 5297 minoribus
3074 5237 3336 5299 ostendit,
3360 5252 3468 5290 non

1961 5339 2122 5394 debet
2177 5346 2527 5394 contemnere
2577 5334 2823 5403 majora:
2860 5331 2958 5387 sed
2995 5337 3211 5385 tenetur
3240 5342 3469 5399 praeser-

1964 5429 2059 5482 tim
2112 5428 2321 5498 majora
2353 5431 2624 5497 praecepta
2671 5420 2930 5492 exsequi,
2974 5427 3028 5475 et
3057 5418 3223 5474 simul
3253 5417 3470 5471 minora

1961 5519 2242 5588 perlicere.

1888 5650 2250 5722 typo‘graph-is
2277 5647 2684 5722 Parisiensibus
2711 5647 3009 5722 exemerat.

1958 5711 2003 5790 (I
2016 5711 2112 5793 fin
2125 5711 2261 5793 Reg.
2277 5719 2454 5791 primo
2467 5719 2552 5776 bis
2570 5719 2832 5790 scriptum
2852 5718 2902 5772 in
2912 5716 3125 5772 venitur
3137 5711 3471 5787 Σολομῶνος.
