3962 6238
451 329 555 386 767

1078 454 1251 525 Caput
1286 458 1411 516 III.

527 538 618 592 γω
666 540 832 607 vobis,
861 543 1049 600 scriba:
1092 558 1144 601 et
1183 548 1482 615 Phariswi,
1536 550 1853 625 hypocritre,
1902 560 2026 626 quia

445 630 723 685 dl-cimatis
757 634 1046 701 mentham,
1074 648 1124 692 et
1157 640 1425 707 anethum,
1454 651 1505 696 et
1542 645 1831 713 cyminum,
1865 630 1925 700 et
1947 664 2029 700 re-

446 721 679 791 liquistis
709 741 826 808 qua:
855 729 1105 797 graviora
1134 743 1259 786 sunt
1304 732 1453 803 legis,
1482 734 1768 803 judicium,
1792 749 1840 792 et
1870 740 2028 794 mise-

362 885 371 899 ι
410 862 415 877 ,
447 814 757 881 ricordiam,
785 827 835 872 et
869 820 1049 888 ﬁdem.
1088 823 1216 879 Haec
1247 828 1479 896 oportuit
1504 828 1696 897 facere,
1727 838 1776 884 et
1804 831 1902 884 illa
1924 850 2027 886 non

448 907 705 965 amittere.
740 908 904 964 Duces
932 916 1079 977 cwci,
1112 918 1412 974 excolantes
1460 920 1712 986 culicem,
1769 922 2028 977 camelum

449 1006 625 1052 autem
642 998 918 1070 glutientes
955 1000 1170 1075 (Matth.
1199 1022 1359 1074 nul,
1394 1008 1486 1075 23,
1521 1009 1635 1081 24).

966 1259 1248 1318 REGULA
1287 1264 1496 1322 XLVII.

447 1349 602 1415 Quod
649 1368 757 1406 non
799 1362 1050 1425 oporteat
1083 1373 1413 1429 quemquam
1460 1359 1566 1416 sibi
1617 1361 1723 1434 ipsi
1771 1364 2030 1434 colligere

515 1440 832 1498 thesaurum
894 1446 952 1501 in
999 1453 1185 1513 terra,
1225 1450 1320 1504 sed
1364 1451 1421 1505 in
1471 1455 1616 1508 caelo
1646 1473 1658 1510 :
1687 1462 1743 1511 et
1783 1457 1908 1526 quis
1958 1456 2029 1511 sit

516 1534 713 1591 modus
739 1538 1033 1611 colligendi
1064 1543 1305 1598 thesauri
1350 1545 1407 1599 in
1439 1547 1603 1602 ccelo.

1104 1674 1274 1745 Caput
1315 1677 1365 1733 1.

518 1760 700 1819 Nolite
739 1766 1099 1822 thesaurizare
1140 1769 1284 1824 vobis
1317 1771 1589 1828 thesauros
1643 1776 1694 1828 in
1746 1788 1909 1841 terra,
1941 1776 2030 1831 ubi

449 1854 589 1909 tinea
618 1866 665 1910 et
698 1873 875 1928 aerugo
906 1857 1211 1924 demolitur,
1253 1871 1303 1921 et
1332 1863 1421 1916 ubi
1452 1863 1595 1933 fures
1637 1866 1918 1935 effodiunt,
1981 1880 2028 1923 et

448 1947 719 2015 furantur.
770 1948 1148 2006 Thesaurizate
1211 1963 1388 2008 autem
1440 1956 1584 2011 vobis
1639 1959 1911 2015 thesauros
1975 1962 2030 2015 in

447 2038 598 2105 (celo,
629 2038 719 2092 ubi
754 2055 915 2109 neque
960 2043 1125 2107 tinea,
1158 2060 1320 2114 neque
1369 2062 1544 2117 rerugo
1602 2049 1928 2114 demolitur,
1982 2063 2031 2107 et

447 2129 538 2183 ubi
577 2130 718 2193 fures
764 2151 868 2188 non
921 2134 1217 2203 effodiunt,
1267 2152 1359 2189 nec
1411 2138 1916 2206 furantur(Matth.
1951 2162 2027 2209 Vl,

451 2220 752 2290 l9-20).....
799 2222 1019 2278 Vendite
1051 2241 1168 2296 qua:
1196 2226 1499 2295 possidetis,
1519 2239 1565 2283 et
1597 2228 1719 2285 date
1749 2232 2031 2305 eleemosy-

447 2327 591 2366 nam.
646 2310 832 2367 Facite
862 2315 1005 2370 vobis
1059 2317 1300 2372 sacculos
1359 2321 1449 2389 qui
1502 2337 1604 2375 non
1665 2332 2032 2394 veterascunt,

448 2401 754 2457 thesaurum
812 2422 917 2460 non
974 2406 1303 2476 deﬁcientem
1370 2410 1426 2463 in
1494 2411 1637 2468 caelis
1693 2412 1858 2481 (Luc.
1909 2432 2028 2481 xu,

445 2492 657 2561 53)..-..
693 2494 887 2550 Omnia
912 2515 1231 2572 quacunque
1258 2502 1417 2557 habes
1446 2507 1625 2572 vende,
1654 2516 1705 2559 et
1727 2505 1799 2559 da
1830 2523 2030 2577 paupe-

445 2584 616 2652 ribus,
647 2595 699 2640 et
745 2586 959 2644 habebis
1014 2591 1317 2647 thesaurum
1367 2596 1420 2648 in
1461 2598 1599 2652 caelis
1658 2596 1813 2667 (Luc.
1854 2615 1986 2654 xvm
2013 2641 2026 2663 ,

444 2676 655 2747 22)..."
686 2676 755 2731 Ut
799 2679 956 2742 facile
985 2683 1254 2750 tribuant,
1310 2689 1723 2753 communicent,
1776 2689 2035 2744 thesauri-

1763 348 1820 402 S.
1864 348 2108 405 BASILH
2142 351 2357 407 MAGNI

2060 481 2107 528 A

2061 1834 2104 1888 Β

3605 368 3715 424 763

2739 474 2963 545 Κεφάλ.
3021 479 3108 534 1".

2201 556 2568 620 ΜΑΤΘᾹΙΟΣ.
2632 566 2778 620 Οὐαὶ
2824 569 2995 637 ὑμῖν,
3044 570 3398 639 γραμματεῖς
3441 571 3543 625 καὶ
3592 577 3715 626 dea—

2132 653 2380 720 ρισαῒοι,
2423 656 2757 726 ὑποκριταὶ,
2796 658 2886 712 ὅτι
2934 661 3377 717 ἀποδεκατοῦτε
3429 665 3496 717 τὸ
3532 664 3707 731 ἡδύο-

2132 759 2310 812 σμον,
2353 746 2451 801 καὶ
2489 749 2553 802 τὸ
2584 749 2834 819 ἄνηθον,
2881 755 2980 808 καὶ
3020 755 3088 808 τὸ
3145 756 3418 824 κύμινον,
3449 756 3549 811 καὶ
3599 758 3719 827 d5:-

2133 835 2323 903 ήκατε
2354 838 2428 892 τὰ
2448 839 2753 913 ,βαρύτερα
2776 845 2885 899 τοῦ
2932 848 3140 917 νόμου,
3193 846 3308 916 τὴν
3331 849 3558 916 κρίσιν,
3610 851 3714 904 καὶ

2131 926 2240 979 τὸν
2269 928 2465 996 ἔλεον,
2499 932 2599 985 λαὶ
2639 933 2755 1001 τὴν
2786 936 3012 991 πίστιν.
3053 937 3241 993 Ταῦτα
3283 939 3407 993 ἔδει
3438 940 3714 1010 ποιῆσαι,

2131 1016 2379 1072 κάκεῖνα
2409 1018 2497 1089 μὴ
2546 1023 2804 1091 ἀφιέναι.
2858 1026 3090 1098 ὀδηγοὶ
3137 1029 3353 1098 τυφλοὶ
3409 1033 3467 1085 ot
3521 1031 3721 1087 διυλί-

2132 1107 2334 1177 ζοντες
2370 1110 2479 1167 τὸν
2518 1113 2801 1186 κώνωπα,
2852 1118 2970 1189 τὴν
3013 1119 3084 1175 δὲ
3133 1120 3410 1192 κάμηλον
3465 1126 3719 1179 καταπί-

2132 1217 2362 1267 νοντες.

2757 1304 2931 1357 ΟΡΟΣ
2973 1304 3105 1360 MZ'.
3386 1362 3391 1367 .

2134 1394 2256 1449 Ὀτι
2284 1395 2347 1449 οὐ
2385 1395 2466 1449 δεῖ
2493 1395 2844 1467 θησαυρίζειν
2876 1395 3062 1468 ἐαυτῷ
3086 1397 3180 1449 ἐπὶ
3209 1397 3308 1468 τῆς
3334 1396 3440 1467 γῆς
3470 1398 3566 1467 (2),
3595 1395 3721 1451 ἀλλ’

2201 1491 2261 1542 ὲν
2289 1488 2501 1561 οὐρανῷ
2520 1506 2535 1520 θ
2568 1490 2665 1544 καὶ
2698 1490 2784 1554 τίς
2829 1491 2855 1543 ὁ
2891 1491 3093 1563 τρόπος
3130 1490 3226 1545 τοῦ
3282 1492 3341 1545 ὲν
3366 1490 3581 1563 οὐρανῷ
3610 1491 3719 1562 θη-

2205 1580 2503 1655 σαυρίζειν.

2748 1695 2975 1765 Κεφάλ.
3009 1701 3092 1751 Α’.

2203 1785 2573 1841 ΜΑΤΘΑΙΟΣ.
2635 1786 2731 1856 Μὴ
2778 1786 3161 1857 θησαυρίζετε
3200 1787 3344 1859 ύμῖν
3369 1790 3722 1859 θησαυροὺς

2130 1878 2230 1933 ἐπὶ
2257 1878 2367 1949 τῆς
2393 1878 2526 1949 γῆς,
2560 1880 2714 1935 ὅπου
2753 1880 2873 1948 σὴς
2897 1881 2994 1935 καὶ
3020 1879 3254 1950 ,βρῶσις
3294 1880 3583 1950 ἀφανίζει,
3611 1884 3717 1937 καὶ

2129 1971 2283 2027 ὅπου
2317 1971 2569 2027 κλέπται
2615 1972 3014 2042 διορύσσουσι
3054 1973 3152 2027 καὶ
3200 1974 3553 2029 κλέπτουσι.
3595 1978 3719 2043 Θη-

2129 2062 2435 2133 σαιφίζετε
2471 2063 2539 2117 δὲ
2572 2065 2716 2135 ὑμῖν
2768 2065 3112 2134 θησαυροὺς
3154 2066 3224 2120 ἐν
3268 2066 3524 2136 οὐρανῷ,
3557 2067 3718 2122 ὅπου

2129 2156 2267 2210 οὔτε
2314 2155 2435 2224 σὴς
2485 2156 2624 2210 οὔτε
2668 2154 2900 2225 ,ϐρῶσις
2939 2155 3227 2226 ἀφανίζει,
3258 2158 3355 2211 καὶ
3398 2157 3552 2212 ὅπου
3578 2158 3719 2211 κλέ-

2131 2264 2272 2304 πται
2317 2252 2390 2305 οῠ
2439 2249 2895 2318 διορύσσουσιν,
2942 2247 3084 2303 οὐδὲ
3117 2248 3505 2303 κλέπτουσιν.
3542 2249 3719 2303 ΛΟΥ-

2131 2344 2289 2397 ΚΑΣ.
2335 2335 2661 2409 Πωλήσατε
2704 2343 2778 2397 τὰ
2813 2339 3164 2409 ὑπάρχοντα
3206 2341 3394 2410 ὑμῶν,
3429 2341 3527 2395 καὶ
3575 2340 3718 2397 δότε

2128 2432 2571 2501 ἐλεημοσύνην.
2628 2430 2931 2497 Ποιήσατε
2978 2430 3214 2498 ἑαυτοῖς
3262 2431 3567 2496 βαλάντια
3621 2433 3719 2503 μὴ

2131 2524 2543 2592 παλαιούμενα
2570 2540 2583 2553 ·
2645 2519 2954 2589 θησαυρὸν
3014 2519 3411 2575 ἀνέκλειπτον
3464 2522 3533 2574 ἐν
3586 2522 3721 2590 τοῖς

2130 2613 2426 2682 οἰφανοῖς.
2459 2614 2758 2667 ΛΟΥΚΑΣ.
2808 2611 3012 2666 Πάντα
3048 2612 3167 2667 ὅσα
3199 2612 3361 2683 ἔχεις
3398 2613 3716 2680 πώλησον,

2131 2707 2228 2759 καὶ
2275 2705 2481 2773 διάδος
2509 2706 2787 2776 πτωχοῖς,
2833 2705 2930 2760 καὶ
2968 2705 3127 2771 ἕξεις
3170 2705 3478 2775 θησαυρὸν
3522 2706 3597 2761 ἐν
3620 2708 3703 2762 οὑκ

446 2777 566 2821 zent
596 2763 699 2823 sibi
727 2772 1134 2840 fundamentum
1163 2775 1356 2831 bonum
1384 2780 1437 2833 in
1484 2779 1763 2850 futurum;
1793 2800 1893 2853 quo
1947 2800 2031 2853 ap-

2144 2797 2355 2864 οανοῒς.
2408 2763 2585 2852 ΠίὊΣ
2864 2804 2935 2851 α’.
3006 2763 3459 2867 έὺμετιιδότους
3536 2798 3719 2863 εἶναι,

446 2859 769 2918 pre/tendant
798 2880 970 2919 veram
993 2867 1157 2921 vitam
1191 2868 1244 2928 (1
1282 2870 1423 2926 Tim.
1449 2888 1521 2937 v1,
1550 2873 1638 2939 18,
1666 2874 1777 2945 19).

960 3123 1240 3180 REGULA
1278 3127 1511 3187 XLVIII.

448 3210 602 3278 Quod
636 3220 852 3283 oportet
890 3217 1139 3284 quemvis
1195 3219 1608 3276 misericordem
1652 3231 1778 3279 es‘se
1810 3233 1865 3281 et
1897 3226 2033 3283 libe-

518 3305 688 3360 ralem
724 3325 739 3360 :
774 3308 869 3378 qui
921 3309 1067 3364 enim
1124 3326 1236 3366 non
1287 3323 1416 3369 sunt
1473 3314 1828 3385 huiusmodi,
1876 3334 2030 3374 coaro

516 3410 783 3472 guuntur.

1104 3493 1281 3566 Caput
1324 3496 1373 3551 I.

520 3581 672 3637 Beati
715 3584 1117 3653 misericordes,
1158 3592 1407 3660 quoniam
1461 3591 1567 3660 ipsi
1614 3594 2034 3650 misericordiam

445 3684 823 3747 consequentur
845 3676 1064 3749 (Matth.
1093 3697 1147 3747 γ,
1182 3680 1350 3750 7).....
1409 3682 1564 3738 Omni
1608 3689 1803 3755 petenti
1834 3698 1903 3752 te,
1929 3690 2033 3744 tri-

447 3766 544 3823 bue
583 3767 734 3837 (Luc.
762 3786 839 3836 vr,
871 3770 1083 3841 30).....
1119 3773 1286 3844 268
1319 3773 1444 3830 Sine
1477 3777 1776 3847 affectione,
1801 3781 1913 3835 sine
1936 3782 2034 3835 mi-

446 3860 774 3924 sericordia,
831 3862 922 3933 qui
984 3877 1101 3917 cum
1156 3863 1421 3929 iustitiam
1479 3867 1571 3923 Dei
1623 3872 2029 3940 cognovissent,

446 3966 626 4019 nempe
656 3950 794 4021 quod
823 3954 913 4023 qui
939 3953 1073 4006 talia
1105 3965 1298 4024 agunt,
1330 3956 1476 4028 digni
1505 3967 1631 4013 sunt
1661 3970 1827 4015 morte
1857 3960 2028 4032 (Rom.

449 4058 488 4104 ι,
520 4043 610 4107 51,
642 4044 852 4113 52).....
904 4043 972 4100 Ut
1021 4044 1181 4115 facile
1224 4047 1491 4117 tribuant,
1542 4055 1923 4108 communicent
1978 4054 2032 4119 (Ι

451 4135 589 4191 Tim.
615 4153 692 4205 νι,
729 4138 843 4206 18).

448 4250 603 4319 Quod
633 4253 898 4324 quidquid
926 4255 1176 4325 possidet
1219 4257 1493 4328 quispiam
1536 4259 1677 4313 ultra
1707 4276 1769 4316 ea
1798 4278 1920 4331 qua:
1962 4264 2029 4319 ad

523 4346 689 4401 vitam
750 4348 1062 4404 necessaria
1121 4357 1284 4416 sunt,
1337 4350 1500 4406 debet
1532 4351 1587 4406 id
1622 4352 1871 4408 beneﬁcii
1909 4356 2031 4411 loco

517 4440 831 4509 impertire,
901 4454 964 4494 ex
1018 4440 1278 4497 mandato
1309 4440 1563 4506 Domini,
1618 4445 1711 4514 qui
1765 4460 1829 4500 ea
1862 4446 2118 4514 etiam_-

514 4546 638 4601 quae
673 4530 960 4596 habemus,
996 4531 1230 4603 largitus
1257 4542 1362 4588 est.

1079 4666 1251 4738 Caput
1291 4667 1375 4722 11.

517 4759 621 4827 Qui
650 4759 805 4815 habet
842 4758 978 4815 duas
1014 4761 1224 4816 tunicas
1250 4802 1265 4827 ,
1309 4761 1395 4816 det
1428 4779 1532 4816 non
1564 4761 1817 4817 habenti:
1846 4772 1893 4818 et
1939 4764 2028 4833 qui

444 4855 597 4909 habet
620 4872 789 4921 escas,
815 4855 1065 4910 similiter
1109 4854 1278 4925 faciat
1306 4854 1458 4927 (Luc.
1511 4872 1594 4919 ιιι,
1631 4858 1836 4926 Η).....
1886 4857 2028 4924 Quid

442 4949 581 5000 enim
619 4944 776 5000 habes
802 4988 817 5009 ,
870 4944 1008 5016 quod
1055 4962 1161 5000 non
1211 4948 1505 5014 accepisti?
1538 4947 1592 5020 (I
1621 4946 1746 5002 Cor.
1778 4966 1853 5007 ιν.
1879 4950 2026 5016 7)....

454 5037 642 5092 Vestra
690 5037 1022 5093 abundantia
1054 5038 1271 5093 illorum
1317 5040 1553 5108 inopiam
1576 5041 1851 5111 suppleat;
1883 5052 1941 5095 ut
1972 5050 2022 5096 et

442 5130 661 5184 illorum
682 5129 1013 5186 abundantia
1041 5139 1224 5187 vestra:
1252 5132 1447 5200 inopia:
1485 5133 1551 5185 sit
1581 5132 2023 5202 supplementum,

444 5233 501 5276 ut
525 5226 622 5290 fiat
652 5224 953 5294 aequalitas,
981 5226 1117 5279 sicut
1165 5226 1420 5293 scriptum
1466 5235 1544 5280 est
1572 5241 1591 5279 :
1626 5225 1732 5291 Qui
1767 5225 1992 5279 multum
2011 5266 2025 5287 ,

444 5332 545 5369 non
576 5315 905 5371 abundavit:
937 5327 987 5373 et
1033 5318 1123 5387 qui
1169 5316 1455 5376 modicum.
1486 5334 1590 5371 non
1623 5317 1903 5372 minoravit
1939 5316 2027 5385 (11

444 5407 568 5462 (ἔον.
605 5425 726 5476 vm,
755 5410 843 5475 Η,
880 5410 975 5477 15;
1026 5407 1200 5466 Exod.
1237 5426 1348 5474 1m,
1380 5410 1496 5478 l8).

516 5565 592 5639 (2)
609 5564 852 5639 Utraque
871 5565 1039 5639 editio
1050 5566 1147 5639 ent
1160 5566 1283 5639 γῆς.
1301 5565 1521 5639 Αιλῐηεε.
1543 5574 1655 5639 tres
1676 5569 1877 5639 ὲπὶτῆς
1897 5570 2022 5639 γῆς.

518 5638 594 5699 (7s)
620 5636 847 5711 hntiqui
881 5642 996 5692 tres
1027 5636 1150 5691 libri
1191 5636 1526 5705 ἐπιγνόντες.
1573 5636 2028 5711 υπωψηᾱιιιυ

449 5705 799 5769 ἐπιγνῶντες.
886 5738 887 5741 π

524 5774 600 5836 (4)
638 5773 877 5845 Utraque
902 5777 1069 5835 editio
1097 5776 1162 5833 ἂν
1194 5776 1306 5845 ἔχει
1335 5795 1418 5841 τις
1449 5778 1609 5833 πλέον
1632 5778 1725 5833 τοῦ
1747 5779 2023 5846 δεομένου.

2130 2888 2537 2955 κοινωνικοὺς,
2564 2888 3154 2960 ἀποθησαυρίζοντας
3181 2889 3414 2955 ἑαυτοῖς
3439 2891 3720 2959 θεμέλιον

2131 2984 2328 3038 καλὸν
2357 2985 2445 3048 εὶς
2478 2982 2544 3036 τὸ
2560 2982 2813 3052 μέλλον,
2845 2984 2948 3037 ἴνα
2973 2983 3364 3037 ἐπιλάϐωνται
3392 2982 3505 3051 τῆς
3530 2982 3719 3050 ὄντως

2134 3072 2305 3143 (mm
2747 3143 2919 3196 oro:
2950 3145 3093 3198 MH'.

2136 3236 2258 3288 Ὅτι
2295 3234 2375 3288 δεῖ
2419 3234 2686 3311 ἐλεήμονα
2727 3235 2822 3288 καὶ
2862 3234 3219 3305 εὐμετάδοτον
3255 3230 3428 3289 εἶναι·
3475 3252 3719 3308 κατηγο-

2489 3325 2707 3380 ροῦνται
2751 3326 2861 3398 γὰρ
2895 3328 2946 3380 οἱ
2991 3325 3066 3399 μὴ
3099 3327 3350 3381 τοιοῦτοι.

2747 3514 2976 3586 Κεφάλ.
3011 3520 3094 3572 Α’.

2204 3607 2570 3662 ΜΑΤΘΑΙΟΣ.
2616 3607 2906 3678 Μακάριοι
2936 3612 2990 3664 οἱ
3021 3608 3367 3679 ἐλεήμονες,
3409 3609 3505 3664 ὅτι
3547 3611 3721 3666 αὐτοὶ

2133 3695 2588 3765 ἐλεηθήσονται.
2623 3696 2929 3753 ΛΟΥΚΑΣ.
2948 3699 3134 3753 Παντὶ
3160 3698 3240 3766 τῷ
3261 3699 3536 3755 αἰτοῦντί
3545 3701 3709 3757 σεδί-

2134 3789 2263 3843 δου.
2291 3791 2470 3843 ΠΡΟΣ
2484 3791 2648 3844 ΡΩΜ.
2667 3791 3483 3864 Ἆστόργουςβνελεήμονᾱς,
3497 3798 3721 3865 οἵτινες

2134 3880 2200 3933 τὸ
2236 3880 2524 3950 δικαίωμα
2573 3882 2679 3936 τοῦ
2720 3884 2871 3938 Θεοῦ
2890 3885 3239 3954 ἐπιγνόντες
3269 3885 3377 3957 (3),
3435 3887 3530 3941 ὅτι
3565 3892 3620 3943 οἱ
3645 3890 3721 3943 τὰ

2135 3971 2375 4026 τοιαῦτα
2417 3972 2801 4042 πράσσοντες
2831 3976 2988 4041 ἄξιοι
3013 3976 3286 4045 ξθανάτου
3321 3980 3507 4035 εἰσίν.
3540 3982 3720 4036 ΠΡΟΣ

2135 4063 2281 4117 ΤΙΜ.
2315 4070 2384 4118 α’.
2405 4065 2857 4134 Εὐμεταδότους
2887 4064 3060 4135 εἶναι,
3090 4071 3505 4137 κοινωνικούς.

2136 4272 2256 4324 Ὅτι
2288 4273 2396 4326 πᾶν
2420 4272 2557 4344 ὅπερ
2586 4271 2653 4325 ἂν
2681 4271 2781 4345 ἔχῃ
2811 4290 2895 4338 τις
2925 4272 3084 4327 πλέον
3122 4273 3216 4327 τοῦ
3251 4273 3604 4347 ὲπιδεομένου
3633 4276 3715 4347 (ι)

2202 4361 2311 4414 τῶν
2343 4361 2480 4433 πρὸς
2503 4362 2565 4416 τὸ
2595 4363 2694 4435 ζῇν
2724 4365 3056 4433 ἀναγκαίων,
3086 4364 3368 4438 ὀφειλέτης
3399 4367 3551 4422 ἐστὶν
3575 4368 3713 4421 ἐκεῖ·

2204 4471 2292 4507 νον
2326 4455 2704 4527 εὐεργετῆσαι,
2737 4458 2858 4510 κατ’
2893 4457 3113 4513 ἐντολὴν
3139 4458 3234 4512 τοῦ
3258 4459 3472 4530 Κυρίου
3496 4461 3591 4515 τοῦ
3618 4460 3718 4516 καὶ

2200 4546 2490 4612 δεδωκότος
2510 4545 2546 4602 ἃ
2578 4546 2793 4620 ἔχομεν.

2761 4684 2991 4754 Κεφάλ.
3016 4689 3097 4740 B'.

2200 4772 2502 4827 ΛΟΥΚΑΣ.
2552 4773 2607 4827 '0
2651 4774 2808 4845 ἔχων
2845 4774 2957 4831 δύο
2997 4775 3255 4846 χιτῶνας
3295 4778 3599 4847 μεταδότω
3632 4778 3719 4846 τῷ

2126 4865 2212 4935 μὴ
2240 4864 2441 4935 ἔχοντι
2466 4882 2480 4896 ο
2513 4866 2612 4920 καὶ
2640 4869 2673 4920 ό
2700 4866 2859 4937 ἔχων
2884 4867 3172 4936 βρώματα
3196 4869 3413 4938 ὁμοίως
3453 4871 3714 4924 ποιείτω

2131 4958 2310 5011 ΠΡΟΣ
2341 4959 2500 5011 ΚΟΡ.
2520 4956 2590 5010 α’.
2628 4958 2689 5012 Τί
2718 4959 2827 5028 γὰρ
2854 4959 3038 5029 ἔχεις,
3063 4959 3095 5013 ὅ
3120 4960 3231 5015 οὐκ
3262 4959 3513 5027 ἕλαϐες;
3534 4963 3720 5017 ΠΡΟΣ

2126 5051 2288 5103 ΚυΡ.
2351 5049 2415 5120 β’.
2470 5049 2537 5104 Τὸ
2585 5049 2755 5120 ὑμῶν
2800 5051 3176 5120 περίσσευμα
3223 5053 3311 5117 εὶς
3357 5052 3427 5105 τὸ
3466 5053 3721 5107 ἐκείνων

2126 5143 2434 5214 ὑστέρημα
2453 5163 2467 5176 ·
2495 5146 2597 5199 ἵνα
2628 5145 2727 5199 καὶ
2759 5145 2825 5199 τὸ
2852 5145 3104 5202 ἐκείνων
3128 5147 3511 5216 περίσσευμα
3538 5148 3721 5217 γένη-

2127 5251 2218 5288 ται
2248 5238 2337 5301 εἰς
2365 5238 2431 5289 τὸ
2456 5236 2625 5306 ὑμῶν
2647 5236 2976 5308 ὑστέρημα,
3005 5238 3165 5304 ὅπως
3190 5237 3433 5307 γένηται
3478 5239 3717 5305 ἰσότης.

2128 5326 2321 5393 καθὼς
2342 5329 2662 5399 γέγραπται
2683 5346 2699 5361 ·
2733 5331 2785 5383 ’0
2813 5330 2879 5384 τὸ
2906 5330 3064 5384 πολὺ
3099 5330 3177 5399 (5)
3211 5332 3325 5386 οὐκ
3350 5331 3721 5386 ἐπλεόνασε·

2128 5418 2223 5472 καὶ
2260 5422 2293 5474 ό
2321 5422 2389 5474 τὸ
2417 5422 2627 5491 ὀλίγον
2661 5423 2772 5477 οὐκ
2799 5422 3243 5492 ἠλαττόνησεν.

2131 5563 2199 5616 At
2231 5581 2367 5621 mss.
2399 5573 2459 5619 ut
2486 5566 2541 5620 in
2566 5574 2847 5621 contextu.

2199 5637 2275 5709 (5)
2302 5635 2441 5709 Reg.
2477 5638 2689 5709 primus
2719 5629 2770 5709 ᾧ
2796 5637 2864 5709 τὸ,
2882 5636 3039 5692 πολύ.
3067 5634 3193 5692 Mox
3215 5636 3385 5709 editio
3414 5636 3591 5693 Paris.
3615 5630 3720 5690 καὶ

2126 5710 2154 5760 ὀ
2182 5707 2242 5759 τὸ
2273 5706 2493 5775 ὀλίγον(
2519 5708 2623 5762 Sed
2672 5707 2939 5762 articulus
2962 5721 3169 5776 ,neque
3214 5708 3269 5762 in
3303 5709 3513 5763 nostris
3549 5721 3721 5773 mss.,

2131 5791 2306 5847 neque
2342 5778 2395 5832 in
2429 5777 2671 5833 editione
2706 5776 2912 5833 Veneta
2939 5778 3158 5849 legitur.
