3962 6238
287 301 392 357 759

1723 309 2052 367 IIORALLA.

3464 332 3567 390 7ῗο

284 418 412 473 Ὅτι
435 416 498 472 οὗ
529 416 613 472 δεῖ
643 415 919 482 πλουτεῖν,
956 416 1093 472 ἀλλὰ
1130 417 1453 492 πτωχεύειν,
1497 422 1637 479 κατὰ
1662 424 1756 478 τὸν
1779 424 1855 478 τοὶ

1980 424 2137 493 Quod
2172 443 2282 485 non
2314 440 2530 504 oportet
2590 434 2818 492 divitem
2864 452 3029 504 esse,
3081 441 3177 496 sed
3230 456 3563 516 pauperem,

874 508 1081 581 Κυρίου
1112 508 1290 579 λόγον.

912 620 1136 689 Κεφάλ.
1173 625 1257 676 I".

357 711 664 766 ΛΟΥΚΑΣ.
721 713 1033 781 Μακάριοι,
1075 718 1129 768 οἱ
1193 716 1437 786 πτωχοὶ,
1486 718 1575 772 ὅτι
1619 722 1875 790 ὑμετέρα

279 804 462 858 ἐστὶν
507 804 547 872 ἠ
584 804 887 869 ,Βασιλεία
919 804 1027 860 τοῦ
1054 807 1201 862 Θεοῦ
1237 808 1336 880 (6).
1384 810 1530 864 Οὐαὶ
1565 810 1709 881 ὑμῖν
1750 813 1876 879 τοῖς

281 896 637 960 πλουσίοις,
676 895 769 950 ὅτι
816 896 1071 974 ἀπέχετε
1108 898 1225 967 τὴν
1254 900 1644 969 παράκλησιν
1682 905 1869 974 ὑμῶν.

284 988 470 1040 ΠΡΟΣ
498 989 662 1043 KOP.
704 986 772 1058 βο.
825 989 886 1042 Ἠ
916 970 1065 1044 κατᾶ
1101 990 1338 1058 βάθους
1371 994 1632 1063 πτωχεία
1674 970 1875 1051 amr

280 1078 734 1147 ἐπερίσσευσεν
792 1082 881 1146 εὶς
918 1080 1025 1134 τὸν
1066 1083 1336 1137 πλοῦτον
1382 1082 1492 1151 τῆς
1535 1085 1874 1155 ἁπλότητος

280 1170 487 1226 αὐτῶν
510 1172 611 1242 (7).
636 1172 818 1225 ΠΡΟΣ
842 1173 988 1226 ΤΙΜ.
1008 1172 1078 1227 α’.
1115 1176 1179 1227 Οί
1204 1172 1273 1227 δὲ
1288 1174 1658 1245 ,βουλόμενοι
1681 1182 1871 1232 πλου-

279 1266 413 1320 τεῖν
436 1267 845 1337 ἐμπίπτουσιν
878 1272 966 1336 είς
991 1272 1327 1343 πειρασμὸν
1372 1274 1470 1328 καὶ
1496 1275 1740 1347 παγίδα,
1772 1279 1873 1333 καὶ

277 1359 608 1429 ἐπιθυμίας
643 1361 881 1427 πολλὰς
908 1362 1206 1430 ἀνοήτους
1223 1365 1300 1437 (8)
1322 1367 1418 1421 καὶ
1436 1368 1768 1437 βλαϐερὰς,
1792 1371 1875 1426 αἵ-

278 1467 445 1516 τινες
471 1450 793 1516 βυθίζουσι
824 1453 967 1518 τοὺς
998 1455 1350 1523 ἀνθρώπους
1369 1461 1455 1525 είς
1489 1459 1739 1530 ὄλεθρον
1771 1464 1871 1519 καί

275 1541 613 1599 ἀπώλειαν.
651 1542 800 1605 Ῥίζα
822 1546 933 1614 γὰρ
964 1546 1205 1615 πάντων
1234 1548 1357 1603 τῶν
1398 1542 1601 1606 κακῶν
1635 1554 1807 1609 ἐστιν
1831 1556 1871 1625 η

275 1636 667 1705 φιλαργυρία,
710 1633 786 1708 ἧς
824 1655 986 1704 τινες
1022 1641 1390 1711 ὀρεγόμενοι,
1441 1644 1878 1716 ἀπεπλανήθη-

273 1741 406 1778 σαν
444 1725 567 1779 ἀπὸ
610 1727 720 1795 τῆς
749 1729 1030 1795 πίστεως,
1071 1731 1169 1784 καὶ
1202 1731 1454 1799 ἑαυτοὺς
1504 1734 1875 1806 περιέπειραν

276 1817 534 1883 ὀδύναις
556 1819 837 1885 πολλαῖς.

275 1931 406 1986 Ὅτι
438 1933 501 1985 οὐ
543 1932 626 1986 δεῖ
655 1932 963 2004 φροντίζειν
1022 1953 1114 1989 του
1167 1936 1588 2009 περισσεύεσθαι
1642 1941 1703 1994 ἐν
1753 1943 1868 2006 τοῖς

347 2026 493 2095 πρὸς
522 2025 582 2078 τὸ
615 2026 713 2097 ζῇν
736 2044 750 2057 ’
781 2025 909 2080 οὔτε
933 2030 1062 2099 περὶ
1086 2027 1186 2100 τὴν
1218 2028 1558 2102 πλησμονὴν,
1585 2029 1709 2085 οὔτε
1738 2033 1867 2104 περὶ

343 2117 447 2189 τὴν
479 2117 830 2173 πολυτέλειαν
874 2120 1107 2191 σπουδὴν
1140 2120 1284 2192 ἔχειν
1320 2121 1414 2193 (9)⁶
1446 2123 1773 2194 καθαρεύειν
1807 2125 1864 2179 δὲ

344 2209 554 2274 παντὸς
578 2210 753 2275 εἴδους
779 2210 1091 2277 πλεονεξίας
1117 2214 1211 2267 καὶ
1237 2214 1650 2288 καλλωπισμοῦ.

897 2410 1123 2468 Ksed}.
1170 2416 1240 2468 d'.

897 2430 999 2465 na"
1024 2430 1123 2467 αλ.
1170 2430 1240 2468 a'.

342 2499 648 2555 ΛΟΥΚΑΣ.
694 2500 913 2569 Ὁρᾶτε,
942 2430 1039 2557 ac:
1060 2504 1458 2574 φυλάσσεσθε
1499 2507 1619 2562 ἀπὸ
1658 2509 1863 2578 πάσης

270 2589 662 2655 πλεονεξίας,
693 2590 784 2645 ὅτι
804 2594 1001 2647 οὐκὲν
1022 2592 1103 2659 τῷ
1129 2596 1518 2662 περισσεύειν
1535 2596 1651 2650 τινὶ
1681 2600 1719 2666 ἡ
1747 2596 1859 2667 ζωὴ

2379 524 2537 594 juxta
2572 525 2786 582 Domini
2823 531 3174 586 sententiam.

2606 639 2780 711 Caput
2817 641 2940 697 111.

2047 723 2224 790 Beati,
2259 742 2550 798 pauperes,
2598 736 2725 803 quia
2775 745 3004 790 vestrum
3062 748 3141 793 est
3195 757 3413 811 regnum
3465 743 3563 799 Dei

1977 812 2129 886 (Luc.
2168 832 2246 882 νι,
2273 817 2489 886 20).....
2533 821 2620 876 Va:
2669 826 2812 879 vobis
2845 826 3094 881 divitibus
3119 868 3134 892 ,
3191 831 3313 899 quia
3358 831 3561 889 habetis

1976 908 2388 964 consolationem
2420 922 2645 967 vestram
2692 915 2845 985 (ibid.
2889 917 3074 989 25)....
3107 920 3387 977 Altissima
3427 939 3563 992 pau-

1973 1008 2152 1067 pertas
2183 1018 2365 1055 eorum
2399 1005 2690 1061 abundavit
2732 1009 2786 1062 in
2840 1010 3054 1064 divitias
3084 1013 3445 1081 simplicitatis
3473 1032 3565 1071 eo-

1974 1107 2094 1145 rum
2144 1092 2227 1162 (11
2261 1093 2389 1151 Cor.
2432 1113 2553 1164 νιιι,
2795 1098 2939 1155 Nam
2999 1104 3089 1173 qui
3137 1105 3317 1160 volunt
3377 1109 3562 1166 divites

1974 1182 2094 1250 ﬁeri
2117 1222 2130 1244 ,
2166 1183 2410 1238 incidunt
2442 1187 2497 1240 in
2542 1190 2905 1257 tentationem,
2949 1202 3001 1247 et
3035 1195 3089 1248 in
3119 1194 3385 1266 laqueum,
3413 1209 3463 1253 et
3507 1203 3565 1255 in

1974 1272 2237 1329 desideria
2265 1279 2434 1331 multa
2459 1279 2627 1333 stulta
2654 1291 2705 1335 et
2740 1284 2946 1346 nociva,
2974 1302 3092 1355 qua:
3120 1298 3362 1358 mergunt
3390 1290 3563 1346 hami.

1974 1383 2065 1423 nes
2085 1370 2138 1424 in
2164 1371 2439 1427 interitum
2472 1384 2520 1429 et
2551 1376 2914 1445 perditionem.
2947 1379 3126 1437 Radix
3154 1386 3292 1439 enim
3324 1390 3562 1443 omnium

1975 1458 2240 1514 malorum
2268 1471 2349 1517 est
2378 1466 2628 1530 avaritia,
2662 1484 2820 1538 quam
2858 1472 3076 1541 quidam
3122 1486 3440 1543 appetentes.
3471 1496 3560 1534 er-

1975 1562 2221 1606 raverunt
2259 1571 2291 1608 a
2335 1555 2472 1625 ﬁde,
2509 1567 2559 1612 et
2589 1561 2921 1617 inseruerunt
2949 1580 3003 1619 se
3048 1564 3323 1624 doloribus
3376 1573 3562 1628 multis

1976 1641 2030 1715 (1
2065 1643 2203 1699 Tim.
2240 1662 2312 1711 Vl,
2345 1647 2539 1720 9,10).

1968 1945 2123 2011 Quod
2156 1963 2269 2004 non
2300 1960 2516 2022 oportet
2541 1954 2836 2013 sollicitum
2888 1975 3013 2019 esse
3057 1964 3125 2022 de.
3156 1969 3314 2038 c0pia
3369 1987 3555 2029 rerum

2037 2039 2105 2093 ad
2140 2041 2306 2097 vitam
2343 2047 2819 2105 necessariarum:
2854 2067 3027 2125 neque
3057 2061 3352 2128 saturitati,
3375 2079 3556 2137 neque

2038 2133 2456 2203 magniﬁcentia:
2510 2141 2753 2196 studium
2809 2154 2892 2199 est
2951 2148 3408 2221 impertiendum,
3459 2133 3553 2215 se!

2035 2234 2251 2296 oportet
2301 2243 2499 2299 purum
2551 2246 2675 2287 esse
2722 2236 2792 2291 ab
2824 2240 2973 2293 omni
3007 2244 3192 2311 specie
3221 2248 3468 2305 avaritiae
3500 2260 3556 2306 et

2038 2320 2243 2377 cultus.

2593 2427 2769 2498 Caput
2805 2429 2837 2483 1
2852 2430 2912 2487 ν.

2044 2514 2245 2579 Videte,
2276 2526 2326 2570 et
2359 2527 2533 2571 cavete
2580 2520 2644 2574 ab
2676 2524 2821 2575 omni
2870 2527 3102 2581 avaritia
3128 2545 3149 2582 :
3201 2531 3329 2601 quia
3363 2550 3468 2589 non
3497 2536 3552 2590 in

1963 2609 2296 2664 abundantia
2327 2612 2643 2682 cujusquam
2669 2616 2775 2668 vita
2808 2616 2921 2684 ejus
2944 2628 3021 2672 est
3045 2636 3110 2674 ea:
3139 2622 3221 2676 Itis
3246 2640 3364 2693 quw
3386 2631 3555 2694 ροεεὶ-

267 2681 462 2736 αὐτοῦ
513 2680 684 2736 ἐστιν
725 2682 796 2736 ἐκ
844 2683 963 2739 τῶν
1012 2686 1406 2754 ὑπαρχόντων
1446 2684 1626 2751 αὐτῷ.
1680 2687 1855 2740 ΠΡΟΣ

1980 2698 2047 2752 let
2080 2698 2231 2773 (Luc.
2267 2718 2365 2765 XII,
2402 2702 2607 2773 15)“...
2661 2705 2870 2761 Ornare
2903 2725 2957 2762 se
2989 2726 3093 2765 non
3140 2680 3355 2770 intortis
3386 2680 3554 2774 crini-

272 2776 422 2829 ΤΙΜ.
470 2773 540 2830 α’.
594 2777 855 2846 Κοσμεῖν
885 2778 1104 2843 ἑαυτὰς
1142 2778 1229 2848 μὴ
1271 2779 1341 2832 ἐν
1401 2781 1774 2849 πλέγμασιν,
1818 2780 1855 2848 ἡ

1980 2792 2091 2853 ius,
2142 2801 2235 2846 aut
2289 2811 2457 2861 auro,
2512 2806 2606 2849 aut
2640 2800 2978 2867 margaritis,
3019 2803 3098 2856 vel
3125 2815 3262 2860 veste
3317 2813 3553 2877 pretiosa

271 2863 507 2931 χρυσῷ.
546 2865 586 2933 ἢ
631 2868 1041 2935 μαργαρίταις,
1084 2868 1123 2937 ἣ
1169 2867 1464 2938 ἱματισμῷ
1513 2869 1855 2923 πολυτελεῖ.

1991 2880 2014 2935 1
2043 2882 2179 2939 Tim.
2213 2899 2271 2945 II,
2304 2884 2475 2955 9).....
2526 2863 2790 2942 Habentes
2833 2889 3088 2946 alimenta
3113 2933 3127 2957 ,
3179 2905 3230 2949 et
3258 2863 3555 2967 quibuste:

191 3034 199 3042 .
276 2957 563 3025 Ἔχοντες
583 2957 905 3029 διατροφὰς
929 2961 1027 3014 καὶ
1055 2961 1473 3031 σκεπάσματα,
1503 2962 1737 3026 τούτοις
1764 2963 1855 3031 ἀρ-

1980 2988 2166 3041 yamur,
2197 2974 2277 3027 Itis
2307 2976 2539 3029 contenti
2570 2977 2767 3030 erimus
2793 2976 2847 3047 (I
2880 2979 3019 3033 Tim.
3053 2998 3131 3047 νι,
3162 2983 3238 3055 8).

271 3051 710 3119 κεσθησόμεθα.

272 3160 398 3215 Ὀτι
431 3162 496 3215 οὐ
527 3163 609 3215 δεῖ
649 3164 920 3235 μεριμνᾷν
950 3164 1050 3233 τῆς
1081 3164 1215 3227 ἰδίας
1256 3163 1442 3216 ἕνεκεν
1485 3164 1697 3234 χρείας,
1730 3164 1855 3216 οὐδὲ

1980 3156 2119 3224 Quod
2190 3156 2460 3213 neminem
2528 3167 2744 3229 oportet
2798 3160 3095 3216 sollicitum
3168 3177 3292 3220 esse
3351 3165 3418 3221 de
3482 3168 3552 3224 iis

343 3255 458 3316 τοῖς
531 3256 960 3325 ἡτοιμασμένοις
1015 3255 1152 3326 πρὸς
1217 3254 1319 3327 τὴν
1380 3255 1662 3327 παροῦσαν
1715 3256 1858 3327 ζωὴν

345 3344 698 3410 ἐπελπίζειν,
754 3345 889 3401 ἀλλὰ
950 3345 1031 3418 τῷ
1080 3345 1200 3418 Θεῷ
1250 3344 1566 3402 ἀποδιδόναι
1615 3345 1687 3399 τὰ
1732 3346 1855 3399 καθ’

343 3438 561 3493 ἑαυτόν.

894 3659 1122 3715 Κεφάλ.
1153 3658 1240 3715 E'o

894 3678 977 3714 ne
1024 3678 1122 3715 αλ.
1153 3678 1240 3715 ις’

337 3750 712 3805 ΜΔΤΘΑΙΟΣ.
756 3754 840 3805 Οὐ
897 3678 1160 3808 δύῖασθε
1230 3751 1353 3817 Θεῷ
1399 3750 1715 3806 δουλεύειν
1757 3750 1855 3804 καὶ

2032 3250 2198 3322 269
2225 3265 2346 3320 quae
2396 3250 2503 3305 sibi
2538 3252 2641 3320 ipsi
2683 3259 2811 3306 sunt
2843 3254 3155 3309 necessaria
3190 3274 3203 3309 :
3264 3273 3442 3329 neque
3493 3260 3551 3316 in

2033 3343 2198 3398 rebus
2228 3358 2350 3414 quae
2394 3343 2461 3397 ad
2508 3353 2829 3413 praesentem
2864 3344 3030 3399 vitam
3065 3346 3367 3418 degendam
3398 3366 3552 3407 com-

2030 3442 2314 3504 parantur.
2350 3435 2661 3504 reponenda
2706 3451 2833 3508 Spes
2865 3445 2980 3503 est,
3018 3438 3112 3493 sed
3145 3440 3229 3495 sui
3271 3456 3403 3497 cura
3438 3441 3550 3500 Deo

2028 3526 2417 3581 committenda
2453 3535 2560 3582 est.

2610 3659 2785 3731 Caput
2835 3662 2895 3716 V.

2030 3752 2152 3808 Non
2176 3755 2392 3823 potestis
2425 3754 2534 3809 Deo
2564 3757 2760 3810 servire
2803 3766 2851 3810 et
2884 3773 3220 3815 mammona.
3267 3758 3398 3815 Ideo
3422 3761 3547 3818 dico

266 3844 578 3914 μαμμωνᾷ.
610 3844 715 3899 Διὰ
734 3845 910 3899 τοῦτο
940 3844 1096 3915 λέγω
1132 3844 1294 3914 ὑμῖν,
1312 3844 1398 3914 μὴ
1416 3845 1739 3915 μεριμνᾶτε
1779 3842 1855 3913 τῇ

1980 3846 2099 3899 νοὺὶι
2121 3886 2134 3911 ,
2170 3862 2231 3900 ne
2265 3846 2484 3900 solliciti
2509 3848 2624 3902 sitis
2656 3849 2856 3901 anima:
2883 3859 3072 3905 vestra:
3110 3851 3239 3922 quid
3260 3854 3549 3911 manduce-

270 3934 441 4005 ψυχῇ
489 3934 663 4006 ὑμῶν
704 3936 761 3990 τί
791 3935 1038 4007 φάγητε,
1090 3935 1191 3990 καὶ
1226 3936 1284 3989 τί
1332 3936 1527 4003 πίητε,
1576 3934 1737 4005 μηδὲ
1777 3933 1855 4001 τῷ

1980 3937 2047 4000 is,
2076 3946 2125 3989 et
2155 3937 2280 4006 quid
2304 3937 2518 4003 bibatis,
2549 3954 2710 4009 neque
2732 3941 2943 4010 corpori
2968 3950 3138 3995 vestro
3182 3943 3310 4015 quid
3350 3946 3548 4001 indua-

269 4027 497 4098 σώματι
528 4026 698 4098 ὑμῶν
720 4029 776 4082 τί
806 4027 1169 4097 ἐνδύσησθε.
1195 4027 1342 4097 υὺχὶ
1366 4028 1405 4097 ἠ
1433 4028 1606 4097 ψυχὴ
1639 4026 1855 4081 πλεῖόν

1980 4028 2104 4083 nini.
2134 4027 2325 4083 Nonne
2351 4031 2532 4084 anima
2574 4030 2693 4099 plus
2738 4040 2818 4087 est
2859 4048 3016 4103 quam
3067 4050 3186 4089 esca
3212 4072 3229 4101 ,
3273 4045 3325 4091 et
3355 4053 3546 4106 corpus

270 4120 397 4175 ἐστι
434 4119 549 4188 τῆς
592 4118 843 4189 τροφῆς,
885 4120 987 4173 καὶ
1033 4118 1097 4173 τὸ
1136 4118 1309 4190 σῶμα
1340 4118 1449 4173 τοῦ
1480 4119 1851 4189 ὲνδύματος;

279 4212 648 4281 ἐμόλέψιατε
675 4214 764 4279 εὶς
796 4212 869 4266 τὰ
906 4213 1146 4267 πετεινὰ
1182 4212 1285 4266 τοῦ
1329 4212 1611 4280 οὐρανοῦ,
1656 4212 1744 4263 ὅτι
1778 4212 1852 4266 οὺ

267 4304 667 4373 σπείρουσιν,
711 4303 854 4359 οὐδέ
894 4298 1248 4374 θερίζουσιν,
1291 4302 1434 4358 οὺδέ
1472 4304 1852 4375 συνάγουσιν

266 4397 353 4463 εις
375 4396 691 4463 ἀποθήκας
710 4413 724 4427 ο
746 4396 846 4450 καὶ
866 4399 900 4450 ό
930 4396 1133 4466 Πατὴρ
1166 4395 1335 4466 ὑμῶν
1360 4400 1393 4451 ό
1417 4397 1699 4465 οὐράνιος
1724 4399 1852 4467 τρέ-

1952 4121 2072 4190 plus
2124 4137 2284 4190 quam
2338 4123 2747 4179 vestimentum?
2799 4122 3061 4193 Respicite
3112 4127 3355 4182 volatilia
3387 4131 3541 4191 caeli.

1952 4214 2202 4285 quoniam
2227 4231 2332 4269 non
2361 4227 2563 4281 serunt,
2591 4232 2752 4286 neque
2784 4226 3005 4282 metunt,
3034 4235 3196 4290 neque
3227 4202 3545 4293 congregant

1952 4306 2007 4360 in
2026 4306 2216 4361 horrea
2239 4322 2259 4360 :
2289 4315 2339 4360 et
2370 4304 2536 4361 Pater
2561 4318 2725 4362 vester
2744 4309 2969 4364 ccelestis
2999 4312 3170 4379 pascit
3205 4311 3324 4368 illa.
3352 4311 3545 4369 Nonne

1951 4413 2041 4450 vos
2073 4396 2239 4466 magis
2270 4398 2439 4465 pluris
2469 4398 2595 4451 estis
2621 4398 2780 4455 illis?
2813 4398 2945 4466 Quis
2976 4411 3153 4455 autem
3180 4411 3411 4457 vestrum
3433 4405 3544 4460 sul-

268 4505 364 4558 5m
412 4489 589 4544 αὐτά.
636 4492 759 4560 Οὐχ
796 4490 966 4561 ὑμεῖς
1007 4489 1249 4561 μᾶλλον
1278 4490 1588 4561 διαφέρετε
1614 4493 1851 4554 αὐτῶν;

1980 4490 2098 4543 icite
2126 4490 2386 4559 cogitans,
2412 4499 2580 4558 potest
2604 4489 2835 4562 adjicere
2862 4490 2932 4543 ad
2958 4501 3225 4547 staturam
3256 4510 3413 4548 suam
3442 4511 3539 4550 cu-

274 4584 368 4649 Τίς
385 4582 458 4637 δὲ
482 4583 554 4648 ἐξ
576 4582 745 4654 ὑμῶν
773 4583 1075 4655 μεριμνῶν
1097 4584 1349 4638 δύναται
1380 4584 1727 4653 προσθεῖναι
1749 4586 1849 4639 ἐπὶ

270 4675 383 4744 τὴν
412 4677 664 4746 ἡλικίαν
684 4677 873 4732 αὐτοῦ
900 4676 1108 4747 πῆχυν
1139 4677 1278 4741 ἕνας
1311 4678 1421 4731 Καὶ
1443 4678 1579 4747 περὶ
1600 4678 1852 4747 ἐνδύμα-

269 4785 368 4834 τος
416 4770 478 4823 τί
522 4769 879 4839 μεριμνᾶτες
946 4770 1321 4841 Καταμάθετε
1378 4769 1452 4824 τὰ
1513 4771 1690 4839 κρίνα
1740 4772 1849 4825 τοῦ

269 4859 451 4930 ἀγροῦ
472 4859 599 4928 πῶς
633 4860 911 4925 αὐξάνειο
943 4864 1016 4917 οὐ
1044 4860 1244 4928 κοπιᾷ,
1278 4861 1423 4916 οὐδὲ
1457 4861 1647 4929 νήθει.
1686 4864 1850 4932 Λέγω

269 4951 333 5005 δὲ
357 4952 534 5022 ὑμῖν·
578 4952 725 5007 οὐδὲ
750 4954 1033 5023 Σολομὼν
1062 4954 1133 5007 ἐν
1159 4952 1329 5022 πάσῃ
1367 4953 1443 5022 τῇ
1472 4954 1621 5023 δόξῃ
1660 4956 1847 5009 αὐτοῦ

268 5042 647 5111 περιεϐἀιετο
671 5044 754 5110 ὡς
783 5042 852 5097 ἓν
878 5044 1123 5098 τούτων.
1164 5046 1232 5098 Et
1259 5043 1326 5097 δὲ
1356 5044 1463 5097 τὸν
1494 5046 1713 5113 χόρτον
1739 5047 1847 5101 τοῦ

266 5136 470 5205 timor},
518 5134 790 5205 σήμερον
825 5135 988 5200 ὄντα,
1035 5136 1131 5190 καὶ
1171 5137 1385 5204 αὔριον
1424 5138 1513 5202 εἷς
1558 5137 1849 5192 κλίϐανον

260 5228 686 5300 βαλλόμενον,
734 5232 768 5284 ό
828 5228 972 5295 Θεὸς
1032 5229 1220 5295 οὕτως
1283 5229 1721 5298 ἀμφιέννυσιν,
1771 5233 1845 5285 οὺ

265 5319 466 5385 πολλῷ
501 5317 748 5390 μᾶλλον
790 5318 966 5390 ὑμᾶς,
1007 5320 1415 5389 όλιτόπιστοι;
1458 5317 1556 5387 Μὴ
1589 5315 1705 5374 οὖν
1748 5336 1846 5390 με·

1955 4580 2121 4634 bitum
2167 4598 2331 4634 unum
2352 4584 2377 4636 .9
2433 4580 2499 4635 Et
2529 4582 2594 4636 de
2629 4582 2933 4637 vestimento
2962 4585 3089 4654 quid
3117 4586 3339 4640 solliciti
3369 4588 3543 4644 estis?

1955 4671 2301 4728 Considerate
2328 4672 2446 4726 lilia
2470 4674 2605 4743 agri,
2636 4674 2898 4744 quomodo
2928 4685 3172 4729 crescunt
3196 4688 3216 4726 .°
3256 4691 3362 4729 non
3396 4676 3541 4731 labo-

1951 4777 2096 4827 rant,
2123 4782 2284 4836 neque
2313 4774 2456 4820 nent.
2489 4764 2622 4819 Dico
2663 4776 2838 4820 autem
2866 4767 3011 4821 vobis
3034 4782 3053 4820 :
3085 4783 3247 4836 neque
3277 4766 3538 4823 Salomon

1949 4859 2004 4913 in
2039 4860 2183 4913 omni
2206 4858 2381 4929 gloria
2407 4875 2507 4913 sua
2531 4870 2802 4927 coopertus
2829 4871 2904 4914 est
2934 4861 3070 4915 sicut
3099 4876 3262 4913 unum
3299 4876 3366 4914 ea:
3394 4861 3533 4916 istis.

1951 4950 2104 5018 Quod
2131 4953 2178 5005 si
2211 4952 2389 5020 fenum
2426 4953 2564 5023 agri,
2596 4953 2735 5024 quod
2764 4953 2917 5007 hodie
2950 4961 3048 5018 est,
3077 4962 3127 5006 et
3171 4969 3291 5006 cras
3336 4953 3391 5006 in
3438 4953 3538 5007 cli-

1951 5043 2146 5095 banum
2178 5044 2427 5106 mittitur,
2460 5043 2599 5098 Deus
2626 5046 2704 5098 sic
2730 5046 2907 5108 vestit,
2939 5060 3007 5097 an
3044 5060 3149 5098 non
3173 5043 3340 5097 multo
3364 5046 3534 5112 magis

1954 5152 2063 5189 vos.
2092 5134 2309 5189 modica:
2336 5135 2504 5205 fidei?
2545 5134 2727 5190 Nolite
2768 5153 2891 5206 ergo
2919 5135 3139 5190 solliciti
3180 5152 3313 5200 esse,
3355 5134 3536 5191 dicen-

1954 5237 2028 5281 tes
2055 5244 2073 5281 :
2107 5227 2247 5294 Quid
2271 5226 2729 5289 manducabimus,
2760 5235 2853 5281 aut
2878 5227 3003 5297 quid
3036 5226 3291 5288 bibemus,
3316 5237 3409 5281 aut
3432 5244 3533 5298 quo

1953 5322 2295 5391 aperientur?
2334 5320 2459 5374 Haec
2488 5321 2628 5374 enim
2672 5322 2851 5374 omnia
2881 5330 3057 5391 gentes
3091 5322 3385 5391 inquirunt.
3420 5319 3531 5375 Scit

329 5477 405 5550 (6)
439 5478 913 5561 Πιτείιυειεᾴἱιὶο.
946 5477 1191 5561 pugilatu
1228 5477 1324 5532 τοῦ
1364 5478 1521 5533 Θεοῦ.
1560 5478 1631 5561 At
1658 5479 1836 5534 nostri

1980 5479 2118 5533 iulta
2152 5476 2707 5561 desideria._Antiqui
2734 5475 3001 5561 tres.|ibri
3030 5475 3261 5561 perinde
3282 5485 3342 5561 ut
3366 5489 3529 5558 sacer

263 5549 534 5605 tres’mss.
569 5549 816 5620 βασᾲεία
846 5549 954 5603 τῶν
983 5549 1251 5619 οὐρανῶν,
1276 5566 1493 5620 regnum
1526 5549 1797 5603 caelorum.

330 5620 404 5701 (ζ)
445 5618 626 5701 Egilio
663 5618 804 5701 γει).
856 5629 912 5701 e_t
958 5618 1137 5701 nostri
1188 5628 1303 5701 tres
1336 5618 1485 5701 'msg‘.
1537 5620 1836 5701 ᾁτξλότητος

265 5688 456 5746 αὐτῶν.
488 5688 604 5745 Vox
635 5691 827 5745 ultima
859 5691 1048 5746 deerat
1083 5691 1137 5744 in
1171 5690 1413 5745 editione
1442 5688 1763 5745 Parisiensi.

1945 5548 2411 5618 textuslvulgatus
2444 5544 2724 5618 ἀνοήτους,
2751 5544 3121 5618 stulta'multa
3146 5544 3433 5618 desideria.

2017 5617 2093 5691 (9)
2130 5615 2306 5691 liditip
2355 5616 2495 5691 Yon.
2553 5615 2903 5691 ’πολυτέλειαν
2956 5616 3118 5691 ἔχειν·
3172 5615 3523 5691 καθαρεύειν,

1935 5685 2099 5759 male.
2125 5686 2318 5759 ‘Editio
2355 5687 2533 5744 Paris.
2567 5685 3521 5759 nolo-celata»;uaeapstiew,'pejus.

331 5762 405 5823 (8)
442 5760 686 5832 Utraque
743 5761 914 5817 editio
977 5761 1178 5826 πολλὰς
1239 5762 1565 5833 ἀνονήτους,
1621 5759 1837 5814 inutilia

1980 5776 2070 5831 .eg.
2108 5758 2306 5815 tertius
2342 5766 2402 5814 ut
2432 5759 2489 5814 in
2519 5767 2803 5827 contextu,
2832 5758 3061 5845 optime.
