3962 6238
203 264 305 323 ’175

1624 262 1964 322 'MORALIA.

3385 271 3487 325 771

202 386 507 442 κλεπτέτω
528 402 541 415 ·
572 386 813 459 μᾶλλον
866 385 935 439 δὲ
962 386 1258 449 ’κοπιάτω,
1287 384 1674 455 ἐργαζόμενος
1704 387 1773 438 ³τέ

1897 414 2009 473 est,
2065 416 2122 463 ut
2160 404 2353 465 habeat
2393 412 2531 465 unde
2588 412 2789 466 tribuat
2842 414 3207 466 necessitatem
3261 412 3487 482 patienti

197 479 426 550 ἀγαθὸν
478 477 608 543 ταῖς
663 479 909 547 χερσὶν,
971 479 1072 531 ἵνα
1119 479 1229 548 ἔχῃ
1274 477 1655 547 μεταδιδόναι
1710 477 1773 543 tt}

1897 500 2111 571 (Ephes.
2155 518 2231 567 ιν,
2262 502 2425 574 98)...
2462 501 2596 558 Cum
2627 521 2860 559 essemus
2909 504 3050 575 apud
3083 516 3206 570 vos,
3254 477 3351 559 hoc
3394 504 3487 560 de-

199 575 409 642 χρείαν
438 572 881 641 exortu-[IP02
942 570 1134 623 ΘΕΣΣ.
1195 570 1260 641 β’.
1299 572 1437 624 Ὅτε
1474 566 1773 641 (15)“’ἦμεν

1897 592 2271 647 nuntiabamus
2305 594 2447 648 vobis
2473 614 2490 648 :
2522 595 2775 664 quoniam
2832 596 2881 649 si
2923 566 3042 666 quis
3081 566 3201 649 ποκ’
3220 593 3328 649 vult
3363 610 3485 665 ope-

199 665 349 731 πρὸς
385 664 562 733 ὑμᾶς.
615 663 791 717 τοῦτο
838 662 1335 732 παρηγγέλλομεν
1379 663 1545 732 ὑμῖν,
1596 662 1686 715 ὅτι
1734 664 1789 715 ει

197 773 287 821 τις
320 758 393 810 οὐ
421 758 587 811 θέλει
618 757 992 825 ἐργάζεσθαι,
1017 757 1174 826 μηδὲ
1195 756 1463 810 ἐσθιέτω.

822 862 1009 926 οΡοΣί
1025 872 1159 926 mox

198 964 320 1017 Ὀτι
361 966 423 1018 οὐ
458 965 563 1036 χρὴ
612 964 929 1028 δικάζεσθαι
968 963 1087 1037 οῦδὲ
1124 964 1251 1035 περὶ
1292 962 1473 1018 αὐτῶν
1508 961 1616 1016 τῶν
1649 962 1785 1031 πρὸς

265 1052 695 1126 τὴνςᾰναγκαίαν
723 1056 931 1126 σκέπην
1056 1055 1267 1125 σώματι
1292 1053 1711 1125 περικειμένων.

828 1274 1056 1329 Ksed).
1082 1278 1165 1328 A'.

263 1348 564 1422 AOTKAS.
628 1368 711 1433 Τῷ
732 1307 1019 1422 τύπτοζρτί
1047 1382 1120 1420 σε
1145 1366 1245 1421 ἐπὶ
1276 1366 1390 1433 τὴν
1419 1363 1628 1428 δεξιὰν
1654 1379 1784 1417 σια-

190 1461 342 1527 τόνα
368 1458 593 1528 πάρεχε
623 1460 721 1513 καὶ
753 1460 867 1527 τὴν
895 1459 1090 1525 ἄλλην
1109 1477 1120 1487 ·
1163 1459 1259 1511 καὶ
1286 1456 1404 1510 ἀπὸ
1450 1455 1555 1509 τοῦ
1586 1456 1785 1521 αἴρον-

192 1554 295 1615 τός
321 1566 440 1605 σου
482 1551 547 1603 τὸ
583 1546 819 1621 ἱμάτιον
841 1553 937 1604 καὶ
970 1550 1077 1603 τὸν
1106 1548 1327 1619 χιτῶνα
1354 1548 1437 1619 μὴ
1474 1550 1781 1615 κωλύσῃς.

193 1643 379 1697 Παντὶ
402 1642 471 1695 δὲ
500 1643 578 1708 τῷ
608 1643 881 1696 αἰτοῦντί
903 1659 975 1696 σε
1012 1642 1183 1696 δίδου
1204 1660 1216 1671 °
1261 1642 1358 1694 καὶ
1394 1641 1512 1694 ἀπὸ
1542 1641 1647 1693 τοῦ
1688 1641 1781 1691 αἵ-

1890 687 2024 751 rari,
2055 700 2147 737 nec
2171 683 2568 747 manducetﬂl
2600 686 2774 739 Thess.
2810 685 3034 756 111,10).

1874 958 1877 961 _
2425 878 2708 940 REGULA
2749 878 2937 940 XLIX.

1888 974 2047 1042 Quod
2076 992 2144 1031 ne
2178 976 2245 1030 de
2278 976 2345 1031 iis
2395 977 2615 1047 quidem
2646 994 2768 1048 qua:
2798 977 3013 1049 corpori
3049 977 3481 1046 circumponun-

1960 1076 2071 1131 tur,
2106 1070 2323 1138 litigare
2349 1078 2598 1139 oportet,
2650 1072 2865 1127 etiamsi
2896 1071 2961 1125 ad
2995 1070 3047 1125 id
3079 1071 3479 1140 contegendum

1963 1162 2280 1216 necessaria
2317 1163 2448 1216 sint.

2535 1273 2713 1342 Caput
2756 1273 2804 1329 Ι.

1958 1364 2282 1421 Percutienti
2319 1377 2363 1420 te
2392 1368 2443 1419 in
2474 1366 2717 1419 dextram
2751 1365 3030 1418 maxillam
3053 1406 3066 1428 ,
3109 1364 3281 1433 prtebe
3310 1374 3359 1419 et
3396 1365 3505 1417 alr

1887 1469 2053 1512 teram
2085 1476 2102 1513 :
2142 1470 2190 1513 et
2221 1459 2284 1512 ab
2323 1477 2381 1513 eo
2429 1461 2520 1529 qui
2550 1459 2726 1527 aufert
2760 1460 2856 1511 tibi
2903 1460 3289 1519 vestimentum,
3314 1458 3475 1511 etiam

1887 1554 2117 1604 tunicam
2150 1552 2259 1604 noli
2304 1552 2596 1619 prohibere.
2641 1550 2801 1606 Omni
2845 1562 3023 1605 autent
3051 1554 3249 1620 petenti
3278 1561 3347 1613 te,
3378 1553 3477 1603 tri—

1887 1647 1983 1699 bue
2007 1664 2024 1699 :
2052 1656 2101 1699 et
2140 1647 2203 1699 ab
2234 1664 2293 1699 eo
2319 1648 2406 1715 qui
2440 1646 2617 1715 aufert
2645 1662 2762 1714 qua:
2812 1654 2905 1697 tua
2958 1654 3118 1709 sunt,
3174 1662 3236 1697 ne
3269 1656 3475 1712 repetas

185 1752 406 1805 ροντος
442 1735 514 1788 τὰ
544 1736 645 1797 σὰ,
675 1734 762 1803 μὴ
793 1735 1048 1787 ἀπαίτει.
1080 1734 1261 1787 ΠΡυΣ
1294 1735 1451 1785 KOP.
1484 1739 1551 1785 α’.
1586 1729 1773 1799 Τολμᾴ

1897 1735 2037 1805 ξιιιε.
2076 1753 2185 1797 xw,
2210 1736 2300 1802 29,
2336 1736 2495 1804 50)...
2534 1736 2704 1789 Audet
2738 1735 2953 1804 aliquis,
2979 1735 3175 1788 habens
3210 1737 3475 1803 negotium

190 1843 279 1893 τις
304 1827 442 1897 (11),
479 1826 717 1896 πρᾶγμα
738 1828 895 1894 ἔχων
913 1825 1062 1894 πρὸς
1095 1825 1201 1877 τὸν
1222 1826 1446 1892 ἕτερον,
1469 1824 1779 1891 κρίιΐσθαι

189 1920 438 1976 ἐπὶ⁴τῶν
478 1918 723 1985 ἀδίκων,
772 1919 873 1973 καὶ
926 1921 1062 1987 οὐχὶ
1108 1920 1205 1972 ἐπὶ
1258 1918 1377 1972 τῶν
1420 1920 1605 1988 ἁγίων
1623 1934 1645 1981 ;η
1674 1918 1781 1969 Καὶ

193 2014 306 2083 μετ’
356 2012 550 2080 ὀλίγον
613 2011 756 2078 Ἤδη
812 2011 929 2081 μὲν
982 2008 1096 2065 οὖν
1152 2010 1308 2076 ὅλως
1370 2010 1597 2079 ἥττημα
1639 2009 1782 2079 ὑμῖν

188 2103 381 2167 ἐστιν,
410 2104 503 2157 ὅτι
534 2104 791 2171 κρίματα
816 2101 984 2169 ἔχετε
1008 2101 1117 2171 (15)
1132 2103 1265 2169 μεθ’
1306 2099 1555 2153 ἑαυτῶν.
1582 2099 1686 2152 Διὰ
1722 2100 1780 2152 τί

189 2195 322 2263 οὐχὶ
352 2193 603 2263 μᾶλλον
630 2192 931 2246 ἀδικεῖσθε
948 2210 968 2258 ;
995 2191 1095 2246 διὰ
1131 2193 1189 2245 τί
1223 2192 1357 2259 οὐχὶ
1379 2190 1620 2259 μᾶλλον
1641 2192 1781 2244 ἀπο-

189 2286 500 2354 στερεῖσθε
516 2301 535 2349 ;
576 2284 752 2339 Ἀλλὰ
780 2283 948 2352 ὑμεῖς
966 2282 1222 2337 ἀδικεῖτε
1252 2283 1349 2335 καὶ
1371 2281 1775 2349 ἀποστερεῖτε,

192 2375 289 2429 καὶ
316 2375 509 2429 ταῦτα
537 2375 683 2429 ἀδελ
689 2372 863 2443 ρούς.

191 2493 308 2547 Ὀτι
343 2495 406 2547 οὗ
433 2494 517 2546 δεῖ
542 2491 835 2562 μάχεσθαι,
872 2490 904 2561 ἢ
940 2490 1129 2543 ἑαυτὸν
1164 2490 1429 2543 ἐκδικεῖν·
1468 2489 1605 2561 πρὸς
1638 2492 1776 2543 πὰν-

255 2603 355 2649 τας
390 2585 469 2645 δὲ,
506 2584 555 2636 εἰ
598 2583 844 2645 δυνατὸν,
877 2579 1200 2651 εἰρηνεύειν,
1236 2580 1380 2632 κατὰ
1414 2580 1513 2649 τὴν
1556 2580 1777 2651 ἐντολὴν

257 2678 349 2731 τοῦ
383 2678 613 2747 Κυρίου.

810 2785 1036 2855 Κεφάλ.
1071 2789 1151 2839 B'.

226 2902 229 2903 '
258 2880 638 2937 ΜΑΤΘΑΙΟΣ.
677 2881 1023 2945 Ἠκούσατε,
1054 2878 1141 2931 ὅτι
1160 2878 1368 2946 ἐρρέθη
1390 2896 1403 2909 ·
1435 2877 1777 2947 Ὀφθαλμὸν

1883 1831 2133 1883 adversus
2162 1829 2411 1892 alterum,
2431 1828 2673 1897 judicari
2698 1828 2839 1896 apud
2870 1830 3101 1899 iniquos,
3130 1838 3177 1883 et
3205 1846 3308 1882 non
3332 1828 3475 1895 apud

1882 1919 2207 1981 sanctbs?(l
2240 1921 2364 1974 Cor.
2396 1919 2618 1990 v1.1)...
2650 1918 2709 1972 Et
2740 1920 2905 1991 paulo
2931 1927 3055 1989 post
3081 1917 3233 1973 :Jam
3267 1920 3475 1988 quidem

1882 2013 2094 2066 omnino
2125 2013 2377 2066 delictum
2427 2021 2506 2065 est
2542 2013 2596 2064 in
2630 2012 2795 2073 vobis,
2829 2010 2967 2080 quod
3017 2011 3222 2079 iudicia
3269 2010 3474 2063 habetis

1881 2105 2016 2156 inter
2038 2121 2143 2157 vos.
2169 2104 2347 2169 Quare
2373 2120 2476 2156 non
2507 2104 2676 2172 magis
2708 2103 2960 2170 injuriam
2994 2104 3277 2171 accipitis?
3306 2112 3473 2173 quare

1882 2213 1984 2249 non
2047 2198 2216 2266 magis
2277 2195 2522 2264 fraudem
2581 2196 2871 2265 patimini?
2928 2195 3032 2251 Sed
3090 2212 3175 2249 vos
3214 2195 3472 2264 injuriam

1881 2288 2085 2357 facitis,
2118 2299 2165 2341 et
2204 2288 2519 2357 fraudatis:
2550 2298 2600 2341 et
2631 2287 2731 2340 hoc
2762 2287 3024 2356 fratribus
3069 2287 3222 2341 (ibid.
3256 2286 3308 2351 7,
3333 2284 3412 2344 8).

1880 2493 2036 2560 Quod
2089 2508 2202 2548 non
2229 2499 2448 2563 oportet
2494 2507 2755 2561 pugnare,
2807 2500 2901 2545 aut
2946 2490 3186 2559 seipsum
3233 2488 3471 2544 ulcisci:

1951 2588 2045 2642 sed
2075 2601 2207 2657 erga
2238 2600 2453 2649 omnes,
2501 2586 2548 2640 si
2584 2584 2701 2640 ﬁeri
2756 2592 2959 2656 potest,
3001 2595 3469 2653 pacem-servare,

1944 2683 2103 2753 juxta
2124 2680 2342 2736 Domini
2364 2679 2721 2735 mandatum.

2574 2801 2700 2846 aput
2728 2790 2812 2845 11.

2528 2792 2605 2847 Ca
2644 2801 2700 2846 ut
2728 2792 2812 2845 11.

1946 2885 2191 2940 Audistis
2229 2885 2353 2955 quia
2384 2884 2585 2937 dictum
2608 2807 2710 2936 pest
2744 2898 2761 2935 :
2794 2881 3037 2936 Oculum
3070 2898 3166 2951 pro
3197 2880 3372 2946 oculo,
3421 2888 3471 2934 et

189 2976 317 3029 ἀντὶ
342 2972 681 3042 ὀφθαλμοῦ,
706 2971 805 3024 ’xal
838 2969 1055 3023 ὀδόντα
1082 2969 1218 3023 ἀντὶ
1242 2969 1508 3034 ὀδόντος.
1542 2966 1685 3037 Ἐγὼ
1708 2967 1773 3020 δὲ

1897 2979 2083 3033 lentem
2101 2994 2196 3046 pro
2224 2977 2396 3031 dente.
2426 2975 2540 3047 Ego
2570 2985 2746 3029 autem
2768 2974 2886 3028 dico
2908 2973 3073 3039 vobis,
3100 2988 3201 3028 non
3224 2974 3472 3029 resistere

187 3069 337 3137 λέγω
365 3066 532 3135 ὑμῖν,
544 3064 630 3133 μὴ
660 3060 1015 3129 ἀντιστῆναι
1038 3059 1117 3125 τῷ
1139 3058 1380 3128 πονηρῷ
1401 3077 1413 3090 ·
1438 3061 1577 3113 ἀλλ’
1604 3058 1773 3125 ὅστις

1897 3074 2042 3127 nalo.
2075 3071 2182 3127 Sed
2202 3072 2440 3141 quisquis
2478 3080 2525 3124 te
2544 3074 2860 3139 percusserit
2894 3068 2946 3120 in
2969 3067 3236 3121 dexteram
3272 3067 3473 3121 mamil-

188 3176 259 3215 σε
280 3158 523 3227 ῥαπίσῃ
551 3156 665 3227 (16)
703 3158 788 3220 εὶς
818 3153 935 3221 τὴν
964 3152 1171 3217 δεξιὰν
1201 3154 1473 3221 σιαγόνα,
1504 3151 1773 3219 στρέψον

1898 3182 2004 3227 am,
2054 3163 2258 3219 obverte
2308 3164 2390 3215 illi
2439 3171 2487 3215 et
2530 3162 2754 3215 alteram
2804 3160 3021 3232 (Matth.
3056 3158 3341 3227 v,58,39)
3361 3165 3469 3221 get

187 3251 343 3318 αὐτῷ
362 3251 467 3304 καὶ
496 3248 613 3316 τὴν
632 3248 853 3312 ἀλλην,
878 3245 974 3299 καὶ
1008 3244 1076 3297 τὰ
1105 3244 1251 3314 ἑξῆς.
1276 3244 1580 3297 ΜΑΡΚΟΣ.
1615 3240 1770 3311 Ἀγά-

1897 3258 2083 3326 'eliqua
2110 3255 2513 3311 ...Cltaritatem
2547 3254 2730 3307 habete
2762 3255 2819 3307 in
2880 3252 3044 3315 vobis,
3078 3252 3168 3305 sed
3199 3260 3248 3304 et
3287 3265 3471 3318 pacem

189 3361 308 3413 πην
342 3344 519 3412 ἔχετε
544 3341 655 3411 (17)
688 3340 758 3392 ἐν
796 3338 1065 3404 ἑαυτοῖς,
1102 3338 1265 3391 ἀλλά
1303 3336 1401 3390 καὶ
1437 3336 1773 3403 εἰρηνεύετε

1897 3344 2033 3417 ζῚῙ
2088 3348 2272 3401 habete
2307 3349 2443 3401 inter
2480 3364 2569 3400 ros
2608 3345 2805 3417 (Marc.
2844 3362 2919 3409 1x,
2958 3345 3117 3417 49)...
3165 3341 3320 3397 Nulli
3352 3360 3471 3397 nia-

188 3442 254 3492 ὲν
296 3436 624 3501 ἀλλήλοις.
664 3432 843 3486 ΠΡΟΣ
886 3432 1052 3483 ΡΩΜ.
1115 3428 1340 3496 Μηδενὶ
1399 3426 1590 3480 κακὸν
1638 3426 1771 3480 ἀντὶ

1897 3459 1985 3496 um
2028 3457 2123 3511 pro
2182 3440 2325 3494 malo
2367 3438 2641 3493 reddentes
2674 3437 3045 3506 :providentes
3093 3436 3231 3488 bona
3273 3451 3457 3488 coram

190 3526 373 3581 κακοῦ
402 3524 819 3588 ἀποδιδόντες,
862 3523 1293 3590 προνοούμενοι
1321 3520 1479 3573 καλὰ
1517 3516 1774 3571 ἐνώπιον

190 3620 433 3673 πάντων
485 3617 836 3685 ἀνθρώπων.
883 3618 953 3669 El
1014 3613 1316 3679 δυνατὸν,
1390 3613 1455 3665 τὸ
1483 3611 1552 3675 ἐξ
1608 3609 1774 3679 ὑμῶν

187 3712 331 3780 μετὰ
385 3711 635 3764 πάντων
661 3708 771 3780 (18)
823 3706 1152 3775 ἀνθρώπων
1204 3706 1617 3774 εἰρηνεύοντες
1641 3719 1656 3735 ο
1684 3703 1771 3772 μὴ

190 3804 443 3870 ἑαυτοὺς
521 3802 937 3864 ἐκδικοῦντες,
968 3808 973 3813 ’
1006 3799 1333 3868 ἀγαπητοί·
1404 3798 1566 3853 ἀλλὰ
1637 3796 1773 3850 δότε

193 3900 375 3951 τόπον
410 3896 491 3965 τῇ
549 3893 717 3965 ὀργῇ.
765 3895 944 3949 ΠΡΟΣ
977 3895 1121 3947 ΤῘΜ.
1159 3892 1222 3962 β’.
1259 3890 1490 3944 Δοῦλον
1536 3889 1604 3941 δὲ
1660 3893 1773 3943 Kv-

185 3990 317 4057 ρίου
353 3992 427 4044 οὺ
466 3988 566 4042 δεῖ
604 3988 938 4058 μάχεσθαι,
984 3987 1148 4040 ἀλλὰ
1198 3984 1383 4054 ἤπιον
1426 3981 1580 4039 εἶναι
1622 3982 1773 4050 πρὸς

191 4082 437 4149 πάντας.

194 4192 310 4249 Ὅτι
348 4195 407 4247 οὐ
448 4193 533 4245 δεῖ
569 4190 695 4245 οὔτε
730 4193 809 4254 εἰς
856 4192 1136 4262 ἐκδίκησιν
1187 4189 1542 4260 ἀδικουμένου
1583 4188 1769 4260 ἐτέρου

594 4285 907 4357 ἀμύνασθαι
932 4285 1025 4337 τὸν
1058 4283 1369 4338 ἀδικοῦντα.

805 4486 1028 4557 Κεφάλ.
1071 4489 1154 4540 I".

260 4584 628 4638 ΜΑΤΘΑΙΟΣ.
670 4582 808 4636 Τότε
841 4580 1304 4649 προσελθόντες,
1329 4576 1633 4631 ἐπέϐαλον
1662 4574 1769 4640 τὰς

195 4672 385 4741 χεῖρας
404 4673 500 4726 ἐπὶ
526 4673 638 4726 τὸν
662 4672 921 4739 Ἰησοῦν,
936 4669 1033 4723 καὶ
1059 4668 1403 4737 ἐκράτησαν
1426 4669 1633 4722 αὐτόν.
1656 4667 1767 4719 Καὶ

197 4765 318 4820 ἰδοὺ
356 4762 441 4833 εἷς
472 4766 596 4821 τῶν
635 4766 787 4834 μετὰ
835 4764 1051 4833 Ἰησοῦ,
1100 4763 1373 4827 ἐκτείνας
1419 4759 1534 4828 τὴν
1580 4759 1767 4828 χεῖρα,

196 4857 496 4913 ἐπέσπασε
527 4858 645 4926 τὴν
667 4856 973 4927 μάχαιραν
992 4855 1201 4919 αὑτοῦ,
1230 4855 1329 4907 καὶ
1358 4853 1628 4918 πατάξας
1663 4852 1768 4904 τὸν

196 4948 408 5006 δοῦλον
442 4952 550 5006 τοῦ
584 4949 926 5020 ἀρχιερέως,
949 4948 1197 5018 ἀφεῖλεν
1229 4947 1417 5000 αὑτοῦ
1458 4945 1523 4998 τὸ
1565 4944 1759 4997 ὠτίον.

265 5114 368 5181 (l3)
400 5112 629 5171 Veteres
658 5114 769 5169 duo
810 5112 939 5167 libri
964 5112 1074 5164 Καὶ
1108 5111 1216 5183 γὰρ
1244 5112 1357 5173 ὅτε,
1400 5127 1520 5163 nam
1565 5117 1614 5161 et
1650 5125 1768 5162 cum

194 5199 413 5239 essemus
423 5227 435 5239 .

263 5258 367 5327 (lt)
405 5254 538 5325 Reg.
568 5254 877 5327 tertius‘rlg
907 5252 1079 5327 ὑμῶν.
1108 5250 1215 5307 Sed
1248 5250 1540 5327 vox__b_p&'w
1571 5250 1623 5302 in
1660 5263 1766 5327 caa-

194 5327 322 5379 teris
351 5321 633 5380 ueteribus
657 5325 815 5380 libris
842 5333 896 5379 et
936 5321 991 5376 in
1025 5331 1260 5391 utraque
1298 5321 1539 5377 editione
1564 5321 1769 5391 pariter

195 5393 359 5449 deest.
394 5395 623 5451 Monebo
660 5395 819 5465 quasi
872 5397 1212 5465 praeteriens,
1258 5407 1367 5465 non
1400 5406 1545 5465 raro.
1579 5391 1767 5465 invitis

197 5477 259 5516 ac
286 5460 712 5535 repugnantibus
762 5460 889 5519 aliis
944 5465 1125 5527 libris,
1173 5464 1277 5533 legi
1322 5460 1561 5535 inHReg.
1604 5462 1763 5535 tertio

198 5532 410 5601 perinde
446 5546 509 5592 ut
536 5540 596 5592 in
627 5550 790 5592 sacro
822 5542 971 5590 textu
1006 5532 1256 5605 vulgato;
1286 5532 1356 5605 o_b
1391 5533 1555 5601 idque
1577 5532 1763 5605 suspi;

196 5619 289 5658 cor
316 5608 621 5669 librarium,
652 5606 969 5676 quicunque
1005 5601 1266 5676 ililer'iuit,
1291 5603 1542 5676 Graecum
1573 5601 1761 5676 Basilii

196 5678 460 5746 exemplar
498 5672 689 5732 multis
736 5672 985 5731 locis—ex
1030 5673 1223 5746 Bibliis
1252 5672 1595 5746 correxisse.
1642 5672 1761 5726 Mox

198 5743 359 5803 editio
381 5746 554 5805 Paris.
592 5746 875 5819 κρίνεσθαι
908 5746 1001 5800 ἐπὶ
1027 5745 1139 5799 τῶν
1170 5743 1361 5815 ἁγίων.
1397 5744 1467 5798 At
1496 5758 1629 5799 mss.
1661 5758 1762 5798 no-

1876 3536 2117 3592 omnibus
2169 3532 2511 3587 hominibus:
2542 3532 2589 3584 si
2637 3531 2755 3599 ﬁeri
2797 3539 2988 3597 potest,
3032 3527 3171 3599 quod
3217 3543 3282 3581 ex
3324 3527 3467 3582 vobis

1873 3643 1975 3695 est,
2025 3647 2145 3685 cum
2190 3627 2431 3682 omnibus
2481 3624 2782 3679 hominibus
2824 3639 3003 3691 pacem
3040 3621 3287 3675 habentes
3321 3638 3339 3675 :
3365 3638 3468 3675 non

1876 3724 2215 3793 vosmetipsos
2250 3720 2597 3783 vindicantes,
2626 3716 2949 3781 charissimi,
3004 3714 3093 3768 sed
3125 3713 3247 3767 date
3292 3713 3466 3766 locum

1876 3819 1969 3871 ira:
2002 3815 2184 3887 (Rom.
2224 3826 2320 3879 xu,
2375 3809 2654 3881 17-19)....
2689 3809 2908 3862 Servum
2939 3815 3113 3860 autem
3131 3804 3346 3859 Domini
3363 3822 3467 3858 non

1876 3918 2075 3979 oportet
2092 3908 2324 3979 litigare,
2361 3904 2451 3959 sed
2471 3911 2804 3958 mansuetum
2818 3916 2929 3955 esse
2941 3899 3011 3954 ad
3028 3914 3204 3954 omnes
3218 3896 3306 3969 (11
3327 3898 3464 3953 Tim.

1878 4020 1938 4068 ιι,
1962 4003 2077 4072 24).

1876 4180 2032 4248 Quod
2061 4194 2171 4235 non
2199 4183 2415 4249 oportet
2444 4177 2608 4232 etiam
2636 4174 2702 4230 ad
2735 4174 2993 4239 alterum,
3023 4175 3117 4244 qui
3140 4174 3342 4243 injuria
3376 4171 3460 4226 ai-

1949 4275 2150 4335 ticitur,
2204 4270 2618 4335 vindicandum,
2660 4267 2851 4325 ulcisci
2894 4282 3017 4324 eum
3067 4267 3160 4339 qui
3202 4267 3463 4339 injuriam

1946 4367 2095 4422 facit.

2503 4474 2674 4543 Caput
2717 4471 2837 4529 ΙΙΙ.

1940 4570 2086 4624 Tunc
2121 4567 2422 4622 accedentes
2460 4584 2647 4619 manus
2672 4566 2965 4633 injecerunt
2991 4566 3043 4619 in
3075 4562 3281 4621 Iesum.
3311 4572 3360 4616 et
3384 4571 3461 4616 te-

1869 4672 2092 4717 nuerunt
2118 4678 2255 4716 eum.
2290 4659 2353 4713 Et
2375 4677 2487 4715 ecce
2516 4675 2651 4712 unus
2678 4675 2742 4713 ex
2772 4659 2851 4713 his
2880 4660 3135 4728 quierant
3166 4673 3282 4709 cum
3305 4654 3455 4719 Jesu,

1866 4756 2146 4810 extendens
2192 4771 2429 4817 manum,
2466 4755 2657 4807 exemit
2694 4752 2933 4823 gladium
2965 4768 3142 4816 suum,
3190 4758 3240 4803 et
3274 4763 3460 4818 percu-

1870 4850 1999 4902 tiens
2035 4864 2240 4901 servum
2265 4847 2520 4915 principis
2562 4844 2919 4909 sacerdotum,
2969 4843 3260 4912 amputavit
3308 4844 3458 4897 auri-

1864 4940 2039 4994 culam
2064 4939 2200 5007 ejus.
2242 4937 2331 4991 Ait
2361 4947 2535 4990 autem
2566 4935 2649 4989 illi
2678 4933 2836 4989 Jesus
2870 4948 2887 4985 :
2925 4932 3177 4986 Converte
3218 4931 3455 5002 gladium

1879 5106 1979 5161 stri
2011 5114 2067 5159 ut
2105 5103 2160 5157 in
2192 5111 2473 5157 contextu.

1940 5175 2052 5244 (15)
2080 5173 2326 5244 Utraque
2347 5173 2516 5227 editio
2541 5180 2593 5225 et
2618 5170 2750 5240 Reg.
2772 5164 3050 5224 secundus
3072 5164 3251 5236 κρῖμα
3275 5164 3452 5237 ἔχετε.

1867 5248 1969 5301 Alii
2010 5247 2120 5299 duo
2150 5259 2286 5299 mss.
2320 5244 2585 5313 κρίματα.
2769 5308 2779 5313 _
2828 5302 2829 5305 η

1937 5317 2049 5388 (16)
2084 5314 2305 5388 Veteres
2325 5304 2446 5388 duo
2475 5314 2598 5367 libri
2646 5308 2886 5382 ραπίσει.
2911 5305 3119 5362 Ibidem
3169 5304 3308 5378 Reg.
3339 5306 3455 5376 pri-

1864 5383 1987 5442 mus
2017 5383 2248 5454 στρέψον
2278 5383 2447 5453 αὐτῷ.

1938 5406 1987 5441 IS
2017 5406 2079 5439 0'":
2121 5406 2248 5454 εψον
2278 5406 2447 5453 αυτῳ.

1938 5458 2051 5530 (17)
2085 5406 2330 5530 ilusque
2361 5454 2527 5507 editio
2560 5460 2611 5507 et
2650 5452 2824 5530 nostri
2880 5458 2994 5530 tres
3028 5462 3210 5530 anes.-
3231 5446 3454 5530 ἀγάπην

1863 5516 2045 5600 ἔχετε]
2083 5528 2154 5600 At
2196 5516 2255 5580 iii
2289 5538 2447 5600 sacro
2490 5524 2904 5600 t_cxtu_\_tu|ga_to
2936 5521 3142 5590 legitur
3184 5516 3337 5589 ἔχετε
3392 5519 3452 5571 ὲν

1868 5593 2081 5661 ὲᾶυτοῖς
2108 5597 2262 5660 ειλας,
2294 5595 2479 5649 habete
2505 5596 2559 5647 in
2589 5594 2733 5647 vobis
2766 5593 2871 5646 sal.

1897 5694 1902 5699 ·
1941 5659 2073 5738 (18)
2093 5666 2226 5737 Reg.
2259 5666 2455 5738 tertius
2484 5663 2886 5738 xaldévo’omov
2906 5659 2999 5738 τοῦ
3024 5661 3161 5720 Θεοῦ
3192 5662 3286 5719 καὶ
3316 5660 3452 5714 πάνυ

1868 5734 1996 5807 των,
2030 5734 2209 5795 eorum
2245 5736 2353 5792 Deo
2386 5747 2436 5791 et
2474 5735 2716 5794 omnibus
2746 5734 3064 5793 hminibus.
