3962 6238
545 240 653 296 775
1883 250 1943 305 ε.
1986 249 2137 305 ΒΑΞΙ

2269 249 2485 306 MAGNI
3732 253 3821 308 ’ΠΒ

544 361 693 406 tuum
731 355 783 408 in
820 354 992 411 ἰοειιή
1042 375 1197 414 suum
1231 377 1249 414 :
1288 362 1413 432 quia
1454 378 1632 417 omnes
1692 362 1782 433 qui
1833 362 2129 431 acceperint

2249 363 2405 434 teret
2431 362 2502 416 δὲ
2537 360 2698 428 αὺτῷ
2737 366 2768 416 ὀ
2808 363 3081 431 Ἰησοῦς-ο
3104 363 3538 434 νἈπόστρεψον
3570 367 3690 435 τὴν
3715 374 3821 437 μά·

540 446 801 517 gladium,
856 451 1038 522 gladio
1082 454 1327 521 peribunt
1377 455 1596 527 (Matth.
1645 472 1803 521 xxvn,
1850 454 2136 523 50—52)....

2249 454 2463 524 χαιράν
2507 469 2626 510 σου
2670 457 2756 521 εὶς
2799 456 2906 510 τὸν
2969 456 3157 510 τόπον
3197 457 3419 524 αὐτῆς⁶
3468 458 3559 512 ὅτι
3608 458 3813 529 πάντες

543 540 614 594 Et
645 542 790 597 misit
828 546 1044 599 nuntios
1092 555 1215 601 ante
1254 558 1587 617 conspectum
1631 563 1786 602 suum
1819 561 1837 600 :
1869 558 1918 600 et
1952 556 2137 600 euntes

2249 552 2299 603 οἱ
2330 550 2623 614 λαϐόντες
2667 550 2973 618 μάχαιραν
3015 550 3085 602 ἐν
3131 551 3397 619 μαχαίρᾳ
3436 551 3819 607 ἀπολοῦνται.

542 646 790 689 venerunt
832 638 887 690 in
930 639 1197 693 civitatem
1238 637 1730 703 Samaritanorum,
1787 646 1844 690 ut
1886 645 2139 707 pararent

2249 640 2547 695 ΛΟΥΚΑΣ.
2590 639 2701 695 Kal
2733 640 3096 694 ἀπέστειλεν
3141 642 3437 712 ἀγγέλους
3488 641 3604 710 πρὸ
3648 658 3816 708 προσ-

541 726 647 783 illi.
678 727 743 781 Et
761 746 867 783 non
888 741 1193 796 receperunt
1215 748 1354 795 eum,
1371 733 1496 802 quia
1518 731 1683 798 facies
1700 730 1814 799 ejus
1838 727 2139 783 erateuntis

2249 732 2404 786 ὡπου
2447 732 2668 787 αὐτοῦ’
2704 731 2802 785 καὶ
2836 730 3231 800 πορευθέντες
3276 731 3469 799 ἦλθον
3507 735 3599 798 εις
3626 732 3820 801 κώμην

543 820 595 874 in
622 820 941 878 Jerusalem.
972 823 1105 880 Cum
1131 825 1380 880 vidissent
1420 834 1595 878 autem
1612 822 1862 892 discipuli
1891 821 2007 890 ejus
2038 818 2139 873 Ja-

2249 820 2637 890 Σαμαρειτῶν,
2659 820 2815 874 ὥστε
2851 821 3164 890 ἑτοιμάσαι
3196 820 3376 887 αὐτῷ.
3406 821 3516 876 Καὶ
3553 824 3670 876 οὐκ
3706 821 3812 875 ἑδέ-

544 911 706 967 cobus
732 922 783 967 et
809 913 1065 982 Joannes,
1090 916 1344 970 dixerunt
1377 931 1395 969 :
1435 916 1679 980 Domine,
1724 915 1799 969 vis
1827 913 2067 967 dicamus
2088 922 2139 964 ut

2249 913 2424 979 ξαντο
2448 914 2656 981 αὐτὸν,
2684 914 2775 968 ὅτι
2799 913 2865 968 τὸ
2898 914 3225 983 πρόσωπον
3261 913 3448 968 αὐτοῦ
3475 911 3558 984 ἦν
3581 916 3817 983 πορευό-

542 1005 681 1074 ignis
706 1005 992 1060 descendat
1034 1008 1099 1061 de
1151 1009 1279 1062 ca‘lo
1319 1018 1369 1063 et
1420 1017 1695 1062 consumat
1729 1007 1875 1072 illos,
1913 1006 2049 1059 sicut
2088 1013 2139 1057 et

2249 1023 2432 1075 μενον
2474 1008 2562 1073 εἰς
2612 1005 3025 1076 Ἰερουσαλήμ.
3075 1004 3322 1071 Ἰδόντες
3361 1004 3429 1057 δὲ
3471 1006 3523 1057 οἱ
3571 1003 3820 1073 μαθηταὶ

547 1099 731 1154 Helias
755 1100 878 1169 fecit
896 1104 920 1156 ?
937 1099 1229 1156 Conversus
1254 1112 1429 1156 autem
1448 1102 1734 1169 increpavit
1753 1102 1769 1153 i
1778 1100 1901 1165 llos,
1921 1106 1971 1153 et
1992 1098 2137 1152 abie-

542 1202 668 1246 runt
702 1195 757 1246 in
785 1195 932 1247 aliud
969 1195 1247 1248 castellum
1274 1191 1427 1266 (Luc.
1470 1210 1548 1252 ιι,
1580 1193 1650 1246 52
1679 1193 1791 1265 56).

2244 1096 2430 1151 αὑτοῦ
2461 1096 2724 1164 Ἰάκωϐος
2747 1098 2847 1150 καὶ
2873 1097 3169 1166 Ἰωάννης,
3189 1093 3362 1152 εἷπον
3380 1112 3394 1126 °
3418 1097 3619 1164 Κύριε,
3637 1094 3819 1162 θέλεις

2245 1189 2504 1258 εἴπωμεν
2528 1189 2648 1258 πῦρ
2682 1190 3011 1260 καταϐῆναι
3038 1192 3107 1244 ἐκ
3131 1189 3238 1244 τοῦ
3271 1189 3535 1258 οὐρανοῦ
3579 1188 3684 1242 καὶ
3732 1188 3819 1240 ἀν-

541 1286 774 1341 αλῶσαι
802 1288 1045 1354 αὐτοὺς,
1069 1289 1150 1354 ὠς
1177 1289 1275 1342 καὶ
1315 1290 1513 1355 Ἠλίας
1539 1289 1790 1358 ἐποίησε
1806 1303 1826 1353 ;
1854 1284 2145 1355 Στραφεὶς
2182 1283 2250 1338 δὲ
2268 1284 2631 1356 ἐπετίμησεν
2650 1286 2876 1352 αὐτοῖς,
2916 1287 3015 1341 καὶ
3040 1287 3458 1367 ἐπορεύθησαν
3492 1286 3583 1351 εις
3621 1282 3823 1351 ἑτέραν

460 1371 473 1385 ’
544 1375 769 1448 κώμην.

1150 1497 1436 1556 REGULA
1488 1499 1551 1553 L.

612 1586 766 1655 Quod
792 1588 882 1643 alii
921 1604 1142 1661 quoque
1166 1590 1235 1645 ad
1264 1605 1452 1660 pacem
1484 1589 1689 1646 Christi
1729 1598 1860 1645 sunt
1900 1591 2076 1651 addu-

1276 1682 1457 1736 condi.

1217 1794 1391 1866 Caput
1423 1794 1475 1851 Ι.

617 1884 772 1939 Beati
811 1886 1045 1956 paciﬁci,
1080 1887 1331 1955 quoniam
1374 1886 1476 1952 ipsi
1528 1884 1630 1953 ﬁlii
1673 1882 1774 1938 Dei
1819 1888 2144 1946 vocabuntur

547 1975 769 2048 (Matth.
804 1995 857 2042 ν,
888 1976 1015 2048 9)...
1054 1975 1251 2031 Pacem
1292 1977 1529 2046 relinquo
1552 1974 1696 2029 vobis
1725 1990 1744 2029 :
1770 1992 1950 2045 pacem
1976 1998 2145 2037 meam

547 2072 614 2123 do
646 2069 790 2125 vobis
823 2068 1005 2142 (Joan.
1045 2085 1137 2134 xv,
1171 2069 1287 2137 27).

1130 2201 1414 2257 REGULA
1454 2203 1520 2257 Ll

546 2297 705 2365 Quod
736 2304 955 2367 oportet
987 2297 1142 2366 prius
1183 2297 1425 2367 seipsum
1467 2311 1705 2368 purgare
1738 2312 1768 2352 a
1811 2314 2146 2370 quocunque

666 2392 884 2447 tandem
921 2391 1143 2456 delicto,
1178 2397 1234 2446 et
1262 2399 1395 2445 tunc
1429 2391 1664 2447 alterum
1695 2407 2012 2463 coarguere.

1216 2505 1393 2574 Caput
1428 2503 1480 2559 Ι.

618 2598 760 2665 Quid
799 2609 974 2653 autem
1003 2597 1144 2653 vides
1183 2598 1443 2668 festucam
1488 2597 1544 2650 in
1578 2597 1731 2651 oculo
1782 2597 1971 2666 fratris
2023 2600 2102 2653 tui
2127 2642 2143 2667 ,

542 2699 592 2746 et
628 2691 828 2747 trabem
853 2695 907 2747 in
929 2693 1081 2746 oculo
1113 2702 1200 2745 tuo
1231 2708 1335 2745 non
1367 2692 1678 2747 vides?Aut
1709 2693 1971 2763 quomodo
2009 2696 2145 2750 dicis

544 2783 707 2851 fratri
736 2794 824 2836 tuo
857 2797 875 2835 :
911 2781 1036 2838 Sine
1067 2782 1281 2852 ejiciam
1322 2782 1581 2852 festucam
1629 2782 1693 2836 de
1724 2783 1878 2837 oculo
1933 2793 2048 2850 tuo,
2095 2788 2146 2839 el

544 2887 662 2925 ecce
686 2872 831 2925 trabs
862 2873 1007 2927 estin
1031 2875 1183 2927 oculo
1216 2873 1355 2928 tuo?
1401 2871 1714 2942 Hypocrita,
1753 2874 1883 2943 ejice
1912 2876 2143 2942 primum

2886 1493 3061 1546 ΟΡΟΣ
3114 1493 3198 1547 N'.

2249 1587 2371 1640 ’Ὁτι
2416 1586 2498 1639 δεῖ
2536 1584 2897 1658 συμϐιϐάζειν
2942 1589 3037 1641 καὶ
3077 1588 3295 1658 ἑτέρους
3335 1589 3416 1652 εἰς
3462 1589 3695 1661 εἰρήνην
3734 1591 3821 1663 τὴν

2872 1680 2932 1733 ἐν
2960 1679 3203 1750 Χριστῷ.

2853 1792 3084 1863 Κεφάλ.
3125 1799 3207 1848 Α’.

2316 1887 2684 1940 ΜΑΤΘΑΙΟΣ.
2738 1886 3030 1956 Μακάριοι
3058 1890 3113 1942 οἱ
3155 1888 3541 1958 εΙρηνοποιοὶ,
3588 1889 3683 1944 ὅτι
3724 1892 3817 1943 αὐ-

2243 1980 2333 2034 τοὶ
2364 1981 2482 2035 υἱοὶ
2518 1980 2667 2034 Θεοῦ
2711 1981 3147 2051 κληθήσονται.
3197 1982 3521 2037 ΙΩΑΝΝΗΣ.
3565 1983 3822 2051 Εζρήνηι·

2244 2074 2458 2143 ἀφίημι
2479 2074 2651 2144 ὑμῖν·
2692 2074 2941 2145 εἰρήνην
2961 2074 3076 2143 τὴν
3103 2074 3258 2144 ἐμὴν
3284 2074 3490 2145 δίδωμι
3523 2075 3694 2144 ὑμῖν.

2855 2207 3032 2261 ΟΡοΣ
3069 2207 3199 2261 NA’.

2248 2299 2372 2353 Ὅτι
2415 2300 2498 2353 δεῖ
2538 2300 2804 2372 πρότερον
2850 2300 3043 2354 ἑαυτὸν
3085 2300 3426 2372 διορθοῦσθαι
3464 2301 3552 2369 ἐφ’
3579 2301 3819 2372 ᾡτινιοῦν

2390 2390 2755 2463 ὲλαττὼματι,
2790 2392 2884 2446 καὶ
2908 2392 3031 2446 τότε
3061 2392 3233 2464 ἑτέρῳ
3262 2393 3516 2461 ἐγκαλεῖν
3546 2393 3691 2465 (l9).

2859 2506 3087 2575 Κεφάλ.
3141 2512 3220 2563 A'.

2316 2596 2685 2650 ΜΑΤΘΑῙΟΣ.
2721 2597 2783 2652 Tl
2808 2595 2877 2651 δὲ
2902 2597 3160 2665 βλέπεις
3184 2598 3251 2652 τὸ
3283 2599 3511 2669 κάρφος
3540 2600 3611 2653 τὸ
3642 2601 3716 2654 ἐν
3750 2595 3821 2664 τῷ

2248 2686 2532 2757 ὀφθαλμῷ
2559 2689 2666 2743 τοῦ
2696 2688 2966 2759 ἀδελφοῦ
3000 2704 3138 2754 σου,
3166 2690 3284 2759 τὴν
3302 2691 3371 2745 δὲ
3399 2691 3587 2745 δοκὸν
3612 2691 3732 2758 τὴν
3760 2692 3824 2744 ἐν

2246 2779 2327 2846 τῷ
2358 2779 2449 2846 σῷ
2487 2780 2771 2851 ὀφθαλμῷ
2803 2784 2874 2837 οὐ
2918 2783 3230 2851 κατανοεῖς
3246 2800 3266 2849 ;
3309 2784 3346 2852 ἢ
3375 2783 3501 2850 πῶς
3546 2785 3710 2853 ἐρεῖς
3750 2784 3824 2848 τῷ

2248 2871 2488 2942 ἀδελφῷ
2544 2888 2694 2927 σου’
2721 2875 2893 2943 Ἄφες
2935 2873 3169 2941 ἐκϐάλω
3214 2874 3278 2928 τὸ
3325 2873 3556 2943 κάρφος
3605 2874 3681 2928 ἐκ
3728 2874 3824 2927 τοῦ

548 2961 750 3015 trabem
773 2961 837 3016 de
863 2962 1015 3016 oculo
1047 2974 1158 3026 tuo,
1181 2972 1230 3015 et
1253 2975 1378 3015 tunc
1421 2960 1618 3016 videbis
1654 2962 1846 3031 ejicere
1876 2964 2139 3034 festucam

2249 2964 2561 3034 ὀφθαλμοῦ
2587 2980 2702 3017 σου
2721 2981 2735 2994 ·
2763 2964 2863 3017 καὶ
2900 2963 3031 3019 ὶδοὺ
3056 2966 3096 3032 ἡ
3127 2964 3305 3030 δοκὸς
3326 2965 3396 3019 ἐν
3427 2962 3509 3028 τῷ
3544 2961 3825 3032 ὀφθαλμῷ

545 3055 611 3109 de
646 3055 797 3108 oculo
818 3054 1006 3125 fratris
1037 3057 1114 3107 tui
1129 3053 1347 3124 (Matth.
1379 3069 1475 3117 vn,
1504 3054 1724 3119 5-5).”
1745 3054 1970 3126 Propter
1999 3058 2142 3128 quod

548 3147 927 3202 inexcusabilis
955 3163 1031 3211 es,
1064 3163 1094 3200 ο
1128 3147 1305 3214 Ιιοηιο,
1333 3150 1505 3203 omnis
1537 3152 1627 3218 qui
1660 3148 1901 3218 judicas.
1939 3147 2007 3202 In
2035 3166 2137 3220 quo

546 3241 688 3295 enim
740 3238 949 3305 iudicas
999 3239 1248 3306 alterum,
1291 3240 1517 3310 teipsum
1565 3240 1883 3295 condemnas
1912 3259 1932 3296 :
1958 3241 2138 3296 eadem

545 3333 685 3387 enim
718 3334 828 3403 agis
865 3343 920 3385 tu
948 3332 1038 3401 qui
1060 3330 1299 3401 judicas.
1332 3330 1542 3385 Scimus
1581 3333 1722 3385 enim
1764 3332 2016 3402 quoniam
2039 3333 2139 3403 ju-

547 3425 749 3478 dicium
788 3424 885 3478 Dei
911 3433 989 3479 est
1015 3422 1306 3478 secundum
1343 3424 1615 3478 veritatem
1648 3425 1704 3478 in
1749 3442 1836 3479 eos
1876 3427 1965 3496 qui
2006 3427 2141 3480 talia

550 3526 730 3586 agunt.
766 3514 1055 3571 Existimas
1087 3525 1263 3569 autem
1305 3515 1423 3576 hoc.
1476 3534 1505 3569 ο
1534 3515 1689 3571 homo
1727 3518 1819 3587 qui
1856 3518 2019 3588 272
2045 3518 2140 3587 ju-

480 3662 483 3667 ,
547 3608 697 3663 dicas
721 3624 809 3663 eos
835 3609 924 3679 qui
957 3608 1091 3662 talia
1128 3617 1312 3677 agunt,
1341 3616 1392 3662 et
1424 3606 1562 3676 facis
1591 3605 1797 3673 eadem,
1816 3609 1941 3679 quia
1973 3620 2030 3662 tu
2057 3608 2139 3679 ef-

550 3702 721 3780 fugies
740 3700 1009 3769 judicium
1027 3699 1120 3753 Dei
1139 3702 1164 3755 ?
1186 3698 1359 3771 (Rom.
1388 3715 1448 3765 ιι,
1477 3700 1503 3754 1
1543 3698 1622 3771 5).

2240 3071 2358 3110 σου
2372 3073 2391 3122 ;
2419 3056 2750 3125 Ὑποκριτα,
2775 3057 2997 3111 ἔκϐαλε
3020 3055 3257 3126 πρῶτον
3275 3055 3390 3124 τὴν
3408 3055 3598 3110 δοκὸν
3621 3057 3696 3110 ἐκ
3726 3055 3825 3108 τοῦ

2245 3151 2557 3221 ὀφθαλμοῦ
2588 3166 2726 3217 σου,
2775 3151 2872 3205 καὶ
2906 3152 3039 3205 τότε
3080 3150 3424 3219 διαϐλέψεις
3456 3151 3744 3204 ἐκϐαλεῖν
3766 3148 3827 3202 τὸ

2245 3242 2472 3312 κάρφος
2492 3243 2561 3297 ἐκ
2593 3242 2699 3299 τοῦ
2723 3243 3037 3313 ὀφθαλμοῦ
3062 3242 3169 3296 τοῦ
3193 3242 3461 3311 ἀδελφοῦ
3488 3257 3629 3296 σου.
3659 3241 3831 3295 ΠΡΟΣ

2244 3336 2407 3388 ΡΩΜ.
2439 3336 2537 3389 Διὸ
2576 3336 3036 3404 ἀναπολόγητος
3066 3333 3143 3400 εἷ,
3168 3335 3464 3404 ἄνθρωπε,
3504 3333 3626 3400 πᾶς
3652 3337 3685 3388 ό
3710 3333 3830 3401 νρ¹⁴

2243 3443 2385 3480 νων.
2423 3427 2521 3480 Ἐν
2544 3419 2593 3493 ᾧ
2630 3429 2741 3497 γὰρ
2778 3429 3000 3496 κρίνεις
3032 3426 3139 3481 τὸν
3160 3426 3386 3495 ἕτερον,
3425 3426 3701 3481 σεαυτὸν
3729 3441 3831 3478 και-

2244 3518 2576 3587 τακρίνεις*
2619 3517 2694 3572 τὰ
2748 3518 2859 3588 γὰρ
2915 3518 3069 3573 αὐτὰ
3131 3517 3430 3587 πράσσεις
3495 3519 3532 3567 ὀ
3594 3518 3830 3584 κρίνων.

2240 3610 2500 3680 Οἴδαμεν
2547 3610 2635 3676 δὲ,
2693 3611 2784 3665 ὅτι
2837 3612 2904 3665 τὸ
2935 3612 3118 3682 κρῖμα
3159 3611 3266 3666 τοῦ
3310 3608 3463 3665 Θεοῦ
3502 3610 3643 3664 ἐστι
3688 3608 3835 3663 κατὰ

2242 3701 2536 3768 ἀλήθειαν
2570 3703 2671 3757 ἐπὶ
2702 3703 2846 3769 τοὺς
2870 3702 2941 3757 τὰ
2984 3703 3229 3759 τοιαῦτα
3262 3702 3685 3771 πράσσοντας.
3727 3704 3834 3755 Ao-

549 3795 678 3870 τιζῃ
729 3795 798 3849 δὲ
846 3794 1045 3859 τοῦτο,
1081 3790 1129 3850 ὦ
1178 3795 1470 3864 ἄνθρωπε.
1510 3799 1544 3850 ό
1591 3797 1814 3866 κρίνων
1860 3796 2004 3864 τοὺς
2046 3796 2120 3852 τὰ
2166 3797 2413 3852 τοιαῦτα
2460 3797 2873 3867 πράσσοντας,
2907 3798 3007 3852 καὶ
3065 3797 3252 3852 ποιῶν
3292 3797 3367 3851 τὰ
3391 3797 3551 3851 αὐτὰ
3575 3795 3715 3866 (20),
3749 3794 3836 3847 ὅτι

548 3890 634 3946 σὺ
654 3890 919 3961 ἐκφεύξῃ
944 3889 1011 3946 τὸ
1034 3890 1213 3961 κρῖμα
1243 3890 1352 3947 τοῦ
1388 3890 1575 3956 Θεοῦ;

1134 4003 1416 4061 REGULA
1456 4005 1566 4060 Lll.

551 4092 710 4161 Quod
737 4109 846 4149 non
884 4102 1104 4165 oportet
1143 4094 1524 4152 indifferenter
1552 4112 1612 4152 se
1645 4113 1842 4169 gerere
1870 4113 2000 4171 erga
2031 4114 2152 4170 pec-

587 4196 798 4254 cantes,
841 4185 937 4242 scd
968 4201 1157 4241 eorum
1188 4204 1357 4245 causa
1386 4189 1611 4245 tristitia
1642 4189 1787 4245 attici
1810 4202 1865 4248 et
1903 4192 2106 4263 lugere.

1228 4322 1400 4394 Caput
1426 4323 1477 4379 1.

2963 4008 3046 4062 ΟΣ
3084 4008 3211 4061 NB’.

2963 4010 3046 4062 ΟΣ
3084 4010 3211 4061 NB’.

2248 4103 2371 4156 Ὅτι
2403 4101 2465 4155 οὐ
2485 4101 2591 4173 χρὴ
2616 4010 3054 4171 ἁδιαφορεξῗὲπὶ
3079 4099 3192 4161 τοῖς
3215 4094 3624 4166 ἁμαρτάνουσι,
3653 4093 3835 4146 λυπεῖ-

2564 4192 2688 4247 σθαι
2721 4192 2779 4245 δὲ
2812 4191 2904 4246 καὶ
2945 4190 3162 4245 πενθεῖν
3189 4189 3275 4243 ἐπ’
3302 4189 3511 4252 αὐτοῖς.

2854 4323 3084 4395 Κεφάλ.
3125 4330 3210 4380 Α’.

631 4411 698 4465 Et
718 4422 773 4465 ut
805 4414 1265 4485 appropinquavit,
1304 4416 1484 4471 videns
1515 4417 1800 4481 civitatem,
1824 4416 1966 4487 ﬂevit
1988 4434 2139 4485 super

2317 4417 2618 4472 ΛΟΥΚΔΣ.
2674 4417 2786 4472 Καὶ
2817 4417 2898 4483 ὡς
2938 4417 3227 4487 ἤγγισεν,
3282 4415 3426 4469 ἰδὼν
3472 4414 3593 4484 τὴν
3633 4414 3835 4473 πόλιν.

555 4505 731 4569 illam,
758 4507 936 4561 dicens
969 4523 988 4562 :
1013 4507 1155 4574 Quia
1188 4509 1235 4562 si
1266 4510 1595 4580 cognovisses
1630 4521 1681 4564 et
1720 4521 1799 4573 tu,
1852 4518 1903 4564 et
1933 4510 2142 4581 quidem

555 4599 610 4653 in
643 4599 743 4653 hac
767 4599 872 4665 die,
897 4617 1014 4671 qua:
1036 4601 1105 4654 ad
1139 4618 1321 4672 pacem
1355 4603 1451 4655 tibi
1479 4619 1496 4654 :
1533 4618 1670 4655 nunc
1710 4612 1886 4656 autem
1921 4601 2144 4658 abscon-

554 4689 670 4743 dita
698 4701 819 4744 sunt
850 4697 914 4745 ab
945 4691 1112 4746 oculis
1136 4694 1238 4747 tuis
1274 4691 1422 4761 (Luc.
1452 4709 1562 4752 xxx.
1597 4694 1688 4757 41,
1721 4692 1882 4763 42)...
1916 4693 2144 4749 Omnino

556 4782 775 4837 auditur
807 4782 945 4835 inter
973 4799 1060 4836 vos
1091 4782 1398 4850 fornicatio,
1428 4793 1478 4836 et
1516 4784 1641 4837 talis
1676 4783 1965 4853 fornicatio
2014 4801 2143 4851 qua—

558 4876 624 4928 lis
655 4890 745 4927 nec
784 4873 920 4927 inter
946 4882 1121 4944 gentes
1153 4876 1482 4940 nominatur,
1518 4875 1595 4929 ita
1630 4884 1690 4929 ut
1715 4890 1937 4930 uxorem
1971 4878 2143 4945 patris

557 4968 752 5036 aliquis
779 4966 990 5020 habeat.
1019 4966 1088 5020 Et
1120 4984 1209 5022 vos
1239 4968 1416 5036 inflati
1439 4968 1565 5022 estis
1592 4983 1610 5021 :
1638 4977 1689 5023 et
1723 4985 1827 5022 non
1852 4970 2022 5039 magis
2060 4968 2145 5021 lu-

557 5072 700 5115 crum
728 5059 1009 5125 habuistis,
1064 5070 1120 5113 ut
1154 5059 1377 5115 tollatur
1423 5060 1488 5114 de
1535 5060 1705 5115 medio
1754 5069 1989 5115 vestrum
2050 5061 2141 5147 qui

633 5216 745 5290 (l9)
775 5216 1019 5290 Utraque
1049 5219 1218 5274 editio
1254 5227 1315 5290 et
1359 5218 1491 5290 Reg.
1538 5219 1817 5274 secundus
1864 5221 1960 5272 καὶ
2007 5218 2130 5273 τότε

561 5287 1073 5363 ἑτέρους-ἐγκαλεῖν.
1108 5291 1209 5343 Alii
1233 5289 1342 5344 duo
1372 5287 1506 5363 mss.
1539 5292 1709 5363 ἑτέρῳ
1735 5290 2007 5363 ἐγκαλεῖν.

635 5359 747 5429 (:20)
781 5357 933 5429 Regii
986 5360 1198 5431 primus
1249 5372 1311 5431 et
1350 5362 1547 5431 tertius
1582 5357 1815 5431 perinde
1867 5368 1924 5413 ut
1977 5374 2134 5431 sacer

564 5437 746 5483 textus
774 5431 1028 5500 vulgatus
1056 5429 1226 5484 ποιῶν
1258 5430 1416 5485 αὑτά.
1449 5429 1624 5485 Editib
1658 5430 1834 5484 Paris.
1869 5430 2038 5483 ποιῶν
2063 5430 2134 5481 τὰ

563 5500 721 5552 αὑτά·
755 5514 919 5569 quant
953 5500 1284 5569 scripturam
1307 5502 1669 5556 Combelisius
1700 5501 1921 5569 probat;
1950 5501 2133 5569 aitque

569 5568 872 5639 rrjelius’ita
901 5570 1002 5639 legi
1034 5568 1195 5639 quam
1231 5572 1284 5623 in
1316 5582 1473 5626 sacro
1499 5580 1647 5625 textu
1678 5568 1917 5630 uulgato.
1952 5568 2134 5623 Eilitio

568 5636 847 5711 Yen._uno
878 5636 1339 5711 νθιῖιὶσποιῶντας
1373 5641 1533 5705 αὐτὰ,
1564 5643 1722 5696 male.
1762 5639 1895 5711 Reg.
1937 5655 2134 5711 secun-

569 5707 672 5764 dus
699 5709 912 5765 duabus
947 5710 1172 5766 vocibus
1204 5711 1370 5765 ποιῶν
1403 5711 1503 5777 τὰς
1536 5712 1694 5778 αὐτὰ,
1742 5707 1869 5766 non‘
1894 5709 2087 5766 melius
2116 5730 2129 5742 ο

2247 4510 2554 4564 ἔκλαυσεν
2581 4509 2674 4563 ἐπ’
2713 4508 2928 4577 αὐτὴν,
2963 4508 3199 4579 λέγων’,
3230 4508 3377 4570 Ὅτι,
3419 4509 3474 4562 εὶ
3511 4508 3712 4576 ἔγνως
3745 4501 3842 4559 καὶ

2250 4602 2364 4667 σὺ,
2406 4601 2508 4655 καί
2547 4618 2611 4671 γε
2662 4601 2733 4655 ἐν
2782 4600 2858 4669 τῇ
2901 4599 3092 4669 ἡμέρᾳ
3131 4599 3315 4667 ταύτῃ
3369 4596 3444 4651 τὰ
3489 4598 3649 4665 πρὸς
3689 4594 3832 4662 etpri-

2249 4711 2367 4762 νην
2409 4709 2561 4747 σου⁹
2608 4695 2724 4746 νῦν
2766 4692 2835 4745 δὲ
2875 4692 3094 4760 ἐκρύϐη
3137 4688 3257 4745 ἀπὸ
3311 4688 3651 4760 ὀφθαλμῶν
3702 4704 3840 4743 σου.

2250 4787 2431 4841 ΠΡΟΣ
2467 4788 2628 4840 ΚΟΡ.
2664 4792 2732 4839 α’.
2764 4786 2948 4849 ’Ὀλως
2968 4785 3249 4837 ἀκούεται
3283 4783 3353 4837 ἐν
3383 4782 3533 4852 ὑμῖν
3564 4783 3839 4851 πορνεία.

2252 4876 2350 4931 καὶ
2391 4879 2631 4946 τοιαύτη
2667 4876 2935 4944 πορνεία,
2968 4877 3101 4944 ἣτις
3139 4876 3283 4931 οὐδὲ
3318 4876 3389 4930 ἐν
3427 4876 3556 4944 τοῖς
3594 4878 3844 4931 ἔθνεσιν

2250 4966 2591 5037 ὀνομάζεται
2613 4984 2626 4999 ο
2653 4966 2812 5023 ὥστε
2837 4968 3093 5039 γυναῖκά
3114 4984 3247 5022 τινα
3266 4966 3371 5022 τοῦ
3399 4967 3636 5035 πατρὸς
3656 4968 3842 5037 ἔχειν.

2250 5061 2359 5114 Kal
2383 5061 2553 5130 ὑμεῖς
2593 5063 3037 5131 πεφυσιωμένοι
3081 5062 3243 5127 ἐστὲ,
3278 5061 3376 5115 καὶ
3423 5060 3565 5130 οὐχὶ
3598 5062 3847 5131 μᾶλλον

2245 5218 2339 5273 sezl
2373 5217 2456 5273 sic
2484 5227 2684 5291 tamen.
2714 5227 2772 5273 ut
2796 5236 2862 5275 ex
2913 5228 3147 5291 utraque
3190 5220 3293 5291 hac
3322 5221 3603 5291 scripturn
3653 5220 3847 5276 obscu-

2244 5305 2367 5363 ru_m
2399 5305 2506 5363 non
2544 5290 2615 5342 sit
2650 5291 2750 5363 legi
2781 5300 3036 5358 oportere
3062 5290 3239 5363 ποιῶν
3282 5292 3349 5344 τὰ
3395 5293 3559 5345 αὐτά.
3600 5292 3848 5363 Αρρετςι

2237 5360 2384 5413 enim
2411 5362 2495 5431 vel
2528 5374 2697 5431 caeco,
2732 5362 2783 5412 in
2810 5376 2877 5431 eo
2902 5370 3190 5430 peccatum
3218 5362 3410 5424 fuisse,
3442 5363 3597 5431 quod
3632 5360 3849 5416 libmaéi

2238 5446 2302 5499 ex
2330 5427 2500 5481 ποιῶν
2533 5430 2601 5483 τά
2625 5432 2806 5499 inepte
2841 5427 3071 5485 fecerint
3097 5432 3390 5496 ποιῶντας.
3424 5427 3479 5488 et
3509 5433 3698 5486 sto—.639
3727 5432 3845 5488 τὰς.

2236 5497 2381 5571 Puto
2427 5499 2648 5571 quidem
2696 5497 3067 5571 typographos
3120 5502 3466 5559 Parisienses
3507 5504 3586 5556 ita
3637 5502 3711 5558 de
3749 5515 3850 5557 suo

2239 5569 2483 5643 edidisse
2522 5570 2690 5622 ποιῶν
2723 5573 2791 5623 τὰ
2832 5569 2989 5624 αὐτὰ·
3027 5573 3286 5643 quoniam
3326 5583 3507 5628 tamen
3546 5572 3676 5629 haec
3704 5588 3839 5626 seno

2242 5649 2400 5709 ptura
2428 5641 2690 5713 librorum
2716 5652 2959 5696 veterum
2983 5641 3301 5697 testimonio
3326 5644 3463 5701 satis
3485 5653 3696 5713 aperte
3712 5655 3849 5698 cor.-

2243 5714 2516 5777 tirmatur,
2549 5711 2686 5766 nihil
2718 5713 3038 5769 mutandum
3059 5714 3329 5780 judicavi.
