3962 6238
538 285 646 354 εἶθ

1877 284 1935 337 S.
1978 279 2221 339 BASILII
2260 278 2475 336 MAGNI
3621 288 3697 345 780

541 404 679 475 inter
706 411 752 458 te
792 412 843 458 et
872 404 1039 475 ipsum
1071 404 1262 469 solum.
1306 403 1367 460 Si
1394 413 1446 460 te
1491 404 1739 468 audierit,
1790 404 2024 459 lucratus
2056 421 2112 458 es

2214 418 2350 467 σου,
2376 404 2586 473 ὕπαγε,
2604 401 2856 471 ἔλεγξον
2880 398 3067 455 αὐτὸν
3088 399 3307 468 μεταξὺ
3328 399 3433 455 σοῦ
3458 403 3539 457 καὶ
3558 409 3701 461 αὑτοῦ

544 496 764 563 fratrem
811 502 955 547 tuum
990 495 1078 549 :si
1119 511 1237 549 vero
1265 511 1368 549 non
1413 493 1663 557 audierit,
1714 494 1899 548 atllube
1948 503 2116 547 tecum

544 602 728 651 unum,
754 585 832 640 vel
856 585 1014 651 duos,
1043 595 1100 640 ut
1138 589 1191 640 in
1217 604 1305 642 ore
1329 588 1557 640 duorum
1590 585 1669 641 vel
1712 587 1868 639 trium
1904 586 2115 640 testium

543 684 641 728 stet
669 691 819 729 omne
847 674 1079 730 uerbum.
1115 674 1267 741 Quod
1292 676 1339 730 si
1362 692 1465 729 non
1493 674 1719 729 audierit
1744 690 1852 735 eos,
1877 674 1970 727 dic
2015 672 2116 726 Ec-

542 766 716 821 clesia:
747 782 767 820 :
799 767 846 820 si
873 775 1049 821 autem
1080 766 1372 821 Ecclesium
1393 782 1591 837 quoque
1626 782 1730 819 non
1761 765 2011 828 audierit,
2043 765 2114 818 sit

546 859 642 915 tibi
662 859 798 914 sicut
812 857 1045 914 ethnicus
1061 867 1110 913 et
1136 858 1451 930 publicanus
1474 856 1693 931 (Matth.
1725 872 1880 925 xvut,
1900 855 2024 912 15-!
2036 855 2113 927 7).

1104 1138 1380 1196 REGULA
1419 1136 1551 1193 LIII.

547 1234 704 1305 Quod
749 1248 859 1289 non
908 1232 1068 1288 debet
1104 1232 1452 1287 Christianus
1482 1227 1819 1298 (injuriarum
1860 1232 2113 1296 accepta-

616 1340 739 1381 rum
770 1338 979 1379 memor
1009 1337 1153 1387 esse,
1191 1321 1287 1376 sed
1317 1321 1439 1376 illas
1470 1321 1539 1377 iis
1570 1320 1664 1390 qui
1692 1319 1748 1371 in
1778 1333 1836 1373 se
1869 1316 2116 1388 delique-

615 1418 726 1473 rint
754 1432 819 1472 ex
850 1416 1014 1471 corde
1043 1414 1373 1469 condonare.

1207 1521 1377 1590 Caput
1402 1516 1451 1575 1.

619 1614 679 1671 Si
713 1631 815 1670 non
861 1609 1170 1666 dimiseritis
1210 1610 1509 1666 hominibus
1540 1607 1735 1663 delicta
1781 1622 1980 1672 eorum,
2028 1623 2116 1661 ne-

552 1723 650 1777 que
684 1705 848 1759 Pater
882 1712 1051 1757 uester
1083 1702 1305 1757 cmlestis
1346 1700 1572 1753 dimittet
1613 1698 1805 1752 delicta
1833 1706 2039 1761 vestra;
2070 1697 2116 1749 si

550 1762 724 1851 autem
753 1794 1061 1848 dimiseritis
1109 1791 1405 1847 hominibus
1437 1800 1652 1860 peccata
1690 1805 1891 1853 eorum,
1934 1787 2115 1841 dimit-
2146 1762 2191 1822 Β

552 1897 621 1941 tet
652 1896 701 1942 et
733 1887 873 1941 vobis
902 1883 1062 1938 Pater
1090 1894 1255 1937 vester
1290 1883 1513 1936 cwlestis
1539 1880 1754 1952 (Matth.
1780 1896 1853 1943 γι,
1880 1878 1967 1945 Η,
2004 1877 2114 1948 15).

1099 2101 1380 2158 REGULA
1427 2094 1561 2153 LIV.

552 2195 708 2264 Quod
742 2212 855 2253 non
905 2201 1120 2265 oportet
1152 2208 1211 2248 se
1250 2193 1480 2246 invicem
1511 2190 1758 2259 judicare
1803 2188 1857 2243 in
1894 2188 1962 2244 iis
1996 2202 2116 2258 qua:

926 2303 957 2341 a
986 2283 1269 2355 Scriptura
1299 2289 1427 2339 sunt
1454 2295 1736 2335 concessa.

1203 2397 1375 2465 Caput
1408 2395 1456 2450 I.

623 2493 804 2548 Nolite
838 2491 1103 2561 judicare,
1137 2499 1193 2543 ut
1227 2506 1330 2543 non
1364 2486 1696 2558 judicemini.
1727 2483 1790 2538 In
1829 2502 1930 2555 quo
1976 2486 2115 2538 enim

546 2584 747 2656 judicio
764 2578 1445 2653 judicatis,judicabimini
1472 2576 1688 2648 (Matth.
1722 2591 1819 2640 vn,
1849 2578 1969 2647 1)...
2002 2573 2116 2628 Νο-

551 2678 642 2731 lite
677 2675 942 2746 judicare,
993 2683 1042 2727 et
1086 2689 1190 2726 non
1223 2671 1601 2741 judicabimiui
1626 2686 1644 2725 :
1670 2671 1834 2725 nolite
1872 2669 2117 2724 condem-

550 2784 701 2832 nare,
732 2776 909 2821 etnon
946 2763 1423 2819 condemnabimini
1462 2763 1614 2832 (Luc.
1641 2779 1715 2828 vr,
1747 2760 1931 2834 37)....
1964 2763 2115 2817 Alius

550 2857 758 2929 quidem
779 2859 942 2910 credit
973 2871 1027 2910 se
1051 2854 1373 2909 manducare
1406 2854 1616 2917 omnia;
1644 2855 1733 2923 qui
1762 2861 1935 2907 autem
1967 2855 2118 2923 inﬁr-

552 2964 668 3001 mus
708 2955 809 3007 est,
866 2946 1012 2999 olera
1063 2941 1365 2997 manducat.
1410 2940 1467 2996 Is
1518 2943 1608 3011 qui
1650 2942 1959 3005 manducat,
2011 2960 2113 2997 non

554 3037 955 3092 manducantem
999 3050 1101 3088 non
1146 3042 1353 3103 spernat
1383 3044 1475 3087 :et
1523 3036 1613 3104 qui
1649 3052 1749 3088 non
1794 3037 2111 3098 manducat,

554 3130 959 3185 manducantem
997 3144 1099 3181 non
1121 3129 1341 3197 judicet.
1376 3127 1516 3182 Deus
1551 3128 1689 3182 enim
1721 3128 1870 3180 illum
1907 3144 2115 3182 assum-

549 3225 677 3293 psit.
725 3219 804 3273 Tu
847 3220 963 3289 quis
997 3235 1051 3273 es
1099 3221 1187 3288 qui
1205 3220 1419 3287 judicas
1454 3220 1684 3271 alienum
1730 3223 1974 3274 servum?
2006 3220 2116 3275 Do-

555 3315 697 3366 mino
735 3327 831 3365 suo
862 3318 989 3376 stat,
1029 3319 1121 3362 aut
1149 3308 1289 3362 cadit
1323 3325 1341 3362 :
1371 3309 1535 3363 stabit
1576 3318 1751 3363 autem
1780 3325 1799 3362 :
1832 3317 2012 3377 potens
2037 3319 2117 3365 est

553 3403 690 3455 enim
728 3399 869 3455 Deus
912 3410 1141 3453 statuere
1172 3399 1341 3452 illum.
1378 3399 1530 3452 Alius
1568 3401 1706 3452 enim
1736 3401 2116 3472 274judicat

553 3492 690 3545 diem
734 3492 872 3544 inter
911 3489 1051 3543 diem
1080 3506 1098 3542 :
1124 3489 1263 3543 alius
1308 3505 1425 3543 vero
1459 3489 1670 3558 judicat
1710 3506 1913 3543 omnem
1951 3491 2111 3557 diem,

553 3585 905 3654 unusquisque
932 3583 986 3636 in
1030 3598 1124 3635 suo
1166 3597 1323 3636 sensu
1353 3581 1599 3635 abundet.
1640 3581 1742 3647 Qui
1785 3582 1922 3650 sapit
1951 3583 2112 3649 diem,

556 3675 779 3729 Domino
819 3673 957 3741 sapit
987 3689 1003 3725 :
1032 3683 1080 3726 et
1111 3673 1200 3741 qui
1242 3688 1343 3725 non
1374 3671 1513 3739 sapit
1553 3671 1711 3733 diem,
1759 3670 1985 3726 Domino
2011 3690 2115 3728 non

552 3771 711 3838 sapit.
749 3765 816 3819 Et
845 3766 935 3835 qui
964 3763 1269 3829 manducat,
1305 3762 1528 3816 Domino
1556 3761 1840 3816 manducat
1867 3779 1885 3816 :
1909 3765 2113 3833 gratias

551 3860 688 3913 enim
719 3857 826 3926 agit
868 3855 997 3909 Deo.
1039 3853 1107 3907 Et
1137 3854 1228 3925 qui
1273 3869 1377 3906 non
1414 3853 1717 3917 manducat,
1754 3852 1978 3908 Domino
2011 3871 2115 3908 non

554 3948 859 4013 manducat,
911 3953 962 3999 et
1000 3945 1201 4014 gratias
1239 3944 1347 4012 agit
1386 3942 1495 3995 Deo
1524 3942 1699 4012 (Rom.
1728 3958 1839 4008 xw,
1868 3942 2011 4014 2-6).
2049 3943 2113 3997 Et

552 4036 717 4109 paulo
746 4042 867 4107 post
893 4053 907 4088 :
943 4033 1130 4103 Itaque
1158 4032 1514 4102 unusquisque
1546 4042 1786 4086 nostrum
1814 4048 1909 4102 pro
1932 4050 1987 4087 se
2026 4051 2115 4088 ra-

553 4131 747 4182 tionem
778 4122 952 4179 reddet
986 4123 1114 4175 Deo.
1166 4119 1288 4173 Non
1324 4136 1448 4190 ergo
1504 4122 1723 4190 amplius
1775 4138 1868 4175 nos
1894 4125 2114 4177 invicem

546 4218 844 4290 judicemus
876 4215 1029 4285 (ibid.
1059 4214 1147 4277 12,
1181 4213 1386 4284 i5)...”
1423 4210 1592 4267 Nemo
1632 4230 1755 4284 ergo
1794 4231 1881 4269 vos
1908 4215 2113 4284 judicet

556 4311 612 4366 in
639 4311 773 4373 cibo,
796 4315 893 4362 aut
922 4306 978 4358 in
1004 4316 1149 4373 potu,
1180 4312 1270 4357 aut
1295 4304 1351 4357 in
1377 4313 1529 4371 parte
1556 4303 1661 4357 diui
1691 4303 1833 4372 festi,
1871 4315 1965 4357 aut
1989 4321 2113 4359 neo-

557 4403 764 4466 meniaz,
793 4412 886 4454 aut
913 4397 1276 4459 sabbatorum,
1302 4410 1420 4465 quae
1453 4403 1575 4450 sunt
1602 4396 1788 4449 umbra
1811 4396 2115 4465 futurorum

559 4493 787 4565 (Coloss.
816 4507 878 4557 ιι,
912 4489 1001 4556 16,
1036 4488 1147 4559 17).

556 4606 713 4678 Quod
742 4619 852 4660 non
888 4609 1103 4674 oportet
1134 4598 1385 4656 hmsitare
1413 4599 1468 4654 in
1509 4599 1596 4656 his
1619 4615 1742 4671 qua:
1771 4615 1800 4654 ιι
1830 4602 2117 4673 Scriptura

1110 4695 1374 4767 permissa
1405 4701 1558 4751 sunt.

1187 4805 1359 4863 Caput
1402 4805 1487 4863 II.

1187 4824 1225 4863 υ
1303 4824 1359 4861 ιιι
1402 4824 1487 4863 ιι.

622 4903 818 4960 Beatus
839 4904 929 4975 qui
952 4919 1055 4958 non
1071 4824 1300 4971 iudicis?
1314 4901 1646 4970 semetipsum
1667 4901 1721 4955 in
1747 4917 1806 4956 eo
1835 4902 1973 4973 quod
1996 4920 2115 4973 pro-

553 5000 663 5054 bat.
695 4998 800 5064 Qui
828 5005 1001 5051 autem
1031 4994 1303 5057 discernit,
1342 4995 1389 5047 si
1420 4993 1835 5060 manducauerit,
1866 4993 2113 5050 condem-

643 5143 735 5215 26)
762 5141 895 5215 ᾕρει
931 5141 1131 5215 tertius.
1164 5138 1289 5215 ῘΕάΥ
1317 5137 1431 5215 γὰρ
1460 5139 1557 5215 μήτ

644 5205 736 5279 27')
766 5205 1005 5281 Utraque
1048 5208 1221 5281 editio
1254 5205 1476 5281 omne;
1504 5205 1693 5281 iam.
1737 5205 1873 5281 R_eg.
1906 5209 2115 5279 primus

547 5277 771 5346 δυνατὸς
806 5277 1087 5353 raptori};
1110 5281 1157 5335 ὁ.
1184 5280 1367 5334 Codex
1397 5277 1643 5353 Combel‘.
1675 5286 1744 5353 et_
1762 5277 2116 5353 Régftertius

547 5353 771 5415 δυνατὸς
805 5348 914 5421 γὰρ
933 5351 962 5403 ὁ
988 5349 1211 5421 Κύριος,
1237 5357 1417 5421 potens
1441 5358 1519 5421 est
1547 5349 1684 5421 enim
1708 5348 1985 5421 Dominus.
2010 5349 2117 5404 lbi-

550 5426 674 5479 dem
691 5416 923 5490 utraque
942 5416 1111 5475 editio
1135 5416 1356 5491 Ὀςμὲν
1383 5417 1578 5489 κρίνει.
1606 5416 1755 5473 Libri
1783 5426 1991 5473 veteres
2021 5422 2117 5484 Ὃς

555 5494 652 5544 μὲν
682 5492 791 5544 γὰο
815 5489 1007 5544 κοξνει.

624 5511 652 5544 ν
682 5507 791 5544 ’Υαο
815 5507 1007 5544 κοινει.

552 5494 652 5562 μὲν
682 5494 791 5562 γὰρ
815 5494 1007 5562 κρίνει.

627 5561 737 5631 (28)
771 5559 861 5614 Sic
906 5560 1076 5631 code}
1118 5555 1461 5631 Combef._et
1498 5554 1633 5631 Reg.
1681 5558 1874 5631 tertius
1914 5564 2112 5631 praeter

551 5625 978 5686 Messanensem.
1030 5627 1272 5698 Utraque,
1310 5625 1476 5681 editio
1523 5625 1835 5698 εὐχαριστεῖ
1879 5625 1988 5698 γὰρ
2033 5627 2110 5698 τῷ

549 5700 690 5770 θεῷ.
727 5700 833 5756 Καὶ
881 5700 993 5769 μετ’
1033 5697 1207 5767 ὀλίγα·
1252 5697 1410 5768 Ἄρα·
1444 5697 1590 5767 quod
1621 5697 1870 5753 mutilum
1907 5697 2025 5754 erat
2055 5697 2112 5755 ει

2213 494 2425 562 μόνου.
2458 492 2596 546 Ἐάν
2617 508 2734 547 σου
2753 492 3009 559 ἀκούσῃ,
3036 489 3355 557 ἐκέρδησας
3379 490 3471 544 τὸν
3492 492 3701 564 desaeu-

2218 600 2333 639 σου
2352 599 2367 615 ·
2394 584 2502 638 ἐὰν
2529 583 2597 637 δὲ
2618 583 2705 653 μὴ
2740 585 2995 650 ἀκούσῃ,
3035 579 3329 649 παράλαϐε
3352 584 3487 649 μετὰ
3509 585 3603 638 σοῦ
3623 586 3704 638 ἕνα

2217 677 2256 745 ἢ
2291 677 2419 740 δύο,
2454 677 2556 730 ἵνα
2592 676 2692 730 ἐπὶ
2728 679 3026 745 στόματος
3053 674 3162 727 δύο
3202 672 3237 740 ἢ
3270 671 3434 741 τριῶν
3453 676 3703 744 μαρτύρων

2216 767 2411 837 σταθῇ
2433 768 2555 823 πᾶν
2568 768 2754 837 ῥῆμα.
2786 766 2921 820 Ἐὰν
2942 765 3010 819 δὲ
3031 766 3373 833 παρακούσῃ
3395 764 3584 831 αὐτῶν,
3609 768 3706 819 εἰπὲ

2217 860 2292 930 τῇ
2331 861 2678 928 Ἐκκλησία·
2707 859 2815 912 ἐὰν
2857 857 2924 911 δὲ
2955 859 3053 912 καὶ
3091 854 3201 925 τῆς
3241 856 3562 922 Ἐκκλησίας
3595 873 3705 924 παρ-

2216 952 2481 1021 ακούσῃ,
2535 951 2689 1005 ἔστω
2738 967 2837 1005 σοι
2891 949 3094 1018 ὥσπερ
3141 951 3174 1003 ὁ
3216 947 3433 1013 ἐθνικὸς
3469 949 3554 1002 καὶ
3588 951 3614 1002 ό
3642 966 3709 1002 τε·

2213 1043 2431 1112 λώνης.

2832 1168 3007 1223 ΟΡΟΣ
3045 1167 3144 1220 NI"

2214 1264 2341 1317 Ὅτι
2371 1264 2430 1316 οὐ
2458 1264 2539 1316 δεῖ
2577 1262 2669 1316 τὸν
2714 1261 3036 1332 Χριστιανὸν
3082 1260 3459 1330 μνησικακεῖν,
3499 1256 3596 1309 ἀλλ’
3631 1256 3710 1309 ἀπὸ

2319 1356 2544 1427 καρδίας
2568 1356 2787 1425 ἀφιέναι
2821 1357 2932 1417 τοῖς
2959 1354 3040 1416 εἰς
3066 1351 3227 1405 αὑτὸν
3256 1349 3615 1421 ἡμαρτηκόσιν.

2818 1549 3040 1619 Κεφὰἳ.
3077 1547 3149 1603 α’.

2286 1642 2651 1697 ΜΑΤΘΑῘΟΣ.
2704 1642 2845 1695 Ἐὰν
2890 1641 2975 1711 μὴ
3003 1640 3115 1709 (26)
3165 1635 3352 1706 ἀφῆτε
3388 1632 3502 1698 τοῖς
3538 1631 3712 1699 ἀνθρώ·

2217 1748 2352 1799 ποις
2378 1737 2449 1787 τὰ
2470 1731 2908 1801 παραπτώματα
2933 1729 3153 1795 αὐτῶν,
3181 1725 3324 1781 οὐδὲ
3342 1728 3371 1779 ὁ
3393 1723 3573 1791 Πατὴρ
3590 1719 3717 1791 ὑμῶν

2217 1830 2249 1880 o'
2286 1824 2563 1893 οἰφάνιος
2589 1824 2816 1893 ἀφήσει
2863 1825 2934 1877 τὰ
2963 1819 3401 1888 παραπτώματα
3432 1813 3579 1884 ὑμῶν
3597 1831 3608 1842 ·
3636 1813 3717 1866 ἐὰν

2214 1917 2281 1970 δὲ
2301 1915 2491 1986 ἀφῆτε
2512 1916 2636 1982 τοῖς
2660 1916 2993 1984 ἀνθρώποις
3019 1914 3089 1967 τὰ
3110 1908 3533 1981 παραπτώματα
3547 1903 3718 1967 αὐτῶν,

2215 2010 2434 2080 ἀφήσει
2461 2010 2559 2063 καὶ
2594 2008 2733 2079 ὑμῖν
2763 2012 2797 2063 ό
2826 2001 3027 2075 Πατὴρ
3054 2003 3223 2074 ὑμῶν
3256 2004 3288 2056 ό
3316 1998 3584 2069 οὐράνιος.

2819 2120 2994 2173 ΟΡοΣ
3041 2120 3167 2172 NA’.

2216 2213 2339 2266 Ὀτι
2367 2215 2427 2267 οὐ
2456 2214 2537 2267 δεῖ
2574 2213 2780 2285 κρίνειν
2809 2211 3072 2283 ἀλλήλους
3103 2210 3199 2262 ἐπὶ
3227 2209 3338 2271 τοῖς
3375 2205 3474 2259 ὑπὸ
3496 2202 3584 2272 τῆς
3617 2199 3723 2270 Γρα-

2662 2302 2768 2373 φῆς
2798 2317 3118 2371 συγκεχωρη
3128 2300 3332 2371 μένοις.

2825 2412 3050 2483 Κεφάλ.
3103 2420 3179 2466 α’.

2286 2506 2653 2561 ΜΑΤΘΔΙΟΣ.
2696 2506 2792 2575 Μὴ
2822 2506 3087 2575 κρίνετε,
3128 2506 3232 2558 ἵνα
3263 2503 3349 2575 μὴ
3383 2501 3618 2571 κριθῆτε.
3655 2497 3728 2547 Ἐν

2215 2590 2263 2664 ᾧ
2301 2598 2411 2667 γὰρ
2454 2598 2688 2668 κρίματι
2736 2598 3001 2666 κρίνετε,
3052 2595 3434 2665 κριθήσεσθε.
3482 2587 3726 2647 Acrius.

2218 2688 2317 2757 Μὴ
2358 2690 2627 2757 κρίνετε,
2677 2689 2775 2742 καὶ
2816 2691 2888 2743 οὐ
2931 2688 3016 2759 μὴ
3046 2688 3319 2757 κριθῆτεο
3346 2685 3430 2757 μὴ
3467 2680 3728 2738 καταδικὰ-

2216 2779 2336 2841 ζετε
2359 2820 2373 2843 ,
2402 2780 2501 2833 καὶ
2533 2782 2604 2834 οὺ
2628 2778 2715 2849 μὴ
2748 2779 3254 2848 καταδικασθῆτε.
3285 2778 3459 2832 ΠΡΟΣ
3483 2774 3626 2828 ΡΩΜ.
3656 2774 3730 2833 ὀς

2210 2872 2327 2940 μὲν
2352 2872 2620 2925 πιστεύει
2660 2871 2871 2941 φαγεῖν
2906 2871 3103 2926 πάντα
3126 2912 3141 2936 ,
3192 2874 3226 2926 ό
3263 2870 3332 2924 δὲ
3373 2864 3619 2923 ἀσθενῶν
3648 2861 3731 2917 .πά-

2214 2980 2373 3032 χανα
2399 2962 2607 3017 ἐσθίει.
2649 2963 2712 3015 ’0
2735 2963 2955 3017 ἐσθίων
2978 2963 3083 3016 τὸν
3098 2962 3189 3032 μὴ
3212 2962 3489 3017 ἐσθίοντα
3507 2956 3583 3027 μὴ
3599 2954 3734 3018 ἐξου-

2218 3054 2477 3117 θενείτω,
2507 3054 2604 3107 καὶ
2637 3052 2771 3124 ὁμὴ
2802 3053 3022 3108 ἐσθίων
3049 3054 3160 3108 τὸν
3182 3055 3459 3109 ἐσθίοντα
3484 3049 3559 3120 μὴ
3582 3044 3732 3117 κρινέι

2216 3165 2313 3201 τω.
2354 3147 2407 3199 Ὀ
2436 3149 2580 3213 Θεὸς
2606 3146 2716 3217 γὰρ
2744 3146 2932 3200 αὐτὸν
2967 3147 3397 3214 προσελάϐετο.
3435 3146 3513 3199 Σὺ
3541 3143 3619 3206 τίς
3643 3135 3688 3193 εἷ
3711 3140 3735 3188 ό

2215 3238 2433 3305 κρίνων
2456 3238 2778 3305 ἀλλότριον
2795 3235 3037 3303 οιιιέτην
3048 3253 3068 3299 ;
3101 3238 3188 3303 Τῷ
3209 3238 3337 3306 ὶδιῳ
3356 3235 3537 3305 Κυρίῳ
3548 3230 3734 3297 στήκει»

2215 3330 2253 3395 ἢ
2293 3329 2495 3381 πίπτει
2516 3345 2532 3360 ο
2567 3327 2931 3396 σταθήσεται
2966 3327 3037 3381 δέ
3060 3344 3073 3357 ·
3113 3327 3379 3394 δυνατὸς
3418 3326 3521 3397 γάρ
3551 3326 3691 3377 ἐστιν
3711 3322 3737 3371 ὁ

2216 3419 2359 3483 Θεὸς
2379 3418 2490 3490 (27)
2518 3418 2743 3488 στῆσαι
2773 3420 2977 3472 αὐτόν.
3018 3420 3118 3484 ’ος
3141 3418 3263 3488 μὲν
3293 3418 3401 3489 γὰρ
3432 3416 3601 3484 κρίνει
3625 3412 3735 3479 ἠμέ-

2206 3527 2326 3579 ραν
2347 3512 2481 3578 παρ’
2501 3509 2747 3580 ἡμέραν,
2773 3510 2840 3576 ὃς
2863 3509 2932 3562 δὲ
2954 3510 3144 3577 κρίνει
3169 3509 3382 3566 πᾶσαν
3399 3508 3623 3578 ἡμέραν,
3642 3504 3742 3556 ἔκαε

2214 3617 2360 3667 στος
2391 3603 2460 3654 ἐν
2488 3601 2570 3667 τῷ
2601 3601 2728 3666 ιδίῳ
2768 3602 2865 3655 νοτ
2904 3601 3425 3671 πληροφορείσθω.
3468 3600 3519 3650 '0
3548 3589 3741 3665 φρονῶν·

2214 3691 2328 3756 τὴν
2360 3689 2606 3758 ἡμέραν,
2636 3691 2829 3758 Κιιρίῳ
2856 3690 3061 3759 φρονεῖ
3080 3708 3093 3720 ·
3112 3692 3225 3743 καὶ
3260 3693 3295 3744 ό
3313 3687 3400 3759 μὴ
3419 3684 3635 3757 φρονῶν
3655 3679 3745 3745 τὴν

2214 3783 2459 3850 ἡμέραν,
2498 3782 2692 3849 Κυρίῳ
2718 3783 2790 3834 οὺ
2811 3780 3034 3849 φρονεῖ.
3075 3782 3193 3835 Καὶ
3234 3785 3268 3835 ό
3312 3779 3543 3840 ἐσθίων,
3588 3770 3744 3838 Κιφιῳ

2214 3874 2433 3927 ἐσθίει·
2486 3871 2833 3941 εὐχαριστεῖ
2873 3871 2983 3941 γὰρ
3030 3871 3111 3937 τῷ
3152 3870 3281 3937 Θεῷ
3315 3870 3448 3942 (28).
3489 3865 3591 3923 Καὶ
3625 3867 3651 3917 ό
3677 3858 3745 3929 μὴ

2213 3965 2450 4025 ἐσθίων,
2473 3965 2666 4031 Κυρίῳ
2692 3965 2803 4016 οὐιι
2822 3964 3033 4023 ἐσθίει,
3050 3965 3151 4018 καὶ
3181 3959 3529 4032 εὐχαριστεῖ
3542 3954 3613 4020 τῷ
3632 3949 3743 4015 Θεῷ·

2215 4057 2325 4109 Καὶ
2379 4057 2495 4125 μετ’
2542 4054 2734 4123 ὀλίγα’
2795 4056 2932 4122 Ἄρα
2969 4050 3082 4109 οὖν
3123 4054 3393 4118 ἕκαστος
3440 4045 3597 4119 rubii?
3642 4038 3749 4109 περὶ

2213 4141 2433 4195 ἑαυτοῦ
2465 4142 2652 4209 λόγον
2687 4139 2863 4194 δώσει
2898 4140 2977 4206 τῷ
3012 4142 3161 4207 Θεῷ.
3202 4140 3429 4208 Μηκέτι
3466 4133 3571 4192 οὖν
3597 4128 3749 4196 ἀλλά·

2213 4235 2362 4297 ,κους
2383 4232 2674 4299 κρίνωμεν
2693 4230 2828 4299 (29).
2861 4232 3039 4283 ΠΡΟΣ
3064 4233 3238 4286 ΚΟΛ.
3278 4230 3375 4298 Μὴ
3401 4224 3512 4283 οὖν
3532 4243 3612 4291 τις
3629 4218 3749 4292 ὑμᾶς

2215 4322 2458 4393 κρινέτω
2480 4322 2550 4376 έν
2576 4320 2837 4389 βρώσει.
2873 4321 2912 4388 ἢ
2938 4320 3008 4373 ἐν
3042 4324 3227 4374 πόσει
3250 4363 3266 4387 ,
3306 4321 3346 4388 ἢ
3383 4321 3453 4373 ἐν
3477 4317 3628 4387 μέρει
3654 4313 3752 4377 ἐορ-

2146 4437 2192 4492 o
2219 4413 2348 4481 τῆς,
2382 4411 2419 4480 ἢ
2444 4412 2793 4480 νουμηνίας,
2830 4410 2867 4479 ἢ
2906 4408 3249 4475 σαϐϐάτων,
3284 4410 3325 4467 ἄ
3355 4409 3485 4464 ἐστι
3514 4402 3643 4460 σκιά
3662 4397 3753 4453 τῶν

2216 4504 2582 4572 μελλόντων.

2220 4613 2341 4666 ’Ὀτι
2375 4611 2434 4663 οὐ
2471 4610 2550 4664 δεῖ
2586 4609 2959 4683 διακρίνεσθαι
2998 4611 3093 4664 ἐπὶ
3126 4614 3247 4676 τοῖς
3285 4609 3395 4665 ὑπὸ
3427 4607 3525 4679 τῆς
3567 4598 3753 4675 Γραφῆς

2731 4719 3051 4775 συγκεχωρη
3060 4703 3273 4775 μένοις.

2829 4815 3053 4884 Κεφάλ.
3088 4814 3170 4880 β’.

2288 4907 2463 4961 ΠΡΟΣ
2493 4907 2655 4960 ΡΩΜ.
2687 4904 2985 4975 Μακάριος
3019 4910 3052 4960 ὁ
3082 4906 3176 4976 μὴ
3207 4909 3437 4976 κρίνων
3481 4902 3676 4958 ἑαυτὸν
3703 4897 3758 4949 ἐν

2216 4991 2265 5066 ᾧ
2290 4996 2599 5067 δοκιμάζει.
2657 4999 2712 5051 '0
2738 4997 2808 5051 δὲ
2836 4998 3321 5069 διακρινόμενος,
3350 5001 3461 5055 ἐὰν
3487 4996 3655 5069 φάγῃ,
3677 5005 3757 5045 κη’

2213 5150 2490 5213 truncum.
2522 5140 2643 5213 Mox
2678 5148 2911 5213 utraque
2936 5141 3104 5198 editio
3136 5144 3273 5213 περὶ
3298 5141 3487 5196 αὑτοῦ.
3518 5138 3639 5210 Reg.
3670 5143 3758 5189 ler-

2212 5212 2324 5266 tius
2356 5211 2484 5266 περὶ
2513 5210 2727 5265 ἑαυτοῦ.

2281 5281 2392 5353 (29)
2412 5278 3088 5353 ,Ροει-νετὺιιῐηκρ-ινωμεν
3115 5281 3193 5335 ita
3217 5284 3491 5353 scriptum
3518 5278 3757 5353 invenitur

2211 5351 2266 5405 in
2293 5349 2531 5405 editione
2554 5349 2690 5405 Ven.
2720 5359 2776 5405 et
2800 5349 2865 5405 in'
2881 5349 3115 5405 MesSan.
3146 5361 3205 5406 et
3232 5354 3293 5407 in
3316 5349 3441 5408 a'liis
3464 5350 3628 5405 tribus
3646 5359 3753 5400 mss.

2212 5420 2377 5489 Δῆλον
2406 5421 2484 5483 δὲ,
2520 5421 2602 5473 ὅτι
2635 5421 2694 5473 ὲν
2725 5423 2839 5484 τοῖς
2866 5420 3127 5484 τοιούτοις
3159 5422 3243 5487 ὡς
3276 5424 3347 5476 ὲκ
3372 5422 3574 5477 τούτων
3599 5419 3682 5489 καὶ
3704 5413 3757 5489 ῖά

2214 5482 2309 5561 τοῦ
2338 5482 2667 5561 Εὐαγχελίου
2694 5482 2837 5561 σαφῆ
2866 5482 3140 5558 γενέσθαι·
3174 5482 3305 5561 qua
3332 5493 3500 5549 verba
3529 5482 3757 5561 omniain

2216 5554 2476 5634 editione
2497 5554 2673 5615 Paris.
2720 5554 2951 5634 desunt;
2992 5575 3094 5634 nec
3150 5554 3378 5628 dubito,
3422 5560 3552 5634 quin
3595 5554 3756 5634 melius

2218 5630 2419 5694 absint,
2468 5645 2591 5684 cum
2646 5639 2832 5699 aperte
2876 5630 3235 5685 librariorum
3292 5634 3406 5688 sint
3440 5628 3542 5684 'aut
3580 5628 3759 5682 addita-

2218 5706 2422 5768 menta,
2462 5707 2552 5755 aut
2582 5700 2930 5771 glossemata,
2965 5715 3140 5773 eaque
3170 5703 3323 5761 male
3353 5700 3761 5761 consarcinata“
