3962 6238
249 1996 291 2035 ’λ

242 2064 252 2079 ι
273 2050 303 2082 δ

333 368 435 423 781

1692 402 1699 410 .
1789 357 2117 415 MOBALIA.

3480 358 3587 413 782

325 486 663 553 τακέκριται
686 494 700 515 δ
757 482 847 537 ὅτι
900 484 1009 536 οὐκ
1042 483 1109 537 ἐκ
1145 483 1422 548 πίστεως.
1470 480 1602 536 Πᾶν
1625 481 1694 535 δὲ
1737 482 1769 535 ὃ
1797 483 1905 537 οὐκ

2021 488 2167 535 natus
2196 489 2311 535 est.
2353 482 2472 551 quia
2500 497 2604 534 non
2629 496 2693 535 ex
2728 480 2851 548 ﬁds.
2890 477 3055 534 Omne
3086 485 3281 541 autem,
3314 476 3451 548 quod
3480 493 3583 531 non

325 578 396 632 ἐκ
430 577 709 642 πίστεως,
741 576 998 645 ἁμαρτία
1028 575 1218 628 ἐστίν.
1260 574 1438 628 ΠΡΟΣ
1477 575 1639 627 ΚΟΛ.
1690 575 1760 626 El
1793 574 1908 627 άπ-

330 666 576 721 εθὰνετε
606 666 731 720 σὺν
767 662 999 732 Χριστῷ
1018 664 1136 717 ἀπὸ
1170 661 1289 717 τῶν
1313 662 1626 729 στοιχείων
1664 660 1770 714 τοῦ
1806 661 1910 713 κό-

325 772 515 826 σμου,
540 758 597 810 τι
631 757 713 822 ὡς
738 754 948 822 ζῶντες
972 756 1043 809 ὲν
1083 756 1287 826 κόσμῳ
1311 754 1729 825 δογματίζεσθε
1753 771 1771 818 ;
1808 754 1905 825 Μὴ

326 846 455 916 ἅψῃ
478 886 494 910 ,
520 846 677 916 μηδὲ
694 846 886 915 γεύσῃ
905 886 920 910 ,
954 844 1110 915 μηδὲ
1130 847 1301 917 θίγῃς
1319 847 1428 918 (30)
1444 864 1457 877 ο
1495 845 1533 900 ἅ
1551 847 1682 899 ἐστι
1705 844 1902 899 πάντα

324 940 415 1003 εἰς
461 937 691 1007 φθορὰν
733 936 810 1006 τῇ
846 936 1182 1005 ἀποχρήσει
1205 977 1221 1000 ,
1269 939 1419 992 κατὰ
1449 938 1521 991 τὰ
1559 936 1909 1007 ἐντάλματα

326 1028 425 1083 καὶ
458 1029 858 1095 διδασκαλίας
885 1027 1002 1082 τῶν
1024 1028 1378 1096 ἀνθρώπων.

547 1165 670 1218 Ὀτι
696 1163 757 1216 οὐ
792 1162 873 1216 δεῖ
906 1162 1114 1235 κρίνειν
1147 1163 1273 1235 περὶ
1312 1161 1422 1215 τῶν
1450 1162 1684 1233 ἀδήλων.

957 1274 1186 1345 Κεφάλ.
1222 1273 1292 1345 τ’.

395 1372 575 1425 ΠΡΟΣ
600 1372 759 1425 KOP.
796 1367 864 1423 α’.
895 1370 1073 1424 Ὥστε
1086 1368 1174 1439 μὴ
1200 1367 1313 1436 πρὸ
1337 1367 1546 1437 καιροῦ
1570 1383 1624 1420 τι
1645 1366 1902 1435 κρίνετε,

320 1464 434 1529 ἓως
463 1464 540 1516 ἂν
570 1462 718 1531 ἔλθῃ
754 1462 1073 1530 δ’Κύριος,
1113 1459 1182 1527 ὃς
1224 1460 1321 1515 καὶ
1362 1459 1610 1529 φωτίσει
1649 1459 1722 1512 τὰ
1762 1475 1905 1526 κρυ-

319 1556 444 1608 πτὰ
464 1554 573 1607 τοῦ
599 1555 860 1618 σκότους
881 1593 896 1618 ,
925 1551 1023 1606 καὶ
1046 1548 1378 1622 φανερώσει
1400 1550 1505 1616 τὰς
1527 1549 1763 1615 ,ϐουλὰς
1787 1547 1907 1602 τῶν

319 1645 615 1716 καρδιῶν·
650 1646 748 1698 καὶ
792 1645 928 1698 τότε
965 1647 998 1698 ό
1036 1644 1283 1710 ἔπαινος
1316 1641 1635 1713 γενήσεται
1673 1640 1907 1706 ἑκάστῳ

318 1738 442 1794 ἀπὸ
468 1738 578 1792 τοῦ
604 1736 774 1791 Θεοῦ.

548 1851 674 1903 Ὀτι
700 1849 761 1901 οὐ
786 1848 869 1901 δεῖ
892 1848 949 1901 ὲν
978 1844 1409 1919 προσωποληψίᾳ
1436 1843 1663 1917 κρίνειν.

940 2014 1164 2069 Κεφάλ.
1207 2013 1256 2068 δ’
1262 2054 1277 2067 .

940 2018 1021 2069 Ke
1150 2055 1164 2068 .
1207 2014 1256 2068 δ’
1262 2054 1277 2067 .

393 2107 718 2163 ΙΩΑΝΝΠΣ.
755 2108 826 2162 El
846 2014 1175 2176 περιτῗῖνίιὶν
1189 2104 1478 2174 λαμϐάνει
1498 2104 1808 2173 ἄνθρωπος
1836 2105 1907 2158 ἐν

318 2200 621 2267 Σαϐϐάτῳ,
666 2200 767 2253 ἵνα
806 2197 891 2268 μὴ
930 2196 1088 2266 λυθῇ
1115 2200 1148 2251 ό
1193 2201 1379 2266 νόμος
1418 2195 1714 2262 Μωῠσέως
1733 2234 1747 2258 ,
1775 2196 1904 2265 ἐμοὶ

316 2296 384 2346 τί
400 2292 515 2364 (51)
555 2290 798 2359 χολᾶτε,
838 2291 929 2344 ὅτι
957 2289 1105 2343 ὅλον
1135 2288 1451 2357 ἄνθρωπον
1474 2287 1613 2358 ὐτιῆ
1646 2288 1907 2355 ἐποίησα

316 2385 396 2437 ἐν
419 2381 729 2444 Σαϐϐάτῳ;
754 2380 850 2449 Μὴ
879 2380 1109 2448 κρίνετε
1133 2380 1262 2434 κατ’
1290 2379 1437 2448 ὄψιν
1454 2418 1470 2444 ,
1497 2378 1661 2434 ἀλλὰ
1688 2377 1803 2446 τὴν
1826 2376 1909 2431 δι-

314 2474 511 2526 καίαν
538 2471 744 2539 κρίσιν
769 2470 1032 2538 κρίνατε.

317 2588 449 2640 Ὅτι
483 2586 545 2639 οὐ
573 2585 652 2639 δεῖ
688 2584 1043 2658 κατακρίνειν
1066 2582 1210 2649 τινὰ,
1238 2582 1312 2653 μὴ
1352 2576 1617 2653 πρότερον
1637 2582 1731 2634 ἐπὶ
1763 2598 1905 2653 παρ-

392 2679 553 2751 ουσίᾳ
591 2679 702 2748 (32)
753 2676 919 2731 αὐτοῦ
970 2676 1041 2729 τὰ
1087 2676 1207 2730 κατ’
1264 2675 1428 2729 αὐτὸν
1472 2668 1902 2745 ἀκριϐώσαντες,

391 2770 500 2824 κᾶν
527 2768 714 2822 πολλοὶ
744 2761 878 2821 ὦσιν
902 2769 950 2820 οἱ
980 2764 1436 2837 κατηγοροῦντες.

957 2945 1187 3015 Κεφὰλ.
1227 2943 1294 2998 ε’.

393 3036 720 3095 ΙΩΑΝΝΗΣ.
757 3035 927 3106 Λέγει
954 3036 1290 3105 Νικόδημος
1308 3075 1323 3099 ,
1352 3037 1386 3088 ό
1412 3032 1604 3089 ἐλθὼν
1628 3033 1777 3101 πρὸς
1804 3032 1906 3086 αὐ-

2009 582 2088 626 est
2131 587 2197 625 ea:
2237 571 2361 641 ﬁde‘,
2412 582 2684 639 peccatum
2717 582 2796 627 est
2822 570 2996 642 (Rom.
3029 586 3141 636 xw,
3174 570 3265 634 22,
3311 570 3471 641 25)...
3521 567 3584 624 Si

2010 664 2205 718 mortui
2240 664 2365 718 estis
2402 681 2520 718 cum
2549 664 2762 719 Christo
2807 664 2870 718 ab
2902 664 3172 717 elementis
3216 662 3421 725 mundi,
3455 661 3582 732 quid

2012 764 2260 822 tanquam
2287 756 2508 809 viventes
2546 756 2602 809 in
2632 755 2826 808 mundo
2862 753 3185 809 decernitis?
3216 751 3296 806 Ne
3324 753 3579 822 tetigeris,

2011 862 2173 916 neque
2222 849 2547 916 gustaveris,
2609 863 2772 918 neque
2830 845 3271 901 contrectaveris:
3301 859 3417 914 qua!
3458 848 3583 896 sunt

2010 932 2187 985 omnia
2218 933 2273 985 in
2312 933 2583 986 interitum
2611 933 2725 999 ipso
2760 947 2880 993 usu,
2917 930 3203 984 secundum
3229 936 3492 997 praecepta
3528 931 3585 985 et

2008 1018 2277 1078 doctrinas
2305 1021 2573 1075 hominum
2596 1020 2826 1091 (Coloss.
2855 1037 2915 1084 ιι,
2941 1018 3154 1089 20-25).

2112 1156 2270 1222 Quod
2304 1157 2373 1213 de
2403 1158 2569 1213 rebus
2599 1156 2822 1212 incertis
2855 1171 2964 1210 non
2989 1164 3073 1211 est
3092 1152 3472 1225 iudicandum.

2632 1270 2805 1337 Caput
2837 1269 2956 1323 ΙΙΙ.

2080 1359 2266 1431 Itaque
2315 1361 2477 1415 nolite
2524 1371 2649 1414 ante
2694 1370 2895 1429 tempus
2920 1360 3200 1429 judicare,
3243 1358 3581 1430 quoadusque

2008 1452 2182 1504 veniat
2207 1450 2487 1515 Dominus,
2524 1453 2615 1521 qui
2656 1460 2706 1504 et
2739 1451 3063 1505 illuminabit
3095 1445 3408 1505 abscondita
3436 1459 3579 1505 teneo

2008 1543 2246 1606 brarum,
2279 1550 2330 1595 et
2378 1542 2736 1611 manifestabit
2776 1543 2999 1595 consilia
3047 1541 3286 1596 cordium
3314 1559 3333 1596 :
3363 1556 3413 1597 et
3456 1555 3581 1596 tunc

2008 1633 2125 1687 laus
2157 1637 2257 1686 erit
2285 1634 2562 1704 unicuique
2589 1651 2623 1687 a
2650 1634 2760 1689 Deo
2784 1632 2835 1705 (1
2866 1632 2991 1689 Cor.
3014 1650 3088 1697 tv,
3113 1633 3189 1704 5).

1936 1826 1978 1881 Β
2006 1832 2162 1902 Quod
2220 1851 2332 1891 non
2384 1843 2598 1906 oportet
2658 1836 2911 1906 judicare
2963 1835 3152 1892 habita
3213 1848 3577 1906 personarum

2677 1929 2914 1983 ratione.

2632 2018 2805 2089 Caput
2849 2018 2877 2073 Ι
2895 2018 2956 2073 γ.

2079 2110 2142 2167 Si
2184 2112 2633 2165 circumcisionem
2676 2110 2864 2179 accipit
2907 2109 3061 2163 homo
3103 2110 3157 2163 in
3215 2106 3470 2173 Sabbato,
3517 2116 3579 2162 ιιι

2007 2219 2110 2258 non
2138 2204 2375 2258 solvatur
2408 2205 2490 2257 lex
2529 2202 2725 2274 Moysi,
2759 2202 2884 2274 quid
2900 2202 3045 2289 .mihi
3077 2202 3427 2272 indignamini
3452 2202 3579 2272 quia

2007 2305 2174 2349 totum
2206 2297 2466 2351 hominem
2497 2311 2688 2349 sanum
2718 2295 2816 2365 feci
2857 2295 2911 2349 iu
2960 2292 3233 2349 Sabbato?
3275 2291 3459 2347 Nolite
3482 2293 3579 2362 ju-

2005 2384 2184 2439 dicare
2212 2385 2498 2440 secundum
2533 2387 2742 2455 faciem,
2784 2385 2874 2440 sed
2906 2385 3113 2455 justum
3140 2384 3407 2456 judicium
3433 2383 3577 2454 judi-

2006 2488 2121 2531 cate
2152 2475 2332 2549 (Joan.
2366 2492 2462 2543 vu,
2495 2476 2590 2543 25,
2618 2477 2732 2547 24).

2006 2589 2159 2656 Quod
2200 2606 2310 2646 non
2351 2589 2613 2645 debemus
2658 2603 2986 2660 quemquam
3033 2588 3422 2674 condemnare,
3466 2587 3578 2645 nisi

2076 2676 2227 2750 prius
2258 2682 2376 2751 ipso
2417 2687 2683 2749 praesente
2719 2678 3009 2749 diligenter
3062 2678 3482 2750 expenderimus
3511 2677 3580 2733 ιι-

2077 2774 2184 2827 lius
2232 2771 2429 2843 agendi
2476 2772 2768 2837 rationem,
2807 2771 3025 2827 etiamsi
3054 2772 3235 2827 adsint
3282 2771 3439 2826 multi
3482 2785 3578 2829 ac-

2078 2872 2382 2920 cusatores.

2665 2950 2835 3020 Caput
2868 2950 2932 3005 V.

2082 3042 2221 3097 Dicit
2252 3041 2595 3110 Nicodemus,
2624 3041 2715 3096 ille
2743 3044 2832 3113 qui
2866 3043 3003 3096 venit
3030 3041 3099 3095 ad
3126 3058 3245 3096 eum
3282 3052 3452 3108 nocte,
3485 3045 3576 3114 qui

306 3134 432 3188 τὸν
458 3129 703 3196 νυκτὸς,
737 3123 828 3194 εἷς
853 3125 938 3180 ὢν
970 3127 1039 3190 ἐξ
1076 3125 1305 3180 αὐτῶν·
1342 3123 1438 3193 Μὴ
1468 3126 1501 3177 ὁ
1524 3124 1709 3192 νόμος
1734 3121 1903 3192 ἡμῶν

2021 3153 2139 3190 inus
2164 3146 2277 3189 erat
2319 3150 2383 3189 ex
2417 3135 2547 3203 ipsis
2575 3149 2593 3187 :
2632 3133 3003 3205 Nunquid'lea:
3033 3145 3214 3189 nostra
3237 3134 3449 3205 judicat
3472 3136 3570 3190 lto-

306 3224 513 3293 κρίνει
684 3220 794 3274 τὸν
837 3219 1151 3287 ἄνθρωπον
1176 3256 1193 3281 ,
1238 3216 1348 3270 ἐὰν
1375 3214 1461 3285 μὴ
1499 3215 1734 3283 ἀκούσῃ
1767 3216 1902 3282 παρ’

305 3314 509 3370 αὐτοῦ
537 3314 847 3382 πρότερον,
873 3311 970 3364 καὶ
998 3308 1120 3377 γνῷ
1148 3310 1205 3362 τί
1230 3306 1423 3371 ποιεῖ;
1452 3303 1760 3360 ΠΡΑΞΕΙΣ.
1812 3306 1904 3371 Ὡς

306 3407 390 3461 δὲ
426 3406 680 3471 πλείους
716 3402 946 3474 ἡμέρας
971 3400 1265 3468 διέτριϐον
1287 3399 1449 3463 ἐκεῖ,
1499 3402 1532 3453 ό
1559 3397 1798 3467 Φῆστος
1825 3396 1905 3462 τῷ

301 3496 578 3564 ,Βασιλεῖ
610 3495 857 3550 ἀνέθετο
902 3492 974 3547 τὰ
1024 3493 1177 3546 κατὰ
1228 3493 1330 3546 τὸν
1362 3491 1634 3554 Παῦλον,
1676 3490 1868 3559 λέγων
1887 3507 1901 3520 ·

320 3589 506 3658 Ἀνήρ
536 3589 634 3653 τίς
660 3588 792 3641 ἐστι
813 3583 1358 3653 καταλελειμμένος
1377 3583 1497 3637 ὑπὸ
1524 3582 1788 3650 Φήλικος
1810 3580 1907 3634 δέ-

306 3698 533 3750 σμιος,
586 3679 722 3747 περὶ
766 3674 839 3734 οὗ
870 3675 1195 3748 γενομένου
1222 3691 1342 3743 μου
1383 3676 1471 3740 είς
1516 3674 1906 3743 Ἱεροσόλυμα

306 3772 692 3843 ἐνεφάνισαν
730 3772 785 3824 οἱ
810 3767 1101 3838 ἀρχιερεῖς
1138 3767 1237 3820 καὶ
1281 3768 1336 3819 ol
1361 3766 1749 3833 πρεσϐύτεροι
1786 3763 1906 3817 τῶν

322 3860 634 3916 Ἰουδαίων
650 3859 987 3925 αἰτούμενοι
1008 3852 1134 3908 κατ’
1161 3854 1346 3908 αὐτοῦ
1368 3853 1698 3919 καταδίκην
1716 3868 1731 3882 σ
1755 3851 1905 3918 πρὸς

307 3952 429 4020 οὓς
472 3951 840 4019 ἀπεκρίθην
899 3950 1022 4002 Ὅτι
1065 3950 1178 4003 οὑκ
1222 3948 1395 4001 ἔστιν
1425 3944 1563 4009 ἔθος
1607 3943 1905 4011 Ῥωμαίοις

309 4043 667 4118 χαρίζεσθαί
720 4059 857 4096 τινα
906 4043 1218 4111 ἄνθρωπον
1244 4039 1353 4109 (54)
1374 4076 1389 4102 ,
1432 4037 1574 4106 πρὶν
1612 4035 1651 4105 ἢ
1697 4039 1731 4091 ό
1764 4052 1904 4089 κατ-

309 4137 731 4208 ηγορούμενος
774 4134 927 4189 κατὰ
958 4136 1281 4203 πρόσωπον
1305 4130 1416 4200 ἔχῃ
1467 4129 1611 4194 τοὺς
1652 4128 1903 4196 κατηγό-

301 4247 484 4300 ρους,
520 4228 709 4283 τόπον
732 4242 795 4280 τε
820 4222 1153 4295 ἀπολογίας
1182 4221 1338 4290 λάϐῃ
1371 4220 1505 4290 περὶ
1534 4219 1645 4273 τοῦ
1683 4220 1870 4288 mea
1888 4248 1903 4259 -

307 4336 533 4388 ματος.

941 4407 1116 4462 ΟΡΟΣ
1161 4407 1291 4463 ΝΕ’.

2006 3230 2218 3292 minem,
2248 3229 2350 3282 nisi
2382 3227 2529 3295 prius
2568 3226 2795 3280 audierit
2834 3225 2899 3279 ab
2932 3228 3065 3295 ipso,
3102 3236 3150 3280 et
3182 3227 3343 3298 275
3377 3246 3569 3300 cogno-

2005 3319 2130 3375 uerit
2158 3320 2282 3391 quid
2307 3318 2575 3389 faciat?...
2597 3317 2776 3389 (Joan.
2810 3334 2908 3380 vn,
2940 3319 3031 3385 50,
3058 3318 3172 3389 5i.)
3208 3319 3275 3372 Et
3317 3337 3435 3374 cum
3462 3321 3572 3375 dies

2005 3413 2294 3480 complures
2326 3411 2399 3464 ibi
2420 3413 2854 3475 immorareutur,
2891 3408 3077 3464 Festus
3105 3412 3212 3481 regi
3246 3413 3423 3465 retulit
3448 3429 3579 3466 cau-

2005 3518 2120 3556 sam
2149 3502 2333 3565 Pauli,
2369 3501 2547 3555 dicens
2571 3515 2588 3553 :
2622 3499 2715 3553 Vir
2743 3500 2959 3570 quidam
2983 3510 3062 3554 est
3090 3501 3306 3555 relictus
3336 3519 3370 3556 a
3398 3500 3577 3558 Felice

2003 3595 2224 3657 vinctus,
2255 3593 2318 3647 de
2336 3609 2435 3662 quo
2453 3608 2571 3645 cum
2594 3607 2758 3645 essem
2784 3590 3189 3660 Hierosolymis,
3210 3593 3577 3662 signiﬁcarunt

2004 3688 2132 3741 mihi
2170 3686 2431 3756 principes
2488 3681 2822 3737 sacerdotum
2862 3691 2921 3736 et.
2962 3684 3189 3737 seniores
3230 3682 3574 3748 Judceorum,

2002 3780 2328 3850 postulantes
2380 3776 2628 3831 adversus
2662 3777 2815 3830 illum
2856 3775 3282 3840 damnationem;
3336 3778 3406 3830 ad
3444 3795 3575 3849 quos

2005 3870 2247 3941 respondi
2278 3870 2461 3937 :Quia
2493 3886 2594 3923 non
2626 3880 2704 3924 est
2730 3867 2983 3923 Romanis
3012 3869 3334 3924 consuetudo
3367 3869 3575 3924 tradere

2004 3965 2230 4035 aliquem
2267 3963 2549 4027 hominem,
2580 3962 2887 4031 priusquam
2920 3962 2965 4015 is
2984 3963 3075 4032 qui
3104 3974 3406 4027 accusatur,
3437 3979 3575 4032 pra:-

2003 4067 2172 4111 sentes
2203 4055 2393 4109 habeat
2436 4062 2795 4117 accusatores,
2831 4053 3105 4124 locumque
3147 4054 3457 4123 defendendi
3491 4073 3574 4110 ac-

2003 4150 2166 4218 cipiat
2192 4148 2257 4201 de
2281 4147 2501 4201 crimine
2533 4145 2676 4218 (Act.
2711 4161 2839 4210 xxv,
2870 4144 3082 4216 14-16).

2566 4388 2845 4445 REGULA
2897 4388 3010 4446 LV.

316 4504 451 4557 Ὀτι
479 4502 562 4557 δεῖ
602 4500 803 4555 εἰδέναι
850 4499 945 4554 καὶ
989 4498 1272 4570 ὁμολογεῖν
1310 4494 1511 4558 παντὸς
1547 4490 1756 4562 ἀγαθοῦ
1802 4494 1903 4565 τὴν

2021 4480 2161 4549 Quod
2210 4478 2494 4535 sciendum
2546 4489 2631 4536 est
2678 4487 2844 4549 atque
2900 4478 3272 4534 conﬁtendum
3328 4479 3573 4549 cujusvis

398 4595 593 4667 χάριν,
639 4596 734 4646 καὶ
765 4592 943 4647 αὐτῶν
976 4592 1085 4645 τῶν
1125 4590 1267 4661 ὑπὲρ
1296 4586 1532 4660 Χριστοῦ
1562 4585 1905 4656 παθημάτων

396 4686 499 4759 τὴν
522 4684 799 4756 ὑπομονὴν
825 4685 975 4758 παρὰ
1004 4683 1140 4738 Θεοῦ
1169 4682 1460 4754 ὑπάρχειν.

961 4855 1186 4911 Κεφάλ.
1218 4855 1286 4911 α’.

961 4874 1040 4911 ne
1086 4874 1186 4911 αλ.
1218 4874 1286 4911 α’.

398 4952 726 5007 ῙΩΔΝΝΗΣ.
792 4953 876 5007 Οὐ
925 4874 1174 5006 dimicat
1219 4949 1528 5017 ἄνθρωπος
1572 4943 1901 5014 λαμϐάνειν

318 5045 531 5109 οὐδὲν,
550 5044 662 5099 ἐὰν
677 5043 764 5114 μὴ
786 5038 828 5115 ᾗ
846 5042 1169 5111 δεδομένον
1195 5038 1356 5105 αὐτῷ
1383 5039 1451 5091 ἐκ
1481 5037 1588 5091 τοῦ
1616 5034 1901 5104 οὐρανοῦ.

317 5136 510 5191 ΠΡΟΣ
533 5136 694 5190 KOP.
725 5132 794 5188 α’.
839 5134 901 5187 Τί
924 5133 993 5186 δὲ
1027 5134 1187 5202 ἔχεις
1206 5172 1221 5198 ,
1253 5130 1285 5185 ὃ
1312 5133 1423 5185 οὐκ
1449 5129 1693 5194 ἕλαϐες;
1722 5126 1901 5181 ΠΡυΣ

400 5295 516 5369 (50)
550 5293 793 5363 Utraque
820 5290 987 5346 editio
1016 5290 1089 5361 μὴ
1127 5288 1301 5361 θίγῃς.
1333 5286 1485 5342 Libri
1516 5284 1728 5355 antiqui
1761 5281 1895 5354 μηδὲ

321 5363 518 5507 mg?)
549 5433 760 5507 focula
792 5432 845 5507 ἳί
879 5429 1178 5507 ίηηᾴυρῖωβ
1206 5443 1338 5482 mss'
1370 5426 1544 5507 diae“;

405 5493 516 5576 (52)
548 5502 776 5576 Veteres
799 5503 909 5557 duo
932 5499 1051 5554 libri
1074 5497 1177 5576 ῥπδ
1197 5497 1487 5576 παροροεᾳ.
1511 5493 1900 5576 ῐὺίιῖειιιηιιιιέο

324 5564 440 5646 que
470 5564 638 5631 editio
653 5584 715 5646 _e_t
741 5572 872 5641 Reg.
905 5573 1177 5646 secundus
1209 5564 1641 5646 ἀκριϐιᾷοανεες..
1662 5564 1898 5646 Alii'duo

326 5633 466 5717 rises.
502 5633 909 5717 ἁκριϐὡξξανξα.
942 5638 1098 5717 Haud
1135 5633 1297 5708 longe
1324 5634 1696 5717 editio‘Paris.
1727 5633 1894 5717 Νικό-

527 5703 665 5786 «is;
691 5711 907 5786 ᾳρτούς,
934 5708 1031 5786 sed
1064 5709 1169 5786 has
1191 5703 1378 5786 focos,
1412 5706 1555 5786 sipo;
1580 5703 1795 5786 αιίτούς,
1827 5718 1894 5757 ex
1942 5757 1948 5765 ,

329 5775 526 5841 Bibliis
565 5775 637 5842 ab
668 5784 856 5852 aliquo
896 5781 1073 5836 otioso
1105 5778 1318 5834 additas
1352 5775 1523 5833 fuisse
1558 5781 1726 5846 puto,
1767 5788 1917 5862 cum_

2076 4573 2203 4629 boni
2248 4572 2618 4642 largitionem.
2665 4580 2719 4625 et
2756 4570 3000 4640 ipsarum
3053 4570 3403 4625 aﬂlictionum
3453 4586 3575 4641 quae

2074 4664 2279 4720 Christi
2326 4677 2493 4718 causa
2535 4661 2813 4730 accidunt,
2845 4662 3192 4717 tolerantiam
3233 4676 3264 4715 a
3303 4659 3412 4716 Deo
3445 4677 3574 4733 pro-

2078 4757 2268 4813 ﬁcisci.

2663 4842 2833 4914 Caput
2867 4841 2919 4897 Ι.

2080 4937 2133 4994 Ν
2138 4956 2204 4994 οη
2226 4944 2393 5007 potest
2419 4936 2573 4995 homo
2600 4936 2831 5001 accipere
2869 4932 3179 5001 quidquam,
3210 4930 3317 4985 nisi
3338 4929 3497 4999 fuerit
3525 4931 3573 4985 ei

2008 5031 2193 5084 datum
2223 5027 2287 5082 de
2314 5025 2442 5080 caelo
2477 5023 2659 5095 (Joan.
2697 5039 2781 5085 ιιι,
2808 5023 2996 5092 27)....
3040 5019 3179 5087 Quid
3209 5029 3383 5073 autem
3417 5019 3572 5072 habes

2007 5121 2145 5194 quod
2194 5133 2297 5173 non
2335 5116 2683 5186 accepisti?...
2733 5113 2785 5185 (1
2808 5111 2931 5169 Cor.
2962 5127 3037 5175 Iv,
3083 5111 3159 5183 7.)
3199 5110 3389 5164 Gratia
3435 5112 3573 5165 enim

2006 5295 2183 5350 neque
2212 5279 2267 5332 in
2298 5275 2537 5350 editione
2564 5272 2699 5330 Ven.
2740 5287 2916 5342 neque
2948 5272 3001 5325 in
3034 5268 3163 5325 ullis
3196 5268 3475 5326 veteribus
3507 5264 3572 5321 li-

2005 5349 2121 5407 bris
2156 5349 2517 5418 reperiantur.

2219 5404 2464 5487 Utraque
2512 5413 2680 5470 editio
2725 5410 2882 5483 ἡμῶν
2934 5409 3113 5484 κρίνῃ.
3162 5409 3232 5464 At
3279 5422 3416 5461 mss.
3463 5404 3573 5460 duo

2217 5557 2610 5631 Melius_sacer_
2634 5560 2819 5631 textus
2864 5551 3270 5631 νιιΙειιιιιε,⁵
3298 5562 3407 5618 quo
3450 5555 3571 5631 post

2004 5619 2191 5685 vocem
2222 5619 2518 5698 ἄνθρωπον.
2547 5624 2788 5698 additum
2821 5631 2908 5676 est
2945 5622 3025 5698 εἰς
3062 5619 3356 5698 ἀπῴλειαν,
3391 5619 3465 5698 ad
3495 5619 3559 5669 iu-

2004 5702 2212 5755 teritum
2235 5689 2460 5752 tradere.
2487 5694 2681 5750 Statim
2705 5695 2837 5766 Reg.
2859 5692 3054 5748 tertius
3079 5692 3367 5763 πρόσωπον
3390 5689 3554 5759 ἔχοι..

2002 5770 2173 5825 λάϐοι.

2402 5886 2525 5894 ,Α‹.-.--
2574 5886 2623 5896 μ..

3629 1085 3658 1096 -σ
