  <div class='ocr_page' id='page_1' title='image "/cluster/home/n/w/nwhite01/storage/ocr_20150623/31/mdp.39015012934363/401.png"; bbox 0 0 3962 6238; ppageno 0'>
   <div class='ocr_carea' id='block_1_1' title="bbox 513 316 622 385">
    <p class='ocr_par' dir='ltr' id='par_1_1' title="bbox 513 316 622 385">
     <span class='ocr_line' id='line_1_1' title="bbox 513 316 622 385; baseline 0.028 -16"><span class='ocrx_word' id='word_1_1' title='bbox 513 316 622 385; x_wconf 63' lang='grc' dir='ltr'><strong><em>Ξῗθ</em></strong></span> 
     </span>
    </p>
   </div>
   <div class='ocr_carea' id='block_1_2' title="bbox 1852 311 3745 371">
    <p class='ocr_par' dir='ltr' id='par_1_2' title="bbox 1852 311 3745 371">
     <span class='ocr_line' id='line_1_2' title="bbox 1852 311 3745 371; baseline -0.001 -2"><span class='ocrx_word' id='word_1_2' title='bbox 1852 316 1910 369; x_wconf 89' lang='lat' dir='ltr'><strong><em>S.</em></strong></span> <span class='ocrx_word' id='word_1_3' title='bbox 1954 312 2196 371; x_wconf 78' lang='lat' dir='ltr'><strong>BASILII</strong></span> <span class='ocrx_word' id='word_1_4' title='bbox 2236 311 2451 369; x_wconf 78' lang='lat' dir='ltr'><strong>MAGNI</strong></span> <span class='ocrx_word' id='word_1_5' title='bbox 3658 311 3745 367; x_wconf 72' lang='grc' dir='ltr'><strong><em>τευ</em></strong></span> 
     </span>
    </p>
   </div>
   <div class='ocr_carea' id='block_1_3' title="bbox 517 429 2089 506">
    <p class='ocr_par' dir='ltr' id='par_1_3' title="bbox 517 435 2087 506">
     <span class='ocr_line' id='line_1_3' title="bbox 517 435 2087 506; baseline 0.001 -17"><span class='ocrx_word' id='word_1_6' title='bbox 517 435 655 505; x_wconf 74' lang='lat' dir='ltr'><strong><em>inter</em></strong></span> <span class='ocrx_word' id='word_1_7' title='bbox 682 443 728 489; x_wconf 88' lang='lat' dir='ltr'><strong><em>te</em></strong></span> <span class='ocrx_word' id='word_1_8' title='bbox 768 442 818 490; x_wconf 87' lang='lat' dir='ltr'><strong><em>et</em></strong></span> <span class='ocrx_word' id='word_1_9' title='bbox 847 436 1016 506; x_wconf 77' lang='lat' dir='ltr'><strong><em>ipsum</em></strong></span> <span class='ocrx_word' id='word_1_10' title='bbox 1047 435 1238 495; x_wconf 79' lang='lat' dir='ltr'><strong><em>solum.</em></strong></span> <span class='ocrx_word' id='word_1_11' title='bbox 1282 435 1343 492; x_wconf 89' lang='lat' dir='ltr'><strong><em>Si</em></strong></span> <span class='ocrx_word' id='word_1_12' title='bbox 1371 445 1423 492; x_wconf 82' lang='lat' dir='ltr'><strong><em>te</em></strong></span> <span class='ocrx_word' id='word_1_13' title='bbox 1467 435 1715 500; x_wconf 85' lang='lat' dir='ltr'><strong><em>audierit,</em></strong></span> <span class='ocrx_word' id='word_1_14' title='bbox 1764 436 2000 491; x_wconf 82' lang='lat' dir='ltr'><strong><em>&#39;lucratus</em></strong></span> <span class='ocrx_word' id='word_1_15' title='bbox 2033 454 2087 490; x_wconf 88' lang='lat' dir='ltr'><strong><em>es</em></strong></span> 
     </span>
    </p>
   </div>
   <div class='ocr_carea' id='block_1_4' title="bbox 2192 429 3746 506">
    <p class='ocr_par' dir='ltr' id='par_1_4' title="bbox 2192 429 3746 505">
     <span class='ocr_line' id='line_1_4' title="bbox 2192 429 3746 505; baseline -0.004 -15"><span class='ocrx_word' id='word_1_16' title='bbox 2192 450 2325 499; x_wconf 87' lang='grc' dir='ltr'><em>σου,</em></span> <span class='ocrx_word' id='word_1_17' title='bbox 2351 436 2561 505; x_wconf 76' lang='grc' dir='ltr'><em>ὕπαγε,</em></span> <span class='ocrx_word' id='word_1_18' title='bbox 2581 433 2832 503; x_wconf 76' lang='grc' dir='ltr'><strong><em>ἔλεγξον</em></strong></span> <span class='ocrx_word' id='word_1_19' title='bbox 2856 431 3042 487; x_wconf 73' lang='grc' dir='ltr'><em>αὐτὸν</em></span> <span class='ocrx_word' id='word_1_20' title='bbox 3063 431 3290 501; x_wconf 71' lang='grc' dir='ltr'><em>μεταξὺ</em></span> <span class='ocrx_word' id='word_1_21' title='bbox 3312 429 3429 485; x_wconf 85' lang='grc' dir='ltr'><strong><em>σοῦ</em></strong></span> <span class='ocrx_word' id='word_1_22' title='bbox 3459 429 3555 485; x_wconf 74' lang='grc' dir='ltr'><strong><em>καί</em></strong></span> <span class='ocrx_word' id='word_1_23' title='bbox 3578 432 3746 485; x_wconf 75' lang='grc' dir='ltr'><em>αὑτοῦ</em></span> 
     </span>
    </p>
   </div>
   <div class='ocr_carea' id='block_1_5' title="bbox 520 525 2092 594">
    <p class='ocr_par' dir='ltr' id='par_1_5' title="bbox 520 525 2092 594">
     <span class='ocr_line' id='line_1_5' title="bbox 520 525 2092 594; baseline 0.001 -17"><span class='ocrx_word' id='word_1_24' title='bbox 520 527 740 594; x_wconf 74' lang='lat' dir='ltr'><strong><em>fratrem</em></strong></span> <span class='ocrx_word' id='word_1_25' title='bbox 786 533 930 578; x_wconf 89' lang='lat' dir='ltr'><strong><em>tuum</em></strong></span> <span class='ocrx_word' id='word_1_26' title='bbox 965 542 983 579; x_wconf 91' lang='lat'><em>:</em></span> <span class='ocrx_word' id='word_1_27' title='bbox 1009 526 1055 580; x_wconf 98' lang='lat' dir='ltr'><strong><em>si</em></strong></span> <span class='ocrx_word' id='word_1_28' title='bbox 1094 542 1212 580; x_wconf 72' lang='lat' dir='ltr'><strong><em>vero</em></strong></span> <span class='ocrx_word' id='word_1_29' title='bbox 1240 542 1344 581; x_wconf 87' lang='lat' dir='ltr'><strong><em>non</em></strong></span> <span class='ocrx_word' id='word_1_30' title='bbox 1389 525 1639 589; x_wconf 87' lang='lat' dir='ltr'><strong><em>audierit,</em></strong></span> <span class='ocrx_word' id='word_1_31' title='bbox 1690 526 1875 580; x_wconf 83' lang='lat' dir='ltr'><strong><em>adlube</em></strong></span> <span class='ocrx_word' id='word_1_32' title='bbox 1924 536 2092 580; x_wconf 89' lang='lat' dir='ltr'><strong><em>tecum</em></strong></span> 
     </span>
    </p>
   </div>
   <div class='ocr_carea' id='block_1_6' title="bbox 519 616 2090 682">
    <p class='ocr_par' dir='ltr' id='par_1_6' title="bbox 519 616 2090 682">
     <span class='ocr_line' id='line_1_6' title="bbox 519 616 2090 682; baseline 0.001 -13"><span class='ocrx_word' id='word_1_33' title='bbox 519 633 703 682; x_wconf 88' lang='lat' dir='ltr'><strong><em>unum,</em></strong></span> <span class='ocrx_word' id='word_1_34' title='bbox 729 616 808 671; x_wconf 75' lang='lat' dir='ltr'><strong><em>vel</em></strong></span> <span class='ocrx_word' id='word_1_35' title='bbox 832 616 989 682; x_wconf 89' lang='lat' dir='ltr'><strong><em>duos,</em></strong></span> <span class='ocrx_word' id='word_1_36' title='bbox 1018 626 1077 672; x_wconf 92' lang='lat' dir='ltr'><strong><em>ut</em></strong></span> <span class='ocrx_word' id='word_1_37' title='bbox 1113 620 1166 671; x_wconf 91' lang='lat' dir='ltr'><strong><em>in</em></strong></span> <span class='ocrx_word' id='word_1_38' title='bbox 1193 635 1281 673; x_wconf 88' lang='lat' dir='ltr'><strong><em>ore</em></strong></span> <span class='ocrx_word' id='word_1_39' title='bbox 1306 619 1533 672; x_wconf 89' lang='lat' dir='ltr'><strong><em>duorum</em></strong></span> <span class='ocrx_word' id='word_1_40' title='bbox 1566 617 1644 672; x_wconf 80' lang='lat' dir='ltr'><strong><em>vel</em></strong></span> <span class='ocrx_word' id='word_1_41' title='bbox 1688 619 1843 671; x_wconf 85' lang='lat' dir='ltr'><strong><em>trium</em></strong></span> <span class='ocrx_word' id='word_1_42' title='bbox 1880 618 2090 672; x_wconf 75' lang='lat' dir='ltr'><strong><em>testium</em></strong></span> 
     </span>
    </p>
   </div>
   <div class='ocr_carea' id='block_1_7' title="bbox 519 705 2092 773">
    <p class='ocr_par' dir='ltr' id='par_1_7' title="bbox 519 705 2092 773">
     <span class='ocr_line' id='line_1_7' title="bbox 519 705 2092 773; baseline 0 -15"><span class='ocrx_word' id='word_1_43' title='bbox 519 715 617 759; x_wconf 83' lang='lat' dir='ltr'><strong><em>stet</em></strong></span> <span class='ocrx_word' id='word_1_44' title='bbox 645 722 795 760; x_wconf 90' lang='lat' dir='ltr'><strong><em>omne</em></strong></span> <span class='ocrx_word' id='word_1_45' title='bbox 822 705 1055 761; x_wconf 84' lang='lat' dir='ltr'><strong><em>uerbum.</em></strong></span> <span class='ocrx_word' id='word_1_46' title='bbox 1090 705 1243 773; x_wconf 83' lang='lat' dir='ltr'><strong><em>Quod</em></strong></span> <span class='ocrx_word' id='word_1_47' title='bbox 1268 708 1315 762; x_wconf 90' lang='lat' dir='ltr'><strong><em>si</em></strong></span> <span class='ocrx_word' id='word_1_48' title='bbox 1338 723 1441 761; x_wconf 88' lang='lat' dir='ltr'><strong><em>non</em></strong></span> <span class='ocrx_word' id='word_1_49' title='bbox 1469 706 1694 761; x_wconf 87' lang='lat' dir='ltr'><strong><em>audierit</em></strong></span> <span class='ocrx_word' id='word_1_50' title='bbox 1720 722 1827 767; x_wconf 88' lang='lat' dir='ltr'><strong><em>eos.</em></strong></span> <span class='ocrx_word' id='word_1_51' title='bbox 1854 706 1945 759; x_wconf 84' lang='lat' dir='ltr'><strong><em>dic</em></strong></span> <span class='ocrx_word' id='word_1_52' title='bbox 1990 705 2092 759; x_wconf 86' lang='lat' dir='ltr'><strong><em>Ec-</em></strong></span> 
     </span>
    </p>
   </div>
   <div class='ocr_carea' id='block_1_8' title="bbox 519 797 2089 877">
    <p class='ocr_par' dir='ltr' id='par_1_8' title="bbox 519 797 2089 877">
     <span class='ocr_line' id='line_1_8' title="bbox 519 797 2089 877; baseline -0.001 -26"><span class='ocrx_word' id='word_1_53' title='bbox 519 797 691 852; x_wconf 74' lang='lat' dir='ltr'><strong><em>clesia:</em></strong></span> <span class='ocrx_word' id='word_1_54' title='bbox 723 813 741 851; x_wconf 92' lang='lat'><strong><em>:</em></strong></span> <span class='ocrx_word' id='word_1_55' title='bbox 774 798 821 852; x_wconf 90' lang='lat' dir='ltr'><strong><em>si</em></strong></span> <span class='ocrx_word' id='word_1_56' title='bbox 849 807 1025 852; x_wconf 92' lang='lat' dir='ltr'><strong><em>autem</em></strong></span> <span class='ocrx_word' id='word_1_57' title='bbox 1056 797 1348 877; x_wconf 75' lang='lat' dir='ltr'><strong><em>Ecclesium</em></strong></span> <span class='ocrx_word' id='word_1_58' title='bbox 1369 814 1567 868; x_wconf 89' lang='lat' dir='ltr'><strong><em>quoque</em></strong></span> <span class='ocrx_word' id='word_1_59' title='bbox 1602 814 1706 851; x_wconf 88' lang='lat' dir='ltr'><strong><em>non</em></strong></span> <span class='ocrx_word' id='word_1_60' title='bbox 1737 797 1985 860; x_wconf 86' lang='lat' dir='ltr'><strong><em>audierit,</em></strong></span> <span class='ocrx_word' id='word_1_61' title='bbox 2018 797 2089 851; x_wconf 89' lang='lat' dir='ltr'><strong><em>sit</em></strong></span> 
     </span>
    </p>
   </div>
   <div class='ocr_carea' id='block_1_9' title="bbox 520 887 2088 963">
    <p class='ocr_par' dir='ltr' id='par_1_9' title="bbox 520 887 2088 963">
     <span class='ocr_line' id='line_1_9' title="bbox 520 887 2088 963; baseline -0.002 -20"><span class='ocrx_word' id='word_1_62' title='bbox 520 890 616 945; x_wconf 91' lang='lat' dir='ltr'><strong><em>tibi</em></strong></span> <span class='ocrx_word' id='word_1_63' title='bbox 638 890 774 945; x_wconf 89' lang='lat' dir='ltr'><strong><em>sicut</em></strong></span> <span class='ocrx_word' id='word_1_64' title='bbox 787 888 1020 945; x_wconf 81' lang='lat' dir='ltr'><strong><em>ethnicus</em></strong></span> <span class='ocrx_word' id='word_1_65' title='bbox 1037 899 1086 945; x_wconf 89' lang='lat' dir='ltr'><strong><em>et</em></strong></span> <span class='ocrx_word' id='word_1_66' title='bbox 1113 889 1426 961; x_wconf 75' lang='lat' dir='ltr'><strong><em>publicanus</em></strong></span> <span class='ocrx_word' id='word_1_67' title='bbox 1450 888 1668 963; x_wconf 78' lang='lat' dir='ltr'><strong><em>(Matth.</em></strong></span> <span class='ocrx_word' id='word_1_68' title='bbox 1699 904 1855 956; x_wconf 78' lang='lat' dir='ltr'><strong><em>xvut,</em></strong></span> <span class='ocrx_word' id='word_1_69' title='bbox 1876 887 1998 944; x_wconf 66' lang='lat'><strong><em>15-!</em></strong></span> <span class='ocrx_word' id='word_1_70' title='bbox 2011 887 2088 959; x_wconf 88' lang='lat'><strong><em>7).</em></strong></span> 
     </span>
    </p>
   </div>
   <div class='ocr_carea' id='block_1_10' title="bbox 1079 1168 1527 1228">
    <p class='ocr_par' dir='ltr' id='par_1_10' title="bbox 1079 1168 1527 1228">
     <span class='ocr_line' id='line_1_10' title="bbox 1079 1168 1527 1228; baseline 0.002 -4"><span class='ocrx_word' id='word_1_71' title='bbox 1079 1168 1356 1228; x_wconf 77' lang='lat' dir='ltr'><strong>REGULA</strong></span> <span class='ocrx_word' id='word_1_72' title='bbox 1394 1168 1527 1225; x_wconf 88' lang='lat' dir='ltr'><strong>LIII.</strong></span> 
     </span>
    </p>
   </div>
   <div class='ocr_carea' id='block_1_11' title="bbox 522 1258 2088 1335">
    <p class='ocr_par' dir='ltr' id='par_1_11' title="bbox 522 1258 2088 1335">
     <span class='ocr_line' id='line_1_11' title="bbox 522 1258 2088 1335; baseline -0.006 -14"><span class='ocrx_word' id='word_1_73' title='bbox 522 1265 679 1335; x_wconf 85' lang='lat' dir='ltr'><strong><em>Quod</em></strong></span> <span class='ocrx_word' id='word_1_74' title='bbox 724 1279 833 1319; x_wconf 88' lang='lat' dir='ltr'><strong><em>non</em></strong></span> <span class='ocrx_word' id='word_1_75' title='bbox 883 1263 1043 1319; x_wconf 85' lang='lat' dir='ltr'><strong><em>debet</em></strong></span> <span class='ocrx_word' id='word_1_76' title='bbox 1079 1263 1427 1319; x_wconf 73' lang='lat' dir='ltr'><strong><em>Christianus</em></strong></span> <span class='ocrx_word' id='word_1_77' title='bbox 1458 1258 1794 1329; x_wconf 55' lang='lat' dir='ltr'><strong><em>iniuriarum</em></strong></span> <span class='ocrx_word' id='word_1_78' title='bbox 1835 1264 2088 1328; x_wconf 75' lang='lat' dir='ltr'><strong><em>accepta-</em></strong></span> 
     </span>
    </p>
   </div>
   <div class='ocr_carea' id='block_1_12' title="bbox 590 1348 2091 1422">
    <p class='ocr_par' dir='ltr' id='par_1_12' title="bbox 590 1348 2091 1422">
     <span class='ocr_line' id='line_1_12' title="bbox 590 1348 2091 1422; baseline -0.005 -11"><span class='ocrx_word' id='word_1_79' title='bbox 590 1370 714 1412; x_wconf 87' lang='lat' dir='ltr'><strong><em>rum</em></strong></span> <span class='ocrx_word' id='word_1_80' title='bbox 745 1368 954 1410; x_wconf 87' lang='lat' dir='ltr'><strong><em>memor</em></strong></span> <span class='ocrx_word' id='word_1_81' title='bbox 984 1368 1128 1419; x_wconf 87' lang='lat' dir='ltr'><strong><em>esse,</em></strong></span> <span class='ocrx_word' id='word_1_82' title='bbox 1166 1352 1262 1407; x_wconf 88' lang='lat' dir='ltr'><strong><em>sed</em></strong></span> <span class='ocrx_word' id='word_1_83' title='bbox 1292 1353 1414 1407; x_wconf 88' lang='lat' dir='ltr'><strong><em>illas</em></strong></span> <span class='ocrx_word' id='word_1_84' title='bbox 1445 1352 1515 1409; x_wconf 84' lang='lat' dir='ltr'><strong><em>iis</em></strong></span> <span class='ocrx_word' id='word_1_85' title='bbox 1545 1352 1639 1422; x_wconf 89' lang='lat' dir='ltr'><strong><em>qui</em></strong></span> <span class='ocrx_word' id='word_1_86' title='bbox 1667 1350 1722 1403; x_wconf 93' lang='lat' dir='ltr'><strong><em>in</em></strong></span> <span class='ocrx_word' id='word_1_87' title='bbox 1752 1364 1811 1405; x_wconf 91' lang='lat' dir='ltr'><strong><em>se</em></strong></span> <span class='ocrx_word' id='word_1_88' title='bbox 1845 1348 2091 1420; x_wconf 84' lang='lat' dir='ltr'><strong><em>delique-</em></strong></span> 
     </span>
    </p>
   </div>
   <div class='ocr_carea' id='block_1_13' title="bbox 590 1444 1348 1504">
    <p class='ocr_par' dir='ltr' id='par_1_13' title="bbox 590 1444 1348 1504">
     <span class='ocr_line' id='line_1_13' title="bbox 590 1444 1348 1504; baseline -0.009 0"><span class='ocrx_word' id='word_1_89' title='bbox 590 1449 700 1504; x_wconf 85' lang='lat' dir='ltr'><strong><em>rint</em></strong></span> <span class='ocrx_word' id='word_1_90' title='bbox 729 1463 794 1502; x_wconf 83' lang='lat' dir='ltr'><strong><em>ex</em></strong></span> <span class='ocrx_word' id='word_1_91' title='bbox 825 1447 989 1501; x_wconf 87' lang='lat' dir='ltr'><strong><em>corde</em></strong></span> <span class='ocrx_word' id='word_1_92' title='bbox 1018 1444 1348 1500; x_wconf 76' lang='lat' dir='ltr'><strong><em>condonare.</em></strong></span> 
     </span>
    </p>
   </div>
   <div class='ocr_carea' id='block_1_14' title="bbox 1182 1547 1426 1622">
    <p class='ocr_par' dir='ltr' id='par_1_14' title="bbox 1182 1547 1426 1622">
     <span class='ocr_line' id='line_1_14' title="bbox 1182 1547 1426 1622; baseline -0.008 -14"><span class='ocrx_word' id='word_1_93' title='bbox 1182 1551 1353 1622; x_wconf 84' lang='lat' dir='ltr'><strong><em>Caput</em></strong></span> <span class='ocrx_word' id='word_1_94' title='bbox 1377 1547 1426 1607; x_wconf 85' lang='grc'><strong><em>1.</em></strong></span> 
     </span>
    </p>
   </div>
   <div class='ocr_carea' id='block_1_15' title="bbox 594 1640 2091 1704">
    <p class='ocr_par' dir='ltr' id='par_1_15' title="bbox 594 1640 2091 1704">
     <span class='ocr_line' id='line_1_15' title="bbox 594 1640 2091 1704; baseline -0.007 -2"><span class='ocrx_word' id='word_1_95' title='bbox 594 1645 654 1702; x_wconf 89' lang='lat' dir='ltr'><strong><em>Si</em></strong></span> <span class='ocrx_word' id='word_1_96' title='bbox 688 1662 790 1701; x_wconf 84' lang='lat' dir='ltr'><strong><em>non</em></strong></span> <span class='ocrx_word' id='word_1_97' title='bbox 835 1640 1145 1698; x_wconf 86' lang='lat' dir='ltr'><strong><em>dimiseritis</em></strong></span> <span class='ocrx_word' id='word_1_98' title='bbox 1185 1641 1484 1697; x_wconf 90' lang='lat' dir='ltr'><strong><em>hominibus</em></strong></span> <span class='ocrx_word' id='word_1_99' title='bbox 1515 1640 1709 1695; x_wconf 79' lang='lat' dir='ltr'><strong><em>delicta</em></strong></span> <span class='ocrx_word' id='word_1_100' title='bbox 1754 1653 1955 1704; x_wconf 88' lang='lat' dir='ltr'><strong><em>eorum,</em></strong></span> <span class='ocrx_word' id='word_1_101' title='bbox 2002 1655 2091 1693; x_wconf 89' lang='lat' dir='ltr'><strong><em>ne-</em></strong></span> 
     </span>
    </p>
   </div>
   <div class='ocr_carea' id='block_1_16' title="bbox 526 1730 2089 1808">
    <p class='ocr_par' dir='ltr' id='par_1_16' title="bbox 526 1730 2089 1808">
     <span class='ocr_line' id='line_1_16' title="bbox 526 1730 2089 1808; baseline -0.006 -17"><span class='ocrx_word' id='word_1_102' title='bbox 526 1754 625 1808; x_wconf 89' lang='lat' dir='ltr'><strong><em>que</em></strong></span> <span class='ocrx_word' id='word_1_103' title='bbox 658 1736 822 1790; x_wconf 78' lang='lat' dir='ltr'><strong><em>Pater</em></strong></span> <span class='ocrx_word' id='word_1_104' title='bbox 858 1744 1026 1788; x_wconf 78' lang='lat' dir='ltr'><strong><em>uester</em></strong></span> <span class='ocrx_word' id='word_1_105' title='bbox 1057 1733 1280 1788; x_wconf 78' lang='lat' dir='ltr'><strong><em>cwlestis</em></strong></span> <span class='ocrx_word' id='word_1_106' title='bbox 1321 1732 1547 1785; x_wconf 85' lang='lat' dir='ltr'><strong><em>dimittet</em></strong></span> <span class='ocrx_word' id='word_1_107' title='bbox 1587 1731 1779 1784; x_wconf 87' lang='lat' dir='ltr'><strong><em>delicta</em></strong></span> <span class='ocrx_word' id='word_1_108' title='bbox 1807 1738 2013 1793; x_wconf 78' lang='lat' dir='ltr'><strong><em>uestra;</em></strong></span> <span class='ocrx_word' id='word_1_109' title='bbox 2043 1730 2089 1782; x_wconf 86' lang='lat' dir='ltr'><strong><em>si</em></strong></span> 
     </span>
    </p>
   </div>
   <div class='ocr_carea' id='block_1_17' title="bbox 524 1794 2164 1891">
    <p class='ocr_par' dir='ltr' id='par_1_17' title="bbox 524 1794 2164 1891">
     <span class='ocr_line' id='line_1_17' title="bbox 524 1794 2164 1891; baseline -0.006 -10"><span class='ocrx_word' id='word_1_110' title='bbox 524 1841 698 1881; x_wconf 89' lang='lat' dir='ltr'><strong><em>autem</em></strong></span> <span class='ocrx_word' id='word_1_111' title='bbox 728 1825 1035 1879; x_wconf 87' lang='lat' dir='ltr'><strong><em>dimiseritis</em></strong></span> <span class='ocrx_word' id='word_1_112' title='bbox 1083 1822 1380 1878; x_wconf 87' lang='lat' dir='ltr'><strong><em>hominibus</em></strong></span> <span class='ocrx_word' id='word_1_113' title='bbox 1412 1831 1626 1891; x_wconf 86' lang='lat' dir='ltr'><strong><em>peccata</em></strong></span> <span class='ocrx_word' id='word_1_114' title='bbox 1664 1837 1865 1885; x_wconf 86' lang='lat' dir='ltr'><strong><em>eorum,</em></strong></span> <span class='ocrx_word' id='word_1_115' title='bbox 1908 1819 2088 1873; x_wconf 88' lang='lat' dir='ltr'><strong><em>dimit-</em></strong></span> <span class='ocrx_word' id='word_1_116' title='bbox 2120 1794 2164 1854; x_wconf 76' lang='grc' dir='ltr'><strong>Β</strong></span> 
     </span>
    </p>
   </div>
   <div class='ocr_carea' id='block_1_18' title="bbox 526 1908 2087 1983">
    <p class='ocr_par' dir='ltr' id='par_1_18' title="bbox 526 1908 2087 1983">
     <span class='ocr_line' id='line_1_18' title="bbox 526 1908 2087 1983; baseline -0.005 -12"><span class='ocrx_word' id='word_1_117' title='bbox 526 1928 595 1972; x_wconf 88' lang='lat' dir='ltr'><strong><em>tet</em></strong></span> <span class='ocrx_word' id='word_1_118' title='bbox 626 1927 675 1973; x_wconf 89' lang='lat' dir='ltr'><strong><em>et</em></strong></span> <span class='ocrx_word' id='word_1_119' title='bbox 707 1918 847 1971; x_wconf 83' lang='lat' dir='ltr'><strong><em>vobis</em></strong></span> <span class='ocrx_word' id='word_1_120' title='bbox 875 1915 1037 1970; x_wconf 86' lang='lat' dir='ltr'><strong><em>Pater</em></strong></span> <span class='ocrx_word' id='word_1_121' title='bbox 1065 1926 1230 1969; x_wconf 83' lang='lat' dir='ltr'><strong><em>vester</em></strong></span> <span class='ocrx_word' id='word_1_122' title='bbox 1265 1914 1488 1968; x_wconf 63' lang='lat' dir='ltr'><strong><em>caelestis</em></strong></span> <span class='ocrx_word' id='word_1_123' title='bbox 1514 1911 1728 1983; x_wconf 76' lang='lat' dir='ltr'><strong><em>(Matth.</em></strong></span> <span class='ocrx_word' id='word_1_124' title='bbox 1754 1928 1827 1975; x_wconf 70' lang='lat' dir='ltr'><strong><em>vn,</em></strong></span> <span class='ocrx_word' id='word_1_125' title='bbox 1855 1910 1941 1978; x_wconf 75' lang='lat' dir='ltr'><strong><em>M,</em></strong></span> <span class='ocrx_word' id='word_1_126' title='bbox 1977 1908 2087 1980; x_wconf 81' lang='grc'><em>15).</em></span> 
     </span>
    </p>
   </div>
   <div class='ocr_carea' id='block_1_19' title="bbox 1073 2125 1535 2189">
    <p class='ocr_par' dir='ltr' id='par_1_19' title="bbox 1073 2125 1535 2189">
     <span class='ocr_line' id='line_1_19' title="bbox 1073 2125 1535 2189; baseline -0.009 -1"><span class='ocrx_word' id='word_1_127' title='bbox 1073 2132 1355 2189; x_wconf 78' lang='lat' dir='ltr'><strong><em>REGULA</em></strong></span> <span class='ocrx_word' id='word_1_128' title='bbox 1402 2125 1535 2185; x_wconf 70' lang='lat' dir='ltr'><strong>LIV.</strong></span> 
     </span>
    </p>
   </div>
   <div class='ocr_carea' id='block_1_20' title="bbox 526 2219 2089 2296">
    <p class='ocr_par' dir='ltr' id='par_1_20' title="bbox 526 2219 2089 2296">
     <span class='ocr_line' id='line_1_20' title="bbox 526 2219 2089 2296; baseline -0.007 -13"><span class='ocrx_word' id='word_1_129' title='bbox 526 2227 681 2295; x_wconf 85' lang='lat' dir='ltr'><strong><em>Quod</em></strong></span> <span class='ocrx_word' id='word_1_130' title='bbox 716 2243 829 2283; x_wconf 88' lang='lat' dir='ltr'><strong><em>non</em></strong></span> <span class='ocrx_word' id='word_1_131' title='bbox 879 2233 1094 2296; x_wconf 74' lang='lat' dir='ltr'><strong><em>oportet</em></strong></span> <span class='ocrx_word' id='word_1_132' title='bbox 1127 2240 1186 2279; x_wconf 89' lang='lat' dir='ltr'><strong><em>se</em></strong></span> <span class='ocrx_word' id='word_1_133' title='bbox 1223 2224 1454 2277; x_wconf 83' lang='lat' dir='ltr'><strong><em>invicem</em></strong></span> <span class='ocrx_word' id='word_1_134' title='bbox 1485 2223 1732 2291; x_wconf 85' lang='lat' dir='ltr'><strong><em>judicare</em></strong></span> <span class='ocrx_word' id='word_1_135' title='bbox 1777 2219 1831 2274; x_wconf 85' lang='lat' dir='ltr'><strong><em>in</em></strong></span> <span class='ocrx_word' id='word_1_136' title='bbox 1866 2220 1935 2275; x_wconf 85' lang='lat' dir='ltr'><strong><em>iis</em></strong></span> <span class='ocrx_word' id='word_1_137' title='bbox 1970 2233 2089 2290; x_wconf 70' lang='lat' dir='ltr'><strong><em>quae</em></strong></span> 
     </span>
    </p>
   </div>
   <div class='ocr_carea' id='block_1_21' title="bbox 899 2315 1709 2386">
    <p class='ocr_par' dir='ltr' id='par_1_21' title="bbox 899 2315 1709 2386">
     <span class='ocr_line' id='line_1_21' title="bbox 899 2315 1709 2386; baseline -0.006 -14"><span class='ocrx_word' id='word_1_138' title='bbox 899 2334 931 2372; x_wconf 87' lang='lat' dir='ltr'><strong><em>a</em></strong></span> <span class='ocrx_word' id='word_1_139' title='bbox 960 2315 1243 2386; x_wconf 83' lang='lat' dir='ltr'><strong><em>Scriptura</em></strong></span> <span class='ocrx_word' id='word_1_140' title='bbox 1274 2317 1401 2370; x_wconf 86' lang='lat' dir='ltr'><strong><em>sunt</em></strong></span> <span class='ocrx_word' id='word_1_141' title='bbox 1429 2327 1709 2367; x_wconf 81' lang='lat' dir='ltr'><strong><em>concessa.</em></strong></span> 
     </span>
    </p>
   </div>
   <div class='ocr_carea' id='block_1_22' title="bbox 1176 2426 1430 2496">
    <p class='ocr_par' dir='ltr' id='par_1_22' title="bbox 1176 2426 1430 2496">
     <span class='ocr_line' id='line_1_22' title="bbox 1176 2426 1430 2496; baseline 0 -13"><span class='ocrx_word' id='word_1_142' title='bbox 1176 2428 1350 2496; x_wconf 81' lang='lat' dir='ltr'><strong><em>Caput</em></strong></span> <span class='ocrx_word' id='word_1_143' title='bbox 1382 2426 1430 2483; x_wconf 88' lang='grc' dir='ltr'><em>Ι.</em></span> 
     </span>
    </p>
   </div>
   <div class='ocr_carea' id='block_1_23' title="bbox 598 2515 2088 2592">
    <p class='ocr_par' dir='ltr' id='par_1_23' title="bbox 598 2515 2088 2592">
     <span class='ocr_line' id='line_1_23' title="bbox 598 2515 2088 2592; baseline -0.005 -13"><span class='ocrx_word' id='word_1_144' title='bbox 598 2524 777 2579; x_wconf 90' lang='lat' dir='ltr'><strong><em>Nolite</em></strong></span> <span class='ocrx_word' id='word_1_145' title='bbox 812 2522 1077 2592; x_wconf 85' lang='lat' dir='ltr'><strong><em>judicare,</em></strong></span> <span class='ocrx_word' id='word_1_146' title='bbox 1110 2529 1167 2575; x_wconf 91' lang='lat' dir='ltr'><strong><em>ut</em></strong></span> <span class='ocrx_word' id='word_1_147' title='bbox 1201 2537 1303 2573; x_wconf 87' lang='lat' dir='ltr'><strong><em>non</em></strong></span> <span class='ocrx_word' id='word_1_148' title='bbox 1338 2519 1670 2589; x_wconf 88' lang='lat' dir='ltr'><strong><em>judicemini.</em></strong></span> <span class='ocrx_word' id='word_1_149' title='bbox 1699 2515 1764 2570; x_wconf 82' lang='lat' dir='ltr'><strong><em>In</em></strong></span> <span class='ocrx_word' id='word_1_150' title='bbox 1803 2534 1903 2587; x_wconf 89' lang='lat' dir='ltr'><strong><em>quo</em></strong></span> <span class='ocrx_word' id='word_1_151' title='bbox 1949 2518 2088 2571; x_wconf 83' lang='lat' dir='ltr'><strong><em>enim</em></strong></span> 
     </span>
    </p>
   </div>
   <div class='ocr_carea' id='block_1_24' title="bbox 519 2605 2089 2686">
    <p class='ocr_par' dir='ltr' id='par_1_24' title="bbox 519 2605 2089 2686">
     <span class='ocr_line' id='line_1_24' title="bbox 519 2605 2089 2686; baseline -0.005 -18"><span class='ocrx_word' id='word_1_152' title='bbox 519 2615 720 2686; x_wconf 84' lang='lat' dir='ltr'><strong><em>judicio</em></strong></span> <span class='ocrx_word' id='word_1_153' title='bbox 738 2613 1020 2683; x_wconf 87' lang='lat' dir='ltr'><strong><em>judicatis,</em></strong></span> <span class='ocrx_word' id='word_1_154' title='bbox 1041 2610 1419 2682; x_wconf 85' lang='lat' dir='ltr'><strong><em>judicabimini</em></strong></span> <span class='ocrx_word' id='word_1_155' title='bbox 1445 2607 1661 2680; x_wconf 79' lang='lat' dir='ltr'><strong><em>(Matth.</em></strong></span> <span class='ocrx_word' id='word_1_156' title='bbox 1695 2623 1793 2672; x_wconf 86' lang='lat' dir='ltr'><strong><em>vu,</em></strong></span> <span class='ocrx_word' id='word_1_157' title='bbox 1822 2610 1941 2680; x_wconf 92' lang='grc'><em>1)...</em></span> <span class='ocrx_word' id='word_1_158' title='bbox 1975 2605 2089 2660; x_wconf 88' lang='grc' dir='ltr'><strong><em>Νο-</em></strong></span> 
     </span>
    </p>
   </div>
   <div class='ocr_carea' id='block_1_25' title="bbox 525 2702 2090 2777">
    <p class='ocr_par' dir='ltr' id='par_1_25' title="bbox 525 2702 2090 2777">
     <span class='ocr_line' id='line_1_25' title="bbox 525 2702 2090 2777; baseline -0.004 -16"><span class='ocrx_word' id='word_1_159' title='bbox 525 2708 615 2761; x_wconf 85' lang='lat' dir='ltr'><strong><em>lite</em></strong></span> <span class='ocrx_word' id='word_1_160' title='bbox 651 2707 915 2777; x_wconf 85' lang='lat' dir='ltr'><strong><em>judicare,</em></strong></span> <span class='ocrx_word' id='word_1_161' title='bbox 966 2714 1016 2758; x_wconf 90' lang='lat' dir='ltr'><strong><em>et</em></strong></span> <span class='ocrx_word' id='word_1_162' title='bbox 1059 2721 1164 2757; x_wconf 86' lang='lat' dir='ltr'><strong><em>non</em></strong></span> <span class='ocrx_word' id='word_1_163' title='bbox 1196 2702 1574 2773; x_wconf 83' lang='lat' dir='ltr'><strong><em>judicabimini</em></strong></span> <span class='ocrx_word' id='word_1_164' title='bbox 1598 2718 1617 2756; x_wconf 92' lang='lat'><strong><em>:</em></strong></span> <span class='ocrx_word' id='word_1_165' title='bbox 1644 2702 1807 2757; x_wconf 78' lang='lat' dir='ltr'><strong><em>nolite</em></strong></span> <span class='ocrx_word' id='word_1_166' title='bbox 1846 2702 2090 2758; x_wconf 83' lang='lat' dir='ltr'><strong><em>condem—</em></strong></span> 
     </span>
    </p>
   </div>
   <div class='ocr_carea' id='block_1_26' title="bbox 524 2790 2088 2866">
    <p class='ocr_par' dir='ltr' id='par_1_26' title="bbox 524 2790 2088 2866">
     <span class='ocr_line' id='line_1_26' title="bbox 524 2790 2088 2866; baseline -0.003 -13"><span class='ocrx_word' id='word_1_167' title='bbox 524 2814 674 2863; x_wconf 86' lang='lat' dir='ltr'><strong><em>nare,</em></strong></span> <span class='ocrx_word' id='word_1_168' title='bbox 705 2807 754 2852; x_wconf 92' lang='lat' dir='ltr'><strong><em>et</em></strong></span> <span class='ocrx_word' id='word_1_169' title='bbox 780 2814 882 2851; x_wconf 89' lang='lat' dir='ltr'><strong><em>non</em></strong></span> <span class='ocrx_word' id='word_1_170' title='bbox 920 2794 1396 2850; x_wconf 88' lang='lat' dir='ltr'><strong><em>condemnabimini</em></strong></span> <span class='ocrx_word' id='word_1_171' title='bbox 1435 2795 1587 2864; x_wconf 85' lang='lat' dir='ltr'><strong><em>(Luc.</em></strong></span> <span class='ocrx_word' id='word_1_172' title='bbox 1614 2810 1688 2860; x_wconf 77' lang='lat' dir='ltr'><strong><em>v1,</em></strong></span> <span class='ocrx_word' id='word_1_173' title='bbox 1720 2790 1905 2866; x_wconf 80' lang='lat'><strong>57)....</strong></span> <span class='ocrx_word' id='word_1_174' title='bbox 1937 2795 2088 2849; x_wconf 81' lang='lat' dir='ltr'><strong><em>Alius</em></strong></span> 
     </span>
    </p>
   </div>
   <div class='ocr_carea' id='block_1_27' title="bbox 523 2885 2091 2959">
    <p class='ocr_par' dir='ltr' id='par_1_27' title="bbox 523 2885 2091 2959">
     <span class='ocr_line' id='line_1_27' title="bbox 523 2885 2091 2959; baseline -0.001 -18"><span class='ocrx_word' id='word_1_175' title='bbox 523 2887 731 2959; x_wconf 82' lang='lat' dir='ltr'><strong><em>quidem</em></strong></span> <span class='ocrx_word' id='word_1_176' title='bbox 753 2890 915 2941; x_wconf 87' lang='lat' dir='ltr'><strong><em>credit</em></strong></span> <span class='ocrx_word' id='word_1_177' title='bbox 946 2902 1001 2941; x_wconf 89' lang='lat' dir='ltr'><strong><em>se</em></strong></span> <span class='ocrx_word' id='word_1_178' title='bbox 1024 2885 1346 2940; x_wconf 85' lang='lat' dir='ltr'><strong><em>manducare</em></strong></span> <span class='ocrx_word' id='word_1_179' title='bbox 1379 2886 1589 2948; x_wconf 84' lang='lat' dir='ltr'><strong><em>omnia;</em></strong></span> <span class='ocrx_word' id='word_1_180' title='bbox 1617 2886 1706 2954; x_wconf 88' lang='lat' dir='ltr'><strong><em>qui</em></strong></span> <span class='ocrx_word' id='word_1_181' title='bbox 1736 2893 1908 2939; x_wconf 85' lang='lat' dir='ltr'><strong><em>autem</em></strong></span> <span class='ocrx_word' id='word_1_182' title='bbox 1940 2886 2091 2954; x_wconf 80' lang='lat' dir='ltr'><strong><em>inﬁr-</em></strong></span> 
     </span>
    </p>
   </div>
   <div class='ocr_carea' id='block_1_28' title="bbox 526 2972 2086 3043">
    <p class='ocr_par' dir='ltr' id='par_1_28' title="bbox 526 2972 2086 3043">
     <span class='ocr_line' id='line_1_28' title="bbox 526 2972 2086 3043; baseline -0.003 -11"><span class='ocrx_word' id='word_1_183' title='bbox 526 2994 641 3032; x_wconf 78' lang='lat' dir='ltr'><strong><em>mus</em></strong></span> <span class='ocrx_word' id='word_1_184' title='bbox 682 2986 781 3037; x_wconf 85' lang='lat' dir='ltr'><strong><em>est.</em></strong></span> <span class='ocrx_word' id='word_1_185' title='bbox 839 2977 985 3030; x_wconf 84' lang='lat' dir='ltr'><strong><em>olera</em></strong></span> <span class='ocrx_word' id='word_1_186' title='bbox 1037 2973 1338 3028; x_wconf 88' lang='lat' dir='ltr'><strong><em>manducat.</em></strong></span> <span class='ocrx_word' id='word_1_187' title='bbox 1383 2972 1440 3027; x_wconf 87' lang='lat' dir='ltr'><strong><em>Is</em></strong></span> <span class='ocrx_word' id='word_1_188' title='bbox 1492 2974 1581 3043; x_wconf 87' lang='lat' dir='ltr'><strong><em>qui</em></strong></span> <span class='ocrx_word' id='word_1_189' title='bbox 1623 2974 1931 3038; x_wconf 86' lang='lat' dir='ltr'><strong><em>manducat,</em></strong></span> <span class='ocrx_word' id='word_1_190' title='bbox 1984 2992 2086 3029; x_wconf 84' lang='lat' dir='ltr'><strong><em>non</em></strong></span> 
     </span>
    </p>
   </div>
   <div class='ocr_carea' id='block_1_29' title="bbox 526 3068 2083 3137">
    <p class='ocr_par' dir='ltr' id='par_1_29' title="bbox 526 3068 2083 3137">
     <span class='ocr_line' id='line_1_29' title="bbox 526 3068 2083 3137; baseline -0.002 -15"><span class='ocrx_word' id='word_1_191' title='bbox 526 3068 928 3137; x_wconf 79' lang='lat' dir='ltr'><strong><em>manducantem</em></strong></span> <span class='ocrx_word' id='word_1_192' title='bbox 972 3082 1074 3119; x_wconf 88' lang='lat' dir='ltr'><strong><em>non</em></strong></span> <span class='ocrx_word' id='word_1_193' title='bbox 1119 3073 1325 3134; x_wconf 75' lang='lat' dir='ltr'><strong><em>spernat</em></strong></span> <span class='ocrx_word' id='word_1_194' title='bbox 1356 3075 1448 3119; x_wconf 90' lang='lat' dir='ltr'><strong><em>:et</em></strong></span> <span class='ocrx_word' id='word_1_195' title='bbox 1496 3068 1586 3135; x_wconf 86' lang='lat' dir='ltr'><strong><em>qui</em></strong></span> <span class='ocrx_word' id='word_1_196' title='bbox 1621 3083 1722 3120; x_wconf 90' lang='lat' dir='ltr'><strong><em>non</em></strong></span> <span class='ocrx_word' id='word_1_197' title='bbox 1766 3068 2083 3131; x_wconf 75' lang='lat' dir='ltr'><strong><em>manducet,</em></strong></span> 
     </span>
    </p>
   </div>
   <div class='ocr_carea' id='block_1_30' title="bbox 2189 519 3747 595">
    <p class='ocr_par' dir='ltr' id='par_1_30' title="bbox 2189 519 3747 595">
     <span class='ocr_line' id='line_1_30' title="bbox 2189 519 3747 595; baseline -0.004 -16"><span class='ocrx_word' id='word_1_198' title='bbox 2189 527 2400 595; x_wconf 81' lang='grc' dir='ltr'><strong><em>μόνου.</em></strong></span> <span class='ocrx_word' id='word_1_199' title='bbox 2434 525 2571 578; x_wconf 75' lang='grc' dir='ltr'><em>Ἐάν</em></span> <span class='ocrx_word' id='word_1_200' title='bbox 2592 541 2709 579; x_wconf 84' lang='grc' dir='ltr'><em>σου</em></span> <span class='ocrx_word' id='word_1_201' title='bbox 2728 525 2985 592; x_wconf 70' lang='grc' dir='ltr'><em>ἀκούσῃ,</em></span> <span class='ocrx_word' id='word_1_202' title='bbox 3011 522 3343 590; x_wconf 79' lang='grc' dir='ltr'><strong><em>ἐκέρδησας</em></strong></span> <span class='ocrx_word' id='word_1_203' title='bbox 3368 520 3474 573; x_wconf 84' lang='grc' dir='ltr'><strong><em>τὸν</em></strong></span> <span class='ocrx_word' id='word_1_204' title='bbox 3500 519 3747 589; x_wconf 54' lang='grc' dir='ltr'><em>ἀδελφόν</em></span> 
     </span>
    </p>
   </div>
   <div class='ocr_carea' id='block_1_31' title="bbox 2194 610 3749 685">
    <p class='ocr_par' dir='ltr' id='par_1_31' title="bbox 2194 610 3749 685">
     <span class='ocr_line' id='line_1_31' title="bbox 2194 610 3749 685; baseline -0.005 -15"><span class='ocrx_word' id='word_1_205' title='bbox 2194 632 2309 671; x_wconf 88' lang='grc' dir='ltr'><em>σου</em></span> <span class='ocrx_word' id='word_1_206' title='bbox 2328 632 2342 647; x_wconf 76' lang='grc'><strong><em>⁸</em></strong></span> <span class='ocrx_word' id='word_1_207' title='bbox 2369 617 2477 671; x_wconf 79' lang='grc' dir='ltr'><em>ἐὰν</em></span> <span class='ocrx_word' id='word_1_208' title='bbox 2505 616 2572 669; x_wconf 86' lang='grc' dir='ltr'><em>δὲ</em></span> <span class='ocrx_word' id='word_1_209' title='bbox 2594 616 2681 685; x_wconf 82' lang='grc' dir='ltr'><em>μὴ</em></span> <span class='ocrx_word' id='word_1_210' title='bbox 2716 618 2970 684; x_wconf 77' lang='grc' dir='ltr'><strong><em>ἀκούσῃ,</em></strong></span> <span class='ocrx_word' id='word_1_211' title='bbox 3011 612 3314 682; x_wconf 84' lang='grc' dir='ltr'><em>παράλαϐε</em></span> <span class='ocrx_word' id='word_1_212' title='bbox 3338 612 3490 680; x_wconf 82' lang='grc' dir='ltr'><em>μετὰ</em></span> <span class='ocrx_word' id='word_1_213' title='bbox 3516 611 3632 664; x_wconf 85' lang='grc' dir='ltr'><em>σοῦ</em></span> <span class='ocrx_word' id='word_1_214' title='bbox 3656 610 3749 664; x_wconf 76' lang='grc' dir='ltr'><em>ἕνα</em></span> 
     </span>
    </p>
   </div>
   <div class='ocr_carea' id='block_1_32' title="bbox 2192 702 3748 778">
    <p class='ocr_par' dir='ltr' id='par_1_32' title="bbox 2192 702 3748 778">
     <span class='ocr_line' id='line_1_32' title="bbox 2192 702 3748 778; baseline -0.006 -15"><span class='ocrx_word' id='word_1_215' title='bbox 2192 710 2231 777; x_wconf 78' lang='grc' dir='ltr'><strong>ἢ</strong></span> <span class='ocrx_word' id='word_1_216' title='bbox 2266 709 2394 773; x_wconf 86' lang='grc' dir='ltr'><em>δύο,</em></span> <span class='ocrx_word' id='word_1_217' title='bbox 2428 709 2532 762; x_wconf 78' lang='grc' dir='ltr'><em>ἵνα</em></span> <span class='ocrx_word' id='word_1_218' title='bbox 2567 709 2666 762; x_wconf 79' lang='grc' dir='ltr'><strong><em>ἐπὶ</em></strong></span> <span class='ocrx_word' id='word_1_219' title='bbox 2704 710 3001 778; x_wconf 82' lang='grc' dir='ltr'><em>στόματος</em></span> <span class='ocrx_word' id='word_1_220' title='bbox 3029 707 3137 760; x_wconf 85' lang='grc' dir='ltr'><em>δύο</em></span> <span class='ocrx_word' id='word_1_221' title='bbox 3177 704 3214 773; x_wconf 78' lang='grc' dir='ltr'>ἢ</span> <span class='ocrx_word' id='word_1_222' title='bbox 3250 702 3428 773; x_wconf 83' lang='grc' dir='ltr'><strong><em>τριῶν</em></strong></span> <span class='ocrx_word' id='word_1_223' title='bbox 3451 703 3748 772; x_wconf 74' lang='grc' dir='ltr'><em>μαρτύρων</em></span> 
     </span>
    </p>
   </div>
   <div class='ocr_carea' id='block_1_33' title="bbox 2192 793 3749 870">
    <p class='ocr_par' dir='ltr' id='par_1_33' title="bbox 2192 793 3749 870">
     <span class='ocr_line' id='line_1_33' title="bbox 2192 793 3749 870; baseline -0.006 -16"><span class='ocrx_word' id='word_1_224' title='bbox 2192 800 2385 870; x_wconf 75' lang='grc' dir='ltr'><em>σταθῇ</em></span> <span class='ocrx_word' id='word_1_225' title='bbox 2408 800 2531 856; x_wconf 82' lang='grc' dir='ltr'><strong><em>πᾶν</em></strong></span> <span class='ocrx_word' id='word_1_226' title='bbox 2543 800 2729 869; x_wconf 77' lang='grc' dir='ltr'><em>ῥῆμα.</em></span> <span class='ocrx_word' id='word_1_227' title='bbox 2762 800 2896 853; x_wconf 82' lang='grc' dir='ltr'><em>Ἐὰν</em></span> <span class='ocrx_word' id='word_1_228' title='bbox 2917 798 2985 852; x_wconf 86' lang='grc' dir='ltr'><em>δὲ</em></span> <span class='ocrx_word' id='word_1_229' title='bbox 3006 798 3359 866; x_wconf 77' lang='grc' dir='ltr'><strong><em>παρακούσῃ</em></strong></span> <span class='ocrx_word' id='word_1_230' title='bbox 3383 793 3605 859; x_wconf 80' lang='grc' dir='ltr'><em>αὐτῶν,</em></span> <span class='ocrx_word' id='word_1_231' title='bbox 3636 793 3749 847; x_wconf 78' lang='grc' dir='ltr'><em>εἰπὲ</em></span> 
     </span>
    </p>
   </div>
   <div class='ocr_carea' id='block_1_34' title="bbox 2192 885 3749 963">
    <p class='ocr_par' dir='ltr' id='par_1_34' title="bbox 2192 885 3749 963">
     <span class='ocr_line' id='line_1_34' title="bbox 2192 885 3749 963; baseline -0.005 -17"><span class='ocrx_word' id='word_1_232' title='bbox 2192 892 2267 963; x_wconf 75' lang='grc' dir='ltr'><em>τῇ</em></span> <span class='ocrx_word' id='word_1_233' title='bbox 2306 894 2654 961; x_wconf 70' lang='grc' dir='ltr'><em>Ἐκκλησία·</em></span> <span class='ocrx_word' id='word_1_234' title='bbox 2683 892 2791 945; x_wconf 84' lang='grc' dir='ltr'><strong><em>ἐὰν</em></strong></span> <span class='ocrx_word' id='word_1_235' title='bbox 2832 890 2899 945; x_wconf 82' lang='grc' dir='ltr'><em>δὲ</em></span> <span class='ocrx_word' id='word_1_236' title='bbox 2930 892 3028 946; x_wconf 77' lang='grc' dir='ltr'><em>καὶ</em></span> <span class='ocrx_word' id='word_1_237' title='bbox 3065 888 3175 958; x_wconf 84' lang='grc' dir='ltr'><em>τῆς</em></span> <span class='ocrx_word' id='word_1_238' title='bbox 3218 885 3578 954; x_wconf 81' lang='grc' dir='ltr'><em>Ἐκκλησίας</em></span> <span class='ocrx_word' id='word_1_239' title='bbox 3620 901 3749 952; x_wconf 85' lang='grc' dir='ltr'><em>παρ-</em></span> 
     </span>
    </p>
   </div>
   <div class='ocr_carea' id='block_1_35' title="bbox 2191 978 3751 1054">
    <p class='ocr_par' dir='ltr' id='par_1_35' title="bbox 2191 978 3751 1054">
     <span class='ocr_line' id='line_1_35' title="bbox 2191 978 3751 1054; baseline -0.006 -15"><span class='ocrx_word' id='word_1_240' title='bbox 2191 985 2456 1054; x_wconf 78' lang='grc' dir='ltr'><em>ακούσῃ,</em></span> <span class='ocrx_word' id='word_1_241' title='bbox 2510 984 2664 1038; x_wconf 77' lang='grc' dir='ltr'><em>ἔστω</em></span> <span class='ocrx_word' id='word_1_242' title='bbox 2712 1000 2811 1038; x_wconf 88' lang='grc' dir='ltr'><strong><em>σοι</em></strong></span> <span class='ocrx_word' id='word_1_243' title='bbox 2866 982 3068 1051; x_wconf 85' lang='grc' dir='ltr'><em>ὥσπερ</em></span> <span class='ocrx_word' id='word_1_244' title='bbox 3115 984 3149 1036; x_wconf 82' lang='grc' dir='ltr'><em>ὁ</em></span> <span class='ocrx_word' id='word_1_245' title='bbox 3191 979 3424 1045; x_wconf 78' lang='grc' dir='ltr'><em>ἐθνικὸς</em></span> <span class='ocrx_word' id='word_1_246' title='bbox 3464 978 3565 1032; x_wconf 80' lang='grc' dir='ltr'><em>καὶ</em></span> <span class='ocrx_word' id='word_1_247' title='bbox 3607 980 3641 1031; x_wconf 82' lang='grc' dir='ltr'><em>ὁ</em></span> <span class='ocrx_word' id='word_1_248' title='bbox 3673 994 3751 1030; x_wconf 83' lang='grc' dir='ltr'><em>τε·</em></span> 
     </span>
    </p>
   </div>
   <div class='ocr_carea' id='block_1_36' title="bbox 2188 1075 2406 1145">
    <p class='ocr_par' dir='ltr' id='par_1_36' title="bbox 2188 1075 2406 1145">
     <span class='ocr_line' id='line_1_36' title="bbox 2188 1075 2406 1145; baseline 0.005 -15"><span class='ocrx_word' id='word_1_249' title='bbox 2188 1075 2406 1145; x_wconf 81' lang='grc' dir='ltr'><em>λώνης.</em></span> 
     </span>
    </p>
   </div>
   <div class='ocr_carea' id='block_1_37' title="bbox 2807 1200 3119 1256">
    <p class='ocr_par' dir='ltr' id='par_1_37' title="bbox 2807 1200 3119 1256">
     <span class='ocr_line' id='line_1_37' title="bbox 2807 1200 3119 1256; baseline -0.013 0"><span class='ocrx_word' id='word_1_250' title='bbox 2807 1202 2982 1256; x_wconf 89' lang='grc' dir='ltr'><strong>ΟΡΟΣ</strong></span> <span class='ocrx_word' id='word_1_251' title='bbox 3019 1200 3119 1253; x_wconf 80' lang='lat' dir='ltr'><strong><em>NI&quot;</em></strong></span> 
     </span>
    </p>
   </div>
   <div class='ocr_carea' id='block_1_38' title="bbox 2189 1286 3751 1365">
    <p class='ocr_par' dir='ltr' id='par_1_38' title="bbox 2189 1286 3751 1365">
     <span class='ocr_line' id='line_1_38' title="bbox 2189 1286 3751 1365; baseline -0.008 -15"><span class='ocrx_word' id='word_1_252' title='bbox 2189 1297 2316 1350; x_wconf 81' lang='grc' dir='ltr'><strong><em>Ὅτι</em></strong></span> <span class='ocrx_word' id='word_1_253' title='bbox 2346 1296 2405 1349; x_wconf 82' lang='grc' dir='ltr'><em>οὐ</em></span> <span class='ocrx_word' id='word_1_254' title='bbox 2433 1296 2514 1350; x_wconf 85' lang='grc' dir='ltr'><strong><em>δεῖ</em></strong></span> <span class='ocrx_word' id='word_1_255' title='bbox 2552 1295 2644 1348; x_wconf 81' lang='grc' dir='ltr'><strong><em>τδν</em></strong></span> <span class='ocrx_word' id='word_1_256' title='bbox 2688 1294 3011 1365; x_wconf 80' lang='grc' dir='ltr'><strong><em>Χριστιανὸν</em></strong></span> <span class='ocrx_word' id='word_1_257' title='bbox 3058 1292 3450 1363; x_wconf 80' lang='grc' dir='ltr'><strong><em>μνησικακεῖν,</em></strong></span> <span class='ocrx_word' id='word_1_258' title='bbox 3497 1286 3615 1341; x_wconf 83' lang='grc' dir='ltr'><em>ἀλλ’</em></span> <span class='ocrx_word' id='word_1_259' title='bbox 3658 1286 3751 1340; x_wconf 76' lang='grc' dir='ltr'><strong><em>ἀπὸ</em></strong></span> 
     </span>
    </p>
   </div>
   <div class='ocr_carea' id='block_1_39' title="bbox 2294 1381 3636 1460">
    <p class='ocr_par' dir='ltr' id='par_1_39' title="bbox 2294 1381 3636 1460">
     <span class='ocr_line' id='line_1_39' title="bbox 2294 1381 3636 1460; baseline -0.007 -18"><span class='ocrx_word' id='word_1_260' title='bbox 2294 1389 2519 1460; x_wconf 72' lang='grc' dir='ltr'><em>καρδίας</em></span> <span class='ocrx_word' id='word_1_261' title='bbox 2543 1389 2762 1457; x_wconf 82' lang='grc' dir='ltr'><strong><em>ἀφιέναι</em></strong></span> <span class='ocrx_word' id='word_1_262' title='bbox 2795 1390 2906 1450; x_wconf 81' lang='grc' dir='ltr'><em>τοῖς</em></span> <span class='ocrx_word' id='word_1_263' title='bbox 2933 1387 3015 1449; x_wconf 79' lang='grc' dir='ltr'><em>εἰς</em></span> <span class='ocrx_word' id='word_1_264' title='bbox 3040 1384 3202 1438; x_wconf 78' lang='grc' dir='ltr'><em>αὐτὸν</em></span> <span class='ocrx_word' id='word_1_265' title='bbox 3232 1381 3636 1454; x_wconf 70' lang='grc' dir='ltr'><em>ἡμαρτηκόσιν.</em></span> 
     </span>
    </p>
   </div>
   <div class='ocr_carea' id='block_1_40' title="bbox 2792 1580 3124 1653">
    <p class='ocr_par' dir='ltr' id='par_1_40' title="bbox 2792 1580 3124 1653">
     <span class='ocr_line' id='line_1_40' title="bbox 2792 1580 3124 1653; baseline -0.009 -15"><span class='ocrx_word' id='word_1_266' title='bbox 2792 1582 3014 1653; x_wconf 73' lang='grc' dir='ltr'><em>Κεφάλ.</em></span> <span class='ocrx_word' id='word_1_267' title='bbox 3051 1580 3124 1636; x_wconf 83' lang='grc' dir='ltr'><em>α’.</em></span> 
     </span>
    </p>
   </div>
   <div class='ocr_carea' id='block_1_41' title="bbox 2260 1664 3749 1744">
    <p class='ocr_par' dir='ltr' id='par_1_41' title="bbox 2260 1664 3749 1744">
     <span class='ocr_line' id='line_1_41' title="bbox 2260 1664 3749 1744; baseline -0.006 -15"><span class='ocrx_word' id='word_1_268' title='bbox 2260 1675 2626 1729; x_wconf 70' lang='grc' dir='ltr'><strong><em>ΜΑΤΘΑῘΟΣ.</em></strong></span> <span class='ocrx_word' id='word_1_269' title='bbox 2678 1674 2819 1728; x_wconf 86' lang='grc' dir='ltr'><strong><em>Ἐὰν</em></strong></span> <span class='ocrx_word' id='word_1_270' title='bbox 2860 1675 2949 1744; x_wconf 80' lang='grc' dir='ltr'><em>μὴ</em></span> <span class='ocrx_word' id='word_1_271' title='bbox 2977 1672 3090 1742; x_wconf 68' lang='lat'><strong><em>(&#39;26)</em></strong></span> <span class='ocrx_word' id='word_1_272' title='bbox 3139 1668 3330 1740; x_wconf 72' lang='grc' dir='ltr'><em>ἀφῆτε</em></span> <span class='ocrx_word' id='word_1_273' title='bbox 3367 1665 3494 1732; x_wconf 79' lang='grc' dir='ltr'><em>τοῖς</em></span> <span class='ocrx_word' id='word_1_274' title='bbox 3538 1664 3749 1733; x_wconf 80' lang='grc' dir='ltr'><em>ἀνθρὼ-</em></span> 
     </span>
    </p>
   </div>
   <div class='ocr_carea' id='block_1_42' title="bbox 2191 1753 3754 1834">
    <p class='ocr_par' dir='ltr' id='par_1_42' title="bbox 2191 1753 3754 1834">
     <span class='ocr_line' id='line_1_42' title="bbox 2191 1753 3754 1834; baseline -0.006 -16"><span class='ocrx_word' id='word_1_275' title='bbox 2191 1780 2326 1831; x_wconf 85' lang='grc' dir='ltr'><em>ποις</em></span> <span class='ocrx_word' id='word_1_276' title='bbox 2352 1769 2424 1819; x_wconf 86' lang='grc' dir='ltr'><em>τὰ</em></span> <span class='ocrx_word' id='word_1_277' title='bbox 2444 1763 2883 1834; x_wconf 79' lang='grc' dir='ltr'><strong><em>παραπτώματα</em></strong></span> <span class='ocrx_word' id='word_1_278' title='bbox 2908 1762 3127 1828; x_wconf 84' lang='grc' dir='ltr'><em>αὐτῶν,</em></span> <span class='ocrx_word' id='word_1_279' title='bbox 3156 1759 3298 1815; x_wconf 81' lang='grc' dir='ltr'><strong><em>οὐδὲ</em></strong></span> <span class='ocrx_word' id='word_1_280' title='bbox 3316 1762 3348 1812; x_wconf 84' lang='grc' dir='ltr'><em>ὁ</em></span> <span class='ocrx_word' id='word_1_281' title='bbox 3370 1756 3578 1825; x_wconf 79' lang='grc' dir='ltr'><em>Πατὴρ</em></span> <span class='ocrx_word' id='word_1_282' title='bbox 3600 1753 3754 1825; x_wconf 77' lang='grc' dir='ltr'><em>ὑμῶν</em></span> 
     </span>
    </p>
   </div>
   <div class='ocr_carea' id='block_1_43' title="bbox 2190 1847 3754 1926">
    <p class='ocr_par' dir='ltr' id='par_1_43' title="bbox 2190 1847 3754 1926">
     <span class='ocr_line' id='line_1_43' title="bbox 2190 1847 3754 1926; baseline -0.008 -14"><span class='ocrx_word' id='word_1_283' title='bbox 2190 1862 2222 1912; x_wconf 84' lang='grc' dir='ltr'><em>ὀ</em></span> <span class='ocrx_word' id='word_1_284' title='bbox 2260 1857 2537 1925; x_wconf 80' lang='grc' dir='ltr'><em>οὐράνιος</em></span> <span class='ocrx_word' id='word_1_285' title='bbox 2563 1856 2790 1926; x_wconf 69' lang='grc' dir='ltr'><em>ἀφήσει</em></span> <span class='ocrx_word' id='word_1_286' title='bbox 2837 1858 2908 1910; x_wconf 87' lang='grc' dir='ltr'><em>τὰ</em></span> <span class='ocrx_word' id='word_1_287' title='bbox 2938 1852 3380 1921; x_wconf 77' lang='grc' dir='ltr'><em>παραπτώματα</em></span> <span class='ocrx_word' id='word_1_288' title='bbox 3413 1847 3586 1918; x_wconf 83' lang='grc' dir='ltr'><em>ὑμῶν</em></span> <span class='ocrx_word' id='word_1_289' title='bbox 3608 1864 3622 1877; x_wconf 88' lang='grc'><strong>·</strong></span> <span class='ocrx_word' id='word_1_290' title='bbox 3656 1848 3754 1901; x_wconf 80' lang='grc' dir='ltr'><strong><em>ἐὰν</em></strong></span> 
     </span>
    </p>
   </div>
   <div class='ocr_carea' id='block_1_44' title="bbox 2188 1938 3751 2018">
    <p class='ocr_par' dir='ltr' id='par_1_44' title="bbox 2188 1938 3751 2018">
     <span class='ocr_line' id='line_1_44' title="bbox 2188 1938 3751 2018; baseline -0.006 -15"><span class='ocrx_word' id='word_1_291' title='bbox 2188 1950 2255 2003; x_wconf 82' lang='grc' dir='ltr'><strong><em>δὲ</em></strong></span> <span class='ocrx_word' id='word_1_292' title='bbox 2275 1948 2464 2018; x_wconf 63' lang='grc' dir='ltr'><em>ἀερῆτε</em></span> <span class='ocrx_word' id='word_1_293' title='bbox 2486 1948 2610 2014; x_wconf 86' lang='grc' dir='ltr'><em>τοῖς</em></span> <span class='ocrx_word' id='word_1_294' title='bbox 2634 1948 2968 2017; x_wconf 84' lang='grc' dir='ltr'><em>ἀνθρώποις</em></span> <span class='ocrx_word' id='word_1_295' title='bbox 2992 1946 3063 2000; x_wconf 84' lang='grc' dir='ltr'><em>τὰ</em></span> <span class='ocrx_word' id='word_1_296' title='bbox 3085 1942 3525 2013; x_wconf 81' lang='grc' dir='ltr'><em>παραπτώματα</em></span> <span class='ocrx_word' id='word_1_297' title='bbox 3544 1938 3751 2003; x_wconf 80' lang='grc' dir='ltr'><em>αὐτῶν,</em></span> 
     </span>
    </p>
   </div>
   <div class='ocr_carea' id='block_1_45' title="bbox 2189 2032 3590 2112">
    <p class='ocr_par' dir='ltr' id='par_1_45' title="bbox 2189 2032 3590 2112">
     <span class='ocr_line' id='line_1_45' title="bbox 2189 2032 3590 2112; baseline -0.009 -14"><span class='ocrx_word' id='word_1_298' title='bbox 2189 2042 2408 2112; x_wconf 71' lang='grc' dir='ltr'><em>ἀφήσει</em></span> <span class='ocrx_word' id='word_1_299' title='bbox 2435 2042 2532 2096; x_wconf 79' lang='grc' dir='ltr'><em>καὶ</em></span> <span class='ocrx_word' id='word_1_300' title='bbox 2567 2040 2708 2111; x_wconf 84' lang='grc' dir='ltr'><em>ὑμῖν</em></span> <span class='ocrx_word' id='word_1_301' title='bbox 2737 2045 2771 2096; x_wconf 83' lang='grc' dir='ltr'><em>ὁ</em></span> <span class='ocrx_word' id='word_1_302' title='bbox 2800 2036 3002 2109; x_wconf 71' lang='grc' dir='ltr'><em>Πατὴρ</em></span> <span class='ocrx_word' id='word_1_303' title='bbox 3030 2036 3195 2108; x_wconf 77' lang='grc' dir='ltr'><em>ὑμῶν</em></span> <span class='ocrx_word' id='word_1_304' title='bbox 3229 2035 3260 2089; x_wconf 83' lang='grc' dir='ltr'><em>ὀ</em></span> <span class='ocrx_word' id='word_1_305' title='bbox 3288 2032 3590 2102; x_wconf 80' lang='grc' dir='ltr'><em>οὐράνιος.</em></span> 
     </span>
    </p>
   </div>
   <div class='ocr_carea' id='block_1_46' title="bbox 2793 2153 3139 2205">
    <p class='ocr_par' dir='ltr' id='par_1_46' title="bbox 2793 2153 3139 2205">
     <span class='ocr_line' id='line_1_46' title="bbox 2793 2153 3139 2205; baseline 0 0"><span class='ocrx_word' id='word_1_306' title='bbox 2793 2153 2968 2205; x_wconf 87' lang='grc' dir='ltr'><strong>ΟΡΟΣ</strong></span> <span class='ocrx_word' id='word_1_307' title='bbox 3014 2153 3139 2205; x_wconf 85' lang='grc' dir='ltr'><strong><em>ΝΔ’.</em></strong></span> 
     </span>
    </p>
   </div>
   <div class='ocr_carea' id='block_1_47' title="bbox 2190 2237 3756 2317">
    <p class='ocr_par' dir='ltr' id='par_1_47' title="bbox 2190 2237 3756 2317">
     <span class='ocr_line' id='line_1_47' title="bbox 2190 2237 3756 2317; baseline -0.007 -18"><span class='ocrx_word' id='word_1_308' title='bbox 2190 2245 2312 2298; x_wconf 75' lang='grc' dir='ltr'><em>Ὀτι</em></span> <span class='ocrx_word' id='word_1_309' title='bbox 2341 2247 2400 2299; x_wconf 80' lang='grc' dir='ltr'><em>οὐ</em></span> <span class='ocrx_word' id='word_1_310' title='bbox 2430 2246 2511 2299; x_wconf 83' lang='grc' dir='ltr'><strong><em>δεῖ</em></strong></span> <span class='ocrx_word' id='word_1_311' title='bbox 2548 2246 2754 2317; x_wconf 81' lang='grc' dir='ltr'><em>κρίνειν</em></span> <span class='ocrx_word' id='word_1_312' title='bbox 2783 2244 3047 2315; x_wconf 79' lang='grc' dir='ltr'><strong><em>ἀλλήλους</em></strong></span> <span class='ocrx_word' id='word_1_313' title='bbox 3078 2242 3170 2295; x_wconf 77' lang='grc' dir='ltr'><strong><em>ἐπὶ</em></strong></span> <span class='ocrx_word' id='word_1_314' title='bbox 3198 2242 3310 2304; x_wconf 83' lang='grc' dir='ltr'><em>τοῖς</em></span> <span class='ocrx_word' id='word_1_315' title='bbox 3349 2239 3455 2293; x_wconf 80' lang='grc' dir='ltr'><strong><em>ὑπὸ</em></strong></span> <span class='ocrx_word' id='word_1_316' title='bbox 3481 2237 3589 2308; x_wconf 75' lang='grc' dir='ltr'><em>τῆς</em></span> <span class='ocrx_word' id='word_1_317' title='bbox 3629 2237 3756 2307; x_wconf 72' lang='grc' dir='ltr'><em>Γρα-</em></span> 
     </span>
    </p>
   </div>
   <div class='ocr_carea' id='block_1_48' title="bbox 2636 2333 3302 2405">
    <p class='ocr_par' dir='ltr' id='par_1_48' title="bbox 2636 2333 3302 2405">
     <span class='ocr_line' id='line_1_48' title="bbox 2636 2333 3302 2405; baseline -0.032 -3"><span class='ocrx_word' id='word_1_318' title='bbox 2636 2335 2743 2405; x_wconf 80' lang='grc' dir='ltr'><strong><em>φῆς</em></strong></span> <span class='ocrx_word' id='word_1_319' title='bbox 2772 2333 3302 2404; x_wconf 69' lang='grc' dir='ltr'><em>συγκεχωρημένας.</em></span> 
     </span>
    </p>
   </div>
   <div class='ocr_carea' id='block_1_49' title="bbox 2798 2445 3150 2516">
    <p class='ocr_par' dir='ltr' id='par_1_49' title="bbox 2798 2445 3150 2516">
     <span class='ocr_line' id='line_1_49' title="bbox 2798 2445 3150 2516; baseline -0.011 -15"><span class='ocrx_word' id='word_1_320' title='bbox 2798 2445 3024 2516; x_wconf 72' lang='grc' dir='ltr'><em>Κεφάλ.</em></span> <span class='ocrx_word' id='word_1_321' title='bbox 3078 2453 3150 2499; x_wconf 89' lang='grc' dir='ltr'><strong><em>α’.</em></strong></span> 
     </span>
    </p>
   </div>
   <div class='ocr_carea' id='block_1_50' title="bbox 2260 2536 3757 2607">
    <p class='ocr_par' dir='ltr' id='par_1_50' title="bbox 2260 2536 3757 2607">
     <span class='ocr_line' id='line_1_50' title="bbox 2260 2536 3757 2607; baseline -0.003 -17"><span class='ocrx_word' id='word_1_322' title='bbox 2260 2538 2627 2594; x_wconf 81' lang='grc' dir='ltr'><strong><em>ΜΑΤΘΑΙΟΣ.</em></strong></span> <span class='ocrx_word' id='word_1_323' title='bbox 2669 2538 2765 2607; x_wconf 82' lang='grc' dir='ltr'><strong><em>Μὴ</em></strong></span> <span class='ocrx_word' id='word_1_324' title='bbox 2795 2540 3060 2607; x_wconf 77' lang='grc' dir='ltr'><em>κρίνετε,</em></span> <span class='ocrx_word' id='word_1_325' title='bbox 3101 2538 3201 2591; x_wconf 84' lang='grc' dir='ltr'><em>ἵνα</em></span> <span class='ocrx_word' id='word_1_326' title='bbox 3232 2537 3317 2607; x_wconf 78' lang='grc' dir='ltr'><em>μὴ</em></span> <span class='ocrx_word' id='word_1_327' title='bbox 3352 2536 3625 2606; x_wconf 67' lang='grc' dir='ltr'><em>κριθῆτε».</em></span> <span class='ocrx_word' id='word_1_328' title='bbox 3671 2536 3757 2586; x_wconf 84' lang='grc' dir='ltr'><em>Ἐν</em></span> 
     </span>
    </p>
   </div>
   <div class='ocr_carea' id='block_1_51' title="bbox 2188 2622 3755 2700">
    <p class='ocr_par' dir='ltr' id='par_1_51' title="bbox 2188 2622 3755 2700">
     <span class='ocr_line' id='line_1_51' title="bbox 2188 2622 3755 2700; baseline -0.002 -16"><span class='ocrx_word' id='word_1_329' title='bbox 2188 2622 2236 2695; x_wconf 77' lang='grc' dir='ltr'>ᾧ</span> <span class='ocrx_word' id='word_1_330' title='bbox 2274 2630 2385 2700; x_wconf 81' lang='grc' dir='ltr'><strong><em>γὰρ</em></strong></span> <span class='ocrx_word' id='word_1_331' title='bbox 2428 2630 2662 2700; x_wconf 81' lang='grc' dir='ltr'><em>κρίματι</em></span> <span class='ocrx_word' id='word_1_332' title='bbox 2710 2630 2975 2699; x_wconf 78' lang='grc' dir='ltr'><em>κρίνετε,</em></span> <span class='ocrx_word' id='word_1_333' title='bbox 3026 2629 3407 2699; x_wconf 79' lang='grc' dir='ltr'><em>κριθήσεσθε.</em></span> <span class='ocrx_word' id='word_1_334' title='bbox 3460 2627 3755 2683; x_wconf 75' lang='grc' dir='ltr'><strong><em>ΔΟΥΚΑΣ.</em></strong></span> 
     </span>
    </p>
   </div>
   <div class='ocr_carea' id='block_1_52' title="bbox 2191 2718 3756 2792">
    <p class='ocr_par' dir='ltr' id='par_1_52' title="bbox 2191 2718 3756 2792">
     <span class='ocr_line' id='line_1_52' title="bbox 2191 2718 3756 2792; baseline -0.004 -15"><span class='ocrx_word' id='word_1_335' title='bbox 2191 2720 2289 2788; x_wconf 81' lang='grc' dir='ltr'><strong><em>Μὴ</em></strong></span> <span class='ocrx_word' id='word_1_336' title='bbox 2331 2722 2600 2789; x_wconf 80' lang='grc' dir='ltr'><em>κρίνετε,</em></span> <span class='ocrx_word' id='word_1_337' title='bbox 2649 2722 2749 2775; x_wconf 79' lang='grc' dir='ltr'><em>καὶ</em></span> <span class='ocrx_word' id='word_1_338' title='bbox 2790 2724 2861 2776; x_wconf 84' lang='grc' dir='ltr'><em>οὐ</em></span> <span class='ocrx_word' id='word_1_339' title='bbox 2904 2721 2990 2792; x_wconf 81' lang='grc' dir='ltr'><em>μὴ</em></span> <span class='ocrx_word' id='word_1_340' title='bbox 3020 2721 3287 2790; x_wconf 84' lang='grc' dir='ltr'><em>κριθῆτε·</em></span> <span class='ocrx_word' id='word_1_341' title='bbox 3314 2720 3401 2791; x_wconf 81' lang='grc' dir='ltr'><em>μὴ</em></span> <span class='ocrx_word' id='word_1_342' title='bbox 3441 2718 3756 2774; x_wconf 78' lang='grc' dir='ltr'><em>καταδικά-</em></span> 
     </span>
    </p>
   </div>
   <div class='ocr_carea' id='block_1_53' title="bbox 2189 2811 3758 2882">
    <p class='ocr_par' dir='ltr' id='par_1_53' title="bbox 2189 2811 3758 2882">
     <span class='ocr_line' id='line_1_53' title="bbox 2189 2811 3758 2882; baseline -0.002 -17"><span class='ocrx_word' id='word_1_343' title='bbox 2189 2811 2309 2873; x_wconf 77' lang='grc' dir='ltr'><em>ζετε</em></span> <span class='ocrx_word' id='word_1_344' title='bbox 2332 2852 2346 2875; x_wconf 87' lang='grc'><strong><em>,</em></strong></span> <span class='ocrx_word' id='word_1_345' title='bbox 2374 2812 2474 2865; x_wconf 80' lang='grc' dir='ltr'><em>καὶ</em></span> <span class='ocrx_word' id='word_1_346' title='bbox 2506 2814 2577 2866; x_wconf 83' lang='grc' dir='ltr'><em>οὐ</em></span> <span class='ocrx_word' id='word_1_347' title='bbox 2601 2811 2688 2882; x_wconf 80' lang='grc' dir='ltr'><em>μὴ</em></span> <span class='ocrx_word' id='word_1_348' title='bbox 2721 2812 3222 2881; x_wconf 68' lang='grc' dir='ltr'><em>καταδικασθῆτε.</em></span> <span class='ocrx_word' id='word_1_349' title='bbox 3252 2813 3431 2866; x_wconf 87' lang='grc' dir='ltr'><strong>ΠΡΟΣ</strong></span> <span class='ocrx_word' id='word_1_350' title='bbox 3460 2813 3633 2866; x_wconf 78' lang='grc' dir='ltr'><strong><em>ΡΩΜ.</em></strong></span> <span class='ocrx_word' id='word_1_351' title='bbox 3670 2814 3758 2875; x_wconf 83' lang='grc' dir='ltr'><em>’ος</em></span> 
     </span>
    </p>
   </div>
   <div class='ocr_carea' id='block_1_54' title="bbox 2183 2903 3756 2974">
    <p class='ocr_par' dir='ltr' id='par_1_54' title="bbox 2183 2903 3756 2974">
     <span class='ocr_line' id='line_1_54' title="bbox 2183 2903 3756 2974; baseline 0.001 -19"><span class='ocrx_word' id='word_1_352' title='bbox 2183 2904 2300 2973; x_wconf 79' lang='grc' dir='ltr'><em>μὲν</em></span> <span class='ocrx_word' id='word_1_353' title='bbox 2325 2904 2593 2957; x_wconf 84' lang='grc' dir='ltr'><em>πιστεύει</em></span> <span class='ocrx_word' id='word_1_354' title='bbox 2633 2904 2844 2974; x_wconf 77' lang='grc' dir='ltr'><em>φαγεῖν</em></span> <span class='ocrx_word' id='word_1_355' title='bbox 2880 2904 3076 2959; x_wconf 81' lang='grc' dir='ltr'><em>πάντα</em></span> <span class='ocrx_word' id='word_1_356' title='bbox 3098 2945 3112 2969; x_wconf 91' lang='grc'><strong><em>,</em></strong></span> <span class='ocrx_word' id='word_1_357' title='bbox 3162 2908 3195 2959; x_wconf 87' lang='grc' dir='ltr'><em>ὀ</em></span> <span class='ocrx_word' id='word_1_358' title='bbox 3231 2904 3299 2957; x_wconf 84' lang='grc' dir='ltr'><em>δὲ</em></span> <span class='ocrx_word' id='word_1_359' title='bbox 3340 2903 3623 2958; x_wconf 81' lang='grc' dir='ltr'><em>ἀσθενῶν</em></span> <span class='ocrx_word' id='word_1_360' title='bbox 3656 2903 3756 2957; x_wconf 80' lang='grc' dir='ltr'><strong><em>λά-</em></strong></span> 
     </span>
    </p>
   </div>
   <div class='ocr_carea' id='block_1_55' title="bbox 2184 2994 3760 3065">
    <p class='ocr_par' dir='ltr' id='par_1_55' title="bbox 2184 2994 3760 3065">
     <span class='ocr_line' id='line_1_55' title="bbox 2184 2994 3760 3065; baseline -0.001 -18"><span class='ocrx_word' id='word_1_361' title='bbox 2184 3012 2345 3064; x_wconf 84' lang='grc' dir='ltr'><em>χανα</em></span> <span class='ocrx_word' id='word_1_362' title='bbox 2370 2995 2579 3049; x_wconf 78' lang='grc' dir='ltr'><em>ἐσθίει.</em></span> <span class='ocrx_word' id='word_1_363' title='bbox 2623 2996 2686 3048; x_wconf 84' lang='grc'><strong><em>’0</em></strong></span> <span class='ocrx_word' id='word_1_364' title='bbox 2709 2995 2928 3049; x_wconf 79' lang='grc' dir='ltr'><em>ἐσθίων</em></span> <span class='ocrx_word' id='word_1_365' title='bbox 2951 2996 3057 3049; x_wconf 80' lang='grc' dir='ltr'><em>τὸν</em></span> <span class='ocrx_word' id='word_1_366' title='bbox 3072 2995 3158 3065; x_wconf 81' lang='grc' dir='ltr'><em>μὴ</em></span> <span class='ocrx_word' id='word_1_367' title='bbox 3180 2995 3463 3050; x_wconf 83' lang='grc' dir='ltr'><em>ἐσθίοντα</em></span> <span class='ocrx_word' id='word_1_368' title='bbox 3484 2994 3576 3064; x_wconf 81' lang='grc' dir='ltr'><em>μὴ</em></span> <span class='ocrx_word' id='word_1_369' title='bbox 3597 2994 3760 3059; x_wconf 79' lang='grc' dir='ltr'><strong><em>ἐξου-</em></strong></span> 
     </span>
    </p>
   </div>
   <div class='ocr_carea' id='block_1_56' title="bbox 2190 3085 3756 3156">
    <p class='ocr_par' dir='ltr' id='par_1_56' title="bbox 2190 3085 3756 3156">
     <span class='ocr_line' id='line_1_56' title="bbox 2190 3085 3756 3156; baseline -0.001 -16"><span class='ocrx_word' id='word_1_370' title='bbox 2190 3086 2449 3150; x_wconf 80' lang='grc' dir='ltr'><em>θενείτω,</em></span> <span class='ocrx_word' id='word_1_371' title='bbox 2480 3087 2577 3140; x_wconf 82' lang='grc' dir='ltr'><em>καὶ</em></span> <span class='ocrx_word' id='word_1_372' title='bbox 2610 3085 2743 3156; x_wconf 82' lang='grc' dir='ltr'><strong><em>ὁμὴ</em></strong></span> <span class='ocrx_word' id='word_1_373' title='bbox 2775 3086 2997 3141; x_wconf 82' lang='grc' dir='ltr'><em>ἐσθίων</em></span> <span class='ocrx_word' id='word_1_374' title='bbox 3023 3087 3130 3141; x_wconf 83' lang='grc' dir='ltr'><em>τὸν</em></span> <span class='ocrx_word' id='word_1_375' title='bbox 3151 3088 3429 3141; x_wconf 85' lang='grc' dir='ltr'><em>ἐσθίοντα</em></span> <span class='ocrx_word' id='word_1_376' title='bbox 3455 3087 3545 3156; x_wconf 79' lang='grc' dir='ltr'><em>μὴ</em></span> <span class='ocrx_word' id='word_1_377' title='bbox 3574 3086 3756 3156; x_wconf 76' lang='grc' dir='ltr'><em>κρινέο</em></span> 
     </span>
    </p>
   </div>
   <div class='ocr_carea' id='block_1_57' title="bbox 527 3138 2089 3249">
    <p class='ocr_par' dir='ltr' id='par_1_57' title="bbox 527 3158 2087 3228">
     <span class='ocr_line' id='line_1_57' title="bbox 527 3158 2087 3228; baseline -0.003 -12"><span class='ocrx_word' id='word_1_378' title='bbox 527 3162 932 3216; x_wconf 86' lang='lat' dir='ltr'><strong><em>manducantem</em></strong></span> <span class='ocrx_word' id='word_1_379' title='bbox 970 3175 1072 3212; x_wconf 89' lang='lat' dir='ltr'><strong><em>non</em></strong></span> <span class='ocrx_word' id='word_1_380' title='bbox 1094 3160 1314 3228; x_wconf 85' lang='lat' dir='ltr'><strong><em>judicet.</em></strong></span> <span class='ocrx_word' id='word_1_381' title='bbox 1350 3158 1489 3213; x_wconf 83' lang='lat' dir='ltr'><strong><em>Deus</em></strong></span> <span class='ocrx_word' id='word_1_382' title='bbox 1522 3160 1662 3213; x_wconf 78' lang='lat' dir='ltr'><strong><em>enim</em></strong></span> <span class='ocrx_word' id='word_1_383' title='bbox 1694 3160 1843 3212; x_wconf 87' lang='lat' dir='ltr'><strong><em>illum</em></strong></span> <span class='ocrx_word' id='word_1_384' title='bbox 1879 3176 2087 3213; x_wconf 89' lang='lat' dir='ltr'><strong><em>assum-</em></strong></span> 
     </span>
    </p>
   </div>
   <div class='ocr_carea' id='block_1_58' title="bbox 2192 3138 3760 3249">
    <p class='ocr_par' dir='ltr' id='par_1_58' title="bbox 2192 3138 3760 3249">
     <span class='ocr_line' id='line_1_58' title="bbox 2192 3138 3760 3249; baseline 0 -17"><span class='ocrx_word' id='word_1_385' title='bbox 2192 3197 2285 3233; x_wconf 86' lang='grc' dir='ltr'><strong><em>τω.</em></strong></span> <span class='ocrx_word' id='word_1_386' title='bbox 2328 3179 2380 3232; x_wconf 91' lang='lat'><strong><em>&#39;0</em></strong></span> <span class='ocrx_word' id='word_1_387' title='bbox 2409 3138 2553 3245; x_wconf 50' lang='grc' dir='ltr'><em>θεὸς</em></span> <span class='ocrx_word' id='word_1_388' title='bbox 2579 3138 2690 3249; x_wconf 68' lang='grc' dir='ltr'><em>γὰρ</em></span> <span class='ocrx_word' id='word_1_389' title='bbox 2717 3138 2906 3233; x_wconf 73' lang='grc' dir='ltr'><em>αὐτὸν</em></span> <span class='ocrx_word' id='word_1_390' title='bbox 2941 3180 3363 3246; x_wconf 68' lang='grc' dir='ltr'><em>προσελάϐετο.</em></span> <span class='ocrx_word' id='word_1_391' title='bbox 3401 3138 3488 3235; x_wconf 60' lang='grc' dir='ltr'><em>Σύ</em></span> <span class='ocrx_word' id='word_1_392' title='bbox 3520 3138 3702 3246; x_wconf 39' lang='grc' dir='ltr'><em>τίςϊεῐ</em></span> <span class='ocrx_word' id='word_1_393' title='bbox 3729 3183 3760 3232; x_wconf 81' lang='grc' dir='ltr'><em>ό</em></span> 
     </span>
    </p>
   </div>
   <div class='ocr_carea' id='block_1_59' title="bbox 522 3250 2088 3323">
    <p class='ocr_par' dir='ltr' id='par_1_59' title="bbox 522 3250 2088 3323">
     <span class='ocr_line' id='line_1_59' title="bbox 522 3250 2088 3323; baseline 0 -16"><span class='ocrx_word' id='word_1_394' title='bbox 522 3255 650 3323; x_wconf 83' lang='lat' dir='ltr'><strong><em>psit.</em></strong></span> <span class='ocrx_word' id='word_1_395' title='bbox 698 3250 777 3304; x_wconf 88' lang='lat' dir='ltr'><strong><em>Tu</em></strong></span> <span class='ocrx_word' id='word_1_396' title='bbox 820 3250 936 3319; x_wconf 91' lang='lat' dir='ltr'><strong><em>quis</em></strong></span> <span class='ocrx_word' id='word_1_397' title='bbox 970 3266 1024 3304; x_wconf 87' lang='lat' dir='ltr'><strong><em>es</em></strong></span> <span class='ocrx_word' id='word_1_398' title='bbox 1072 3252 1160 3320; x_wconf 86' lang='lat' dir='ltr'><strong><em>qui</em></strong></span> <span class='ocrx_word' id='word_1_399' title='bbox 1177 3252 1393 3318; x_wconf 86' lang='lat' dir='ltr'><strong><em>judicas</em></strong></span> <span class='ocrx_word' id='word_1_400' title='bbox 1428 3251 1656 3303; x_wconf 87' lang='lat' dir='ltr'><strong><em>alienum</em></strong></span> <span class='ocrx_word' id='word_1_401' title='bbox 1703 3254 1946 3307; x_wconf 76' lang='lat' dir='ltr'><strong><em>servum?</em></strong></span> <span class='ocrx_word' id='word_1_402' title='bbox 1978 3251 2088 3307; x_wconf 89' lang='lat' dir='ltr'><strong><em>Do-</em></strong></span> 
     </span>
    </p>
   </div>
   <div class='ocr_carea' id='block_1_60' title="bbox 527 3340 2090 3408">
    <p class='ocr_par' dir='ltr' id='par_1_60' title="bbox 527 3340 2090 3408">
     <span class='ocr_line' id='line_1_60' title="bbox 527 3340 2090 3408; baseline -0.001 -12"><span class='ocrx_word' id='word_1_403' title='bbox 527 3345 669 3397; x_wconf 85' lang='lat' dir='ltr'><strong><em>mino</em></strong></span> <span class='ocrx_word' id='word_1_404' title='bbox 708 3358 804 3396; x_wconf 86' lang='lat' dir='ltr'><strong><em>suo</em></strong></span> <span class='ocrx_word' id='word_1_405' title='bbox 834 3349 962 3407; x_wconf 86' lang='lat' dir='ltr'><strong><em>stat,</em></strong></span> <span class='ocrx_word' id='word_1_406' title='bbox 1002 3350 1093 3393; x_wconf 85' lang='lat' dir='ltr'><strong><em>aut</em></strong></span> <span class='ocrx_word' id='word_1_407' title='bbox 1122 3340 1263 3393; x_wconf 89' lang='lat' dir='ltr'><strong><em>cadit</em></strong></span> <span class='ocrx_word' id='word_1_408' title='bbox 1296 3356 1314 3393; x_wconf 92' lang='lat'><em>:</em></span> <span class='ocrx_word' id='word_1_409' title='bbox 1344 3340 1507 3394; x_wconf 86' lang='lat' dir='ltr'><strong><em>stabit</em></strong></span> <span class='ocrx_word' id='word_1_410' title='bbox 1548 3350 1723 3395; x_wconf 90' lang='lat' dir='ltr'><strong><em>autem</em></strong></span> <span class='ocrx_word' id='word_1_411' title='bbox 1753 3357 1771 3393; x_wconf 90' lang='lat'><strong><em>:</em></strong></span> <span class='ocrx_word' id='word_1_412' title='bbox 1805 3349 1983 3408; x_wconf 87' lang='lat' dir='ltr'><strong><em>potens</em></strong></span> <span class='ocrx_word' id='word_1_413' title='bbox 2009 3351 2090 3397; x_wconf 84' lang='lat' dir='ltr'><strong><em>est</em></strong></span> 
     </span>
    </p>
   </div>
   <div class='ocr_carea' id='block_1_61' title="bbox 525 3430 2088 3503">
    <p class='ocr_par' dir='ltr' id='par_1_61' title="bbox 525 3430 2088 3503">
     <span class='ocr_line' id='line_1_61' title="bbox 525 3430 2088 3503; baseline 0.001 -17"><span class='ocrx_word' id='word_1_414' title='bbox 525 3434 661 3487; x_wconf 86' lang='lat' dir='ltr'><strong><em>enim</em></strong></span> <span class='ocrx_word' id='word_1_415' title='bbox 702 3430 842 3484; x_wconf 83' lang='lat' dir='ltr'><strong><em>Deus</em></strong></span> <span class='ocrx_word' id='word_1_416' title='bbox 885 3441 1114 3484; x_wconf 87' lang='lat' dir='ltr'><strong><em>statuere</em></strong></span> <span class='ocrx_word' id='word_1_417' title='bbox 1144 3430 1314 3483; x_wconf 84' lang='lat' dir='ltr'><strong><em>illum.</em></strong></span> <span class='ocrx_word' id='word_1_418' title='bbox 1352 3430 1503 3483; x_wconf 80' lang='lat' dir='ltr'><strong><em>Alius</em></strong></span> <span class='ocrx_word' id='word_1_419' title='bbox 1541 3432 1679 3483; x_wconf 76' lang='lat' dir='ltr'><strong><em>enim</em></strong></span> <span class='ocrx_word' id='word_1_420' title='bbox 1709 3432 2088 3503; x_wconf 64' lang='lat' dir='ltr'><strong><em>274judicat</em></strong></span> 
     </span>
    </p>
   </div>
   <div class='ocr_carea' id='block_1_62' title="bbox 525 3519 2083 3590">
    <p class='ocr_par' dir='ltr' id='par_1_62' title="bbox 525 3519 2083 3590">
     <span class='ocr_line' id='line_1_62' title="bbox 525 3519 2083 3590; baseline 0.003 -17"><span class='ocrx_word' id='word_1_421' title='bbox 525 3523 662 3577; x_wconf 87' lang='lat' dir='ltr'><strong><em>diem</em></strong></span> <span class='ocrx_word' id='word_1_422' title='bbox 706 3522 845 3575; x_wconf 86' lang='lat' dir='ltr'><strong><em>inter</em></strong></span> <span class='ocrx_word' id='word_1_423' title='bbox 884 3519 1024 3574; x_wconf 82' lang='lat' dir='ltr'><strong><em>diem</em></strong></span> <span class='ocrx_word' id='word_1_424' title='bbox 1053 3536 1070 3573; x_wconf 92' lang='lat'><strong><em>:</em></strong></span> <span class='ocrx_word' id='word_1_425' title='bbox 1096 3521 1235 3574; x_wconf 80' lang='lat' dir='ltr'><strong><em>alius</em></strong></span> <span class='ocrx_word' id='word_1_426' title='bbox 1280 3536 1397 3575; x_wconf 83' lang='lat' dir='ltr'><strong><em>vero</em></strong></span> <span class='ocrx_word' id='word_1_427' title='bbox 1431 3520 1643 3589; x_wconf 82' lang='lat' dir='ltr'><strong><em>judicat</em></strong></span> <span class='ocrx_word' id='word_1_428' title='bbox 1682 3537 1884 3575; x_wconf 88' lang='lat' dir='ltr'><strong><em>omnem</em></strong></span> <span class='ocrx_word' id='word_1_429' title='bbox 1924 3522 2083 3590; x_wconf 86' lang='lat' dir='ltr'><strong><em>diem,</em></strong></span> 
     </span>
    </p>
   </div>
   <div class='ocr_carea' id='block_1_63' title="bbox 526 3612 2084 3685">
    <p class='ocr_par' dir='ltr' id='par_1_63' title="bbox 526 3612 2084 3685">
     <span class='ocr_line' id='line_1_63' title="bbox 526 3612 2084 3685; baseline -0.001 -16"><span class='ocrx_word' id='word_1_430' title='bbox 526 3616 877 3685; x_wconf 86' lang='lat' dir='ltr'><strong><em>unusquisque</em></strong></span> <span class='ocrx_word' id='word_1_431' title='bbox 904 3614 958 3666; x_wconf 89' lang='lat' dir='ltr'><strong><em>in</em></strong></span> <span class='ocrx_word' id='word_1_432' title='bbox 1002 3629 1096 3666; x_wconf 88' lang='lat' dir='ltr'><strong><em>suo</em></strong></span> <span class='ocrx_word' id='word_1_433' title='bbox 1138 3628 1295 3667; x_wconf 86' lang='lat' dir='ltr'><strong><em>sensu</em></strong></span> <span class='ocrx_word' id='word_1_434' title='bbox 1326 3612 1572 3666; x_wconf 88' lang='lat' dir='ltr'><strong><em>abundet.</em></strong></span> <span class='ocrx_word' id='word_1_435' title='bbox 1612 3612 1715 3678; x_wconf 86' lang='lat' dir='ltr'><strong><em>Qui</em></strong></span> <span class='ocrx_word' id='word_1_436' title='bbox 1758 3614 1895 3681; x_wconf 88' lang='lat' dir='ltr'><strong><em>sapit</em></strong></span> <span class='ocrx_word' id='word_1_437' title='bbox 1923 3613 2084 3681; x_wconf 87' lang='lat' dir='ltr'><strong><em>diem,</em></strong></span> 
     </span>
    </p>
   </div>
   <div class='ocr_carea' id='block_1_64' title="bbox 528 3701 2086 3772">
    <p class='ocr_par' dir='ltr' id='par_1_64' title="bbox 528 3701 2086 3772">
     <span class='ocr_line' id='line_1_64' title="bbox 528 3701 2086 3772; baseline 0 -12"><span class='ocrx_word' id='word_1_438' title='bbox 528 3706 751 3760; x_wconf 84' lang='lat' dir='ltr'><strong><em>Domino</em></strong></span> <span class='ocrx_word' id='word_1_439' title='bbox 791 3704 929 3772; x_wconf 85' lang='lat' dir='ltr'><strong><em>sapit</em></strong></span> <span class='ocrx_word' id='word_1_440' title='bbox 959 3720 976 3756; x_wconf 90' lang='lat'><strong><em>:</em></strong></span> <span class='ocrx_word' id='word_1_441' title='bbox 1004 3714 1052 3757; x_wconf 88' lang='lat' dir='ltr'><strong><em>et</em></strong></span> <span class='ocrx_word' id='word_1_442' title='bbox 1084 3704 1173 3772; x_wconf 88' lang='lat' dir='ltr'><strong><em>qui</em></strong></span> <span class='ocrx_word' id='word_1_443' title='bbox 1214 3719 1315 3756; x_wconf 89' lang='lat' dir='ltr'><strong><em>non</em></strong></span> <span class='ocrx_word' id='word_1_444' title='bbox 1347 3702 1485 3771; x_wconf 87' lang='lat' dir='ltr'><strong><em>sapit</em></strong></span> <span class='ocrx_word' id='word_1_445' title='bbox 1524 3702 1684 3765; x_wconf 86' lang='lat' dir='ltr'><strong><em>diem,</em></strong></span> <span class='ocrx_word' id='word_1_446' title='bbox 1731 3701 1957 3758; x_wconf 86' lang='lat' dir='ltr'><strong><em>Domino</em></strong></span> <span class='ocrx_word' id='word_1_447' title='bbox 1982 3721 2086 3760; x_wconf 87' lang='lat' dir='ltr'><strong><em>non</em></strong></span> 
     </span>
    </p>
   </div>
   <div class='ocr_carea' id='block_1_65' title="bbox 524 3792 2085 3869">
    <p class='ocr_par' dir='ltr' id='par_1_65' title="bbox 524 3792 2085 3869">
     <span class='ocr_line' id='line_1_65' title="bbox 524 3792 2085 3869; baseline -0.003 -15"><span class='ocrx_word' id='word_1_448' title='bbox 524 3802 683 3869; x_wconf 82' lang='lat' dir='ltr'><strong><em>sapit.</em></strong></span> <span class='ocrx_word' id='word_1_449' title='bbox 722 3796 788 3850; x_wconf 82' lang='lat' dir='ltr'><strong><em>Et</em></strong></span> <span class='ocrx_word' id='word_1_450' title='bbox 817 3797 907 3866; x_wconf 85' lang='lat' dir='ltr'><strong><em>qui</em></strong></span> <span class='ocrx_word' id='word_1_451' title='bbox 936 3794 1241 3861; x_wconf 88' lang='lat' dir='ltr'><strong><em>manducat,</em></strong></span> <span class='ocrx_word' id='word_1_452' title='bbox 1277 3793 1501 3847; x_wconf 87' lang='lat' dir='ltr'><strong><em>Domino</em></strong></span> <span class='ocrx_word' id='word_1_453' title='bbox 1528 3792 1813 3847; x_wconf 86' lang='lat' dir='ltr'><strong><em>manducat</em></strong></span> <span class='ocrx_word' id='word_1_454' title='bbox 1839 3810 1857 3848; x_wconf 93' lang='lat'><em>:</em></span> <span class='ocrx_word' id='word_1_455' title='bbox 1881 3797 2085 3865; x_wconf 88' lang='lat' dir='ltr'><strong><em>gratias</em></strong></span> 
     </span>
    </p>
   </div>
   <div class='ocr_carea' id='block_1_66' title="bbox 523 3884 2087 3957">
    <p class='ocr_par' dir='ltr' id='par_1_66' title="bbox 523 3884 2087 3957">
     <span class='ocr_line' id='line_1_66' title="bbox 523 3884 2087 3957; baseline -0.002 -14"><span class='ocrx_word' id='word_1_456' title='bbox 523 3890 660 3944; x_wconf 88' lang='lat' dir='ltr'><strong><em>enim</em></strong></span> <span class='ocrx_word' id='word_1_457' title='bbox 691 3888 798 3957; x_wconf 86' lang='lat' dir='ltr'><strong><em>agit</em></strong></span> <span class='ocrx_word' id='word_1_458' title='bbox 840 3886 969 3940; x_wconf 88' lang='lat' dir='ltr'><strong><em>Deo.</em></strong></span> <span class='ocrx_word' id='word_1_459' title='bbox 1010 3885 1079 3938; x_wconf 86' lang='lat' dir='ltr'><strong><em>Et</em></strong></span> <span class='ocrx_word' id='word_1_460' title='bbox 1109 3886 1200 3956; x_wconf 90' lang='lat' dir='ltr'><strong><em>qui</em></strong></span> <span class='ocrx_word' id='word_1_461' title='bbox 1245 3900 1349 3938; x_wconf 89' lang='lat' dir='ltr'><strong><em>non</em></strong></span> <span class='ocrx_word' id='word_1_462' title='bbox 1385 3884 1689 3949; x_wconf 80' lang='lat' dir='ltr'><strong><em>manducat,</em></strong></span> <span class='ocrx_word' id='word_1_463' title='bbox 1726 3884 1950 3940; x_wconf 89' lang='lat' dir='ltr'><strong><em>Domino</em></strong></span> <span class='ocrx_word' id='word_1_464' title='bbox 1983 3903 2087 3940; x_wconf 89' lang='lat' dir='ltr'><strong><em>non</em></strong></span> 
     </span>
    </p>
   </div>
   <div class='ocr_carea' id='block_1_67' title="bbox 526 3973 2086 4046">
    <p class='ocr_par' dir='ltr' id='par_1_67' title="bbox 526 3973 2086 4046">
     <span class='ocr_line' id='line_1_67' title="bbox 526 3973 2086 4046; baseline -0.003 -13"><span class='ocrx_word' id='word_1_465' title='bbox 526 3979 831 4043; x_wconf 85' lang='lat' dir='ltr'><strong><em>manducat,</em></strong></span> <span class='ocrx_word' id='word_1_466' title='bbox 883 3984 932 4030; x_wconf 88' lang='lat' dir='ltr'><strong><em>et</em></strong></span> <span class='ocrx_word' id='word_1_467' title='bbox 972 3976 1172 4045; x_wconf 87' lang='lat' dir='ltr'><strong><em>gratias</em></strong></span> <span class='ocrx_word' id='word_1_468' title='bbox 1211 3976 1319 4044; x_wconf 88' lang='lat' dir='ltr'><strong><em>agit</em></strong></span> <span class='ocrx_word' id='word_1_469' title='bbox 1358 3973 1467 4027; x_wconf 91' lang='lat' dir='ltr'><strong><em>Deo</em></strong></span> <span class='ocrx_word' id='word_1_470' title='bbox 1496 3973 1671 4044; x_wconf 79' lang='lat' dir='ltr'><strong><em>(Rom.</em></strong></span> <span class='ocrx_word' id='word_1_471' title='bbox 1700 3990 1811 4039; x_wconf 82' lang='lat' dir='ltr'><strong><em>xw,</em></strong></span> <span class='ocrx_word' id='word_1_472' title='bbox 1840 3973 1983 4046; x_wconf 80' lang='lat'><strong><em>2-6).</em></strong></span> <span class='ocrx_word' id='word_1_473' title='bbox 2021 3974 2086 4029; x_wconf 82' lang='lat' dir='ltr'><strong><em>Et</em></strong></span> 
     </span>
    </p>
   </div>
   <div class='ocr_carea' id='block_1_68' title="bbox 525 4063 2087 4139">
    <p class='ocr_par' dir='ltr' id='par_1_68' title="bbox 525 4063 2087 4139">
     <span class='ocr_line' id='line_1_68' title="bbox 525 4063 2087 4139; baseline -0.002 -17"><span class='ocrx_word' id='word_1_474' title='bbox 525 4066 689 4139; x_wconf 71' lang='lat' dir='ltr'><strong><em>paulo</em></strong></span> <span class='ocrx_word' id='word_1_475' title='bbox 718 4074 839 4137; x_wconf 82' lang='lat' dir='ltr'><strong><em>post</em></strong></span> <span class='ocrx_word' id='word_1_476' title='bbox 865 4083 878 4120; x_wconf 92' lang='lat'>:</span> <span class='ocrx_word' id='word_1_477' title='bbox 915 4063 1102 4135; x_wconf 84' lang='lat' dir='ltr'><strong><em>Itaque</em></strong></span> <span class='ocrx_word' id='word_1_478' title='bbox 1129 4064 1486 4134; x_wconf 86' lang='lat' dir='ltr'><strong><em>unusquisque</em></strong></span> <span class='ocrx_word' id='word_1_479' title='bbox 1518 4073 1757 4117; x_wconf 86' lang='lat' dir='ltr'><strong><em>nostrum</em></strong></span> <span class='ocrx_word' id='word_1_480' title='bbox 1786 4080 1881 4134; x_wconf 79' lang='lat' dir='ltr'><strong><em>pro</em></strong></span> <span class='ocrx_word' id='word_1_481' title='bbox 1904 4082 1959 4119; x_wconf 91' lang='lat' dir='ltr'><strong><em>se</em></strong></span> <span class='ocrx_word' id='word_1_482' title='bbox 1998 4082 2087 4120; x_wconf 84' lang='lat' dir='ltr'><strong><em>ra-</em></strong></span> 
     </span>
    </p>
   </div>
   <div class='ocr_carea' id='block_1_69' title="bbox 525 4150 2086 4222">
    <p class='ocr_par' dir='ltr' id='par_1_69' title="bbox 525 4150 2086 4222">
     <span class='ocr_line' id='line_1_69' title="bbox 525 4150 2086 4222; baseline -0.003 -10"><span class='ocrx_word' id='word_1_483' title='bbox 525 4161 719 4213; x_wconf 84' lang='lat' dir='ltr'><strong><em>tionem</em></strong></span> <span class='ocrx_word' id='word_1_484' title='bbox 749 4153 923 4209; x_wconf 89' lang='lat' dir='ltr'><strong><em>reddet</em></strong></span> <span class='ocrx_word' id='word_1_485' title='bbox 957 4154 1086 4206; x_wconf 89' lang='lat' dir='ltr'><strong><em>Deo.</em></strong></span> <span class='ocrx_word' id='word_1_486' title='bbox 1137 4150 1260 4205; x_wconf 89' lang='lat' dir='ltr'><strong><em>Non</em></strong></span> <span class='ocrx_word' id='word_1_487' title='bbox 1296 4168 1419 4222; x_wconf 87' lang='lat' dir='ltr'><strong><em>ergo</em></strong></span> <span class='ocrx_word' id='word_1_488' title='bbox 1475 4154 1695 4221; x_wconf 89' lang='lat' dir='ltr'><strong><em>amplius</em></strong></span> <span class='ocrx_word' id='word_1_489' title='bbox 1747 4170 1840 4207; x_wconf 91' lang='lat' dir='ltr'><strong><em>nos</em></strong></span> <span class='ocrx_word' id='word_1_490' title='bbox 1866 4156 2086 4208; x_wconf 84' lang='lat' dir='ltr'><strong><em>invicem</em></strong></span> 
     </span>
    </p>
   </div>
   <div class='ocr_carea' id='block_1_70' title="bbox 518 4242 2085 4321">
    <p class='ocr_par' dir='ltr' id='par_1_70' title="bbox 518 4242 2085 4321">
     <span class='ocr_line' id='line_1_70' title="bbox 518 4242 2085 4321; baseline -0.002 -17"><span class='ocrx_word' id='word_1_491' title='bbox 518 4248 816 4321; x_wconf 83' lang='lat' dir='ltr'><strong><em>judicemus</em></strong></span> <span class='ocrx_word' id='word_1_492' title='bbox 848 4246 1001 4316; x_wconf 76' lang='lat' dir='ltr'><strong><em>(ibid.</em></strong></span> <span class='ocrx_word' id='word_1_493' title='bbox 1030 4245 1119 4308; x_wconf 73' lang='grc'><em>12,</em></span> <span class='ocrx_word' id='word_1_494' title='bbox 1152 4245 1358 4316; x_wconf 79' lang='grc'><em>15).....</em></span> <span class='ocrx_word' id='word_1_495' title='bbox 1394 4242 1563 4298; x_wconf 85' lang='lat' dir='ltr'><strong><em>Nemo</em></strong></span> <span class='ocrx_word' id='word_1_496' title='bbox 1603 4261 1727 4316; x_wconf 84' lang='lat' dir='ltr'><strong><em>ergo</em></strong></span> <span class='ocrx_word' id='word_1_497' title='bbox 1765 4263 1853 4301; x_wconf 82' lang='lat' dir='ltr'><strong><em>vos</em></strong></span> <span class='ocrx_word' id='word_1_498' title='bbox 1880 4247 2085 4316; x_wconf 86' lang='lat' dir='ltr'><strong><em>judicet</em></strong></span> 
     </span>
    </p>
   </div>
   <div class='ocr_carea' id='block_1_71' title="bbox 528 4334 2085 4404">
    <p class='ocr_par' dir='ltr' id='par_1_71' title="bbox 528 4334 2085 4404">
     <span class='ocr_line' id='line_1_71' title="bbox 528 4334 2085 4404; baseline -0.003 -8"><span class='ocrx_word' id='word_1_499' title='bbox 528 4342 583 4397; x_wconf 87' lang='lat' dir='ltr'><strong><em>in</em></strong></span> <span class='ocrx_word' id='word_1_500' title='bbox 610 4342 745 4403; x_wconf 89' lang='lat' dir='ltr'><strong><em>cibo,</em></strong></span> <span class='ocrx_word' id='word_1_501' title='bbox 768 4346 864 4393; x_wconf 83' lang='lat' dir='ltr'><strong><em>aut</em></strong></span> <span class='ocrx_word' id='word_1_502' title='bbox 894 4337 950 4389; x_wconf 89' lang='lat' dir='ltr'><strong><em>in</em></strong></span> <span class='ocrx_word' id='word_1_503' title='bbox 974 4347 1121 4403; x_wconf 78' lang='lat' dir='ltr'><strong><em>potu,</em></strong></span> <span class='ocrx_word' id='word_1_504' title='bbox 1151 4342 1242 4389; x_wconf 89' lang='lat' dir='ltr'><strong><em>aut</em></strong></span> <span class='ocrx_word' id='word_1_505' title='bbox 1267 4336 1323 4388; x_wconf 85' lang='lat' dir='ltr'><strong><em>in</em></strong></span> <span class='ocrx_word' id='word_1_506' title='bbox 1349 4344 1500 4403; x_wconf 82' lang='lat' dir='ltr'><strong><em>parte</em></strong></span> <span class='ocrx_word' id='word_1_507' title='bbox 1527 4334 1633 4389; x_wconf 76' lang='lat' dir='ltr'><strong><em>dici</em></strong></span> <span class='ocrx_word' id='word_1_508' title='bbox 1662 4335 1805 4404; x_wconf 77' lang='lat' dir='ltr'><strong><em>festi,</em></strong></span> <span class='ocrx_word' id='word_1_509' title='bbox 1843 4347 1934 4389; x_wconf 91' lang='lat' dir='ltr'><strong><em>aut</em></strong></span> <span class='ocrx_word' id='word_1_510' title='bbox 1960 4353 2085 4392; x_wconf 84' lang='lat' dir='ltr'><strong><em>neo-</em></strong></span> 
     </span>
    </p>
   </div>
   <div class='ocr_carea' id='block_1_72' title="bbox 2187 3268 3757 3340">
    <p class='ocr_par' dir='ltr' id='par_1_72' title="bbox 2187 3268 3757 3340">
     <span class='ocr_line' id='line_1_72' title="bbox 2187 3268 3757 3340; baseline -0.001 -18"><span class='ocrx_word' id='word_1_511' title='bbox 2187 3270 2406 3336; x_wconf 84' lang='grc' dir='ltr'><em>κρίνων</em></span> <span class='ocrx_word' id='word_1_512' title='bbox 2429 3270 2751 3338; x_wconf 79' lang='grc' dir='ltr'><em>ἀλλότριον</em></span> <span class='ocrx_word' id='word_1_513' title='bbox 2769 3268 3011 3337; x_wconf 83' lang='grc' dir='ltr'><em>οίκέτην</em></span> <span class='ocrx_word' id='word_1_514' title='bbox 3022 3287 3041 3333; x_wconf 88' lang='grc'><strong><em>;</em></strong></span> <span class='ocrx_word' id='word_1_515' title='bbox 3074 3271 3156 3336; x_wconf 87' lang='grc' dir='ltr'><strong><em>Τῷ</em></strong></span> <span class='ocrx_word' id='word_1_516' title='bbox 3177 3271 3301 3339; x_wconf 70' lang='grc' dir='ltr'><strong><em>ἰδίῳ</em></strong></span> <span class='ocrx_word' id='word_1_517' title='bbox 3320 3271 3515 3340; x_wconf 84' lang='grc' dir='ltr'><strong><em>Κυρίῳ</em></strong></span> <span class='ocrx_word' id='word_1_518' title='bbox 3528 3271 3757 3337; x_wconf 74' lang='grc' dir='ltr'><em>στήκει,</em></span> 
     </span>
    </p>
   </div>
   <div class='ocr_carea' id='block_1_73' title="bbox 2187 3359 3759 3431">
    <p class='ocr_par' dir='ltr' id='par_1_73' title="bbox 2187 3359 3759 3431">
     <span class='ocr_line' id='line_1_73' title="bbox 2187 3359 3759 3431; baseline 0.001 -18"><span class='ocrx_word' id='word_1_519' title='bbox 2187 3361 2225 3427; x_wconf 79' lang='grc' dir='ltr'><strong><em>’ἢ</em></strong></span> <span class='ocrx_word' id='word_1_520' title='bbox 2265 3361 2467 3414; x_wconf 81' lang='grc' dir='ltr'><em>πίπτει</em></span> <span class='ocrx_word' id='word_1_521' title='bbox 2489 3377 2505 3392; x_wconf 77' lang='grc'><strong><em>⁸</em></strong></span> <span class='ocrx_word' id='word_1_522' title='bbox 2540 3359 2905 3428; x_wconf 79' lang='grc' dir='ltr'><em>σταθήσεται</em></span> <span class='ocrx_word' id='word_1_523' title='bbox 2939 3360 3011 3414; x_wconf 82' lang='grc' dir='ltr'><strong><em>δέ</em></strong></span> <span class='ocrx_word' id='word_1_524' title='bbox 3033 3376 3046 3389; x_wconf 85' lang='lat'><strong><em>°</em></strong></span> <span class='ocrx_word' id='word_1_525' title='bbox 3086 3360 3343 3428; x_wconf 80' lang='grc' dir='ltr'><em>δυνατὸς</em></span> <span class='ocrx_word' id='word_1_526' title='bbox 3382 3361 3494 3431; x_wconf 59' lang='grc' dir='ltr'><strong><em>γάρ</em></strong></span> <span class='ocrx_word' id='word_1_527' title='bbox 3530 3363 3704 3415; x_wconf 85' lang='grc' dir='ltr'><em>ἐστιν</em></span> <span class='ocrx_word' id='word_1_528' title='bbox 3728 3366 3759 3414; x_wconf 81' lang='grc' dir='ltr'><strong><em>ό</em></strong></span> 
     </span>
    </p>
   </div>
   <div class='ocr_carea' id='block_1_74' title="bbox 2188 3451 3757 3523">
    <p class='ocr_par' dir='ltr' id='par_1_74' title="bbox 2188 3451 3757 3523">
     <span class='ocr_line' id='line_1_74' title="bbox 2188 3451 3757 3523; baseline -0.003 -18"><span class='ocrx_word' id='word_1_529' title='bbox 2188 3451 2332 3515; x_wconf 78' lang='grc' dir='ltr'><em>Θεὸς</em></span> <span class='ocrx_word' id='word_1_530' title='bbox 2352 3451 2463 3523; x_wconf 68' lang='lat'><strong><em>(27)</em></strong></span> <span class='ocrx_word' id='word_1_531' title='bbox 2491 3451 2717 3520; x_wconf 82' lang='grc' dir='ltr'><em>στῆσαι</em></span> <span class='ocrx_word' id='word_1_532' title='bbox 2746 3452 2951 3505; x_wconf 85' lang='grc' dir='ltr'><em>αὐτόν.</em></span> <span class='ocrx_word' id='word_1_533' title='bbox 2992 3452 3090 3517; x_wconf 76' lang='grc' dir='ltr'><em>’ος</em></span> <span class='ocrx_word' id='word_1_534' title='bbox 3112 3451 3228 3521; x_wconf 85' lang='grc' dir='ltr'><em>μὲν</em></span> <span class='ocrx_word' id='word_1_535' title='bbox 3256 3452 3365 3522; x_wconf 72' lang='grc' dir='ltr'><strong><em>γὰρ</em></strong></span> <span class='ocrx_word' id='word_1_536' title='bbox 3397 3453 3594 3520; x_wconf 76' lang='grc' dir='ltr'><em>κρίνει</em></span> <span class='ocrx_word' id='word_1_537' title='bbox 3623 3454 3757 3522; x_wconf 73' lang='grc' dir='ltr'><strong><em>ἠμέ-</em></strong></span> 
     </span>
    </p>
   </div>
   <div class='ocr_carea' id='block_1_75' title="bbox 2178 3541 3764 3613">
    <p class='ocr_par' dir='ltr' id='par_1_75' title="bbox 2178 3541 3764 3613">
     <span class='ocr_line' id='line_1_75' title="bbox 2178 3541 3764 3613; baseline 0 -17"><span class='ocrx_word' id='word_1_538' title='bbox 2178 3559 2299 3611; x_wconf 88' lang='grc' dir='ltr'><strong><em>ραν</em></strong></span> <span class='ocrx_word' id='word_1_539' title='bbox 2320 3544 2454 3611; x_wconf 83' lang='grc' dir='ltr'><em>παρ’</em></span> <span class='ocrx_word' id='word_1_540' title='bbox 2473 3542 2720 3612; x_wconf 76' lang='grc' dir='ltr'><em>ἡμέραν,</em></span> <span class='ocrx_word' id='word_1_541' title='bbox 2746 3542 2814 3609; x_wconf 80' lang='grc' dir='ltr'><em>ὃς</em></span> <span class='ocrx_word' id='word_1_542' title='bbox 2837 3542 2905 3595; x_wconf 81' lang='grc' dir='ltr'><strong><em>δὲ</em></strong></span> <span class='ocrx_word' id='word_1_543' title='bbox 2927 3542 3114 3610; x_wconf 85' lang='grc' dir='ltr'><em>κρίνει</em></span> <span class='ocrx_word' id='word_1_544' title='bbox 3137 3541 3344 3599; x_wconf 82' lang='grc' dir='ltr'><em>πᾶσαν</em></span> <span class='ocrx_word' id='word_1_545' title='bbox 3361 3544 3619 3613; x_wconf 78' lang='grc' dir='ltr'><em>ἡμέραν,</em></span> <span class='ocrx_word' id='word_1_546' title='bbox 3642 3545 3764 3598; x_wconf 79' lang='grc' dir='ltr'><em>ἕκα-</em></span> 
     </span>
    </p>
   </div>
   <div class='ocr_carea' id='block_1_76' title="bbox 2185 3633 3763 3704">
    <p class='ocr_par' dir='ltr' id='par_1_76' title="bbox 2185 3633 3763 3704">
     <span class='ocr_line' id='line_1_76' title="bbox 2185 3633 3763 3704; baseline -0.001 -17"><span class='ocrx_word' id='word_1_547' title='bbox 2185 3649 2333 3700; x_wconf 88' lang='grc' dir='ltr'><em>στος</em></span> <span class='ocrx_word' id='word_1_548' title='bbox 2364 3635 2432 3687; x_wconf 85' lang='grc' dir='ltr'><em>ἐν</em></span> <span class='ocrx_word' id='word_1_549' title='bbox 2461 3633 2543 3699; x_wconf 87' lang='grc' dir='ltr'><strong><em>τῷ</em></strong></span> <span class='ocrx_word' id='word_1_550' title='bbox 2575 3633 2701 3699; x_wconf 82' lang='grc' dir='ltr'><strong><em>ιδίῳ</em></strong></span> <span class='ocrx_word' id='word_1_551' title='bbox 2741 3635 2838 3688; x_wconf 83' lang='grc' dir='ltr'><em>νοῒ</em></span> <span class='ocrx_word' id='word_1_552' title='bbox 2878 3634 3388 3704; x_wconf 71' lang='grc' dir='ltr'><em>πληροφορείσθω.</em></span> <span class='ocrx_word' id='word_1_553' title='bbox 3434 3636 3491 3687; x_wconf 88' lang='grc' dir='ltr'><strong><em>Ὁ</em></strong></span> <span class='ocrx_word' id='word_1_554' title='bbox 3523 3633 3763 3704; x_wconf 73' lang='grc' dir='ltr'><em>φρονῶν</em></span> 
     </span>
    </p>
   </div>
   <div class='ocr_carea' id='block_1_77' title="bbox 2186 3722 3764 3792">
    <p class='ocr_par' dir='ltr' id='par_1_77' title="bbox 2186 3722 3764 3792">
     <span class='ocr_line' id='line_1_77' title="bbox 2186 3722 3764 3792; baseline 0 -17"><span class='ocrx_word' id='word_1_555' title='bbox 2186 3723 2300 3789; x_wconf 68' lang='grc' dir='ltr'><em>τὴν</em></span> <span class='ocrx_word' id='word_1_556' title='bbox 2332 3722 2579 3790; x_wconf 65' lang='grc' dir='ltr'><em>ἡμέραν,</em></span> <span class='ocrx_word' id='word_1_557' title='bbox 2608 3724 2802 3791; x_wconf 53' lang='grc' dir='ltr'><em>Καρίῳ</em></span> <span class='ocrx_word' id='word_1_558' title='bbox 2829 3723 3034 3792; x_wconf 70' lang='grc' dir='ltr'><em>φρονεῖ</em></span> <span class='ocrx_word' id='word_1_559' title='bbox 3053 3741 3066 3753; x_wconf 75' lang='grc' dir='ltr'><strong>ο</strong></span> <span class='ocrx_word' id='word_1_560' title='bbox 3091 3724 3190 3776; x_wconf 77' lang='grc' dir='ltr'><em>καὶ</em></span> <span class='ocrx_word' id='word_1_561' title='bbox 3223 3726 3257 3777; x_wconf 81' lang='grc' dir='ltr'><strong><em>ό</em></strong></span> <span class='ocrx_word' id='word_1_562' title='bbox 3275 3722 3361 3792; x_wconf 81' lang='grc' dir='ltr'><em>μὴ</em></span> <span class='ocrx_word' id='word_1_563' title='bbox 3380 3723 3628 3792; x_wconf 71' lang='grc' dir='ltr'><em>φρονῶν</em></span> <span class='ocrx_word' id='word_1_564' title='bbox 3655 3722 3764 3789; x_wconf 73' lang='grc' dir='ltr'><em>τὴν</em></span> 
     </span>
    </p>
   </div>
   <div class='ocr_carea' id='block_1_78' title="bbox 2187 3813 3765 3883">
    <p class='ocr_par' dir='ltr' id='par_1_78' title="bbox 2187 3813 3765 3883">
     <span class='ocr_line' id='line_1_78' title="bbox 2187 3813 3765 3883; baseline -0.003 -12"><span class='ocrx_word' id='word_1_565' title='bbox 2187 3815 2432 3882; x_wconf 77' lang='grc' dir='ltr'><em>ἡμέραν,</em></span> <span class='ocrx_word' id='word_1_566' title='bbox 2470 3814 2664 3882; x_wconf 84' lang='grc' dir='ltr'><em>Κυρίῳ</em></span> <span class='ocrx_word' id='word_1_567' title='bbox 2692 3816 2763 3867; x_wconf 85' lang='grc' dir='ltr'><em>οὐ</em></span> <span class='ocrx_word' id='word_1_568' title='bbox 2784 3813 3007 3883; x_wconf 71' lang='grc' dir='ltr'><em>φρονεῖ.</em></span> <span class='ocrx_word' id='word_1_569' title='bbox 3049 3814 3160 3868; x_wconf 81' lang='grc' dir='ltr'><strong><em>Καὶ</em></strong></span> <span class='ocrx_word' id='word_1_570' title='bbox 3198 3817 3231 3867; x_wconf 82' lang='grc' dir='ltr'><strong><em>ό</em></strong></span> <span class='ocrx_word' id='word_1_571' title='bbox 3272 3814 3514 3879; x_wconf 80' lang='grc' dir='ltr'><em>ἐσθίων,</em></span> <span class='ocrx_word' id='word_1_572' title='bbox 3572 3814 3765 3881; x_wconf 68' lang='grc' dir='ltr'><strong><em>Κῳίῳ</em></strong></span> 
     </span>
    </p>
   </div>
   <div class='ocr_carea' id='block_1_79' title="bbox 2185 3903 3762 3975">
    <p class='ocr_par' dir='ltr' id='par_1_79' title="bbox 2185 3903 3762 3975">
     <span class='ocr_line' id='line_1_79' title="bbox 2185 3903 3762 3975; baseline 0.002 -19"><span class='ocrx_word' id='word_1_573' title='bbox 2185 3906 2405 3959; x_wconf 80' lang='grc' dir='ltr'><em>ἐσθίει·</em></span> <span class='ocrx_word' id='word_1_574' title='bbox 2459 3904 2806 3974; x_wconf 81' lang='grc' dir='ltr'><em>εὐχαριστεῖ</em></span> <span class='ocrx_word' id='word_1_575' title='bbox 2846 3904 2955 3974; x_wconf 74' lang='grc' dir='ltr'><strong><em>γὰρ</em></strong></span> <span class='ocrx_word' id='word_1_576' title='bbox 3003 3904 3082 3970; x_wconf 86' lang='grc' dir='ltr'><strong><em>τῷ</em></strong></span> <span class='ocrx_word' id='word_1_577' title='bbox 3121 3903 3242 3970; x_wconf 87' lang='grc' dir='ltr'><strong><em>Θεῷ</em></strong></span> <span class='ocrx_word' id='word_1_578' title='bbox 3275 3904 3408 3975; x_wconf 74' lang='grc'><strong><em>(28).</em></strong></span> <span class='ocrx_word' id='word_1_579' title='bbox 3453 3904 3572 3959; x_wconf 78' lang='grc' dir='ltr'><strong><em>Καὶ</em></strong></span> <span class='ocrx_word' id='word_1_580' title='bbox 3613 3909 3647 3958; x_wconf 88' lang='grc' dir='ltr'><strong><em>ό</em></strong></span> <span class='ocrx_word' id='word_1_581' title='bbox 3680 3903 3762 3973; x_wconf 78' lang='grc' dir='ltr'><em>μὴ</em></span> 
     </span>
    </p>
   </div>
   <div class='ocr_carea' id='block_1_80' title="bbox 2185 3994 3760 4065">
    <p class='ocr_par' dir='ltr' id='par_1_80' title="bbox 2185 3994 3760 4065">
     <span class='ocr_line' id='line_1_80' title="bbox 2185 3994 3760 4065; baseline -0.002 -16"><span class='ocrx_word' id='word_1_582' title='bbox 2185 3998 2422 4057; x_wconf 82' lang='grc' dir='ltr'><em>ἐσθίων,</em></span> <span class='ocrx_word' id='word_1_583' title='bbox 2446 3998 2638 4065; x_wconf 83' lang='grc' dir='ltr'><em>Κυρίῳ</em></span> <span class='ocrx_word' id='word_1_584' title='bbox 2665 3998 2777 4049; x_wconf 81' lang='grc' dir='ltr'><em>οὐκ</em></span> <span class='ocrx_word' id='word_1_585' title='bbox 2795 3997 3005 4056; x_wconf 84' lang='grc' dir='ltr'><em>ἐσθίει,</em></span> <span class='ocrx_word' id='word_1_586' title='bbox 3023 3997 3120 4050; x_wconf 79' lang='grc' dir='ltr'><em>καὶ</em></span> <span class='ocrx_word' id='word_1_587' title='bbox 3147 3996 3496 4064; x_wconf 80' lang='grc' dir='ltr'><em>εὐχαριστεῖ</em></span> <span class='ocrx_word' id='word_1_588' title='bbox 3510 3994 3600 4061; x_wconf 76' lang='grc' dir='ltr'><strong><em>τῷ</em></strong></span> <span class='ocrx_word' id='word_1_589' title='bbox 3624 3994 3760 4060; x_wconf 84' lang='grc' dir='ltr'><em>Θεῷ.</em></span> 
     </span>
    </p>
   </div>
   <div class='ocr_carea' id='block_1_81' title="bbox 2187 4083 3766 4158">
    <p class='ocr_par' dir='ltr' id='par_1_81' title="bbox 2187 4083 3766 4158">
     <span class='ocr_line' id='line_1_81' title="bbox 2187 4083 3766 4158; baseline -0.003 -16"><span class='ocrx_word' id='word_1_590' title='bbox 2187 4089 2297 4142; x_wconf 74' lang='grc' dir='ltr'><strong><em>Καὶ</em></strong></span> <span class='ocrx_word' id='word_1_591' title='bbox 2351 4089 2467 4158; x_wconf 82' lang='grc' dir='ltr'><em>μετ’</em></span> <span class='ocrx_word' id='word_1_592' title='bbox 2514 4086 2671 4155; x_wconf 66' lang='grc' dir='ltr'><em>ὀλίγα</em></span> <span class='ocrx_word' id='word_1_593' title='bbox 2694 4104 2707 4116; x_wconf 89' lang='grc'><strong>·</strong></span> <span class='ocrx_word' id='word_1_594' title='bbox 2768 4089 2905 4155; x_wconf 76' lang='grc' dir='ltr'><em>Ἄρα</em></span> <span class='ocrx_word' id='word_1_595' title='bbox 2942 4083 3055 4142; x_wconf 87' lang='grc' dir='ltr'><em>οὖν</em></span> <span class='ocrx_word' id='word_1_596' title='bbox 3093 4086 3350 4151; x_wconf 79' lang='grc' dir='ltr'><em>ἕκαστος</em></span> <span class='ocrx_word' id='word_1_597' title='bbox 3399 4083 3576 4154; x_wconf 73' lang='grc' dir='ltr'><em>ἡμῶν</em></span> <span class='ocrx_word' id='word_1_598' title='bbox 3631 4085 3766 4153; x_wconf 70' lang='grc' dir='ltr'><em>περὶ</em></span> 
     </span>
    </p>
   </div>
   <div class='ocr_carea' id='block_1_82' title="bbox 2185 4169 3767 4242">
    <p class='ocr_par' dir='ltr' id='par_1_82' title="bbox 2185 4169 3767 4242">
     <span class='ocr_line' id='line_1_82' title="bbox 2185 4169 3767 4242; baseline 0.003 -17"><span class='ocrx_word' id='word_1_599' title='bbox 2185 4173 2405 4227; x_wconf 81' lang='grc' dir='ltr'><em>ἑαυτοῦ</em></span> <span class='ocrx_word' id='word_1_600' title='bbox 2438 4174 2624 4242; x_wconf 77' lang='grc' dir='ltr'><em>λόγον</em></span> <span class='ocrx_word' id='word_1_601' title='bbox 2660 4172 2836 4226; x_wconf 80' lang='grc' dir='ltr'><em>δώσει</em></span> <span class='ocrx_word' id='word_1_602' title='bbox 2870 4172 2949 4239; x_wconf 89' lang='grc' dir='ltr'><strong><em>τῷ</em></strong></span> <span class='ocrx_word' id='word_1_603' title='bbox 2985 4174 3128 4239; x_wconf 83' lang='grc' dir='ltr'><em>Θεῷ.</em></span> <span class='ocrx_word' id='word_1_604' title='bbox 3166 4173 3386 4241; x_wconf 77' lang='grc' dir='ltr'><em>Μηκέτι</em></span> <span class='ocrx_word' id='word_1_605' title='bbox 3426 4169 3545 4229; x_wconf 82' lang='grc' dir='ltr'><em>οὖν</em></span> <span class='ocrx_word' id='word_1_606' title='bbox 3577 4173 3767 4242; x_wconf 76' lang='grc' dir='ltr'><em>ἀλλή-</em></span> 
     </span>
    </p>
   </div>
   <div class='ocr_carea' id='block_1_83' title="bbox 2185 4259 3764 4333">
    <p class='ocr_par' dir='ltr' id='par_1_83' title="bbox 2185 4259 3764 4333">
     <span class='ocr_line' id='line_1_83' title="bbox 2185 4259 3764 4333; baseline 0.001 -16"><span class='ocrx_word' id='word_1_607' title='bbox 2185 4267 2334 4329; x_wconf 83' lang='grc' dir='ltr'><em>λους</em></span> <span class='ocrx_word' id='word_1_608' title='bbox 2354 4265 2646 4332; x_wconf 83' lang='grc' dir='ltr'><em>κρίνωμεν</em></span> <span class='ocrx_word' id='word_1_609' title='bbox 2667 4263 2800 4333; x_wconf 64' lang='grc'><strong><em>(29).</em></strong></span> <span class='ocrx_word' id='word_1_610' title='bbox 2833 4264 3011 4316; x_wconf 87' lang='grc' dir='ltr'><strong><em>ΠΡΟΣ</em></strong></span> <span class='ocrx_word' id='word_1_611' title='bbox 3036 4265 3199 4318; x_wconf 86' lang='grc' dir='ltr'><strong>ΚΟΛ.</strong></span> <span class='ocrx_word' id='word_1_612' title='bbox 3237 4263 3333 4331; x_wconf 79' lang='grc' dir='ltr'><strong><em>Μὴ</em></strong></span> <span class='ocrx_word' id='word_1_613' title='bbox 3358 4259 3474 4317; x_wconf 86' lang='grc' dir='ltr'><em>οὗν</em></span> <span class='ocrx_word' id='word_1_614' title='bbox 3495 4280 3593 4331; x_wconf 88' lang='grc' dir='ltr'><strong><em>τις</em></strong></span> <span class='ocrx_word' id='word_1_615' title='bbox 3614 4263 3764 4333; x_wconf 78' lang='grc' dir='ltr'><em>ὑμᾶς</em></span> 
     </span>
    </p>
   </div>
   <div class='ocr_carea' id='block_1_84' title="bbox 2187 4353 3768 4425">
    <p class='ocr_par' dir='ltr' id='par_1_84' title="bbox 2187 4353 3768 4425">
     <span class='ocr_line' id='line_1_84' title="bbox 2187 4353 3768 4425; baseline -0.001 -16"><span class='ocrx_word' id='word_1_616' title='bbox 2187 4354 2430 4425; x_wconf 83' lang='grc' dir='ltr'><em>κρινέτω</em></span> <span class='ocrx_word' id='word_1_617' title='bbox 2453 4355 2522 4409; x_wconf 87' lang='grc' dir='ltr'><em>ἐν</em></span> <span class='ocrx_word' id='word_1_618' title='bbox 2549 4353 2775 4423; x_wconf 80' lang='grc' dir='ltr'><em>,ϐρώσει</em></span> <span class='ocrx_word' id='word_1_619' title='bbox 2795 4392 2809 4416; x_wconf 89' lang='grc'><strong><em>,</em></strong></span> <span class='ocrx_word' id='word_1_620' title='bbox 2845 4354 2884 4422; x_wconf 81' lang='grc' dir='ltr'><em>ἢ</em></span> <span class='ocrx_word' id='word_1_621' title='bbox 2910 4353 2981 4406; x_wconf 80' lang='grc' dir='ltr'><em>ἐν</em></span> <span class='ocrx_word' id='word_1_622' title='bbox 3015 4356 3189 4407; x_wconf 75' lang='grc' dir='ltr'><em>πόσει</em></span> <span class='ocrx_word' id='word_1_623' title='bbox 3210 4395 3225 4419; x_wconf 89' lang='grc'><strong><em>,</em></strong></span> <span class='ocrx_word' id='word_1_624' title='bbox 3263 4353 3302 4421; x_wconf 77' lang='grc' dir='ltr'><strong>ἢ</strong></span> <span class='ocrx_word' id='word_1_625' title='bbox 3339 4354 3410 4407; x_wconf 75' lang='grc' dir='ltr'><em>ἐν</em></span> <span class='ocrx_word' id='word_1_626' title='bbox 3436 4353 3613 4423; x_wconf 80' lang='grc' dir='ltr'><em>μέρει</em></span> <span class='ocrx_word' id='word_1_627' title='bbox 3644 4356 3768 4422; x_wconf 82' lang='grc' dir='ltr'><em>ἐορ-</em></span> 
     </span>
    </p>
   </div>
   <div class='ocr_carea' id='block_1_85' title="bbox 529 4427 2089 4524">
    <p class='ocr_par' dir='ltr' id='par_1_85' title="bbox 529 4427 2086 4497">
     <span class='ocr_line' id='line_1_85' title="bbox 529 4427 2086 4497; baseline -0.003 -9"><span class='ocrx_word' id='word_1_628' title='bbox 529 4433 736 4497; x_wconf 77' lang='grc' dir='ltr'><em>ηιεηίω,</em></span> <span class='ocrx_word' id='word_1_629' title='bbox 765 4444 858 4485; x_wconf 87' lang='lat' dir='ltr'><strong><em>aut</em></strong></span> <span class='ocrx_word' id='word_1_630' title='bbox 885 4428 1248 4491; x_wconf 80' lang='lat' dir='ltr'><strong><em>sabbatorum,</em></strong></span> <span class='ocrx_word' id='word_1_631' title='bbox 1274 4441 1391 4497; x_wconf 67' lang='lat' dir='ltr'><strong><em>quae</em></strong></span> <span class='ocrx_word' id='word_1_632' title='bbox 1424 4435 1547 4481; x_wconf 86' lang='lat' dir='ltr'><strong><em>sunt</em></strong></span> <span class='ocrx_word' id='word_1_633' title='bbox 1574 4427 1760 4481; x_wconf 90' lang='lat' dir='ltr'><strong><em>umbra</em></strong></span> <span class='ocrx_word' id='word_1_634' title='bbox 1783 4427 2086 4497; x_wconf 79' lang='lat' dir='ltr'><strong><em>futurorum</em></strong></span> 
     </span>
    </p>
   </div>
   <div class='ocr_carea' id='block_1_86' title="bbox 2192 4427 3768 4524">
    <p class='ocr_par' dir='ltr' id='par_1_86' title="bbox 2192 4441 3768 4513">
     <span class='ocr_line' id='line_1_86' title="bbox 2192 4441 3768 4513; baseline -0.003 -13"><span class='ocrx_word' id='word_1_635' title='bbox 2192 4445 2320 4513; x_wconf 82' lang='grc' dir='ltr'><em>τῆς,</em></span> <span class='ocrx_word' id='word_1_636' title='bbox 2353 4444 2391 4512; x_wconf 82' lang='grc' dir='ltr'><strong>ἢ</strong></span> <span class='ocrx_word' id='word_1_637' title='bbox 2416 4444 2765 4513; x_wconf 87' lang='grc' dir='ltr'><em>νουμηνίας,</em></span> <span class='ocrx_word' id='word_1_638' title='bbox 2802 4443 2840 4512; x_wconf 69' lang='grc' dir='ltr'>ἢ</span> <span class='ocrx_word' id='word_1_639' title='bbox 2878 4441 3209 4507; x_wconf 80' lang='grc' dir='ltr'><em>σαϐϐάτων,</em></span> <span class='ocrx_word' id='word_1_640' title='bbox 3242 4442 3282 4499; x_wconf 81' lang='grc' dir='ltr'><em>ἃ</em></span> <span class='ocrx_word' id='word_1_641' title='bbox 3310 4442 3444 4497; x_wconf 82' lang='grc' dir='ltr'><em>ἐστι</em></span> <span class='ocrx_word' id='word_1_642' title='bbox 3475 4443 3630 4498; x_wconf 84' lang='grc' dir='ltr'><em>σκιὰ</em></span> <span class='ocrx_word' id='word_1_643' title='bbox 3654 4442 3768 4495; x_wconf 80' lang='grc' dir='ltr'><em>τῶν</em></span> 
     </span>
    </p>
   </div>
   <div class='ocr_carea' id='block_1_87' title="bbox 531 4519 1118 4595">
    <p class='ocr_par' dir='ltr' id='par_1_87' title="bbox 531 4519 1118 4595">
     <span class='ocr_line' id='line_1_87' title="bbox 531 4519 1118 4595; baseline -0.012 -15"><span class='ocrx_word' id='word_1_644' title='bbox 531 4524 759 4595; x_wconf 85' lang='lat' dir='ltr'><strong><em>(Coloss.</em></strong></span> <span class='ocrx_word' id='word_1_645' title='bbox 789 4538 850 4587; x_wconf 85' lang='grc' dir='ltr'><strong><em>ιι,</em></strong></span> <span class='ocrx_word' id='word_1_646' title='bbox 884 4519 973 4587; x_wconf 87' lang='grc'><em>16,</em></span> <span class='ocrx_word' id='word_1_647' title='bbox 1008 4519 1118 4590; x_wconf 84' lang='grc'><em>17).</em></span> 
     </span>
    </p>
   </div>
   <div class='ocr_carea' id='block_1_88' title="bbox 528 4630 2089 4708">
    <p class='ocr_par' dir='ltr' id='par_1_88' title="bbox 528 4630 2089 4708">
     <span class='ocr_line' id='line_1_88' title="bbox 528 4630 2089 4708; baseline -0.003 -13"><span class='ocrx_word' id='word_1_648' title='bbox 528 4637 684 4708; x_wconf 87' lang='lat' dir='ltr'><strong><em>Quod</em></strong></span> <span class='ocrx_word' id='word_1_649' title='bbox 713 4650 825 4691; x_wconf 89' lang='lat' dir='ltr'><strong><em>non</em></strong></span> <span class='ocrx_word' id='word_1_650' title='bbox 860 4640 1074 4705; x_wconf 83' lang='lat' dir='ltr'><strong><em>oportet</em></strong></span> <span class='ocrx_word' id='word_1_651' title='bbox 1106 4630 1356 4687; x_wconf 64' lang='lat' dir='ltr'><strong><em>hmsitare</em></strong></span> <span class='ocrx_word' id='word_1_652' title='bbox 1384 4630 1439 4687; x_wconf 88' lang='lat' dir='ltr'><strong><em>in</em></strong></span> <span class='ocrx_word' id='word_1_653' title='bbox 1480 4631 1567 4687; x_wconf 82' lang='lat' dir='ltr'><strong><em>his</em></strong></span> <span class='ocrx_word' id='word_1_654' title='bbox 1591 4648 1713 4703; x_wconf 63' lang='lat' dir='ltr'><strong><em>qua;</em></strong></span> <span class='ocrx_word' id='word_1_655' title='bbox 1742 4648 1771 4686; x_wconf 84' lang='lat' dir='ltr'><strong><em>a</em></strong></span> <span class='ocrx_word' id='word_1_656' title='bbox 1803 4634 2089 4706; x_wconf 82' lang='lat' dir='ltr'><strong><em>Scriptura</em></strong></span> 
     </span>
    </p>
   </div>
   <div class='ocr_carea' id='block_1_89' title="bbox 1081 4726 1530 4797">
    <p class='ocr_par' dir='ltr' id='par_1_89' title="bbox 1081 4726 1530 4797">
     <span class='ocr_line' id='line_1_89' title="bbox 1081 4726 1530 4797; baseline -0.007 -15"><span class='ocrx_word' id='word_1_657' title='bbox 1081 4726 1346 4797; x_wconf 84' lang='lat' dir='ltr'><strong><em>permissa</em></strong></span> <span class='ocrx_word' id='word_1_658' title='bbox 1376 4733 1530 4782; x_wconf 83' lang='lat' dir='ltr'><strong><em>sunt.</em></strong></span> 
     </span>
    </p>
   </div>
   <div class='ocr_carea' id='block_1_90' title="bbox 1159 4836 1458 4909">
    <p class='ocr_par' dir='ltr' id='par_1_90' title="bbox 1159 4836 1458 4909">
     <span class='ocr_line' id='line_1_90' title="bbox 1159 4836 1458 4909; baseline 0 -15"><span class='ocrx_word' id='word_1_659' title='bbox 1159 4836 1330 4909; x_wconf 82' lang='lat' dir='ltr'><strong><em>Caput</em></strong></span> <span class='ocrx_word' id='word_1_660' title='bbox 1372 4836 1458 4894; x_wconf 87' lang='grc'><em>11.</em></span> 
     </span>
    </p>
   </div>
   <div class='ocr_carea' id='block_1_91' title="bbox 594 4931 2085 5007">
    <p class='ocr_par' dir='ltr' id='par_1_91' title="bbox 594 4931 2085 5007">
     <span class='ocr_line' id='line_1_91' title="bbox 594 4931 2085 5007; baseline -0.002 -16"><span class='ocrx_word' id='word_1_661' title='bbox 594 4935 789 4991; x_wconf 85' lang='lat' dir='ltr'><strong><em>Beatus</em></strong></span> <span class='ocrx_word' id='word_1_662' title='bbox 811 4936 900 5007; x_wconf 90' lang='lat' dir='ltr'><strong><em>qui</em></strong></span> <span class='ocrx_word' id='word_1_663' title='bbox 925 4950 1027 4988; x_wconf 86' lang='lat' dir='ltr'><strong><em>non</em></strong></span> <span class='ocrx_word' id='word_1_664' title='bbox 1043 4931 1253 5003; x_wconf 84' lang='lat' dir='ltr'><strong><em>judicat</em></strong></span> <span class='ocrx_word' id='word_1_665' title='bbox 1285 4933 1617 5001; x_wconf 86' lang='lat' dir='ltr'><strong><em>semetipsum</em></strong></span> <span class='ocrx_word' id='word_1_666' title='bbox 1638 4933 1693 4986; x_wconf 90' lang='lat' dir='ltr'><strong><em>in</em></strong></span> <span class='ocrx_word' id='word_1_667' title='bbox 1718 4949 1777 4989; x_wconf 91' lang='lat' dir='ltr'><strong><em>eo</em></strong></span> <span class='ocrx_word' id='word_1_668' title='bbox 1806 4935 1944 5004; x_wconf 88' lang='lat' dir='ltr'><strong><em>quod</em></strong></span> <span class='ocrx_word' id='word_1_669' title='bbox 1967 4952 2085 5005; x_wconf 83' lang='lat' dir='ltr'><strong><em>pro-</em></strong></span> 
     </span>
    </p>
   </div>
   <div class='ocr_carea' id='block_1_92' title="bbox 524 5025 2084 5095">
    <p class='ocr_par' dir='ltr' id='par_1_92' title="bbox 524 5025 2084 5095">
     <span class='ocr_line' id='line_1_92' title="bbox 524 5025 2084 5095; baseline -0.001 -12"><span class='ocrx_word' id='word_1_670' title='bbox 524 5031 633 5085; x_wconf 90' lang='lat' dir='ltr'><strong><em>bat.</em></strong></span> <span class='ocrx_word' id='word_1_671' title='bbox 667 5028 771 5095; x_wconf 78' lang='grc' dir='ltr'><strong><em>Ωιιὶ</em></strong></span> <span class='ocrx_word' id='word_1_672' title='bbox 800 5036 973 5082; x_wconf 88' lang='lat' dir='ltr'><strong><em>autem</em></strong></span> <span class='ocrx_word' id='word_1_673' title='bbox 1002 5025 1274 5089; x_wconf 87' lang='lat' dir='ltr'><strong><em>discernit,</em></strong></span> <span class='ocrx_word' id='word_1_674' title='bbox 1314 5027 1360 5078; x_wconf 86' lang='lat' dir='ltr'><strong><em>si</em></strong></span> <span class='ocrx_word' id='word_1_675' title='bbox 1391 5025 1806 5092; x_wconf 80' lang='lat' dir='ltr'><strong><em>manducauerit,</em></strong></span> <span class='ocrx_word' id='word_1_676' title='bbox 1837 5026 2084 5082; x_wconf 87' lang='lat' dir='ltr'><strong><em>condem-</em></strong></span> 
     </span>
    </p>
   </div>
   <div class='ocr_carea' id='block_1_93' title="bbox 614 5168 1528 5246">
    <p class='ocr_par' dir='ltr' id='par_1_93' title="bbox 614 5168 1528 5246">
     <span class='ocr_line' id='line_1_93' title="bbox 614 5168 1528 5246; baseline 0 0"><span class='ocrx_word' id='word_1_677' title='bbox 614 5174 706 5246; x_wconf 61' lang='grc' dir='ltr'><strong><em>εδ)</em></strong></span> <span class='ocrx_word' id='word_1_678' title='bbox 733 5172 866 5246; x_wconf 61' lang='grc' dir='ltr'><em>ιιρς.</em></span> <span class='ocrx_word' id='word_1_679' title='bbox 903 5172 1101 5246; x_wconf 65' lang='lat' dir='ltr'><strong><em>tertius.</em></strong></span> <span class='ocrx_word' id='word_1_680' title='bbox 1135 5169 1261 5246; x_wconf 68' lang='lat' dir='ltr'><strong><em>:an</em></strong></span> <span class='ocrx_word' id='word_1_681' title='bbox 1289 5168 1402 5246; x_wconf 72' lang='grc' dir='ltr'><strong><em>γὰρ</em></strong></span> <span class='ocrx_word' id='word_1_682' title='bbox 1431 5170 1528 5246; x_wconf 67' lang='grc' dir='ltr'><strong><em>μήτ</em></strong></span> 
     </span>
    </p>
   </div>
   <div class='ocr_carea' id='block_1_94' title="bbox 615 5237 2086 5311">
    <p class='ocr_par' dir='ltr' id='par_1_94' title="bbox 615 5237 2086 5311">
     <span class='ocr_line' id='line_1_94' title="bbox 615 5237 2086 5311; baseline -0.001 -12"><span class='ocrx_word' id='word_1_683' title='bbox 615 5237 707 5307; x_wconf 69' lang='lat'><strong><em>27&#39;)</em></strong></span> <span class='ocrx_word' id='word_1_684' title='bbox 738 5237 977 5311; x_wconf 67' lang='lat' dir='ltr'><strong><em>UtFaque</em></strong></span> <span class='ocrx_word' id='word_1_685' title='bbox 1020 5239 1187 5297; x_wconf 79' lang='lat' dir='ltr'><strong><em>editio</em></strong></span> <span class='ocrx_word' id='word_1_686' title='bbox 1225 5237 1447 5311; x_wconf 61' lang='grc' dir='ltr'><strong><em>δυναέῥέ</em></strong></span> <span class='ocrx_word' id='word_1_687' title='bbox 1476 5237 1595 5311; x_wconf 60' lang='grc' dir='ltr'><strong><em>γὰρ</em></strong></span> <span class='ocrx_word' id='word_1_688' title='bbox 1616 5241 1664 5295; x_wconf 87' lang='grc' dir='ltr'><em>ὁ.</em></span> <span class='ocrx_word' id='word_1_689' title='bbox 1708 5237 1844 5311; x_wconf 61' lang='grc' dir='ltr'><em>ἷξες.</em></span> <span class='ocrx_word' id='word_1_690' title='bbox 1877 5241 2086 5311; x_wconf 83' lang='lat' dir='ltr'><strong><em>primus</em></strong></span> 
     </span>
    </p>
   </div>
   <div class='ocr_carea' id='block_1_95' title="bbox 519 5309 2086 5383">
    <p class='ocr_par' dir='ltr' id='par_1_95' title="bbox 519 5309 2086 5383">
     <span class='ocr_line' id='line_1_95' title="bbox 519 5309 2086 5383; baseline -0.001 -13"><span class='ocrx_word' id='word_1_691' title='bbox 519 5309 742 5377; x_wconf 76' lang='grc' dir='ltr'><strong><em>δυνατὸς</em></strong></span> <span class='ocrx_word' id='word_1_692' title='bbox 778 5309 1059 5383; x_wconf 71' lang='grc' dir='ltr'><em>γᾴρ“ὲστιν</em></span> <span class='ocrx_word' id='word_1_693' title='bbox 1081 5313 1128 5366; x_wconf 87' lang='grc' dir='ltr'><em>ὁ.</em></span> <span class='ocrx_word' id='word_1_694' title='bbox 1155 5310 1339 5365; x_wconf 74' lang='lat' dir='ltr'><strong><em>Codex</em></strong></span> <span class='ocrx_word' id='word_1_695' title='bbox 1368 5309 1614 5383; x_wconf 74' lang='lat' dir='ltr'><strong><em>Combef.</em></strong></span> <span class='ocrx_word' id='word_1_696' title='bbox 1647 5318 1713 5383; x_wconf 89' lang='lat' dir='ltr'><strong><em>et_</em></strong></span> <span class='ocrx_word' id='word_1_697' title='bbox 1734 5309 1864 5380; x_wconf 79' lang='lat' dir='ltr'><strong><em>Reg.</em></strong></span> <span class='ocrx_word' id='word_1_698' title='bbox 1881 5309 2086 5383; x_wconf 72' lang='lat' dir='ltr'><strong><em>tertius</em></strong></span> 
     </span>
    </p>
   </div>
   <div class='ocr_carea' id='block_1_96' title="bbox 518 5380 2087 5452">
    <p class='ocr_par' dir='ltr' id='par_1_96' title="bbox 518 5380 2087 5452">
     <span class='ocr_line' id='line_1_96' title="bbox 518 5380 2087 5452; baseline -0.003 -12"><span class='ocrx_word' id='word_1_699' title='bbox 518 5384 742 5445; x_wconf 83' lang='grc' dir='ltr'><strong><em>δυνατὸς</em></strong></span> <span class='ocrx_word' id='word_1_700' title='bbox 776 5380 885 5452; x_wconf 64' lang='grc' dir='ltr'><strong><em>γὰρ</em></strong></span> <span class='ocrx_word' id='word_1_701' title='bbox 904 5383 934 5434; x_wconf 84' lang='grc' dir='ltr'><strong>ὁ</strong></span> <span class='ocrx_word' id='word_1_702' title='bbox 960 5380 1183 5452; x_wconf 77' lang='grc' dir='ltr'><em>Κύριος,</em></span> <span class='ocrx_word' id='word_1_703' title='bbox 1208 5389 1388 5452; x_wconf 77' lang='lat' dir='ltr'><strong><em>potens</em></strong></span> <span class='ocrx_word' id='word_1_704' title='bbox 1412 5389 1489 5452; x_wconf 76' lang='lat' dir='ltr'><strong><em>est</em></strong></span> <span class='ocrx_word' id='word_1_705' title='bbox 1517 5381 1655 5452; x_wconf 72' lang='lat' dir='ltr'><strong><em>enim</em></strong></span> <span class='ocrx_word' id='word_1_706' title='bbox 1678 5380 1956 5452; x_wconf 81' lang='lat' dir='ltr'><strong><em>Dominus.</em></strong></span> <span class='ocrx_word' id='word_1_707' title='bbox 1982 5380 2087 5437; x_wconf 89' lang='lat' dir='ltr'><strong><em>lbi-</em></strong></span> 
     </span>
    </p>
   </div>
   <div class='ocr_carea' id='block_1_97' title="bbox 520 5448 2087 5522">
    <p class='ocr_par' dir='ltr' id='par_1_97' title="bbox 520 5448 2087 5522">
     <span class='ocr_line' id='line_1_97' title="bbox 520 5448 2087 5522; baseline -0.003 -12"><span class='ocrx_word' id='word_1_708' title='bbox 520 5456 645 5510; x_wconf 90' lang='lat' dir='ltr'><strong><em>dem</em></strong></span> <span class='ocrx_word' id='word_1_709' title='bbox 662 5448 895 5521; x_wconf 82' lang='lat' dir='ltr'><strong><em>utraque</em></strong></span> <span class='ocrx_word' id='word_1_710' title='bbox 914 5448 1082 5506; x_wconf 82' lang='lat' dir='ltr'><strong><em>editio</em></strong></span> <span class='ocrx_word' id='word_1_711' title='bbox 1107 5448 1327 5522; x_wconf 66' lang='grc' dir='ltr'><strong><em>Ὀςμὲν</em></strong></span> <span class='ocrx_word' id='word_1_712' title='bbox 1354 5448 1549 5521; x_wconf 78' lang='grc' dir='ltr'><em>κρίνει.</em></span> <span class='ocrx_word' id='word_1_713' title='bbox 1577 5448 1726 5504; x_wconf 82' lang='lat' dir='ltr'><strong><em>Libri</em></strong></span> <span class='ocrx_word' id='word_1_714' title='bbox 1753 5457 1961 5505; x_wconf 81' lang='lat' dir='ltr'><strong><em>veteres</em></strong></span> <span class='ocrx_word' id='word_1_715' title='bbox 1991 5454 2087 5516; x_wconf 87' lang='grc' dir='ltr'><em>Ὃς</em></span> 
     </span>
    </p>
   </div>
   <div class='ocr_carea' id='block_1_98' title="bbox 523 5522 979 5594">
    <p class='ocr_par' dir='ltr' id='par_1_98' title="bbox 523 5522 979 5594">
     <span class='ocr_line' id='line_1_98' title="bbox 523 5522 979 5594; baseline 0.004 -2"><span class='ocrx_word' id='word_1_716' title='bbox 523 5525 640 5594; x_wconf 20' lang='grc' dir='ltr'><strong><em>μὲνξ</em></strong></span> <span class='ocrx_word' id='word_1_717' title='bbox 652 5523 773 5594; x_wconf 58' lang='grc' dir='ltr'><strong><em>Υβίίζ</em></strong></span> <span class='ocrx_word' id='word_1_718' title='bbox 785 5522 979 5594; x_wconf 71' lang='grc' dir='ltr'><em>κρίνειε</em></span> 
     </span>
    </p>
   </div>
   <div class='ocr_carea' id='block_1_99' title="bbox 599 5585 2083 5716">
    <p class='ocr_par' dir='ltr' id='par_1_99' title="bbox 599 5585 2083 5716">
     <span class='ocr_line' id='line_1_99' title="bbox 599 5585 2083 5663; baseline -0.001 -17"><span class='ocrx_word' id='word_1_719' title='bbox 599 5585 837 5663; x_wconf 61' lang='grc' dir='ltr'><strong><em>ςὲϐγεὶό</em></strong></span> <span class='ocrx_word' id='word_1_720' title='bbox 877 5590 1047 5644; x_wconf 80' lang='lat' dir='ltr'><strong><em>codex</em></strong></span> <span class='ocrx_word' id='word_1_721' title='bbox 1090 5586 1335 5644; x_wconf 83' lang='lat' dir='ltr'><strong><em>Combei.</em></strong></span> <span class='ocrx_word' id='word_1_722' title='bbox 1377 5593 1432 5643; x_wconf 90' lang='lat' dir='ltr'><strong><em>et</em></strong></span> <span class='ocrx_word' id='word_1_723' title='bbox 1469 5585 1603 5657; x_wconf 77' lang='lat' dir='ltr'><strong><em>Reg.</em></strong></span> <span class='ocrx_word' id='word_1_724' title='bbox 1652 5589 1844 5645; x_wconf 86' lang='lat' dir='ltr'><strong><em>tertius</em></strong></span> <span class='ocrx_word' id='word_1_725' title='bbox 1922 5596 2083 5644; x_wconf 69' lang='lat' dir='ltr'><strong><em>racter-</em></strong></span> 
     </span>
     <span class='ocr_line' id='line_1_100' title="bbox 599 5603 2081 5716; baseline 0 -4"><span class='ocrx_word' id='word_1_726' title='bbox 599 5676 949 5716; x_wconf 68' lang='lat' dir='ltr'><strong><em>essanensem.</em></strong></span> <span class='ocrx_word' id='word_1_727' title='bbox 1001 5658 1239 5716; x_wconf 79' lang='lat' dir='ltr'><strong><em>Utraque</em></strong></span> <span class='ocrx_word' id='word_1_728' title='bbox 1280 5657 1447 5713; x_wconf 88' lang='lat' dir='ltr'><strong><em>editio</em></strong></span> <span class='ocrx_word' id='word_1_729' title='bbox 1494 5659 1806 5716; x_wconf 79' lang='grc' dir='ltr'><em>εὐγαριστεῖ</em></span> <span class='ocrx_word' id='word_1_730' title='bbox 1849 5603 1959 5716; x_wconf 56' lang='lat' dir='ltr'><strong><em>rgo</em></strong></span> <span class='ocrx_word' id='word_1_731' title='bbox 2004 5659 2081 5716; x_wconf 78' lang='grc' dir='ltr'><em>τῶ</em></span> 
     </span>
    </p>
   </div>
   <div class='ocr_carea' id='block_1_100' title="bbox 522 5657 2081 5730">
    <p class='ocr_par' dir='ltr' id='par_1_100' title="bbox 522 5657 2081 5730">
     <span class='ocr_line' id='line_1_101' title="bbox 522 5657 2081 5730; baseline -0.003 -14"><span class='ocrx_word' id='word_1_732' title='bbox 522 5657 949 5717; x_wconf 61' lang='lat' dir='ltr'><strong><em>Messanensem.</em></strong></span> <span class='ocrx_word' id='word_1_733' title='bbox 1001 5657 1447 5730; x_wconf 79' lang='lat' dir='ltr'><strong><em>Utraqueeditio</em></strong></span> <span class='ocrx_word' id='word_1_734' title='bbox 1494 5659 1806 5730; x_wconf 72' lang='grc' dir='ltr'><em>εὐχαριστεῖ</em></span> <span class='ocrx_word' id='word_1_735' title='bbox 1849 5657 1959 5730; x_wconf 81' lang='grc' dir='ltr'><strong><em>γὰρ</em></strong></span> <span class='ocrx_word' id='word_1_736' title='bbox 2004 5659 2081 5730; x_wconf 79' lang='grc' dir='ltr'><strong><em>τῷ</em></strong></span> 
     </span>
    </p>
   </div>
   <div class='ocr_carea' id='block_1_101' title="bbox 519 5729 2082 5802">
    <p class='ocr_par' dir='ltr' id='par_1_101' title="bbox 519 5729 2082 5802">
     <span class='ocr_line' id='line_1_102' title="bbox 519 5729 2082 5802; baseline 0.001 -16"><span class='ocrx_word' id='word_1_737' title='bbox 519 5732 661 5802; x_wconf 82' lang='grc' dir='ltr'><em>υεῷ.</em></span> <span class='ocrx_word' id='word_1_738' title='bbox 698 5732 804 5787; x_wconf 76' lang='grc' dir='ltr'><strong><em>Καὶ</em></strong></span> <span class='ocrx_word' id='word_1_739' title='bbox 851 5731 964 5801; x_wconf 79' lang='grc' dir='ltr'><em>μετ’</em></span> <span class='ocrx_word' id='word_1_740' title='bbox 1004 5729 1178 5799; x_wconf 80' lang='grc' dir='ltr'><strong><em>ὀλίγα·</em></strong></span> <span class='ocrx_word' id='word_1_741' title='bbox 1223 5729 1381 5799; x_wconf 75' lang='grc' dir='ltr'><em>Ἄρα·</em></span> <span class='ocrx_word' id='word_1_742' title='bbox 1415 5729 1560 5799; x_wconf 88' lang='lat' dir='ltr'><strong><em>quod</em></strong></span> <span class='ocrx_word' id='word_1_743' title='bbox 1591 5729 1841 5784; x_wconf 85' lang='lat' dir='ltr'><strong><em>mutilum</em></strong></span> <span class='ocrx_word' id='word_1_744' title='bbox 1877 5729 1996 5786; x_wconf 84' lang='lat' dir='ltr'><strong><em>erat</em></strong></span> <span class='ocrx_word' id='word_1_745' title='bbox 2025 5729 2082 5787; x_wconf 80' lang='lat' dir='ltr'><strong><em>et</em></strong></span> 
     </span>
    </p>
   </div>
   <div class='ocr_carea' id='block_1_102' title="bbox 2188 4536 2554 4605">
    <p class='ocr_par' dir='ltr' id='par_1_102' title="bbox 2188 4536 2554 4605">
     <span class='ocr_line' id='line_1_103' title="bbox 2188 4536 2554 4605; baseline -0.003 -18"><span class='ocrx_word' id='word_1_746' title='bbox 2188 4536 2554 4605; x_wconf 56' lang='grc' dir='ltr'><em>μελλόντων.</em></span> 
     </span>
    </p>
   </div>
   <div class='ocr_carea' id='block_1_103' title="bbox 2191 4642 3768 4716">
    <p class='ocr_par' dir='ltr' id='par_1_103' title="bbox 2191 4642 3768 4716">
     <span class='ocr_line' id='line_1_104' title="bbox 2191 4642 3768 4716; baseline 0.004 -19"><span class='ocrx_word' id='word_1_747' title='bbox 2191 4646 2312 4698; x_wconf 83' lang='grc' dir='ltr'><em>Ὅτι</em></span> <span class='ocrx_word' id='word_1_748' title='bbox 2347 4643 2405 4696; x_wconf 83' lang='grc' dir='ltr'><em>οὐ</em></span> <span class='ocrx_word' id='word_1_749' title='bbox 2443 4643 2522 4697; x_wconf 77' lang='grc' dir='ltr'><strong><em>δεῖ</em></strong></span> <span class='ocrx_word' id='word_1_750' title='bbox 2557 4643 2931 4716; x_wconf 80' lang='grc' dir='ltr'><em>διακρίνεσθαι</em></span> <span class='ocrx_word' id='word_1_751' title='bbox 2970 4643 3064 4698; x_wconf 70' lang='grc' dir='ltr'><strong><em>ἐπὶ</em></strong></span> <span class='ocrx_word' id='word_1_752' title='bbox 3096 4645 3207 4708; x_wconf 81' lang='grc' dir='ltr'><em>τοῖς</em></span> <span class='ocrx_word' id='word_1_753' title='bbox 3243 4643 3349 4697; x_wconf 82' lang='grc' dir='ltr'><strong><em>ὑπὸ</em></strong></span> <span class='ocrx_word' id='word_1_754' title='bbox 3383 4642 3485 4715; x_wconf 82' lang='grc' dir='ltr'><strong><em>τῆς</em></strong></span> <span class='ocrx_word' id='word_1_755' title='bbox 3534 4643 3768 4715; x_wconf 76' lang='grc' dir='ltr'><em>Γραφῆς</em></span> 
     </span>
    </p>
   </div>
   <div class='ocr_carea' id='block_1_104' title="bbox 2703 4736 3231 4808">
    <p class='ocr_par' dir='ltr' id='par_1_104' title="bbox 2703 4736 3231 4808">
     <span class='ocr_line' id='line_1_105' title="bbox 2703 4736 3231 4808; baseline 0.002 -20"><span class='ocrx_word' id='word_1_756' title='bbox 2703 4752 3023 4808; x_wconf 78' lang='grc' dir='ltr'><em>συγκεχωρη</em></span> <span class='ocrx_word' id='word_1_757' title='bbox 3032 4736 3231 4807; x_wconf 83' lang='grc' dir='ltr'><em>μένοις.</em></span> 
     </span>
    </p>
   </div>
   <div class='ocr_carea' id='block_1_105' title="bbox 2800 4848 3135 4903">
    <p class='ocr_par' dir='ltr' id='par_1_105' title="bbox 2800 4848 3135 4903">
     <span class='ocr_line' id='line_1_106' title="bbox 2800 4848 3135 4903; baseline 0.003 -1"><span class='ocrx_word' id='word_1_758' title='bbox 2800 4848 3025 4903; x_wconf 75' lang='grc' dir='ltr'><em>Κεφάλ.</em></span> <span class='ocrx_word' id='word_1_759' title='bbox 3060 4848 3135 4903; x_wconf 78' lang='grc' dir='ltr'><strong><em>β’.</em></strong></span> 
     </span>
    </p>
   </div>
   <div class='ocr_carea' id='block_1_106' title="bbox 2260 4847 3772 5009">
    <p class='ocr_par' dir='ltr' id='par_1_106' title="bbox 2260 4847 3772 5009">
     <span class='ocr_line' id='line_1_107' title="bbox 2800 4848 3135 4903; baseline 0.003 -1"><span class='ocrx_word' id='word_1_760' title='bbox 2800 4851 2879 4902; x_wconf 87' lang='grc' dir='ltr'><em>Κε</em></span> <span class='ocrx_word' id='word_1_761' title='bbox 2926 4848 3025 4903; x_wconf 83' lang='grc' dir='ltr'><strong><em>ἀλ.</em></strong></span> <span class='ocrx_word' id='word_1_762' title='bbox 3125 4886 3135 4903; x_wconf 89' lang='grc'><strong><em>.</em></strong></span> 
     </span>
     <span class='ocr_line' id='line_1_108' title="bbox 2260 4847 3772 5009; baseline 0.003 -16"><span class='ocrx_word' id='word_1_763' title='bbox 2260 4940 2435 4993; x_wconf 87' lang='grc' dir='ltr'><strong><em>ΠΡΟΣ</em></strong></span> <span class='ocrx_word' id='word_1_764' title='bbox 2465 4940 2626 4993; x_wconf 90' lang='grc' dir='ltr'><strong><em>ΡΩΜ.</em></strong></span> <span class='ocrx_word' id='word_1_765' title='bbox 2658 4866 2956 5008; x_wconf 58' lang='grc' dir='ltr'><em>Μακάριῗς</em></span> <span class='ocrx_word' id='word_1_766' title='bbox 2990 4943 3024 4993; x_wconf 85' lang='grc' dir='ltr'><em>ὁ</em></span> <span class='ocrx_word' id='word_1_767' title='bbox 3053 4847 3141 5009; x_wconf 51' lang='grc' dir='ltr'><strong><em>ἰὴ</em></strong></span> <span class='ocrx_word' id='word_1_768' title='bbox 3170 4941 3391 5008; x_wconf 84' lang='grc' dir='ltr'><em>κρίνων</em></span> <span class='ocrx_word' id='word_1_769' title='bbox 3435 4941 3667 4997; x_wconf 71' lang='grc' dir='ltr'><em>ἑαυτὸν</em></span> <span class='ocrx_word' id='word_1_770' title='bbox 3702 4942 3772 4996; x_wconf 79' lang='grc' dir='ltr'><em>ἐν</em></span> 
     </span>
    </p>
   </div>
   <div class='ocr_carea' id='block_1_107' title="bbox 2187 5024 3768 5105">
    <p class='ocr_par' dir='ltr' id='par_1_107' title="bbox 2187 5024 3768 5105">
     <span class='ocr_line' id='line_1_109' title="bbox 2187 5024 3768 5105; baseline 0.004 -22"><span class='ocrx_word' id='word_1_771' title='bbox 2187 5024 2236 5099; x_wconf 83' lang='grc' dir='ltr'>ᾧ</span> <span class='ocrx_word' id='word_1_772' title='bbox 2262 5028 2571 5100; x_wconf 82' lang='grc' dir='ltr'><em>δοκιμάζει.</em></span> <span class='ocrx_word' id='word_1_773' title='bbox 2628 5032 2683 5084; x_wconf 85' lang='grc' dir='ltr'><strong><em>Ὀ</em></strong></span> <span class='ocrx_word' id='word_1_774' title='bbox 2709 5031 2778 5084; x_wconf 80' lang='grc' dir='ltr'><em>δὲ</em></span> <span class='ocrx_word' id='word_1_775' title='bbox 2807 5030 3276 5103; x_wconf 83' lang='grc' dir='ltr'><em>διακρινόμενος,</em></span> <span class='ocrx_word' id='word_1_776' title='bbox 3303 5034 3414 5088; x_wconf 82' lang='grc' dir='ltr'><strong><em>ἐὰν</em></strong></span> <span class='ocrx_word' id='word_1_777' title='bbox 3442 5034 3637 5105; x_wconf 70' lang='grc' dir='ltr'><em>φάγῃ,</em></span> <span class='ocrx_word' id='word_1_778' title='bbox 3666 5052 3768 5089; x_wconf 75' lang='grc' dir='ltr'><em>κα-</em></span> 
     </span>
    </p>
   </div>
   <div class='ocr_carea' id='block_1_108' title="bbox 2185 5173 3770 5249">
    <p class='ocr_par' dir='ltr' id='par_1_108' title="bbox 2185 5173 3770 5249">
     <span class='ocr_line' id='line_1_110' title="bbox 2185 5173 3770 5249; baseline 0.003 -21"><span class='ocrx_word' id='word_1_779' title='bbox 2185 5183 2461 5249; x_wconf 77' lang='lat' dir='ltr'><strong><em>truncurn.</em></strong></span> <span class='ocrx_word' id='word_1_780' title='bbox 2489 5173 2615 5249; x_wconf 66' lang='lat' dir='ltr'><strong><em>Mox</em></strong></span> <span class='ocrx_word' id='word_1_781' title='bbox 2647 5181 2882 5249; x_wconf 68' lang='lat' dir='ltr'><strong><em>utraque</em></strong></span> <span class='ocrx_word' id='word_1_782' title='bbox 2907 5174 3077 5231; x_wconf 84' lang='lat' dir='ltr'><strong><em>editio</em></strong></span> <span class='ocrx_word' id='word_1_783' title='bbox 3105 5176 3230 5246; x_wconf 80' lang='grc' dir='ltr'><em>περὶ</em></span> <span class='ocrx_word' id='word_1_784' title='bbox 3255 5175 3442 5231; x_wconf 82' lang='grc' dir='ltr'><em>αὑτοῦ.</em></span> <span class='ocrx_word' id='word_1_785' title='bbox 3474 5174 3616 5249; x_wconf 76' lang='lat' dir='ltr'><strong><em>Reg.</em></strong></span> <span class='ocrx_word' id='word_1_786' title='bbox 3658 5188 3770 5233; x_wconf 80' lang='lat' dir='ltr'><strong><em>ter-</em></strong></span> 
     </span>
    </p>
   </div>
   <div class='ocr_carea' id='block_1_109' title="bbox 2183 5243 2698 5299">
    <p class='ocr_par' dir='ltr' id='par_1_109' title="bbox 2183 5243 2698 5299">
     <span class='ocr_line' id='line_1_111' title="bbox 2183 5243 2698 5299; baseline 0.004 -2"><span class='ocrx_word' id='word_1_787' title='bbox 2183 5245 2295 5299; x_wconf 86' lang='lat' dir='ltr'><strong><em>tius</em></strong></span> <span class='ocrx_word' id='word_1_788' title='bbox 2326 5244 2455 5299; x_wconf 75' lang='grc' dir='ltr'><em>πεοὶ</em></span> <span class='ocrx_word' id='word_1_789' title='bbox 2484 5243 2698 5299; x_wconf 77' lang='grc' dir='ltr'><em>ἑαυτοῦ.</em></span> 
     </span>
    </p>
   </div>
   <div class='ocr_carea' id='block_1_110' title="bbox 2184 5262 3768 5395">
    <p class='ocr_par' dir='ltr' id='par_1_110' title="bbox 2184 5262 3768 5395">
     <span class='ocr_line' id='line_1_112' title="bbox 2184 5262 2698 5299; baseline 0.004 -2"><span class='ocrx_word' id='word_1_790' title='bbox 2184 5262 2295 5299; x_wconf 84' lang='lat' dir='ltr'><strong><em>uus</em></strong></span> <span class='ocrx_word' id='word_1_791' title='bbox 2326 5262 2394 5298; x_wconf 87' lang='grc' dir='ltr'><strong><em>πε</em></strong></span> <span class='ocrx_word' id='word_1_792' title='bbox 2439 5262 2455 5295; x_wconf 87' lang='grc' dir='ltr'><strong><em>ι</em></strong></span> <span class='ocrx_word' id='word_1_793' title='bbox 2484 5262 2698 5299; x_wconf 83' lang='grc' dir='ltr'><em>εαυτου.</em></span> 
     </span>
     <span class='ocr_line' id='line_1_113' title="bbox 2184 5262 3768 5395; baseline 0.004 -29"><span class='ocrx_word' id='word_1_794' title='bbox 2184 5383 2196 5395; x_wconf 82' lang='lat'><em>_</em></span> <span class='ocrx_word' id='word_1_795' title='bbox 2252 5314 2365 5395; x_wconf 60' lang='lat'><strong><em>(39)</em></strong></span> <span class='ocrx_word' id='word_1_796' title='bbox 2381 5262 3060 5395; x_wconf 41' lang='lat' dir='ltr'><strong><em>.Igost‘rerburnupiymuev</em></strong></span> <span class='ocrx_word' id='word_1_797' title='bbox 3086 5315 3159 5395; x_wconf 79' lang='lat' dir='ltr'><strong><em>ita</em></strong></span> <span class='ocrx_word' id='word_1_798' title='bbox 3178 5316 3443 5395; x_wconf 66' lang='lat' dir='ltr'><strong><em>scripturn</em></strong></span> <span class='ocrx_word' id='word_1_799' title='bbox 3471 5316 3768 5395; x_wconf 61' lang='lat' dir='ltr'><strong><em>invenitur</em></strong></span> 
     </span>
    </p>
   </div>
   <div class='ocr_carea' id='block_1_111' title="bbox 2182 5382 3763 5443">
    <p class='ocr_par' dir='ltr' id='par_1_111' title="bbox 2182 5382 3763 5443">
     <span class='ocr_line' id='line_1_114' title="bbox 2182 5382 3763 5443; baseline 0.003 -6"><span class='ocrx_word' id='word_1_800' title='bbox 2182 5383 2237 5437; x_wconf 90' lang='lat' dir='ltr'><strong><em>in</em></strong></span> <span class='ocrx_word' id='word_1_801' title='bbox 2264 5382 2502 5437; x_wconf 83' lang='lat' dir='ltr'><strong><em>editione</em></strong></span> <span class='ocrx_word' id='word_1_802' title='bbox 2524 5382 2661 5438; x_wconf 80' lang='lat' dir='ltr'><strong><em>Ven.</em></strong></span> <span class='ocrx_word' id='word_1_803' title='bbox 2691 5393 2746 5438; x_wconf 85' lang='lat' dir='ltr'><strong><em>et</em></strong></span> <span class='ocrx_word' id='word_1_804' title='bbox 2770 5382 3086 5439; x_wconf 37' lang='lat' dir='ltr'><strong><em>in’Mes’san.</em></strong></span> <span class='ocrx_word' id='word_1_805' title='bbox 3114 5394 3168 5440; x_wconf 89' lang='lat' dir='ltr'><strong><em>et</em></strong></span> <span class='ocrx_word' id='word_1_806' title='bbox 3192 5387 3249 5439; x_wconf 89' lang='lat' dir='ltr'><strong><em>in</em></strong></span> <span class='ocrx_word' id='word_1_807' title='bbox 3270 5382 3392 5441; x_wconf 69' lang='lat' dir='ltr'><strong><em>aliis</em></strong></span> <span class='ocrx_word' id='word_1_808' title='bbox 3415 5386 3600 5442; x_wconf 88' lang='lat' dir='ltr'><strong><em>tribus</em></strong></span> <span class='ocrx_word' id='word_1_809' title='bbox 3624 5405 3763 5443; x_wconf 86' lang='lat' dir='ltr'><strong><em>mss.</em></strong></span> 
     </span>
    </p>
   </div>
   <div class='ocr_carea' id='block_1_112' title="bbox 2182 5452 3767 5521">
    <p class='ocr_par' dir='ltr' id='par_1_112' title="bbox 2182 5452 3767 5521">
     <span class='ocr_line' id='line_1_115' title="bbox 2182 5452 3767 5521; baseline 0.003 -16"><span class='ocrx_word' id='word_1_810' title='bbox 2182 5452 2349 5521; x_wconf 79' lang='grc' dir='ltr'><em>Δῆλον</em></span> <span class='ocrx_word' id='word_1_811' title='bbox 2377 5454 2455 5517; x_wconf 85' lang='grc' dir='ltr'><strong><em>δὲ,</em></strong></span> <span class='ocrx_word' id='word_1_812' title='bbox 2491 5453 2573 5506; x_wconf 83' lang='grc' dir='ltr'><strong><em>ὅτι</em></strong></span> <span class='ocrx_word' id='word_1_813' title='bbox 2606 5453 2665 5507; x_wconf 80' lang='grc' dir='ltr'><strong><em>ὲν</em></strong></span> <span class='ocrx_word' id='word_1_814' title='bbox 2696 5457 2809 5517; x_wconf 82' lang='grc' dir='ltr'><em>τοῖς</em></span> <span class='ocrx_word' id='word_1_815' title='bbox 2837 5453 3096 5519; x_wconf 82' lang='grc' dir='ltr'><em>τοιούτοις</em></span> <span class='ocrx_word' id='word_1_816' title='bbox 3126 5456 3202 5519; x_wconf 81' lang='grc' dir='ltr'><em>ὼς</em></span> <span class='ocrx_word' id='word_1_817' title='bbox 3232 5456 3299 5509; x_wconf 75' lang='grc' dir='ltr'><em>ἐκ</em></span> <span class='ocrx_word' id='word_1_818' title='bbox 3322 5455 3527 5510; x_wconf 79' lang='grc' dir='ltr'><em>τούτων</em></span> <span class='ocrx_word' id='word_1_819' title='bbox 3559 5459 3667 5512; x_wconf 71' lang='grc' dir='ltr'><em>καὶ</em></span> <span class='ocrx_word' id='word_1_820' title='bbox 3696 5459 3767 5511; x_wconf 72' lang='grc' dir='ltr'><em>τὰ</em></span> 
     </span>
    </p>
   </div>
   <div class='ocr_carea' id='block_1_113' title="bbox 2186 5521 3765 5595">
    <p class='ocr_par' dir='ltr' id='par_1_113' title="bbox 2186 5521 3765 5595">
     <span class='ocr_line' id='line_1_116' title="bbox 2186 5521 3765 5595; baseline 0.003 -19"><span class='ocrx_word' id='word_1_821' title='bbox 2186 5521 2279 5595; x_wconf 64' lang='grc' dir='ltr'><strong><em>τοᾷ</em></strong></span> <span class='ocrx_word' id='word_1_822' title='bbox 2307 5522 2639 5595; x_wconf 59' lang='grc' dir='ltr'><strong><em>Εὐαγχελίου</em></strong></span> <span class='ocrx_word' id='word_1_823' title='bbox 2665 5527 2808 5595; x_wconf 81' lang='grc' dir='ltr'><em>σαφῆ</em></span> <span class='ocrx_word' id='word_1_824' title='bbox 2836 5524 3108 5592; x_wconf 74' lang='grc' dir='ltr'><em>γενέσθαιο</em></span> <span class='ocrx_word' id='word_1_825' title='bbox 3139 5541 3260 5595; x_wconf 70' lang='lat' dir='ltr'><strong><em>quae</em></strong></span> <span class='ocrx_word' id='word_1_826' title='bbox 3284 5526 3450 5582; x_wconf 78' lang='lat' dir='ltr'><strong><em>verba</em></strong></span> <span class='ocrx_word' id='word_1_827' title='bbox 3481 5529 3677 5581; x_wconf 81' lang='lat' dir='ltr'><strong><em>omnia</em></strong></span> <span class='ocrx_word' id='word_1_828' title='bbox 3711 5528 3765 5581; x_wconf 80' lang='lat' dir='ltr'><strong><em>in</em></strong></span> 
     </span>
    </p>
   </div>
   <div class='ocr_carea' id='block_1_114' title="bbox 2186 5591 3763 5667">
    <p class='ocr_par' dir='ltr' id='par_1_114' title="bbox 2186 5591 3763 5667">
     <span class='ocr_line' id='line_1_117' title="bbox 2186 5591 3763 5667; baseline 0.003 -20"><span class='ocrx_word' id='word_1_829' title='bbox 2186 5591 2431 5667; x_wconf 72' lang='lat' dir='ltr'><strong><em>editione</em></strong></span> <span class='ocrx_word' id='word_1_830' title='bbox 2469 5591 2643 5647; x_wconf 85' lang='lat' dir='ltr'><strong><em>Paris.</em></strong></span> <span class='ocrx_word' id='word_1_831' title='bbox 2691 5591 2921 5667; x_wconf 69' lang='lat' dir='ltr'><strong><em>desunt;</em></strong></span> <span class='ocrx_word' id='word_1_832' title='bbox 2962 5609 3067 5667; x_wconf 69' lang='lat' dir='ltr'><strong><em>nec</em></strong></span> <span class='ocrx_word' id='word_1_833' title='bbox 3117 5591 3328 5661; x_wconf 76' lang='lat' dir='ltr'><strong><em>dubito,</em></strong></span> <span class='ocrx_word' id='word_1_834' title='bbox 3372 5596 3503 5667; x_wconf 87' lang='lat' dir='ltr'><strong><em>quin</em></strong></span> <span class='ocrx_word' id='word_1_835' title='bbox 3554 5598 3763 5651; x_wconf 82' lang='lat' dir='ltr'><strong><em>melius</em></strong></span> 
     </span>
    </p>
   </div>
   <div class='ocr_carea' id='block_1_115' title="bbox 2189 5663 3767 5731">
    <p class='ocr_par' dir='ltr' id='par_1_115' title="bbox 2189 5663 3767 5731">
     <span class='ocr_line' id='line_1_118' title="bbox 2189 5663 3767 5731; baseline 0.003 -16"><span class='ocrx_word' id='word_1_836' title='bbox 2189 5663 2389 5726; x_wconf 87' lang='lat' dir='ltr'><strong><em>absint,</em></strong></span> <span class='ocrx_word' id='word_1_837' title='bbox 2438 5678 2562 5717; x_wconf 87' lang='lat' dir='ltr'><strong><em>cum</em></strong></span> <span class='ocrx_word' id='word_1_838' title='bbox 2616 5671 2802 5731; x_wconf 84' lang='lat' dir='ltr'><strong><em>aperte</em></strong></span> <span class='ocrx_word' id='word_1_839' title='bbox 2847 5663 3194 5719; x_wconf 85' lang='lat' dir='ltr'><strong><em>librariorum</em></strong></span> <span class='ocrx_word' id='word_1_840' title='bbox 3247 5668 3356 5720; x_wconf 86' lang='lat' dir='ltr'><strong><em>sint</em></strong></span> <span class='ocrx_word' id='word_1_841' title='bbox 3389 5663 3492 5717; x_wconf 62' lang='lat' dir='ltr'><strong><em>&#39;aut</em></strong></span> <span class='ocrx_word' id='word_1_842' title='bbox 3534 5668 3767 5720; x_wconf 77' lang='lat' dir='ltr'><strong><em>addita-</em></strong></span> 
     </span>
    </p>
   </div>
   <div class='ocr_carea' id='block_1_116' title="bbox 2189 5733 3769 5809">
    <p class='ocr_par' dir='ltr' id='par_1_116' title="bbox 2189 5733 3769 5809">
     <span class='ocr_line' id='line_1_119' title="bbox 2189 5733 3769 5809; baseline 0.004 -23"><span class='ocrx_word' id='word_1_843' title='bbox 2189 5739 2394 5801; x_wconf 81' lang='lat' dir='ltr'><strong><em>menta,</em></strong></span> <span class='ocrx_word' id='word_1_844' title='bbox 2433 5740 2524 5788; x_wconf 86' lang='lat' dir='ltr'><strong><em>aut</em></strong></span> <span class='ocrx_word' id='word_1_845' title='bbox 2553 5733 2900 5804; x_wconf 80' lang='lat' dir='ltr'><strong><em>glossemata,</em></strong></span> <span class='ocrx_word' id='word_1_846' title='bbox 2936 5748 3108 5808; x_wconf 82' lang='lat' dir='ltr'><strong><em>eaque</em></strong></span> <span class='ocrx_word' id='word_1_847' title='bbox 3135 5736 3276 5794; x_wconf 81' lang='lat' dir='ltr'><strong><em>male</em></strong></span> <span class='ocrx_word' id='word_1_848' title='bbox 3303 5737 3729 5794; x_wconf 79' lang='lat' dir='ltr'><strong><em>consarcinata.</em></strong></span> <span class='ocrx_word' id='word_1_849' title='bbox 3753 5800 3769 5809; x_wconf 34' lang='grc' dir='ltr'><strong><em>ο</em></strong></span> 
     </span>
    </p>
   </div>
  </div>
