3962 6238
324 1997 349 2034 )

307 2064 314 2078 ι
336 2050 360 2081 ἥ

384 367 485 422 781

1744 403 1749 409 .
1841 358 2167 414 MORALIA.

3532 359 3638 413 782

2418 406 2447 437 ο
2548 419 2557 433 ο

377 485 716 551 τακέκριται
740 500 752 514 ’
810 483 897 536 ὅτι
950 484 1059 536 οὐκ
1093 483 1158 536 ἐκ
1197 483 1472 548 πίστεως.
1521 480 1651 536 Πᾶν
1675 481 1744 534 δὲ
1788 482 1819 534 ὃ
1849 483 1953 536 οὐκ

2071 489 2218 534 natus
2247 489 2326 534 est
2351 522 2362 534 .
2404 483 2522 550 quia
2552 497 2654 533 non
2680 497 2743 534 ex
2780 481 2902 548 ﬁds.
2941 478 3106 534 Omne
3137 486 3332 541 autem,
3365 477 3501 549 quod
3531 495 3633 532 non

377 577 446 630 ἐκ
482 577 760 641 πίστεως,
794 576 1047 644 ἁμαρτία
1079 575 1269 628 ἐστίν.
1312 575 1488 627 ΠΡΟΣ
1529 576 1689 626 KOA.
1741 575 1810 626 Εὶ
1843 574 1958 627 ἀπ-

382 665 627 719 εθάνετε
658 665 782 719 σὺν
819 661 1049 731 Χριστῷ
1069 664 1186 716 ἀπὸ
1222 661 1338 716 τῶν
1364 662 1676 729 στοιχείων
1715 661 1820 713 τοῦ
1857 661 1960 713 κό-

377 771 535 825 σμου
551 797 565 820 ,
591 757 648 808 τί
683 757 764 821 ὡς
790 754 998 821 ζῶντες
1023 757 1092 808 ὲν
1133 757 1336 825 κόσμῳ
1361 754 1780 824 δογματίζεσθε
1804 771 1821 817 ;
1859 754 1954 824 Mh

378 846 505 914 ἅψῃ
529 885 544 907 ,
572 845 727 914 μηδὲ
745 846 936 914 γεύσῃ
955 886 970 910 ,
1004 845 1160 914 μηδὲ
1181 847 1350 916 θίγῃς
1369 847 1477 917 (30)
1495 865 1507 876 ·
1546 845 1583 900 ἄ
1601 847 1732 899 ἐστι
1755 843 1952 898 πάντα

377 939 465 1002 εὶς
511 937 740 1005 φθορὰν
784 936 860 1005 τῇ
897 936 1231 1004 ἀποχρήσει
1256 977 1270 999 ,
1319 940 1468 991 κατά
1499 938 1571 991 τὰ
1610 937 1958 1006 ἐντάλματα

377 1027 475 1081 καὶ
508 1028 907 1093 διδασκαλίας
936 1027 1052 1080 τῶν
1075 1027 1428 1096 ἀνθρώπων.

598 1165 720 1216 Ὅτι
747 1163 806 1215 οὐ
842 1162 923 1215 δεῖ
957 1162 1164 1234 κρίνειν
1197 1163 1323 1234 περὶ
1363 1161 1471 1215 τῶν
1501 1163 1733 1233 ἀδήλων.

1007 1274 1235 1344 Κεφάλ.
1272 1274 1342 1345 γ’.

444 1371 625 1423 ΠΡΟΣ
650 1372 809 1424 ΚΟΡ.
846 1367 914 1422 α’.
945 1370 1122 1423 Ὥστε
1137 1368 1223 1438 μὴ
1251 1367 1362 1435 πρὸ
1387 1367 1596 1436 καιροῦ
1621 1384 1674 1419 τι
1696 1367 1951 1434 κρίνετε,

373 1463 483 1528 ἓως
513 1463 590 1515 ἂν
621 1462 768 1530 ἔλθῃ
804 1462 1122 1530 όλΚύριος,
1163 1460 1232 1527 ὃς
1274 1460 1370 1514 καὶ
1412 1459 1660 1528 φωτίσει
1700 1460 1771 1512 τίι
1812 1476 1954 1526 κρυ-

373 1555 492 1607 πτὰ
516 1554 622 1606 τοῦ
649 1555 910 1618 σκότους
931 1593 945 1617 ,
975 1551 1074 1606 καὶ
1096 1548 1427 1622 φανερώσει
1450 1551 1554 1615 τὰς
1577 1549 1812 1614 ,βουλὰς
1837 1548 1957 1601 τῶν

373 1645 663 1715 καρδιῶνσ
700 1646 796 1698 καὶ
843 1645 978 1697 τότε
1015 1648 1048 1697 ὀ
1086 1645 1333 1710 ἔπαινος
1366 1641 1685 1713 γενήσεται
1723 1641 1956 1706 ἑκάστῳ

373 1739 490 1794 ἀπὸ
519 1738 627 1791 τοῦ
654 1737 823 1791 Θεοῦ.

601 1851 724 1903 Ὀτι
750 1849 810 1901 οὐ
837 1849 918 1901 δεῖ
943 1849 998 1901 ἐν
1029 1845 1458 1918 προσωποληψξᾳ
1486 1844 1713 1916 κρίνειν.

990 2015 1214 2085 Κεφάὶ.
1256 2014 1326 2068 δ’.

444 2107 767 2162 ΙΩΑΝΝΠΣ.
805 2109 874 2162 El
896 2106 1224 2176 περιτομὴν
1239 2105 1527 2174 λαμϐάνει
1548 2105 1858 2173 ἄνθρωπος
1886 2107 1956 2158 ἑν

373 2200 671 2266 Σαϐϐάτῳ,
717 2201 816 2252 ἵνα
856 2199 940 2268 μὴ
979 2197 1137 2266 λυθῇ
1165 2201 1198 2251 ό
1243 2201 1428 2266 νόμος
1467 2196 1796 2262 Μωϋσέως,
1825 2197 1953 2265 ἐμοὶ

373 2296 432 2346 τί
449 2293 564 2363 (51)
605 2291 846 2359 χολᾶτε,
887 2291 978 2343 ὅτι
1006 2290 1154 2343 ὅλον
1185 2289 1500 2357 ἄνθρωπον
1524 2288 1662 2358 ὑγιῆ
1696 2289 1956 2355 ἐποίησα

372 2386 445 2437 ἐν
468 2381 777 2445 Σαϐϐάτῳ;
804 2381 898 2448 Μὴ
929 2381 1158 2448 κρίνετε
1183 2381 1310 2434 κατ’
1341 2380 1486 2448 ὄψιν
1504 2420 1519 2444 ,
1547 2379 1710 2434 ἀλλὰ
1738 2378 1852 2446 τὴν
1876 2377 1957 2430 δι-

372 2474 558 2526 καίαν
587 2472 793 2539 κρίσιν
819 2471 996 2538 κρίνα
1005 2487 1081 2523 τε.

374 2589 498 2640 Ὅτι
532 2587 592 2639 οὐ
623 2586 702 2639 δεῖ
738 2585 1091 2657 κατακρίνειν
1116 2583 1259 2649 τινὰ,
1287 2583 1361 2653 μὴ
1402 2578 1665 2654 πρότερον
1687 2583 1779 2634 ἐπὶ
1813 2599 1953 2654 παρ-

442 2680 602 2751 ουσίᾳ
641 2679 751 2748 (52)
803 2678 968 2731 αὑτοῦ
1019 2677 1089 2729 τὰ
1137 2677 1256 2729 κατ’
1314 2675 1476 2729 αὐτὸν
1521 2671 1950 2744 ἀκριϐώσαντες,

441 2771 547 2824 κᾶν
577 2768 762 2821 πολλοὶ
793 2761 926 2820 ὦσιν
951 2769 998 2820 οἱ
1030 2764 1485 2836 κατηγοροῦντες.

580 2970 588 2982 ·
1007 2945 1234 3000 Κειτάλ.
1277 2943 1342 2998 ε’.

441 3040 768 3094 remains.
806 3035 975 3106 Λέγει
1003 3003 1371 3104 Νικόδημος,
1401 3037 1434 3088 δ
1461 3033 1652 3088 ἐλθὼν
1677 3033 1826 3100 πρὸς
1853 3033 1954 3086 αὑ-

367 3135 479 3186 τὸν
507 3129 750 3195 νυκτὸς,
785 3123 874 3193 εἷς
901 3125 986 3180 ὢν
1018 3127 1086 3190 ἐξ
1125 3125 1354 3180 αὐτῶνθ
1391 3123 1486 3192 Μὴ
1517 3127 1549 3177 δ
1574 3124 1757 3192 νόμος
1783 3122 1952 3191 ἡμῶν
1979 3157 2020 3214 C

367 3224 560 3292 κρίνει
583 3222 693 3293 (55)
733 3221 842 3273 τὸν
885 3219 1198 3286 ἄνθρωπον
1225 3257 1241 3280 ,
1288 3217 1396 3270 ἐὰν
1424 3215 1510 3284 μὴ
1547 3216 1782 3282 ἀκούσῃ
1816 3217 1950 3282 παρ’

366 3314 556 3368 αὑτοῦ
586 3314 895 3380 πρότερον,
921 3311 1018 3363 καὶ
1048 3309 1168 3376 γνῷ
1196 3310 1253 3361 τί
1279 3307 1470 3371 ποιεῐ;
1500 3305 1808 3360 ΠΡΑΞΕΙΣ.
1861 3307 1953 3371 Ὡς

367 3406 436 3458 δὲ
473 3406 728 3470 πλείους
765 3403 994 3473 ἡμέρας
1020 3400 1312 3468 διέτριϐον
1336 3400 1497 3464 ἐκεῖ,
1548 3403 1581 3453 ό
1607 3399 1846 3467 Φῆστος
1874 3397 1953 3462 τῷ

362 3495 625 3561 βασιλεῖ
659 3495 905 3549 ἀνέθετο
950 3493 1022 3546 τὰ
1073 3494 1225 3546 κατὰ
1277 3494 1378 3546 τὸν
1410 3492 1681 3554 Παῦλον,
1725 3491 1948 3559 λέγων·

379 3588 554 3657 Ἀνήρ
584 3589 682 3653 τίς
710 3587 840 3640 ἐστι
863 3585 1406 3653 καταλελειμμένος
1427 3584 1544 3637 ὑπὸ
1573 3582 1836 3650 Φήλικος
1859 3581 1956 3634 δέ-

365 3697 580 3748 σμιος,
636 3679 770 3746 περὶ
815 3674 887 3733 οὗ
920 3676 1243 3747 γενομένου
1271 3692 1390 3744 μου
1432 3677 1519 3740 είς
1563 3675 1954 3743 Ἰεροσόλυμα

365 3772 741 3841 ἐνεφάνισαν
780 3772 834 3823 οἱ
859 3768 1150 3838 ἀρχιερεῖς
1187 3767 1284 3820 καὶ
1329 3769 1384 3819 οἱ
1410 3767 1797 3834 πρεσϐύτεροι
1834 3764 1954 3818 τῶν

380 3860 682 3915 Ἰουδαίων
700 3859 1035 3925 αἰτούμενοι
1059 3853 1182 3907 κατ’
1209 3855 1393 3908 αὐτοῦ
1417 3854 1746 3920 καταδίκην
1765 3869 1778 3882 ο
1803 3852 1952 3918 πρὸς

366 3952 476 4019 οὓς
521 3951 888 4018 ἀπεκρίθην·
949 3951 1070 4002 Ὅτι
1114 3951 1225 4002 οὐκ
1270 3948 1442 4001 ἔστιν
1473 3945 1610 4009 ἔθος
1655 3944 1952 4012 Ῥωμαίοις

367 4044 716 4116 χαρίζεσθαί
770 4060 906 4096 τινα
955 4043 1266 4111 ἄνθρωπον
1293 4041 1401 4109 (54)
1423 4078 1437 4102 ,
1480 4039 1621 4106 πρὶν
1661 4037 1698 4105 ἢ
1745 4041 1778 4091 ὀ
1812 4053 1952 4090 κατ-

368 4138 780 4206 ηγορούμενος
823 4135 973 4188 κατὰ
1007 4132 1464 4202 πρόσωπονέχῃ
1516 4131 1657 4195 τοὺς
1700 4129 1950 4196 κατηγό-

363 4246 532 4296 ρους,
569 4229 758 4282 τόπον
781 4243 842 4279 τε
869 4223 1202 4294 ἀπολογίας
1230 4221 1385 4290 λάϐῃ
1419 4222 1552 4290 περὶ
1583 4220 1692 4274 τοῦ
1730 4220 1917 4289 ἐγκλή
1937 4251 1950 4260 -

369 4335 582 4385 ματος.

991 4408 1164 4461 ΟΡΟΣ
1210 4409 1338 4462 ΝΕ’.

2061 582 2139 625 est
2183 587 2247 625 ea:
2288 572 2411 640 ﬁde‘,
2464 583 2734 640 peccatum
2769 583 2847 627 est
2873 571 3046 641 (Rom.
3081 587 3192 636 xiv,
3225 571 3315 635 22,
3363 571 3521 641 25)...
3572 569 3634 625 Si

2062 665 2256 718 mortui
2291 665 2416 718 estis
2453 682 2570 718 cum
2600 665 2812 718 Christo
2858 665 2921 718 ab
2953 665 3222 717 elementis
3268 664 3472 726 mundi,
3506 663 3632 733 quid

2063 765 2311 822 tanquam
2339 756 2559 810 viventes
2598 757 2653 809 in
2685 756 2876 808 mundo
2913 755 3234 810 decernitis?
3267 752 3346 807 Ne
3376 755 3630 823 tetigeris.

2062 863 2223 916 neque
2273 849 2598 915 gustaveris,
2661 864 2822 918 neque
2881 847 3321 901 contrectaveris:
3352 861 3468 915 qua?
3510 850 3634 897 sunt

2061 932 2238 984 omnia
2269 934 2323 984 in
2364 933 2634 986 interitum
2662 934 2776 999 ipso
2811 948 2930 992 usu,
2969 931 3254 984 secundum
3281 937 3542 998 prcecepta
3579 932 3636 985 et

2059 1019 2328 1078 doctrinas
2356 1022 2624 1075 hominum
2647 1021 2876 1090 (Coloss.
2906 1038 2966 1084 ιι,
2992 1019 3204 1088 20-25).

2162 1157 2320 1222 Quod
2355 1159 2423 1213 de
2455 1159 2620 1212 rebus
2651 1157 2872 1212 incertis
2907 1172 3014 1210 non
3040 1165 3123 1211 est
3144 1154 3523 1225 iudicandum.

2683 1271 2854 1338 Caput
2888 1269 3006 1323 Ill.

2131 1360 2316 1431 Itaque
2366 1363 2528 1415 nolite
2575 1373 2698 1415 ante
2746 1371 2945 1429 tempus
2971 1361 3250 1429 judicare,
3294 1360 3631 1430 quoadusque

2059 1453 2230 1504 vertiat
2257 1451 2537 1514 Dominus,
2575 1453 2665 1521 qui
2707 1462 2755 1504 et
2790 1452 3113 1506 illuminabit
3146 1447 3458 1505 abscondita
3487 1461 3630 1506 tene-

2059 1545 2295 1605 brarum,
2330 1551 2379 1595 et
2429 1543 2786 1612 manifestabit
2827 1544 3049 1596 consilia
3099 1543 3336 1597 cordium
3365 1561 3384 1597 :
3414 1557 3462 1598 et
3507 1556 3632 1596 tunc

2059 1633 2174 1686 laus
2207 1638 2306 1686 erit
2336 1635 2612 1704 unicuique
2639 1653 2672 1688 a
2701 1635 2810 1689 Deo
2835 1633 2884 1706 (I
2916 1633 3041 1689 Cor.
3066 1651 3138 1698 tv,
3164 1635 3240 1704 5).

1986 1827 2211 1902 BQuod
2271 1852 2381 1891 non
2434 1844 2648 1906 oportet
2709 1838 2960 1907 judicare
3013 1837 3202 1892 habita
3264 1850 3627 1906 personarum

2729 1930 2963 1984 ratione.

2682 2020 2854 2090 Caput
2900 2019 2926 2073 1
2945 2019 3005 2073 γ.

2130 2111 2190 2166 Si
2235 2113 2682 2166 circumcisionem
2727 2112 2914 2180 accipit
2958 2111 3111 2164 homo
3153 2111 3206 2164 in
3266 2108 3519 2174 Sabbato,
3568 2117 3629 2163 ut

2057 2220 2158 2258 non
2188 2205 2424 2258 solvatur
2458 2207 2539 2258 lea:
2579 2203 2774 2274 Moysi,
2809 2205 2934 2274 quid
2950 2204 3094 2290 .mihi
3127 2203 3476 2273 indignamini
3503 2204 3629 2272 quia

2057 2307 2224 2350 totum
2256 2298 2515 2350 hominem
2547 2313 2737 2350 sanum
2768 2297 2866 2365 feci
2907 2297 2960 2349 in
3010 2294 3281 2350 Sabbato?
3325 2292 3508 2348 Nolite
3532 2295 3629 2363 ju-

2054 2385 2233 2440 dicare
2262 2387 2548 2441 secundum
2582 2388 2791 2456 faciem,
2834 2387 2923 2440 sed
2956 2386 3162 2456 justum
3189 2386 3457 2456 judicium
3483 2385 3627 2454 judi-

2056 2489 2170 2531 cate
2201 2477 2380 2549 (Joan.
2414 2494 2511 2543 vn,
2544 2478 2638 2544 25,
2668 2479 2781 2547 24).

2055 2591 2207 2657 Quod
2250 2607 2358 2647 non
2400 2591 2662 2646 debemus
2707 2605 3035 2661 quemquam
3083 2590 3471 2676 condemnare,
3516 2589 3627 2646 nisi

2126 2679 2276 2751 prius
2308 2683 2425 2751 ipso
2466 2689 2732 2750 praesente
2768 2680 3058 2750 diligenter
3112 2681 3531 2751 expenderimus
3561 2680 3628 2735 il-

2127 2776 2233 2827 lius
2281 2773 2478 2844 agendi
2527 2773 2816 2838 rationem,
2857 2773 3073 2828 etiamsi
3105 2773 3284 2828 adsint
3332 2773 3488 2828 multi
3532 2788 3628 2831 ac-

2127 2875 2431 2920 Cusatorcs.

2714 2952 2883 3021 Caput
2917 2951 2980 3006 V.

2131 3044 2269 3097 Dicit
2302 3043 2644 3110 Nicodemus,
2673 3043 2764 3097 ille
2793 3045 2880 3114 qui
2915 3045 3050 3097 venit
3079 3043 3147 3097 ad
3176 3060 3294 3098 eum
3332 3054 3501 3110 nocte,
3535 3047 3625 3116 qui

2055 3154 2188 3189 unus
2214 3147 2326 3190 erat
2369 3151 2432 3189 ex
2466 3137 2594 3204 ipsis
2624 3151 2642 3187 :
2682 3135 3051 3206 Nunquid'lex
3082 3147 3263 3190 nostra
3287 3137 3498 3206 judicat
3522 3139 3619 3192 ho-

2055 3231 2267 3292 minem,
2297 3230 2398 3282 nisi
2431 3230 2577 3296 prius
2618 3228 2843 3281 audierit
2883 3227 2947 3280 ab
2980 3229 3114 3296 ipso,
3151 3239 3199 3283 et
3232 3230 3392 3301 275
3427 3248 3618 3301 cogno-

2055 3321 2179 3375 verit
2207 3321 2330 3391 quid
2356 3319 2623 3389 faciat?...
2646 3319 2824 3390 (Joan.
2859 3336 2956 3381 vn,
2989 3322 3079 3385 50,
3109 3321 3220 3390 51.)
3258 3321 3324 3374 Et
3367 3340 3484 3375 cum
3512 3324 3621 3376 dies

2055 3415 2343 3480 complures
2376 3413 2447 3464 ibi
2471 3413 2902 3475 immorarentur,
2940 3410 3125 3466 Festus
3154 3415 3260 3482 regi
3295 3415 3472 3466 retulit
3498 3431 3628 3467 cau-

2053 3521 2168 3556 sam
2198 3503 2381 3565 Pauli,
2419 3502 2636 3555 dicens:
2673 3501 2763 3554 Vir
2792 3501 3007 3571 quidam
3033 3512 3110 3555 est
3140 3504 3355 3556 relictus
3386 3521 3419 3557 a
3449 3502 3626 3559 Felice

2052 3597 2272 3657 vinctus,
2304 3594 2366 3647 de
2385 3610 2483 3662 quo
2502 3609 2619 3646 cum
2643 3609 2806 3646 essent
2832 3591 3237 3661 Hierosolymis,
3259 3595 3625 3663 signiﬁcarunt

2053 3688 2180 3741 mihi
2219 3687 2479 3756 principes
2537 3682 2870 3738 sacerdotum
2911 3693 2971 3737 et.
3011 3686 3238 3738 seniores
3279 3684 3622 3749 Judazorum,

2051 3781 2376 3851 postulantes
2429 3778 2676 3832 adversus
2710 3779 2862 3831 illum
2905 3777 3330 3841 damnationem;
3385 3779 3454 3832 ad
3494 3797 3624 3850 quos

2054 3871 2295 3942 respondi
2327 3871 2509 3938 :Quia
2542 3887 2642 3924 non
2675 3881 2752 3924 est
2780 3869 3031 3924 Romanis
3061 3871 3382 3925 consuetudo
3416 3871 3624 3926 tradere

2053 3967 2277 4035 aliquem
2316 3965 2597 4027 hominem,
2629 3964 2935 4032 priusquam
2969 3963 3013 4015 is
3033 3963 3123 4032 qui
3153 3976 3454 4028 accusatur,
3486 3981 3622 4033 pra:-

2052 4068 2219 4112 sentes
2251 4057 2440 4110 habeat
2484 4064 2842 4118 accusatores,
2879 4055 3152 4124 locumque
3196 4055 3505 4122 defendendi
3539 4075 3622 4110 ac-

2052 4151 2213 4218 cipiat
2241 4149 2304 4203 de
2329 4149 2548 4202 crimine
2581 4147 2724 4219 (Act.
2760 4163 2886 4210 xxv,
2919 4145 3130 4216 14-16).

2614 4389 2892 4446 REGULA
2947 4390 3057 4447 LV.

378 4503 501 4555 Ὀτι
530 4502 612 4555 δεῖ
651 4501 851 4554 εἰδέναι
900 4499 992 4553 καὶ
1039 4499 1319 4569 ὁμολογεῖν
1359 4495 1558 4558 παντὸς
1595 4491 1803 4563 ἀγαθοῦ
1850 4495 1951 4565 τὴν

2071 4481 2208 4549 Quod
2259 4479 2541 4536 sciendum
2594 4491 2678 4536 est
2726 4489 2892 4550 atque
2948 4480 3320 4535 conﬁtendum
3377 4481 3620 4550 cujusvis

450 4595 642 4666 χάριν,
688 4596 782 4646 καὶ
814 4592 991 4646 αὐτῶν
1025 4592 1134 4644 τῶν
1173 4591 1314 4660 ὑπὲρ
1343 4587 1578 4659 Χριστοῦ
1610 4586 1951 4656 παθημάτων

448 4685 547 4757 τὴν
571 4684 846 4755 ὑπομονὴν
875 4685 1024 4757 παρὰ
1053 4683 1188 4737 Θεοῦ
1217 4683 1506 4753 ὑπάρχειν.

1010 4855 1234 4911 Κεςβάλ.
1266 4856 1332 4911 α’.

1010 4885 1102 4910 ne"
1136 4885 1234 4910 ιω..
1266 4885 1332 4911 α.

449 4952 774 5006 ΙΩΑΝΝΗΣ.
841 4953 923 5006 Οὐ
974 4885 1221 5006 (Surgunt
1267 4949 1574 5017 ἄνθρωπος
1619 4943 1948 5014 λαμϐάνειν

378 5045 579 5108 οὐδὲν,
599 5045 709 5098 ἐὰν
725 5043 813 5112 μὴ
835 5039 875 5114 ᾖ
895 5043 1216 5111 δεδομένον
1243 5039 1402 5104 αὐτῷ
1431 5041 1497 5092 ἐκ
1528 5038 1634 5091 τοῦ
1663 5035 1948 5104 οὐρανοῦ.

377 5135 558 5189 ΠΡΟΣ
582 5137 743 5190 ΚΟΡ.
774 5133 842 5188 α’.
887 5135 949 5186 Τί
973 5133 1040 5185 δὲ
1077 5135 1234 5201 ἔχεις
1254 5173 1268 5197 ,
1301 5131 1332 5184 ὃ
1359 5133 1470 5184 οὐκ
1496 5130 1739 5194 ἔλαϐες
1769 5127 1948 5181 ΠΡυΣ

419 5294 564 5382 ,(⁵0)
599 5293 840 5362 Utraque
869 5290 1035 5345 θάῖίίο
1065 5290 1137 5360 μὴ
1176 5289 1348 5359 θίγῃς.
1382 5286 1530 5341 Libri
1564 5285 1774 5354 antiqui
1808 5283 1942 5354 μηδι⁹

377 5362 557 5434 Θίγῐιςζ

453 5436 566 5505 (51)
599 5433 807 5505 focula
840 5432 892 5505 τί
927 5429 1225 5505 ἰηηᾴυοξιιιε
1254 5443 1385 5481 mss.
1417 5426 1590 5505 deest.

453 5493 565 5575 (52)
599 5502 823 5575 Veteres
846 5503 955 5556 duo
979 5499 1098 5553 libri
1122 5497 1224 5575 νᾷπὸ
1245 5497 1534 5575 παρουσίᾳ.
1559 5493 1946 5575 lbitletpntllt‘a-

377 5565 486 5644 qué
517 5565 685 5630 editio
709 5583 761 5644 et
788 5573 918 5640 Reg.
952 5573 1224 5644 secundus
1257 5565 1688 5644 dxpt6§pea‘ris;..
1709 5565 1945 5644 Alii'du‘o

377 5633 513 5716 mss.
552 5633 956 5716 ἀκριΰώοανξα.
991 5638 1145 5716 Haud
1184 5633 1344 5707 longe
1371 5635 1743 5716 editio‘Paris.
1775 5633 1941 5716 Νικό-

374 5714 549 5785 δημος
577 5704 711 5785 πρὸς
737 5711 954 5773 αὐτούς,
982 5708 1079 5785 sed
1114 5709 1216 5785 has
1240 5704 1424 5785 uoces,
1459 5706 1602 5785 ¹πρὸς
1627 5704 1842 5785 αρτούς,
1874 5719 1940 5756 ex
1989 5758 1995 5765 ,

375 5776 575 5840 Bibliis
614 5776 681 5841 ab
714 5785 901 5852 aliquo
943 5780 1120 5835 otioso
1152 5778 1364 5833 additas
1399 5776 1568 5832 fuisse
1605 5781 1738 5846 puto
1759 5815 1773 5843 ,
1815 5788 1962 5862 cum_

2124 4574 2250 4629 boni
2296 4573 2665 4642 largitionem.
2713 4581 2767 4626 et
2804 4573 3048 4640 ipsarum
3102 4571 3449 4626 amictionum
3501 4589 3621 4641 quae

2123 4665 2326 4721 Christi
2374 4679 2540 4719 causa
2583 4663 2860 4730 accidunt,
2893 4663 3239 4718 tolerantiam
3282 4678 3311 4715 ιι
3351 4661 3460 4717 Deo
3493 4679 3622 4733 pro-

2126 4758 2315 4814 ﬁcisci.

2710 4845 2880 4914 Caput
2915 4843 2965 4897 1.

2128 4939 2250 4994 Non
2273 4945 2440 5006 potest
2468 4937 2620 4990 homo
2649 4937 2878 5001 accipere
2917 4933 3227 5002 quidquam,
3258 4932 3364 4985 nisi
3387 4930 3545 5000 fuerit
3572 4933 3621 4986 ei

2056 5033 2240 5084 datum
2271 5028 2333 5082 de
2362 5027 2489 5080 cwlo
2525 5025 2706 5094 (Joan.
2745 5040 2828 5084 ιιι,
2856 5024 3042 5092 27)....
3087 5020 3227 5087 Quid
3258 5031 3430 5074 autem
3464 5021 3618 5073 hal'cs

2055 5122 2192 5194 quod
2242 5134 2343 5174 non
2383 5117 2729 5186 accepisti?...
2780 5113 2978 5186 (lCor.
3009 5129 3083 5176 tv,
3131 5113 3206 5184 7.)
3247 5111 3435 5165 Gratia
3483 5114 3619 5166 enim

2054 5297 2229 5350 neque
2260 5280 2314 5333 in
2345 5277 2584 5333 editione
2613 5273 2746 5330 Ven.
2788 5288 2962 5343 neque
2995 5273 3048 5326 in
3082 5271 3210 5325 ullis
3245 5270 3522 5326 veteribus
3555 5266 3618 5322 li-

2052 5355 2168 5407 bris
2203 5351 2564 5420 reperiantur.

2126 5422 2236 5491 (55)
2267 5407 2510 5487 Utraque
2559 5415 2726 5471 editio
2772 5412 2928 5484 ἡμῶν
2981 5412 3160 5485 κρίνῃ.
3210 5411 3279 5465 At
3327 5423 3463 5462 mss.
3511 5407 3619 5461 duo

2052 5493 2245 5547 κρίνει.

2093 5511 2456 5632 Melius
2492 5570 2657 5632 sacer_
2682 5561 2866 5632 textus
2911 5552 3316 5632 vulgatusnin
3345 5563 3454 5619 quo

2051 5619 2238 5685 vocem
2269 5628 2552 5697 ἄνθρωπον
2595 5625 2834 5697 additum
2869 5633 2954 5676 est
2993 5619 3071 5697 εἰς
3109 5621 3402 5697 ἁπῲλειαν,
3439 5619 3512 5697 _ad
3543 5619 3605 5670 iu-

2051 5702 2259 5754 teritum
2283 5691 2506 5751 tradere.
2534 5695 2728 5750 Statim
2753 5696 2883 5766 Reg.
2907 5695 3101 5748 tertius
3127 5694 3413 5764 πρόσωπον
3438 5691 3601 5759 ἔχοι..

2049 5771 2220 5825 λάὸομ

3535 5557 3617 5602 ost

3680 1087 3708 1096 -ι
