  <div class='ocr_page' id='page_1' title='image "/cluster/home/n/w/nwhite01/storage/ocr_20150623/31/mdp.39015012934363/407.png"; bbox 0 0 3962 6238; ppageno 0'>
   <div class='ocr_carea' id='block_1_1' title="bbox 388 280 537 340">
    <p class='ocr_par' dir='ltr' id='par_1_1' title="bbox 388 280 537 340">
     <span class='ocr_line' id='line_1_1' title="bbox 388 280 537 340; baseline -0.007 -1"><span class='ocrx_word' id='word_1_1' title='bbox 388 280 391 287; x_wconf 65' lang='grc'>”</span> <span class='ocrx_word' id='word_1_2' title='bbox 444 283 537 340; x_wconf 76' lang='grc'><strong><em>791</em></strong></span> 
     </span>
    </p>
   </div>
   <div class='ocr_carea' id='block_1_2' title="bbox 1769 281 2356 342">
    <p class='ocr_par' dir='ltr' id='par_1_2' title="bbox 1769 281 2356 342">
     <span class='ocr_line' id='line_1_2' title="bbox 1769 281 2356 342; baseline 0.014 -8"><span class='ocrx_word' id='word_1_3' title='bbox 1769 281 1825 334; x_wconf 88' lang='lat' dir='ltr'><strong><em>S.</em></strong></span> <span class='ocrx_word' id='word_1_4' title='bbox 1869 282 2105 339; x_wconf 83' lang='lat' dir='ltr'><strong><em>BASlLll</em></strong></span> <span class='ocrx_word' id='word_1_5' title='bbox 2142 281 2356 342; x_wconf 75' lang='grc' dir='ltr'><em>ΜΑοΝι</em></span> 
     </span>
    </p>
   </div>
   <div class='ocr_carea' id='block_1_3' title="bbox 3582 282 3691 339">
    <p class='ocr_par' dir='ltr' id='par_1_3' title="bbox 3582 282 3691 339">
     <span class='ocr_line' id='line_1_3' title="bbox 3582 282 3691 339; baseline 0.018 -2"><span class='ocrx_word' id='word_1_6' title='bbox 3582 282 3691 339; x_wconf 72' lang='grc'><strong><em>792</em></strong></span> 
     </span>
    </p>
   </div>
   <div class='ocr_carea' id='block_1_4' title="bbox 512 399 2006 477">
    <p class='ocr_par' dir='ltr' id='par_1_4' title="bbox 512 402 2006 473">
     <span class='ocr_line' id='line_1_4' title="bbox 512 402 2006 473; baseline 0.002 -19"><span class='ocrx_word' id='word_1_7' title='bbox 512 402 604 457; x_wconf 85' lang='lat' dir='ltr'><strong>Dei</strong></span> <span class='ocrx_word' id='word_1_8' title='bbox 654 402 904 473; x_wconf 78' lang='lat' dir='ltr'><strong><em>gloriam,</em></strong></span> <span class='ocrx_word' id='word_1_9' title='bbox 957 402 1004 457; x_wconf 89' lang='lat' dir='ltr'><strong><em>is</em></strong></span> <span class='ocrx_word' id='word_1_10' title='bbox 1062 403 1165 457; x_wconf 81' lang='lat' dir='ltr'><strong>alia</strong></span> <span class='ocrx_word' id='word_1_11' title='bbox 1210 403 1373 463; x_wconf 80' lang='lat' dir='ltr'><strong><em>etiam</em></strong></span> <span class='ocrx_word' id='word_1_12' title='bbox 1433 403 1664 473; x_wconf 71' lang='lat' dir='ltr'><strong>accipiat</strong></span> <span class='ocrx_word' id='word_1_13' title='bbox 1699 423 1713 457; x_wconf 75' lang='grc' dir='ltr'><strong><em>ε</em></strong></span> <span class='ocrx_word' id='word_1_14' title='bbox 1754 405 1843 473; x_wconf 87' lang='lat' dir='ltr'><strong>qui</strong></span> <span class='ocrx_word' id='word_1_15' title='bbox 1877 419 2006 459; x_wconf 81' lang='lat' dir='ltr'><strong>vero</strong></span> 
     </span>
    </p>
   </div>
   <div class='ocr_carea' id='block_1_5' title="bbox 2120 399 3688 477">
    <p class='ocr_par' dir='ltr' id='par_1_5' title="bbox 2180 399 3688 477">
     <span class='ocr_line' id='line_1_5' title="bbox 2180 399 3688 477; baseline 0 -21"><span class='ocrx_word' id='word_1_16' title='bbox 2180 404 2335 471; x_wconf 81' lang='grc' dir='ltr'><em>δόξαν</em></span> <span class='ocrx_word' id='word_1_17' title='bbox 2379 402 2471 457; x_wconf 82' lang='grc' dir='ltr'><em>τοῦ</em></span> <span class='ocrx_word' id='word_1_18' title='bbox 2505 402 2659 467; x_wconf 81' lang='grc' dir='ltr'><em>Θεοῦ,</em></span> <span class='ocrx_word' id='word_1_19' title='bbox 2700 403 2793 455; x_wconf 74' lang='grc' dir='ltr'><em>καὶ</em></span> <span class='ocrx_word' id='word_1_20' title='bbox 2830 401 3032 472; x_wconf 80' lang='grc' dir='ltr'><em>ἑτέρων</em></span> <span class='ocrx_word' id='word_1_21' title='bbox 3054 399 3425 466; x_wconf 75' lang='grc' dir='ltr'><em>καταξιοῦται·</em></span> <span class='ocrx_word' id='word_1_22' title='bbox 3452 402 3482 455; x_wconf 82' lang='grc' dir='ltr'>ὁ</span> <span class='ocrx_word' id='word_1_23' title='bbox 3505 402 3562 456; x_wconf 81' lang='grc' dir='ltr'><em>δὲ</em></span> <span class='ocrx_word' id='word_1_24' title='bbox 3610 404 3688 477; x_wconf 74' lang='grc' dir='ltr'><em>μὴ</em></span> 
     </span>
    </p>
   </div>
   <div class='ocr_carea' id='block_1_6' title="bbox 514 492 2015 564">
    <p class='ocr_par' dir='ltr' id='par_1_6' title="bbox 514 492 2015 564">
     <span class='ocr_line' id='line_1_6' title="bbox 514 492 2015 564; baseline 0.001 -19"><span class='ocrx_word' id='word_1_25' title='bbox 514 493 637 549; x_wconf 79' lang='lat' dir='ltr'><strong>talis</strong></span> <span class='ocrx_word' id='word_1_26' title='bbox 668 508 775 547; x_wconf 88' lang='lat' dir='ltr'><strong><em>non</em></strong></span> <span class='ocrx_word' id='word_1_27' title='bbox 828 492 1056 558; x_wconf 78' lang='lat' dir='ltr'><strong>exstitit,</strong></span> <span class='ocrx_word' id='word_1_28' title='bbox 1110 492 1290 562; x_wconf 82' lang='lat' dir='ltr'><strong>priore</strong></span> <span class='ocrx_word' id='word_1_29' title='bbox 1330 493 1493 549; x_wconf 85' lang='lat' dir='ltr'><strong><em>etiam</em></strong></span> <span class='ocrx_word' id='word_1_30' title='bbox 1529 494 1770 564; x_wconf 80' lang='lat' dir='ltr'><strong><em>privatur</em></strong></span> <span class='ocrx_word' id='word_1_31' title='bbox 1797 534 1811 557; x_wconf 92' lang='lat'><strong><em>,</em></strong></span> <span class='ocrx_word' id='word_1_32' title='bbox 1864 509 2015 564; x_wconf 82' lang='lat' dir='ltr'><strong>para-</strong></span> 
     </span>
    </p>
   </div>
   <div class='ocr_carea' id='block_1_7' title="bbox 515 570 2013 661">
    <p class='ocr_par' dir='ltr' id='par_1_7' title="bbox 515 570 2013 661">
     <span class='ocr_line' id='line_1_7' title="bbox 515 570 2013 661; baseline 0.003 -26"><span class='ocrx_word' id='word_1_33' title='bbox 515 593 735 653; x_wconf 84' lang='lat' dir='ltr'><strong><em>tumque</em></strong></span> <span class='ocrx_word' id='word_1_34' title='bbox 788 600 896 638; x_wconf 85' lang='lat' dir='ltr'><strong><em>non</em></strong></span> <span class='ocrx_word' id='word_1_35' title='bbox 951 585 1323 654; x_wconf 80' lang='lat' dir='ltr'><strong><em>consequitur,</em></strong></span> <span class='ocrx_word' id='word_1_36' title='bbox 1356 586 1464 641; x_wconf 89' lang='lat' dir='ltr'><strong><em>imo</em></strong></span> <span class='ocrx_word' id='word_1_37' title='bbox 1509 600 1638 656; x_wconf 78' lang='lat' dir='ltr'><strong>vero</strong></span> <span class='ocrx_word' id='word_1_38' title='bbox 1670 570 2013 661; x_wconf 31' lang='lat' dir='ltr'><strong><em>pcenre&#39;tra-</em></strong></span> 
     </span>
    </p>
   </div>
   <div class='ocr_carea' id='block_1_8' title="bbox 515 676 685 730">
    <p class='ocr_par' dir='ltr' id='par_1_8' title="bbox 515 676 685 730">
     <span class='ocr_line' id='line_1_8' title="bbox 515 676 685 730; baseline -0.012 -1"><span class='ocrx_word' id='word_1_39' title='bbox 515 676 685 730; x_wconf 90' lang='lat' dir='ltr'><strong>ditur.</strong></span> 
     </span>
    </p>
   </div>
   <div class='ocr_carea' id='block_1_9' title="bbox 1091 789 1398 860">
    <p class='ocr_par' dir='ltr' id='par_1_9' title="bbox 1091 789 1398 860">
     <span class='ocr_line' id='line_1_9' title="bbox 1091 789 1398 860; baseline 0 -15"><span class='ocrx_word' id='word_1_40' title='bbox 1091 789 1262 860; x_wconf 80' lang='lat' dir='ltr'><strong><em>Caput</em></strong></span> <span class='ocrx_word' id='word_1_41' title='bbox 1292 790 1398 849; x_wconf 83' lang='lat' dir='ltr'><strong><em>IV.</em></strong></span> 
     </span>
    </p>
   </div>
   <div class='ocr_carea' id='block_1_10' title="bbox 519 879 2011 954">
    <p class='ocr_par' dir='ltr' id='par_1_10' title="bbox 519 879 2011 954">
     <span class='ocr_line' id='line_1_10' title="bbox 519 879 2011 954; baseline 0.001 -21"><span class='ocrx_word' id='word_1_42' title='bbox 519 879 583 933; x_wconf 85' lang='lat' dir='ltr'><strong><em>Et</em></strong></span> <span class='ocrx_word' id='word_1_43' title='bbox 633 882 932 939; x_wconf 87' lang='lat' dir='ltr'><strong><em>accedentes</em></strong></span> <span class='ocrx_word' id='word_1_44' title='bbox 961 883 1234 954; x_wconf 47' lang='lat' dir='ltr'><strong><em>‘discipuli</em></strong></span> <span class='ocrx_word' id='word_1_45' title='bbox 1291 885 1538 937; x_wconf 70' lang='lat' dir='ltr'><strong><em>dixerunt</em></strong></span> <span class='ocrx_word' id='word_1_46' title='bbox 1596 883 1644 936; x_wconf 89' lang='lat' dir='ltr'><strong><em>ei</em></strong></span> <span class='ocrx_word' id='word_1_47' title='bbox 1685 900 1701 937; x_wconf 91' lang='lat'><em>:</em></span> <span class='ocrx_word' id='word_1_48' title='bbox 1739 883 1917 953; x_wconf 70' lang='lat' dir='ltr'><strong><em>Quare</em></strong></span> <span class='ocrx_word' id='word_1_49' title='bbox 1956 883 2011 936; x_wconf 90' lang='lat' dir='ltr'><strong><em>in</em></strong></span> 
     </span>
    </p>
   </div>
   <div class='ocr_carea' id='block_1_11' title="bbox 440 972 2009 1044">
    <p class='ocr_par' dir='ltr' id='par_1_11' title="bbox 440 972 2009 1044">
     <span class='ocr_line' id='line_1_11' title="bbox 440 972 2009 1044; baseline 0.001 -19"><span class='ocrx_word' id='word_1_50' title='bbox 440 972 709 1041; x_wconf 79' lang='lat' dir='ltr'><strong><em>parabolis</em></strong></span> <span class='ocrx_word' id='word_1_51' title='bbox 751 974 977 1042; x_wconf 85' lang='lat' dir='ltr'><strong><em>loqueris</em></strong></span> <span class='ocrx_word' id='word_1_52' title='bbox 1013 976 1129 1032; x_wconf 83' lang='lat' dir='ltr'><strong><em>eis?</em></strong></span> <span class='ocrx_word' id='word_1_53' title='bbox 1174 975 1280 1042; x_wconf 89' lang='lat' dir='ltr'><strong><em>Qui</em></strong></span> <span class='ocrx_word' id='word_1_54' title='bbox 1344 974 1659 1044; x_wconf 83' lang='lat' dir='ltr'><strong><em>respondens</em></strong></span> <span class='ocrx_word' id='word_1_55' title='bbox 1718 976 1795 1029; x_wconf 91' lang='lat' dir='ltr'><strong><em>ait</em></strong></span> <span class='ocrx_word' id='word_1_56' title='bbox 1852 975 1961 1028; x_wconf 93' lang='lat' dir='ltr'><strong><em>illis</em></strong></span> <span class='ocrx_word' id='word_1_57' title='bbox 1991 990 2009 1027; x_wconf 89' lang='lat'><strong><em>:</em></strong></span> 
     </span>
    </p>
   </div>
   <div class='ocr_carea' id='block_1_12' title="bbox 445 1064 2007 1137">
    <p class='ocr_par' dir='ltr' id='par_1_12' title="bbox 445 1064 2007 1137">
     <span class='ocr_line' id='line_1_12' title="bbox 445 1064 2007 1137; baseline 0.001 -21"><span class='ocrx_word' id='word_1_58' title='bbox 445 1064 587 1129; x_wconf 97' lang='lat' dir='ltr'><strong><em>Quia</em></strong></span> <span class='ocrx_word' id='word_1_59' title='bbox 618 1064 761 1118; x_wconf 84' lang='lat' dir='ltr'><strong>vobis</strong></span> <span class='ocrx_word' id='word_1_60' title='bbox 794 1065 979 1118; x_wconf 88' lang='lat' dir='ltr'><strong><em>datum</em></strong></span> <span class='ocrx_word' id='word_1_61' title='bbox 1007 1075 1083 1121; x_wconf 88' lang='lat' dir='ltr'><strong><em>est</em></strong></span> <span class='ocrx_word' id='word_1_62' title='bbox 1107 1083 1258 1121; x_wconf 83' lang='lat' dir='ltr'><strong><em>nosse</em></strong></span> <span class='ocrx_word' id='word_1_63' title='bbox 1289 1067 1539 1135; x_wconf 81' lang='lat' dir='ltr'><strong><em>mysteria</em></strong></span> <span class='ocrx_word' id='word_1_64' title='bbox 1561 1067 1705 1137; x_wconf 85' lang='lat' dir='ltr'><strong><em>regni</em></strong></span> <span class='ocrx_word' id='word_1_65' title='bbox 1736 1064 2007 1126; x_wconf 72' lang='lat' dir='ltr'><strong><em>caelorum,</em></strong></span> 
     </span>
    </p>
   </div>
   <div class='ocr_carea' id='block_1_13' title="bbox 442 1157 2010 1227">
    <p class='ocr_par' dir='ltr' id='par_1_13' title="bbox 442 1157 2010 1227">
     <span class='ocr_line' id='line_1_13' title="bbox 442 1157 2010 1227; baseline 0.002 -19"><span class='ocrx_word' id='word_1_66' title='bbox 442 1157 552 1209; x_wconf 87' lang='lat' dir='ltr'><strong>illis</strong></span> <span class='ocrx_word' id='word_1_67' title='bbox 585 1168 762 1211; x_wconf 87' lang='lat' dir='ltr'><strong><em>autem</em></strong></span> <span class='ocrx_word' id='word_1_68' title='bbox 788 1175 890 1212; x_wconf 88' lang='lat' dir='ltr'><strong><em>non</em></strong></span> <span class='ocrx_word' id='word_1_69' title='bbox 931 1171 1009 1214; x_wconf 83' lang='lat' dir='ltr'><strong><em>est</em></strong></span> <span class='ocrx_word' id='word_1_70' title='bbox 1036 1161 1241 1213; x_wconf 89' lang='lat' dir='ltr'><strong><em>datum.</em></strong></span> <span class='ocrx_word' id='word_1_71' title='bbox 1280 1159 1383 1226; x_wconf 89' lang='lat' dir='ltr'><strong><em>Qui</em></strong></span> <span class='ocrx_word' id='word_1_72' title='bbox 1415 1163 1552 1227; x_wconf 78' lang='lat' dir='ltr'><strong><em>enim</em></strong></span> <span class='ocrx_word' id='word_1_73' title='bbox 1583 1160 1756 1223; x_wconf 81' lang='lat' dir='ltr'><strong><em>habet,</em></strong></span> <span class='ocrx_word' id='word_1_74' title='bbox 1796 1160 2010 1214; x_wconf 80' lang='lat' dir='ltr'><strong><em>dabitur</em></strong></span> 
     </span>
    </p>
   </div>
   <div class='ocr_carea' id='block_1_14' title="bbox 435 1250 2012 1324">
    <p class='ocr_par' dir='ltr' id='par_1_14' title="bbox 435 1250 2012 1324">
     <span class='ocr_line' id='line_1_14' title="bbox 435 1250 2012 1324; baseline 0.003 -23"><span class='ocrx_word' id='word_1_75' title='bbox 435 1250 512 1310; x_wconf 84' lang='lat' dir='ltr'><strong><em>ei,</em></strong></span> <span class='ocrx_word' id='word_1_76' title='bbox 544 1260 592 1303; x_wconf 90' lang='lat' dir='ltr'><strong><em>et</em></strong></span> <span class='ocrx_word' id='word_1_77' title='bbox 621 1252 911 1307; x_wconf 84' lang='lat' dir='ltr'><strong><em>abundabit</em></strong></span> <span class='ocrx_word' id='word_1_78' title='bbox 948 1268 965 1307; x_wconf 91' lang='lat'><em>:</em></span> <span class='ocrx_word' id='word_1_79' title='bbox 998 1255 1086 1323; x_wconf 89' lang='lat' dir='ltr'><strong><em>qui</em></strong></span> <span class='ocrx_word' id='word_1_80' title='bbox 1116 1263 1290 1307; x_wconf 87' lang='lat' dir='ltr'><strong><em>autem</em></strong></span> <span class='ocrx_word' id='word_1_81' title='bbox 1323 1272 1426 1308; x_wconf 87' lang='lat' dir='ltr'><strong><em>non</em></strong></span> <span class='ocrx_word' id='word_1_82' title='bbox 1455 1255 1629 1318; x_wconf 83' lang='lat' dir='ltr'><strong><em>habet,</em></strong></span> <span class='ocrx_word' id='word_1_83' title='bbox 1663 1266 1713 1308; x_wconf 87' lang='lat' dir='ltr'><strong><em>et</em></strong></span> <span class='ocrx_word' id='word_1_84' title='bbox 1740 1254 1879 1324; x_wconf 86' lang='lat' dir='ltr'><strong><em>quod</em></strong></span> <span class='ocrx_word' id='word_1_85' title='bbox 1916 1255 2012 1306; x_wconf 76' lang='lat' dir='ltr'><strong><em>Ita-</em></strong></span> 
     </span>
    </p>
   </div>
   <div class='ocr_carea' id='block_1_15' title="bbox 444 1341 2010 1417">
    <p class='ocr_par' dir='ltr' id='par_1_15' title="bbox 444 1341 2010 1417">
     <span class='ocr_line' id='line_1_15' title="bbox 444 1341 2010 1417; baseline 0.001 -24"><span class='ocrx_word' id='word_1_86' title='bbox 444 1341 546 1403; x_wconf 89' lang='lat' dir='ltr'><strong><em>bet,</em></strong></span> <span class='ocrx_word' id='word_1_87' title='bbox 567 1342 835 1411; x_wconf 82' lang='lat' dir='ltr'><strong><em>auferetur</em></strong></span> <span class='ocrx_word' id='word_1_88' title='bbox 857 1345 1009 1398; x_wconf 90' lang='lat' dir='ltr'><strong><em>abeo.</em></strong></span> <span class='ocrx_word' id='word_1_89' title='bbox 1036 1343 1156 1397; x_wconf 83' lang='lat' dir='ltr'><strong><em>ldeo</em></strong></span> <span class='ocrx_word' id='word_1_90' title='bbox 1181 1345 1234 1397; x_wconf 84' lang='lat' dir='ltr'><strong><em>in</em></strong></span> <span class='ocrx_word' id='word_1_91' title='bbox 1262 1344 1530 1413; x_wconf 79' lang='lat' dir='ltr'><strong>parabolis</strong></span> <span class='ocrx_word' id='word_1_92' title='bbox 1556 1344 1739 1414; x_wconf 86' lang='lat' dir='ltr'><strong><em>loquor</em></strong></span> <span class='ocrx_word' id='word_1_93' title='bbox 1765 1346 1860 1407; x_wconf 88' lang='lat' dir='ltr'><strong><em>eis,</em></strong></span> <span class='ocrx_word' id='word_1_94' title='bbox 1888 1344 2010 1417; x_wconf 83' lang='lat' dir='ltr'><strong><em>quia</em></strong></span> 
     </span>
    </p>
   </div>
   <div class='ocr_carea' id='block_1_16' title="bbox 439 1436 2011 1499">
    <p class='ocr_par' dir='ltr' id='par_1_16' title="bbox 439 1436 2011 1499">
     <span class='ocr_line' id='line_1_16' title="bbox 439 1436 2011 1499; baseline 0 -7"><span class='ocrx_word' id='word_1_95' title='bbox 439 1436 670 1492; x_wconf 76' lang='lat' dir='ltr'><strong><em>videntes</em></strong></span> <span class='ocrx_word' id='word_1_96' title='bbox 718 1454 822 1492; x_wconf 88' lang='lat' dir='ltr'><strong><em>non</em></strong></span> <span class='ocrx_word' id='word_1_97' title='bbox 875 1436 1068 1499; x_wconf 86' lang='lat' dir='ltr'><strong><em>vident,</em></strong></span> <span class='ocrx_word' id='word_1_98' title='bbox 1098 1446 1145 1493; x_wconf 92' lang='lat' dir='ltr'><strong><em>et</em></strong></span> <span class='ocrx_word' id='word_1_99' title='bbox 1198 1437 1467 1492; x_wconf 80' lang='lat' dir='ltr'><strong><em>audientes</em></strong></span> <span class='ocrx_word' id='word_1_100' title='bbox 1502 1454 1604 1492; x_wconf 92' lang='lat' dir='ltr'><strong><em>non</em></strong></span> <span class='ocrx_word' id='word_1_101' title='bbox 1638 1438 1880 1499; x_wconf 86' lang='lat' dir='ltr'><strong><em>audiunt,</em></strong></span> <span class='ocrx_word' id='word_1_102' title='bbox 1922 1454 2011 1492; x_wconf 89' lang='lat' dir='ltr'><strong><em>ne-</em></strong></span> 
     </span>
    </p>
   </div>
   <div class='ocr_carea' id='block_1_17' title="bbox 441 1527 2010 1597">
    <p class='ocr_par' dir='ltr' id='par_1_17' title="bbox 441 1527 2010 1597">
     <span class='ocr_line' id='line_1_17' title="bbox 441 1527 2010 1597; baseline -0.001 -18"><span class='ocrx_word' id='word_1_103' title='bbox 441 1543 540 1594; x_wconf 87' lang='lat' dir='ltr'><strong><em>que</em></strong></span> <span class='ocrx_word' id='word_1_104' title='bbox 589 1528 908 1597; x_wconf 76' lang='lat' dir='ltr'><strong><em>intelligunt.</em></strong></span> <span class='ocrx_word' id='word_1_105' title='bbox 974 1527 1042 1582; x_wconf 85' lang='lat' dir='ltr'><strong><em>Et</em></strong></span> <span class='ocrx_word' id='word_1_106' title='bbox 1102 1529 1420 1596; x_wconf 72' lang='lat' dir='ltr'><strong><em>adimpletur</em></strong></span> <span class='ocrx_word' id='word_1_107' title='bbox 1481 1530 1535 1581; x_wconf 85' lang='lat' dir='ltr'><strong><em>in</em></strong></span> <span class='ocrx_word' id='word_1_108' title='bbox 1592 1529 1670 1582; x_wconf 89' lang='lat' dir='ltr'><strong><em>eis</em></strong></span> <span class='ocrx_word' id='word_1_109' title='bbox 1735 1528 2010 1596; x_wconf 83' lang='lat' dir='ltr'><strong><em>prophetia</em></strong></span> 
     </span>
    </p>
   </div>
   <div class='ocr_carea' id='block_1_18' title="bbox 442 1617 2012 1690">
    <p class='ocr_par' dir='ltr' id='par_1_18' title="bbox 442 1617 2012 1690">
     <span class='ocr_line' id='line_1_18' title="bbox 442 1617 2012 1690; baseline 0.001 -20"><span class='ocrx_word' id='word_1_110' title='bbox 442 1617 607 1672; x_wconf 77' lang='lat' dir='ltr'><strong><em>Isaia:</em></strong></span> <span class='ocrx_word' id='word_1_111' title='bbox 644 1619 863 1690; x_wconf 80' lang='lat' dir='ltr'><strong><em>(Matth.</em></strong></span> <span class='ocrx_word' id='word_1_112' title='bbox 912 1635 1046 1683; x_wconf 79' lang='lat' dir='ltr'><strong><em>xm,</em></strong></span> <span class='ocrx_word' id='word_1_113' title='bbox 1084 1620 1364 1689; x_wconf 60' lang='lat' dir='ltr'><strong><em>lli-14)....</em></strong></span> <span class='ocrx_word' id='word_1_114' title='bbox 1432 1619 1582 1675; x_wconf 86' lang='lat' dir='ltr'><strong><em>Sicut</em></strong></span> <span class='ocrx_word' id='word_1_115' title='bbox 1635 1620 1771 1673; x_wconf 88' lang='lat' dir='ltr'><strong><em>enim</em></strong></span> <span class='ocrx_word' id='word_1_116' title='bbox 1804 1633 2012 1687; x_wconf 84' lang='lat' dir='ltr'><strong>peregre</strong></span> 
     </span>
    </p>
   </div>
   <div class='ocr_carea' id='block_1_19' title="bbox 350 1708 2011 1780">
    <p class='ocr_par' dir='ltr' id='par_1_19' title="bbox 350 1708 2011 1780">
     <span class='ocr_line' id='line_1_19' title="bbox 350 1708 2011 1780; baseline 0.001 -20"><span class='ocrx_word' id='word_1_117' title='bbox 350 1728 387 1780; x_wconf 42' lang='grc' dir='ltr'><em>λ</em></span> <span class='ocrx_word' id='word_1_118' title='bbox 441 1708 595 1763; x_wconf 88' lang='lat' dir='ltr'><strong><em>homo</em></strong></span> <span class='ocrx_word' id='word_1_119' title='bbox 624 1710 979 1779; x_wconf 78' lang='lat' dir='ltr'><strong><em>proﬁciscens,</em></strong></span> <span class='ocrx_word' id='word_1_120' title='bbox 1012 1711 1213 1764; x_wconf 77' lang='lat' dir='ltr'><strong><em>vocavit</em></strong></span> <span class='ocrx_word' id='word_1_121' title='bbox 1255 1728 1427 1765; x_wconf 84' lang='lat' dir='ltr'><strong><em>servos</em></strong></span> <span class='ocrx_word' id='word_1_122' title='bbox 1474 1727 1621 1771; x_wconf 88' lang='lat' dir='ltr'><strong><em>suos,</em></strong></span> <span class='ocrx_word' id='word_1_123' title='bbox 1682 1718 1730 1763; x_wconf 90' lang='lat' dir='ltr'><strong><em>et</em></strong></span> <span class='ocrx_word' id='word_1_124' title='bbox 1790 1708 2011 1763; x_wconf 87' lang='lat' dir='ltr'><strong><em>tradidit</em></strong></span> 
     </span>
    </p>
   </div>
   <div class='ocr_carea' id='block_1_20' title="bbox 441 1796 2015 1870">
    <p class='ocr_par' dir='ltr' id='par_1_20' title="bbox 441 1796 2015 1870">
     <span class='ocr_line' id='line_1_20' title="bbox 441 1796 2015 1870; baseline 0.001 -21"><span class='ocrx_word' id='word_1_125' title='bbox 441 1798 552 1853; x_wconf 82' lang='lat' dir='ltr'><strong>illis</strong></span> <span class='ocrx_word' id='word_1_126' title='bbox 591 1796 727 1853; x_wconf 86' lang='lat' dir='ltr'><strong><em>bona</em></strong></span> <span class='ocrx_word' id='word_1_127' title='bbox 782 1816 899 1853; x_wconf 88' lang='lat' dir='ltr'><strong><em>sua.</em></strong></span> <span class='ocrx_word' id='word_1_128' title='bbox 943 1799 1011 1853; x_wconf 88' lang='lat' dir='ltr'><strong><em>Et</em></strong></span> <span class='ocrx_word' id='word_1_129' title='bbox 1038 1801 1157 1853; x_wconf 86' lang='lat' dir='ltr'><strong><em>huic</em></strong></span> <span class='ocrx_word' id='word_1_130' title='bbox 1206 1801 1415 1870; x_wconf 85' lang='lat' dir='ltr'><strong><em>quidem</em></strong></span> <span class='ocrx_word' id='word_1_131' title='bbox 1460 1800 1603 1855; x_wconf 85' lang='lat' dir='ltr'><strong><em>dedit</em></strong></span> <span class='ocrx_word' id='word_1_132' title='bbox 1663 1799 1889 1869; x_wconf 87' lang='lat' dir='ltr'><strong><em>quinque</em></strong></span> <span class='ocrx_word' id='word_1_133' title='bbox 1933 1809 2015 1851; x_wconf 90' lang='lat' dir='ltr'><strong><em>ta-</em></strong></span> 
     </span>
    </p>
   </div>
   <div class='ocr_carea' id='block_1_21' title="bbox 444 1890 2015 1960">
    <p class='ocr_par' dir='ltr' id='par_1_21' title="bbox 444 1890 2015 1960">
     <span class='ocr_line' id='line_1_21' title="bbox 444 1890 2015 1960; baseline 0.003 -19"><span class='ocrx_word' id='word_1_134' title='bbox 444 1890 604 1951; x_wconf 88' lang='lat' dir='ltr'><strong><em>lenta,</em></strong></span> <span class='ocrx_word' id='word_1_135' title='bbox 644 1890 740 1943; x_wconf 85' lang='lat' dir='ltr'><strong>alii</strong></span> <span class='ocrx_word' id='word_1_136' title='bbox 796 1901 970 1945; x_wconf 81' lang='lat' dir='ltr'><strong><em>autent</em></strong></span> <span class='ocrx_word' id='word_1_137' title='bbox 1020 1892 1145 1953; x_wconf 84' lang='lat' dir='ltr'><strong><em>duo,</em></strong></span> <span class='ocrx_word' id='word_1_138' title='bbox 1184 1892 1280 1944; x_wconf 88' lang='lat' dir='ltr'><strong><em>alii</em></strong></span> <span class='ocrx_word' id='word_1_139' title='bbox 1328 1908 1444 1947; x_wconf 80' lang='lat' dir='ltr'><strong><em>vero</em></strong></span> <span class='ocrx_word' id='word_1_140' title='bbox 1488 1907 1683 1954; x_wconf 85' lang='lat' dir='ltr'><strong><em>unum,</em></strong></span> <span class='ocrx_word' id='word_1_141' title='bbox 1735 1892 2015 1960; x_wconf 72' lang='lat' dir='ltr'><strong><em>unicuique</em></strong></span> 
     </span>
    </p>
   </div>
   <div class='ocr_carea' id='block_1_22' title="bbox 442 1980 2014 2052">
    <p class='ocr_par' dir='ltr' id='par_1_22' title="bbox 442 1980 2014 2052">
     <span class='ocr_line' id='line_1_22' title="bbox 442 1980 2014 2052; baseline 0.001 -20"><span class='ocrx_word' id='word_1_142' title='bbox 442 1980 725 2035; x_wconf 78' lang='lat' dir='ltr'><strong><em>secundum</em></strong></span> <span class='ocrx_word' id='word_1_143' title='bbox 781 1983 1049 2049; x_wconf 87' lang='lat' dir='ltr'><strong>propriam</strong></span> <span class='ocrx_word' id='word_1_144' title='bbox 1103 1984 1364 2045; x_wconf 70' lang='lat' dir='ltr'><strong><em>virtutem,</em></strong></span> <span class='ocrx_word' id='word_1_145' title='bbox 1409 1992 1457 2036; x_wconf 86' lang='lat' dir='ltr'><strong><em>et</em></strong></span> <span class='ocrx_word' id='word_1_146' title='bbox 1496 1983 1761 2052; x_wconf 78' lang='lat' dir='ltr'><strong><em>profectus</em></strong></span> <span class='ocrx_word' id='word_1_147' title='bbox 1792 1992 1868 2035; x_wconf 91' lang='lat' dir='ltr'><strong><em>est</em></strong></span> <span class='ocrx_word' id='word_1_148' title='bbox 1902 1992 2014 2034; x_wconf 76' lang='lat' dir='ltr'><strong><em>sta-</em></strong></span> 
     </span>
    </p>
   </div>
   <div class='ocr_carea' id='block_1_23' title="bbox 443 2053 2013 2143">
    <p class='ocr_par' dir='ltr' id='par_1_23' title="bbox 443 2053 2013 2143">
     <span class='ocr_line' id='line_1_23' title="bbox 443 2053 2013 2143; baseline 0.003 -22"><span class='ocrx_word' id='word_1_149' title='bbox 443 2071 560 2123; x_wconf 88' lang='lat' dir='ltr'><strong><em>tim.</em></strong></span> <span class='ocrx_word' id='word_1_150' title='bbox 596 2070 739 2124; x_wconf 87' lang='lat' dir='ltr'><strong><em>Abiit</em></strong></span> <span class='ocrx_word' id='word_1_151' title='bbox 792 2053 967 2126; x_wconf 83' lang='lat' dir='ltr'><strong><em>autem</em></strong></span> <span class='ocrx_word' id='word_1_152' title='bbox 1014 2074 1102 2141; x_wconf 86' lang='lat' dir='ltr'><strong><em>qui</em></strong></span> <span class='ocrx_word' id='word_1_153' title='bbox 1142 2073 1365 2143; x_wconf 86' lang='lat' dir='ltr'><strong><em>quinque</em></strong></span> <span class='ocrx_word' id='word_1_154' title='bbox 1405 2073 1607 2126; x_wconf 89' lang='lat' dir='ltr'><strong><em>talenta</em></strong></span> <span class='ocrx_word' id='word_1_155' title='bbox 1640 2082 1930 2139; x_wconf 86' lang='lat' dir='ltr'><strong><em>acceperat,</em></strong></span> <span class='ocrx_word' id='word_1_156' title='bbox 1963 2084 2013 2126; x_wconf 89' lang='lat' dir='ltr'><strong><em>et</em></strong></span> 
     </span>
    </p>
   </div>
   <div class='ocr_carea' id='block_1_24' title="bbox 441 2162 2007 2230">
    <p class='ocr_par' dir='ltr' id='par_1_24' title="bbox 441 2162 2007 2230">
     <span class='ocr_line' id='line_1_24' title="bbox 441 2162 2007 2230; baseline 0.003 -20"><span class='ocrx_word' id='word_1_157' title='bbox 441 2170 686 2227; x_wconf 84' lang='lat' dir='ltr'><strong>operatus</strong></span> <span class='ocrx_word' id='word_1_158' title='bbox 718 2170 797 2215; x_wconf 90' lang='lat' dir='ltr'><strong><em>est</em></strong></span> <span class='ocrx_word' id='word_1_159' title='bbox 851 2162 905 2214; x_wconf 86' lang='lat' dir='ltr'><strong><em>in</em></strong></span> <span class='ocrx_word' id='word_1_160' title='bbox 934 2163 1030 2225; x_wconf 87' lang='lat' dir='ltr'><strong><em>eis,</em></strong></span> <span class='ocrx_word' id='word_1_161' title='bbox 1062 2170 1112 2216; x_wconf 88' lang='lat' dir='ltr'><strong><em>et</em></strong></span> <span class='ocrx_word' id='word_1_162' title='bbox 1144 2163 1468 2230; x_wconf 87' lang='lat' dir='ltr'><strong><em>comparavit</em></strong></span> <span class='ocrx_word' id='word_1_163' title='bbox 1512 2162 1623 2217; x_wconf 90' lang='lat' dir='ltr'><strong><em>alia</em></strong></span> <span class='ocrx_word' id='word_1_164' title='bbox 1662 2162 1887 2230; x_wconf 85' lang='lat' dir='ltr'><strong><em>quinque</em></strong></span> <span class='ocrx_word' id='word_1_165' title='bbox 1925 2171 2007 2214; x_wconf 88' lang='lat' dir='ltr'><strong><em>ta-</em></strong></span> 
     </span>
    </p>
   </div>
   <div class='ocr_carea' id='block_1_25' title="bbox 442 2251 2006 2336">
    <p class='ocr_par' dir='ltr' id='par_1_25' title="bbox 442 2251 2006 2336">
     <span class='ocr_line' id='line_1_25' title="bbox 442 2251 2006 2336; baseline -0.001 -32"><span class='ocrx_word' id='word_1_166' title='bbox 442 2252 602 2336; x_wconf 61' lang='lat' dir='ltr'><strong><em>lenta.</em></strong></span> <span class='ocrx_word' id='word_1_167' title='bbox 648 2251 905 2307; x_wconf 83' lang='lat' dir='ltr'><strong><em>Similiter</em></strong></span> <span class='ocrx_word' id='word_1_168' title='bbox 953 2261 1003 2307; x_wconf 90' lang='lat' dir='ltr'><strong><em>et</em></strong></span> <span class='ocrx_word' id='word_1_169' title='bbox 1042 2255 1131 2321; x_wconf 87' lang='lat' dir='ltr'><strong><em>qui</em></strong></span> <span class='ocrx_word' id='word_1_170' title='bbox 1180 2252 1285 2305; x_wconf 91' lang='lat' dir='ltr'><strong><em>duo</em></strong></span> <span class='ocrx_word' id='word_1_171' title='bbox 1322 2261 1622 2318; x_wconf 85' lang='lat' dir='ltr'><strong><em>acceperat,</em></strong></span> <span class='ocrx_word' id='word_1_172' title='bbox 1654 2253 1890 2305; x_wconf 82' lang='lat' dir='ltr'><strong><em>lucratus</em></strong></span> <span class='ocrx_word' id='word_1_173' title='bbox 1931 2258 2006 2303; x_wconf 88' lang='lat' dir='ltr'><strong><em>est</em></strong></span> 
     </span>
    </p>
   </div>
   <div class='ocr_carea' id='block_1_26' title="bbox 440 2340 2009 2415">
    <p class='ocr_par' dir='ltr' id='par_1_26' title="bbox 440 2340 2009 2415">
     <span class='ocr_line' id='line_1_26' title="bbox 440 2340 2009 2415; baseline -0.003 -17"><span class='ocrx_word' id='word_1_174' title='bbox 440 2346 551 2399; x_wconf 85' lang='lat' dir='ltr'><strong><em>alia</em></strong></span> <span class='ocrx_word' id='word_1_175' title='bbox 588 2344 693 2401; x_wconf 89' lang='lat' dir='ltr'><strong><em>duo</em></strong></span> <span class='ocrx_word' id='word_1_176' title='bbox 719 2345 933 2415; x_wconf 75' lang='lat' dir='ltr'><strong><em>(Matth.</em></strong></span> <span class='ocrx_word' id='word_1_177' title='bbox 963 2362 1086 2411; x_wconf 80' lang='lat' dir='ltr'><strong><em>xxv,</em></strong></span> <span class='ocrx_word' id='word_1_178' title='bbox 1112 2345 1318 2414; x_wconf 59' lang='lat'><strong><em>14-17).</em></strong></span> <span class='ocrx_word' id='word_1_179' title='bbox 1369 2345 1436 2397; x_wconf 85' lang='lat' dir='ltr'><strong><em>Et</em></strong></span> <span class='ocrx_word' id='word_1_180' title='bbox 1464 2344 1624 2413; x_wconf 82' lang='lat' dir='ltr'><strong><em>paulo</em></strong></span> <span class='ocrx_word' id='word_1_181' title='bbox 1657 2351 1819 2413; x_wconf 89' lang='lat' dir='ltr'><strong>post:</strong></span> <span class='ocrx_word' id='word_1_182' title='bbox 1853 2340 2009 2411; x_wconf 77' lang='lat' dir='ltr'><strong><em>Omni</em></strong></span> 
     </span>
    </p>
   </div>
   <div class='ocr_carea' id='block_1_27' title="bbox 438 2432 2011 2507">
    <p class='ocr_par' dir='ltr' id='par_1_27' title="bbox 438 2432 2011 2507">
     <span class='ocr_line' id='line_1_27' title="bbox 438 2432 2011 2507; baseline -0.004 -17"><span class='ocrx_word' id='word_1_183' title='bbox 438 2438 577 2491; x_wconf 84' lang='lat' dir='ltr'><strong><em>enim</em></strong></span> <span class='ocrx_word' id='word_1_184' title='bbox 609 2437 818 2492; x_wconf 87' lang='lat' dir='ltr'><strong><em>habenti</em></strong></span> <span class='ocrx_word' id='word_1_185' title='bbox 845 2438 1062 2491; x_wconf 88' lang='lat' dir='ltr'><strong><em>dabitur</em></strong></span> <span class='ocrx_word' id='word_1_186' title='bbox 1102 2451 1121 2489; x_wconf 90' lang='lat'><strong><em>:</em></strong></span> <span class='ocrx_word' id='word_1_187' title='bbox 1155 2439 1244 2507; x_wconf 85' lang='lat' dir='ltr'><strong><em>qui</em></strong></span> <span class='ocrx_word' id='word_1_188' title='bbox 1282 2451 1399 2505; x_wconf 75' lang='lat' dir='ltr'><strong><em>vero</em></strong></span> <span class='ocrx_word' id='word_1_189' title='bbox 1439 2452 1543 2489; x_wconf 85' lang='lat' dir='ltr'><strong><em>non</em></strong></span> <span class='ocrx_word' id='word_1_190' title='bbox 1580 2435 1757 2496; x_wconf 86' lang='lat' dir='ltr'><strong><em>habet,</em></strong></span> <span class='ocrx_word' id='word_1_191' title='bbox 1796 2443 1846 2487; x_wconf 89' lang='lat' dir='ltr'><strong><em>et</em></strong></span> <span class='ocrx_word' id='word_1_192' title='bbox 1873 2432 2011 2504; x_wconf 89' lang='lat' dir='ltr'><strong><em>quod</em></strong></span> 
     </span>
    </p>
   </div>
   <div class='ocr_carea' id='block_1_28' title="bbox 440 2511 2014 2597">
    <p class='ocr_par' dir='ltr' id='par_1_28' title="bbox 440 2511 2014 2597">
     <span class='ocr_line' id='line_1_28' title="bbox 440 2511 2014 2597; baseline -0.001 -17"><span class='ocrx_word' id='word_1_193' title='bbox 440 2529 614 2591; x_wconf 86' lang='lat' dir='ltr'><strong><em>habet,</em></strong></span> <span class='ocrx_word' id='word_1_194' title='bbox 658 2511 928 2597; x_wconf 76' lang='lat' dir='ltr'><strong><em>auferetur</em></strong></span> <span class='ocrx_word' id='word_1_195' title='bbox 983 2530 1047 2582; x_wconf 90' lang='lat' dir='ltr'><strong><em>ab</em></strong></span> <span class='ocrx_word' id='word_1_196' title='bbox 1084 2547 1162 2583; x_wconf 89' lang='lat' dir='ltr'><strong><em>eo.</em></strong></span> <span class='ocrx_word' id='word_1_197' title='bbox 1202 2528 1266 2581; x_wconf 76' lang='lat' dir='ltr'><strong><em>Et</em></strong></span> <span class='ocrx_word' id='word_1_198' title='bbox 1298 2529 1539 2582; x_wconf 85' lang='lat' dir='ltr'><strong><em>inutilem</em></strong></span> <span class='ocrx_word' id='word_1_199' title='bbox 1584 2543 1789 2581; x_wconf 86' lang='lat' dir='ltr'><strong><em>servum</em></strong></span> <span class='ocrx_word' id='word_1_200' title='bbox 1842 2526 2014 2594; x_wconf 87' lang='lat' dir='ltr'><strong><em>ejicite</em></strong></span> 
     </span>
    </p>
   </div>
   <div class='ocr_carea' id='block_1_29' title="bbox 439 2617 2010 2686">
    <p class='ocr_par' dir='ltr' id='par_1_29' title="bbox 439 2617 2010 2686">
     <span class='ocr_line' id='line_1_29' title="bbox 439 2617 2010 2686; baseline -0.004 -11"><span class='ocrx_word' id='word_1_201' title='bbox 439 2622 496 2675; x_wconf 88' lang='lat' dir='ltr'><strong><em>in</em></strong></span> <span class='ocrx_word' id='word_1_202' title='bbox 524 2622 764 2675; x_wconf 85' lang='lat' dir='ltr'><strong><em>tenebras</em></strong></span> <span class='ocrx_word' id='word_1_203' title='bbox 793 2622 1109 2675; x_wconf 75' lang='lat' dir='ltr'><strong><em>exteriores:</em></strong></span> <span class='ocrx_word' id='word_1_204' title='bbox 1142 2622 1252 2674; x_wconf 87' lang='lat' dir='ltr'><strong><em>illic</em></strong></span> <span class='ocrx_word' id='word_1_205' title='bbox 1271 2620 1370 2677; x_wconf 87' lang='lat' dir='ltr'><strong><em>erit</em></strong></span> <span class='ocrx_word' id='word_1_206' title='bbox 1399 2620 1574 2686; x_wconf 79' lang='lat' dir='ltr'><strong><em>fletus,</em></strong></span> <span class='ocrx_word' id='word_1_207' title='bbox 1593 2628 1641 2672; x_wconf 93' lang='lat' dir='ltr'><strong><em>et</em></strong></span> <span class='ocrx_word' id='word_1_208' title='bbox 1658 2617 1857 2672; x_wconf 84' lang='lat' dir='ltr'><strong><em>stridor</em></strong></span> <span class='ocrx_word' id='word_1_209' title='bbox 1880 2617 2010 2672; x_wconf 88' lang='lat' dir='ltr'><strong><em>den-</em></strong></span> 
     </span>
    </p>
   </div>
   <div class='ocr_carea' id='block_1_30' title="bbox 442 2710 1013 2782">
    <p class='ocr_par' dir='ltr' id='par_1_30' title="bbox 442 2710 1013 2782">
     <span class='ocr_line' id='line_1_30' title="bbox 442 2710 1013 2782; baseline 0.011 -21"><span class='ocrx_word' id='word_1_210' title='bbox 442 2712 573 2764; x_wconf 87' lang='lat' dir='ltr'><strong><em>tium</em></strong></span> <span class='ocrx_word' id='word_1_211' title='bbox 601 2710 753 2782; x_wconf 83' lang='lat' dir='ltr'><strong><em>(ibid.</em></strong></span> <span class='ocrx_word' id='word_1_212' title='bbox 786 2711 879 2775; x_wconf 69' lang='lat'><strong><em>29,</em></strong></span> <span class='ocrx_word' id='word_1_213' title='bbox 906 2711 1013 2770; x_wconf 77' lang='lat'><strong><em>50).</em></strong></span> 
     </span>
    </p>
   </div>
   <div class='ocr_carea' id='block_1_31' title="bbox 2189 493 3690 567">
    <p class='ocr_par' dir='ltr' id='par_1_31' title="bbox 2189 493 3690 567">
     <span class='ocr_line' id='line_1_31' title="bbox 2189 493 3690 567; baseline 0.001 -16"><span class='ocrx_word' id='word_1_214' title='bbox 2189 496 2427 561; x_wconf 82' lang='grc' dir='ltr'><em>τοιοῦτος</em></span> <span class='ocrx_word' id='word_1_215' title='bbox 2470 496 2572 567; x_wconf 81' lang='grc' dir='ltr'><em>τήν</em></span> <span class='ocrx_word' id='word_1_216' title='bbox 2626 511 2685 547; x_wconf 83' lang='grc' dir='ltr'><strong><em>τε</em></strong></span> <span class='ocrx_word' id='word_1_217' title='bbox 2718 493 3174 565; x_wconf 74' lang='grc' dir='ltr'><strong><em>προϋπάρχουσαν</em></strong></span> <span class='ocrx_word' id='word_1_218' title='bbox 3216 493 3556 565; x_wconf 76' lang='grc' dir='ltr'><em>ἀφαιρεῖται,</em></span> <span class='ocrx_word' id='word_1_219' title='bbox 3594 498 3690 552; x_wconf 78' lang='grc' dir='ltr'><em>καὶ</em></span> 
     </span>
    </p>
   </div>
   <div class='ocr_carea' id='block_1_32' title="bbox 2188 581 3686 658">
    <p class='ocr_par' dir='ltr' id='par_1_32' title="bbox 2188 581 3686 658">
     <span class='ocr_line' id='line_1_32' title="bbox 2188 581 3686 658; baseline -0.003 -18"><span class='ocrx_word' id='word_1_220' title='bbox 2188 588 2291 657; x_wconf 80' lang='grc' dir='ltr'><em>τῆς</em></span> <span class='ocrx_word' id='word_1_221' title='bbox 2317 584 2725 658; x_wconf 77' lang='grc' dir='ltr'><em>ἡτοιμασμένης</em></span> <span class='ocrx_word' id='word_1_222' title='bbox 2760 582 2872 654; x_wconf 81' lang='grc'>(55)</span> <span class='ocrx_word' id='word_1_223' title='bbox 2905 584 2968 636; x_wconf 78' lang='grc' dir='ltr'><strong><em>οὐ</em></strong></span> <span class='ocrx_word' id='word_1_224' title='bbox 2997 581 3359 648; x_wconf 60' lang='grc' dir='ltr'><em>ωταξιοῦται,</em></span> <span class='ocrx_word' id='word_1_225' title='bbox 3392 584 3487 636; x_wconf 73' lang='grc' dir='ltr'><em>καὶ</em></span> <span class='ocrx_word' id='word_1_226' title='bbox 3513 601 3686 654; x_wconf 81' lang='grc' dir='ltr'><em>τιμω-</em></span> 
     </span>
    </p>
   </div>
   <div class='ocr_carea' id='block_1_33' title="bbox 2192 666 2698 756">
    <p class='ocr_par' dir='ltr' id='par_1_33' title="bbox 2192 666 2698 756">
     <span class='ocr_line' id='line_1_33' title="bbox 2192 666 2698 756; baseline 0 -26"><span class='ocrx_word' id='word_1_227' title='bbox 2192 679 2284 756; x_wconf 77' lang='grc' dir='ltr'><strong><em>ρίᾳ</em></strong></span> <span class='ocrx_word' id='word_1_228' title='bbox 2326 666 2698 756; x_wconf 75' lang='grc' dir='ltr'><em>παραδίδοται.</em></span> 
     </span>
    </p>
   </div>
   <div class='ocr_carea' id='block_1_34' title="bbox 2730 784 3069 855">
    <p class='ocr_par' dir='ltr' id='par_1_34' title="bbox 2730 784 3069 855">
     <span class='ocr_line' id='line_1_34' title="bbox 2730 784 3069 855; baseline -0.015 -13"><span class='ocrx_word' id='word_1_229' title='bbox 2730 784 2955 855; x_wconf 67' lang='grc' dir='ltr'><em>Κεφάλ.</em></span> <span class='ocrx_word' id='word_1_230' title='bbox 3000 784 3069 838; x_wconf 81' lang='grc' dir='ltr'><em>δ’.</em></span> 
     </span>
    </p>
   </div>
   <div class='ocr_carea' id='block_1_35' title="bbox 2190 870 3690 948">
    <p class='ocr_par' dir='ltr' id='par_1_35' title="bbox 2190 870 3690 948">
     <span class='ocr_line' id='line_1_35' title="bbox 2190 870 3690 948; baseline -0.006 -10"><span class='ocrx_word' id='word_1_231' title='bbox 2190 883 2555 938; x_wconf 75' lang='grc' dir='ltr'><strong><em>ΜΑΤΘΑιοΣ.</em></strong></span> <span class='ocrx_word' id='word_1_232' title='bbox 2590 879 2704 935; x_wconf 79' lang='lat' dir='ltr'><strong><em>Kal</em></strong></span> <span class='ocrx_word' id='word_1_233' title='bbox 2746 878 3184 948; x_wconf 73' lang='grc' dir='ltr'><strong><em>προσελθόντες</em></strong></span> <span class='ocrx_word' id='word_1_234' title='bbox 3224 878 3281 938; x_wconf 75' lang='grc' dir='ltr'><em>οι</em></span> <span class='ocrx_word' id='word_1_235' title='bbox 3321 877 3581 947; x_wconf 83' lang='grc' dir='ltr'><em>μαθηταὶ</em></span> <span class='ocrx_word' id='word_1_236' title='bbox 3609 870 3690 930; x_wconf 81' lang='grc' dir='ltr'><strong><em>εῖ-</em></strong></span> 
     </span>
    </p>
   </div>
   <div class='ocr_carea' id='block_1_36' title="bbox 2114 968 3689 1039">
    <p class='ocr_par' dir='ltr' id='par_1_36' title="bbox 2114 968 3689 1039">
     <span class='ocr_line' id='line_1_36' title="bbox 2114 968 3689 1039; baseline -0.006 -10"><span class='ocrx_word' id='word_1_237' title='bbox 2114 993 2232 1029; x_wconf 85' lang='grc' dir='ltr'><strong><em>πον</em></strong></span> <span class='ocrx_word' id='word_1_238' title='bbox 2263 972 2452 1039; x_wconf 77' lang='grc' dir='ltr'><em>αὐτῷ’</em></span> <span class='ocrx_word' id='word_1_239' title='bbox 2480 974 2583 1028; x_wconf 82' lang='grc' dir='ltr'><strong><em>Διὰ</em></strong></span> <span class='ocrx_word' id='word_1_240' title='bbox 2620 973 2678 1027; x_wconf 79' lang='grc' dir='ltr'><em>τί</em></span> <span class='ocrx_word' id='word_1_241' title='bbox 2700 972 2770 1025; x_wconf 77' lang='grc' dir='ltr'><em>ἐν</em></span> <span class='ocrx_word' id='word_1_242' title='bbox 2807 968 3171 1038; x_wconf 69' lang='grc' dir='ltr'><em>παραϐολαῖς</em></span> <span class='ocrx_word' id='word_1_243' title='bbox 3195 968 3404 1034; x_wconf 65' lang='grc' dir='ltr'><em>,λαλεῖς</em></span> <span class='ocrx_word' id='word_1_244' title='bbox 3444 968 3689 1033; x_wconf 46' lang='grc' dir='ltr'><em>αὐτοῖς</em></span> 
     </span>
    </p>
   </div>
   <div class='ocr_carea' id='block_1_37' title="bbox 2124 1057 3691 1133">
    <p class='ocr_par' dir='ltr' id='par_1_37' title="bbox 2124 1057 3691 1133">
     <span class='ocr_line' id='line_1_37' title="bbox 2124 1057 3691 1133; baseline -0.006 -13"><span class='ocrx_word' id='word_1_245' title='bbox 2124 1068 2176 1119; x_wconf 88' lang='grc' dir='ltr'><strong><em>Ὁ</em></strong></span> <span class='ocrx_word' id='word_1_246' title='bbox 2199 1066 2267 1119; x_wconf 81' lang='grc' dir='ltr'><em>δὲ</em></span> <span class='ocrx_word' id='word_1_247' title='bbox 2298 1064 2643 1133; x_wconf 78' lang='grc' dir='ltr'><strong><em>ἀποκριθεὶς</em></strong></span> <span class='ocrx_word' id='word_1_248' title='bbox 2676 1058 2841 1116; x_wconf 75' lang='grc' dir='ltr'><em>εἶπεν</em></span> <span class='ocrx_word' id='word_1_249' title='bbox 2868 1059 3070 1126; x_wconf 82' lang='grc' dir='ltr'><em>αὐτοῖς</em></span> <span class='ocrx_word' id='word_1_250' title='bbox 3088 1076 3101 1089; x_wconf 73' lang='grc'><strong>⁸</strong></span> <span class='ocrx_word' id='word_1_251' title='bbox 3132 1059 3259 1112; x_wconf 82' lang='grc' dir='ltr'><em>”Θτι</em></span> <span class='ocrx_word' id='word_1_252' title='bbox 3287 1058 3431 1128; x_wconf 86' lang='grc' dir='ltr'><em>ὑμῖν</em></span> <span class='ocrx_word' id='word_1_253' title='bbox 3452 1057 3691 1112; x_wconf 79' lang='grc' dir='ltr'><em>δέδοται</em></span> 
     </span>
    </p>
   </div>
   <div class='ocr_carea' id='block_1_38' title="bbox 2114 1147 3693 1230">
    <p class='ocr_par' dir='ltr' id='par_1_38' title="bbox 2114 1147 3693 1230">
     <span class='ocr_line' id='line_1_38' title="bbox 2114 1147 3693 1230; baseline -0.007 -17"><span class='ocrx_word' id='word_1_254' title='bbox 2114 1158 2335 1230; x_wconf 73' lang='grc' dir='ltr'><em>γνῶναι</em></span> <span class='ocrx_word' id='word_1_255' title='bbox 2376 1158 2447 1212; x_wconf 81' lang='grc' dir='ltr'><em>τὰ</em></span> <span class='ocrx_word' id='word_1_256' title='bbox 2487 1154 2789 1226; x_wconf 78' lang='grc' dir='ltr'><strong><em>μυστήρια</em></strong></span> <span class='ocrx_word' id='word_1_257' title='bbox 2834 1154 2944 1219; x_wconf 83' lang='grc' dir='ltr'><em>τῆς</em></span> <span class='ocrx_word' id='word_1_258' title='bbox 2981 1151 3302 1217; x_wconf 66' lang='grc' dir='ltr'><em>,βασιλείας</em></span> <span class='ocrx_word' id='word_1_259' title='bbox 3359 1147 3478 1203; x_wconf 77' lang='grc' dir='ltr'><strong><em>τῶν</em></strong></span> <span class='ocrx_word' id='word_1_260' title='bbox 3520 1152 3693 1219; x_wconf 65' lang='lat' dir='ltr'><strong><em>oivpa,</em></strong></span> 
     </span>
    </p>
   </div>
   <div class='ocr_carea' id='block_1_39' title="bbox 2115 1240 3694 1313">
    <p class='ocr_par' dir='ltr' id='par_1_39' title="bbox 2115 1240 3694 1313">
     <span class='ocr_line' id='line_1_39' title="bbox 2115 1240 3694 1313; baseline -0.008 -7"><span class='ocrx_word' id='word_1_261' title='bbox 2115 1251 2257 1313; x_wconf 83' lang='grc' dir='ltr'><em>νῶν,</em></span> <span class='ocrx_word' id='word_1_262' title='bbox 2299 1248 2550 1313; x_wconf 83' lang='grc' dir='ltr'><em>ἐκείνοις</em></span> <span class='ocrx_word' id='word_1_263' title='bbox 2597 1246 2665 1299; x_wconf 87' lang='grc' dir='ltr'><em>δὲ</em></span> <span class='ocrx_word' id='word_1_264' title='bbox 2733 1248 2805 1299; x_wconf 84' lang='grc' dir='ltr'><em>οὐ</em></span> <span class='ocrx_word' id='word_1_265' title='bbox 2852 1243 3102 1297; x_wconf 88' lang='grc' dir='ltr'><em>δέδοται.</em></span> <span class='ocrx_word' id='word_1_266' title='bbox 3148 1242 3345 1306; x_wconf 88' lang='grc' dir='ltr'><em>Ὅστις</em></span> <span class='ocrx_word' id='word_1_267' title='bbox 3395 1240 3509 1312; x_wconf 75' lang='grc'><strong><em>(56)</em></strong></span> <span class='ocrx_word' id='word_1_268' title='bbox 3580 1242 3694 1311; x_wconf 81' lang='grc' dir='ltr'><strong><em>τὰρ</em></strong></span> 
     </span>
    </p>
   </div>
   <div class='ocr_carea' id='block_1_40' title="bbox 2110 1333 3689 1413">
    <p class='ocr_par' dir='ltr' id='par_1_40' title="bbox 2110 1333 3689 1413">
     <span class='ocr_line' id='line_1_40' title="bbox 2110 1333 3689 1413; baseline -0.006 -18"><span class='ocrx_word' id='word_1_269' title='bbox 2110 1341 2234 1412; x_wconf 76' lang='grc' dir='ltr'><em>ἔχει</em></span> <span class='ocrx_word' id='word_1_270' title='bbox 2256 1382 2271 1407; x_wconf 90' lang='grc'><strong><em>,</em></strong></span> <span class='ocrx_word' id='word_1_271' title='bbox 2335 1338 2651 1405; x_wconf 80' lang='grc' dir='ltr'><strong><em>δοθήσεται</em></strong></span> <span class='ocrx_word' id='word_1_272' title='bbox 2700 1334 2894 1400; x_wconf 79' lang='grc' dir='ltr'><em>αὐτῷ,</em></span> <span class='ocrx_word' id='word_1_273' title='bbox 2958 1335 3054 1389; x_wconf 79' lang='grc' dir='ltr'><em>καὶ</em></span> <span class='ocrx_word' id='word_1_274' title='bbox 3116 1333 3651 1413; x_wconf 76' lang='grc' dir='ltr'><em>περισσευθήσεται</em></span> <span class='ocrx_word' id='word_1_275' title='bbox 3675 1350 3689 1364; x_wconf 74' lang='grc' dir='ltr'><strong>ο</strong></span> 
     </span>
    </p>
   </div>
   <div class='ocr_carea' id='block_1_41' title="bbox 2110 1425 3692 1497">
    <p class='ocr_par' dir='ltr' id='par_1_41' title="bbox 2110 1425 3692 1497">
     <span class='ocr_line' id='line_1_41' title="bbox 2110 1425 3692 1497; baseline -0.004 -12"><span class='ocrx_word' id='word_1_276' title='bbox 2110 1432 2279 1496; x_wconf 82' lang='grc' dir='ltr'><em>ὅστις</em></span> <span class='ocrx_word' id='word_1_277' title='bbox 2343 1430 2410 1483; x_wconf 83' lang='grc' dir='ltr'><strong><em>δὲ</em></strong></span> <span class='ocrx_word' id='word_1_278' title='bbox 2461 1431 2571 1483; x_wconf 77' lang='grc' dir='ltr'><em>οὐκ</em></span> <span class='ocrx_word' id='word_1_279' title='bbox 2624 1429 2767 1497; x_wconf 73' lang='grc' dir='ltr'><em>ἔχει,</em></span> <span class='ocrx_word' id='word_1_280' title='bbox 2824 1426 2921 1481; x_wconf 79' lang='grc' dir='ltr'><strong><em>καὶ</em></strong></span> <span class='ocrx_word' id='word_1_281' title='bbox 2975 1425 3007 1478; x_wconf 88' lang='grc' dir='ltr'><strong>ὂ</strong></span> <span class='ocrx_word' id='word_1_282' title='bbox 3049 1426 3172 1494; x_wconf 76' lang='grc' dir='ltr'><em>ἔχει</em></span> <span class='ocrx_word' id='word_1_283' title='bbox 3213 1425 3537 1494; x_wconf 76' lang='grc' dir='ltr'><strong><em>ἀρθήσεται</em></strong></span> <span class='ocrx_word' id='word_1_284' title='bbox 3590 1425 3692 1479; x_wconf 73' lang='grc' dir='ltr'><strong><em>ἀπ’</em></strong></span> 
     </span>
    </p>
   </div>
   <div class='ocr_carea' id='block_1_42' title="bbox 2111 1518 3691 1589">
    <p class='ocr_par' dir='ltr' id='par_1_42' title="bbox 2111 1518 3691 1589">
     <span class='ocr_line' id='line_1_42' title="bbox 2111 1518 3691 1589; baseline -0.006 -11"><span class='ocrx_word' id='word_1_285' title='bbox 2111 1522 2320 1578; x_wconf 81' lang='grc' dir='ltr'><em>αὐτοῦ.</em></span> <span class='ocrx_word' id='word_1_286' title='bbox 2375 1520 2479 1574; x_wconf 84' lang='grc' dir='ltr'><strong><em>Διά</em></strong></span> <span class='ocrx_word' id='word_1_287' title='bbox 2529 1520 2701 1574; x_wconf 82' lang='grc' dir='ltr'><em>τοῦτο</em></span> <span class='ocrx_word' id='word_1_288' title='bbox 2757 1520 2825 1572; x_wconf 83' lang='grc' dir='ltr'><em>ἑν</em></span> <span class='ocrx_word' id='word_1_289' title='bbox 2894 1518 3259 1589; x_wconf 54' lang='grc' dir='ltr'><em>παραϐολαῖς</em></span> <span class='ocrx_word' id='word_1_290' title='bbox 3322 1520 3529 1583; x_wconf 74' lang='grc' dir='ltr'><em>αὐτοῖς</em></span> <span class='ocrx_word' id='word_1_291' title='bbox 3580 1520 3691 1571; x_wconf 69' lang='grc' dir='ltr'><em>,ια-</em></span> 
     </span>
    </p>
   </div>
   <div class='ocr_carea' id='block_1_43' title="bbox 2110 1608 3696 1681">
    <p class='ocr_par' dir='ltr' id='par_1_43' title="bbox 2110 1608 3696 1681">
     <span class='ocr_line' id='line_1_43' title="bbox 2110 1608 3696 1681; baseline -0.004 -13"><span class='ocrx_word' id='word_1_292' title='bbox 2110 1614 2217 1675; x_wconf 80' lang='grc' dir='ltr'><em>λῶ,</em></span> <span class='ocrx_word' id='word_1_293' title='bbox 2264 1615 2351 1667; x_wconf 81' lang='grc' dir='ltr'><em>ὅτι</em></span> <span class='ocrx_word' id='word_1_294' title='bbox 2375 1610 2712 1676; x_wconf 76' lang='grc' dir='ltr'><em>,βλέποντες</em></span> <span class='ocrx_word' id='word_1_295' title='bbox 2743 1612 2814 1663; x_wconf 88' lang='grc' dir='ltr'><em>οὐ</em></span> <span class='ocrx_word' id='word_1_296' title='bbox 2858 1608 3185 1681; x_wconf 77' lang='grc' dir='ltr'><em>βλέπουσι,</em></span> <span class='ocrx_word' id='word_1_297' title='bbox 3228 1609 3328 1664; x_wconf 75' lang='grc' dir='ltr'><em>καὶ</em></span> <span class='ocrx_word' id='word_1_298' title='bbox 3366 1610 3696 1675; x_wconf 81' lang='grc' dir='ltr'><em>ἀκούοντες</em></span> 
     </span>
    </p>
   </div>
   <div class='ocr_carea' id='block_1_44' title="bbox 2114 1698 3697 1766">
    <p class='ocr_par' dir='ltr' id='par_1_44' title="bbox 2114 1698 3697 1766">
     <span class='ocr_line' id='line_1_44' title="bbox 2114 1698 3697 1766; baseline -0.005 -7"><span class='ocrx_word' id='word_1_299' title='bbox 2114 1707 2225 1759; x_wconf 83' lang='grc' dir='ltr'><em>οὐκ</em></span> <span class='ocrx_word' id='word_1_300' title='bbox 2291 1703 2642 1766; x_wconf 84' lang='grc' dir='ltr'><em>ἁκούουσιν,</em></span> <span class='ocrx_word' id='word_1_301' title='bbox 2702 1699 2845 1753; x_wconf 86' lang='grc' dir='ltr'><em>οὐδὲ</em></span> <span class='ocrx_word' id='word_1_302' title='bbox 2903 1699 3207 1759; x_wconf 80' lang='grc' dir='ltr'><strong><em>συνιοῦσι.</em></strong></span> <span class='ocrx_word' id='word_1_303' title='bbox 3254 1698 3367 1753; x_wconf 79' lang='grc' dir='ltr'><em>Καὶ</em></span> <span class='ocrx_word' id='word_1_304' title='bbox 3418 1699 3697 1766; x_wconf 74' lang='grc' dir='ltr'><em>ἀναπλη-</em></span> 
     </span>
    </p>
   </div>
   <div class='ocr_carea' id='block_1_45' title="bbox 2105 1790 3698 1865">
    <p class='ocr_par' dir='ltr' id='par_1_45' title="bbox 2105 1790 3698 1865">
     <span class='ocr_line' id='line_1_45' title="bbox 2105 1790 3698 1865; baseline -0.005 -14"><span class='ocrx_word' id='word_1_305' title='bbox 2105 1797 2317 1865; x_wconf 84' lang='grc' dir='ltr'><em>ροῦται</em></span> <span class='ocrx_word' id='word_1_306' title='bbox 2360 1794 2563 1860; x_wconf 86' lang='grc' dir='ltr'><em>αὐτοῖς</em></span> <span class='ocrx_word' id='word_1_307' title='bbox 2608 1794 2647 1861; x_wconf 75' lang='grc' dir='ltr'><strong><em>ἡ</em></strong></span> <span class='ocrx_word' id='word_1_308' title='bbox 2699 1791 3027 1861; x_wconf 61' lang='grc' dir='ltr'><em>προφητεία</em></span> <span class='ocrx_word' id='word_1_309' title='bbox 3087 1790 3409 1859; x_wconf 78' lang='grc' dir='ltr'><em>Ἡσαΐου...</em></span> <span class='ocrx_word' id='word_1_310' title='bbox 3462 1791 3698 1862; x_wconf 75' lang='grc' dir='ltr'><em>’Ὠσπερ</em></span> 
     </span>
    </p>
   </div>
   <div class='ocr_carea' id='block_1_46' title="bbox 2112 1881 3700 1959">
    <p class='ocr_par' dir='ltr' id='par_1_46' title="bbox 2112 1881 3700 1959">
     <span class='ocr_line' id='line_1_46' title="bbox 2112 1881 3700 1959; baseline -0.001 -20"><span class='ocrx_word' id='word_1_311' title='bbox 2112 1886 2223 1959; x_wconf 77' lang='grc' dir='ltr'><strong><em>γὰρ</em></strong></span> <span class='ocrx_word' id='word_1_312' title='bbox 2266 1886 2576 1954; x_wconf 80' lang='grc' dir='ltr'><em>ἄνθρωπος</em></span> <span class='ocrx_word' id='word_1_313' title='bbox 2628 1882 2956 1951; x_wconf 78' lang='grc' dir='ltr'><strong><em>ἀποδημῶν</em></strong></span> <span class='ocrx_word' id='word_1_314' title='bbox 3008 1881 3267 1938; x_wconf 79' lang='grc' dir='ltr'><em>ἐκάλεσε</em></span> <span class='ocrx_word' id='word_1_315' title='bbox 3317 1883 3462 1949; x_wconf 85' lang='grc' dir='ltr'><em>τοὺς</em></span> <span class='ocrx_word' id='word_1_316' title='bbox 3508 1883 3700 1949; x_wconf 79' lang='grc' dir='ltr'><em>ἰδίους</em></span> 
     </span>
    </p>
   </div>
   <div class='ocr_carea' id='block_1_47' title="bbox 2111 1973 3705 2046">
    <p class='ocr_par' dir='ltr' id='par_1_47' title="bbox 2111 1973 3705 2046">
     <span class='ocr_line' id='line_1_47' title="bbox 2111 1973 3705 2046; baseline -0.003 -14"><span class='ocrx_word' id='word_1_317' title='bbox 2111 1979 2393 2042; x_wconf 73' lang='grc' dir='ltr'><em>δούλους,</em></span> <span class='ocrx_word' id='word_1_318' title='bbox 2428 1976 2527 2046; x_wconf 78' lang='grc' dir='ltr'><em>καὶ</em></span> <span class='ocrx_word' id='word_1_319' title='bbox 2585 1973 2928 2041; x_wconf 85' lang='grc' dir='ltr'><em>παρέδωκεν</em></span> <span class='ocrx_word' id='word_1_320' title='bbox 2979 1974 3183 2040; x_wconf 81' lang='grc' dir='ltr'><em>αὐτοῖς</em></span> <span class='ocrx_word' id='word_1_321' title='bbox 3228 1974 3299 2029; x_wconf 86' lang='grc' dir='ltr'><strong><em>τὰ</em></strong></span> <span class='ocrx_word' id='word_1_322' title='bbox 3344 1974 3705 2044; x_wconf 70' lang='grc' dir='ltr'><em>ὑπάρχοντα,</em></span> 
     </span>
    </p>
   </div>
   <div class='ocr_carea' id='block_1_48' title="bbox 2110 2056 3701 2138">
    <p class='ocr_par' dir='ltr' id='par_1_48' title="bbox 2110 2056 3701 2138">
     <span class='ocr_line' id='line_1_48' title="bbox 2110 2056 3701 2138; baseline -0.002 -15"><span class='ocrx_word' id='word_1_323' title='bbox 2110 2068 2295 2124; x_wconf 85' lang='grc' dir='ltr'><em>αὐτοῦ</em></span> <span class='ocrx_word' id='word_1_324' title='bbox 2328 2068 2473 2138; x_wconf 78' lang='grc'><strong><em>(57)⁹</em></strong></span> <span class='ocrx_word' id='word_1_325' title='bbox 2513 2066 2611 2120; x_wconf 77' lang='grc' dir='ltr'><em>καὶ</em></span> <span class='ocrx_word' id='word_1_326' title='bbox 2644 2056 2693 2131; x_wconf 83' lang='grc' dir='ltr'>ᾧ</span> <span class='ocrx_word' id='word_1_327' title='bbox 2727 2065 2845 2134; x_wconf 81' lang='grc' dir='ltr'><strong><em>μὲν</em></strong></span> <span class='ocrx_word' id='word_1_328' title='bbox 2890 2064 3073 2119; x_wconf 79' lang='grc' dir='ltr'><em>ἔδωκε</em></span> <span class='ocrx_word' id='word_1_329' title='bbox 3106 2065 3285 2119; x_wconf 78' lang='grc' dir='ltr'><em>πέντε</em></span> <span class='ocrx_word' id='word_1_330' title='bbox 3317 2067 3607 2131; x_wconf 73' lang='grc' dir='ltr'><em>τάλαντα,</em></span> <span class='ocrx_word' id='word_1_331' title='bbox 3651 2060 3701 2132; x_wconf 84' lang='grc' dir='ltr'>ᾧ</span> 
     </span>
    </p>
   </div>
   <div class='ocr_carea' id='block_1_49' title="bbox 2109 2151 3697 2230">
    <p class='ocr_par' dir='ltr' id='par_1_49' title="bbox 2109 2151 3697 2230">
     <span class='ocr_line' id='line_1_49' title="bbox 2109 2151 3697 2230; baseline -0.001 -18"><span class='ocrx_word' id='word_1_332' title='bbox 2109 2160 2178 2212; x_wconf 88' lang='grc' dir='ltr'><em>δὲ</em></span> <span class='ocrx_word' id='word_1_333' title='bbox 2203 2159 2331 2223; x_wconf 82' lang='grc' dir='ltr'><em>δύο,</em></span> <span class='ocrx_word' id='word_1_334' title='bbox 2360 2151 2409 2224; x_wconf 82' lang='grc' dir='ltr'>ᾦ</span> <span class='ocrx_word' id='word_1_335' title='bbox 2437 2156 2504 2211; x_wconf 87' lang='grc' dir='ltr'><em>δὲ</em></span> <span class='ocrx_word' id='word_1_336' title='bbox 2530 2156 2620 2223; x_wconf 78' lang='grc' dir='ltr'><em>ἓν,</em></span> <span class='ocrx_word' id='word_1_337' title='bbox 2649 2155 2887 2230; x_wconf 82' lang='grc' dir='ltr'><em>ἑκάστῳ</em></span> <span class='ocrx_word' id='word_1_338' title='bbox 2912 2156 3064 2210; x_wconf 82' lang='grc' dir='ltr'><em>κατὰ</em></span> <span class='ocrx_word' id='word_1_339' title='bbox 3091 2156 3205 2224; x_wconf 77' lang='grc' dir='ltr'><em>τὴν</em></span> <span class='ocrx_word' id='word_1_340' title='bbox 3234 2157 3391 2210; x_wconf 72' lang='grc' dir='ltr'><em>ἰδίαν</em></span> <span class='ocrx_word' id='word_1_341' title='bbox 3413 2156 3697 2226; x_wconf 81' lang='grc' dir='ltr'><em>δύναμιν,</em></span> 
     </span>
    </p>
   </div>
   <div class='ocr_carea' id='block_1_50' title="bbox 2112 2246 3701 2318">
    <p class='ocr_par' dir='ltr' id='par_1_50' title="bbox 2112 2246 3701 2318">
     <span class='ocr_line' id='line_1_50' title="bbox 2112 2246 3701 2318; baseline 0.001 -15"><span class='ocrx_word' id='word_1_342' title='bbox 2112 2250 2205 2303; x_wconf 81' lang='grc' dir='ltr'><em>καὶ</em></span> <span class='ocrx_word' id='word_1_343' title='bbox 2243 2248 2632 2318; x_wconf 78' lang='grc' dir='ltr'><strong><em>ἀπεδήμησεν</em></strong></span> <span class='ocrx_word' id='word_1_344' title='bbox 2654 2247 2893 2315; x_wconf 80' lang='grc' dir='ltr'><em>εὐθέως.</em></span> <span class='ocrx_word' id='word_1_345' title='bbox 2927 2247 3246 2316; x_wconf 78' lang='grc' dir='ltr'><em>Πορευθεὶς</em></span> <span class='ocrx_word' id='word_1_346' title='bbox 3270 2246 3338 2300; x_wconf 87' lang='grc' dir='ltr'><em>δὲ</em></span> <span class='ocrx_word' id='word_1_347' title='bbox 3362 2251 3396 2303; x_wconf 85' lang='grc' dir='ltr'><em>ὀ</em></span> <span class='ocrx_word' id='word_1_348' title='bbox 3419 2248 3492 2303; x_wconf 87' lang='grc' dir='ltr'><em>τὰ</em></span> <span class='ocrx_word' id='word_1_349' title='bbox 3516 2249 3701 2305; x_wconf 78' lang='grc' dir='ltr'><em>πέντε</em></span> 
     </span>
    </p>
   </div>
   <div class='ocr_carea' id='block_1_51' title="bbox 2110 2338 3700 2409">
    <p class='ocr_par' dir='ltr' id='par_1_51' title="bbox 2110 2338 3700 2409">
     <span class='ocr_line' id='line_1_51' title="bbox 2110 2338 3700 2409; baseline -0.002 -14"><span class='ocrx_word' id='word_1_350' title='bbox 2110 2342 2376 2397; x_wconf 75' lang='grc' dir='ltr'><em>τάλαντα</em></span> <span class='ocrx_word' id='word_1_351' title='bbox 2404 2339 2623 2404; x_wconf 73' lang='grc' dir='ltr'><em>λαϐὼν,</em></span> <span class='ocrx_word' id='word_1_352' title='bbox 2662 2338 2978 2409; x_wconf 77' lang='grc' dir='ltr'><em>εἰργάσατο</em></span> <span class='ocrx_word' id='word_1_353' title='bbox 3010 2340 3078 2393; x_wconf 81' lang='grc' dir='ltr'><em>ἐν</em></span> <span class='ocrx_word' id='word_1_354' title='bbox 3099 2339 3323 2404; x_wconf 82' lang='grc' dir='ltr'><em>αὐτοῖς,</em></span> <span class='ocrx_word' id='word_1_355' title='bbox 3362 2339 3461 2394; x_wconf 77' lang='grc' dir='ltr'><em>καὶ</em></span> <span class='ocrx_word' id='word_1_356' title='bbox 3487 2340 3700 2408; x_wconf 79' lang='grc' dir='ltr'><em>ἐποίη-</em></span> 
     </span>
    </p>
   </div>
   <div class='ocr_carea' id='block_1_52' title="bbox 2112 2429 3702 2505">
    <p class='ocr_par' dir='ltr' id='par_1_52' title="bbox 2112 2429 3702 2505">
     <span class='ocr_line' id='line_1_52' title="bbox 2112 2429 3702 2505; baseline -0.003 -18"><span class='ocrx_word' id='word_1_357' title='bbox 2112 2447 2225 2487; x_wconf 86' lang='grc' dir='ltr'><strong><em>σεν</em></strong></span> <span class='ocrx_word' id='word_1_358' title='bbox 2262 2431 2420 2485; x_wconf 77' lang='grc' dir='ltr'><em>ἄλλα</em></span> <span class='ocrx_word' id='word_1_359' title='bbox 2466 2430 2645 2484; x_wconf 81' lang='grc' dir='ltr'><em>πέντε</em></span> <span class='ocrx_word' id='word_1_360' title='bbox 2699 2429 2984 2505; x_wconf 73' lang='grc' dir='ltr'><em>τάλαντα.</em></span> <span class='ocrx_word' id='word_1_361' title='bbox 3028 2430 3325 2497; x_wconf 84' lang='grc' dir='ltr'><em>Ὡσαύτως</em></span> <span class='ocrx_word' id='word_1_362' title='bbox 3386 2430 3486 2484; x_wconf 77' lang='grc' dir='ltr'><em>καὶ</em></span> <span class='ocrx_word' id='word_1_363' title='bbox 3540 2434 3577 2484; x_wconf 81' lang='grc' dir='ltr'><em>ό</em></span> <span class='ocrx_word' id='word_1_364' title='bbox 3626 2429 3702 2483; x_wconf 84' lang='grc' dir='ltr'><em>τὰ</em></span> 
     </span>
    </p>
   </div>
   <div class='ocr_carea' id='block_1_53' title="bbox 2114 2506 3701 2593">
    <p class='ocr_par' dir='ltr' id='par_1_53' title="bbox 2114 2506 3701 2593">
     <span class='ocr_line' id='line_1_53' title="bbox 2114 2506 3701 2593; baseline -0.002 -15"><span class='ocrx_word' id='word_1_365' title='bbox 2114 2525 2223 2578; x_wconf 80' lang='grc' dir='ltr'><em>δύο</em></span> <span class='ocrx_word' id='word_1_366' title='bbox 2250 2522 2577 2590; x_wconf 82' lang='grc' dir='ltr'><em>ἐκέρδησεν</em></span> <span class='ocrx_word' id='word_1_367' title='bbox 2603 2520 2761 2575; x_wconf 78' lang='grc' dir='ltr'><em>ἄλλα</em></span> <span class='ocrx_word' id='word_1_368' title='bbox 2780 2521 2912 2578; x_wconf 87' lang='grc' dir='ltr'><em>δύο.</em></span> <span class='ocrx_word' id='word_1_369' title='bbox 2942 2523 3053 2577; x_wconf 82' lang='grc' dir='ltr'><strong><em>Καὶ</em></strong></span> <span class='ocrx_word' id='word_1_370' title='bbox 3081 2506 3197 2593; x_wconf 62' lang='grc' dir='ltr'><em>μετ’</em></span> <span class='ocrx_word' id='word_1_371' title='bbox 3224 2523 3411 2591; x_wconf 82' lang='grc' dir='ltr'><strong><em>ὀλίγα·</em></strong></span> <span class='ocrx_word' id='word_1_372' title='bbox 3472 2521 3558 2587; x_wconf 79' lang='grc' dir='ltr'><em>τῷ</em></span> <span class='ocrx_word' id='word_1_373' title='bbox 3584 2524 3701 2592; x_wconf 80' lang='grc' dir='ltr'><strong><em>τὰρ</em></strong></span> 
     </span>
    </p>
   </div>
   <div class='ocr_carea' id='block_1_54' title="bbox 2116 2608 3700 2683">
    <p class='ocr_par' dir='ltr' id='par_1_54' title="bbox 2116 2608 3700 2683">
     <span class='ocr_line' id='line_1_54' title="bbox 2116 2608 3700 2683; baseline 0 -18"><span class='ocrx_word' id='word_1_374' title='bbox 2116 2612 2317 2682; x_wconf 80' lang='grc' dir='ltr'><em>ἔχοντι</em></span> <span class='ocrx_word' id='word_1_375' title='bbox 2357 2610 2535 2669; x_wconf 72' lang='grc' dir='ltr'><em>παντὶ</em></span> <span class='ocrx_word' id='word_1_376' title='bbox 2585 2608 2939 2679; x_wconf 82' lang='grc' dir='ltr'><em>δοθήσεται·</em></span> <span class='ocrx_word' id='word_1_377' title='bbox 2971 2612 3088 2665; x_wconf 79' lang='grc' dir='ltr'><strong><em>ἀπὸ</em></strong></span> <span class='ocrx_word' id='word_1_378' title='bbox 3133 2610 3203 2665; x_wconf 84' lang='grc' dir='ltr'><em>δὲ</em></span> <span class='ocrx_word' id='word_1_379' title='bbox 3246 2611 3352 2665; x_wconf 84' lang='grc' dir='ltr'><strong><em>τοῦ</em></strong></span> <span class='ocrx_word' id='word_1_380' title='bbox 3388 2611 3478 2683; x_wconf 78' lang='grc' dir='ltr'><em>μὴ</em></span> <span class='ocrx_word' id='word_1_381' title='bbox 3520 2611 3700 2681; x_wconf 78' lang='grc' dir='ltr'><em>ἕχον-</em></span> 
     </span>
    </p>
   </div>
   <div class='ocr_carea' id='block_1_55' title="bbox 2117 2698 3700 2768">
    <p class='ocr_par' dir='ltr' id='par_1_55' title="bbox 2117 2698 3700 2768">
     <span class='ocr_line' id='line_1_55' title="bbox 2117 2698 3700 2768; baseline -0.002 -12"><span class='ocrx_word' id='word_1_382' title='bbox 2117 2720 2218 2767; x_wconf 89' lang='grc' dir='ltr'><strong><em>τος</em></strong></span> <span class='ocrx_word' id='word_1_383' title='bbox 2259 2700 2356 2755; x_wconf 78' lang='grc' dir='ltr'><em>καὶ</em></span> <span class='ocrx_word' id='word_1_384' title='bbox 2397 2699 2430 2755; x_wconf 83' lang='grc' dir='ltr'><strong><em>ὃ</em></strong></span> <span class='ocrx_word' id='word_1_385' title='bbox 2475 2700 2600 2767; x_wconf 74' lang='grc' dir='ltr'><em>ἔχει</em></span> <span class='ocrx_word' id='word_1_386' title='bbox 2654 2698 2978 2768; x_wconf 83' lang='grc' dir='ltr'><em>ἀρθήσεται</em></span> <span class='ocrx_word' id='word_1_387' title='bbox 3010 2700 3113 2755; x_wconf 82' lang='grc' dir='ltr'><strong><em>ἀπ’</em></strong></span> <span class='ocrx_word' id='word_1_388' title='bbox 3156 2701 3361 2756; x_wconf 82' lang='grc' dir='ltr'><em>αὑτοῦ.</em></span> <span class='ocrx_word' id='word_1_389' title='bbox 3417 2701 3530 2755; x_wconf 77' lang='grc' dir='ltr'><strong><em>Καὶ</em></strong></span> <span class='ocrx_word' id='word_1_390' title='bbox 3590 2700 3700 2754; x_wconf 69' lang='grc' dir='ltr'><strong><em>τὸν</em></strong></span> 
     </span>
    </p>
   </div>
   <div class='ocr_carea' id='block_1_56' title="bbox 439 2787 3698 2871">
    <p class='ocr_par' dir='ltr' id='par_1_56' title="bbox 439 2787 3698 2871">
     <span class='ocr_line' id='line_1_56' title="bbox 439 2787 3698 2871; baseline 0 -17"><span class='ocrx_word' id='word_1_391' title='bbox 439 2801 682 2868; x_wconf 79' lang='grc' dir='ltr'><em>ἀχρεῖον</em></span> <span class='ocrx_word' id='word_1_392' title='bbox 704 2800 930 2855; x_wconf 73' lang='grc' dir='ltr'><em>δοῦλον</em></span> <span class='ocrx_word' id='word_1_393' title='bbox 957 2800 1281 2855; x_wconf 76' lang='grc' dir='ltr'><em>ἐκϐάλλετε</em></span> <span class='ocrx_word' id='word_1_394' title='bbox 1314 2798 1426 2871; x_wconf 84' lang='grc'><strong><em>(58)</em></strong></span> <span class='ocrx_word' id='word_1_395' title='bbox 1465 2802 1550 2868; x_wconf 80' lang='grc' dir='ltr'><strong><em>εις</em></strong></span> <span class='ocrx_word' id='word_1_396' title='bbox 1596 2799 1663 2853; x_wconf 87' lang='grc' dir='ltr'><em>τὸ</em></span> <span class='ocrx_word' id='word_1_397' title='bbox 1705 2802 1927 2867; x_wconf 81' lang='grc' dir='ltr'><em>σκότος</em></span> <span class='ocrx_word' id='word_1_398' title='bbox 1956 2797 2023 2863; x_wconf 84' lang='grc' dir='ltr'><em>τὸ</em></span> <span class='ocrx_word' id='word_1_399' title='bbox 2055 2793 2344 2860; x_wconf 77' lang='grc' dir='ltr'><em>ἐξώτερον</em></span> <span class='ocrx_word' id='word_1_400' title='bbox 2363 2806 2376 2820; x_wconf 89' lang='grc'><strong>·</strong></span> <span class='ocrx_word' id='word_1_401' title='bbox 2416 2788 2542 2843; x_wconf 84' lang='grc' dir='ltr'><em>ἐκεῖ</em></span> <span class='ocrx_word' id='word_1_402' title='bbox 2566 2787 2736 2859; x_wconf 75' lang='grc' dir='ltr'><em>ἔσται</em></span> <span class='ocrx_word' id='word_1_403' title='bbox 2763 2792 2797 2843; x_wconf 89' lang='grc' dir='ltr'><strong><em>ό</em></strong></span> <span class='ocrx_word' id='word_1_404' title='bbox 2824 2789 3149 2860; x_wconf 75' lang='grc' dir='ltr'><em>κλαυθμὸς,</em></span> <span class='ocrx_word' id='word_1_405' title='bbox 3186 2790 3282 2845; x_wconf 75' lang='grc' dir='ltr'><em>καὶ</em></span> <span class='ocrx_word' id='word_1_406' title='bbox 3337 2793 3371 2845; x_wconf 82' lang='grc' dir='ltr'><em>ὁ</em></span> <span class='ocrx_word' id='word_1_407' title='bbox 3421 2788 3698 2868; x_wconf 66' lang='grc' dir='ltr'><strong><em>,ϐρυγμὸς</em></strong></span> 
     </span>
    </p>
   </div>
   <div class='ocr_carea' id='block_1_57' title="bbox 440 2896 884 2951">
    <p class='ocr_par' dir='ltr' id='par_1_57' title="bbox 440 2896 884 2951">
     <span class='ocr_line' id='line_1_57' title="bbox 440 2896 884 2951; baseline -0.002 -2"><span class='ocrx_word' id='word_1_408' title='bbox 440 2896 559 2951; x_wconf 84' lang='grc' dir='ltr'><em>τῶν</em></span> <span class='ocrx_word' id='word_1_409' title='bbox 602 2896 884 2949; x_wconf 83' lang='grc' dir='ltr'><em>ὀδόντων.</em></span> 
     </span>
    </p>
   </div>
   <div class='ocr_carea' id='block_1_58' title="bbox 972 3008 1440 3087">
    <p class='ocr_par' dir='ltr' id='par_1_58' title="bbox 972 3008 1440 3087">
     <span class='ocr_line' id='line_1_58' title="bbox 972 3008 1440 3087; baseline 0.004 -25"><span class='ocrx_word' id='word_1_410' title='bbox 972 3008 1253 3087; x_wconf 79' lang='lat' dir='ltr'><strong>REGULA</strong></span> <span class='ocrx_word' id='word_1_411' title='bbox 1305 3010 1440 3064; x_wconf 78' lang='lat' dir='ltr'><strong><em>LIX.</em></strong></span> 
     </span>
    </p>
   </div>
   <div class='ocr_carea' id='block_1_59' title="bbox 440 3099 2009 3172">
    <p class='ocr_par' dir='ltr' id='par_1_59' title="bbox 440 3099 2009 3172">
     <span class='ocr_line' id='line_1_59' title="bbox 440 3099 2009 3172; baseline 0.004 -20"><span class='ocrx_word' id='word_1_412' title='bbox 440 3099 600 3164; x_wconf 85' lang='lat' dir='ltr'><strong><em>Quod</em></strong></span> <span class='ocrx_word' id='word_1_413' title='bbox 631 3114 739 3167; x_wconf 79' lang='lat' dir='ltr'><strong><em>non</em></strong></span> <span class='ocrx_word' id='word_1_414' title='bbox 779 3110 994 3170; x_wconf 86' lang='lat' dir='ltr'><strong>oportet</strong></span> <span class='ocrx_word' id='word_1_415' title='bbox 1033 3101 1407 3157; x_wconf 85' lang='lat' dir='ltr'><strong>Christianum</strong></span> <span class='ocrx_word' id='word_1_416' title='bbox 1452 3105 1689 3159; x_wconf 84' lang='lat' dir='ltr'><strong><em>humana</em></strong></span> <span class='ocrx_word' id='word_1_417' title='bbox 1720 3101 1890 3172; x_wconf 83' lang='lat' dir='ltr'><strong>gloria</strong></span> <span class='ocrx_word' id='word_1_418' title='bbox 1926 3101 2009 3159; x_wconf 68' lang='lat' dir='ltr'><strong><em>af-</em></strong></span> 
     </span>
    </p>
   </div>
   <div class='ocr_carea' id='block_1_60' title="bbox 518 3189 2007 3258">
    <p class='ocr_par' dir='ltr' id='par_1_60' title="bbox 518 3189 2007 3258">
     <span class='ocr_line' id='line_1_60' title="bbox 518 3189 2007 3258; baseline 0.001 -15"><span class='ocrx_word' id='word_1_419' title='bbox 518 3189 626 3252; x_wconf 89' lang='lat' dir='ltr'><strong><em>lici,</em></strong></span> <span class='ocrx_word' id='word_1_420' title='bbox 688 3204 862 3258; x_wconf 87' lang='lat' dir='ltr'><strong><em>neque</em></strong></span> <span class='ocrx_word' id='word_1_421' title='bbox 915 3189 1018 3245; x_wconf 86' lang='lat' dir='ltr'><strong>sibi</strong></span> <span class='ocrx_word' id='word_1_422' title='bbox 1061 3190 1338 3245; x_wconf 86' lang='lat' dir='ltr'><strong><em>vindicare</em></strong></span> <span class='ocrx_word' id='word_1_423' title='bbox 1385 3191 1646 3245; x_wconf 82' lang='lat' dir='ltr'><strong><em>eximium</em></strong></span> <span class='ocrx_word' id='word_1_424' title='bbox 1706 3190 2007 3244; x_wconf 88' lang='lat' dir='ltr'><strong>honorem:</strong></span> 
     </span>
    </p>
   </div>
   <div class='ocr_carea' id='block_1_61' title="bbox 507 3279 2012 3351">
    <p class='ocr_par' dir='ltr' id='par_1_61' title="bbox 507 3279 2012 3351">
     <span class='ocr_line' id='line_1_61' title="bbox 507 3279 2012 3351; baseline -0.001 -16"><span class='ocrx_word' id='word_1_425' title='bbox 507 3281 645 3350; x_wconf 89' lang='lat' dir='ltr'><strong><em>quin</em></strong></span> <span class='ocrx_word' id='word_1_426' title='bbox 679 3280 863 3351; x_wconf 89' lang='lat' dir='ltr'><strong>potius</strong></span> <span class='ocrx_word' id='word_1_427' title='bbox 898 3279 1059 3335; x_wconf 88' lang='lat' dir='ltr'><strong><em>debet</em></strong></span> <span class='ocrx_word' id='word_1_428' title='bbox 1098 3281 1392 3335; x_wconf 83' lang='lat' dir='ltr'><strong><em>emendare</em></strong></span> <span class='ocrx_word' id='word_1_429' title='bbox 1440 3296 1537 3335; x_wconf 89' lang='lat' dir='ltr'><strong>eos</strong></span> <span class='ocrx_word' id='word_1_430' title='bbox 1580 3281 1676 3350; x_wconf 88' lang='lat' dir='ltr'><strong><em>qui</em></strong></span> <span class='ocrx_word' id='word_1_431' title='bbox 1716 3280 1895 3349; x_wconf 90' lang='lat' dir='ltr'><strong>ipsum</strong></span> <span class='ocrx_word' id='word_1_432' title='bbox 1930 3279 2012 3335; x_wconf 84' lang='lat' dir='ltr'><strong>sic</strong></span> 
     </span>
    </p>
   </div>
   <div class='ocr_carea' id='block_1_62' title="bbox 511 3371 2010 3451">
    <p class='ocr_par' dir='ltr' id='par_1_62' title="bbox 511 3371 2010 3451">
     <span class='ocr_line' id='line_1_62' title="bbox 511 3371 2010 3451; baseline 0.001 -25"><span class='ocrx_word' id='word_1_433' title='bbox 511 3372 565 3427; x_wconf 92' lang='lat' dir='ltr'><strong><em>in</em></strong></span> <span class='ocrx_word' id='word_1_434' title='bbox 595 3371 769 3442; x_wconf 85' lang='lat' dir='ltr'><strong>pretio</strong></span> <span class='ocrx_word' id='word_1_435' title='bbox 799 3371 1019 3435; x_wconf 82' lang='lat' dir='ltr'><strong><em>habent,</em></strong></span> <span class='ocrx_word' id='word_1_436' title='bbox 1056 3383 1149 3451; x_wconf 78' lang='lat' dir='ltr'><strong>aut</strong></span> <span class='ocrx_word' id='word_1_437' title='bbox 1172 3372 1435 3444; x_wconf 82' lang='lat' dir='ltr'><strong><em>majorem</em></strong></span> <span class='ocrx_word' id='word_1_438' title='bbox 1458 3372 1527 3428; x_wconf 82' lang='lat' dir='ltr'><strong><em>de</em></strong></span> <span class='ocrx_word' id='word_1_439' title='bbox 1553 3387 1618 3428; x_wconf 89' lang='lat' dir='ltr'><strong>eo</strong></span> <span class='ocrx_word' id='word_1_440' title='bbox 1650 3372 2010 3443; x_wconf 20' lang='lat' dir='ltr'><strong>existimatio,-</strong></span> 
     </span>
    </p>
   </div>
   <div class='ocr_carea' id='block_1_63' title="bbox 507 3457 1001 3526">
    <p class='ocr_par' dir='ltr' id='par_1_63' title="bbox 507 3457 1001 3526">
     <span class='ocr_line' id='line_1_63' title="bbox 507 3457 1001 3526; baseline -0.002 -13"><span class='ocrx_word' id='word_1_441' title='bbox 507 3473 633 3513; x_wconf 88' lang='lat' dir='ltr'><strong><em>nem</em></strong></span> <span class='ocrx_word' id='word_1_442' title='bbox 658 3457 1001 3526; x_wconf 79' lang='lat' dir='ltr'><strong><em>concipiunt.</em></strong></span> 
     </span>
    </p>
   </div>
   <div class='ocr_carea' id='block_1_64' title="bbox 1139 3570 1391 3641">
    <p class='ocr_par' dir='ltr' id='par_1_64' title="bbox 1139 3570 1391 3641">
     <span class='ocr_line' id='line_1_64' title="bbox 1139 3570 1391 3641; baseline -0.004 -14"><span class='ocrx_word' id='word_1_443' title='bbox 1139 3570 1311 3641; x_wconf 88' lang='lat' dir='ltr'><strong><em>Caput</em></strong></span> <span class='ocrx_word' id='word_1_444' title='bbox 1344 3572 1391 3627; x_wconf 83' lang='grc'><strong><em>1.</em></strong></span> 
     </span>
    </p>
   </div>
   <div class='ocr_carea' id='block_1_65' title="bbox 514 3662 2003 3737">
    <p class='ocr_par' dir='ltr' id='par_1_65' title="bbox 514 3662 2003 3737">
     <span class='ocr_line' id='line_1_65' title="bbox 514 3662 2003 3737; baseline 0.003 -21"><span class='ocrx_word' id='word_1_445' title='bbox 514 3662 579 3716; x_wconf 82' lang='lat' dir='ltr'><strong><em>Et</em></strong></span> <span class='ocrx_word' id='word_1_446' title='bbox 623 3680 758 3727; x_wconf 90' lang='lat' dir='ltr'><strong><em>ecce,</em></strong></span> <span class='ocrx_word' id='word_1_447' title='bbox 790 3679 923 3717; x_wconf 88' lang='lat' dir='ltr'><strong><em>unus</em></strong></span> <span class='ocrx_word' id='word_1_448' title='bbox 962 3662 1210 3717; x_wconf 83' lang='lat' dir='ltr'><strong><em>accedens</em></strong></span> <span class='ocrx_word' id='word_1_449' title='bbox 1250 3665 1326 3718; x_wconf 89' lang='lat' dir='ltr'><strong><em>ait</em></strong></span> <span class='ocrx_word' id='word_1_450' title='bbox 1381 3665 1508 3720; x_wconf 84' lang='lat' dir='ltr'><strong>illi:</strong></span> <span class='ocrx_word' id='word_1_451' title='bbox 1545 3663 1803 3737; x_wconf 83' lang='lat' dir='ltr'><strong><em>Magister</em></strong></span> <span class='ocrx_word' id='word_1_452' title='bbox 1854 3665 2003 3728; x_wconf 81' lang='lat' dir='ltr'><strong><em>bone,</em></strong></span> 
     </span>
    </p>
   </div>
   <div class='ocr_carea' id='block_1_66' title="bbox 438 3752 2006 3825">
    <p class='ocr_par' dir='ltr' id='par_1_66' title="bbox 438 3752 2006 3825">
     <span class='ocr_line' id='line_1_66' title="bbox 438 3752 2006 3825; baseline 0.003 -19"><span class='ocrx_word' id='word_1_453' title='bbox 438 3754 563 3825; x_wconf 89' lang='lat' dir='ltr'><strong><em>quid</em></strong></span> <span class='ocrx_word' id='word_1_454' title='bbox 605 3754 725 3820; x_wconf 85' lang='lat' dir='ltr'><strong><em>boni</em></strong></span> <span class='ocrx_word' id='word_1_455' title='bbox 757 3752 998 3823; x_wconf 80' lang='lat' dir='ltr'><strong><em>faciendo</em></strong></span> <span class='ocrx_word' id='word_1_456' title='bbox 1040 3755 1202 3807; x_wconf 83' lang='lat' dir='ltr'><strong><em>vitam</em></strong></span> <span class='ocrx_word' id='word_1_457' title='bbox 1250 3763 1501 3810; x_wconf 69' lang='lat' dir='ltr'><strong><em>azternam</em></strong></span> <span class='ocrx_word' id='word_1_458' title='bbox 1549 3756 1868 3824; x_wconf 76' lang='lat' dir='ltr'><strong><em>possidebo?</em></strong></span> <span class='ocrx_word' id='word_1_459' title='bbox 1901 3756 2006 3821; x_wconf 88' lang='lat' dir='ltr'><strong><em>Qui</em></strong></span> 
     </span>
    </p>
   </div>
   <div class='ocr_carea' id='block_1_67' title="bbox 439 3844 2006 3917">
    <p class='ocr_par' dir='ltr' id='par_1_67' title="bbox 439 3844 2006 3917">
     <span class='ocr_line' id='line_1_67' title="bbox 439 3844 2006 3917; baseline 0.003 -19"><span class='ocrx_word' id='word_1_460' title='bbox 439 3846 575 3899; x_wconf 70' lang='lat' dir='ltr'><strong><em>dixit</em></strong></span> <span class='ocrx_word' id='word_1_461' title='bbox 604 3847 651 3900; x_wconf 92' lang='lat' dir='ltr'><strong><em>ei</em></strong></span> <span class='ocrx_word' id='word_1_462' title='bbox 679 3862 697 3898; x_wconf 94' lang='lat'><em>:</em></span> <span class='ocrx_word' id='word_1_463' title='bbox 728 3844 867 3910; x_wconf 84' lang='lat' dir='ltr'><strong><em>Quid</em></strong></span> <span class='ocrx_word' id='word_1_464' title='bbox 902 3861 983 3913; x_wconf 80' lang='lat' dir='ltr'><strong><em>me</em></strong></span> <span class='ocrx_word' id='word_1_465' title='bbox 1013 3845 1144 3901; x_wconf 84' lang='lat' dir='ltr'><strong><em>dicis</em></strong></span> <span class='ocrx_word' id='word_1_466' title='bbox 1188 3845 1379 3901; x_wconf 88' lang='lat' dir='ltr'><strong><em>bonum</em></strong></span> <span class='ocrx_word' id='word_1_467' title='bbox 1410 3850 1435 3903; x_wconf 76' lang='lat'><strong><em>1’</em></strong></span> <span class='ocrx_word' id='word_1_468' title='bbox 1480 3847 1649 3903; x_wconf 82' lang='lat' dir='ltr'><strong><em>Nemo</em></strong></span> <span class='ocrx_word' id='word_1_469' title='bbox 1689 3848 1855 3917; x_wconf 86' lang='lat' dir='ltr'><strong><em>bonus</em></strong></span> <span class='ocrx_word' id='word_1_470' title='bbox 1902 3848 2006 3902; x_wconf 87' lang='lat' dir='ltr'><strong><em>nisi</em></strong></span> 
     </span>
    </p>
   </div>
   <div class='ocr_carea' id='block_1_68' title="bbox 438 3934 2002 4007">
    <p class='ocr_par' dir='ltr' id='par_1_68' title="bbox 438 3934 2002 4007">
     <span class='ocr_line' id='line_1_68' title="bbox 438 3934 2002 4007; baseline 0.003 -18"><span class='ocrx_word' id='word_1_471' title='bbox 438 3952 578 4003; x_wconf 83' lang='lat' dir='ltr'><strong><em>unus</em></strong></span> <span class='ocrx_word' id='word_1_472' title='bbox 606 3936 746 3990; x_wconf 86' lang='lat' dir='ltr'><strong><em>Deus</em></strong></span> <span class='ocrx_word' id='word_1_473' title='bbox 779 3934 995 4007; x_wconf 78' lang='lat' dir='ltr'><strong><em>(Matth.</em></strong></span> <span class='ocrx_word' id='word_1_474' title='bbox 1028 3951 1143 4002; x_wconf 71' lang='grc' dir='ltr'><em>ιιι,</em></span> <span class='ocrx_word' id='word_1_475' title='bbox 1187 3937 1276 4002; x_wconf 80' lang='grc'><strong><em>16,</em></strong></span> <span class='ocrx_word' id='word_1_476' title='bbox 1311 3939 1489 4005; x_wconf 85' lang='grc'><em>17)....</em></span> <span class='ocrx_word' id='word_1_477' title='bbox 1535 3937 1776 3994; x_wconf 84' lang='lat' dir='ltr'><strong><em>Gloriam</em></strong></span> <span class='ocrx_word' id='word_1_478' title='bbox 1808 3941 1872 3994; x_wconf 92' lang='lat' dir='ltr'><strong><em>ab</em></strong></span> <span class='ocrx_word' id='word_1_479' title='bbox 1905 3940 2002 3994; x_wconf 88' lang='lat' dir='ltr'><strong><em>ho-</em></strong></span> 
     </span>
    </p>
   </div>
   <div class='ocr_carea' id='block_1_69' title="bbox 438 4024 2003 4101">
    <p class='ocr_par' dir='ltr' id='par_1_69' title="bbox 438 4024 2003 4101">
     <span class='ocr_line' id='line_1_69' title="bbox 438 4024 2003 4101; baseline 0.003 -22"><span class='ocrx_word' id='word_1_480' title='bbox 438 4025 666 4093; x_wconf 81' lang='lat' dir='ltr'><strong><em>minibus</em></strong></span> <span class='ocrx_word' id='word_1_481' title='bbox 696 4042 797 4079; x_wconf 90' lang='lat' dir='ltr'><strong><em>non</em></strong></span> <span class='ocrx_word' id='word_1_482' title='bbox 820 4026 1016 4094; x_wconf 86' lang='lat' dir='ltr'><strong><em>accipio</em></strong></span> <span class='ocrx_word' id='word_1_483' title='bbox 1047 4024 1233 4098; x_wconf 79' lang='lat' dir='ltr'><strong><em>(Joan.</em></strong></span> <span class='ocrx_word' id='word_1_484' title='bbox 1266 4044 1317 4089; x_wconf 83' lang='grc' dir='ltr'><strong><em>ν,</em></strong></span> <span class='ocrx_word' id='word_1_485' title='bbox 1357 4029 1469 4101; x_wconf 73' lang='grc'><strong><em>41).</em></strong></span> <span class='ocrx_word' id='word_1_486' title='bbox 1517 4028 1583 4084; x_wconf 84' lang='grc' dir='ltr'><em>Ει</em></span> <span class='ocrx_word' id='word_1_487' title='bbox 1609 4031 1800 4100; x_wconf 86' lang='lat' dir='ltr'><strong>paucis</strong></span> <span class='ocrx_word' id='word_1_488' title='bbox 1833 4032 2003 4085; x_wconf 89' lang='lat' dir='ltr'><strong>inter-</strong></span> 
     </span>
    </p>
   </div>
   <div class='ocr_carea' id='block_1_70' title="bbox 438 4117 2002 4194">
    <p class='ocr_par' dir='ltr' id='par_1_70' title="bbox 438 4117 2002 4194">
     <span class='ocr_line' id='line_1_70' title="bbox 438 4117 2002 4194; baseline 0.003 -24"><span class='ocrx_word' id='word_1_489' title='bbox 438 4117 634 4185; x_wconf 79' lang='lat' dir='ltr'><strong>iectis:</strong></span> <span class='ocrx_word' id='word_1_490' title='bbox 674 4117 947 4183; x_wconf 88' lang='lat' dir='ltr'><strong><em>Quomodo</em></strong></span> <span class='ocrx_word' id='word_1_491' title='bbox 978 4134 1063 4171; x_wconf 86' lang='lat' dir='ltr'><strong><em>vos</em></strong></span> <span class='ocrx_word' id='word_1_492' title='bbox 1104 4120 1319 4194; x_wconf 84' lang='lat' dir='ltr'><strong><em>potestis</em></strong></span> <span class='ocrx_word' id='word_1_493' title='bbox 1364 4119 1602 4184; x_wconf 83' lang='lat' dir='ltr'><strong><em>credere,</em></strong></span> <span class='ocrx_word' id='word_1_494' title='bbox 1637 4122 1727 4191; x_wconf 89' lang='lat' dir='ltr'><strong><em>qui</em></strong></span> <span class='ocrx_word' id='word_1_495' title='bbox 1772 4122 2002 4192; x_wconf 86' lang='lat' dir='ltr'><strong><em>gloriam</em></strong></span> 
     </span>
    </p>
   </div>
   <div class='ocr_carea' id='block_1_71' title="bbox 437 4206 2000 4281">
    <p class='ocr_par' dir='ltr' id='par_1_71' title="bbox 437 4206 2000 4281">
     <span class='ocr_line' id='line_1_71' title="bbox 437 4206 2000 4281; baseline 0.005 -21"><span class='ocrx_word' id='word_1_496' title='bbox 437 4206 604 4276; x_wconf 78' lang='lat'><strong><em>280</em></strong></span> <span class='ocrx_word' id='word_1_497' title='bbox 630 4206 694 4266; x_wconf 86' lang='lat' dir='ltr'><strong><em>ab</em></strong></span> <span class='ocrx_word' id='word_1_498' title='bbox 748 4208 965 4276; x_wconf 73' lang='lat' dir='ltr'><strong><em>invicem</em></strong></span> <span class='ocrx_word' id='word_1_499' title='bbox 1016 4208 1274 4278; x_wconf 84' lang='lat' dir='ltr'><strong><em>accipitis,</em></strong></span> <span class='ocrx_word' id='word_1_500' title='bbox 1315 4219 1366 4264; x_wconf 88' lang='lat' dir='ltr'><strong><em>et</em></strong></span> <span class='ocrx_word' id='word_1_501' title='bbox 1395 4211 1627 4281; x_wconf 84' lang='lat' dir='ltr'><strong><em>gloriam</em></strong></span> <span class='ocrx_word' id='word_1_502' title='bbox 1672 4228 1788 4281; x_wconf 82' lang='lat' dir='ltr'><strong><em>qua:</em></strong></span> <span class='ocrx_word' id='word_1_503' title='bbox 1823 4231 1855 4267; x_wconf 91' lang='lat' dir='ltr'><strong><em>a</em></strong></span> <span class='ocrx_word' id='word_1_504' title='bbox 1885 4216 2000 4268; x_wconf 89' lang='lat' dir='ltr'><strong>solo</strong></span> 
     </span>
    </p>
   </div>
   <div class='ocr_carea' id='block_1_72' title="bbox 436 4296 1998 4369">
    <p class='ocr_par' dir='ltr' id='par_1_72' title="bbox 436 4296 1998 4369">
     <span class='ocr_line' id='line_1_72' title="bbox 436 4296 1998 4369; baseline 0.005 -20"><span class='ocrx_word' id='word_1_505' title='bbox 436 4296 548 4350; x_wconf 81' lang='lat' dir='ltr'><strong><em>Deo</em></strong></span> <span class='ocrx_word' id='word_1_506' title='bbox 570 4304 668 4365; x_wconf 88' lang='lat' dir='ltr'><strong><em>est,</em></strong></span> <span class='ocrx_word' id='word_1_507' title='bbox 700 4313 804 4350; x_wconf 80' lang='lat' dir='ltr'><strong><em>non</em></strong></span> <span class='ocrx_word' id='word_1_508' title='bbox 827 4297 1066 4367; x_wconf 74' lang='lat' dir='ltr'><strong><em>qureritis</em></strong></span> <span class='ocrx_word' id='word_1_509' title='bbox 1086 4300 1112 4354; x_wconf 65' lang='grc' dir='ltr'><em>ἲ</em></span> <span class='ocrx_word' id='word_1_510' title='bbox 1142 4297 1308 4369; x_wconf 90' lang='lat' dir='ltr'><strong><em>(Ibid.</em></strong></span> <span class='ocrx_word' id='word_1_511' title='bbox 1342 4300 1523 4369; x_wconf 60' lang='lat'><strong><em>44)....</em></strong></span> <span class='ocrx_word' id='word_1_512' title='bbox 1562 4301 1654 4356; x_wconf 73' lang='lat' dir='ltr'><strong><em>Va:</em></strong></span> <span class='ocrx_word' id='word_1_513' title='bbox 1682 4302 1824 4356; x_wconf 84' lang='lat' dir='ltr'><strong>vobis</strong></span> <span class='ocrx_word' id='word_1_514' title='bbox 1854 4302 1998 4357; x_wconf 90' lang='lat' dir='ltr'><strong><em>Pha-</em></strong></span> 
     </span>
    </p>
   </div>
   <div class='ocr_carea' id='block_1_73' title="bbox 2735 2998 3041 3053">
    <p class='ocr_par' dir='ltr' id='par_1_73' title="bbox 2735 2998 3041 3053">
     <span class='ocr_line' id='line_1_73' title="bbox 2735 2998 3041 3053; baseline 0 0"><span class='ocrx_word' id='word_1_515' title='bbox 2735 3001 2910 3053; x_wconf 82' lang='grc' dir='ltr'><strong><em>ΟΡΟΣ</em></strong></span> <span class='ocrx_word' id='word_1_516' title='bbox 2936 2998 3041 3053; x_wconf 80' lang='grc' dir='ltr'><strong><em>ΝΘ⁹</em></strong></span> 
     </span>
    </p>
   </div>
   <div class='ocr_carea' id='block_1_74' title="bbox 2117 3073 3703 3162">
    <p class='ocr_par' dir='ltr' id='par_1_74' title="bbox 2117 3073 3703 3162">
     <span class='ocr_line' id='line_1_74' title="bbox 2117 3073 3703 3162; baseline -0.007 -12"><span class='ocrx_word' id='word_1_517' title='bbox 2117 3097 2241 3151; x_wconf 81' lang='grc' dir='ltr'><em>’Ότι</em></span> <span class='ocrx_word' id='word_1_518' title='bbox 2274 3096 2334 3148; x_wconf 89' lang='grc' dir='ltr'>οὐ</span> <span class='ocrx_word' id='word_1_519' title='bbox 2375 3093 2458 3147; x_wconf 80' lang='grc' dir='ltr'><em>δεῖ</em></span> <span class='ocrx_word' id='word_1_520' title='bbox 2484 3091 2578 3145; x_wconf 83' lang='grc' dir='ltr'><strong><em>τὸν</em></strong></span> <span class='ocrx_word' id='word_1_521' title='bbox 2604 3073 2926 3162; x_wconf 83' lang='grc' dir='ltr'><em>Χριστιανὸν</em></span> <span class='ocrx_word' id='word_1_522' title='bbox 2959 3089 3329 3161; x_wconf 82' lang='grc' dir='ltr'><em>προσπάσχειν</em></span> <span class='ocrx_word' id='word_1_523' title='bbox 3349 3088 3415 3157; x_wconf 77' lang='grc' dir='ltr'><em>τῇ</em></span> <span class='ocrx_word' id='word_1_524' title='bbox 3441 3085 3551 3140; x_wconf 79' lang='grc' dir='ltr'><strong><em>ἀπὸ</em></strong></span> <span class='ocrx_word' id='word_1_525' title='bbox 3583 3087 3703 3139; x_wconf 78' lang='grc' dir='ltr'><em>τῶν</em></span> 
     </span>
    </p>
   </div>
   <div class='ocr_carea' id='block_1_75' title="bbox 2181 3179 3705 3257">
    <p class='ocr_par' dir='ltr' id='par_1_75' title="bbox 2181 3179 3705 3257">
     <span class='ocr_line' id='line_1_75' title="bbox 2181 3179 3705 3257; baseline -0.009 -16"><span class='ocrx_word' id='word_1_526' title='bbox 2181 3184 2484 3257; x_wconf 72' lang='grc' dir='ltr'><strong><em>ἀνθρώπιον</em></strong></span> <span class='ocrx_word' id='word_1_527' title='bbox 2512 3182 2663 3254; x_wconf 82' lang='grc' dir='ltr'><em>δόξῃ,</em></span> <span class='ocrx_word' id='word_1_528' title='bbox 2699 3181 2822 3236; x_wconf 79' lang='grc' dir='ltr'><em>οὔτε</em></span> <span class='ocrx_word' id='word_1_529' title='bbox 2863 3180 3181 3252; x_wconf 84' lang='grc' dir='ltr'><em>ἀντέχεσθαι</em></span> <span class='ocrx_word' id='word_1_530' title='bbox 3222 3179 3386 3250; x_wconf 78' lang='grc' dir='ltr'><em>τιμῆς</em></span> <span class='ocrx_word' id='word_1_531' title='bbox 3418 3179 3705 3249; x_wconf 74' lang='grc' dir='ltr'><em>ὑπερϐαλ-</em></span> 
     </span>
    </p>
   </div>
   <div class='ocr_carea' id='block_1_76' title="bbox 2179 3269 3701 3347">
    <p class='ocr_par' dir='ltr' id='par_1_76' title="bbox 2179 3269 3701 3347">
     <span class='ocr_line' id='line_1_76' title="bbox 2179 3269 3701 3347; baseline -0.007 -16"><span class='ocrx_word' id='word_1_532' title='bbox 2179 3277 2397 3347; x_wconf 84' lang='grc' dir='ltr'><strong><em>λούσης,</em></strong></span> <span class='ocrx_word' id='word_1_533' title='bbox 2420 3273 2556 3328; x_wconf 57' lang='lat' dir='ltr'><strong><em>me</em></strong></span> <span class='ocrx_word' id='word_1_534' title='bbox 2581 3275 2677 3327; x_wconf 73' lang='grc' dir='ltr'><em>καὶ</em></span> <span class='ocrx_word' id='word_1_535' title='bbox 2694 3271 3034 3344; x_wconf 81' lang='grc' dir='ltr'><em>διορθοῦσθαι</em></span> <span class='ocrx_word' id='word_1_536' title='bbox 3067 3272 3193 3334; x_wconf 81' lang='grc' dir='ltr'><em>τοὺς</em></span> <span class='ocrx_word' id='word_1_537' title='bbox 3218 3269 3359 3344; x_wconf 70' lang='grc' dir='ltr'><em>οὕτω</em></span> <span class='ocrx_word' id='word_1_538' title='bbox 3390 3269 3701 3340; x_wconf 80' lang='grc' dir='ltr'><em>τιμῶντας,</em></span> 
     </span>
    </p>
   </div>
   <div class='ocr_carea' id='block_1_77' title="bbox 2181 3360 3125 3439">
    <p class='ocr_par' dir='ltr' id='par_1_77' title="bbox 2181 3360 3125 3439">
     <span class='ocr_line' id='line_1_77' title="bbox 2181 3360 3125 3439; baseline -0.007 -17"><span class='ocrx_word' id='word_1_539' title='bbox 2181 3369 2214 3439; x_wconf 77' lang='grc' dir='ltr'><strong>ἢ</strong></span> <span class='ocrx_word' id='word_1_540' title='bbox 2248 3366 2407 3422; x_wconf 81' lang='grc' dir='ltr'><em>πλέον</em></span> <span class='ocrx_word' id='word_1_541' title='bbox 2440 3364 2569 3437; x_wconf 72' lang='grc' dir='ltr'><em>περὶ</em></span> <span class='ocrx_word' id='word_1_542' title='bbox 2591 3362 2756 3419; x_wconf 79' lang='grc' dir='ltr'><em>αὑτοῦ</em></span> <span class='ocrx_word' id='word_1_543' title='bbox 2777 3360 3125 3435; x_wconf 83' lang='grc' dir='ltr'><em>φρονοῦντας.</em></span> 
     </span>
    </p>
   </div>
   <div class='ocr_carea' id='block_1_78' title="bbox 2732 3580 3070 3652">
    <p class='ocr_par' dir='ltr' id='par_1_78' title="bbox 2732 3580 3070 3652">
     <span class='ocr_line' id='line_1_78' title="bbox 2732 3580 3070 3652; baseline -0.006 -15"><span class='ocrx_word' id='word_1_544' title='bbox 2732 3580 2959 3652; x_wconf 70' lang='grc' dir='ltr'><em>Κεφὰλ.</em></span> <span class='ocrx_word' id='word_1_545' title='bbox 2999 3589 3070 3635; x_wconf 87' lang='grc' dir='ltr'><em>α’.</em></span> 
     </span>
    </p>
   </div>
   <div class='ocr_carea' id='block_1_79' title="bbox 2177 3665 3709 3749">
    <p class='ocr_par' dir='ltr' id='par_1_79' title="bbox 2177 3665 3709 3749">
     <span class='ocr_line' id='line_1_79' title="bbox 2177 3665 3709 3749; baseline -0.003 -22"><span class='ocrx_word' id='word_1_546' title='bbox 2177 3670 2546 3727; x_wconf 76' lang='grc' dir='ltr'><strong><em>ΜΑΤΘΑΙΟΣ.</em></strong></span> <span class='ocrx_word' id='word_1_547' title='bbox 2578 3670 2689 3725; x_wconf 81' lang='grc' dir='ltr'><strong><em>Καὶ</em></strong></span> <span class='ocrx_word' id='word_1_548' title='bbox 2717 3670 2867 3749; x_wconf 72' lang='grc' dir='ltr'><em>ἰδοὺ,</em></span> <span class='ocrx_word' id='word_1_549' title='bbox 2893 3665 2981 3737; x_wconf 85' lang='grc' dir='ltr'><em>εἷς</em></span> <span class='ocrx_word' id='word_1_550' title='bbox 3016 3671 3367 3739; x_wconf 70' lang='grc' dir='ltr'><em>προσελθὼν</em></span> <span class='ocrx_word' id='word_1_551' title='bbox 3385 3665 3552 3725; x_wconf 73' lang='grc' dir='ltr'><em>εἶπεν</em></span> <span class='ocrx_word' id='word_1_552' title='bbox 3584 3671 3709 3723; x_wconf 54' lang='lat' dir='ltr'><strong><em>ait.</em></strong></span> 
     </span>
    </p>
   </div>
   <div class='ocr_carea' id='block_1_80' title="bbox 2105 3760 3704 3835">
    <p class='ocr_par' dir='ltr' id='par_1_80' title="bbox 2105 3760 3704 3835">
     <span class='ocr_line' id='line_1_80' title="bbox 2105 3760 3704 3835; baseline -0.001 -18"><span class='ocrx_word' id='word_1_553' title='bbox 2105 3764 2185 3832; x_wconf 86' lang='grc' dir='ltr'><em>τῷ</em></span> <span class='ocrx_word' id='word_1_554' title='bbox 2204 3782 2217 3796; x_wconf 80' lang='grc'><em>’</em></span> <span class='ocrx_word' id='word_1_555' title='bbox 2266 3764 2603 3821; x_wconf 79' lang='grc' dir='ltr'><em>Διδάσκαλε</em></span> <span class='ocrx_word' id='word_1_556' title='bbox 2637 3763 2840 3835; x_wconf 65' lang='grc' dir='ltr'><em>ἀγαθὲ,</em></span> <span class='ocrx_word' id='word_1_557' title='bbox 2884 3764 2941 3817; x_wconf 82' lang='grc' dir='ltr'><strong><em>τι</em></strong></span> <span class='ocrx_word' id='word_1_558' title='bbox 2985 3763 3213 3833; x_wconf 78' lang='grc' dir='ltr'><em>ἀγαθὸν</em></span> <span class='ocrx_word' id='word_1_559' title='bbox 3247 3762 3511 3830; x_wconf 81' lang='grc' dir='ltr'><em>ποιήσας</em></span> <span class='ocrx_word' id='word_1_560' title='bbox 3534 3760 3704 3829; x_wconf 75' lang='grc' dir='ltr'><em>ζωὴν</em></span> 
     </span>
    </p>
   </div>
   <div class='ocr_carea' id='block_1_81' title="bbox 2105 3850 3700 3926">
    <p class='ocr_par' dir='ltr' id='par_1_81' title="bbox 2105 3850 3700 3926">
     <span class='ocr_line' id='line_1_81' title="bbox 2105 3850 3700 3926; baseline -0.002 -16"><span class='ocrx_word' id='word_1_561' title='bbox 2105 3856 2346 3910; x_wconf 75' lang='grc' dir='ltr'><em>αἰώνιον</em></span> <span class='ocrx_word' id='word_1_562' title='bbox 2384 3854 2858 3926; x_wconf 56' lang='lat' dir='ltr'><strong><em>ximam-omium;</em></strong></span> <span class='ocrx_word' id='word_1_563' title='bbox 2898 3855 2964 3908; x_wconf 91' lang='lat'><strong><em>&#39;0</em></strong></span> <span class='ocrx_word' id='word_1_564' title='bbox 3009 3853 3078 3908; x_wconf 86' lang='grc' dir='ltr'><em>δὲ</em></span> <span class='ocrx_word' id='word_1_565' title='bbox 3120 3850 3291 3908; x_wconf 82' lang='grc' dir='ltr'><em>εἶπεν</em></span> <span class='ocrx_word' id='word_1_566' title='bbox 3327 3853 3489 3919; x_wconf 77' lang='grc' dir='ltr'><em>αὐτῷ</em></span> <span class='ocrx_word' id='word_1_567' title='bbox 3533 3853 3661 3923; x_wconf 74' lang='lat'><strong><em>(59&#39;;</em></strong></span> <span class='ocrx_word' id='word_1_568' title='bbox 3684 3869 3700 3881; x_wconf 80' lang='lat'>&#39;</span> 
     </span>
    </p>
   </div>
   <div class='ocr_carea' id='block_1_82' title="bbox 2109 3940 3707 4017">
    <p class='ocr_par' dir='ltr' id='par_1_82' title="bbox 2109 3940 3707 4017">
     <span class='ocr_line' id='line_1_82' title="bbox 2109 3940 3707 4017; baseline -0.001 -17"><span class='ocrx_word' id='word_1_569' title='bbox 2109 3949 2172 4000; x_wconf 84' lang='grc' dir='ltr'><strong><em>Τί</em></strong></span> <span class='ocrx_word' id='word_1_570' title='bbox 2204 3964 2281 4017; x_wconf 88' lang='grc' dir='ltr'><strong><em>με</em></strong></span> <span class='ocrx_word' id='word_1_571' title='bbox 2310 3946 2510 4014; x_wconf 72' lang='grc' dir='ltr'><em>λέγεις</em></span> <span class='ocrx_word' id='word_1_572' title='bbox 2541 3947 2797 4016; x_wconf 56' lang='lat' dir='ltr'><strong><em>drawn;</em></strong></span> <span class='ocrx_word' id='word_1_573' title='bbox 2827 3943 3035 4011; x_wconf 80' lang='grc' dir='ltr'><em>Οὐδεὶς</em></span> <span class='ocrx_word' id='word_1_574' title='bbox 3072 3945 3291 4014; x_wconf 78' lang='grc' dir='ltr'><em>ἀγαθὸς</em></span> <span class='ocrx_word' id='word_1_575' title='bbox 3336 3946 3389 3998; x_wconf 79' lang='lat' dir='ltr'><strong><em>el</em></strong></span> <span class='ocrx_word' id='word_1_576' title='bbox 3424 3943 3511 4013; x_wconf 82' lang='grc' dir='ltr'><em>μὴ</em></span> <span class='ocrx_word' id='word_1_577' title='bbox 3538 3940 3641 4010; x_wconf 64' lang='grc' dir='ltr'><strong><em>εδς</em></strong></span> <span class='ocrx_word' id='word_1_578' title='bbox 3668 3948 3707 3998; x_wconf 86' lang='grc' dir='ltr'><em>ό</em></span> 
     </span>
    </p>
   </div>
   <div class='ocr_carea' id='block_1_83' title="bbox 2106 4035 3708 4105">
    <p class='ocr_par' dir='ltr' id='par_1_83' title="bbox 2106 4035 3708 4105">
     <span class='ocr_line' id='line_1_83' title="bbox 2106 4035 3708 4105; baseline -0.002 -14"><span class='ocrx_word' id='word_1_579' title='bbox 2106 4038 2270 4104; x_wconf 86' lang='grc' dir='ltr'><em>Θεός.</em></span> <span class='ocrx_word' id='word_1_580' title='bbox 2306 4037 2629 4089; x_wconf 81' lang='grc' dir='ltr'><strong><em>ΙΩΛΝΝΗΣ.</em></strong></span> <span class='ocrx_word' id='word_1_581' title='bbox 2654 4036 2848 4101; x_wconf 82' lang='grc' dir='ltr'><em>Δόξαν</em></span> <span class='ocrx_word' id='word_1_582' title='bbox 2875 4035 3035 4104; x_wconf 82' lang='grc' dir='ltr'><em>παρὰ</em></span> <span class='ocrx_word' id='word_1_583' title='bbox 3069 4035 3394 4104; x_wconf 82' lang='grc' dir='ltr'><em>ἀνθρώπων</em></span> <span class='ocrx_word' id='word_1_584' title='bbox 3421 4037 3496 4089; x_wconf 86' lang='grc' dir='ltr'><em>οὺ</em></span> <span class='ocrx_word' id='word_1_585' title='bbox 3536 4039 3708 4105; x_wconf 73' lang='grc' dir='ltr'><em>λαμ-</em></span> 
     </span>
    </p>
   </div>
   <div class='ocr_carea' id='block_1_84' title="bbox 2104 4125 3707 4198">
    <p class='ocr_par' dir='ltr' id='par_1_84' title="bbox 2104 4125 3707 4198">
     <span class='ocr_line' id='line_1_84' title="bbox 2104 4125 3707 4198; baseline 0.001 -17"><span class='ocrx_word' id='word_1_586' title='bbox 2104 4126 2280 4182; x_wconf 74' lang='grc' dir='ltr'><em>ϐάνω.</em></span> <span class='ocrx_word' id='word_1_587' title='bbox 2304 4128 2415 4181; x_wconf 73' lang='grc' dir='ltr'><strong><em>Καὶ</em></strong></span> <span class='ocrx_word' id='word_1_588' title='bbox 2445 4128 2561 4198; x_wconf 84' lang='grc' dir='ltr'><em>μετ’</em></span> <span class='ocrx_word' id='word_1_589' title='bbox 2583 4126 2740 4197; x_wconf 82' lang='grc' dir='ltr'><em>ὀλίγα</em></span> <span class='ocrx_word' id='word_1_590' title='bbox 2758 4143 2771 4157; x_wconf 77' lang='grc' dir='ltr'><strong>ο</strong></span> <span class='ocrx_word' id='word_1_591' title='bbox 2808 4125 2940 4193; x_wconf 85' lang='grc' dir='ltr'><em>Πῶς</em></span> <span class='ocrx_word' id='word_1_592' title='bbox 2967 4127 3233 4182; x_wconf 78' lang='grc' dir='ltr'><em>δύνασθε</em></span> <span class='ocrx_word' id='word_1_593' title='bbox 3254 4126 3417 4196; x_wconf 80' lang='grc' dir='ltr'><strong><em>ὑμεῖς</em></strong></span> <span class='ocrx_word' id='word_1_594' title='bbox 3442 4128 3707 4182; x_wconf 79' lang='grc' dir='ltr'><em>πιστεῦ-</em></span> 
     </span>
    </p>
   </div>
   <div class='ocr_carea' id='block_1_85' title="bbox 2104 4217 3707 4287">
    <p class='ocr_par' dir='ltr' id='par_1_85' title="bbox 2104 4217 3707 4287">
     <span class='ocr_line' id='line_1_85' title="bbox 2104 4217 3707 4287; baseline -0.002 -13"><span class='ocrx_word' id='word_1_595' title='bbox 2104 4237 2230 4286; x_wconf 89' lang='grc' dir='ltr'><em>σαι,</em></span> <span class='ocrx_word' id='word_1_596' title='bbox 2264 4220 2454 4285; x_wconf 81' lang='grc' dir='ltr'><em>δόξαν</em></span> <span class='ocrx_word' id='word_1_597' title='bbox 2480 4220 2617 4287; x_wconf 85' lang='grc' dir='ltr'><em>παρ’</em></span> <span class='ocrx_word' id='word_1_598' title='bbox 2654 4217 2944 4285; x_wconf 78' lang='grc' dir='ltr'><em>ἀλλήλων</em></span> <span class='ocrx_word' id='word_1_599' title='bbox 2976 4217 3405 4287; x_wconf 72' lang='grc' dir='ltr'><em>λαμϐάνοντες,</em></span> <span class='ocrx_word' id='word_1_600' title='bbox 3442 4217 3541 4271; x_wconf 75' lang='grc' dir='ltr'><em>καὶ</em></span> <span class='ocrx_word' id='word_1_601' title='bbox 3567 4218 3707 4287; x_wconf 66' lang='grc' dir='ltr'><em>τὴν</em></span> 
     </span>
    </p>
   </div>
   <div class='ocr_carea' id='block_1_86' title="bbox 2105 4307 3706 4380">
    <p class='ocr_par' dir='ltr' id='par_1_86' title="bbox 2105 4307 3706 4380">
     <span class='ocr_line' id='line_1_86' title="bbox 2105 4307 3706 4380; baseline -0.001 -15"><span class='ocrx_word' id='word_1_602' title='bbox 2105 4311 2293 4376; x_wconf 79' lang='grc' dir='ltr'><em>δόξαν</em></span> <span class='ocrx_word' id='word_1_603' title='bbox 2320 4311 2435 4380; x_wconf 79' lang='grc' dir='ltr'><em>τὴν</em></span> <span class='ocrx_word' id='word_1_604' title='bbox 2467 4308 2627 4379; x_wconf 84' lang='grc' dir='ltr'><em>παρὰ</em></span> <span class='ocrx_word' id='word_1_605' title='bbox 2665 4310 2772 4364; x_wconf 89' lang='grc' dir='ltr'><strong><em>τοῦ</em></strong></span> <span class='ocrx_word' id='word_1_606' title='bbox 2808 4310 2997 4378; x_wconf 81' lang='grc' dir='ltr'><em>μόνου</em></span> <span class='ocrx_word' id='word_1_607' title='bbox 3033 4309 3180 4363; x_wconf 86' lang='grc' dir='ltr'><em>Θεοῦ</em></span> <span class='ocrx_word' id='word_1_608' title='bbox 3215 4310 3288 4364; x_wconf 86' lang='grc' dir='ltr'><em>οὐ</em></span> <span class='ocrx_word' id='word_1_609' title='bbox 3332 4307 3662 4377; x_wconf 70' lang='grc' dir='ltr'><em>ζητοῦντες</em></span> <span class='ocrx_word' id='word_1_610' title='bbox 3682 4327 3706 4375; x_wconf 86' lang='lat'><em>;</em></span> 
     </span>
    </p>
   </div>
   <div class='ocr_carea' id='block_1_87' title="bbox 435 4388 2006 4471">
    <p class='ocr_par' dir='ltr' id='par_1_87' title="bbox 435 4388 2001 4465">
     <span class='ocr_line' id='line_1_87' title="bbox 435 4388 2001 4465; baseline 0.006 -24"><span class='ocrx_word' id='word_1_611' title='bbox 435 4390 632 4453; x_wconf 85' lang='lat' dir='ltr'><strong><em>risa:is,</em></strong></span> <span class='ocrx_word' id='word_1_612' title='bbox 681 4389 805 4459; x_wconf 84' lang='lat' dir='ltr'><strong><em>quia</em></strong></span> <span class='ocrx_word' id='word_1_613' title='bbox 834 4388 1055 4461; x_wconf 73' lang='lat' dir='ltr'><strong>diligitis</strong></span> <span class='ocrx_word' id='word_1_614' title='bbox 1087 4390 1289 4458; x_wconf 90' lang='lat' dir='ltr'><strong><em>primas</em></strong></span> <span class='ocrx_word' id='word_1_615' title='bbox 1314 4392 1591 4449; x_wconf 88' lang='lat' dir='ltr'><strong><em>cathedras</em></strong></span> <span class='ocrx_word' id='word_1_616' title='bbox 1620 4394 1675 4447; x_wconf 87' lang='lat' dir='ltr'><strong><em>in</em></strong></span> <span class='ocrx_word' id='word_1_617' title='bbox 1701 4397 2001 4465; x_wconf 79' lang='lat' dir='ltr'><strong><em>synagogis,</em></strong></span> 
     </span>
    </p>
   </div>
   <div class='ocr_carea' id='block_1_88' title="bbox 2120 4388 3706 4471">
    <p class='ocr_par' dir='ltr' id='par_1_88' title="bbox 2120 4400 3706 4471">
     <span class='ocr_line' id='line_1_88' title="bbox 2120 4400 3706 4471; baseline -0.001 -14"><span class='ocrx_word' id='word_1_618' title='bbox 2120 4403 2405 4457; x_wconf 74' lang='grc' dir='ltr'><strong><em>ΛΟΥΚΑΣ.</em></strong></span> <span class='ocrx_word' id='word_1_619' title='bbox 2433 4403 2578 4456; x_wconf 80' lang='grc' dir='ltr'><em>Οὐαὶ</em></span> <span class='ocrx_word' id='word_1_620' title='bbox 2601 4401 2744 4471; x_wconf 81' lang='grc' dir='ltr'><em>ὑμῖν</em></span> <span class='ocrx_word' id='word_1_621' title='bbox 2766 4400 2892 4468; x_wconf 84' lang='grc' dir='ltr'><em>τοῖς</em></span> <span class='ocrx_word' id='word_1_622' title='bbox 2915 4402 3277 4469; x_wconf 80' lang='grc' dir='ltr'><em>Φαρισαίοις,</em></span> <span class='ocrx_word' id='word_1_623' title='bbox 3302 4401 3391 4455; x_wconf 84' lang='grc' dir='ltr'><em>ὅτι</em></span> <span class='ocrx_word' id='word_1_624' title='bbox 3415 4400 3706 4470; x_wconf 72' lang='grc' dir='ltr'><em>ἀγαπᾶτε</em></span> 
     </span>
    </p>
   </div>
   <div class='ocr_carea' id='block_1_89' title="bbox 435 4480 2004 4556">
    <p class='ocr_par' dir='ltr' id='par_1_89' title="bbox 435 4480 2004 4556">
     <span class='ocr_line' id='line_1_89' title="bbox 435 4480 2004 4556; baseline 0.006 -23"><span class='ocrx_word' id='word_1_625' title='bbox 435 4489 484 4543; x_wconf 86' lang='lat' dir='ltr'><strong><em>et</em></strong></span> <span class='ocrx_word' id='word_1_626' title='bbox 521 4480 870 4536; x_wconf 88' lang='lat' dir='ltr'><strong><em>salutationes</em></strong></span> <span class='ocrx_word' id='word_1_627' title='bbox 901 4481 958 4533; x_wconf 89' lang='lat' dir='ltr'><strong><em>in</em></strong></span> <span class='ocrx_word' id='word_1_628' title='bbox 987 4480 1119 4550; x_wconf 79' lang='lat' dir='ltr'><strong><em>[aris</em></strong></span> <span class='ocrx_word' id='word_1_629' title='bbox 1145 4481 1295 4553; x_wconf 87' lang='lat' dir='ltr'><strong><em>(Luc.</em></strong></span> <span class='ocrx_word' id='word_1_630' title='bbox 1319 4499 1394 4552; x_wconf 69' lang='grc' dir='ltr'><strong><em>χι,</em></strong></span> <span class='ocrx_word' id='word_1_631' title='bbox 1421 4485 1604 4556; x_wconf 68' lang='grc'><em>45)....</em></span> <span class='ocrx_word' id='word_1_632' title='bbox 1659 4484 1840 4556; x_wconf 86' lang='lat' dir='ltr'><strong><em>Neque</em></strong></span> <span class='ocrx_word' id='word_1_633' title='bbox 1864 4489 2004 4542; x_wconf 89' lang='lat' dir='ltr'><strong><em>enim</em></strong></span> 
     </span>
    </p>
   </div>
   <div class='ocr_carea' id='block_1_90' title="bbox 435 4573 2006 4657">
    <p class='ocr_par' dir='ltr' id='par_1_90' title="bbox 435 4573 2006 4657">
     <span class='ocr_line' id='line_1_90' title="bbox 435 4573 2006 4657; baseline 0.005 -32"><span class='ocrx_word' id='word_1_634' title='bbox 435 4573 722 4644; x_wconf 86' lang='lat' dir='ltr'><strong><em>aliquando</em></strong></span> <span class='ocrx_word' id='word_1_635' title='bbox 747 4574 944 4643; x_wconf 79' lang='lat' dir='ltr'><strong><em>fuimus</em></strong></span> <span class='ocrx_word' id='word_1_636' title='bbox 1000 4575 1061 4657; x_wconf 70' lang='lat' dir='ltr'><strong><em>in</em></strong></span> <span class='ocrx_word' id='word_1_637' title='bbox 1090 4590 1324 4630; x_wconf 85' lang='lat' dir='ltr'><strong><em>sermone</em></strong></span> <span class='ocrx_word' id='word_1_638' title='bbox 1358 4576 1703 4641; x_wconf 87' lang='lat' dir='ltr'><strong><em>adulationis,</em></strong></span> <span class='ocrx_word' id='word_1_639' title='bbox 1739 4579 1876 4633; x_wconf 87' lang='lat' dir='ltr'><strong><em>sicut</em></strong></span> <span class='ocrx_word' id='word_1_640' title='bbox 1902 4580 2006 4633; x_wconf 82' lang='lat' dir='ltr'><strong><em>sci—</em></strong></span> 
     </span>
    </p>
   </div>
   <div class='ocr_carea' id='block_1_91' title="bbox 436 4667 2003 4736">
    <p class='ocr_par' dir='ltr' id='par_1_91' title="bbox 436 4667 2003 4736">
     <span class='ocr_line' id='line_1_91' title="bbox 436 4667 2003 4736; baseline 0.004 -17"><span class='ocrx_word' id='word_1_641' title='bbox 436 4667 525 4728; x_wconf 89' lang='lat' dir='ltr'><strong><em>tis,</em></strong></span> <span class='ocrx_word' id='word_1_642' title='bbox 558 4682 718 4736; x_wconf 87' lang='lat' dir='ltr'><strong><em>neque</em></strong></span> <span class='ocrx_word' id='word_1_643' title='bbox 745 4670 801 4720; x_wconf 88' lang='lat' dir='ltr'><strong><em>in</em></strong></span> <span class='ocrx_word' id='word_1_644' title='bbox 839 4668 1111 4723; x_wconf 88' lang='lat' dir='ltr'><strong><em>occasione</em></strong></span> <span class='ocrx_word' id='word_1_645' title='bbox 1138 4669 1399 4734; x_wconf 67' lang='lat' dir='ltr'><strong><em>avaritiaa,</em></strong></span> <span class='ocrx_word' id='word_1_646' title='bbox 1434 4668 1572 4724; x_wconf 87' lang='lat' dir='ltr'><strong><em>Deus</em></strong></span> <span class='ocrx_word' id='word_1_647' title='bbox 1609 4670 1757 4725; x_wconf 87' lang='lat' dir='ltr'><strong><em>testis</em></strong></span> <span class='ocrx_word' id='word_1_648' title='bbox 1781 4680 1880 4735; x_wconf 89' lang='lat' dir='ltr'><strong><em>est,</em></strong></span> <span class='ocrx_word' id='word_1_649' title='bbox 1911 4687 2003 4727; x_wconf 89' lang='lat' dir='ltr'><strong><em>nec</em></strong></span> 
     </span>
    </p>
   </div>
   <div class='ocr_carea' id='block_1_92' title="bbox 431 4757 1998 4833">
    <p class='ocr_par' dir='ltr' id='par_1_92' title="bbox 431 4757 1998 4833">
     <span class='ocr_line' id='line_1_92' title="bbox 431 4757 1998 4833; baseline 0.004 -23"><span class='ocrx_word' id='word_1_650' title='bbox 431 4767 721 4827; x_wconf 66' lang='lat' dir='ltr'><strong><em>quaerentes</em></strong></span> <span class='ocrx_word' id='word_1_651' title='bbox 765 4757 831 4812; x_wconf 90' lang='lat' dir='ltr'><strong><em>ab</em></strong></span> <span class='ocrx_word' id='word_1_652' title='bbox 879 4759 1176 4816; x_wconf 88' lang='lat' dir='ltr'><strong><em>hominibus</em></strong></span> <span class='ocrx_word' id='word_1_653' title='bbox 1230 4761 1497 4832; x_wconf 85' lang='lat' dir='ltr'><strong><em>gloriam,</em></strong></span> <span class='ocrx_word' id='word_1_654' title='bbox 1540 4779 1701 4833; x_wconf 80' lang='lat' dir='ltr'><strong><em>neque</em></strong></span> <span class='ocrx_word' id='word_1_655' title='bbox 1751 4779 1785 4816; x_wconf 89' lang='lat' dir='ltr'><strong><em>a</em></strong></span> <span class='ocrx_word' id='word_1_656' title='bbox 1832 4762 1998 4827; x_wconf 84' lang='lat' dir='ltr'><strong><em>vobis,</em></strong></span> 
     </span>
    </p>
   </div>
   <div class='ocr_carea' id='block_1_93' title="bbox 432 4847 2003 4923">
    <p class='ocr_par' dir='ltr' id='par_1_93' title="bbox 432 4847 2003 4923">
     <span class='ocr_line' id='line_1_93' title="bbox 432 4847 2003 4923; baseline 0.002 -22"><span class='ocrx_word' id='word_1_657' title='bbox 432 4863 595 4917; x_wconf 88' lang='lat' dir='ltr'><strong><em>neque</em></strong></span> <span class='ocrx_word' id='word_1_658' title='bbox 644 4847 709 4901; x_wconf 93' lang='lat' dir='ltr'><strong><em>ab</em></strong></span> <span class='ocrx_word' id='word_1_659' title='bbox 740 4849 864 4902; x_wconf 88' lang='lat' dir='ltr'><strong><em>aliis</em></strong></span> <span class='ocrx_word' id='word_1_660' title='bbox 909 4848 963 4919; x_wconf 90' lang='grc' dir='ltr'><strong><em>(Ι</em></strong></span> <span class='ocrx_word' id='word_1_661' title='bbox 997 4850 1179 4919; x_wconf 79' lang='lat' dir='ltr'><strong><em>Thess.</em></strong></span> <span class='ocrx_word' id='word_1_662' title='bbox 1215 4868 1275 4917; x_wconf 89' lang='grc' dir='ltr'><em>ιι,</em></span> <span class='ocrx_word' id='word_1_663' title='bbox 1311 4851 1364 4915; x_wconf 82' lang='grc'><em>5,</em></span> <span class='ocrx_word' id='word_1_664' title='bbox 1397 4850 1544 4923; x_wconf 87' lang='grc'><em>6)....</em></span> <span class='ocrx_word' id='word_1_665' title='bbox 1581 4852 1647 4905; x_wconf 88' lang='lat' dir='ltr'><strong><em>Et</em></strong></span> <span class='ocrx_word' id='word_1_666' title='bbox 1675 4852 1879 4922; x_wconf 76' lang='lat' dir='ltr'><strong><em>factum</em></strong></span> <span class='ocrx_word' id='word_1_667' title='bbox 1924 4861 2003 4907; x_wconf 89' lang='lat' dir='ltr'><strong><em>est</em></strong></span> 
     </span>
    </p>
   </div>
   <div class='ocr_carea' id='block_1_94' title="bbox 434 4936 2004 5007">
    <p class='ocr_par' dir='ltr' id='par_1_94' title="bbox 434 4936 2004 5007">
     <span class='ocr_line' id='line_1_94' title="bbox 434 4936 2004 5007; baseline 0.004 -18"><span class='ocrx_word' id='word_1_668' title='bbox 434 4953 554 4990; x_wconf 86' lang='lat' dir='ltr'><strong><em>cum</em></strong></span> <span class='ocrx_word' id='word_1_669' title='bbox 594 4936 862 4994; x_wconf 85' lang='lat' dir='ltr'><strong><em>introisset</em></strong></span> <span class='ocrx_word' id='word_1_670' title='bbox 917 4938 1131 5005; x_wconf 85' lang='lat' dir='ltr'><strong><em>Petrus,</em></strong></span> <span class='ocrx_word' id='word_1_671' title='bbox 1162 4940 1340 4995; x_wconf 86' lang='lat' dir='ltr'><strong><em>obvius</em></strong></span> <span class='ocrx_word' id='word_1_672' title='bbox 1374 4941 1511 4996; x_wconf 83' lang='lat' dir='ltr'><strong><em>venit</em></strong></span> <span class='ocrx_word' id='word_1_673' title='bbox 1537 4942 1585 4995; x_wconf 89' lang='lat' dir='ltr'><strong><em>ei</em></strong></span> <span class='ocrx_word' id='word_1_674' title='bbox 1618 4941 1917 5007; x_wconf 87' lang='lat' dir='ltr'><strong><em>Cornelius,</em></strong></span> <span class='ocrx_word' id='word_1_675' title='bbox 1951 4949 2004 4995; x_wconf 88' lang='lat' dir='ltr'><strong><em>et</em></strong></span> 
     </span>
    </p>
   </div>
   <div class='ocr_carea' id='block_1_95' title="bbox 432 5020 2005 5108">
    <p class='ocr_par' dir='ltr' id='par_1_95' title="bbox 432 5020 2005 5108">
     <span class='ocr_line' id='line_1_95' title="bbox 432 5020 2005 5108; baseline 0.005 -28"><span class='ocrx_word' id='word_1_676' title='bbox 432 5028 707 5096; x_wconf 80' lang='lat' dir='ltr'><strong><em>procidens,</em></strong></span> <span class='ocrx_word' id='word_1_677' title='bbox 733 5029 804 5083; x_wconf 84' lang='lat' dir='ltr'><strong><em>ad</em></strong></span> <span class='ocrx_word' id='word_1_678' title='bbox 849 5029 1004 5099; x_wconf 86' lang='lat' dir='ltr'><strong><em>pedes</em></strong></span> <span class='ocrx_word' id='word_1_679' title='bbox 1053 5031 1168 5102; x_wconf 84' lang='lat' dir='ltr'><strong><em>ejus</em></strong></span> <span class='ocrx_word' id='word_1_680' title='bbox 1199 5032 1462 5089; x_wconf 89' lang='lat' dir='ltr'><strong><em>adoravit.</em></strong></span> <span class='ocrx_word' id='word_1_681' title='bbox 1506 5020 1853 5108; x_wconf 78' lang='lat' dir='ltr'><strong><em>Petrusuero</em></strong></span> <span class='ocrx_word' id='word_1_682' title='bbox 1898 5034 2005 5088; x_wconf 83' lang='lat' dir='ltr'><strong><em>ele-</em></strong></span> 
     </span>
    </p>
   </div>
   <div class='ocr_carea' id='block_1_96' title="bbox 434 5121 1999 5197">
    <p class='ocr_par' dir='ltr' id='par_1_96' title="bbox 434 5121 1999 5197">
     <span class='ocr_line' id='line_1_96' title="bbox 434 5121 1999 5197; baseline 0.002 -19"><span class='ocrx_word' id='word_1_683' title='bbox 434 5122 575 5178; x_wconf 80' lang='lat' dir='ltr'><strong><em>ravit</em></strong></span> <span class='ocrx_word' id='word_1_684' title='bbox 602 5137 721 5177; x_wconf 90' lang='lat' dir='ltr'><strong><em>eum</em></strong></span> <span class='ocrx_word' id='word_1_685' title='bbox 744 5121 922 5180; x_wconf 85' lang='lat' dir='ltr'><strong><em>dicens</em></strong></span> <span class='ocrx_word' id='word_1_686' title='bbox 945 5142 963 5178; x_wconf 86' lang='lat'><strong><em>:</em></strong></span> <span class='ocrx_word' id='word_1_687' title='bbox 1001 5124 1190 5197; x_wconf 80' lang='lat' dir='ltr'><strong><em>Surge,</em></strong></span> <span class='ocrx_word' id='word_1_688' title='bbox 1224 5142 1347 5183; x_wconf 84' lang='lat' dir='ltr'><strong><em>nam</em></strong></span> <span class='ocrx_word' id='word_1_689' title='bbox 1373 5136 1421 5180; x_wconf 91' lang='lat' dir='ltr'><strong><em>et</em></strong></span> <span class='ocrx_word' id='word_1_690' title='bbox 1449 5142 1541 5196; x_wconf 85' lang='lat' dir='ltr'><strong><em>ego</em></strong></span> <span class='ocrx_word' id='word_1_691' title='bbox 1570 5128 1677 5193; x_wconf 87' lang='lat' dir='ltr'><strong><em>ipse</em></strong></span> <span class='ocrx_word' id='word_1_692' title='bbox 1701 5128 1853 5181; x_wconf 91' lang='lat' dir='ltr'><strong><em>homo</em></strong></span> <span class='ocrx_word' id='word_1_693' title='bbox 1885 5143 1999 5182; x_wconf 86' lang='lat' dir='ltr'><strong><em>sum</em></strong></span> 
     </span>
    </p>
   </div>
   <div class='ocr_carea' id='block_1_97' title="bbox 503 5262 1998 5342">
    <p class='ocr_par' dir='ltr' id='par_1_97' title="bbox 503 5262 1998 5342">
     <span class='ocr_line' id='line_1_97' title="bbox 503 5262 1998 5342; baseline 0.007 -25"><span class='ocrx_word' id='word_1_694' title='bbox 503 5262 614 5342; x_wconf 66' lang='grc'><strong><em>(55)</em></strong></span> <span class='ocrx_word' id='word_1_695' title='bbox 645 5262 887 5342; x_wconf 80' lang='lat' dir='ltr'><strong><em>_Utraq_ue</em></strong></span> <span class='ocrx_word' id='word_1_696' title='bbox 906 5267 1075 5342; x_wconf 86' lang='lat' dir='ltr'><strong>editio</strong></span> <span class='ocrx_word' id='word_1_697' title='bbox 1098 5269 1191 5323; x_wconf 74' lang='grc' dir='ltr'><em>καὶ</em></span> <span class='ocrx_word' id='word_1_698' title='bbox 1213 5269 1323 5342; x_wconf 58' lang='grc' dir='ltr'><em>τοῖς</em></span> <span class='ocrx_word' id='word_1_699' title='bbox 1344 5267 1783 5342; x_wconf 67' lang='grc' dir='ltr'><em>ἡτοιμασμένοις.</em></span> <span class='ocrx_word' id='word_1_700' title='bbox 1814 5270 1998 5328; x_wconf 81' lang='lat' dir='ltr'><strong><em>Codex</em></strong></span> 
     </span>
    </p>
   </div>
   <div class='ocr_carea' id='block_1_98' title="bbox 439 5331 1891 5412">
    <p class='ocr_par' dir='ltr' id='par_1_98' title="bbox 439 5331 1891 5412">
     <span class='ocr_line' id='line_1_98' title="bbox 439 5331 1891 5412; baseline 0.006 -25"><span class='ocrx_word' id='word_1_701' title='bbox 439 5331 679 5412; x_wconf 56' lang='lat' dir='ltr'><strong>Euippe)“.</strong></span> <span class='ocrx_word' id='word_1_702' title='bbox 710 5344 765 5391; x_wconf 83' lang='lat' dir='ltr'><strong>et</strong></span> <span class='ocrx_word' id='word_1_703' title='bbox 794 5331 927 5412; x_wconf 72' lang='lat' dir='ltr'><strong><em>Reg.</em></strong></span> <span class='ocrx_word' id='word_1_704' title='bbox 959 5340 1172 5412; x_wconf 82' lang='lat' dir='ltr'><strong>primus</strong></span> <span class='ocrx_word' id='word_1_705' title='bbox 1209 5331 1316 5412; x_wconf 51' lang='grc' dir='ltr'><em>καὶ.</em></span> <span class='ocrx_word' id='word_1_706' title='bbox 1339 5331 1437 5412; x_wconf 62' lang='grc' dir='ltr'><em>τῆς</em></span> <span class='ocrx_word' id='word_1_707' title='bbox 1468 5331 1891 5412; x_wconf 47' lang='grc' dir='ltr'><em>ἦτοιίμασμένης.</em></span> 
     </span>
    </p>
   </div>
   <div class='ocr_carea' id='block_1_99' title="bbox 508 5403 1998 5480">
    <p class='ocr_par' dir='ltr' id='par_1_99' title="bbox 508 5403 1998 5480">
     <span class='ocr_line' id='line_1_99' title="bbox 508 5403 1998 5480; baseline 0.005 -23"><span class='ocrx_word' id='word_1_708' title='bbox 508 5404 619 5480; x_wconf 78' lang='lat'><strong><em>(</em></strong></span> <span class='ocrx_word' id='word_1_709' title='bbox 638 5403 747 5480; x_wconf 52' lang='lat'><strong><em>[593</em></strong></span> <span class='ocrx_word' id='word_1_710' title='bbox 788 5403 999 5480; x_wconf 80' lang='lat' dir='ltr'><strong>primus</strong></span> <span class='ocrx_word' id='word_1_711' title='bbox 1017 5410 1243 5472; x_wconf 80' lang='grc' dir='ltr'><em>ἐκείνοις</em></span> <span class='ocrx_word' id='word_1_712' title='bbox 1258 5410 1315 5463; x_wconf 86' lang='grc' dir='ltr'><em>δὲ</em></span> <span class='ocrx_word' id='word_1_713' title='bbox 1335 5403 1763 5480; x_wconf 76' lang='grc' dir='ltr'><em>ἐν’παραϐολαῗς.</em></span> <span class='ocrx_word' id='word_1_714' title='bbox 1793 5403 1998 5474; x_wconf 64' lang='grc' dir='ltr'><em>Ὅστις.</em></span> 
     </span>
    </p>
   </div>
   <div class='ocr_carea' id='block_1_100' title="bbox 505 5471 1998 5549">
    <p class='ocr_par' dir='ltr' id='par_1_100' title="bbox 505 5471 1998 5549">
     <span class='ocr_line' id='line_1_100' title="bbox 505 5471 1998 5549; baseline 0.005 -24"><span class='ocrx_word' id='word_1_715' title='bbox 505 5471 631 5549; x_wconf 38' lang='grc'><strong><em>(57)-</em></strong></span> <span class='ocrx_word' id='word_1_716' title='bbox 655 5471 896 5549; x_wconf 60' lang='lat' dir='ltr'><strong><em>Utraque</em></strong></span> <span class='ocrx_word' id='word_1_717' title='bbox 928 5479 1109 5549; x_wconf 72' lang='lat' dir='ltr'><strong>editio</strong></span> <span class='ocrx_word' id='word_1_718' title='bbox 1139 5471 1449 5549; x_wconf 80' lang='grc' dir='ltr'><em>ὑπᾶρχοντα</em></span> <span class='ocrx_word' id='word_1_719' title='bbox 1490 5471 1675 5534; x_wconf 72' lang='grc' dir='ltr'><em>αὑτοῦ.</em></span> <span class='ocrx_word' id='word_1_720' title='bbox 1726 5471 1807 5535; x_wconf 58' lang='grc' dir='ltr'><em>Ἀι</em></span> <span class='ocrx_word' id='word_1_721' title='bbox 1865 5471 1998 5537; x_wconf 76' lang='lat' dir='ltr'><strong><em>mss.</em></strong></span> 
     </span>
    </p>
   </div>
   <div class='ocr_carea' id='block_1_101' title="bbox 435 5544 2001 5618">
    <p class='ocr_par' dir='ltr' id='par_1_101' title="bbox 435 5544 2001 5618">
     <span class='ocr_line' id='line_1_101' title="bbox 435 5544 2001 5618; baseline 0.008 -26"><span class='ocrx_word' id='word_1_722' title='bbox 435 5551 548 5618; x_wconf 66' lang='lat' dir='ltr'><strong>tres</strong></span> <span class='ocrx_word' id='word_1_723' title='bbox 577 5544 744 5614; x_wconf 70' lang='grc' dir='ltr'><em>αὐτῷ.</em></span> <span class='ocrx_word' id='word_1_724' title='bbox 782 5546 893 5601; x_wconf 85' lang='lat' dir='ltr'><strong><em>Hoc</em></strong></span> <span class='ocrx_word' id='word_1_725' title='bbox 926 5548 1045 5599; x_wconf 71' lang='lat' dir='ltr'><strong><em>loco</em></strong></span> <span class='ocrx_word' id='word_1_726' title='bbox 1077 5550 1233 5617; x_wconf 85' lang='lat' dir='ltr'><strong>plura</strong></span> <span class='ocrx_word' id='word_1_727' title='bbox 1257 5544 1404 5604; x_wconf 63' lang='lat' dir='ltr'><strong>“sum</strong></span> <span class='ocrx_word' id='word_1_728' title='bbox 1453 5551 1508 5618; x_wconf 83' lang='lat' dir='ltr'><strong><em>in</em></strong></span> <span class='ocrx_word' id='word_1_729' title='bbox 1542 5550 1876 5608; x_wconf 87' lang='lat' dir='ltr'><strong><em>Messanensi</em></strong></span> <span class='ocrx_word' id='word_1_730' title='bbox 1908 5568 2001 5605; x_wconf 72' lang='lat' dir='ltr'><strong><em>co-</em></strong></span> 
     </span>
    </p>
   </div>
   <div class='ocr_carea' id='block_1_102' title="bbox 436 5612 1595 5687">
    <p class='ocr_par' dir='ltr' id='par_1_102' title="bbox 436 5612 1595 5687">
     <span class='ocr_line' id='line_1_102' title="bbox 436 5612 1595 5687; baseline 0.015 -24"><span class='ocrx_word' id='word_1_731' title='bbox 436 5612 562 5687; x_wconf 65' lang='lat' dir='ltr'><strong><em>diee</em></strong></span> <span class='ocrx_word' id='word_1_732' title='bbox 587 5612 747 5687; x_wconf 71' lang='lat' dir='ltr'><strong><em>quam</em></strong></span> <span class='ocrx_word' id='word_1_733' title='bbox 776 5618 835 5687; x_wconf 3' lang='lat' dir='ltr'><strong><em>(in</em></strong></span> <span class='ocrx_word' id='word_1_734' title='bbox 868 5612 1123 5687; x_wconf 69' lang='lat' dir='ltr'><strong><em>vulgatis.</em></strong></span> <span class='ocrx_word' id='word_1_735' title='bbox 1488 5616 1495 5629; x_wconf 64' lang='grc'><em>’</em></span> <span class='ocrx_word' id='word_1_736' title='bbox 1584 5621 1595 5633; x_wconf 55' lang='grc'>⁸</span> 
     </span>
    </p>
   </div>
   <div class='ocr_carea' id='block_1_103' title="bbox 509 5679 1999 5769">
    <p class='ocr_par' dir='ltr' id='par_1_103' title="bbox 509 5679 1999 5769">
     <span class='ocr_line' id='line_1_103' title="bbox 509 5679 1999 5769; baseline -0.001 -24"><span class='ocrx_word' id='word_1_737' title='bbox 509 5679 620 5754; x_wconf 65' lang='lat'><strong><em>(5.3)</em></strong></span> <span class='ocrx_word' id='word_1_738' title='bbox 644 5682 790 5739; x_wconf 76' lang='lat' dir='ltr'><strong>Libri</strong></span> <span class='ocrx_word' id='word_1_739' title='bbox 805 5679 1015 5743; x_wconf 70' lang='lat' dir='ltr'><strong>veteres</strong></span> <span class='ocrx_word' id='word_1_740' title='bbox 1032 5688 1305 5743; x_wconf 76' lang='grc' dir='ltr'><em>ἐκϐάλετε.</em></span> <span class='ocrx_word' id='word_1_741' title='bbox 1325 5689 1563 5759; x_wconf 79' lang='lat' dir='ltr'><strong><em>Utraque</em></strong></span> <span class='ocrx_word' id='word_1_742' title='bbox 1586 5692 1669 5767; x_wconf 70' lang='lat' dir='ltr'><strong><em>ed.</em></strong></span> <span class='ocrx_word' id='word_1_743' title='bbox 1693 5690 1999 5769; x_wconf 71' lang='grc' dir='ltr'><em>ἐκϐάλλετε.</em></span> 
     </span>
    </p>
   </div>
   <div class='ocr_carea' id='block_1_104' title="bbox 2106 4492 3706 4563">
    <p class='ocr_par' dir='ltr' id='par_1_104' title="bbox 2106 4492 3706 4563">
     <span class='ocr_line' id='line_1_104' title="bbox 2106 4492 3706 4563; baseline -0.002 -15"><span class='ocrx_word' id='word_1_744' title='bbox 2106 4497 2212 4562; x_wconf 81' lang='grc' dir='ltr'><em>τὰς</em></span> <span class='ocrx_word' id='word_1_745' title='bbox 2237 4494 2744 4563; x_wconf 74' lang='grc' dir='ltr'><em>πρωτοκαθεδρίας</em></span> <span class='ocrx_word' id='word_1_746' title='bbox 2766 4493 2826 4546; x_wconf 70' lang='grc' dir='ltr'><em>ἐν</em></span> <span class='ocrx_word' id='word_1_747' title='bbox 2857 4492 2983 4559; x_wconf 78' lang='grc' dir='ltr'><em>ταῖς</em></span> <span class='ocrx_word' id='word_1_748' title='bbox 3004 4492 3400 4561; x_wconf 57' lang='grc' dir='ltr'><em>συναγωγαῖς,</em></span> <span class='ocrx_word' id='word_1_749' title='bbox 3416 4492 3515 4545; x_wconf 78' lang='grc' dir='ltr'><strong><em>καὶ</em></strong></span> <span class='ocrx_word' id='word_1_750' title='bbox 3537 4493 3706 4560; x_wconf 69' lang='grc' dir='ltr'><em>τοὺς</em></span> 
     </span>
    </p>
   </div>
   <div class='ocr_carea' id='block_1_105' title="bbox 2105 4582 3707 4657">
    <p class='ocr_par' dir='ltr' id='par_1_105' title="bbox 2105 4582 3707 4657">
     <span class='ocr_line' id='line_1_105' title="bbox 2105 4582 3707 4657; baseline 0 -19"><span class='ocrx_word' id='word_1_751' title='bbox 2105 4585 2466 4654; x_wconf 79' lang='grc' dir='ltr'><em>ἀσπασμοὺς</em></span> <span class='ocrx_word' id='word_1_752' title='bbox 2496 4584 2567 4637; x_wconf 83' lang='grc' dir='ltr'><em>ἐν</em></span> <span class='ocrx_word' id='word_1_753' title='bbox 2584 4584 2713 4652; x_wconf 83' lang='grc' dir='ltr'><em>ταῖς</em></span> <span class='ocrx_word' id='word_1_754' title='bbox 2740 4584 2998 4654; x_wconf 73' lang='grc' dir='ltr'><em>ἀγοραῖς.</em></span> <span class='ocrx_word' id='word_1_755' title='bbox 3032 4585 3209 4638; x_wconf 86' lang='grc' dir='ltr'><strong><em>ΠΡΟΣ</em></strong></span> <span class='ocrx_word' id='word_1_756' title='bbox 3233 4582 3419 4640; x_wconf 83' lang='grc' dir='ltr'><strong><em>ΘΕΣΣ.</em></strong></span> <span class='ocrx_word' id='word_1_757' title='bbox 3444 4590 3513 4637; x_wconf 81' lang='grc' dir='ltr'><em>α’.</em></span> <span class='ocrx_word' id='word_1_758' title='bbox 3530 4585 3707 4657; x_wconf 74' lang='grc' dir='ltr'><em>Οὔτε</em></span> 
     </span>
    </p>
   </div>
   <div class='ocr_carea' id='block_1_106' title="bbox 2105 4672 3701 4746">
    <p class='ocr_par' dir='ltr' id='par_1_106' title="bbox 2105 4672 3701 4746">
     <span class='ocr_line' id='line_1_106' title="bbox 2105 4672 3701 4746; baseline 0.003 -19"><span class='ocrx_word' id='word_1_759' title='bbox 2105 4675 2215 4745; x_wconf 75' lang='grc' dir='ltr'><em>γάρ</em></span> <span class='ocrx_word' id='word_1_760' title='bbox 2257 4688 2401 4728; x_wconf 83' lang='grc' dir='ltr'><em>ποτε</em></span> <span class='ocrx_word' id='word_1_761' title='bbox 2459 4672 2568 4746; x_wconf 85' lang='grc'><strong><em>(60)</em></strong></span> <span class='ocrx_word' id='word_1_762' title='bbox 2610 4674 2680 4728; x_wconf 84' lang='grc' dir='ltr'><em>ἐν</em></span> <span class='ocrx_word' id='word_1_763' title='bbox 2727 4678 2886 4746; x_wconf 76' lang='grc' dir='ltr'><strong><em>λόγῳ</em></strong></span> <span class='ocrx_word' id='word_1_764' title='bbox 2926 4676 3243 4742; x_wconf 76' lang='grc' dir='ltr'><em>κολακείας</em></span> <span class='ocrx_word' id='word_1_765' title='bbox 3289 4675 3701 4745; x_wconf 62' lang='grc' dir='ltr'><em>ἐγενήθημεν,</em></span> 
     </span>
    </p>
   </div>
   <div class='ocr_carea' id='block_1_107' title="bbox 2106 4763 3705 4834">
    <p class='ocr_par' dir='ltr' id='par_1_107' title="bbox 2106 4763 3705 4834">
     <span class='ocr_line' id='line_1_107' title="bbox 2106 4763 3705 4834; baseline 0.002 -17"><span class='ocrx_word' id='word_1_766' title='bbox 2106 4763 2299 4830; x_wconf 89' lang='grc' dir='ltr'><em>καθὼς</em></span> <span class='ocrx_word' id='word_1_767' title='bbox 2336 4763 2556 4828; x_wconf 75' lang='grc' dir='ltr'><em>οἴδατε,</em></span> <span class='ocrx_word' id='word_1_768' title='bbox 2591 4766 2729 4819; x_wconf 83' lang='grc' dir='ltr'><em>οὔτε</em></span> <span class='ocrx_word' id='word_1_769' title='bbox 2775 4765 3067 4834; x_wconf 66' lang='grc' dir='ltr'><em>προφάσει</em></span> <span class='ocrx_word' id='word_1_770' title='bbox 3112 4766 3489 4830; x_wconf 80' lang='grc' dir='ltr'><em>πλεονεξίας,</em></span> <span class='ocrx_word' id='word_1_771' title='bbox 3533 4768 3705 4834; x_wconf 82' lang='grc' dir='ltr'><em>Θεὸς</em></span> 
     </span>
    </p>
   </div>
   <div class='ocr_carea' id='block_1_108' title="bbox 2102 4854 3706 4924">
    <p class='ocr_par' dir='ltr' id='par_1_108' title="bbox 2102 4854 3706 4924">
     <span class='ocr_line' id='line_1_108' title="bbox 2102 4854 3706 4924; baseline 0.003 -16"><span class='ocrx_word' id='word_1_772' title='bbox 2102 4854 2363 4924; x_wconf 73' lang='grc' dir='ltr'><em>μάρτυςο</em></span> <span class='ocrx_word' id='word_1_773' title='bbox 2388 4855 2526 4909; x_wconf 81' lang='grc' dir='ltr'><em>οὔτε</em></span> <span class='ocrx_word' id='word_1_774' title='bbox 2551 4856 2860 4923; x_wconf 79' lang='grc' dir='ltr'><em>ζητοῦντες</em></span> <span class='ocrx_word' id='word_1_775' title='bbox 2876 4858 2945 4920; x_wconf 70' lang='grc' dir='ltr'><strong><em>ἐξ</em></strong></span> <span class='ocrx_word' id='word_1_776' title='bbox 2962 4856 3284 4923; x_wconf 80' lang='grc' dir='ltr'><em>ἀνθρώπων</em></span> <span class='ocrx_word' id='word_1_777' title='bbox 3309 4856 3515 4920; x_wconf 73' lang='grc' dir='ltr'><em>δόξαν,</em></span> <span class='ocrx_word' id='word_1_778' title='bbox 3537 4860 3706 4914; x_wconf 82' lang='grc' dir='ltr'><em>οὔτε</em></span> 
     </span>
    </p>
   </div>
   <div class='ocr_carea' id='block_1_109' title="bbox 2108 4944 3705 5021">
    <p class='ocr_par' dir='ltr' id='par_1_109' title="bbox 2108 4944 3705 5021">
     <span class='ocr_line' id='line_1_109' title="bbox 2108 4944 3705 5021; baseline 0.003 -22"><span class='ocrx_word' id='word_1_779' title='bbox 2108 4946 2207 5013; x_wconf 74' lang='grc' dir='ltr'><strong><em>ἀφ’</em></strong></span> <span class='ocrx_word' id='word_1_780' title='bbox 2235 4944 2419 5014; x_wconf 79' lang='grc' dir='ltr'><em>ὑμῶν,</em></span> <span class='ocrx_word' id='word_1_781' title='bbox 2453 4948 2591 5001; x_wconf 82' lang='grc' dir='ltr'><em>οὔτε</em></span> <span class='ocrx_word' id='word_1_782' title='bbox 2618 4947 2718 5002; x_wconf 77' lang='grc' dir='ltr'><strong><em>ἀπ’</em></strong></span> <span class='ocrx_word' id='word_1_783' title='bbox 2739 4948 2963 5003; x_wconf 68' lang='grc' dir='ltr'><em>ἄλλων.</em></span> <span class='ocrx_word' id='word_1_784' title='bbox 2999 4949 3305 5003; x_wconf 80' lang='grc' dir='ltr'><strong><em>ΠΡΑΞΕΙΣ.</em></strong></span> <span class='ocrx_word' id='word_1_785' title='bbox 3342 4951 3432 5015; x_wconf 84' lang='grc' dir='ltr'><em>Ὡς</em></span> <span class='ocrx_word' id='word_1_786' title='bbox 3452 4949 3522 5002; x_wconf 85' lang='grc' dir='ltr'><em>δὲ</em></span> <span class='ocrx_word' id='word_1_787' title='bbox 3545 4952 3705 5021; x_wconf 68' lang='grc' dir='ltr'><strong><em>ἐγέ-</em></strong></span> 
     </span>
    </p>
   </div>
   <div class='ocr_carea' id='block_1_110' title="bbox 2108 5036 3705 5109">
    <p class='ocr_par' dir='ltr' id='par_1_110' title="bbox 2108 5036 3705 5109">
     <span class='ocr_line' id='line_1_110' title="bbox 2108 5036 3705 5109; baseline 0.006 -19"><span class='ocrx_word' id='word_1_788' title='bbox 2108 5053 2244 5091; x_wconf 83' lang='grc' dir='ltr'><em>νετο</em></span> <span class='ocrx_word' id='word_1_789' title='bbox 2267 5036 2375 5090; x_wconf 87' lang='grc' dir='ltr'><em>τοῦ</em></span> <span class='ocrx_word' id='word_1_790' title='bbox 2408 5038 2705 5093; x_wconf 77' lang='grc' dir='ltr'><em>εἰσελθεῖν</em></span> <span class='ocrx_word' id='word_1_791' title='bbox 2734 5039 2842 5093; x_wconf 83' lang='grc' dir='ltr'><strong><em>τὸν</em></strong></span> <span class='ocrx_word' id='word_1_792' title='bbox 2873 5040 3118 5109; x_wconf 79' lang='grc' dir='ltr'><em>Πέτρον,</em></span> <span class='ocrx_word' id='word_1_793' title='bbox 3159 5040 3551 5107; x_wconf 73' lang='grc' dir='ltr'><em>συναντήσας</em></span> <span class='ocrx_word' id='word_1_794' title='bbox 3585 5048 3705 5099; x_wconf 80' lang='grc' dir='ltr'><strong><em>(ιύ-</em></strong></span> 
     </span>
    </p>
   </div>
   <div class='ocr_carea' id='block_1_111' title="bbox 2110 5128 3701 5203">
    <p class='ocr_par' dir='ltr' id='par_1_111' title="bbox 2110 5128 3701 5203">
     <span class='ocr_line' id='line_1_111' title="bbox 2110 5128 3701 5203; baseline 0.007 -22"><span class='ocrx_word' id='word_1_795' title='bbox 2110 5128 2188 5194; x_wconf 87' lang='grc' dir='ltr'><em>τῷ</em></span> <span class='ocrx_word' id='word_1_796' title='bbox 2213 5132 2244 5182; x_wconf 84' lang='grc' dir='ltr'><em>ὁ</em></span> <span class='ocrx_word' id='word_1_797' title='bbox 2275 5130 2629 5199; x_wconf 82' lang='grc' dir='ltr'><em>Κορνήλιος,</em></span> <span class='ocrx_word' id='word_1_798' title='bbox 2683 5131 2887 5186; x_wconf 77' lang='grc' dir='ltr'><em>πεσὼν</em></span> <span class='ocrx_word' id='word_1_799' title='bbox 2934 5133 3032 5187; x_wconf 76' lang='grc' dir='ltr'><strong><em>ἐπὶ</em></strong></span> <span class='ocrx_word' id='word_1_800' title='bbox 3063 5133 3204 5199; x_wconf 81' lang='grc' dir='ltr'><em>τοὺς</em></span> <span class='ocrx_word' id='word_1_801' title='bbox 3236 5134 3425 5202; x_wconf 75' lang='grc' dir='ltr'><em>πόδας</em></span> <span class='ocrx_word' id='word_1_802' title='bbox 3465 5136 3701 5203; x_wconf 81' lang='grc' dir='ltr'><em>αὑτοῦ,</em></span> 
     </span>
    </p>
   </div>
   <div class='ocr_carea' id='block_1_112' title="bbox 2180 5271 3217 5346">
    <p class='ocr_par' dir='ltr' id='par_1_112' title="bbox 2180 5271 3217 5346">
     <span class='ocr_line' id='line_1_112' title="bbox 2180 5271 3217 5346; baseline 0.002 -19"><span class='ocrx_word' id='word_1_803' title='bbox 2316 5272 2452 5346; x_wconf 58' lang='grc' dir='ltr'><em>[ἷξε.</em></span> <span class='ocrx_word' id='word_1_804' title='bbox 2482 5274 2681 5346; x_wconf 79' lang='lat' dir='ltr'><strong>tertius</strong></span> <span class='ocrx_word' id='word_1_805' title='bbox 2808 5272 2864 5327; x_wconf 77' lang='grc' dir='ltr'><em>δὲ</em></span> <span class='ocrx_word' id='word_1_806' title='bbox 2884 5274 3029 5344; x_wconf 78' lang='grc' dir='ltr'><em>λέγει</em></span> <span class='ocrx_word' id='word_1_807' title='bbox 3054 5274 3217 5346; x_wconf 71' lang='grc' dir='ltr'><em>αὐτῷ.</em></span> 
     </span>
    </p>
   </div>
   <div class='ocr_carea' id='block_1_113' title="bbox 2180 5342 3712 5416">
    <p class='ocr_par' dir='ltr' id='par_1_113' title="bbox 2180 5342 3712 5416">
     <span class='ocr_line' id='line_1_113' title="bbox 2180 5342 3712 5416; baseline 0.003 -20"><span class='ocrx_word' id='word_1_808' title='bbox 2180 5342 2300 5416; x_wconf 67' lang='grc' dir='ltr'><strong><em>(60)Δ</em></strong></span> <span class='ocrx_word' id='word_1_809' title='bbox 2315 5342 2509 5416; x_wconf 75' lang='lat' dir='ltr'><strong>Totum</strong></span> <span class='ocrx_word' id='word_1_810' title='bbox 2537 5342 2840 5416; x_wconf 68' lang='lat' dir='ltr'><strong><em>illud,0l’ne</em></strong></span> <span class='ocrx_word' id='word_1_811' title='bbox 2864 5342 2968 5416; x_wconf 79' lang='grc' dir='ltr'><strong><em>γάρ</em></strong></span> <span class='ocrx_word' id='word_1_812' title='bbox 2986 5363 3135 5407; x_wconf 80' lang='grc' dir='ltr'><em>ποτε,</em></span> <span class='ocrx_word' id='word_1_813' title='bbox 3152 5342 3360 5407; x_wconf 80' lang='lat' dir='ltr'><strong><em>etc..ad</em></strong></span> <span class='ocrx_word' id='word_1_814' title='bbox 3384 5360 3576 5399; x_wconf 68' lang='lat' dir='ltr'><strong><em>vocem</em></strong></span> <span class='ocrx_word' id='word_1_815' title='bbox 3600 5363 3712 5401; x_wconf 85' lang='lat' dir='ltr'><strong><em>us-</em></strong></span> 
     </span>
    </p>
   </div>
   <div class='ocr_carea' id='block_1_114' title="bbox 2106 5413 3703 5485">
    <p class='ocr_par' dir='ltr' id='par_1_114' title="bbox 2106 5413 3703 5485">
     <span class='ocr_line' id='line_1_114' title="bbox 2106 5413 3703 5485; baseline 0.002 -19"><span class='ocrx_word' id='word_1_816' title='bbox 2106 5428 2215 5485; x_wconf 87' lang='lat' dir='ltr'><strong><em>que</em></strong></span> <span class='ocrx_word' id='word_1_817' title='bbox 2234 5413 2461 5485; x_wconf 84' lang='grc' dir='ltr'><em>μάρτυς,</em></span> <span class='ocrx_word' id='word_1_818' title='bbox 2476 5415 2533 5485; x_wconf 80' lang='lat' dir='ltr'><strong><em>in</em></strong></span> <span class='ocrx_word' id='word_1_819' title='bbox 2556 5413 2739 5484; x_wconf 77' lang='lat' dir='ltr'><strong>Regiis</strong></span> <span class='ocrx_word' id='word_1_820' title='bbox 2761 5413 3005 5485; x_wconf 36' lang='lat' dir='ltr'><strong>primo-et</strong></span> <span class='ocrx_word' id='word_1_821' title='bbox 3023 5416 3181 5485; x_wconf 79' lang='lat' dir='ltr'><strong>tertio</strong></span> <span class='ocrx_word' id='word_1_822' title='bbox 3203 5431 3309 5468; x_wconf 87' lang='lat' dir='ltr'><strong><em>non</em></strong></span> <span class='ocrx_word' id='word_1_823' title='bbox 3329 5417 3555 5485; x_wconf 82' lang='lat' dir='ltr'><strong>legitur;</strong></span> <span class='ocrx_word' id='word_1_824' title='bbox 3577 5431 3703 5473; x_wconf 75' lang='lat' dir='ltr'><strong><em>nec</em></strong></span> 
     </span>
    </p>
   </div>
   <div class='ocr_carea' id='block_1_115' title="bbox 2108 5483 3698 5554">
    <p class='ocr_par' dir='ltr' id='par_1_115' title="bbox 2108 5483 3698 5554">
     <span class='ocr_line' id='line_1_115' title="bbox 2108 5483 3698 5554; baseline 0.004 -18"><span class='ocrx_word' id='word_1_825' title='bbox 2108 5484 2268 5546; x_wconf 79' lang='lat' dir='ltr'><strong><em>bene,</em></strong></span> <span class='ocrx_word' id='word_1_826' title='bbox 2307 5483 2366 5536; x_wconf 84' lang='lat' dir='ltr'><strong><em>ut</em></strong></span> <span class='ocrx_word' id='word_1_827' title='bbox 2397 5483 2529 5536; x_wconf 90' lang='lat' dir='ltr'><strong><em>mihi</em></strong></span> <span class='ocrx_word' id='word_1_828' title='bbox 2558 5483 2779 5554; x_wconf 81' lang='lat' dir='ltr'><strong><em>quidem</em></strong></span> <span class='ocrx_word' id='word_1_829' title='bbox 2807 5484 3039 5549; x_wconf 81' lang='lat' dir='ltr'><strong>videtur,</strong></span> <span class='ocrx_word' id='word_1_830' title='bbox 3072 5484 3199 5540; x_wconf 88' lang='lat' dir='ltr'><strong><em>huic</em></strong></span> <span class='ocrx_word' id='word_1_831' title='bbox 3220 5486 3338 5540; x_wconf 84' lang='lat' dir='ltr'><strong><em>loco</em></strong></span> <span class='ocrx_word' id='word_1_832' title='bbox 3364 5483 3641 5540; x_wconf 71' lang='lat' dir='ltr'><strong><em>convenit</em></strong></span> <span class='ocrx_word' id='word_1_833' title='bbox 3679 5506 3698 5542; x_wconf 88' lang='lat'><strong>:</strong></span> 
     </span>
    </p>
   </div>
   <div class='ocr_carea' id='block_1_116' title="bbox 2107 5553 3705 5624">
    <p class='ocr_par' dir='ltr' id='par_1_116' title="bbox 2107 5553 3705 5624">
     <span class='ocr_line' id='line_1_116' title="bbox 2107 5553 3705 5624; baseline 0.004 -20"><span class='ocrx_word' id='word_1_834' title='bbox 2107 5553 2366 5624; x_wconf 84' lang='lat' dir='ltr'><strong><em>quoniam</em></strong></span> <span class='ocrx_word' id='word_1_835' title='bbox 2387 5553 2669 5624; x_wconf 80' lang='lat' dir='ltr'><strong><em>tamenea</em></strong></span> <span class='ocrx_word' id='word_1_836' title='bbox 2698 5554 3074 5624; x_wconf 36' lang='lat' dir='ltr'><strong><em>quaeindicavi</em></strong></span> <span class='ocrx_word' id='word_1_837' title='bbox 3106 5555 3294 5619; x_wconf 84' lang='lat' dir='ltr'><strong><em>verba,</em></strong></span> <span class='ocrx_word' id='word_1_838' title='bbox 3326 5554 3705 5624; x_wconf 83' lang='lat' dir='ltr'><strong>reperiuntur</strong></span> 
     </span>
    </p>
   </div>
   <div class='ocr_carea' id='block_1_117' title="bbox 2105 5621 3707 5745">
    <p class='ocr_par' dir='ltr' id='par_1_117' title="bbox 2105 5621 3707 5745">
     <span class='ocr_line' id='line_1_117' title="bbox 2105 5621 3707 5745; baseline 0.006 -70"><span class='ocrx_word' id='word_1_839' title='bbox 2105 5622 2262 5745; x_wconf 68' lang='lat' dir='ltr'><strong><em>etlitl</em></strong></span> <span class='ocrx_word' id='word_1_840' title='bbox 2311 5621 2545 5693; x_wconf 79' lang='lat' dir='ltr'><strong><em>vulgatis</em></strong></span> <span class='ocrx_word' id='word_1_841' title='bbox 2586 5634 2639 5679; x_wconf 85' lang='lat' dir='ltr'><strong>et</strong></span> <span class='ocrx_word' id='word_1_842' title='bbox 2698 5621 2753 5678; x_wconf 82' lang='lat' dir='ltr'><strong><em>in</em></strong></span> <span class='ocrx_word' id='word_1_843' title='bbox 2806 5622 2935 5696; x_wconf 79' lang='lat' dir='ltr'><strong><em>Reg.</em></strong></span> <span class='ocrx_word' id='word_1_844' title='bbox 2983 5625 3247 5691; x_wconf 87' lang='lat' dir='ltr'><strong><em>secundo,</em></strong></span> <span class='ocrx_word' id='word_1_845' title='bbox 3288 5621 3428 5682; x_wconf 82' lang='lat' dir='ltr'><strong>nihil</strong></span> <span class='ocrx_word' id='word_1_846' title='bbox 3464 5632 3707 5684; x_wconf 59' lang='lat' dir='ltr'><strong><em>intutam</em></strong></span> 
     </span>
     <span class='ocr_line' id='line_1_118' title="bbox 2106 5708 2269 5745; baseline -0.012 0"><span class='ocrx_word' id='word_1_847' title='bbox 2106 5709 2169 5745; x_wconf 74' lang='lat' dir='ltr'><strong><em>\‘U</em></strong></span> <span class='ocrx_word' id='word_1_848' title='bbox 2197 5708 2269 5745; x_wconf 86' lang='grc' dir='ltr'><em>ιιι.</em></span> 
     </span>
    </p>
   </div>
   <div class='ocr_carea' id='block_1_118' title="bbox 2106 5708 2269 5748">
    <p class='ocr_par' dir='ltr' id='par_1_118' title="bbox 2106 5708 2269 5748">
     <span class='ocr_line' id='line_1_119' title="bbox 2106 5708 2269 5748; baseline -0.025 0"><span class='ocrx_word' id='word_1_849' title='bbox 2106 5708 2269 5748; x_wconf 65' lang='grc' dir='ltr'><strong><em>γυιιιι.</em></strong></span> 
     </span>
    </p>
   </div>
  </div>
