3962 6238
226 339 329 395 805

1680 339 2010 396 MORAHA.

3397 347 3501 402 806

237 453 464 521 Ἐφέσῳ
509 451 852 520 ὃιηκόνησε,
879 454 1236 517 ,βέλτιον-σὺ
1272 452 1602 522 γινώσκεις.
1630 455 1804 508 ΠΡΟΣ

1918 474 2028 511 mea
2084 456 2384 526 defensione
2430 473 2578 512 nemo
2622 457 2751 511 mihi
2802 457 2998 527 adfuit,
3043 459 3138 513 sed
3191 475 3366 517 omnes
3419 481 3504 519 me

225 545 368 596 ΤΙΜ.
410 543 474 612 β’.
523 543 726 612 Ἐνοτῇ
753 544 953 613 πρώτῃ
995 563 1113 613 μου
1144 545 1443 612 ἀπολογίᾳ
1485 545 1686 610 οὐδείς
1709 563 1814 614 μοι

221 636 735 705 συμπαρεγένετο,
791 637 954 691 ἀλλὰ
997 636 1220 702 πάντες
1257 653 1333 706 με
1381 636 1808 704 ἐγκατέλιπον

219 727 300 796 μὴ
333 727 544 794 αὐτοῖς
576 731 911 798 λογισθείη.

223 841 344 894 Ὀτι
372 841 456 895 δεῖ
480 842 877 913 προσεύχεσθαι
913 843 1055 913 ὑπὲρ
1105 842 1213 894 τῶν
1261 843 1320 894 ἐν
1365 843 1692 912 πειρασμοῖς
1723 841 1811 906 ἐξ·

846 933 1005 996 εταζο
1013 934 1209 1004 μένων.

833 1060 1058 1130 Κεφάλ.
1118 1063 1202 1126 β’.

292 1150 596 1208 ΛΟΥΚΑΣ.
645 1153 861 1221 Σίμων,
897 1154 1112 1223 Σίμων,
1147 1155 1274 1208 ἰδοὺ
1318 1158 1349 1208 ό
1405 1154 1678 1222 Σατανᾶς
1710 1157 1811 1221 ἐξ·-

217 1243 492 1314 ῃτήσατο
515 1244 690 1314 ὑμᾶς,
719 1247 826 1300 τοῦ
859 1247 1130 1301 σινιάσαι
1162 1249 1243 1314 ὡς
1265 1248 1371 1302 τὸν
1390 1249 1584 1302 σῖτον·
1607 1250 1722 1319 ἐγὼ
1743 1250 1813 1305 δὲ

214 1335 481 1401 ἐδεήθην
533 1339 667 1406 περὶ
698 1339 838 1404 σοῦ,
876 1341 1078 1409 ἵναμὴ
1120 1342 1341 1410 ἐκλίπῃ
1377 1343 1415 1410 ἠ
1440 1342 1646 1409 πίστις
1668 1358 1806 1399 σου.

216 1428 558 1483 ΠΡΑΞΕΙΣ.
592 1430 646 1482 '0
699 1430 819 1499 μὲν
859 1427 972 1486 οὖν
1027 1432 1250 1501 Πέτρος
1303 1433 1568 1501 ἐτηρεῖτο
1625 1435 1693 1489 ἐν
1736 1435 1810 1504 τῇ

215 1521 491 1590 φυλακῇ.
529 1524 848 1592 Προσευχὴ
876 1524 945 1578 δὲ
974 1522 1054 1598 ἦν
1088 1525 1340 1592 ἐκτενὴς
1373 1526 1666 1596 γενομένη
1697 1527 1809 1600 (98)

215 1612 336 1666 ὑπὸ
404 1613 520 1683 τῆς
578 1617 947 1685 Ἐκκλησίας
1006 1617 1156 1686 πρὸς
1208 1617 1317 1671 τὸν
1343 1618 1492 1673 Θεὸν
1522 1619 1675 1688 ὑπὲρ
1707 1622 1806 1674 αὐ-

215 1705 325 1758 τοῦ
353 1706 493 1776 (99).

855 1802 1025 1855 ΟΡΟΣ
1055 1801 1174 1856 ΞΖ’.

218 1890 343 1944 Ὅτι
383 1892 493 1945 τῶν
539 1892 914 1965 πληροφορίαν
956 1895 1189 1964 ἐχόντων
1213 1895 1311 1966 τῆς
1344 1899 1408 1949 ὲκ
1439 1896 1646 1969 νεκρῶν
1675 1897 1804 1950 ἀνα-

287 1987 560 2052 στάσεως,
609 1989 887 2060 ἀλλότριον
922 1991 981 2042 τὸ
1017 1990 1303 2044 λυπεῖσθαι
1348 1992 1440 2044 ἐπὶ
1465 1995 1577 2055 τοῖς
1623 2009 1806 2045 κεκοι-

288 2079 559 2148 μημένοις
584 2080 684 2150 (1).

850 2193 1070 2262 Κεφάλ.
1100 2201 1172 2248 α’.

284 2283 587 2337 ΛΟΥΚΑΣ.
646 2285 983 2338 Ἠκολούθει
1029 2285 1099 2338 δὲ
1150 2286 1312 2353 αὐτῷ
1363 2287 1522 2341 πολὺ
1571 2287 1806 2356 πλῆθος

213 2376 319 2429 τοῦ
379 2374 562 2443 λαοῦ,
606 2377 704 2430 καὶ
738 2375 1058 2445 γυναικῶν,
1093 2379 1156 2430 αἲ
1184 2379 1282 2432 καὶ
1330 2379 1674 2444 ἐκόπτοντο,
1707 2379 1807 2433 καὶ

211 2467 517 2536 ἐθρήνουν
570 2470 776 2523 αὐτόν.
835 2469 1124 2538 Στραερεὶς
1155 2470 1223 2523 δὲ
1254 2467 1384 2524 εἷπε
1410 2473 1561 2540 πρὸς
1582 2474 1768 2539 αὑτάς
1789 2489 1802 2503 ο

216 2561 554 2628 Θυγατέρες
620 2560 1029 2630 Ἰερουσαλὴμ,
1078 2561 1165 2630 μὴ
1219 2564 1458 2617 κλαίετε
1503 2565 1596 2617 ἐπ’
1678 2564 1803 2633 ἐμέ.

213 2650 396 2703 ΠΡΟΣ
447 2650 640 2702 ΘΕΣΣ.
698 2656 765 2702 α’.
800 2651 940 2718 Περὶ
988 2649 1057 2703 δὲ
1108 2651 1230 2705 τῶν
1261 2655 1707 2723 κεκοιμημένων
1734 2657 1806 2709 οὐ

215 2741 367 2796 θέλω
398 2730 560 2812 ὑμᾶς
586 2743 845 2812 ἀγνοεῖν,
877 2743 1148 2813 ἀδελφοὶ,
1179 2745 1280 2799 ἵνα
1301 2745 1387 2814 μὴ
1416 2747 1698 2816 λυπῆσθε
1727 2750 1808 2815 ὡς

215 2835 314 2887 καὶ
333 2837 387 2887 οι
425 2835 650 2898 λοιποὶ,
688 2839 741 2889 οἱ
784 2836 870 2905 μὴ
919 2836 1166 2904 ἔχοντες
1193 2837 1430 2892 ἐλπίδα.
1473 2841 1538 2891 Ei
1578 2839 1688 2908 γὰρ
1717 2856 1808 2892 πι-

212 2923 534 2992 στεύομεν,
561 2923 650 2976 ὅτι
678 2925 909 2991 Ἰησοῦς
928 2926 1210 2988 ἀπέθανε,
1240 2927 1340 2980 καὶ
1369 2925 1596 2996 ἀνέστη
1613 2945 1626 2957 ·
1655 2929 1808 2982 οὕτω

215 3014 314 3067 καὶ
351 3018 385 3067 ὁ
412 3015 560 3082 Θεὸς
600 3015 743 3082 τοὺς
773 3017 1164 3085 κοιμηθέντας
1185 3019 1285 3073 διὰ
1309 3020 1417 3073 τοῦ
1451 3021 1644 3089 Ἰησοῦ
1677 3022 1808 3086 ἄξει

213 3107 339 3159 σὺν
367 3105 548 3171 αὐτῷ.

841 3222 1014 3275 ΟΡΟΣ
1042 3222 1166 3278 Ξῐίν.

215 3307 341 3360 Ὀτι
369 3309 430 3361 οὐ
465 3309 545 3363 δεῖ
571 3309 639 3364 τὰ
671 3310 935 3382 ἰδιώματα
958 3312 1052 3365 τοῦ
1079 3313 1277 3378 αἰῶνος
1297 3313 1491 3369 τούτου
1519 3315 1614 3368 καὶ
1666 3317 1806 3386 μετὰ

284 3400 385 3469 τὴν
437 3401 733 3454 ἀνάστασιν
784 3403 1124 3475 προσδοκᾷν,
1168 3405 1304 3458 ἀλλὰ
1363 3406 1654 3476 ἀγγελικὸν
1709 3409 1804 3461 καὶ

284 3491 564 3563 ἀπροσδεῆ
591 3493 704 3563 βίον
738 3495 934 3548 εἰδέναι
965 3498 1022 3549 ὲν
1058 3497 1136 3568 τῷ
1171 3497 1417 3568 μέλλοντι
1447 3499 1626 3553 αἰῶνι.

834 3675 1062 3744 Κεφάλ.
1100 3681 1172 3729 α’.

284 3763 584 3818 ΛΟΥΚΑΣ.
639 3767 1010 3836 Ἀποκριθεὶς
1042 3773 1074 3823 ό
1109 3768 1184 3838 (2)
1231 3768 1465 3836 Ἰησοῦς
1493 3765 1664 3824 εἶπεν
1695 3771 1803 3825 αὐ-

213 3855 338 3920 τοῖς
353 3874 365 3885 ·
389 3842 456 3909 ὁὶ
479 3858 593 3910 υἱοὶ
613 3857 720 3912 τοῦ
740 3860 956 3926 αὶῶνος
978 3861 1190 3914 τούτου
1221 3859 1479 3929 γαμοῦσι
1502 3861 1599 3914 καὶ
1637 3861 1805 3932 ἐκγα-

211 3946 476 4016 μίζονται
495 3966 508 3978 ·
535 3952 591 4003 οἱ
614 3948 684 4003 δὲ
714 3950 1176 4018 καταξιωθέντες
1199 3951 1305 4006 τοῦ
1329 3950 1543 4018 αἰῶνος
1564 3953 1802 4009 ἐκείνου

215 4039 419 4109 τυχεῖν
457 4041 554 4094 καὶ
586 4041 698 4111 τῆς
731 4043 1122 4110 ἀναστάσεως
1144 4043 1256 4113 τῆς
1299 4044 1368 4097 ἐκ
1406 4043 1638 4113 νεκρῶν
1663 4045 1802 4099 οὔτε

217 4132 532 4200 γαμοῦσιν,
555 4134 696 4187 οὔτε
717 4134 1144 4212 ἐκταμίζονται..
1167 4135 1315 4190 Οὔτε
1344 4135 1454 4206 γὰρ
1475 4137 1810 4190 ἀποθανεῖν·

217 4223 300 4275 ἔτι
328 4222 652 4280 δύνανταιο
697 4225 1003 4297 ἰσάγγελοι
1047 4226 1160 4296 γάρ
1205 4229 1347 4292 εἱσι,
1383 4227 1483 4280 καὶ
1523 4228 1644 4282 υἱοί
1683 4229 1802 4280 εισι

217 4314 320 4366 τοῦ
374 4315 548 4380 Θεοῦ,
603 4316 712 4386 τῆς
767 4317 1162 4385 ἀναστάσεως
1204 4319 1322 4373 υἱοὶ
1379 4318 1572 4386 ὄντες.
1620 4319 1800 4372 ΠΡΟΣ

217 4407 376 4463 ΚυΡ.
401 4414 474 4462 α’.
517 4409 670 4463 Ἀλλ’
696 4409 821 4479 ἐρεῖ
842 4426 951 4476 τις·
982 4409 1116 4476 Πῶς
1140 4411 1468 4481 ἐγείρονται
1491 4414 1545 4464 οἱ
1562 4411 1766 4480 νεκροί
1780 4426 1799 4473 ;

1917 547 2316 619 dereliquerunt
2347 564 2366 602 :
2400 565 2504 602 non
2534 549 2644 603 illis
2675 550 2960 619 imputetur
2988 551 3071 623 (11
3108 553 3247 609 Tim.
3281 571 3353 620 ιγ,
3388 555 3498 628 16).

1915 837 2080 908 286
2101 836 2544 904 Quod'orandum
2565 847 2648 893 est
2677 854 2777 909 pro
2808 839 2876 896 iis
2893 841 2992 911 qui
3025 841 3084 896 iu
3109 842 3502 904 tentationibus

2546 930 2870 1001 probantur.

2558 1062 2729 1131 Caput
2761 1061 2849 1120 11.

1986 1153 2192 1219 Simon,
2243 1153 2452 1220 Simon,
2509 1170 2625 1209 ecce
2687 1154 2926 1210 Satanas
2989 1158 3239 1226 expetivit
3298 1174 3386 1212 vos
3453 1168 3506 1213 ut

1915 1245 2171 1300 cribraret
2230 1247 2367 1300 sicut
2436 1246 2671 1300 triticum
2725 1263 2746 1303 :
2796 1247 2910 1318 Ego
2954 1258 3130 1302 autem
3173 1251 3354 1320 rogavi
3409 1268 3504 1321 pro

1915 1350 1983 1406 te,
2014 1351 2070 1395 ut
2117 1359 2220 1395 non
2260 1342 2472 1411 deﬁciat
2519 1342 2650 1411 ﬁdes
2701 1351 2791 1396 tua
2838 1341 2992 1412 (Luc.
3021 1358 3160 1405 xxu,
3197 1343 3288 1407 51,
3337 1343 3500 1412 52)...

1913 1432 1984 1487 Et
2023 1434 2216 1489 Petrus
2240 1433 2453 1504 quidem
2483 1434 2798 1488 servabatur
2833 1437 2887 1488 in
2917 1452 3148 1491 carcere.
3181 1434 3374 1492 Oratio
3406 1453 3505 1489 au-

1915 1535 2015 1580 tem
2049 1525 2210 1596 ﬁebat
2239 1526 2352 1580 sine
2392 1527 2785 1581 intermissione
2833 1527 2897 1579 ab
2945 1526 3188 1582 Ecclesia
3227 1527 3300 1581 ad
3330 1527 3502 1582 Deum

1911 1634 2005 1686 pro
2039 1635 2099 1673 eo
2128 1619 2271 1691 (Act.
2305 1634 2403 1684 xu,
2439 1619 2514 1690 ὅ).

2435 1799 2718 1856 REGULA
2752 1800 2967 1857 LXVII.

1907 1891 2062 1958 Quod
2092 1892 2279 1950 dolere
2311 1895 2382 1950 ob
2406 1910 2505 1950 eos
2531 1895 2625 1964 qui
2658 1895 3099 1958 obdormierunt,
3129 1894 3373 1950 alienum
3425 1895 3497 1948 sit

1980 1983 2050 2036 ab
2093 1982 2162 2038 iis
2191 1984 2285 2053 qui
2310 1995 2458 2038 certa
2498 1983 2603 2039 ﬁde
2631 1993 2818 2040 tenent
2859 1993 3199 2040 mortuorum
3245 2000 3498 2042 resurre—

1975 2077 2240 2132 etionem.

2563 2191 2736 2260 Caput
2780 2190 2828 2243 Ι.

1981 2280 2307 2354 Sequebatur
2356 2293 2533 2338 autem
2589 2281 2744 2335 illum
2798 2280 2966 2334 multa
3005 2282 3160 2333 turba
3216 2280 3395 2350 populi
3449 2293 3500 2331 et

1908 2375 2225 2440 mulierum,
2273 2391 2389 2444 qua:
2443 2384 2493 2429 et
2544 2372 2907 2445 plangebant,
2967 2382 3017 2426 et
3069 2373 3502 2426 lamentabantur

1907 2483 2026 2520 eum
2057 2484 2073 2520 :
2107 2483 2388 2522 conversus
2413 2476 2591 2521 autem
2619 2467 2756 2519 dixit
2783 2465 2851 2519 ad
2885 2465 3007 2519 illas
3035 2481 3052 2518 :
3090 2461 3250 2518 Filite
3274 2462 3502 2518 Jerusa-

1911 2560 2032 2622 lem,
2062 2560 2224 2614 nolite
2247 2559 2372 2628 ﬂere
2393 2575 2549 2628 super
2571 2576 2650 2614 me
2677 2557 2828 2629 (Luc.
2849 2573 3009 2623 χχιιι,
3032 2556 3123 2619 27,
3141 2555 3326 2627 28)....
3359 2553 3501 2609 Nolo

1910 2660 2084 2705 autem
2119 2668 2205 2706 vos
2232 2653 2497 2721 ignorare,
2527 2652 2745 2722 fratres,
2779 2652 2842 2704 de
2871 2649 3276 2711 dormientibus,
3308 2657 3366 2700 ut
3395 2665 3500 2701 non

1910 2745 2291 2798 contristemini
2316 2745 2454 2798 sicut
2487 2752 2537 2798 et
2569 2745 2745 2798 creteri
2774 2744 2866 2813 qui
2889 2758 3033 2812 spem
3061 2759 3162 2794 non
3194 2740 3408 2794 habent.
3440 2740 3501 2795 Si

1909 2835 2046 2888 enim
2071 2835 2331 2890 credimus
2353 2835 2490 2906 quod
2511 2835 2668 2890 Jesus
2702 2845 2940 2889 mortuus
2964 2843 3064 2898 est,
3092 2842 3141 2887 et
3168 2835 3497 2888 resurrexit:

1910 2930 1989 2982 ita
2018 2937 2067 2983 et
2097 2927 2238 2983 Deus
2272 2945 2359 2984 eos
2394 2930 2485 3000 qui
2515 2928 2847 2983 dormierunt
2879 2945 2971 2998 per
2998 2927 3186 2982 .lesum
3209 2967 3224 2994 ,
3276 2926 3499 2980 adducet

1912 3040 2030 3077 eum
2060 3041 2118 3078 eo
2152 3021 2208 3093 (I
2244 3023 2426 3079 Thess.
2456 3039 2532 3087 Iv,
2567 3024 2655 3088 15,
2694 3023 2806 3093 14).

2425 3201 2708 3258 REGULA
2742 3202 2972 3258 LXVIII.

1907 3298 2060 3365 Quod
2115 3298 2278 3353 etiam
2336 3304 2462 3366 post
2518 3297 2975 3352 resurrectionem
3035 3313 3144 3352 non
3209 3304 3339 3353 sunt
3398 3311 3500 3350 ex-

1975 3389 2270 3457 spectanda
2297 3403 2360 3442 ea
2383 3403 2504 3456 qua}
2531 3394 2659 3442 sunt
2690 3375 2852 3456 hujus
2880 3389 3056 3443 anatis
3086 3389 3306 3459 prapria
3335 3407 3345 3441 :
3386 3387 3483 3441 sed

1976 3481 2260 3535 sciendum
2292 3489 2377 3534 est
2411 3481 2579 3533 vitam
2607 3479 2774 3533 futuri
2805 3481 2989 3535 saeculi
3013 3483 3314 3552 angelicam
3347 3497 3493 3546 esse,

1975 3581 2028 3628 et
2060 3574 2266 3629 nullius
2295 3573 2374 3627 rei
2407 3572 2672 3643 indigam.

2557 3683 2728 3752 Caput
2769 3684 2819 3739 Ι.

1978 3773 2307 3845 Respondens
2351 3774 2508 3830 Jesus
2563 3775 2700 3830 dixit
2733 3776 2845 3830 illis
2873 3792 2892 3829 :
2933 3774 3067 3830 Filii
3099 3777 3257 3846 hujus
3307 3777 3494 3832 saeculi
3603 3836 3609 3842 ,

1903 3867 2100 3921 ducunt
2133 3883 2345 3931 uxores,
2375 3867 2426 3920 et
2455 3867 2642 3932 nuptui
2671 3866 2911 3919 dantur:
2957 3865 3042 3918 illi
3072 3883 3189 3920 vero
3217 3868 3306 3936 qui
3344 3867 3493 3937 digni

1902 3959 2235 4014 habebuntur
2255 3960 2449 4014 saeculo
2475 3958 2568 4011 illo
2588 3998 2602 4021 ,
2635 3966 2685 4011 et
2721 3957 3105 4011 resurrectione
3142 3972 3207 4011 ea:
3236 3960 3486 4019 mortuis,

1902 4069 2065 4122 neque
2113 4051 2311 4105 ducunt
2358 4066 2572 4114 uxores,
2612 4067 2774 4121 neque
2817 4052 3005 4119 nuptui
3033 4050 3251 4104 dantur.
3310 4048 3493 4121 Neque

1901 4147 2040 4198 enim
2073 4145 2218 4197 ultra
2241 4144 2375 4196 mori
2395 4152 2614 4212 possunt
2639 4159 2657 4195 :
2691 4143 2918 4214 aequales
2942 4143 3080 4196 enim
3108 4143 3310 4212 angelis
3341 4151 3488 4208 sunt,

1902 4241 1951 4284 et
1979 4232 2080 4300 ﬁlii
2109 4240 2231 4285 sunt
2262 4229 2396 4292 Dei,
2432 4247 2550 4284 cum
2607 4231 2714 4285 sint
2764 4232 2870 4300 ﬁlii
2898 4233 3298 4286 resurrectionis
3331 4231 3486 4304 (Luc.

1903 4337 1994 4384 xx,
2027 4320 2310 4386 54-56)....
2367 4319 2472 4374 Sed
2524 4320 2662 4376 dicet
2711 4323 2902 4392 aliquis
2931 4338 2950 4376 :
2989 4321 3265 4389 Quomodo
3313 4339 3491 4378 resur-

1902 4422 2032 4485 gunt
2061 4413 2298 4467 mortui?
2325 4413 2528 4483 qualive
2557 4429 2776 4482 corpore
2803 4414 3004 4468 venient
3025 4417 3050 4468 ἶ)
3089 4413 3383 4483 Insipiens,
3425 4425 3482 4468 tu

220 4499 362 4566 ποίῳ
386 4500 456 4553 δὲ
476 4501 706 4570 σώματι
737 4501 1042 4571 ἔρχονται;
1073 4505 1310 4572 Ἀφρον,
1338 4504 1420 4556 σὺ
1450 4501 1481 4555 ὃ
1507 4502 1796 4569 σπείρεις,

1918 4504 2041 4578 γιιοά
2074 4506 2326 4567 seminus,
2353 4521 2458 4558 non
2499 4504 2828 4575 viviﬁcatur,
2876 4507 2982 4559 nisi
3021 4506 3174 4570 prius
3201 4507 3482 4560 moriatur.

220 4593 289 4644 οὐ
330 4589 708 4659 ζωοποιεῖται,
736 4595 846 4648 ἐὰν
890 4595 971 4665 μὴ
1005 4595 1282 4664 ἀποθάνῃ
1317 4594 1574 4664 πρῶτον.
1612 4595 1725 4649 Καὶ
1766 4594 1799 4647 ὃ
1838 4655 1840 4657 _

221 4688 499 4755 σπείρεις,
556 4691 630 4742 οὐ
671 4688 738 4741 τὸ
777 4686 948 4758 σῶμα
973 4689 1040 4741 τὸ
1065 4689 1474 4758 γενησόμενον
1501 4687 1796 4756 σπείρεις,
1827 4678 1850 4701 ’⁵

221 4777 375 4832 ἀλλὰ
401 4781 636 4849 γυμνὸν
657 4782 903 4845 κόκκον,
931 4785 980 4834 ει
1011 4783 1178 4850 τύχοι
1207 4780 1404 4840 σίτου,
1434 4780 1474 4848 ἢ
1501 4797 1665 4846 τινος
1682 4779 1799 4833 τῶν

220 4868 457 4923 λοιπῶν.
499 4870 553 4922 Ὁ
580 4871 649 4924 δὲ
675 4871 821 4938 Θεὸς
864 4871 1115 4925 δίδωσιν
1151 4870 1312 4936 αὐτῷ
1362 4869 1554 4940 σῶμα,
1603 4870 1795 4936 καθὼς

223 4962 491 5032 ἠθέλησε.
533 4966 645 5020 Καὶ
679 4967 795 5035 μετ’
825 4965 1008 5034 ὀλίγα·
1039 4965 1202 5018 Οὕτω
1233 4964 1332 5018 καὶ
1373 4965 1412 5032 ἢ
1456 4963 1794 5028 ἀνάστασις

219 5051 337 5104 τῶν
375 5054 616 5125 νεκρῶν.
663 5057 973 5123 Σπείρεται
1026 5056 1096 5109 ἐν
1140 5051 1350 5123 φθορᾷ,
1391 5053 1677 5124 ἐγείρεται
1721 5051 1791 5103 ἐν

221 5143 531 5214 ἀφθαρσίᾳ.
554 5148 867 5215 Σπείρεται
890 5148 960 5200 ἐν
977 5146 1196 5214 ἀτιμίᾳ,
1221 5146 1506 5216 ἐγείρεται
1521 5143 1589 5196 ἐν
1613 5140 1786 5209 δόξῃο

219 5238 514 5306 σπείρεται
560 5240 631 5291 ἐν
697 5239 1000 5307 ἀσθενείᾳ,
1059 5238 1345 5308 ἐγείρεται
1403 5236 1473 5289 ἐν
1507 5235 1786 5302 δυνάμειο

220 5331 514 5399 σπείρεται
552 5331 725 5401 σῶμα
763 5332 1052 5401 ψυχικὸν,
1086 5331 1375 5400 ἐγείρεται
1410 5326 1582 5398 σῶμα
1610 5345 1793 5382 πνευ-

220 5426 480 5491 ματικόν.

290 5564 392 5636 (98)
411 5565 634 5636 Qntiqui
663 5565 774 5620 duo
799 5564 924 5636 libri
950 5563 1231 5636 γινομένη.

292 5633 394 5703 (99)
422 5633 574 5691 Posf
604 5636 760 5700 illud,
792 5635 934 5704 ὑπὲρ
976 5633 1162 5692 αὑτοῦ.
1200 5633 1527 5704 sequuntur
1569 5634 1682 5688 haec
1726 5633 1779 5686 in

292 5653 394 5703 (33)
426 5653 553 5691 l’OSl
605 5653 760 5700 lllllﬂ,
792 5653 896 5687 υπε
976 5653 1162 5692 αυτου.
1216 5653 1527 5704 sequuntur
1571 5653 1682 5688 ηειιε
1726 5653 1779 5686 In

222 5702 347 5774 Heg.
378 5709 533 5761 tertio
550 5714 606 5761 et
632 5705 866 5761 Messan.
905 5653 1098 5768 ᾕιστὺς
1125 5705 1180 5758 δὲ
1208 5705 1236 5757 ὁ
1269 5705 1420 5774 Θεὸς,
1451 5717 1534 5762 etc
1567 5745 1581 5771 ,
1608 5721 1781 5776 usque

224 5779 292 5830 ad
311 5778 520 5842 verbum
548 5778 892 5834 ὑπενεγκεῖν.
922 5778 943 5830 1
967 5775 1094 5832 Cor.
1127 5792 1182 5834 ι.
1210 5776 1296 5832 14.

1901 4599 1970 4653 Et
2009 4599 2146 4670 quod
2184 4600 2449 4658 seminas.
2488 4615 2592 4652 non
2631 4615 2818 4669 corpus
2848 4639 2863 4663 ,
2910 4598 3049 4669 quod
3086 4598 3326 4667 futurum
3367 4608 3483 4666 est,

1899 4693 2163 4755 seminus,
2199 4690 2289 4745 sed
2324 4691 2522 4745 nudum
2549 4708 2798 4761 granum,
2851 4701 2908 4744 ut
2959 4700 3089 4761 puta
3138 4691 3344 4754 tritici,
3389 4701 3484 4744 aut

1901 4779 2130 4848 alicujus
2179 4790 2507 4834 (ceterorum.
2549 4779 2693 4834 Deus
2749 4791 2925 4834 autem
2977 4780 3072 4834 dat
3117 4781 3199 4833 illi
3255 4797 3479 4848 corpus,

1900 4873 2034 4925 sicut
2070 4872 2234 4925 voluit
2264 4870 2317 4941 (Ι
2359 4871 2484 4926 Cor.
2523 4887 2616 4936 xv,
2651 4872 2866 4944 34-36).
2901 4872 2968 4926 Et
3001 4872 3165 4942 paulo
3195 4879 3356 4941 post:
3392 4873 3482 4928 Sic

1897 4973 1948 5016 et
1979 4964 2293 5017 resurrectio
2325 4973 2676 5019 mortuorum.
2707 4962 3015 5018 Seminatur
3046 4964 3099 5016 in
3124 4965 3478 5033 corruptione,

1899 5061 2127 5130 resurgit
2157 5062 2213 5114 in
2243 5061 2672 5131 incorruptione:
2705 5062 2996 5115 seminatur
3039 5062 3096 5114 in
3129 5060 3477 5132 ignobilitate,

1897 5153 2125 5224 resurgit
2149 5153 2205 5206 in
2228 5153 2402 5224 gloria
2428 5168 2449 5209 :
2478 5154 2773 5207 seminatur
2800 5152 2855 5206 in
2883 5151 3217 5221 inﬁrmitate,
3255 5155 3481 5222 resurgit

1894 5245 1950 5298 in
1983 5246 2213 5299 uirtute:
2245 5247 2538 5299 seminatur
2565 5261 2758 5314 corpus
2793 5243 3045 5310 animale,
3092 5245 3317 5314 resurgit
3363 5260 3481 5298 coro

1894 5355 1992 5409 pus
2026 5339 2269 5408 spiritale
2305 5338 2472 5408 (Ibid.
2509 5337 2722 5410 42-“).

1963 5559 2042 5630 (1)
2078 5556 2324 5633 Utraque
2342 5558 2512 5615 editio
2528 5560 2969 5633 κεκοιμημένοις.
2990 5558 3175 5616 Nostri
3205 5565 3318 5614 tres
3342 5572 3475 5615 mss.

1892 5647 1976 5684 κοι
2024 5648 2069 5682 ω
2116 5630 2275 5691 ένοις.
2749 5630 2778 5633 ’⁷

1897 5771 1909 5775 _
2073 5647 2517 5775 Etraqueueditm
2552 5698 2893 5775 Ἀποκριθεὶς
2914 5701 2970 5756 δὲ
2993 5704 3041 5758 ὁ.
3080 5701 3148 5758 At
3175 5701 3386 5775 .vocula
3420 5698 3478 5755 δέ

1897 5771 1953 5827 in
1983 5770 2138 5828 libris
2166 5770 2440 5829 veteribus
2472 5786 2580 5826 non
2607 5770 2907 5830 invenitur.
