3962 6238
428 359 531 416 807

1743 349 1800 405 S.
1844 348 2087 405 BASILII
2127 348 2337 404 MAGNI

3571 345 3670 400 808

428 473 583 542 Quod
634 475 844 526 Domini
908 470 1173 525 adventus
1226 470 1415 526 locatis
1455 478 1544 524 aut
1600 470 1835 526 carnalis
1887 486 1993 524 non

2130 473 2223 523 Οτι
2277 470 2335 521 οὐ
2395 468 2475 521 δεῖ
2525 466 2752 538 τοπικὴν
2807 465 2839 536 ἦ
2909 466 3177 537 σαρκικὴν
3229 463 3543 536 ἐκδέχεσθαι
3577 466 3672 534 τὴν

497 563 662 634 287
705 563 778 617 sit
825 562 1265 631 expectandus:
1297 561 1391 616 sed
1441 560 1740 631 praestolari
1789 569 2004 630 oportet

501 656 791 709 adventum
826 654 1010 710 subito
1038 669 1137 724 per
1177 655 1493 709 universum
1528 653 1718 708 urbem
1748 652 1804 706 in
1830 653 2003 723 gloria

501 744 680 800 Patris
714 744 977 799 futurum.

1063 852 1239 925 Caput
1289 851 1373 913 II.
1649 920 1653 924 ι

507 947 651 1002 Tunc
680 949 727 1002 si
752 948 869 1018 quis
897 947 1039 1001 vobis
1076 945 1314 1001 dixerit:
1346 943 1480 1000 Ecce
1507 945 1591 1000 hic
1625 954 1705 1002 est
1731 944 2001 1012 Christus,

435 1051 530 1094 aut
569 1039 702 1105 illic,
726 1056 793 1095 ne
829 1039 1176 1097 credideritis.
1231 1038 1531 1109 Etsurgent
1582 1039 1723 1093 enim
1782 1041 2009 1109 pseudo-

435 1134 657 1200 Christi,
686 1142 738 1188 et
768 1133 1279 1204 pseudo-prophetae,
1308 1142 1358 1187 et
1400 1131 1601 1186 dabunt
1632 1133 1784 1203 signa
1815 1150 2008 1203 magna

435 1237 484 1283 et
515 1234 777 1298 portenta,
808 1224 937 1280 adeo
978 1234 1036 1278 ut
1083 1226 1141 1278 in
1182 1240 1414 1279 errorem
1443 1223 1785 1290 inducantur,
1815 1224 1863 1277 si
1890 1225 2009 1293 ﬁeri

434 1327 640 1387 potest,
690 1318 851 1371 etiam
886 1316 1039 1371 electi
1070 1313 1289 1369 (Matth.
1331 1330 1458 1368 xxw
1483 1354 1498 1379 ,
1539 1313 1631 1380 25,
1660 1314 1846 1377 24)....
1910 1313 2010 1368 Vos

438 1420 613 1466 autem
642 1408 805 1465 videte
831 1423 850 1461 :
879 1423 1015 1471 ecce,
1047 1405 1273 1475 Praedixi
1296 1404 1437 1460 vobis
1462 1407 1659 1460 omnia.
1692 1403 1796 1460 Sed
1822 1405 1877 1459 in
1900 1404 2010 1459 illis

437 1502 641 1568 diebus,
665 1510 782 1571 post
813 1499 1206 1554 tribulationem
1232 1498 1405 1563 illam,
1428 1497 1510 1552 sol
1530 1497 2008 1562 contenebrabitur,

436 1606 485 1649 et
520 1594 648 1649 luna
689 1609 793 1647 non
833 1590 984 1646 dabit
1026 1590 1356 1662 splendorem
1387 1605 1582 1645 suum:
1614 1599 1663 1645 et
1696 1589 1866 1645 stellte
1896 1589 2013 1644 cali

437 1693 591 1739 erunt
617 1683 930 1747 decidentes,
955 1692 1006 1737 et
1035 1683 1252 1736 virtutes
1296 1694 1413 1751 qua:
1455 1681 1513 1735 in
1552 1680 1696 1735 caelis
1723 1690 1868 1745 sunt,
1899 1697 2014 1735 mo-

2175 561 2475 632 παρουσίαν
2497 560 2591 613 τοῦ
2624 559 2846 631 Κυρίου,
2877 557 2990 611 ἀλλ’
3016 561 3072 611 ὲν
3098 560 3164 629 τῇ
3188 556 3317 631 δόξῃ
3342 557 3444 611 τοῦ
3466 557 3673 628 [ἰατρὸς

2176 652 2312 705 κατὰ
2365 652 2547 722 πάσης
2590 651 2691 719 τῆς
2733 650 3058 722 οἰκουμένης
3097 650 3306 722 ἀθρόως
3347 650 3670 722 προσδοκᾷν.

2718 870 2945 939 Κεφάλ.
2977 872 3058 937 β’.

2144 960 2543 1015 ’ΜΑΤΘΑΙΟΣ
2583 962 2738 1021 Τότε.
2768 960 2876 1013 ἐάν
2902 961 2978 1028 (5)
3017 977 3108 1025 τις
3133 961 3275 1030 ύμῖν
3315 963 3492 1031 ετπῃ·
3535 962 3675 1017 Ἰδοὺ

2106 1046 2223 1106 ὦδε
2260 1056 2292 1105 ό
2340 1053 2611 1119 Χριστὸς,
2640 1053 2679 1119 ἢ
2709 1046 2845 1113 ὦδε,
2865 1050 2951 1120 μὴ
2990 1054 3371 1120 πιστεύσητε.
3411 1055 3678 1124 Ἐγερθή-

2109 1162 2319 1200 σονται
2340 1145 2450 1214 γὰρ
2476 1144 2895 1214 ψευδόχριστοι
2922 1145 3021 1198 καὶ
3045 1144 3555 1214 ψευδοπροφῆται,
3584 1146 3675 1199 καὶ

2110 1237 2373 1290 δώσουσι
2403 1236 2620 1305 σημεῖα
2644 1235 2878 1306 μεγάλα
2895 1235 2993 1289 καὶ
3015 1236 3246 1304 τέρατα,
3267 1236 3426 1289 ὣστε
3451 1236 3681 1306 πλανῆ-

2111 1343 2235 1391 σαι,
2256 1330 2307 1382 ει
2327 1327 2608 1394 δυνατὸν,
2630 1328 2884 1394 καὶτοὺς
2904 1327 3231 1393 ἐκλεκτούς
3255 1328 3351 1397 (4).
3373 1329 3675 1382 ΜΛΡΚΟΣ.

2123 1420 2306 1491 Ὑμεῖς
2330 1420 2399 1474 δὲ
2434 1420 2697 1485 βλέπετε
2717 1436 2729 1449 °
2758 1419 2910 1485 ιδοὺ,
2943 1422 3265 1490 προείρηκα
3292 1414 3437 1490 ὑμῖν
3463 1419 3676 1475 πάντα.

2125 1512 2275 1566 Ἀλλ’
2310 1511 2380 1565 ἐν
2425 1512 2681 1577 ἐκείναις
2709 1510 2837 1577 ταῖς
2868 1510 3116 1581 ἡμέραις
3136 1511 3287 1582 μετὰ
3314 1512 3432 1580 τὴν
3470 1514 3680 1580 θλίψιν

2117 1602 2359 1671 ἐκείνην
2384 1606 2418 1658 ὁ
2443 1601 2617 1671 ἥλιος
2643 1602 3130 1671 σκοτισθήσεται,
3161 1603 3260 1657 καὶ
3285 1605 3325 1672 η
3341 1602 3580 1673 σελήνη
3612 1606 3680 1658 οὐ

2112 1695 2291 1750 δώσει
2310 1695 2377 1749 τὸ
2410 1695 2628 1765 φέγγος
2663 1695 2872 1764 αὐτῆς,
2907 1695 3008 1750 καὶ
3030 1699 3083 1750 οὶ
3103 1694 3352 1764 ἀστέρες
3366 1690 3474 1751 τοῦ
3510 1698 3681 1764 ούρα-

438 1777 713 1832 vebuntur.
746 1775 813 1830 Et
848 1785 970 1828 tunc
1015 1772 1261 1828 videbunt
1292 1770 1496 1826 Filium
1543 1770 1770 1825 hominis
1807 1773 2013 1826 venien-

2130 1782 2225 1840 νοῦ
2278 1787 2524 1843 ἔσονται
2558 1787 2973 1854 ἐκπίπτοντες,
3000 1786 3097 1840 καὶ
3126 1790 3185 1840 al
3208 1785 3499 1856 δυνάμεις
3531 1789 3592 1840 αι
3618 1787 3682 1840 ἐν

442 1880 545 1926 tem
576 1870 633 1924 in
664 1868 887 1923 nubibus
933 1882 1053 1923 cum
1081 1868 1272 1920 virtute
1316 1875 1367 1919 et
1407 1865 1581 1935 gloria
1613 1865 1781 1919 multa
1816 1864 2012 1936 (Marc.

442 1976 562 2026 xm,
581 1960 868 2030 23—26)....
898 1955 1016 2012 Hoc
1048 1958 1186 2011 enim
1215 1956 1357 2011 vobis
1383 1955 1607 2009 dicimus
1635 1955 1691 2008 in
1722 1953 1876 2009 verbo
1925 1954 2016 2010 Do-

2114 1874 2240 1941 τοῖς
2268 1876 2544 1944 οὐρανοῖς
2583 1876 3091 1944 σαλευθήσονται.
3122 1877 3230 1931 Kal
3266 1877 3402 1930 τότε
3434 1877 3683 1945 ὄψονται

2118 1969 2224 2022 τὸν
2261 1969 2396 2023 Υίὸν
2426 1970 2532 2024 τοῦ
2573 1972 2887 2039 ἀνθρώπου
2941 1971 3266 2041 ἐρχόμενον
3303 1977 3374 2024 έν
3405 1972 3685 2040 νεφέλαις

444 2054 595 2117 mini,
630 2053 756 2122 quia
787 2067 882 2105 nos
914 2051 1004 2119 qui
1034 2048 1251 2103 vivimus
1276 2089 1292 2115 ,
1338 2049 1430 2116 qui
1484 2047 1686 2101 residui
1733 2064 1916 2102 sumus
1962 2048 2018 2104 in

2130 2062 2261 2115 αετὰ
2281 2060 2588 2132 δυνάμεως
2604 2063 2700 2117 καὶ
2718 2062 2904 2131 δόξης
2919 2062 3176 2131 πολλῆς.
3195 2063 3392 2117 ΠΡΟΣ.
3407 2063 3600 2120 ΘΕΣΣ.
3618 2064 3683 2117 α’.

445 2145 722 2199 adventum
758 2142 993 2207 Domini,
1023 2158 1127 2196 non
1166 2142 1538 2210 prteveuiemus
1558 2157 1646 2196 eos
1673 2142 1763 2213 qui
1780 2142 2014 2198 dormie-

444 2244 568 2290 runt
597 2250 615 2289 :
643 2234 892 2305 quoniam
928 2234 1040 2303 ipse
1082 2231 1341 2287 Dominus
1371 2232 1425 2285 in
1449 2232 1609 2302 jussu
1628 2272 1645 2297 ,
1674 2233 1731 2287 in
1760 2248 1881 2288 voce
1933 2230 2018 2288 ar-

445 2328 703 2400 changeli,
727 2334 776 2382 et
810 2327 866 2380 in
896 2327 1023 2380 tuba
1048 2323 1144 2379 Dei
1168 2323 1444 2380 descendet
1475 2323 1541 2380 de
1560 2324 1708 2391 caelo,
1738 2334 1790 2381 et
1818 2328 2018 2385 mortui

443 2421 501 2474 in
529 2418 738 2475 Christo
772 2426 1036 2488 resurgant
1078 2417 1307 2484 primum
1340 2415 1396 2485 (I
1434 2415 1613 2471 Thess.
1644 2432 1718 2483 Iv,
1756 2419 1857 2485 15,
1898 2419 2015 2491 16).

2123 2151 2306 2205 Τοῦτο
2356 2152 2467 2222 γὰρ
2514 2153 2657 2223 ὑμῖν
2708 2153 2966 2224 λέγομεν
3007 2155 3077 2208 έν
3102 2157 3262 2224 λόγῳ
3306 2157 3553 2225 Κυρίου,
3603 2155 3687 2209 ὅτι

2119 2243 2289 2315 ἡμεῖς
2309 2248 2365 2299 οι
2389 2243 2619 2311 ζῶντες,
2648 2249 2702 2300 οι
2722 2247 3195 2316 περιλειπόμενοι
3222 2250 3307 2313 είς
3328 2247 3445 2316 τὴν
3472 2263 3691 2317 παρου-

2121 2335 2266 2389 σίαν
2300 2334 2408 2389 τοῦ
2453 2337 2695 2405 Κυρίου,
2740 2339 2812 2391 οὐ
2835 2336 2922 2408 μὴ
2950 2337 3272 2407 φθάσωμεν
3305 2338 3450 2406 τοὺς
3487 2357 3685 2410 κοιμη-

2121 2422 2359 2491 θέντας⁸
2409 2425 2499 2479 ὅτι
2541 2425 2725 2493 αὐτὸς
2764 2430 2797 2481 ό
2837 2428 3053 2496 Κύριος
3100 2429 3171 2481 ὲν
3202 2429 3588 2498 κελεύσματι,
3626 2433 3690 2483 ἐν

444 2512 614 2583 φωνῇ
669 2508 1061 2581 ἀρχαγγέλου,
1098 2509 1195 2565 καὶ
1232 2510 1304 2564 ἐν
1331 2508 1618 2581 σάλπιγγι
1684 2511 1834 2565 Θεοῦ
1910 2514 2308 2583 καταϐήσεται
2352 2520 2453 2595 ἀπ’
2517 2520 2804 2589 οὐρανοῦ,
2855 2522 2953 2574 καὶ
3008 2524 3062 2574 οἱ
3108 2521 3305 2589 νεκροὶ
3353 2522 3423 2574 ἐν
3463 2520 3693 2590 Χριστῴ

445 2605 892 2674 ἀναστήσονται
925 2601 1160 2673 πρῶτον
1191 2602 1291 2675 (5).

987 2716 1259 2773 BEGULA
1307 2717 1490 2773 LXIX.

448 2808 797 2879 Quaecunque
841 2807 1178 2877 eonjunctim
1226 2806 1661 2872 interdicuntur,
1707 2808 1873 2863 etiam
1923 2809 2019 2863 ad-

795 2914 988 2956 versus
1016 2914 1080 2953 ea
1108 2899 1451 2953 intentantur
1473 2898 1656 2954 minae.

1102 3025 1273 3095 Caput
1307 3024 1359 3081 Ι.

2730 2721 2901 2778 ΟΡΟΣ
2937 2722 3035 2776 ΞΘ¹
3043 2765 3057 2778 .

2126 2820 2265 2872 Ὅσα
2303 2817 2441 2872 κατὰ
2476 2818 2768 2887 συνάφειαν
2796 2817 3250 2889 ἅπαγορεύονται,
3286 2818 3380 2873 καὶ
3421 2818 3693 2889 ἀπόφασιν

2649 2908 2865 2979 δέχεται
2906 2908 3158 2979 ἀπειλῆς.

2741 3040 2968 3110 Κεφάλ.
3007 3046 3083 3096 α’.

524 3120 598 3176 De
625 3120 779 3177 corde
790 3121 927 3177 enim
943 3128 1127 3175 exeunt
1153 3119 1495 3189 cogitationes
1518 3118 1695 3182 mulce,
1717 3118 2019 3186 homicidia,

2193 3133 2558 3187 ΜΛΤΘΑΙΟΣ.
2616 3135 2710 3187 Ἐκ
2747 3134 2858 3204 γὰρ
2894 3133 3005 3203 τῆς
3051 3134 3303 3203 καρδίας
3346 3135 3693 3207 ἐξέρχονται

451 3212 735 3276 adulteria,
758 3211 1151 3282 fornicationes,
1166 3209 1333 3279 furta,
1365 3208 1509 3278 falsa
1533 3210 1854 3271 testimonia,
1876 3210 2021 3263 blas-

450 3305 691 3362 vhemiw.
723 3303 851 3358 Haec
881 3311 1004 3358 sunt
1022 3318 1136 3372 qua:
1162 3301 1501 3370 coinquinant
1523 3299 1782 3354 hominem
1806 3299 2023 3371 (Matth.

450 3412 542 3461 xv,
576 3395 666 3459 19,
693 3396 856 3466 20)...
898 3393 1160 3449 Discedite
1200 3410 1233 3447 a
1260 3409 1361 3457 me,
1408 3393 1719 3456 maledicti,
1767 3394 1819 3446 in
1858 3396 2027 3463 ignem

451 3496 728 3550 attentum,
760 3487 847 3556 qui
896 3495 1116 3555 paratus
1162 3493 1238 3538 est
1295 3484 1512 3539 diabolo
1544 3493 1594 3539 et
1641 3485 1842 3554 angelis
1887 3486 2024 3553 ejus.

451 3578 667 3633 Esurivi
695 3580 854 3642 enim,
879 3588 927 3633 et
960 3594 1062 3631 non
1094 3576 1314 3631 dedistis
1334 3576 1464 3631 mihi
1480 3576 1830 3641 manducare;
1863 3579 2024 3639 sitivi,

449 3680 500 3725 et
530 3686 634 3725 non
663 3670 879 3725 dedistis
903 3670 1031 3723 mihi
1055 3678 1272 3738 potum;
1300 3668 1484 3739 hospes
1512 3685 1679 3737 eram,
1709 3679 1759 3724 et
1790 3686 1893 3724 non
1918 3670 2029 3724 col—

453 3764 651 3835 legistis
685 3780 801 3831 me;
852 3761 1024 3818 nudus
1047 3801 1062 3828 ,
1107 3771 1156 3817 et
1192 3779 1297 3817 non
1336 3761 1682 3833 cooperuistis
1715 3776 1795 3816 me
1815 3777 1835 3827 ;
1870 3763 2027 3830 inﬁr-

452 3871 591 3919 ntus,
617 3864 667 3909 et
698 3857 755 3909 in
783 3870 1012 3919 carcere,
1039 3866 1086 3908 et
1110 3871 1216 3909 non
1246 3855 1506 3909 visitastis
1538 3870 1619 3910 me
1652 3853 1868 3924 (Matth.
1897 3871 2025 3920 xxv,

450 3945 713 4018 41-45)...
758 3947 843 4002 Vte
873 3946 1016 4002 vobis
1049 3946 1321 4010 divitibus,
1349 3947 1477 4017 quia
1529 3947 1730 4002 habetis
1781 3947 2030 4001 consola-

453 4039 647 4093 tionem
676 4049 921 4093 vestrant.
984 4037 1075 4093 Va:
1127 4038 1271 4093 vobis
1303 4039 1394 4110 qui
1423 4040 1658 4094 saturati
1705 4041 1869 4103 estis,
1906 4042 2032 4109 quia

451 4133 693 4188 esurietis
718 4147 736 4186 :
767 4146 843 4186 va:
866 4132 1007 4186 vobis
1036 4131 1126 4199 qui
1155 4129 1337 4184 ridetis
1367 4146 1527 4195 nunc,
1551 4131 1679 4200 quia
1715 4130 1957 4202 lugebitis
1979 4141 2030 4185 et

452 4225 685 4295 ﬂebitis;
733 4240 810 4279 va:
840 4240 959 4277 cum
1001 4223 1353 4277 benedixerint
1402 4224 1542 4278 vobis
1575 4240 1751 4278 omnes
1795 4224 2030 4279 homines

456 4321 610 4395 (Luc.
643 4338 718 4384 VI,
745 4320 1012 4392 24-26)...
1049 4318 1315 4374 Attendite
1361 4328 1537 4373 autem
1579 4318 1744 4382 vobis,
1785 4335 1847 4373 ne
1891 4319 2030 4390 forte

452 4424 737 4488 graventur
772 4412 936 4468 corda
969 4421 1142 4467 vestra
1180 4412 1237 4465 in
1277 4411 1501 4481 crapula
1524 4449 1540 4476 ,
1583 4418 1635 4466 et
1666 4410 1946 4475 ebrietate,
1978 4421 2027 4467 et

2125 3223 2499 3293 διαλογισμοὶ
2554 3225 2838 3292 πονηροὶ,
2900 3227 3108 3296 φόνοι,
3190 3227 3489 3297 μοιχεῖαι,
3560 3246 3696 3299 πορ·

2125 3317 2275 3369 νεῖαι
2305 3316 2419 3387 (6),
2486 3317 2745 3381 κλοπαὶ,
2799 3317 3308 3387 ψευδομαρτυρίαι
3330 3360 3345 3385 ,
3406 3321 3697 3392 ,βλασφηο

2120 3411 2268 3479 μίαι.
2310 3409 2498 3463 Ταῦτά
2528 3411 2659 3464 ἐστι
2691 3409 2765 3464 τὰ
2806 3411 3128 3465 κοινοῦντα
3170 3411 3277 3465 τὸν
3311 3412 3693 3483 ἄνθρωπον...

2126 3503 2458 3568 Πορεύεσθε
2512 3501 2614 3554 ἀπ’
2673 3499 2842 3569 ἐμοῦ,
2901 3503 2957 3555 οἱ
3006 3501 3431 3572 κατηραμένοι,
3492 3507 3582 3569 εις
3635 3498 3701 3559 τὸ

2126 3594 2245 3661 πῦρ
2306 3592 2372 3645 τὸ
2412 3590 2652 3646 αἰώνιον
2701 3592 2771 3645 τὸ
2832 3592 3275 3663 ἡτοιμασμένον
3325 3593 3407 3659 τῷ
3429 3594 3705 3664 διαϐόλῳ

2127 3680 2367 3746 καὶτοῖς
2393 3681 2669 3751 ἀγγέλοις
2688 3681 2895 3737 αὑτοῦ.
2934 3682 3261 3736 Ἐπείνασα
3292 3684 3424 3752 γὰρ,
3457 3685 3559 3737 καὶ
3590 3687 3707 3739 οὐκ

2126 3773 2381 3828 ἐδώκατέ
2402 3791 2503 3844 μοι
2533 3775 2774 3844 φαγεῖν·
2800 3773 3087 3843 ἐδίψησα,
3111 3774 3209 3828 καὶ
3239 3777 3351 3830 οὐκ
3381 3776 3706 3830 ἐποτίσατέ

2122 3881 2225 3934 με·
2260 3863 2437 3929 ξένος
2455 3864 2642 3933 ἢμην,
2674 3864 2774 3918 καὶ
2809 3865 2882 3918 οὐ
2918 3862 3295 3933 συνηγάγετέ
3316 3881 3423 3933 με·
3449 3865 3700 3934 γυμνὸς,

2130 3954 2227 4008 καὶ
2261 3955 2334 4007 οὐ
2365 3952 2743 4022 περιεϐάλετέ
2767 3970 2869 4023 με·
2891 3954 3177 4021 ἀσθενὴς,
3204 3955 3302 4009 καὶ
3333 3956 3405 4008 ἐν
3428 3956 3698 4025 φυλακῇ,

2128 4046 2229 4099 καὶ
2266 4048 2377 4099 οὐκ
2434 4044 2860 4114 ἐπεσκέψασθέ
2891 4061 2986 4115 με.
3027 4046 3322 4100 ΔΟΥΚΑΣ.
3364 4046 3510 4100 οὐαὶ
3562 4046 3702 4116 ὑμῖν

2129 4138 2253 4203 τοῖς
2304 4139 2620 4204 πλουσίοις
2641 4177 2657 4203 ,
2704 4137 2794 4191 ὅτι
2841 4138 3093 4207 ἀπέχετε
3150 4136 3264 4206 τὴν
3317 4137 3703 4207 παράκλησιν

2129 4228 2327 4299 ὑμῶν’
2363 4228 2497 4283 οὐαὶ
2545 4232 2599 4282 οὶ
2652 4227 3172 4297 ἐμπεπλησμένοι,
3213 4228 3301 4282 ὅτι
3346 4228 3696 4284 πεινάσετε*

2129 4321 2262 4376 οὐαὶ
2308 4321 2450 4391 ὑμῖν
2485 4324 2539 4376 οἱ
2575 4320 2867 4390 γελῶντες
2902 4321 3017 4375 νῦν
3042 4361 3059 4388 ,
3103 4320 3194 4374 ὅτι
3230 4321 3568 4390 πενθήσετε
3603 4323 3700 4376 και

2129 4415 2451 4469 κλαύσετε·
2487 4413 2621 4467 οὐαὶ
2653 4414 2797 4467 ὅταν
2834 4413 3035 4478 καλῶς
3074 4416 3329 4468 εῑπωσιν
3368 4415 3527 4483 ὑμᾶς
3560 4415 3704 4470 πάν⁸

453 4507 599 4564 curis
630 4505 787 4576 hujus
812 4506 954 4570 vitae,
975 4514 1025 4559 et
1050 4505 1320 4573 derepente
1347 4505 1673 4573 superveniat
1705 4505 1760 4558 in
1795 4521 1885 4559 vos
1916 4505 2019 4560 diet

2131 4522 2231 4570 τες
2259 4508 2314 4559 οί
2342 4503 2657 4573 ἅνθρωποι.
2686 4504 3019 4574 Προσέχετε
3060 4504 3130 4557 δὲ
3162 4505 3420 4573 ἑαυτοῖς,
3467 4507 3706 4575 μήποτε

453 4600 554 4653 illa
582 4596 734 4667 (Luc.
765 4610 883 4663 χιιι,
914 4597 1073 4668 54)...
1109 4596 1176 4649 Ει
1200 4597 1337 4651 sicut
1360 4613 1465 4651 non
1491 4598 1843 4666 probaverunt
1861 4596 2019 4651 Deum

2130 4596 2517 4666 ,ϐαρυνθῶσιν
2558 4596 2726 4667 ὑμῶν
2755 4601 2814 4651 al
2840 4597 3073 4667 καρδίαι
3114 4598 3184 4651 ἐν
3227 4599 3565 4666 κραιπάλῃ,
3606 4600 3705 4653 καὶ

454 4692 643 4747 habere
683 4692 739 4745 in
771 4689 995 4757 notitia,
1043 4688 1266 4744 tradidit
1300 4688 1422 4744 illos
1480 4689 1617 4744 Deus
1645 4690 1702 4744 in
1751 4690 2019 4758 reprobum

2130 4690 2300 4758 μέθῃ,
2325 4688 2423 4743 καὶ
2451 4690 2766 4759 μερίμναις
2796 4690 3124 4757 βιωτικαῖς,
3155 4691 3255 4744 καὶ
3292 4691 3603 4760 αιφνιδίως
3625 4692 3705 4759 (7)

454 4800 687 4848 sensum,
714 4792 771 4836 ut
803 4783 1003 4852 faciant
1032 4796 1095 4836 ea
1120 4797 1236 4852 qua
1283 4799 1388 4837 non
1422 4782 1737 4837 conveniunt
1761 4798 1780 4838 :
1809 4784 2019 4852 repleto:

2134 4778 2352 4847 ἐπιστῇ
2382 4779 2474 4849 ἐφ’
2504 4779 2659 4849 ὑμᾶς
2677 4781 2716 4848 ἠ
2740 4780 2929 4849 ἡμέρα
2950 4781 3174 4848 ἐκείνη.
3201 4781 3379 4834 ΠΡΟΣ
3406 4782 3568 4834 ΡΩΜ.
3594 4782 3707 4835 Kal

456 4875 600 4929 omni
646 4874 961 4944 iniquitate,
1022 4873 1410 4943 fornicatione,
1471 4873 1738 4938 avaritia,
1794 4873 2019 4944 nequitia

2135 4871 2329 4938 καθὼς
2378 4874 2488 4926 οὐκ
2530 4872 2901 4943 ἐδοκίμασαν
2944 4874 3051 4927 τὸν
3094 4872 3246 4945 Θεὸν
3278 4873 3446 4943 ἔχειν
3483 4875 3553 4927 ἐν
3586 4874 3709 4925 ἐπι-

457 4966 634 5037 (Rom.
672 4982 712 5032 ι,
742 4965 848 5032 28,
901 4964 1036 5037 29),
1068 4972 1224 5021 etc...
1276 4962 1418 5018 Nam
1444 4982 1462 5019 :
1500 4963 1625 5018 Non
1658 4962 1986 5019 adulterabis
2007 5005 2022 5029 ,

528 5117 605 5189 (5)
635 5115 763 5189 Haec
797 5119 984 5182 verba,
1029 5117 1172 5182 τότε,
1220 5116 1495 5189 ὲάν,εις.,
1542 5117 1773 5171 inveniri
1821 5117 2022 5187 partim

458 5184 603 5257 apud
633 5186 964 5259 Mattb_a3um,
990 5189 1190 5259 partim
1220 5184 1361 5259 apud
1390 5184 1659 5259 Marcum,
1698 5184 2026 5259 recte-nota-

459 5256 574 5329 tum
596 5265 682 5329 est
708 5258 763 5312 in
786 5257 922 5329 Reg.
952 5256 1165 5329 primo;
1195 5256 1296 5313 nec
1320 5256 1624 5313 debuerant
1643 5256 1812 5311 tribui
1841 5258 2029 5311 omnia

460 5327 726 5398 Marcoiin
764 5327 994 5398 utraque
1029 5327 1289 5384 editione.

529 5397 608 5468 (4)
638 5397 770 5453 Post
801 5395 989 5454 vocem
1018 5398 1305 5461 ἐκλεκτούς
1333 5398 1408 5451 ita
1440 5396 1641 5451 habent
1666 5396 1777 5451 duo
1802 5395 1856 5449 hi
1888 5411 2029 5466 quos

459 5469 659 5537 saepius
697 5468 928 5523 indicavi
958 5468 1120 5521 libri:
1168 5469 1371 5522 Ἐὰνδὲ
1410 5468 1656 5530 εῖπωσιν,
1697 5477 1826 5530 ete.,
1857 5482 2032 5534 usque

459 5537 529 5591 ad
560 5537 714 5604 illud,
736 5537 874 5611 ﬁgit
902 5537 996 5611 τοῦ
1036 5538 1365 5611 ἀνθρώπους
1402 5553 1527 5611 Quae
1576 5537 1872 5611 verba‘legi
1898 5552 2027 5606 pus-

458 5618 590 5679 sunt
614 5608 756 5679 apud
780 5607 1090 5679 Mattbzeum
1111 5606 1258 5672 x'xw,
1285 5608 1374 5661 26.
1397 5607 1665 5662 Praeterea
1696 5606 1879 5661 addita
1896 5615 2026 5661 sunt

458 5674 551 5731 illa
583 5674 665 5731 εί
685 5677 869 5732 Marco
895 5678 951 5732 in
981 5677 1337 5742 Messanensi,
1370 5680 1464 5732 καὶ
1492 5679 1612 5731 τότε
1639 5679 1733 5732 ὲάν
1752 5693 1859 5743 τις,
1888 5685 2022 5741 ctc.,

457 5760 630 5816 usque
658 5750 725 5804 ad
754 5762 917 5805 voces
945 5748 1037 5803 καί
1071 5749 1195 5812 τοὺς
1232 5748 1538 5817 ἐκλεκτούς,
1572 5747 1741 5805 Marc.
1772 5762 1894 5818 xm,
1927 5745 2020 5804 21.

2135 4963 2370 5034 γνώσει,
2407 4964 2748 5034 παρέδωκεν
2778 4965 3001 5030 αὐτοὺς
3036 4967 3069 5019 ὁ
3122 4966 3269 5032 Θεὸς
3293 4968 3382 5031 εὶς
3418 4966 3710 5035 ἀδόκιμον

2199 5118 2281 5195 (5)
2305 5118 2441 5195 (leg.
2464 5120 2678 5195 primus
2705 5121 3030 5195 emendatus
3049 5123 3445 5195 ἀναστήσονται
3472 5122 3707 5195 πρῶτοι.

2128 5187 2285 5263 Haud
2311 5187 2483 5263 longe
2514 5189 2647 5261 Reg.
2680 5193 2874 5248 tertius
2904 5193 3177 5262 ἀπόφασιν
3202 5187 3468 5263 δέχονται.

2202 5258 2281 5381 (εἷ)
2311 5257 2527 5342 γορεωο
2553 5257 2797 5333 πορνεῖαι
2826 5278 2894 5317 ει
2927 5257 3167 5319 editione
3200 5257 3407 5319 veneta
3440 5260 3624 5317 addidi
3655 5270 3710 5318 et

2131 5343 2200 5385 ex
2285 5344 2369 5385 ea.
2405 5338 2588 5385 tertio.

2235 5338 2314 5383 ﬂe
2356 5368 2369 5381 .
2405 5338 2588 5385 tertio.

2205 5398 2282 5468 (7)
2316 5344 2449 5467 ἔζεε.
2495 5400 2709 5472 primus
2753 5400 2847 5456 καὶ
2876 5401 3157 5471 αἰφνίδιος,
3200 5410 3257 5457 et
3301 5404 3378 5456 ita
3414 5401 3616 5472 legitur
3652 5417 3713 5456 tn

2137 5471 2751 5541 sacrohtextnyulgato,
2782 5484 2834 5524 et
2863 5476 3193 5540 superveniat
3219 5475 3273 5526 in
3307 5488 3395 5526 vos
3434 5471 3713 5541 repentina

2136 5538 2246 5616 dies
2268 5539 2385 5616 illa.
2402 5536 2630 5616 _lbi'deni
2652 5549 2776 5616 post
2796 5536 2960 5616 voces
2981 5543 3163 5616 ἡμέρα
3186 5541 3381 5616 ἐκείνη
3400 5536 3714 5616 sequuntur

2132 5607 2250 5681 bare
2297 5610 2353 5662 in
2402 5606 2542 5678 Reg.
2595 5606 2759 5681 tertio
2802 5620 2859 5667 et
2912 5612 2967 5666 in
3004 5606 3270 5672 Messian.
3317 5606 3562 5666 'Ecwtls'v
3599 5612 3714 5681 γὰρ

2131 5679 2211 5741 ὲν,
2245 5686 2376 5804 ιὲῗη
2408 5694 2582 5751 usque
2606 5680 2673 5736 ad
2702 5696 2863 5739 voces
2893 5687 3060 5739 κοινοῖ
3082 5684 3172 5738 τδν
3200 5683 3511 5753 ἄνθρωπον,
3536 5679 3711 5737 Mare.

2133 5763 2233 5804 vn.
2335 5790 2347 5804 .

2133 5763 2233 5817 vn,
2257 5763 2347 5804 τι.
