3962 6238
504 316 601 383 9H

1823 325 1880 382 S.
1919 323 2157 381 BASIL“
2195 322 2410 380 MACNI

502 439 673 498 nostri
699 431 827 493 Jesu
842 436 1040 493 Christi
1065 478 1080 503 ,
1110 447 1159 493 et
1187 439 1235 493 ei
1255 454 1372 510 quae
1392 441 1677 495 secundum
1705 440 1953 512 pietatem
1971 451 2069 507 est,

2172 440 2534 511 βρωμάτων,
2596 438 2635 493 ά
2689 442 2721 494 6
2782 440 2925 506 Θεὸς
2970 439 3212 496 ἔκτισεν
3272 442 3353 507 εις
3405 442 3741 514 μετάληψιν

502 530 756 586 doctrina:
782 548 800 585 :
832 531 876 585 is
898 530 1149 601 superbus
1178 542 1279 594 est,
1310 532 1444 587 nihil
1485 534 1676 599 sciens,
1701 532 1790 589 sed
1820 533 2071 605 languens

502 623 645 677 circa
673 623 1019 693 quaestiones,
1064 632 1116 676 et
1151 638 1354 692 pugnas
1404 623 1712 689 verborum,
1768 640 1834 679 e1:
1884 624 2072 696 quibus

502 717 673 769 oritur
705 714 936 777 invidia,
982 715 1280 781 contentio,
1329 713 1704 785 blasphemiae,
1751 717 2072 785 suspiciones

501 809 679 873 malae,
702 823 954 876 perversa:
991 806 1404 874 conﬂictationes
1446 807 1714 861 hominum
1762 818 1929 861 mente
1956 823 2074 861 cor-

501 910 798 970 ruptorum,
822 909 872 955 et
902 901 989 971 qui
1015 902 1230 955 veritate
1255 901 1451 969 privati
1478 912 1620 963 sunt,
1651 899 2072 954 existimantium

500 1000 757 1060 quaestum
790 1005 903 1044 esse
957 991 1220 1057 pietatem.
1272 989 1489 1044 Discede
1540 1007 1573 1043 a
1617 990 1809 1044 talibus
1844 989 1896 1061 (Ι
1931 990 2069 1045 Tim.

500 1080 782 1152 v1,5-5)...
828 1078 895 1133 In
951 1081 1245 1134 novissimis
1301 1080 1482 1135 diebus
1532 1080 1803 1134 instabunt
1838 1091 2072 1150 tempora

499 1171 812 1241 periculosa.
874 1169 1046 1225 Erunt
1092 1174 1228 1226 enim
1265 1172 1497 1226 homines
1547 1173 1743 1244 seipsos
1796 1184 2069 1239 amantes,

500 1266 679 1335 cupidi
711 1266 1071 1334 pecuniarum,
1096 1266 1244 1329 elati,
1285 1265 1513 1334 superbi,
1541 1265 1848 1334 blasphemi,
1881 1281 2073 1334 paren-

502 1356 641 1409 tibus
668 1372 771 1410 non
795 1353 1106 1421 obedientes,
1133 1344 1346 1426 ingrati,
1379 1355 1605 1422 scelesti,
1631 1357 1742 1409 sine
1774 1357 2068 1425 a/fectione,

501 1449 614 1503 sine
658 1448 885 1519 fwdere,
952 1450 1316 1503 criminatores
1343 1491 1357 1514 ,
1432 1448 1852 1511 incontinentes,
1898 1448 2073 1501 immi-

504 1550 598 1603 tes,
640 1542 750 1595 sine
782 1539 1118 1610 benignitate,
1152 1540 1316 1611 289
1343 1541 1658 1610 proditores,
1684 1540 1914 1610 protervi
1941 1583 1950 1603 ,
1984 1548 2069 1592 tu-

502 1632 651 1698 midi,
682 1636 1007 1702 voluptatum
1045 1644 1306 1687 amatores
1356 1634 1523 1705 magis
1582 1649 1740 1703 quam
1790 1632 1887 1685 Dei
1917 1648 1935 1685 :
1975 1632 2073 1685 ha-

502 1719 675 1773 bentes
707 1722 927 1788 speciem
959 1718 1165 1790 quidem
1196 1720 1438 1787 pietatis,
1476 1719 1722 1773 virtutem
1754 1728 1926 1770 autem
1955 1717 2069 1782 ejus

2168 532 2295 602 μετ⁹
2369 530 2755 601 εὐχαριστίας
2824 531 2949 599 τοῖς
3021 532 3257 599 πιστοῖς
3315 534 3414 589 καὶ
3493 535 3739 605 ἐπεγνω-

2173 624 2311 678 κόσι
2365 623 2481 692 τὴν
2541 622 2842 690 ἀλήθειαν-
2917 625 3097 679 ΠΡΟΣ
3156 625 3283 679 ΤΙΜ
3379 633 3447 681 α’.
3511 629 3586 681 ΕΖ
3661 644 3740 694 τις

2171 715 2721 784 ἑτεροδιδασκαλεῖ,
2796 716 2892 771 καὶ
2956 716 3044 786 μὴ
3105 716 3499 787 προσέρχεται
3558 720 3739 788 ὑγιαί-

2171 822 2349 861 νουσι
2374 809 2578 877 λόγοις
2602 807 2726 873 τοῖς
2763 808 2871 861 τοῦ
2910 809 3132 883 Κιιρίου
3160 810 3329 878 ἡμῶν
3377 810 3581 877 Ἰησοῦ
3617 812 3741 878 Χρι-

2172 897 2343 963 στοῦ,
2385 898 2481 951 καὶ
2529 896 2602 966 τῇ
2641 898 2768 951 κατ’
2803 897 3116 953 εὐσέϐειαν
3152 899 3538 969 διδασκαλίᾳ,
3582 901 3740 955 τετύ-

2173 1004 2357 1056 φωται
2381 1027 2397 1052 ,
2438 987 2633 1057 μηδὲν
2670 988 3105 1058 ἐπιστάμενος,
3166 991 3326 1044 ἀλλὰ
3367 991 3570 1045 νοσῶν
3620 993 3739 1061 περὶ

2175 1077 2450 1147 ζητήσεις
2481 1079 2577 1133 καὶ
2606 1079 2998 1148 λογομαχίας,
3034 1079 3103 1142 ἐξ
3137 1073 3226 1133 ὧν
3256 1081 3479 1151 γίνεται
3503 1083 3739 1150 φθόνος,

2172 1167 2327 1235 ἕρις,
2354 1170 2741 1237 ,βλασφημίαι
2773 1168 2920 1239 (15),
2965 1170 3243 1223 ὑπόνοιαι
3293 1172 3583 1239 πονηραὶ,
3631 1171 3744 1225 δια-

2174 1263 2522 1329 παρατριϐαὶ
2569 1261 3018 1331 διεφθαρμένων
3058 1263 3385 1330 ἀνθρώπων
3432 1264 3539 1317 τὸν
3576 1267 3738 1327 νοῦν,

2173 1356 2268 1409 καὶ
2325 1356 2821 1423 ἀπεστερημένων
2866 1353 2974 1422 τῆς
3025 1357 3344 1422 ἀληθείας,
3396 1356 3744 1426 νομιζόντων

2173 1448 2468 1516 πορισμὸν
2486 1444 2635 1500 εἶναι
2656 1440 3118 1514 τὴνεύσέϐειαν.
3150 1447 3481 1516 Ἀφίστασο
3502 1450 3624 1503 ἀπὸ
3640 1448 3744 1503 τῶν

2171 1540 2471 1592 τοιούτων.
2500 1541 2678 1592 ΠΡΟΣ
2704 1541 2847 1593 ΤΙΜ.
2879 1540 2942 1610 β’.
2962 1541 3049 1594 Ἐν
3091 1539 3369 1611 ἐσχάταις
3392 1543 3642 1610 ἡμέραις
3658 1542 3741 1594 ἐν·

2172 1627 2501 1693 στήσονται
2532 1628 2720 1696 καιροὶ
2748 1630 3019 1698 χαλεποί.
3040 1631 3322 1684 Ἔσονται
3341 1631 3446 1702 γὰρ
3464 1635 3520 1685 ci
3537 1631 3745 1700 ἀνθρω-

2207 1732 2307 1771 ποι
2326 1718 2624 1786 φίλαυτοι,
2648 1717 3018 1789 φιλάργιιοοι,
3034 1720 3338 1785 ἀλαζόνες,
3356 1720 3741 1790 ὑπερήφανοι,

502 1812 854 1880 abnegantes;
883 1819 932 1864 et
970 1789 1064 1865 hos
1093 1809 1265 1863 devita
1298 1807 1383 1881 (II
1420 1808 1557 1865 Tim.
1595 1824 1675 1875 tu,
1704 1807 1890 1879 1-5)...
1930 1806 2069 1861 Era-

2174 1804 2548 1876 βλάσφημοι,
2587 1808 2875 1876 γονεῦσιν
2913 1810 3195 1876 ἀπειθεῖς,
3246 1789 3595 1882 ἀχάριστοι,
3652 1813 3744 1865 ἀν-

501 1919 618 1956 mus
655 1903 792 1955 enim
823 1900 1107 1971 aliquando
1163 1910 1211 1954 et
1267 1916 1359 1955 nos
1398 1900 1726 1968 insipientes,
1769 1898 2066 1963 increduli,

499 2003 757 2058 errantes,
787 1992 1059 2046 servientes
1085 1990 1359 2045 desideriis
1399 2000 1450 2043 et
1494 1988 1842 2058 voluptatibus
1883 1988 2066 2052 variis,

499 2087 558 2141 in
590 2087 797 2139 malitia
824 2096 869 2139 et
901 2084 1099 2139 invidia
1127 2092 1355 2153 agentes,
1378 2081 1568 2147 odiosi,
1601 2081 1830 2136 odientes
1853 2082 2069 2135 invicem

502 2180 633 2252 (Tit.
673 2195 755 2247 ιιι,
783 2180 860 2242 5).

2176 1902 2350 1963 όσιοι,
2374 1900 2675 1970 ἄστοργοι,
2696 1901 3012 1966 ἄσπονδοι,
3032 1902 3315 1969 διάϐολοι,
3339 1906 3744 1973 άκρατεῖς,άν-

2170 1993 2403 2063 ήμεροι,
2425 1993 2802 2064 ἀφιλάγαθοι,
2826 1994 3126 2063 προδόται,
3147 1998 3481 2065 προπετεῖς,
3504 2016 3744 2067 τετυφω-

2172 2086 2377 2156 μένοι,
2422 2086 2737 2155 φιλήδονοι
2772 2086 3011 2156 μᾶλλον
3062 2088 3100 2156 ἢ
3150 2092 3455 2158 φιλόθεοι,
3510 2091 3743 2161 ἔχοντες

2170 2182 2484 2248 μόρφωσιν
2511 2179 2843 2246 εὐσεϐείας,
2868 2179 2983 2248 τὴν
2997 2179 3065 2233 δὲ
3096 2180 3558 2253 δύναμιναὺτῆς
3575 2184 3745 2252 ἠρνη-

493 2273 665 2345 μένοι
683 2292 696 2304 ’
723 2274 819 2326 καὶ
843 2273 1088 2336 τούτους
1109 2270 1463 2339 ἀποτρέπου.
1486 2268 1663 2321 ΠΡΟΣ
1686 2263 2008 2338 ΤῐΤῙΗμεν
2022 2268 2131 2339 γάρ
2148 2284 2294 2325 ποτε
2310 2272 2405 2325 καὶ
2428 2269 2597 2339 ἡμεῖς
2620 2271 2881 2339 ἀνόητοι,
2898 2272 3179 2339 ἀπειθεῖς,
3203 2276 3583 2344 πλανώμενοι
3619 2277 3744 2330 δου-

498 2366 777 2431 λεύοντες
786 2365 1118 2434 ἐπιθυμίαις
1128 2362 1222 2416 καὶ
1240 2361 1483 2430 ἡδοναῖς
1494 2361 1815 2428 ποικίλαις,
1830 2363 1898 2415 ἐν
1909 2363 2085 2431 κακίᾳ
2097 2363 2196 2419 καὶ
2208 2366 2407 2435 φθόνῳ
2423 2364 2748 2435 διάγοντες,
2762 2367 3069 2437 στυγητοί,
3078 2384 3223 2438 μισο
3232 2368 3406 2434 ῦντες
3417 2371 3743 2438 ἀλλήλους.

501 2486 846 2557 Quaecunque
876 2484 1211 2552 coniunctim
1241 2482 1691 2553 comprobantur,
1723 2492 1871 2540 certe
1899 2486 2067 2540 etiam

570 2578 969 2636 benedictionis
994 2577 1416 2649 promissionem
1446 2578 1652 2633 habent
1686 2578 2062 2649 eonjunotam.

2174 2486 2315 2542 Ὅσα
2365 2484 2505 2540 κατὰ
2549 2486 2846 2557 συνάφειαν
2903 2484 3320 2561 ὲγκρίνεται,ἦ
3364 2491 3460 2544 καὶ
3507 2493 3744 2560 εὐλογίας

2715 2579 3050 2649 ἐπαγγελίαν
3080 2580 3212 2652 ἔχει.

1129 2692 1297 2753 Caput
1344 2693 1431 2750 II.

2791 2698 3016 2753 Kwdl.
3058 2701 3141 2752 B'.

1129 2708 1297 2761 Laput
1344 2708 1431 2750 ιιι.

564 2786 716 2842 Beati
731 2800 981 2857 pauperes
997 2786 1184 2855 spiritu
1203 2828 1219 2853 ,
1241 2789 1487 2859 quoniam
1503 2788 1735 2857 ipsorum
1759 2797 1835 2841 est
1855 2802 2069 2857 regnum

2791 2708 2892 2752 κε’
2918 2708 3016 2753 ἀλ.
3058 2708 3141 2752 B'.

2249 2789 2617 2844 ΜΑΤΘΑΙΟΣ.
2652 2716 2939 2859 Μακάρίνι
2978 2793 3032 2843 οἱ
3063 2790 3286 2859 πτωχοὶ
3328 2789 3408 2857 τῷ
3438 2792 3747 2862 πνεύματι,

500 2880 767 2934 caelorum.
800 2879 955 2932 Beati
980 2879 1068 2949 qui
1110 2879 1326 2949 lugent,
1382 2880 1631 2950 quoniam
1665 2880 1766 2940 ipsi
1813 2878 2069 2932 consola-

2179 2881 2267 2934 δτι
2294 2880 2492 2935 αὐτῶν
2521 2883 2693 2935 ἐστιν
2719 2883 2757 2949 η
2786 2882 3076 2946 ,ϐασιλεία
3103 2880 3225 2936 τῶν
3243 2882 3540 2951 eiuras-(Br.
3560 2883 3748 2938 Μακά-

503 2969 715 3025 buntur.
747 2969 900 3024 Beati
930 2970 1115 3034 mites,
1153 2974 1402 3041 quoniam
1451 2971 1551 3039 ipsi
1593 2969 1930 3038 possidebunt
1966 2979 2069 3022 ter-

2172 2989 2291 3042 ριοι
2323 2975 2377 3025 οἱ
2408 2973 2788 3038 πενθοῦντες,
2821 2973 2908 3024 ὅτι
2950 2972 3119 3026 αὐτοὶ
3157 2975 3744 3042 παρακληθήσονται.

501 3078 636 3116 ram.
668 3062 924 3131 Beatiqui
945 3063 1184 3115 esuriant
1208 3072 1256 3115 et
1279 3062 1466 3116 sitiunt
1485 3062 1757 3131 justitiam
1778 3102 1792 3125 ,
1825 3060 2069 3131 quoniam

2177 3060 2466 3128 Μακάριοι
2506 3062 2561 3114 οι
2610 3060 2850 3129 πραεῖς,
2884 3059 2974 3114 ὅτι
3018 3061 3188 3115 αὐτοὶ
3222 3064 3747 3131 κληρονομήσουσι

500 3156 601 3223 ipsi
626 3153 1025 3210 saturabuntur.
1080 3153 1232 3208 Beati
1284 3154 1669 3217 misericordes,
1693 3155 1940 3225 quoniam
1972 3152 2075 3221 ipsi

501 3246 917 3300 misericordiam
973 3255 1372 3316 consequentur.
1448 3246 1602 3300 Beati
1648 3246 1844 3300 mundo
1884 3244 2071 3306 corde,

498 3336 749 3405 quoniam
774 3334 875 3402 ipsi
905 3333 1071 3387 Deum
1095 3334 1358 3387 videbunt.
1386 3334 1540 3388 Beati
1566 3335 1797 3404 paciﬁci,
1822 3336 2071 3405 quoniam

405 3420 421 3435 °
501 3427 604 3495 ﬁlii
632 3425 731 3479 Dei
758 3425 1097 3480 vocabuntur.
1130 3427 1286 3481 Beati
1314 3429 1402 3497 qui
1429 3429 1839 3497 persecutionem
1859 3430 2075 3497 patiun-

501 3524 590 3569 tur
615 3525 825 3584 propter
871 3515 1159 3584 justitiam,
1191 3519 1435 3587 quoniam
1473 3518 1705 3583 ipsorum
1738 3527 1816 3571 est
1857 3534 2074 3588 regnum

497 3608 769 3663 calorum.
803 3606 956 3661 Beati
984 3608 1134 3672 estis,
1163 3624 1279 3661 cum
1307 3609 1500 3676 probra
1525 3609 1798 3663 intulerint
1835 3608 1999 3673 vobis,
2022 3618 2072 3663 et

499 3699 754 3770 persecuti
778 3716 866 3754 vos
892 3699 1108 3768 fuerint,
1126 3709 1175 3753 et
1197 3698 1427 3753 dixerint
1458 3717 1609 3754 omne
1628 3700 1839 3754 verbum
1873 3700 2074 3753 malum

500 3793 775 3846 adversum
817 3807 904 3845 vos
944 3792 1285 3856 mentientes,
1337 3804 1547 3862 propter
1592 3808 1691 3846 me.
1744 3788 1979 3844 Gaudete
2022 3800 2073 3845 et

498 3883 783 3948 exsultate,
802 3885 1049 3955 quoniam
1072 3899 1263 3937 merces
1296 3893 1466 3937 vestra
1494 3883 1706 3952 copiosa
1734 3892 1812 3937 est
1847 3884 1900 3935 in
1930 3883 2072 3936 caelis

501 3973 717 4045 (Matth.
752 3990 807 4040 ν,
845 3973 1072 4041 5-12)...
1112 3973 1314 4039 Venite,
1375 3973 1631 4028 benedicti
1682 3972 1862 4027 Patris
1928 3973 2071 4039 mei,

497 4067 757 4137 possidete
826 4074 1077 4133 paratum
1128 4064 1272 4119 vobis
1331 4082 1545 4135 regnum
1615 4081 1647 4118 a
1698 4064 2073 4118 constitutione

501 4159 701 4214 mundi.
738 4157 951 4212 Esurivi
988 4160 1147 4221 enim,
1188 4169 1239 4212 et
1285 4158 1507 4212 dedistis
1547 4159 1676 4211 mihi
1714 4157 2071 4221 manducare;

499 4255 645 4308 sitivi
669 4292 684 4314 ,
717 4261 766 4307 et
795 4252 1014 4307 dedistis
1041 4252 1169 4305 mihi
1197 4251 1401 4314 bibere;
1438 4251 1622 4320 hospes
1646 4266 1813 4315 eram,
1839 4259 1889 4304 et
1912 4249 2073 4304 colle-

2175 3153 2291 3220 τὴν
2330 3152 2467 3223 γῆν.
2504 3152 2794 3219 Μακάριοι
2839 3154 2895 3205 οὶ
2943 3150 3265 3218 πεινῶντες
3310 3151 3410 3205 καὶ
3460 3152 3749 3223 διψῶντες

2175 3242 2292 3311 τὴν
2353 3244 2747 3311 δικαιοσύνην
2769 3282 2784 3308 ,
2847 3242 2936 3296 ὅτι
2992 3243 3160 3296 αὐτοὶ
3212 3244 3747 3312 χορτασθήσονται.

2174 3331 2462 3400 Μακάριοι
2488 3336 2541 3386 οὶ
2580 3331 2925 3401 ἐλεήμονες,
2958 3331 3046 3385 ὅτι
3079 3332 3249 3386 αὐτοὶ
3294 3333 3744 3401 ἐλεηθήσονται.

2174 3424 2464 3491 Μακάριοι
2497 3427 2551 3477 οἱ
2592 3423 2837 3491 καθαροὶ
2886 3422 2961 3492 τῇ
3004 3423 3250 3492 καρδίᾳ,
3297 3423 3385 3477 ὅτι
3432 3426 3605 3480 αὐτοὶ
3650 3424 3743 3475 τὸν

2179 3516 2327 3571 Θεὸν
2348 3516 2620 3584 ὄψονται.
2655 3515 2943 3583 Μακάριοι
2974 3518 3035 3569 οἱ
3056 3516 3441 3583 εἰρηνοποιοί,
3472 3517 3564 3569 ὅτι
3588 3514 3747 3569 αὐτοὶ

2174 3608 2291 3661 υἱοὶ
2318 3592 2468 3662 Θεοῦ
2502 3607 2934 3674 κληθήσονται.
2966 3607 3253 3675 Μακάριοι
3286 3611 3340 3661 οἱ
3373 3606 3749 3677 δεδιωγμένοι

2173 3700 2382 3754 ἕνεκεν
2413 3699 2825 3766 δικαιοσύνης,
2855 3699 2944 3751 ὅτι
2974 3698 3174 3752 αὐτῶν
3204 3699 3374 3753 ἐστιν
3399 3703 3437 3768 ἠ
3461 3700 3748 3765 βασιλεία

2174 3792 2294 3846 τῶν
2323 3792 2613 3861 οὐρανῶν.
2664 3791 2951 3859 Μακάριοι
2988 3793 3151 3856 ἐστε,
3187 3791 3333 3845 ὅταν
3372 3793 3750 3847 ὀνειδίσωσιν

2174 3885 2330 3955 ὑμᾶς
2357 3927 2371 3953 ,
2434 3884 2534 3937 καὶ
2581 3883 2856 3948 διώξωσι,
2904 3883 3002 3936 καὶ
3050 3885 3264 3937 εἴπωσι
3303 3882 3428 3939 πᾶν
3488 3884 3751 3953 ποιηρὸν

2165 3977 2333 4045 ῥῆμα
2372 3979 2501 4030 καθ’
2530 3975 2697 4044 ὑμῶν
2734 3975 3094 4044 ψευδόμενοι
3115 4016 3128 4040 ,
3165 3975 3376 4029 ἕνεκεν
3404 3977 3579 4047 ἐμοῦ.
3624 3977 3755 4029 Xa:-

2167 4087 2304 4138 ρετε
2348 4065 2859 4137 καὶάγαλλιᾶσθε,
2897 4067 2985 4122 ὅτι
3037 4071 3070 4122 ό
3094 4069 3314 4137 μισθὸς
3342 4069 3516 4139 ὑμῶν
3562 4068 3750 4135 πολὺς

2172 4162 2243 4213 ἐν
2273 4160 2396 4225 τοῖς
2435 4160 2731 4228 οὐρανοῖς.
2764 4160 3130 4213 ΜΑΤΘΑΙΟΣ.
3173 4161 3373 4224 Δεῦτε,
3416 4166 3473 4215 οἱ
3506 4165 3751 4233 εὐλογη-

2169 4251 2341 4321 μένοι
2373 4254 2479 4307 τοῦ
2507 4254 2737 4320 Πατρός
2760 4270 2898 4321 μου,
2925 4250 3422 4322 κληρονομήσατε
3450 4254 3571 4321 τὴν
3604 4255 3750 4322 ἡτοι-

498 4349 648 4420 gistis
678 4361 799 4410 me;
836 4344 1029 4408 nudus,
1055 4354 1104 4399 et
1155 4345 1498 4414 cooperuistis
1535 4360 1647 4405 me;
1701 4344 1981 4413 in/irmus,
2021 4351 2069 4396 et

2172 4344 2489 4415 μασμένην
2535 4344 2677 4413 ὑμῖν
2718 4345 3048 4409 ,Βασιλείαν
3086 4345 3205 4399 ἀπὸ
3260 4346 3609 4413 καταϐολῆς
3658 4347 3749 4399 κό-

498 4439 755 4495 visitastis
785 4452 900 4501 me;
932 4439 984 4489 in
1025 4453 1233 4490 carcere
1284 4452 1429 4489 eram
1457 4475 1471 4499 ,
1514 4445 1569 4490 et
1617 4437 1829 4490 venistis
1886 4433 1955 4487 ad
1989 4451 2069 4488 me

2174 4455 2352 4508 σμου.
2401 4440 2725 4492 Ἐπείνασα
2754 4436 2884 4506 γὰρ,
2915 4439 3014 4494 καὶ
3064 4438 3325 4493 ἐδώκατέ
3363 4458 3468 4509 μοι
3508 4440 3743 4510 φαγεῖν·

498 4530 716 4604 (Matth.
751 4545 874 4593 xxv,
901 4528 1156 4599 54:56)...
1207 4526 1325 4582 Sive
1376 4530 1465 4597 qui
1512 4528 1780 4581 ministrat
1825 4528 1876 4580 in
1914 4527 2071 4579 mini-

496 4621 737 4687 strando,
778 4622 883 4676 sive
926 4622 1015 4690 qui
1060 4619 1204 4673 docet
1238 4620 1291 4673 in
1328 4619 1572 4674 doctrina
1594 4637 1612 4674 :
1645 4620 1735 4690 qui
1760 4618 2073 4673 exhortatur

496 4719 549 4771 in
578 4715 923 4779 exhortando,
951 4713 1040 4785 qui
1075 4713 1254 4767 tribuit
1302 4715 1357 4767 in
1406 4714 1747 4783 simplicitate
1768 4753 1784 4778 ,
1812 4713 1901 4782 qui
1929 4726 2070 4781 prat-

495 4819 570 4863 est
604 4809 658 4861 in
692 4805 1071 4869 sollicitudine,
1104 4805 1194 4874 qui
1224 4805 1503 4859 miseretur
1543 4806 1598 4858 in
1640 4803 1950 4865 hilaritate;
1982 4802 2067 4853 di-

497 4901 648 4955 lectio
680 4902 792 4955 sine
820 4897 1156 4954 simulatione
1177 4913 1195 4950 :
1226 4895 1457 4951 odientes
1488 4898 1709 4960 malum,
1742 4896 2068 4949 acilia-rentes

497 4992 630 5046 bono
652 5034 666 5059 ,
698 4992 959 5045 charitate
984 4988 1338 5059 fraternitatis
1371 4989 1590 5043 invicem
1632 4985 1928 5057 diligentes,
1975 4985 2065 5037 ho-

494 5099 619 5139 nore
652 5082 867 5135 invicem
913 5080 1301 5151 pravenientes,
1332 5077 1689 5133 sollicitudine
1729 5092 1830 5130 non
1886 5075 2062 5147 pigri,

498 5172 687 5239 spiritu
723 5170 973 5239 ferventes
997 5186 1014 5223 :
1045 5170 1269 5224 Domino
1290 5171 1607 5223 servientes:
1635 5183 1722 5236 spe
1744 5166 2030 5238 gaudentes
2047 5180 2066 5219 :

492 5265 547 5317 in
584 5262 922 5316 tribulatione
953 5263 1207 5330 patientes
1233 5278 1252 5315 :
1299 5260 1530 5314 orationi
1558 5260 1816 5311 instantes
1839 5272 1857 5309 :
1892 5271 2062 5309 neces-

494 5356 741 5408 sitatibus
786 5362 1089 5406 sanctorum
1127 5350 1570 5404 communicantes
1596 5364 1614 5401 :
1653 5345 2066 5415 hospitalitatem

495 5462 769 5521 sectantes.
794 5446 1091 5501 Benedicite
1120 5443 1542 5515 persequentibus
1586 5457 1676 5496 vos
1715 5456 1729 5495 :
1760 5437 2068 5504 benedicite,

566 5622 678 5690 (15)
711 5622 845 5691 Reg.
877 5620 1151 5677 secundus
1180 5627 1234 5675 et
1264 5627 1497 5691 utraque
1523 5616 1694 5674 editio
1718 5613 2060 5687 βλασφημία.

493 5693 600 5748 Alii
627 5695 892 5763 duormss.
919 5692 1276 5763 βλασφημίαι.

563 5762 678 5836 (16)
722 5762 898 5817 Editio
919 5754 1231 5819 Ῥιηίἑὶἔιιδ.
1253 5758 1702 5833 περιεδάλλετε...
1733 5756 1791 5813 ἓν
1824 5754 2060 5827 φυλακῇ,

2176 4527 2491 4594 ἐδίψησα,
2536 4526 2633 4578 καὶ
2686 4525 3007 4579 ἐποτίσατέ
3041 4543 3146 4596 με·
3176 4526 3353 4595 ξένος
3402 4529 3600 4598 ἤμην,
3655 4527 3746 4580 καὶ

2176 4616 2548 4687 συνηγάγετέ
2590 4634 2695 4687 με’
2741 4618 3004 4687 γυμνὸς,
3071 4617 3171 4673 καὶ
3224 4619 3612 4688 περιεϐάλετέ
3642 4634 3745 4688 με·

2174 4708 2510 4777 ἠσθένησα,
2542 4708 2641 4761 καὶ
2671 4709 2782 4780 (16)
2808 4710 3231 4779 ἐπεσκέψασθέ
3258 4729 3336 4779 με
3355 4728 3368 4740 ·
3407 4711 3478 4764 ὲν
3507 4706 3749 4779 φυλακῇ

2173 4800 2355 4870 ἤμην,
2383 4802 2480 4854 καὶ
2532 4800 2748 4869 ἤλθετε
2793 4800 2943 4869 πρὸς
2964 4802 3061 4871 μέ.
3106 4804 3285 4857 ΠΡΟΣ
3324 4801 3488 4854 ΡΩΜ.
3534 4802 3677 4856 Εῑτε
3718 4802 3753 4854 6

2173 4888 2469 4945 διακονῶν
2512 4892 2581 4945 ἐν
2626 4891 2700 4960 τῇ
2743 4891 3044 4960 διακονίᾳ,
3087 4894 3207 4946 εἴτε
3253 4895 3288 4945 6
3342 4891 3653 4947 διδάσκων
3685 4892 3751 4946 ἐν

2176 4981 2249 5052 τῇ
2284 4983 2666 5051 διδασκαλίᾳ,
2715 4986 2748 5038 6
2806 4980 3172 5051 παρακαλῶν
3211 4983 3283 5037 ἐν
3330 4982 3407 5053 τῇ
3438 4983 3747 5052 nugare/iri-

2168 5088 2295 5138 σει,
2328 5076 2362 5127 6
2413 5072 2769 5144 μεταδιδοὺς
2821 5074 2891 5127 ἐν
2934 5074 3261 5142 ἁπλότητιθ
3306 5076 3341 5127 6
3389 5073 3749 5145 προϊστάμε-

2166 5182 2275 5231 νος
2322 5166 2393 5219 ἐν
2439 5164 2703 5233 σπουδῇ,
2732 5168 2769 5220 ό
2801 5165 2989 5219 ἐλεῶν
3032 5166 3104 5218 ἐν
3149 5166 3492 5233 ἱλαρότητι,
3533 5168 3577 5235 ἡ
3611 5162 3750 5234 ἀγά-

2168 5274 2254 5326 πη
2298 5258 2730 5326 ἀνυπόκριτοςο
2784 5257 3273 5327 ἀποστυγοῦντες
3336 5254 3407 5310 τὸ
3460 5257 3747 5325 πονηρὸν,

2170 5345 2536 5415 κολλώμενοι
2562 5345 2643 5412 τῷ
2670 5346 2900 5416 ἀγαθῷ·
2932 5344 3008 5415 τῇ
3040 5345 3411 5416 φιλαδελφίᾳ
3436 5348 3525 5411 εὶς
3563 5343 3750 5408 άλλη⁹

2168 5441 2320 5504 λους
2354 5438 2736 5508 φιλόστοργοι
2756 5456 2768 5468 ·
2808 5436 2884 5506 τῇ
2919 5436 3056 5507 τιμῇ
3087 5436 3404 5506 ἀλλήλους
3451 5434 3745 5506 προητυύι

2168 5619 2283 5688 καί.
2310 5615 2491 5672 Codex
2516 5618 2759 5674 Combei'.
2785 5626 2838 5673 et
2860 5617 2952 5672 alii
2979 5616 3089 5673 duo
3115 5614 3537 5688 περιεϐάλετε...
3562 5619 3626 5664 εν
3653 5624 3742 5680 90-

2168 5686 2308 5758 λακῇ
2339 5688 2508 5759 ἢμην,
2543 5689 2658 5743 καί.
