3962 6238
244 303 347 359 815

1685 294 2012 353 MORALIA.

3383 306 3489 361 ειι

240 428 443 486 μενοι·
496 411 570 481 τῇ
624 411 868 480 σπουδῇ
914 412 1001 482 μὴ
1053 411 1330 481 ὀκνηροί·
1387 408 1465 474 τῷ
1526 410 1813 479 πνεύματι

1930 418 1968 464 ιε
2016 410 2176 465 nolite
2207 410 2537 466 maledicere.
2583 410 2816 467 Gaudete
2867 429 2983 467 cum
3011 413 3362 485 gaudentibus
3385 459 3401 483 ,
3441 427 3492 474 et

246 504 475 573 ζέοντες
494 522 507 535 ·
533 503 615 570 τῷ
661 506 855 572 Κυρίῳ
886 504 1305 571 δουλεύοντες·
1337 501 1411 571 τῇ
1451 501 1649 557 ἐλπίδι
1688 504 1818 572 χαί-

239 608 491 663 ροντες·
540 592 617 662 τῇ
657 594 857 663 θλίψει
900 593 1337 663 ὑπομένοντες·
1385 590 1460 661 τῇ
1505 590 1817 661 προσευχῆ

245 685 863 754 προσκαρτεροῦντες·
909 685 1036 751 ταῖς
1061 687 1285 755 χρείαις
1312 682 1432 737 τῶν
1476 684 1660 753 ἀγίων
1696 701 1820 736 κοι-

243 778 578 843 νωνοῦντες
606 776 717 848 (i7)
740 796 752 806 ·
787 776 902 845 τὴν
942 778 1293 845 φιλοξενίαν
1323 776 1655 842 διώκοντες.
1704 777 1822 829 Εὐ-

241 871 475 939 λογεῖτε
496 871 638 937 τοὺς
666 869 992 936 διώκοντας
1023 867 1179 938 ὑμᾶς
1200 885 1214 897 ⁶
1248 869 1568 938 εὐλογεῖτε,
1610 867 1708 921 καὶ
1731 866 1818 936 μὴ

243 958 605 1029 καταρᾶσθε.
640 961 881 1028 Χαίρειν
902 959 1050 1029 μετὰ
1074 959 1423 1028 χαιρόντων,
1458 959 1557 1015 καὶ
1585 958 1822 1012 κλαίειν

237 1051 394 1120 μετὰ
420 1051 770 1105 κλαιόντων.
802 1051 872 1105 Τὸ
898 1050 1040 1105 αὐτὸ
1074 1053 1161 1116 εὶς
1188 1052 1503 1117 ἀλλήλους
1530 1050 1822 1120 φρονοῦν-

243 1165 376 1214 τες·
407 1148 495 1218 μὴ
526 1147 600 1201 τὰ
623 1147 837 1215 ὐερυηλὰ
869 1147 1251 1217 φρονοῦντες,
1277 1147 1437 1201 ἀλλὰ
1472 1146 1595 1213 τοῖς
1622 1160 1823 1200 ταπει-

243 1239 375 1306 νοῖς
411 1240 921 1309 συναπαγόμενοι.
963 1239 1059 1309 Μὴ
1084 1241 1325 1310 γίνεσθε
1362 1242 1635 1309 φρόνιμοι
1681 1240 1821 1307 παρ’

244 1331 518 1399 ἑαυτοῖς·
542 1331 757 1401 μηδενὶ
789 1332 976 1386 κακὸν
1002 1333 1134 1386 ἀντὶ
1178 1332 1367 1387 κακοῦ
1396 1332 1783 1397 ἀποδιδόντες
1807 1348 1820 1361 ·

241 1426 679 1493 προνοούμενοι
713 1425 870 1478 καλὰ
889 1423 1140 1478 ἐνώπιον
1185 1424 1426 1478 πάντων
1477 1423 1820 1493 ἀνθρώπων.

243 1518 318 1569 El
347 1515 636 1580 δυνατὸν,
663 1515 731 1569 τὸ
760 1516 830 1580 ἐξ
856 1515 1038 1585 ὑμῶν,
1057 1517 1207 1585 μετὰ
1237 1516 1478 1570 πάντων
1502 1515 1826 1583 ἀνθρώπων

241 1604 660 1671 εἰρηνεύοντες
677 1621 690 1635 ·
715 1605 801 1673 μὴ
824 1604 1075 1671 ἑαυτοὺς
1094 1605 1491 1672 ἐκδικοῦντες,
1506 1605 1823 1675 ἀγαπητοὶ,

242 1693 412 1747 ἀλλὰ
438 1693 575 1748 δότε
599 1695 788 1749 τόπον
830 1694 902 1765 τῇ
935 1695 1083 1766 ὀργῇ
1101 1715 1113 1727 ·
1146 1697 1465 1767 γέγραπται
1487 1694 1596 1768 γάρ
1614 1715 1626 1728 ο
1671 1696 1823 1765 Ἐμοι

1919 497 2037 566 flete
2068 514 2184 551 cum
2212 498 2457 567 ﬂentibus
2476 516 2497 553 .'
2529 500 2757 569 idipsum
2788 502 3006 556 invicem
3036 505 3314 560 sentientes
3336 522 3357 561 :
3387 526 3491 563 non

1919 589 2033 643 alta
2078 591 2358 659 sapientes,
2412 590 2502 645 sed
2543 591 2826 647 humilibus
2866 597 3265 654 consentientes.
3312 597 3493 655 Nolite

1919 698 2031 735 esse
2067 680 2347 750 prudentes
2377 680 2517 751 apud
2550 685 2888 752 vosmetipsos
2914 702 2932 739 :
2967 686 3104 740 nulli
3149 689 3350 744 malum
3397 706 3492 759 pro

1922 775 2062 827 malo
2111 775 2426 829 reddentes:
2454 775 2782 844 providentes
2839 781 2975 832 bona
3023 796 3206 835 coram
3251 783 3492 838 omnibus

1923 866 2237 922 hominibus.
2275 867 2336 922 Si
2369 869 2483 935 ﬁeri
2515 878 2713 939 potest,
2760 871 2897 941 quod
2936 887 3006 924 ex
3039 871 3180 927 vobis
3220 883 3328 934 est,
3376 892 3494 929 cum

1924 954 2162 1009 omnibus
2208 955 2503 1010 hominibus
2556 973 2737 1026 pacem
2771 956 3014 1012 habentes
3040 975 3057 1011 :
3089 976 3193 1013 non
3221 962 3497 1030 vosmetip-

1924 1064 2011 1102 sos
2071 1048 2399 1113 ulciscentes,
2436 1050 2762 1113 charissimi,
2818 1051 2908 1105 sed
2960 1046 3081 1105 date
3129 1053 3299 1107 locum
3357 1055 3493 1119 ircc;

1926 1141 2174 1210 scriptum
2207 1152 2285 1197 est
2316 1145 2456 1197 enim
2483 1159 2501 1197 :
2535 1143 2668 1198 Mihi
2716 1145 2947 1200 vindicta
2972 1185 2986 1210 ,
3039 1163 3132 1216 ego
3185 1149 3495 1212 retribuam,

1925 1231 2053 1285 dicit
2086 1232 2358 1288 Dominus.
2390 1233 2492 1289 Sed
2534 1236 2582 1289 si
2612 1238 2855 1291 esurierit
2894 1238 3143 1291 inimicus
3191 1248 3342 1304 tuus,
3378 1239 3499 1294 ciba

1926 1320 2076 1374 illum
2102 1338 2119 1375 :
2153 1324 2199 1375 si
2226 1339 2341 1376 vero
2371 1326 2502 1388 sitit,
2530 1332 2707 1393 potum
2734 1325 2805 1379 da
2828 1326 2928 1380 illi.
2965 1325 3096 1381 Noli
3122 1329 3311 1383 vincia
3334 1330 3499 1395 malo,

1924 1412 2014 1467 sed
2045 1415 2185 1469 vince
2209 1415 2262 1467 in
2292 1414 2425 1470 bono
2454 1417 2654 1471 malum
2685 1417 2856 1488 (Rom.
2886 1434 2984 1479 xu,
3018 1417 3238 1489 7-20)...
3273 1419 3499 1475 Nullam

1929 1505 1983 1558 in
2021 1505 2135 1558 ulla
2194 1523 2250 1561 re
2274 1496 2466 1562 dantes
2512 1508 2886 1577 offensionem,
2932 1520 2989 1563 ut
3033 1528 3136 1566 non
3183 1513 3501 1581 vituperetur

1927 1598 2275 1652 ministerium
2305 1616 2322 1652 :
2357 1598 2445 1653 sed
2472 1600 2525 1654 in
2558 1600 2722 1671 290
2738 1601 2979 1656 omnibus
3009 1602 3345 1658 exhibeamus
3376 1620 3502 1658 nos-

1930 1690 2198 1758 metipsos,
2255 1692 2390 1744 sicut
2420 1691 2519 1744 Dei
2550 1693 2820 1747 ministros
2843 1734 2858 1759 ,
2919 1682 2971 1747 in
3014 1694 3182 1748 multa
3209 1696 3497 1763 patientia.

237 1784 585 1851 ἐκδίκησις,
617 1785 733 1855 ἐγὼ
759 1787 1179 1855 ἀνταποδώσω,
1203 1789 1365 1858 λέγει
1392 1790 1623 1857 Κύριος.
1636 1784 1826 1842 Ἀλλὰ

1930 1781 1983 1831 in
2012 1778 2465 1845 tribulationibus,
2493 1781 2545 1834 in
2581 1777 2998 1847 necessitatibus,
3050 1784 3102 1837 in
3139 1785 3417 1853 angustiis,
3442 1793 3499 1838 in

242 1872 358 1928 ἐὰν
387 1873 566 1941 πεινᾷ
592 1878 625 1929 ό
664 1877 877 1945 ἐχθρός
902 1892 1053 1942 σου,
1093 1877 1311 1948 ψώμιζε
1360 1880 1578 1933 αὐτόν·
1624 1879 1732 1933 ἐὰν
1760 1878 1827 1930 δὲ

242 1954 405 2026 διψᾷ
432 1958 567 2029 (18),
588 1960 782 2020 πότιζε
801 1963 1006 2015 αὐτόν.
1031 1961 1127 2030 Μὴ
1158 1962 1302 2016 νικῶ
1326 1962 1451 2018 ὑπὸ
1472 1963 1585 2017 τοῦ
1613 1961 1824 2024 κακοῦ,

241 2049 415 2103 ἀλλὰ
444 2051 585 2102 νίκα
617 2050 688 2103 ἐν
708 2050 787 2115 τῷ
816 2050 1012 2121 ἀγαθῷ
1030 2053 1097 2106 τὸ
1124 2055 1334 2108 κακόν.
1365 2054 1544 2107 ΠΡΟΣ
1571 2054 1727 2108 ΚΟΡ.
1762 2053 1825 2123 β’.

242 2136 566 2206 Μηδεμίαν
601 2138 671 2190 ἐν
708 2138 921 2207 μηδενὶ
977 2141 1249 2207 διδόντες
1292 2141 1684 2210 προσκοπήν,
1731 2142 1831 2194 ἵνα

236 2228 333 2299 μὴ
360 2228 617 2299 μωμηθῇ
643 2231 681 2298 η
708 2230 981 2286 διακονία
998 2250 1011 2263 ·
1037 2234 1174 2288 ἀλλ’
1199 2234 1268 2288 ὲν
1291 2234 1468 2287 παντὶ
1496 2233 1832 2288 συνιστῶν-

242 2335 351 2385 τες
411 2320 688 2388 ἑαυτοὺς,
745 2324 825 2390 ὡς
876 2325 1024 2379 Θεοῦ
1075 2325 1367 2393 διάκονοι,
1426 2326 1497 2379 ἐν
1555 2325 1832 2396 ὑπομονῇ

244 2410 482 2481 πολλῇ,
506 2413 577 2466 ὲν
621 2416 928 2483 θλίψεσιν,
960 2417 1030 2470 ὲν
1070 2417 1393 2485 ἀνάγκαις,
1429 2417 1493 2472 ἐν
1535 2433 1831 2488 στενοχω-

236 2503 431 2571 ρίαις,
470 2505 543 2557 ἐν
589 2506 868 2576 πληγαῖς,
904 2508 972 2562 ἐν
1015 2509 1344 2578 φυλακαῖς,
1387 2510 1456 2564 ἐν
1500 2510 1834 2564 ἀκαταστα-

246 2594 441 2661 σίαις,
458 2595 529 2648 ὲν
558 2598 787 2664 κόποις,
812 2599 882 2651 ἐν
911 2600 1285 2669 ἀγρυπνίαις,
1310 2600 1381 2653 ἐν
1407 2601 1736 2667 νηστείαις,
1763 2601 1833 2653 ἐν

246 2684 562 2754 ἁγνότητι,
586 2687 655 2739 ἐν
682 2687 920 2756 γνώσει,
953 2689 1023 2742 ἐν
1056 2691 1451 2760 μακροθυμίᾳ,
1480 2691 1548 2745 ἐν
1566 2692 1834 2761 ,χρηστό-

246 2791 403 2842 τητι,
442 2776 511 2830 ὲν
542 2778 841 2847 Πνεύματι
879 2764 1041 2848 ἁγίῳ,
1079 2781 1148 2833 ἐν
1188 2779 1387 2850 ἀγάπῃ
1431 2782 1829 2849 ἀνυποκρίτῳ,

246 2865 323 2919 ἐν
346 2869 513 2936 λόγῳ
563 2869 878 2936 ἀληθείας,
916 2871 984 2924 ἐν
1034 2871 1281 2940 δυνάμει
1339 2872 1520 2937 Θεοῦ,
1566 2872 1666 2926 διὰ
1715 2871 1835 2926 τῶν

249 2957 465 3012 ὅπλων
491 2944 600 3027 τῆς
632 2958 1041 3028 δικαιοσύνης,
1075 2961 1193 3015 τῶν
1217 2961 1432 3027 δεξιῶν
1462 2963 1560 3016 καὶ
1597 2964 1833 3032 ἀριστε-

239 3046 395 3115 ρῶν,
427 3048 527 3102 διὰ
562 3047 749 3118 δόξης
790 3051 889 3104 καὶ
916 3053 1169 3120 ἀτιμίας.
1207 3052 1303 3107 διὰ
1342 3052 1688 3122 δυσφημίας
1733 3056 1831 3109 καὶ

1927 1871 2118 1940 plagis,
2149 1871 2204 1923 in
2237 1870 2538 1925 carceribus
2560 1911 2575 1934 ,
2618 1873 2673 1925 in
2703 1871 3073 1939 seditionibus,
3105 1873 3161 1927 in
3189 1873 3457 1929 laboribus
3481 1914 3496 1934 .

1928 1963 1983 2014 in
2014 1946 2225 2031 vigiliis,
2260 1963 2314 2015 in
2357 1961 2602 2032 jejuniis,
2635 1964 2689 2015 in
2720 1958 2964 2016 castitate
2991 2003 3006 2027 ,
3055 1964 3110 2017 in
3143 1960 3363 2019 scientia
3385 2006 3402 2031 ,
3444 1966 3501 2017 in

1930 2052 2348 2122 longanimitate,
2381 2054 2437 2105 in
2489 2051 2825 2122 benignitate,
2852 2053 2907 2106 in
2939 2048 3140 2120 Spiritu
3184 2064 3367 2106 saneto
3387 2092 3402 2116 ,
3445 2053 3499 2106 in

1926 2144 2186 2198 charitatc
2217 2160 2320 2197 non
2346 2144 2497 2213 ﬁcta,
2522 2144 2575 2196 in
2609 2144 2759 2197 verbo
2790 2144 3047 2206 veritatis,
3067 2144 3123 2197 in
3154 2144 3346 2197 virtute
3377 2141 3499 2207 Dei,

1925 2250 2019 2302 per
2051 2251 2201 2287 arma
2226 2233 2452 2301 justitiaz
2484 2250 2517 2286 a
2549 2232 2750 2287 dextris
2779 2241 2828 2286 et
2862 2250 2895 2287 a
2931 2234 3197 2298 sinistris,
3252 2250 3343 2303 per
3379 2232 3499 2305 glo-

1929 2324 2066 2376 riam
2094 2332 2144 2376 et
2181 2322 2582 2392 ignobilitatem,
2625 2338 2719 2390 per
2763 2320 3042 2391 infamiam
3087 2333 3137 2377 et
3181 2322 3370 2377 bonam
3408 2324 3498 2392 fa-

1930 2430 2071 2468 mam
2096 2429 2113 2466 :
2143 2424 2200 2466 ut
2238 2412 2557 2477 seductor-es,
2587 2421 2638 2466 et
2676 2427 2879 2466 veraces
2912 2429 2929 2465 :
2960 2413 3095 2465 sicut
3118 2414 3213 2482 qui
3240 2413 3426 2483 ignoti,
3451 2420 3501 2467 et

1930 2504 2157 2575 cogniti:
2180 2504 2334 2573 quasi
2350 2504 2650 2566 morientes,
2672 2511 2721 2556 et
2738 2518 2852 2556 ecce
2875 2503 3093 2556 vivimus
3115 2516 3133 2554 :
3156 2515 3211 2555 ut
3229 2503 3499 2572 castigati,

1922 2605 1979 2649 et
2031 2612 2135 2650 non
2193 2595 2545 2664 mortiﬁcati:
2602 2598 2758 2665 quasi
2817 2596 3029 2661 tristes,
3087 2611 3286 2664 semper
3324 2605 3501 2668 autem

1930 2686 2213 2757 gaudentes
2238 2703 2255 2740 :
2286 2688 2422 2741 sicut
2443 2698 2669 2757 egentes,
2686 2686 2879 2741 multos
2898 2695 3070 2741 autem
3090 2688 3499 2757 locupletantes:

1933 2789 2183 2849 tanquam
2234 2779 2368 2833 nihil
2413 2778 2688 2844 habentes,
2742 2788 2791 2833 et
2826 2780 3005 2833 omnia
3033 2780 3359 2849 possidentes
3413 2778 3502 2848 (II

1932 2868 2056 2926 Cor.
2091 2886 2167 2935 vn,
2202 2870 2424 2924 ’.ὅ-10)...
2459 2869 2535 2923 De
2563 2880 2770 2934 ecetero,
2803 2869 2994 2940 fratres
3018 2910 3032 2935 ,
3074 2871 3318 2942 gaudete,
3339 2871 3506 2941 perfe~

1932 2963 2002 3014 cti
2029 2970 2212 3024 estote,
2248 2963 2641 3024 exhortamini,
2684 2962 2821 3016 idem
2850 2964 3049 3028 sapite,
3097 2980 3277 3033 pacem
3319 2964 3504 3018 habete

1934 3052 2019 3122 (11
2045 3053 2169 3108 Cor.
2198 3071 2321 3117 xm,
2357 3055 2512 3124 ll)...
2540 3054 2770 3109 Fructus
2803 3066 2977 3109 autem
3009 3056 3237 3126 Spiritus
3266 3067 3345 3112 est
3378 3060 3505 3115 cha«

248 3141 591 3209 εὐφημίας,
624 3141 701 3206 ὡς
742 3141 983 3205 πλάνοι,
1019 3141 1118 3195 καὶ
1160 3144 1432 3211 ἀληθεῖς·
1464 3145 1545 3210 ὡς
1588 3144 1826 3213 ἀγνοού-

1938 3146 2091 3212 ritas,
2117 3147 2391 3216 gaudium,
2423 3163 2529 3218 pan:
2551 3187 2566 3212 ,
2608 3150 2887 3218 patientia,
2919 3148 3238 3220 benignitas,
3272 3151 3502 3217 bonitas,

245 3248 443 3301 μενοι,
481 3232 583 3286 καὶ
619 3234 1175 3304 ἐπιγινωσκόμενοι“·
1204 3237 1284 3302 ὡς
1316 3236 1828 3304 ἀποθνήσκοντες,

248 3325 357 3375 καὶ
394 3322 526 3378 ἰδοὺ
558 3322 775 3394 ζῶμεν·
811 3326 890 3392 ὡς
930 3327 1359 3396 παιδευόμενοι,
1391 3328 1491 3382 καὶ
1528 3328 1614 3399 μὴ
1653 3334 1833 3385 θανα-

251 3416 565 3482 τούμενοι·
607 3419 690 3484 ὡς
718 3422 1104 3488 λυπούμενοι,
1136 3422 1227 3474 ἀεὶ
1265 3420 1333 3474 δὲ
1371 3422 1714 3491 χαίροντες·
1751 3423 1832 3487 ὡς

252 3508 521 3577 πτωχοὶ,
557 3511 828 3577 πολλοὺς
878 3511 951 3565 δὲ
1002 3512 1447 3579 πλουτίζοντες·
1507 3514 1587 3581 ώς
1637 3512 1831 3582 μηδὲν

251 3599 530 3671 ἔχοντες,
577 3602 677 3657 καὶ
708 3602 906 3658 πάντα
943 3604 1315 3675 κατέχοντες.
1358 3607 1536 3660 ΠΡΟΣ
1570 3607 1726 3661 ΚΟΡ.
1763 3606 1826 3676 β’.

253 3694 508 3759 Λοιπὸν,
536 3694 839 3765 ἀδελφοὶ,,
859 3697 1112 3764 χαίρετε,
1168 3698 1581 3765 καταρτίζεσθε
1599 3738 1613 3762 ,
1646 3714 1832 3765 παρα-

254 3787 545 3842 καλεῖσθε
591 3787 732 3859 (19),
786 3788 853 3842 τὸ
912 3789 1054 3843 αὐτὸ
1115 3791 1419 3859 φρονεῖτε,
1474 3792 1825 3860 εἰρηνεύετε.

256 3877 441 3931 ΠΡΟΣ
474 3879 514 3931 Γ
515 3881 631 3932 ΑΛ.
678 3880 731 3931 Ὀ
761 3879 831 3932 δὲ
871 3881 1096 3948 καρπὸς
1120 3882 1226 3937 τοῦ
1278 3884 1622 3952 Πνεύμιιτός
1656 3883 1832 3936 ἐστιν

254 3969 464 4038 ἀγάπη
485 4012 501 4033 ,
533 3971 712 4040 χαρὰ,
748 3972 987 4041 εἰρήνη,
1016 3973 1420 4042 μακροθυμία,
1470 3975 1827 4044 χρηστότης,

255 4064 629 4132 ἀγαθοσύνη,
670 4066 891 4131 πίστις,
923 4064 1201 4134 πραότης.
1243 4067 1583 4138 ἐγκράτεια,
1621 4068 1829 4137 ἁγνεία

260 4156 397 4226 (20).
438 4158 620 4211 uno):
666 4159 854 4212 mss.
900 4159 1230 4226 Παρακαλῶ
1277 4155 1392 4214 οὖν
1438 4157 1593 4229 ὑμᾶς
1640 4160 1755 4228 ἐγὼ
1798 4162 1830 4213 δ

258 4248 507 4319 δέσμιος
535 4249 607 4302 ἐν
647 4251 840 4316 Kvpicp
880 4249 1063 4316 ἀξίως
1108 4250 1505 4319 περιπατῆσαι
1541 4249 1652 4318 τῆς
1684 4250 1832 4317 κλή-

259 4355 413 4405 σεως
440 4335 518 4408 ἧς
536 4338 853 4406 ἐκλήθητε.
879 4341 1028 4411 μετὰ
1049 4340 1251 4409 πάσης
1272 4343 1831 4410 ταπεινοφροσύνης

262 4426 356 4481 καὶ
416 4429 774 4495 πραότητος,
827 4428 977 4497 μετὰ
1027 4432 1433 4500 μακροθυμίας
1479 4430 1828 4499 ἀνεχόμενοι

262 4514 547 4583 ἀλλήλων
582 4520 651 4573 ἐν
696 4520 929 4589 ἀγάπῃ,
987 4520 1425 4588 σπουδάζοντες
1469 4521 1671 4590 τηρεῖν
1718 4518 1833 4589 τὴν

262 4605 514 4675 ἑνότητα
557 4610 666 4664 τοῦ
716 4613 1062 4681 Πνεύματος
1108 4612 1178 4665 ἐν
1228 4611 1307 4678 τῷ
1351 4612 1675 4682 συνδέσμῳ
1720 4612 1832 4680 τῆς

261 4698 520 4770 ειρήνης.
566 4706 677 4758 Ἓν
714 4706 887 4775 σῶμα
921 4708 1020 4760 καὶ
1061 4705 1131 4762 ἐν
1175 4706 1414 4774 Πνεῦμα
1434 4746 1449 4767 ,
1495 4706 1689 4773 καθὼς
1733 4706 1829 4758 καὶ

263 4790 554 4859 ἐκλήθητε
577 4794 649 4847 ἐν
666 4794 775 4864 μιᾷ
795 4796 995 4850 ἐλπίδι
1018 4795 1129 4865 τῆς
1150 4796 1425 4864 κλήσεως
1443 4794 1628 4865 ὑμῶν.
1647 4797 1831 4850 ΠΡΟΣ

264 4881 446 4937 REX.
492 4884 747 4939 Γίνεσθε
777 4883 892 4942 οὖν
931 4889 1018 4953 είς
1054 4887 1365 4954 ἀλλήλους
1407 4888 1685 4957 χρηστοὶ,
1721 4887 1829 4941 εὔ-

264 4978 600 5044 σπλαγχνοι
616 5017 631 5040 ,
681 4975 1045 5047 χαριζόμενοι
1093 4976 1328 5042 ἑαυτοῖς
1343 5015 1357 5040 ,
1397 4976 1592 5043 καθὼς
1639 4977 1737 5030 καὶ
1796 4981 1830 5031 ό

266 5064 402 5132 Θεὸς
438 5066 512 5118 ἐν
557 5066 790 5134 Χριστῷ
819 5067 1140 5136 ἐχαρίσατο
1182 5066 1344 5136 ὑμῖν.
1401 5068 1655 5121 Γίνεσθε
1711 5067 1827 5121 οὖν

255 5156 495 5223 μιμηταὶ
527 5156 634 5211 τοῦ
657 5157 826 5221 Θεοῦ,
852 5158 933 5224 ώς
964 5157 1144 5211 τέκνα
1183 5157 1489 5227 ἀγαπητὰ,
1525 5155 1625 5212 καὶ
1653 5174 1823 5226 περι-

261 5246 487 5301 ωτεῖτε
520 5247 594 5300 ἐν
634 5246 868 5318 ἀγάπῃ,
908 5247 1100 5315 καθὼς
1140 5249 1236 5303 καὶ
1294 5252 1328 5303 ό
1370 5248 1626 5318 Χριστὸς
1669 5247 1818 5318 ἠγά-

258 5348 449 5403 πησεν
489 5335 668 5406 ἡμᾶς,
699 5338 799 5392 καὶ
836 5336 1177 5407 παρέδωκεν
1207 5339 1425 5394 ἑαυτὸν
1470 5337 1622 5406 ὑπὲρ
1652 5336 1820 5407 ἡμῶν·

314 5472 433 5553 μη
464 5470 662 5557 Totum
698 5450 991 5557 illud,_1aig
1012 5469 1377 5557 xpsiuieaibv
1408 5472 1580 5543 ἁγίων
1616 5490 1815 5529 κοινω-

326 5546 482 5607 ἱντες,
514 5546 567 5598 in
593 5560 727 5599 mss.
757 5546 961 5626 nostris
995 5560 1102 5599 non
1134 5546 1348 5614 legitur.

326 5610 709 5695 llsl'Utraqne
756 5614 1033 5695 editio_et
1269 5613 1559 5695 secundus
1609 5611 1703 5667 ἐὰν
1747 5612 1804 5667 δὲ

264 5674 706 5752 διψᾷιίῗοοιιιέδὲ
732 5685 886 5739 abest
908 5685 977 5739 ab
1006 5674 1247 5752 antiquis
1269 5683 1448 5740 libris.

328 5736 437 5818 (is)
463 5736 592 5822 κει.
618 5736 1248 5826 lentissime...)

1937 3236 2087 3306 ﬁdes,
2120 3239 2486 3307 mansuetudo,
2532 3237 2878 3305 continentia,
2909 3243 3127 3297 castitas
3183 3242 3386 3313 (Galut.
3433 3260 3502 3311 ν,

1935 3328 2096 3387 221...
2139 3329 2362 3386 Obsecro
2391 3333 2566 3403 itaque
2591 3351 2677 3388 vos
2715 3351 2805 3405 ego
2842 3335 3046 3389 vinctus
3076 3336 3132 3390 in
3168 3335 3416 3404 Domino,
3445 3346 3505 3393 ut

1935 3421 2089 3493 digne
2119 3423 2395 3478 ambuletis
2426 3426 2734 3492 vocatione,
2793 3444 2899 3497 qua
2954 3429 3124 3482 vocati
3175 3429 3334 3493 estis,
3384 3444 3504 3483 cum

1936 3517 2080 3569 onmi
2123 3518 2452 3582 humilitate,
2503 3528 2551 3571 et
2588 3520 3005 3585 mansuetudine,
3034 3536 3156 3574 cum
3204 3523 3502 3591 patientia,

1935 3619 2303 3677 supportantes
2339 3611 2553 3671 invicem
2593 3612 2648 3664 in
2696 3612 2954 3665 charitate
2984 3627 3005 3665 :
3049 3612 3268 3668 solliciti
3298 3629 3505 3670 servare

1936 3702 2192 3756 unitatem
2220 3701 2451 3772 Spiritus
2505 3704 2560 3756 in
2620 3704 2825 3759 vinculo
2879 3704 3048 3775 pacis.
3103 3703 3274 3760 Unum
3315 3722 3506 3775 corpus
3542 3755 3554 3769 .

1934 3802 1984 3847 et
2040 3810 2174 3847 unus
2233 3793 2486 3863 Spiritus,
2539 3797 2673 3849 sicut
2716 3807 2766 3850 et
2816 3797 2987 3851 vocati
3028 3797 3154 3852 estis
3185 3798 3239 3851 in
3269 3814 3374 3853 una
3414 3814 3506 3868 spe

1936 3887 2221 3941 vocationis
2287 3896 2468 3941 vestra:
2498 3886 2710 3960 (Ep/tes.
2758 3904 2811 3942 ιν
2833 3928 2847 3951 ,
2899 3887 3082 3958 1-4)...
3116 3887 3299 3945 Estote
3335 3889 3499 3959 igitur

1936 3978 2153 4033 invicem
2204 3978 2452 4049 benigni,
2503 3980 2861 4035 misericordes
2892 4021 2908 4045 ,
2974 3980 3229 4037 donantes
3267 3984 3504 4052 invicem,

1935 4071 2071 4124 sicut
2099 4083 2148 4125 et
2174 4069 2313 4125 Deus
2363 4071 2416 4124 in
2447 4068 2657 4126 Christo
2689 4071 2905 4126 donavit
2951 4073 3116 4128 vobis.
3164 4072 3347 4130 Estote
3381 4092 3504 4148 ergo

1936 4160 2229 4214 imitatores
2285 4159 2401 4222 Dei,
2451 4162 2583 4214 sicut
2630 4162 2730 4231 ﬁlii
2778 4162 3198 4219 charissimi:et
3239 4152 3508 4219 ambulate

1932 4249 1990 4303 in
2044 4248 2362 4312 dilectione,
2417 4250 2555 4303 sicut
2603 4260 2653 4304 et
2710 4249 2960 4307 Christus
3011 4253 3201 4307 dilexit
3259 4271 3391 4317 nos,
3452 4263 3504 4310 et

1936 4338 2157 4391 tradidit
2179 4339 2510 4408 semetipsum
2534 4354 2629 4409 pro
2653 4339 2801 4394 nobis
2833 4340 3173 4408 oblationem,
3197 4353 3247 4398 et
3275 4343 3505 4399 hostium

1937 4430 2046 4485 Deo
2081 4431 2136 4485 in
2160 4430 2377 4486 odorem
2422 4434 2698 4487 suavitatis
2728 4432 2882 4499 (ibid.
2926 4434 3031 4501 '52;
3065 4451 3119 4501 ν,
3148 4437 3173 4488 1
3206 4474 3220 4497 ,
3264 4434 3391 4504 2)...
3446 4434 3506 4492 Si

1934 4538 2040 4594 qua
2080 4539 2199 4593 ergo
2249 4524 2541 4579 consolatio
2587 4525 2640 4578 in
2668 4524 2920 4590 Christo,
2971 4527 3019 4579 si
3068 4525 3205 4596 quod
3252 4526 3504 4580 solatium

1933 4616 2234 4679 charitatis,
2265 4615 2313 4669 si
2340 4632 2445 4684 qua
2468 4616 2692 4670 societas
2734 4616 2979 4683 spiritus,
3014 4616 3061 4669 si
3090 4632 3196 4686 qua
3227 4616 3427 4669 viscera
3453 4625 3506 4669 et

1931 4706 2328 4769 miserationes,
2366 4707 2577 4775 implete
2611 4707 2864 4778 gaudium
2911 4722 3111 4769 meum,
3155 4714 3213 4759 ut
3245 4705 3383 4760 idem
3415 4721 3506 4760 sa-

1929 4798 2088 4866 piatis
2136 4814 2333 4861 omnes,
2373 4797 2610 4852 eamdem
2639 4799 2951 4852 charitatem
2992 4796 3270 4860 habentes,
3310 4796 3512 4855 unani-,

1930 4899 2070 4947 mes,
2109 4883 2338 4952 idipsum
2360 4884 2668 4946 sentientes,
2698 4883 2829 4936 nihil
2856 4898 2949 4952 per
2990 4880 3369 4934 contentionem
3407 4888 3503 4932 aut

1928 4978 2140 5029 inanem
2190 4974 2421 5045 gloriam
2474 4974 2731 5042 (Philipp.
2778 4989 2847 5037 ιι,
2911 4971 3097 5042 1-5)...
3144 4969 3223 5024 De
3273 4978 3499 5036 caetero.

1929 5065 2126 5136 fratres
2147 5104 2162 5130 ,
2199 5082 2519 5136 quwcunque
2545 5073 2667 5119 sunt
2696 5080 2816 5118 vera
2835 5104 2849 5127 ,
2900 5077 3217 5133 quarcunque
3245 5060 3464 5115 honesta
3481 5099 3498 5123 ,

1928 5166 2246 5220 quwcunque
2265 5150 2436 5220 justa,
2472 5164 2787 5220 qua’cunque
2817 5163 2971 5217 pura,
2995 5162 3314 5217 quwcunque
3351 5162 3502 5199 ama-

1928 5241 2078 5306 bilia,
2107 5256 2423 5312 quaecunque
2455 5240 2604 5295 bonis
2638 5240 2827 5310 famas,
2869 5240 2917 5293 si
2958 5254 3065 5310 qua
3113 5237 3309 5300 virtus,
3351 5246 3402 5289 et
3451 5238 3498 5290 si

1926 5349 2030 5403 qua
2048 5334 2309 5398 laus,hwc
2333 5333 2576 5402 cogitate.
2605 5331 2737 5400 Qua:
2756 5341 2806 5386 et
2823 5330 3177 5397 didicistis,et
3199 5327 3495 5396 accepistis,

1997 5472 2109 5544 (‘20)
2135 5471 2361 5545 Editiiet
2395 5478 2509 5527 tres
2548 5486 2682 5545 mss.
2725 5470 3042 5545 ἐγκράτεια,
3058 5468 3291 5545 ῥγγείᾳ,
3324 5468 3501 5545 conti:

1926 5538 2124 5607 nentid,
2172 5544 2426 5605 castitas;
2476 5549 2531 5597 et
2560 5542 2637 5596 ita
2670 5538 2805 5612 legit
2831 5538 3024 5596 auctor
3058 5538 3302 5612 Vulgata:
3340 5556 3354 5593 :
3399 5538 3494 5612 sed

1925 5629 2025 5671 vox
2058 5612 2251 5682 ἁγνεία
2277 5627 2384 5667 non
2409 5612 2681 5682 reperitur
2702 5610 2867 5669 liodie
2901 5613 2953 5667 in
2988 5625 3148 5668 sacro
3172 5610 3334 5665 textu
3371 5610 3494 5664 vul-

1924 5694 2068 5755 galo.
