3962 6238
486 322 602 387 ᾙΒ

1803 315 1856 370 S.
1902 309 2144 369 BASIIJI
2183 309 2395 366 MAGNI

3616 296 3713 361 816

491 450 544 497 et
564 436 789 494 audistis
835 445 883 491 et
916 434 1115 489 vidistis
1155 433 1209 488 in
1240 448 1339 496 me,
1365 429 1476 485 hare
1504 429 1642 499 agite
1690 426 1944 499 (Philipp.
1979 443 2053 491 IV,

2176 422 2511 493 τροσφορὰν
2550 419 2647 474 καί
2704 421 2926 476 θυσίαν
2983 418 3063 485 τῷ
3105 401 3227 485 Θεῷ
3261 420 3347 485 είς
3394 417 3592 488 ὀσμὴν
3625 423 3716 477 εὐ-

493 533 549 595 8,
577 513 702 600 9).’..
741 526 933 598 Igitur,
969 525 1015 579 si
1043 520 1445 579 consurrexistis
1492 537 1608 574 cum
1641 518 1852 574 Christo
1874 561 1889 586 ,
1940 534 2056 588 qui:

493 620 705 679 sursum
724 630 846 677 sunt
864 618 1101 691 quarrite,
1137 615 1227 669 ubi
1261 613 1503 671 Christus
1527 622 1605 667 est
1632 613 1687 666 in
1717 614 1934 665 dextera
1964 610 2060 664 Dei

493 715 723 769 sedens:
754 728 868 784 qua:
919 725 1130 764 sursum
1176 717 1298 762 sunt
1337 707 1539 774 sapite,
1574 721 1697 757 'non
1733 720 1848 775 quia
1905 718 2059 771 super

496 817 711 862 terram.
746 802 949 859 Μοντιιὶ
975 802 1112 856 enim
1139 799 1286 861 estis,
1318 805 1367 851 et
1394 797 1499 851 vita
1526 807 1697 850 vestra
1728 805 1805 849 est
1840 794 2060 848 abscon-

493 894 609 948 dita
636 910 752 947 cum
782 891 992 948 Christo
1023 891 1077 943 in
1104 888 1207 942 Deo
1240 886 1468 958 (Coloss.
1503 901 1584 948 ιιι,
1617 884 1797 956 1-5)...
1849 883 2060 937 lndnitc

496 1003 583 1042 vos
612 1002 753 1056 ergo,
781 986 914 1038 sicut
940 982 1088 1037 electi
1125 980 1254 1043 Dei,
1301 980 1472 1034 sancti
1506 987 1556 1033 et
1583 976 1764 1031 dilecti
1792 1018 1807 1042 ,
1860 979 2060 1031 viscera

495 1076 1012 1138 misericordiarum.
1056 1073 1455 1141 benignitatem,
1506 1069 1875 1136 humilitatem,
1909 1086 2061 1123 man-

495 1169 860 1230 suetudinem,
910 1145 1220 1236 patientiam
1254 1162 1406 1236 (ibid.
1463 1162 1621 1229 12)...
1658 1161 1919 1229 Corripite
1964 1160 2062 1213 in-

493 1262 714 1332 quietos,
734 1256 1080 1313 consolamini
1107 1256 1494 1320 pusillanimes,
1522 1242 1773 1321 suscipite
1794 1253 2057 1320 inﬁrmos,

494 1353 750 1421 patientes
778 1360 939 1405 estote
964 1348 1032 1402 ad
1058 1364 1254 1402 omnes.
1302 1345 1479 1401 Videte
1504 1362 1567 1401 ne
1598 1348 1713 1416 quis
1742 1347 1940 1398 malum
1965 1359 2061 1412 pro

495 1444 636 1497 malo
671 1442 833 1496 alicui
879 1440 1112 1494 reddat:
1167 1437 1255 1493 sed
1303 1453 1501 1507 semper
1548 1436 1686 1507 quod
1739 1435 1932 1490 bonum
1984 1443 2063 1489 est

495 1535 772 1588 sectamini
789 1543 839 1588 et
866 1534 917 1586 in
937 1549 1024 1587 vos
1044 1532 1260 1586 invicem
1284 1540 1331 1585 et
1355 1532 1408 1584 in
1440 1547 1638 1586 omnes.
1685 1530 1893 1597 Semper
1927 1545 2063 1599 gau-

496 1625 651 1681 dete:
684 1627 795 1680 sine
838 1624 1224 1680 intermissione
1281 1632 1444 1678 orate.
1482 1622 1547 1675 In
1575 1621 1816 1676 omnibus
1859 1621 2062 1691 gratias

496 1719 673 1790 agite:
716 1718 872 1788 291
911 1719 1021 1772 haec
1057 1726 1134 1770 est
1166 1717 1305 1770 enim
1348 1717 1587 1769 voluntas
1635 1714 1726 1768 Dei
1757 1715 1810 1767 in
1852 1712 2063 1767 Christo

2157 515 2352 582 ωδίας.
2374 514 2552 567 ΠΡΟΣ
2586 514 2721 567 MA.
2738 514 2821 567 οι.
2838 530 2930 579 τις
2956 508 3070 568 οὖν
3092 512 3471 580 παράκλησις
3498 513 3567 567 ἐν
3594 514 3717 584 Χρι-

2159 606 2304 673 στῷ,
2333 606 2388 661 εἰ
2410 624 2464 659 τι
2497 607 2867 675 παραμύθιον
2891 605 3125 676 ἀγάπης
3153 604 3286 675 (21),
3322 604 3378 658 ει
3405 621 3494 670 τις
3525 620 3719 658 κοινω-

2159 700 2260 753 νία
2282 699 2641 767 πνεύματος,
2669 697 2725 750 ει
2751 713 2885 751 τινα
2918 695 3243 765 σπλάγχνα
3269 693 3368 748 καὶ
3420 695 3718 765 οἰκτιρμοί,

2158 789 2515 859 πληρώσατέ
2542 808 2662 859 μου
2686 790 2800 857 τὴν
2834 787 3047 858 χαρὰν,
3070 788 3169 841 ἵνα
3200 786 3267 840 τὸ
3294 786 3442 840 αὐτὸ
3471 783 3720 856 φρονῆτε

2161 882 2401 949 πάντες,
2435 880 2551 950 τὴν
2578 880 2773 949 αὐτὴν
2809 878 3050 949 ἀγάπην
3093 879 3367 948 ἔχοντες,
3394 878 3720 947 σύμψυχοι,

2159 973 2227 1029 τὸ
2250 973 2319 1028 ἐν
2349 971 2710 1042 φρονοῦντες
2731 1010 2746 1036 ,
2776 969 2971 1041 μηδὲν
3003 969 3130 1023 κατ’
3170 968 3459 1037 ἐριθείαν,
3491 966 3528 1036 ἢ
3559 984 3723 1022 κενοο

2165 1066 2397 1131 δοξίαν.
2414 1064 2590 1119 ΠΡΟΣ
2618 1064 2754 1119 ΦΙΛ.
2782 1062 2854 1117 Τὸ
2881 1062 3116 1125 λοιπὸν,
3137 1059 3406 1129 ἀδελφοὶ,
3425 1058 3541 1114 ὅσα
3558 1059 3727 1115 ἐστίν

2166 1156 2387 1226 ἀληθῆ,
2422 1156 2540 1209 ὅσα
2581 1154 2794 1222 σεμνὰ,
2839 1152 2957 1206 ὅσα
2991 1151 3222 1215 δίκαια,
3258 1151 3377 1206 ὅσα
3411 1151 3584 1222 ἁγνὰ,
3618 1152 3727 1207 ὅσα

2161 1247 2494 1317 προσφιλῆ,
2543 1245 2660 1300 ὅσα
2695 1245 2962 1313 εὔφημα,
2991 1244 3048 1297 ει
3082 1260 3174 1311 τις
3201 1244 3402 1313 ἀρετὴ,
3439 1245 3622 1299 καὶεῖ
3645 1261 3727 1314 τις

2161 1339 2422 1405 ἔπαινος,
2439 1338 2622 1392 ταῦτα
2643 1334 2967 1404 λογίζεσθε.
2979 1336 3040 1388 Ἃ
3065 1336 3164 1388 καὶ
3182 1334 3447 1405 ἐμάθετε,
3461 1340 3563 1390 και
3583 1351 3722 1405 παρ.

2161 1430 2420 1491 ελάϐετε,
2440 1428 2537 1483 καὶ
2574 1427 2893 1494 ἠκούσατε.
2917 1426 3013 1479 καὶ
3040 1426 3227 1480 εἴδετε
3255 1427 3325 1480 ἐν
3359 1427 3511 1492 ἐμοὶ,
3541 1429 3724 1482 ταῦτα

2163 1521 2486 1591 πράσσετε.
2522 1520 2702 1573 ῐΙΡυΣ
2734 1519 2898 1575 KUA.
2931 1520 3003 1573 Et
3048 1514 3163 1574 οὖν
3209 1520 3621 1590 συνηγέρθητε
3657 1519 3728 1584 τῷ

2164 1611 2412 1683 Χριστῷ,
2446 1613 2519 1666 τὰ
2554 1611 2676 1666 ἅνω
2711 1609 2949 1678 ζητεῖτε,
2979 1605 3051 1666 οὗ
3083 1613 3116 1664 ό
3151 1612 3404 1679 Χριστός
3424 1611 3533 1682 (22)
3567 1611 3729 1666 ἐστιν

2163 1708 2232 1760 ἐν
2259 1703 2426 1770 δεξιᾷ
2450 1704 2556 1757 τοῦ
2589 1701 2738 1757 Θεοῦ
2774 1699 3110 1770 καθήμενος
3133 1718 3146 1731 ·
3182 1701 3257 1755 τὰ
3291 1702 3413 1755 ἅνω
3444 1701 3725 1770 φρονεῖτε,

494 1789 645 1874 Jesu,
678 1810 732 1864 in
761 1811 924 1864 vobis.
958 1809 1217 1878 Spiritum
1245 1809 1405 1863 nolite
1436 1808 1768 1877 exstinguere
1795 1823 1811 1860 :
1839 1807 2056 1876 prophev

2176 1798 2242 1866 νὴ
2273 1798 2343 1852 τὰ
2368 1796 2469 1851 ἐπὶ
2506 1794 2617 1864 τῆς
2655 1792 2789 1864 γῆς.
2844 1792 3184 1849 Ἇπεθάνετε
3222 1793 3354 1862 γὰρ,
3400 1792 3500 1847 καὶ
3548 1793 3590 1862 ἡ
3629 1789 3728 1860 ζωὴ

498 1902 602 1958 tias
633 1902 794 1956 nolite
817 1916 1075 1970 spernere.
1114 1900 1307 1955 Omnia
1357 1908 1529 1952 autem
1572 1899 1853 1967 probantes
1878 1938 1893 1961 ,
1923 1896 2061 1967 quod

497 1991 689 2046 bonum
739 1999 812 2046 est
866 2000 1073 2044 tenete:
1112 1988 1178 2043 ab
1223 1990 1367 2042 omni
1411 1990 1576 2057 specie
1626 1988 1763 2042 mala
1810 1987 2064 2041 abstinete

496 2098 586 2137 vos
614 2080 667 2152 (I
701 2079 881 2135 Thess.
916 2097 970 2144 ν,
995 2079 1250 2148 ιιι-22)...
1284 2077 1441 2134 Senes
1493 2089 1549 2132 ut
1602 2077 1767 2132 sobrii
1794 2080 1934 2140 sint,
1967 2091 2066 2144 pu-

497 2172 629 2234 dici,
663 2172 961 2243 prudentes,
995 2171 1113 2224 sani
1141 2170 1266 2240 ﬁde,
1294 2168 1589 2231 dilectione,
1617 2168 1892 2237 patientia.
1918 2165 2063 2220 Anus

498 2264 763 2328 similiter,
788 2264 845 2316 in
873 2261 1055 2315 habitu
1087 2269 1304 2326 sancto,
1349 2276 1452 2313 non
1498 2259 1878 2312 criminatrices
1905 2296 1919 2320 ,
1963 2272 2065 2309 non

498 2352 665 2408 multo
699 2353 816 2407 vino
863 2351 1169 2415 servientes,
1233 2350 1357 2404 bene
1393 2350 1655 2412 docentes,
1689 2357 1749 2401 ut
1801 2338 2065 2401 modestos

495 2446 722 2503 reddant
758 2443 1213 2505 adolescentulus,
1270 2452 1329 2495 ut
1388 2442 1525 2496 viros
1588 2457 1711 2494 suos
1758 2450 1967 2500 ament,
2010 2447 2067 2490 ut

499 2538 640 2609 filios
672 2553 796 2592 suos
824 2535 1070 2605 diligant,
1102 2543 1159 2586 ut
1187 2533 1294 2587 sint
1328 2531 1628 2601 prudentes,
1663 2540 1846 2596 castra,
1882 2532 2067 2584 donius

499 2643 683 2681 curam
709 2629 976 2688 habentes,
1001 2624 1253 2694 benignw,
1278 2622 1503 2676 subdita:
1555 2622 1682 2676 viris
1714 2623 1842 2688 suis,
1876 2632 1931 2674 nt
1964 2639 2067 2675 non

499 2719 887 2789 blasphemetur
916 2715 1126 2787 verbum
1180 2714 1280 2769 Dei
1309 2712 1438 2784 (Tit.
1485 2729 1559 2779 ll,
1605 2713 1794 2783 2-5)...
1832 2713 2069 2767 Admone

496 2812 621 2866 illos
687 2808 1071 2880 principatibus
1129 2815 1177 2860 et
1236 2805 1579 2875 potestatibus
1625 2806 1862 2859 subditos
1919 2821 2065 2872 esse,

500 2903 728 2965 obedire,
759 2900 827 2953 ad
855 2914 1004 2954 omne
1026 2913 1152 2965 opus
1203 2897 1395 2951 bonum
1415 2906 1633 2964 paratos
1661 2912 1793 2961 esse,
1816 2900 2068 2949 neminem

503 2985 884 3053 blasphemare,
915 2998 1017 3036 non
1040 2983 1297 3052 titigiosos
1323 2997 1454 3045 esse,
1488 2980 1577 3035 sed
1608 2980 1904 3043 modestos;
1955 2996 2067 3032 om-

500 3091 618 3130 nem
646 3072 969 3128 ostendentes
1011 3067 1466 3124 mansuetudinem
1508 3067 1575 3121 ad
1607 3084 1782 3120 omnes
1832 3066 2066 3119 homines

2164 1887 2332 1956 ὑμῶν
2376 1886 2703 1952 κέκρυπται
2749 1884 2871 1938 σὺν
2928 1883 3008 1949 τῷ
3055 1880 3287 1951 Χριστῷ
3342 1883 3413 1937 ἐν
3454 1881 3539 1950 τῷ
3597 1881 3726 1950 Θεῷ.

2177 1979 2543 2033 Ἐνδύσασθε
2594 1972 2728 2045 οὖν,
2774 1977 2856 2041 ὡς
2885 1976 3158 2031 ἐκλεκτοὶ
3201 1975 3310 2031 τοῦ
3363 1977 3536 2040 Θεοῦ,
3590 1976 3730 2047 ἅγιοι

2165 2068 2263 2121 καὶ
2287 2067 2676 2137 ἠγαπημένοι,
2711 2065 3037 2135 σπλάγχνα
3079 2065 3413 2135 οἰκτιρμῶν,
3469 2064 3729 2135 χρηστό-

2166 2177 2344 2227 τητα,
2401 2158 2963 2228 ταπεινοφροσύνην
2987 2197 3001 2219 ,
3050 2159 3353 2226 πραότητα
3377 2199 3393 2222 ,
3441 2159 3734 2227 μακροθυ-

2161 2250 2308 2320 μίαν
2342 2248 2475 2320 (25).
2513 2248 2692 2301 ΠΡΟΣ
2722 2246 2912 2300 ΘΕΣΣ.
2950 2252 3020 2300 α’.
3056 2245 3399 2300 Νουθετεῖτε
3429 2246 3577 2313 τοὺς
3613 2246 3732 2300 ἀτα-

2168 2358 2349 2406 κτους
2376 2380 2389 2404 ,
2441 2339 2884 2410 παραμυθεῖσθε
2935 2337 3077 2404 τοὺς
3123 2338 3566 2408 ὀλιγοψύχους,
3601 2339 3732 2393 ἀντ-

2166 2432 2381 2502 έχεσθε
2402 2430 2519 2483 τῶν
2540 2427 2833 2489 ἀσθενῶν,
2851 2427 3284 2498 μακροθυμεῖτε
3312 2429 3463 2497 πρὸς
3490 2427 3733 2495 πάντας.

2180 2523 2377 2592 Ὁρᾶτε
2419 2523 2503 2593 μή
2551 2539 2643 2588 τις
2699 2521 2888 2575 κακὸν
2934 2521 3069 2575 ἀντὶ
3125 2521 3312 2575 κακοῦ
3349 2537 3467 2574 τινι
3519 2518 3735 2585 ἀποδῷ,

2171 2615 2332 2669 ἀλλὰ
2369 2612 2625 2667 πάντοτε
2666 2611 2733 2665 τὸ
2771 2612 2993 2682 ἀγαθὸν
3024 2609 3262 2665 διώκετε
3291 2610 3391 2664 καὶ
3428 2611 3518 2676 είς
3556 2609 3737 2679 άλλη·

2169 2711 2321 2774 λους
2349 2707 2446 2760 καὶ
2476 2708 2564 2771 εις
2598 2703 2848 2770 πάντας.
2895 2702 3161 2759 Πάντοτε
3193 2705 3446 2774 χαίρετε,
3481 2702 3737 2757 ἀδιαλεί·

2170 2816 2330 2867 πτως
2349 2799 2783 2868 προσεύχεσθε.
2801 2798 2902 2851 Ἐν
2921 2796 3098 2849 παντὶ
3118 2794 3523 2865 εὐχαριστεῖτε
3539 2813 3551 2824 ·
3573 2795 3739 2848 τοῦτο

2170 2892 2281 2962 γὰρ
2308 2891 2535 2958 θέλημα
2561 2889 2711 2943 Θεοῦ
2731 2889 2801 2942 ὲν
2811 2887 3043 2956 Χριστῷ
3073 2886 3298 2954 Ἰησοῦ,
3314 2889 3401 2952 είς
3432 2884 3595 2955 ὑμᾶς
3615 2884 3735 2955 (24).

2179 2984 2248 3036 Τὸ
2270 2982 2512 3052 Πνεῦμα
2541 2980 2629 3050 μὴ
2663 2980 2974 3043 σϐέννυτε,
2999 2981 3362 3050 προφητείας
3384 2977 3472 3047 μὴ
3507 2978 3739 3044 ἐξουθε-

2170 3075 2344 3130 νεῖτε.
2374 3074 2577 3129 Πάντα
2607 3073 2674 3127 δὲ
2706 3072 3120 3145 δοκιμάζοντες
3144 3072 3279 3143 (25),
3308 3070 3374 3125 τὸ
3405 3072 3603 3126 καλὸν
3623 3085 3743 3124 κατ-

504 3166 636 3237 (Tit.
673 3180 756 3228 ιιι,
796 3165 851 3226 1,
885 3163 1010 3234 2)...
1046 3159 1294 3217 Charitas
1322 3160 1672 3229 fraternitatis
1701 3165 1945 3211 maneat:
1977 3155 2063 3208 ho-

2176 3165 2370 3236 ἐχετε·
2413 3164 2532 3220 ἀπὸ
2586 3165 2812 3232 παντὸς
2839 3143 3056 3231 (εἴδους
3110 3163 3375 3234 πονηροῦ
3420 3165 3734 3234 ἀπέχεσθε.

503 3255 852 3325 spitatitatem
884 3252 1045 3306 nolite
1096 3251 1369 3313 oblivisci;
1417 3266 1510 3319 per
1536 3250 1673 3303 hanc
1705 3250 1842 3303 enim
1895 3248 2063 3301 latue«

2176 3258 2354 3311 ΠΡΟΣ
2373 3257 2508 3310 ΤιΤ.
2535 3256 2877 3325 Πρεσϐύτας
2897 3256 3233 3325 νηφαλίους
3260 3252 3433 3317 εἶναι,
3458 3257 3738 3328 σεμνοὺς,

503 3359 627 3405 runt
667 3347 910 3418 quidam,
963 3346 1160 3416 angelis
1219 3345 1443 3412 hospitio
1474 3346 1709 3412 receptis.
1756 3340 2063 3397 Mementote

2176 3349 2510 3418 σώφρονας,
2540 3349 2923 3417 ὑγιαίνοντας
2949 3346 3026 3415 τῇ
3052 3349 3270 3413 πίστει,
3306 3347 3382 3417 τῇ
3415 3349 3644 3420 ore”.
3673 3347 3744 3417 τῇ

502 3442 838 3503 vinctorum,
893 3448 1142 3510 tanquam
1197 3437 1357 3492 simul
1413 3437 1613 3490 vincti:
1677 3434 2063 3498 laborantium,

2176 3438 2471 3510 ὑπομονῇ.
2498 3439 2900 3508 Πρεσϐύτιδας
2923 3439 3223 3505 ὡσαύτως,
3243 3441 3313 3493 ὲν
3341 3442 3743 3512 καταστήματι

506 3542 760 3604 tanquam
801 3543 849 3587 et
902 3534 1001 3601 ipsi
1036 3535 1087 3586 in
1143 3546 1351 3599 corpore
1400 3538 1684 3587 morantes.
1745 3527 2063 3584 Honorabile

2177 3530 2516 3600 ίεροπρεπεῖ
2548 3531 2680 3603 (26),
2718 3529 2804 3600 μὴ
2837 3530 3184 3598 διαϐόλους,
3226 3531 3313 3601 μὴ
3352 3533 3502 3597 οϊνῳ
3545 3531 3744 3599 πολλῷ

504 3625 820 3681 connubium
847 3626 899 3678 in
930 3624 1188 3687 omnibus,
1214 3630 1261 3676 et
1290 3622 1470 3676 thorus
1509 3620 1882 3675 immaculatus
1906 3636 1923 3674 :
1953 3621 2063 3690 for-

2177 3622 2652 3693 δεδουλωμένας,
2707 3622 3300 3690 καλοδιδασκάλους,
3362 3625 3465 3679 ινα
3514 3642 3744 3695 σωφροο

426 3752 433 3757 -
505 3726 763 3770 nicatores
789 3717 925 3770 enim
949 3725 997 3769 et
1015 3713 1284 3767 adulteros
1300 3712 1561 3782 judicabit
1588 3711 1743 3765 Deus.
1764 3710 1882 3766 Sint
1904 3728 2063 3766 more:

2179 3712 2381 3774 νίζ’ωσι
2410 3716 2515 3779 τὰς
2538 3712 2682 3780 νέας
2701 3754 2715 3777 ,
2750 3711 3121 3783 φιλάνδρους
3141 3710 3315 3776 εἶναι,
3334 3717 3747 3784 φιλοτέκνους.

504 3808 619 3861 sine
653 3809 898 3869 avaritia,
927 3806 1155 3860 contenti
1187 3804 1529 3870 prwsentibus
1563 3802 1751 3871 (Hebr.
1785 3819 1902 3865 xm,
1933 3803 2063 3872 1-5).

2180 3804 2516 3875 σώφρονας,
2542 3806 2763 3876 ἁγνὰς,
2812 3806 3154 3874 οἰκουροὺς,
3187 3807 3432 3875 ἀγαθὰς,
3490 3812 3750 3867 ὑποτάσ-

505 3897 768 3966 σομένας
802 3897 924 3964 τοῖς
953 3896 1121 3962 ἰδίοις
1141 3896 1456 3964 ἀνδράσιν,
1480 3897 1581 3950 ἵνα
1602 3896 1690 3965 μὴ
1736 3900 1770 3951 ό
1811 3898 1994 3967 λόγος
2046 3896 2152 3952 τοῦ
2187 3897 2336 3952 Θεοῦ
2380 3899 2838 3968 βλασφημῆται.
2904 3899 3082 3953 ΠΡΟΣ
3131 3900 3262 3953 ΤΙΤ.
3316 3901 3750 3972 Ὑπομίμνησκε

504 3991 725 4056 αὐτοὺς
755 3990 965 4059 ἀρχαῖς
1012 3991 1107 4046 καὶ
1141 3990 1442 4057 ἐξουσίαις
1494 3991 1961 4057 ὑποτάσσεσθαι,
2005 3994 2365 4064 πειθαρχεῖν,
2418 3996 2563 4063 πρὸς
2619 3995 2740 4049 πᾶν
2768 3994 2945 4063 ἔργον
2987 3996 3213 4064 ἀγαθὸν
3262 3997 3543 4066 ἑτοίμους
3579 3995 3748 4059 εἶναι,

501 4081 732 4152 μηδένα
783 4081 1190 4150 βλασφημεῖν,
1237 4080 1506 4151 ἀμάχους
1551 4079 1736 4146 εἶναι,
1792 4081 2098 4149 ἐπιεικεῖς,
2160 4083 2367 4138 πᾶσαν
2432 4084 2928 4153 ἐνδεικνυμένους
2972 4086 3272 4152 πραότητα
3324 4086 3474 4155 πρὸς
3526 4090 3749 4154 πάντας

507 4172 870 4242 ἀνθρώπους.
923 4173 1100 4227 ΠΡΟΣ
1144 4172 1292 4226 EBP.
1353 4173 1415 4227 Ἠ
1470 4173 1830 4242 φιλαδελφία
1872 4171 2115 4243 μενέτω,
2153 4173 2264 4243 τῆς
2313 4175 2662 4244 φιλοξενίας
2701 4174 2787 4245 μὴ
2830 4174 3332 4229 ἐπιλανθάνεσθε*
3381 4177 3481 4233 διὰ
3536 4184 3752 4248 ταύτης

506 4264 618 4334 γὰρ
668 4263 881 4318 ἔλαθόν
937 4278 1094 4327 τινες
1131 4262 1480 4329 ξενισαντες
1518 4262 1831 4334 ἀγγέλους.
1881 4263 2308 4332 Μιμνήσκεσθε
2354 4265 2476 4319 τῶν
2523 4265 2803 4335 δεσμίων,
2858 4266 2938 4330 ὡς
2992 4265 3438 4336 συνδεδεμένοι,
3490 4268 3612 4324 τῶν
3657 4282 3753 4324 nr

506 4355 946 4427 κουχουμένων,
1001 4357 1081 4421 ώς
1133 4356 1234 4410 καὶ
1283 4358 1451 4411 αὐτοὶ
1486 4356 1653 4422 ὄντες
1708 4358 1779 4411 ἐν
1828 4357 2071 4427 σώματι.
2134 4359 2325 4427 Τίμιος
2376 4363 2408 4413 ό
2445 4359 2628 4430 ¹εθοὶμος
2673 4360 2746 4413 ἐν
2793 4357 2965 4423 πᾶσι,
3007 4359 3108 4413 καὶ
3149 4361 3189 4428 ἡ
3226 4364 3395 4432 κοίτη
3431 4366 3751 4435 ἀμίαντος·

503 4453 770 4519 πόρνους
797 4447 864 4501 δὲ
890 4449 986 4502 καὶ
1017 4448 1267 4518 μοιχοὺς
1307 4448 1499 4517 κρινεῖ
1524 4453 1557 4504 ό
1600 4449 1761 4516 Θεός.
1811 4450 2228 4520 Ἀφιλάργυρος
2273 4453 2305 4504 ό
2335 4451 2550 4519 τρόπος
2569 4467 2583 4480 ·
2623 4452 2976 4521 ἀρκούμενοι
3004 4454 3130 4520 τοῖς
3156 4454 3476 4523 παροῦσιν.

1053 4578 1189 4635 REG
1200 4577 1337 4632 ULA
1379 4576 1537 4632 LXX.

2816 4586 2992 4639 οΡοΣ
3043 4586 3120 4642 0’.

508 4674 665 4741 Quod
698 4672 736 4729 ii
774 4673 975 4744 quibus
1015 4671 1332 4726 concredita
1380 4678 1463 4727 est
1522 4669 1793 4743 Evangelii
1818 4670 2063 4741 praedica-

2186 4674 2307 4727 Ὅτι
2330 4674 2412 4727 δεῖ
2437 4674 2563 4737 τοὺς
2589 4675 3101 4747 ἐγκεχειρισμένους
3133 4676 3194 4730 τὸ
3224 4677 3490 4749 κήρυγμα
3524 4676 3624 4732 τοῦ
3656 4677 3753 4731 Εὕ-

577 4769 677 4831 tio,
707 4767 906 4823 debent
947 4780 1071 4819 cum
1106 4763 1419 4834 precatione
1447 4769 1502 4818 et
1528 4762 1915 4819 obsecratione
1941 4776 2078 4818 con-

577 4861 805 4916 stituere
840 4858 954 4912 sive
986 4857 1267 4921 diaconos,
1297 4855 1410 4910 slve
1438 4854 1811 4925 presbyteros,
1840 4869 2077 4925 quorum

550 4953 727 5024 'prior
760 4951 871 5005 vita
902 4949 1177 5018 inculpata
1207 4949 1281 5003 sit
1315 4956 1370 5003 et
1399 4949 1647 5018 probata.

576 5091 687 5164 (21)
716 5090 875 5164 Illud,
899 5093 951 5145 εἴ
968 5108 1020 5143 τι
1054 5088 1393 5161 παραμύθιον
1427 5089 1667 5159 ἀγάπης,
1700 5089 1943 5143 additum
1979 5099 2066 5144 est

506 5163 642 5219 exR
679 5163 780 5232 gijs
810 5164 983 5231 primo
1013 5170 1067 5214 et
1097 5163 1273 5232 tertio.
1323 5179 1328 5184 ·

577 5228 1007 5304 (ὶὲγξοέιιὶιιιυε
1034 5247 1099 5285 ex
1131 5230 1286 5290 libris
1307 5229 1585 5285 veteribus
1606 5228 1902 5281 articulum
1936 5237 2065 5285 ante

504 5302 693 5360 VOCetn
726 5302 976 5372 Χριστός.

576 5373 688 5454 (25)
708 5367 939 5454 Utraque
959 5367 1129 5454 editio
1142 5377 1196 5424 et
1210 5367 1342 5454 Reg.
1358 5367 1633 5454 secundus
1650 5367 1950 5454 πραότητα,
1970 5386 2068 5438 μα-

506 5437 805 5514 κροθυμίαν
836 5437 970 5512 πρὸς
994 5439 1201 5502 πάντας
1222 5439 1560 5508 ἀνθρώπους,
1584 5437 2062 5505 mansuetudinem,

505 5512 952 5586 longanimitatem
979 5526 1102 5578 erga
1127 5526 1300 5586 omnes
1327 5509 1559 5586 homines
1580 5525 1598 5562 :
1621 5507 2059 5586 sedilludhstp‘b;

505 5576 1069 5651 niisagiwllpdmoug',
1106 5596 1135 5632 a
1169 5579 1379 5651 duobus
1411 5578 1532 5631 aliis
1562 5578 1844 5651 codicibus
1873 5576 2059 5651 Regiis

506 5653 679 5705 abest.
719 5644 980 5703 Hoc'loco
1007 5652 1060 5702 in
1085 5649 1315 5716 vulgatis
1342 5649 1593 5717 leguntur
1617 5648 1779 5702 verba
1805 5644 2058 5717 Epistula:

2251 4765 2504 4835 αγγελίω
2558 4766 2697 4839 μετὰ
2737 4769 2975 4839 δεήσεως
3017 4770 3112 4823 καὶ
3161 4768 3327 4842 εὐχῆς
3370 4769 3750 4831 καθίστασθαι,

2257 4858 2366 4912 εἶτε
2395 4858 2704 4924 διακόνους,
2744 4860 2853 4913 εἴτε
2885 4859 3317 4933 πρεσϐυτέρους,
3352 4861 3752 4934 ἀνεγκλήτως,

2258 4950 2353 5003 καὶ
2380 4946 2639 5020 δοκίμους
2663 4949 2757 5005 τὸν
2780 4951 3043 5021 πρότερον
3074 4951 3210 5021 βίον.

2172 5106 2286 5159 quo
2314 5091 2507 5146 horum
2537 5092 2771 5146 duorum
2794 5107 2934 5162 quos
2962 5093 3126 5149 modo
3147 5092 3257 5147 dixi
3285 5092 3537 5148 codicum
3567 5100 3759 5148 aucto~

2174 5164 2395 5216 ritatem
2429 5172 2654 5218 secutus
2688 5179 2835 5219 sum.
2868 5162 2949 5217 Ita
2981 5164 3130 5218 enim
3167 5163 3364 5218 melius
3396 5163 3541 5217 inter
3570 5178 3635 5218 se
3663 5180 3753 5217 oo—

2174 5230 2382 5286 haerere
2413 5232 2546 5286 mihi
2581 5234 2699 5288 visa
2730 5244 2882 5289 sunt.

2245 5301 2364 5441 (24)
2397 5299 2532 5372 Reg.
2560 5304 2755 5357 tertius
2787 5305 2868 5366 εις
2894 5304 3065 5374 ἡμᾶς.

2268 5370 2360 5440 25)
2392 5372 2638 5441 Utraque
2675 5374 2843 5426 editio
2876 5376 3054 5426 πάντα

2268 5368 2360 5440 25)
2392 5368 2638 5441 Utraque
2675 5374 2843 5426 editio
2876 5368 3054 5426 πάντα
3096 5373 3153 5426 δὲ
3194 5368 3539 5441 δοκιμάζετε.
3572 5370 3755 5425 Codex

2172 5439 2418 5512 Coiiib’ef.
2447 5449 2500 5496 et
2526 5439 2635 5496 duo
2662 5443 2751 5495 alii
2777 5443 3180 5512 δοκιμάζοντες.

2244 5509 2357 5579 (26)
2397 5511 2637 5580 Utraque
2667 5512 2837 5566 editio
2861 5509 2914 5566 et
2944 5529 3102 5567 socer
3125 5520 3307 5566 textus
3331 5511 3591 5580 vulg-atus
3619 5509 3755 5572 ἱερο-

2170 5584 2419 5653 πρεπεῖς.
2446 5579 2682 5653 _Veteres
2717 5583 2909 5653 nostri
2937 5584 3061 5637 libri
3103 5579 3449 5653 ἱεροπρεπεῐ.
3492 5580 3751 5653 Βίῳ-σιω

2168 5645 2305 5723 ιῃεε.
2331 5650 2657 5723 φιλάνδρους
2687 5648 2846 5708 εἶναι.
2874 5652 2983 5708 Vos
3017 5645 3206 5707 ultinia
3236 5645 3388 5709 deest
3424 5653 3479 5706 in
3507 5645 3749 5703 editione

507 5722 577 5775 ad
606 5718 881 5784 ilebrmos,
920 5720 1016 5775 sed
1048 5736 1111 5774 ca
1144 5722 1248 5772 alio
1279 5718 1469 5773 ordine
1500 5717 1707 5773 edenda
1738 5718 1925 5773 curavi
1959 5735 1972 5772 :
2003 5721 2057 5772 in
2165 5718 2494 5777 l’arisiensi.
