3962 6238
241 330 361 410 ,εει

1701 332 2028 389 MORALIA.

3401 327 3508 384 822

259 449 437 506 Θεοῦ.
501 449 678 503 ΠΡΟΣ
735 447 902 502 ΡΩΜ.
960 447 1091 514 Πῶς
1151 446 1218 500 δὲ
1259 445 1622 501 ἀκούσονται
1666 446 1826 515 χωρὶς

1959 445 2251 501 Salvatoris
2331 450 2534 510 nostri,
2599 457 2647 500 et
2704 446 2903 503 Christi
2961 447 3086 502 Iesu
3143 449 3252 519 spei
3316 459 3508 504 nostra

259 539 686 607 κηρύσσοντος
704 555 723 602 ;
753 539 879 604 πῶς
928 537 995 590 δὲ
1030 537 1418 606 κηρύξουσιν,
1446 537 1554 590 ἑὰν
1579 537 1664 606 μὴ
1691 537 1839 590 ἀπο-

1950 537 2000 610 (1
2036 539 2172 594 Tim.
2205 556 2242 599 ι,
2286 539 2336 602 1,
2377 540 2452 609 2).

258 635 609 696 σταλῶσιν;
652 636 831 688 ΠΡΟΣ
870 635 1012 688 TlM.
1056 643 1124 686 a'.
1177 633 1409 699 Παῦλος
1461 635 1799 700 ἀπόστολος
1845 637 2036 704 Ἰησοῦ
2077 635 2332 704 Χριστοῦ
2373 638 2497 689 κατ’
2532 635 2818 706 ἐπιταγὴν
2848 637 2992 690 Θεοῦ
3024 634 3295 704 Σωτῆρος
3318 631 3506 703 ἡμῶν,

261 729 361 783 καὶ
388 729 642 798 Χριστοῦ
685 729 880 796 Ἰησοῦ
909 728 1014 795 τῆς
1043 728 1290 795 ἐλπίδος
1310 728 1496 798 ἡμῶν.

262 845 388 900 Ὅτι
417 845 499 898 δεῖ
534 846 623 898 τὸν
664 846 928 924 κληθέντα
971 848 1050 908 εἰς
1086 845 1147 897 τὸ
1174 847 1433 916 κήρυγμα
1466 845 1558 900 τοῦ
1603 847 1838 916 Εὐαγγε-

331 937 446 990 λεου
477 938 637 1002 εὐθὺς
670 938 985 1000 ὑπακούειν,
1017 938 1109 990 καὶ
1143 939 1216 1006 μὴ
1247 938 1656 994 ἀναϐάλλεσθαι.

869 1117 1091 1184 Κεφάλ.
1140 1120 1192 1168 Δ¹

329 1231 629 1288 ΛΟΥΚΑΣ.
685 1226 832 1284 Eine
876 1228 944 1282 δὲ
999 1229 1148 1297 πρὸς
1197 1228 1431 1295 ἕτερον’
1504 1230 1833 1285 Ἀκολούθει

250 1342 376 1395 μοι.
423 1325 475 1376 Ὀ
517 1323 584 1376 δὲ
609 1319 771 1376 εἷπεσ
814 1321 1009 1388 Κύριε,
1039 1322 1363 1390 ἐπίτρεψόν
1378 1339 1478 1390 μοι
1513 1321 1833 1376 ἀπελθόντι

253 1413 496 1483 πρῶτον
532 1413 717 1481 θάψαι
746 1411 855 1465 τὸν
881 1411 1101 1479 πατέρα
1131 1429 1270 1480 μου,
1307 1412 1456 1464 Εῖπε
1500 1411 1568 1464 δὲ
1599 1413 1757 1478 αὐτῷ
1798 1417 1832 1468 ό

1959 849 2115 914 Quod
2171 848 2263 918 qui
2319 847 2386 902 ad
2426 847 2890 918 'prtndicationem
2947 846 3220 916 Evangelii
3280 852 3506 900 vocatus

2027 949 2130 999 est.
2159 942 2206 996 is
2229 939 2520 996 confestim
2569 941 2791 996 obedire
2819 941 2995 1005 debet,
3029 955 3136 994 non
3169 948 3345 992 autem
3383 952 3509 1007 pro-

2007 1034 2326 1089 crastinam.

2574 1119 2745 1190 Caput
2777 1119 2877 1174 IV.

2020 1235 2110 1287 Ait
2149 1245 2322 1287 autem
2353 1232 2420 1285 ad
2469 1230 2740 1284 alterum:
2780 1227 3001 1299 Sequere
3031 1245 3134 1284 me.
3183 1228 3283 1282 Ille
3331 1237 3505 1282 autem

1949 1327 2088 1380 dixit
2116 1343 2132 1380 :
2178 1325 2413 1389 Domine,
2447 1323 2686 1392 permitte
2713 1321 2840 1374 mihi
2871 1322 3097 1389 primum
3130 1322 3225 1382 ire,
3271 1329 3318 1373 et
3360 1336 3507 1388 sepe-

1946 1418 2040 1471 lire
2069 1426 2271 1486 patrem
2318 1431 2510 1469 meum.
2568 1412 2812 1482 Dixitque
2837 1413 2885 1466 ei
2911 1411 3165 1465 Dominus
3201 1429 3218 1466 :
3276 1412 3401 1465 Sine
3445 1419 3504 1463 ut

253 1509 505 1575 Κύριος·
545 1506 718 1573 Ἄφες
750 1503 891 1569 τοὺς
928 1503 1176 1571 νεκροὺς
1213 1501 1397 1571 θάψαι
1430 1487 1572 1570 τοὺς
1610 1503 1826 1558 ἑαυτῶν

1946 1509 2141 1562 mortui
2187 1507 2439 1574 sepeliant
2473 1514 2706 1557 mortuos
2755 1519 2878 1556 suos
2911 1519 2927 1556 :
2963 1511 3019 1555 tu
3050 1511 3224 1556 autem
3257 1501 3403 1563 vade,
3452 1508 3504 1555 et

250 1599 510 1664 νεκρούς
530 1612 544 1625 ο
576 1595 657 1647 σὺ
707 1593 775 1646 δὲ
813 1593 1109 1656 ἀπελθὼν,
1162 1591 1476 1661 διάγγελλε
1517 1593 1632 1660 τὴν
1655 1595 1835 1658 ,βασι-

249 1690 429 1742 λείαν
457 1686 566 1740 τοῦ
599 1685 769 1739 Θεοῦ.
804 1686 978 1738 ΠΡΟΣ
1005 1685 1043 1736 Γ
1046 1686 1156 1737 ΑΛ.
1184 1685 1316 1738 Ὅτε
1348 1684 1416 1738 δὲ
1447 1685 1782 1754 εὐδόκησεν
1802 1690 1835 1740 ό

1941 1601 2199 1654 αηηιιηιὶα
2238 1614 2454 1668 regnum
2479 1596 2577 1650 Dei
2612 1595 2761 1667 (Luc.
2804 1610 2879 1658 Ix,
2911 1593 2996 1657 59,
3022 1594 3206 1663 60)....
3242 1592 3371 1646 Cant
3406 1608 3507 1645 au-

1938 1703 2039 1745 tem
2095 1690 2294 1760 placuit
2326 1688 2452 1753 Deo,
2489 1688 2578 1757 qui
2605 1703 2684 1740 me
2715 1685 2998 1756 segregavit
3025 1698 3089 1736 ea:
3118 1693 3266 1735 utero
3312 1681 3500 1734 matris

252 1783 402 1847 Θεὸς
442 1784 476 1835 ό
521 1781 818 1850 ἀφορίσας
840 1797 915 1848 με
955 1779 1023 1832 ἐκ
1058 1780 1290 1846 κοιλίας
1325 1780 1551 1848 μητρός
1574 1799 1714 1850 μου,
1736 1779 1826 1832 καὶ

1946 1798 2083 1845 mete,
2123 1790 2171 1834 et
2209 1780 2408 1833 vocavit
2443 1795 2522 1832 me
2551 1793 2642 1845 per
2687 1779 2915 1847 gratiam
2945 1789 3117 1836 suam,
3151 1782 3206 1825 ut
3251 1769 3509 1825 revelare;

249 1874 526 1937 καλέσας
563 1890 640 1942 με
690 1873 801 1943 (55)
852 1869 949 1924 διὰ
967 1871 1076 1940 τῆς
1106 1873 1346 1944 χάριτος
1376 1873 1583 1938 αὐτοῦ,
1615 1873 1832 1927 ἀποκα-

247 1969 446 2034 λύψαι
473 1967 580 2019 τὸν
614 1966 753 2019 Υἰὸν
775 1967 960 2020 αὐτοῦ
980 1966 1048 2019 ἐν
1073 1966 1221 2036 ἐμοὶ,
1247 1967 1347 2021 ἵνα
1376 1965 1826 2036 εὐαγγελίζωμαι

249 2060 443 2114 αὐτὸν
473 2060 545 2112 ἐν
573 2059 696 2126 τοῖς
729 2059 970 2113 ἔθνεσιν
989 2078 1002 2090 ·
1030 2061 1247 2125 εὐθέως
1273 2063 1344 2113 οὐ
1381 2058 1830 2128 προσανεθέμην

247 2151 433 2219 σαρκὶ
467 2151 566 2203 καὶ
601 2151 822 2219 αἵματι,
855 2149 996 2204 οὐδὲ
1021 2150 1300 2220 ἀπῆλθον
1331 2154 1417 2217 εὶς
1455 2152 1831 2220 Ἰεροσόλυμα

250 2243 405 2310 πρὸς
431 2242 576 2308 τούς
601 2243 715 2310 πρὸ
740 2241 886 2310 ἐμοῦ
917 2244 1299 2308 ἀποστόλους
1317 2260 1330 2273 ⁸
1362 2245 1522 2298 ἀλλὰ
1555 2244 1831 2312 ἀπῆλθον

247 2339 337 2404 εις
395 2337 705 2405 Ἀραϐίαν,
771 2338 870 2392 καὶ
927 2337 1112 2390 πάλιν
1168 2338 1518 2407 ὑπέστρεψα
1586 2341 1671 2404 εις
1725 2345 1827 2392 Δα-

243 2431 516 2499 μασκόν.

615 2538 737 2592 ὀτι
765 2540 825 2592 οὐ
857 2540 938 2592 δεῖ⁹
965 2541 1481 2612 ἑτεροδιδασκαλεῖν.

869 2781 1089 2850 Κεφάλ.
1140 2783 1219 2834 Ε’.

319 2895 650 2950 ΙΩΑΝΝΗΣ.
703 2895 890 2962 Ἀμὴν
940 2894 1102 2964 ἀμὴν
1133 2894 1286 2963 λέγω
1331 2896 1489 2962 ὑμῖν,
1524 2899 1556 2950 ό
1596 2897 1681 2966 μὴ
1715 2901 1830 2951 εισ-

247 2990 574 3056 ερχόμενος
631 2986 729 3040 διὰ
779 2985 886 3053 τῆς
941 2987 1122 3053 θύρας
1171 2987 1258 3051 εὶς
1308 2986 1420 3054 τὴν
1469 2987 1671 3054 αὐλὴν
1714 2987 1831 3042 τῶν

1942 1874 2144 1930 Filium
2178 1889 2329 1927 suum
2361 1872 2414 1924 in
2448 1887 2547 1933 me,
2581 1879 2638 1922 ut
2670 1867 3082 1936 euangelizarem
3114 1863 3265 1916 illum
3289 1863 3345 1915 in
3373 1879 3501 1932 gen-

1936 1964 2071 2017 tibus
2107 1981 2120 2018 :
2155 1962 2408 2016 continuo.
2434 1977 2536 2014 non
2585 1959 2814 2027 acquievi
2849 1956 2998 2009 carni
3029 1963 3076 2008 et
3107 1953 3370 2023 sanguini,
3411 1966 3504 2006 ne—

1930 2071 2027 2126 que
2053 2054 2164 2108 veni
2188 2051 2577 2121 Jerosolymam
2610 2048 2677 2102 ad
2724 2059 3077 2103 antecessores
3113 2053 3503 2112 nteos,,aposto-

1933 2153 2031 2216 los,
2083 2145 2173 2201 sed
2207 2145 2313 2198 abii
2365 2145 2418 2198 in
2451 2143 2730 2206 Arabiam,
2778 2151 2829 2196 et
2873 2143 3060 2197 iterum
3118 2155 3349 2192 reversus
3381 2150 3508 2192 sum

1933 2238 2255 2292 Damascum
2285 2233 2488 2308 (Halat.
2520 2250 2558 2300 ι,
2594 2233 2816 2304 iii-l7).

1937 2555 2091 2623 Quod
2149 2555 2363 2611 diversa
2423 2563 2478 2609 et
2540 2554 2714 2609 aliena
2777 2553 3028 2609 doctrina
3091 2568 3201 2608 non
3253 2557 3338 2607 est
3385 2560 3504 2606 tta-

2600 2645 2795 2700 denda.

2565 2776 2733 2846 Caput
2770 2776 2830 2834 V.

2001 2899 2188 2962 Amen,
2225 2913 2375 2950 amen
2395 2895 2512 2948 dico
2540 2894 2703 2957 vobis,
2735 2894 2825 2963 qui
2867 2910 2972 2946 non
2997 2893 3159 2944 intrat
3191 2906 3280 2959 per
3308 2891 3502 2944 ostium

1933 2991 1987 3045 in
2033 2991 2164 3045 ovile
2196 2990 2387 3050 ovium,
2432 2986 2520 3040 sed
2552 2983 2787 3039 ascendit
2827 2983 3061 3050 aliunde,
3093 2983 3182 3036 ille
3217 2982 3304 3050 fur
3326 2991 3402 3036 est
3437 2989 3489 3033 et

245 3078 581 3147 προϐάτων,
617 3078 779 3132 ἀλλὰ
812 3079 1150 3133 ἀναϐαίνων
1187 3079 1550 3146 ἀλλαχόθεν,
1598 3079 1826 3145 ἐκεῖνος

1946 3084 2093 3138 Latro.
2128 3083 2232 3148 Qui
2255 3089 2428 3133 autem
2457 3079 2621 3131 intrat
2647 3093 2739 3146 per
2769 3077 2986 3139 ostium,
3016 3084 3200 3144 pastor
3229 3082 3304 3127 est
3327 3074 3502 3124 ovium

245 3172 519 3238 κλέπτης
561 3170 694 3224 ἐστὶ
749 3171 847 3223 καὶ
894 3169 1148 3238 λῃστής.
1193 3170 1255 3222 '0
1306 3168 1373 3222 δὲ
1413 3172 1826 3240 εἰσερχόμενος

1946 3176 2117 3247 [Ιοαη.
2157 3192 2212 3239 x,
2251 3176 2302 3238 l,
2333 3175 2410 3245 2-).
2462 3172 2528 3225 Et
2571 3171 2731 3240 paulo
2779 3176 2941 3239 post:
3007 3166 3115 3235 Ego
3178 3181 3294 3219 sum
3338 3159 3504 3234 294

245 3260 344 3316 διὰ
393 3260 504 3330 τῆς
546 3263 749 3330 θύρας,
784 3262 1005 3331 ποιμήν
1033 3264 1163 3314 ἐστι
1196 3260 1315 3314 τῶν
1361 3259 1684 3328 προϐάτων.
1719 3264 1826 3315 Καὶ

1946 3271 2124 3324 istium
2158 3268 2351 3320 ovium.
2397 3264 2586 3319 Omnes
2629 3268 2878 3331 quotquot
2925 3268 3167 3312 venerunt
3209 3257 3350 3325 fures
3377 3262 3502 3309 sunt

249 3355 369 3424 μετ’
405 3354 597 3422 ὀλίγα·
664 3351 803 3420 Ἐγώ
861 3356 974 3422 εἰμι
1026 3353 1063 3420 ἡ
1123 3353 1272 3421 θύρα
1326 3351 1444 3405 τῶν
1497 3353 1823 3422 προϐάτων.

246 3443 481 3509 Πάντες
520 3444 653 3497 ὅσοι
703 3441 909 3513 ἦλθον,
949 3447 1196 3498 κλέπται
1252 3443 1374 3497 εἰσὶ
1423 3447 1518 3498 καὶ
1564 3447 1826 3515 λῃσταί·

246 3537 386 3590 ἀλλ’
448 3537 560 3589 οὐκ
609 3535 888 3602 ἥκουσαν
934 3534 1131 3588 αὐτῶν
1184 3536 1256 3589 τὰ
1318 3539 1597 3604 πρόϐατα.
1652 3539 1829 3591 ΠΡΟΣ

193 3627 203 3640 ’
246 3628 404 3681 ΓΔΑ.
461 3629 646 3681 Ἀλλὰ
685 3629 780 3681 καὶ
811 3629 918 3681 ἐὰν
953 3628 1122 3697 ἡμεῖς
1169 3629 1207 3697 ἣ
1255 3629 1509 3698 ἄγγελος
1539 3629 1608 3694 ἐξ
1661 3635 1830 3698 οἱφα-

247 3721 359 3774 νοῦ
398 3719 844 3789 εὐαγγελίζηται
884 3723 1020 3787 παρ’
1063 3721 1093 3773 ὃ
1125 3721 1636 3791 εὐηγγελισάμεθα
1664 3723 1823 3792 ὑμῖν,

246 3811 514 3880 ἀνάθεμα
542 3811 719 3864 ἔστω.
769 3814 864 3879 Ὡς
910 3813 1341 3882 προειρήκαμεν
1371 3814 1502 3884 (56),
1549 3815 1646 3868 καὶ
1697 3815 1828 3882 ἄρτι

246 3901 435 3956 πάλιν
462 3903 651 3970 λέγω·
703 3906 744 3955 Ε
753 3904 775 3955 ἵ
822 3922 913 3970 τις
953 3904 1107 3974 ὑμᾶς
1140 3904 1574 3974 εὐαγγελίζεται
1619 3909 1755 3974 παρ’
1793 3907 1824 3958 ὃ

245 3993 631 4059 παρελάϐετε,
683 3994 946 4063 ἀνάθεμα
995 3997 1170 4050 ἔστω.
1222 3999 1398 4050 ΠΡΟΣ
1442 3999 1585 4049 TlM.
1645 4005 1711 4051 α’.
1755 3997 1827 4049 ΕΖ

246 4103 336 4150 τις
371 4085 908 4153 ἑτεροδιδασκαλεῖ,
949 4088 1048 4141 καὶ
1082 4089 1168 4158 μὴ
1207 4089 1597 4159 προσέρχεται
1644 4091 1806 4159 ὺγιαί

1933 3371 1982 3413 et
2040 3359 2268 3411 latrones
2330 3371 2348 3409 :
2402 3355 2490 3409 sed
2536 3369 2640 3405 non
2697 3351 2973 3403 audierunt
3011 3364 3124 3413 _eos
3177 3363 3292 3400 oves
3344 3343 3502 3415 (ibid;

1930 3450 1984 3513 7,
2027 3449 2148 3514 8)...
2197 3446 2298 3500 Sed
2333 3445 2449 3498 licet
2487 3461 2579 3496 nos
2621 3452 2713 3496 aut
2769 3440 2984 3509 angelus
3016 3439 3079 3492 de
3125 3437 3252 3492 ca’lo
3281 3452 3508 3504 evange«

1928 3541 2052 3593 lizet
2077 3548 2425 3608 praeterquam
2467 3537 2603 3606 quod
2652 3534 3118 3603 evangelizavimus
3164 3530 3328 3592 vobis,
3369 3545 3504 3581 unae

1930 3635 2103 3685 thema
2131 3632 2218 3684 sit.
2253 3629 2399 3682 Sicut
2437 3625 2800 3696 prcediximus,
2846 3633 2893 3676 et
2936 3637 3073 3674 nunc
3113 3616 3448 3672 iterumdico
3482 3631 3513 3668 :-

1930 3723 2128 3792 Siquis
2169 3720 2309 3774 vobis
2352 3717 2676 3786 evangelizat
2705 3724 2895 3783 prwter
2938 3713 2988 3765 id
3024 3710 3160 3782 quod
3196 3706 3497 3777 accepistis,

1934 3815 2216 3869 anathema
2244 3814 2312 3866 sit
2361 3809 2563 3882 (Colat.
2599 3825 2637 3871 ι,
2675 3807 2728 3872 8,
2755 3807 2882 3877 9)...
2917 3804 2979 3859 Si
3016 3804 3132 3874 quis
3165 3802 3320 3855 aliter
3351 3803 3502 3850 dooet

1932 3918 1981 3962 et
2006 3925 2106 3960 non
2139 3905 2338 3960 accedit
2375 3904 2521 3956 sanis
2565 3899 2890 3956 sermonibus
2926 3897 3141 3951 Domini
3171 3893 3342 3948 nostri
3371 3889 3503 3944 Iesu

1933 3997 2160 4059 Christi,
2189 4006 2236 4048 et
2264 3996 2312 4048 ei
2337 4011 2451 4064 qua:
2485 3991 2772 4046 secundum
2826 3992 3074 4059 pietatem
3105 3998 3180 4040 est
3217 3982 3498 4047 doctrina,

1931 4087 2181 4157 superbus
2217 4095 2316 4150 est,
2359 4085 2490 4138 nihil
2530 4083 2697 4137 sciens
2734 4079 2784 4150 (I
2819 4080 2956 4135 Tim.
2988 4096 3064 4144 γι,
3100 4081 3154 4142 5,
3178 4079 3254 4146 4),
3294 4085 3400 4129 etc.

246 4194 424 4232 νουσι
489 4179 693 4246 λόγοις
762 4179 886 4244 τοῖς
948 4180 1053 4233 τοῦ
1119 4182 1337 4248 Kvpiov
1389 4180 1558 4248 ἡμῶν
1618 4179 1811 4249 Ἰησοῦ
1864 4179 2138 4248 Χριστοῦ,
2184 4176 2282 4230 καὶ
2335 4173 2408 4244 τῇ
2469 4177 2592 4228 κατ’
2635 4172 2946 4227 εὐσέϐειαν
2987 4167 3366 4232 διδασκαλίᾳ,
3421 4179 3501 4217 t8-

247 4269 525 4337 ttigcwtat,
552 4267 746 4336 μηδὲν
785 4269 1198 4339 ἐπιστάμενος,
1233 4270 1324 4322 καὶ
1355 4269 1423 4322 τὰ
1464 4270 1608 4340 ἑξῆς.

247 4403 366 4458 Ὀτι
412 4405 496 4458 δεῖ
541 4404 721 4458 πάντα
757 4405 824 4458 τὰ
869 4409 1316 4478 προστεταγμένα
1355 4409 1457 4462 ὑπὸ
1489 4407 1583 4461 τοῦ
1618 4409 1822 4479 Κυρίου

314 4499 372 4551 ὲν
427 4497 506 4568 τῷ
556 4497 877 4567 Εὑαγγελίῳ
928 4499 1020 4550 καὶ
1044 4498 1130 4551 διὰ
1176 4499 1283 4552 τῶν
1328 4500 1639 4553 ἀποστόλων
1683 4501 1823 4553 διδά-

318 4604 470 4641 σκειν
513 4589 642 4651 τοὺς
678 4590 1162 4659 πεπιστευμένους,
1193 4591 1285 4642 καὶ
1335 4591 1435 4642 ὅσα
1461 4590 1668 4653 τούτοις
1704 4589 1825 4642 ἀκόρ

314 4678 502 4738 lauda.

849 4836 1076 4906 Κεφάλ.
1121 4840 1210 4905 εἷ’.

311 4944 686 5001 ΜΑΤΘΑΙΟΣ.
739 4945 1154 5013 Πορευθέντες,
1184 4948 1599 5016 μαθητεύσατε
1627 4945 1822 5002 πάντα

250 5034 317 5087 τὰ
342 5035 509 5102 ἔθνη.
551 5031 945 5101 ,ϐαπτίζοντες
989 5038 1210 5102 αὐτοὺς
1251 5040 1338 5102 εἰς
1383 5039 1449 5090 τὸ
1485 5038 1669 5107 ὄνομα
1715 5039 1820 5092 τοῦ

252 5127 497 5196 Πατρὸς,
529 5127 630 5180 καὶ
663 5128 770 5181 τοῦ
806 5129 964 5194 Υιοῦ,
996 5131 1093 5182 καὶ
1127 5131 1232 5184 τοῦ
1259 5131 1430 5200 ἁγίου
1455 5133 1818 5200 Πνεῦματος,

248 5214 637 5283 διδάσκοντες
682 5219 904 5283 αὐτοὺς
952 5219 1149 5287 τηρεῖν
1200 5220 1394 5274 πάντα
1447 5221 1564 5274 ὅσα
1614 5223 1820 5276 ἐνετει-

248 5306 445 5375 λάμην
466 5307 626 5378 ὑμῖν.
657 5309 968 5362 ΠΡΑΞΕΙΣ.
1041 5310 1135 5375 Ὡς
1185 5310 1252 5363 δὲ
1281 5311 1693 5379 διεπορεύοντο
1714 5313 1819 5377 τὰς

250 5396 494 5466 πόλεις,
543 5399 907 5467 παρεδίδουν
946 5401 1148 5468 αὐτοῖς
1204 5402 1548 5470 φυλάσσειν
1587 5403 1660 5455 τὰ
1722 5403 1820 5454 δό-

250 5507 433 5558 γματα
474 5492 546 5547 τὰ
605 5494 924 5561 κεκριμένα
965 5493 1082 5546 ὑπὸ
1145 5494 1264 5547 τῶν
1317 5496 1674 5549 ἀποστόλων
1719 5495 1820 5547 καὶ

255 5664 665 5804 μεῗὲΐνοουιε
697 5686 763 5740 με
796 5669 852 5725 in
877 5669 1152 5726 veteribus
1181 5672 1386 5727 nostris
1411 5671 1566 5728 libris
1602 5688 1706 5725 non
1738 5687 1821 5724 rc-

348 5751 476 5789 ιωιο.

1939 4397 2093 4464 Quod
2125 4395 2306 4450 omnia
2347 4407 2467 4462 quae
2519 4406 2549 4444 a
2590 4390 2822 4446 Domino
2881 4389 2936 4443 in
2974 4387 3265 4459 Evangelia
3307 4397 3358 4442 et
3404 4405 3500 4458 per

2009 4489 2287 4561 apostolos
2339 4493 2604 4557 priest-pta
2657 4491 2804 4547 sunt,
2852 4481 3084 4536 docendi
3137 4489 3264 4535 sunt
3315 4481 3351 4534 ii
3407 4482 3501 4550 qui

2004 4582 2386 4644 crediderunt,
2415 4589 2576 4648 atque
2601 4577 2762 4632 etiam
2792 4588 3128 4645 quaecunque
3157 4572 3242 4628 bis
3268 4587 3500 4627 consen-

1855 4671 1898 4726 D
2000 4684 2158 4729 lanea
2192 4679 2340 4727 sunt.

2550 4827 2720 4896 Caput
2774 4823 2868 4878 Π.

2005 4941 2204 4995 Euntes
2255 4941 2433 4994 docete
2484 4955 2661 4993 omnes
2705 4946 2901 5008 gentes,
2955 4933 3280 5001 baptizantes
3321 4945 3407 4983 eos
3443 4929 3499 4984 in

1936 5034 2143 5087 nomine
2190 5031 2391 5094 Patris,
2427 5041 2474 5085 et
2515 5030 2665 5094 Filii,
2699 5038 2749 5082 et
2787 5013 3018 5096 Spiritus
3068 5023 3261 5085 sancti,
3306 5020 3498 5074 docen-

1933 5137 2006 5180 tes
2051 5143 2137 5181 eos
2193 5143 2407 5180 servare
2449 5125 2629 5178 omnia
2691 5134 3006 5193 quacunque
3065 5113 3310 5168 mandavi
3355 5112 3498 5167 vobis

1928 5218 2156 5290 (Matth.
2210 5235 2402 5281 xxVIIt,
2439 5217 2525 5280 19,
2556 5216 2715 5286 20)...
2757 5211 2889 5267 Cum
2916 5219 3088 5264 autem
3119 5206 3497 5276 pertransirent

1931 5313 2210 5376 civitates,
2261 5309 2536 5363 tradebant
2584 5308 2656 5361 eis
2713 5303 2976 5358 custodire
3031 5300 3318 5369 dogmata,
3380 5312 3496 5364 quae

1930 5413 2090 5455 erant.
2112 5401 2320 5454 decreta
2359 5399 2424 5453 ab
2475 5397 2730 5466 apostolis
2761 5405 2809 5448 et
2850 5391 3143 5448 senioribus
3191 5391 3242 5444 in
3271 5387 3496 5441 Jerusa-

1931 5495 2030 5549 lem
2072 5495 2216 5566 (Act.
2258 5509 2368 5556 xw,
2403 5492 2528 5561 4)...
2579 5489 2707 5544 Ilazc
2731 5489 2856 5542 doce
2885 5497 2934 5541 et
2964 5485 3242 5540 exhortare
3270 5479 3324 5552 (1
3353 5480 3491 5535 Tim.

1932 5678 2163 5739 utraque
2197 5670 2361 5726 oditio
2393 5668 2568 5739 Ei;ch
2597 5669 2744 5738 ὑμῖν.
2780 5665 2962 5721 Nostri
3000 5671 3113 5739 tres
3151 5676 3287 5739 mss.
3323 5657 3487 5739 ὑμᾷς.

1927 5740 2040 5813 lloc
2078 5728 2197 5812 ipso
2230 5739 2282 5794 in
2313 5743 2433 5797 loco
2469 5728 2606 5812 Reg.
2633 5728 2844 5813 primus
2869 5734 3189 5794 emendatus
3214 5728 3495 5802 εὐαγγελιο

325 5805 437 5876 (56)
473 5805 606 5879 Reg.
632 5809 829 5865 tertius
851 5809 926 5874 ὡς
952 5810 1275 5884 προείρηκα,
1309 5821 1366 5865 ut
1388 5824 1504 5867 ante
1532 5811 1666 5866 dixi.
1697 5809 1815 5866 Mox
1920 5810 2095 5881 ζηται.
