3962 6238
239 373 342 432 sas
1669 377 1999 441 uomuit.
3335 357 3338 362 ’
3371 381 3478 441 826

854 491 1078 562 Κεφὰλ.
1118 493 1160 548 ι’
1169 535 1182 548 .
1834 500 1882 556 Α

1834 500 1882 556 Α
2539 496 2707 564 Caput
2739 495 2809 551 Χ.

307 585 678 642 ΜΔΤΘΑῙΟΣ.
709 585 889 640 Δεῦτε
912 585 1062 653 πρὸς
1087 585 1184 654 μὲ,
1226 583 1449 652 πάντες
1475 588 1538 641 οὶ·
1559 586 1808 641 κοπιῶν-

1992 585 2173 641 Venite
2218 585 2287 640 ad
2342 603 2444 650 me,
2501 603 2680 642 omnes
2729 587 2819 654 qui
2864 586 3119 641 laboratis
3164 595 3214 641 et
3272 589 3475 644 onerati

238 695 336 744 τες
373 678 474 730 καὶ
511 676 1008 745 πεφορτισμένοι,
1055 675 1217 744 κάγὼ
1261 675 1592 735 ἀναπαύσω
1632 674 1802 745 ὑμᾶς.

1909 680 2054 743 estis,
2079 690 2126 734 et
2157 698 2250 751 ego
2281 682 2513 751 reﬁciam
2547 699 2660 737 uos.
2697 681 2886 736 Tollite
2901 681 3089 752 jugum
3118 699 3284 736 meum
3318 699 3473 752 super

240 771 448 840 Ἄρατε
470 767 571 822 τὸν
606 767 785 837 ζυγόν
815 785 928 838 μου
955 769 1046 836 ἐφ’
1090 766 1248 836 ὑμᾶς
1268 809 1284 833 ,
1324 769 1422 822 καὶ
1465 768 1680 838 μάθετε
1709 771 1804 823 ἀπ’

1907 787 2017 830 uos,
2073 781 2122 825 et
2174 772 2360 828 discite
2410 791 2443 827 a
2479 790 2576 839 me,
2625 775 2750 843 quia
2793 775 2939 827 mitis
2989 790 3127 837 sum,
3170 783 3218 827 et
3257 773 3470 831 humilis

235 860 414 929 ἐμοῦ,
463 860 552 913 ὅτι
589 859 780 926 πρᾶός
815 862 963 928 εὶμι,
997 860 1093 912 καὶ
1139 860 1414 925 ταπεινὸς
1456 859 1531 928 τῇ
1577 861 1799 929 καρδίᾳ.

1908 863 2067 916 corde
2103 862 2322 921 (Matth.
2363 881 2442 932 ιι,
2492 864 2581 930 28,
2618 866 2780 932 29)...
2835 864 3127 935 Postquam
3179 882 3300 936 ergo
3345 867 3472 922 lauit

234 953 563 1006 ΙΩΑΝΝΗΣ.
614 953 745 1004 Ὅτε
779 947 894 1004 οὖν
935 949 1109 1018 ἕνιψε
1148 950 1290 1016 τοὺς
1330 951 1519 1016 πόδας
1548 951 1666 1004 τῶν
1692 970 1798 1021 μα-

1908 956 2062 1024 pedes
2111 957 2494 1025 discipulorum
2540 974 2777 1020 suorum,
2826 966 2876 1010 et
2939 959 3132 1024 accepit
3169 961 3472 1014 uestimenta

233 1042 430 1110 θητῶν
457 1042 642 1096 αὑτοῦ
667 1083 682 1103 ,
708 1045 806 1096 καὶ
845 1043 1022 1096 ἔλαϐε
1045 1042 1116 1094 τὰ
1142 1040 1339 1110 ἱμάτια
1360 1043 1566 1106 αὐτοῦ,
1596 1044 1797 1097 dir-uas

1906 1063 2004 1099 sua
2029 1063 2047 1100 :
2077 1065 2192 1101 cum
2231 1048 2550 1103 recubuisset
2592 1050 2802 1112 iterum,
2844 1049 2979 1102 dixit
3009 1051 3082 1102 eis
3109 1065 3125 1102 :
3158 1047 3316 1103 Scitis
3345 1051 3470 1120 quid

233 1135 364 1188 σὼν
401 1133 587 1188 πάλιν
607 1131 775 1188 εἶπεν
800 1134 1002 1200 αὐτοῖς
1021 1151 1036 1164 ο
1069 1131 1406 1188 Γινώσκετε
1431 1135 1486 1188 τί
1512 1136 1797 1203 πεποίηκα

1907 1136 2118 1204 fecerint
2171 1139 2352 1195 vobis?
2393 1139 2490 1194 Vos
2543 1142 2739 1194 vocatis
2797 1155 2897 1202 me,
2941 1139 3212 1208 Magister,
3264 1150 3313 1193 et
3359 1139 3471 1193 Do-

231 1227 413 1295 ὑμῖν;
461 1226 649 1294 Ὑμεῖς
679 1224 926 1295 φωνεῖτέ
957 1242 1062 1295 με,
1105 1229 1137 1279 ό
1182 1225 1553 1292 Διδάσκαλος
1581 1265 1596 1288 ,
1631 1226 1725 1280 καὶ
1774 1245 1795 1281 c

1909 1231 2042 1284 mine
2073 1245 2091 1284 :
2124 1241 2172 1284 et
2201 1231 2329 1285 bene
2358 1232 2533 1286 dicitis
2565 1249 2581 1285 :
2613 1248 2728 1285 sum
2759 1232 2968 1285 etenim.
3005 1229 3066 1285 Si
3091 1248 3212 1300 ergo
3249 1248 3340 1299 ego
3367 1231 3473 1284 lavi

229 1321 450 1384 Κύριος
469 1361 482 1383 ,
512 1319 611 1372 καὶ
639 1317 837 1384 καλῶς
866 1318 1069 1387 λέγετε
1093 1358 1108 1381 ,
1139 1318 1252 1386 εἰμὶ
1277 1317 1409 1386 γάρ.
1454 1321 1523 1372 Ei
1545 1314 1658 1371 οὖν
1693 1319 1793 1388 ἐγὰ

1907 1323 2056 1390 pedes
2087 1337 2306 1389 vestros,
2360 1325 2634 1389 Dominus,
2666 1333 2714 1378 et
2748 1323 3044 1394 Magister:
3073 1333 3121 1378 et
3155 1341 3241 1377 vos
3275 1322 3471 1377 debetis

229 1406 416 1477 ἔνιψα
445 1408 612 1477 ὑμῶν
638 1410 778 1475 τοὺς
823 1410 1013 1476 πόδας
1032 1451 1047 1474 ,
1097 1413 1130 1462 ὀ
1158 1411 1392 1476 Κύριος,
1436 1411 1531 1463 καὶ
1579 1414 1612 1465 ό
1640 1411 1793 1464 Διδά-

1909 1414 2040 1468 alter
2066 1417 2290 1470 alterius
2319 1417 2496 1471 lavare
2529 1417 2702 1484 pedes.
2741 1415 3050 1483 Exemplum
3083 1417 3219 1468 enim
3243 1413 3363 1468 dedi
3387 1429 3473 1468 ιι.)-

228 1504 502 1568 σκαλος,
560 1502 660 1555 καὶ
713 1503 882 1571 ὑμεῖς
934 1503 1202 1571 ὀφείλετε
1248 1501 1535 1569 ἀλλήλων
1575 1504 1792 1556 νίπτειν

1907 1504 2004 1572 bis,
2034 1518 2088 1558 ut
2112 1507 2545 1576 quemadmodum
2569 1525 2662 1577 ego
2689 1509 2786 1576 Ieci
2816 1507 2977 1570 vobis,
3016 1507 3090 1558 ita
3111 1515 3158 1560 et
3186 1523 3272 1559 vos
3302 1506 3471 1574 faciac

227 1592 372 1658 τοὺς
405 1593 617 1660 πόδας.
675 1593 1020 1663 Ὑπόδειγμα
1066 1595 1172 1664 γὰρ
1220 1593 1412 1648 ἔδωκα
1458 1594 1630 1663 ὑμῖν,
1683 1596 1791 1660 ἵνα1

1905 1597 1972 1649 tis
2006 1598 2140 1650 alter
2177 1598 2332 1652 alteri
2376 1597 2555 1667 (Joan.
2596 1615 2712 1661 xm,
2740 1598 3000 1667 12-15)...
3028 1598 3220 1651 Omnia
3261 1597 3467 1651 ostendi

229 1687 429 1750 καθὼς
461 1685 576 1754 ἑγὼ
617 1685 876 1752 ἐποίησα
919 1687 1092 1754 ὑμῖν,
1136 1687 1231 1738 καὶ
1267 1686 1430 1755 ὑμεῖς
1463 1686 1668 1754 ποιῆτε
1699 1688 1793 1741 til-

1908 1689 2070 1751 vobis,
2098 1692 2346 1760 quoniam
2376 1691 2452 1744 sic
2490 1690 2791 1744 laborantes
2826 1697 3061 1758 oporteat
3100 1691 3361 1758 suscipere
3392 1691 3472 1742 in-

227 1776 467 1842 λήλοις.
527 1777 840 1830 ΠΡΑΞΕΙΣ.
897 1775 1098 1830 Πάντα
1147 1777 1436 1841 ὑπέδειξα
1479 1778 1656 1847 ὑμῖν,
1713 1779 1791 1831 ὅτι

1908 1781 2086 1848 ﬁrmos
2113 1781 2254 1848 (Act.
2292 1799 2382 1844 xx,
2415 1783 2597 1852 55)....
2630 1781 2933 1836 Imitatores
2981 1782 3080 1835 mei
3114 1791 3295 1844 estote,
3337 1781 3472 1834 sicut

228 1867 386 1920 οὕτω
417 1867 753 1932 κοπιῶντας
777 1867 874 1920 δεῖ
898 1867 1436 1937 ἀντιλαμϐάνεσθαι
1468 1869 1588 1922 τῶν
1629 1871 1792 1924 ἀσθε-

1909 1882 1950 1925 et
1989 1889 2082 1942 ego
2122 1871 2321 1928 Christi
2349 1872 2399 1942 (1
2433 1872 2556 1927 Cor.
2585 1890 2657 1936 χι,
2692 1872 2814 1943 1)...
2866 1870 3032 1925 Nemo
3069 1869 3473 1924 adolescentiam

224 1958 522 2010 νούντων.
576 1957 754 2009 ΠΡΟΣ
792 1958 947 2009 ΚΟΡ.
990 1956 1056 2009 α’.
1095 1959 1356 2024 Μιμηταί
1393 1976 1512 2028 μου
1544 1960 1782 2028 γίνεσθε

1907 1972 2050 2016 tuam
2097 1975 2394 2018 contemnat
2438 1982 2455 2018 :
2491 1964 2582 2018 sed
2622 1963 2913 2033 exemplum
2959 1971 3068 2015 esto
3115 1961 3373 2031 ﬁdelium,
3415 1961 3471 2012 in

225 2046 424 2112 καθὼς
447 2047 610 2116 κάγὼ
635 2047 910 2115 Χριστοῦ.
947 2049 1122 2100 ΠΡΟΣ
1153 2047 1294 2101 ΤΙΜ.
1331 2047 1403 2102 α’.
1437 2051 1660 2116 Μηδείς
1687 2069 1789 2105 σοι

1687 2069 1803 2105 σου
1906 2055 2079 2117 verbo,
2110 2057 2162 2109 in
2205 2059 2597 2110 conversatione
2626 2055 2677 2123 (1
2711 2055 2847 2108 Tim.
2884 2070 2957 2115 Iv,
2995 2053 3108 2122 1‘2),
3145 2060 3248 2105 etc.

223 2140 337 2206 τῆς
366 2141 652 2206 νεότητος
707 2139 1138 2207 καταφρονείτω
1168 2139 1370 2193 ’ἀλλὰ
1409 2141 1596 2206 τύπος
1650 2142 1810 2210 γίνου
1874 2144 1988 2197 τῶν
2045 2147 2275 2201 πιστῶν
2323 2149 2391 2200 ἐν
2450 2148 2635 2215 λόγῳ,
2705 2146 2773 2199 ἐν
2823 2141 3174 2212 ἀναστροφῇ
3210 2141 3342 2212 (45),
3379 2138 3472 2194 καὶ

223 2231 295 2283 τὰ
336 2231 488 2300 ἑξῆς.

228 2353 348 2405 Ὀτι
394 2351 477 2405 δεῖ
519 2352 610 2406 τὸν
655 2352 973 2423 προεστῶτα
1009 2353 1102 2408 τοῦ
1136 2353 1297 2422 λόγου
1346 2354 1419 2426 μὴ
1446 2357 1560 2419 τοῖς
1607 2355 1792 2410 ἐαυτοῐ

1909 2358 2056 2424 Quod
2091 2372 2196 2410 non
2241 2363 2457 2426 oportet
2501 2370 2624 2409 cum
2655 2354 2744 2423 qui
2792 2360 2988 2423 praeest.
3035 2349 3156 2403 aliis
3186 2345 3473 2410 docendis,

296 2442 718 2514 κατορθώμασιν
742 2447 1135 2515 ὲπαμεριμνεῖν
1153 2445 1284 2515 (44),
1312 2445 1440 2498 ἴδιον
1466 2446 1520 2498 δὲ
1547 2448 1641 2499 καὶ
1670 2446 1805 2512 ἐξαί-

1971 2449 2042 2502 οΙ›
2084 2463 2181 2502 sua
2217 2456 2363 2501 recte
2409 2446 2550 2499 facta
2603 2459 2855 2500 securum
2895 2457 3015 2496 esse
3043 2460 3056 2494 :
3082 2453 3265 2493 verum
3312 2451 3474 2491 nosse

300 2550 456 2604 ρετον
498 2534 599 2603 τῆς
648 2535 1076 2606 ὲγχειρισθείσης
1124 2536 1272 2605 αὐτῷ
1319 2537 1596 2605 φροντίδος
1646 2537 1806 2608 ἔργον

1972 2540 2130 2593 debet
2183 2540 2459 2608 proprium
2507 2546 2562 2592 et
2605 2537 2934 2607 pl'mcipunm
2980 2547 3126 2586 cura:
3173 2529 3276 2586 sibi
3322 2542 3471 2582 com-

296 2625 499 2691 εἰδέναι
529 2626 630 2695 τὴν
668 2626 778 2680 τῶν
809 2627 1254 2697 πεπιστευμένων
1287 2627 1592 2696 βελτίωσιν.

1974 2633 2155 2686 missae
2189 2647 2388 2685 munus
2420 2646 2563 2692 csse,
2591 2638 2650 2683 ut
2675 2630 2710 2682 ii
2734 2629 2826 2698 qui
2856 2626 2959 2698 ipsi
2990 2623 3290 2680 concrediti
3319 2627 3471 2686 sunt,

1975 2727 2232 2780 meliores
2253 2724 2578 2779 cliiciuntur.

816 2825 1042 2894 Κεράλ.
1096 2823 1210 2880 IA'.

2526 2835 2699 2906 Caput
2739 2833 2841 2889 XI.

293 2917 669 2972 ΜΑΤΘΑῘΟΣ.
739 2917 924 2986 Ὑμεῖς
974 2918 1113 2971 ἐστε
1171 2917 1231 2970 τὸ
1290 2917 1443 2984 ἅλας
1499 2918 1610 2986 τῆς
1672 2917 1802 2989 γῆς.

1985 2929 2084 2983 Vos
2133 2931 2259 2983 estis
2291 2928 2374 2983 sal
2420 2938 2592 2984 terra'.
2641 2927 2792 2992 Quod
2829 2927 2873 2979 si
2923 2925 3007 2980 sal
3037 2923 3331 2980 infamatus
3360 2919 3472 2988 fue-

238 3008 380 3064 Ἔὰν
402 3009 471 3062 δὲ
503 3009 571 3062 τὸ
602 3009 755 3073 ᾶλας
783 3009 1089 3078 μωρανθῇ,
1121 3011 1190 3063 ἐν
1222 3011 1336 3064 τίνι
1371 3010 1802 3077 delicatiorum;

1907 3020 1988 3080 rit,
2016 3021 2067 3072 in
2107 3036 2208 3089 quo
2239 3019 2504 3073 saltetur?
2530 3017 2610 3070 Ad
2657 3015 2880 3068 nihilum
2915 3014 3050 3067 valet
3080 3011 3244 3072 ultra,
3272 3009 3372 3062 nisi
3415 3013 3471 3060 ut

227 3105 330 3169 Εἰς
363 3104 552 3157 οὐδὲν
584 3104 781 3171 ἰσχύει
819 3103 905 3156 ἔτι
927 3143 940 3167 ,
974 3107 1025 3157 εὶ
1048 3103 1132 3171 μὴ
1163 3102 1468 3171 ,ϐληθῆναι
1507 3103 1622 3167 ἔξω
1647 3147 1659 3166 ,
1703 3105 1791 3157 καὶ

1905 3114 2147 3165 mittatur
2175 3112 2342 3180 foras,
2385 3120 2433 3164 et
2461 3111 2790 3164 conculcetur
2825 3106 2888 3160 ab
2935 3105 3230 3159 hominibus
3254 3100 3468 3173 (Matth.

227 3196 696 3250 καταπατεῖσθαι
758 3197 875 3250 ὑπὸ
921 3199 1036 3252 τῶν
1093 3197 1434 3264 ἀνθρώπων.
1478 3197 1791 3250 ΙΩΑΝΝΗΣ.

1910 3221 1962 3268 v,
2001 3204 2157 3273 13)...
2196 3203 2359 3258 Omne
2380 3202 2516 3269 quod
2556 3202 2646 3254 dat
2680 3202 2806 3254 mihi
2836 3199 3018 3257 Pater.
3045 3198 3110 3250 ad
3149 3212 3228 3249 me
3264 3195 3471 3248 ueniet:

227 3285 355 3340 Πᾶν
392 3287 424 3340 ὃ
455 3286 668 3340 δίδωσί
693 3305 798 3357 μοι
839 3291 871 3341 ό
903 3287 1104 3353 Πατὴρ
1129 3326 1142 3349 ,
1175 3287 1323 3355 πρὸς
1352 3287 1456 3356 ἐμὲ
1486 3287 1617 3352 ἣξει
1638 3327 1652 3350 ,
1703 3288 1791 3340 καὶ

1911 3305 1955 3348 et
1999 3313 2114 3349 eum
2162 3297 2250 3363 qui
2301 3297 2431 3348 venit
2477 3293 2544 3347 ad
2586 3310 2685 3356 me,
2731 3309 2832 3345 non
2887 3290 3096 3358 ejiciam
3135 3289 3304 3353 foras.
3335 3283 3475 3350 Quia

223 3378 328 3450 τὸν
360 3379 692 3448 ἐρχόμενον
727 3378 874 3444 πρὸς
912 3378 989 3446 μὲ
1019 3383 1087 3433 οὑ
1116 3379 1202 3448 μὴ
1232 3378 1461 3432 ἐκϐάλω
1501 3380 1636 3443 ἔξω.
1681 3380 1787 3431 Ὅιν⁴

1908 3385 2149 3438 descendi
2189 3389 2252 3437 de
2288 3383 2433 3440 c0210.
2468 3399 2568 3434 non
2612 3392 2665 3433 ut
2693 3382 2882 3450 faciam
2927 3378 3241 3432 voluntatem
3283 3389 3471 3432 meam,

226 3472 602 3542 καταϐέϐηκα
625 3470 702 3529 se
724 3487 830 3528 του
866 3469 1151 3539 ΟίῬανοῦ,
1181 3472 1292 3538 οὺχ
1320 3470 1419 3522 ἵνα
1445 3469 1589 3522 ποιῶ
1618 3472 1682 3523 τὸ
1712 3470 1790 3524 θέ-

1912 3473 1996 3527 sed
2029 3475 2341 3527 voluntate»:
2369 3472 2531 3542 296
2551 3472 2662 3541 ejus
2698 3472 2785 3541 qui
2813 3471 2955 3523 misit
2980 3484 3079 3528 me,
3115 3467 3314 3519 Patris.
3348 3461 3476 3516 Ha’c

225 3570 387 3635 λημα
418 3567 483 3620 τὸ
509 3566 659 3635 ἐμιέν
681 3606 696 3631 ,
751 3568 911 3621 ἀλλά
943 3561 1007 3620 τὸ
1044 3561 1272 3629 θέλημα
1306 3560 1410 3614 τοῦ
1454 3560 1789 3630 πέμψαντός

1911 3576 1982 3619 est
2037 3576 2211 3618 autem
2256 3565 2496 3618 voluntas
2549 3565 2660 3632 ejus
2726 3564 2816 3631 qui
2863 3561 3003 3613 misit
3056 3576 3156 3620 me,
3208 3566 3265 3610 ut
3307 3556 3475 3610 omnis

226 3677 296 3730 με
315 3662 572 3726 Πατρός.
606 3661 785 3714 Τοῦτο
817 3660 884 3714 δέ
908 3661 1034 3712 ἐστι
1059 3659 1125 3712 τὸ
1149 3656 1376 3726 θέλημα
1405 3655 1506 3708 τοῦ
1531 3655 1790 3724 πέμψαν-

1911 3655 1998 3723 qui
2043 3654 2176 3725 ridet
2227 3652 2447 3714 Filium,
2493 3662 2540 3705 et
2587 3653 2750 3704 credit
2796 3651 2847 3703 in
2902 3667 3040 3712 cum,
3083 3648 3269 3700 habeat
3315 3645 3475 3699 vitam

227 3753 326 3819 τός
375 3769 456 3820 με
487 3751 636 3821 (45),
687 3753 787 3804 ἵνα
835 3749 954 3816 πᾶς
1003 3754 1034 3804 d
1087 3749 1315 3817 θεωρῶν
1368 3755 1463 3802 τὸν
1526 3749 1645 3802 Υἰὸν
1701 3749 1791 3801 καὶ

1913 3760 2160 3801 aeternam
2198 3745 2376 3816 (Joan.
2408 3761 2480 3807 vr,
2517 3745 2778 3815 57-40)...
2828 3743 2957 3807 Quae
3002 3750 3079 3794 est
3122 3741 3258 3793 enim
3293 3746 3477 3792 nostra

230 3845 527 3897 πιστεύων
570 3845 657 3908 εἱς
707 3843 894 3895 αὑτὸν
948 3843 1056 3910 ἔχῃ
1107 3840 1259 3908 ζωὴν
1312 3841 1567 3895 αἰώνιον.
1623 3841 1794 3895 ΠΡΟΣ

1909 3855 2044 3908 spes,
2089 3848 2180 3891 aut
2223 3837 2497 3907 gaudium,
2539 3846 2631 3888 aut
2679 3851 2872 3888 corona
2901 3833 3123 3902 glorite?
3177 3845 3345 3883 nonne
3387 3843 3473 3881 vos

232 3934 411 3993 ΘΕΣΣ.
431 3933 502 3988 α’.
531 3933 632 3999 Τίς
644 3934 752 4002 γὰρ
776 3931 940 4001 ἡμῶν
960 3933 1153 3997 ἐλπὶς,
1181 3931 1217 3999 ἥ
1244 3935 1415 4002 χαρὰ,
1441 3932 1476 3999 ἢ
1499 3932 1796 4000 στέφανος

1911 3943 2029 3986 ante
2073 3931 2357 3985 Dominum
2408 3939 2647 3983 nostrum
2695 3926 2874 3980 Iesum
2919 3924 3185 3978 Christum
3223 3921 3368 3983 estis,
3419 3920 3475 3973 in

232 4027 636 4095 καυχήσεως;
700 4025 736 4091 ἢ
773 4025 909 4093 οὐχι
957 4025 1054 4077 καὶ
1106 4024 1273 4093 ὑμεῖς
1307 4025 1645 4092 ἔμπροσθεν
1693 4027 1796 4080 τοῦ

1913 4027 2133 4078 adventu
2167 4025 2316 4090 ejus?
2358 4021 2456 4075 Vos
2485 4022 2620 4074 enim
2657 4020 2781 4073 estis
2812 4013 2983 4088 gloria
3025 4025 3228 4079 nostra,
3269 4024 3317 4067 et
3343 4027 3477 4082 gau-

234 4120 450 4184 Κυρίου
474 4116 643 4187 ἡμῶν
687 4116 878 4184 Ἰησοῦ
905 4116 1160 4183 Χριστοῦ
1177 4118 1246 4169 ἐν
1277 4115 1349 4184 τῇ
1369 4117 1552 4170 αὑτοῦ
1584 4135 1802 4184 παρου-
1907 4115 2054 4167 dium
2093 4112 2143 4184 (Ι
2178 4112 2357 4166 Thess.
2387 4127 2447 4177 tt,
2485 4113 2593 4179 19).

235 4211 370 4276 σίᾳ;
411 4208 600 4277 Ὑμεῖς
625 4208 733 4278 γάρ
757 4209 896 4262 ἐστε
917 4210 955 4275 ἡ
989 4208 1138 4273 δόξα
1161 4207 1328 4277 ἡμῶν
1347 4209 1443 4262 καὶ
1469 4211 1504 4277 ἡ
1535 4209 1708 4280 χαρά.

241 4317 355 4370 Ὀτι
399 4317 482 4370 δεῖ
528 4317 622 4369 τὸν
663 4316 980 4386 προεστῶτα
1035 4317 1129 4369 τοῦ
1179 4317 1337 4385 λόγου
1387 4319 1667 4390 περιάεςειν
1701 4320 1800 4385 τὰς

1914 4314 2064 4383 Quod
2121 4313 2212 4384 qui
2277 4311 2578 4383 praeficitur
2631 4308 2697 4362 ad
2747 4307 3075 4373 docendum,
3115 4305 3276 4360 debet
3326 4304 3478 4360 obire

301 4411 490 4480 κώμας
543 4411 640 4463 καὶ
685 4410 784 4474 τὰς
825 4409 1006 4472 πόλεις
1046 4409 1225 4473 πάσας
1257 4410 1355 4476 τὰς
1386 4414 1797 4484 ἐγκεχειρισμέ-

1773 4445 1797 4455 -
2048 4406 2200 4458 vicos
2239 4410 2294 4457 et
2335 4402 2585 4455 civitates
2613 4413 2802 4453 omnes
2834 4399 2938 4454 sibi
2977 4397 3337 4453 concreditas.

303 4520 391 4562 νας
425 4500 598 4571 αὐτῷ.
1829 4509 1877 4567 D

759 4604 761 4606 ’
829 4613 1058 4682 Κεφάλ.
1101 4616 1214 4669 13'.
2507 4605 2691 4675 ⁸σαριιε
2725 4601 2863 4657 XII.

303 4704 668 4758 ΜΑΤΘΑῙΟΣ.
702 4705 814 4758 Καὶ
851 4704 1135 4772 περιῆγεν
1163 4704 1313 4772 ὅλην
1338 4704 1452 4770 τὴν
1475 4705 1808 4759 Γαλιλαίαν

1975 4700 2044 4755 Et
2071 4699 2327 4755 circuibat
2357 4699 2513 4753 Jesus
2552 4708 2714 4750 totam
2759 4694 3060 4755 (.‘alilwam,
3089 4689 3275 4744 docens
3304 4687 3360 4740 in
3391 4703 3478 4756 sg-

242 4799 273 4850 ό
325 4799 583 4864 Ἰησοῦς,
633 4797 938 4850 διδάσκων
975 4797 1041 4849 ἑν
1085 4796 1210 4862 ταῖς
1246 4797 1623 4866 συναγωγαῖς
1648 4837 1662 4862 ,
1709 4797 1806 4851 καὶ

1915 4793 2144 4863 nagogis,
2189 4803 2237 4846 et
2272 4791 2571 4860 pra'dicans
2618 4787 2959 4856 Evangelium
2998 4781 3162 4852 regni,
3194 4788 3241 4834 et
3282 4794 3479 4831 sanans

242 4891 558 4956 κηρύσσων
608 4888 675 4942 τὸ
707 4888 1078 4957 Εὑαγγέλιον
1127 4886 1237 4954 τῆς
1287 4889 1652 4954 βασιλείας,
1707 4890 1806 4944 καὶ

1909 4901 2112 4938 omnem
2157 4883 2399 4936 morbum
2451 4892 2500 4936 et
2550 4897 2752 4934 omnem
2791 4881 3094 4946 languorem
3135 4870 3348 4942 (Matth.
3402 4885 3473 4930 tv,

245 4983 573 5047 θεραπεύων
610 4981 820 5035 πᾶσαν
866 4983 1056 5035 νόσον
1098 4981 1194 5034 καὶ
1248 4980 1452 5035 πᾶσαν
1476 4983 1801 5051 μαλακίαν.

1910 4977 2067 5046 25)...
2102 4975 2169 5028 Ει
2214 4978 2322 5046 ipse
2367 4976 2465 5029 iter
2501 4971 2726 5042 faciebat
2761 4985 2850 5036 per
2889 4967 3123 5020 civitates
3173 4972 3221 5016 et
3258 4961 3474 5014 castella

244 5070 524 5126 ΔΟΥΚΑΣ.
557 5071 667 5126 Καὶ
701 5070 882 5137 αὐτὸς
908 5069 1152 5124 διώδευε
1175 5069 1284 5141 (46)
1317 5071 1466 5124 κατὰ
1500 5074 1678 5126 πόλιν
1707 5073 1803 5126 καὶ

1908 5069 2203 5137 prardicans
2248 5085 2461 5139 regnum
2498 5066 2615 5128 Dei,
2666 5074 2714 5118 et
2760 5059 3120 5131 erangelisans
3147 5072 3165 5108 .·
3190 5067 3238 5110 et
3281 5056 3468 5110 duode-

247 5157 436 5228 κώμην
462 5164 792 5229 κηρύσσων
819 5161 935 5224 τὴν
971 5160 1298 5225 ,βασιλείαν
1324 5161 1432 5215 τοῦ
1477 5163 1623 5216 Θεοῦ
1645 5202 1658 5226 ,
1707 5164 1804 5217 καὶ

1167 5163 1298 5214 elar-
1324 5161 1432 5215 τοῦ
1477 5163 1623 5216 Θεοῦ
1645 5202 1658 5226 ,
1707 5164 1804 5217 καὶ
1909 5161 2013 5214 cim
2044 5177 2162 5215 cum
2194 5161 2289 5214 illo
2318 5158 2466 5225 (Luc.
2502 5173 2618 5220 rm,
2658 5155 2729 5225 1).

244 5252 746 5322 εὐαγγελιζόμενος
767 5270 781 5283 ·
830 5253 929 5306 καὶ
958 5257 1010 5308 οἱ
1042 5253 1270 5306 δώδεκα
1296 5253 1418 5308 σὺν
1447 5253 1626 5320 αὐτῷ.

248 5365 360 5417 Ὅτι
398 5367 474 5421 δεῖ
514 5367 722 5430 πάντας
771 5365 1192 5436 προσκαλεῖσθαι
1239 5367 1374 5436 πρὸς
1419 5366 1672 5438 ὑπακοὴν.
1711 5367 1803 5420 τοῦ

1913 5365 2071 5432 Quod
2129 5380 2319 5420 omnes
2391 5358 2727 5416 convocandi
2797 5363 2924 5411 sunt
2998 5351 3065 5407 ad
3115 5350 3476 5407 obedicndum

317 5541 417 5602 “5)
446 5543 581 5613 Reg.
608 5543 808 5616 tertius
841 5545 898 5597 ὲν
931 5543 1264 5614 ἀναστροφῇ,
1296 5543 1354 5596 ἐν
1387 5544 1594 5616 ἀγάπῃ,
1633 5543 1689 5595 ἐν
1729 5541 1806 5595 πε·

1915 5541 2331 5616 ἐπαμεριμνείν,
2378 5555 2617 5594 securum
2666 5553 2796 5593 esse.
2851 5537 2986 5611 Reg.
3038 5533 3234 5593 tertius
3280 5532 3479 5600 ὲναμεη

253 5629 375 5684 nat,
396 5617 448 5667 ἐν
464 5615 676 5684 ἁγνείᾳ,
704 5617 808 5678 ὃτι,
830 5616 886 5668 in
919 5617 1326 5681 conversatione,
1352 5619 1406 5667 in
1437 5614 1714 5676 charitate,
1750 5617 1803 5666 in

578 5615 676 5684 είᾳ,
704 5617 808 5678 ὃτι,
830 5616 886 5668 in
919 5617 1326 5681 conversatione,
1352 5619 1406 5667 in
1437 5614 1714 5676 charitate,
1750 5617 1803 5666 in
1912 5614 2142 5684 ριμνεῐν;

254 5671 440 5750 ᾗιὶείίη
471 5671 737 5740 castitate.
795 5671 806 5678 ’
1313 5671 1325 5681 Ι
1436 5753 1440 5754 ,
1704 5671 1712 5676 ⁷

1912 5671 1923 5682 ’
1975 5671 2096 5754 (iii)
2126 5678 2257 5754 Reg.
2291 5679 2485 5754 tertius
2512 5675 2829 5754 πέμψαντᾴς
2852 5695 2928 5754 ,με
2962 5675 3197 5754 "argos,
3220 5671 3345 5754 .i'va.

443 5755 634 5837 Editio
678 5755 850 5837 Paris.
897 5755 1294 5837 ὲττιρεριμνεῖν,
1340 5753 1622 5837 sollicitum
1669 5769 1797 5837 esse.

1913 5822 1932 5837 ﬁ
1978 5745 2096 5837 (96')
2131 5745 2368 5822 Uti-aque
2395 5750 2562 5806 editio
2592 5745 2754 5813 αὐτὸς
2779 5745 3052 5804 διώδευσε.
3086 5745 3233 5803 Libri
3266 5751 3477 5798 vetera

257 5819 419 5879 Editio
443 5824 578 5882 Ven.
623 5826 850 5894 perinde
888 5835 945 5881 ut
987 5819 1139 5896 Βυξἱί
1185 5827 1392 5894 primus
1431 5833 1488 5883 et.
1527 5824 1800 5880 secundus
1907 5821 2142 5875 διώδευε.
