3962 6238
429 303 433 307 ’
538 320 677 405 ,ευ

1839 323 1897 380 ε.
1939 324 2128 380 BASIL

2225 324 2405 383 MAGN
2413 324 2430 380 Ι
3438 402 3443 403 γ

643 436 936 510 Evangelia
976 441 1148 496 :item
1193 442 1340 512 quod
1381 458 1561 498 sermo
1610 459 1736 499 cum
1779 446 1927 501 omni
1972 447 2128 502 libera

2314 441 2678 513 Εὑαγγελίου,
2730 441 2824 496 καὶ
2867 440 3003 513 μετὰ
3049 440 3226 513 πάσης
3255 443 3526 515 παρῤησίας
3558 464 3709 519 κατ-ατ.

641 539 752 586 tate
802 532 882 587 sit
927 535 1376 599 annuntiaudus,
1422 537 1601 605 sitque
1640 536 1881 592 dandum
1922 539 2132 593 veritati

644 627 1054 691 testimonium,
1108 643 1425 697 quanquam
1472 631 1722 686 nonnulli
1782 633 2130 702 prohibeant,

639 724 694 771 et
731 732 949 786 quoquo
1001 718 1162 773 modo
1202 721 1289 774 vcl
1331 719 1400 774 ad
1451 728 1679 777 mortuo
1736 738 1910 794 usque
1949 738 2129 795 perse-

641 816 899 877 quanlur.

1156 898 1326 968 Caput
1364 899 1541 954 xm.

643 987 796 1053 Quod
831 988 949 1042 dico
991 987 1133 1043 vobis
1164 992 1217 1042 in
1244 990 1491 1052 tenebris,
1532 992 1689 1048 dicite
1719 994 1773 1048 in
1818 994 2014 1051 lumine
2034 1014 2054 1051 :
2083 1006 2133 1051 et

568 1079 706 1146 quod
756 1080 812 1131 in
860 1097 947 1133 ore
997 1080 1294 1145 audivistis,
1341 1083 1625 1151 praedicata
1664 1101 1821 1154 super
1866 1096 2019 1141 tecta.
2062 1086 2134 1141 Et

571 1168 730 1224 nolite
763 1171 943 1225 timere
974 1188 1061 1226 eos
1105 1174 1196 1243 qui
1226 1174 1471 1227 occidunt
1507 1191 1717 1242 corpus,
1757 1178 1992 1231 animam
2037 1195 2134 1232 au-

572 1268 674 1311 tem
698 1277 800 1314 non
823 1271 1040 1328 possunt
1071 1262 1302 1316 occidere
1329 1262 1543 1334 (Matth.
1581 1282 1634 1328 x,
1659 1265 1751 1328 27,
1775 1265 1984 1334 28)..."
2013 1265 2132 1320 Nu-

569 1352 697 1419 ptia:
720 1352 927 1421 quidem
955 1364 1157 1420 parata:
1185 1363 1327 1418 sunt,
1361 1354 1450 1409 sed
1478 1357 1567 1425 qui
1597 1357 1802 1410 invitati
1827 1365 2000 1424 erant,
2028 1375 2132 1414 non

570 1443 780 1509 fuerunt
830 1443 993 1514 digni.
1040 1444 1123 1498 Ite
1166 1462 1286 1515 ergo
1317 1445 1385 1499 ad
1431 1449 1601 1502 exitus
1636 1449 1860 1510 viarum,
1896 1460 1945 1505 et
1976 1467 2133 1520 quos-

567 1549 768 1604 cunque
801 1534 1116 1599 inveneritis,
1170 1546 1345 1591 vocate
1394 1537 1462 1590 ad
1512 1541 1718 1607 nuptias
1742 1540 1959 1609 (Matth.
1991 1558 2129 1608 xx",

568 1625 624 1687 8,
661 1624 786 1693 9)...
818 1625 1101 1696 Respondit
1121 1628 1169 1681 ei
1192 1626 1348 1683 Iesus
1378 1644 1396 1681 :
1427 1628 1537 1700 Ego
1579 1632 1758 1700 palam
1785 1633 1989 1689 locutus
2013 1652 2132 1712 sunt

570 1715 764 1768 mundo
790 1733 808 1769 :
837 1734 929 1788 ego
978 1734 1177 1787 semper
1218 1720 1373 1774 docui
1414 1722 1470 1774 in
1514 1739 1802 1794 synagoga,
1830 1737 1878 1779 et
1927 1728 1980 1780 in
2009 1736 2131 1781 tem-

2314 532 2528 603 γέλλειν
2558 532 2647 585 τὸν
2676 531 2830 600 λόγον
2850 571 2866 595 ,
2896 530 2986 585 καὶ
3014 534 3305 602 μαρτυρεῖν
3328 536 3387 604 τῇ
3410 535 3613 609 ἀληθείᾳ,
3635 543 3708 596 κᾶν

2317 641 2461 687 τινες
2505 622 2785 687 κωλύωσι,
2822 623 2914 675 καὶ
2965 621 3228 676 διώκωσιν
3263 624 3353 693 οἴῳ
3380 624 3549 696 δήποτε
3573 632 3708 703 τρόπγ

2323 716 2482 786 μέχρι
2505 714 2752 768 Θανάτου.

2777 915 2785 924 ’
2827 913 3048 982 Κεφάλ.
3092 912 3199 971 1Γ’.
3765 956 3773 966 .

2316 1006 2680 1062 ΜΑΤΘΔΙΟΣ.
2719 1008 2788 1059 '0
2806 1004 2958 1075 λέγω
2983 1005 3124 1075 ὑμῖν
3149 1006 3219 1059 ὲν
3245 1005 3318 1074 τῇ
3338 1009 3542 1075 σκοτίᾳ,
3559 1009 3713 1066 eluere

2241 1099 2311 1154 ἐν
2350 1100 2431 1165 τῷ
2457 1099 2604 1169 φωτί
2625 1116 2638 1129 ο
2670 1097 2767 1152 καὶ
2787 1097 2818 1151 ὃ
2850 1095 2995 1165 πρὸς
3027 1095 3094 1150 τὸ
3121 1093 3229 1162 οὖς
3253 1097 3551 1164 ἠκούσατε,
3586 1103 3713 1168 κηρύ-

2243 1193 2384 1256 ξατε
2406 1192 2504 1245 ἐπὶ
2527 1189 2645 1244 τῶν
2666 1187 2960 1259 δωμάτων.
2991 1188 3106 1243 Καὶ
3122 1186 3208 1256 μὴ
3240 1188 3495 1257 φοϐεῖσθε
3513 1188 3609 1243 ἀπὸ
3628 1188 3716 1244 τῶν

2241 1285 2714 1340 ἀποκτεινόντων
2736 1282 2844 1351 (47)
2883 1281 2949 1334 τὸ
2989 1280 3161 1349 σῶμα
3180 1319 3193 1344 ,
3223 1278 3334 1347 τὴν
3363 1279 3424 1332 δὲ
3454 1280 3629 1350 ψυχὴν
3649 1280 3712 1350 μὴ

2239 1372 2591 1441 δυναμένων
2629 1369 2988 1425 ἀποκτεῖναι.
3038 1366 3394 1422 ΜΛΤΘΑΙΟΣ.
3440 1368 3489 1420 ’0
3519 1368 3615 1438 μὲν
3637 1370 3714 1438 τά.

2232 1481 2347 1534 μος
2386 1463 2617 1533 ἕτοιμός
2648 1462 2815 1515 ἐστιν
2836 1499 2851 1523 ,
2896 1463 2950 1515 οἱ
2981 1459 3049 1513 δὲ
3091 1459 3433 1528 κεκλημένοι
3470 1463 3565 1515 οὐκ
3597 1458 3716 1530 ἦσαν

2237 1556 2410 1622 ἄξιοι.
2433 1555 2767 1623 Πορεύεσθε
2786 1548 2897 1608 οὖν
2914 1553 3010 1606 ἐπὶ
3032 1553 3138 1619 τὰς
3159 1552 3453 1619 διεξόδους
3469 1552 3569 1607 τῶν
3585 1553 3714 1619 ὁδῶν,

2238 1646 2337 1701 καὶ
2365 1646 2549 1711 ὅσους
2574 1643 2652 1698 ἂν
2683 1643 2895 1711 εὕρητε
2912 1682 2928 1706 ,
2953 1640 3249 1695 καλέσατε
3272 1643 3355 1707 εις
3382 1640 3508 1707 τοὺς
3526 1642 3713 1709 γάμους.

2239 1736 2560 1789 ΙΩΑΝΝΗΣ.
2605 1735 2904 1801 Ἀπεκρίθη
2957 1730 3114 1797 αὐτῷ
3140 1735 3173 1785 ὁ
3204 1730 3589 1798 ἸησοῦςοἘτὼ
3608 1733 3717 1798 παῤ-

565 1805 672 1874 plo,
711 1824 811 1877 quo
854 1826 1030 1864 omnes
1056 1809 1233 1864 Judrui
1261 1813 1570 1866 conveniunt
1601 1829 1619 1866 :
1647 1824 1694 1867 et
1724 1816 1779 1868 in
1816 1817 2017 1871 occulto
2050 1817 2128 1870 lo-

2225 1825 2413 1893 ρησίςι
2450 1822 2723 1891 ἐλάλησα
2754 1820 2832 1887 τῷ
2862 1823 3064 1890 κόσμῳ
3086 1837 3102 1853 ⁸
3135 1820 3247 1889 ἐγὼ
3274 1819 3508 1873 πάντοτε
3526 1818 3717 1881 ἐδίδαξα

567 1907 718 1952 cutus
751 1916 865 1952 sum
888 1901 1020 1954 nihil
1044 1900 1223 1971 (Joan.
1254 1916 1409 1965 xvm,
1442 1903 1602 1971 20)...
1630 1904 1697 1958 Et
1725 1923 1843 1959 cum
1875 1906 2130 1962 adduxis-

567 1997 683 2042 sent
708 1989 851 2053 illos,
885 2000 1181 2046 statuerunt
1202 1996 1257 2047 in
1299 1994 1521 2048 concilio
1550 2011 1566 2048 :
1597 2004 1645 2048 et
1675 1997 2011 2067 interrogavit
2042 2015 2129 2053 eos

558 2078 803 2146 princeps
855 2086 1216 2147 sacerdotum,
1264 2082 1441 2137 dicens
1481 2100 1499 2137 :
1530 2082 1720 2138 Nonne
1781 2087 2128 2155 praecipiendo

564 2172 903 2240 prtecepimus
956 2173 1093 2226 vobis
1129 2190 1190 2226 ne
1233 2173 1487 2227 doceretis
1534 2176 1589 2228 in
1635 2178 1842 2230 nomine
1886 2179 2027 2235 isto?
2062 2178 2129 2231 Et

564 2277 679 2314 ecce
720 2262 959 2325 replestis
1001 2262 1298 2318 Jerusalem
1347 2265 1590 2319 doctrina
1640 2278 1811 2321 vestra
1841 2278 1931 2323 :et
1972 2270 2128 2325 vultis

565 2350 810 2408 inducere
859 2368 1015 2420 super
1054 2370 1147 2408 nos
1181 2356 1486 2425 sanguinem
1544 2356 1768 2412 hominis
1813 2359 1986 2415 istius.
2037 2360 2133 2415 Re-

564 2442 824 2509 spondeas
871 2455 1042 2497 autem
1076 2445 1264 2502 Petrus
1314 2459 1365 2503 et
1409 2451 1636 2519 apostoli
1664 2451 1909 2506 dixerunt
1943 2468 1960 2505 :
1994 2453 2131 2510 Obe-

563 2534 677 2589 dire
722 2546 920 2604 oportet
973 2537 1080 2591 Deo
1130 2542 1295 2610 magis
1346 2557 1502 2609 quam
1560 2541 1856 2597 hominibus
1907 2546 2124 2613 (.4ct.v,

562 2626 825 2697 27—29)...
870 2627 993 2683 Nisi
1023 2631 1159 2699 quod
1205 2631 1435 2699 Spiritus
1476 2644 1687 2686 sanctus
1715 2649 1806 2701 per
1838 2652 2012 2690 omnes
2055 2639 2129 2690 ci-

564 2718 751 2771 vitates
783 2720 911 2772 mihi
946 2729 1292 2789 protestetur,
1326 2722 1523 2782 dicens,
1556 2725 1803 2793 quoniam
1843 2727 2050 2781 vincula
2078 2738 2126 2782 et

566 2806 934 2862 tribulationes
971 2826 1050 2862 me
1080 2820 1308 2864 manent.
1356 2811 1542 2866 Verum
1573 2828 1666 2879 pro
1700 2814 1864 2867 nihilo
1892 2816 2002 2870 htec
2030 2818 2128 2871 ha-

563 2901 676 2964 beo,
710 2917 871 2971 neque
899 2903 1004 2955 vita
1040 2919 1154 2956 mea
1183 2904 1345 2957 chara
1369 2916 1443 2958 est
1479 2904 1609 2958 mihi
1649 2906 1770 2974 ipsi,
1799 2917 1856 2959 ut
1884 2924 2128 2964 consum-

561 3010 696 3047 mem
740 3010 954 3046 cursum
1013 3010 1182 3047 meum
1232 3011 1350 3048 cum
1406 2996 1618 3066 gaudio,
1677 3008 1725 3051 et
1778 3000 2125 3058 ministerium

560 3084 699 3153 quod
729 3086 904 3153 accepi
936 3101 969 3137 a
995 3083 1221 3139 Domino
1254 3085 1403 3150 Jesu,
1439 3087 1507 3139 ad
1540 3089 1925 3157 testiﬁcandum
1956 3092 2127 3147 Evan-

2230 1917 2300 1968 ἐν
2324 1914 2400 1982 τῇ
2424 1911 2743 1984 συναγωγῇ
2772 1913 2871 1966 καὶ
2899 1912 2969 1965 ἐν
3000 1909 3079 1976 τῷ
3108 1909 3241 1979 ἱερῷ
3260 1950 3275 1974 ,
3299 1910 3441 1964 ὅπου
3481 1908 3661 1974 πάντες
3679 1911 3718 1960 oi

2244 2003 2505 2060 Ἰουδαῖοι
2541 2003 2934 2072 συνέρχονται
2958 2001 3066 2072 (48)
3095 2041 3109 2065 ,
3158 2001 3260 2054 καὶ
3285 2001 3353 2053 ἐν
3387 1996 3595 2069 κρυπτῷ
3614 1998 3717 2051 ἐλά-

2230 2100 2396 2163 λησα
2451 2094 2650 2148 οὐδέν.
2705 2094 3013 2148 ΠΡΑΞΕῘΣ.
3081 2094 3411 2163 Ἆγαγόντες
3451 2090 3512 2144 δὲ
3550 2087 3720 2155 αὐτοὺς

2230 2188 2504 2255 ἔστησαν
2525 2185 2592 2239 ὲν
2620 2183 2698 2249 τῷ
2723 2185 3032 2252 συνεδρίῳ,
3057 2183 3155 2237 καὶ
3173 2181 3537 2251 ἐπηρώτησεν
3551 2179 3721 2246 αὐτοὺς

2231 2283 2265 2333 ό
2304 2278 2642 2348 ἀρχιερεὺς,
2682 2277 2875 2347 λέγων
2898 2294 2911 2307 ·
2956 2278 3038 2330 Οὐ
3076 2274 3718 2346 παραπγελίᾳααρηῃεί-

2228 2375 2421 2434 λαμεν
2466 2369 2607 2439 ὑμῖν
2642 2368 2749 2438 (49)
2789 2368 2888 2446 μὴλ
2921 2367 3228 2421 διδάσκειν
3278 2367 3372 2421 ἐπὶ
3414 2363 3487 2430 τῷ
3535 2365 3722 2433 ὀνόματι

2230 2463 2457 2527 τούτῳ;
2493 2459 2605 2513 Καὶ
2635 2458 2763 2512 ίδοὺ
2799 2456 3219 2525 πεπληρώκατε
3260 2455 3371 2524 τὴν
3407 2453 3719 2523 Ἰερουσαλὴμ

2229 2551 2337 2621 τῆς
2368 2550 2618 2619 διδαχῆς
2652 2549 2839 2618 ὑμῶν,
2885 2549 2985 2603 καὶ
3020 2548 3323 2613 ,βούλεσθε
3360 2546 3636 2618 ἐπαγαγεῖν
3655 2544 3721 2613 ἐρ’

2229 2646 2386 2715 ἡμᾶς
2419 2647 2481 2698 τὸ
2510 2640 2651 2712 αἷμα
2674 2643 2779 2696 τοῦ
2805 2643 3115 2710 ἀνθρώπου
3149 2642 3381 2695 τούτου.
3438 2637 3721 2706 Ἀποκριθεὶς

2227 2737 2295 2791 δὲ
2336 2736 2553 2803 Πέτρος
2599 2735 2693 2788 καὶ
2736 2737 2788 2788 ot
2813 2734 3139 2787 ἀπόστολοι
3189 2728 3395 2786 εἶπον·
3447 2728 3725 2798 Πειθαρχεῖν

2226 2829 2318 2883 δεῖ
2352 2827 2592 2897 μᾶλλον
2638 2824 2759 2890 Θεῷ
2807 2825 2844 2893 ἢ
2884 2824 3237 2892 ἀνθρώποις.
3286 2822 3567 2878 ΠΡΑΞΕΙΣ.
3594 2819 3725 2885 Πλὴν

2228 2922 2316 2976 ὅτι
2350 2921 2420 2975 τὸ
2455 2916 2696 2987 Πνεῦμα
2729 2934 2831 2987 μοι
2864 2916 2929 2970 τὸ
2968 2916 3137 2986 ἅγιον
3172 2917 3324 2971 κατὰ
3356 2918 3522 2971 πόλιν
3545 2913 3727 2981 διαμαρ-

2225 3016 2486 3083 τύρεται,
2535 3010 2746 3081 λέγον,
2797 3010 2886 3063 ὅτι
2921 3009 3105 3078 δεσμὰ
3152 3011 3253 3064 καὶ
3300 3011 3519 3078 θλίψεις
3560 3022 3622 3075 με
3651 3001 3727 3073 μέ·

2226 3119 2461 3159 νουσιν.
2519 3103 2668 3157 Ἀλλ’
2692 3102 2939 3167 οὐδενὸς
2974 3103 3160 3171 λόγον
3181 3102 3456 3172 ποιοῦμαι
3471 3141 3485 3167 ,
3508 3097 3625 3153 οὐδὲ
3641 3097 3727 3163 ἕχω

560 3176 755 3246 gelium
799 3176 984 3245 gratia:
1032 3176 1128 3230 Dei
1178 3175 1317 3247 (Act.
1364 3194 1454 3241 xx,
1502 3178 1592 3241 25,
1629 3179 1790 3251 24)...
1837 3182 1981 3237 Illam
2024 3187 2125 3254 ipsi

2232 3199 2346 3263 τὴν
2371 3194 2582 3264 ψυχήν
2605 3211 2723 3264 μου
2752 3193 2950 3262 τιμίαν
2973 3192 3229 3263 ἐμαυτῷ,
3258 3195 3338 3259 ὠς
3359 3189 3630 3247 τελειῶσαι
3644 3184 3726 3254 (-50)

560 3266 730 3327 scitis,
773 3266 986 3333 fratres,
1028 3267 1302 3319 introitum
1348 3277 1586 3321 nostrum
1635 3269 1703 3323 ad
1735 3289 1842 3335 vos,
1876 3276 2001 3344 quia
2023 3293 2124 3331 non

2230 3286 2338 3340 τὸν
2371 3285 2590 3353 δρόμον
2615 3301 2734 3353 μου
2764 3283 2915 3352 μετὰ
2944 3282 3131 3352 χαρᾶς
3152 3322 3168 3347 ,
3212 3285 3313 3338 καὶ
3340 3281 3448 3351 τὴν
3489 3275 3730 3335 διακονίαν

556 3358 736 3411 inanis
769 3357 869 3423 fuit
900 3373 918 3410 .'
953 3358 1042 3410 sed
1089 3369 1210 3410 ante
1253 3360 1420 3427 passi,
1456 3368 1505 3413 et
1546 3363 1877 3418 contumeliis
1924 3368 2117 3435 a/fecti,

2229 3376 2310 3444 ἢν
2346 3376 2564 3429 ἔλαϐον
2600 3373 2758 3441 παρὰ
2795 3372 2899 3427 τοῦ
2958 3373 3182 3440 Κυρίου
3233 3372 3441 3440 Ἰησοῦ,
3479 3363 3732 3463 διαμαρπξδ

561 3450 697 3501 sicut
727 3450 896 3511 scitis,
928 3450 979 3501 iu
1017 3448 1296 3517 Philippis,
1333 3449 1584 3518 fiduciam
1611 3451 1892 3509 habuimus
1924 3458 1976 3511 in
2014 3459 2120 3515 Deo

2225 3471 2438 3537 ρασθαι
2488 3468 2554 3519 τὸ
2611 3465 2968 3534 Εὺαηέλιον
3002 3463 3111 3532 τῆς
3168 3464 3410 3534 χάριτος
3459 3461 3551 3516 τοῦ
3599 3451 3728 3512 Θεοῦ.

559 3548 740 3593 nostro
778 3538 917 3604 loqui
951 3538 1018 3592 ad
1042 3557 1125 3592 vos
1145 3540 1484 3609 Evangelium
1528 3541 1619 3596 Dei
1649 3545 1839 3611 nostri,
1874 3546 1928 3600 in
1962 3551 2124 3605 multa

2225 3558 2399 3611 ΠΡΟΣ
2436 3555 2622 3610 ΘΕΣΣ.
2668 3552 2732 3608 α’.
2764 3554 2943 3609 Αὐτοὶ
2987 3554 3096 3622 γὰρ
3135 3554 3358 3618 οἴδατε,
3390 3547 3731 3619 ἀδελφοὶβὴν

560 3633 840 3686 certamine
864 3631 917 3704 (Ι
939 3630 1115 3687 Thess.
1149 3647 1206 3691 ll,
1239 3631 1290 3693 i,
1324 3631 1400 3698 2).

2225 3649 2463 3705 εἴσοδον
2499 3645 2669 3714 ἡμῶν
2694 3645 2810 3713 τὴν
2845 3645 2993 3713 πρὸς
3020 3645 3213 3715 ὑμᾶς,
3247 3646 3335 3699 ὅτι
3366 3647 3433 3698 οὐ
3464 3640 3592 3708 κενὴ
3613 3637 3732 3706 τέτο-

559 3742 696 3777 γεν·
746 3724 904 3779 ἀλλὰ
943 3724 1349 3791 προπαθέντες
1387 3724 1484 3778 καὶ
1514 3727 1912 3800 ὑϐρισθέντες,
1978 3741 2173 3809 καθὼς
2205 3740 2434 3804 οἴδατε,
2493 3739 2563 3792 ἐν
2608 3737 2924 3803 Φιλίπποις
2946 3777 2960 3801 ,
3007 3735 3558 3806 ἐπαρρησιασάμεθα
3585 3733 3643 3786 ἐν
3674 3725 3733 3793 τῷ

562 3816 684 3883 Θεῷ
728 3819 896 3889 ἡμῶν
940 3822 1208 3891 λαλῆσαι
1238 3824 1387 3892 πρὸς
1427 3825 1581 3893 ὑμᾶς
1638 3826 1707 3880 τὸ
1756 3832 2126 3903 Εὺαῃέλιον
2181 3839 2285 3894 τοῦ
2332 3835 2479 3891 Θεοῦ
2518 3832 2688 3904 ἡμῶν
2716 3834 2786 3887 ἐν
2823 3831 3027 3897 πολλῷ
3078 3832 3282 3904 ἀγῶνι.

560 3934 720 4010 297
753 3934 903 4000 Quod
942 3936 1204 3991 orandum
1252 3947 1335 3992 est
1381 3954 1479 4010 pro
1512 3940 1760 4010 profectu
1810 3959 2000 4001 eorum
2035 3951 2125 4020 qui

631 4028 1018 4094 crediderunt,
1068 4033 1363 4100 gratusque
1422 4047 1521 4101 pro
1580 4032 1685 4088 hoc
1737 4043 1864 4091 sunt
1911 4042 2124 4110 persol-

628 4121 835 4176 vendita.

1156 4226 1321 4299 Caput
1362 4228 1444 4283 XI
1460 4230 1527 4289 γ..

632 4317 754 4371 Non
794 4334 888 4387 pro
934 4321 1007 4373 eis
1057 4331 1229 4379 autem
1281 4338 1407 4395 rogo
1441 4322 1662 4390 tantum,
1703 4327 1793 4381 sed
1833 4337 1882 4383 et
1922 4346 2016 4399 pro
2050 4332 2125 4387 eis

2190 4022 2195 4025 _
2235 3949 2358 4003 Ὀτι
2386 3948 2467 4001 δεῖ
2499 3943 2891 4017 προσεύχεσθαι
2930 3943 3069 4016 ὑπὲρ
3098 3943 3202 4014 τῆς
3240 3942 3515 4015 προκοπῆς
3542 3932 3734 4007 (51)τῶ

2370 4037 2842 4102 πεπιστευκότων,
2874 4036 2967 4089 καὶ
3002 4036 3087 4089 ἐπ’
3112 4030 3257 4107 αὐτῇ
3293 4033 3625 4107 εὐχαριστεῖν.

2826 4232 3050 4303 Κεφὰλ.
3085 4235 3194 4290 1Δ’.

2304 4329 2625 4382 ΙΩΑΝΝΗΣ.
2683 4328 2763 4381 Οὐ
2815 4327 2947 4392 περὶ
2983 4327 3211 4379 τούτων
3255 4324 3323 4379 δὲ
3359 4320 3540 4392 ἐρωτῶ
3570 4320 3736 4388 μόνον.

559 4412 647 4478 qui
672 4410 887 4464 credunt
909 4427 999 4479 per
1026 4413 1233 4467 verbum
1259 4431 1437 4468 eorum
1464 4417 1517 4469 in
1556 4434 1656 4483 me,
1688 4429 1746 4472 ut
1770 4436 1945 4475 omnes
1966 4440 2122 4477 unum

2231 4419 2391 4475 ἀλλὰ
2423 4420 2521 4473 καὶ
2554 4417 2685 4487 περὶ
2728 4416 2845 4471 τῶν
2881 4416 3291 4469 πιστευόντων
3332 4413 3426 4467 διὰ
3462 4408 3736 4511 toﬁ-Mra)!

561 4504 687 4566 sint,
725 4508 859 4558 sicut
888 4515 965 4569 tu,
1005 4504 1189 4569 Pater,
1228 4508 1281 4561 in
1319 4524 1419 4568 me,
1459 4518 1509 4561 et
1540 4526 1632 4579 ego
1665 4511 1719 4564 in
1750 4522 1817 4577 te,
1853 4522 1911 4567 ut
1947 4525 1995 4568 et
2026 4516 2125 4579 ipsi

558 4596 613 4649 in
637 4596 782 4650 nobis
805 4613 968 4651 unum
990 4599 1096 4651 sint
1123 4597 1303 4669 (Joan.
1336 4615 1470 4665 ml,
1497 4601 1588 4664 20,
1610 4601 1771 4673 21)...
1806 4602 1871 4656 ΕΙ.
1896 4604 2120 4659 iterum:

557 4687 741 4756 Pater,
786 4708 913 4761 quos
946 4690 1140 4745 dedisti
1190 4693 1338 4756 mihi,
1380 4693 1492 4747 volo
1538 4703 1596 4747 ut
1638 4694 1725 4747 ubi
1775 4713 1890 4749 sum
1937 4714 2049 4767 ego,
2076 4707 2126 4752 et

558 4778 642 4833 illi
668 4782 773 4833 sint
815 4797 1012 4834 mecum
1050 4781 1200 4852 (ibid.
1230 4781 1393 4852 24)...
1433 4780 1498 4836 In
1524 4784 1644 4853 ipsa
1675 4784 1806 4838 hora
1843 4788 2126 4841 exsultavit

557 4872 749 4941 spiritu
776 4871 954 4937 Iesus,
985 4883 1033 4928 et
1056 4874 1190 4927 dixit
1215 4890 1231 4927 :
1258 4874 1524 4945 Conﬁteor
1551 4876 1664 4938 tibi,
1695 4877 1876 4944 Pater,
1905 4878 2126 4934 Domine

557 4962 674 5015 creti
702 4971 752 5016 et
784 4971 957 5029 terrae,
992 4964 1129 5034 quod
1160 4965 1485 5020 abscondisti
1508 4967 1617 5021 ha'c
1638 4985 1671 5022 a
1704 4970 2048 5036 sapientibus,
2075 4981 2125 5025 et

557 5054 919 5121 prudentibus,
962 5065 1009 5109 et
1040 5057 1283 5112 revelasti
1321 5075 1384 5112 ea
1417 5061 1671 5127 parvulis.
1706 5061 1886 5115 Etiam
1917 5063 2078 5118 Pater
2106 5081 2124 5117 :

558 5147 810 5216 quoniam
852 5149 927 5201 sic
958 5149 1158 5216 placuit
1195 5160 1315 5205 ante
1346 5156 1393 5205 te
1423 5151 1574 5223 (Luc.
1606 5169 1659 5217 ι,
1687 5153 1848 5225 21)...
1886 5155 2126 5209 Primum

524 5306 531 5341 ί
632 5327 743 5397 (47)
768 5328 997 5384 Codices
1011 5330 1397 5384 Combelisiani
1418 5332 1524 5385 τῶν
1545 5332 1967 5386 ὰποκτενόντων.
1995 5332 2127 5387 Ver-

565 5398 688 5472 tiuni
716 5400 1054 5472 tes-umqum]
1080 5417 1205 5454 mox
1233 5404 1502 5472 sequitur,
1532 5404 1587 5457 in
1620 5405 1893 5458 veteribus
1919 5405 2126 5458 nostris

520 5516 529 5528 ,
562 5464 717 5523 libris
748 5484 855 5521 non
884 5464 1210 5524 invenimus.

516 5529 523 5540 ’
779 5535 910 5613 lieg.
940 5541 1130 5613 tertius
1174 5541 1413 5613 Ἰουδαῖοι
1445 5543 1789 5613 συνήρχοντο.

638 5604 748 5686 ί49)
807 5608 965 5686 ldem_
1017 5610 1186 5686 codex
1245 5612 1303 5662 οὐ
1362 5604 1704 5683 παραγῨὲῖίᾳ
1779 5613 2123 5686 παρήγγειλα

568 5673 715 5745 ὑμῖξι.
745 5678 965 5745 prarcepi
994 5680 1154 5732 vobis.

641 5742 748 5814 (50)
784 5742 932 5816 Regii
966 5749 1173 5818 primus
1204 5759 1257 5807 et
1289 5751 1482 5808 tertius
1522 5752 1657 5806 ὥστε
1681 5752 1984 5806 τελειῶσαι.

2230 4511 2427 4568 αὐτῶν
2474 4514 2561 4578 εἰς
2607 4509 2710 4580 ἐμὲ
2732 4551 2747 4575 ,
2792 4511 2893 4563 ἵνα
2921 4507 3141 4574 πάντες
3179 4507 3250 4561 ἐν
3274 4502 3415 4573 ὦσι,
3459 4502 3630 4567 καθὼς
3660 4495 3736 4554 σὺ.

2227 4604 2438 4671 Πάτερ,
2474 4604 2544 4657 ἐν
2586 4602 2711 4671 ἐμοὶ
2733 4642 2747 4666 ,
2780 4599 2940 4669 κάγὼ
2972 4584 3041 4653 ἐν
3078 4600 3200 4662 σοὶ,
3244 4601 3347 4653 ’ἱνα
3382 4596 3472 4651 καὶ
3510 4590 3651 4648 αὐτοὶ
3688 4586 3739 4639 ἐν

2227 4697 2371 4766 ἡμῖν
2404 4694 2473 4747 ἓν
2495 4694 2604 4762 (5‘2)
2630 4690 2762 4747 ὦσι.
2794 4693 2903 4745 Kal
2930 4691 3090 4745 πάλιν
3115 4707 3128 4719 ·
3154 4690 3349 4758 Πάτερ
3367 4731 3381 4754 ,
3410 4686 3503 4753 οὓς
3535 4675 3739 4784 δέδωκάς

2220 4806 2354 4858 μοι,
2393 4787 2544 4841 θέλω
2585 4787 2683 4840 ἵνα
2719 4784 2869 4839 ὅπου
2889 4785 3005 4852 εὶμὶ
3050 4782 3200 4853 ἐγὼ,
3239 4780 3499 4836 κάκεῖνοι
3522 4773 3617 4831 ὦσι
3632 4783 3727 4840 ,μετ

2226 4878 2393 4948 ἐμοῦ.
2438 4877 2736 4932 ΛΟΥΚΑΣ.
2787 4877 2881 4929 Ἐν
2907 4874 3061 4942 αὐτῇ
3102 4873 3178 4942 τῇ
3220 4874 3344 4942 ὥρᾳ
3387 4865 3740 4941 ἠγαλλιάσατο

2227 4971 2308 5037 τῷ
2347 4971 2635 5039 πνεύματι
2675 4972 2708 5023 ό
2766 4967 3022 5037 Ἰησοῦς,
3071 4967 3169 5021 καὶ
3218 4964 3389 5022 εἶπεν
3413 4984 3427 4997 ·
3480 4957 3739 5054 Elicit-0.13-

2225 5062 2441 5132 τοῦμαι
2473 5077 2604 5124 σοι,
2645 5059 2865 5128 Πάτερ,
2906 5060 3081 5128 Κύριε
3123 5058 3233 5112 τοῦ
3267 5056 3519 5128 οἰερανοῦ
3556 5049 3741 5111 καὶτῆς

2226 5153 2339 5225 γῆς
2359 5193 2373 5217 ,
2405 5152 2492 5207 ὅτι
2528 5152 2881 5221 ἀπέκρυψας
2909 5150 3093 5204 ταῦτα
3129 5151 3250 5205 ἀπὸ
3280 5148 3484 5219 σοφῶν
3511 5143 3599 5199 καὶ
3629 5150 3740 5193 συν·

2301 5330 2409 5399 (51)
2436 5328 2527 5384 Sic
2545 5328 2705 5400 Regii;
2727 5326 2933 5396 primus
2957 5334 3012 5381 et
3042 5325 3343 5400 secundus.
3371 5323 3592 5400 Utraque
3612 5312 3740 5400 editio

2226 5392 2334 5453 τῶὶι
2369 5392 2836 5468 σεεπιστευῖιέύων,
2872 5412 2967 5466 pro
2990 5397 3225 5465 profectu
3258 5411 3441 5450 eorum
3467 5392 3550 5463 qui
3574 5392 3742 5442 concrc-

2225 5470 2327 5523 diti
2356 5479 2495 5522 sunt.
3292 5512 3297 5519 .

2299 5520 2414 5605 ('59)
2439 5520 2595 5596 illud.
2633 5538 2691 5589 ὲν
2706 5538 2860 5606 ἡμῖν,
2888 5535 3069 5606 addidi
3095 5543 3146 5589 et
3163 5551 3232 5589 ex
3252 5534 3490 5587 editione
3504 5520 3740 5606 Venelli?

2227 5625 2292 5665 ex
2311 5599 2552 5685 antiquis
2569 5599 2784 5685 duobus
2806 5608 2977 5685 |i_l_)ris.
3003 5603 3133 5675 Reg.
3158 5606 3365 5685 tertius
3378 5599 3626 5685 primit-iv.

2228 5688 2388 5750 rupte
2432 5670 2589 5750 liabet
2641 5678 2788 5750 bgiv.
2826 5677 2947 5750 Illo;
2992 5670 3220 5750 utraque
3258 5670 3429 5728 editio
3475 5670 3598 5750 θέλω
3638 5670 3739 5715 ὅπου

2228 5745 2341 5819 ειμι
2375 5748 2504 5820 ἐγὼ,
2538 5748 2642 5801 ἵνα.
2686 5745 2818 5818 Reg.
2851 5746 3061 5818 primus
3094 5754 3149 5801 ut
3184 5745 3240 5801 in
3271 5748 3542 5800 contextu.
