3962 6238
222 366 332 410 ῇοο

1618 382 1623 389 ’
1665 372 1997 430 ΜΟΒΑῙΛΆ.

3387 382 3494 438 850

230 488 392 542 ετῶι·
420 526 435 551 ,
472 485 572 540 καὶ
639 486 1044 556 ἀπεκάλυψας
1091 488 1244 543 αὐτὰ
1287 489 1544 557 νηπίοις.
1592 490 1740 555 Ναὶ,
1785 495 1811 545 ο

1923 494 2134 563 quidem
2164 495 2370 564 gratias
2395 512 2491 567 ago
2510 494 2629 551 .Deo
2653 513 2764 552 meo
2790 512 2886 565 per
2900 496 3082 552 Iesum
3110 496 3378 553 Christum
3394 515 3492 566 pro

231 579 441 648 Πατὴρ
467 621 483 643 ,
531 579 620 633 ὅτι
664 581 855 645 οὕτως
898 581 1135 651 ἐγένετο
1184 580 1430 635 εὐδοκία
1482 581 1822 650 ἔμπροσθέν

154 702 177 727 ς
233 688 376 725 σου.
414 672 593 726 ΠΡΟΣ
616 672 781 725 ΡΩΜ.
813 670 1056 740 Πιχῖιτον
1081 671 1202 742 μὲν
1225 672 1562 742 εὐχαριστῶ
1590 662 1821 738 τῷᾟεῷ

226 781 349 832 μου
382 763 482 817 διὰ
495 763 692 829 Ἰησοῦ
722 764 979 831 Χριστοῦ
1001 764 1153 832 ὑπὲρ
1174 763 1418 818 πάντων
1444 765 1633 835 ὑμῶν,
1657 764 1746 820 ὅτι
1778 766 1817 833 ἡ

234 856 443 921 πίστις
464 854 633 924 ὑμῶν
654 856 766 926 (55)
788 857 1252 927 καταγγέλλεται
1270 857 1340 910 ἐν
1355 856 1475 922 ὅλῳ
1495 857 1574 923 τῷ
1593 860 1811 927 κόσμῳ.

231 948 483 1017 Μάρτυς
510 948 622 1017 γάρ
649 952 767 1018 μού
791 951 962 1004 ἐστιν
988 954 1021 1004 ό
1056 951 1228 1016 Θεὸς,
1271 944 1320 1017 ᾧ
1342 951 1609 1018 λατρεύω
1641 950 1711 1003 ἐν
1739 947 1820 1014 τῷ

232 1041 535 1109 πνεύματί
554 1058 694 1110 μου,
721 1041 791 1095 ἐν
814 1039 892 1106 τῷ
919 1042 1262 1110 Εὑαγτελίῳ
1308 1042 1413 1095 τοῦ
1450 1041 1583 1094 Υίοῦ
1609 1040 1816 1104 αὐτοῦ,

234 1129 316 1194 ὡς
346 1128 745 1196 ἀδιαλείπτως
771 1133 989 1200 μνείαν
1026 1130 1196 1199 ὑμῶν
1246 1131 1524 1199 ποιοῦμαι
1555 1130 1653 1183 ἐπὶ
1702 1129 1822 1183 τῶν

233 1225 598 1296 προσευχῶν
641 1244 780 1297 μου.
833 1227 1009 1279 ΠΡυΣ
1062 1228 1197 1280 MA.
1246 1225 1485 1293 Μάρτυς
1521 1223 1631 1293 γάρ
1701 1225 1819 1292 μού

231 1318 407 1371 ἐστιν
459 1323 494 1372 ό
546 1319 692 1385 Θεὸς
724 1361 739 1383 ,
796 1320 874 1384 ὡς
932 1319 1193 1373 ἐπιποθῶ
1254 1318 1482 1382 πάντας
1540 1314 1694 1385 ὑμᾶς
1752 1316 1822 1369 ἐν

230 1409 622 1480 σπλάγχνοις
654 1411 765 1483 (51)
783 1413 979 1479 Ἰησοῦ
996 1410 1276 1479 Χριστοῦ.
1296 1414 1406 1465 Kal
1438 1409 1614 1462 τοῦτο
1644 1421 1823 1476 προσ-

228 1504 506 1571 εύχομαι,
535 1503 636 1556 ἵνα
672 1503 711 1571 ἠ
747 1503 951 1575 ἀγάπη
978 1503 1144 1573 ὑμῶν
1171 1504 1256 1557 ἔτι
1272 1502 1513 1571 μᾶλλον
1539 1500 1635 1553 καὶ
1667 1498 1823 1568 μᾶλ-

1919 585 2159 640 omnibus
2193 585 2337 639 vobis
2366 600 2385 638 :
2405 586 2529 655 quia
2554 587 2684 655 [ides
2709 597 2880 641 vestra
2912 589 3259 642 annuntiatur
3288 589 3342 642 in
3372 590 3493 642 uni-

1920 692 2067 731 rerso
2096 675 2316 732 mundo.
2357 675 2527 730 Testis
2563 678 2697 731 enim
2730 677 2860 732 mihi
2896 688 2973 732 est
3011 677 3172 744 Deus,
3203 680 3290 731 cui
3323 680 3489 733 servio

1908 768 1973 831 in
2019 769 2216 836 spiritu
2262 785 2397 833 meo,
2432 770 2488 822 in
2551 768 2837 840 Evangelia
2881 768 3014 824 Filii
3047 770 3181 839 ejus,
3212 771 3348 839 quod
3378 772 3493 826 sine

1920 859 2311 914 intermissione
2357 862 2666 915 memoriam
2703 862 2858 914 t‘estri
2896 860 3035 929 facio
3076 860 3127 913 in
3163 858 3491 914 orationibus

1921 953 2048 1004 meis
2085 950 2259 1019 (Rom.
2290 969 2331 1015 ι,
2373 952 2426 1018 8,
2466 952 2592 1020 9)...
2638 951 2806 1007 Testis
2857 952 2994 1009 enim
3042 951 3169 1003 mihi
3215 959 3293 1004 est
3323 949 3487 1013 Deus,

1917 1042 2176 1112 quomodo
2206 1045 2414 1113 cupiam
2446 1060 2622 1098 onmes
2654 1060 2740 1097 vos
2778 1044 2831 1096 in
2867 1040 3148 1096 uisceribus
3182 1039 3310 1095 Jesu
3338 1038 3492 1094 Chri—

1919 1134 2008 1185 sti.
2048 1131 2112 1185 Et
2150 1134 2247 1187 hoc
2288 1151 2400 1199 oro,
2436 1145 2491 1189 ut
2535 1135 2769 1193 charitas
2800 1144 2973 1189 uestra
3011 1132 3181 1189 adhuc
3224 1131 3391 1201 magis
3428 1143 3493 1183 ac

1921 1225 2088 1295 magis
2120 1226 2349 1279 abundet
2378 1229 2428 1280 in
2468 1229 2711 1290 scientia,
2741 1236 2790 1281 et
2819 1228 2871 1283 in
2900 1226 3043 1281 omni
3069 1240 3245 1287 sensu,
3280 1233 3336 1275 ut
3370 1237 3493 1290 pro-

1920 1315 2052 1371 betis
2079 1324 2309 1384 potiora,
2335 1329 2392 1380 ut
2426 1322 2541 1374 sitis
2573 1322 2785 1385 sinceri,
2813 1330 2861 1373 et
2898 1321 3010 1375 sine
3040 1321 3241 1389 ofensa
3264 1318 3316 1372 in
3353 1317 3494 1371 diem

1924 1408 2123 1464 Christi
2153 1428 2172 1464 :
2196 1412 2378 1480 repleti
2425 1413 2684 1482 fructibus
2722 1413 2954 1482 justitite
2997 1428 3088 1480 per
3116 1411 3300 1465 Jesum
3336 1407 3494 1464 Chri-

1918 1511 2058 1554 stum
2091 1502 2146 1556 in
2181 1502 2405 1572 gloriam
2430 1514 2483 1563 et
2511 1504 2719 1558 laudem
2742 1503 3114 1571 Dei(Philipp.
3148 1518 3185 1567 ι,
3221 1498 3393 1570 8-11).

227 1597 346 1648 λον
372 1598 712 1664 περισσεύῃ
735 1597 804 1650 ἐν
833 1595 1147 1667 ἐπιγνώσει
1179 1597 1275 1650 καὶ
1323 1594 1490 1663 πάσῃ
1528 1590 1827 1659 αἰσθήσει,
1866 1595 1952 1658 εἰς
1993 1594 2059 1647 τὸ
2092 1593 2428 1664 δοκιμάζειν
2465 1596 2620 1665 ὑμᾶς
2684 1598 2755 1650 τὰ
2792 1595 3148 1665 διαφέροντα
3174 1631 3190 1658 ,
3246 1592 3349 1646 ἵνα
3386 1586 3494 1661 ἦτε

228 1685 571 1753 εἰλικρινεῖς
608 1687 705 1741 καὶ
731 1687 1107 1756 ἀπρόσκοποι
1133 1689 1220 1753 εις
1262 1685 1491 1755 ἡμέραν
1514 1681 1795 1753 Χριστοῦ,
1823 1683 2279 1753 πεπληρωμένοι
2310 1686 2554 1755 καρπῶν
2598 1688 2986 1755 δικαιοσύνης
3012 1684 3132 1738 τῶν
3160 1683 3258 1741 διὰ
3298 1684 3492 1753 Ἰησοῦ

227 1779 492 1848 Χριστοῦ
524 1786 615 1847 είς
644 1782 834 1847 δόξαν
865 1783 965 1837 καὶ
993 1782 1244 1839 ἔπαινον
1276 1782 1446 1838 Θεοῦ.

228 1916 351 1971 Ὀτι
410 1918 494 1971 δεῖ
522 1918 592 1971 τὰ
642 1918 778 1971 Θεοῦ
828 1919 1010 1991 χάριτι
1067 1918 1496 1990 κατορθούμενα,
1561 1914 1811 1986 γνώριμα

1921 1911 2075 1979 Quod
2124 1929 2186 1968 ea
2235 1930 2357 1983 qua:
2407 1924 2553 1970 recte
2598 1916 2737 1971 facta
2790 1926 2918 1971 sunt
2958 1932 3058 1985 per
3105 1914 3201 1969 Dei
3237 1915 3491 1986 gratiam,

504 2017 682 2067 ποιεῖν
709 2015 802 2067 καὶ
845 2013 1052 2084 ἑτέροις
1080 2014 1161 2076 εἰς
1190 2012 1349 2077 δόξαν
1375 2010 1534 2066 Θεοῦ.

832 2169 1058 2238 Κεφάλ.
1094 2167 1208 2224 IE'.

294 2259 601 2313 ΛΟΥΚΑΣ.
658 2258 768 2312 Kal
829 2256 1322 2326 ὑποστρέψαντες
1373 2259 1429 2311 ol
1479 2257 1811 2311 ἀπόστολοι

224 2348 605 2420 διηγήσαντο
637 2349 799 2415 αὐτῷ
818 2390 833 2414 ,
861 2349 979 2404 ὅσα
1006 2350 1323 2417 ἐποίησαν.
1348 2347 1657 2417 ΙΙΡΑΞΕΙΣ.
1691 2350 1809 2401 Πα-

221 2443 613 2514 ραγενόμενοι
636 2443 704 2497 δὲ
723 2443 822 2497 καὶ
848 2443 1293 2512 συναγαγόντες
1314 2440 1428 2510 τὴν
1452 2440 1807 2508 ἐκκλησίαν,

223 2535 606 2606 ἀπήγγειλαν
654 2536 770 2590 ὅσα
827 2539 861 2590 ό
917 2537 1063 2602 Θεὸς
1109 2536 1359 2602 ἐποίησε
1409 2536 1535 2604 μετ’
1588 2533 1807 2588 αὐτῶν.

226 2628 405 2684 ΠΡΟΣ
441 2629 639 2682 ΕΦΕΣ.
667 2629 778 2700 (55)
805 2630 929 2683 Ἵνα
954 2628 1021 2682 δὲ
1050 2627 1246 2697 εἰδῆτε
1263 2628 1360 2681 καὶ
1388 2627 1557 2697 ὑμεῖς
1586 2627 1660 2681 τὰ
1682 2628 1808 2680 κατ’

223 2721 357 2791 ἐμὲ,
404 2721 465 2774 τί
506 2720 759 2791 πράσσω
784 2761 800 2786 ,
844 2719 1041 2774 πάντα
1067 2720 1209 2791 ὑμῖν
1234 2722 1511 2791 γνωρίσει
1561 2721 1809 2791 Τυχικὸς

224 2815 259 2867 ό
308 2812 624 2882 ἀγαπητὸς
670 2811 969 2881 ἀδελφὸς,
1017 2814 1115 2868 καὶ
1160 2813 1374 2880 πιστὸς
1415 2812 1691 2879 διάκονος
1740 2813 1808 2866 ἐν

223 2905 459 2971 Κυρίῳ,
512 2904 588 2957 ὃν
630 2903 872 2973 ἔπεμψα
918 2905 1068 2972 πρὸς
1110 2903 1266 2975 ὑμᾶς
1299 2908 1386 2971 είς
1421 2906 1566 2959 αὐτὸ
1608 2904 1809 2970 τοῦτο,

223 2996 326 3050 ἵνα
359 2996 552 3067 γνῶτε
581 2998 655 3051 τὰ
680 2998 813 3066 περὶ
851 2996 1040 3068 ἡμῶν.

227 3130 349 3185 Ὅτι
376 3132 459 3185 δεῖ
484 3134 561 3204 μὴ
591 3134 751 3204 μόνον
798 3133 905 3187 τῶν
938 3135 1218 3203 παρόντων
1278 3133 1674 3205 ἐπιμελεῖσθαι,
1707 3133 1804 3186 ἀλ-

2011 2007 2176 2061 etiam
2204 2007 2330 2062 aliis
2362 2009 2739 2078 patefacienda
2768 2009 2887 2064 sint
2908 2008 2976 2062 ad
3001 2008 3230 2079 gloriam
3273 2007 3389 2062 Dei.

2224 2238 2230 2242 δ
2534 2169 2706 2237 Caput
2742 2167 2791 2221 Χ
2810 2168 2868 2222 ll.

1986 2258 2053 2311 Et
2088 2261 2282 2313 rerersi
2313 2261 2543 2328 apostoli
2574 2269 2923 2315 narraueram
2963 2260 3046 2314 illi
3075 2276 3394 2332 quacunque
3423 2260 3498 2330 fe-

1912 2362 2095 2407 cerunt
2122 2352 2273 2423 (Luc.
2306 2369 2382 2421 ιιι,
2415 2353 2574 2424 10)...
2611 2354 2744 2408 Cum
2780 2363 2954 2407 autem
2984 2355 3262 2417 uenissent,
3292 2363 3341 2408 et
3366 2370 3493 2408 cono

1909 2453 2214 2514 gregassent
2282 2444 2588 2508 ecclesiam,
2656 2444 2948 2497 retulerunt
3018 2453 3220 2513 quanta
3284 2444 3493 2513 fecisset

1912 2538 2054 2591 Deus
2108 2554 2226 2590 cum
2278 2537 2386 2591 illis
2433 2538 2576 2607 (Act.
2613 2552 2727 2603 11v,
2770 2536 2935 2609 26)...
2993 2533 3059 2589 Ut
3100 2545 3273 2589 autem
3316 2544 3363 2589 et
3402 2551 3492 2591 vos

1914 2630 2098 2685 sciatis
2123 2646 2240 2699 qute
2268 2630 2411 2683 circa
2453 2646 2533 2682 me
2564 2638 2710 2693 sunt,
2743 2630 2867 2699 quid
2898 2644 3055 2698 agam
3080 2643 3098 2680 :
3130 2628 3309 2682 omnia
3344 2628 3489 2681 vobis

1911 2733 2038 2777 nota
2096 2723 2257 2793 faciet
2315 2721 2571 2793 Tychicus
2616 2721 2958 2776 charissimus
3004 2720 3192 2789 frater,
3220 2728 3269 2773 et
3316 2718 3490 2788 ﬁdelis

1910 2818 2153 2871 minister
2211 2817 2268 2870 in
2317 2815 2544 2870 Domino
2589 2831 2609 2868 :
2654 2831 2805 2884 quem
2857 2815 2978 2868 misi
3033 2813 3101 2867 ad
3148 2829 3237 2867 vos
3291 2814 3346 2865 in
3394 2811 3492 2865 hoc

1909 2908 2106 2977 ipsum,
2154 2916 2210 2961 ut
2250 2906 2580 2977 cognoscatis
2619 2921 2736 2976 qua:
2784 2906 2927 2959 circa
2972 2921 3078 2958 nos.
3119 2913 3240 2959 sunt
3270 2902 3489 2975 (Ep/res.

1909 3015 1984 3063 Vl,
2015 3000 2107 3065 21,
2140 2999 2254 3071 22).

1912 3134 2068 3201 Quod
2098 3149 2208 3188 non
2237 3133 2401 3188 modo
2435 3132 2817 3204 praesentium,
2850 3130 2943 3186 sed
2977 3130 3288 3187 absentium
3319 3129 3488 3185 etiam

294 3222 365 3276 λὰ
410 3224 510 3276 καὶ
557 3224 668 3277 τῶν
719 3224 970 3278 ἀπόντων
990 3242 1004 3256 ο
1058 3226 1150 3278 καὶ
1199 3226 1377 3279 πάντα
1410 3228 1580 3279 ποιεῖν
1626 3224 1702 3290 ὡς
1739 3224 1805 3278 ἂν

1979 3244 2112 3283 cura
2144 3228 2379 3298 gerenda
2413 3228 2518 3289 sit,
2569 3226 2867 3297 omniaque
2897 3224 3144 3280 iacienda
3174 3230 3337 3294 prout
3392 3237 3488 3291 poo

295 3316 508 3387 ἀπαιτῇ
532 3318 567 3386 ἡ
603 3315 765 3388 χρεία
789 3316 888 3388 τῆς
915 3316 1223 3390 οἰκοδομῆς.

834 3457 1061 3527 Κεφάλ.
1078 3460 1202 3525 ις’.

296 3546 629 3602 ῘΩΑΝΝΗΣ.
649 3550 759 3603 Kal
805 3550 969 3604 ἄλλα
995 3553 1257 3620 πρόϐατα
1281 3552 1418 3622 ἔχω,
1443 3551 1483 3606 ἆ
1504 3554 1613 3607 οὐκ
1639 3552 1810 3607 ἐστιν

226 3637 295 3692 ἐκ
326 3637 443 3705 τῆς
463 3638 667 3707 αὐλῆς
700 3641 943 3709 ταύτηςο
999 3643 1248 3697 κάκεῖνά
1302 3660 1379 3714 με
1410 3643 1506 3699 δεῖ
1541 3646 1803 3716 ἀγαγεῖν·

228 3728 327 3785 ml
352 3728 466 3799 τῆς
494 3729 699 3799 φάη-ῆς
715 3750 836 3801 μου
856 3734 1208 3789 ἀκούσουσι’
1244 3736 1342 3789 καὶ
1373 3735 1688 3807 γενήσεται
1700 3738 1810 3805 μία

230 3824 473 3894 ποίμνη,
501 3819 593 3889 εἷς
622 3824 865 3893 ποιμήν.
901 3826 1079 3880 ΠΡΟΣ
1123 3826 1313 3883 ΘΕΣΣ,
1348 3827 1417 3881 α’.
1476 3827 1571 3880 Διὸ
1596 3827 1809 3896 μηκέτι

230 3914 553 3985 στέγοντες
588 3916 1016 3987 ηὐδοκήσαμεν
1042 3920 1507 3989 καταλειφθῆναι
1538 3921 1608 3974 ἐν
1647 3919 1809 3987 Ἀθή-

230 4025 361 4074 ναις
392 4010 594 4077 μόνοι,
633 4010 731 4063 καὶ
783 4010 1135 4080 ἐπέμψαμεν
1177 4012 1287 4066 τὸν
1328 4013 1592 4082 ἀδελφὸν
1641 4013 1811 4085 ἡμῶν

236 4102 532 4169 Τιμόθεον,
566 4102 666 4156 καὶ
691 4101 975 4157 διάκονον
1007 4105 1113 4158 τοῦ
1144 4106 1291 4159 Θεοῦ
1325 4106 1395 4160 ὲν
1422 4107 1504 4172 τῷ
1553 4111 1811 4179 Εὐάγγε-

231 4194 338 4261 ,ιιφ
366 4194 476 4255 τοῦ
506 4195 790 4262 Χριστοῦ,
816 4198 904 4260 είς
949 4195 1015 4248 τὸ
1062 4197 1342 4265 στηρίξαι
1381 4196 1538 4267 ὑμᾶς
1571 4200 1667 4253 καὶ
1695 4213 1809 4253 πα-

228 4286 562 4351 ρακαλέσαι
589 4287 740 4356 ὑπὲρ
791 4288 901 4357 τῆς
939 4289 1196 4355 πίστεως
1222 4288 1409 4359 ὑμῶν.

304 4421 429 4474 Ὀτι
460 4420 547 4487 δεῖ
576 4419 685 4473 τῶν
707 4421 1201 4494 προσκαλουμένων
1233 4423 1344 4495 (56)
1372 4424 1456 4476 ἐπ’
1487 4423 1742 4494 εὐργεσίᾳ

868 4514 1178 4587 ἀνέχεσθαι.

830 4649 1055 4719 Κεφάλ.
1087 4649 1193 4703 IZ'.

297 4740 676 4794 ΜΔΤΘΑΙΟΣ.
724 4741 917 4796 Ταῦτα
944 4742 1132 4796 αὐτοῦ
1160 4741 1518 4807 λαλοῦντος,
1546 4740 1676 4795 ίδοὺ
1709 4739 1811 4808 ἄρ-

164 4864 172 4905 ;
234 4849 353 4900 κων
377 4831 678 4887 εἰσελθὼν
708 4835 1067 4902 προσεκύνει
1107 4832 1287 4898 αὐτῷ,
1318 4832 1531 4902 λέγων,
1574 4831 1661 4885 ὅτι
1700 4831 1810 4902 (57)

168 4914 187 4941 ⁹
242 4922 311 4978 Ἦ
338 4924 606 4995 θυγάτηρ
633 4943 757 4994 μου
788 4925 918 4994 ἄρτι
944 4927 1356 4994 ἐτελεύτησεν·
1397 4925 1559 4979 ἀλλὰ
1598 4922 1809 4989 ἐλθὼν,

233 5017 432 5083 ἐπίθες
452 5017 570 5085 τὴν
589 5016 761 5087 χεῖρά
786 5035 900 5071 σου
926 5019 1017 5071 ἐπ’
1044 5016 1258 5084 αὐτὴν,
1293 5018 1388 5071 καὶ
1413 5016 1668 5084 ζήσεται.
1699 5017 1809 5072 Καὶ

230 5108 487 5176 ἐγερθεὶς
502 5112 536 5162 ό
559 5106 819 5175 Ἰησοῦς,
846 5107 1266 5175 ἠκολούθησεν
1286 5107 1465 5173 αὐτῷ.
1497 5107 1808 5163 ΠΡΑΞΕΙΣ.

244 5200 455 5271 Ἔπη-ῦς
483 5200 555 5253 δὲ
584 5200 778 5268 οὔσης
815 5200 1052 5269 423661“-
1088 5201 1164 5271 τῇ
1208 5203 1440 5270 Ἰόππῃ,
1472 5203 1528 5255 οὶ
1553 5200 1811 5270 μαθηταὶ

234 5293 611 5360 ἀκούσαντες
642 5293 741 5347 ὅτι.
765 5292 984 5362 Πέτρος
1019 5295 1195 5348 ἐστὶν
1218 5294 1291 5348 ἐν
1321 5292 1499 5363 αὐτῇ,
1536 5293 1812 5348 ἀπέστει-

306 5501 414 5572 (55)
444 5500 584 5570 Reg.
633 5498 831 5572 tertius
876 5497 1062 5572 ετίστις
1102 5498 1284 5570 ἡμῶν.
1335 5496 1634 5567 Aliquanto
1687 5504 1813 5567 post

236 5568 374 5627 idem
397 5568 583 5626 ’codc'x
619 5569 729 5622 τῶν
769 5568 965 5639 εὐχῶν.

306 5641 417 5723 (54)
451 5641 609 5712 Regii
642 5633 942 5710 primus'et
969 5646 1162 5696 tertius
1202 5637 1533 5710 σπλάγχνοις
1569 5633 1810 5708 Χριστοῦ

250 5706 646 5852 Ἰγὸἓΐτοιιιηι
691 5781 849 5846 illud,
879 5781 1002 5837 Ἵνα
1024 5780 1108 5852 δέ,
1134 5788 1265 5852 εις..
1291 5794 1402 5852 nun
1451 5776 1810 5852 reperitur-in

244 5846 419 5926 aqua
452 5853 634 5924 primo
677 5860 731 5908 et
776 5852 937 5910 tertio
975 5851 1118 5913 :sed
1141 5850 1340 5921 legitur
1378 5851 1437 5907 in
1476 5846 1583 5906 alio
1625 5849 1810 5906 codice

1981 3322 2201 3377 stularit
2238 3318 2618 3375 mdiﬁcalionis
2648 3316 2811 3371 ratio.

2511 3452 2684 3522 Caput
2723 3451 2882 3506 XVI.

1984 3547 2054 3602 Et
2088 3547 2229 3602 alias
2257 3564 2371 3602 ores
2409 3547 2573 3601 habeo
2597 3564 2713 3617 qua:
2734 3564 2841 3602 non
2871 3555 3080 3601 suntex
3113 3544 3219 3598 hoc
3241 3544 3367 3598 ouili
3439 3551 3491 3596 et

1912 3641 2040 3695 illas
2067 3649 2268 3709 oportet
2290 3656 2369 3693 me
2392 3639 2684 3704 adducere;
2709 3649 2758 3694 et
2782 3655 2955 3694 rocem
2985 3654 3152 3692 meam
3172 3636 3385 3690 audient
3402 3651 3421 3699 ;
3439 3645 3490 3688 et

1911 3738 2000 3807 ﬁet
2022 3752 2185 3790 unum
2217 3734 2367 3797 ovile,
2399 3749 2534 3786 unus
2577 3740 2759 3800 pastor
2790 3730 2969 3799 (Joan.
2996 3745 3052 3793 ι,
3090 3727 3239 3796 16)...
3268 3726 3493 3795 Propter

1910 3828 2049 3900 quod
2091 3845 2194 3882 non
2240 3826 2469 3896 amplius
2501 3823 2881 3879 sustinentibus
2932 3822 3081 3876 nobis
3138 3820 3374 3889 placuit,
3431 3825 3492 3871 ut

1913 3920 2131 3975 Athenis
2168 3920 2582 3989 relinquerentur
2609 3917 2751 3972 soli:
2794 3925 2844 3969 et
2882 3914 3124 3969 misimus
3162 3911 3493 3967 Timotheum

1912 4013 2133 4082 fratrem
2172 4021 2443 4075 nostrum,
2502 4019 2551 4064 et
2608 4009 2910 4063 ministrum
2974 4005 3072 4060 Dei
3122 4007 3177 4058 in
3206 4002 3496 4072 Evangelia

1915 4103 2133 4168 Christi,
2169 4103 2238 4158 ad
2271 4104 2662 4172 conﬁrmandos
2690 4119 2799 4167 vos,
2822 4110 2871 4156 et
2898 4097 3250 4155 exhortandos
3271 4110 3364 4164 pro
3386 4094 3492 4165 ﬁde

1913 4208 2085 4253 uestra
2117 4197 2168 4268 (Ι
2208 4197 2388 4250 Thess.
2426 4211 2509 4260 ιιι,
2544 4195 2594 4259 1,
2621 4194 2701 4264 2).

1914 4420 2080 4495 298
2099 4419 2252 4486 Quod
2274 4421 2339 4474 iis
2358 4417 2772 4475 auscultandum
2794 4418 2885 4479 sit,
2903 4416 2996 4487 qui
3025 4430 3126 4469 nos
3144 4411 3209 4468 ad
3228 4417 3496 4485 praestan-

2326 4514 2455 4568 dum
2485 4511 2807 4569 beneﬁcium
2838 4510 3091 4565 invitant.

2497 4644 2668 4714 Caput
2709 4641 2903 4699 XVII.

1987 4739 2118 4795 Haec
2149 4738 2243 4793 illo
2271 4737 2526 4808 loquente,
2558 4751 2671 4788 ecce
2702 4733 2944 4803 princeps
2987 4728 3227 4790 accessit,
3264 4735 3316 4780 et
3355 4725 3488 4780 ado-

1916 4830 2072 4883 rabat
2095 4844 2213 4883 cum
2236 4868 2251 4889 ,
2281 4827 2457 4881 dicens
2484 4845 2496 4880 :
2534 4822 2681 4878 Filia
2721 4839 2835 4876 mea
2892 4820 3047 4874 modo
3094 4817 3343 4885 defuncta
3367 4821 3486 4881 est;

1916 4921 2007 4976 sed
2032 4922 2165 4985 ueni,
2194 4921 2401 4989 impone
2431 4933 2643 4971 manum
2687 4927 2834 4969 tuam
2875 4927 3030 4981 super
3057 4926 3171 4964 eam
3198 4949 3213 4973 ,
3255 4917 3305 4963 et
3334 4908 3483 4962 uiuet.

1914 5013 1986 5067 Et
2033 5028 2249 5082 surgens
2293 5010 2487 5072 Iesus,
2524 5006 2835 5079 sequebatur
2885 5020 3000 5057 eum
3039 4999 3256 5074 (Matth.
3286 5015 3363 5065 nt,
3395 4998 3483 5061 18,

1914 5105 2071 5177 19)...
2107 5106 2239 5160 Cum
2271 5112 2445 5157 autem
2479 5102 2652 5155 vicina
2692 5105 2824 5151 esset
2858 5093 3043 5165 Lydda
3082 5091 3251 5162 Joppe
3277 5129 3293 5157 ,
3325 5088 3483 5143 disci-

1912 5199 2032 5269 puli
2060 5197 2330 5251 audientes
2352 5191 2490 5264 quod
2519 5190 2709 5244 Petrus
2735 5195 2869 5243 esset
2897 5187 2949 5238 in
2968 5201 3051 5248 ea,
3081 5183 3335 5236 miserunt
3353 5179 3486 5232 duos

1915 5295 2058 5348 uiros
2106 5289 2174 5344 ad
2220 5304 2368 5353 eum,
2418 5290 2661 5353 rogantes
2690 5295 2709 5334 :
2758 5287 2819 5332 ut
2876 5292 2939 5331 ne
2981 5282 3293 5346 gravaretur
3318 5283 3488 5323 ventre

1910 5493 2082 5563 Regio
2104 5493 2241 5563 etin
2276 5499 2516 5563 utraque
2534 5484 2791 5563 editione.
2980 5549 2998 5563 ‘
3057 5549 3070 5563 ,
3306 5541 3485 5563 “LL,

1985 5541 2397 5636 ᾇέὲίὶιῖἑξὲῇᾱέ
2410 5541 2601 5636 1editi9
2635 5555 2730 5636 τὸν
2765 5541 3490 5636 προσκαλούμενονξλξοξξςί

1912 5616 2025 5691 ῑιὲε
2047 5616 2181 5688 ιιῖεε.
2212 5616 2320 5685 τῶν
2351 5616 2864 5697 προσκαλουμένων,
2884 5638 3049 5678 sensu
3069 5616 3185 5697 nua
3202 5616 3487 5697 dissimili.

1910 5686 2339 5836 ἑξὲξπνοςεηι
2383 5686 2467 5755 ὅτι
2509 5686 2824 5754 addidimus
2851 5686 2937 5750 ex
2980 5690 3220 5763 antiquis
3270 5686 3492 5755 duobus

1933 5795 1946 5834 ι
1991 5793 2095 5836 ηδ.

1933 5793 2095 5836 Ιῦΐιδι
