3962 6238
537 344 641 403 851

1813 349 1870 405 8.
1913 347 2157 404 BASILH
2196 346 2409 403 MAGNI
3610 351 3689 412 832

540 473 703 526 usque
735 455 805 512 ad
845 471 915 513 se.
977 456 1280 530 Exsurgens
1325 467 1501 515 autem
1534 459 1728 516 Petrus
1755 499 1772 525 ,
1819 462 1955 516 venit
1997 477 2113 515 cum

2218 466 2339 517 λιιν
2367 459 2477 515 δύο
2503 458 2726 527 ἄνδρας
2748 458 2898 528 πρὸς
2917 457 3126 525 αὐτὸν,
3162 448 3604 532 παρακαλοῦντες,
3625 470 3687 538 μὴ

542 548 654 607 illis
690 550 831 622 (Act.
870 565 947 619 ts,
973 550 1086 621 38).

553 743 713 813 Quod
738 749 831 819 qui
856 747 1101 803 veritatis
1125 748 1428 803 doctrinam
1460 750 1791 819 suscipiunt,
1824 749 1863 804 ii
1906 751 2016 805 sint
2058 751 2114 805 in

826 842 944 913 ipsa
979 857 1075 912 per
1100 842 1466 898 visitationem
1495 840 1827 897 stabiliendi.

1096 954 1268 1023 Caput
1313 953 1542 1009 XVIII.

614 1044 747 1101 Post
776 1046 979 1116 aliquot
1012 1057 1188 1102 autem
1225 1048 1335 1123 dies
1369 1048 1505 1101 dixit
1533 1048 1603 1101 ad
1630 1048 1935 1103 Barnabam
1968 1045 2115 1101 Pau—

543 1138 673 1195 lus:
705 1138 1028 1194 Ret'ertentes
1055 1140 1172 1209 jam
1216 1141 1488 1196 uisitemus
1532 1141 1724 1210 fratres
1757 1150 1968 1195 nostros
2021 1157 2114 1210 per

543 1232 814 1286 universas
841 1232 1072 1286 civitates
1091 1270 1106 1295 ,
1162 1232 1214 1285 in
1252 1232 1439 1302 quibus
1472 1232 1877 1301 pra'dicavimns
1902 1230 2113 1287 verbum

544 1321 780 1388 Domini,
811 1323 1070 1393 quomodo
1119 1340 1173 1378 se
1202 1324 1427 1377 habeant
1459 1323 1600 1394 (Act.
1635 1341 1736 1390 xv,
1784 1324 1946 1394 '56)...
2000 1323 2112 1379 Nos

544 1425 753 1478 autem,
804 1416 1020 1485 fratres,
1053 1414 1279 1470 desolati
1333 1433 1365 1469 a
1409 1416 1551 1471 vobis
1588 1416 1655 1469 ad
1692 1427 1892 1483 tempus
1926 1418 2071 1470 hora:
2095 1458 2110 1482 ,

543 1516 778 1575 aspectu,
812 1523 915 1561 non
946 1507 1120 1572 corde,
1155 1506 1508 1561 abundantius
1538 1509 1901 1577 festinavimus
1924 1508 2113 1578 facient

544 1608 768 1652 uestram
800 1598 971 1653 videre
1002 1616 1120 1653 cum
1143 1602 1308 1654 multo
1338 1600 1599 1655 desiderio
1623 1615 1641 1653 :
1666 1601 1917 1671 quoniam
1947 1600 2115 1654 volui-

546 1703 663 1741 mus
691 1690 861 1743 venire
889 1688 957 1741 ad
994 1706 1102 1753 vos,
1133 1706 1226 1757 ego
1260 1690 1467 1761 quidem
1520 1690 1727 1744 Paulus
1748 1730 1764 1752 ,
1798 1700 1848 1745 et
1878 1691 2035 1745 semel
2062 1703 2112 1745 et

2221 552 2479 622 ὀκνῆσαι
2502 551 2760 608 διελθεῖν
2782 551 2893 619 ἓως
2928 550 3146 608 αὐτῶν.
3205 554 3464 622 Ἀναστὰς
3488 555 3546 611 δὲ
3569 562 3596 613 ὀ
3615 562 3691 615 UL

2216 661 2372 715 τρος,
2413 643 2723 713 συνῆλθεν
2741 643 2966 711 αὐτοῖς.

2223 758 2345 811 Ὀτι
2382 757 2462 811 δεῖ
2487 758 2613 819 τοὺς
2644 754 3070 826 ὑποδεχομένους
3101 755 3192 809 τὸν
3216 755 3360 825 λόγον
3388 758 3479 828 τῆς
3499 760 3694 830 ἀληθείας

2582 843 2957 916 ἐπιστηρίζων
2983 846 3050 899 δι’
3069 845 3411 917 ἐπισκέψεως.

2817 958 3042 1028 Κεφάλ.
3066 961 3180 1014 'IH'.

2291 1049 2601 1102 ΠΡΑΞΕΙΣ.
2625 1052 2790 1105 Μετὰ
2814 1049 2881 1105 δέ
2897 1066 3066 1115 τινας
3093 1049 3312 1121 ἡμέρας
3359 1048 3474 1106 εἶπε
3515 1054 3696 1119 Παῦλος

2218 1140 2364 1209 πρὸς
2429 1140 2764 1210 Βαρνάϐαν
2807 1141 3305 1210 Ἐπιστρέψαντες
3333 1142 3402 1210 δὴ
3436 1143 3700 1213 ἐπισκεψώ-

2214 1235 2371 1303 μεθα
2395 1232 2539 1299 τοὺς
2570 1233 2867 1303 ἀδελφοὺς
2896 1233 3064 1304 ἡμῶν
3090 1232 3238 1287 κατὰ
3262 1231 3453 1288 πᾶσαν
3475 1236 3700 1299 πόλιν,ὲν

2221 1319 2319 1391 αἷς
2340 1327 2810 1395 κατηγγείλαμεν
2837 1326 2947 1378 τὸν
2993 1326 3177 1395 λόγον
3227 1325 3329 1379 τοῦ
3378 1326 3580 1393 Κυρίου,
3610 1324 3702 1393 πῶς

2213 1415 2487 1483 ἔχουσιν.
2542 1416 2717 1469 ΠΡΟΣ
2748 1415 2938 1468 ΘΕΣΣ.
2994 1422 3064 1470 α’.
3117 1414 3310 1483 Ἡμεῖς
3368 1414 3448 1478 δὲ,
3490 1414 3698 1484 ἀδελφοί,

2200 1505 2772 1577 ρπορεοανισθέντες
2796 1508 2898 1576 ἀφ’
2934 1504 3102 1576 ὑμῶν
3153 1504 3303 1573 πρὸς
3351 1507 3534 1575 καιρὸν
3568 1506 3702 1575 ὥρας.

2217 1597 2533 1666 προσώπῳ,
2561 1601 2632 1652 οὐ
2659 1598 2891 1668 καρδίᾳ,
2931 1596 3362 1665 περισσοτέρως
3396 1596 3704 1651 ἐσπουδάσα-

2212 1706 2327 1759 μεν
2355 1690 2421 1743 τὸ
2452 1690 2774 1757 πρόσωπον
2808 1687 2975 1757 ὑμῶν
2996 1687 3141 1741 ίδεῖν
3158 1688 3229 1740 ὲν
3252 1686 3443 1755 πολλῇ
3470 1681 3702 1754 ἐπιθυμίᾳ.

543 1778 769 1843 iterum,
807 1780 897 1833 sed
943 1781 1208 1848 impedivit
1254 1799 1347 1836 nos
1406 1781 1639 1836 Satanas
1688 1780 1742 1851 (I
1798 1781 1981 1836 Thess.
2036 1798 2113 1846 tt,

2221 1781 2317 1835 Διὸ
2352 1779 2723 1850 ἐθελήσαμεν
2749 1780 2949 1834 ἐλθεῖν
2973 1780 3121 1848 πρὸς
3144 1777 3317 1848 ὑμᾶς,
3345 1778 3450 1848 ἐγὼ
3469 1778 3568 1848 μὲν
3591 1775 3706 1831 Παῦ-

549 1869 638 1934 17,
667 1869 774 1937 18).
808 1870 872 1923 Ει
919 1872 1080 1940 paulo
1112 1879 1235 1940 post
1270 1889 1281 1925 :
1329 1870 1554 1939 Propter
1588 1872 1725 1942 quod
1759 1888 1859 1925 non
1889 1873 2112 1940 amplius

2214 1876 2342 1940 λος,
2370 1873 2468 1927 καὶ
2500 1872 2662 1938 ἅπαξ
2692 1872 2788 1926 καί
2832 1870 2946 1937 δὶς,
2973 1871 3073 1928 καὶ
3101 1871 3387 1939 ἐνέκοψεν
3416 1869 3551 1940 ἡμᾶς
3573 1872 3599 1923 ό
3621 1871 3704 1923 Sa-

547 1961 924 2015 sustinentibus
954 1962 1101 2015 nobis
1133 1962 1355 2030 placuit,
1383 1973 1440 2015 ut
1464 1964 1681 2018 Athenis
1707 1964 2116 2033 relinquerentur

543 2050 647 2104 soli
687 2066 706 2104 :
753 2061 801 2105 et
834 2053 1071 2106 misimus
1118 2052 1443 2107 Timotheum
1480 2054 1696 2122 fratrem
1748 2066 1987 2109 nostrum
2011 2094 2026 2117 ,
2066 2063 2117 2109 et

542 2142 844 2197 ministrum
878 2145 971 2197 Dei
995 2149 1043 2198 in
1067 2144 1345 2215 Evangelia
1380 2144 1600 2209 Christi,
1623 2145 1691 2199 ad
1727 2145 2114 2211 confirmandos

543 2246 634 2287 uos
664 2243 713 2287 et
745 2233 1099 2288 exhortandus
1130 2250 1225 2302 pro
1255 2235 1357 2304 [ide
1381 2243 1554 2288 vestra
1576 2274 1588 2298 ,
1641 2244 1700 2287 ut
1732 2252 1880 2290 nemo
1908 2252 2113 2288 moveao

545 2329 632 2377 tur
666 2324 720 2377 in
751 2324 1178 2379 tribulationibus
1210 2326 1362 2390 istis;
1397 2326 1496 2394 ipsi
1524 2325 1663 2379 enim
1697 2327 1844 2379 scitis
1878 2323 2018 2395 quod
2060 2326 2115 2380 in

543 2414 641 2471 hoc
665 2419 825 2487 positi
858 2435 1038 2472 sumus
1069 2418 1121 2490 (I
1151 2418 1336 2477 Thess.
1361 2435 1446 2483 ιιι,
1484 2419 1620 2489 1-5).

545 2675 700 2745 Quod
734 2682 1011 2752 proprium
1055 2693 1139 2740 est
1171 2686 1291 2754 ejus
1325 2686 1419 2756 qui
1453 2685 1742 2742 Dominum
1774 2686 1971 2759 diligit,
1998 2701 2118 2742 ma-

617 2784 722 2840 gna
762 2786 884 2826 cum
935 2774 1220 2852 charitnte
1241 2791 1367 2845 erga
1407 2792 1502 2832 eos
1538 2792 1677 2847 quos
1705 2777 1884 2839 docet,
1922 2778 2115 2848 quavis

615 2861 828 2917 ratione
859 2870 1063 2918 etcum
1107 2867 1254 2921 omni
1305 2867 1487 2921 studio
1535 2866 1781 2936 ipsorum
1818 2882 2006 2923 curam
2031 2884 2117 2939 ge—

616 2967 773 3018 rere,
807 2955 1022 3009 etiamsi
1068 2955 1123 3009 in
1162 2955 1409 3011 doctrina
1446 2972 1571 3012 cum
1615 2958 1829 3028 publice
1858 2967 1969 3013 tum
2002 2959 2116 3030 pri-

615 3049 782 3099 vatim
820 3049 1077 3115 tradenda
1107 3049 1188 3104 vel
1221 3050 1288 3105 ad
1316 3057 1543 3104 mortem
1576 3066 1745 3122 usque
1767 3066 2115 3122 perseverare

615 3141 937 3208 Oportuerit.

1135 3232 1307 3303 Caput
1355 3233 1514 3292 XIX.

615 3325 797 3378 Bonus
852 3334 1035 3393 pastor
1091 3326 1323 3378 animam
1374 3343 1526 3379 suam
1578 3326 1722 3394 ponit
1779 3340 1875 3394 pro
1937 3326 2116 3382 ovibus

547 3413 709 3470 lloan
762 3433 816 3477 κ,
843 3416 1000 3486 Η)...
1037 3416 1167 3471 Cum
1192 3434 1314 3487 ergo
1345 3418 1703 3486 prandissent,
1735 3418 1866 3472 dicit
1912 3416 2117 3473 Simoni

545 3506 708 3562 Petro
740 3507 937 3563 Iesus:
972 3510 1155 3565 Simon
1196 3507 1421 3566 Joannis
1449 3549 1466 3574 ,
1520 3510 1698 3581 diligis
1733 3528 1814 3566 me
1839 3512 1957 3582 plus
1988 3512 2069 3567 his
2091 3515 2117 3569 7

545 3595 688 3653 Dicit
717 3600 801 3653 ei:
835 3598 1033 3663 Etiam,
1069 3600 1322 3667 Domine;
1369 3612 1424 3655 tu
1461 3602 1565 3656 scis
1595 3603 1721 3671 quia
1748 3620 1869 3657 amo
1901 3614 1946 3657 te
1968 3621 1987 3657 :
2016 3602 2115 3657 Di-

545 3690 683 3744 citei
709 3706 727 3744 :
757 3690 924 3747 Pasce
974 3710 1135 3764 agnos
1183 3711 1344 3749 meos.
1390 3693 1534 3748 Dicit
1570 3694 1619 3749 ei
1670 3696 1859 3749 iterum
1883 3711 1902 3750 :
1933 3694 2116 3751 Simon

544 3779 800 3849 Joannis,
836 3787 1016 3856 diligis
1068 3788 1185 3842 me?
1236 3789 1324 3841 Ait
1376 3788 1500 3841 illi:
1530 3786 1735 3852 Etiam,
1766 3788 2026 3851 Domine;
2060 3798 2116 3842 tu

545 3877 651 3930 scis
708 3879 831 3946 quia
890 3896 1010 3933 amo
1068 3889 1134 3935 te.
1185 3880 1326 3934 Dicit
1379 3881 1428 3934 ei
1475 3896 1489 3935 :
1559 3880 1727 3936 Pasce
1786 3899 1900 3936 oves
1948 3899 2113 3937 meas.

549 3963 693 4020 Dicit
722 3969 769 4022 ei
792 3971 943 4023 tertio
965 3985 984 4024 :
1020 3970 1201 4024 Simon
1221 3969 1469 4034 Joannis,
1500 3989 1650 4026 amas
1676 3988 1758 4026 me
1775 3976 1800 4028 ?
1825 3973 2119 4027 Contrista-

549 4064 634 4109 tus
661 4067 735 4110 est
769 4057 980 4120 Petrus,
1012 4062 1136 4129 quia
1166 4063 1301 4115 dixit
1336 4062 1384 4117 oi
1418 4065 1590 4129 tertio,
1616 4066 1776 4117 Amas
1811 4067 1932 4120 me?
1960 4074 2007 4118 et
2036 4063 2117 4118 di-

546 4147 627 4197 a'it
650 4148 739 4198 ei:
774 4145 993 4201 Domine
1017 4187 1032 4210 ,
1079 4159 1135 4202 tu
1178 4152 1358 4205 omnia
1392 4156 1528 4207 nosti
1551 4169 1571 4207 :
1606 4164 1661 4206 tu
1694 4154 1799 4208 scis
1829 4156 1955 4223 quia
1994 4172 2116 4210 amo

547 4247 616 4292 te.
661 4237 810 4291 Dixit
858 4241 906 4293 ei
955 4237 1110 4294 Iesus
1142 4258 1160 4295 :
1204 4242 1372 4298 Pasce
1421 4261 1537 4299 oves
1593 4262 1736 4301 meas
1767 4244 1948 4316 (Joan.
1986 4264 2115 4312 ut,

546 4327 802 4399 15-17)...
845 4327 962 4384 Una
996 4341 1171 4385 autem
1208 4332 1582 4401 Sabbatorum,
1613 4353 1729 4389 cum
1761 4339 2112 4392 convenissent

545 4420 794 4488 discipuli
826 4419 895 4475 ad
927 4422 1279 4492 frangendum
1302 4441 1487 4494 panem
1511 4464 1527 4491 ,
1587 4425 1787 4482 Paulus
1810 4428 2109 4496 disputabat

546 4529 665 4567 cum
693 4514 789 4573 eis.
823 4514 1151 4583 profecturus
1182 4518 1237 4570 in
1266 4520 1579 4583 crastinum,
1632 4520 1795 4590 299
1821 4524 2111 4586 protraxit-

543 4620 643 4673 que
672 4621 967 4660 sermonem
981 4623 1142 4677 usque
1171 4608 1224 4662 in
1256 4610 1482 4662 mediam
1504 4613 1861 4681 noctem(Act.
1890 4612 2108 4683 xx,7)...

545 4695 613 4751 Et
663 4699 852 4766 paucis
904 4697 1237 4765 interjectis:
1269 4703 1563 4756 Ascendens
1608 4712 1803 4769 autem,
1840 4704 2114 4775 frangens-

543 4803 644 4859 que
680 4802 900 4856 partem,
952 4799 1001 4845 et
1032 4801 1273 4860 gustatis,
1317 4803 1549 4863 satisque
1581 4794 1842 4849 allocutus
1873 4813 2032 4867 usque
2058 4797 2113 4850 in

543 4876 735 4942 lucem,
779 4882 1041 4952 prafec.us
1093 4893 1170 4936 est
1224 4884 1375 4955 (ibid.
1442 4887 1596 4955 Ii)...
1652 4887 1927 4953 Quomodo
1980 4888 2112 4942 nihil

544 4969 897 5025 subtraxerim
929 4973 1166 5039 utilium,
1191 4976 1468 5044 quominus
1498 4976 1867 5032 annuntiarem
1899 4979 2039 5033 vobis
2061 4989 2111 5035 et

544 5059 777 5115 ducerem
820 5078 907 5115 vos
934 5064 1136 5130 publice
1161 5075 1210 5117 et
1240 5080 1329 5133 per
1358 5065 1562 5129 domos,
1590 5068 1877 5129 testiﬁcaris
1908 5068 2111 5126 Iudaeis

546 5162 701 5220 atque
750 5154 1032 5221 gentilibus
1062 5156 1117 5208 in
1147 5155 1314 5210 Deum
1346 5159 1703 5225 panitentiam
1728 5200 1743 5223 ,
1784 5170 1834 5214 et
1871 5162 2025 5231 ﬁdem
2059 5166 2112 5217 in

548 5242 828 5297 Dominum
871 5257 1109 5300 nostrum
1160 5247 1346 5303 Iesum
1386 5249 1539 5316 (ibid.
1584 5251 1858 5322 20,21)...
1892 5251 2114 5321 Propter

541 5335 680 5403 quod
740 5337 984 5407 vigilate,
1040 5342 1292 5394 memoria
1347 5343 1670 5405 retinentes,
1728 5344 1976 5413 quoniam
2023 5359 2114 5412 per

545 5429 822 5481 triennium
874 5441 1019 5485 nocte
1068 5439 1115 5485 et
1132 5433 1242 5497 ,die
1300 5449 1401 5487 non
1444 5435 1643 5489 cessavi
1695 5450 1813 5488 cum
1862 5434 2113 5505 lacrgmis

616 5560 725 5626 (58)
760 5562 934 5640 Etlitio
976 5564 1147 5619 Paris.
1177 5567 1597 5640 καταλειφθῆναι
1626 5568 1799 5639 μόνοι.
1841 5568 1986 5624 Libri
2018 5585 2113 5623 ve-

544 5636 689 5752 tet-gi:
720 5639 779 5684 ut
804 5634 856 5686 in
878 5644 1153 5690 cou'extu.
1181 5634 1474 5708 Aliquanto
1497 5634 1782 5710 'post'licg.
1805 5641 1999 5696 tertius
2018 5639 2112 5693 τοῦ

551 5715 625 5753 ιίνη
689 5717 772 5753 να.

550 5715 865 5842 Mgilii-Sic
892 5772 1011 5827 libri
1043 5774 1269 5845 antiittti.
1298 5774 1473 5832 Editio
1505 5775 1677 5835 Paris.
1712 5778 1892 5844 τρὲτον
1921 5781 2011 5835 καὶ
2039 5779 2113 5835 εἷο

2138 3143 2190 3208 G

2215 1960 2420 2026 τανᾶς.
2472 1960 2576 2014 Καὶ
2641 1960 2756 2031 μετ’
2816 1959 2993 2030 ὀλίγα·
3046 1960 3144 2014 Διὸ
3199 1960 3407 2030 μηκέτι
3456 1961 3709 2027 στέγοντες

2218 2051 2641 2122 ηὐδοκήσαμεν
2670 2051 3135 2121 καταλειφθῆναι
3155 2052 3266 2124 (58)
3288 2053 3354 2106 ἐν
3374 2049 3612 2116 Ἀθήναις
3626 2051 3707 2118 pd-

2216 2163 2328 2200 νοι·
2354 2145 2456 2201 καὶ
2492 2145 2844 2215 ἐπέμψαμεν
2873 2146 3149 2215 Τιμόθεον
3172 2146 3283 2199 τὸν
3307 2143 3550 2213 ἀδελφὸν
3568 2140 3707 2210 ἡμῶν,

2217 2238 2315 2292 καί
2351 2235 2636 2291 διάκονον
2654 2235 2760 2289 τοῦ
2791 2236 2940 2290 Θεοῦ
2967 2236 3038 2290 ἐν
3059 2235 3137 2301 τῷ
3157 2236 3487 2305 Εὑαγγελίῳ
3502 2233 3592 2287 τοῦ
3612 2233 3709 2301 Χρι-

2216 2328 2391 2391 στοῦ,
2412 2329 2498 2393 είς
2526 2326 2591 2380 τὸ
2608 2326 2883 2396 στηρίξαι
2904 2324 3058 2396 ὑμᾶς
3084 2326 3181 2379 καὶ
3204 2321 3713 2394 παρακωέσαιύπὲρ

2217 2417 2330 2487 τῆς
2351 2420 2608 2484 πίστεως
2642 2416 2830 2487 ὑμῶν,
2857 2417 2923 2471 τὸ
2952 2416 3183 2487 μηδένα
3209 2418 3508 2471 σαίνεσθαι
3544 2413 3599 2468 ἐν
3618 2411 3712 2475 ταῖς

2217 2511 2463 2578 θλίψεσι
2491 2510 2752 2575 ταύταις·
2792 2509 2959 2565 αὐτοὶ
2989 2507 3101 2578 γὰρ
3120 2506 3339 2572 οἴδατε,
3363 2506 3447 2559 ὅτι
3483 2506 3560 2570 είς
3582 2500 3714 2556 τοῦτο

2216 2601 2474 2671 κείμεθα.

2217 2714 2342 2768 Ὀτι
2365 2713 2496 2767 ἴδιον
2518 2713 2612 2766 τοῦ
2639 2713 2958 2782 ἀγαπῶντος
2999 2710 3090 2764 τὸν
3132 2710 3340 2782 Κύριον
3373 2708 3451 2772 τὸ,
3495 2707 3546 2760 ὲν
3586 2700 3714 2772 πολλῇ

2288 2804 2659 2876 φιλοστοργίᾳ,
2680 2807 2745 2875 τῇ
2775 2804 2902 2875 περὶ
2924 2803 3052 2867 τοὺς
3072 2799 3496 2872 διδασκομένους,
3516 2794 3628 2867 μετὰ
3641 2790 3718 2845 πά-

2289 2914 2388 2968 αης
2407 2896 2641 2968 σπουδῆς
2672 2893 3042 2966 ἐπιμελεῖσθαι
3058 2892 3238 2947 αὐτῶν
3266 2890 3427 2945 παντὶ
3457 2879 3719 2960 τρόπῳ.κῶ

2293 2989 2454 3060 μέχρι
2494 2988 2722 3042 θανάτου
2752 2986 2845 3057 δέῃ
2870 2982 3382 3057 προσκαρτεροῦντα
3427 2982 3488 3049 τῇ
3526 2975 3719 3030 bibam-

2287 3080 2378 3152 λία
2404 3078 2461 3133 ἕν
2487 3096 2545 3131 τε
2567 3077 2644 3149 τῷ
2671 3077 2833 3148 κοινῷ
2856 3078 2950 3131 καὶ
2977 3075 3097 3130 κατ’
3131 3074 3291 3130 ἰδίαν.

2806 3255 3029 3325 Κεφάλ.
3067 3257 3179 3311 IO'.

2288 3349 2613 3404 ῘΩᾹΝΝΗΣ.
2649 3348 2711 3402 ’0
2759 3347 2981 3417 ποιμὴν
3010 3350 3042 3400 ό
3071 3345 3262 3411 καλὸς
3309 3345 3414 3411 τὴν
3442 3335 3724 3409 ψυχὴνσύ-

2215 3439 2325 3494 τοῦ
2377 3441 2619 3506 τίθησιν
2672 3438 2825 3506 ὑπὲρ
2856 3436 2974 3491 τῶν
3010 3434 3339 3504 προϐάτων.
3376 3428 3584 3486 ιοΑΝΝ.
3619 3425 3726 3478 “Ott

2217 3530 2285 3583 δὲ
2315 3532 2680 3598 ἠρίστησαν,
2707 3527 2868 3598 λέγει
2902 3525 2981 3592 τῷ
3006 3527 3223 3595 Σίμωνι
3248 3525 3443 3592 Πέτρῳ
3461 3524 3491 3575 ὀ
3526 3512 3723 3585 Ἰησοῦς

2218 3620 2406 3688 Σίμων
2449 3616 2630 3681 Ἰωνᾶ,
2671 3614 2906 3687 ἀγαπᾷς
2928 3632 3004 3685 με
3037 3614 3252 3670 πλεῖον
3307 3614 3523 3668 τούτων
3535 3626 3553 3675 ;
3593 3605 3725 3675 Λέγει

2218 3709 2399 3776 αὐτῷ·
2428 3709 2561 3772 Ναί,
2592 3710 2787 3777 Κύριε·
2811 3708 2893 3761 σὺ
2938 3705 3106 3773 οἶδας
3148 3705 3241 3760 ὅτι
3285 3704 3439 3775 φιλῶ
3485 3716 3569 3756 σε.
3597 3696 3731 3766 Λέγυ

2217 3798 2394 3865 αὐτῷ’
2430 3800 2628 3853 Βόσκε
2664 3799 2737 3852 τὰ
2760 3799 2935 3866 ἀρνία
2960 3814 3097 3866 μου.
3156 3797 3332 3867 Λέγει
3377 3790 3528 3856 αὐτῷ
3582 3786 3731 3842 πάλιν

2215 3891 2511 3961 δεύτερον’
2533 3892 2728 3961 Σίμων
2759 3888 2945 3951 Ἰωνᾶ,
2974 3886 3207 3958 ἀγαπᾶς
3232 3905 3343 3958 με;
3380 3885 3537 3954 Λέγει
3575 3874 3728 3942 αὐτῷ’

2215 3983 2346 4046 Ναὶ,
2386 3984 2579 4051 Κύριεσ
2616 3981 2696 4036 σὺ
2736 3978 2898 4047 οἶδας
2925 3980 3013 4033 ὅτι
3044 3978 3199 4048 φιλῶ
3231 3996 3327 4035 σε.
3379 3978 3539 4045 Λέγει
3586 3967 3728 4031 αὐτῷ’

2213 4076 2495 4143 Ποίμαινε
2520 4073 2591 4127 τὰ
2620 4070 2882 4142 πρόϐατά
2899 4089 3038 4140 μου.
3067 4070 3239 4141 Λέγει
3286 4068 3445 4134 αὐτῷ
3472 4066 3532 4121 τὸ
3557 4062 3730 4132 τρίτον·

2217 4169 2412 4237 Σίμων
2447 4166 2634 4232 Ἰωνᾶ,
2668 4165 2864 4236 φιλεῖς
2880 4180 2956 4234 με
2978 4179 2998 4227 ;
3038 4162 3342 4230 Ἐλυπήθη
3364 4164 3397 4214 ὁ
3426 4158 3640 4225 Πέτρος.
3663 4149 3735 4203 ὅτι

2212 4257 2379 4313 εἶπεν
2402 4258 2560 4324 αὑτῷ
2591 4257 2658 4312 τὸ
2679 4258 2877 4327 τρίτον
2900 4255 3033 4328 (59)·
3070 4254 3275 4321 Φιλεῖς
3317 4265 3428 4322 με;
3478 4250 3567 4303 καὶ
3601 4239 3735 4299 εἶπεν

2212 4348 2393 4415 αὐτῷ·
2423 4352 2616 4420 Κύριε,
2647 4348 2729 4403 σὺ
2759 4347 2955 4402 πάντα
2992 4346 3175 4412 οἷδαςο
3212 4345 3298 4399 σὺ
3338 4339 3626 4413 γινώσκεις
3665 4331 3734 4420 ὅτι

2214 4439 2369 4510 φιλῶ
2383 4455 2476 4496 σε.
2502 4418 2670 4510 Λέγει
2695 4439 2854 4505 αὺτῷ
2878 4443 2909 4494 ό
2942 4438 3187 4506 Ἰησοῦς·
3210 4438 3411 4491 Βόσκε
3431 4431 3501 4487 τὰ
3521 4418 3735 4497 πρόϐατὰ

2208 4550 2349 4602 μου.
2400 4531 2707 4585 ΠΡΑΞΕιΣ.
2766 4532 2867 4585 Ἐν
2926 4528 2994 4583 δὲ
3042 4527 3117 4597 τῇ
3135 4525 3247 4598 μιᾷ
3295 4525 3416 4580 τῶν
3447 4517 3729 4613 Σαϐδάτως.

2213 4622 2612 4694 συνηγμένων
2642 4621 2760 4677 τῶν
2776 4621 3057 4692 μαθητῶν
3087 4619 3316 4675 κλάσαι
3349 4617 3542 4687 ἄρτον,
3564 4613 3592 4667 ό
3613 4609 3733 4663 Παῦ-

2211 4721 2323 4783 λος
2351 4715 2649 4785 διελέγετο
2672 4714 2893 4780 αὐτοῖς,
2940 4712 3183 4781 μέλλων
3222 4710 3447 4774 ἐξιέναι
3482 4704 3553 4773 τῇ
3589 4697 3735 4755 ἐπαύ-

2203 4823 2360 4877 ριον·
2388 4805 2694 4871 παρέτεινε
2720 4804 2786 4857 δὲ
2811 4806 2915 4859 τὸν
2944 4806 3130 4872 ,λόγον
3146 4801 3327 4872 μέχρι
3360 4791 3733 4871 μεσονυκτίου-

2212 4900 2322 4952 Καὶ
2350 4900 2466 4970 μετ’
2507 4897 2694 4966 ὀλίγα·
2747 4897 2989 4961 Ἀναϐὰς
3020 4893 3107 4954 δὲ,
3153 4894 3253 4947 καὶ
3296 4891 3526 4954 κλάσας
3568 4884 3733 4952 ἄρτον.

2212 4990 2310 5044 καὶ
2336 4989 2728 5060 γευσάμενος,
2768 4986 2859 5057 ἐφ’
2885 4987 3093 5039 ἱκανόν
3122 5001 3184 5038 τε
3230 4981 3528 5052 ὁμιλήσας
3567 4971 3736 5044 μέχρις

2212 5082 2426 5151 αὐγῆς,
2448 5080 2774 5149 ἐξῆλθεν...
2818 5080 2916 5144 Ὠς
2966 5075 3147 5131 οὐδὲν
3183 5069 3621 5138 ὑπεστειλάμην
3645 5060 3739 5151 fit"

2215 5149 2646 5244 συμφερόντων
2666 5171 2771 5225 τοῦ
2785 5170 2871 5240 μὴ
2898 5169 3243 5239 ἀναγγεῖλαι
3276 5165 3442 5236 ὑμῖν,
3474 5158 3565 5214 καὶ
3608 5149 3738 5207 διδά-

2214 5269 2313 5333 ξαι
2343 5265 2499 5335 ὑμᾶς
2523 5263 2783 5333 δημοσία
2803 5262 2900 5316 καὶ
2925 5262 3053 5315 κατ’
3076 5260 3302 5324 οῖκους,
3325 5246 3739 5324 διαμαρτυρόμε·

2212 5377 2250 5414 ’ν
2253 5378 2318 5425 ος
2354 5358 2463 5429 (60)
2506 5356 2815 5427 Ἰουδαίοις
2865 5369 2929 5406 τε
2987 5351 3085 5406 καί
3109 5352 3370 5417 Ἕλλησι
3398 5345 3512 5413 τὴν
3542 5343 3621 5408 εις
3654 5335 3739 5391 τὸν

2218 5450 2367 5504 Θεὸν
2393 5450 2735 5520 μετάνοιαν,
2790 5446 2885 5499 καὶ
2920 5446 3130 5497 πίστιν
3164 5439 3282 5505 τὴν
3317 5442 3407 5505 είς
3438 5436 3542 5490 τὸν
3560 5431 3742 5499 Κύριον

2216 5597 2363 5651 πενξ·
2395 5578 2539 5651 quod
2569 5578 2963 5651 mutilum‘erat
2989 5583 3043 5629 et
3067 5572 3432 5651 destinatum:

2288 5636 2798 5722 (60)'B_eg.Aprimt_ts
2819 5645 3350 5722 διαμαρτυράμενος.
3378 5640 3495 5694 Mox
3526 5636 3739 5722 idem?

2218 5706 2320 5777 dei
2340 5706 2418 5786 εἰς
2441 5706 2537 5775 τὸξῖ
2549 5706 2700 5773 Θέόν.
2727 5717 2884 5773 Deest
2909 5706 3180 5771 articulus
3194 5715 3245 5768 in
3276 5720 3507 5780 utraque
3520 5706 3735 5765 editione-

3838 192 3839 275 i

3842 578 3843 649 ι

3840 652 3843 771 l
