3962 6238
236 289 340 341 855

1656 288 1981 343 MORALIA.
2003 291 2010 326 τ

3385 299 3488 353 εει

235 407 408 478 ἡμῶν
443 407 742 476 Ἰησοῦν...
785 410 882 464 Διό
925 410 1282 480 γρηγορεῖτε,
1323 411 1802 480 μνημονεύοντες

1918 426 2120 463 monens
2139 427 2551 482 unumquemque
2577 424 2803 468 vestrum
2829 415 2974 484 (Act.
2995 417 3260 485 “.31).”
3290 415 3488 473 Memo-

237 498 324 551 ὅτι
349 499 610 567 τριετίαν
635 487 832 553 ’νύκτα
866 501 963 554 καὶ
1011 501 1239 570 ἡμέραν
1289 507 1400 555 οὐκ
1451 500 1810 569 ἐπαυσάμην

236 594 383 656 μετὰ
456 591 733 657 δακρύων
801 592 1096 646 νουθετῶν
1152 593 1262 646 ἕνα
1305 592 1565 646 ἕκαστον
1617 592 1804 660 ὑμῶν.

236 681 419 736 ΠΡΟΣ
455 683 645 735 ΗΞΣΣ.
680 682 750 736 α’.
777 683 954 736 Αὐτοὶ
983 683 1092 751 γὰρ
1119 684 1342 747 οἷδατε,
1376 682 1646 750 ἀδελφοὶ,
1689 683 1798 735 τὸν

1913 518 1996 554 res
2019 504 2158 554 enim
2183 505 2330 565 estis,
2361 504 2579 570 fratres,
2605 504 2802 560 laboris
2823 511 3013 568 nostri,
3039 521 3086 564 et
3112 511 3442 581 fatigationis
3465 528 3484 566 :

1914 604 2061 647 nocte
2084 610 2144 646 ac
2169 595 2253 648 die
2274 606 2566 662 operantes,
2602 614 2664 651 ne
2691 615 2840 668 quem
2863 612 3088 654 vestrum
3119 621 3482 670 grat'arenttts,

1911 685 2311 752 pra'dicavimus
2349 687 2689 758 Evangelium
2718 690 2809 743 Dei
2839 690 2890 754 (l
2917 693 3092 746 Tlacss.
3122 709 3180 755 ιι,
3205 699 3279 756 9),
3304 705 3409 750 (λιν.

234 774 429 828 κόπον
459 773 650 843 ἡμῶν,
687 776 784 828 καὶ
814 775 919 828 τὸν
944 778 1194 843 μόχθον·
1230 774 1450 838 νυκτὸς
1498 772 1598 825 καὶ
1655 773 1766 838 (61)
1815 776 2039 844 ἡμέρας
2102 779 2471 849 ἐργαζόμενοι
2503 779 2654 848 πρὸς
2695 781 2762 835 τὸ
2812 782 2897 851 μὴ
2947 784 3303 853 ἐπιϐαρῆσαί
3351 801 3485 840 τινα

231 865 420 935 ὑμῶν,
451 866 826 934 ἐκηρύξαμεν
858 866 922 920 τὸ
948 866 1315 936 [εὐαγγέλιον
1342 863 1446 918 τοῦ
1493 861 1661 928 Θεοῦ,
1705 864 1796 916 καὶ
1841 865 1911 918 τὰ
1961 867 2108 936 ἑξῆς.

238 983 367 1037 ὀτι
407 982 486 1036 δεῖ
543 981 635 1034 τὸν
688 979 1002 1051 προεστῶτα
1039 979 1132 1032 τοῦ
1186 978 1344 1046 λόγου
1391 977 1664 1048 ἐλεήμονα
1712 975 1806 1029 καὶ

305 1074 684 1144 εὔσπλαγχνον
710 1068 871 1134 εἶναι,
898 1071 988 1122 καὶ
1017 1070 1252 1140 μάλιστα
1290 1069 1380 1120 ἐπὶ
1404 1067 1514 1120 τῶν
1560 1085 1808 1122 κεκακω-

305 1165 488 1236 μένων
510 1166 606 1228 τὰς
633 1163 840 1234 ψυχάς.

851 1269 1073 1339 Κεφάλ.
1101 1271 1183 1324 Κ.

299 1362 671 1419 ΜΑΤΘΑΙΟΣ.
719 1361 829 1415 Καὶ
877 1360 1102 1424 ἰδόντες
1152 1361 1206 1413 οἱ
1247 1357 1574 1427 Φαρισαῖοι,
1626 1353 1801 1410 εἷπον

226 1455 354 1522 τοῖς
380 1454 680 1524 μαθηταῖς
704 1453 908 1508 αὐτοῦ’
945 1455 1045 1506 Διὰ
1082 1455 1137 1505 τί
1161 1453 1311 1520 μετὰ
1362 1449 1480 1503 τῶν
1529 1449 1804 1504 τελωνῶν

231 1543 330 1596 καὶ
381 1543 746 1612 ἁμαρτωλῶν
794 1542 977 1595 ἐσθίει
1013 1545 1043 1594 ό
1096 1541 1459 1605 διδάσκαλος
1500 1539 1698 1608 ὺμῶν;
1742 1540 1803 1590 '0

225 1633 296 1686 δὲ
333 1633 576 1699 Ἰησοῦς
597 1635 887 1699 ἀκούσας,
921 1630 1108 1686 εἷπεν-ο
1141 1635 1222 1685 Ob
1245 1633 1454 1700 χρείαν
1475 1632 1723 1700 ἔχουσιν
1751 1634 1802 1683 ol

224 1730 607 1797 ὑγιαίνοντες
655 1727 878 1794 ἰατροῦ,
909 1727 1045 1779 ἀλλ’
1073 1729 1125 1778 ot
1164 1724 1356 1789 κακῶς
1391 1725 1654 1793 ἔχοντες.
1693 1727 1804 1776 Πο-

219 1821 546 1886 ρευθέντες
563 1817 650 1882 δὲ,
665 1817 885 1886 μάθετε
903 1819 956 1869 τί
979 1819 1169 1870 ἐστιν·
1197 1819 1406 1870 Ἕλεον
1429 1817 1599 1880 θέλω,
1615 1817 1710 1868 καὶ
1732 1818 1803 1870 οὺ

225 1911 472 1963 θυσίαν·
506 1911 578 1963 οὺ
625 1909 733 1977 γὰρ
779 1905 970 1978 ἦλθον
1012 1906 1266 1960 καλέσαι
1306 1907 1596 1972 δικαίους,
1644 1908 1805 1960 ἀλλὰ

225 1999 618 2068 ἁμαρτωλοὺς
641 2002 726 2064 εἰς
747 1999 1088 2068 μετάνοιαν.
1127 1997 1495 2052 ΜΑΤΘΑΙΟΣ.
1529 1999 1696 2053 Ἰδὼν
1736 1998 1804 2051 δὲ

225 2091 370 2156 τοὺς
410 2091 658 2160 ὄχλους,
693 2091 1191 2159 ωσπλαγχνίσθη
1248 2090 1381 2158 περὶ
1435 2088 1655 2154 αὐτῶν,
1715 2089 1802 2144 ὅτι

225 2179 394 2252 ἦσαν
444 2180 825 2250 ἐσκυλμένοι,
881 2183 961 2246 ὡς
991 2183 1254 2250 πρόϐατα
1299 2181 1384 2251 μὴ
1424 2183 1642 2251 ἔχοντα
1680 2197 1804 2234 ποι-

219 2273 398 2342 μέγα.

229 2387 354 2442 Ὀτι
379 2388 463 2440 δεῖ
492 2387 584 2440 καὶ
611 2389 668 2439 ὲν
691 2389 809 2450 ταῖς
838 2385 932 2438 τοῦ
965 2386 1212 2456 σώματος
1251 2387 1458 2457 χρείαις
1509 2386 1804 2456 σπλαγχνί-

297 2480 609 2546 ζεσθαιὲπὶ
635 2482 747 2541 τοῖς
800 2479 1276 2549 πεπιστευμένοις,
1341 2480 1440 2531 καὶ
1499 2480 1802 2549 φροντίζειν

301 2572 506 2625 αὐτῶν.

838 2660 1056 2730 Κεεράλ.
1083 2663 1214 2714 KA'.

300 2753 672 2810 ΜΑΤΘΑῐυΣ.
705 2750 1179 2821 Σπ.»ιαγχνίζομαι
1212 2750 1308 2803 ἐπὶ
1339 2751 1445 2803 τὸν
1467 2751 1676 2819 ὄχλον,
1713 2752 1801 2804 ὅτι

228 2845 346 2916 ήδη
408 2844 617 2914 ἡμέραι
693 2845 836 2912 τρεῖς
895 2843 1308 2911 προσμένουσί
1349 2859 1467 2910 μοι,
1539 2843 1635 2895 καὶ
1689 2845 1799 2895 οὐκ

1911 977 2067 1044 Quod
2097 979 2189 1047 qui
2234 979 2525 1049 prmﬁcitur
2557 979 2818 1038 doctrina:
2865 983 3141 1038 tradendae
3167 1025 3179 1046 ,
3237 987 3282 1038 is
3325 987 3484 1044 debet

1979 1086 2102 1124 esse
2125 1073 2438 1125 lliiSUl‘it'OrS
2475 1081 2528 1126 ct
2558 1075 2819 1137 clemens,
2855 1083 2906 1127 ct
2938 1078 3172 1131 inaximc
3202 1093 3328 1150 ergo
3361 1097 3477 1145 eos,

1980 1177 2212 1230 quorum
2244 1163 2440 1216 animus
2472 1171 2597 1218 sunt
2622 1166 2761 1219 made
2793 1166 3016 1220 affectae.

2537 1275 2707 1343 Caput
2740 1276 2864 1332 ΧΧ.

1981 1363 2048 1416 Et
2086 1365 2306 1419 ridentes
2359 1365 2622 1421 Phariswi
2650 1410 2662 1431 ,
2715 1368 2958 1424 dicebant
3001 1372 3275 1442 discipulis
3326 1377 3481 1448 ejus:

1909 1455 2086 1522 Quare
2114 1476 2230 1512 cum
2262 1461 2556 1527 publicanis
2589 1473 2635 1514 et
2667 1467 3025 1529 peccatoribus
3055 1471 3335 1522 manducat
3369 1487 3480 1522 ma-

1905 1547 2067 1614 gister
2095 1560 2255 1602 tester
2275 1551 2302 1604 7
2336 1553 2401 1602 At
2447 1549 2601 1606 Jesus
2637 1555 2857 1607 audiens
2882 1596 2895 1618 ,
2941 1560 3016 1609 ait
3048 1575 3065 1612 :
3094 1558 3215 1611 Non
3245 1571 3321 1614 est
3352 1579 3479 1621 opus

1905 1640 2194 1694 valentibus
2229 1643 2479 1702 medicus.
2506 1644 2596 1698 sed
2628 1649 2764 1699 male
2790 1647 3122 1705 habentibus.
3151 1651 3346 1708 Euntes
3379 1674 3479 1708 au-

1905 1741 2003 1784 tem
2034 1733 2235 1797 discite,
2267 1735 2392 1805 quid
2414 1748 2530 1791 est:
2561 1737 2987 1796 Misericordiant
3018 1747 3153 1807 volo,
3182 1760 3230 1800 et
3256 1766 3356 1801 non
3380 1767 3470 1802 sa-

1899 1825 2204 1894 criﬁcium:
2253 1846 2353 1880 non
2385 1831 2521 1882 enim
2560 1833 2673 1883 veni
2713 1849 2896 1887 vocare
2937 1835 3136 1904 justas,
3169 1841 3258 1890 sed
3297 1855 3481 1906 pecea-

1906 1924 2040 1970 tores
2073 1915 2141 1968 ad
2171 1920 2526 1983 paenitentiam
2565 1921 2782 1990 (Matth.
2836 1941 2916 1985 Ix,
2971 1925 3223 1990 il-l5)...
3285 1928 3478 1984 Videns

1904 2019 2077 2062 autem
2118 2010 2320 2074 turbas,
2353 2012 2595 2065 misertus
2647 2022 2724 2066 est
2781 2017 2855 2068 eis
2878 2055 2892 2079 ,
2935 2018 3058 2085 quia
3087 2034 3236 2073 erant
3269 2023 3475 2085 vexati,

1903 2101 2039 2153 sicut
2077 2117 2191 2154 oves
2223 2120 2323 2155 non
2356 2102 2602 2158 habentes
2636 2115 2902 2172 pastorem
2933 2108 3084 2177 (ibid.
3125 2111 3239 2181 56).

1901 2377 2055 2445 Quod
2085 2389 2298 2450 Oportet
2331 2382 2384 2436 in
2415 2384 2694 2452 corporeis
2722 2384 2883 2438 etiam
2919 2385 3346 2441 necessitatibus
3379 2402 3474 2442 eos

1972 2473 2066 2540 qui
2114 2473 2270 2527 nobis
2301 2476 2600 2529 concredui
2631 2485 2779 2539 sunt,
2809 2479 3212 2540 commiserari,
3245 2485 3298 2531 et
3323 2479 3474 2548 ipso-

1975 2579 2094 2616 l'lllll
2115 2580 2301 2618 curam
2331 2583 2534 2636 gerere.

2497 2657 2668 2724 Caput
2710 2657 2872 2713 XXI.

1981 2746 2237 2801 Misereor
2268 2747 2431 2800 turba!
2456 2789 2470 2812 ,
2517 2753 2640 2818 quia
2677 2751 2848 2801 triduo
2871 2751 2987 2820 jam
3021 2761 3347 2822 perseverant
3371 2766 3477 2808 me-

1903 2857 2052 2904 cum,
2093 2849 2141 2893 et
2188 2857 2290 2893 non
2335 2840 2521 2894 habent
2551 2841 2687 2910 quod
2727 2846 3072 2908 manducent,
3129 2856 3178 2898 et
3213 2845 3477 2900 dimittere

225 2938 445 3007 έχουσι
477 2937 536 2989 τί
559 2935 809 3004 φάγωσι,
843 2935 938 2987 καὶ
969 2933 1272 2986 ἀπολῦσαι
1319 2932 1538 2997 αὐτοὺς
1557 2932 1802 2998 νήστεις

1918 2948 1990 2984 20s
2021 2931 2235 3000 jejunos
2286 2931 2406 2984 uolo
2454 2947 2515 2982 ne
2546 2931 2793 2997 dc/iciant
2843 2935 2893 2985 in
2954 2936 3038 2988 via
3076 2934 3298 3005 (Matth.
3363 2953 3472 2998 xv,

223 3034 299 3084 οὺ
329 3029 503 3090 θέλω,
564 3027 794 3097 μήποτε
830 3025 1168 3079 ἐκλυθῶσιν
1216 3027 1285 3077 ἐν
1314 3024 1388 3092 τῇ
1436 3025 1570 3090 ὁδῷ.
1632 3027 1805 3079 ΜΑΡ-

226 3122 386 3174 ΚΟΣ.
419 3120 532 3173 Καὶ
565 3120 796 3188 ἔρχεται
829 3119 975 3184 πρὸς
1016 3117 1201 3170 αὑτὸν
1246 3119 1489 3184 λεπρὸς,
1549 3133 1806 3187 παρακα-

224 3207 355 3263 λῶν
387 3210 598 3270 αὑτὸν,
634 3209 731 3259 καὶ
758 3206 1100 3277 γονυπετῶν
1126 3205 1334 3270 αὐτὸν,
1367 3209 1463 3259 καὶ
1489 3206 1681 3276 λέγων
1699 3214 1805 3262 αὺ-

226 3300 332 3366 τῷ,
361 3301 455 3353 ὅτι
499 3301 639 3352 Ἐὰν
661 3297 859 3366 θέλῃς,
888 3298 1148 3350 δύνασαί
1171 3314 1246 3366 με
1279 3300 1612 3366 καθαρίσαι.
1655 3301 1717 3353 '0
1736 3299 1804 3352 δὲ

238 3391 485 3457 Ἰησοῦς
514 3388 1009 3457 σπλαγχνισθεὶς,
1035 3389 1304 3453 ἐκτείνας
1330 3388 1443 3456 τὴν
1487 3391 1654 3456 χεῖρα
1701 3393 1804 3444 αὺ-

222 3482 353 3545 τοῦ,
377 3483 579 3549 ἥψατο
602 3479 808 3541 αὑτοῦ,
841 3480 936 3532 καὶ
961 3479 1119 3547 λέγει
1151 3480 1310 3544 αὺτῴ
1336 3481 1467 3546 (62)·
1503 3479 1681 3539 Θέλω,
1709 3497 1807 3533 κα-

226 3576 564 3644 θαρίσθητι.
584 3572 890 3625 ΠΡΑΞΕΙΣ.
920 3573 1014 3623 Ἐν
1033 3572 1099 3623 δὲ
1127 3571 1254 3636 ταῖς
1277 3571 1520 3640 ἡέώραις
1563 3572 1804 3637 ταύταις

225 3667 668 3732 πληθυνόντων
698 3661 815 3715 τῶν
841 3663 1140 3730 μαθητῶν,
1181 3662 1417 3732 ἐγένετο
1464 3664 1804 3732 γογγυσμὸς

226 3759 346 3812 τῶν
382 3755 801 3823 Ἑλληνιστῶν
828 3756 975 3823 πρῗς
992 3756 1132 3819 τοὺς
1174 3756 1497 3822 Ἐϐραίους,
1541 3755 1628 3807 ὅτι
1659 3771 1804 3822 παρ-

225 3849 593 3916 εθεωροῦντο
654 3847 723 3899 ἐν
769 3844 842 3913 τῇ
883 3845 1155 3910 διακονίᾳ
1207 3845 1281 3912 τῇ
1327 3845 1692 3913 καθημερινῇ
1745 3849 1806 3900 al

226 3939 404 4009 χῆραι
440 3937 660 3991 αὐτῶν.
690 3934 1259 4014 Πρεσκαλεσάμενοε
1306 3934 1372 3986 δὲ
1397 3938 1449 3988 οι
1482 3933 1709 3987 δώδεκα
1736 3935 1803 3986 τὸ

227 4031 460 4096 πλῆθος
513 4027 633 4082 τῶν
661 4025 960 4097 μαθητῶν,
1002 4023 1194 4079 εἷπον*
1234 4029 1354 4079 Οὐκ
1388 4027 1646 4092 ἀρεστόν
1672 4026 1804 4078 ἐστι

228 4123 676 4186 καταλιπόντας
710 4118 865 4188 ἡμᾶς
889 4122 996 4172 τὸν
1031 4121 1218 4188 λόγον
1255 4119 1361 4172 τοῦ
1399 4118 1568 4180 Θεοῦ,
1607 4117 1805 4170 διακο-

227 4215 356 4267 νεῖν
416 4213 549 4277 ταῖς
603 4210 931 4279 τραπέζαις.
994 4210 1461 4278 Ἐπισκέψασθε,
1517 4209 1797 4275 ἀδελφοὶ,

1905 3023 2063 3085 52;...
2102 3021 2167 3074 Et
2200 3026 2331 3076 venit
2358 3023 2424 3075 ad
2446 3039 2564 3076 eum
2599 3025 2853 3093 lupi-osus,
2891 3028 3175 3096 deprecans
3218 3045 3359 3093 eum,
3391 3039 3476 3082 at-

1903 3130 1999 3182 que
2033 3116 2099 3166 ad
2135 3131 2300 3184 genua
2331 3115 2479 3168 illius
2511 3133 2564 3170 se
2591 3118 2914 3185 provolvens,
2949 3135 3010 3170 ac
3051 3119 3227 3174 dicens
3256 3121 3380 3174 illi:
3417 3120 3479 3173 Si

1905 3207 2000 3262 vis,
2031 3215 2173 3270 potes
2207 3224 2284 3258 me
2305 3209 2576 3262 mundare.
2599 3207 2754 3262 Jesus
2784 3223 2954 3262 autem
2974 3213 3236 3274 misertus,
3263 3222 3478 3266 eJ'tensa

1906 3313 2063 3349 manu
2095 3315 2192 3349 sua
2223 3299 2389 3367 tetigit
2438 3315 2594 3362 eum,
2647 3310 2696 3353 et
2731 3302 2804 3353 ait
2836 3301 2957 3355 illi:
3025 3302 3149 3355 Volo
3173 3320 3191 3357 ε
3225 3305 3479 3358 mundare

1906 3386 2099 3456 (Marc.
2137 3404 2173 3446 ι.
2210 3391 2299 3450 40,
2335 3391 2494 3457 41)...
2535 3389 2599 3444 In
2634 3392 2814 3446 diebus
2846 3403 3018 3447 autem
3051 3395 3179 3454 illis.
3219 3408 3478 3450 crrscente

1905 3493 2119 3531 numero
2144 3479 2543 3544 discipulorum,
2574 3481 2774 3548 fartum
2803 3493 2876 3535 est
2908 3499 3145 3535 murmur
3173 3481 3476 3537 ercorum

1906 3567 2154 3622 adversus
2194 3568 2462 3630 llebra‘os,
2488 3587 2545 3622 eo
2571 3577 2706 3638 quod
2740 3573 3124 3639 despicerentur
3157 3576 3210 3627 in
3245 3577 3478 3628 ministe-

1905 3662 1984 3711 rio
2010 3661 2314 3729 quatidiano
2351 3662 2518 3714 vidum
2543 3679 2738 3716 eorum.
2775 3661 3127 3718 Cunvocautes
3151 3675 3323 3718 autent
3351 3666 3478 3718 duo-

1903 3750 2068 3802 decim
2090 3751 2474 3803 multitudinem
2502 3753 2903 3820 discipnlorunt,
2928 3754 2962 3804 d
2986 3769 3036 3805 εει
3055 3766 3178 3806 runt
3207 3771 3224 3808 :
3255 3755 3373 3808 Non
3397 3761 3476 3808 est

1904 3857 2107 3910 aequum
2138 3857 2231 3894 nos
2282 3842 2634 3911 derelinquere
2669 3842 2876 3894 verbum
2908 3843 3038 3904 Dei,
3090 3852 3139 3896 et
3173 3847 3477 3901 ministrar:

1904 3934 2115 3986 mensis.
2147 3932 2506 3997 Considerate,
2541 3933 2755 4002 fratres,
2788 3933 2926 3987 viros
2961 3951 3026 3986 ex
3063 3935 3204 3987 vobis
3238 3939 3477 3990 testimo-

1902 4024 1988 4075 nio
2014 4035 2182 4076 vestro
2204 4025 2566 4092 comprobatos
2597 4037 2810 4093 septem,
2843 4025 3024 4093 plenos
3063 4023 3263 4093 Spiritu
3292 4043 3475 4081 sancto

1902 4123 1950 4166 et
1981 4116 2261 4182 sapientia,
2297 4132 2424 4183 quos
2452 4117 2827 4170 constituemus
2863 4131 3017 4184 super
3046 4117 3142 4170 ItOC
3172 4134 3301 4186 opus
3333 4119 3470 4186 (Act.

1902 4223 1977 4266 τι,
2012 4207 2145 4277 1--5).

228 4306 452 4373 ἄνδρας
488 4306 560 4368 ἐξ
604 4303 771 4373 ὑμῶν
803 4304 1330 4372 μαρτυρουμένους
1361 4305 1529 4367 ἑπτὰ,
1577 4303 1827 4370 πλήρεις
1859 4303 2204 4370 Πνεὺματος
2253 4303 2424 4373 ἁγίου
2485 4304 2582 4357 καὶ
2617 4305 2857 4372 σοφίας,
2894 4304 3000 4369 οὓς
3023 4305 3480 4378 καταστήσομεν

233 4397 326 4449 ἐπι
354 4397 462 4466 τῆς
494 4400 700 4467 χρείας
720 4402 961 4465 ταύτης.

237 4513 352 4566 Ὅτι
390 4515 450 4567 οὐ
479 4515 563 4566 δεῖ
593 4515 684 4566 τὸν
717 4514 1032 4585 προεστῶτα
1075 4513 1162 4567 τοῦ
1190 4513 1344 4581 λόγου
1384 4516 1441 4566 ὲν
1488 4516 1601 4576 τοῖς
1642 4513 1798 4566 ἐλάτ-

1918 4513 2062 4582 300
2099 4510 2253 4576 Quod
2303 4512 2348 4566 is
2387 4513 2474 4565 cui
2519 4513 2866 4567 concreditur
2909 4514 3130 4568 verbum
3172 4514 3300 4577 Dei,
3360 4529 3419 4568 se
3446 4529 3477 4567 a

302 4623 443 4658 τοσιν
474 4609 796 4677 αὐτουργεῖν
830 4607 1274 4677 φιλοτιμούμενον
1305 4608 1403 4676 τῆς
1439 4606 1795 4676 ὀφειλομένης

304 4699 424 4768 περὶ
450 4698 519 4750 τὰ
557 4698 731 4767 μείζω
759 4698 992 4768 σπουδῆς
1021 4697 1432 4751 ἀπολείπεσθαι.

828 4889 1052 4959 Κεφὰλ.
1080 4889 1212 4944 KB'.

304 4980 609 5037 ΠΡΑΞΕΙΣ.
645 4980 1210 5050 Προσκαλεσάμενοι
1260 4979 1328 5032 δὲ
1355 4983 1411 5033 ot
1464 4978 1697 5034 δώδεκα
1722 4979 1794 5032 τὸ

236 5074 458 5143 πλῆθος
483 5074 604 5128 τῶν
647 5073 951 5143 μαθητῶν,
979 5070 1170 5127 εἷπον·
1198 5075 1320 5127 Οὐκ
1355 5073 1614 5140 ἀρεστόν
1666 5074 1796 5127 ἐστι

236 5170 664 5232 καταλιπόντας
683 5164 840 5234 ἡμᾶς
867 5171 971 5219 τὸν
988 5168 1175 5235 λόγον
1190 5165 1474 5235 τοῦιθεοῦ,
1489 5165 1798 5219 διακονεῖν

237 5257 550 5322 τραπέζαις.
590 5260 700 5310 Καὶ
755 5257 872 5328 μετ’
907 5258 1095 5326 ὀλίγαι
1163 5257 1357 5328 Ἡμεῖς
1405 5258 1472 5310 δὲ
1534 5257 1606 5325 τῇ
1654 5275 1798 5325 προ-

236 5349 420 5418 σευχῇ
447 5352 544 5404 καὶ
584 5350 659 5416 τιῙ
681 5350 954 5417 διακονίᾳ
988 5350 1091 5404 τοῦ
1131 5352 1316 5419 λόγου
1346 5350 1798 5419 προσκαρτερή-

239 5451 444 5506 σωμεν.

306 5590 408 5660 (61)
437 5593 568 5662 Reg.
605 5595 814 5663 primus
843 5594 1042 5649 recenti
1077 5610 1239 5649 manu
1259 5593 1451 5653 νυκτὸς
1483 5594 1586 5663 γὰρ
1614 5593 1727 5646 καί.

305 5663 408 5728 (62)
443 5667 638 5716 Addita
669 5675 752 5717 est
785 5680 883 5717 vox
918 5663 1064 5733 ἀὺτῴ
1091 5681 1153 5718 ex
1187 5664 1317 5732 Reg.
1344 5666 1534 5732 primo.
1577 5663 1683 5717 Nec
1709 5666 1783 5715 ita

245 5735 398 5786 multo
427 5745 544 5803 post
580 5733 720 5788 idem
749 5749 847 5787 ms.
884 5734 1092 5788 videtur
1119 5736 1375 5788 habuisse
1415 5735 1584 5801 prima
1621 5749 1784 5786 mauu

1979 4605 2244 4672 majorum
2282 4606 2620 4672 negotiorum
2673 4606 2857 4658 studio
2897 4607 3202 4660 subducere
3233 4621 3340 4660 non
3383 4605 3478 4660 de-

1979 4695 2088 4758 bet,
2113 4696 2239 4748 dum
2269 4710 2469 4764 magno
2519 4707 2717 4750 conatu
2764 4698 2816 4750 in
2861 4699 3225 4767 exsequendis
3253 4699 3477 4752 minori-

1980 4785 2080 4838 bus
2106 4798 2259 4839 suam
2295 4784 2470 4853 ipsius
2503 4799 2722 4855 operam
2755 4795 2936 4842 novat.

2488 4896 2658 4965 Caput
2699 4897 2890 4952 XXII.

1980 4987 2332 5043 Convocantes
2363 4999 2538 5043 autem
2586 4989 2858 5042 duodecim
2895 4987 3283 5040 multitudinem
3315 4987 3476 5041 disci-

1901 5082 2166 5148 pulorum,
2199 5082 2446 5134 dixerunt
2475 5097 2491 5134 :
2520 5079 2640 5133 Non
2661 5090 2740 5134 est
2763 5096 2966 5150 atquum
3001 5095 3094 5132 nos
3121 5079 3479 5148 derelinquere

1903 5170 2112 5224 verbum
2143 5169 2270 5238 Dei,
2317 5183 2366 5225 et
2406 5175 2708 5225 ministrare
2761 5173 2954 5224 mensis
2987 5170 3125 5240 (Act.
3175 5186 3225 5223 Vl
3251 5212 3265 5235 ,
3303 5172 3379 5242 Ξ).
3413 5170 3476 5224 Ει

1904 5264 2065 5332 paulo
2095 5273 2258 5332 post:
2314 5263 2429 5318 Nos
2461 5282 2578 5319 vero
2622 5265 2853 5318 orationi
2903 5273 2952 5317 et
3000 5265 3289 5318 ministerio
3337 5265 3475 5318 verbi

1905 5353 2159 5408 instantes
2188 5356 2442 5419 fuerimus
2480 5355 2628 5423 (ibid.
2654 5355 2731 5423 4).

1894 5599 2340 5682 καταστήσωμεν.
2374 5595 2612 5651 Subinde
2629 5596 2766 5668 Reg.
2791 5599 2985 5654 tertius
3016 5599 3107 5652 καὶ
3133 5598 3232 5669 τῆς
3260 5597 3462 5668 ὀφειλο·

1897 5683 2082 5736 μενης.
