3962 6238
530 278 638 336 835

1800 284 1857 340 S.
1899 284 2142 342 BASILII
2183 287 2400 344 MAGNI

3678 301 3781 358 83b

529 388 686 458 Quod
706 405 880 462 neque
911 390 978 447 ad
1006 392 1426 450 ostentationem
1444 433 1459 459 ,
1502 409 1686 465 neque
1733 395 1802 451 ad
1830 405 2074 468 quaestui:

2206 403 2325 456 Ὅτι
2355 404 2415 455 οὐ
2442 403 2523 457 δεῖ
2542 405 2896 478 ὲπιδεικτιᾷν,
2935 409 3056 464 οὐδὲ
3095 410 3501 484 ἐμπορεύεσθαι
3552 415 3645 468 τὸν
3696 416 3780 471 λό-

597 482 942 540 adhibendus
967 491 1053 539 est
1088 483 1350 541 doctrinae
1378 500 1590 552 sermo,
1639 486 1968 544 blandiendo
2001 504 2099 544 au-

596 572 898 639 dientibus,
933 580 991 628 ut
1028 576 1234 630 nostris
1271 576 1642 646 voluptatibus
1668 586 1763 631 aut
1793 580 2098 636 commodis

594 667 993 723 consulamus:
1033 667 1127 722 sed
1176 682 1275 722 nos
1320 671 1457 723 tales
1513 684 1637 726 esse
1681 670 1941 738 addecet,
1976 679 2100 727 tan-

596 774 762 832 quam
793 760 887 831 qui
919 759 987 813 ad
1019 760 1249 830 gloriam
1282 759 1375 815 Dei
1407 775 1591 815 coram
1638 761 1758 831 ipso
1785 762 2094 833 loquamur.

1091 873 1263 944 Caput
1310 873 1533 928 XXIII.

597 962 793 1019 Omnia
833 982 952 1020 vero
1007 980 1164 1034 opera
1218 982 1313 1021 sua
1363 966 1569 1035 faciunt
1619 977 1682 1020 'ut
1726 964 2001 1021 videantur
2030 967 2095 1020 ab

522 1056 863 1113 hominibus:
895 1058 1128 1113 dilatant
1150 1060 1287 1113 enim
1312 1059 1639 1128 phylacteria
1672 1076 1790 1123 sua,
1824 1070 1873 1113 et
1894 1062 2098 1130 magni-

522 1148 685 1215 ﬁcant
743 1148 983 1217 ﬁmbrias
1037 1148 1460 1203 vestimentorum
1511 1164 1768 1213 suorum,
1816 1158 2097 1218 amantque

520 1238 718 1306 primos
748 1237 1009 1291 recubitus
1043 1238 1096 1290 in
1141 1238 1303 1291 omnis
1326 1277 1341 1300 ,
1397 1248 1447 1291 et
1481 1238 1684 1306 primas
1727 1237 2003 1293 cathedras
2038 1241 2095 1294 in

519 1328 822 1397 synagogis,
852 1337 902 1381 et
936 1327 1283 1381 salutationes
1314 1328 1367 1381 in
1405 1328 1572 1396 foris,
1609 1338 1659 1382 et
1690 1331 1868 1384 vocari
1893 1330 1959 1383 ab
1998 1331 2095 1385 ho-

519 1418 777 1483 minibus,
830 1417 1032 1483 Rabbi,
1071 1418 1259 1473 Rabbi.
1336 1418 1441 1474 Vos
1485 1428 1658 1473 autem
1711 1421 1871 1475 nolite
1917 1422 2093 1475 vocari

518 1505 718 1563 Rabbi:
752 1525 886 1564 unus
921 1519 1001 1565 est
1027 1511 1166 1564 enim
1198 1511 1448 1580 magister
1475 1519 1681 1566 vester:
1711 1529 1888 1567 omnes
1914 1523 2091 1567 autem

515 1614 602 1652 vos
633 1599 825 1667 fratres
850 1602 998 1657 estis.
1031 1600 1098 1655 Et
1127 1613 1329 1671 patrem
1364 1603 1525 1657 nolite
1562 1620 1744 1658 vocare
1768 1605 1909 1658 vobis
1933 1621 2090 1674 super

514 1699 750 1745 terram:
783 1710 917 1747 unus
940 1703 1018 1749 est
1040 1696 1180 1748 enim
1215 1694 1376 1749 Pater
1405 1707 1593 1761 vester,
1617 1698 1709 1767 qui
1735 1698 1787 1750 in
1810 1698 1952 1751 caelis
1985 1706 2081 1752 est.

2271 511 2366 563 γον
2392 496 2493 566 τῆς
2519 497 2864 566 διδασκαλίας
2893 502 2951 555 ὲν
2984 503 3243 576 κολακείᾳ
3282 504 3391 560 τῶν
3442 506 3776 574 ἀκουόντων,

2270 587 2351 649 εἰς
2400 586 2765 661 πληροφορίαν
2809 592 2916 646 τῶν
2950 594 3095 648 ἰδίων
3129 594 3350 665 ἡδονῶν,
3381 597 3502 667 ἦτοι
3531 600 3731 669 χρειῶν
3744 600 3773 669 ζ’

2271 677 2406 731 ἀλλὰ
2428 680 2701 744 τοιούτους
2729 677 2888 749 εἶναι,
2921 684 2997 749 ὡς
3052 689 3134 751 εἰς
3162 686 3318 753 δόξαν
3347 688 3461 760 (63)
3500 689 3638 743 Θεοῦ
3687 693 3775 744 ὲν-

2269 767 2438 822 ώπιον
2463 769 2626 823 αὑτοῦ
2660 770 2974 838 λαλοῦντας.

2791 887 3013 957 Κεφάλ.
3048 891 3183 944 Kl".

2267 974 2632 1030 ΜΛΤΘΑΙΟΣ.
2667 977 2871 1033 Πάντα
2896 979 2965 1033 δὲ
3001 981 3075 1035 τὰ
3112 984 3255 1053 ἔργα
3293 982 3773 1040 αὐτῶνπετοιοῦσι

2197 1064 2346 1132 πρὸς
2372 1065 2440 1119 τὸ
2466 1067 2749 1137 θεαθῆναι
2776 1070 2900 1136 τοῖς
2925 1071 3277 1141 ἀνθρώποις·
3305 1076 3689 1130 πλατύνουσι
3704 1076 3773 1129 δὲ

2196 1155 2267 1210 τὰ
2303 1159 2680 1227 φυλακτήρια
2707 1161 2923 1226 αὐτῶν,
2954 1165 3049 1217 καὶ
3087 1168 3501 1234 μεγαλύνουσι
3524 1167 3602 1222 τὰ
3629 1167 3773 1236 κρά-

2194 1249 2391 1304 σπεδα
2420 1250 2538 1305 τῶν
2579 1253 2825 1321 ἱματίων
2851 1254 3067 1308 αὐτῶν·
3098 1258 3350 1326 φιλοῦσί
3373 1276 3437 1312 τε
3463 1262 3571 1326 τὰς
3608 1276 3770 1329 πρίαμ

2192 1343 2507 1409 τοκλισίας
2537 1344 2606 1397 ἐν
2648 1344 2770 1411 τοῖς
2802 1345 3091 1413 δείπνοις,
3125 1349 3222 1403 καὶ
3276 1350 3383 1416 τὰς
3421 1357 3772 1419 πρωτοκαθ-

2192 1424 2393 1494 εδρίας
2415 1430 2485 1482 ἐν
2515 1429 2644 1497 ταῖς
2673 1435 3072 1504 συναγωγαῖς,
3101 1438 3198 1491 καὶ
3228 1439 3369 1504 τοὺς
3400 1441 3770 1509 ἀσπασμοὺς

2191 1519 2259 1572 ἑν
2269 1519 2397 1585 ταῖς
2412 1521 2670 1589 ἀγοραῖς,
2692 1524 2791 1577 καὶ
2806 1526 3114 1581 καλεῖσθαι
3141 1530 3258 1583 ὑπὸ
3276 1531 3394 1583 τῶν
3414 1532 3768 1600 ἀνθρώπων,

2203 1609 2418 1671 Ῥαϐϐὶ,
2458 1611 2648 1666 Ῥαϐϐί
2672 1614 2803 1683 (64).
2824 1616 3019 1686 Ὑμεῖς
3043 1619 3204 1688 δὲμὴ
3231 1622 3497 1691 κληθῆτε
3543 1625 3765 1678 Ῥαόΰν

2189 1695 2276 1765 εἷς
2297 1699 2408 1768 γάρ
2422 1700 2590 1755 ἐστιν
2604 1702 2771 1772 ὑμῶν
2799 1707 2831 1757 ό
2852 1707 3212 1774 καθηγητής-
3243 1709 3471 1776 πάντες
3492 1709 3562 1762 δὲ
3594 1710 3766 1779 ὑμεῖς

514 1781 627 1838 Nec
655 1787 904 1839 vocemini
936 1788 1178 1856 magistri
1210 1803 1228 1842 :
1282 1804 1405 1841 nam
1460 1791 1712 1857 magister
1744 1799 1911 1844 vester
1950 1807 2074 1844 unua

2192 1760 2440 1859 ιὶδεξῑεοοί
2487 1760 2655 1848 sats:
2708 1795 2817 1850 Kal
2878 1760 3102 1866 πατέρα
3140 1760 3231 1869 μὴ

510 1887 609 1941 est,
637 1875 880 1932 Christus
924 1878 1141 1949 (Matth.
1196 1896 1359 1944 χχιιι,
1411 1880 1634 1951 5-10)...
1683 1879 1804 1935 Mea
1840 1881 2087 1936 doctrina

513 1986 614 2023 non
640 1980 717 2024 est
751 1988 886 2035 mea,
915 1975 1003 2025 sed
1036 1971 1150 2041 ejus
1195 1974 1282 2043 qui
1314 1974 1456 2026 misit
1480 1989 1578 2025 me.
1618 1968 1813 2043 Siquis
1845 1973 2087 2027 volunta-

512 2073 616 2117 tem
643 2064 808 2132 ipsius
864 2064 1065 2132 faciat,
1099 2075 1371 2135 cognoscet
1417 2065 1482 2120 de
1523 2064 1785 2132 doctrina,
1812 2076 1990 2119 utrum
2019 2083 2086 2121 ea:

508 2152 619 2207 Deo
652 2156 742 2218 sit,
772 2172 841 2208 an
883 2171 974 2225 ego
1006 2172 1039 2208 a
1072 2157 1267 2223 meipso
1299 2156 1506 2227 loquar.
1562 2156 1665 2222 Qui
1723 2174 1756 2209 a
1810 2158 2083 2224 semetipso

508 2243 761 2314 loquitur,
783 2247 1007 2315 gloriam
1030 2249 1295 2315 propriam
1314 2248 1507 2317 quaerit
1534 2263 1552 2301 :
1585 2248 1674 2317 qui
1701 2256 1875 2302 autem
1895 2250 2082 2318 qurerit

503 2336 729 2406 gloriam
761 2338 896 2407 ejus,
930 2339 1019 2409 qui
1040 2340 1184 2393 misit
1205 2356 1344 2403 eum,
1373 2338 1459 2393 hic
1488 2355 1646 2393 verax
1665 2348 1762 2403 est,
1785 2349 1834 2393 et
1864 2340 2084 2409 injusti-

505 2426 583 2479 tia
612 2428 666 2480 in
698 2426 790 2480 illo
844 2443 948 2481 non
985 2435 1062 2481 est
1109 2426 1293 2498 (Joan.
1346 2443 1444 2493 vn,
1481 2427 1739 2496 16-18)...
1776 2426 1897 2482 Non
1944 2431 2081 2483 enim

502 2534 706 2584 sumus,
737 2520 873 2573 sicut
902 2520 1151 2588 plurimi,
1184 2520 1546 2575 adulterantes
1582 2519 1791 2573 verbum
1820 2519 1916 2573 Dei
1940 2537 1958 2574 :
1988 2521 2080 2575 sed

502 2611 639 2665 velut
665 2625 728 2664 ex
759 2613 1092 2675 sinceritate,
1126 2610 1216 2665 sed
1247 2613 1385 2666 velut
1416 2628 1481 2665 ea:
1513 2611 1643 2674 Deo,
1678 2627 1857 2664 coram
1888 2611 1997 2665 Deo
2022 2613 2078 2665 in

500 2699 712 2757 Christo
746 2701 1009 2771 loquimur
1041 2700 1129 2771 (II
1159 2702 1284 2757 Cor.
1318 2718 1380 2769 ιι,
1406 2702 1565 2772 17)...
1606 2701 1919 2755 Exhortatio
1940 2702 2078 2755 enim

501 2801 682 2847 nostra
705 2810 806 2847 non
825 2793 889 2847 de
915 2810 1116 2858 errore,
1142 2811 1302 2863 neque
1326 2794 1389 2848 de
1419 2794 1763 2848 immunditia
1785 2836 1800 2860 ,
1833 2811 1994 2863 neque
2023 2796 2077 2849 in

500 2883 625 2940 dolo
651 2902 670 2939 :
700 2885 791 2939 sed
823 2887 967 2940 sicut
1001 2886 1210 2955 probati
1234 2903 1416 2957 sumus
1461 2904 1493 2941 a
1523 2886 1655 2951 Deo,
1691 2896 1749 2940 ut
1778 2888 2077 2942 crederetur

2187 1881 2286 1934 ἐπὶ
2314 1881 2422 1951 τῆς
2444 1884 2575 1955 γῆς·
2606 1882 2695 1952 εἷς
2737 1887 2847 1957 γάρ
2894 1890 3064 1944 ἐστιν
3091 1895 3125 1946 ό
3170 1894 3371 1961 Πατὴρ
3398 1896 3590 1967 ὑμῶν,
3617 1905 3654 1955 ὁ
3693 1903 3765 1958 ἐν

2187 1974 2310 2040 τοῖς
2336 1977 2635 2046 οὐρανοῖς.
2662 1980 2828 2047 Μηδὲ
2854 1982 3115 2051 κληθῆτε
3142 1989 3488 2055 καθηγηταὺ
3514 1987 3603 2057 εἷς
3647 1995 3763 2062 γάρ

2181 2066 2355 2119 ἐστιν
2393 2071 2426 2122 ό
2482 2072 2822 2140 καθηγητὴς
2854 2071 3039 2142 ὑμῶν,
3067 2078 3101 2129 ό
3127 2079 3397 2145 Χριστός.
3430 2081 3759 2140 ΙΩΑΝΝΗΣ.

2196 2156 2389 2226 Ὴέμὴ
2416 2158 2631 2229 διδαχὴ
2666 2164 2776 2216 οὐκ
2792 2163 2966 2218 ἔστιν
2993 2165 3128 2235 ἐμὴ,
3151 2168 3312 2222 ἀλλὰ
3343 2172 3450 2225 τοῦ
3482 2172 3765 2242 πέμψαν-

2185 2249 2286 2314 τός
2300 2267 2394 2318 με.
2436 2251 2578 2305 Ἐάν
2605 2271 2696 2321 τις
2724 2255 2788 2309 τὸ
2824 2255 3053 2327 θέλημα
3115 2263 3299 2316 αὐτοῦ
3338 2263 3501 2331 ποιῇ,
3531 2267 3760 2336 γνώσε-

2183 2357 2277 2394 ται
2306 2344 2438 2411 περὶ
2462 2344 2570 2413 τῆς
2590 2346 2862 2417 διδαχῆς,
2894 2352 3148 2420 πότερον
3167 2355 3236 2408 ἐκ
3265 2356 3371 2410 τοῦ
3396 2359 3546 2414 Θεοῦ
3560 2360 3756 2426 ἐστιν,

2182 2431 2220 2498 ἢ
2241 2432 2354 2501 ἐγὼ
2372 2433 2473 2486 ἀπ’
2490 2435 2750 2503 ἐμαυτοῦ
2778 2439 2965 2493 λαλῶ.
3017 2442 3078 2494 Ὀ
3109 2443 3209 2511 ἀφ’
3237 2433 3453 2499 ἑαυτοῦ
3523 2448 3757 2512 λαλῶν,

2181 2522 2296 2591 τὴν
2319 2524 2507 2590 δόξαν
2541 2526 2654 2596 τὴν
2689 2529 2844 2585 ἰδίαν
2893 2527 3005 2602 (63)
3054 2526 3225 2602 ζητεῦ
3258 2538 3290 2590 ὁ
3316 2536 3385 2589 δὲ
3421 2536 3610 2604 ζητῶν
3642 2541 3761 2607 τὴν

2179 2616 2368 2682 δόξαν
2384 2619 2491 2673 τοῦ
2507 2620 2857 2690 πέμψαντος
2879 2626 3081 2689 αὐτὸν,
3100 2623 3276 2695 οὗτος
3297 2629 3536 2698 ἀληθής
3560 2632 3757 2699 ἐστιν,

2180 2709 2278 2762 καὶ
2319 2710 2516 2765 ἀδικία
2567 2715 2637 2766 ἐν
2693 2716 2854 2782 αὐτῷ
2905 2720 3017 2772 οὐκ
3050 2719 3240 2775 ἔστιν.
3274 2721 3456 2774 ΠΡΟΣ
3492 2723 3657 2780 ΚΟΡ.
3689 2725 3755 2794 β’.

2173 2802 2256 2854 Οὐ
2290 2800 2400 2869 γάρ
2429 2803 2636 2872 ἐσμεν,
2670 2806 2751 2872 ὡς
2781 2809 2835 2859 οἱ
2876 2809 3112 2873 πολλοὶ,
3156 2813 3605 2879 καπηλεύοντες
3647 2815 3762 2870 τὸν

2175 2894 2363 2961 λόγον
2383 2894 2488 2948 τοῦ
2523 2896 2691 2962 Θεοῦ,
2722 2897 2858 2951 ἀλλ’
2883 2900 2962 2965 ὡς
2985 2900 3055 2965 ἐξ
3082 2904 3480 2970 εὶλικρινείας,
3510 2905 3653 2959 ἀλλ’
3675 2907 3760 2975 ὡς

498 2975 647 3030 nobis
687 2975 1024 3046 Evangelium
1050 2994 1073 3031 :
1103 2978 1183 3030 ita
1213 2978 1500 3048 loquimur,
1533 2996 1637 3033 non
1668 2981 1823 3034 quasi
1846 2980 2074 3035 homini-

2192 2982 2245 3034 ἐκ
2275 2984 2446 3048 Θεοῦ,
2480 2986 2850 3043 κατενώπιον
2882 2990 3030 3045 Θεοῦ
3065 2992 3136 3046 ἐν
3166 2994 3399 3062 Χριστῷ
3422 2997 3760 3066 λαλοῦμεν.

498 3066 593 3120 bus
622 3066 913 3133 placentes,
962 3064 1053 3122 sed
1102 3067 1241 3131 Deo,
1294 3069 1384 3138 qui
1424 3069 1619 3136 probat
1659 3069 1820 3124 corda
1867 3063 2067 3125 nostra.

2192 3077 2352 3130 ΠΡΟΣ
2385 3079 2571 3134 ΘΕΣΣ.
2598 3088 2667 3138 α’.
2712 3084 2785 3138 Ἠ
2800 3085 2911 3155 γὰρ
2939 3086 3321 3157 παράκλησις
3351 3090 3524 3160 ἡμῶν
3548 3063 3662 3148 οὐκ
3690 3086 3761 3149 ἐκ

499 3156 681 3229 Neque
707 3160 846 3212 enim
883 3159 1171 3224 aliquando
1201 3159 1399 3228 fuimus
1432 3161 1488 3215 in
1522 3179 1759 3216 sermone
1803 3163 2074 3218 adulatio-

2192 3168 2432 3239 τλάνης,
2458 3174 2600 3227 οὐδὲ
2630 3174 2699 3239 ἐξ
2723 3177 3112 3246 ἀκαθαρσίας,
3140 3156 3282 3235 οὐδὲ
3298 3156 3576 3249 ἑνήδόλῳυ
3595 3173 3763 3242 ἀλλὰ

495 3250 579 3302 nis
612 3248 752 3317 apud
780 3265 888 3314 vos,
919 3250 1059 3303 sicut
1091 3251 1281 3303 scitis:
1309 3267 1467 3321 neque
1510 3252 1565 3305 in
1596 3254 1871 3308 occasione
1900 3256 2074 3309 avari-

2192 3260 2363 3327 ιαθὼς
2394 3262 2868 3337 δεδοκιμάσμεθα
2896 3270 3012 3323 ὑπὸ
3035 3271 3140 3326 τοῦ
3171 3273 3318 3328 Θεοῦ
3354 3277 3763 3345 πιστευθῆναι

495 3334 585 3393 tia:
608 3356 626 3393 :
656 3340 795 3395 Deus
827 3342 970 3395 testis
1001 3350 1077 3395 est
1107 3358 1124 3396 :
1157 3358 1318 3412 neque
1346 3353 1635 3412 querentes
1669 3344 1732 3397 ab
1769 3345 2070 3403 hominibus

2192 3351 2236 3405 εὐ
2277 3334 2669 3425 Εὐαγγέλιον,
2709 3334 2861 3413 οὕτω
2885 3362 3194 3432 λαλοῦμεν
3218 3381 3231 3394 ·
3261 3366 3375 3433 οὐχ
3417 3368 3501 3431 ὡς
3532 3334 3763 3436 ἀνθρώ-

492 3428 742 3498 gloriam,
769 3447 929 3501 neque
957 3447 990 3484 a
1020 3430 1162 3485 vobis
1190 3469 1204 3494 ,
1243 3448 1404 3500 neque
1434 3432 1497 3484 ab
1530 3433 1690 3498 aliis;
1738 3434 1859 3489 licet
1890 3452 2069 3505 posse—

2192 3458 2301 3512 τοις
2325 3446 2707 3516 ἀρέσκοντες,
2750 3452 2910 3506 ἀλλὰ
2952 3452 3033 3519 τῷ
3073 3428 3195 3520 ὸεῷ
3241 3428 3761 3528 τεῦ-’δοκιμάζοντι

492 3537 609 3575 mus
650 3521 703 3574 in
730 3521 1043 3576 auctoritate
1089 3538 1234 3588 esse,
1295 3533 1543 3593 tanquam
1599 3529 1828 3593 apostoli
1867 3529 2069 3586 Christi

2192 3537 2278 3603 τὰς
2310 3539 2559 3607 καρδίας
2579 3541 2767 3611 ἡμῶν.
2813 3544 2960 3599 θῦτε
2986 3545 3097 3614 γάρ
3124 3563 3267 3601 ποτε
3294 3521 3375 3602 γὲν
3397 3521 3564 3620 λογίῳ
3582 3556 3764 3606 κολα-

396 3678 399 3681 _
492 3610 549 3682 (I
581 3611 762 3667 Thess.
791 3629 853 3678 ll,
881 3612 1019 3684 5-6).

2170 3628 2336 3695 κείας
2362 3629 2731 3701 ἐγενήθημεν
2762 3635 2913 3703 πρὸς
2948 3636 3124 3705 ὑμᾶς,
3157 3638 3351 3705 καθὼς
3368 3640 3763 3708 οτδατε,οΰτε

490 3703 785 3799 ειροςράσει
813 3706 1190 3799 πλεονεξίας,
1226 3707 1368 3773 Θεὸς
1412 3707 1668 3799 μαρτυς,
1699 3712 1839 3766 οὔτε
1895 3712 2211 3785 ζητοῦντες
2262 3720 2331 3786 ἐξ
2360 3723 2686 3792 ἀνθρώπων
2723 3725 2930 3793 δόξαν,
2964 3703 3104 3782 οὔτε
3131 3703 3437 3799 ἀφ’ὐμιῦν,
3471 3703 3614 3787 οὔτε
3629 3734 3761 3788 ἀπὸ

488 3796 713 3859 ἄλλων,
747 3798 1067 3869 δυνάμενοι
1098 3800 1169 3852 ἐν
1207 3799 1385 3869 ,ϐάρει
1430 3797 1603 3867 εἶναι,
1655 3805 1735 3871 ὡς
1790 3807 2049 3872 Χριστοῦ
2088 3810 2441 3868 ἀπόστολοι.

486 3913 635 3984 30]
683 3910 837 3978 Quod
872 3928 981 3967 non
1012 3919 1226 3968 ooortet
1259 3929 1386 3968 eum
1422 3915 1517 3985 qui
1565 3924 1763 3986 praeest
1792 3919 1916 3974 aliis
1952 3921 2057 3975 do-

559 4007 772 4068 cendis,
797 4010 946 4059 abuti
985 4020 1088 4060 sua
1124 4013 1393 4076 potestate
1431 4008 1499 4061 ad
1527 4008 1904 4078 subjectorum
1936 4027 2065 4067 con—

559 4096 862 4158 tumeliam,
916 4110 1097 4165 neque
1149 4105 1341 4149 contra
1378 4097 1503 4153 illos
1534 4099 1747 4163 extolli,
1781 4100 1913 4169 quin
1959 4116 2061 4170 po-

557 4186 668 4242 tius
708 4186 933 4255 gradum
976 4187 1126 4240 illum
1169 4188 1417 4257 accipere
1447 4204 1548 4244 ceu
1576 4189 1867 4260 quamdam
1901 4207 2063 4247 occa-

556 4278 766 4334 sionem
790 4278 1141 4342 humilitatis,
1165 4294 1288 4349 quze
1323 4280 1404 4334 eis
1441 4282 1777 4337 ostendenda
1820 4283 1918 4338 sit.

1040 4412 1209 4481 Caput
1244 4412 1453 4469 XXIV.

556 4504 710 4572 Quis,
744 4514 920 4572 putas,
959 4514 1036 4559 est
1068 4504 1239 4574 fidelis
1272 4520 1449 4559 servus
1504 4514 1553 4559 et
1592 4507 1849 4574 prudens,
1901 4517 2055 4578 quem

481 4598 753 4652 constituit
781 4596 1025 4651 dominus
1050 4612 1205 4666 super
1227 4597 1496 4667 familiam
1531 4615 1710 4663 suam,
1746 4612 1803 4653 ut
1831 4599 1919 4654 det
1942 4600 2052 4654 illis

480 4687 654 4742 cibum
701 4689 756 4741 in
790 4688 1069 4754 tempore?
1119 4686 1317 4741 Beatus
1357 4687 1450 4741 ille
1483 4704 1689 4753 servus,
1736 4707 1888 4760 quem
1932 4707 2053 4745 cum

480 4780 675 4835 venerit
703 4778 949 4833 dominus
983 4777 1118 4848 ejus,
1157 4778 1407 4833 invenerit
1436 4781 1515 4835 sic
1547 4781 1850 4851 facientem.
1884 4781 2052 4837 Amen

478 4871 597 4928 dico
635 4870 801 4936 vobis,
830 4872 1079 4939 quoniam
1128 4885 1285 4938 super
1337 4874 1518 4927 omnia
1563 4873 1699 4928 bona
1727 4891 1826 4929 sua
1855 4877 2057 4930 consti-

480 4972 587 5018 tuet
640 4979 780 5019 eum.
843 4962 904 5019 Si
938 4964 1114 5017 autem
1165 4964 1364 5019 dixerit
1406 4965 1580 5019 malus
1631 4983 1809 5022 servus
1867 4968 1959 5022 ille
1993 4970 2051 5023 in

477 5055 632 5110 corde
657 5072 786 5111 suo:
805 5053 1013 5109 Moram
1027 5054 1156 5125 facit
1186 5054 1432 5112 dominus
1464 5074 1608 5112 meus
1640 5060 1851 5122 venire;
1874 5069 1924 5114 et
1956 5077 2053 5114 ca:-

477 5146 613 5213 perit
649 5154 912 5215 percutere
946 5162 1216 5201 conservos
1258 5163 1404 5213 suos,
1428 5147 1806 5219 manducetque
1825 5158 1875 5203 et
1906 5149 2053 5204 bibat

476 5251 597 5293 cum
631 5237 890 5293 cbriosis:
925 5240 1087 5293 veniet
1108 5238 1351 5294 dominus
1384 5241 1519 5295 servi
1550 5240 1695 5296 illius
1730 5242 1786 5296 in
1818 5240 1905 5297 die
1941 5259 2046 5312 qua

475 5342 580 5382 non
633 5335 848 5395 sperat,
916 5338 966 5381 et
1032 5330 1164 5383 hora
1221 5346 1326 5400 qua
1399 5332 1611 5402 ignorat
1670 5347 1689 5385 :
1732 5339 1785 5386 et
1841 5331 2042 5386 dividet

547 5524 661 5594 (65)
692 5523 870 5594 Editio
892 5524 1065 5581 Paris.
1088 5526 1164 5592 ὡς
1186 5527 1362 5593 δόξαν.
1391 5529 1452 5582 At
1479 5544 1609 5585 mss.
1633 5528 1741 5584 duo
1762 5530 1841 5593 εἰς
1861 5528 2044 5594 δόξαν.

547 5593 660 5671 ίρέ)
691 5593 823 5671 Eon
847 5596 1037 5671 'P_a66_i
1066 5600 1326 5671 semeliu
1357 5597 1469 5671 Reg
1524 5601 1701 5669 primo
1727 5593 1943 5671 legitur.

547 5660 659 5746 (οδ)
689 5663 865 5719 Editio
886 5664 1061 5723 Paris.
1096 5666 1194 5738 τὴν
1225 5668 1359 5723 ἰδίαν
1389 5660 1563 5735 δόξαι).
1598 5672 1663 5724 At
1697 5660 1827 5728 mss.
1862 5670 2040 5733 nostri

477 5741 539 5788 ιιι
575 5751 629 5789 ιη
663 5743 944 5789 contextu.

2167 3928 2288 3981 Ὅτι
2324 3932 2386 3984 ob
2433 3932 2512 3986 δεῖ
2537 3934 2628 3987 τὸν
2671 3934 2989 4006 προεστῶτα
3020 3935 3115 3991 τοῦ
3155 3937 3314 4007 λόγου
3361 3941 3444 4004 εις
3469 3940 3575 4013 τὴν
3614 3944 3763 4003 κατὰ

2232 4021 2340 4076 τῶν
2374 4023 2745 4096 ὑποκειμένων
2768 4027 2926 4100 ὓϐριν
2946 4030 3357 4103 ἁποκεχρῆσθαι
3384 4037 3453 4105 τῇ
3491 4034 3723 4109 ἐξουσίᾳ
3741 4056 3758 4070 ·

2229 4114 2291 4165 οὐ
2331 4114 2435 4185 μὴν
2460 4116 2579 4169 οὐδὲ
2627 4119 3059 4191 κατεπαίρεσθαι
3090 4122 3302 4177 αὐτῶνθ
3345 4123 3483 4178 ἀλλὰ
3545 4126 3761 4195 μᾶλλον

2234 4205 2491 4260 ὑπόθεσιν
2535 4209 2633 4279 τῆς
2679 4211 2816 4282 πρὸς
2860 4213 3061 4276 αὐτοὺς
3100 4216 3611 4287 ταπεινοφροσύνης
3655 4220 3758 4272 τὸν

2238 4296 2441 4367 βαθμὸν
2463 4300 2630 4372 ἔχειν.

2759 4440 2984 4509 Κεφάλ.
3020 4444 3146 4496 ΚΔ’.

2231 4522 2598 4580 ΜᾹΤΘΑΙΟΣ.
2634 4529 2728 4595 Τίς
2749 4529 2862 4598 ἄρα
2874 4532 3047 4587 ἐστὶν
3067 4536 3100 4587 ὀ
3128 4535 3346 4603 πιστὸς
3382 4536 3615 4605 δοῦλος
3645 4540 3758 4594 καὶ

2161 4620 2468 4687 φρόνιμος,
2488 4620 2562 4674 ὃν
2592 4622 2969 4691 κατέστησεν
3000 4629 3034 4680 ὁ
3061 4628 3264 4696 κύριος
3283 4630 3383 4683 ἐπὶ
3411 4629 3521 4698 τῆς
3553 4632 3760 4700 cinia;

2161 4709 2347 4763 αὑτοῦ
2386 4711 2492 4766 τοῦ
2517 4712 2730 4767 δοῦναι
2759 4715 2980 4786 ζαὺτοῖς
3024 4718 3094 4772 ἐν
3125 4720 3309 4788 καιρῷ
3339 4720 3456 4790 τὴν
3480 4724 3757 4791 τροφήν,

2157 4800 2460 4870 Μακάριος
2510 4807 2544 4858 ό
2590 4803 2813 4874 δοῦλος
2845 4807 3093 4876 ἐκεῖνος,
3134 4810 3208 4863 ὃν
3242 4811 3439 4866 ἐλθὼν
3467 4816 3500 4866 d
3538 4817 3757 4883 κύριος

2154 4894 2344 4948 αὐτοῦ
2405 4893 2653 4965 εὑρήσει
2728 4900 3022 4955 ποιοῦντα
3088 4902 3293 4969 οὕτως.
3356 4905 3534 4974 Ἀμὴν
3586 4907 3757 4979 λέγω

2156 4984 2319 5053 ὑμῖν,
2345 4986 2435 5039 ὅτι
2463 4986 2566 5041 ἐπὶ
2597 4986 2749 5042 πᾶσι
2774 4989 2901 5056 τοῖς
2926 4990 3311 5061 ὑπάρχουσιν
3347 4995 3537 5050 αὐτοῦ
3564 5013 3747 5052 κατα.

2157 5076 2376 5146 στήσει
2398 5080 2607 5134 αὐτόν.
2637 5080 2772 5135 Ἐὰν
2786 5081 2856 5135 δὲ
2882 5081 3023 5151 eum
3049 5086 3083 5138 ό
3121 5086 3308 5152 κακὸς
3342 5085 3571 5156 δοῦλος
3596 5089 3746 5145 ἐκεῖ

2156 5186 2267 5234 νος
2292 5168 2364 5223 ἐν
2390 5168 2466 5240 τῇ
2509 5170 2723 5240 καρδίᾳ
2753 5173 2940 5229 αὐτοῦ
2964 5191 2981 5206 υ
3013 5175 3275 5244 Χρονίζει
3313 5181 3349 5232 ὀ
3390 5179 3595 5249 κύριός
3621 5200 3755 5250 μου

2154 5262 2457 5331 ἔρχεσθαι,
2495 5264 2594 5318 καὶ
2620 5263 2870 5334 ἄρξηται
2898 5267 3145 5322 τύπτειν
3179 5269 3324 5337 τοὺς
3347 5271 3757 5340 συνδούλους

2157 5355 2343 5410 αὐτοῦ
2377 5356 2512 5427 (66),
2543 5357 2717 5427 ἐσθίῃ
2746 5375 2809 5412 τε
2837 5359 2935 5413 καὶ
2970 5359 3121 5429 πίνῃ
3149 5361 3304 5430 μετὰ
3336 5362 3461 5417 τῶν
3477 5365 3757 5433 μεθυόνο

2229 5532 2339 5605 (66)
2371 5533 2487 5589 Vox
2519 5534 2686 5589 αὐτοῦ
2720 5535 2776 5591 in
2807 5542 3086 5594 veteribus
3123 5539 3330 5596 nostris
3379 5539 3536 5595 libris
3559 5538 3753 5596 deest.

2155 5604 2278 5682 Mox
2295 5604 2544 5682 musque
2564 5606 2737 5682 editio
2763 5607 3037 5682 amabant;
3063 5611 3156 5664 nul
3177 5609 3549 5682 διχοτομήσει.
3575 5610 3756 5665 Anti-

2153 5676 2247 5747 qui
2276 5674 2387 5732 duo
2410 5676 2531 5732 libri
2563 5676 2657 5742 ita,
2697 5683 2757 5732 ut
2797 5674 3089 5737 edidimus.
