3962 6238
246 304 354 362 837

245 510 289 589 ᾖ
349 517 423 570 οὐ
466 515 792 583 προσδοκᾷ,
815 516 911 571 καὶ
942 518 1013 570 ἑν
1042 515 1163 587 ὥρᾳ
1202 511 1243 590 ᾗ
1275 519 1346 571 οὐ
1383 514 1691 587 γινιὶισκειο
1717 516 1816 569 καὶ

246 608 630 678 διχοτομήσει
654 609 861 673 αὐτὸν,
896 609 991 664 καὶ
1014 609 1079 663 τὸ
1094 610 1277 680 μέρος
1314 604 1499 663 αὐτοῦ
1521 607 1671 677 μετὰ
1698 606 1817 660 τῶν

222 699 586 773 ῥινοκριτῶν
614 700 807 768 θήσει.
862 700 1016 754 Ἐκεῖ
1042 700 1212 754 ἔσται
1240 705 1272 755 ό
1298 701 1622 769 κλαυθμὸς,
1662 702 1757 754 καὶ
1783 703 1816 754 ό

238 791 515 859 βρυγμὸς
539 789 660 844 τῶν
679 790 954 844 ὀδόντων.
989 791 1310 844 ΚΙΛΝΝΗΣ.
1336 791 1529 859 ’Υμεῖς
1569 790 1816 860 φωνεῖτέ

236 897 339 951 με,
378 884 411 935 ὁ
430 882 663 949 Κύριος,
705 882 801 935 καὶ
842 884 874 936 ό
900 882 1295 949 Διδάσκαλος,
1319 883 1417 939 καὶ
1446 881 1685 951 ἀληθῶς
1713 882 1817 937 λέ-

242 989 380 1042 rete
404 972 549 1043 (67)·
575 972 689 1042 ειμι
714 974 843 1042 γάρ.
872 977 938 1028 Et
972 969 1086 1028 οὖν
1116 972 1230 1042 ἐγὼ
1255 972 1437 1041 ἔνιψα
1461 973 1601 1037 τοὺς
1627 972 1817 1038 πόδας

240 1062 437 1131 ὑμῶν,
464 1066 499 1117 ό
519 1065 751 1132 Κύριος,
770 1065 864 1118 καὶ
880 1066 911 1117 ὀ
928 1062 1321 1129 Διδάσκαλος,
1342 1063 1438 1116 καὶ
1467 1062 1632 1131 ὑμεῖς
1654 1063 1815 1130 ὀφεί-

240 1160 384 1211 λετε
446 1155 733 1221 ἀλλήλων
787 1155 1008 1209 νίπτειν
1079 1155 1216 1221 τοὺς
1257 1153 1463 1221 πόδας.
1517 1152 1812 1208 ΛΟΥΚΑΣ.

255 1245 530 1313 Ἐγένετο
552 1243 622 1296 δὲ
646 1243 744 1297 καὶ
774 1244 1108 1312 φιλονεικία
1135 1244 1204 1296 ἐν
1232 1244 1455 1309 αὐτοῖς,
1482 1242 1569 1303 τὸ,
1602 1244 1692 1309 τίς
1709 1244 1818 1296 αὑ-

240 1332 365 1387 τῶν
387 1332 601 1402 μείζων
642 1332 811 1386 δοκεῖ
844 1333 1013 1386 εῖναι.
1056 1333 1118 1385 '0
1144 1332 1211 1385 δὲ
1249 1333 1480 1400 Ἰησοῦς
1517 1328 1687 1386 εἶπεν
1713 1334 1818 1385 αὺ-

240 1424 371 1491 τοῖς
390 1441 405 1454 ο
444 1428 507 1478 Ol
527 1425 810 1491 βασιλεῖς
829 1423 949 1477 τῶν
974 1422 1162 1477 ἐθνῶν
1191 1426 1576 1491 κιιοιεύουσιν
1596 1422 1814 1484 αὐτῶν,

239 1519 343 1573 καὶ
373 1522 429 1571 οἱ
443 1516 892 1585 ἐξουσιάζοντες
914 1515 1112 1572 αὐτῶν
1133 1515 1434 1584 ἐὐεργέται
1459 1516 1781 1570 καλοῦνται
1801 1533 1814 1547 ⁸

236 1610 415 1678 ὑμεῖς
439 1610 509 1663 δὲ
528 1612 641 1678 οὐχ
667 1610 854 1676 οὕτως
879 1626 891 1637 ⁸
921 1610 1058 1663 ἀλλ’
1092 1612 1124 1664 ό
1163 1608 1368 1675 μείζων
1393 1609 1463 1663 ἐν
1486 1610 1629 1677 ὑμῖν
1655 1607 1818 1678 γενέ-

238 1709 371 1761 σθω
393 1706 474 1769 ὠς
487 1703 791 1771 νεώτερος,
817 1702 913 1756 καί
937 1706 968 1756 ό
983 1702 1338 1771 ἡγούμενος,
1361 1703 1440 1767 ὡς
1456 1706 1487 1755 ό
1503 1698 1812 1754 διακονῶν.

1664 302 1993 363 UORALIA.

244 440 399 479 των·
431 423 562 490 ἥξει
590 427 624 478 ὀ
641 424 845 494 κύριος
865 425 969 480 τοῦ
997 427 1221 481 δούλου
1240 424 1476 481 ἐκείνου
1509 422 1575 478 ἐν
1623 423 1810 495 ήμέρᾳ

1924 444 2031 483 eum
2065 466 2080 490 ,
2153 435 2455 498 partemque

3381 301 3487 359 833

2546 430 2660 494 ejus
2746 431 2900 492 ponet
2973 439 3091 476 cum
3176 425 3487 494 hypocritis.

1918 517 2039 572 Illic
2090 519 2187 572 erit
2209 518 2384 587 fletus,
2435 524 2486 570 et
2545 515 2747 569 stridor
2796 513 3029 566 dentium
3066 512 3283 583 (Matth.
3334 530 3483 576 xxxv.

1914 610 2223 683 45-5!)....
2268 608 2371 664 Vos
2419 609 2614 663 vocatis
2664 624 2763 670 me,
2795 605 3038 670 Domine,
3083 615 3132 659 et
3187 604 3483 676 Magister:

1914 713 1963 757 et
1998 720 2111 758 vere
2154 702 2330 757 dicitis
2370 719 2389 757 :
2435 718 2552 755 sum
2610 699 2817 754 etenim.
2863 697 2922 751 Si
2962 715 3081 769 ergo
3124 715 3216 768 ego
3261 700 3366 753 lari
3399 714 3487 768 pe-

1914 790 2005 846 des
2056 802 2280 852 vestros,
2336 790 2593 844 Dominus
2633 798 2683 843 et
2736 787 2995 857 Magister
3046 805 3064 842 :
3102 798 3151 841 et
3193 805 3280 842 vos
3330 788 3487 843 debe-

1918 884 1983 935 tis
2015 882 2151 935 alter
2192 882 2413 935 alterius
2454 881 2630 934 lavare
2653 878 2806 949 pedes
2834 876 3015 949 (Joan.
3050 894 3168 946 xm,
3212 879 3297 943 15,
3326 881 3483 952 Η)...

1917 972 2088 1027 Facta
2131 982 2211 1027 est
2243 983 2417 1027 autem
2458 982 2506 1026 et
2534 973 2797 1026 contentio
2845 972 2981 1024 inter
3007 989 3116 1034 eos.
3159 974 3274 1042 quis
3305 991 3490 1026 eorum

1916 1064 2177 1118 uideretur
2203 1080 2314 1117 esse
2353 1063 2545 1125 maior.
2592 1061 2749 1116 Jesus
2782 1072 2957 1116 autem
3006 1062 3140 1116 dixit
3171 1065 3245 1116 eis
3274 1078 3292 1116 :
3326 1061 3489 1133 Reges

1915 1156 2145 1224 gentium
2195 1154 2538 1207 dominantur
2576 1154 2674 1216 eis,
2721 1162 2770 1207 et
2799 1156 2890 1224 qui
2942 1164 3251 1222 potestatem
3297 1155 3495 1208 habent

1916 1262 2071 1314 super
2099 1262 2210 1309 eas,
2255 1245 2469 1315 beneﬁci
2511 1254 2781 1301 uocantur.
2850 1245 2952 1299 Vos
2985 1257 3158 1300 autem
3209 1264 3313 1300 non
3351 1249 3430 1299 sic
3469 1261 3489 1297 :

1916 1337 2007 1389 sed
2032 1338 2121 1406 qui
2155 1338 2326 1406 major
2352 1346 2431 1391 est
2473 1339 2528 1390 in
2565 1338 2729 1403 vobis,
2763 1339 2860 1407 fiat
2906 1339 3248 1407 sicutjunior
3279 1356 3297 1393 :
3320 1348 3371 1392 et
3398 1338 3490 1408 qui

1916 1444 2208 1497 prwccssor
2253 1438 2355 1493 est,
2399 1430 2534 1482 sicut
2580 1431 2930 1483 ministrator.
2976 1428 3120 1482 Nam
3155 1431 3270 1499 quis
3316 1430 3488 1499 major

1916 1530 2025 1582 est,
2075 1521 2162 1590 qui
2222 1519 2475 1574 recumbit
2523 1537 2592 1573 an
2639 1522 2729 1589 qui
2779 1523 3105 1576 ministrat?
3154 1519 3345 1576 Nonne
3397 1522 3490 1593 qui

1917 1610 2226 1665 recumbit?
2279 1607 2391 1679 Ego
2451 1620 2625 1663 autem
2697 1612 2750 1664 in
2792 1613 2962 1665 medio
3035 1622 3263 1666 uestrum
3318 1630 3435 1668 sum
3470 1657 3484 1678 ,

1917 1701 2052 1754 sicut
2100 1701 2190 1770 qui
2247 1703 2518 1755 ministrat
2542 1702 2693 1773 (Luc.
2744 1719 2878 1763 χχιι,
2919 1703 3175 1773 24-9-6)...
3207 1706 3249 1759 Α
3301 1706 3488 1761 Mileto

243 1797 344 1862 Τίς
399 1799 512 1865 τὰρ
570 1795 802 1864 μείζων,
841 1798 874 1848 ό
915 1796 1303 1864 ἀνακείμενος
1331 1794 1370 1861 ἢ
1414 1797 1446 1848 ό
1482 1790 1810 1854 Staseas-(Br;

1924 1804 2094 1847 autem
2132 1794 2342 1847 mittens
2388 1792 2671 1863 Ephesum,
2712 1796 2910 1849 vocavit
2944 1797 3172 1864 majores
3202 1807 3333 1850 natu
3385 1798 3491 1851 Ec.

240 1891 369 1956 Οὐχ
425 1890 458 1940 d
509 1886 620 1954 (68)
657 1886 1077 1953 ἀνακείμενοςς
1138 1884 1280 1954 Ἐγὼ
1323 1883 1391 1936 δέ
1417 1885 1620 1952 εὶμιὲν
1640 1882 1811 1951 μέσῳ

233 1975 428 2045 ὑμῶν,
466 1977 547 2039 ὡς
591 1977 624 2027 ό
677 1973 991 2029 διακονῶν.
1045 1973 1352 2028 ΠΡΑΞΕΙΣ.
1408 1972 1549 2027 Ἀπὸ
1586 1972 1655 2025 δὲ
1704 1970 1814 2039 τῆς

237 2067 517 2129 Μιλήτου
572 2068 817 2135 πέμψας
860 2068 947 2130 είς
1009 2062 1310 2133 Ἔφεσον,
1363 2063 1812 2134 μετεκαλέσατο

236 2160 383 2224 τοὺς
416 2159 862 2226 πρεσϐυτέρους
877 2157 987 2226 τῆς
1018 2158 1377 2225 Ἐκκλησιάς
1398 2172 1411 2185 ⁸
1448 2158 1528 2222 ὡς
1561 2155 1629 2209 δὲ
1667 2171 1813 2223 παρ-

235 2251 521 2319 εγένοντο
560 2252 708 2319 πρὸς
744 2250 950 2311 αὑτὸν,
984 2252 1153 2305 εἶπεν
1179 2251 1413 2317 αὐτοῖς’
1462 2250 1656 2319 Ὑμεῖς
1711 2251 1817 2303 ἐπ-

236 2346 519 2407 ίστασθε,
545 2344 665 2398 ἀπὸ
708 2343 945 2412 πρώτης
969 2345 1192 2414 ἡμέρας
1235 2345 1334 2413 ἀφ’
1367 2340 1443 2414 ἧς
1463 2343 1683 2410 ἐπέϐην
1704 2343 1813 2414 (69)

234 2438 323 2500 είς
358 2434 477 2502 τὴν
500 2436 732 2498 Ἀσίαν,
786 2433 913 2500 πῶς
939 2434 1067 2504 μεθ’
1104 2432 1271 2502 ὑμῶν
1300 2434 1406 2487 τὸν
1434 2433 1629 2486 πάντα
1670 2433 1812 2500 χρό-

234 2543 352 2581 νον
384 2528 703 2597 ἐγενόμην,
743 2527 1049 2581 δουλεύων
1088 2525 1167 2592 τῷ
1200 2527 1394 2593 Κυρίῳ
1430 2527 1574 2595 μετὰ
1611 2524 1813 2590 πάσης

235 2621 820 2688 ταπεινοφροσύνης,
854 2618 952 2672 καὶ
978 2617 1223 2672 πολλῶν
1260 2616 1532 2684 δακρύων
1556 2616 1654 2669 καὶ
1692 2630 1814 2669 πει-

230 2708 509 2780 ρασμῶν,
550 2709 667 2762 τῶν
693 2708 1051 2779 συμϐάντων
1067 2725 1168 2777 μοι
1204 2708 1274 2760 ἐν
1311 2706 1439 2773 ταῖς
1468 2706 1813 2773 ἐπιϐουλαῖς

238 2801 359 2854 τῶν
391 2799 707 2854 Ἰουδαίων.
735 2801 915 2853 ΠΡΟΣ
969 2801 1127 2854 ΚΟΡ.
1179 2799 1243 2870 β’.
1293 2799 1499 2862 Ἡδέως
1543 2799 1653 2866 γὰρ
1705 2799 1811 2853 ἀν-

1919 1887 2091 1939 clesia:
2118 1902 2137 1939 :
2169 1886 2261 1955 qui
2306 1901 2424 1938 cum
2456 1888 2710 1939 venissent
2759 1887 2827 1939 ad
2854 1903 2994 1951 eum,
3040 1888 3176 1941 dixit
3205 1891 3279 1944 eis
3321 1905 3340 1941 .·
3387 1889 3488 1943 Vos

1919 1979 2088 2041 scitis,
2128 1994 2160 2031 a
2210 1977 2383 2040 prima
2444 1976 2529 2031 die
2574 1994 2677 2047 qua
2721 1978 2985 2048 ingressus
3027 1998 3143 2034 sum
3180 1982 3236 2033 in
3279 1982 3488 2045 Asiam,

1916 2071 2143 2140 qualiter
2187 2068 2451 2124 vobiscum
2491 2085 2582 2138 per
2642 2087 2793 2124 omne
2844 2080 3043 2139 tempus
3095 2073 3285 2142 fuerim
3323 2090 3342 2128 :
3376 2092 3491 2128 ser-

1916 2165 2056 2217 vfens
2106 2161 2335 2215 Domino
2380 2179 2498 2216 cum
2534 2164 2678 2217 omni
2707 2163 3024 2228 humilitate,
3079 2175 3128 2217 et
3184 2166 3363 2220 multis
3402 2167 3489 2221 la-

1920 2255 2111 2324 crgmis
2139 2263 2185 2306 et
2219 2255 2615 2320 tentatianibus,
2646 2270 2761 2324 qum
2801 2255 2929 2308 mihi
2970 2256 3272 2309 acciderunt
3303 2273 3368 2311 ea:
3408 2263 3491 2311 in-

1919 2346 2071 2400 sidiis
2108 2344 2418 2399 Juda'orum
2462 2347 2601 2418 (Act.
2636 2363 2724 2409 xx,
2768 2347 3044 2417 17—19)....
3075 2348 3320 2404 Libenter
3347 2352 3489 2405 enim

1918 2437 2151 2505 suﬂ‘ettis
2201 2437 2524 2505 insipientes,
2563 2453 2681 2490 cum
2728 2439 2845 2492 sitis
2920 2439 3019 2507 ipsi
3064 2441 3344 2507 sapientes.
3391 2438 3491 2495 Su-

1918 2530 2122 2584 stinetis
2153 2530 2314 2590 enim,
2358 2531 2403 2583 si
2448 2531 2564 2600 quis
2623 2546 2709 2584 vos
2768 2531 2821 2583 in
2855 2531 3227 2584 servitudiuem
3275 2533 3485 2603 redigit,

1917 2620 1966 2672 si
1984 2621 2099 2689 quis
2116 2618 2401 2680 devorat,si
2421 2620 2536 2688 quis
2555 2621 2761 2687 accipit,
2776 2620 2823 2673 si
2851 2621 2963 2690 quis
2983 2622 3276 2684 extollitur,
3292 2623 3338 2675 si
3370 2625 3488 2692 quis

1916 2713 1972 2762 in
1984 2710 2168 2779 faciem
2183 2709 2452 2764 roscwdit.
2473 2708 2766 2765 Secundum
2800 2710 3175 2776 ignobilitatem
3193 2712 3490 2783 dico,quasi

1917 2814 2011 2851 nos
2038 2797 2237 2865 inﬁrmi
2260 2798 2513 2866 fuerimus
2531 2799 2694 2852 inhac
2708 2811 2856 2867 parte
2881 2799 2967 2871 (11
2999 2800 3123 2857 Cor.
3145 2819 3220 2864 x1,
3249 2803 3461 2874 19—21.)

236 2897 459 2964 ἐχεσθε
484 2892 607 2946 τῶν
632 2893 929 2961 ἀφρόνων,
969 2894 1241 2962 φρόνιμοι
1276 2892 1463 2957 ὄντες.
1506 2889 1818 2959 Ἀνέχεσθε
1855 2890 1984 2959 γὰρ,
2052 2890 2109 2943 ει
2161 2908 2251 2955 τις
2286 2888 2445 2959 ὑμᾶς
2489 2890 2865 2957 καταδουλοῖ,
2896 2893 2952 2947 ει
2977 2911 3066 2959 τις
3094 2896 3409 2955 κατεσθίει,
3432 2897 3491 2948 εί

235 3007 329 3055 τις
366 2987 681 3057 λαμϐάνει,
716 2987 883 3052 εἴτις
913 2987 1234 3054 ἐπαίρεται,
1255 2987 1310 3040 εί
1346 3003 1437 3052 τις
1468 2988 1554 3050 είς
1576 2986 1903 3053 πρόσωπον
1953 2982 2109 3053 ὑμᾶς
2137 2983 2312 3052 δέρει.
2357 2984 2520 3039 Κατὰ
2584 2986 2823 3055 ἀτιμίαν
2860 2986 3031 3057 λέγω,
3076 2989 3157 3055 ὡς
3189 2988 3280 3043 ὅτι
3317 2989 3489 3060 ἡμεῖς

234 3080 672 3149 ἠσθενήσαμεν
688 3078 758 3132 ἐν
787 3077 867 3144 τῷ
880 3078 1044 3148 μέρει
1071 3080 1279 3144 τούτῳ.

237 3196 367 3251 ὀτι
393 3199 457 3250 οὐ
505 3197 585 3250 δεῖ
638 3197 758 3250 κατ’
803 3196 939 3268 ἔριν,
967 3197 999 3269 ἢ
1028 3196 1240 3266 φθόνον,
1275 3198 1309 3269 ἢ
1352 3196 1680 3267 φιλονεικίαν
1709 3194 1808 3266 τὴν

1924 3190 2064 3261 Quod
2119 3207 2227 3247 non
2266 3192 2336 3248 sit
2372 3192 2778 3264 praedicandum
2824 3192 3177 3263 Evangelium
3225 3210 3321 3265 per
3354 3211 3488 3250 con-

382 3289 521 3358 πρός
556 3305 702 3352 τινας
735 3287 868 3359 (70),
908 3291 1200 3359 κηρύσσειν
1224 3290 1289 3341 τὸ
1320 3288 1669 3358 Εὑαγγέλιον.

855 3490 1072 3560 Κεφάλ.
1109 3492 1235 3545 KE'.

310 3582 685 3638 ΜΑΤΘΑΙΟΣ.
736 3581 879 3635 Ἰδοὺ
924 3585 957 3636 ὀ
998 3581 1138 3648 παῖς
1173 3599 1313 3650 μου,
1346 3580 1418 3635 ὃν
1457 3581 1727 3651 ⁸ιἰρέτισα,
1778 3586 1813 3638 ὁ

235 3674 556 3744 ἀγαπητός
594 3689 736 3742 μου,
765 3676 852 3739 είς
896 3674 967 3725 ὃν
1007 3672 1351 3739 ηὐδόκησεν
1381 3674 1421 3741 η
1459 3672 1627 3742 ψυχή
1667 3691 1809 3743 μου.

240 3767 418 3833 Θήσω
441 3766 511 3819 τὸ
538 3764 784 3834 Πνεῦμα
813 3783 932 3835 μου
963 3766 1056 3817 ἐπ’
1092 3765 1300 3828 αὐτὸν,
1330 3766 1424 3819 καί
1463 3767 1666 3833 κρίσιν
1688 3766 1813 3832 τοῖς

237 3860 480 3913 ἔθνεσιν
513 3857 859 3926 ἀπαγγελεῖ.
924 3860 1045 3911 οὐκ
1085 3858 1305 3926 ἐρίσει,
1358 3857 1499 3911 οὐδὲ
1555 3846 1811 3929 κραυγά-

237 3967 333 4005 σει
370 3950 504 4021 (71),
544 3948 686 4002 οὐδὲ
709 3949 955 4003 ἀκούσει
983 3967 1072 4016 τις
1104 3952 1173 4003 ἐν
1199 3950 1326 4016 ταῖς
1357 3952 1665 4017 πλατείαις
1695 3950 1812 4019 τὴν

236 4041 451 4111 φωνὴν
475 4032 682 4094 αὐτοῦ.
737 4041 914 4095 ΠΡΟΣ
936 4042 1194 4095 ΦΙΛΙΠΠ.
1229 4041 1392 4108 Τινὲς
1418 4041 1535 4111 μὲν
1578 4045 1674 4096 καὶ
1715 4043 1812 4097 διὰ

235 4134 469 4200 φθόνον
516 4129 617 4183 καὶ
670 4130 818 4199 ἔριν,
867 4130 1026 4196 τινὲς
1051 4130 1119 4182 δὲ
1169 4130 1265 4183 καὶ
1300 4130 1373 4183 δι’
1399 4131 1681 4184 εὐδοκίαν
1707 4132 1814 4185 τὸν

236 4222 499 4293 Χριστὸν
518 4223 938 4288 κηρύσσουσιν
955 4237 970 4251 ο
1001 4224 1054 4274 ot
1074 4219 1189 4289 μὲν
1211 4220 1278 4285 ἐξ
1306 4221 1561 4291 ἀγάπης,
1590 4222 1813 4287 εἰδότες

236 4317 327 4370 ὅτι
358 4318 450 4380 είς
481 4315 815 4382 ἀπολογίαν
844 4313 951 4367 τοῦ
998 4315 1361 4383 Εὑαγγελίου
1394 4314 1586 4382 κεῖμαι
1608 4331 1622 4343 ’
1668 4317 1721 4367 οι
1746 4313 1813 4366 δὲ

235 4408 305 4471 ἐξ
365 4407 623 4475 ἐριθείας
674 4406 780 4458 τὸν
812 4405 1068 4473 Χριστὸν
1105 4404 1656 4476 καταγγέλλουσιν,
1699 4408 1811 4475 οὐχ

235 4496 467 4565 ἁγνῶς,
504 4498 760 4565 οἰόμενοί
809 4498 1020 4560 θλίψιν
1065 4494 1365 4565 ἐπιφέρειν
1394 4494 1521 4562 τοῖς
1566 4494 1813 4565 δεσμοῖς

232 4606 371 4659 μου.

240 4702 357 4755 Ὅτι
387 4703 451 4756 οὐ
488 4702 569 4756 δεῖ
602 4703 713 4765 τοῖς
761 4701 1116 4773 ἀνθρωπίνοις
1140 4702 1570 4773 πλεονεκτήμασι
1597 4701 1803 4772 κεχρῆ’

308 4792 435 4847 σθαι
474 4796 556 4856 εἰς
603 4793 667 4845 τὸ
706 4795 965 4864 κήρυγμα
994 4792 1087 4845 τοῦ
1111 4792 1462 4861 Εὑαγγελίου,
1493 4792 1578 4845 ἵνα
1605 4792 1679 4863 μὴ
1705 4793 1800 4860 ἐγ-

308 4884 616 4959 apum-qm:
641 4882 753 4953 (72)
786 4883 965 4944 αὐτοῖς
995 4883 1028 4951 ἡ
1048 4880 1140 4934 τοῦ
1168 4880 1303 4933 Θεοῦ
1321 4880 1503 4951 χάρις.

820 4992 1045 5063 Κεφάλ.
1089 4995 1228 5059 KG".

300 5088 672 5145 ΜΔΤΘΑῙΟΣ.
718 5085 1213 5155 Ἐξομολογοῦμαί
1248 5099 1364 5146 σοι,
1395 5082 1801 5150 Πάτερ,Κύριε

231 5181 338 5236 τοῦ
361 5179 626 5250 οὐρανοῦ
650 5179 751 5233 καὶ
797 5177 908 5247 τῆς
947 5177 1082 5247 τῆς,
1103 5176 1193 5230 ὅτι
1228 5175 1582 5243 ἀπέκρυψας
1616 5173 1802 5228 ταῦτα

300 5317 417 5393 (67)
449 5316 690 5393 Utraque
708 5315 878 5372 editio
904 5324 957 5371 ct
985 5315 1122 5393 Reg.
1149 5313 1423 5393 secundus
1451 5314 1542 5368 καὶ
1567 5313 1789 5393 uinetis;

231 5384 443 5458 uisse.
472 5388 575 5441 Alii
602 5384 718 5441 duo
753 5401 886 5441 mss.
916 5389 1011 5440 ml.
1034 5384 1227 5458 καλῶς
1247 5386 1452 5453 λέγετε,
1483 5394 1533 5458 et
1560 5384 1684 5458 be_ne
1708 5384 1792 5458 di-

233 5453 373 5515 citis.
402 5457 712 5513 Notandum
762 5468 1040 5525 praeterea.
1086 5456 1186 5526 legi
1220 5457 1321 5510 hoc
1341 5458 1472 5526 loco
1510 5455 1575 5526 in
1606 5453 1794 5526 Regiis

232 5533 503 5671 {ﬁxa-et
526 5527 693 5583 tertio
720 5524 914 5583 ordine
952 5524 1174 5583 inverso
1205 5527 1234 5579 ὁ
1274 5524 1600 5589 Διδάσκαλος
1631 5525 1725 5578 καὶ
1766 5525 1796 5576 ὁ

298 5663 414 5740 (εδ)
446 5666 690 5740 Utraque
710 5666 876 5721 editio
898 5666 995 5735 οὐχ
1018 5666 1168 5740 ὸτέΑι
1192 5663 1615 5740 mss._duo_pazl.
1641 5664 1688 5740 ὁΖ

1982 3286 2316 3350 tentionem,
2362 3293 2457 3339 aut
2496 3287 2780 3349 invidiam,
2838 3295 2935 3340 aut
2966 3287 3260 3357 quamdam
3316 3289 3484 3343 animi

1982 3377 2272 3432 adversum
2307 3377 2519 3447 aliquos
2545 3378 2986 3433 concitationem.

2511 3489 2686 3560 Caput
2728 3478 2919 3544 XXV.

1985 3583 2119 3638 Ecce
2159 3598 2288 3651 puer
2344 3598 2509 3645 meus,
2569 3599 2720 3652 quem
2777 3583 2928 3653 elegi,
2964 3582 3192 3636 dilectus
3224 3599 3389 3641 meus.
3429 3583 3486 3637 in

1909 3690 2012 3746 quo
2054 3672 2155 3727 sibi
2186 3672 2309 3726 bene
2352 3672 2668 3740 complacuit
2708 3672 2889 3724 anima
2933 3687 3069 3725 mea.
3117 3670 3324 3725 Ponam
3366 3672 3486 3741 Spi-

1912 3764 2074 3815 ritum
2116 3778 2288 3815 meum
2334 3777 2490 3826 super
2531 3777 2672 3824 eum,
2716 3769 2765 3813 et
2789 3760 3055 3829 judicium
3087 3762 3322 3830 gentibus
3351 3779 3486 3816 nuu—

1914 3854 2087 3907 tiabit.
2147 3852 2267 3907 Non
2311 3852 2606 3916 contendet,
2656 3868 2818 3921 neque
2860 3852 3139 3916 clamabit,
3193 3871 3353 3924 neque
3382 3872 3484 3908 au-

1917 3945 2024 3998 diet
2062 3946 2254 4015 aliquis
2301 3945 2355 3998 in
2403 3945 2591 4015 plateis
2628 3960 2800 3998 vocem
2845 3944 2959 4013 ejus
2992 3943 3211 4017 (Matth.
3261 3961 3356 4008 λιι,
3390 3946 3481 4009 18.

1913 4038 2123 4107 19).....
2154 4037 2385 4103 Quidam
2441 4037 2652 4108 quidem
2692 4045 2740 4090 et
2778 4046 2990 4106 propter
3020 4037 3276 4091 invidiam
3322 4037 3485 4109 302

1911 4142 1960 4186 et
2002 4132 2403 4194 contentionem,
2438 4129 2653 4201 quidam
2705 4140 2882 4185 autem
2939 4139 2988 4184 et
3035 4140 3248 4200 propter
3296 4131 3487 4186 bonum

1913 4223 2238 4278 voluntatem
2270 4221 2543 4277 Christum
2580 4225 2871 4291 praedicant
2899 4238 2917 4276 :
2958 4222 3175 4293 quidam
3216 4238 3279 4277 ea:
3311 4223 3489 4277 chari-

1915 4325 2041 4379 tate,
2077 4316 2296 4369 scientes
2325 4317 2576 4385 quoniam
2622 4316 2678 4370 in
2711 4315 3061 4384 defensionem
3093 4313 3365 4386 Evangelii
3393 4331 3489 4386 po-

1913 4409 2047 4461 situs
2098 4423 2216 4460 sum
2243 4424 2262 4462 :
2290 4406 2508 4478 quidam
2560 4416 2737 4463 autem
2766 4423 2831 4461 ex
2859 4408 3191 4461 contentione
3215 4407 3485 4462 Christum

1914 4498 2256 4564 annuntiant,
2302 4515 2407 4552 non
2439 4499 2666 4562 sincere,
2704 4500 3063 4554 existimantes
3100 4515 3402 4568 pressuram
3430 4515 3488 4554 se

1830 4592 1882 4649 D
1907 4589 2165 4645 suscitare
2185 4591 2406 4644 vinculis
2436 4592 2561 4644 meis
2593 4590 2850 4662 (Philipp.
2882 4607 2920 4659 t,
2957 4592 3165 4665 15-17).

1912 4699 2066 4767 Quod
2106 4714 2217 4753 non
2261 4706 2474 4769 oportet
2519 4699 2778 4755 humanis
2817 4700 3085 4770 praesidiis
3117 4707 3171 4754 et
3203 4698 3363 4753 donis
3400 4697 3480 4753 uti

1986 4791 2053 4845 ad
2081 4790 2358 4859 Evangelii
2406 4790 2867 4859 prmdicationem,
2905 4807 2974 4845 ne
3002 4790 3070 4843 ab
3115 4790 3248 4854 ipsis
3278 4789 3496 4850 obscu-.

1982 4885 2134 4932 retur
2157 4876 2253 4932 Dei
2298 4880 2493 4947 gratia.

2485 4991 2654 5061 Caput
2684 4990 2789 5045 XX
2806 4991 2895 5045 VI.

1986 5082 2252 5152 Confiteor
2274 5084 2391 5148 tibi,
2428 5083 2609 5145 Pater,
2644 5083 2860 5136 Domine
2903 5081 3019 5136 caeli
3058 5090 3107 5136 et
3152 5090 3324 5146 terra',
3357 5083 3481 5153 quia

1911 5173 2235 5229 abscondisti
2262 5174 2373 5231 lucc
2404 5191 2437 5227 a
2476 5173 2800 5244 sapientibus
2831 5180 2879 5226 et
2920 5171 3287 5242 prudentibus,
3318 5181 3367 5225 et
3399 5190 3481 5225 re-

1897 5312 1989 5366 alii
2025 5312 2133 5365 duo
2158 5311 2382 5381 ἐπέϐην.

1938 5383 2078 5464 ,(70)
2110 5382 2241 5453 Reg.
2275 5383 2470 5436 tertius
2513 5381 2613 5450 τὴν
2642 5380 2780 5451 πρός
2828 5397 2973 5445 τινα,
3008 5380 3256 5433 adversus
3294 5393 3473 5446 quem-

1894 5467 2059 5520 ptum.

1970 5521 2082 5591 (71)
2108 5520 2269 5585 Illud,
2299 5519 2419 5574 οὐδὲ
2455 5520 2782 5591 κραυγάσει,
2826 5519 3072 5575 additum
3105 5526 3190 5575 est
3220 5534 3290 5587 ex
3315 5517 3474 5576 libris

1897 5594 2196 5647 veteribus.

1971 5662 2083 5731 (Ἡ)
2113 5659 2365 5732 Utraque
2397 5659 2566 5714 editio
2604 5659 3020 5732 εἰσκρύπτηται.
3058 5654 3209 5732 Regii
3263 5660 3475 5730 primus

300 5725 415 5812 (69)
456 5725 699 5807 Utrm-sue
748 5740 915 5793 editio
959 5725 1190 5804 ἆπέϐην.
1239 5736 1420 5789 Codex
1465 5725 1710 5789 Combol’.
1743 5740 1798 5788 et

1924 5741 1951 5787 :t
1984 5725 2179 5788 tertius
2202 5725 2599 5802 ἐγκρύπτηται,
2637 5725 2862 5785 rectius.
