3962 6238
240 360 340 415 821

1729 355 2056 416 MORALlA.

3409 355 3513 412 διε

395 474 445 526 οἱ
479 472 563 526 διὰ
595 471 692 543 τὴν
727 472 862 543 πρὸς
900 474 1023 535 τοὺς
1042 473 1340 538 ἀκούοντας
1367 473 1660 545 ἀρέσκειαν
1689 475 1825 545 ἀμε-

1954 475 2088 542 ξιιοιι
2116 477 2194 530 illi
2235 476 2328 548 qui
2363 476 2429 531 ad
2471 477 2704 548 gratiam
2740 477 3081 533 audientium
3114 475 3517 530 conciliandam

310 565 530 628 λοῦντες
564 564 666 634 τῆς
695 564 1006 636 παρρησίας
1040 564 1149 617 τῶν
1197 565 1289 618 τοῦ
1317 563 1450 617 Θεοῦ
1480 563 1827 635 θελημάτων,

309 657 542 717 ἐκείνοις
576 655 804 717 ἑαυτοὺς
820 653 1158 718 δουλοῦντες,
1187 649 1268 717 οἷς
1299 655 1557 725 ἀρέσκειν
1587 654 1831 722 Οέλουσι,

309 744 413 813 τῆς
449 743 544 796 τοῦ
577 743 786 816 Κυρίου
817 744 1136 808 δεσποτείας
1163 746 1537 800 ἐκπίπτουσιν.

863 858 1088 926 Κεφάλ.
1139 863 1212 913 λ’.

313 949 643 1002 ΙΩΛΝΝΗΣ.
673 949 807 1015 Πῶς
822 948 1088 1004 δύνασθε
1102 951 1271 1019 ὑμεῖς
1291 951 1617 1017 πιστεύειν,
1646 951 1834 1016 δόξαν

239 1041 408 1110 παρὰ
444 1041 738 1109 ἀλλήλων
767 1040 1196 1109 λαμϐάνοντες,
1218 1041 1317 1095 καὶ
1349 1041 1463 1110 τὴν
1497 1042 1684 1107 δόξαν
1719 1043 1834 1110 τὴν

239 1132 408 1199 παρὰ
457 1131 564 1184 τοῦ
602 1131 796 1199 μόνου
841 1129 988 1184 Θεοῦ
1021 1132 1092 1183 οὐ
1119 1130 1435 1200 ζητοῦντες
1461 1132 1572 1203 (78)
1604 1149 1618 1197 ;
1645 1133 1829 1186 ΠΡΟΣ

241 1223 281 1273 Γ
285 1224 402 1275 ΑΛ.
423 1223 491 1275 ει
513 1223 598 1276 ἔτι
634 1222 968 1292 ἀνθρώποις
1003 1221 1293 1293 ἤρεσκον,
1322 1225 1581 1293 Χριστοῦ
1610 1225 1832 1291 δοῦλος

239 1317 357 1369 οὐκ
389 1315 466 1368 ἂν
496 1315 678 1384 ἤμην.

241 1430 365 1482 Ὀτι
421 1430 503 1482 δεῖ
551 1431 751 1482 σκοπὸν
786 1428 1101 1500 προκεῖσθαι
1134 1429 1211 1500 τῷ
1250 1429 1586 1494 διδάσκοντι,
1627 1429 1831 1492 πάντας

313 1521 416 1590 μὲν
450 1522 530 1583 είς
555 1521 726 1592 ἄνδρα
746 1521 967 1584 τέλειον,
997 1522 1077 1585 εἰς
1096 1521 1294 1593 μέτρον
1325 1522 1540 1592 ἡλικίας
1576 1521 1669 1575 τοῦ
1694 1521 1831 1593 πλη-

315 1611 571 1682 ρώματος
619 1612 712 1666 τοῦ
756 1611 992 1684 Χριστοῦ
1029 1587 1377 1685 καταρτίσαι,
1424 1613 1656 1666 ἕκαστον
1685 1613 1741 1666 δὲ
1774 1616 1830 1665 ὲν

312 1702 394 1772 τῷ
430 1703 548 1773 ἰδίῳ
575 1703 836 1774 τάγματι.

858 1817 1082 1886 Κεφάλ.
1116 1821 1231 1872 λα’.

310 1908 689 1965 ΜΑΤΘΔΙΟΣ.
737 1912 995 1964 Ἐσεσθε
1019 1905 1133 1965 οὖν
1158 1909 1327 1979 ὑμεῖς
1365 1910 1602 1973 τέλειοι,
1628 1910 1831 1981 ὥσπερ

237 2003 274 2054 ὀ
324 1999 534 2068 Πατὴρ
579 1999 748 2070 ὑμῶν
799 2005 832 2054 ό
878 2002 946 2055 ὲν
983 2001 1105 2064 τοῖς
1129 2003 1406 2070 οὐρανοῖς
1445 2002 1556 2073 (79)
1603 2002 1832 2068 τέλειός

238 2092 437 2144 ἐστιν.
470 2093 795 2145 ΙΩΑΝΝΗΣ.
820 2097 899 2147 Οὺ
925 2093 1057 2161 περὶ
1073 2094 1298 2146 τούτων
1317 2093 1385 2146 δὲ
1407 2092 1598 2162 ἐρωτῶ
1614 2096 1831 2164 μόνον,

234 2183 401 2238 ἀλλὰ
444 2185 544 2238 καὶ
591 2184 726 2252 περὶ
760 2183 878 2237 τῶν
917 2185 1328 2238 πιστευόντων
1371 2184 1468 2238 διὰ
1507 2185 1612 2240 τοῦ
1646 2188 1830 2255 λόγου

231 2275 440 2330 αὐτῶν
488 2279 579 2343 εὶς
631 2276 733 2346 ἐμέ
755 2295 768 2308 ο
809 2278 911 2333 ἵνα
936 2277 1164 2344 πάντες
1197 2275 1267 2331 ἓν
1300 2274 1471 2342 ὦσιν,
1494 2279 1686 2346 καθὼς
1727 2281 1829 2361 σὺ,

235 2371 454 2439 Πάτερ,
472 2372 543 2425 ἐν
566 2372 712 2441 ἐμοὶ,
738 2373 898 2442 κάγὼ
924 2372 994 2426 ἐν
1018 2375 1143 2439 σοὶ,
1163 2374 1265 2427 ἵνα
1289 2374 1387 2427 καὶ
1413 2375 1581 2428 αὐτοὶ
1605 2376 1676 2429 ἐν
1689 2376 1833 2445 ἡμῖν

232 2460 303 2514 ἐν
331 2454 491 2515 ὦσιν
525 2462 660 2534 (80).
691 2463 871 2516 ΠΡΟΣ
900 2465 1092 2517 ΕΦΕΣ.
1133 2463 1242 2518 Καὶ
1272 2464 1454 2532 αὐτὸς
1475 2465 1659 2521 ἔδωκε
1691 2468 1831 2534 τοὺς

226 2553 350 2622 μὲν
375 2557 790 2622 ἀποστόλους,
812 2556 952 2620 τοὺς
987 2556 1054 2608 δὲ
1073 2556 1406 2626 προφήτας,
1442 2558 1586 2624 τοὺς
1619 2559 1688 2613 δὲ
1710 2575 1834 2613 ποι-

225 2643 427 2714 μένας
476 2646 578 2700 καὶ
633 2645 1042 2713 διδασκάλους
1084 2648 1234 2716 πρὸς
1283 2650 1389 2702 τὸν
1429 2651 1832 2720 καταρτισμὸν

147 2801 156 2808 _
230 2735 357 2792 τῶν
385 2737 590 2806 ἁγίων,
643 2739 728 2803 εὶς
779 2736 956 2807 ἔργον
1003 2737 1331 2805 διακονίας,
1383 2742 1470 2807 εὶς
1505 2741 1832 2811 οἰκοδομὴν

231 2829 343 2884 τοῦ
377 2827 657 2897 σώματος
690 2828 799 2883 τοῦ
837 2829 1119 2896 Χριστοῦ,
1143 2829 1323 2900 μέχρι
1362 2830 1832 2902 καταντήσωμεν

231 2923 291 2974 οἱ
319 2918 549 2987 πάντες
579 2922 668 2987 εἰς
712 2920 829 2989 τὴν
857 2920 1109 2988 ἑνότητα
1141 2921 1251 2991 τῆς
1275 2921 1556 2989 πίστεως,
1594 2923 1692 2977 καὶ
1721 2924 1831 2994 τῆς

230 3011 616 3082 ἐπιγνώσεως
630 3011 738 3064 τοῦ
770 3013 904 3066 Υἱοῦ
922 3012 1028 3065 τοῦ
1052 3014 1221 3076 Θεοῦ,
1245 3017 1335 3080 εἰς
1357 3013 1546 3082 ἄνδρα
1579 3016 1826 3079 τέλειον,

227 3105 320 3168 εις
363 3103 592 3171 μέτρον
653 3105 893 3171 ἡλικίας
945 3105 1049 3158 τοῦ
1100 3102 1497 3174 πληρώματος
1540 3107 1647 3162 τοῦ
1692 3109 1828 3177 Χρι-

230 3195 390 3248 στοῦ
401 3235 415 3246 .
433 3188 436 3189 ν

233 3311 360 3362 Ὀτι
394 3310 478 3361 δεῖ
520 3310 578 3360 ἐν
605 3308 920 3381 ἀνεξικακίᾳ
963 3311 1056 3363 καὶ
1088 3311 1352 3383 πραότητι
1398 3313 1675 3369 παιδεύειν
1713 3315 1825 3386 (81)

301 3400 431 3461 τοὺς
483 3399 1037 3470 ἀντιδιατιθεμένους,
1075 3403 1465 3473 προσδοκῶντα
1507 3406 1690 3462 αὐτῶν
1727 3410 1825 3480 τὴν

307 3491 624 3560 μετάνοιαν,
676 3492 782 3555 ἓως
821 3493 886 3545 ἂν
943 3494 1206 3565 πληρώσῃ
1255 3495 1316 3548 τὸ
1366 3497 1567 3570 μέτρον
1604 3503 1701 3570 τῆς
1745 3503 1824 3564 εἰς

303 3582 506 3644 αὐτοὺς
535 3583 876 3653 ἐπιμελείας.
903 3617 908 3624 -

855 3699 1079 3770 Κεφιὶλ.
1131 3703 1239 3754 λθ-

303 3790 676 3845 ΜΑΤΘΑῘΟΣ.
717 3792 838 3844 Οὐκ
876 3792 1080 3859 ἐρίσει,
1117 3792 1261 3846 οὐδὲ
1296 3794 1643 3864 κραυγάσει,
1686 3796 1825 3849 οὔτε

231 3883 485 3937 ἀκούσει
511 3899 604 3948 τις
633 3883 704 3936 έν
733 3883 864 3947 ταῖς
887 3885 1200 3950 πλατείαις
1232 3884 1346 3952 τὴν
1369 3885 1580 3954 φωνὴν
1613 3886 1820 3942 αὐτοῦ.

231 3975 522 4046 Κάλαμον
559 3975 1064 4044 συντετριμμένον
1090 3977 1162 4028 οὐ
1198 3974 1490 4040 κατεάξει,
1525 3977 1622 4029 καὶ
1649 3978 1825 4030 λίνον

233 4070 579 4137 τυφόμενον
621 4069 693 4121 οὐ
737 4067 963 4132 σϐέσει,
992 4067 1104 4134 ἕως
1129 4066 1206 4121 ἂν
1253 4069 1479 4137 ἐκϐάλῃ
1522 4073 1608 4135 είς
1656 4071 1823 4135 νῖκος

233 4159 350 4227 τήν
395 4160 623 4227 κρίσιν.
670 4159 847 4212 ΠΡΟΣ
897 4159 1044 4213 ΤΙΜ.
1100 4158 1165 4227 β’.
1219 4159 1450 4214 Δοῦλον
1491 4160 1559 4212 δὲ
1601 4161 1821 4228 Κυρίου

236 4255 308 4305 οὐ
345 4252 443 4305 δεῖ
463 4251 784 4320 μάχεσθαι,
819 4250 969 4306 ἀλλ’
997 4251 1181 4318 ἤπιον
1213 4247 1366 4304 εἶναι
1397 4250 1546 4320 πρὸς
1566 4251 1818 4318 πάντας,

235 4344 602 4409 διδακτικόν,
632 4342 1014 4408 ἀνεξίκακον,
1039 4344 1110 4396 ἐν
1139 4344 1427 4412 πραΰτητι
1456 4345 1823 4399 παιδεύοντα

237 4437 378 4500 τοὺς
394 4435 997 4504 ἀντιδιατιθεμένους·
1021 4434 1255 4504 μήποτε
1283 4435 1367 4501 δῷ
1389 4437 1594 4503 αὐτοῖς
1621 4441 1653 4490 ό
1678 4438 1822 4503 Θεὸς

1856 3172 1904 3235 C

2004 568 2098 624 Dei
2149 570 2461 625 voluntates
2499 569 2669 626 libere
2706 571 2962 625 nuntiare
3011 569 3315 639 negligunt,
3364 570 3518 624 exei-

2002 660 2134 714 dant
2157 675 2185 714 a
2217 660 2428 715 Domini
2463 663 2739 731 mancipio
2766 681 2777 715 :
2812 662 3257 732 quandoquidem
3299 662 3366 716 iis
3394 661 3519 731 qui-

2005 752 2106 807 bus
2146 753 2363 822 placere
2398 755 2613 817 volunt,
2656 769 2778 809 sese
2828 756 3163 823 mancipaut.

2523 864 2695 934 Caput
2753 865 2933 920 XXX.

2006 955 2281 1023 Quomodo
2311 975 2399 1012 vos
2420 961 2634 1026 potestis
2683 960 2915 1022 credere,
2958 961 3048 1029 qui
3071 960 3303 1028 gloriam
3339 959 3405 1012 ab
3434 961 3518 1012 in-

1933 1051 2090 1103 vicem
2123 1051 2381 1119 accipitis,
2421 1063 2470 1105 et
2520 1052 2766 1122 gloriam,
2795 1067 2911 1123 qua:
2933 1070 2962 1103 a
2987 1051 3100 1104 solo
3129 1051 3238 1104 Deo
3270 1062 3368 1114 est,
3411 1068 3516 1104 non

1931 1144 2211 1212 quwrilis?
2241 1143 2426 1213 (Joan.
2460 1161 2510 1206 ν,
2546 1144 2704 1213 44)...
2744 1144 2805 1198 Si
2834 1143 3005 1197 adhuc
3063 1145 3360 1197 hominibus
3398 1144 3518 1211 pla-

1936 1250 2130 1300 cerem,
2177 1233 2380 1289 Christi
2405 1236 2592 1290 servus
2631 1253 2732 1289 non
2753 1251 2919 1288 essem
2943 1233 3086 1305 (Gal.
3126 1251 3164 1300 ι,
3192 1235 3299 1303 10).

1932 1434 2091 1503 Quod
2139 1438 2186 1493 is
2225 1439 2318 1507 qui
2353 1439 2532 1503 docet,
2601 1439 2748 1494 hunc
2811 1438 2915 1494 sibi
2957 1453 3263 1510 proponere
3316 1437 3514 1494 debeat

2005 1544 2271 1599 scopum,
2334 1537 2394 1583 ut
2451 1530 2696 1602 singulos
2759 1530 2814 1584 in
2861 1531 3042 1585 virum
3104 1529 3406 1601 perfectum
3458 1531 3511 1584 in

2000 1636 2315 1677 mensuram
2339 1624 2514 1677 aetatis
2531 1623 2884 1692 plenitudinis
2900 1624 3103 1678 Christi
3121 1631 3270 1694 aptet
3291 1635 3342 1678 et
3359 1639 3511 1678 com-

2001 1720 2187 1782 ponat,
2211 1727 2653 1784 unumquemque
2681 1720 2863 1769 tamcn
2893 1715 2944 1769 in
2970 1731 3071 1770 suo
3098 1714 3273 1785 ipsius
3293 1714 3506 1770 ordine.

2505 1825 2677 1896 Caput
2729 1825 2946 1882 XXXI.

2005 1915 2188 1971 Estote
2233 1935 2355 1990 ergo
2404 1936 2491 1974 vos
2535 1919 2774 1988 perfecti,
2825 1919 2963 1973 sicut
3012 1917 3175 1974 Pater
3205 1930 3369 1974 vester
3403 1921 3510 1973 co:-

1937 2007 2082 2062 lestis
2121 2011 2382 2079 perfectus
2429 2020 2506 2066 est
2553 2011 2772 2082 (Matth.
2807 2029 2862 2077 ν,
2897 2012 3081 2084 48)....
3134 2010 3257 2065 Non
3288 2028 3384 2081 pro
3437 2016 3511 2064 eis

1936 2110 2108 2154 autem
2142 2119 2266 2172 rogo
2321 2114 2550 2167 tantum,
2585 2105 2674 2158 sed
2727 2115 2779 2158 et
2805 2120 2900 2173 pro
2953 2107 3026 2158 eis
3053 2106 3142 2174 qui
3171 2104 3386 2158 credunt
3417 2120 3508 2172 per

1937 2193 2145 2247 verbum
2174 2211 2353 2248 eorum
2383 2196 2438 2250 in
2469 2213 2549 2250 me
2574 2212 2592 2249 :
2623 2207 2679 2250 ut
2713 2214 2888 2250 omnes
2919 2213 3080 2250 unum
3105 2198 3230 2260 sint.
3264 2198 3401 2251 sicut
3429 2205 3505 2261 tu,

1935 2286 2118 2352 Pater,
2160 2291 2215 2341 in
2265 2307 2364 2353 me,
2395 2300 2443 2344 et
2484 2307 2576 2360 ego
2608 2292 2661 2344 in
2690 2301 2756 2355 te,
2793 2300 2848 2344 ut
2878 2299 2926 2344 et
2954 2291 3053 2358 ipsi
3088 2291 3142 2343 in
3170 2289 3321 2344 nobis
3345 2304 3511 2342 unum

1935 2385 2039 2436 sint
2089 2381 2272 2443 (Joan.
2317 2398 2452 2448 xv”,
2487 2384 2579 2451 20,
2613 2384 2799 2454 9.1)....
2836 2383 2902 2437 Et
2933 2384 3043 2453 ipse
3076 2383 3220 2437 dedit
3251 2380 3511 2452 quosdam

1934 2477 2142 2546 quidem
2179 2477 2467 2545 apostolos,
2509 2476 2766 2547 quosdam
2815 2485 2990 2530 autem
3021 2476 3328 2544 prophetas,
3376 2475 3509 2527 alios

1935 2578 2110 2621 autem
2135 2578 2376 2636 pastores
2405 2577 2452 2621 et
2479 2567 2718 2622 doctores
2746 2569 2815 2622 ad
2845 2569 3351 2622 consummationem
3377 2582 3509 2619 sau-

1934 2669 2137 2712 ctorum
2169 2661 2222 2713 in
2252 2675 2380 2728 opus
2409 2661 2714 2727 ministerii,
2751 2661 2804 2714 in
2834 2661 3240 2730 wdiﬁcationem
3273 2660 3508 2727 corporis

1937 2749 2135 2805 Christi
2167 2768 2184 2807 :
2221 2751 2385 2805 donec
2413 2769 2755 2816 occurramus
2788 2769 2966 2807 omnes
3001 2754 3054 2806 in
3077 2754 3332 2806 unitatem
3362 2751 3509 2821 ﬁdei,

1935 2853 1983 2897 et
2023 2845 2310 2914 agnitionis
2339 2843 2471 2900 Filii
2496 2844 2617 2912 Dei,
2655 2848 2710 2900 in
2746 2848 2916 2901 virum
2945 2845 3256 2915 perfectum,
3282 2846 3335 2898 in
3369 2862 3511 2898 men-

1934 2951 2113 2988 suram
2159 2937 2330 2989 (etatis
2368 2935 2712 3003 plenitudinis
2770 2936 2971 2990 Christi
3024 2933 3235 3004 (Ephes.
3279 2949 3354 2997 Iv,
3399 2932 3508 2984 Η-

1937 3028 2049 3082 15).

1927 3301 2081 3366 Quod
2120 3302 2174 3355 in
2209 3301 2468 3370 patientia
2509 3309 2563 3354 et
2609 3299 3027 3356 mansuetudine
3066 3301 3350 3358 erudiendi
3398 3305 3511 3359 sint

1995 3393 2316 3458 adversarii,
2335 3401 2651 3462 exspectata
2679 3394 2938 3446 nimirum
2967 3393 3209 3462 ipsorum
3238 3397 3507 3465 poeniten—

1996 3471 2096 3548 tia,
2138 3485 2316 3554 quoad
2371 3487 2550 3539 omnis
2605 3485 2800 3539 modus
2851 3484 3146 3555 diligentiae
3187 3503 3317 3560 erga
3359 3491 3508 3559 ipsos

1997 3577 2379 3647 adimpleatur.

2479 3685 2652 3754 Caput
2705 3683 2931 3738 XXXII

2002 3777 2183 3850 Neque
2227 3779 2538 3842 contendet,
2588 3793 2748 3847 neque
2804 3779 3084 3838 clamabit.
3128 3795 3287 3848 neque
3328 3781 3506 3834 audiet

1929 3871 2120 3942 aliquis
2145 3873 2198 3923 in
2231 3867 2417 3938 plateis
2458 3885 2631 3922 vocem
2666 3867 2803 3937 ejus.
2842 3868 3167 3921 Arundinem
3198 3883 3506 3938 quassatam

1926 3980 2029 4016 non
2073 3962 2390 4033 confringet,
2424 3969 2473 4014 et
2517 3961 2684 4013 linum
2731 3960 2997 4029 fumigans
3043 3977 3146 4012 non
3179 3963 3499 4032 exstinguat,

1925 4056 2086 4109 donec
2125 4056 2302 4124 ejiciat
2335 4055 2403 4107 ad
2433 4054 2707 4108 victoriam
2759 4052 3022 4121 judicium
3059 4051 3198 4122 (lsa.
3229 4069 3364 4120 XLII,
3391 4055 3504 4122 2—4;

1927 4147 2117 4202 Matth.
2137 4165 2234 4210 xu,
2255 4149 2339 4212 l9,
2355 4147 2517 4217 20)...
2537 4145 2752 4201 Servum
2771 4152 2943 4198 autem
2961 4143 3172 4198 Domini
3189 4163 3291 4200 non
3308 4159 3506 4218 oportet

1927 4240 2154 4310 litigare,
2173 4239 2261 4293 sed
2277 4251 2602 4292 mansuetum
2627 4253 2739 4291 esse
2755 4237 2823 4291 ad
2846 4255 3043 4303 onmes,
3071 4237 3314 4292 idoneum
3343 4239 3508 4313 304

1926 4333 1994 4386 ad
2023 4333 2332 4395 docendum,
2361 4331 2669 4384 tolerantem
2699 4330 2985 4394 malorum,
3014 4331 3068 4382 in
3107 4333 3507 4386 mansuetudine

1924 4424 2243 4477 erudientem
2303 4439 2389 4477 eos
2439 4423 2530 4491 qui
2575 4421 2926 4476 adversantur
2953 4439 2971 4476 :
3029 4423 3303 4492 nequando
3363 4423 3504 4478 Deus

233 4526 558 4595 μετάνοιαν
635 4529 723 4591 εις
760 4527 1089 4593 ἐπίγνωσιν
1145 4526 1434 4594 ἀληθείας
1457 4567 1472 4593 ,
1535 4528 1634 4582 καὶ
1678 4531 1823 4584 ἀνα-

1954 4517 2011 4570 ῖει
2055 4517 2166 4568 illis
2211 4515 2570 4582 paenitentiam
2615 4514 2684 4568 ad
2745 4514 3156 4585 cognoscendam
3210 4517 3502 4580 veritatem,

239 4619 514 4687 νὴψωσιν
558 4617 626 4670 ἐκ
674 4617 784 4685 τῆς
821 4616 924 4671 τοῦ
955 4616 1234 4670 διαϐόλου
1263 4618 1536 4687 παγίδος.

244 4813 360 4868 Ὀτι
402 4814 484 4867 δεῖ
516 4816 632 4876 τοῖς
669 4812 760 4866 διά
792 4814 954 4882 φόϐον
1000 4815 1095 4868 κα).
1127 4815 1410 4871 εὐλάϐειαν
1444 4820 1818 4890 παραιτουμέ-

309 4921 413 4967 νοις
459 4905 563 4976 τὴν
613 4905 917 4974 παρουσίαν
969 4905 1064 4958 τοῦ
1118 4907 1483 4978 κηρύσσοντος
1523 4909 1613 4962 τὸν
1658 4911 1814 4978 λόγον

309 4995 490 5063 εἴκειν,
531 4996 628 5049 καὶ
665 4995 740 5066 μὴ
775 4996 1090 5065 φιλονείκως
1119 4998 1424 5068 ἐγκεῖσθαι.

827 5107 1050 5178 Κεφάλ.
1107 5113 1216 5180 λγ.

309 5191 606 5248 ΔΟΥΚΑΣ.
660 5194 772 5250 Καὶ
813 5196 1132 5266 ἠρώτησαν
1158 5200 1345 5255 αὑτὸν
1369 5201 1529 5256 ἅπαν
1557 5201 1623 5255 τὸ
1660 5202 1815 5271 πλῆ-

243 5285 342 5349 θος
384 5286 492 5354 τ-ἧς
540 5287 874 5357 περιχώρου
914 5288 1034 5343 τῶν
1077 5291 1466 5360 Γαδαρηνῶν,
1528 5295 1816 5349 ἀπελθεῖν

246 5376 341 5426 ἀπ’
372 5377 589 5442 αὐτῶν,
630 5379 720 5432 ὅτι
763 5383 924 5449 φόϐῳ
953 5381 1188 5451 μεγάλῳ
1219 5386 1597 5454 συνείχοντο.
1623 5389 1814 5453 Αὐτὸς

245 5463 310 5519 δὲ
338 5468 512 5538 ἐμϐὰς
545 5472 634 5536 εἱς
657 5469 725 5523 τὸ
758 5461 991 5539 πλοῖον,
1025 5472 1424 5544 ὑπέστρεψεν.

246 5606 695 5740 <1llr'iglglltraque
720 5609 888 5668 edith
915 5618 975 5668 οὐ
1005 5615 1315 5690 ζητοῦντες.
1355 5617 1487 5692 Reg.
1516 5619 1710 5676 tertius
1738 5620 1797 5671 οὐ

621 5752 831 5831 ιριιὶοε⁸
848 5757 875 5808 ὁ
893 5757 1169 5831 οὐράνιος.
1193 5760 1487 5830 Aliquanto
1515 5769 1637 5831 post
1663 5760 1804 5816 idem

244 5818 411 5876 codex
439 5822 496 5874 ἐν
533 5818 660 5890 ἐμοὶ
693 5824 786 5875 καὶ
816 5825 924 5894 ἐγὼ
959 5818 1037 5883 ἐν.

559 5921 837 5983 Ρηιιοι..
868 5924 983 5986 Gs.
1028 5922 1263 5986 XXXI.

1930 4618 1978 4660 et
2037 4608 2344 4675 resipiscam
2404 4625 2436 4660 a
2488 4606 2687 4660 diaboli
2743 4607 2927 4675 laqueo
2985 4606 3074 4675 (II
3115 4607 3248 4660 Tim.
3301 4623 3372 4673 ll,
3405 4607 3504 4660 24-

1928 4703 2037 4774 26).

1927 4815 2085 4882 Quod
2129 4815 2428 4870 cedendum
2467 4821 2571 4876 est,
2623 4829 2746 4867 eum
2787 4813 2953 4882 aliqui
3001 4812 3343 4882 praesentiam
3381 4811 3500 4882 ejus

1998 4909 2089 4978 qui
2135 4907 2360 4962 verbum
2415 4906 2694 4974 prmdicat,
2746 4914 3002 4958 recusant
3030 4905 3102 4956 ob
3135 4905 3385 4958 timorem
3433 4919 3497 4958 ac

1999 5007 2227 5061 metum,
2260 5013 2359 5052 nec
2391 5003 2608 5066 oportet
2642 4997 2982 5051 contentiosa
3018 4997 3243 5049 instare.

2464 5105 2636 5174 Caput
2679 5103 2964 5159 XXXIII.

1997 5201 2066 5256 Et
2126 5210 2440 5272 rogaverunt
2492 5199 2645 5252 illum
2703 5197 2874 5251 omnis
2934 5196 3218 5250 multitudo
3270 5197 3496 5268 regionis

1927 5293 2349 5356 Gadarenorum,
2401 5301 2458 5346 ut
2498 5288 2785 5344 discederet
2818 5289 2882 5341 ab
2925 5288 3056 5357 ipsis
3093 5304 3110 5341 :
3142 5289 3267 5358 quia
3305 5304 3495 5357 magno

1925 5389 2109 5439 timore
2162 5384 2488 5439 tenebantur.
2546 5383 2665 5449 Ipse
2718 5392 2893 5434 autem
2949 5379 3231 5435 ascendens
3287 5381 3490 5444 navim,

1924 5495 2156 5532 reversus
2177 5486 2253 5531 est
2284 5475 2433 5546 (Luc.
2465 5490 2586 5538 vm,
2610 5474 2720 5542 57).

1981 5619 2093 5688 (80)
2125 5616 2308 5688 Εάὶιίο
2338 5621 2570 5688 utraque
2602 5621 2656 5666 et
2685 5612 2794 5688 duo
2819 5627 2952 5688 mss.
2986 5611 3044 5664 ἓν
3070 5605 3222 5688 ὦσιν.
3250 5611 3388 5674 Τοὺς
3409 5611 3486 5666 δέ.

1916 5681 2098 5744 (Σοὶιεκ
2125 5686 2361 5740 Messau.
2395 5691 2448 5738 et
2476 5683 2609 5751 Reg.
2639 5682 2857 5745 tertius,
2891 5683 2964 5736 ita
2996 5692 3052 5734 ut
3075 5681 3370 5751 edidimus.

1988 5756 2386 5828 (8|).Utraque
2432 5749 2600 5828 editio
2631 5753 2909 5828 ,πραότητι
2957 5751 3289 5806 παιδεύσειν.
3333 5749 3490 5822 Regii

1917 5823 2126 5899 primus
2148 5837 2202 5883 et
2230 5827 2426 5882 tertius
2456 5823 2750 5878 παιδεύειν.

3176 5912 3253 5971 27
