3962 6238
369 167 477 220 343

1841 141 2188 214 ιιοιιΑιιΑ.’

3528 160 3632 218 846

438 281 638 351 λέγειν,
691 282 767 348 ὡς
819 281 1099 352 ὀφείλοντα
1148 279 1239 334 καὶ
1285 279 1376 332 ὑπ’
1410 276 1589 332 αὐτῶν
1639 276 1749 329 τῶν
1796 294 1956 330 πεπι-

2128 277 2293 333 ΐιιοιει
2322 277 2434 334 Deo
2463 286 2675 350 gratam
2721 293 2733 332 :
2767 279 2970 352 quippe
2999 279 3097 352 qui
3128 278 3209 335 vel
3249 275 3320 334 ab
3354 277 3491 349 ipsis
3534 279 3631 351 qui

442 374 753 443 στευμένων
807 372 956 445 αὐτῷ
1021 367 1409 442 δοκιμάζεσθαι
1465 385 1527 422 τε
1591 367 1686 422 καὶ
1749 385 1953 439 μαρτυ-

449 465 679 536 ρεῖσθαι.

990 576 1212 646 Κεφάλ.
1255 573 1364 635 λζ’.

446 673 758 727 ΠΡΑΞΕΙΣ.
829 671 1008 740 Ὑμεῖς
1049 670 1380 724 ἐπίστασθε
1410 666 1529 722 ἀπὸ
1557 663 1792 736 πρώτης
1819 667 1956 734 ἠμέ-

358 781 505 833 ρας,
559 764 657 833 ἀφ’
703 759 780 833 ἧς
832 763 1055 831 ἐπέϐην
1082 764 1170 827 εὶς
1215 761 1332 828 τὴν
1386 760 1607 824 Ἂσίαν,
1658 759 1782 824 πῶς
1825 758 1954 827 μεθ’

370 857 549 928 ὑμῶν
591 857 700 910 τὸν
755 857 952 910 πάντα
1017 856 1238 926 χρόνον
1283 854 1597 923 ἐγενόμην,
1653 851 1959 905 δουλεύων

366 950 458 1016 τῷ
507 950 702 1018 Κυρίῳ
747 947 900 1018 μετά
956 945 1158 1014 πάσης
1205 945 1797 1013 ταπεινοφροσύνης,
1857 944 1953 996 καὶ

366 1041 624 1096 πολλῶν
651 1040 926 1108 δακρύων
960 1039 1059 1093 καὶ
1084 1036 1448 1106 πειρασμῶν.
1486 1037 1593 1089 Καὶ
1621 1035 1736 1105 μετ’
1761 1034 1917 1103 ὀλίγα
1937 1052 1950 1064 ·

382 1129 710 1198 Ἀργυρίου,
745 1127 782 1195 ἢ
817 1128 1097 1195 χρυσίου,
1129 1127 1166 1195 ἣ
1199 1126 1520 1196 ἱματισμοῦ
1564 1123 1814 1190 οὐδενὸς
1853 1125 1952 1177 ἐπι

364 1221 668 1289 εθύμησα.
708 1218 888 1272 Αὐτοὶ
920 1217 1261 1286 γινώσκετε,
1291 1217 1381 1270 ὅτι
1425 1215 1554 1281 ταῖς
1580 1214 1807 1284 χρείαις
1836 1232 1956 1282 μου

365 1313 478 1367 καὶ
512 1312 635 1377 τοῖς
680 1307 821 1366 οὖσι
875 1311 996 1376 μετ’
1028 1310 1172 1379 ἐμοῦ
1213 1307 1605 1376 ὑπηρέτησαν
1653 1309 1712 1360 αἱ
1765 1306 1958 1374 χεῖρες
2004 1345 2008 1352 .

364 1399 574 1460 αὗται.
618 1402 797 1456 ΠΡΟΣ
829 1401 1019 1455 ΘΕΣΣ.
1063 1408 1131 1455 α’.
1183 1399 1380 1470 Ὑμεῖς
1419 1398 1737 1468 μάρτυρες,
1785 1397 1882 1450 καὶ
1926 1400 1958 1450 ό

370 1493 551 1560 Θεὸς,
582 1494 660 1559 ὡς
688 1494 891 1558 ὁσίως,
924 1493 1022 1545 καὶ
1053 1490 1316 1558 δικαίως,
1342 1489 1442 1544 καὶ
1472 1489 1790 1558 ἀμέμπτως
1815 1486 1960 1556 ὑμῖν

365 1585 508 1651 τοῖς
567 1584 963 1638 πιστεύουσιν
1016 1583 1410 1652 ἐγενήθημεν,
1465 1577 1730 1646 καθάπερ
1787 1577 1957 1648 ὑμεῖς

366 1678 601 1732 οῑδατε.

995 1767 1166 1819 ΟΡΟΣ
1221 1768 1342 1819 UA'.

369 1861 528 1916 Ὅσα
576 1860 717 1914 κατὰ
750 1858 1044 1927 συνάφειαν
1088 1856 1306 1928 εἴρηται
1351 1858 1479 1927 περὶ
1511 1854 1821 1908 ἐπισκόπων
1867 1852 1962 1907 καὶ

970 1946 1378 2018 πρεσϐυτέρων.

990 2057 1216 2127 Κεφάλ.
1262 2057 1335 2111 α’.

451 2152 634 2208 ΠΡΟΣ
684 2153 831 2206 ἸῚΜ.
899 2147 966 2202 α’.
1027 2150 1100 2204 Εἴ
1147 2166 1236 2214 τις
1283 2149 1624 2217 ἐπισκοπῆς
1674 2149 1955 2220 ὀρέγεται,

366 2245 572 2302 καλοῦ
604 2246 779 2315 ἔργου
817 2241 1110 2310 ἐπιθυμεῖ.
1149 2242 1327 2296 Ἀλλὰ
1358 2241 1451 2294 δεῖ
1486 2241 1593 2294 τὸν
1620 2241 1958 2295 ἐπίσκοπον

370 2339 794 2404 ἀνεπίληπτον
820 2336 992 2398 εἶναι,
1027 2333 1120 2386 καὶ
1165 2334 1233 2387 τὰ
1270 2332 1417 2402 ἑξῆς.
1462 2333 1640 2385 ΠΡΟΣ
1692 2333 1839 2386 ΤΙΜ.
1889 2341 1955 2387 α’.

368 2422 768 2498 Πρὼϐυτὲρῳ
799 2425 885 2494 μὴ
919 2425 1280 2492 ἐπιπλήξῃς,
1319 2424 1480 2478 ἀλλὰ
1511 2423 1845 2492 παρακάλει
1881 2427 1960 2492 ὼς

372 2521 610 2588 πατέρα
631 2561 646 2585 ,
697 2518 1022 2586 νεωτέρους
1054 2518 1133 2582 ὡς
1174 2517 1477 2586 ἀδελφοὺς
1498 2553 1512 2581 ,
1556 2518 1960 2586 πρεσϐυτέρας

372 2617 465 2682 ὡς
509 2613 802 2685 μητέρας,
849 2611 1137 2679 νεωτέρας
1187 2611 1268 2677 ὠς
1319 2611 1618 2679 ἀδελφὰς,
1677 2611 1748 2664 ἐν
1791 2610 1958 2679 πάσῃ

372 2710 612 2778 ἁγνείᾳ.
667 2707 847 2759 ΠΡΟΣ
899 2705 1045 2758 ΤΙΜ.
1105 2703 1168 2773 β’.
1224 2704 1332 2769 Τὰς
1366 2703 1434 2755 δέ
1461 2705 1813 2772 νεωτερικὰς
1839 2705 1962 2758 ἐπι-

375 2801 601 2867 θυμίας
645 2797 858 2867 φεῦγε,
919 2797 1093 2850 δίωκε
1133 2796 1202 2849 δὲ
1259 2797 1671 2865 δικαιοσύνην,
1731 2800 1958 2861 πίστιν,

375 2890 646 2959 ἀγάπην,
695 2889 944 2957 εὶρήνην
985 2889 1134 2957 μετὰ
1171 2887 1289 2942 τῶν
1318 2888 1810 2958 ἐπικαλουμένων
1856 2889 1960 2943 τὸν

2125 369 2230 426 sibi
2260 370 2563 424 concrediti
2589 369 2762 438 fuere,
2793 371 2988 428 debeat
3011 371 3381 442 comprobari,
3411 386 3634 428 eorum-

2123 476 2230 530 que
2258 461 2574 516 testimonio
2602 461 2994 515 commendari.

2579 573 2750 644 Caput
2793 573 3095 628 XXXVII.

2136 664 2237 719 Vos
2291 666 2439 720 scitis
2483 683 2517 719 a
2575 668 2750 735 prima
2793 666 2897 730 die,
2949 683 3055 737 qua
3103 670 3370 738 ingressus
3419 685 3536 723 sum
3576 670 3630 723 in

2054 759 2262 821 Asiam,
2293 759 2526 827 qualiter
2555 757 2819 814 vobiscum
2844 739 2942 826 per
2974 775 3126 813 omne
3160 767 3361 829 tempus
3392 759 3583 828 fuerim
3614 776 3633 812 :

2057 850 2285 904 serviens
2331 849 2558 903 Domino
2605 866 2724 902 cum
2789 851 2934 904 omni
2983 853 3301 916 humilitate,
3353 862 3404 906 et
3450 853 3632 906 multis

2057 939 2306 1012 lacrymis
2334 950 2384 994 et
2416 942 2788 995 tentationibus
2820 942 2959 1012 (Act.
2988 959 3080 1008 xx,
3121 943 3206 1007 18,
3239 944 3345 1012 19).
3378 942 3442 997 Ει
3469 945 3634 1013 paulo

2058 1042 2181 1103 post
2245 1048 2258 1084 :
2304 1035 2613 1102 Argentum,
2666 1043 2759 1087 aut
2802 1051 3012 1102 aurum,
3060 1044 3152 1088 aut
3195 1045 3384 1089 vestem
3435 1035 3634 1090 nullius

2057 1125 2344 1193 concupiui.
2374 1124 2487 1192 Ipsi
2510 1126 2655 1180 scitis
2692 1142 2710 1178 :
2747 1127 2996 1197 quoniam
3031 1126 3099 1180 ad
3128 1143 3190 1182 ea
3212 1144 3327 1198 qua:
3357 1127 3483 1180 mihi
3505 1143 3633 1196 opus

2055 1226 2229 1278 erant,
2255 1224 2303 1270 et
2333 1216 2412 1270 Itis
2442 1217 2532 1286 qui
2555 1233 2754 1271 mecum
2791 1226 2934 1280 sunt,
2973 1218 3406 1272 ministrarerunt
3446 1233 3633 1270 manus

2057 1306 2175 1359 istae
2237 1303 2390 1375 (ibid.
2452 1306 2541 1368 55,
2586 1307 2746 1377 51)...
2797 1305 2898 1359 Vos
2959 1315 3110 1360 testes
3179 1309 3326 1373 estis,
3377 1314 3426 1360 et
3469 1305 3634 1369 Deus,

2057 1411 2213 1466 quam
2250 1405 2454 1464 sancte,
2488 1406 2536 1450 et
2555 1397 2722 1466 juste,
2764 1407 2811 1451 et
2839 1398 2951 1451 sine
2979 1398 3189 1466 querela
3221 1398 3362 1450 vobis
3401 1397 3492 1468 qui
3521 1412 3635 1450 crc-

2057 1486 2209 1552 ditis,
2241 1489 2442 1556 fuimus
2485 1503 2500 1542 :
2531 1491 2666 1542 sicut
2689 1506 2776 1543 vos
2807 1491 2954 1544 scitis
2993 1488 3046 1561 (1
3079 1489 3260 1543 Thess.
3299 1506 3361 1553 ιι,
3392 1488 3504 1559 10).

2588 1761 2869 1817 REGULA
2911 1761 3093 1816 LXXI.

2059 1855 2191 1923 Quae
2220 1855 2557 1926 conjunctim
2597 1857 2665 1912 de
2696 1857 2970 1928 episcopis
3013 1871 3078 1911 ac
3115 1855 3444 1927 presbyteris
3487 1853 3636 1909 dicta

2773 1955 2921 2001 sunt.

2722 2057 2894 2127 Caput
2941 2058 2969 2113 1

2131 2153 2192 2210 Si
2219 2157 2335 2225 quis
2363 2155 2721 2223 episcopatum
2768 2151 3059 2213 desiderat,
3102 2150 3294 2203 bonum
3325 2164 3452 2217 opus
3495 2145 3640 2202 desi-

2059 2247 2232 2302 derat.
2282 2244 2386 2300 Sed
2424 2253 2623 2313 oportet
2662 2244 2959 2311 episcopum
2993 2239 3494 2310 irreprehensibilem
3528 2253 3640 2292 esse

2061 2337 2114 2406 (Ι
2150 2338 2286 2391 Tim.
2332 2353 2412 2400 ιιι,
2458 2335 2610 2405 1,2),
2649 2344 2802 2388 etc...
2849 2333 3118 2388 Seniorem
3165 2347 3227 2384 ne
3266 2329 3638 2398 increpaveris,

2062 2430 2150 2484 sed
2176 2430 2390 2484 obsecra
2428 2437 2483 2481 ut
2515 2437 2720 2496 patrem
2752 2443 2769 2480 :
2793 2425 3032 2493 juniores
3071 2431 3128 2476 ut
3158 2423 3373 2491 fratres,
3409 2421 3641 2474 seniores

2061 2523 2305 2575 mulieres
2353 2530 2409 2573 ut
2454 2528 2649 2572 matres
2677 2557 2690 2581 ,
2729 2518 2971 2587 juniores
3019 2525 3076 2568 ut
3118 2530 3346 2578 sorores,
3394 2513 3450 2566 in
3499 2512 3643 2566 omni

2061 2614 2310 2667 castitate
2359 2610 2411 2681 (1
2447 2611 2582 2666 Tim.
2621 2626 2677 2676 γ,
2724 2610 2776 2673 1,
2825 2609 2952 2677 2)...
2993 2606 3261 2661 Juvenilia
3293 2615 3466 2659 autem
3509 2604 3645 2658 desi-

2061 2705 2213 2758 deria
2239 2704 2357 2774 fuge
2386 2718 2404 2755 :
2437 2713 2636 2756 sectare
2657 2717 2773 2754 vero
2790 2699 3078 2770 justitiam,
3103 2698 3284 2763 ﬁdem,
3308 2695 3642 2755 cltaritatem,

2063 2813 2245 2868 pacem
2279 2813 2394 2850 cum
2426 2797 2492 2849 iis
2516 2796 2603 2865 qui
2633 2795 2875 2848 invocant
2906 2792 3192 2847 Dominum
3219 2790 3282 2845 de
3310 2789 3464 2843 corde
3485 2803 3642 2857 puro.

2063 2889 2274 2945 Stultos
2318 2899 2494 2943 autem
2525 2897 2574 2941 et
2634 2889 2748 2942 sine
2813 2887 3094 2955 disciplina
3149 2884 3462 2956 quaestiones
3505 2881 3647 2936 deui-

381 2982 603 3049 Κύριον
648 2982 718 3035 ἐκ
759 2979 1023 3048 καθαρᾶς
1069 2980 1338 3048 καρδίας.
1377 2980 1488 3046 Τὰς
1523 2981 1593 3034 δὲ
1624 2981 1827 3050 μωρὰς
1867 2983 1962 3036 καὶ

2081 2994 2164 3048 ἀ,
2230 2984 2397 3037 sciens
2460 2983 2586 3052 quia
2663 2988 2914 3052 generant
2975 2980 3111 3034 lites.
3178 2977 3395 3034 Servum
3469 2984 3646 3030 autem

374 3073 783 3141 ἀπαιδεύτους
818 3073 1090 3150 ζητήσεις
1117 3073 1428 3144 παραιτοῦ,
1459 3073 1649 3140 εἰδὼς,
1690 3075 1780 3128 ὅτι
1827 3092 1960 3146 γεν-

375 3165 537 3218 νῶσι
559 3164 776 3233 μάχας.
809 3165 1040 3219 Δοῦλον
1065 3165 1133 3217 δὲ
1162 3166 1381 3234 Κυρίου
1410 3167 1481 3218 οὑ
1510 3165 1606 3219 δεῖ
1635 3166 1957 3236 μάχεσθαι,

376 3259 525 3312 ἀλλ’
577 3257 762 3325 ἤπιον
808 3255 961 3311 εἶναι
1029 3259 1178 3326 πρὸς
1228 3257 1492 3324 πάντας,
1549 3260 1643 3312 καὶ
1697 3261 1768 3312 τὰ
1814 3259 1960 3330 ἑξῆς.

380 3350 568 3404 ΠΡΟΣ
608 3350 756 3403 ΤΙΜ.
813 3348 878 3418 β’.
929 3349 1012 3403 Σὺ
1042 3349 1123 3402 se
1153 3351 1695 3419 παρηκολούθηκας
1720 3370 1840 3421 μου
1889 3352 1966 3421 τῇ

379 3440 607 3502 πίστει,
648 3438 724 3510 τῇ
760 3440 1144 3509 διδασκαλίᾳ,
1180 3438 1255 3508 τῇ
1285 3439 1506 3510 ἀγωγῇ,
1551 3440 1624 3508 τῇ
1665 3441 1965 3510 προθέσει,

379 3531 464 3602 τῇ
518 3531 834 3601 ὑπομονῇ,
891 3533 1016 3598 τοῖς
1071 3531 1376 3601 διωγμοῖς,
1426 3532 1551 3598 τοῖς
1597 3531 1964 3602 παθήμασιν.

382 3625 568 3680 ΠΡΟΣ
592 3626 747 3679 -ΤΙΤ.
807 3629 1024 3679 Τούτου
1065 3624 1240 3692 χάριν
1280 3625 1604 3679 κατέλιπόν
1633 3624 1746 3696 (86)
1776 3641 1852 3679 σε
1897 3626 1969 3679 ἐν

383 3717 612 3785 Κρήτῃ,
646 3718 748 3771 ἵνα
774 3717 846 3770 τὰ
872 3718 1161 3770 λείποντα
1184 3715 1632 3783 ἐπιδιορθώσης,
1669 3716 1765 3769 καὶ
1789 3733 1967 3770 reatu-

2070 3077 2283 3131 Domini
2331 3092 2432 3130 non
2476 3085 2678 3144 oportet
2719 3075 2929 3143 litigare
2956 3114 2970 3138 ,
3023 3073 3112 3126 sed
3161 3079 3491 3125 mansuetum
3533 3084 3648 3122 esse

2071 3169 2140 3224 ad
2186 3187 2362 3224 omnes
2416 3166 2503 3238 (ΙΙ
2539 3168 2675 3222 Tim.
2726 3179 2786 3232 ιι,
2831 3169 2951 3224 22-
2979 3167 3103 3238 24),
3145 3175 3297 3222 etc...
3350 3164 3430 3219 Tu
3471 3175 3647 3217 autem

2073 3273 2343 3318 assecutus
2372 3280 2425 3316 es
2471 3280 2640 3316 meam
2669 3263 2853 3332 ﬁdem,
2884 3261 3203 3321 doctrinam,
3239 3258 3648 3319 institutionem.

2071 3358 2439 3425 propositum,
2494 3357 2844 3423 patientiam,
2892 3355 3314 3424 persecutiones,
3375 3352 3648 3420 passiones

2074 3447 2164 3518 (II
2197 3449 2333 3502 Tim.
2363 3465 2452 3514 ιιι,
2485 3450 2573 3515 10,
2607 3449 2762 3519 11)...
2800 3447 2972 3518 Hujus
2998 3448 3073 3501 rei
3096 3447 3271 3517 gratia
3295 3443 3482 3512 reliqui
3516 3451 3563 3496 te
3592 3441 3651 3493 in

2075 3539 2254 3603 Creta,
2289 3551 2432 3594 utea
2462 3558 2578 3610 qua:
2610 3541 2796 3595 desunt
2838 3541 3097 3610 corrigas,
3142 3547 3192 3593 et
3225 3537 3517 3591 constituas
3559 3547 3650 3602 per

2073 3633 2309 3687 civitates
2339 3634 2693 3704 presbyteros,
2728 3635 2863 3687 sicut
2893 3651 2984 3702 ego
3016 3630 3250 3699 disposui
3294 3629 3410 3693 tibi,
3445 3627 3493 3681 si
3531 3626 3649 3696 quis

2076 3723 2187 3777 sine
2209 3725 2425 3779 crimine
2451 3736 2527 3778 est
2559 3723 2689 3793 (Tit.
2728 3741 2764 3788 ι,
2798 3724 2850 3790 5,
2875 3724 2952 3794 6),
2979 3731 3084 3778 etc.

384 3810 626 3879 στήσῃς
691 3810 842 3863 κατὰ
899 3811 1081 3863 πόλιν
1132 3809 1604 3878 πρεσϐυτέρους,
1675 3813 1754 3877 ὠς
1817 3810 1932 3880 ἐγώ
1980 3827 2079 3870 σοι
2128 3817 2523 3891 διεταξάμην,
2599 3820 2657 3875 ετ
2720 3837 2810 3884 τις
2865 3819 3040 3873 ἐστὶν
3092 3801 3497 3885 ἀνέγκλητος,
3555 3814 3650 3867 καὶ

387 3901 458 3954 τὰ
497 3900 646 3969 ἑξῆς.

686 4011 908 4082 Κεφάλ.
943 4014 1026 4078 β’.
1063 4043 1131 4054 —
1172 4010 1310 4081 Περὶ
1350 4011 1663 4070 διακόνων.

459 4103 771 4160 ΠΡΑΞΕΙΣ.
827 4104 935 4158 Καὶ
993 4102 1350 4168 ἐξελέξαντο
1405 4104 1713 4174 Στέφανον
1779 4106 1969 4175 ἄνδρα

388 4196 590 4264 πλήρη
639 4196 897 4260 πίστεως
950 4196 1049 4248 καὶ
1086 4195 1434 4262 Πνεύματος
1476 4197 1670 4259 ἁγίου,
1727 4197 1824 4251 καὶ
1867 4200 1967 4250 Φί-

2353 4019 2517 4091 306
2551 4018 2720 4090 Caput
2763 4017 2850 4074 II.
2883 4047 2954 4059 —
2986 4017 3062 4073 De
3090 4019 3349 4074 diaconis.

2150 4113 2216 4165 Et
2256 4113 2522 4182 elegerunt
2582 4111 2908 4176 Stephanum
2965 4112 3134 4166 virum
3184 4110 3394 4181 plenum
3455 4110 3560 4182 ﬁde
3601 4122 3651 4166 et

2078 4205 2282 4272 Spiritu
2310 4212 2514 4269 sancto,
2543 4214 2593 4258 et
2614 4203 2938 4273 Philippum,
2964 4215 3013 4258 et
3041 4204 3387 4269 Prae/torum,
3406 4212 3457 4258 et
3485 4201 3654 4256 Nica-

387 4291 635 4349 λιππον,
678 4275 776 4339 καὶ
820 4287 1144 4353 Πρόχορον,
1189 4285 1287 4338 καὶ
1336 4287 1656 4356 Νικάνορα,
1697 4290 1793 4342 καὶ
1841 4290 1962 4352 τοὺς

2081 4313 2280 4359 norem,
2306 4304 2362 4350 et
2384 4297 2648 4365 reliquos,
2679 4311 2808 4365 quos
2840 4304 3139 4350 statuerunt
3165 4305 3286 4350 ante
3317 4307 3650 4364 conspectum

394 4385 626 4442 λοιποὺς,
669 4377 775 4444 οὓς
809 4378 1083 4444 ἔστησαν
1120 4378 1377 4433 ἐνώπιον
1408 4376 1527 4431 τῶν
1566 4380 1929 4435 ἀποστόλων
1950 4399 1964 4412 ·

393 4483 489 4524 καί
518 4468 996 4538 προσευξάμενοι
1039 4469 1341 4538 ἐπέθηκαν
1377 4471 1583 4538 αὐτοῖς
1611 4471 1716 4538 τὰς
1744 4471 1966 4542 χεῖρας.

390 4564 568 4618 ΠΡΟΣ
617 4562 764 4614 ΤΙΜ.
793 4566 860 4614 α’.
892 4563 1216 4627 Διακόνους
1253 4563 1536 4628 ὡσαύτως
1577 4562 1862 4631 σεμνοὺς,
1883 4563 1969 4634 μὴ

391 4654 706 4723 διλόγους,
763 4651 843 4720 μὴ
902 4655 1046 4718 οϊνῳ
1101 4651 1311 4718 πολλῷ
1382 4652 1827 4722 προσέχοντας,
1881 4653 1966 4724 μὴ

392 4743 860 4813 αἰσχροκερδεῖς,
895 4743 990 4796 καὶ
1025 4743 1093 4795 τὰ
1128 4743 1272 4815 ἑξῆς.

991 4854 1164 4908 υΡΟΣ
1215 4853 1332 4906 OB'.

851 4945 990 5015 Περὶ
1028 4945 1341 5014 ἀκροατῶν
1369 4945 1503 5018 (87).

396 5059 514 5115 Ὅτι
561 5062 647 5116 δεῖ
696 5061 808 5118 τῶν
860 5063 1146 5136 ἀκροατῶν
1182 5065 1308 5128 τοὺς
1361 5064 1824 5135 πεπαιδευμένους
1872 5065 1971 5128 τὰς

460 5154 705 5226 Γραφὰς,
737 5156 1054 5226 δοκιμάζειν
1091 5157 1159 5210 τὰ
1181 5155 1333 5229 παρὰ
1372 5156 1478 5212 τῶν
1509 5157 1844 5212 διδασκάλων
1878 5157 1968 5210 λε-

461 5247 702 5316 γόμενα·
735 5249 832 5302 καὶ
860 5249 929 5302 τὰ
965 5249 1066 5319 μὲν
1108 5248 1376 5320 σύμφωνα
1410 5252 1530 5312 ταῖς
1559 5249 1802 5321 Γραφαῑς
1829 5249 1972 5320 δέχε-

461 5337 606 5404 σθαι,
645 5339 716 5392 τὰ
738 5339 795 5392 δὲ
829 5341 1082 5413 ἀλλότρια
1125 5341 1450 5397 ἀποϐάλλειν
1471 5359 1484 5372 ·
1527 5343 1619 5395 καὶ
1656 5343 1782 5406 τοὺς
1808 5343 1968 5395 aetati-

463 5474 576 5546 (86)
605 5476 834 5544 Antiqui
867 5486 980 5531 tres
1014 5477 1138 5534 libri
1183 5477 1466 5532 ἀπέλιπον.
1518 5477 1759 5546 Utraque
1798 5479 1966 5535 editio

399 5545 699 5620 κατέλιπον.
736 5546 855 5620 Mos
880 5548 1048 5604 editio
1087 5550 1262 5604 Paris.
1295 5545 1708 5620 ὲπιδιορθώσῃξ.
1737 5549 1804 5606 At
1827 5565 1960 5606 mss.

401 5625 508 5672 tres
531 5616 912 5704 ἐπιδιορθώσῃ.

2075 4388 2436 4454 apostolorum
2473 4403 2490 4438 :
2530 4395 2579 4439 et
2639 4398 2850 4440 orantes
2914 4385 3276 4454 imposuerunt
3339 4385 3414 4440 eis
3463 4403 3650 4439 manus

2075 4483 2212 4548 (Act.
2240 4496 2317 4544 vr,
2333 4481 2388 4548 5,
2415 4455 2818 4553 6)...biaconos
2837 4480 3083 4534 similiter
3107 4479 3344 4547 pudicos,
3363 4494 3465 4532 non
3494 4477 3655 4531 bilin-

2073 4589 2218 4644 gues,
2251 4590 2356 4628 non
2388 4573 2554 4627 multo
2594 4573 2713 4627 uino
2741 4571 2968 4637 deditos,
3006 4588 3108 4626 non
3142 4581 3288 4639 turpe
3319 4571 3523 4624 lucrum
3566 4587 3650 4624 sc-

2041 4661 2046 4665 ’
2075 4663 2275 4717 c'tantes
2317 4661 2370 4732 (I
2399 4662 2535 4718 Tim.
2572 4678 2657 4732 ιιι,
2690 4663 2772 4733 8),
2802 4671 2911 4720 etc.

2590 4862 2725 4919 REG
2736 4863 2871 4919 ULA
2907 4861 3114 4918 LXXII.

2641 4957 2716 5013 De
2738 4956 3091 5015 auditoribus.

2077 5069 2231 5136 Quod
2263 5070 2498 5126 debeant
2529 5069 2808 5125 auditores
2833 5070 2925 5140 qui
2960 5065 3274 5138 Scripturas
3298 5065 3499 5122 iuerint
3522 5063 3656 5120 edo-

2145 5163 2242 5227 cti,
2295 5163 2583 5233 explorare
2622 5176 2688 5216 ac
2739 5162 2974 5232 probare
3023 5175 3086 5216 ea
3121 5175 3242 5231 quae
3293 5176 3322 5213 a
3373 5160 3654 5230 magistris

2147 5253 2406 5310 dicuntur
2452 5271 2466 5306 :
2518 5263 2572 5310 et
2622 5270 2744 5324 quae
2776 5256 2997 5327 quidem
3042 5271 3288 5312 consona
3330 5263 3459 5311 sunt
3505 5254 3655 5311 Suri-

2146 5347 2344 5414 pturis,
2373 5345 2651 5415 suscipere
2677 5363 2692 5411 ;
2720 5361 2840 5413 quin
2860 5361 2990 5403 vero
3023 5346 3221 5411 aliena,
3264 5347 3510 5415 rejicere,
3534 5361 3657 5402 eos-

2150 5476 2962 5547 (87)111ιιι1,,11ερὶάκροατῶν.
2987 5478 3141 5534 deest
3183 5479 3240 5534 in
3281 5477 3522 5536 editione
3541 5479 3654 5534 Pa-

2078 5546 2301 5604 risiensi
2330 5565 2344 5600 :
2373 5546 2468 5602 sed
2497 5546 2773 5617 reperitur
2807 5551 2863 5605 in
2893 5551 3133 5607 editione
3167 5549 3376 5608 Veneta
3397 5560 3453 5608 et
3474 5550 3531 5607 in
3555 5565 3655 5604 an-

2080 5618 2249 5690 tiquis
2285 5617 2501 5674 duobus
2538 5618 2715 5676 libris.
2735 5655 2745 5692 ;
