3962 6238
396 229 503 285 857

1725 227 1781 282 S.
1825 227 2068 285 BASILH
2108 228 2330 287 MAGNI

3538 241 3636 296 848

465 352 572 409 que
594 339 687 407 qui
731 338 785 390 in
819 320 1087 405 ejusmodi
1119 335 1386 392 doctrinis
1409 349 1759 409 perseverant
1804 340 1937 395 vehe

2133 351 2246 407 τοις
2289 344 2403 415 (88)
2448 346 2775 421 διδάγμασιν
2818 352 3175 424 ἐπιμένοντας
3209 352 3637 423 ἀποστρέφεσθαι

466 431 705 486 mentius
733 428 994 509 aversari.

1052 537 1223 606 Caput
1259 538 1309 593 1.

480 631 569 687 να*
588 632 786 686 homini
820 632 923 696 illi,
969 646 1060 699 per
1098 648 1250 701 quem
1283 631 1595 685 scandalum
1633 633 1786 687 venit.
1822 631 1886 685 Et
1920 633 1968 685 si

398 727 581 780 oculus
619 736 741 779 tuus
785 724 1117 779 scandalizat
1148 734 1217 790 te,
1258 742 1381 780 erue
1410 740 1530 780 eum
1563 724 1780 797 (Matth.
1811 738 1963 791 mil,

401 812 453 879 7,
472 817 526 886 9)
556 836 569 870 :
600 815 851 872 similiter
872 815 1012 871 etde
1030 830 1194 870 manu
1221 824 1275 872 et
1304 816 1371 871 de
1386 818 1589 886 pede...
1617 817 1784 872 Amen
1812 833 1962 871 amen

394 912 514 963 dico
541 908 682 963 vobis
702 925 719 961 :
741 908 844 974 Qui
874 925 976 963 non
1008 909 1172 962 intrat
1189 923 1279 977 per
1309 910 1506 963 ostium
1525 910 1579 962 in
1605 909 1737 964 ovile
1768 910 1961 973 ovium,

394 1002 485 1057 sed
514 1002 748 1058 ascendit
767 1003 1002 1069 aliunde,
1030 1002 1120 1056 ille
1140 1001 1228 1071 fur
1249 1011 1327 1057 est
1348 1011 1398 1056 et
1420 1002 1556 1056 latro
1587 999 1767 1072 (Joan.
1804 1018 1856 1068 ι,
1883 1000 1960 1071 1).

394 1093 461 1147 Lt
495 1105 617 1165 post
654 1109 824 1164 pauca
853 1110 864 1144 :
898 1093 1139 1147 Alienum
1194 1104 1369 1146 autem
1413 1108 1516 1145 non
1545 1102 1840 1162 sequentur,
1873 1089 1963 1146 sed

392 1187 592 1258 fugient
615 1186 679 1240 ab
708 1203 766 1240 eo
796 1201 815 1238 :
844 1186 971 1255 quia
1016 1200 1117 1239 non
1146 1193 1397 1239 noverunt
1447 1200 1619 1240 uocem
1669 1183 1963 1238 alienorum

393 1279 544 1348 (ibid.
587 1278 711 1348 5)...
737 1276 839 1332 Sed
881 1276 1003 1331 licet
1039 1294 1155 1341 nos,
1189 1285 1281 1330 aut
1308 1277 1522 1346 angelus
1556 1276 1618 1330 de
1640 1276 1766 1332 catlo
1804 1291 1963 1330 evan-

388 1371 572 1440 gelizet
596 1370 739 1423 vobis
777 1377 967 1437 praeter
989 1366 1042 1420 id
1077 1366 1214 1435 quod
1258 1366 1554 1436 accepistis,
1586 1365 1866 1420 anathema
1894 1365 1963 1420 sit

390 1461 534 1529 (Gal.
568 1476 607 1524 ι,
629 1461 752 1532 8)...
774 1459 1081 1528 Prophetias
1102 1460 1261 1513 nolite
1285 1473 1542 1526 spernere.
1568 1455 1760 1513 Omnia
1786 1465 1961 1510 autem

386 1552 601 1621 probate
640 1567 658 1604 :
688 1550 825 1621 quod
866 1551 1056 1604 bonum
1094 1560 1192 1616 est,
1235 1558 1419 1603 tenete.
1471 1548 1549 1602 Ab
1602 1548 1745 1602 omni
1796 1547 1961 1615 specie

411 1644 555 1697 mala
584 1642 836 1697 abstinete
871 1642 917 1712 (Ι
952 1641 1135 1696 Thess.
1168 1657 1220 1705 ν,
1246 1640 1468 1710 20-22).

2143 437 2517 508 σφοδρότερον.

2682 552 2906 620 Κεφάλ.
2952 560 3023 608 α’.

2138 638 2503 698 ΜΑΤΘΑΙΟΣ.
2558 642 2703 696 Οὐαὶ
2744 643 2827 709 τῷ
2859 646 3144 714 ἀνθρώπῳ
3183 648 3412 715 ἐκείνῳ,
3445 646 3522 701 δι’
3565 642 3636 703 οὗ

2067 730 2133 780 τὸ
2168 730 2519 785 σκάνδαλον
2564 734 2821 802 ἔρχεται.
2867 736 2979 790 Καὶ
3008 738 3063 789 εὶ
3103 739 3138 792 ό
3182 737 3488 807 ὀφθαλμός
3527 751 3643 789 σου

2066 820 2442 882 σκανδαλίζει
2474 838 2568 887 σε,
2616 825 2790 890 ἐξελε
2843 829 3032 883 αὐτόν
3055 846 3069 860 ’
3115 828 3314 899 ὁμοίως
3358 829 3457 883 καὶ
3513 828 3644 899 περὶ

2067 909 2246 980 χειρὸς
2290 912 2382 964 καὶ
2435 913 2613 979 ποδός.
2662 916 2987 971 ΙΩΑΝΝΗΣ.
3061 916 3239 987 Ἀμὴν
3277 917 3443 987 ἀμὴν
3485 916 3643 985 λέγω

2066 1001 2237 1069 ὑμῖν·
2275 1005 2308 1057 ό
2346 1002 2432 1072 μὴ
2479 1007 2900 1077 εἰσερχόμενος
2937 1008 3036 1065 διὰ
3064 1009 3176 1079 τῆς
3203 1011 3385 1079 θύρας
3411 1012 3500 1077 εὶς
3526 1009 3644 1078 τὴν

2066 1091 2269 1160 αὐλὴν
2318 1092 2437 1147 τῶν
2482 1096 2813 1164 προϐάτων,
2867 1099 3028 1154 ἀλλά
3066 1100 3406 1154 ἀναϐαίνων
3450 1101 3639 1155 ἀλλα-

2064 1183 2263 1250 χόθεν,
2313 1184 2544 1252 ἐκεῖνος
2589 1188 2856 1257 κλέπτης
2905 1189 3039 1244 ἐστὶ
3076 1192 3173 1245 καὶ
3215 1193 3474 1261 λῃστής.
3532 1193 3641 1245 Καὶ

2068 1273 2183 1341 μετ’
2234 1272 2423 1343 ὀλίγα·
2485 1276 2797 1345 Ἀλλοτρίῳ
2848 1278 2919 1331 δὲ
2960 1280 3033 1332 οὐ
3078 1280 3164 1349 μὴ
3210 1281 3639 1350 ἀκολουθήσω-

2063 1377 2167 1416 σιν
2196 1363 2327 1436 (89),
2358 1366 2520 1421 ἀλλὰ
2548 1369 2871 1437 φεύξονται
2907 1371 3009 1426 ἀπ’
3035 1373 3244 1435 αὐτοῦ,
3274 1372 3364 1425 ὅτι
3409 1375 3525 1426 οὐκ
3553 1373 3642 1427 οτ-

2065 1451 2207 1507 δασι
2261 1454 2382 1510 τῶν
2443 1457 2779 1527 ἀλλοτρίων
2826 1460 2943 1528 τὴν
2974 1459 3203 1530 φωνήν.
3254 1463 3436 1517 ΠΡΟΣ
3480 1463 3640 1517 ΓΑΔ.

2075 1545 2249 1602 Ἀλλὰ
2302 1548 2402 1603 καὶ
2453 1551 2562 1606 ἐὰν
2615 1551 2819 1621 ἡμεῖς,
2870 1552 2910 1622 ἢ
2968 1553 3225 1625 ἄγγελος
3260 1554 3329 1620 ἐξ
3375 1555 3641 1624 οὐρανοῦ

2067 1639 2511 1710 εὐαγγελίζηται
2550 1643 2696 1714 ὑμῖν
2713 1645 2852 1713 παρ’
2891 1645 2923 1699 ὃ
2954 1646 3339 1716 παρελάϐετε,
3369 1647 3643 1717 ἀνάθεμα

382 1737 558 1790 ἔστω.
593 1736 771 1788 ΙΙΡΟΣ
806 1733 995 1787 ΘΕΣΣ.
1043 1740 1111 1788 α’.
1179 1733 1546 1801 Προεβητείας
1594 1731 1678 1801 μὴ
1721 1728 2106 1796 ἐξουθενεῖτε.
2153 1731 2353 1786 Πάντα
2396 1733 2736 1806 δοκιμάζετε
2773 1738 2915 1808 (90)·
2963 1737 3029 1791 τὸ
3084 1737 3276 1792 καλὸν
3332 1739 3637 1809 κατέχετε.

394 1827 528 1884 Ἀπὸ
572 1826 799 1892 παντὸς
828 1825 1028 1891 εἷδους
1060 1823 1327 1892 πονηροῦ
1375 1822 1693 1892 ἀπέχεσθε.

382 1919 536 1987 Quod
576 1918 613 1973 ii
659 1918 752 1989 qui
792 1933 901 1971 non
944 1916 1173 1971 multum
1220 1915 1420 1970 callent
1468 1913 1804 1984 Scripturas,
1843 1910 1941 1968 de-

2063 1911 2169 1966 ὐτι
2206 1914 2288 1969 δεῖ
2325 1918 2453 1982 τοὺς
2494 1917 2570 1990 μὴ
2601 1918 2802 1990 πολλὴν
2851 1919 3076 1991 ἔχοντας
3119 1921 3218 1994 τὴν
3252 1921 3362 1976 τῶν
3398 1921 3639 1994 Γραφῶν

443 2013 607 2066 beant
632 2025 700 2065 ex
753 2007 990 2080 Spiritus
1030 2008 1298 2062 fructibus
1328 2007 1700 2063 characterem
1740 2022 1804 2061 ac
1848 2021 1948 2061 no-

449 2111 558 2154 tam
614 2110 929 2155 sanctorum
984 2113 1324 2169 agnoscere:
1354 2106 1407 2152 et
1453 2112 1548 2152 eos
1586 2097 1806 2168 quidem
1852 2096 1946 2168 qui

444 2191 584 2246 tales
612 2198 760 2253 sunt,
794 2189 1087 2244 admittere
1109 2226 1126 2253 ,
1157 2189 1227 2243 ab
1252 2187 1322 2243 iis
1350 2204 1483 2243 vero
1526 2189 1619 2258 qui
1671 2202 1781 2243 non
1819 2194 1947 2244 sunt

446 2281 784 2352 huiusmodi,
812 2280 1087 2335 recedere.

1011 2370 1182 2441 Caput
1216 2368 1298 2428 ΙΙ.

444 2464 710 2518 Attendite
747 2480 780 2516 a
807 2462 959 2530 falsis
990 2462 1276 2532 prophetis,
1317 2463 1407 2532 qui
1436 2463 1645 2517 veniunt
1673 2461 1743 2515 ad
1775 2477 1864 2516 vos
1890 2462 1946 2516 in

372 2556 693 2611 vestimentis
733 2556 925 2619 ouium,
968 2555 1284 2609 intrinsecus
1332 2565 1509 2608 autem
1548 2563 1671 2608 sunt
1704 2556 1817 2622 lupi
1852 2571 1944 2608 ra-

371 2662 547 2715 paces.
576 2646 621 2699 A
648 2644 909 2715 fructibus
928 2661 1111 2699 eorum
1136 2645 1457 2712 cognoscetis
1483 2660 1571 2699 eos
1594 2644 1813 2716 (Matth.
1841 2660 1940 2711 vn,

373 2738 461 2802 15,
494 2739 675 2808 16)....
723 2736 1026 2792 Imitatores
1072 2736 1172 2812 mei
1198 2745 1381 2800 estote,
1427 2736 1644 2804 fratres,
1689 2747 1741 2790 et
1765 2736 1943 2791 obser-

371 2838 487 2885 uate
504 2846 593 2884 eos
614 2830 703 2900 qui
723 2831 802 2883 ita
833 2828 1128 2890 ambulant,
1160 2826 1603 2891 quemadmodum
1632 2843 1726 2883 nos
1760 2843 1940 2883 exem-

368 2924 490 2994 plar
520 2922 721 2979 habetis
745 2922 997 2992 (Philipp.
1030 2937 1115 2986 Ill,
1154 2920 1264 2990 17).

369 3101 529 3170 Quod
553 3101 647 3171 qui
668 3106 817 3155 recte
839 3098 1067 3154 verbum
1087 3097 1335 3153 veritatis
1362 3102 1624 3161 tractant,
1651 3096 1689 3150 ii
1713 3096 1941 3167 perinde

440 3201 605 3264 atque
638 3191 901 3247 Dominus
933 3190 1043 3245 sint
1071 3189 1430 3259 suscipiendi,
1459 3189 1528 3244 ad
1556 3189 1789 3260 gloriam
1815 3188 1936 3260 ejus

433 3285 529 3355 qui
563 3283 686 3338 illos
714 3281 863 3337 misit
890 3278 1021 3338 Jesu
1047 3279 1254 3336 Christi
1284 3279 1500 3337 Domini
1526 3280 1727 3337 nostri.

985 3393 1157 3462 Caput
1189 3391 1311 3450 ΙΙΙ.

435 3484 542 3550 Qui
580 3485 763 3553 recipit
797 3499 908 3546 vos,
952 3500 1031 3537 me
1065 3485 1247 3551 recipit
1270 3483 1487 3554 (Matth.
1516 3501 1573 3551 ι,
1600 3485 1784 3556 40)....
1830 3486 1936 3552 Qui

362 3576 546 3647 recipit
569 3576 615 3630 si
638 3590 790 3645 quem
819 3574 1035 3639 misero,
1069 3591 1149 3628 me
1177 3576 1357 3642 recipit
1385 3574 1569 3647 (Joan.
1604 3575 1933 3648 xm,20)....

2123 2006 2342 2089 γνῷσιν,
2379 2011 2437 2064 ὲν
2468 2012 2582 2075 τοῖς
2611 2014 2843 2082 καρποῖς
2874 2011 2968 2066 τοῦ
2997 2013 3313 2085 Πνεύματος
3343 2015 3638 2086 γνωρίζειν

2119 2097 2209 2150 τὸν
2237 2100 2561 2173 χαρακτῆρα
2590 2102 2701 2155 τῶν
2728 2105 2898 2173 ἁγίων
2918 2121 2931 2134 ⁸
2958 2105 3196 2169 καὶτοὺς
3234 2106 3332 2175 μὲν
3358 2106 3637 2171 τοιούτους

2118 2191 2404 2263 δέχεσθαι,
2462 2196 2590 2261 τοὺς
2646 2196 2703 2250 δὲ
2767 2196 2942 2262 ἄλλως
2999 2196 3225 2268 ἔχοντας
3288 2198 3639 2270 ἀποστρέφε-

2118 2287 2263 2341 σθαι.

2071 2450 2085 2457 f
2662 2380 2887 2451 Κεφάλ.
2923 2382 3007 2447 β’.

2108 2469 2482 2524 ’ΜΑΤΘΑΙΟΣ.
2522 2471 2859 2541 Προσέχετε
2889 2472 2958 2525 δὲ
2987 2472 3106 2526 ἀπὸ
3131 2471 3251 2526 τῶν
3285 2471 3631 2545 ’ψευδοπρο-

2046 2559 2268 2629 φητῶν,
2309 2562 2527 2628 οἵτινες
2551 2561 2830 2631 ἔρχονται
2872 2563 3021 2633 πρὸς
3051 2563 3206 2634 ὑμᾶς
3236 2564 3306 2619 ὲν
3329 2564 3631 2636 ἐνδύμασι

2045 2650 2381 2721 προϐάτων,
2409 2651 2637 2706 ἔσωθεν
2666 2651 2733 2706 δέ
2762 2655 2882 2710 εισι
2931 2656 3107 2708 λύκοι
3149 2654 3433 2724 ἅρπαγες.
3486 2656 3626 2710 Ἀπὸ

2043 2742 2162 2797 τῶν
2186 2742 2432 2812 καρπῶν
2458 2743 2658 2798 αὐτῶν
2699 2744 3108 2815 ἐπιγνώσεσθε
3144 2748 3385 2814 αὐτούς.
3439 2748 3626 2801 ΠΡΟΣ

2043 2837 2301 2890 ΦΙΛΙΠΠ.
2339 2837 2711 2907 Συμμιμηταί
2726 2856 2847 2908 μου
2886 2838 3126 2909 γίνεσθε
3146 2880 3161 2903 ,
3201 2839 3488 2909 ἀδελφοὶ,
3518 2840 3625 2894 καὶ

2043 2927 2324 2982 σκοπεῖτε
2344 2928 2487 2995 τοὺς
2525 2929 2676 2984 οὕτω
2703 2930 3194 3000 περιπατοῦντας,
3230 2932 3427 3000 καθὼς
3450 2933 3626 3003 ἔχετε

2043 3021 2237 3075 τύπον
2269 3019 2449 3091 ἡμᾶς.

2046 3127 2260 3181 Ὅτιδεί
2282 3129 2390 3183 τῶν
2405 3127 2839 3200 ὀρθοτομούντων
2853 3131 2944 3184 τὸν
2964 3132 3120 3201 λόγον
3139 3134 3237 3203 τῆς
3254 3134 3513 3206 ἀληθείας
3530 3135 3627 3190 οὖ-

2112 3237 2219 3284 τως
2245 3221 2555 3291 ἀνέχεσθαι,
2572 3221 2649 3286 ὡς
2674 3222 2767 3276 τοῦ
2793 3223 2906 3295 (91)
2925 3225 3154 3298 Κυρίου,
3181 3228 3260 3291 εἰς
3274 3228 3433 3295 δόξαν
3451 3230 3626 3284 αὐτοῦ

1964 3319 2008 3376 C
2108 3310 2202 3366 τοῦ
2214 3314 2633 3380 ἀποστείλαντος
2647 3314 2817 3386 Ἰησοῦ
2829 3318 3064 3389 Χριστοῦ
3088 3318 3181 3373 τοῦ
3203 3321 3411 3392 Κυρίου
3435 3323 3623 3393 ἡμῶν.

2640 3429 2863 3485 Κεφάλ.
2915 3438 2986 3485 τ’.

2640 3438 2717 3483 Κε
2764 3438 2863 3485 ἀλ.
2971 3470 2986 3484 .

2108 3514 2477 3570 ΜΑΤΘΛῙΟΣ.
2523 3517 2586 3571 '0
2615 3438 3154 3592 δεχῗμενοζύμᾶς,
3198 3524 3304 3594 ἐμὲ
3351 3526 3619 3595 δέχεται.

2040 3606 2217 3659 ΙΩΑΝ.
2257 3606 2310 3659 '0
2342 3608 2663 3676 λαμϐάνων
2705 3611 2813 3665 ἐάν
2853 3628 2986 3667 τινα
3019 3614 3234 3685 πέμψω
3254 3657 3268 3682 ,
3311 3618 3420 3686 ἐμὲ
3459 3622 3622 3689 λαμ-

365 3670 470 3736 Qui
500 3685 590 3723 vos
638 3667 809 3733 audit,
854 3683 937 3721 me
983 3666 1134 3720 audit
1173 3666 1324 3738 (Luc.
1355 3684 1410 3733 ι,
1443 3668 1533 3739 16)
1557 3668 1814 3740 307....
1867 3668 1935 3723 Et

2063 3696 2220 3752 ῗάνει.
2250 3666 2546 3754 Aonia.
2589 3701 2654 3755 'o
2697 3666 2933 3758 ἀκούων

364 3762 700 3816 tentationem
734 3763 789 3814 in
823 3775 983 3814 carne
1013 3774 1130 3813 mea
1163 3775 1266 3812 non
1309 3760 1598 3829 sprevistis,
1641 3776 1803 3831 neque
1851 3775 1935 3813 re-

360 3853 579 3916 spuistis
606 3868 624 3906 :
647 3851 738 3908 sed
772 3852 908 3905 sicut
943 3850 1182 3922 angelum
1216 3850 1313 3906 Dei
1343 3851 1620 3921 excepistis
1668 3868 1772 3918 me,
1796 3851 1934 3906 sicut

360 3942 632 3998 Christum
657 3942 842 3998 Iesum
873 3941 1018 4015 (Gal.
1046 3959 1121 4006 ιν,
1150 3943 1265 4014 14).

359 4167 515 4233 Quod
557 4166 651 4236 qui
702 4182 809 4221 non
841 4167 1154 4220 auscultant
1194 4165 1264 4221 iis
1295 4166 1389 4235 qui
1424 4166 1718 4223 mittuntur
1758 4183 1790 4224 a
1821 4168 1931 4224 Do-

430 4258 602 4321 mino,
650 4272 759 4310 non
791 4259 848 4310 in
870 4270 966 4311 eos
1003 4254 1166 4310 modo
1206 4257 1593 4312 contumeliosi
1635 4269 1787 4326 sunt,
1834 4261 1929 4315 sed

429 4349 486 4403 in
524 4362 648 4403 eum
673 4347 839 4403 etiam
875 4348 969 4418 qui
998 4348 1151 4418 ipsos
1180 4346 1368 4402 misit:
1395 4348 1530 4418 quin
1570 4355 1625 4403 et
1654 4349 1758 4404 sibi
1791 4349 1926 4420 ipsis

424 4435 690 4507 judicium
711 4436 933 4507 gravius
963 4435 1262 4500 asciscant,
1287 4451 1451 4506 quam
1473 4438 1619 4508 quod
1650 4437 1704 4492 in
1739 4437 1928 4494 Sodo—

422 4544 541 4586 mos
563 4544 627 4584 ac
655 4528 988 4585 Gomorrhas
1020 4528 1291 4600 prolatum
1322 4535 1427 4584 est.

979 4643 1151 4712 Caput
1192 4641 1219 4696 1
1237 4641 1295 4696 V.

424 4735 496 4790 Et
537 4737 828 4808 quicunque
884 4751 989 4789 non
1029 4733 1280 4815 receperit
1328 4750 1440 4798 vos,
1490 4751 1651 4806 neque
1691 4736 1921 4791 audierit

349 4843 613 4883 sermones
645 4837 867 4889 uestros,
899 4834 1148 4880 exeuntes
1169 4824 1235 4879 de
1257 4825 1466 4880 civitate
1488 4834 1581 4879 aut
1609 4825 1766 4881 domo
1790 4827 1914 4893 illa,

347 4920 576 4973 excutite
604 4919 867 4987 pulverem
899 4916 962 4972 dc
982 4915 1204 4986 pedibus
1250 4915 1454 4970 vestris.
1486 4916 1651 4970 Amen
1683 4916 1802 4971 dico
1830 4934 1920 4972 vo-

349 5009 449 5072 bis,
489 5007 817 5063 tolerabilius
856 5008 957 5062 erit
1003 5016 1156 5062 terra:
1216 5006 1567 5062 Sodomorum
1615 5016 1667 5061 et
1697 5007 1921 5063 Gomor-

347 5099 612 5153 rhazorum
638 5100 694 5155 in
715 5100 799 5154 die
812 5099 1028 5170 judicii,
1052 5115 1214 5170 quam
1240 5098 1325 5152 illi
1361 5098 1565 5152 civitati
1593 5096 1823 5168 (Matth.
1857 5117 1912 5168 κ,

347 5186 437 5250 ﬂ,
485 5188 666 5257 15)....
722 5189 826 5255 Qui
870 5206 957 5245 vos
999 5191 1222 5260 spernit,
1277 5174 1359 5243 me
1408 5189 1611 5258 spernit
1660 5190 1815 5262 (Luc.
1854 5210 1908 5258 κ,

417 5348 529 5420 (88)
560 5348 1016 5428 Regiisecundus
1046 5363 1100 5410 et
1128 5356 1325 5428 tertius
1359 5359 1588 5424 καὶτοῖς
1616 5361 1897 5428 τοιούτοις.

346 5412 775 5490 Utraq'ueeditio
808 5424 901 5477 καὶ
927 5425 1054 5488 τοὺς
1081 5412 1371 5490 τοιούτους.

415 5487 952 5563 (_89)EditiodParis.
1001 5487 1403 5555 ἀκολουθοῦσιν.
1448 5497 1630 5560 Editio
1671 5500 1810 5562 Ven.
1841 5512 1899 5563 et

345 5559 693 5636 antiqui-tres
723 5561 846 5636 libri
876 5563 1330 5636 ἀκολουθήσωσιν.

413 5624 527 5696 (90)
554 5626 777 5686 Veteres
801 5631 911 5707 duo
938 5633 1061 5712 libri
1091 5624 1493 5706 δὸκιμάζοντες.

1954 4683 1999 4738 υ

2038 3789 2217 3842 ΠΡΟΣ
2252 3790 2404 3844 ΓΑΛ.
2445 3791 2558 3846 Καὶ
2587 3793 2695 3847 τὸν
2721 3797 3073 3865 πειρασμὸν,
3100 3799 3210 3852 τὸν
3232 3801 3303 3853 ἐν
3328 3801 3405 3870 τῇ
3429 3807 3622 3871 σαρκί

2030 3899 2150 3949 μου
2169 3920 2184 3945 ,
2214 3883 2326 3936 οὐκ
2364 3882 2825 3953 ἐξουθενήσατε,
2869 3886 3013 3941 οὐδὲ
3043 3887 3444 3956 ἐξεπτύσατε,
3469 3894 3618 3948 ἀλλ’

2034 3973 2114 4039 ὡς
2163 3972 2421 4044 ἄγγελον
2482 3975 2630 4030 Θεοῦ
2682 3974 2972 4042 ἐδέξασθέ
3015 3996 3094 4050 με
3117 4020 3134 4047 ,
3207 3980 3290 4049 ὡς
3346 3984 3620 4053 Χριστὸν

2049 4065 2299 4131 Ἰησοῦν.

2036 4176 2157 4227 Ὀτι
2193 4175 2243 4226 οἱ
2275 4173 2630 4239 ἀπειθοῦντες
2659 4179 2772 4241 τοῖς
2799 4179 2949 4251 παρά
2975 4179 3068 4234 τοῦ
3097 4181 3306 4254 Κυρίου
3340 4184 3617 4239 ἀποστελ-

2100 4262 2381 4334 λομένοις,
2412 4263 2510 4335 τὴν
2542 4264 2765 4334 ἀτιμίαν
2810 4268 2872 4321 ob
2905 4269 3065 4342 μέχρι
3099 4271 3306 4327 τούτων
3349 4274 3611 4338 ἱστῶσιν.

2100 4352 2238 4407 ἀλλά
2279 4354 2572 4424 ἀνάγουσιν
2614 4356 2707 4409 ἐπὶ
2734 4357 2828 4412 τὸν
2853 4360 3268 4430 ἀποστείλαντα,
3297 4365 3394 4417 καὶ
3428 4369 3612 4437 κρῖμα

2098 4447 2311 4511 ἑαυτοῖς
2333 4450 2513 4520 χεῖρον
2542 4447 2650 4504 τῶν
2678 4450 2738 4502 ἐν
2760 4451 3013 4524 Σοδόμοις
3033 4455 3127 4509 καὶ
3148 4454 3447 4528 Γομόρρας
3474 4459 3611 4513 ἑπισ-

2104 4554 2132 4590 σ
2138 4554 2343 4592 πωνται
2351 4579 2365 4593 .

2638 4652 2864 4711 Κεφάλ.
2905 4656 2973 4711 δ’.

2638 4672 2737 4707 ne"
2764 4672 2864 4711 tu.
2905 4672 2973 4711 οτ.

2097 4742 2464 4797 ΜΑΤΘΑΙΟΣ.
2505 4745 2615 4799 Καὶ
2649 4672 2835 4811 ὃςρᾶν
2865 4749 2953 4818 μὴ
2990 4749 3231 4820 δέξηται
3267 4752 3447 4824 ὑμᾶς,
3486 4773 3613 4827 μη-

2024 4832 2093 4885 δὲ
2125 4834 2358 4903 ἀκούσῃ
2389 4835 2532 4902 τοὺς
2577 4837 2799 4907 λόγους
2834 4840 3020 4910 ὑμῶν,
3068 4843 3447 4915 ἐξερχόμενοι
3485 4847 3610 4916 τῆς

2026 4926 2258 4992 πόλεως
2289 4925 2329 4995 ἢ
2355 4926 2465 4997 τῆς
2493 4931 2683 4997 οἰκίας
2706 4933 2962 5000 ἐκείνης,
2989 4934 3337 5002 ἐκτινάξατε
3363 4938 3473 4993 τὸν
3498 4956 3610 4996 κο-

2024 5017 2260 5084 νιορτὸν
2291 5017 2411 5072 τῶν
2437 5019 2640 5075 ποδῶν
2662 5024 2850 5094 ὑμῶν.
2882 5026 3070 5096 Ἀμὴν
3090 5028 3245 5097 λέγω
3267 5030 3434 5098 ὑμῖν,
3492 5033 3607 5087 ἁν-

2020 5107 2334 5176 εκτότερον
2371 5109 2545 5166 ἔσται
2593 5112 2672 5183 γῇ
2723 5116 3002 5185 Σοδόμων
3031 5119 3130 5172 καὶ
3169 5122 3484 5191 Γομόρρας
3528 5126 3608 5180 ἐν

2020 5196 2210 5266 ἡμέρᾳ
2237 5199 2511 5270 κρίσεως,
2533 5203 2571 5273 ἢ
2603 5204 2680 5275 τῇ
2704 5207 2877 5261 πόλει
2903 5208 3104 5279 ἐκείνῃ
3124 5210 3257 5281 (92).
3290 5214 3602 5273 ΛΟΥΚΔΣ.

2078 5367 2189 5439 (9i)
2219 5368 2599 5452 Editio_l_’aris.
2632 5375 2993 5452 ἀναδέχεσθαι
3018 5380 3234 5452 ὡςίτοῖν
3268 5397 3436 5452 quam
3454 5387 3607 5440 scri-

2006 5444 2222 5521 pluram
2253 5454 2365 5521 non
2401 5442 2523 5499 ideo
2559 5442 2943 5521 reprobamus,
2977 5442 3122 5521 quod
3156 5442 3339 5521 inepia
3372 5454 3465 5519 sit,
3495 5457 3602 5511 sed

2003 5506 2152 5634 god
2189 5509 2340 5564 nullo
2386 5506 2638 5597 veterum'
2682 5506 2951 5574 librorum
2990 5506 3314 5576 itestimon'io
3359 5506 3603 5605 nititur:

2088 5586 2182 5631 ιιιο
2211 5575 2346 5634 Ven.
2373 5590 2427 5634 et
2448 5591 2626 5634 nostri
2653 5595 2765 5634 [res
2792 5603 2926 5634 mss-
2959 5589 3249 5634 ἀνένεσϐαι
3277 5591 3355 5634 ὼε
3381 5609 3478 5634 τοι»

2088 5578 2184 5656 itig
2211 5575 2346 5656 Yen.
2371 5590 2427 5656 et
2448 5588 2765 5656 nostriitres
2792 5603 2928 5645 mss.
2959 5575 3253 5656 ἀνέχεσθαι

2078 5608 2182 5631 ιιιιυ
2223 5608 2346 5634 vcu.
2373 5608 2427 5636 οι
2448 5608 2626 5640 [suam
2653 5608 2765 5668 ":85
2792 5608 2928 5645 [1188.
2959 5608 3057 5672 ανε
3094 5608 3249 5671 sanat
3277 5609 3355 5674 αις
3381 5609 3478 5647 του

2078 5645 2191 5720 (92)
2223 5646 2342 5706 Vox
2365 5652 2551 5729 ἐκείνῃ
2583 5655 2769 5713 addita
2805 5665 2891 5716 est
2917 5674 2987 5717 ex
3022 5608 3180 5718 ιιῖπιε
3209 5664 3479 5736 antiquis.
