3962 6238
292 437 398 494 8ί9

1786 445 2114 505 MORALIA.

3454 451 3559 507 850

307 565 361 619 'o
389 556 619 622 detrus-
651 568 828 638 ὑμᾶς,
851 569 956 638 ἐμὲ
984 571 1199 626 ἀθετεῖ.
1224 572 1401 625 ΠΡΟΣ
1431 565 1621 626 ΘΕΣΣ.
1659 581 1730 628 α’.
1761 578 1842 630 Τοι

1986 576 2192 647 16).....
2224 575 2414 646 Itaque
2439 577 2528 648 qui
2557 576 2776 644 spernit,
2800 592 2902 631 non
2931 577 3189 631 hominem
3221 578 3440 646 spernit,
3467 579 3558 633 sed

293 659 520 727 τηροῦν
539 662 573 713 ὀ
597 659 848 727 ἀθετῶν,
872 665 981 716 οὐκ
1004 662 1318 732 ἄνθρωπον
1346 664 1558 729 ἀθετεῖ,
1584 666 1744 722 ἀλλὰ
1773 667 1842 722 τὸ

1985 661 2174 726 Deum,
2209 663 2301 732 qui
2349 664 2512 716 etiam
2541 661 2685 715 dedit
2713 661 2971 724 Spiritum
3019 678 3171 716 suum
3222 673 3462 716 sanctum
3500 665 3556 718 in

294 750 465 815 Θεὸν,
494 750 604 805 τὸν
631 752 733 806 καὶ
758 753 944 807 δόντα
978 753 1045 806 τὸ
1094 754 1340 824 Πνεῦμα
1386 758 1574 812 αὐτοῦ
1599 757 1668 812 τὸ
1707 757 1842 828 ἅγιοι

1982 751 2132 806 nobis
2157 749 2210 822 (1
2243 751 2426 806 Thess.
2458 768 2532 816 ιν,
2563 752 2638 822 8).

289 844 378 908 εις
405 841 571 914 ἡμᾶς
592 844 730 918 (95)-

291 956 416 1012 ὀτι
447 958 531 1012 δεῖ
571 959 673 1031 τὴν
715 961 1070 1015 διδασκαλίαν
1113 962 1222 1017 τῶν
1271 961 1502 1017 ἐντολῶν
1533 961 1626 1016 τοῦ
1665 963 1839 1034 Κυρίο

1978 951 2137 1017 Quod
2190 951 2442 1012 doctrina
2477 955 2862 1010 mandatorum
2911 953 3126 1010 Domini
3177 955 3250 1009 ita
3295 955 3366 1010 sit
3404 955 3554 1009 acci-

357 1049 535 1115 οῦτως
562 1052 818 1122 δέχεσθαι
839 1095 854 1116 ,
887 1053 964 1118 ὡς
997 1053 1146 1125 ζωῆς
1179 1055 1399 1109 αἰωνίου
1453 1055 1546 1108 καὶ
1596 1053 1873 1125 βασιλείας

354 1142 604 1214 οὐρανῶν
648 1147 1106 1218 περιποιητικήν·
1154 1147 1251 1200 καὶ
1293 1145 1591 1219 προθύμως
1631 1147 1872 1217 ἐνεργεῖν

354 1235 550 1306 αὐτὴν,
577 1237 681 1292 κᾶν
710 1238 965 1302 ἐπίπονος
994 1233 1136 1292 εἶναι
1163 1239 1316 1310 δοκῇ.

917 1415 1138 1486 Κεφάλ.
1180 1423 1244 1472 ε’.

350 1503 682 1557 ΙΩΔΝΝΗΣ.
737 1507 928 1576 Ἀμὴν
969 1509 1135 1579 ἀμὴν
1163 1511 1318 1582 λέγω
1359 1511 1532 1583 ὑμῖν,
1563 1513 1653 1567 ὅτι
1687 1515 1720 1567 ό
1760 1512 1868 1566 τὸν

2052 1044 2276 1115 pienda,
2306 1053 2568 1116 tanquam
2599 1062 2722 1118 qua:
2746 1047 2912 1101 vitam
2945 1055 3205 1102 aiternam
3235 1053 3290 1102 et
3323 1062 3551 1116 regnum

2048 1137 2314 1194 caelorum
2361 1139 2524 1196 nobis
2569 1139 2858 1195 conciliet:
2894 1139 3023 1198 item
3067 1139 3209 1210 quod
3256 1136 3550 1194 debeamus

2045 1233 2101 1286 in
2132 1247 2194 1287 ea
2222 1233 2467 1288 studiose
2506 1248 2610 1290 nos
2646 1248 2920 1299 exercere,
2954 1234 3082 1290 licet
3123 1233 3292 1288 ardua
3323 1240 3378 1288 et
3410 1232 3548 1288 ditii-

2038 1323 2162 1380 cilis
2191 1339 2314 1380 esse
2341 1324 2610 1381 videatur.

2615 1419 2791 1489 Caput
2831 1419 2892 1474 V.

2035 1506 2202 1562 Amen
2231 1526 2382 1565 amen
2421 1510 2537 1565 dico
2561 1511 2724 1574 vobis,
2745 1511 2871 1582 quia
2901 1512 2990 1581 qui
3022 1510 3231 1566 verbum
3260 1526 3430 1564 meum
3451 1525 3545 1564 au-

277 1595 471 1661 λόγον
507 1613 629 1664 μου
673 1598 912 1653 ἀκούων
931 1642 945 1666 ,
976 1601 1074 1654 καί
1113 1605 1415 1658 πιστεύων
1451 1605 1531 1670 τῷ
1563 1605 1840 1675 πέμψαν-τ

1966 1599 2063 1664 dit,
2088 1608 2138 1654 et
2163 1600 2329 1656 credit
2351 1603 2400 1657 ei
2425 1605 2515 1674 qui
2542 1604 2684 1657 misit
2708 1620 2810 1669 me,
2835 1603 2991 1658 habet
3011 1605 3171 1659 vitam
3196 1614 3470 1669 aeternam,
3495 1612 3542 1657 et

273 1703 369 1753 με,
391 1686 524 1756 ἔχει
545 1687 700 1756 ζωὴν
718 1691 978 1757 αἰώνιον,
1004 1694 1105 1751 καὶ
1129 1697 1216 1761 είς
1240 1698 1444 1765 κρίσιν
1467 1701 1580 1752 οὐκ
1603 1700 1859 1768 ἔρχεται,

279 1776 438 1831 ἀλλὰ
458 1781 867 1848 μεταϐέϐηκεν
891 1785 957 1837 ἐκ
994 1785 1101 1840 τοῦ
1140 1785 1397 1842 θανάτου
1429 1792 1516 1855 είς
1539 1789 1654 1856 τὴν
1686 1790 1857 1857 ζωήν.

279 1869 592 1926 ΠΡΑΞΕΙΣ.
637 1877 1190 1947 Εὑατγελισάμενοί
1218 1897 1281 1933 τε
1320 1880 1435 1949 τὴν
1485 1884 1665 1936 πόλιν
1708 1885 1858 1936 ἐκεί-

274 1975 394 2026 νην
432 1961 546 2031 (94)
578 1963 678 2016 καὶ
724 1967 1215 2034 μαθητεύσαντες
1252 1969 1523 2034 ἱκανοὺς,
1569 1969 1858 2037 ὑπέστρε-

275 2054 402 2119 ψαν
431 2057 522 2119 είς
550 2054 666 2124 τὴν
697 2058 998 2125 Λύστραν,
1034 2061 1131 2114 καὶ
1176 2062 1421 2116 Ἰκόνιον
1442 2103 1455 2127 ,
1495 2063 1592 2117 καὶ
1636 2065 1857 2117 Ἀντιό-

270 2162 462 2212 χειαν,
494 2148 982 2219 ἐπιστηρίζοντες
1012 2154 1118 2221 τὰς
1149 2155 1355 2224 ψυχὰς
1400 2155 1519 2209 τῶν
1553 2154 1854 2225 μαθητῶν,

1889 1941 1929 1995 Β

1965 1690 2018 1744 in
2040 1691 2306 1760 judicium
2342 1711 2444 1749 non
2478 1697 2634 1761 venit,
2675 1697 2764 1750 sed
2796 1697 3010 1750 transiit
3032 1714 3066 1751 a
3100 1707 3266 1751 morte
3295 1697 3349 1750 in
3381 1697 3541 1749 vitam

1963 1782 2147 1853 (Joan.
2178 1801 2232 1850 ν,
2256 1785 2442 1856 24)....
2475 1787 2708 1858 Cumque
2728 1789 3170 1858 euangelizassent
3203 1789 3404 1843 civitati
3435 1788 3536 1848 iiii,

1960 1883 2010 1926 et
2043 1875 2346 1930 docuissent
2379 1879 2598 1944 multos,
2639 1882 2835 1934 reversi
2874 1890 2996 1936 sunt
3034 1879 3302 1952 Lystram,
3339 1891 3388 1934 et
3420 1881 3538 1935 Ico~

1959 1968 2127 2031 nium,
2163 1977 2212 2022 et
2244 1970 2611 2038 Antiochiam,
2662 1974 3037 2043 conﬁrmantes
3067 1975 3273 2028 animas
3303 1975 3537 2043 discipu-

1961 2060 2155 2124 lorum,
2212 2063 2572 2129 exhortantes,
2604 2073 2661 2117 ut
2687 2077 3052 2132 permanerent
3081 2068 3133 2121 in
3165 2069 3267 2136 ﬁde
3291 2085 3308 2121 :
3332 2077 3379 2121 et
3402 2084 3534 2138 quo-

1957 2154 2102 2206 niam
2133 2168 2226 2222 per
2254 2154 2452 2209 multas
2489 2156 2857 2212 tribulationes
2893 2169 3094 2226 oportet
3131 2178 3224 2214 nos
3256 2161 3456 2214 intrare
3482 2161 3534 2213 in

269 2242 767 2309 παρακαλοῦντες
805 2244 1081 2314 ἐμμένειν
1113 2246 1185 2316 τῇ
1221 2249 1458 2302 πίστει·
1501 2248 1599 2302 καὶ
1638 2247 1726 2301 ὅτι
1758 2248 1842 2302 διὰ

1966 2261 2173 2304 reqnum
2199 2246 2448 2302 caelorum
2474 2248 2533 2317 (Α
2545 2257 2617 2304 ct.
2651 2265 2763 2315 xw,
2796 2249 3010 2322 20-22).

268 2331 521 2386 πολλῶν
545 2335 815 2403 θλίψεων
842 2336 939 2390 δεῖ
968 2336 1128 2408 ἡμᾶς
1159 2339 1460 2394 εἰσελθεῖν
1481 2342 1568 2408 εις
1602 2340 1717 2408 τὴν
1735 2341 1852 2406 ,θα-

265 2424 512 2477 σιλείαν
540 2423 660 2478 τῶν
691 2428 984 2494 οὐρανῶν.

265 2532 389 2588 ’Ἰτι
426 2536 511 2590 δεῖ
535 2537 626 2590 τὸν
656 2537 877 2610 ἔλεγχον
907 2543 1002 2595 καὶ
1029 2543 1128 2614 τὴν
1153 2544 1472 2616 ἐπιτίμησιν
1496 2545 1669 2612 οὕτως
1700 2548 1853 2620 δέχε-

334 2627 482 2696 σθαι,
513 2629 588 2694 ὡς
610 2633 900 2703 φάρμακον
931 2635 1276 2706 ἀναιρετικὸν
1302 2637 1528 2705 πάθους,
1548 2640 1640 2694 καὶ
1663 2641 1850 2708 ὑγείας

330 2725 860 2778 κατασκευαστικὸν.
903 2726 992 2792 Ἐξ
1023 2721 1084 2780 οὗ
1136 2729 1293 2800 δῆλόν
1342 2733 1516 2798 ἐστιν,
1559 2733 1642 2786 ὅτι
1680 2733 1730 2787 oi
1790 2736 1848 2787 ὲν

333 2810 496 2864 πάθει
531 2813 1050 2888 ἀνθρωπαρεσκείας
1084 2818 1384 2872 ἐπιείκειαν
1407 2820 1844 2892 ὑποκρινόμενοι,

328 2904 427 2957 καὶ
467 2905 543 2976 μὴ
595 2907 910 2979 ἐλέγχοντες
953 2914 1080 2977 τοὺς
1128 2915 1577 2986 ἁμαρτάνοντας,
1621 2917 1684 2970 τὸ
1728 2917 1847 2970 ὅλον

327 2991 612 3064 ζημιοῦσι,
640 3000 733 3051 καὶ
780 3003 859 3065 είς
888 3003 1057 3058 αὐτὴν
1103 3005 1200 3059 τίεν
1239 3006 1500 3078 ἀληθινὴν
1541 3008 1686 3080 ζωὴν
1727 3008 1863 3062 ἐπι-ἔ

326 3081 704 3145 δουλεύουσιν.

858 3272 1090 3341 Κεφάλ.
1146 3275 1220 3340 ς’.

319 3356 696 3414 ΜΔΤΘΑΙΟΣ.
739 3363 876 3417 Ἐὰν
922 3364 992 3418 δὲ
1031 3365 1263 3436 ἁμάρτῃ
1311 3370 1396 3436 είς
1452 3373 1528 3423 σὲ
1574 3371 1842 3442 ἀδελφός

246 3465 392 3513 σου,
421 3451 636 3521 ὕπαγε,
659 3454 913 3523 ἔλεγξον
931 3458 1120 3511 αὐτὸν
1133 3459 1362 3527 μεταξὺ
1389 3461 1504 3514 σοῦ
1527 3462 1623 3514 καὶ
1651 3462 1837 3516 αὑτοῦ

239 3545 445 3612 μόνου
465 3561 477 3574 ·
501 3543 613 3597 ἐὰν
649 3562 764 3599 σου
787 3547 1044 3616 ἀκούσῃ,
1077 3549 1414 3619 ἐκέρδησας
1441 3551 1547 3633 τὸν
1570 3552 1838 3620 ἀδελφόν

243 3652 391 3689 σου.
431 3635 614 3690 ΠΡΟΣ
656 3638 814 3694 ΚΟΡ.
844 3645 915 3692 α’.
944 3641 1378 3710 Συναχθέντιιγν
1401 3642 1569 3711 ὑμῶν
1589 3643 1699 3715 (95)
1736 3647 1835 3700 καὶ

244 3727 356 3782 τοῦ
390 3729 541 3798 ἐμοῦ
575 3733 919 3801 πνεύματος
946 3733 1070 3787 σὺν
1091 3734 1165 3803 τῇ
1193 3734 1439 3806 δυνάμει
1471 3735 1578 3789 τοῦ
1613 3739 1835 3806 Κυρίου

240 3819 418 3889 ἡμῶν
454 3821 651 3888 Ἰησοῦ
681 3825 956 3892 Χριστοῦ,
1001 3827 1373 3895 παραδοῦναι
1413 3828 1522 3881 τὸν
1565 3831 1838 3884 τοιοῦτον

242 3911 324 3976 τῷ
349 3912 591 3980 Σατανᾷ
612 3917 700 3980 είς
716 3916 968 3985 ὄλεθρον
986 3917 1097 3986 τῆς
1127 3920 1373 3988 σαρκὸς,
1396 3921 1495 3974 ἵνα
1515 3921 1580 3973 τὸ
1599 3923 1835 3992 πνεῦμα

240 4002 416 4070 σωθῇ
456 4005 530 4056 ἐν
582 4004 656 4072 τῇ
709 4006 902 4076 ἡμέρᾳ
958 4009 1066 4062 τοῦ
1109 4012 1332 4077 Κυρίου
1399 4010 1614 4078 Ἰησοῦ.
1656 4013 1836 4065 ΠΡΟΣ

238 4097 404 4149 ΚΟΡ.
428 4095 493 4166 β’.
522 4098 647 4150 ’Ὁτι
674 4101 712 4167 ἡ
740 4101 1034 4168 ἐπιστολὴ
1053 4103 1276 4171 ἐκείνη,
1301 4108 1354 4158 εί
1381 4105 1479 4159 καὶ
1509 4107 1656 4175 πρὸς
1675 4107 1836 4171 ὥραν

235 4185 561 4253 ἐλύπησεν
585 4186 760 4257 ὑμᾶς,
787 4190 905 4246 νῦν
964 4192 1169 4261 χαίρω,
1207 4195 1320 4262 οὐχ
1354 4194 1444 4247 ὅτι
1468 4195 1832 4261 ἐλυπήθητε,

235 4277 378 4330 ἀλλ’
403 4277 496 4331 ὅτι
512 4279 858 4348 ἐλυπήθητε
878 4285 964 4350 είς
974 4283 1316 4353 μετάνοιαν.
1337 4287 1706 4356 Ἐλυπήθητε
1722 4289 1835 4358 γὰρ

234 4368 388 4422 κατὰ
418 4370 591 4435 Θεὸν,
623 4373 724 4427 ἵνα
755 4374 824 4426 ἐν
855 4375 1071 4445 μηδενὶ
1091 4374 1409 4447 ζημιωθῆτε
1434 4379 1503 4442 ἐξ
1539 4379 1728 4448 ἡμῶν.
1776 4379 1836 4435 Ἡ

231 4462 346 4530 γὰρ
368 4463 523 4518 κατὰ
552 4466 701 4519 Θεὸν
724 4469 890 4535 λύπη
926 4469 1251 4538 μετάνοιαν
1277 4472 1363 4536 είς
1377 4472 1677 4540 σωτηρίαν
1698 4473 1838 4542 ἀμε-

232 4554 577 4623 ταμέλητον
603 4560 1030 4627 κατεργάζεται.
1055 4563 1234 4616 ΠΡΟΣ
1265 4562 1395 4617 ΤΙΤ.
1424 4564 1503 4617 Δι’
1529 4563 1610 4632 ἣν
1639 4566 1836 4620 αἰτίαν

1953 2553 2108 2620 Quod
2136 2554 2494 2624 reprehensio
2539 2566 2593 2614 et
2637 2557 2949 2631 objurgatio
2980 2562 3053 2616 ita
3087 2563 3403 2636 accipienda
3432 2567 3528 2631 sit,

2023 2646 2181 2714 quasi
2216 2646 2674 2704 medicamentum
2716 2651 2990 2720 quoddam
3025 2670 3133 2724 quo
3176 2656 3406 2712 vitiosus
3447 2657 3530 2712 af-

2023 2735 2199 2796 fectus
2245 2740 2576 2810 depellatur,
2629 2752 2685 2800 et
2736 2745 2946 2802 sanitas
2989 2756 3234 2818 paretur.
3284 2749 3361 2804 Ex
3418 2766 3530 2822 quo

2020 2830 2370 2901 perspicuum
2387 2841 2492 2897 est,
2517 2835 2664 2904 quod
2693 2837 2786 2906 qui
2805 2840 3282 2896 mansuetudinem
3312 2857 3376 2896 ac
3391 2842 3529 2898 leni-

2021 2927 2184 2974 tatem
2222 2920 2486 2976 simulant
2528 2923 2728 2979 vitioso
2762 2925 2998 2995 quodam
3045 2928 3362 2986 hominibus
3411 2932 3530 3002 pla-

2019 3012 2180 3067 cendi
2217 3013 2424 3078 studio,
2459 3029 2560 3070 nec
2590 3027 2883 3086 peccantes
2930 3021 3288 3093 redarguunt,
3324 3025 3359 3079 ii
3401 3026 3526 3082 illos

2019 3118 2252 3172 prorsus
2289 3105 2494 3161 damno
2537 3107 2795 3176 alliciant,
2842 3120 3008 3182 atque
3045 3116 3309 3174 adversus
3348 3121 3524 3189 ipsam

2020 3210 2204 3250 veram
2231 3213 2421 3252 eorum
2457 3198 2624 3254 vitam
2659 3202 2888 3258 insidias
2928 3216 3166 3262 struant.

2578 3293 2751 3363 Caput
2786 3296 2883 3352 VI.

2009 3378 2071 3433 Si
2113 3391 2285 3435 autem
2319 3386 2606 3449 peccaverit
2646 3386 2699 3438 in
2741 3397 2789 3441 te
2817 3389 2986 3457 frater
3023 3402 3167 3459 tuus,
3205 3394 3353 3460 vade,
3401 3413 3521 3450 cor—

1940 3472 2049 3541 ripe
2077 3490 2196 3527 eum
2238 3473 2374 3527 inter
2407 3484 2454 3528 te
2484 3486 2532 3530 et
2563 3477 2734 3548 ipsum
2761 3483 2933 3536 solum
2956 3501 2974 3538 :
2995 3486 3042 3538 si
3073 3495 3120 3540 te
3161 3485 3410 3553 audierit,
3439 3489 3521 3542 lu—

1939 3574 2119 3620 cratus
2167 3583 2222 3622 es
2259 3568 2481 3636 fratrem
2515 3581 2662 3625 tuum
2701 3573 2920 3643 (Matth.
2958 3592 3114 3638 xvm,
3165 3579 3346 3649 15)....
3380 3579 3519 3636 Con-

1936 3660 2167 3728 gregalis
2193 3661 2336 3714 vobis
2365 3671 2417 3717 et
2457 3680 2568 3718 meo
2593 3667 2784 3733 spiritu
2816 3685 2934 3722 cum
2967 3671 3156 3724 virtute
3180 3670 3396 3727 Domini
3417 3691 3516 3728 no-

1938 3751 2038 3802 stri
2088 3748 2218 3804 Iesu
2274 3752 2513 3823 Christi,
2571 3758 2783 3812 tradere
2845 3760 3152 3830 hujusntodi
3193 3763 3411 3821 Satanae
3461 3769 3514 3820 in

1937 3838 2209 3894 interitum
2245 3845 2445 3906 contis,
2479 3854 2537 3898 ut
2561 3847 2780 3916 spiritus
2803 3851 2983 3904 salvus
3016 3853 3083 3904 sit
3109 3853 3162 3904 in
3193 3854 3279 3908 die
3301 3854 3514 3910 Domini

1935 3927 2065 3984 Jesu
2089 3931 2142 4003 (Ι
2172 3933 2296 3988 Cor.
2343 3952 2396 4001 ν,
2427 3937 2483 4000 4,
2515 3938 2662 4007 5)....
2701 3940 2854 4004 Quod
2886 3943 3107 4009 epistola
3156 3945 3250 3997 illa
3279 3946 3398 4015 (etsi
3443 3947 3514 4001 ad

1936 4025 2146 4097 horam)
2178 4045 2266 4082 vos
2292 4033 2647 4097 contristavit,
2690 4050 2826 4088 nunc
2849 4037 3086 4105 gaudeo:
3117 4055 3218 4092 non
3244 4039 3366 4108 quia
3389 4057 3514 4094 con-

1939 4118 2142 4172 tristati
2175 4122 2325 4185 estis,
2377 4124 2467 4177 sed
2495 4127 2620 4197 quia
2655 4129 2958 4182 contristati
2994 4132 3122 4185 estis
3167 4131 3234 4185 ad
3261 4135 3514 4201 paeniten-

1938 4209 2090 4263 tiam.
2129 4210 2446 4268 Contristati
2476 4218 2613 4270 enim
2645 4219 2774 4272 estis
2814 4222 3098 4276 secundum
3132 4223 3318 4290 Deum,
3349 4226 3514 4298 308

1938 4309 1996 4353 ut
2038 4303 2093 4356 in
2129 4303 2278 4360 nullo
2321 4306 2693 4364 detrimentum
2732 4315 3016 4380 patiamini
3059 4331 3123 4370 ea:
3164 4317 3335 4374 nobis.
3381 4319 3512 4383 Qua:

1937 4394 2076 4446 enim
2111 4397 2398 4452 secundum
2434 4399 2599 4454 Deum
2650 4405 2872 4458 tristitia
2913 4416 3011 4471 est,
3053 4410 3412 4476 paenitentiam
3457 4412 3510 4463 in

1936 4487 2164 4542 salutem
2223 4490 2366 4543 haud
2411 4495 2764 4562 pamitendam
2811 4509 3056 4566 operatur
3106 4499 3193 4568 (II
3241 4500 3363 4557 Cor.
3398 4517 3504 4565 vn,

1939 4577 2091 4649 8-10)
2125 4621 2162 4636 ..
2218 4582 2392 4647 Quam
2447 4584 2510 4638 ob
2562 4603 2779 4641 causam
2822 4590 3034 4658 increpa
3081 4591 3201 4646 illos
3246 4591 3397 4656 dure,
3449 4601 3506 4645 ut

231 4647 450 4716 ἔλεγχε
482 4649 708 4715 αὐτοὺς
756 4652 1087 4722 ἀποτόμως,
1129 4655 1230 4707 ἵνα
1267 4655 1618 4724 ὑγιαίνωσιν
1649 4657 1719 4709 ἐν
1751 4655 1825 4724 τῇ

1966 4672 2052 4723 ani
2075 4643 2191 4724 sint
2224 4643 2278 4725 in
2308 4675 2412 4742 ﬁde
2435 4675 2566 4746 (Tit.
2601 4694 2638 4741 1,
2675 4679 2782 4741 ιδ).

120 4748 124 4750 ’
230 4739 460 4794 πίστει.

865 4858 1038 4912 ΟΡΟΣ
1075 4861 1194 4914 Ol".

230 4944 360 4998 Ὀτι
389 4949 455 4999 οὗ
485 4948 569 5001 δεῖ
595 4949 766 5020 ἄνδρα
811 4951 920 5004 ἀπὸ
948 4953 1209 5019 γυναικὸς
1234 4954 1368 5024 (-96),
1392 4956 1423 5026 ἢ
1458 4958 1689 5022 γυναῖκα
1716 4955 1824 5008 ἀπὸ

304 5037 503 5107 ἀνδρὸς
527 5038 883 5110 χωρίζεσθαι,
915 5043 984 5094 εἰ.
1002 5043 1074 5113 μή
1105 5061 1190 5106 τις
1213 5045 1278 5098 ἂν
1308 5047 1400 5098 ἐπὶ
1429 5047 1654 5117 πορνείᾳ
1687 5043 1818 5115 ἁλῷ,

303 5127 340 5196 ἢ
371 5129 456 5192 είς
481 5130 582 5207 τῂν
616 5129 929 5185 θεοσέϐειαν
955 5133 1251 5204 κωλύηται.

863 5229 1088 5299 Κεφάλ.
1130 5237 1201 5285 α’.

295 5315 675 5374 mmemor.
719 5320 974 5390 Ἐρῤήθη
1016 5321 1120 5387 δὲ,
1166 5323 1257 5378 ὅτι
1305 5325 1374 5393 ὃς
1412 5327 1489 5382 ἂν
1529 5308 1813 5400 ἀπολύσῃ

299 5451 630 5576 ςῗὶιξειιίιὶο
655 5456 833 5516 Paris.
862 5463 944 5526 εὶς
968 5463 1133 5535 ὑμᾶς.
1157 5465 1342 5523 Codex
1369 5467 1621 5525 Combef.
1649 5477 1703 5536 et
1724 5471 1814 5526 alii

217 5523 529 5595 ἀυὸῆιᾶς,
924 5523 938 5526 ⁷
1007 5523 1019 5535 '
1094 5523 1109 5528 '
1387 5523 1394 5524 '
1609 5523 1617 5525 '
1658 5523 1676 5536 Ἰ

474 5597 737 5684 Ψῗῗηυβ,
771 5601 941 5684 edi???
976 5606 1483 5684 ,εὐαγγελισάμενοι
1537 5612 1603 5684 τῇ
1661 5611 1813 5666 πόλει

215 5665 690 5740 ἐκείνῃ.-Αιιῑίιι“ιιί
724 5678 837 5728 tres
866 5674 989 5729 libri
1015 5684 1076 5730 ut
1105 5665 1162 5732 in
1192 5665 1473 5733 contextu.

448 5735 592 5821 ἕεις...
605 5725 832 5821 primus
861 5725 1254 5821 ὦνοὶχῐιενξωὶἷ

323 5805 796 5894 εβμεᾱῖιίῇγεη.
823 5823 878 5868 et
901 5805 1073 5894 nostri
1091 5825 1212 5894 tres
1235 5835 1371 5875 mss.
1396 5805 1508 5884 τοῖς
1536 5824 1594 5894 ἐν
1620 5822 1802 5894 γᾴμῳ·

215 5877 528 5948 ειιιοάεωιι
565 5880 821 5939 vitiosum
857 5901 979 5944 esse
1018 5888 1267 5946 viderent
1295 5877 1808 5962 typographi'Par'i-

2441 4875 2717 4932 REGISLA
2761 4879 2970 4934 LXXIII

1934 4961 2091 5027 Quod
2143 4965 2226 5018 vir
2276 4967 2343 5020 ab
2394 4988 2584 5034 uxme,
2627 4991 2720 5025 ulll.
2762 4993 2885 5027 unus
2932 4994 2961 5026 ιτ
2996 4976 3111 5029 viro
3156 4994 3262 5030 non
3311 4977 3505 5032 delicat

2003 5059 2269 5126 separari,
2317 5062 2421 5117 nisi
2463 5067 2600 5118 alter
2632 5064 3071 5135 deprehendatur
3111 5070 3164 5123 in
3212 5071 3502 5138 adulterio,

2004 5155 2098 5200 aut
2125 5149 2347 5220 pietatis
2387 5154 2458 5209 sit
2486 5155 2895 5226 impedimento.

2586 5249 2759 5318 Caput
2793 5249 2841 5304 Ι.

1999 5337 2213 5393 Dictum
2255 5351 2331 5396 est
2361 5352 2536 5398 autem
2580 5361 2597 5398 :
2645 5343 2951 5416 Quicunque
2986 5345 3248 5402 dimiserit
3283 5365 3497 5404 uxorem

1925 5474 2157 5555 sienses,
2200 5496 2299 5555 pro
2329 5483 2533 5555 coici)!
2559 5481 2744 5555 γάμῳ,
2775 5481 3063 5555 ediderunt
3091 5483 3184 5537 τὸν
3213 5486 3272 5537 ὲν
3308 5485 3492 5555 γάμῳ.

1923 5543 2035 5601 Nos
2061 5543 2242 5604 autem
2283 5551 2399 5605 haec
2426 5543 2759 5607 ideleiimus'.
2810 5543 3494 5612 Animadvertimus'eniin

1919 5615 2227 5692 _has_voces,
2249 5625 2358 5680 τοῖς
2378 5624 2436 5675 ὲν
2455 5622 2638 5692 γάμῳ,
2664 5625 2880 5692 punctis
2903 5625 3067 5678 variis
3091 5632 3308 5681 notatas
3328 5624 3497 5684 fuisse

1918 5687 1974 5763 in
2022 5687 2160 5763 Reg.
2206 5694 2385 5763 tertio,
2406 5687 2488 5763 fuit
2517 5687 2864 5748 moneremur
2899 5695 3046 5763 ipsas
3076 5695 3241 5763 deleri
3273 5696 3492 5754 debere.

1917 5757 2041 5815 Mox
2075 5757 2247 5842 editio
2292 5761 2552 5846 Pariszei
2589 5764 2684 5888 μ.ίῆ
2707 5782 2809 5828 τις.
2861 5757 3038 5822 Editio
3068 5761 3205 5821 Ven.
3263 5775 3318 5822 et
3356 5782 3493 5824 ms.

1917 5838 2091 5888 nostri
2126 5834 2174 5886 εὶ
2209 5834 2282 5888 μή
2312 5851 2386 5888 τι.
2412 5833 2613 5888 Ibidem
2691 5852 2775 5888 ea.
2800 5835 3074 5888 secundus
3098 5837 3188 5888 ἐπὶ
3212 5837 3490 5888 πορνείαν.

1915 5831 2091 5889 nostri
2126 5834 2174 5886 εὶ
2208 5834 2282 5905 μή
2312 5851 2386 5888 τι.
2412 5831 2613 5891 Ibidem
2641 5831 2775 5906 Reg.
2800 5835 3074 5893 secundus
3098 5837 3188 5890 ἐπὶ
3212 5837 3490 5911 πορνείαν.
