3962 6238
478 466 575 523 85!

1819 454 1876 510 S.
1916 450 2165 508 BASILII
2203 450 2416 507 MAGNI

3609 450 3699 505 853

475 601 654 647 suam,
680 584 766 639 det
794 584 844 641 ei
868 584 1104 639 libellum
1146 579 1369 652 repudii.
1408 577 1521 650 Ego
1544 586 1717 633 autem
1739 578 1857 631 dico
1880 574 2043 637 vobis,

2189 574 2263 640 ὴν
2295 544 2553 643 γυναῖκᾶ
2575 572 2784 638 αὑτοῦ,
2807 571 2959 626 δότω
2991 569 3145 640 αὑτῇ
3173 568 3564 625 ἀποστάσιον.
3578 570 3699 639 Ἐγὼ

477 678 605 750 quia
626 677 794 732 omnis
820 677 909 748 qui
936 674 1199 730 dimiserit
1232 690 1450 729 uxonem
1471 689 1647 738 suam,
1683 679 1897 737 excepta
1936 678 2052 723 stu-

478 773 563 841 pri
607 787 792 836 causa,
843 769 972 831 facit
1024 786 1140 822 eam
1197 766 1483 832 mcechari;
1527 774 1579 820 et
1634 764 1723 835 qui
1775 762 2050 815 dimissam

478 863 711 927 duxerit,
746 861 1010 915 adulterat
1051 859 1269 932 (Matth.
1299 875 1353 921 ν,
1383 856 1471 923 51,
1503 856 1686 927 52)....
1725 852 1788 909 Si
1815 853 1930 923 quis
1966 867 2052 903 ve-

481 956 562 1010 nit
598 955 668 1009 ad
712 969 813 1019 me,
847 963 895 1008 et
927 969 1031 1008 non
1061 950 1171 1007 odit
1198 959 1423 1021 patrem,
1467 958 1518 1002 et
1562 956 1805 1013 matrem,
1833 954 1884 999 et
1928 957 2057 996 uxo-I

483 1063 616 1111 rem,
644 1054 694 1101 et
722 1046 884 1116 ﬁlios,
913 1052 964 1098 et
992 1042 1210 1113 fratres,
1243 1049 1294 1095 et
1324 1055 1552 1102 sorores,
1596 1036 1768 1091 adhuc
1805 1042 1981 1089 autem
2004 1041 2054 1088 et

483 1142 718 1196 animam
749 1155 925 1203 suam,
950 1154 1055 1192 non
1083 1142 1252 1205 potest
1278 1151 1423 1188 meus
1448 1148 1561 1187 esse
1586 1129 1879 1199 discipulus
1902 1125 2054 1199 (Luc.

482 1248 599 1296 xw,
630 1230 818 1304 26)....
870 1228 1002 1283 Dico
1050 1236 1226 1281 autem
1270 1223 1437 1288 vobis,
1478 1223 1605 1294 quia
1646 1220 1938 1292 quicunque
1972 1215 2059 1269 di-

482 1320 685 1374 miserit
726 1333 944 1391 ungorem
995 1333 1173 1381 suam,
1219 1313 1324 1367 nisi
1372 1313 1433 1366 ob
1483 1320 1746 1379 stuprum,
1798 1316 1850 1361 et
1891 1305 2073 1359 aliam-

482 1412 717 1475 duxerit,
757 1408 1045 1465 moechatur
1070 1424 1089 1461 :
1119 1416 1169 1462 et
1208 1406 1300 1477 qui
1338 1404 1616 1458 dimissam
1647 1399 1881 1465 duxerit,
1934 1413 2061 1451 moe-

481 1505 672 1562 chutur
688 1502 905 1576 (Matth.
950 1502 1062 1566 xix,
1091 1500 1240 1572 9)....
1274 1497 1352 1552 lis
1385 1506 1560 1552 autem
1590 1496 1679 1567 qui
1722 1489 2060 1546 matrimonio

478 1599 651 1672 juncti
676 1606 821 1658 sunt,
847 1594 1119 1665 pracipio,
1144 1609 1248 1648 non
1270 1607 1385 1663 ego,
1414 1587 1504 1645 sed
1540 1587 1814 1649 Dominus,
1837 1591 1895 1637 ut
1925 1595 2061 1635 uxor

484 1707 519 1743 a
541 1690 654 1743 viro
699 1703 805 1743 non
845 1693 1119 1756 separetur
1140 1701 1160 1738 :
1186 1681 1324 1753 quod
1370 1682 1418 1736 si
1446 1688 1697 1750 separata
1721 1673 1901 1746 fuerit,
1942 1688 2061 1726 ma-

485 1789 611 1835 neat
639 1779 884 1847 innupta,
926 1785 1021 1830 aut
1051 1774 1249 1828 marito
1290 1770 1658 1828 reconcilietur
1680 1784 1705 1822 :-
1729 1775 1778 1823 et
1815 1765 1896 1819 vi:
1930 1777 2064 1816 uxo-

487 1886 597 1924 rem
631 1885 736 1923 non
764 1865 1005 1922 dimittat
1029 1862 1086 1936 (ι
1109 1864 1234 1920 Cor.
1266 1877 1366 1928 γη,
1405 1860 1494 1925 10,
1526 1857 1638 1929 il).

490 2179 652 2252 Quod
674 2195 785 2238 non
815 2179 946 2235 licet
965 2178 1108 2243 viro,
1140 2189 1313 2231 uxore
1340 2170 1593 2232 dimissa,
1625 2168 1789 2222 aliam
1823 2164 2060 2220 ducere:

560 2289 742 2345 neque
766 2273 853 2330 fas
882 2278 969 2329 est
999 2268 1343 2343 repudiatam
1373 2280 1405 2319 a
1442 2262 1661 2326 marito,
1694 2260 1762 2314 ab
1792 2257 1900 2312 alio
1936 2254 2064 2310 duci

562 2380 788 2422 uxorem
795 2402 817 2426 ο,

1128 2471 1303 2542 Caput
1345 2467 1432 2525 11.

564 2572 691 2628 Dico
729 2579 906 2626 autem
937 2567 1104 2633 vobis,
1136 2564 1267 2637 quia
1296 2561 1591 2634 quicunque
1628 2556 1889 2611 dimiserit
1931 2567 2062 2607 uxo-

492 2683 603 2721 rem
626 2679 801 2728 suam,
832 2662 937 2716 nisi
980 2658 1044 2714 ob
1082 2666 1346 2726 stuprum,
1394 2660 1446 2707 et
1475 2650 1639 2705 aliam
1668 2647 1902 2709 auxerit,
1941 2660 2068 2699 mte-

491 2760 719 2820 chatur;
748 2763 803 2811 et-
837 2754 927 2825 qui
945 2751 1221 2806 dimissam
1253 2745 1490 2811 duxerit,
1530 2741 1820 2797 moechatur
1845 2734 2062 2809 (Matth.

491 2864 610 2912 xix,
633 2848 712 2918 9).

493 2958 653 3030 Quod
685 2958 791 3015 viri
835 2956 1039 3012 debent
1071 2952 1303 3027 diligere
1335 2962 1536 3004 uxores
1582 2961 1734 3010 suas,
1777 2941 2070 2999 dilectione

564 3067 672 3129 qua
703 3051 960 3109 Christus
990 3048 1184 3104 dilexit
1213 3043 1538 3103 Ecclesiam,
1570 3040 1687 3119 qui,
1716 3047 1777 3093 ut
1806 3052 1924 3091 eam
1949 3050 2075 3101 san-

568 3146 861 3209 ciiiicaret,
889 3146 1128 3225 seipsum
1159 3158 1261 3215 pro
1290 3143 1408 3212 ipsa
1437 3135 1682 3192 tradidit.

1121 3301 1292 3374 Caput
1325 3298 1445 3354 ΙΙἸ.

582 3405 718 3469 Viri,
750 3403 954 3474 diligite
979 3414 1170 3454 uxores
1198 3403 1426 3458 vestras,
1465 3392 1601 3446 sicut
1623 3396 1673 3442 et
1706 3383 1953 3441 Christus
1986 3380 2073 3433 di-

502 3500 631 3555 lexit
665 3495 984 3558 Ecclesiam,
1012 3501 1062 3547 et
1090 3490 1319 3560 seipsum
1350 3483 1573 3539 tradidit
1598 3496 1691 3551 pro
1719 3494 1803 3544 ea,
1837 3486 1895 3530 ut
1924 3475 2075 3528 illam

499 3590 882 3661 sanctiﬁcaret,
910 3582 1171 3641 mundans
1193 3580 1406 3634 lavacro
1437 3590 1587 3647 aqum
1602 3574 1657 3629 in
1679 3573 1831 3627 verba
1854 3566 2069 3639 (Ephes.

498 3700 558 3747 ν,
600 3660 694 3747 25,
724 3678 843 3753 26).
883 3676 950 3732 Et
988 3674 1182 3747 paucis
1217 3669 1522 3739 interiectis
1556 3686 1570 3722 ε
1608 3664 1700 3721 Ita
1743 3664 1844 3719 viri
1891 3660 2075 3753 debent

500 3743 719 3845 diligere
749 3743 940 3829 utcores
981 3743 1129 3831 suas,
1161 3772 1218 3817 ut
1247 3776 1475 3832 corpora
1513 3774 1612 3814 sua
1636 3754 1789 3829 (ibid.
1817 3753 1934 3819 28-),
1953 3743 2073 3808 'etc.

502 4076 661 4145 Quod
700 4078 918 4145 oportet
960 4084 1161 4125 uxores
1213 4064 1421 4137 subjici
1468 4064 1588 4126 suis
1626 4063 1872 4134 ipsarum
1917 4060 2073 4123 viris,

575 4165 741 4239 309
762 4158 1225 4235 quemadmodum
1262 4166 1320 4215 et
1353 4156 1600 4214 Ecclesia
1635 4155 1858 4211 Christo
1894 4153 2079 4224 subje-

575 4269 664 4316 cta
691 4264 795 4320 est,
824 4262 883 4309 ut
912 4252 1115 4307 faciant
1151 4250 1246 4305 Dei
1271 4250 1627 4306 voluntatem.

1139 4365 1312 4421 Caput
1342 4361 1449 4416 IV.

1139 4379 1312 4433 napus
1342 4379 1368 4416 ι
1390 4379 1416 4416 γ
1433 4401 1449 4416 .

575 4464 827 4523 Mulieres
868 4464 996 4519 viris
1039 4461 1151 4516 suis
1193 4454 1422 4514 subdita:
1459 4454 1588 4517 sint,
1635 4451 1771 4508 sicut
1806 4449 2076 4504 Domino:

2153 663 2222 716 δὲ
2253 663 2409 732 λέγω
2455 661 2617 732 ὑμῖν,
2650 661 2738 715 ὅτι
2761 661 2830 728 ὃς
2868 661 2976 716 ἐὰν
3001 662 3287 730 ἀπολύσῃ
3318 660 3436 728 τὴν
3473 660 3700 729 γυναῖκα

2153 755 2375 820 αὐτοῦ,
2425 753 2721 823 παρεκτὸς
2752 754 2938 821 λόγου
2986 753 3269 821 πορνείας
3291 791 3306 817 ,
3339 749 3500 804 ποιεῖ
3533 750 3703 820 αὐτὴν

2149 846 2503 919 μοιχᾶσθαι·
2549 847 2647 900 καὶ
2701 845 2770 912 ὃς
2812 846 2922 899 ἐὰν
2962 844 3073 915 (97)
3116 841 3577 913 ἀπολελυμένην
3618 857 3705 912 γα-

2149 943 2345 1012 μήσῃ,
2374 938 2673 1011 μοιχᾶται.
2707 937 3005 993 ΛΟΥΚΑΣ.
3057 936 3131 995 E1
3162 953 3253 1003 τις
3302 935 3538 1004 ἔρχεται
3577 936 3704 1004 πρός

2150 1053 2248 1106 με.
2273 1035 2373 1090 καὶ
2402 1037 2473 1088 οὐ
2497 1032 2672 1104 μισεῖ
2695 1032 2804 1087 τὸν
2828 1030 3072 1099 πατέρα,
3094 1029 3196 1084 καὶ
3227 1029 3340 1096 τὴν
3361 1026 3601 1098 μητέρα,
3623 1029 3704 1081 καὶ

2158 1126 2272 1195 τὴν
2303 1125 2579 1195 γυναῖκα,
2619 1123 2717 1177 καὶ
2752 1120 2829 1175 τὰ
2876 1120 3078 1184 τέκνα,
3110 1118 3211 1173 καὶ
3237 1117 3380 1184 τοὺς
3404 1115 3705 1186 ἀδελφοὺς,

2158 1219 2254 1273 καὶ
2284 1219 2392 1282 τὰς
2421 1215 2713 1286 ἀδελφὰς,
2754 1215 2842 1270 ἐτι
2882 1212 2952 1268 δὲ
2977 1212 3077 1267 καὶ
3103 1210 3218 1278 τὴν
3239 1209 3458 1268 ἑαυτοῦ
3498 1208 3707 1277 ψυχὴν,

2158 1312 2230 1364 οὐ
2254 1308 2509 1362 δύναταί
2533 1324 2653 1377 μου
2676 1301 2830 1360 εἷναι
2849 1302 3146 1375 μαθητής.
3175 1300 3546 1355 ΜΑΤΘΔΙΟΣ.
3568 1299 3709 1369 Λέγω

2159 1401 2227 1456 δὲ
2253 1403 2415 1470 ὑμῖν,
2441 1400 2529 1454 ὅτι
2567 1398 2635 1466 ὃς
2663 1396 2739 1453 ἂν
2776 1397 3060 1465 ἀπολύσῃ
3088 1392 3203 1463 τὴν
3232 1393 3488 1463 γυναῖκα
3524 1390 3709 1456 αὑτοῦ.

2159 1499 2213 1550 εὶ
2244 1495 2328 1565 μὴ
2356 1493 2465 1565 (98)
2505 1493 2602 1546 ἐπὶ
2629 1490 2897 1561 πορνείᾳ,
2934 1488 3034 1543 καὶ
3079 1485 3323 1558 γαμήσῃ
3358 1485 3713 1553 (1.1111131104-

2161 1573 2492 1661 zdtat'aai
2534 1589 2568 1641 ό
2608 1580 3072 1651 ἀπολελυμένην
3107 1579 3405 1651 γαμήσας,
3435 1574 3712 1646 μοιχᾶται.

2162 1682 2342 1736 ΠΡΟΣ
2378 1680 2538 1734 ΚΟΡ.
2574 1684 2642 1733 α’.
2676 1675 2805 1742 Τοῖς
2828 1673 2897 1727 δὲ
2918 1673 3282 1744 γεγαμηκόσι
3316 1667 3712 1739 παραγγέλλω,

2163 1777 2275 1829 οὐκ
2304 1773 2441 1844 ἐγὼ,
2467 1772 2605 1827 ἀλλ’
2629 1773 2662 1825 ὁ
2696 1769 2930 1837 Κύριος,
2963 1764 3217 1835 γυναῖκα
3246 1763 3367 1818 ἀπὸ
3402 1760 3620 1829 ἀνδρὸς
3641 1755 3716 1827 μὴ

2167 1865 2510 1937 χωρίζεσθαι
2526 1882 2541 1897 ·
2573 1862 2682 1917 ἐὰν
2706 1860 2775 1914 δὲ
2797 1859 2897 1914 καὶ
2922 1854 3208 1928 χωρισθῇ,
3230 1854 3459 1926 μενέτω
3488 1852 3715 1921 ἄγαμος,

2089 1921 2134 1978 Β
2162 1921 2204 2029 ἦ
2234 1921 2522 2027 τᾷίάνδρὶ
2546 1921 2976 2024 καταλλαγήτω
2992 1921 3018 1984 ί
3037 1951 3133 2005 καὶ
3368 1943 3622 2017 γυναῖκα
3648 1940 3718 2013 μή

2164 2052 2421 2123 ἀφιέναι.

2165 2170 2293 2224 ’Ότι
2320 2167 2422 2221 οὐκ
2446 2165 2621 2233 ἔξεστι
2654 2163 2733 2234 τῷ
2765 2160 3099 2218 ἀπολύσαντι
3132 2158 3228 2230 τὴν
3266 2152 3464 2210 ἑαυτοῦ
3494 2153 3600 2225 (99)
3632 2165 3721 2220 γυ·

2234 2261 2417 2322 ναῖκα,
2450 2259 2648 2328 γαμεῖν
2680 2254 2870 2326 ἄλλην,
2903 2252 3025 2306 οὔτε
3057 2251 3155 2323 τὴν
3187 2245 3597 2319 ἀπολελυμένην
3626 2242 3724 2298 dub

2235 2344 2448 2417 ἀνδρὸς,
2482 2343 2654 2414 ἑτέρῳ
2686 2359 2756 2411 γα
2766 2340 3002 2414 μεῖσθαι.

2740 2487 2745 2491 -
2780 2456 3004 2527 Κεφάλ.
3043 2456 3124 2521 ,B'.

2236 2551 2601 2608 ΜΑΤΘΑΙΟΣ.
2629 2550 2793 2621 Λέγω
2822 2549 2891 2604 δὲ
2928 2549 3090 2618 ὑμῖν,
3122 2547 3210 2601 ὅτι
3239 2546 3307 2613 ὃς
3337 2545 3416 2601 ἂν
3457 2543 3723 2610 ἀπολύσῃ

2167 2644 2284 2714 τὴν
2320 2644 2576 2717 γυναῖκα
2614 2643 2825 2707 αὐτοῦ,
2859 2644 2913 2696 εὶ
2937 2641 3023 2712 μὴ
3063 2639 3162 2694 ἐπὶ
3198 2639 3469 2708 πορνείᾳ,
3514 2636 3608 2691 καὶ
3636 2650 3728 2706 τα-

2163 2739 2333 2809 μήσῃ
2380 2737 2582 2804 ἄλλην
2608 2774 2623 2800 ,
2667 2732 2986 2804 μοιχᾶται’
3038 2731 3137 2787 καὶ
3190 2733 3224 2785 ὁ
3279 2728 3729 2799 ἀπολελυμένην

2168 2828 2467 2898 γαμήσας,
2493 2824 2788 2898 μοιχᾶται.

2171 2940 2293 2994 Ὀτι
2323 2940 2407 2994 δεῖ
2437 2941 2562 3002 τοὺς
2598 2938 2798 3011 ἄνδρας
2832 2938 3054 3009 ἀγαπᾷν
3088 2936 3187 3000 τὰς
3226 2935 3435 2989 ἑαυτῶν
3465 2934 3543 3005 (l)
3566 2948 3733 3001 γυναι-

2240 3053 2364 3100 κας,
2398 3035 2619 3106 ἀγάπην
2653 3033 2720 3105 ἢν
2749 3034 2777 3087 ὁ
2813 3031 3050 3104 Χριστὸς
3081 3030 3336 3101 ἠγάπησε
3378 3028 3482 3100 τὴν
3531 3026 3735 3095 Ἐκκλη-

2244 3128 2394 3192 σίαν,
2438 3123 2712 3197 παραδοὺς
2762 3123 2954 3178 ἑαυτὸν
3001 3121 3141 3192 ὑπὲρ
3175 3120 3343 3191 αὐτῆς
3368 3159 3382 3183 ,
3439 3120 3533 3174 ἵνα
3584 3116 3735 3187 αὐτὴν

2246 3218 2471 3293 ἁγιάσῃ.

2796 3306 3019 3376 Κεφάλ.
3057 3312 3127 3377 γ’.

2248 3404 2429 3459 ΠΡΟΣ
2465 3403 2655 3457 ΕΦΕΣ.
2681 3404 2745 3455 Ol
2768 3400 3006 3468 ἄνδρες,
3030 3397 3296 3468 ἀγαπᾶτε
3323 3396 3433 3462 τὰς
3470 3390 3739 3465 γυναῖκα(

2175 3495 2438 3560 ἑαυτῶν,
2472 3494 2667 3560 καθὼς
2708 3492 2807 3547 καὶ
2861 3495 2894 3546 ό
2936 3490 3192 3560 Χριστὸς
3226 3488 3341 3557 τὴν
3385 3484 3741 3552 Ἐκκλησίαν

2175 3589 2474 3661 ἠγάπησε,
2510 3587 2608 3641 καὶ
2634 3585 2852 3640 ἑαυτὸν
2880 3582 3223 3651 παρέδωκεν
3244 3579 3393 3649 ὑπὲρ
3415 3576 3630 3645 αὐτῆς,
3653 3577 3740 3629 Ira

2176 3681 2370 3749 αὐτὴν
2397 3677 2644 3750 ἁγιάσῃ,
2675 3677 3004 3745 καθαρίσας
3028 3672 3108 3739 τῷ
3140 3670 3372 3741 λουτρῷ
3394 3673 3509 3726 τοῦ
3542 3669 3740 3730 ὕδατος

2176 3776 2245 3831 ἐν
2256 3774 2499 3843 ῥήματι.
2540 3773 2651 3826 Καὶ
2682 3771 2798 3843 μετ“
2833 3768 3021 3837 ὀλίγα⁶
3067 3769 3266 3833 Οὕτως
3297 3765 3656 3835 ὀφείλουσιν
3696 3761 3743 3813 οι

2176 3868 2393 3937 ἄνδρες
2417 3864 2659 3937 ἀγαπᾷν
2690 3865 2797 3930 τὰς
2821 3861 3051 3918 ἑαυτῶν
3085 3863 3396 3931 γυναῖκας,
3416 3859 3505 3922 ὡς
3528 3856 3599 3910 τὰ
3623 3854 3744 3908 eau-

2177 3959 2297 4022 τῶν
2327 3958 2593 4030 σώματα,
2627 3957 2815 4012 καὶτὰ
2851 3954 3000 4026 ἑξῆς.

2178 4074 2303 4130 Ὀτι
2328 4073 2408 4127 δεῖ
2440 4072 2537 4137 τὰς
2579 4072 2843 4141 γυναῖκας
2892 4065 3297 4122 ὑποτάσσεσθαι
3337 4065 3456 4127 τοῖς
3493 4059 3640 4122 ἰδίοις
3663 4058 3746 4111 ἀν·

2250 4164 2463 4238 δράσιν,
2488 4165 2565 4228 ὡς
2584 4164 2678 4218 καὶ⁵
2708 4164 2742 4234 ἡ
2789 4159 3085 4232 Ἐκκλησία
3108 4158 3186 4229 τῷ
3224 4154 3472 4227 Χριστῷ,
3506 4150 3747 4211 ποιούσας

2249 4259 2313 4314 τὸ
2350 4258 2564 4330 θέλημα
2600 4255 2696 4310 τοῦ
2726 4254 2883 4309 Θεοῦ.

2811 4367 3035 4425 Κεφάλ.
3069 4365 3140 4420 δ’.

2811 4386 2910 4425 118'
2936 4386 3035 4423 αλ.
3069 4386 3140 4420 ο·.

2251 4467 2434 4522 ΠΡΟΣ
2469 4464 2659 4519 ΕΦΕΣ.
2688 4465 2758 4518 Al
2790 4386 3074 4533 γυνῗιῖκες
3103 4457 3227 4524 τοῖς
3263 4456 3437 4523 ὶδίοις
3468 4451 3751 4523 ἀνδράσιν

503 4559 756 4632 σιωπῆσαι
785 4557 866 4613 uir
904 4563 1063 4624 caput
1105 4561 1183 4608 est
1237 4547 1499 4609 mulieris,
1549 4545 1686 4600 sicut
1734 4552 1787 4598 et
1833 4541 2068 4598 Christus

2183 4556 2772 4620 ὑποτασσέσθωσαν,
2805 4555 2887 4620 ὡς
2915 4551 2996 4617 τῷ
3029 4550 3223 4620 Κυρίῳ
3246 4566 3259 4579 ’
3286 4547 3377 4602 ὅτι
3414 4550 3450 4601 ὁ
3485 4545 3643 4614 ἀνὴρ
3664 4558 3750 4597 κει

503 4621 661 4721 caput
687 4659 762 4704 est
797 4621 1049 4702 Ecclesia:
1071 4658 1090 4699 :
1111 4653 1160 4699 et
1191 4644 1299 4712 ipse
1318 4640 1556 4694 salvator
1582 4646 1660 4693 est
1688 4635 1947 4707 corporis.
1975 4633 2068 4690 Sed

2183 4650 2346 4723 φαλή
2381 4651 2512 4704 ἐστι
2546 4646 2657 4715 τῆς
2690 4643 2995 4716 γυναικὸς,
3034 4644 3115 4708 ὼς
3152 4641 3251 4695 καὶ
3295 4643 3327 4695 ὀ
3370 4638 3631 4708 Χριστὸς
3670 4650 3751 4689 κε·

502 4743 642 4799 sicut
676 4740 917 4797 Ecclesia
953 4737 1190 4808 subjecta
1232 4745 1312 4791 est
1345 4731 1558 4791 Christo
1584 4747 1604 4785 :
1633 4732 1714 4784 ita
1734 4739 1785 4784 et
1834 4728 2078 4782 mulieres

502 4836 631 4892 uiris
673 4835 785 4890 suis
816 4833 873 4888 in
925 4829 1167 4887 omnibus
1207 4826 1421 4900 (Ephes.
1455 4841 1508 4894 ν,
1541 4821 1807 4894 22-24)...
1850 4819 1917 4876 Ut
1950 4836 2079 4890 pru-

508 4925 746 4982 dentiam
764 4924 988 4979 doceant
1019 4915 1464 4979 adolescentulus,
1494 4922 1552 4966 ut
1573 4912 1711 4967 uiros
1741 4927 1865 4965 suos
1882 4917 2078 4969 ament.

508 5015 648 5071 ﬁlios
678 5014 949 5086 diligant:
996 5022 1054 5068 ut
1089 5009 1281 5067 sobriis
1310 5007 1440 5072 sint,
1475 5012 1661 5071 castra,
1693 4994 1878 5057 domus
1914 5011 2082 5056 custo-

505 5123 619 5174 ou,
659 5107 915 5177 benigne,
967 5102 1196 5163 subdita
1239 5104 1367 5182 viris
1402 5094 1553 5170 suis,
1593 5112 1651 5159 ut
1684 5119 1790 5161 non
1840 5101 2081 5176 blasphe-

508 5208 678 5253 metur
701 5196 916 5252 verbum
944 5194 1042 5250 Dei
1068 5195 1200 5267 (Tit.
1230 5208 1293 5260 ιι,
1322 5193 1377 5259 ι,
1411 5191 1490 5262 5).

481 5573 488 5596 ⁵
581 5569 693 5642 (97)
720 5565 857 5642 ξος.
887 5568 1082 5642 tertius
1105 5568 1201 5642 καὶ
1229 5568 1290 5634 ὃς
1316 5567 1405 5642 ἄν.

580 5634 693 5711 (98)
727 5634 976 5720 Utraque
1001 5640 1169 5695 editio
1214 5642 1264 5694 ei
1305 5639 1405 5764 μίις
1441 5637 1716 5720 Voculae!
1745 5638 1801 5721 in
1830 5634 1963 5707 Reg.
1992 5651 2079 5692 se-

586 5709 695 5764 ndo
733 5724 845 5764 non
875 5711 1093 5764 lenitur.
1134 5709 1344 5764 Desunt
1407 5723 1487 5764 asc
1511 5724 1737 5764 omnino
1771 5725 1826 5763 in
1864 5707 2079 5763 duobus

510 5707 695 5792 eundo
733 5707 1093 5792 θρα-[θείων.
1134 5707 1487 5792 Desuntbam
1511 5710 1737 5764 omnino
1771 5709 1826 5792 in
1864 5707 2082 5763 duobus

511 5780 636 5837 aliis
679 5778 963 5851 codicibus
1003 5798 1019 5835 :
1061 5780 1209 5851 quod
1250 5780 1447 5835 melius
1505 5793 1629 5836 esse
1670 5778 1825 5836 credi
1878 5785 2081 5850 potest,

510 5865 637 5909 cum
654 5850 859 5919 eadem
885 5851 1051 5919 verba
1078 5848 1267 5905 statim
1300 5858 1639 5919 repetantur.

585 5918 697 5998 (99)
730 5917 823 5978 Sic
845 5918 974 5980 libri
1001 5926 1234 5978 veteres.
1272 5915 1519 5993 Utraque
1562 5919 1730 5977 editio
1762 5917 1859 5993 τὴν
1896 5915 2085 5974 αὑτοῦ.

2187 4742 2354 4813 φαλὴ
2390 4740 2499 4810 τῆς
2551 4739 2952 4806 Ἐκκλησίας·
2989 4735 3090 4789 καὶ
3127 4735 3312 4799 αὐτός
3358 4732 3538 4786 ἐστιν
3580 4734 3613 4786 ό
3653 4745 3755 4784 σω-

2112 4889 2123 4900 ,
2184 4836 2297 4906 τὴρ
2326 4835 2400 4907 (2)
2428 4834 2537 4889 τοῦ
2569 4831 2867 4902 σώματος.
2924 4829 3086 4884 Ἀλλ’
3118 4825 3319 4895 ὥσπερ
3358 4825 3397 4892 ὴ
3439 4818 3756 4888 Ἐκκλησία

2183 4927 2598 4983 ὑποτάσσεται
2621 4922 2702 4991 τῷ
2731 4920 2984 4993 Χριστῷ,
3020 4920 3173 4975 οὕτω
3212 4920 3272 4973 al
3311 4915 3603 4985 γυναῖκες
3643 4911 3755 4977 τοῖς

2189 5020 2361 5087 ἰδίοις
2388 5016 2685 5088 ἀνδράσιν
2716 5017 2787 5071 ἐν
2835 5015 3035 5070 παντί.
3080 5013 3257 5066 ΠΡΟΣ
3294 5010 3430 5065 TlT.
3464 5010 3604 5066 Ἵνα
3647 5020 3754 5062 σω-

2188 5111 2506 5184 φρονίζουσι
2547 5111 2658 5177 τὰς
2709 5109 2882 5175 νέας,
2922 5105 3292 5178 φιλάνδρους
3329 5100 3508 5184 εἶναι.
3560 5098 3755 5170 ἁγνὰς.
3774 5149 3789 5153 -

2189 5178 2533 5274 olxovpoivq,
2575 5201 2832 5273 ἀγαθὰς,
2873 5197 3379 5267 ὑποτασσομένας
3424 5178 3560 5260 τοῖς
3603 5191 3759 5253 ἰδίοις

2188 5296 2521 5364 ἀνδράσιν,
2564 5296 2667 5349 ἵνα
2714 5293 2800 5364 μὴ
2837 5296 2870 5347 ό
2913 5292 3098 5360 λόγος
3148 5287 3255 5343 τοῦ
3298 5286 3447 5343 Θεοῦ
3483 5286 3763 5352 ,βλασφη-

2187 5404 2384 5459 μηται.

2178 5562 2306 5629 Hos
2332 5575 2564 5634 utraque
2594 5560 2766 5634 editio
2795 5559 2844 5613 sl
2868 5560 2969 5631 μή.
3001 5555 3207 5613 Vocula
3236 5556 3287 5609 st
3319 5554 3477 5609 abest
3509 5566 3541 5605 a
3567 5545 3760 5604 nostris

2183 5632 2489 5692 veteribus
2503 5632 2678 5688 libris.

2282 5706 2335 5775 i)
2369 5704 2514 5775 Editi
2539 5702 2638 5765 τὰς
2668 5700 2873 5775 αὺιιςίιῖδχἶ
2895 5699 2964 5775 At
2995 5711 3134 5775 mss.
3161 5692 3392 5775 ἑαυτῶν.

2279 5760 2335 5845 2)
2366 5760 2660 5831 Posuimus
2706 5787 2774 5830 ex
2816 5769 2977 5829 libris
3025 5767 3267 5839 antiquis
3309 5760 3611 5821 articulum
3650 5764 3764 5814 ante

2191 5845 2380 5905 voCem
2421 5845 2624 5918 σωτήρ.
