3962 6238
315 252 423 310 853

1786 248 2114 307 MORALIA.

3468 256 3570 314 854

319 365 450 420 ὀτι
481 367 543 420 οὐ
575 365 657 421 δεῖ
676 369 776 432 τὰς
800 371 1065 438 γυναῖκας
1088 370 1224 442 πρὸς
1247 367 1525 440 ὡραϊσμὸν
1553 369 1885 440 κοσμεῖσθαι,

2013 368 2158 434 Quod
2202 385 2312 427 non
2352 372 2550 429 debent
2580 373 2848 430 'mutieres
2893 388 2963 432 se
3004 373 3086 429 ad‘
3119 375 3414 444 parandam
3452 378 3572 446 pul-

391 456 527 512 me
556 458 653 530 τὴν
684 461 866 514 πᾶσαν
902 461 1134 530 σπουδὴν
1169 462 1263 515 καὶ
1301 460 1567 533 μέριμναν
1591 459 1736 530 ἔχειν
1769 461 1896 533 περὶ

389 549 456 601 τὰ
479 549 556 620 (3)
591 550 773 619 ἀγαθὰ
801 551 960 623 ἔργα,
984 554 1078 606 καὶ
1101 552 1288 606 τοῦτον
1321 553 1569 623 ἡγεῖσθαι
1599 551 1774 624 ἀληθῆ
1803 554 1897 606 καὶ

389 641 674 713 πρέποντα
698 644 1055 715 Χριπιαναίς
1066 645 1301 714 ⁵κόσμον.

936 845 1156 915 Κεφὰλ.
1195 853 1260 900 ε’.

387 936 586 991 ΠΡΟΣ.
617 938 764 992 ἸἸΜ.
819 945 889 991 α’.
935 937 1234 1004 Ὡσαύτως
1281 937 1571 1008 γυναῖκας
1611 939 1679 990 ἐν
1717 954 1896 991 κατα-

312 1026 513 1097 στολῇ
553 1032 786 1099 κοσμίῳ
820 1033 968 1100 μετὰ
990 1030 1197 1096 αἰδοῦς
1233 1031 1332 1085 καὶ
1365 1031 1766 1099 σωφροσύνης
1799 1050 1896 1084 κο-

313 1119 494 1188 σμεῖν
515 1120 768 1187 ἑαυτάς·
819 1122 908 1191 μὴ
954 1123 1025 1176 ἐν
1067 1121 1444 1192 πλέγμασιν,
1480 1122 1518 1191 ἢ
1569 1121 1809 1192 χρυσῷ,
1853 1122 1892 1190 ἢ

307 1213 718 1282 μαργαρίταις,
752 1213 788 1280 ἢ
819 1211 1108 1283 ἱματισμῷ
1135 1213 1480 1278 πολυτελεῖ,
1504 1214 1664 1278 ἀλλ’,
1697 1211 1728 1266 ὃ
1757 1213 1895 1281 πρέ-

310 1315 411 1358 πει
450 1305 527 1372 (ὁ)
559 1305 867 1375 γυναιξὶν,
931 1305 1476 1377 ἐπαγγελλομέναις
1522 1306 1890 1376 θεοσέϐειαν,

307 1393 386 1448 δι’
420 1395 610 1466 ἔργων
645 1394 905 1466 ἀγαθῶν.

336 1508 436 1562 Οτι
465 1507 548 1560 δεῖ
572 1507 672 1571 τὰς
699 1509 962 1576 γυναῖκας
992 1508 1146 1577 σιγᾷν
1175 1508 1235 1559 ἐν
1267 1505 1552 1577 ἐκκλησίᾳ,
1595 1506 1714 1560 κατ’
1747 1500 1891 1560 οἷκον

379 1600 438 1654 δὲ
474 1599 1009 1668 σπουδαιολογεῖσθαι
1045 1599 1174 1670 περὶ
1203 1599 1303 1669 τῆς
1327 1599 1407 1662 εἰς
1429 1597 1563 1652 Θεὸν
1596 1599 1893 1668 εὐαρεστή-

382 1707 545 1754 σεως.

939 1779 1162 1850 Κεφάλ.
1200 1787 1276 1846 ς’.

378 1872 744 1926 ΠΡΟΣ-ΚΟΡ.
773 1879 841 1926 α’.
874 1874 945 1927 Al
988 1871 1268 1942 γυναῖκες
1310 1874 1479 1942 ὐμῶν
1514 1871 1585 1925 ἐν
1617 1870 1747 1938 ταῖς
1783 1872 1884 1924 ἐκ·

307 1965 596 2032 κλησίαις
628 1965 1007 2034 σιγάτωσαν·
1055 1968 1126 2020 οὐ
1169 1966 1281 2036 γὰρ
1325 1964 1739 2033 ἐπιτέτραπται
1781 1965 1886 2017 ab-

302 2055 438 2122 ταῖς
463 2055 699 2118 λαλεῖν,
735 2056 875 2110 ἀλλ’
905 2054 1379 2110 ὑποτάσσεσθαι.
1406 2055 1474 2107 El
1503 2053 1571 2108 δέ
1603 2070 1658 2108 τι
1672 2052 1886 2123 μαθεῖν

305 2146 622 2208 θέλουσιν,
653 2148 722 2200 ἐν
764 2147 909 2212 οῖκῳ
938 2146 1079 2213 τοὺς
1121 2146 1315 2214 ιδίους
1342 2145 1564 2215 ἄνδρας
1594 2142 1885 2215 ἐπερωτά-

305 2254 533 2294 τωσαν.
566 2239 833 2308 Αίσχρὸν
859 2237 968 2309 γάρ
999 2240 1130 2293 ἐστι
1163 2238 1441 2309 γυναιξὶν
1477 2239 1547 2292 ἐν
1591 2240 1887 2308 ἐκκλησίᾳ

302 2329 539 2386 λαλεῖν.
574 2331 751 2384 ΠΡΟΣ
787 2331 934 2385 ΤΙΜ.
974 2337 1042 2386 α’.
1076 2329 1245 2398 Γυνὴ
1292 2331 1362 2384 ἐν
1397 2333 1627 2401 ἡσυχίᾳ
1668 2335 1888 2401 μανθαρ

301 2422 455 2476 νέτω
500 2423 572 2476 ἐν
619 2423 786 2493 πάσῃ
820 2421 1112 2492 ὑποταγῇ.
1171 2422 1488 2477 Διδάσκειν
1538 2423 1605 2476 δὲ
1649 2423 1886 2491 γυναικὶ

301 2515 420 2569 οὐκ
448 2513 758 2583 ἐπιτρέπω,
783 2513 928 2569 οὐδέ
967 2514 1276 2571 αὐθεντεῖν
1301 2515 1540 2584 ἀνδρὸς,
1569 2515 1706 2570 ἀλλ’
1734 2511 1883 2570 εἶναι

299 2605 373 2658 ἐν
396 2605 648 2675 ἠσυχίᾳ.
686 2605 865 2676 Ἀδὰμ
886 2607 996 2676 γὰρ
1020 2605 1247 2675 πρῶτος
1267 2607 1562 2675 ἐπλάσθη,
1588 2603 1714 2661 εἶτα
1737 2609 1880 2663 Εὕα.

301 2700 416 2753 Kal
445 2702 478 2754 ό
515 2698 699 2770 Ἀδὰμ
738 2701 849 2754 οὐκ
885 2698 1182 2769 ἠπατήθη,
1223 2701 1263 2766 ἠ
1294 2699 1362 2753 δὲ
1389 2699 1543 2769 γυνὴ
1590 2699 1886 2768 ἐξαπατη-

300 2791 480 2847 θεῖσα
525 2791 594 2846 ἐν
625 2792 956 2861 παραϐάσει
1005 2793 1232 2862 γέγονε.
1289 2791 1634 2858 Σωθήσεται
1684 2791 1752 2844 δέ
1787 2791 1883 2844 διὰ

299 2881 416 2950 τῆς
450 2885 854 2954 τεκνογονίας,
882 2884 992 2937 ἐὰν
1012 2885 1302 2953 μείνωσιν
1338 2883 1406 2936 ἐν
1431 2881 1506 2952 τῇ
1541 2883 1762 2950 πίστει,
1784 2883 1884 2937 καὶ

297 2973 530 3044 ἀγάπῃ,
556 2976 652 3028 καὶ
680 2974 969 3046 ἁγιασμῷ,
995 2974 1145 3045 μετὰ
1173 2976 1593 3044 σωφροσύνης.

930 3088 1101 3140 ΟΡοΣ
1139 3089 1256 3143 ΟΝ.

300 3178 432 3232 ’Ότι
457 3178 538 3232 δεῖ
563 3179 662 3251 τὴν
687 3182 883 3253 χήραν,
911 3180 1010 3251 τὴν
1036 3180 1367 3252 ἰσχυροτέρῳ
1393 3178 1471 3251 τῷ
1500 3178 1712 3249 σώματι
1741 3194 1887 3248 χρω-

375 3272 569 3343 μένην,
598 3272 656 3323 ὲν
683 3269 925 3342 φροντίδι
959 3269 1052 3322 καὶ
1088 3269 1291 3340 σπουδῇ
1325 3267 1551 3336 διάγειν,
1590 3282 1770 3338 μεμνη
1783 3264 1882 3334 μὲ-

373 3378 472 3431 νην
523 3360 631 3415 τῶν
661 3360 765 3414 ὑπὸ
809 3359 906 3413 τοῦ
958 3359 1280 3414 ’Λποστόλου
1320 3358 1656 3430 εἰρημένων,
1696 3357 1789 3411 καὶ
1814 3359 1880 3428 τῇ

371 3453 606 3525 Δορκάδι
642 3452 1173 3526 μεμαρτυρημένων.

928 3567 1152 3636 Κεφάλ.
1182 3566 1252 3620 α’.

369 3665 683 3719 ΠΡΑΞΕΙΣ.
736 3664 831 3717 Ἐν
867 3661 1069 3728 Ἰόππῃ
1114 3658 1180 3712 δέ
1214 3675 1301 3724 τις
1316 3652 1394 3727 ἦν
1421 3655 1734 3725 μαθήτρια,
1757 3655 1884 3709 ἀνό-

292 3775 440 3826 ματι
473 3754 704 3818 Ταϐιθὰ,
741 3751 779 3820 ἢ
822 3746 1328 3819 διερμηνευομένη
1363 3744 1598 3814 λέγεται
1632 3743 1879 3813 Δορκάς.

296 3847 464 3912 Δῦτη
506 3841 584 3914 ἦν
621 3842 859 3911 πλήρης
909 3841 1097 3911 ἔργων
1142 3837 1378 3908 ἀγαθῶν
1417 3838 1515 3892 καὶ
1551 3838 1881 3905 ἐλεημοσυ-

297 3933 425 3990 νῶν
448 3928 538 3988 ὧν
565 3934 770 3987 ἐποίει.
812 3932 925 3986 Καὶ
953 3933 1068 4003 μετ’
1092 3929 1277 3997 ὀλίγαι
1329 3928 1436 3982 Καὶ
1473 3926 1881 3996 περιέστησαν

299 4025 461 4093 αὐτῷ
487 4026 680 4082 πᾶσαι
703 4029 762 4080 al
787 4025 967 4095 χῆραι
1009 4024 1352 4083 κλαίουσαι,
1400 4021 1498 4074 καὶ
1554 4021 1882 4074 ἐπιδεικνύ-

293 4139 471 4191 μεναι
501 4119 759 4190 χιτῶνας
787 4119 887 4174 καὶ
934 4117 1130 4187 ἱμάτια
1158 4115 1276 4170 ὅσα
1320 4114 1507 4168 ἐποίει
1529 4113 1656 4182 μετ’
1682 4110 1881 4167 αὐτῶν

299 4212 458 4272 οὖσα
498 4216 541 4283 ἡ
585 4212 826 4284 Δορκάς.
880 4211 1059 4264 ΠΡΟΣ
1105 4209 1249 4261 ΤΙΜ.
1301 4213 1368 4260 α’.
1419 4206 1582 4274 Χήρα
1633 4209 1879 4260 καταλε-

300 4308 512 4376 γέσθω,
558 4306 647 4377 μὴ
694 4304 962 4359 ἐλάττων
1017 4299 1169 4355 ἐτῶν
1216 4299 1513 4365 ἐξήκοντα
1533 4337 1547 4362 ,
1601 4297 1880 4367 γεγονυῖα

2070 466 2437 521 chritudinem
2468 481 2758 532 exornare,
2791 467 2884 520 sed
2927 467 3168 522 studium
3204 481 3364 522 omne
3391 477 3444 522 et
3471 483 3570 524 cu.

2070 571 2186 611 ram
2215 558 2281 612 ad
2325 559 2466 613 bona
2512 573 2676 628 opera
2705 557 2982 622 conferre,
3012 565 3176 628 atque
3205 557 3352 614 hunc
3379 575 3567 615 verum

2068 658 2122 705 et
2152 650 2487 718 Christianis
2514 650 2841 706 mulieribus
2866 652 3280 707 conveniean
3313 659 3568 707 ornatum

2071 758 2196 798 esse
2224 743 2564 798 existimare.

2643 859 2814 929 Caput
2852 859 2912 916 V.

2069 949 2327 1005 Similiter
2371 961 2420 1006 et
2447 952 2690 1006 mulieres
2724 953 2779 1006 in
2819 952 3001 1006 habitu
3045 957 3242 1004 ornato
3281 965 3398 1002 cum
3433 963 3569 1000 vere-

1994 1041 2186 1096 cundia
2220 1051 2268 1096 et
2302 1042 2584 1097 sobrietate
2616 1051 2862 1096 amantes
2887 1059 2960 1105 se,
2998 1058 3099 1094 non
3135 1042 3190 1093 in
3223 1040 3375 1092 tortis
3407 1039 3570 1091 crini-

1995 1136 2112 1200 bus,
2161 1145 2254 1188 aut
2295 1152 2451 1201 auro,
2496 1146 2590 1190 aut
2625 1135 2954 1206 margaritis,
2991 1135 3068 1188 vel
3120 1141 3256 1187 veste
3293 1131 3566 1200 pretiosa:

1993 1227 2104 1290 sed,
2135 1227 2271 1299 quod
2306 1227 2450 1282 decet
2485 1227 2750 1289 mulieres,
2791 1207 3151 1294 promittentes
3176 1224 3444 1293 pietatem,
3475 1237 3566 1290 per

1995 1333 2152 1384 opera
2181 1317 2316 1371 bona
2341 1315 2397 1388 (Ι
2423 1316 2561 1374 Tim.
2590 1332 2653 1381 tt,
2680 1317 2732 1382 9,
2763 1316 2869 1386 lO).

1992 1514 2148 1580 Quod
2183 1514 2387 1570 debent.
2414 1517 2672 1572 mulieres
2700 1519 2862 1573 silere
2892 1519 2948 1572 in
2981 1517 3239 1583 ecclesia,
3283 1525 3338 1572 et
3375 1515 3565 1571 sedulo

2169 1606 2316 1662 domi
2351 1610 2419 1662 de
2454 1609 2616 1670 modo
2656 1610 2906 1681 placendi
2940 1607 3050 1665 Deo
3087 1609 3387 1680 inquirere.

2638 1783 2809 1855 Caput
2851 1783 2948 1840 Vl.

2065 1873 2316 1931 Mulieres
2345 1887 2532 1932 vestra:
2563 1879 2616 1932 in
2644 1879 2878 1932 ecclesiis
2911 1888 3139 1942 taceant,
3166 1895 3270 1932 non
3294 1878 3432 1931 enim
3448 1893 3566 1946 per-

1993 1967 2225 2020 mittitur
2252 1967 2326 2022 eis
2353 1967 2520 2038 loqui,
2554 1969 2642 2022 sed
2686 1967 2927 2021 subditas
2956 1983 3088 2021 esse.
3130 1964 3190 2021 Si
3221 1966 3347 2036 quid
3391 1975 3564 2019 autem

1991 2060 2171 2115 volunt
2192 2060 2415 2124 discere,
2447 2060 2590 2114 domi
2612 2061 2748 2114 viros
2775 2077 2898 2113 suos
2923 2061 3262 2129 interrogent.
3290 2058 3461 2126 Turpe
3487 2063 3567 2111 est

1991 2153 2128 2205 enim
2160 2151 2472 2204 mulieribus
2495 2151 2636 2220 loqui
2657 2153 2712 2204 in
2739 2151 2960 2204 ecclesia
2985 2147 3036 2220 (1
3057 2149 3180 2204 Cor.
3201 2165 3313 2212 xw,
3341 2148 3429 2211 34,
3449 2148 3561 2218 35).

1993 2243 2189 2298 Mulier
2213 2246 2268 2297 in
2289 2244 2496 2298 silentio
2532 2244 2702 2298 discat
2733 2261 2849 2298 cum
2889 2244 3032 2298 omni
3073 2243 3411 2312 subjectione.
3457 2239 3564 2295 Do-

1991 2353 2106 2392 cere
2143 2345 2319 2392 autem
2351 2336 2562 2390 mulieri
2591 2353 2692 2392 non
2718 2339 2984 2406 permitto,
3026 2352 3186 2406 neque
3213 2334 3480 2389 dominari
3509 2336 3563 2388 in

1992 2430 2184 2489 uirum,
2217 2427 2306 2481 sed
2338 2443 2449 2480 esse
2480 2427 2535 2481 in
2570 2428 2803 2482 silentio.
2839 2427 3010 2482 Adam
3039 2429 3177 2481 enim
3206 2426 3408 2496 primus
3452 2425 3564 2494 for-

1991 2529 2167 2574 matus
2197 2530 2297 2582 est,
2343 2519 2530 2575 deinde
2562 2519 2696 2576 Eva.
2735 2520 2799 2574 Et
2830 2520 3004 2574 Adam
3037 2536 3141 2574 non
3169 2528 3246 2573 est
3286 2517 3562 2582 seductus,

1989 2614 2180 2666 mulier
2207 2622 2380 2668 autem
2409 2613 2627 2667 seducta
2661 2613 2717 2667 in
2753 2613 3185 2681 pra'varicatione
3214 2612 3336 2681 fuit.
3366 2610 3556 2665 Salva-

1991 2705 2132 2759 bitur
2151 2714 2327 2758 autem
2362 2721 2453 2774 per
2480 2705 2715 2774 ﬁliorum
2746 2706 3158 2776 generationem,
3187 2707 3234 2760 si
3259 2720 3558 2776 permanse-

1990 2800 2095 2852 rint
2126 2799 2180 2852 in
2211 2797 2334 2868 ﬁde,
2358 2808 2408 2852 et
2439 2797 2738 2866 dilectione,
2774 2808 2823 2852 et
2850 2799 3292 2868 sanctiﬁcatione,
3327 2815 3445 2852 cum
3477 2813 3566 2850 san

1989 2891 2208 2946 brietate
2230 2889 2284 2961 (Ι
2309 2890 2445 2945 Tim.
2477 2906 2540 2957 lt,
2569 2890 2783 2962 11-15).

2478 3083 2761 3139 REGULA
2831 3081 3066 3138 LXXIV.

1985 3177 2139 3245 Quod
2197 3185 2413 3247 oportet
2450 3177 2693 3241 viduum,
2738 3178 3050 3234 robustiore
3097 3190 3330 3248 corpore
3373 3176 3562 3246 praedi-

2055 3279 2187 3334 tam,
2215 3272 2268 3324 in
2302 3286 2435 3325 cura
2475 3286 2537 3324 ac
2576 3270 2758 3325 studio
2790 3271 2954 3324 vitam
2999 3270 3219 3339 degere,
3261 3283 3558 3323 memorem

2052 3376 2245 3414 corum
2281 3375 2403 3430 qua:
2425 3361 2494 3414 ab
2521 3360 2785 3430 Apostolo
2819 3361 2964 3415 dicta
2989 3366 3138 3422 sunt,
3161 3367 3213 3414 et
3236 3357 3556 3421 testimonii,

2054 3451 2199 3524 quod
2231 3451 2464 3506 Dorcadi
2496 3452 2681 3506 datum
2719 3459 2823 3507 est.

2648 3564 2815 3633 Caput
2847 3565 2896 3619 1.

2055 3659 2120 3714 1η
2148 3659 2316 3730 Joppe
2361 3667 2534 3710 autent
2583 3667 2698 3709 erat
2747 3656 2990 3726 quadam
3039 3657 3297 3724 discipula
3353 3659 3560 3712 nomine

1986 3752 2231 3815 Tabitlta,
2275 3767 2392 3820 (μιαν
2423 3750 2768 3816 interpretata
2802 3747 2999 3800 dicitur
3026 3746 3248 3801 Dorcas.
3287 3747 3412 3802 Ha‘c
3443 3758 3558 3801 erat

1979 3849 2133 3912 plena
2159 3841 2405 3912 operibus
2438 3841 2609 3906 bonis,
2647 3849 2698 3894 et
2739 3840 3080 3909 eleemosynis
3113 3839 3276 3910 310
3313 3857 3442 3910 quas
3469 3841 3556 3909 fa-

1982 3936 2151 3990 ciebat
2180 3933 2423 4006 (Act.1x,
2467 3933 2577 3999 ⁸56).
2624 3931 2690 3985 Et
2728 3933 2894 4002 paulo
2931 3939 3056 4000 post
3095 3952 3108 3986 :
3147 3931 3211 3984 Et
3249 3934 3557 3985 circumste-

1983 4034 2156 4080 terunt
2186 4026 2339 4079 illum
2369 4040 2545 4077 omnes
2570 4025 2739 4077 vidua:
2770 4023 2977 4092 ﬂentes,
3022 4033 3071 4078 et
3102 4022 3428 4078 ostendentes
3472 4034 3560 4076 tuo

1981 4123 2127 4175 nicas
2171 4128 2221 4174 et
2269 4128 2433 4173 vestes
2479 4134 2610 4189 quas
2656 4117 2884 4185 faciebat
2926 4132 3045 4170 cum
3083 4125 3216 4172 esset
3274 4133 3392 4171 cum
3430 4117 3557 4184 ipsis

1981 4213 2181 4268 Dorcas
2213 4211 2363 4284 (ibid.
2399 4210 2556 4282 39)...
2607 4208 2777 4262 Vidua
2808 4210 3033 4280 eligatur
3056 4226 3157 4263 non
3193 4211 3364 4263 minus
3403 4225 3560 4266 sexa-

1980 4305 2126 4376 ginta
2151 4321 2435 4367 annorum,
2471 4318 2589 4372 qua:
2624 4299 2782 4368 fuerit
2821 4302 2978 4356 unius
3010 4301 3108 4355 uiri
3141 4316 3277 4354 uxor
3306 4317 3324 4355 :
3351 4301 3406 4354 in
3438 4317 3559 4368 ope-

301 4399 436 4465 ἐνὸς
475 4397 702 4465 ἀνδρὸς
736 4394 892 4466 γυνή
913 4411 927 4425 ⁸
959 4394 1028 4446 ἐν
1059 4393 1254 4462 ἔργοις
1293 4389 1499 4456 καλοῖς
1541 4407 1878 4458 μαρτυρου-

2016 4397 2131 4451 ibus
2172 4396 2321 4451 bonis
2368 4396 2728 4450 testimonium
2757 4393 2973 4458 habens,
3011 4395 3057 4446 si
3104 4393 3245 4462 filios
3291 4391 3555 4453 educavit,

295 4489 469 4559 μέν-η,
528 4489 583 4542 εὶ
625 4486 1158 4555 ἐτεκνοτρόφησεν,
1203 4485 1256 4536 εὶ
1310 4481 1787 4550 ἐξενοδόχησεν,
1827 4483 1880 4536 εί

2016 4492 2033 4545 i
2065 4492 2291 4560 hospitio
2325 4489 2538 4558 recepit,
2573 4489 2620 4542 si
2652 4497 2957 4542 sanctorum
3001 4485 3154 4555 pedes
3199 4486 3348 4549 lavit,
3377 4485 3424 4536 si
3456 4485 3557 4536 tri-

296 4582 482 4651 ἁγίων
504 4578 698 4646 πόδας
741 4579 974 4646 ἔνιψεν,
1017 4579 1068 4630 εί
1098 4572 1468 4643 θλιϐομένοις
1509 4572 1874 4640 ἐπήρκεσεν,

2013 4584 2307 4637 ulationem
2330 4579 2651 4650 patientibus
2677 4578 3116 4639 subministravit,
3152 4576 3198 4631 si
3246 4591 3396 4629 omne
3427 4590 3556 4643 opus

297 4675 345 4726 el
377 4671 558 4726 παντὶ
592 4669 744 4740 ἔργῳ
761 4665 957 4737 ἀγαθῷ
983 4665 1494 4732 ἐπηκολούθησεν.

2013 4691 2177 4729 ηοηιιηι
2211 4674 2489 4728 subsecuta
2505 4682 2584 4727 est
2617 4670 2668 4728 ll
2690 4669 2824 4724 Tim.
2851 4687 2903 4732 ν,
2937 4669 2991 4728 9,
3025 4667 3134 4723 l0).

299 4783 418 4836 Ὅτι
458 4782 544 4835 δεῖ
573 4781 678 4852 τὴν
711 4781 886 4850 χήραν
918 4778 1018 4849 τὴν
1067 4775 1501 4845 εὖδοκιμήσασαν
1547 4774 1604 4826 ὲν
1634 4776 1747 4837 τοῖς
1773 4774 1877 4842 ὑπρ

2013 4790 2142 4858 ξιιοᾶ
2164 4791 2325 4847 vioua
2358 4805 2479 4860 quae
2511 4787 2582 4842 ob
2608 4795 2753 4840 recte
2786 4785 2930 4838 facta
2957 4783 3026 4837 ab
3062 4782 3322 4849 Apostoio
3351 4793 3558 4834 memo-

365 4872 459 4927 τοῦ
489 4870 818 4925 Ἀποστόλου
842 4867 1150 4940 εἰρημένοις
1178 4863 1597 4935 κατορθώμασι,
1626 4865 1720 4916 καὶ
1740 4863 1878 4929 φθά-

369 4983 538 5020 σασαν
560 4964 643 5027 εἰς
669 4962 733 5016 τὸ
762 4963 946 5031 τάγμα
971 4959 1080 5013 τῶν
1111 4959 1278 5020 ὅντως
1307 4955 1512 5028 χηρῶν,
1537 4974 1878 5029 προσκαρτε-

367 5059 480 5127 ρεῖν
523 5057 646 5117 ταῖς
693 5053 910 5124 δεήσεσι
956 5049 1053 5104 καὶ
1087 5052 1208 5112 ταῖς
1239 5049 1571 5118 προσευχαῖς
1619 5047 1758 5119 μετὰ
1785 5066 1878 5120 νη-

367 5147 562 5200 στειῶν
587 5144 782 5210 νυκτὸς
813 5142 910 5196 καὶ
940 5141 1171 5212 ἡμέρας.

918 5253 1140 5322 Κερὰλ.
1162 5253 1246 5316 β’.

368 5352 666 5406 ΛΟΥΚΑΣ.
713 5347 824 5404 Καὶ
883 5345 965 5417 ἦν
1009 5349 1190 5401 Ἄννα
1240 5345 1569 5415 προφῆτις,
1612 5345 1873 5415 θυγάτηρ

2059 4892 2180 4939 rata
2229 4882 2463 4938 illustris
2502 4888 2587 4936 est
2620 4889 2675 4934 et
2719 4879 2890 4943 clara,
2925 4889 3156 4945 quaeque
3190 4874 3258 4927 ad
3309 4873 3554 4928 ordinem

2054 4990 2181 5031 vere
2207 4974 2499 5029 viduarum
2545 4969 2813 5041 pervenit,
2845 4965 3101 5037 precibus
3131 4972 3185 5019 et
3218 4963 3560 5019 obsecratio-

2055 5069 2220 5126 nibus
2255 5082 2379 5122 cuin
2405 5065 2634 5136 jejuniis
2656 5069 2824 5117 noctu
2851 5059 3055 5129 diuque
3073 5057 3328 5112 insistere
3343 5057 3558 5111 debeat.

2620 5245 2792 5299 Caput
2842 5241 2926 5297 11.

2620 5261 2695 5299 La
2736 5261 2792 5297 ut
2842 5261 2926 5297 ιι.

2058 5342 2126 5396 Et
2154 5352 2269 5397 erat
2296 5341 2450 5396 Anna
2472 5261 2824 5408 prop/wtiisa,
2860 5333 2977 5404 ﬁlia
3009 5331 3270 5399 Phanuel,
3315 5327 3379 5384 de
3422 5331 3562 5382 tribu

304 5438 600 5506 Φανουὴλ,
624 5438 694 5490 ἐκ
716 5434 916 5506 φυλῆς
957 5434 1167 5503 Ἀσήρο
1197 5434 1348 5501 αὕτη
1379 5434 1776 5502 προϐεϐηκυῖα
1808 5437 1878 5491 ἐν

2013 5441 2119 5492 lser
2155 5453 2173 5490 :
2207 5436 2319 5490 haec
2357 5441 2684 5502 processerat
2721 5429 2776 5482 in
2806 5427 2988 5481 diebus
3022 5425 3226 5488 multis,
3278 5433 3329 5478 et
3359 5423 3561 5478 uixerat

304 5527 541 5598 ἡμέραις
571 5527 853 5595 πολλαῖς,
885 5524 1120 5594 ζήσασα
1151 5524 1303 5595 μετὰ
1327 5525 1552 5594 ἀνδρὸς
1583 5527 1689 5595 ἐτη
1723 5527 1874 5582 ἑπτὰ

2016 5543 2104 5581 um
2131 5527 2242 5580 viro
2269 5524 2423 5578 annis
2452 5529 2649 5590 septem
2682 5537 2716 5576 α
2736 5519 3040 5590 virginitate
3078 5533 3200 5573 sua.
3239 5515 3309 5570 Et
3338 5515 3447 5570 hac
3486 5515 3562 5568 vi-

375 5695 445 5764 (3)
485 5692 575 5750 Sic
602 5694 730 5750 libri
757 5690 988 5761 antiqui.
1023 5688 1263 5759 Utraque
1293 5685 1459 5743 editio
1497 5689 1625 5758 npb;
1655 5687 1742 5744 τά.

2054 5690 2124 5765 (ί)
2160 5687 2290 5763 Reg.
2325 5685 2521 5745 tertius
2555 5685 2668 5740 ἀλλ’
2696 5686 2771 5750 ὡς
2809 5684 3030 5755 πρέπει,
3065 5682 3161 5739 sed
3194 5684 3270 5738 uti
3299 5679 3570 5770 convenit,
