3962 6238
176 291 273 348 865

1601 288 1930 345 MORALIA.

3321 283 3429 338 866

170 423 288 472 νος,
309 405 433 471 τοῖς
453 405 519 459 δὲ
541 407 887 474 ἔμπροσθεν
902 407 1413 476 ἐπεκτεινομενος,
1429 408 1579 460 κατὰ
1599 423 1732 460 σκο·

1866 422 1956 460 tua:
1985 414 2106 460 sunt
2140 409 2321 473 priora
2351 412 2633 458 extendens
2666 401 2920 470 meipsum
2942 440 2956 465 ,
3003 410 3166 470 Juxta
3212 417 3428 472 scopum

171 495 282 548 πὰν
295 494 481 548 διώκω
506 495 604 547 ἐπὶ
631 496 701 548 τὸ
720 495 1006 564 βραϐεῖον
1026 495 1137 565 τῆς
1155 496 1276 550 ἅνω
1293 498 1570 567 κλήσεως
1588 497 1735 551 Θεοῦ

169 587 471 657 ὲνΧριστῷ
485 589 708 656 Ἰησοῦ.
737 588 910 643 Ὅσοι
931 585 1045 645 οὗν
1060 591 1296 657 τέλειοι,
1313 591 1490 645 τοῦτο
1506 589 1734 659 φρονῶ-

164 696 289 748 μενσ
319 681 415 734 καὶ
447 681 581 734 εἴτι
608 679 822 749 ἑτέρως
869 681 1162 749 φρονεῖτε,
1194 682 1291 735 καὶ
1323 682 1500 736 τοῦτο
1535 685 1566 735 ό
1594 681 1736 746 Θεὸς

166 773 304 840 ὑμῖν
327 773 728 840 ἀποκαλύψει.
756 775 931 843 Πλὴν
942 777 1026 840 είς
1058 773 1090 828 ὃ
1108 773 1459 843 ἐφθάσαμεν
1477 772 1555 837 τῷ
1577 773 1737 838 αὐτῷ

167 862 427 931 στοιχεῖν
454 861 687 926 κανόνι,
717 862 785 916 τὸ
820 864 966 918 αὐτὸ
993 863 1252 932 φρονεῖν.
1280 864 1457 916 ΠΡΟΣ
1479 863 1624 916 ΤΙΜ.
1666 867 1733 914 α’.

171 955 352 1020 Τύπος
374 955 545 1023 τίνου
570 955 687 1009 τῶν
714 954 945 1010 πιστῶν
965 957 1035 1009 ἐν
1059 957 1240 1028 λόγῳ,
1267 957 1336 1010 ὲν
1357 952 1732 1022 ἀναστροφῇ,

163 1047 231 1098 ἐν
262 1047 484 1116 ἀγάπῃ,
513 1049 584 1102 ὲν
619 1048 842 1114 πίστει,
881 1049 950 1102 ἐν
976 1050 1208 1120 ἁγνείᾳ.
1240 1049 1418 1102 ΠΡΟΣ
1472 1049 1617 1100 ΤΙΜ.
1669 1047 1731 1115 β’.

164 1137 518 1192 Σπούδασον
573 1138 838 1193 σεαυτὸν
904 1139 1150 1210 δόκιμον
1207 1139 1596 1210 παραστῆσαι
1657 1138 1737 1202 τῷ

164 1225 300 1291 Θεῷ·
325 1226 582 1299 ἐργάτην
607 1229 1117 1300 ἀνεπαίσχυντον,
1163 1227 1598 1299 ὀρθοτομοῦντα
1629 1226 1736 1279 τὸν

159 1319 340 1388 λόγον
364 1319 440 1388 τῆ
449 1341 478 1386 ς
494 1320 800 1389 ἀληθείας.

173 1453 257 1516 Ὧς
282 1452 561 1524 ὀφθαλμὸν
576 1457 634 1508 ὲν
655 1453 890 1524 σώματι,
913 1452 1279 1525 διακριτικοὺς
1328 1453 1427 1523 μὲν
1453 1456 1562 1506 τὼν
1602 1453 1736 1521 ἀγα-

229 1543 333 1597 θῶν
374 1548 471 1598 καὶ
517 1545 625 1599 τῶν
663 1545 906 1616 φαύλων,
949 1544 1381 1608 κατευθύνοντας
1412 1544 1469 1597 δὲ
1500 1543 1570 1597 τὰ
1597 1543 1732 1616 μέλη

230 1637 316 1690 τοῦ
341 1637 604 1708 Χριστοῦ,
633 1637 772 1710 πρὸς
795 1638 865 1691 τά
895 1638 1110 1708 ἑκάστῳ
1136 1637 1499 1691 ἐπιϐάλλοντα

811 1792 1035 1848 Κεωάλ.
1087 1798 1170 1847 ιε’.

811 1812 891 1848 ne
938 1812 1035 1846 an.
1087 1812 1170 1847 ιε.

225 1884 594 1938 ΜΔΤΘΑΙΟΣ.
618 1883 708 1945 ὶὋ
755 1812 986 1953 λύχτῗές
1025 1884 1131 1938 τοῦ
1180 1883 1457 1954 σώματός
1488 1885 1658 1939 ἐστιν
1699 1903 1729 1938 ο

157 1977 480 2046 ὀφθαλμός-⁸
531 1974 640 2030 ἐὰν
682 1971 860 2048 οὗνῇ
888 1979 920 2031 ό
945 1977 1249 2045 ὀφθαλμός
1305 1990 1424 2030 σου
1477 1975 1730 2060 απλοῦς,

159 2067 301 2121 ὅλον
321 2066 389 2121 τὸ
409 2064 585 2135 σῶμά
615 2081 733 2120 σου
761 2065 1050 2120 φωτεινόν
1079 2065 1274 2120 ἐσται.

168 2202 252 2266 Ὠς
267 2203 531 2274 ποιμένας
545 2201 659 2274 (30)
682 2202 968 2275 προϐάτων
984 2203 1246 2275 Χριστοῦ,
1276 2203 1409 2275 μηδὲ
1435 2203 1533 2275 τὴν
1555 2203 1733 2274 ψυχὴν

225 2294 359 2366 ὑπὲρ
391 2295 574 2348 αὐτῶν
601 2294 775 2348 θεῖναι
803 2296 861 2349 ὲν
879 2294 1054 2367 καιρῷ
1081 2296 1573 2368 παραιτουμένους,
1593 2295 1733 2364 ὑπὲρ

225 2385 312 2440 τοῦ
348 2385 671 2458 μεταδοῦναι
695 2388 878 2452 αὐτοῖς
897 2387 958 2442 τὺ
983 2388 1317 2458 Εὑαγγέλιον
1343 2386 1438 2441 τοῦ
1469 2387 1625 2442 Θεοῦ.

768 2522 994 2592 Κεφάλ.
1032 2530 1129 2589 ις’.

225 2614 548 2669 ιαΑΝΝΗΣ.
577 2616 642 2668 '0
669 2616 895 2686 ποιμὴν
924 2619 957 2671 ὀ
993 2617 1182 2684 καλὸς
1221 2633 1336 2685 την
1366 2618 1582 2688 ψυχὴν
1631 2619 1733 2670 αὺ-

158 2706 257 2760 τοῦ
270 2708 514 2775 τίθησιν
537 2707 692 2777 ὑπὲρ
709 2708 831 2762 τῶν
851 2709 1178 2778 προϐάτων.
1202 2711 1514 2766 ΠΡΑΞΕΙΣ.
1541 2713 1735 2777 Προσ-

158 2798 320 2866 έχετε
377 2796 497 2854 οὖν
531 2801 769 2868 ἑαυτοῖς
805 2803 906 2856 καὶ
949 2803 1128 2858 παντὶ
1162 2804 1242 2870 τῷ
1278 2805 1550 2874 ποιμνίῳ,
1593 2805 1662 2856 ἐν
1687 2795 1734 2867 ᾧ

158 2889 304 2960 ὑμᾶς
326 2892 397 2945 τὸ
428 2893 676 2963 Πνεῦμα
694 2892 762 2948 τὸ
784 2893 955 2964 ἅγιον
992 2887 1159 2948 ἔθετο
1185 2896 1580 2962 ἐπισκόπους,
1611 2913 1734 2950 ποι-

153 2985 388 3054 μαίνειν
414 2987 535 3055 τὴν
563 2988 933 3056 Ἐκκλησίαν
962 2988 1071 3044 τοῦ
1102 2988 1273 3045 Θεοῦ.

1842 513 2120 568 persequor
2168 497 2236 550 ad
2299 497 2536 551 bravium
2594 509 2833 561 superna:
2880 493 3170 547 vocationis
3226 492 3322 548 Dei
3371 497 3426 547 in

1845 591 2054 646 Christo
2107 590 2258 646 Jesu.
2315 589 2622 658 Quicunque
2653 603 2776 657 ergo
2821 586 3038 654 perfecti
3093 602 3298 652 sumus,
3331 585 3428 639 hoc

1843 685 2133 737 sentiamus
2157 699 2174 735 :
2207 691 2253 734 et
2284 683 2328 734 si
2360 679 2485 750 quid
2508 679 2664 733 aliter
2690 679 2897 745 sapitis,
2922 687 2970 731 et
2993 677 3088 731 hoc
3120 676 3263 731 vobis
3289 676 3426 730 Deus

1844 776 2110 829 revelabit.
2161 773 2534 828 Verumtamen
2582 771 2650 824 ad
2690 769 2825 840 quod
2873 770 3221 838 pervenimus,
3255 768 3322 821 ad
3373 767 3426 821 id

1843 867 2022 921 eadem
2044 867 2222 937 regula
2243 864 2609 933 procedamus,
2627 874 2683 916 ut
2705 862 2842 916 idem
2861 861 3151 915 sentiamus
3169 861 3424 931 (Philipp.

1846 975 1928 1022 ιιι,
1963 958 2216 1028 15-16)...
2250 957 2560 1025 Exemplum
2600 966 2711 1010 esto
2769 956 3008 1024 ﬁdelium
3060 956 3114 1007 in
3148 955 3333 1017 rerb'o,
3373 957 3428 1008 in

1843 1053 2269 1116 conversatione,
2325 1051 2379 1103 in
2416 1049 2714 1112 cltaritate,
2766 1049 2820 1100 in
2884 1046 3020 1114 ﬁde,
3075 1047 3130 1099 in
3181 1047 3430 1100 castitate

1846 1145 1898 1214 (I
1929 1144 2066 1198 Tim.
2100 1161 2172 1208 tv,
2223 1144 2380 1213 12)...
2418 1141 2582 1197 Stude
2619 1145 2840 1209 teipsum
2875 1139 3157 1208 probatum
3187 1140 3429 1193 exhibere

1843 1239 1974 1300 Deo,
2001 1237 2300 1306 operarium
2345 1252 2445 1289 non
2485 1232 2929 1299 erubescendum,
2977 1241 3113 1288 recte
3143 1242 3428 1287 sectantem

1844 1345 2136 1383 sermonem
2160 1329 2394 1382 ueritatis
2430 1325 2518 1396 (II
2557 1326 2694 1380 Tim.
2719 1341 2782 1390 tt,
2815 1326 2924 1397 15).

1842 1467 2023 1524 Veluti
2059 1469 2278 1522 oculum
2314 1468 2369 1522 in
2421 1482 2680 1536 corpore,
2725 1466 2818 1536 qui
2867 1465 3083 1537 possint
3112 1465 3428 1520 discernere
3480 1471 3496 1488 '

1911 1562 2078 1633 316
2104 1563 2246 1617 bona
2277 1568 2330 1616 et
2357 1561 2530 1624 mala,
2569 1567 2622 1614 et
2657 1559 2896 1630 dirigere
2941 1559 3187 1614 membra
3216 1554 3427 1612 Christi

1914 1653 1984 1708 ad
2011 1670 2075 1710 ea
2103 1669 2225 1724 quae
2252 1652 2550 1723 unicuique
2577 1659 2904 1722 congruunt.

2457 1807 2630 1877 Caput
2671 1805 2800 1862 XV.

1904 1902 2150 1957 Lucerna
2172 1903 2408 1972 corporis
2435 1912 2514 1956 est
2545 1901 2728 1955 oculus
2755 1915 2773 1953 :
2805 1901 2853 1953 si
2897 1898 3060 1970 igitur
3087 1896 3268 1952 oculus
3299 1906 3421 1952 tuus

1833 1997 1902 2050 sit
1930 1996 2172 2066 simplex,
2206 2005 2374 2050 totum
2406 2012 2594 2065 corpus
2619 2005 2768 2047 tuum
2809 1991 3046 2047 lucidum
3073 1993 3171 2046 erit
3201 1990 3424 2060 (Matth-

1835 2104 1909 2154 γι,
1943 2088 2056 2158 22).

1842 2223 1994 2279 Velut
2031 2230 2281 2294 pastores
2311 2222 2494 2276 ovium
2527 2221 2754 2285 Christi,
2787 2221 2880 2290 qui
2919 2236 2990 2276 ne
3029 2219 3268 2273 animam
3301 2219 3426 2288 qui-

1903 2316 2026 2371 dem
2060 2316 2352 2370 occasione
2392 2314 2520 2368 data
2565 2329 2665 2383 pro
2701 2314 2836 2383 ipsis
2899 2327 3104 2382 ponere
3135 2317 3390 2367 recusent

1907 2412 1966 2460 ut
1993 2400 2074 2462 eis
2101 2406 2416 2475 impertiant
2445 2403 2800 2474 Evangelium
2831 2402 2948 2458 Dei.

2435 2554 2610 2626 Caput
2651 2554 2788 2609 XVI

1909 2651 2089 2705 Bonus
2148 2660 2331 2718 pastor
2394 2651 2628 2702 animam
2688 2665 2839 2702 suam
2894 2649 3041 2717 ponit
3097 2663 3192 2717 pro
3242 2646 3419 2699 ovibus

1837 2743 2019 2813 (Joan.
2057 2761 2112 2808 ι,
2148 2744 2304 2815 11)...
2356 2743 2628 2796 Attendite
2679 2741 2840 2813 igitur
2872 2741 3047 2806 vobis,
3095 2742 3421 2812 etuniverso

1834 2837 1999 2906 gregi,
2031 2836 2085 2889 in
2114 2851 2215 2905 quo
2260 2851 2347 2890 vos
2387 2832 2619 2903 Spiritus
2651 2843 2866 2886 sanctus
2916 2833 3091 2901 posuit
3122 2831 3419 2900 episcopos,

1837 2928 1904 2982 ad
1941 2927 2261 2997 pascendum
2293 2926 2586 2980 Ecclesium
2623 2925 2719 2979 Dei
2753 2925 2895 2994 (Act.
2936 2941 3028 2988 xx,
3054 2923 3169 2994 28).

165 3121 251 3185 Ὠς
281 3123 523 3194 ἰατροὺς,
547 3125 606 3177 ἐν
648 3124 816 3195 πολλῇ
854 3124 1227 3197 εὐσπλαγχνιᾳ
1269 3127 1388 3178 κατ’
1421 3126 1732 3197 ἐπιστήμην

1866 3145 2124 3217 Tanquam
2151 3147 2414 3212 medicos,
2451 3147 2545 3210 qui
2573 3161 2697 3199 cum
2736 3146 2908 3198 multa
2941 3143 3426 3198 commiseratione

220 3213 320 3282 τῆς
353 3214 448 3267 τοῦ
466 3216 672 3286 Κυρίου
697 3215 1043 3281 διδασκαλίας
1065 3216 1468 3288 Θεραπεύοντας
1493 3217 1560 3271 τὰ
1582 3217 1729 3288 πάθη

222 3307 330 3360 τῶν
361 3306 574 3378 ψυχῶν,
607 3309 685 3373 εἰς
714 3309 1061 3380 περιποίησιν
1088 3313 1187 3381 τῆς
1217 3311 1274 3363 ὲν
1297 3309 1519 3380 Χριστῷ
1541 3310 1729 3378 ὑγείας

223 3402 314 3454 καὶ
350 3401 634 3474 διαμονῆς.

763 3537 991 3608 Κεφάλ.
1030 3537 1120 3601 ιζ’.

221 3629 595 3686 ΜΔΤΘΑΙΟΣ.
638 3631 720 3684 οὐ
771 3632 981 3700 χρείαν
1010 3633 1265 3703 ἔχουσιν
1317 3635 1373 3688 ol
1415 3635 1732 3704 ίσχύοντες

159 3724 379 3791 turpes,
398 3724 540 3777 ἀλλ’
564 3725 617 3777 οἱ
649 3721 846 3788 κακῶς
865 3724 1132 3793 ἔχοντες.
1164 3726 1343 3779 ΠΡΟΣ
1365 3727 1529 3780 PoM.
1551 3728 1732 3796 ὀφεί-

157 3816 339 3880 λομεν
370 3811 438 3865 δὲ
461 3811 635 3882 ἡμεῖς
686 3815 740 3866 οἱ
793 3813 1039 3870 δυνατοὶ
1080 3814 1156 3869 τὰ
1192 3815 1579 3887 ἀσθενήματα
1614 3817 1730 3872 τῶν

159 3902 471 3958 ἀδυνάτων
487 3903 836 3968 βαστάζειν.

169 4043 255 4106 Ὠς
287 4059 534 4113 πατερτις
576 4059 670 4094 και
708 4041 942 4113 τροφοὺς
1001 4042 1146 4098 ἰδίων
1193 4044 1423 4111 τέκνων,
1459 4048 1517 4099 ὲν
1561 4047 1728 4118 πολλῇ

224 4134 459 4187 διαθέσει
488 4136 591 4205 τῆς
621 4136 678 4188 ὲν
702 4133 922 4205 Χριστῷ
941 4135 1162 4208 ἀγάπης
1181 4138 1535 4202 εὐδοκοῦντας
1565 4157 1732 4210 μετα-

230 4225 413 4280 δοῦναι
452 4227 641 4289 αὐτοῖς
685 4227 746 4278 οὐ
797 4227 958 4298 μόνον
991 4228 1053 4282 τὸ
1083 4229 1413 4299 Εὑαγγὲλιον
1445 4229 1542 4284 τοῦ
1573 4230 1730 4296 Θεοῦ,

228 4317 363 4370 ἀλλὰ
395 4318 491 4370 καὶ
523 4317 624 4380 τὰς
651 4317 859 4373 ἑαυτῶν
886 4318 1086 4391 ψυχάς.

761 4491 986 4559 Κεφάλ.
1025 4490 1122 4559 ιη’.

229 4578 552 4634 ΙΩΑΝΝΗΣ.
625 4581 852 4644 Τεκνία,
920 4581 1009 4636 ἔτι
1069 4583 1289 4652 μικρὸν
1339 4584 1566 4654 χρόνον
1604 4591 1735 4657 μεθ’

161 4670 322 4738 ὑμῶν
347 4673 484 4740 είμι.
518 4672 699 4726 ΠΡΟΣ
741 4673 899 4726 ΚΟΡ.
940 4673 1010 4729 α’.
1065 4675 1167 4728 Ἐν
1207 4674 1318 4744 γὰρ
1344 4677 1574 4746 Χριστῷ
1619 4681 1734 4748 Ἰη-

161 4764 274 4817 σοῦ
321 4763 423 4818 διὰ
478 4765 588 4818 τοῦ
628 4766 998 4837 Εὐαγγελίου
1041 4767 1156 4836 ἐγὼ
1205 4768 1364 4840 ὑμᾶς
1409 4769 1730 4841 ἐγέννησα.

160 4855 337 4907 ΠΡΟΣ
365 4855 558 4909 ΘΕΣΣ.
589 4855 661 4910 α’.
690 4857 785 4923 Ὠς
824 4856 933 4911 ἐὰν
961 4857 1388 4930 τροφὸςθοϋπῃ
1400 4861 1472 4915 τὰ
1499 4863 1732 4933 ςὲαυτῆς

160 4947 360 5010 τέκνα,
390 4948 578 5015 οὕτως
618 4951 975 5019 ἱμειρόμενοι
1009 4949 1197 5020 ὑμῶν,
1233 4952 1601 5023 εὐδοκοῦμεν
1623 4974 1731 5026 με-

159 5041 443 5094 ταδοῦναι
469 5040 614 5112 ὑμῖν
639 5043 711 5097 οὐ
738 5045 929 5112 μόνον
952 5043 1020 5098 τὸ
1039 5047 1410 5116 Εὺαῃέλιον
1424 5049 1530 5103 τοῦ
1561 5050 1731 5115 Θεοῦ,

159 5131 320 5184 ἀλλὰ
378 5131 626 5198 καὶτὰς
682 5131 913 5188 ἑαυτῶν
943 5134 1168 5204 ψυχὰς,
1229 5136 1381 5191 διότι
1439 5140 1733 5208 ἀγαπητοὶ

160 5217 308 5287 ἡμῖν
329 5219 674 5290 ἐγενήθητε.

1893 3241 2051 3310 juxta
2079 3240 2367 3296 scientiam
2409 3240 2670 3294 doctrinm
2702 3238 2914 3292 Domini
2961 3243 3158 3290 curent
3201 3236 3411 3289 anima—

1902 3347 2023 3386 rum
2044 3332 2284 3396 morbos,
2302 3331 2366 3383 ad
2388 3330 2774 3400 acquirendam
2800 3329 2852 3382 in
2885 3329 3102 3382 Chrile
3126 3327 3418 3383 sanitatem

1902 3428 1956 3476 et
1990 3421 2483 3492 perseverantiam.

2388 3567 2394 3572 '
2419 3552 2589 3622 Caput
2630 3550 2825 3607 XVII.

1911 3645 2033 3700 Non
2078 3655 2157 3701 est
2205 3661 2333 3712 opus
2366 3645 2661 3698 valentibus
2697 3643 2929 3697 medicus
2952 3683 2966 3706 ,
3023 3640 3113 3694 sed
3147 3637 3424 3692 male'ha-

1835 3735 2071 3790 bentibus
2096 3734 2317 3807 (Matth.
2345 3749 2420 3796 lx,
2449 3733 2605 3802 12)...
2647 3732 2902 3786 Debemus
2931 3741 3108 3784 autent
3157 3745 3250 3783 nos
3270 3769 3284 3791 ,
3331 3729 3422 3796 qui

1835 3831 1996 3900 fortes
2053 3845 2269 3892 sumus,
2322 3825 2709 3880 imbecillitates
2760 3825 3098 3893 inﬁrmorum
3165 3822 3414 3873 'ustinere

1837 3924 2010 3996 (Rom.
2053 3938 2144 3987 xv,
2181 3921 2252 3990 1).

1839 4058 2010 4113 Sicuti
2055 4064 2278 4128 patres,
2324 4064 2378 4112 et
2414 4055 2661 4110 nutrices
2690 4054 2990 4108 liberorum
3039 4066 3102 4106 ex
3161 4064 3221 4105 se
3266 4056 3422 4104 nato-

1908 4165 2062 4212 rum,
2097 4151 2190 4219 qui
2226 4149 2298 4204 ob
2326 4164 2582 4220 magnum
2618 4163 2730 4201 sum
2763 4148 2814 4200 in
2849 4145 3072 4199 Christo
3101 4141 3418 4198 dilectionis

1909 4228 2196 4302 aﬂectum',
2236 4253 2361 4291 .non
2414 4240 2494 4293 eis
2537 4238 2702 4292 modo
2752 4234 3103 4306 Evangelium
3136 4231 3271 4296 Dei,
3324 4233 3422 4288 sed

1911 4345 2042 4385 suas
2074 4332 2238 4385 etiam
2279 4331 2523 4401 ipsorum
2558 4331 2767 4384 animus
2811 4343 2878 4382 ex
2925 4328 3111 4382 animo
3154 4325 3425 4383 impertiri

1913 4422 2099 4478 velint.

2407 4489 2580 4558 Caput
2622 4488 2854 4544 XVIII.

1911 4582 2112 4644 Filioli,
2146 4582 2316 4636 adhuc
2346 4582 2615 4650 paulisper
2639 4581 2905 4635 vobiscum
2937 4595 3055 4633 sum
3078 4576 3262 4650 (Joan.
3299 4591 3424 4643 xm,

1843 4679 2004 4748 '55)...
2039 4676 2183 4730 Nam
2213 4677 2267 4730 in
2313 4674 2524 4731 Christo
2553 4674 2682 4729 Jesu
2711 4692 2802 4744 per
2835 4673 3179 4744 Euangelium
3208 4687 3302 4742 ego
3336 4686 3426 4724 vos

1842 4768 1996 4836 genui
2029 4765 2082 4838 (Ι
2112 4763 2235 4821 Cor.
2282 4782 2356 4830 tv,
2387 4767 2546 4833 15)...
2601 4765 2874 4832 Tanquam
2924 4765 2972 4818 si
3018 4763 3201 4817 nutrix
3257 4762 3426 4828 foveat

1838 4859 1980 4928 ﬁlias
2015 4875 2138 4912 suos
2164 4901 2179 4925 ,
2226 4859 2304 4912 ita
2336 4857 2693 4912 desiderantes
2728 4874 2817 4911 vos
2857 4854 3042 4924 cupide
3063 4895 3077 4920 ,
3125 4851 3424 4908 volebamus

1840 4951 2047 5004 tradere
2071 4949 2213 5004 vobis
2244 4966 2346 5003 non
2380 4950 2549 5004 solum
2602 4948 2949 5019 Evangetium
2987 4947 3106 5012 Dei,
3147 4943 3237 4999 sed
3263 4944 3426 5019 etiam

1837 5043 2045 5096 animas
2113 5051 2323 5095 nostras
2364 5057 2382 5094 :
2443 5043 2693 5112 quoniam
2747 5039 3050 5094 charissimi
3101 5037 3252 5092 nobis
3296 5013 3432 5106 [acti

1841 5132 1966 5185 estis
1991 5130 2042 5184 (I
2071 5129 2251 5184 Thess.
2286 5147 2347 5196 ιι,
2380 5132 2430 5197 7,
2462 5130 2538 5201 8).
3087 5143 3093 5150 ’

293 5353 431 5406 Θεοῦ
460 5357 776 5425 συνεργοὺς,
993 5359 1130 5431 μόνα
1185 5362 1255 5416 τὰ
1289 5361 1416 5443 ἄξια
1465 5363 1560 5418 τοῦ
1606 5365 1732 5420 Θεοί

1866 5370 2036 5428 Veluti
2066 5374 2157 5429 Dei
2185 5375 2486 5444 adjutores,
2519 5378 2611 5447 qui
2644 5393 2743 5448 pro
2776 5377 3026 5433 Ecclesia
3061 5385 3236 5432 totum
3265 5391 3428 5432 suum

228 5446 370 5593 ἰςγα
398 5449 550 5513 ὅλους
579 5452 807 5517 ἑαυτοὺς
845 5438 1256 5520 hiemum;
1299 5441 1440 5529 ὑπὲρ
1475 5459 1576 5530 τῆς
1618 5460 1712 5513 Ἕκ

303 5541 486 5593 naria;

303 5541 486 5611 ησίας.

1916 5465 2160 5534 ipsorum
2197 5467 2440 5522 studium
2491 5468 2546 5524 in
2581 5470 2697 5525 sola
2739 5486 2909 5542 opera
2955 5470 3067 5526 Deo
3095 5471 3258 5542 digna
3293 5485 3442 5570 con:

1918 5555 2112 5614 ferant.
3427 5555 3450 5570 "

233 5717 352 5791 (50)
383 5708 518 5792 Reg.
570 5723 849 5782 secundus
899 5727 1125 5798 perinde
1172 5738 1233 5786 ut
1282 5731 1416 5790 editi
1466 5734 1728 5805 ποιμένες

1866 5752 1944 5811 eg.
1971 5739 2186 5812 primus
2215 5726 2472 5814 ποιμένα.
2503 5744 2662 5804 Alius
2696 5746 2871 5806 codet
2910 5707 3052 5821 Reg.
3089 5763 3380 5821 ποιμενας.
