3962 6238
546 242 655 297 837

1146 357 1316 426 Caput
1358 354 1516 411 XIX.

624 453 721 509 Dei
753 453 890 508 enim
922 466 1105 505 sumus
1134 449 1404 520 adjutores
1427 464 1445 501 :
1485 446 1583 501 Dei
1623 445 1982 517 agricultura,
2028 441 2125 495 Dei

551 545 837 622 aediﬁcatio
866 543 992 598 estis
1025 540 1080 613 (Ι
1116 540 1242 596 Cor.
1272 557 1355 608 ιιι,
1381 540 1459 610 9).

553 661 713 733 317
739 658 1020 729 Tanquam
1048 655 1389 727 plantatores
1417 655 1703 726 palmitum
1730 653 1843 716 Dei,
1872 653 1965 724 qui
1989 652 2127 707 nihil

621 757 860 810 alienum
886 768 914 805 a
946 751 1073 815 vite,
1101 766 1222 821 quae
1248 749 1505 805 Christus
1537 758 1643 810 est,
1678 748 1923 818 nihilque
1952 745 2129 801 infru-

622 855 876 902 ctuosum
916 845 1196 911 inserant;
1241 843 1338 900 sed
1380 859 1443 899 ea
1478 856 1600 911 quae
1645 841 1866 910 propria
1902 846 2030 895 sunt
2075 845 2128 892 et

626 937 910 1009 frugifera,
949 937 1100 991 omni
1131 934 1313 990 studio
1343 934 1567 987 meliora
1605 930 1857 986 reddant.

1172 1051 1343 1123 Caput
1389 1049 1515 1105 XX.

628 1148 741 1221 Ego
773 1166 891 1204 sum
918 1149 1040 1203 vitis
1085 1163 1252 1202 uera:
1284 1155 1334 1200 et
1367 1143 1532 1198 Pater
1561 1159 1705 1197 meus
1752 1140 1989 1212 agricola
2029 1147 2126 1194 est.

556 1246 773 1297 Omnem
832 1240 1123 1312 palmitem,
1156 1239 1213 1291 in
1258 1254 1341 1291 me
1400 1252 1503 1289 non
1556 1234 1807 1303 ferentem
1852 1233 2128 1303 fructum,

557 1335 715 1400 tollit,
739 1343 789 1388 et
825 1350 1049 1399 omnem,
1079 1332 1170 1398 qui
1213 1331 1315 1401 fert
1346 1329 1613 1400 fructum,
1668 1335 1893 1397 purgat,
1924 1335 1980 1379 ut
2011 1325 2130 1393 fru—

452 1440 461 1449 '
555 1436 698 1482 ctum
722 1427 1014 1488 uberiorem
1052 1425 1236 1493 efferat
1264 1420 1444 1493 (Joan.
1476 1438 1565 1486 xv,
1588 1420 1641 1485 l,
1675 1418 1800 1492 2)...
1834 1418 1946 1490 Ego
1974 1417 2131 1486 plan-

558 1518 684 1584 taui,
734 1517 924 1586 Apollo
974 1516 1206 1587 rigavit:
1247 1513 1338 1569 sed
1381 1512 1522 1566 Deus
1570 1513 1943 1565 incrementum
1989 1508 2135 1562 dedit

558 1608 613 1678 (1
636 1607 761 1665 Cor.
798 1624 879 1671 ιιι,
904 1606 984 1676 6).

1893 230 1952 285 S.
1989 229 2071 283 BA
2080 228 2230 283 SlLll
2265 226 2479 283 MAGNI

3705 231 3800 284 858

2893 362 3072 402 εφαιι.
3105 362 3171 402 ιϐ’
3181 387 3197 402 ο

2893 362 2924 400 ε
3057 387 3072 401 .
3181 387 3197 402 .

2297 437 2477 490 ΠΡΟΣ
2509 437 2668 492 ΚΟΡ.
2717 444 2785 490 α’.
2831 345 3269 507 ἑοέάξάὲῆὸί)
3285 436 3473 506 ἐσμεν
3503 438 3803 506 συνεργοί·

2229 524 2380 579 Θεοῦ
2407 525 2708 597 γεώργιον,
2744 526 2892 582 Θεοῦ
2923 525 3208 597 οἰκοδομή
3243 527 3405 583 ἐστε.

2239 638 2326 703 Ὠς
2360 640 2631 707 φυτευτάς
2675 640 2970 711 κλημάτων
3001 641 3160 706 Θεοῦ,
3200 641 3481 714 ἀλλότριον
3530 641 3634 712 μὲν
3665 642 3806 696 οὒδὲν

2295 734 2395 803 τῆς
2453 732 2723 803 ἀμπέλου,
2779 733 2903 804 ἦτις
2936 733 3086 787 ἐστὶν
3132 735 3161 786 ὁ
3199 735 3456 805 Χριστὸς,
3516 733 3648 788 οὔτε
3711 735 3806 806 μὴν

2299 823 2551 895 ἄκαρπον
2582 823 2929 893 ὲναφιὲντας·
2961 824 3032 878 τὰ
3065 825 3121 879 δὲ
3147 828 3324 880 οἰκεῖα
3357 826 3455 881 καὶ
3489 826 3809 899 καρποφόρα

2297 915 2388 969 διὰ
2415 917 2595 987 πάσης
2628 916 2947 987 ἐπιμελείας
2984 916 3348 987 βελτιοῦντας²

2831 1050 3058 1118 Κεφὰλ.
3094 1050 3167 1107 κ’.

2300 1140 2668 1196 ΜΑΤΘΑΙΟΣ.
2722 1142 2870 1213 Ἐγώ
2906 1144 3023 1211 είμι
3064 1142 3104 1209 ἠ
3142 1142 3411 1212 ἄμπελος
3444 1144 3485 1212 ἠ
3528 1143 3808 1211 ἀληθινὴ,

2232 1234 2328 1286 καί
2358 1236 2391 1287 ό
2426 1233 2627 1302 Πατήρ
2644 1251 2765 1303 μου
2789 1237 2822 1288 ό
2852 1234 3105 1305 γεωργός
3128 1235 3276 1289 ἐστι.
3303 1235 3436 1291 Πᾶν
3467 1234 3699 1306 κλῆμα,
3747 1237 3812 1290 ἐν

2234 1326 2367 1395 ἐμοὶ
2395 1325 2482 1396 μὴ
2514 1326 2699 1395 φέρον
2746 1326 2999 1394 καρπὸν,
3037 1327 3192 1395 ατρει
3241 1328 3410 1389 αὐτὸ,
3444 1330 3548 1382 καί
3576 1326 3725 1395 πᾶν,
3750 1329 3811 1383 τὸ

2234 1419 2466 1486 καρπὸν
2494 1420 2701 1487 φέρον,
2744 1420 3011 1488 καθαίρει
3045 1420 3214 1484 αὐτὸ,
3261 1421 3361 1475 ira
3386 1422 3654 1476 πλείονα
3678 1438 3812 1490 καρ-

2234 1512 2351 1564 πὸν
2376 1509 2547 1580 φέρῃ.
2572 1512 2752 1564 ΠΡΟΣ
2784 1515 2943 1568 ΚΟΡ.
2968 1514 3038 1567 α’.
3082 1515 3231 1584 Ἐγὼ
3252 1514 3585 1583 ἐφύτευσα,
3622 1515 3816 1570 Ἀπολ-

2237 1603 2360 1669 λὼς
2390 1604 2692 1658 ἐπότισεν
2729 1604 2868 1658 ἀλλ’
2900 1608 2932 1659 ό
2964 1605 3109 1672 Θεὸς
3138 1605 3424 1674 ηὔξανεν.

555 1714 718 1773 Velut
757 1714 1121 1770 aediﬁcatores
1156 1711 1341 1781 templi
1375 1709 1506 1772 Dei,
1540 1709 1635 1779 qui
1668 1709 1751 1763 sic
1784 1705 2134 1775 uniuscujus-

2267 1716 2338 1779 Ως
2361 1716 2676 1789 οἰκοδόμους
2711 1716 2843 1771 ναοῦ
2905 1718 3017 1787 (3‘2)
3061 1716 3220 1783 Θεοῦ,
3262 1717 3698 1790 καταρτίζοντας
3723 1719 3813 1789 τὴν

631 1824 737 1882 que
762 1808 999 1863 animam
1031 1812 1332 1876 apparent,
1374 1811 1435 1857 ut
1474 1801 1831 1855 fundamento
1861 1800 2137 1870 apostolo-

638 1917 760 1956 rum
796 1906 852 1956 et
880 1897 1269 1969 prophetarum
1309 1902 1430 1965 apte
1463 1899 1748 1963 congruat.

1159 2005 1333 2079 Caput
1375 2006 1536 2062 XXI.

632 2105 931 2163 Secundum
960 2103 1191 2174 gratiam
1220 2101 1339 2165 Dei,
1371 2116 1487 2170 qum
1521 2098 1649 2152 data
1676 2108 1753 2152 est
1776 2095 1924 2161 mihi,
1961 2104 2017 2149 ut
2047 2112 2139 2149 sa-

556 2202 703 2268 piens
725 2198 1041 2252 architectus
1093 2194 1497 2265 fundamentum
1544 2192 1737 2260 posui:
1773 2191 1910 2243 alius
1963 2200 2138 2243 autem

559 2289 969 2360 supera‘di/icat.
1022 2285 1387 2355 Unusquisque
1434 2296 1610 2339 autem
1662 2282 1837 2338 videat
1877 2280 2138 2351 quomodo

559 2399 716 2454 super
744 2382 989 2450 uadi/icet.
1023 2377 1446 2432 Fundamentum
1478 2380 1616 2431 enim
1637 2375 1784 2429 aliud
1808 2374 2139 2443 nemo'potest

558 2490 747 2542 ponere
772 2514 788 2538 ,
822 2481 1014 2545 prwter
1057 2471 1113 2524 id
1149 2471 1288 2542 quod
1327 2471 1557 2538 positum
1580 2480 1679 2528 est.
1710 2468 1849 2539 quod
1874 2479 1952 2522 est
1979 2466 2138 2522 Iesus

560 2567 807 2623 Christus
839 2565 888 2636 (Ι
917 2563 1041 2620 Cor.
1077 2580 1158 2626 ιιι,
1188 2552 1275 2626 10,
1322 2564 1486 2634 ll)...
1522 2561 1661 2631 Ergo
1707 2561 1827 2630 jam
1877 2576 1981 2614 non
2011 2560 2137 2615 estis

559 2658 809 2729 hospites,
847 2666 897 2712 et
938 2656 1149 2710 advena:
1172 2670 1191 2707 :
1221 2652 1310 2709 sed
1359 2656 1486 2708 estis
1529 2654 1661 2708 cives
1705 2661 2008 2706 sanctorum
2032 2694 2048 2717 ,
2087 2661 2137 2705 et

560 2748 832 2803 domestici
881 2746 1020 2801 Dei:
1075 2744 1487 2814 superaadi/icati
1536 2758 1691 2811 super
1736 2741 2137 2811 fundamentum

561 2841 921 2911 apostolorum
950 2848 998 2893 et
1032 2837 1427 2907 prophetarum,
1451 2833 1656 2889 summo
1684 2833 1932 2905 angulari
1964 2831 2138 2901 lapide

560 2923 673 3003 ipso
702 2931 914 2988 Christo
944 2929 1095 2994 Jesu,
1127 2930 1182 2982 in
1203 2945 1304 3001 quo
1326 2929 1496 2982 omnis
1521 2928 1806 2997 wdiﬁcatio
1832 2935 2136 2981 constructa

2311 1808 2544 1861 ἑκάστου
2573 1808 2774 1880 ψυχὴν,
2792 1812 2872 1873 είς
2889 1809 2952 1862 τὸ
2972 1809 3517 1881 συναρμολογηθῆναι
3550 1809 3633 1864 τῶ
3656 1811 3813 1877 θεμε-

2309 1899 2409 1970 λίῳ
2445 1899 2556 1954 τῶν
2589 1901 2906 1955 ἀποστόλων
2942 1903 3037 1955 καὶ
3068 1901 3387 1974 προφητῶν.

2825 2012 3052 2083 Κεφ-ἀλ.
3080 2013 3191 2069 κιί.

2310 2105 2488 2159 ΠΡΟΣ
2522 2106 2683 2160 ΚΟΡ.
2717 2104 2786 2160 α’.
2815 2107 2979 2161 Κατὰ
3000 2106 3115 2175 τὴν
3150 2105 3330 2177 χάριν
3348 2108 3457 2163 τοῦ
3506 2109 3684 2175 Θεοῦ,
3712 2109 3823 2179 τὴν

2239 2192 2520 2250 δοθεῖσάν
2538 2214 2662 2265 μοι,
2696 2198 2777 2263 ὡς
2800 2198 2995 2266 σοφὸς
3019 2199 3403 2268 ἁρχιτέκτων,
3433 2201 3720 2271 θεμέλιον
3736 2203 3825 2258 re.

2239 2291 2426 2340 θεικιι⁶
2457 2286 2648 2353 ἄλλος
2677 2286 2746 2340 δὲ
2769 2288 3163 2358 ἐποικοδομεῖ.
3211 2290 3516 2357 ¹Έκαστος
3563 2292 3638 2345 δὲ
3678 2294 3826 2357 ,βλεο

2238 2376 2393 2430 πέτω
2410 2377 2535 2445 πῶς
2550 2378 2945 2448 ἐποικοδομεῖ.
2967 2379 3252 2450 Θεμέλιον
3269 2380 3382 2450 γὰρ
3402 2382 3604 2437 ἄλλον
3626 2386 3828 2451 οὐδεὶς

2238 2465 2488 2521 δύναται
2550 2467 2740 2522 θεῖναι
2799 2470 2961 2539 παρὰ
3011 2470 3119 2524 τόν
3177 2472 3474 2540 κείμενον,
3540 2474 3612 2540 ὅς
3658 2476 3830 2529 ἐστιν

2251 2559 2491 2627 Ἰησοῦς
2508 2562 2761 2629 Χριστός
2782 2561 2914 2634 (55).
2930 2563 3110 2616 ΠΡΟΣ
3128 2564 3467 2633 ΕΦΕΣ.¹Ἀρα
3487 2561 3605 2621 οὖν
3627 2567 3830 2621 οὐκέτι

2237 2647 2380 2703 ἐστὲ
2425 2649 2587 2716 ξένοι
2619 2651 2718 2704 καὶ
2745 2650 3044 2720 πάροικοι,
3092 2652 3255 2706 ἀλλὰ
3305 2656 3677 2723 συμπολῖται
3708 2654 3830 2709 τῶν

2238 2744 2440 2813 ἁγίων,
2461 2744 2559 2799 καὶ
2578 2745 2781 2800 οἰκεῖοι
2810 2746 2916 2800 τοῦ
2937 2746 3107 2812 Θεοῦ,
3138 2747 3714 2816 ἐποικοδομηθέντες
3729 2750 3812 2803 ἐι

2240 2833 2321 2900 τῷ
2354 2836 2607 2905 θεμελίῳ
2633 2836 2752 2891 τῶν
2784 2837 3146 2892 ἀποστόλων
3168 2839 3267 2893 καὶ
3291 2839 3636 2908 προφητῶν,
3655 2842 3830 2908 ὄντος

2238 2926 2666 2996 ἀκρογωνιαίου
2704 2928 2896 2982 αὐτοῦ
2936 2929 3197 2997 Χριστοῦ
3237 2930 3443 2997 Ἰησοῦ
3486 2930 3626 3001 (54),
3674 2933 3747 2985 ἐν
3780 2923 3832 2999 ᾧ

559 3024 750 3078 crescit
773 3024 829 3076 in
858 3022 1106 3090 templum
1136 3031 1378 3074 sanctum
1410 3020 1464 3072 in
1496 3017 1742 3082 Domino,
1771 3019 1826 3071 in
1850 3034 1948 3088 quo
1972 3027 2022 3071 et
2047 3034 2134 3071 vos

2256 3014 2405 3072 πᾶσα
2422 3017 2704 3087 οἰκοδομὴ
2730 3020 3347 3090 συναρμολογουμένη
3362 3020 3535 3086 αὔξει
3560 3024 3654 3089 είς
3679 3022 3832 3077 ναὸν

560 3112 967 3182 cocdiﬁcamini
997 3113 1051 3165 in
1080 3110 1444 3165 habitaculum
1478 3109 1576 3164 Dei
1604 3110 1659 3163 in
1691 3108 1893 3177 Spiritu
1915 3108 2132 3180 (Ephes.

562 3218 625 3268 ιι,
653 3202 856 3271 19-22).

1141 3313 1314 3384 Caput
1354 3313 1549 3369 XXII.

632 3403 772 3473 Quid
829 3404 1110 3476 proprium
1142 3413 1229 3459 est
1261 3402 1608 3459 Christiani?
1656 3402 1821 3459 Fides
1876 3419 1997 3474 quae
2041 3420 2139 3475 per

561 3496 880 3552 charitatem
935 3503 1214 3564 operatur.
1271 3492 1414 3560 Quid
1483 3501 1568 3549 est
1632 3495 1915 3564 proprium
1971 3493 2139 3551 ﬁdei?

560 3588 721 3644 Certa
744 3595 798 3643 et
832 3585 1135 3642 indubitata
1159 3586 1445 3657 persuasio
1462 3585 1712 3641 veritatis
1733 3587 2023 3642 verborum
2053 3589 2138 3643 di-

562 3681 837 3745 vinorum,
866 3696 987 3751 quae
1016 3680 1187 3746 nulla,
1213 3694 1389 3749 neque
1413 3694 1481 3735 ex
1519 3679 1758 3733 naturali
1805 3680 2138 3736 necessitate

560 3773 810 3834 inducta,
838 3786 1015 3842 neque
1028 3770 1247 3842 pietatis
1262 3771 1481 3827 nomine
1496 3768 1694 3837 elIicta,
1711 3771 2137 3827 ratiocinatione

559 3863 926 3919 concutiatur.
943 3861 1083 3929 Quid
1101 3870 1187 3917 est
1211 3862 1491 3932 prOprium
1513 3861 1723 3918 ﬁdelis?
1744 3862 1799 3917 ln
1819 3863 2136 3933 lmjusmodi

561 3952 925 4025 persuasione
973 3953 1237 4008 constitui
1268 3953 1321 4007 vi
1354 3961 1409 4007 et
1434 3953 1761 4008 auctoritate
1792 3968 1983 4008 eorum
2015 3967 2165 4023 quae'

561 4042 706 4097 dicta
733 4048 896 4105 sunt,
940 4055 1041 4097 nec
1073 4041 1278 4097 audere
1308 4042 1607 4113 quidquam
1636 4044 1884 4112 rejicere,
1921 4053 2016 4099 aut
2042 4046 2138 4099 ad-

559 4132 711 4188 dere.
754 4130 967 4187 Etenim
996 4131 1044 4187 si
1085 4147 1246 4187 omne
1276 4133 1423 4204 quod
1452 4150 1561 4189 non
1582 4147 1666 4190 est
1693 4151 1761 4190 ex
1790 4135 1917 4203 ﬁde,
1938 4152 2136 4206 pecca-

2239 3106 2411 3176 ἄγιον
2444 3108 2515 3161 ἐν
2543 3109 2759 3176 Κυρίῳ,
2787 3109 2857 3163 ἐν
2875 3102 2924 3176 ᾧ
2956 3110 3055 3164 καὶ
3080 3109 3253 3179 ὑμεῖς
3286 3110 3828 3180 συνοικοδομεῖσθε

2239 3200 2327 3264 εἰς
2361 3200 2817 3268 κατοικητήριον
2845 3200 2994 3256 Θεοῦ
3019 3201 3090 3254 ἐν
3123 3203 3443 3271 Πνεύματι.

2826 3314 3055 3385 Κεφάλ.
3084 3315 3192 3370 κδ’.
3462 3367 3465 3369 ι

2309 3405 2377 3459 Τί
2406 3404 2538 3461 ἴδιον
2575 3407 2937 3478 Χριστιανοῦ;
2982 3407 3174 3472 Πίστις
3205 3408 3274 3462 δι’
3305 3408 3528 3479 ἀγάπης
3574 3407 3832 3480 ἐνεργου-

2243 3498 2402 3570 μένη.
2430 3498 2497 3551 Τί
2525 3499 2655 3552 ίδιον
2676 3498 2942 3565 πίστεωςς
2987 3499 3330 3571 Ἀδιάκριτος
3359 3500 3707 3573 πληροφορία
3726 3503 3829 3570 τῆς

2238 3589 2496 3662 ἀληθείας
2517 3590 2627 3644 τῶν
2649 3590 3027 3646 θεοπνεύστων
3059 3593 3341 3664 ῥημάτων,
3359 3593 3538 3646 οὐδενὶ
3556 3592 3828 3665 λογισμῷ,

2236 3683 2360 3737 οὔτε
2390 3684 2496 3738 ὑπὸ
2536 3687 2773 3755 φυσικῆς
2803 3685 3052 3758 ἀνάγκης
3113 3685 3479 3758 εἰσαγομένῳ,
3512 3686 3643 3741 οὔτε
3688 3688 3829 3758 πρὸς

2236 3776 2514 3830 εὐσέϐειαν
2559 3778 3052 3849 ἐσχηματισμένῳ,
3100 3778 3553 3850 διασαλευομένη.
3588 3780 3657 3832 Τί
3696 3779 3830 3832 [διον

2239 3868 2468 3934 marci};
2504 3870 2579 3922 Τὸ
2617 3872 2675 3922 ὲν
2705 3870 2928 3943 τοιαύτῃ
2975 3871 3321 3943 πληροφορίᾳ
3388 3871 3829 3927 συνδιατίθεσθαι

2239 3964 2305 4033 τῇ
2337 3962 2562 4033 δυνάμει
2589 3964 2698 4016 τῶν
2730 3962 3059 4036 εἰρημένων,
3111 3965 3208 4017 καὶ
3253 3964 3423 4034 μηδὲν
3462 3964 3674 4037 τολμᾷν
3700 3965 3832 4018 ἀθε-

2240 4058 2374 4120 τεῖν,
2403 4055 2436 4128 ἢ
2466 4052 2962 4110 ὲπιδιατάσσεσθαι.
3013 4056 3078 4108 Ei
3108 4054 3215 4127 γὰρ
3273 4058 3382 4109 πᾶν
3413 4055 3444 4109 ὃ
3472 4057 3573 4110 οὐκ
3626 4059 3692 4111 ἐκ
3729 4056 3829 4109 πί-

2241 4164 2431 4211 στεως,
2469 4147 2712 4219 ἁμαρτία
2738 4147 2904 4209 ἐστὶν,
2958 4145 3034 4210 ὥς
3078 4164 3244 4217 φησιν
3266 4149 3295 4201 ὁ
3328 4147 3674 4211 Ἀπόστολος,
3702 4150 3740 4218 ἡ
3770 4147 3833 4200 ὢ

559 4244 673 4290 tum
695 4241 800 4300 est,
820 4246 882 4289 ut
911 4235 987 4289 ait
1012 4234 1303 4304 Apostolus
1334 4234 1507 4307 (Rom.
1528 4254 1641 4301 xw,
1665 4237 1779 4307 23),
1805 4238 1938 4295 ﬁdes
1956 4250 2134 4295 autem

2256 4239 2427 4302 ιτίστις
2471 4238 2531 4302 ἐξ
2563 4238 2755 4309 ἀκοῆς,
2804 4240 2838 4310 ἡ
2871 4237 2927 4291 δὲ
2960 4238 3099 4310 ἀκοὴ
3126 4238 3214 4291 διὰ
3242 4239 3487 4309 ῥήματος
3527 4237 3685 4292 Θεοῦ·
3717 4240 3835 4293 πᾶν

559 4341 628 4381 ει
657 4326 849 4381 auditu
872 4333 977 4393 est,
1008 4326 1228 4383 auditus
1256 4342 1384 4382 vero
1420 4343 1517 4398 per
1549 4330 1777 4385 verbum
1826 4331 1918 4385 Dei
1953 4330 2129 4402 (Rom.

2256 4331 2301 4384 τὸ
2335 4330 2492 4395 ἐκτὸς
2540 4330 2640 4401 τῆς
2673 4330 3031 4386 θεοπνεύστου
3081 4328 3303 4402 Γραφῆς
3358 4330 3461 4384 οὐκ
3490 4331 3554 4383 ὲκ
3588 4329 3835 4391 πίστεως

559 4433 616 4481 x,
658 4417 784 4489 i7);
819 4433 981 4474 omne
1007 4418 1153 4489 quod
1183 4426 1267 4474 est
1292 4428 1448 4475 extra
1481 4421 1720 4476 divinam
1761 4420 2130 4493 Scripturam,

2256 4424 2320 4491 ὗν,
2353 4422 2598 4495 ἁμαρτία
2621 4422 2790 4476 ἐστίν.
2819 4422 2884 4474 Τί
2914 4422 3044 4474 ἴδιον
3074 4421 3175 4492 τῆς
3209 4420 3346 4492 πρὸς
3381 4420 3517 4474 Θεὸν
3563 4421 3832 4491 ἀγάπης

558 4525 684 4565 cum
712 4526 777 4567 ex
809 4511 912 4567 lide
944 4527 1054 4566 non
1084 4511 1185 4577 sit,
1222 4520 1501 4581 peccatum
1531 4521 1636 4570 est.
1666 4513 1809 4581 Quid
1859 4524 1946 4570 est
2004 4531 2133 4586 pro-

2256 4518 2313 4570 re
2335 4518 2520 4588 τηρεῖν
2548 4516 2648 4579 τὰς
2679 4514 2898 4578 ἐντολὰς
2929 4512 3096 4567 αὑτοῦ
3124 4513 3267 4567 κατὰ
3296 4511 3502 4566 σκοπὸν
3527 4512 3629 4583 τῆς
3656 4510 3832 4567 αὐτοῦ

558 4603 738 4675 prium
769 4603 889 4672 ejus
911 4618 1033 4673 quae
1056 4617 1181 4674 erga
1212 4603 1382 4658 Deum
1426 4614 1511 4659 est
1543 4605 1865 4662 eharitatis?
1903 4606 2134 4662 Servare

2256 4609 2416 4680 ῑόξης.
2451 4607 2516 4663 Τί
2558 4606 2692 4661 ίδιον
2732 4607 2832 4677 τῆς
2859 4605 2992 4677 πρὸς
3025 4605 3114 4658 τὸν
3163 4603 3389 4674 πλησίον
3439 4603 3697 4674 aris-mg
3752 4600 3834 4654 τδ

558 4696 817 4751 mandata
850 4696 1047 4767 ipsius,
1076 4711 1142 4750 eo
1166 4697 1373 4762 animo,
1403 4705 1463 4752 ut
1489 4699 1661 4768 gloria
1691 4699 1769 4753 illi
1787 4699 1967 4755 detur.
1990 4700 2130 4767 Quid

2256 4702 2319 4772 μὴ
2349 4701 2531 4772 ζητεῖν
2560 4698 2630 4752 τὰ
2663 4696 2880 4758 ἑαυτοῦ,
2915 4695 3051 4749 ἀλλά
3080 4693 3150 4748 τὰ
3174 4693 3266 4748 τοῦ
3296 4694 3668 4765 ἀγαπωμένου
3683 4692 3833 4760 πρὸς

558 4791 841 4860 proprium
902 4794 988 4844 est
1043 4786 1351 4844 dilectionis
1409 4804 1539 4861 erga
1606 4792 1955 4862 proximum?
2009 4793 2127 4850 Non

2256 4793 2300 4848 ιδ
2331 4791 2610 4865 συμφέρον
2633 4793 2700 4862 τῇ
2728 4806 2788 4843 τε
2812 4788 2958 4860 ψυχῇ
2988 4787 3082 4841 καὶ
3140 4784 3219 4857 τῷ
3273 4785 3508 4856 σώματι.
3568 4785 3638 4839 Τί
3689 4783 3834 4837 ἴδιον

558 4892 803 4949 querere
829 4893 952 4949 quas
991 4893 1092 4934 sua
1133 4888 1282 4945 sunt,
1309 4881 1406 4936 sed
1436 4882 1583 4938 illius
1611 4883 1704 4953 qui
1733 4883 2007 4954 diligitur,
2061 4885 2128 4940 ad

558 4970 849 5025 utilitatem
878 4970 1074 5026 animae
1103 4985 1169 5027 ac
1201 4973 1469 5042 corporis.
1495 4974 1636 5039 Quid
1662 4977 1946 5045 proprium
1975 4974 2135 5031 Chri-

559 5061 765 5116 stiani?
794 5060 1057 5119 Generari
1085 5063 1267 5119 denuo
1291 5080 1356 5135 ex
1392 5080 1532 5134 aqua
1576 5074 1630 5121 et
1673 5065 1882 5137 Spiritu
1906 5083 2005 5138 per
2034 5070 2135 5125 ha-

558 5151 836 5220 ptismum.
872 5154 1013 5222 Quid
1041 5155 1321 5227 proprium
1355 5165 1438 5212 est
1468 5157 1589 5227 ejus
1610 5159 1703 5229 qui
1730 5169 2025 5230 generatus
2046 5171 2131 5218 est

631 5329 749 5412 (3i)
775 5329 1041 5412 vocatam
1077 5334 1209 5412 γάρ,
1243 5350 1365 5412 qua:
1402 5336 1457 5391 in
1496 5337 1745 5412 vulgatis»
1764 5354 1875 5394 non
1903 5340 2126 5410 legitur,

561 5402 617 5481 in
641 5403 881 5481 antiquis
910 5402 1308 5481 duobus'lioris
1334 5402 1661 5481 invenimds.
1687 5402 1986 5481 Aliquanto'
2006 5402 2131 5481 post

560 5469 691 5555 Reg.
725 5469 923 5530 tertius
964 5474 1213 5547 ἄκαρπον
1255 5477 1534 5546 ἀφιέντας,
1580 5479 1710 5533 nihil
1741 5469 2129 5551 infructuosum

559 5545 1023 5696 “lt‘mali’gtaque
1051 5615 1219 5696 editio
1250 5622 1304 5672 et
1334 5610 1473 5689 Reg.
1510 5620 1788 5696 secun_du_s
1817 5621 1894 5696 die;
1921 5620 2129 5696 οίιιονό-

562 5701 696 5753 μους
725 5685 876 5752 ναοῦ,
910 5685 990 5741 uti
1017 5685 1477 5745 administratorés
1508 5691 1707 5745 templi.
1740 5691 1893 5752 Βοαῆ
1918 5693 2130 5751 erimus

2237 4882 2596 4956 Χριπιανοῦ;
2621 4882 2695 4935 Τὸ
2719 4880 2809 4935 διὰ
2850 4879 2946 4933 τοῦ
2996 4879 3370 4950 βαπτίσματος
3394 4877 3457 4944 ἐξ
3484 4876 3681 4941 ὓδατος
3703 4875 3829 4946 (35)

2241 4978 2336 5031 xui.
2364 4975 2503 5030 Πνεύ
2512 4992 2679 5047 ματος
2693 4973 3019 5043 γεννηθῆναι
3036 4972 3262 5029 ἄνωθεν.
3282 4972 3346 5026 Τί
3364 4972 3494 5026 ἱδιον
3508 4967 3606 5023 τοῦ
3632 4985 3835 5039 τεν-δη·

2237 5066 2423 5130 θέντος
2449 5064 2509 5130 ἐξ
2538 5064 2760 5128 ὓδατος;
2796 5063 2890 5129 Τὸ,
2936 5060 3118 5125 καθὼς
3138 5063 3168 5115 ὁ
3188 5060 3424 5131 Χριστὸς
3476 5057 3727 5112 ἀπέθανε
3757 5057 3831 5127 τῇ

2240 5159 2484 5233 ἁμαρτίᾳ
2506 5156 2745 5228 ἐφάπαξ,
2780 5154 2924 5209 οὕτω
2957 5155 3054 5209 καὶ
3087 5153 3250 5207 αὑτὸν
3297 5151 3491 5223 νεκρὸν
3536 5145 3684 5203 εἶναι
3728 5150 3838 5203 καὶ

2239 5348 2295 5396 et
2325 5340 2525 5396 tertius
2552 5339 2629 5402 ὡς
2655 5335 2990 5407 οἰκοδόμους,
3016 5331 3232 5407 melius.

2311 5411 2426 5482 ('53)
2451 5398 2632 5482 Editio
2658 5398 2849 5482 Paris:
2870 5398 3041 5482 ᾂερτι
3062 5398 3732 5482 δριστός.“νειεῐεξ-ᾶιιο
3754 5399 3836 5482 ii-

2237 5469 2328 5537 bri‘
2358 5469 2420 5544 ὃς
2441 5482 2559 5550 ἐστι
2574 5476 2845 5550 χριστός,
2880 5469 3289 5550 Αιὶιιξρςξιστιν
3327 5469 3836 5550 Ἰησοῦςξριστάςε

2311 5542 2429 5621 (54)
2453 5547 2550 5621 _Sic
2572 5542 2705 5621 θέε.
2724 5545 3074 5621 tertius._Alii
3101 5544 3210 5599 duo
3233 5555 3372 5598 mss.
3395 5550 3450 5596 et
3473 5542 3607 5596 editi
3648 5542 3838 5611 Ἰησοῦ

2237 5614 3044 5697 πιεσθεὶτοῦιξυρίιὶιιῂμιὲν·
3108 5682 3122 5697 .
3433 5680 3461 5692 -
3514 5680 3570 5697 ..
3607 5678 3631 5697 .

2312 5691 2428 5747 (55)
2462 5679 2916 5749 υιησιιο’θι1ἰιίὄ
2958 5682 3334 5750 βαπτίσματος
3364 5680 3464 5738 τοῦ
3498 5680 3571 5748 ἐξ
3606 5679 3834 5745 ὓδατος.
