3962 6238
269 312 374 366 860

1749 311 2078 367 MORALIA.

3418 321 3522 373 870

267 424 525 494 ἀκίνητον
564 423 698 492 πρὸς
726 423 903 476 πᾶσαν
938 422 1232 494 ἁμαρτίαν,
1266 422 1406 478 κατὰ
1435 424 1495 477 τὸ
1523 427 1835 495 γεγραμμέ-

1945 443 2009 480 ex
2040 427 2216 494 aqua?
2247 427 2316 482 Ut
2347 427 2808 497 quemadmodum
2829 425 3081 483 Christus
3105 436 3328 497 peccato
3351 431 3520 485 semel

269 532 383 578 νον,
407 515 486 566 ὅτι
520 513 690 566 Ὀσοι
723 513 1161 583 ἐϐαπτίσθημεν
1189 515 1276 580 είς
1304 514 1561 583 Χριστὸν
1593 514 1844 581 Ἰησοῦν,

265 612 360 672 εις
389 607 495 658 τόν
514 603 774 658 θάνατον
805 604 989 658 αὑτοῦ
1015 605 1474 673 ἐϐαπτίσθημεν.
1506 605 1847 676 Συνετάφη-

267 713 383 763 μεν
409 691 522 750 οὗν
546 693 706 759 αὐτῷ
737 697 834 748 διὰ
866 695 972 749 τοῦ
990 694 1411 764 ,βαπτίσματος
1441 697 1527 761 εις
1549 695 1653 748 τὸν
1669 695 1846 750 θάνα-

267 806 398 852 τον,
427 787 601 840 τοῦτο
627 784 1046 854 γινώσκοντες,
1076 785 1166 838 ὅτι
1204 788 1235 840 ὀ
1264 786 1515 850 παλαιὸς
1545 784 1712 854 ἡμῶν
1745 785 1845 837 ᾶν-

270 886 503 946 θρωπος
529 878 1015 946 συνεσταυρώθη,
1053 879 1154 932 ἵνα
1201 875 1543 947 καταργηθῇ
1579 878 1646 930 τὸ
1676 877 1846 946 σῶμα

271 970 385 1037 τῆς
429 971 734 1039 ἁμαρτίας,
793 971 898 1022 τοῦ
934 968 1146 1038 μηκέτι
1198 967 1514 1022 δουλεύειν
1558 964 1715 1034 ἡμᾶς
1771 966 1843 1034 τῇ

266 1061 544 1129 ἁμαρτίᾳ.
574 1060 638 1112 Τί
681 1061 807 1113 ἴδιον
833 1058 926 1111 τοῦ
955 1057 1303 1127 γεννηθέντος
1361 1058 1425 1110 ὲκ
1486 1055 1838 1125 Πνεύματος;

265 1153 343 1206 Τὸ
369 1152 621 1221 γενέσθαι
661 1152 836 1205 ἐκεῖνο
873 1149 1014 1203 κατὰ
1056 1149 1117 1201 τὸ
1151 1147 1422 1218 διδόμενον
1457 1147 1674 1218 μέτρον,
1708 1147 1842 1215 ὅπερ

262 1247 386 1299 ἐστὶ
412 1246 474 1298 τὸ
506 1245 564 1308 ἐξ
591 1237 650 1298 οὗ
673 1242 956 1312 ἐγεννήθη,
981 1239 1160 1304 καθὼς
1183 1241 1512 1310 γέγραπται,
1545 1240 1624 1292 ὅτι
1657 1240 1723 1292 Τὸ
1759 1255 1844 1307 γε·

263 1335 634 1406 τεινημένον
655 1335 724 1388 ἐκ
754 1331 858 1399 τῆς
885 1331 1131 1400 σαρκὸς,
1165 1329 1322 1398 σάρξ
1343 1331 1493 1384 ἐστι·
1528 1329 1624 1382 καὶ
1651 1329 1715 1381 τὸ
1749 1344 1843 1398 γε-

262 1427 637 1498 γεννημένον
665 1426 735 1478 ἐκ
767 1424 871 1477 τοῦ
901 1424 1260 1492 πνεύματος,
1290 1420 1524 1489 πνεῦμά
1555 1421 1744 1475 ἐστιν.
1777 1419 1841 1470 Τί

262 1517 397 1571 ἱδιον
426 1516 521 1569 τοῦ
556 1514 759 1568 ἄνωθεν
777 1512 1157 1583 γεννηθέντος;
1193 1511 1268 1563 Τὸ
1298 1509 1708 1564 ἀπεκδύσασθαι
1729 1508 1839 1580 (56)

258 1605 354 1658 τὸν
365 1603 594 1659 παλαιὸν
608 1603 888 1673 ἄνθρωπον
908 1604 1002 1654 σὺν
1018 1605 1136 1663 ταῖς
1152 1599 1416 1672 πράξεσιν
1434 1598 1598 1653 αὐτοῦ
1614 1599 1708 1651 καὶ
1722 1601 1841 1660 ταῖς

259 1694 596 1765 ἐπιθυμίαις,
630 1694 726 1746 καὶ
753 1691 1072 1747 ἐνδύσασθαι
1101 1691 1191 1744 τὸν
1233 1691 1349 1744 νέον
1377 1691 1468 1744 τὸν
1517 1690 1840 1743 ἀνακαινού-

1955 527 2202 573 mortuus
2238 527 2344 580 est,
2373 521 2444 573 ita
2471 519 2636 574 etiam
2666 521 2780 590 ipse
2806 522 2877 576 sit
2911 530 3178 584 mortuus,
3197 529 3251 576 et
3274 519 3340 574 ad
3361 536 3523 578 omne

1954 617 2236 679 peccatum
2267 611 2595 672 immobilis,
2632 612 2774 666 sicut
2819 613 3080 680 scriptum
3111 624 3197 666 est
3229 629 3241 665 :
3286 611 3521 678 Quicun-

1952 719 2048 770 que
2070 701 2324 772 baptizati
2358 719 2540 756 sumus
2565 704 2619 756 in
2644 701 2854 758 Christo
2884 704 3011 759 Jesu
3032 747 3045 767 ,
3083 706 3135 758 in
3167 715 3331 759 morte
3356 708 3520 774 ipsius

1953 795 2209 862 baptizati
2245 811 2445 848 sumus.
2485 792 2787 864 Consepulti
2815 797 2951 850 enim
2982 797 3146 867 318
3193 815 3372 852 sumus
3401 815 3520 852 cum

1950 884 2044 936 illo
2073 901 2164 952 per
2193 885 2508 954 baptismum
2565 888 2617 938 in
2667 898 2902 948 mortem.
2952 889 3046 940 hoc
3095 891 3349 952 scientes,
3395 891 3519 960 quia

1951 983 2093 1026 vetus
2126 974 2278 1027 homo
2309 984 2483 1027 noster
2519 975 2681 1028 simul
2711 977 2995 1044 cruciﬁxus
3026 988 3100 1031 est
3129 988 3183 1030 ut
3215 979 3519 1031 destruatur

1951 1083 2139 1137 corpus
2174 1068 2456 1136 peccati,et
2480 1071 2623 1121 ultra
2655 1086 2755 1122 non
2787 1072 3076 1123 serviamus
3109 1081 3318 1138 peccato
3342 1071 3514 1133 (Rom.

1949 1175 2023 1223 γι,
2047 1160 2189 1228 5-6).
2225 1159 2368 1225 Quid
2402 1161 2678 1229 proprium
2710 1171 2792 1216 est
2830 1163 2970 1231 ejus,
3015 1165 3105 1231 qui
3159 1162 3258 1217 fuit
3296 1180 3520 1232 genera-

1949 1258 2038 1304 tus
2071 1267 2136 1306 ex
2171 1252 2418 1321 Spiritu?
2463 1252 2532 1306 Ut
2583 1253 2673 1306 ﬁat
2730 1253 2862 1306 illud
2917 1270 3014 1322 pro
3053 1253 3177 1306 data
3220 1269 3516 1319 tueusura,

1948 1341 2089 1411 quod
2118 1354 2199 1395 est
2229 1343 2280 1395 id
2306 1359 2370 1396 ex
2400 1359 2506 1413 quo
2533 1351 2693 1395 natus
2724 1353 2828 1406 est,
2870 1345 3035 1398 veluti
3085 1347 3348 1414 scriptum
3391 1353 3514 1400 est:

1950 1434 2100 1499 Quod
2128 1446 2308 1488 natum
2334 1446 2408 1488 est
2438 1451 2502 1489 ea:
2536 1452 2715 1496 carne,
2749 1452 2872 1490 caro
2906 1446 3025 1490 est:
3069 1448 3116 1490 et
3162 1437 3299 1506 quod
3334 1449 3516 1492 natum

1946 1537 2025 1578 est
2073 1539 2137 1577 ea:
2187 1525 2398 1592 spiritu,
2443 1525 2658 1591 spiritus
2684 1535 2760 1578 est
2791 1523 2968 1594 (Joan.
3003 1541 3084 1584 ιιι.
3126 1526 3200 1596 6).
3240 1526 3378 1592 Quid
3434 1534 3518 1583 est

1947 1617 2224 1684 proprium
2257 1617 2403 1672 illius
2441 1619 2534 1686 qui
2571 1617 2749 1671 denuo
2777 1627 2939 1673 natus
2976 1618 3096 1672 est?
3130 1617 3340 1674 Exuere
3371 1627 3518 1673 vete-

1946 1723 2058 1761 rem
2085 1709 2357 1760 hominem
2387 1725 2493 1761 una
2533 1724 2656 1762 cum
2704 1709 2916 1764 actibus
2949 1709 3088 1778 ejus,
3119 1718 3172 1764 et
3197 1709 3515 1781 cupiditati-

262 1804 426 1858 μενον
461 1789 541 1850 εἱς
561 1786 854 1854 ἐπίγνωσιν
889 1787 1008 1838 κατ’
1050 1784 1233 1837 εἰκόνα
1266 1784 1360 1837 τοῦ
1400 1784 1684 1846 κτίσαντος
1741 1783 1835 1835 αὑ-

1945 1799 2082 1852 hus:
2121 1807 2173 1852 et
2205 1798 2431 1852 induere
2465 1814 2662 1853 novum
2696 1801 2788 1869 qui
2835 1811 3130 1856 renovatur
3183 1802 3238 1855 in
3285 1801 3517 1870 agnitio-

256 1884 372 1946 τὶν,
412 1881 554 1935 κατὰ
575 1881 635 1932 τὸ
660 1879 970 1952 εἰρημένον,
1005 1879 1084 1931 ὅτι
1107 1879 1280 1931 ’Ὅσοι
1316 1879 1401 1942 εὶς
1427 1876 1682 1944 Χριστὸν
1703 1877 1837 1929 ἐϐα-

255 1969 570 2034 πτίσθητε,
601 1968 856 2036 Χριστὸν
885 1966 1277 2020 ἐνεδύσασθε.
1315 1966 1380 2018 Τί
1430 1965 1558 2018 ἴδιον
1587 1966 1839 2036 Χριστια-

256 2058 394 2123 γοῦ;
436 2059 512 2112 Τὸ
561 2057 960 2129 καθαρισθῆναι
1008 2058 1106 2129 μὲν
1158 2057 1265 2111 ἀπὸ
1309 2057 1507 2121 παντὸς
1563 2057 1833 2128 μολυσμοῦ

256 2150 465 2222 σαρκὸς
497 2149 593 2202 καὶ
619 2149 926 2220 πνεύματος
959 2153 1017 2203 ὲν
1072 2149 1149 2220 τῷ
1197 2150 1392 2221 αἵματι
1435 2148 1530 2202 τοῦ
1577 2149 1832 2219 Χριστοῦ,

255 2241 526 2295 ἐπιτελεῖν
553 2241 611 2295 δὲ
645 2241 949 2311 ἁγιωσύνην
977 2245 1033 2295 ὲν
1057 2243 1203 2312 φόϐῳ
1228 2241 1362 2294 Θεοῦ
1389 2242 1482 2294 καὶ
1507 2241 1695 2313 ἀγάπῃ
1742 2240 1833 2293 τοῦ

254 2334 521 2406 Χριστοῦ,
563 2335 654 2388 καὶ
726 2336 800 2404 μὴ
851 2334 993 2405 ἔχειν
1029 2333 1274 2405 σπῖλονῆ
1307 2333 1514 2405 ῥυτίδα,
1559 2333 1593 2403 ἦ
1641 2350 1693 2384 τι
1727 2333 1835 2384 τῶν

253 2427 536 2488 τοιούτων,
587 2425 699 2480 ἀλλ’
751 2423 888 2480 εἶναι
919 2428 1071 2496 ἅγιον
1112 2429 1204 2480 καὶ
1234 2428 1483 2497 ἄμωμον,
1517 2427 1610 2478 καὶ
1665 2425 1836 2489 οὕτως

255 2519 459 2573 ἐσθίειν
487 2518 549 2572 τὸ
586 2519 744 2589 σῶμα
783 2518 875 2572 τοῦ
913 2519 1147 2590 Χριστοῦ
1178 2559 1192 2579 ,
1234 2520 1328 2572 καὶ
1375 2519 1548 2571 πίνειν
1577 2518 1637 2571 τὸ
1675 2513 1830 2588 αἷμα.

264 2611 331 2663 '0
360 2610 471 2679 γὰρ
504 2610 724 2663 ἐσθίων
754 2612 848 2662 καὶ
879 2612 1069 2662 πίνων
1105 2610 1387 2676 ἀναξίως,
1431 2610 1607 2679 κρῖμα
1645 2609 1836 2674 ἐαυτῷ

253 2704 445 2757 ἐσθίει
466 2703 564 2756 καὶ
600 2704 777 2755 πίνει.
813 2704 878 2756 Τί
915 2703 1042 2756 ἴδιον
1074 2705 1181 2756 τῶν
1215 2703 1499 2756 ἐσθιόντων
1533 2704 1622 2755 τὸν
1650 2702 1832 2772 ἄρτον,

255 2795 352 2847 καὶ
386 2794 649 2847 πινόντων
694 2795 754 2848 τὸ
780 2797 1036 2865 ποτήριον
1063 2795 1158 2847 τοῦ
1197 2795 1400 2866 Κυρίου
1453 2795 1599 2863 (57);
1632 2795 1706 2846 Τὸ
1737 2794 1835 2863 τὴν

257 2884 484 2955 μνήμην
515 2883 806 2952 φυλάσσειν
836 2883 1058 2954 διηνεκῆ
1086 2883 1177 2936 τοῦ
1198 2882 1508 2954 ὑπὲρὴμῶν
1536 2883 1832 2936 ἀποθανόνο

251 2991 347 3038 τος
387 2976 484 3028 καὶ
538 2975 873 3046 ὲγερθέντος.
911 2975 975 3028 Τί
1009 2975 1140 3028 ἴδιον
1192 2975 1299 3027 τῶν
1334 2975 1709 3044 φυλασσόντων
1737 2975 1835 3045 τὴν

252 3068 515 3139 τοιαύτην
545 3069 796 3138 μνήμην;
827 3067 898 3121 Τὸ
921 3067 1134 3136 μηκέτι
1172 3067 1404 3133 ἑαυτοῖς
1426 3065 1550 3134 ζῇν,
1575 3065 1735 3120 ἀλλὰ
1757 3065 1835 3131 τῷ

1945 1902 2101 1953 nem,
2156 1887 2456 1942 secundum
2496 1888 2784 1957 imaginem
2845 1887 2962 1955 eius
3006 1891 3099 1958 qui
3129 1889 3333 1943 creavit
3364 1890 3516 1944 illum

1945 1973 2170 2044 (Cotoss.
2213 1993 2304 2038 ιιι,
2342 1976 2427 2045 9),
2483 1976 2622 2030 sicut
2655 1975 2919 2044 scriptum
2960 1985 3085 2031 est:
3128 1977 3433 2046 Quicunque
3462 1975 3518 2029 in

1944 2064 2212 2119 Christum
2243 2066 2500 2135 baptizati
2536 2065 2682 2129 estis,
2709 2062 2978 2118 Christum
3022 2065 3274 2120 iuduistis
3312 2065 3516 2137 (Colat.

1945 2172 2024 2222 ιιι,
2045 2157 2158 2227 27).
2199 2155 2338 2222 Quid
2370 2155 2653 2224 proprium
2684 2155 3024 2210 Christiani?
3060 2155 3263 2210 Purum
3291 2171 3413 2211 esse
3450 2156 3518 2208 ab

1942 2249 2088 2302 omni
2143 2249 2552 2318 inquinamento
2580 2249 2763 2303 carnis
2797 2256 2852 2301 et
2900 2249 3129 2318 spiritus
3159 2249 3213 2302 in
3250 2246 3518 2317 sanguine

1943 2341 2166 2403 Christi,
2204 2355 2267 2394 ac
2305 2341 2562 2409 perlicere
2621 2339 3042 2393 sanctimoniam
3096 2342 3150 2392 in
3195 2340 3392 2393 timore
3422 2337 3515 2393 Dei

1943 2439 1996 2485 et
2046 2430 2336 2484 dilectione
2368 2429 2574 2486 Christi
2620 2429 2707 2500 (ΙΙ
2737 2429 2863 2485 Cor.
2896 2447 2987 2492 vn,
3019 2429 3072 2498 l)
3123 2450 3134 2482 :
3171 2445 3514 2500 nequaquam

1945 2525 2143 2577 habere
2173 2523 2439 2577 maculam
2499 2533 2590 2576 aut
2621 2538 2807 2593 rugam
2827 2562 2842 2586 ,
2890 2531 2984 2575 aut
3017 2523 3294 2591 quidpiam
3325 2521 3516 2590 hujus-

1943 2614 2108 2679 modi,
2138 2613 2232 2667 sed
2260 2628 2382 2667 csse
2405 2622 2655 2667 sanctum
2692 2621 2745 2667 et
2778 2613 3268 2666 incontaminatum
3299 2611 3512 2684 (Ep/tes.

1943 2724 1994 2771 ν,
2028 2706 2140 2777 27),
2173 2715 2224 2759 et
2260 2706 2341 2760 sic
2366 2706 2530 2759 edere
2560 2720 2760 2774 corpus
2791 2705 2994 2760 Christi
3024 2745 3038 2767 ,
3083 2713 3136 2760 et
3165 2705 3350 2760 bibere
3387 2720 3516 2760 san—

1941 2800 2179 2868 guinem.
2216 2796 2320 2863 Qui
2358 2797 2495 2848 enim
2532 2795 2818 2849 manducet
2868 2806 2919 2849 et
2948 2795 3078 2848 bibit
3111 2795 3339 2866 indigne,
3375 2796 3514 2859 iudi-

1943 2891 2078 2942 cium
2114 2888 2214 2943 sibi
2245 2888 2528 2942 manducat
2569 2897 2618 2940 et
2669 2886 2797 2940 bibit
2828 2886 2879 2958 (1
2910 2886 3034 2942 Cor.
3073 2905 3123 2942 ιιι
3150 2928 3164 2952 ,
3221 2889 3337 2960 29).
3371 2887 3516 2954 Quid

1941 2989 2025 3035 est
2054 2981 2331 3052 proprium
2374 2980 2589 3033 illorum
2623 2980 2714 3048 qui
2742 2979 2912 3034 edunt
2953 2995 3144 3049 panem
3166 3021 3182 3043 ,
3233 2989 3288 3035 et
3319 2979 3515 3034 bibunt

1944 3065 2493 3136 poculum'Domini?
2548 3065 2873 3136 Perpetuam
2927 3083 3148 3124 servare
3195 3071 3512 3124 memoriam

251 3160 408 3228 ὑπὲρ
456 3159 656 3214 αὐτῶν
702 3160 814 3230 ('58)
863 3161 1223 3214 ἀποθανόντι
1261 3160 1356 3212 καὶ
1403 3159 1720 3230 ἐγερθέντι.
1769 3159 1832 3210 Τί

1945 3159 2082 3212 illius
2105 3159 2194 3228 qui
2231 3174 2329 3228 pro
2359 3158 2520 3214 nobis
2542 3168 2792 3213 mortuus
2818 3167 2902 3214 est
2929 3169 2983 3214 et
3013 3161 3332 3216 resurrexit.
3369 3159 3513 3228 Quid

254 3252 387 3305 ίδιον
413 3251 779 3322 Χριστιανοῦς
817 3253 893 3304 Τὸ
927 3249 1270 3321 περισσεύειν
1310 3249 1475 3303 αὑτοῦ
1503 3250 1602 3320 τὴν
1639 3249 1837 3302 δικαιο-

253 3343 423 3413 σύνην
449 3346 511 3396 ὲν
553 3345 733 3408 παντὶ,
764 3343 928 3397 πλέον
958 3343 1068 3396 τῶν
1110 3343 1484 3414 γραμματέων
1546 3343 1640 3396 καὶ
1678 3344 1836 3414 Φαρι-

253 3435 446 3499 σαίων,
481 3438 624 3488 κατὰ
649 3435 709 3487 τὸ
740 3435 939 3505 μέτρον
972 3435 1071 3505 τῆς
1094 3435 1234 3488 κατὰ
1263 3435 1325 3487 τὸ
1357 3433 1688 3502 Εύαγγέλιον
1740 3431 1834 3486 τοῦ

254 3528 465 3598 Κυρίου
493 3527 859 3590 διδασκαλίας.
890 3528 954 3580 Τί
981 3527 1108 3580 ἴδιον
1131 3528 1172 3578 Χ
1182 3524 1456 3599 ριστιανοῦ
1478 3541 1493 3590 ;
1517 3525 1588 3577 Τὸ
1615 3526 1834 3595 ἀγαπᾷν

250 3618 522 3689 ἀλλήλους
550 3617 684 3689 (59),
711 3618 893 3680 καθὼς
931 3619 1023 3671 καὶ
1050 3620 1078 3671 ὁ
1099 3617 1330 3688 Χριστὸς
1354 3617 1638 3686 ἠγάπησεν
1659 3617 1826 3686 ἡμᾶς.

249 3711 317 3764 Τί
352 3710 485 3764 ἴδιον
513 3710 873 3780 Χριστιανοῦ;
910 3709 981 3762 Τὸ
1007 3707 1343 3780 προορᾶσθαι
1378 3709 1470 3760 τὸν
1500 3707 1704 3778 Κύριον
1746 3711 1830 3760 ὲν-

250 3803 426 3854 ὡπιον
449 3801 618 3855 αὐτοῦ
645 3801 733 3855 διὰ
763 3802 984 3863 παντὸς.
1003 3802 1066 3853 Τί
1100 3790 1228 3852 ἴδιον
1263 3797 1621 3870 Χριστιανοῦ;
1648 3798 1720 3850 Τὸ
1748 3799 1832 3865 ἐφ’

251 3895 494 3962 ἑκάστης
530 3893 740 3965 ἡμέρας
768 3894 861 3946 καὶ
889 3892 1035 3963 ὧρας
1079 3892 1394 3962 γρηγορεῐν,
1436 3889 1530 3941 καὶ
1558 3891 1616 3941 ἐν
1648 3891 1713 3959 τῇ
1748 3905 1836 3940 τε-

249 3984 492 4052 λειότητι
517 3983 614 4053 τῆς
639 3983 772 4054 πρὸς
793 3982 925 4034 Θεὸν
964 3981 1375 4052 εὐαρεστήσεως
1409 3979 1626 4048 ἕτοιμον
1671 3974 1830 4043 εἶναι,

248 4073 454 4136 εἰδότα,
490 4075 572 4127 ὅτι
668 4073 786 4143 ὥρᾳ
815 4073 875 4125 ού
896 4072 1061 4134 δοκεῖ,
1081 4073 1110 4124 ὁ
1139 4073 1340 4142 Κύριος
1374 4070 1616 4142 ἔρχεται.

1934 3257 2019 3304 est
2047 3250 2328 3319 proprium
2367 3264 2557 3303 eorum
2605 3251 2695 3319 qui
2753 3258 2972 3305 servant
3007 3251 3277 3320 ejusmodi
3308 3267 3514 3308 memo-

1934 3341 2112 3394 riam?
2148 3339 2215 3393 Ut
2241 3341 2358 3410 jam
2407 3359 2511 3395 non
2544 3343 2645 3396 sibi
2678 3344 2872 3404 vivant,
2904 3343 2995 3396 sed
3038 3344 3086 3396 ei
3134 3343 3224 3413 qui
3253 3358 3350 3412 pro
3382 3344 3512 3412 ipsis

1937 3440 2174 3485 mortuus
2222 3439 2335 3497 est,
2383 3441 2433 3484 et
2466 3435 2754 3485 resurrexit
2807 3429 2896 3502 (II
2928 3431 3054 3485 Cor.
3100 3447 3165 3496 ν,
3222 3430 3332 3501 15).
3371 3429 3510 3496 Quid

1935 3523 2212 3593 proprium
2243 3522 2586 3577 Christiani?
2616 3522 2686 3577 Ut
2733 3523 2789 3576 in
2834 3523 3089 3576 omnibus
3118 3522 3330 3590 justitia
3361 3522 3515 3578 illius

1936 3616 2112 3684 major
2129 3615 2200 3671 sit
2223 3613 2438 3681 iustitia
2462 3615 2771 3669 scribarqu
2795 3621 2847 3668 et
2865 3613 3266 3666 Pharisaeorum
3290 3609 3507 3684 (Matth.

1934 3719 1986 3760 v.
2014 3703 2104 3772 20)
2126 3744 2141 3768 ,
2183 3703 2337 3772 juxta
2379 3703 2596 3756 modum
2631 3710 2685 3757 et
2718 3703 2960 3772 regulam
2993 3702 3276 3764 doctrinae,
3304 3717 3422 3771 quae
3453 3701 3509 3755 in

1936 3792 2225 3860 Evangelio
2255 3792 2464 3845 Domini
2497 3790 2695 3844 tradita
2724 3800 2831 3848 est.
2863 3790 3003 3857 Quid
3037 3794 3312 3861 proprium
3357 3791 3512 3847 Chri-

1935 3884 2131 3937 stiani?
2160 3884 2230 3938 Ut
2269 3884 2406 3936 alter
2439 3883 2672 3937 alterum
2710 3882 2939 3951 diligat,
2991 3882 3135 3935 sicut
3169 3890 3223 3936 et
3252 3880 3509 3937 Christus

1936 3974 2124 4029 dilexit
2153 3991 2254 4028 nos
2281 3973 2496 4046 (Ephes.
2530 3991 2585 4038 v,
2607 3974 2686 4045 2).
2733 3973 2876 4040 Quid
2907 3974 3187 4044 proprium
3218 3981 3304 4029 est
3349 3975 3510 4028 Chri-

1938 4067 2103 4122 stiani
2119 4067 2142 4120 ?
2157 4065 2450 4120 Providere
2466 4066 2753 4120 Dominum
2774 4067 2828 4118 in
2857 4073 3152 4135 conspectu
3178 4081 3278 4121 suo
3297 4081 3510 4136 semper

250 4167 432 4239 (Psat.
460 4184 550 4231 xv,
572 4168 651 4234 8).
681 4167 820 4234 Quid
861 4180 944 4222 est
973 4167 1252 4237 proprium
1277 4166 1614 4231 Christiani?
1636 4163 1880 4234 Singulis
1905 4163 2101 4217 diebus
2125 4177 2189 4216 ac
2218 4161 2371 4215 horis
2401 4161 2646 4231 vigilare,
2681 4159 2938 4230 atque'ad
2966 4175 3084 4214 eam
3119 4159 3507 4228 perfectionem

247 4276 358 4332 qua
399 4262 610 4329 placeat
641 4260 768 4322 Deo,
795 4272 1041 4329 paratum
1064 4274 1205 4320 esse,
1260 4259 1522 4312 scientem
1557 4257 1702 4325 quod
1733 4271 1840 4324 qua
1876 4255 2008 4307 hora
2038 4269 2144 4306 non
2179 4259 2354 4322 putat,
2387 4250 2647 4306 deinus
2686 4259 2949 4305 venturus
2979 4251 3048 4304 sit
3073 4249 3222 4320 (Luc.
3261 4266 3357 4315 xu,
3390 4249 3505 4315 ιον,

418 4475 556 4528 ΤΟΥ
593 4475 824 4527 ΑΥΤΟΥ
857 4473 1073 4527 ΛΟΓΟΣ
1109 4471 1504 4524 ΑΣΚΗΤΙΚΟΣ
1530 4469 1664 4542 (40).

323 4567 378 4621 1.
434 4566 493 4618 Ὀ
543 4566 825 4637 ἄνθρωπος
877 4567 997 4618 κατ’
1045 4564 1230 4617 εἰκόνα
1277 4561 1412 4615 Θεοῦ
1470 4561 1686 4630 ἐγένετο
1737 4561 1832 4613 καὶ

246 4659 515 4729 ὁμοίωσιν
541 4675 552 4687 ·
573 4659 608 4727 ἡ
628 4657 683 4710 δὲ
709 4656 946 4726 ἁμαρτία
961 4654 1020 4707 τὸ
1043 4653 1238 4717 κάλλος
1262 4654 1360 4723 τῆς
1382 4652 1588 4714 εἰκόνος
1605 4649 1833 4721 ἠχρείω-

247 4767 383 4812 σεν,
419 4749 499 4810 είς
541 4749 644 4810 τὰς
689 4746 951 4816 ἐμπαθεῖς
999 4744 1293 4816 ἐπιθυμίας
1325 4745 1423 4812 τὴν
1472 4741 1650 4812 ψυχὴν
1694 4741 1828 4794 καθ-

248 4842 508 4895 ἕλκουσα.
551 4841 612 4892 '0
646 4839 701 4892 δὲ
733 4839 900 4905 Θεὸς,
953 4841 982 4891 ὁ
1018 4839 1249 4906 ποιήσας
1293 4836 1384 4888 τὸν
1433 4833 1757 4905 ἄνθρωπον,
1795 4834 1827 4901 ή

250 4932 482 5002 ἀληθινή
518 4932 634 4983 ἐστι
682 4930 814 5000 ζωή.
865 4929 924 4982 Ὀ
969 4924 1061 4981 οὖν
1110 4925 1381 4987 ἀπολέσας
1430 4925 1527 4995 τὴν
1572 4923 1709 4993 πρὸς
1737 4922 1830 4973 τὸν

250 5024 388 5078 Θεὸν
437 5024 731 5093 ὁμοιότητα
778 5019 1025 5074 ἀπώλεσε
1078 5019 1177 5090 τὴν
1229 5018 1364 5088 πρὸς
1417 5015 1515 5086 τὴν
1559 5013 1704 5085 ζωὴν
1750 5015 1826 5065 οἰ-

252 5115 547 5183 ιιιειόλιητα⁸
583 5114 675 5166 τὸν
701 5111 758 5164 δὲ
791 5112 944 5174 ἐκτὸς
967 5110 1059 5163 τοῦ
1095 5109 1229 5162 Θεοῦ
1263 5109 1414 5170 ὄντα,
1447 5109 1504 5158 ἐν
1537 5108 1602 5175 τῇ
1647 5122 1829 5174 μακα-

255 5209 349 5280 ρίᾳ
381 5207 495 5278 ζωῇ
543 5206 794 5275 γενέσθαι
839 5205 1142 5275 ἀμήχανον.
1190 5201 1400 5254 Οὐκοῦν
1441 5197 1828 5266 ἐπανέλθωμεν

255 5301 334 5361 εἰς
370 5300 473 5370 τὴν
510 5299 570 5364 ἐξ
597 5301 771 5371 ἀρχῆς
812 5298 993 5370 χάριν,
1023 5292 1091 5369 ἧς
1119 5295 1207 5348 διὰ
1241 5294 1342 5362 τῆς
1374 5291 1648 5363 ἁμαρτίας
1674 5289 1830 5358 ἠλλο-

259 5437 393 5503 Reg.
427 5437 639 5505 primus
676 5434 1046 5505 βαπτίσματος
1075 5432 1135 5505 εξ
1157 5432 1365 5505 ὓδατος.

327 5501 444 5567 (56)
477 5504 611 5574 Reg.
646 5501 853 5575 primus
880 5501 942 5556 τὸ
972 5501 1358 5575 ἀποδύσασθαι.

328 5577 442 5647 (57)
483 5569 724 5647 [urar-ue
758 5575 925 5629 editio
972 5582 1026 5628 et
1071 5574 1200 5647 Heg.
1246 5569 1520 5647 secundus
1551 5569 1825 5647 ,ποτήριον

252 5639 541 5722 μού-Θεοῦ.
571 5646 675 5698 Alii
714 5649 825 5722 duo
858 5660 991 5722 m_ss_.
1023 5639 1278 5722 ποτίίριον
1303 5641 1398 5693 τοῦ
1424 5639 1645 5709 Κυρίου.

333 5718 447 5784 (38)
482 5715 618 5786 Reg.
649 5718 855 5786 primus
889 5714 1026 5784 ὑπὲρ
1053 5714 1230 5782 ἡμῶν.

2408 4386 3488 4398 -W-

2191 4390 2397 4398 ..υ-*-

2196 4460 2504 4517 EJUSDEM
2549 4459 2784 4514 SERMO
2824 4457 3235 4514 ASCETICUS.

2013 4559 2062 4613 l.
2091 4555 2265 4610 Ilomo
2317 4555 2382 4608 ad
2420 4555 2715 4624 imaginem
2751 4561 2805 4608 et
2835 4553 3250 4608 similitudinem
3297 4549 3391 4606 Dei
3424 4549 3509 4605 fa-

1938 4658 2062 4704 ctus
2098 4658 2181 4702 est
2207 4646 2358 4718 (Gen.
2388 4663 2426 4707 ι.
2466 4646 2559 4714 9.6)
2592 4664 2605 4700 :
2639 4644 2735 4699 sed
2777 4653 3080 4714 peccatum,
3121 4643 3300 4696 anima
3325 4641 3395 4696 ad
3426 4644 3508 4696 vi-

1936 4743 2108 4796 tiosas
2154 4738 2483 4808 cupiditates
2538 4735 2812 4806 impulsa,
2877 4733 3204 4789 deformavit
3253 4731 3508 4801 imaginis

1937 4834 2419 4906 pulchritudinem.
2458 4830 2601 4884 Deus
2641 4835 2844 4889 autem,
2900 4826 2994 4895 qui
3039 4824 3316 4877 hominem
3371 4835 3506 4876 con-

1936 4927 2096 4994 didit,
2139 4942 2266 4981 vera
2314 4934 2399 4980 est
2428 4924 2562 4978 vita.
2591 4920 2780 4989 Itaque
2816 4919 2910 4988 qui
2959 4916 3050 4971 Dei
3091 4913 3504 4971 similitudinem

1935 5020 2136 5082 amisit,
2178 5019 2222 5071 is
2262 5015 2498 5086 perdidit
2527 5015 2649 5068 vita:
2702 5011 3072 5074 consortium;
3107 5009 3200 5078 qui
3254 5021 3384 5062 vero
3411 5021 3506 5060 ex-

1927 5121 2011 5164 tra
2042 5110 2208 5164 Deum
2239 5118 2344 5172 est,
2378 5110 2540 5162 vitam
2571 5108 2786 5160 beatam
2815 5104 3014 5172 degere
3045 5117 3150 5156 non
3178 5107 3377 5170 potest.
3404 5097 3503 5153 Re-

1930 5212 2205 5254 vertamur
2237 5199 2403 5269 igitur
2433 5198 2498 5252 ad
2518 5198 2751 5268 gratiam
2779 5195 2937 5248 initio
2970 5193 3132 5247 nobis
3159 5205 3502 5252 concessam,

1930 5307 1995 5346 ex
2027 5307 2135 5361 qua
2190 5290 2498 5344 excidimus
2538 5304 2635 5357 per
2669 5295 2954 5356 peccaturo
2993 5291 3088 5340 :et
3130 5297 3325 5338 rursus
3347 5281 3502 5351 juxta

2003 5427 2114 5494 (39)
2146 5425 2278 5497 Reg.
2310 5427 2507 5480 tertius
2539 5420 3038 5497 Stoaoxalia;,__xa‘t
3065 5419 3125 5472 τὸ
3159 5418 3508 5497 ἀγαπᾷν-ὀλ-

1930 5488 2123 5568 λήιφυξ
2153 5516 2167 5528 ·
2207 5488 2303 5568 ιζςο
2350 5497 2680 5568 ιιιιιριίιιεμεο
2716 5497 2768 5547 in
2813 5489 3004 5545 codice
3039 5491 3303 5560 repetitur
3349 5488 3502 5553 illud,

1929 5565 1993 5620 τί
2016 5567 2143 5640 tam
2167 5565 2634 5640 70'3_Xpt_cttctvoﬁ.
2887 5633 2898 5640 _
3040 5629 3062 5640 -
3197 5628 3208 5640 .
3383 5635 3394 5640 _
3431 5627 3466 5640 Α

2001 5637 2114 5702 (40)
2141 5638 2230 5690 Sic
2266 5628 2412 5705 Regii
2447 5637 2656 5705 primus
2685 5643 2739 5692 et
2775 5633 2991 5690 tertius.
3040 5628 3279 5701 Longior
3316 5635 3402 5684 est
3428 5628 3506 5686 ti-

1931 5708 2078 5761 tulus
2108 5708 2163 5760 in
2192 5706 2446 5776 vulgatis.
