3962 6238
532 335 631 391 871

1808 337 1865 393 S.
1908 333 2154 393 BASILII
2192 333 2411 391 MAGNI

3646 358 3724 408 δῖε

527 445 627 504 Dei
677 438 966 522 imaginem
1007 465 1340 506 exornemus
1382 460 1773 524 nosmetipsos,
1821 471 1887 511 ac
1925 455 2109 512 condi.

2218 452 2552 525 τριώθημεν.
2601 453 2712 507 Καὶ
2759 454 2921 508 πάλιν
2967 454 3111 510 κατά
3160 457 3261 528 τὴν
3300 458 3387 512 τοῦ
3426 461 3545 518 Θεοῦ
3587 468 3728 526 εἰκόνα

526 541 640 594 tzori
675 555 769 609 per
795 556 1011 595 omnem
1061 540 1357 597 all'ectuum
1401 544 1727 598 vacuitatem
1761 545 1971 601 similes
2006 545 2119 601 elli-

530 633 765 689 ciamur.
806 634 910 700 Qui
957 620 1107 689 enim
1154 637 1210 690 in
1254 635 1461 707 seipso,
1494 636 1676 706 quoad
1697 637 1827 707 ejus
1862 638 1983 693 fieri
2021 654 2120 709 po-

533 733 661 789 test,
695 726 841 780 illam
879 727 1078 782 divinae
1116 734 1331 783 naturae
1376 729 1445 783 ab
1473 729 1759 786 affectibus
1786 730 2118 786 vacuitatem

532 814 781 873 imitatus
808 818 991 883 fuerit,
1022 819 1068 875 is
1107 820 1164 875 in
1198 835 1300 876 sua
1346 822 1523 892 ipsius
1575 822 1758 876 anima
1797 822 1890 878 Dei
1922 824 2118 895 imagi-

532 923 659 963 nem
687 909 742 963 in
797 910 1073 980 integrum
1107 913 1370 968 restituit.
1418 911 1526 978 Qui
1571 921 1754 968 autem
1780 913 2007 971 ellectus
2038 925 2121 970 cst

531 995 645 1054 Deo
682 999 880 1054 similis
909 999 1060 1068 iuxta
1087 1016 1211 1056 eum
1259 1017 1421 1071 quem
1454 1002 1697 1057 diximus
1728 1002 1971 1069 modum,
2003 1019 2122 1058 om-

533 1090 666 1145 nino
689 1092 850 1145 etiam
896 1091 1097 1146 divinae
1131 1093 1257 1147 vita:
1291 1092 1521 1162 adeptus
1571 1101 1655 1147 est
1683 1093 2117 1158 similitudinem,

530 1193 801 1254 perpetuo
828 1185 883 1237 in
937 1184 1104 1255 319
1133 1196 1343 1239 aeterna
1390 1186 1482 1239 illa
1522 1184 1863 1241 beatitudine
1888 1201 2118 1241 mansu-

529 1290 659 1330 rus.
716 1273 905 1345 Itaque
950 1277 997 1331 si
1039 1291 1138 1346 per
1196 1275 1491 1331 affectuum
1544 1277 1875 1331 vacuitatem
1923 1293 2120 1333 rursus

529 1361 630 1420 Dei
662 1367 956 1436 imaginem
979 1382 1398 1437 recuperemus,
1438 1368 1672 1438 vitaeque
1699 1369 2118 1438 perpetuitatem

534 1459 697 1514 nobis
750 1458 1028 1528 impertiat
1075 1458 1172 1515 Dei
1220 1462 1548 1527 similitudo,
1594 1462 1811 1518 caeteris
1861 1464 2120 1520 omnibus

530 1548 816 1616 neglectis,
849 1547 958 1603 huc
997 1547 1242 1605 studium
1288 1559 1672 1608 convertamus
1707 1561 1766 1606 ut
1797 1554 1980 1607 anima
2014 1570 2118 1609 no-

534 1647 651 1694 stra
702 1639 909 1695 nullius
948 1657 1192 1713 unquam
1247 1643 1368 1698 vitii
1408 1645 1699 1715 tyrannide
1734 1647 2116 1716 opprimatur;

2223 546 2451 608 ἑαυτοῦς
2495 544 2960 617 καλλωπίσωμεν,
3005 547 3094 601 διὰ
3140 549 3241 619 τῆς
3288 550 3530 619 ἀπαθείας
3571 558 3725 628 ὁμοιω-

2222 637 2411 701 θέντες
2446 637 2524 707 τῷ
2547 636 2814 690 κτίσαντι.
2862 637 2922 691 '0
2952 636 3064 709 γὰρ
3089 638 3150 693 τὸ
3163 639 3385 704 ’ἀπαθὲς
3401 643 3491 713 τῆς
3515 645 3639 711 θείας
3656 650 3730 719 φύ.

2223 748 2382 795 σεως,
2416 730 2601 794 καθώς
2626 731 2746 784 ἐστι
2778 731 3146 802 δυνατὸν,’ὲφ’
3178 734 3368 787 ἑαυτοῦ
3399 740 3728 811 μιμησάμενος,

2219 815 2377 887 οὗτος
2400 822 2737 877 ἐπανέλαὸεν
2780 825 2874 876 ἐπὶ
2905 827 3005 896 τῆς
3040 825 3176 889 ἰδίας
3207 825 3382 898 ψυχῆς
3410 829 3496 883 τοῦ
3526 831 3638 885 Θεοῦ
3661 836 3732 905 τὴν

2220 918 2427 974 είκόνα.
2473 918 2531 972 '0
2569 917 2626 971 δὲ
2657 918 2948 987 όμοιωθεὶς
2984 918 3063 989 τῷ
3108 918 3229 990 Θεῷ
3258 921 3397 976 κατὰ
3434 924 3515 977 τὸν
3554 927 3733 997 ῥηθέντα

2219 1012 2421 1084 τρόπον
2441 1052 2456 1078 ,
2506 1010 2604 1067 καὶ⁹
2640 1011 2741 1081 τῆς
2788 1010 2939 1075 θείας
2973 1010 3119 1084 ζωῆς
3147 1015 3410 1085 ἐκτήσατο
3442 1017 3628 1083 πάντως
3658 1022 3734 1092 τὴν

2219 1102 2515 1174 ὁμοιότητα
2542 1144 2556 1167 ,
2614 1103 2696 1167 είς
2752 1102 2813 1155 τὸ
2855 1102 3104 1173 διηνεκὲς
3157 1105 3481 1175 παραμένων
3522 1112 3576 1181 τῇ
3619 1112 3734 1182 didii?

2225 1190 2611 1262 μακαριότητι.
2664 1191 2728 1244 Εί
2772 1185 2866 1244 οῦν
2917 1190 3006 1244 διὰ
3049 1192 3147 1263 τῆς
3186 1194 3445 1259 ἀπαθείας
3478 1197 3565 1268 τὴν
3599 1201 3739 1253 εἰκόνα

2223 1281 2317 1334 τοῦ
2341 1281 2477 1335 Θεοῦ
2510 1282 2674 1335 πάλιν
2701 1282 3159 1355 ἀναλαμϐάνομεν
3180 1325 3194 1346 ,
3234 1286 3268 1356 ἡ
3307 1286 3361 1338 δὲ
3394 1288 3516 1360 πρὸς
3539 1290 3616 1344 τὸν
3639 1291 3736 1345 Θεὸν

2224 1374 2479 1445 ὁμοιότης
2510 1375 2569 1427 τὺ
2594 1374 2840 1447 διηνεκὲς
2872 1376 2974 1446 τῆς
3007 1377 3151 1447 ζωῆς
3177 1379 3311 1448 ἡμῖν
3340 1381 3614 1450 χαρίζεται,
3638 1385 3740 1439 πάν-

2220 1480 2329 1516 των
2358 1463 2734 1536 ἀμελήσαντες
2757 1465 2866 1518 τῶν
2905 1466 3078 1519 ἄλλων
3101 1508 3114 1531 ,
3159 1467 3363 1538 ταύτης
3394 1470 3642 1541 γενώμεθα
3665 1475 3738 1543 τῆς

2225 1555 2496 1626 σπουδῆς,
2548 1556 2691 1609 ὥστε
2741 1557 2933 1628 μηδενὶ
2986 1556 3148 1610 πάθει
3200 1559 3460 1629 μηδέποτε
3499 1564 3739 1619 καταδυνα-

2224 1648 2515 1721 στευθῆναι
2544 1652 2578 1721 η
2587 1650 2706 1721 μῶν
2734 1649 2835 1721 τὴν
2865 1649 3043 1722 ψυχὴν
3063 1690 3077 1714 ,
3113 1651 3226 1705 ἀλλ’
3257 1653 3446 1726 ἀκλινῆ
3473 1657 3556 1709 καὶ
3579 1657 3740 1712 ἀκατάο

531 1729 629 1785 sed
672 1746 828 1787 mens
867 1741 1061 1788 nostra
1092 1734 1318 1788 immota
1365 1743 1420 1789 et
1474 1736 1864 1808 insuperabilis
1902 1754 2109 1809 perma-

2221 1738 2418 1811 6λητον
2484 1741 2545 1793 ἐν
2608 1745 2730 1806 ταῖς
2785 1743 2895 1797 τῶν
2954 1746 3278 1816 πειρασμῶν
3333 1751 3626 1820 προσϐολαῖς
3665 1753 3739 1825 τὴν

531 1826 660 1874 neat
688 1820 743 1873 in
771 1822 1136 1876 teutationum
1175 1825 1502 1888 assultibus,
1541 1835 1604 1879 ut
1642 1826 1843 1881 divina:
1876 1828 2109 1884 beatitu-

2222 1810 2457 1886 διάνοιαν
2503 1833 2662 1904 ἡμῶν
2707 1834 2985 1906 διαμένειν
3007 1875 3022 1901 ,
3054 1810 3174 1892 -ἴνά
3205 1810 3485 1912 γενώμεθα
3517 1810 3740 1914 τῆςνθείάς

539 1909 689 1965 (linis
737 1911 933 1968 ﬁamus
986 1913 1303 1985 participes.
1345 1915 1483 1970 Huic
1511 1924 1695 1972 autem
1731 1919 1916 1975 studio
1963 1920 2109 1993 adju-

2225 1923 2628 1995 μακαριότητος
2683 1926 2923 1999 μέτοχοι.
2982 1931 3094 2002 Τῆς
3150 1931 3207 1985 δὲ
3261 1909 3508 2004 τοιαύτης
3552 1909 3739 2008 σπουδῆς

530 2011 719 2059 mcnto
764 2012 849 2059 est
886 2005 1197 2078 virginitas,
1248 2007 1317 2063 iis
1351 2009 1449 2079 qui
1492 2012 1704 2067 ratione
1748 2013 1888 2068 duce
1921 2013 1979 2069 id
2023 2015 2122 2070 do-

530 2104 663 2145 num
701 2092 993 2149 coluerint.
1045 2094 1164 2151 Non
1196 2098 1341 2152 enim
1376 2099 1432 2152 in
1466 2101 1582 2156 sola
1608 2116 1638 2155 a
1665 2104 2023 2173 procreandis
2055 2106 2121 2160 li-

532 2183 679 2239 beris
721 2185 1055 2242 abstinentia
1106 2190 1469 2245 constituitur
1497 2194 1832 2266 virginitatis
1878 2197 2117 2265 donum;

531 2275 631 2330 sed
678 2275 791 2331 vita
848 2278 1030 2333 omnis
1060 2279 1297 2352 vitaeque
1328 2282 1469 2338 ratio
1505 2300 1569 2339 ac
1612 2302 1797 2342 mores
1837 2289 2117 2361 virginitao

529 2374 639 2421 tem
670 2369 922 2426 excolere
960 2371 1181 2437 debent,
1217 2374 1299 2430 sic
1350 2383 1412 2430 ut
1457 2377 1665 2435 caelibis
1715 2380 2008 2452 integritas
2062 2384 2117 2438 in

528 2460 679 2514 omni
730 2462 915 2518 studio
964 2475 1246 2535 appareat.
1286 2465 1434 2524 Fieri
1491 2470 1636 2526 enim
1678 2481 1879 2542 potest,
1912 2486 1974 2530 ut
2018 2476 2119 2531 ali-

529 2551 657 2620 quis
692 2567 945 2610 sermone
973 2557 1139 2612 etiam
1183 2566 1437 2631 stuprum
1474 2569 1529 2618 et
1580 2566 1755 2620 oculis
1783 2566 2114 2624 adulterium

530 2646 860 2715 committat,
892 2650 1194 2721 audituque
1226 2653 1527 2722 polluatur,
1558 2673 1623 2712 ac
1643 2659 2116 2729 inquinamentum

529 2736 762 2807 recipiat
801 2738 858 2793 in
903 2741 1092 2809 corde,
1134 2757 1340 2814 perque
1392 2745 1500 2800 cibi
1552 2762 1618 2802 ac
1661 2758 1821 2818 potus
1852 2750 2117 2823 intempe-

530 2826 765 2880 rantiam
815 2836 969 2884 extra
1032 2833 1375 2889 castimoniae
1435 2838 1704 2893 terminos
1774 2841 2157 2912 egrediatur.'

529 2917 665 2973 Nam
697 2921 788 2991 qui
832 2922 887 2976 in
930 2922 1016 2979 his
1055 2925 1311 2982 omnibus
1360 2926 1505 2983 intra
1549 2932 1883 3004 virginitatis
1913 2938 2114 2996 limites

531 3010 772 3081 seipsum
828 3029 925 3084 per
948 3017 1341 3073 continentiam
1393 3022 1661 3088 continet,
1697 3041 1889 3082 revera
1930 3038 2116 3088 osten-

531 3103 612 3158 dit
662 3106 718 3159 in
755 3110 1055 3179 semetipso
1111 3109 1421 3180 perfectura
1476 3126 1530 3169 et
1570 3117 1827 3176 omnibus
1865 3125 2111 3180 numeris

528 3196 843 3252 absolutum
883 3199 1213 3270 virginitatis
1256 3208 1485 3260 donum.

599 3289 655 3345 2.
718 3290 1083 3357 Quamobrem
1149 3294 1197 3349 si
1232 3294 1611 3357 desideremus
1654 3303 1851 3358 animae
1907 3315 2114 3364 nostra:

532 3377 911 3437 characterem
952 3399 1048 3450 per
1094 3385 1386 3441 atlectuum
1423 3390 1754 3448 vacuitatem
1789 3394 1857 3449 ad
1897 3395 1994 3451 Dei
2036 3398 2113 3453 si-

528 3473 893 3528 militudinem
940 3479 1197 3547 componi
1248 3490 1304 3535 et
1352 3485 1626 3548 exornari,
1685 3495 1745 3539 ut
1800 3487 1904 3543 hoc
1947 3498 2111 3560 pacto

527 3565 694 3618 etiam
747 3581 777 3618 a
805 3566 965 3621 nobis
1003 3570 1118 3622 vita
1168 3572 1502 3642 sempiterna
1534 3588 1903 3648 comparetur,
1935 3590 2110 3639 atten-

527 3655 722 3710 damus
779 3658 1215 3730 nobismetipsis,
1265 3678 1333 3718 ne
1363 3663 1506 3720 forte
1542 3668 1821 3740 quidpiam
1869 3674 2110 3743 promis-

527 3738 685 3803 sione
736 3747 1020 3819 indignum
1077 3762 1500 3823 perpetrantes,
1547 3738 1759 3828 prolato
1818 3763 2108 3821 adversum

529 3839 800 3895 Ananiam
832 3841 1043 3911 judicio
1079 3843 1379 3903 eﬁiciamur
1430 3850 1673 3907 obnoxii.
1716 3852 1852 3909 Nam
1882 3855 2110 3913 Ananiae

530 3928 904 3986 initiolicebat
938 3939 1346 4004 possessionem
1377 3955 1534 3995 suam
1574 3941 1686 3998 Deo
1717 3961 1828 4000 non
1852 3948 2105 4017 polliceri

528 4037 593 4076 ac
645 4037 885 4079 vovere:
934 4025 1032 4081 sed
1088 4035 1380 4098 postquam
1421 4031 1487 4085 ad
1529 4033 1826 4091 humanam
1876 4039 2105 4109 gloriam

524 4113 852 4183 respiciens,
884 4117 1292 4185 possessionem
1317 4136 1473 4176 suam
1503 4122 1613 4180 Deo
1636 4142 1731 4195 per
1765 4129 2108 4198 pollicitatio-

525 4219 652 4259 nem
686 4208 1051 4275 consecravit,
1080 4218 1142 4263 ut
1189 4211 1507 4270 hominibus
1558 4218 1628 4272 ob
1676 4219 2103 4277 muniﬁcentiam

525 4301 673 4349 esset
714 4295 1087 4364 admirationi,
1114 4310 1272 4370 parte
1304 4306 1468 4373 pretii
1518 4309 1785 4378 seposita,
1826 4312 2102 4381 ejusmodi

525 4386 817 4441 adversum
847 4404 908 4445 se
941 4389 1376 4462 indignationem
1398 4396 1614 4453 Domini
1646 4404 1964 4468 commovit,
2000 4420 2100 4459 cu-

2224 2014 2485 2088 συνεργός
2505 2018 2652 2071 ἐστιν
2683 2020 2717 2089 ἡ
2746 2018 3038 2091 παρθενία,
3063 2024 3177 2086 τοῖς
3202 2022 3348 2077 κατὰ
3373 2024 3519 2092 λόγον
3546 2025 3741 2096 μετιοῦσι

2221 2105 2377 2159 τοῦτο
2424 2105 2486 2160 τὸ
2533 2107 2800 2178 χάρισμα.
2845 2110 2921 2162 Οὐ
2970 2110 3079 2182 γάρ
3125 2113 3183 2165 ἐν
3236 2113 3384 2184 μόνῳ
3413 2114 3485 2184 τῷ
3511 2115 3741 2184 φείσασθαι

2220 2195 2319 2266 τῆς
2365 2198 2713 2262 παιδοποιίας
2752 2199 3112 2271 κατορθοῦται
3157 2202 3219 2255 τὸ
3261 2203 3499 2275 χάρισμα
3524 2205 3612 2275 τῆς
3636 2223 3741 2275 παρ-

2221 2287 2432 2355 θενίας,
2468 2287 2584 2342 ἀλλ’
2610 2290 2757 2354 ἄπας
2780 2291 2891 2363 (41)
2917 2294 2945 2344 ὁ
2979 2292 3094 2362 βίος
3128 2295 3223 2348 καὶ
3254 2297 3290 2365 ἠ
3323 2294 3433 2367 ζωὴ
3461 2297 3548 2349 καὶ
3572 2297 3622 2349 τὸ
3642 2291 3741 2367 ἦθος

2221 2382 2578 2454 παρθενεύειν
2607 2383 2846 2453 ὀφείλει,
2888 2385 2979 2439 διὰ
3012 2386 3212 2451 παντὸς
3248 2388 3647 2461 ἐπιτηδεύματος
3671 2387 3741 2441 τοῦ

2219 2473 2435 2545 ἀγάμου
2460 2473 2560 2546 τὴν
2582 2475 2852 2548 ἀφθορίαν
2876 2477 3345 2550 ἐπιδεικνύμενος.
3382 2484 3526 2535 Ἔστι
3558 2481 3648 2552 γὰρ
3671 2482 3741 2533 καὶ

2217 2565 2361 2636 λόγῳ
2399 2566 2735 2637 πορνεῦσαι,
2777 2569 2872 2621 καὶ
2920 2569 3186 2642 ὀφθαλμῷ
3236 2572 3550 2644 μοιχεῦσαι,
3581 2572 3658 2627 καὶ
3689 2572 3742 2625 δι’

2216 2655 2390 2726 ἀκοῆς
2432 2655 2784 2727 μολυνθῆναι,
2816 2658 2912 2711 καὶ
2942 2661 3009 2728 τῇ
3054 2659 3252 2732 καρδίᾳ
3285 2660 3493 2731 μίασμα
3514 2656 3738 2727 δέξασθαι,

2218 2749 2313 2803 καὶ
2338 2751 2403 2819 τῇ
2444 2750 2571 2821 περὶ
2595 2749 2694 2820 τὴν
2724 2748 2926 2820 βρῶσιν
2956 2752 3053 2805 καὶ
3076 2751 3236 2805 πόσιν
3279 2752 3510 2825 ἀμετρίᾳ
3542 2752 3743 2805 ἐκασεῖν

2215 2837 2324 2892 τῶν
2350 2838 2493 2911 ὅρων
2532 2842 2632 2913 τῆς
2659 2841 3036 2915 σωφροσύνης.
3087 2843 3146 2897 Ὃ
3186 2844 3301 2916 γάρ
3320 2846 3377 2897 ὲν
3405 2844 3593 2907 τούτοις
3614 2843 3741 2895 πᾶσιν

2217 2929 2322 2983 ὑπὸ
2373 2931 2465 2983 τὸν
2509 2931 2708 2985 κανόνα
2762 2932 2864 3003 τῆς
2918 2932 3218 3007 παρθενίας
3268 2936 3458 2989 ἑαυτὸν
3505 2931 3744 3004 ἐγκρατείᾳ

2216 3022 2504 3090 φυλάσσων
2525 3022 2742 3094 ἀληθῶς
2763 3025 3004 3079 δείκνυσι
3036 3025 3248 3080 τελείαν
3275 3030 3335 3082 ἐν
3356 3026 3523 3097 ἐαυτῷ
3545 3025 3622 3079 διά
3640 3025 3741 3078 πάν·

2213 3129 2324 3165 των
2348 3112 2765 3186 ἀπηρτισμένην
2795 3116 2893 3187 τῆς
2916 3116 3217 3189 παρθενίας
3244 3120 3349 3190 τὴν
3383 3120 3551 3190 χάριν.

2284 3317 2338 3373 ‘2.
2371 3316 2580 3371 Οὐκοῦν
2623 3317 2782 3390 εἴπερ
2816 3321 3193 3394 ἐπιθυμοῦμεν
3233 3325 3359 3378 καθ’
3388 3324 3653 3395 ὁμοιότητα
3668 3317 3741 3374 τοῦ

2215 3408 2349 3462 Θεοῦ
2373 3408 2466 3462 τὸν
2505 3412 2831 3482 χαρακτῆρα
2855 3412 2956 3482 τῆς
2992 3413 3171 3485 ψυχῆς
3211 3417 3243 3486 ἡ
3255 3417 3375 3487 μῶν
3406 3415 3492 3469 διὰ
3525 3416 3613 3485 τῆς
3633 3415 3742 3467 ἀπα-

2218 3500 2366 3565 θείας
2393 3501 2864 3574 καλλωπισθῆναι,
2898 3506 2985 3559 ἵνα
3010 3506 3101 3560 διὰ
3121 3508 3319 3562 τούτου
3354 3510 3446 3562 καί
3468 3511 3500 3581 ἡ
3525 3507 3613 3578 τῆς
3629 3505 3742 3574 ζωῆς

2213 3595 2344 3664 ἡμῖν
2398 3595 2638 3668 ἀῖδιότης
2687 3598 3100 3670 προσγένηται,
3152 3602 3511 3674 προσέχωμεν
3554 3600 3739 3658 ἑαυτοῖς,

2215 3690 2395 3756 μήπου
2430 3706 2481 3740 τι
2524 3688 2624 3757 τῆς
2651 3690 2982 3759 ἐπαγγελίας
3006 3691 3228 3759 ἀνάξιον
3257 3693 3562 3758 ποιοῦντες,
3589 3689 3676 3745 ὑπὸ
3696 3688 3742 3741 τὸ

2211 3778 2385 3847 κρῖμα
2425 3776 2517 3830 τοῦ
2566 3779 2810 3833 Ἀνανίου
2844 3779 3131 3853 γενώμεθα
3158 3783 3296 3855 (42).
3356 3783 3510 3855 Ἐξῆν
3553 3784 3646 3853 γάρ
3681 3780 3741 3849 τῷ

2224 3869 2443 3941 Ἀνανία
2474 3870 2571 3942 τὴν
2616 3872 2791 3943 ἀρχὴν
2836 3873 2911 3944 μὴ
2957 3874 3394 3945 ἐπαγγείλασθαι
3429 3876 3504 3948 τῷ
3537 3874 3642 3946 Θεῷ
3665 3872 3740 3944 τὴν

2208 3961 2433 4030 κτῆσιν·
2477 3962 2590 4016 ἀλλ’
2619 3964 2805 4036 ἐπειδὴ
2829 4004 2844 4030 ,
2878 3965 3013 4037 πρὸς
3053 3967 3152 4038 τὴν
3187 3968 3536 4042 ἀνθρωπίνην
3574 3965 3741 4023 ἀπιδὼν

2207 4050 2394 4119 δόξαν,
2441 4052 2502 4106 τὸ
2549 4055 2647 4125 μὲν
2688 4057 2875 4126 κτῆμα
2920 4057 3007 4111 διὰ
3050 4059 3150 4130 τῆς
3196 4061 3529 4130 ἐπαγγελίας
3557 4058 3624 4131 τῷ
3649 4054 3741 4125 θεῷ

2209 4144 2513 4217 ἀφιέρωσεν
2536 4186 2551 4211 ,
2579 4147 2655 4211 ὡς
2680 4149 2746 4202 ἂν
2780 4148 3125 4224 θαυμασθείη
3156 4153 3316 4223 παρά
3346 4154 3454 4207 τῶν
3486 4148 3741 4221 ἀνθρώπων

2208 4237 2303 4290 ἐπὶ
2348 4239 2416 4309 τῇ
2472 4238 2781 4313 φιλοτιμίᾳ,
2836 4242 2931 4295 τοῦ
2975 4245 3291 4315 τιμήματος
3345 4245 3402 4299 δὲ
3452 4243 3739 4311 ἐνοσφίσατο,

2205 4329 2461 4401 τοιαύτην
2492 4331 2711 4401 ἐκίνησε
2753 4332 2875 4387 καθ’
2911 4334 3106 4388 ἐαυτοῦ
3138 4335 3233 4389 τοῦ
3275 4338 3484 4407 Κυρίου
3517 4335 3606 4406 τὴν
3632 4334 3741 4402 ἀγα-

2204 4420 2500 4491 νάκτησιν,
2530 4417 2599 4493 ἧς
2628 4423 2909 4495 ὑπηρέτης
2944 4428 2973 4479 ὁ
3008 4427 3215 4499 Πέτρος
3252 4424 3324 4500 ἦν
3349 4471 3364 4495 ,
3398 4429 3473 4491 ὡς
3515 4425 3635 4498 μηδὲ
3669 4439 3740 4493 με·

518 4476 613 4546 jus
641 4476 836 4535 Petrus
871 4481 1124 4538 minister
1160 4483 1285 4552 fuit,
1318 4494 1380 4542 ut
1412 4502 1481 4543 ne
1520 4492 1854 4559 poenitentiae
1882 4495 2100 4565 quidem

2212 4476 2422 4579 τανοίάς
2444 4476 2911 4591 προθεσμίάν
2934 4476 2994 4573 εὑ
3004 4477 3134 4592 ρεῖνί
3154 4476 3370 4576 Ούκδῦν
3398 4476 3499 4594 πρὸ
3613 4476 3743 4584 ὲπῖιγ·

522 4569 761 4639 spatium
804 4572 1075 4629 inveniret
1115 4573 1258 4645 (Ασι.
1289 4594 1344 4643 v,
1379 4579 1405 4631 1
1431 4609 1458 4622 -
1478 4581 1552 4652 5).
1588 4580 1939 4655 Quapropter
1970 4595 2098 4644 ante

520 4661 647 4716 vitae
680 4662 950 4734 religiosa
982 4664 1385 4735 professionem
1428 4672 1664 4741 quilibet
1712 4683 1895 4745 potest
1937 4676 2094 4748 juxta

521 4752 575 4808 id
614 4752 762 4823 quod
800 4769 1127 4813 concessum
1176 4774 1239 4813 ac
1283 4761 1585 4831 legitimum
1637 4774 1744 4830 est,
1775 4767 1901 4821 vitae
1946 4783 2100 4824 com-

520 4847 682 4902 moda
715 4849 988 4919 amplecti,
1017 4866 1081 4905 ac
1113 4853 1427 4922 nuptiarum
1470 4857 1722 4912 societati
1762 4873 1822 4914 se
1854 4860 2053 4918 dedere
2080 4882 2096 4919 :

521 4937 616 4993 sed
648 4939 739 4994 ubi
779 4940 895 5010 jam
930 4940 1215 5012 professus
1243 4950 1349 5011 est,
1393 4946 1635 5017 seipsum
1670 4948 1783 5006 Deo
1814 4954 2092 5010 custodire

519 5032 700 5097 debet,
732 5033 899 5088 veluti
935 5049 1153 5090 sacrum
1187 5037 1465 5106 quoddam
1495 5040 1721 5108 donum,
1752 5060 1821 5100 ne
1864 5047 2092 5103 sacrile-

520 5122 591 5191 gii
624 5123 1027 5180 damnationem
1067 5124 1286 5194 subeat,
1339 5130 1387 5184 si
1406 5145 1614 5203 corpus
1658 5151 1756 5207 per
1784 5136 2088 5207 professio-

517 5228 641 5269 nem
674 5214 785 5271 Deo
810 5216 1052 5273 dicatum
1077 5237 1272 5279 rursus
1312 5229 1622 5284 communis
1672 5230 1800 5285 vitae
1832 5233 2092 5290 ministe-

591 5392 700 5536 (41;
734 5394 865 5467 Reg.
900 5401 1097 5458 tertius
1120 5403 1258 5458 ἀλλά
1285 5408 1414 5471 πᾶς.

591 5464 677 5533 (ﬂ
738 5466 918 5523 Editio
950 5468 1128 5527 Paris.
1159 5478 1331 5536 κρῖμα
1375 5495 1414 5530 τι

732 5464 929 5553 AEd‘itio.
950 5468 1128 5553 Paris.
1159 5464 1476 5553 3:95:14”on
1504 5480 1747 5533 ἐναντίου
1781 5481 2088 5553 γενώμεθα,

514 5537 769 5626 pessime.
790 5539 968 5626 @ditio
993 5541 1128 5626 Ven.
1145 5537 1208 5601 et'
1224 5537 1377 5617 Regii
1397 5549 1606 5619 primus
1624 5560 1677 5607 et
1700 5537 1892 5609 tertius
1916 5537 2089 5626 κρῖμα

513 5606 607 5683 τοῦ
619 5606 908 5683 _’_Av_a_wtou,
948 5613 1175 5683 optime.

724 5673 967 5763 Utraque
986 5673 1158 5763 editio
1192 5687 1482 5763 μετανοίας
1517 5690 1709 5763 θύραν,
1733 5702 1792 5746 ut
1821 5710 1884 5748 ne
1908 5695 2085 5762 paeni-

512 5744 693 5840 fentiw
716 5744 925 5819 quidem
954 5754 1146 5809 ostium
1164 5744 1431 5828 reperiret,
1451 5744 1675 5818 durius.
1695 5744 2083 5836 Regii'priwrii'us

2199 4605 2388 4675 γελίας
2416 4608 2510 4661 τοῦ
2548 4608 2749 4680 σεμνοῦ
2791 4610 2907 4682 βίου
2938 4610 3115 4676 ἔξεστι
3153 4612 3232 4685 τῷ
3270 4614 3603 4685 βουλομένῳ,
3628 4608 3739 4663 κατᾶ

2200 4696 2262 4749 τὸ
2317 4701 2806 4771 συγκεχωρημένον
2858 4702 2953 4757 καὶ
3000 4703 3219 4776 ἔννομον
3255 4746 3272 4771 ,
3331 4707 3413 4770 είς
3466 4698 3740 4759 ἀκολουθίαν

2202 4786 2318 4856 βίου
2352 4788 2526 4844 ἐλθεῖν
2543 4791 2677 4862 (44),
2695 4793 2790 4846 καὶ
2819 4793 3010 4849 ἑαυτὸν
3030 4794 3310 4850 ἐπιδοῦναι
3336 4800 3403 4868 τῇ
3433 4795 3643 4864 συζυγίᾳ
3664 4787 3737 4842 τῠῦ

2199 4876 2410 4950 γάμου·
2446 4880 2824 4953 προληφθέντα
2867 4884 2924 4938 δὲ
2972 4884 3059 4939 διὰ
3096 4886 3197 4957 τῆς
3227 4888 3441 4951 οἰκείας
3471 4882 3737 4958 ὁμολογίσςι

2200 4971 2495 5039 φυλάσσειν
2546 4975 2813 5045 προσήκει
2862 4977 3053 5030 ἑαυτὸν
3102 4978 3181 5050 τῷ
3222 4979 3381 5051 θεῷ,
3437 4977 3665 5045 καθάπερ
3697 4987 3737 5022 τι

2197 5061 2305 5116 τῶν
2347 5063 2507 5134 ἱερῶν
2538 5065 2905 5137 ἀναθημάτων
2929 5107 2943 5132 ,
2976 5068 3052 5131 ὡς
3084 5068 3149 5122 ἂν
3192 5069 3267 5142 μὴ
3307 5070 3390 5142 τῷ
3434 5072 3529 5140 τῆς
3567 5069 3739 5138 ἱεροθυ-

2197 5154 2316 5219 λίας
2370 5157 2606 5227 ἐνέχοιτο
2657 5157 2929 5229 κρίματι,
2991 5161 3052 5213 τὸ
3102 5162 3485 5234 άφιερωμένον
3535 5159 3615 5213 διὰ
3659 5156 3739 5224 τῆς

2196 5247 2529 5315 ἐπαγγελίας
2560 5249 2638 5318 τῷ
2674 5249 2792 5320 Θεῷ
2833 5249 2991 5319 σῶμα
3015 5251 3174 5306 πάλιν
3212 5256 3279 5324 τῇ
3316 5253 3413 5308 τοῦ
3447 5249 3616 5308 κοινοῦ
3645 5246 3735 5319 βίου

2194 5435 2247 5481 et
2271 5423 2467 5509 tertius
2503 5426 2791 5509 μετανοίας
2826 5428 3186 5509 προθεσμίαν,
3211 5429 3402 5509 mitius
3425 5425 3680 5509 etveriuf:

2264 5494 2375 5577 (ἐξ)
2425 5494 3000 5577 ῌοιυιηγνοιδιιονίιιη,
3030 5494 3136 5577 fu;
3197 5500 3566 5577 ἀκοςὶουθίαν
3610 5494 3735 5577 βίρτξ

2193 5565 2411 5633 ἐλθεῖν,
2434 5565 2662 5649 haeclest
2684 5568 2957 5649 sententia
2983 5585 2997 5622 :
3022 5565 3144 5649 licet
3162 5586 3241 5623 res
3269 5571 3394 5624 vim
3419 5568 3735 5649 conveniente!

2191 5647 2241 5709 et
2269 5635 2636 5709 accommodas
2665 5636 2902 5708 seligere,
2925 5638 3030 5697 hoc
3050 5648 3155 5709 est,
3180 5639 3473 5697 commoda
3504 5638 3737 5704 vittam-

2191 5707 2353 5778 plecti
2384 5706 2532 5764 licet.
