3962 6238
233 284 337 346 8Ἶ3

1524 289 1754 346 δῐῖῐῖΜΟ
1793 289 2174 347 ASCETICUS

3361 290 3466 347 874

235 404 507 475 ὑπηρεσίᾳ
537 402 992 474 καταῤῥυπώσας.
1035 403 1194 471 Λέγω
1232 403 1286 455 δὲ
1321 402 1476 455 τοῦτο
1501 443 1514 462 ,
1549 403 1609 455 οὐ
1644 403 1799 473 μόνον

1935 403 1986 456 io
2019 402 2374 456 contaminet.
2409 400 2581 471 Atque
2610 402 2710 456 hoc
2732 403 2874 466 dico,
2903 418 3010 457 non
3042 417 3210 457 unum
3235 409 3467 457 tantum-

235 494 371 564 πρὸς
411 494 471 546 τὺ
511 493 568 545 ἓν
598 489 736 556 εἶδος
773 495 866 545 τοῦ
899 493 1100 555 πάθους
1135 494 1377 562 βλέπων,
1425 492 1604 557 καθώς
1656 511 1801 556 τινες

235 587 466 647 οἴονται,
512 586 570 638 ὲν
620 586 756 655 μόνῃ
805 589 870 656 τῇ
921 586 1012 638 τοῦ
1061 586 1307 654 σώματος
1347 586 1554 656 φυλακῇ
1583 587 1643 638 τὸ
1675 605 1802 640 κατ-

237 677 463 747 όρθωμα
504 677 605 746 τῆς
642 677 937 748 παρθενίας
981 677 1390 746 περισώζοντες,
1420 679 1552 732 ἀλλά
1580 679 1639 731 τὸ
1665 680 1804 732 κατά

239 769 418 820 πάντα
451 767 647 838 τρόπον
695 767 999 838 παθητικῆς
1040 768 1360 831 διαθέσεως,
1405 769 1495 821 τὸν
1546 770 1803 839 μέλλοντα

239 859 533 930 φυλάσσειν
581 861 769 913 ἑαυτὸν
817 860 893 930 τῷ
947 860 1064 929 Θεῷ
1119 861 1304 931 μηδενὶ
1362 861 1470 914 τῶν
1529 864 1804 932 κοσμικῶν

237 950 579 1021 παθημάτων
625 951 1045 1020 ὲμμολυνθῆναι.
1101 952 1265 1022 Ὀργὴ
1307 955 1397 1005 καὶ
1435 953 1656 1021 φθόνος,
1713 955 1806 1008 καὶ

241 1038 615 1108 μνησικακία,
652 1037 848 1107 ψεῦδος
893 1040 985 1092 καὶ
1020 1042 1366 1112 ὑπερηφανία
1388 1083 1402 1105 ,
1437 1045 1806 1114 μετεωρισμὸς

239 1128 339 1180 καὶ
370 1128 720 1200 ἀκαιρολογία
746 1170 760 1192 ,
802 1132 1116 1201 προσευχῶν
1152 1132 1347 1202 ἀργία,
1376 1133 1468 1185 καὶ
1508 1135 1540 1204 ἡ
1578 1136 1703 1203 περὶ
1740 1135 1809 1188 τὰ

244 1219 322 1288 μὴ
355 1218 485 1271 ὄντα
519 1217 783 1290 ἐπιθυμία
810 1262 824 1284 ,
859 1221 1083 1274 ἐντολῶν
1121 1223 1381 1293 ἀμέλεια,
1417 1226 1510 1276 καὶ
1539 1225 1810 1278 καλλωπι-

242 1311 384 1380 σμὸς
416 1311 646 1381 ἱματίων
667 1351 682 1373 ,
711 1313 1014 1382 προσώπων
1047 1314 1353 1385 ὡραϊσμὸς,
1394 1317 1487 1368 καὶ
1535 1317 1810 1386 συντυχίαι

240 1401 339 1453 καὶ
369 1403 596 1470 ὁμιλίαι,
631 1401 828 1465 ἔξωθεν
853 1404 945 1456 τοῦ
978 1406 1275 1476 πρέποντος
1302 1425 1360 1458 τε
1389 1409 1482 1460 καὶ
1512 1409 1808 1476 ἀναγκαίου

240 1491 532 1561 γινόμεναι
557 1509 570 1521 ·
619 1494 790 1547 ταῦτα
819 1495 994 1547 πάντα
1028 1497 1296 1566 τοσαύτης
1328 1497 1452 1562 ἄξια
1492 1499 1814 1568 παραφυλα-

240 1584 349 1655 κῆς
373 1586 490 1637 ἐστι
515 1585 592 1655 τῷ
621 1585 708 1638 διὰ
738 1585 837 1655 τῆς
875 1587 1167 1658 παρθενίας
1195 1589 1561 1660 ἀφιερώσαντι
1595 1591 1672 1661 τῷ
1696 1591 1813 1662 Θεῷ

242 1680 464 1744 ἑαυτὸν,
486 1681 562 1744 ὡς
581 1681 671 1733 τὸν
700 1682 812 1734 ἴσον
834 1682 944 1753 (45)
964 1722 978 1745 ,
1008 1683 1203 1753 μικροῦ
1225 1684 1355 1747 δεῖν,
1385 1684 1625 1738 κίνδυνον
1651 1681 1810 1751 εἶναι,

1907 497 2068 548 modo
2099 494 2215 548 vitii
2251 509 2422 564 genus
2447 503 2722 563 spectans,
2747 494 3202 564 quemadmodum
3238 495 3466 563 opinan-

1908 590 1999 635 tur
2029 582 2272 652 quidam,
2313 583 2405 652 qui
2435 583 2491 636 in
2519 583 2634 637 sola
2667 584 2915 652 corporis
2948 584 3198 638 custodia
3245 584 3470 654 virgini-

1909 673 2038 728 tatis
2070 673 2327 726 virtutem
2358 667 2731 740 constituunt;
2771 675 2865 729 sed
2899 675 3134 743 respicio
3163 675 3229 728 ad
3252 689 3467 729 omnem

1910 765 2119 819 vitiosze
2165 765 2467 818 alIectionis
2508 767 2765 835 speciem,
2801 768 2880 820 sic
2927 773 2986 819 ut
3015 766 3165 820 nullo
3195 765 3470 819 mundano

1912 859 2043 910 vitio
2075 859 2388 928 inquinetur
2423 859 2514 928 qui
2543 859 2778 928 seipsmn
2815 858 2925 913 Deo
2963 857 3240 914 custodire
3266 857 3470 914 studet.

1911 947 2016 1011 Ira,
2054 950 2276 1014 invidia,
2325 952 2646 1016 iniuriarum
2681 951 2950 1004 illatarum
3003 951 3285 1012 memoria,
3323 965 3473 1004 men-

1913 1039 2152 1106 dacium,
2213 1042 2485 1112 superbia,
2543 1043 2740 1096 mentis
2783 1043 3049 1112 evagatio,
3098 1042 3475 1111 intempestiva

1913 1131 2224 1201 garrulitas,
2261 1134 2518 1203 segnities
2555 1131 2609 1186 in
2650 1133 2880 1196 orando,
2932 1148 3121 1187 eorum
3185 1148 3306 1203 quae
3367 1149 3473 1187 non

1915 1232 2044 1276 sunt
2073 1225 2365 1293 cupiditas,
2410 1225 2464 1278 in
2496 1226 2767 1278 mandatis
2801 1225 3144 1294 perﬁciendis
3193 1227 3476 1297 negligen-

1914 1315 2010 1378 tia,
2045 1315 2496 1370 vestimentorum
2538 1326 2938 1383 ornamentum,
2977 1318 3140 1388 320
3174 1318 3331 1372 faciei
3357 1318 3477 1373 cul-

1917 1413 2029 1470 tus,
2068 1407 2507 1478 congressiones,
2563 1409 2834 1478 colloquia
2890 1419 3083 1479 praeter
3128 1411 3386 1465 decorum
3423 1419 3478 1464 et

1917 1497 2036 1551 sine
2079 1499 2401 1553 necessitate
2446 1497 2666 1565 habita;
2693 1499 2807 1553 haec
2853 1501 3034 1553 omnia
3062 1517 3222 1571 quam
3248 1501 3480 1570 diligen-

1916 1589 2129 1644 tissime
2161 1597 2288 1646 sunt
2338 1592 2577 1646 cavenda
2632 1593 2699 1646 ab
2730 1608 2794 1647 eo
2847 1593 2939 1661 qui
2991 1607 3085 1662 per
3117 1592 3480 1663 virginitatem

1923 1679 2033 1735 Deo
2083 1682 2321 1750 seipsum
2349 1684 2695 1738 consecravit
2737 1699 2752 1734 :
2787 1684 3054 1752 siquidem
3090 1683 3480 1753 propemodum

243 1770 327 1823 ἑνί
354 1788 414 1823 τε
455 1773 658 1825 τούτων
699 1773 1112 1844 συνενεχθῆναι,
1147 1775 1239 1826 καὶ
1275 1775 1332 1825 έν
1372 1777 1437 1846 τῇ
1473 1777 1818 1849 ἀπειρημένῃ

1934 1770 2127 1838 equale
2159 1778 2241 1825 est
2264 1772 2565 1841 periculum
2608 1773 2660 1826 in
2696 1789 2859 1826 unum
2904 1775 3122 1843 aliquod
3151 1774 3342 1828 borum
3386 1776 3483 1829 des

245 1863 494 1933 ἁμαρτία
531 1864 806 1931 γενέσθαι.
850 1865 1030 1918 Πάντα
1056 1864 1162 1935 γὰρ
1199 1865 1265 1918 τὰ
1305 1865 1392 1918 διὰ
1433 1865 1638 1929 πάθους
1675 1867 1818 1934 γινό-

249 1973 389 2024 μενα
415 1954 736 2025 λυμαίνεταί
764 1974 880 2018 πως
907 1959 972 2026 τῇ
1003 1959 1099 2026 τῆς
1127 1956 1306 2026 ψυχῆς
1341 1957 1694 2028 καθαρότητι,
1727 1961 1821 2013 καὶ

246 2047 384 2118 πρὸς
415 2047 516 2118 τὴν
556 2047 703 2101 θείαν
736 2047 1013 2119 ἐμποδίζει
1055 2047 1220 2120 ζωήν.
1255 2050 1397 2120 Πρὸς
1429 2051 1602 2104 ταῦτα
1641 2052 1820 2106 τοίνυν

246 2139 354 2210 χρὴ
388 2138 609 2207 βλέπειν
655 2140 746 2192 τὸν
788 2141 1198 2211 ἀποταξάμενον
1239 2140 1316 2211 τῷ
1360 2141 1490 2211 βίῳ,
1531 2144 1605 2205 ὡς
1634 2145 1821 2213 μηδενὶ

245 2231 438 2299 τρόπῳ
465 2230 524 2282 τὸ
545 2230 640 2283 τοῦ
667 2229 800 2283 Θεοῦ
841 2231 1032 2294 σκεῦος
1063 2232 1250 2285 ἑαυτὸν
1278 2236 1342 2304 τῇ
1372 2234 1607 2303 ὲμπαθεῖ
1632 2238 1822 2305 χρήσει

248 2321 668 2391 καταμολύνειν.
697 2324 1018 2392 Λογίζεσθαι
1039 2325 1094 2377 δὲ
1119 2327 1294 2378 ἐκεῖνο
1317 2326 1547 2396 μάλιστα
1565 2327 1670 2396 (46)
1695 2327 1820 2398 χρὴ,

247 2413 352 2478 δτι,
380 2412 580 2474 διαϐὰς
608 2413 677 2466 τά
703 2414 876 2484 μέτρα
907 2415 1006 2485 τῆς
1039 2414 1384 2486 ἀνθρωπίνης
1417 2415 1649 2483 φύσεως,
1690 2419 1824 2487 πρὸς

247 2503 347 2570 τὴν
387 2502 688 2572 ἀσώματον
733 2505 1007 2558 πολιτείαν
1047 2506 1234 2558 ἑαυτὸν
1285 2505 1612 2576 μετέστησεν
1659 2509 1687 2559 ὁ
1737 2508 1825 2560 τὸν

248 2596 356 2649 τῶν
401 2596 656 2664 ἀγγέλων
698 2597 811 2668 βίον
848 2599 1118 2669 ἐλόμενος.
1171 2599 1328 2651 Ἴδιον
1377 2599 1484 2670 γάρ
1527 2600 1685 2652 τοῦτο
1727 2600 1827 2670 τῆς

249 2689 553 2759 ἀγγελικῆς
601 2691 716 2742 ἐστι
763 2690 1002 2759 φύσεως,
1055 2691 1113 2743 τὸ
1146 2690 1487 2760 ἀπηλλάχθαι
1529 2692 1627 2762 τῆς
1670 2708 1830 2762 γαμι-

249 2780 351 2850 κῆς
383 2781 649 2848 συζυγίας
673 2823 686 2845 ,
726 2781 858 2852 μηδὲ
894 2783 1028 2853 πρὸς
1079 2783 1205 2836 ἄλλο
1235 2801 1286 2835 τι
1321 2784 1514 2846 κάλλος
1567 2783 1828 2854 μετεωρί-

251 2870 442 2935 ζεσθαι
466 2911 482 2934 ,
515 2873 630 2925 ἀλλ’
665 2875 743 2937 είς
781 2874 839 2926 τὺ
872 2874 1011 2928 θεῖον
1041 2875 1329 2945 πρόσωπον
1362 2876 1624 2947 διηνεκῶς
1655 2876 1830 2930 ἀτενί-

252 2961 387 3024 ζειν.
449 2963 508 3016 '0
553 2966 734 3016 τοίνυν
776 2966 912 3036 πρὸς
962 2967 1059 3036 τὴν
1107 2967 1402 3037 ἀγγελικὴν
1451 2968 1607 3032 ἀξίαν
1663 2985 1829 3038 μετα-

249 3053 581 3122 ταξάμενος,
609 3055 656 3105 εί
680 3056 790 3116 τοῖς
814 3053 1172 3124 ἀνθρωπίνοις
1200 3056 1554 3124 ἐμμολύνοιτο
1579 3056 1827 3119 πάθεσιν,

251 3145 438 3216 ὅμοιός
468 3147 586 3198 ἐστι
610 3147 741 3216 δορᾷ
771 3147 1102 3217 παρδάλεως,
1122 3143 1189 3218 ἧς
1209 3147 1331 3200 οῦτε
1353 3147 1522 3220 λευκὴ
1550 3149 1828 3213 παντελῶς

251 3241 288 3309 ὴ
335 3238 462 3309 θρὶξ
509 3240 634 3292 οὔτε
685 3240 910 3310 μέλαινα
956 3239 1128 3292 διόλου
1162 3281 1176 3306 ,
1233 3241 1367 3294 ἀλλά
1415 3245 1480 3312 τῇ
1534 3241 1678 3310 μίξει
1724 3243 1831 3296 τῶν

253 3331 722 3403 ἑτεροχροούντων
761 3331 1104 3403 διεστιγμένη
1127 3373 1141 3395 ,
1173 3331 1296 3385 οὗτε
1343 3334 1399 3384 ὲν
1433 3335 1544 3396 τοῖς
1585 3334 1830 3404 μέλασιν,

253 3425 381 3480 οὔτε
435 3430 495 3479 ὲν
545 3428 660 3487 τοῖς
709 3424 918 3488 λευκοῖς
971 3425 1300 3496 ἀριθμεῖται.
1359 3425 1541 3477 Ταῦτα
1594 3427 1692 3495 μὲν
1741 3422 1833 3479 οὖν

255 3516 544 3586 κοινοτέρα
589 3532 673 3578 τις
719 3515 858 3569 ἔστω
907 3516 1248 3585 παραγγελία
1302 3516 1411 3570 τῶν
1459 3517 1550 3571 τὸν
1592 3519 1832 3590 ἐγκρατῆ

256 3608 357 3661 καὶ
387 3608 551 3676 ἁγνὸν
588 3606 705 3676 βίον
732 3607 1129 3678 προελομένων.

331 3872 386 3925 3.
426 3870 646 3942 Ἐπειδὴ
671 3871 729 3924 δὲ
753 3871 857 3942 χρὴ
885 3873 978 3925 κα)⁸
1006 3874 1133 3946 περὶ
1159 3873 1268 3926 τῶν
1289 3871 1410 3926 καθ’
1437 3871 1662 3925 ἕκαστον
1686 3873 1838 3945 ἀκρι-

261 3963 374 4024 σῶς
406 3962 712 4027 διελέσθαι,
747 3966 1041 4031 ἀναγκαῖον
1085 3965 1150 4018 ἂν
1183 3966 1267 4034 εῐη
1298 3964 1362 4016 δι’
1401 3963 1596 4032 ὀλίγων
1621 3965 1838 4017 καταλι-

261 4057 388 4107 πεῖν
436 4056 534 4107 καὶ
576 4057 706 4126 περὶ
744 4056 948 4110 τούτων
993 4057 1312 4126 ὑπόμνημα.
1365 4057 1427 4108 Οί
1479 4054 1838 4126 χωρισθέντες

259 4148 358 4201 τοῦ
389 4147 572 4201 κοινοῦ
606 4147 722 4217 βίου
741 4187 756 4213 ,
795 4150 889 4202 καὶ¹
931 4149 1066 4220 πρὸς
1096 4149 1195 4218 τὴν
1231 4148 1509 4219 θειοτέραν
1535 4146 1678 4219 ζωὴν
1709 4148 1836 4201 ὲαυ-

261 4244 392 4304 τοὺς
414 4243 714 4304 ἀσκοῦντες
736 4283 749 4308 ,
789 4241 862 4312 μὴ
897 4241 982 4309 ἐφ’
1007 4240 1212 4293 ἑαυτῶν
1230 4240 1338 4310 (47)
1366 4281 1380 4304 ,
1421 4241 1553 4311 μηδὲ
1599 4241 1840 4310 καταμό-

262 4353 361 4399 νας
400 4334 795 4388 ἀσκείσθωσαν.
839 4334 1216 4406 Ἐμμάρτυρον
1241 4333 1349 4404 γὰρ
1387 4329 1524 4386 εἶναι
1572 4335 1837 4403 προσήκει

1921 1862 2050 1924 labi,
2075 1873 2128 1916 et
2151 1864 2206 1917 in
2235 1865 2404 1919 vetito
2438 1873 2666 1935 peccato
2692 1867 2914 1921 versari.
2949 1865 3146 1921 Omnia
3175 1868 3320 1921 enim
3353 1883 3474 1938 quae

1921 1971 1986 2010 ex
2021 1958 2217 2012 vitioso
2245 1960 2411 2014 animi
2445 1960 2639 2014 affectu
2670 1963 3200 2031 Iiunt,corrumpunt
3231 1963 3488 2033 quodam-

1923 2049 2086 2103 modo
2115 2051 2306 2105 anima:
2340 2054 2654 2121 puritatem,
2707 2064 2942 2124 suntque
2982 2055 3107 2108 vitm
3146 2055 3346 2109 divinae
3383 2057 3487 2109 im-

1922 2143 2250 2211 pedimento.
2299 2145 2380 2199 Ad
2415 2145 2528 2200 haec
2584 2146 2750 2216 igitur
2805 2149 3061 2216 respiciat
3109 2155 3358 2216 Oportet,
3395 2148 3489 2218 qui

1925 2238 2121 2292 sazculo
2163 2241 2413 2293 nuntium
2452 2241 2682 2304 remisit,
2717 2248 2774 2293 ut
2827 2240 2922 2294 Dei
2953 2255 3067 2301 vas,
3101 2241 3339 2309 seipsum
3387 2243 3493 2294 sci-

1924 2332 2072 2396 licet,
2108 2333 2256 2386 nullo
2309 2348 2534 2402 prorsus
2585 2333 2782 2387 vitioso
2813 2349 2916 2387 usu
2972 2333 3308 2402 coinquinet.
3354 2331 3492 2386 Illud

1925 2429 2105 2476 autem
2137 2424 2368 2477 maxime
2397 2433 2476 2478 est
2502 2424 2981 2489 considerandum,
3029 2423 3173 2494 quod
3200 2423 3294 2494 qui
3325 2425 3490 2478 vitam

1927 2514 2243 2583 angelorum
2290 2515 2474 2585 elegit,
2507 2515 2850 2568 transtulerit
2902 2529 2961 2568 se
2992 2514 3058 2567 ad
3108 2515 3489 2584 incorpoream

1926 2606 2051 2662 vitae
2108 2608 2398 2671 rationem,
2466 2624 2590 2662 cum
2652 2616 2861 2662 naturae
2927 2608 3178 2662 humanm
3225 2608 3494 2663 terminos

1930 2707 2309 2769 transgressus
2345 2701 2436 2754 sit.
2495 2699 2608 2754 Hoc
2637 2700 2781 2754 enim
2814 2700 3093 2770 proprium
3124 2709 3207 2754 est
3241 2701 3495 2771 angelica!

1932 2800 2159 2854 naturaa,
2201 2807 2232 2844 a
2284 2792 2510 2860 nuptiali
2565 2792 2830 2846 societate
2858 2791 3081 2844 liberam
3115 2805 3260 2852 esse,
3320 2806 3496 2859 neque

1931 2881 2000 2935 ad
2028 2882 2191 2934 ullam
2211 2881 2372 2934 aliam
2397 2879 2868 2949 contemplandam
2903 2879 3362 2949 pulchritudinem
3391 2880 3499 2934 dis-

1933 2971 2099 3035 trahi,
2134 2971 2228 3026 sed
2273 2972 2461 3025 oculos
2501 2972 2553 3024 in
2591 2970 2827 3023 divinam
2853 2969 3042 3024 faciem
3075 2969 3293 3025 assidue
3323 2971 3500 3024 inten-

1933 3075 2018 3118 tos
2051 3063 2266 3118 habere.
2300 3061 2662 3129 Quamobrem
2694 3061 2783 3130 qui
2813 3060 2921 3130 jam
2953 3061 3008 3115 in
3047 3061 3299 3132 angelicae
3329 3061 3501 3131 digni-

1936 3152 2064 3206 tatis
2095 3152 2340 3206 ordinem
2381 3152 2660 3217 transivit,
2698 3153 2746 3206 si
2776 3152 3042 3206 humanis
3069 3153 3212 3207 vitiis
3243 3153 3500 3222 inquine-

1933 3238 2056 3305 tur,
2077 3245 2271 3299 similis
2302 3253 2386 3298 est
2429 3245 2712 3314 pantherae
2760 3244 2910 3313 pelli,
2971 3243 3130 3312 cujus
3173 3253 3301 3298 setae
3325 3259 3502 3314 neque

1935 3348 2160 3404 prorsus
2194 3333 2326 3387 albae
2359 3342 2507 3398 sunt,
2562 3349 2738 3404 neque
2769 3334 2938 3404 nigra:
2969 3332 3212 3397 omnino,
3254 3334 3348 3388 sed
3375 3349 3501 3388 cum

1937 3426 2047 3480 sint
2075 3425 2414 3480 diversorum
2456 3425 2700 3479 colorum
2739 3426 2965 3478 mistura
3008 3422 3282 3477 distinctae
3332 3433 3384 3476 et
3418 3425 3502 3478 in-

1937 3523 2257 3585 terpunctze,
2305 3531 2482 3584 neque
2514 3516 2569 3568 in
2617 3515 2790 3584 nigris
2824 3520 3205 3576 numerantur,
3237 3529 3416 3583 neque
3446 3515 3501 3568 in

1937 3609 2095 3662 albis.
2132 3605 2257 3660 Ηιιεο
2297 3607 2462 3672 igitur
2489 3606 2831 3659 communior
2861 3603 3108 3672 quaedam
3144 3604 3215 3658 sit
3242 3604 3495 3659 admoni-

1936 3702 2014 3756 tio
2077 3700 2491 3766 exhortatioque
2534 3697 2599 3750 iis
2634 3696 2724 3766 qui
2781 3693 3151 3748 continentem
3197 3708 3262 3748 ac
3293 3705 3502 3750 castam

1936 3793 2104 3846 vitam
2151 3790 2418 3858 delegere.

2009 3885 2060 3937 5.
2107 3880 2213 3936 Sed
2260 3895 2384 3934 cum
2423 3878 2490 3934 de
2519 3877 2748 3948 singulis
2791 3891 3006 3946 quoque
3032 3875 3301 3931 disserere
3328 3891 3507 3948 Opera

1939 3974 2173 4045 pretium
2205 3972 2298 4035 sit,
2344 3984 2572 4024 necesse
2602 3977 2687 4023 est
2723 3968 2789 4022 de
2834 3967 2921 4022 his
2949 3967 3112 4021 etiam
3147 3966 3367 4022 brevem
3412 3982 3504 4022 re-

1938 4067 2114 4136 linqui
2149 4078 2476 4119 sermonem.
2519 4059 2621 4126 Qui
2663 4074 2694 4112 a
2724 4058 3003 4112 communi
3035 4057 3256 4112 vivendi
3292 4058 3507 4115 ratione

1940 4171 2238 4220 recessere,
2285 4169 2453 4222 seque
2494 4160 2750 4206 exercent
2788 4149 2842 4202 in
2899 4149 3165 4204 diviniore
3189 4149 3313 4203 vitze
3353 4149 3511 4205 insti-

1941 4257 2080 4310 tuto,
2113 4262 2219 4301 non
2264 4260 2360 4315 per
2417 4258 2475 4298 se
2507 4249 2562 4297 et
2593 4242 2712 4296 sine
2755 4239 3085 4294 adminiculo
3126 4247 3507 4296 exerceantur.

1943 4338 2210 4395 Convenit
2257 4335 2806 4389 enimcontestatam
2861 4345 2982 4385 esse
3007 4338 3061 4385 et
3090 4339 3389 4401 spectatam
3416 4332 3512 4385 hu-

261 4428 355 4481 τὸν
395 4427 637 4481 τοιοῦτον
677 4425 823 4496 βίον,
857 4426 933 4489 ὠς
978 4425 1043 4479 ἂν
1073 4426 1228 4489 ἐκτὸς
1259 4421 1397 4478 εἶναι
1455 4426 1692 4495 πονηρᾶς
1737 4425 1825 4476 ὑπ-

1938 4429 2176 4504 jusmodi
2223 4427 2412 4491 vitam,
2442 4432 2500 4480 ut
2553 4423 2724 4478 libera
2759 4423 2849 4475 ﬁat
2909 4438 2938 4475 a
2971 4437 3135 4491 prava
3175 4423 3508 4492 suspicione.

262 4520 444 4589 οιῷίας.
467 4520 581 4572 Καὶ
601 4517 788 4590 ὥσπερ
811 4519 840 4570 ὁ
865 4518 1230 4589 πνευματικὸς
1246 4517 1406 4586 νόμος
1430 4517 1531 4568 οὐκ
1555 4515 1840 4578 ἐλάττονας

264 4607 406 4664 εἶναι
435 4611 543 4664 τῶν
563 4611 696 4662 δέκα
716 4610 824 4680 (48)
856 4609 1101 4679 βούλεται
1135 4610 1260 4671 τοὺς
1285 4609 1344 4660 τὸ
1375 4607 1630 4677 μυστικὸν
1657 4607 1840 4677 πάσχα

265 4705 586 4765 ἐσθίονταςο
627 4702 796 4765 οὕτως
847 4701 950 4772 χρὴ
997 4700 1226 4754 ἐνταῦθα
1277 4699 1588 4763 πλεονάζειν
1639 4699 1838 4770 μᾶλλον

263 4801 298 4869 ἦ
329 4799 682 4853 ἐλαττοῦσθαι
707 4799 804 4869 τὴν
840 4797 1038 4851 δεκάδα
1064 4797 1173 4850 τῶν
1205 4797 1302 4866 τὴν
1337 4795 1707 4866 πνευματικὴν
1742 4813 1839 4848 πο-

263 4892 469 4947 λιτείαν
495 4891 944 4961 συνασκουμένων
964 4889 1094 4958 (49).
1136 4888 1405 4960 Ἀρχηγὸς
1430 4883 1508 4950 εἷς
1531 4887 1629 4957 τῆς
1652 4887 1843 4957 εὐσχη-

268 4991 510 5059 μοσύνης
539 4989 634 5041 τοῦ
668 4989 781 5058 βίου
813 4984 1234 5058 προκαθεζέσθω
1257 5026 1272 5049 ,
1315 4985 1371 5036 ὲν
1397 4982 1696 5052 δοκιμασία
1725 4981 1839 5051 βίου

265 5081 360 5134 καὶ
385 5081 552 5150 ἤθους
581 5081 676 5132 καὶ
704 5080 882 5148 πάσης
924 5077 1156 5147 κοσμίας
1201 5073 1552 5146 ἀναστροφῆς
1588 5073 1695 5125 τῶν
1741 5072 1842 5124 λοι-

339 5225 451 5297 (45)
487 5224 645 5288 Illud,
674 5225 755 5297 ὡς
776 5222 890 5297 τον
920 5225 1078 5287 (cor,
1103 5221 1425 5297 accersitum
1444 5227 1541 5297 est
1561 5233 1627 5297 ex
1656 5217 1837 5297 Regiis

265 5288 442 5361 primo
478 5303 534 5349 et
564 5288 745 5349 tertio.
776 5294 979 5348 Ibidem
1008 5307 1166 5347 voces
1193 5290 1408 5361 μικροῦ
1433 5288 1562 5341 δεῖν
1592 5289 1646 5342 in
1691 5288 1825 5356 Reg.

266 5366 445 5433 primo
469 5381 580 5418 non
615 5366 885 5434 leguntur.

343 5436 454 5504 (£6)
489 5427 871 5504 Edittféxe'ivat
904 5431 1157 5504 μάλιστα.
1192 5431 1258 5504 At
1286 5428 1566 5504 _du_o_mss;
1605 5427 1801 5504 ἐκεῖνο.

342 5497 452 5574 (47)
483 5504 565 5558 Ita
595 5506 821 5574 loquens
851 5497 1106 5564 Basilius,
1130 5501 1232 5574 ph
1273 5501 1365 5574 ἐφ’
1385 5497 1632 5574 ἑαυτῶν,
1677 5498 1838 5574 docet

267 5570 407 5640 opus
435 5570 578 5629 esse
631 5570 748 5627 viro
796 5575 979 5642 aliquo
1029 5572 1253 5642 perito,‘
1282 5571 1335 5642 si
1371 5570 1496 5642 quis
1540 5571 1837 5642 asceticam

269 5637 618 5714 disciplinam
645 5642 858 5699 discere
879 5637 1082 5713 cupiat.
1102 5640 1203 5694 Hic
1225 5637 1426 5694 desinit
1449 5639 1642 5695 tertius
1668 5637 1839 5692 codex

273 5714 497 5785 Regius.

517 5799 830 5869 Ῥη-εισι.
869 5806 986 5867 Gn.
1036 5802 1276 5865 XXXI.

1946 4521 2013 4574 Et
2039 4516 2496 4590 quemadmodum
2543 4515 2625 4568 lex
2659 4512 2961 4583 spiritualis
2988 4527 3094 4564 non
3130 4511 3244 4564 vult
3285 4512 3511 4580 paucio-

1944 4628 2032 4667 res
2055 4626 2177 4666 esse
2211 4624 2374 4679 quam
2407 4607 2619 4669 decem,
2649 4604 2742 4674 qui
2778 4603 3065 4670 mysticum
3100 4602 3302 4672 pascha
3332 4616 3515 4656 eome-

1943 4707 2075 4761 dant
2121 4719 2132 4754 :
2173 4703 2247 4755 ita
2285 4701 2373 4755 hic
2411 4714 2599 4753 eorum
2646 4695 2740 4766 qui
2784 4694 2947 4750 simul
2975 4693 3140 4746 vitam
3175 4691 3513 4762 spiritualem

1943 4795 2202 4851 excolunt
2234 4806 2521 4846 numerum
2549 4787 2832 4843 denarium
2864 4785 3045 4855 potius
3077 4784 3262 4852 augeri
3298 4789 3513 4851 oportet

1943 4902 2108 4956 quam
2163 4883 2371 4938 minui.
2417 4880 2568 4934 Hanc
2623 4878 2910 4932 honestam
2958 4873 3174 4931 vivendi
3242 4873 3512 4926 rationem

1945 4993 2092 5032 unus
2123 4976 2321 5044 aliquis
2356 4972 2686 5033 moderetur,
2719 4969 2811 5038 qui
2835 4968 2907 5022 ob
2936 4967 3058 5021 vita:
3093 4979 3415 5033 morumque
3449 4977 3513 5016 ac

1947 5068 2127 5123 omnis
2165 5065 2426 5121 modestae
2470 5059 2906 5118 conversationis
2957 5055 3330 5127 probationem
3382 5055 3513 5108 reli—

2017 5215 2128 5287 (48)
2154 5214 2398 5287 Utraque
2429 5210 2596 5287 editio
2640 5205 2746 5258 τῶν
2772 5205 2997 5284 δώδεκα,
3028 5201 3342 5287 duodecima,
3363 5197 3510 5287 Ileg.

1973 5271 2146 5340 riinus
2168 5285 2274 5338 τῶν
2298 5271 2450 5344 δέκα,
2479 5279 2652 5332 decem
2682 5291 2698 5328 :
2729 5291 2849 5344 quae
2878 5277 3146 5343 scriptura
3180 5271 3386 5344 idcirco
3415 5286 3515 5323 no—

1981 5360 2025 5411 is
2059 5357 2173 5410 visa
2209 5364 2292 5408 est
2328 5341 2528 5413 verior,
2558 5341 2838 5418 quod__Iiat
2866 5341 3048 5418 statim
3074 5343 3280 5418 mentio
3317 5341 3514 5418 denu-

1940 5408 2091 5479 ἦιξα-ο
2109 5408 2351 5479 denario.
2382 5408 2694 5472 Mox'editio
2714 5415 2850 5469 Ven.
2869 5423 2934 5476 _et
2956 5415 3089 5482 Reg.
3107 5414 3317 5482 primus
3340 5408 3513 5472 οὕτως

1940 5497 2034 5548 καὶ
2070 5494 2301 5546 ἐνταῦθα
2328 5491 2513 5544 πλεον.

2012 5566 2120 5636 (49)
2165 5563 2532 5636 lt_eg._primus
2565 5555 2674 5608 τῶν
2700 5554 2841 5636 κατὰ
2884 5554 2982 5626 τὴν
3007 5547 3386 5623 πνευματικὴν
3415 5563 3516 5603 πο-

1939 5626 2141 5689 λιτείαν
2173 5626 2418 5703 ἀλλήλοις
2452 5626 2922 5695 συνασκουμένων.

3127 5779 3204 5839 28
