3962 6238
500 298 604 357 375
885 357 894 366 _
1791 297 1849 351 s.
1890 294 2131 351 BASILII
2171 295 2381 355 mox:
3590 304 3673 359 876

499 422 625 493 quis
659 418 1006 489 prmpositus
1065 418 1137 473 sit
1168 436 1180 469 :
1218 416 1351 487 quin
1381 425 1433 473 et
1472 418 1648 471 aetatis
1703 431 1767 471 ac
1806 418 2068 487 temporis

2173 418 2288 470 πῶν
2344 415 2659 488 προκριθεὶς
2693 457 2706 477 ,

501 513 767 567 habeatur
795 511 938 564 ratio
975 508 1043 563 ad
1069 507 1396 563 obtinendas
1426 509 1640 579 priores
1670 515 1875 578 partes.
1926 506 2062 561 Nam

500 603 647 674 quod
675 601 954 671 antiquius
984 608 1075 654 cst‘
1100 600 1156 653 in
1204 600 1486 654 hominum
1536 608 1731 655 natura
1754 640 1770 662 ,
1804 600 2063 670 majorem

502 694 904 768 quodammodo
950 693 1167 764 pra'fert
1222 695 1649 751 venerationem.
1724 694 1822 750 Hic
1861 703 2062 760 autem,

501 788 767 844 fratribus
812 786 960 841 ultro
993 800 1119 840 cum
1167 786 1446 841 docilitate
1476 787 1649 842 solum
1680 797 1735 842 et
1761 786 2066 841 humilitate

502 879 906 945 obedientibus,
937 886 1089 931 tanta
1121 878 1360 948 potiatur
1390 887 1679 949 potestate,
1723 887 1783 933 ut
1821 879 1957 933 nulli
1981 893 2068 934 eo-

502 986 624 1025 rum
674 970 768 1040 qui
788 975 1120 1022 conventum
1171 978 1525 1038 componunt,
1574 968 1736 1023 liceat
1780 968 1954 1039 ipsius
1979 983 2071 1022 vo-

502 1062 697 1118 luntati
728 1061 1005 1122 resistere,
1043 1073 1166 1113 cum
1200 1059 1407 1128 aliquid
1451 1074 1641 1114 eorum
1694 1076 1818 1131 quae
1859 1060 1927 1115 ad
1967 1060 2068 1115 bo-

501 1162 769 1211 nestatem
819 1160 873 1208 et
902 1152 1026 1206 vita:
1068 1151 1432 1223 integritatem
1485 1153 1779 1209 conferunt
1803 1156 2064 1226 praecipit.

505 1246 635 1312 Sed,
665 1255 725 1301 ut
752 1246 828 1300 ait
867 1245 1184 1316 Apostolus,
1222 1245 1538 1301 constitutis
1575 1261 1608 1299 a
1642 1245 1750 1302 Deo
1780 1247 2069 1317 potestati-

502 1339 607 1395 bus
635 1354 746 1394 non
780 1335 1148 1393 resistendum
1177 1352 1301 1392 esse
1327 1336 1510 1406 (docet
1537 1338 1682 1392 enim
1713 1338 2064 1393 condemnari

502 1447 598 1487 eos
620 1433 713 1502 qui
745 1429 837 1484 Dei
871 1429 1198 1485 ordinationi
1218 1428 1484 1484 resistunt
1514 1428 1686 1500 [Rom
1722 1445 1840 1493 xm,
1860 1430 1918 1494 Ι,
1947 1428 2063 1502 2]):

500 1522 577 1576 ita
599 1522 687 1576 hic
715 1535 932 1592 quoque
972 1535 1294 1591 persuasum
1326 1521 1398 1574 sit
1425 1528 1643 1590 Oportet
1694 1520 1925 1590 reliquis
1954 1519 2068 1574 fra-

502 1616 679 1671 tribus
726 1631 833 1669 non
876 1613 1102 1669 fortuito
1130 1655 1145 1679 ,
1193 1612 1289 1669 sed
1321 1629 1389 1668 ex
1436 1614 1622 1667 divina
1653 1614 1933 1669 voluntate
1971 1612 2069 1667 da-

503 1718 616 1763 tam
640 1724 761 1764 esse
794 1707 1054 1779 praefecto
1088 1706 1359 1777 ejusmodi
1396 1715 1740 1777 potestatem,
1789 1716 1849 1761 ut
1878 1708 1925 1763 is
1971 1706 2063 1777 qui

2770 398 3433 490 συμπαραλαμϐανομένηξ
3478 419 3558 472 καὶ
3595 423 3674 493 τῆς

2174 510 2310 565 κατά
2353 512 2446 563 τὸν
2490 509 2679 581 χρόνον
2705 509 2917 580 ἡλικίας
2959 509 3094 580 πρὸς
3119 509 3214 580 τὴν
3255 511 3569 582 προτίμησιν,
3601 513 3675 566 At-

2169 602 2530 674 δεσιμὼτερον
2559 602 2667 674 γάρ
2707 602 2904 665 πωςέν
2928 604 2991 673 τῇ
3018 601 3173 670 φύσει
3211 602 3316 655 τῶν
3345 600 3609 675 ἀνθρώπων
3630 606 3677 659 τὸ

2171 693 2543 765 γεραρώτερον
2558 693 2689 763 (50).
2719 686 2887 756 Οὗτος
2909 693 2965 746 δὲ
2990 692 3254 765 τοσαύτην
3276 693 3502 757 ἐξουσίαν
3521 695 3675 764 ἐχέτω,

2173 786 2431 847 ἑκουσίως
2463 784 2563 854 τῆς
2611 783 2970 853 ἀδελφότητος
3008 786 3065 836 ἐν
3115 783 3385 855 εὐπειθείᾳ
3430 785 3569 854 μόνον
3606 786 3680 839 καὶ

2171 874 2635 947 ταπεινοφροσύνῃ
2677 873 3083 945 ὐπακουούσης,
3115 874 3364 945 ’ὥστεμὴ
3402 875 3576 939 ἐξεῖναι
3599 893 3680 947 μηο

2171 967 2281 1021 δενὶ
2312 966 2418 1020 τῶν
2469 968 2608 1021 κατὰ
2643 967 2740 1038 τὴν
2786 968 3031 1022 συνοδίαν
3064 967 3384 1021 ἀντιϐαίνειν
3423 966 3492 1037 τῷ
3533 968 3682 1040 βουλή-

2175 1076 2306 1130 ματι
2336 1058 2500 1113 αὐτοῦ
2524 1098 2538 1120 ,
2582 1059 2639 1110 ἐν
2681 1052 2762 1121 οἷς
2795 1058 3082 1128 ὐφηγεῖταί
3115 1076 3167 1111 τι
3210 1058 3313 1112 τῶν
3343 1062 3418 1122 είς
3451 1061 3681 1130 εὐσχημο-

2175 1152 2340 1223 σύνην
2367 1170 2424 1205 τε
2460 1152 2554 1204 καὶ
2598 1150 2883 1223 ἀκρίὸειαν
2927 1150 3042 1221 βίου
3078 1150 3531 1222 συμϐαλλομένων.
3568 1152 3678 1206 Ἀλλ’

2174 1244 2360 1316 ὥσπερ
2399 1246 2561 1316 φησιν
2589 1246 2617 1298 ὁ
2662 1243 2979 1307 Ἀπόστολος
3000 1283 3015 1306 ,
3059 1244 3177 1306 ταῖς
3223 1242 3326 1295 ὐπὸ
3353 1243 3439 1295 τοῦ
3474 1241 3589 1295 Θεοῦ
3614 1260 3684 1296 τε-

2173 1336 2466 1407 ταγμέναις
2523 1336 2788 1401 ἐξουσίαις
2846 1337 2919 1406 μὴ
2974 1334 3385 1389 ἀντιτάσσεσθαι
3432 1334 3683 1407 (κρίνεσθαι

2174 1429 2282 1498 γὰρ
2325 1430 2450 1492 τοὺς
2505 1429 2984 1498 ἀντιτασσομένους
3027 1429 3094 1498 τῇ
3148 1426 3241 1479 τοῦ
3272 1425 3403 1479 Θεοῦ
3444 1427 3680 1498 διαταγῇ).

2172 1519 2314 1573 οὔτω
2361 1521 2454 1573 καὶ
2502 1518 2734 1572 ἐνταῦθα
2766 1517 3054 1571 πεπεῖσθαι
3099 1518 3361 1589 προσήκει
3402 1517 3490 1588 τὴν
3530 1517 3683 1591 λοιπὴν

2172 1610 2527 1680 ἀδελφότητα,
2572 1610 2647 1681 μὴ
2682 1610 2822 1664 κατά
2854 1610 2913 1663 τὸ
2953 1608 3277 1679 αὐτόματον,
3315 1609 3442 1663 ἀλλὰ
3467 1610 3588 1664 κατὰ
3608 1611 3684 1681 τὴν

2174 1699 2321 1753 θείαν
2371 1700 2656 1771 βούλησιν,
2695 1700 2792 1770 τὴν
2834 1699 3087 1769 τοιαύτην
3129 1699 3374 1766 ἐξουσίαν
3405 1699 3475 1768 τῷ
3504 1703 3684 1753 ἐπιστα·

504 1799 1014 1855 secundum‘Deum
1047 1805 1132 1854 est
1170 1797 1482 1867 profeCtus.
1519 1798 1767 1853 antistite
1806 1797 2070 1867 quidquid

2173 1793 2350 1846 τοῦντι
2400 1793 2682 1856 δεδόσθαι,
2734 1792 2875 1844 ὥστε
2925 1791 3313 1861 ἀνεμπόδιστον
3362 1791 3581 1860 γίνεσθαι
3610 1793 3686 1861 τὴν

505 1885 640 1940 utile
685 1893 770 1940 est
819 1884 1014 1938 animae
1059 1890 1113 1938 et
1160 1881 1509 1936 fructuosum
1551 1891 1911 1953 *suggerente,
1948 1881 2071 1936 aliis

502 1992 634 2032 vero
671 1975 991 2032 obedienter
1032 1974 1176 2028 bona
1215 1973 1446 2027 consilia
1492 1974 1937 2043 suscipientibus,
1969 1971 2072 2026 mi-

503 2073 651 2126 nime
694 2069 1052 2141 impediatur.
1102 2066 1375 2133 Quoniam
1426 2067 1586 2137 321
1628 2067 1795 2135 igitur
1844 2081 2071 2136 prorsus

502 2162 761 2218 convenit
787 2168 989 2216 castum
1040 2160 1187 2214 hunc
1234 2161 1528 2229 praeposito
1563 2158 1904 2212 obedientem
1951 2172 2073 2214 esse

504 2269 570 2310 ac
628 2252 927 2314 subditum,
989 2264 1215 2304 necesse
1238 2255 1342 2304 “est
1400 2248 1456 2301 in
1513 2247 1704 2317 primis
1736 2247 1897 2302 talem
1948 2247 2071 2318 eligi

502 2345 628 2398 vitae
649 2343 814 2414 hujus
847 2341 1270 2406 moderatorem,
1325 2347 1384 2392 ut
1431 2339 1578 2394 illius
1618 2339 1731 2392 vita
1763 2339 1858 2401 iis,
1887 2339 1981 2408 qui
2004 2339 2071 2393 ad

503 2437 685 2506 ipsum
726 2434 1052 2505 respiciunt,
1108 2431 1180 2487 sit
1208 2430 1454 2500 cujusvis
1496 2429 1715 2486 virtutis
1753 2432 2068 2502 exemplar:

503 2534 581 2590 et,
609 2533 669 2579 ut
706 2524 783 2579 ait
813 2522 1135 2594 Apostolus,
1175 2521 1271 2591 qui
1321 2519 1542 2575 sobrius
1586 2520 1679 2581 sit,
1709 2527 2069 2589 ‘temperans,

504 2616 809 2682 modestus,
828 2622 884 2669 et
914 2613 981 2669 ad
1002 2611 1308 2669 docendum
1338 2610 1567 2665 idoneus
1592 2607 1646 2682 (1
1676 2609 1814 2666 Tim.
1856 2627 1941 2678 ιιι,
1977 2610 2069 2680 9).

507 2706 619 2770 Sic,
656 2721 777 2762 meo
811 2705 1031 2776 quidem
1057 2703 1290 2774 judicio,
1322 2702 1658 2773 exploranda
1698 2710 1782 2758 est
1813 2710 1867 2758 et
1910 2703 2073 2771 hujus

506 2800 642 2863 vita,
671 2814 780 2853 non
811 2798 988 2853 solum
1012 2811 1081 2850 an
1114 2794 1379 2864 temporis
1414 2796 1596 2865 spatio
1641 2802 1917 2851 senectam
1948 2795 2074 2849 atti-

508 2889 646 2960 gerit
673 2887 897 2959 (accidit
926 2884 1074 2940 enim
1113 2898 1238 2938 cum
1280 2885 1487 2939 canitie
1533 2885 1697 2939 etiam
1729 2900 1793 2939 ac
1815 2884 1963 2955 rugis
1990 2889 2073 2940 in-

506 2980 681 3035 veniri
723 2976 995 3049 juveniles
1024 2975 1228 3036 mores)
1257 2990 1271 3029 :
1300 2974 1397 3029 sed
1440 2973 1746 3043 praesertim
1787 2990 1857 3028 an
1893 2990 2073 3031 mores

506 3078 562 3125 et
586 3069 781 3140 agendi
826 3067 966 3122 ratio
996 3081 1092 3137 per
1121 3064 1445 3121 modestiam
1485 3074 1539 3120 et
1573 3068 1892 3137 gravitatem
1926 3067 2075 3122 inca-

504 3161 746 3222 nuerint,
800 3167 860 3212 ut
892 3155 1158 3228 quidquid
1203 3155 1273 3209 ab
1315 3155 1409 3209 illo
1467 3154 1669 3210 dicitur
1718 3164 1771 3211 et
1816 3155 2065 3220 efﬁcitur,
2097 3143 2138 3201 (ἶ

506 3267 607 3324 pro
641 3252 757 3322 lege
786 3249 1078 3305 conventui
1118 3251 1192 3304 sit
1222 3257 1274 3303 et
1299 3262 1399 3318 pro
1422 3246 1630 3315 regula.
1663 3245 1736 3302 lis
1767 3256 1952 3303 autem
1975 3249 2067 3319 qui

505 3345 563 3398 in
597 3342 866 3413 ejusmodi
910 3342 1035 3396 vitae
1090 3339 1345 3395 instituto
1394 3339 1618 3411 degunt,
1673 3339 1928 3394 convenit
1955 3338 2072 3395 hac

505 3432 735 3505 parandi
768 3434 949 3487 victus
977 3432 1138 3495 ratio,
1182 3446 1347 3501 quam
1380 3429 1675 3501 Apostolus
1701 3430 1978 3501 praecepit,
2011 3437 2073 3484 ut

505 3526 758 3581 manibus
787 3530 1073 3595 operantes
1100 3524 1327 3585 honeste
1351 3537 1543 3592 panem
1577 3538 1735 3578 suum
1789 3523 1952 3578 edant
1983 3521 2069 3595 (Il

509 3615 688 3671 Thess.
724 3630 807 3681 ιιι,
842 3614 951 3685 12).
979 3613 1156 3684 Opera
1177 3622 1357 3669 autem
1396 3624 1525 3669 sunt
1547 3613 1912 3679 conﬁcienda,
1955 3630 2073 3669 mo-

506 3712 731 3767 derante
765 3725 894 3766 sene
931 3708 1113 3779 aiiquo
1157 3707 1281 3763 vitae
1333 3708 1693 3763 sanctimonia
1731 3708 1963 3779 probato
2008 3723 2073 3762 ac

508 3810 771 3873 spectato,
816 3800 908 3870 qui
940 3800 1212 3853 manualia
1259 3801 1503 3869 ipsorum
1539 3813 1705 3868 opera
1739 3797 1807 3852 ad
1837 3798 2075 3869 requisi-

506 3903 594 3950 tos
620 3910 754 3949 usus
801 3891 1095 3963 impendat,
1141 3901 1200 3946 ut
1239 3898 1294 3945 et
1324 3889 1456 3944 illud
1496 3888 1816 3943 mandatum
1856 3889 2074 3959 implea-

505 3995 617 4050 tur,
660 3983 806 4055 quod
839 3984 893 4037 in
955 3983 1155 4038 sudore
1206 3996 1270 4036 ac
1311 3982 1496 4037 labore
1540 3982 1740 4036 victum
1769 3981 2073 4051 comparari

396 4070 401 4087 '
506 4075 751 4147 praecipit
794 4071 945 4144 (Gen.
990 4088 1072 4137 ιιι,
1121 4072 1242 4145 19),
1282 4079 1337 4127 et
1384 4071 1641 4127 honestas
1694 4071 2074 4142 irreprebensa

508 4174 725 4221 maneat
760 4172 924 4235 atque
953 4164 1252 4234 inculpata,
1289 4178 1414 4218 cum
1443 4163 1514 4217 ob
1540 4163 1748 4217 nullam
1775 4162 1955 4218 victus
1976 4178 2076 4217 ne-

509 4258 820 4313 cessitatem
850 4256 906 4309 in
941 4255 1216 4327 publicum
1248 4254 1467 4324 prodire
1498 4263 1788 4325 cogantur.
1821 4252 1924 4309 Hic
1946 4269 2074 4310 vero

510 4349 583 4405 sit
610 4348 849 4418 optimus
876 4345 1159 4401 servandae
1186 4344 1535 4400 continentia:
1565 4342 1761 4400 modus
1790 4352 1843 4400 et
1863 4345 2072 4417 regula,

2172 1885 2312 1938 κατά
2360 1885 2492 1938 Θεὸν
2541 1884 2860 1956 προκοπὴν,
2915 1883 3007 1937 τοῦ
3058 1884 3154 1953 μὲν
3202 1881 3563 1951 ὐποτιθεμένου
3603 1883 3686 1934 πᾶν

2170 1977 2293 2031 ὅσον
2322 1978 2638 2048 ψυχωφελές
2667 1995 2726 2030 τε
2772 1977 3161 2047 καίχρήσιμον
3181 2017 3197 2041 ,
3231 1974 3337 2027 τῶν
3369 1973 3423 2027 δὲ
3456 1975 3508 2026 ἐν
3537 1974 3687 2026 εὐπεικ

2172 2068 2291 2140 θείᾳ
2332 2069 2432 2133 τὰς
2477 2070 2686 2138 ἀγαθάς
2721 2068 3050 2140 συμϐουλίας
3093 2067 3414 2139 δεχομένων.
3461 2067 3591 2120 Ἐπεὶ
3616 2062 3688 2120 οὖν

2172 2163 2438 2235 προσήκει
2490 2162 2653 2216 παντὶ
2704 2162 2891 2233 τρόπῳ
2932 2161 3017 2231 τῷ
3070 2160 3372 2232 προεστῶτι
3413 2150 3610 2230 εὐπειθῆ
3643 2175 3689 2211 τι

2170 2252 2267 2307 καὶ
2298 2252 2607 2323 ὑποχείριον
2640 2248 2779 2305 εἶναι
2811 2252 2908 2323 τὴν
2941 2251 3218 2318 συνοδίαν,
3253 2252 3357 2324 πρὸ
3387 2251 3581 2304 πάντων
3598 2249 3686 2318 (ὅὶ)

2170 2345 2465 2415 ἀναγκαῖόν
2481 2346 2597 2397 ἐστι
2614 2344 2855 2397 τοιοῦτον
2882 2343 3204 2412 ἐκλέγεσθαι
3222 2343 3311 2398 τὸν
3339 2341 3688 2415 καθηγούμενον

2136 2468 2143 2475 -
2170 2434 2270 2504 τῆς
2303 2433 2574 2495 πολιτείας
2606 2434 2809 2506 ταύτης
2834 2475 2847 2496 ,
2876 2434 2951 2495 ὡς
2980 2434 3181 2499 παντὸς
3203 2433 3404 2503 ἀγαθοῦ
3436 2433 3691 2502 ὑπόδειγμα

2172 2528 2282 2589 τοῖς
2331 2525 2466 2598 πρὸς
2507 2525 2671 2580 αὐτὸν
2710 2524 3079 2579 ἀποϐλέπουσι
3120 2524 3215 2579 τὸν
3266 2526 3465 2580 ἐκείνου
3491 2523 3688 2594 γίνεσθαι

2173 2616 2321 2688 βίονο
2373 2617 2499 2679 καὶ,
2535 2616 2609 2682 ὣς
2650 2629 2813 2689 φησιν
2854 2618 2882 2669 ὁ
2921 2617 3238 2682 Ἀπόστολος
3261 2657 3277 2683 ,
3317 2616 3583 2689 νηφάλιον,
3609 2613 3689 2669 σώ-

2173 2722 2343 2777 φρονα
2366 2744 2380 2768 ,
2418 2705 2644 2777 κόσμιον
2671 2745 2684 2770 ,
2733 2704 3055 2760 διδακτικόν.
3108 2704 3268 2759 Οὕτω
3318 2722 3403 2776 μοι
3443 2704 3571 2758 δοκεῖ
3603 2702 3686 2756 δεῖν

2173 2797 2269 2851 καὶ
2298 2798 2390 2851 τὸν
2414 2797 2602 2851 τούτου
2628 2797 2901 2863 ἐξετάζειν
2933 2797 3067 2868 βίον,
3097 2798 3173 2870 μὴ
3200 2797 3360 2869 μόνον
3390 2798 3436 2850 εί
3458 2795 3527 2867 τῷ
3550 2794 3691 2867 χρόνῳ

2171 2892 2234 2945 τὸ
2282 2891 2510 2963 γηραιὸν
2546 2891 2718 2961 ἔχοιεν
2759 2889 3021 2961 (ἔστιγὰρ
3049 2891 3142 2943 καὶ
3169 2890 3230 2942 ἐν
3261 2890 3416 2961 πολιᾷ
3437 2889 3523 2942 καὶ
3558 2886 3690 2960 ρυτίδι

2174 2981 2511 3055 νεωτερίζειν
2552 2983 2693 3036 κατά
2720 2981 2780 3035 τὸ
2811 2978 2964 3052 ἦθος)
2982 2999 2998 3012 ·
3047 2982 3187 3036 ἀλλά
3216 2982 3627 3055 προηγουμένως,
3654 2981 3692 3030 εἰ

2174 3074 2234 3127 τὸ
2260 3070 2391 3146 ἦθος
2431 3075 2524 3129 καὶ
2558 3077 2586 3128 ὁ
2618 3074 2818 3147 τρόπος
2857 3074 2945 3128 διὰ
2985 3075 3343 3146 κοσμιότητος
3388 3072 3690 3132 πεπολίωται,

2171 3166 2310 3221 ὥστε
2342 3169 2450 3221 πᾶν
2485 3168 2544 3220 τὸ
2570 3167 2696 3238 παρ’
2730 3164 2893 3219 αὐτοῦ
2921 3166 3214 3238 λεγόμενόν
3242 3184 3303 3220 τε
3335 3167 3428 3220 καὶ
3460 3165 3693 3235 γινόμενον

2172 3259 2290 3311 ἀντ)⁵
2327 3258 2489 3329 νόμου
2537 3258 2630 3311 καὶ
2663 3256 2882 3322 κανόνος
2909 3260 2975 3328 τῇ
3011 3257 3227 3329 συνοδίᾳ
3269 3257 3522 3326 γίνεσθαι.
3575 3254 3693 3307 Ἐπί-

2171 3364 2289 3401 νοια
2312 3347 2368 3400 δέ
2394 3346 2601 3418 τροφῆς
2637 3347 2835 3419 πρέπει
2873 3349 2984 3411 τοῖς
3027 3347 3083 3398 ἐν
3128 3346 3210 3418 τῷ
3239 3346 3458 3418 τοιούτῳ
3486 3346 3572 3416 βίῳ
3606 3345 3692 3396 διὰ-

2171 3456 2390 3507 γουσιν,
2442 3440 2506 3509 ἢν
2559 3441 2588 3492 ὁ
2634 3438 2953 3501 Ἀπόστολος
3000 3438 3314 3492 ῦποτίθεται
3340 3479 3355 3501 ,
3389 3439 3471 3492 ἵνα
3510 3434 3694 3508 ἐργαζό-

2176 3549 2323 3603 μενοι
2375 3534 2495 3594 ταῖς
2550 3532 2737 3603 χερσὶν
2789 3531 3138 3602 εὐσχημόνως
3191 3532 3281 3585 τὸν
3330 3530 3526 3585 ἑαυτῶν
3565 3528 3693 3598 ἄρτον

2172 3622 2389 3676 ἐσθίωσι
2422 3622 2555 3693 (52).
2589 3622 2933 3676 Διατίθεσθαι
2965 3622 3021 3675 δὲ
3056 3625 3323 3696 προσήκει
3357 3623 3449 3695 τὴν
3479 3620 3693 3693 ἐργασίαν

2172 3714 2263 3768 ἐπί
2290 3731 2433 3778 τινος
2462 3714 2764 3786 πρεσϐύτου
2786 3754 2801 3780 ,
2831 3714 2926 3767 ἐπὶ
2959 3714 3252 3788 σεμνότητι
3291 3716 3403 3785 βίου
3441 3728 3695 3786 μαρτυρου-

2176 3803 2336 3873 μένου
2355 3847 2370 3871 ,
2394 3803 2453 3867 ὃς
2481 3803 2766 3869 καταλέξει
2786 3804 2853 3859 τὰ
2879 3805 3014 3876 ἔργα
3040 3804 3165 3859 τῶν⁶
3180 3806 3377 3879 χειρῶν
3405 3804 3565 3858 αὐτῶν
3588 3800 3695 3871 πρὸς

2172 3894 2271 3959 τὰς
2317 3893 2746 3969 ἐπιζητουμένας
2796 3896 3017 3967 χρείας,
3063 3895 3208 3950 ὥστε
3255 3898 3351 3951 καὶ
3397 3895 3487 3967 τὴν
3521 3891 3698 3962 ἐντολὴν

2171 3986 2562 4060 κατορθοῦσθαι
2602 3989 2702 4059 τὴν
2740 3986 3065 4042 κελεύουσαν
3116 3989 3177 4041 ἐν
3229 3989 3409 4061 ἱδρῶτι
3458 3986 3543 4040 καὶ
3580 3985 3695 4050 πόνῳ

2174 4079 2271 4149 τὴν
2307 4077 2511 4149 τροφὴν
2554 4078 2834 4150 πορίζειν,
2888 4078 2983 4133 καὶ
3033 4079 3447 4154 εὐσχημοσύνην
3494 4071 3697 4142 ἀνεπίληο

2176 4188 2306 4225 πτον
2356 4171 2450 4224 καὶ
2498 4171 2726 4242 ἄμωμον
2778 4171 2994 4241 μένειν,
3040 4171 3099 4224 ἐν
3142 4171 3226 4243 τῷ
3267 4171 3525 4243 μηδεμίαν
3551 4167 3695 4227 αὐτοῖς

2174 4261 2419 4332 ἀνάγκην
2448 4262 2756 4331 ἐγγίνεσθαι
2776 4304 2792 4329 ,
2823 4262 2910 4316 διὰ
2934 4262 2995 4316 τὸ
3038 4262 3136 4334 τὴν
3167 4263 3265 4317 τοῦ
3297 4263 3408 4335 βίου
3437 4261 3601 4334 χρείαν
3624 4257 3698 4326 δη·

2179 4351 2545 4424 μοσιεύεσθαι.
2612 4355 2966 4426 Ἐγκρατείας
2999 4354 3056 4419 δὲ
3102 4357 3131 4408 ὁ
3171 4355 3450 4418 κάλλιστος
3485 4356 3592 4424 ὅρος
3625 4348 3700 4403 καὶ

509 4452 685 4509 neque
714 4436 779 4490 ad
811 4436 1167 4505 voluptatem,
1194 4448 1367 4503 neque
1416 4432 1484 4488 ad
1517 4432 1920 4487 aﬂlictationem
1953 4446 2073 4486 car-

2178 4443 2358 4500 κανὼν
2380 4438 2535 4509 οὗτος
2563 4444 2723 4510 ἔστω,
2753 4446 2816 4498 τὸ
2847 4446 2985 4517 μήτε
3017 4445 3151 4517 πρὸς
3173 4445 3405 4516 τρυφὴν,
3443 4446 3566 4515 μήτε
3592 4438 3697 4513 πρὸς

507 4532 598 4587 nis
628 4529 917 4599 respicere,
959 4526 1055 4584 sed
1095 4526 1150 4580 in
1196 4532 1429 4595 utroque
1462 4523 1936 4579 immoderantiam
1987 4524 2072 4577 fu-

509 4635 656 4691 gere,
698 4626 759 4673 ut
790 4633 968 4688 neque
1024 4617 1276 4671 turbetur
1313 4616 1385 4672 ob
1430 4615 1775 4680 obesitatem,
1810 4631 1987 4688 neque
2026 4617 2075 4671 ei

508 4712 580 4767 ob
604 4711 849 4766 morbum
875 4717 928 4764 et
953 4709 1268 4778 languorem
1309 4705 1688 4761 mandatorum
1715 4706 2082 4763 conficiendo-

508 4819 631 4859 rum
674 4803 906 4857 facultas
955 4800 1244 4855 adimatur.
1279 4797 1414 4853 Nam
1447 4799 1705 4868 utrinque
1748 4801 1957 4869 aequale
1981 4800 2078 4854 de-

457 4883 467 4891 ’
511 4894 823 4948 trimentum
856 4892 1050 4946 animae
1081 4891 1311 4955 accedit,
1340 4898 1392 4944 et
1422 4904 1544 4943 cum
1568 4904 1697 4945 caro
1724 4890 1941 4946 subdita
1970 4906 2079 4945 non

510 4993 616 5047 est,
663 4985 709 5040 si
745 4983 998 5039 videlicet
1038 4998 1103 5038 ex
1144 4983 1284 5037 bona
1313 4979 1631 5035 habitudine
1668 4996 1910 5052 praeceps
1949 4996 2079 5051 aga-

516 5085 607 5129 tur
635 5074 702 5128 ad
726 5074 1013 5128 indecoros
1051 5080 1253 5137 motus,
1286 5079 1340 5126 et
1372 5088 1496 5126 cum
1545 5072 1774 5127 remissa
1804 5072 2081 5127 exsoluta-

511 5186 618 5243 que
649 5185 713 5225 ac
751 5169 1044 5223 immobilis
1098 5184 1209 5239 pm
1266 5160 1547 5223 doloribus
1589 5167 1887 5221 detinetur.
1957 5166 2077 5222 Non

605 5321 694 5392 50)
727 5320 857 5392 Reg.
893 5321 1100 5392 primus
1130 5319 1534 5392 γηραρώτερον.

610 5390 697 5462 51)
733 5390 1108 5462 lta‘edidimus
1136 5390 1217 5445 ex
1234 5390 1364 5462 Reg.
1386 5390 1582 5461 primo.
1608 5391 1766 5456 illud,
1795 5393 1906 5461 πρὸ
1931 5394 2080 5449 πάν-

513 5461 652 5531 των,
681 5461 870 5531 deerat
891 5461 945 5515 in
980 5461 1234 5531 vulgatis.

582 5530 696 5601 (52)
723 5529 962 5600 Utraque
985 5528 1152 5587 editio
1168 5530 1427 5601 ἐσθίουσι.
1445 5528 1578 5601 ch.
1602 5531 1813 5601 primus
1836 5532 2079 5588 ἐσθίωσι,

514 5598 687 5654 Paulo
723 5610 844 5670 post
870 5598 1011 5674 idem
1043 5602 1213 5674 codex
1249 5599 1341 5652 ἐπί
1373 5617 1517 5674 τινος
1532 5598 1936 5674 πρεσϐυτέρου.
1962 5605 2082 5658 Ali-

515 5678 723 5743 quanto
734 5680 878 5743 post
907 5671 1077 5743 codex
1115 5672 1246 5739 Reg.
1285 5671 1491 5743 τροφὴν
1514 5671 1866 5743 πορίζεσθαι.

587 5740 700 5812 (55)
734 5740 908 5796 Editio
938 5740 1114 5796 Paris.
1140 5740 1510 5795 κακοπάθειαν
1530 5740 1628 5812 τῆς
1653 5744 1872 5814 σαρκός.
1905 5741 2084 5799 Editio

2180 4537 2544 4591 κακοπάθειαν
2573 4537 2669 4607 τῆς
2699 4536 2899 4608 σαρκὸς
2925 4535 3035 4607 (55)
3072 4534 3296 4607 βλέπειν
3318 4575 3333 4597 ,
3366 4534 3496 4588 ἀλλά
3520 4529 3700 4602 φεύγειν

2180 4630 2236 4679 ἐν
2266 4628 2506 4698 ἐκατέρῳ
2550 4626 2647 4697 τὴν
2685 4615 2985 4699 ἀμετρίαν,
3034 4625 3121 4679 ἵνα
3155 4627 3297 4698 μήτε
3336 4618 3701 4693 πολυσαρκοῦσα

2179 4718 2538 4789 ταράσσηται,
2578 4718 2734 4788 μήτε,
2764 4715 3001 4787 νοσώδης
3028 4717 3323 4790 γενομένη,
3357 4715 3569 4784 ἀδυνατῇ
3593 4708 3698 4780 πρὸς

2178 4810 2275 4880 τὴν
2320 4808 2430 4862 τῶν
2470 4808 2697 4862 ἐντολῶν
2735 4809 3015 4879 ἐργασίαν.
3065 4811 3185 4883 Ἴση
3232 4808 3342 4882 γὰρ
3386 4808 3443 4873 ἐξ
3471 4804 3691 4875 ἐκατέρωτ

2180 4904 2213 4972 ἡ
2249 4901 2419 4972 βλάϐη
2458 4905 2524 4974 τῇ
2574 4901 2718 4973 ψυχῇ
2750 4902 3135 4975 προσγίνεται,
3163 4905 3262 4957 καὶ
3311 4903 3372 4955 τὺ
3405 4901 3509 4973 (ὃὸ)
3538 4894 3701 4952 ἀνυπό-

2178 5008 2375 5045 τακτον
2417 4988 2555 5045 εἶναι
2600 4991 2697 5063 τὴν
2744 4993 2953 5066 σάρκα,
2992 4992 3057 5046 δι’
3093 4992 3312 5059 εὐεξίας
3336 4986 3702 5061 ἀποσκιρτῶσαν

2181 5086 2261 5145 εἰς
2284 5085 2517 5148 ἀτόπους
2544 5084 2751 5155 ὁρμάς,
2792 5086 2886 5139 καὶ
2923 5087 3050 5140 ὅταν
3088 5086 3325 5156 πάρετός
3358 5102 3417 5138 τε
3460 5082 3546 5137 καὶ
3583 5078 3705 5133 ἐκλε-

2179 5172 2383 5245 λυμένη
2415 5175 2508 5228 κα).
2536 5176 2790 5248 ἀκίνητος
2823 5176 2926 5230 ὑπὸ
2957 5178 3266 5247 ἀλγηδόνων
3318 5176 3604 5246 συνέχηται.
3643 5166 3697 5220 Ui

2182 5325 2315 5400 Yen.
2339 5336 2408 5400 _e_t
2447 5328 2619 5383 codex
2652 5327 2783 5397 Reg.
2821 5330 3193 5385 κακοπάθειαν
3226 5330 3321 5384 τοῦ
3352 5329 3604 5400 σώματος.
3626 5320 3685 5375 lbi

2182 5397 2303 5471 dem
2324 5397 2486 5471 idem,
2515 5400 2687 5471 codex
2724 5400 2859 5453 ἀλλὰ
2892 5400 3113 5471 βλέπειν
3137 5403 3218 5454 ἐν.
3420 5397 3445 5471 ξ
3478 5468 3501 5471 _

2253 5466 2366 5540 (54)
2398 5468 2574 5540 Editio
2590 5467 2795 5524 Veneta
2816 5480 2871 5525 et
2892 5461 3068 5525 codex
3088 5469 3219 5532 Reg.
3246 5472 3342 5524 καὶ
3370 5469 3448 5523 τό.
3475 5461 3687 5540 Particul-

2185 5538 2275 5589 καί
2292 5534 2482 5591 deerat
2504 5539 2556 5591 in
2573 5540 3143 5596 editioneParisiensi.
3162 5540 3367 5595 Ibidem
3388 5540 3545 5592 editio
3562 5534 3683 5607 Paris

2185 5607 2278 5660 καὶ
2317 5607 2384 5660 δι’
2413 5608 2625 5672 εὐεξίας
2659 5613 2735 5663 ἐν.
2782 5610 2987 5664 Vocula
3025 5612 3117 5665 καί
3148 5612 3255 5665 hoc
3307 5610 3425 5663 loco
3472 5618 3629 5676 neque
3661 5614 3697 5652 ll

2188 5678 2321 5748 Reg.
2350 5678 2490 5735 libro
2517 5697 2694 5750 neque
2720 5681 2775 5737 in
2798 5680 3037 5737 cditione
3071 5679 3278 5738 Veneta
3301 5680 3510 5752 legitur.
