  <div class='ocr_page' id='page_1' title='image "/cluster/home/n/w/nwhite01/storage/ocr_20150623/31/mdp.39015012934363/450.png"; bbox 0 0 3962 6238; ppageno 0'>
   <div class='ocr_carea' id='block_1_1' title="bbox 223 307 323 362">
    <p class='ocr_par' dir='ltr' id='par_1_1' title="bbox 223 307 323 362">
     <span class='ocr_line' id='line_1_1' title="bbox 223 307 323 362; baseline -0.05 0"><span class='ocrx_word' id='word_1_1' title='bbox 223 307 323 362; x_wconf 82' lang='lat'><strong>8&#39;77</strong></span> 
     </span>
    </p>
   </div>
   <div class='ocr_carea' id='block_1_2' title="bbox 1482 273 2240 338">
    <p class='ocr_par' dir='ltr' id='par_1_2' title="bbox 1482 273 2240 338">
     <span class='ocr_line' id='line_1_2' title="bbox 1482 273 2240 338; baseline -0.015 0"><span class='ocrx_word' id='word_1_2' title='bbox 1482 281 1712 338; x_wconf 76' lang='lat' dir='ltr'><strong>SERMO</strong></span> <span class='ocrx_word' id='word_1_3' title='bbox 1753 273 2132 334; x_wconf 78' lang='lat' dir='ltr'><strong>ASCETICUS</strong></span> <span class='ocrx_word' id='word_1_4' title='bbox 2157 323 2159 326; x_wconf 96' lang='lat'><strong>.</strong></span> <span class='ocrx_word' id='word_1_5' title='bbox 2235 323 2240 328; x_wconf 78' lang='grc'>,</span> 
     </span>
    </p>
   </div>
   <div class='ocr_carea' id='block_1_3' title="bbox 3351 255 3454 310">
    <p class='ocr_par' dir='ltr' id='par_1_3' title="bbox 3351 255 3454 310">
     <span class='ocr_line' id='line_1_3' title="bbox 3351 255 3454 310; baseline 0.019 -3"><span class='ocrx_word' id='word_1_6' title='bbox 3351 255 3454 310; x_wconf 73' lang='lat'><strong>878</strong></span> 
     </span>
    </p>
   </div>
   <div class='ocr_carea' id='block_1_4' title="bbox 223 379 1833 490">
    <p class='ocr_par' dir='ltr' id='par_1_4' title="bbox 223 400 1833 490">
     <span class='ocr_line' id='line_1_4' title="bbox 223 400 1833 490; baseline -0.014 -18"><span class='ocrx_word' id='word_1_7' title='bbox 223 421 331 490; x_wconf 83' lang='grc' dir='ltr'>γὰρ</span> <span class='ocrx_word' id='word_1_8' title='bbox 358 418 481 485; x_wconf 80' lang='grc' dir='ltr'>ἄγει</span> <span class='ocrx_word' id='word_1_9' title='bbox 517 413 712 485; x_wconf 83' lang='grc' dir='ltr'>σχολὴν</span> <span class='ocrx_word' id='word_1_10' title='bbox 745 413 780 481; x_wconf 79' lang='grc' dir='ltr'>ἡ</span> <span class='ocrx_word' id='word_1_11' title='bbox 801 408 967 480; x_wconf 73' lang='grc' dir='ltr'>ψυχὴ,</span> <span class='ocrx_word' id='word_1_12' title='bbox 1001 411 1056 461; x_wconf 76' lang='grc' dir='ltr'>ὲν</span> <span class='ocrx_word' id='word_1_13' title='bbox 1078 408 1141 476; x_wconf 77' lang='grc' dir='ltr'>τῇ</span> <span class='ocrx_word' id='word_1_14' title='bbox 1175 403 1395 473; x_wconf 84' lang='grc' dir='ltr'>τοιαύτῃ</span> <span class='ocrx_word' id='word_1_15' title='bbox 1421 401 1512 454; x_wconf 85' lang='grc' dir='ltr'><strong>τοῦ</strong></span> <span class='ocrx_word' id='word_1_16' title='bbox 1550 400 1796 471; x_wconf 82' lang='grc' dir='ltr'>σώματος</span> <span class='ocrx_word' id='word_1_17' title='bbox 1823 439 1833 460; x_wconf 46' lang='grc' dir='ltr'><strong>γ</strong></span> 
     </span>
    </p>
   </div>
   <div class='ocr_carea' id='block_1_5' title="bbox 1937 379 3458 490">
    <p class='ocr_par' dir='ltr' id='par_1_5' title="bbox 1937 379 3458 454">
     <span class='ocr_line' id='line_1_5' title="bbox 1937 379 3458 454; baseline -0.011 -8"><span class='ocrx_word' id='word_1_18' title='bbox 1937 394 2039 447; x_wconf 92' lang='lat' dir='ltr'><strong>nim</strong></span> <span class='ocrx_word' id='word_1_19' title='bbox 2071 392 2264 444; x_wconf 65' lang='lat' dir='ltr'><strong>animae</strong></span> <span class='ocrx_word' id='word_1_20' title='bbox 2299 388 2352 441; x_wconf 93' lang='lat' dir='ltr'><strong>in</strong></span> <span class='ocrx_word' id='word_1_21' title='bbox 2388 385 2476 440; x_wconf 90' lang='lat' dir='ltr'><strong>tali</strong></span> <span class='ocrx_word' id='word_1_22' title='bbox 2513 383 2758 454; x_wconf 82' lang='lat' dir='ltr'><strong>corporis</strong></span> <span class='ocrx_word' id='word_1_23' title='bbox 2791 387 2933 436; x_wconf 90' lang='lat' dir='ltr'><strong>statu</strong></span> <span class='ocrx_word' id='word_1_24' title='bbox 2966 379 3136 433; x_wconf 88' lang='lat' dir='ltr'><strong>otium</strong></span> <span class='ocrx_word' id='word_1_25' title='bbox 3195 387 3278 431; x_wconf 92' lang='lat' dir='ltr'><strong>est</strong></span> <span class='ocrx_word' id='word_1_26' title='bbox 3323 392 3458 430; x_wconf 87' lang='lat' dir='ltr'><strong>ocu-</strong></span> 
     </span>
    </p>
   </div>
   <div class='ocr_carea' id='block_1_6' title="bbox 224 490 1792 574">
    <p class='ocr_par' dir='ltr' id='par_1_6' title="bbox 224 490 1792 574">
     <span class='ocr_line' id='line_1_6' title="bbox 224 490 1792 574; baseline -0.015 -9"><span class='ocrx_word' id='word_1_27' title='bbox 224 511 587 568; x_wconf 86' lang='grc' dir='ltr'>καταστάσει,</span> <span class='ocrx_word' id='word_1_28' title='bbox 616 504 754 574; x_wconf 81' lang='grc' dir='ltr'>πρὸς</span> <span class='ocrx_word' id='word_1_29' title='bbox 787 502 856 554; x_wconf 83' lang='grc' dir='ltr'>τὰ</span> <span class='ocrx_word' id='word_1_30' title='bbox 883 502 992 555; x_wconf 82' lang='grc' dir='ltr'>ἄνω</span> <span class='ocrx_word' id='word_1_31' title='bbox 1021 498 1234 568; x_wconf 82' lang='grc' dir='ltr'><strong>βλέπειν</strong></span> <span class='ocrx_word' id='word_1_32' title='bbox 1267 492 1621 563; x_wconf 75' lang='grc' dir='ltr'><strong>ἐλευθερίως·</strong></span> <span class='ocrx_word' id='word_1_33' title='bbox 1657 490 1792 544; x_wconf 85' lang='grc' dir='ltr'><strong>ἀλλά</strong></span> 
     </span>
    </p>
   </div>
   <div class='ocr_carea' id='block_1_7' title="bbox 228 582 1794 663">
    <p class='ocr_par' dir='ltr' id='par_1_7' title="bbox 228 582 1794 663">
     <span class='ocr_line' id='line_1_7' title="bbox 228 582 1794 663; baseline -0.017 -4"><span class='ocrx_word' id='word_1_34' title='bbox 228 603 368 658; x_wconf 83' lang='grc' dir='ltr'><strong>κατά</strong></span> <span class='ocrx_word' id='word_1_35' title='bbox 402 601 580 653; x_wconf 76' lang='grc' dir='ltr'>πᾶσαν</span> <span class='ocrx_word' id='word_1_36' title='bbox 617 596 863 663; x_wconf 81' lang='grc' dir='ltr'>ἀνάγκην</span> <span class='ocrx_word' id='word_1_37' title='bbox 894 592 1027 661; x_wconf 81' lang='grc' dir='ltr'>πρὸς</span> <span class='ocrx_word' id='word_1_38' title='bbox 1056 590 1154 658; x_wconf 80' lang='grc' dir='ltr'>τὴν</span> <span class='ocrx_word' id='word_1_39' title='bbox 1183 588 1280 656; x_wconf 83' lang='grc' dir='ltr'>τῆς</span> <span class='ocrx_word' id='word_1_40' title='bbox 1318 584 1506 655; x_wconf 80' lang='grc' dir='ltr'><strong>ὀδύνης</strong></span> <span class='ocrx_word' id='word_1_41' title='bbox 1545 582 1794 651; x_wconf 74' lang='grc' dir='ltr'>αἴσθησιν</span> 
     </span>
    </p>
   </div>
   <div class='ocr_carea' id='block_1_8' title="bbox 226 671 1798 764">
    <p class='ocr_par' dir='ltr' id='par_1_8' title="bbox 226 671 1798 764">
     <span class='ocr_line' id='line_1_8' title="bbox 226 671 1798 764; baseline -0.016 -17"><span class='ocrx_word' id='word_1_42' title='bbox 226 671 535 764; x_wconf 77' lang='grc' dir='ltr'>ἀσχολεῖται</span> <span class='ocrx_word' id='word_1_43' title='bbox 564 688 659 742; x_wconf 71' lang='grc' dir='ltr'>καὶ</span> <span class='ocrx_word' id='word_1_44' title='bbox 684 684 1036 744; x_wconf 85' lang='grc' dir='ltr'>ὲπικλίνεται,</span> <span class='ocrx_word' id='word_1_45' title='bbox 1076 674 1571 745; x_wconf 85' lang='grc' dir='ltr'>συνταπεινουμένη</span> <span class='ocrx_word' id='word_1_46' title='bbox 1602 676 1666 743; x_wconf 81' lang='grc' dir='ltr'>τῇ</span> <span class='ocrx_word' id='word_1_47' title='bbox 1700 689 1798 724; x_wconf 87' lang='grc' dir='ltr'>κα-</span> 
     </span>
    </p>
   </div>
   <div class='ocr_carea' id='block_1_9' title="bbox 231 777 930 853">
    <p class='ocr_par' dir='ltr' id='par_1_9' title="bbox 231 777 930 853">
     <span class='ocr_line' id='line_1_9' title="bbox 231 777 930 853; baseline -0.019 -14"><span class='ocrx_word' id='word_1_48' title='bbox 231 784 502 853; x_wconf 78' lang='grc' dir='ltr'>κοπαθείᾳ</span> <span class='ocrx_word' id='word_1_49' title='bbox 535 779 628 832; x_wconf 86' lang='grc' dir='ltr'><strong>τοῦ</strong></span> <span class='ocrx_word' id='word_1_50' title='bbox 659 777 736 831; x_wconf 86' lang='grc' dir='ltr'>σώ</span> <span class='ocrx_word' id='word_1_51' title='bbox 743 792 930 846; x_wconf 86' lang='grc' dir='ltr'>ματος.</span> 
     </span>
    </p>
   </div>
   <div class='ocr_carea' id='block_1_10' title="bbox 305 859 1797 936">
    <p class='ocr_par' dir='ltr' id='par_1_10' title="bbox 305 859 1797 936">
     <span class='ocr_line' id='line_1_10' title="bbox 305 859 1797 936; baseline -0.02 -7"><span class='ocrx_word' id='word_1_52' title='bbox 305 877 359 929; x_wconf 74' lang='grc'>4.</span> <span class='ocrx_word' id='word_1_53' title='bbox 393 876 573 926; x_wconf 83' lang='grc' dir='ltr'><strong>Ἔστω</strong></span> <span class='ocrx_word' id='word_1_54' title='bbox 616 870 792 923; x_wconf 80' lang='grc' dir='ltr'>τοίνυν</span> <span class='ocrx_word' id='word_1_55' title='bbox 836 869 868 935; x_wconf 80' lang='grc' dir='ltr'>ἡ</span> <span class='ocrx_word' id='word_1_56' title='bbox 915 865 1106 936; x_wconf 86' lang='grc' dir='ltr'>χρῆσις</span> <span class='ocrx_word' id='word_1_57' title='bbox 1149 865 1214 932; x_wconf 81' lang='grc' dir='ltr'>τῇ</span> <span class='ocrx_word' id='word_1_58' title='bbox 1258 861 1414 931; x_wconf 72' lang='grc' dir='ltr'>χρείᾳ</span> <span class='ocrx_word' id='word_1_59' title='bbox 1466 859 1797 929; x_wconf 61' lang='grc' dir='ltr'>σύμμετρος,</span> 
     </span>
    </p>
   </div>
   <div class='ocr_carea' id='block_1_11' title="bbox 1895 473 3458 540">
    <p class='ocr_par' dir='ltr' id='par_1_11' title="bbox 1895 473 3458 540">
     <span class='ocr_line' id='line_1_11' title="bbox 1895 473 3458 540; baseline -0.012 -2"><span class='ocrx_word' id='word_1_60' title='bbox 1895 487 1976 540; x_wconf 91' lang='lat' dir='ltr'><strong>los</strong></span> <span class='ocrx_word' id='word_1_61' title='bbox 2003 485 2170 538; x_wconf 81' lang='lat' dir='ltr'><strong>libere</strong></span> <span class='ocrx_word' id='word_1_62' title='bbox 2199 495 2414 536; x_wconf 90' lang='lat' dir='ltr'><strong>sursum</strong></span> <span class='ocrx_word' id='word_1_63' title='bbox 2445 476 2744 536; x_wconf 91' lang='lat' dir='ltr'><strong>attollendi,</strong></span> <span class='ocrx_word' id='word_1_64' title='bbox 2765 477 2872 527; x_wconf 90' lang='lat' dir='ltr'><strong>imo</strong></span> <span class='ocrx_word' id='word_1_65' title='bbox 2895 473 3118 527; x_wconf 87' lang='lat' dir='ltr'><strong>omnino</strong></span> <span class='ocrx_word' id='word_1_66' title='bbox 3131 484 3355 524; x_wconf 86' lang='lat' dir='ltr'><strong>necesse</strong></span> <span class='ocrx_word' id='word_1_67' title='bbox 3375 475 3458 522; x_wconf 85' lang='lat' dir='ltr'><strong>est</strong></span> 
     </span>
    </p>
   </div>
   <div class='ocr_carea' id='block_1_12' title="bbox 1895 559 3458 636">
    <p class='ocr_par' dir='ltr' id='par_1_12' title="bbox 1895 559 3458 636">
     <span class='ocr_line' id='line_1_12' title="bbox 1895 559 3458 636; baseline -0.012 -6"><span class='ocrx_word' id='word_1_68' title='bbox 1895 591 2014 631; x_wconf 91' lang='lat' dir='ltr'><strong>eam</strong></span> <span class='ocrx_word' id='word_1_69' title='bbox 2031 575 2097 629; x_wconf 88' lang='lat' dir='ltr'><strong>de</strong></span> <span class='ocrx_word' id='word_1_70' title='bbox 2115 572 2320 628; x_wconf 86' lang='lat' dir='ltr'><strong>doloris</strong></span> <span class='ocrx_word' id='word_1_71' title='bbox 2341 586 2505 626; x_wconf 87' lang='lat' dir='ltr'><strong>sensu</strong></span> <span class='ocrx_word' id='word_1_72' title='bbox 2528 566 2810 636; x_wconf 89' lang='lat' dir='ltr'><strong>occupari,</strong></span> <span class='ocrx_word' id='word_1_73' title='bbox 2827 573 2880 618; x_wconf 92' lang='lat' dir='ltr'><strong>et</strong></span> <span class='ocrx_word' id='word_1_74' title='bbox 2897 564 2961 616; x_wconf 83' lang='lat' dir='ltr'><strong>ad</strong></span> <span class='ocrx_word' id='word_1_75' title='bbox 2984 564 3158 631; x_wconf 85' lang='lat' dir='ltr'><strong>ipsum</strong></span> <span class='ocrx_word' id='word_1_76' title='bbox 3183 559 3458 625; x_wconf 88' lang='lat' dir='ltr'><strong>inclinari,</strong></span> 
     </span>
    </p>
   </div>
   <div class='ocr_carea' id='block_1_13' title="bbox 1900 650 3457 735">
    <p class='ocr_par' dir='ltr' id='par_1_13' title="bbox 1900 650 3457 735">
     <span class='ocr_line' id='line_1_13' title="bbox 1900 650 3457 735; baseline -0.013 -14"><span class='ocrx_word' id='word_1_77' title='bbox 1900 667 2169 735; x_wconf 79' lang='lat' dir='ltr'><strong>simulque</strong></span> <span class='ocrx_word' id='word_1_78' title='bbox 2203 662 2434 732; x_wconf 83' lang='lat' dir='ltr'><strong>deprimi</strong></span> <span class='ocrx_word' id='word_1_79' title='bbox 2465 675 2560 729; x_wconf 90' lang='lat' dir='ltr'><strong>per</strong></span> <span class='ocrx_word' id='word_1_80' title='bbox 2595 660 2792 711; x_wconf 88' lang='lat' dir='ltr'><strong>malam</strong></span> <span class='ocrx_word' id='word_1_81' title='bbox 2825 654 3071 722; x_wconf 88' lang='lat' dir='ltr'><strong>corporis</strong></span> <span class='ocrx_word' id='word_1_82' title='bbox 3101 650 3457 704; x_wconf 72' lang='lat' dir='ltr'><strong>aﬂ‘ectionem.</strong></span> 
     </span>
    </p>
   </div>
   <div class='ocr_carea' id='block_1_14' title="bbox 1971 830 3466 910">
    <p class='ocr_par' dir='ltr' id='par_1_14' title="bbox 1971 830 3466 910">
     <span class='ocr_line' id='line_1_14' title="bbox 1971 830 3466 910; baseline -0.012 -13"><span class='ocrx_word' id='word_1_83' title='bbox 1971 844 2024 897; x_wconf 74' lang='grc'>4.</span> <span class='ocrx_word' id='word_1_84' title='bbox 2069 841 2150 894; x_wconf 88' lang='lat' dir='ltr'><strong>Sit</strong></span> <span class='ocrx_word' id='word_1_85' title='bbox 2190 841 2370 910; x_wconf 90' lang='lat' dir='ltr'><strong>itaque</strong></span> <span class='ocrx_word' id='word_1_86' title='bbox 2414 853 2596 892; x_wconf 89' lang='lat' dir='ltr'><strong>rerum</strong></span> <span class='ocrx_word' id='word_1_87' title='bbox 2634 850 2768 890; x_wconf 92' lang='lat' dir='ltr'><strong>usus</strong></span> <span class='ocrx_word' id='word_1_88' title='bbox 2809 830 3124 887; x_wconf 91' lang='lat' dir='ltr'><strong>necessitati</strong></span> <span class='ocrx_word' id='word_1_89' title='bbox 3153 843 3466 882; x_wconf 81' lang='lat' dir='ltr'><strong>accommo—</strong></span> 
     </span>
    </p>
   </div>
   <div class='ocr_carea' id='block_1_15' title="bbox 234 916 1833 1033">
    <p class='ocr_par' dir='ltr' id='par_1_15' title="bbox 234 916 1802 1033">
     <span class='ocr_line' id='line_1_15' title="bbox 234 916 1802 1033; baseline -0.014 -10"><span class='ocrx_word' id='word_1_90' title='bbox 234 969 331 1022; x_wconf 68' lang='grc' dir='ltr'>καὶ</span> <span class='ocrx_word' id='word_1_91' title='bbox 361 969 388 1018; x_wconf 86' lang='grc' dir='ltr'>ὁ</span> <span class='ocrx_word' id='word_1_92' title='bbox 431 963 570 1026; x_wconf 85' lang='grc' dir='ltr'>οἶνος</span> <span class='ocrx_word' id='word_1_93' title='bbox 601 963 736 1033; x_wconf 84' lang='grc' dir='ltr'>μήτε</span> <span class='ocrx_word' id='word_1_94' title='bbox 773 916 1056 1029; x_wconf 33' lang='lat' dir='ltr'><strong>aediﬁci;</strong></span> <span class='ocrx_word' id='word_1_95' title='bbox 1080 916 1315 1015; x_wconf 57' lang='grc' dir='ltr'>έστῶ,ἐί</span> <span class='ocrx_word' id='word_1_96' title='bbox 1344 918 1478 1022; x_wconf 74' lang='grc' dir='ltr'>πρὸς</span> <span class='ocrx_word' id='word_1_97' title='bbox 1506 916 1802 1022; x_wconf 70' lang='grc' dir='ltr'>θεραπείαν</span> 
     </span>
    </p>
   </div>
   <div class='ocr_carea' id='block_1_16' title="bbox 1937 916 3468 1033">
    <p class='ocr_par' dir='ltr' id='par_1_16' title="bbox 1943 916 3468 995">
     <span class='ocr_line' id='line_1_16' title="bbox 1943 916 3468 995; baseline -0.009 -9"><span class='ocrx_word' id='word_1_98' title='bbox 1943 949 2007 986; x_wconf 90' lang='lat' dir='ltr'><strong>us</strong></span> <span class='ocrx_word' id='word_1_99' title='bbox 2060 948 2122 985; x_wconf 87' lang='lat' dir='ltr'><strong>ac</strong></span> <span class='ocrx_word' id='word_1_100' title='bbox 2174 929 2528 989; x_wconf 88' lang='lat' dir='ltr'><strong>conveniens,</strong></span> <span class='ocrx_word' id='word_1_101' title='bbox 2589 941 2767 995; x_wconf 89' lang='lat' dir='ltr'><strong>neque</strong></span> <span class='ocrx_word' id='word_1_102' title='bbox 2835 925 3018 976; x_wconf 91' lang='lat' dir='ltr'><strong>vinum</strong></span> <span class='ocrx_word' id='word_1_103' title='bbox 3086 916 3352 974; x_wconf 74' lang='lat' dir='ltr'><strong>habeatur</strong></span> <span class='ocrx_word' id='word_1_104' title='bbox 3407 926 3468 974; x_wconf 84' lang='lat' dir='ltr'><strong>ut</strong></span> 
     </span>
    </p>
   </div>
   <div class='ocr_carea' id='block_1_17' title="bbox 233 1043 1800 1129">
    <p class='ocr_par' dir='ltr' id='par_1_17' title="bbox 233 1043 1800 1129">
     <span class='ocr_line' id='line_1_17' title="bbox 233 1043 1800 1129; baseline -0.013 -16"><span class='ocrx_word' id='word_1_105' title='bbox 233 1056 737 1129; x_wconf 59' lang='lat' dir='ltr'><strong>ﬁapalatt6dv0tro,</strong></span> <span class='ocrx_word' id='word_1_106' title='bbox 764 1053 901 1122; x_wconf 88' lang='grc' dir='ltr'>μήτε</span> <span class='ocrx_word' id='word_1_107' title='bbox 927 1045 1306 1110; x_wconf 79' lang='grc' dir='ltr'>σπουδαζέσθω</span> <span class='ocrx_word' id='word_1_108' title='bbox 1333 1046 1499 1116; x_wconf 81' lang='grc' dir='ltr'>χωρὶς</span> <span class='ocrx_word' id='word_1_109' title='bbox 1525 1043 1768 1112; x_wconf 77' lang='grc' dir='ltr'>ἀνάγκης</span> <span class='ocrx_word' id='word_1_110' title='bbox 1788 1060 1800 1071; x_wconf 92' lang='grc'>·</span> 
     </span>
    </p>
   </div>
   <div class='ocr_carea' id='block_1_18' title="bbox 235 1135 1808 1207">
    <p class='ocr_par' dir='ltr' id='par_1_18' title="bbox 235 1135 1808 1207">
     <span class='ocr_line' id='line_1_18' title="bbox 235 1135 1808 1207; baseline -0.013 -2"><span class='ocrx_word' id='word_1_111' title='bbox 235 1153 333 1204; x_wconf 70' lang='grc' dir='ltr'><strong>καὶ</strong></span> <span class='ocrx_word' id='word_1_112' title='bbox 359 1150 430 1202; x_wconf 77' lang='grc' dir='ltr'>τὰ</span> <span class='ocrx_word' id='word_1_113' title='bbox 461 1148 592 1202; x_wconf 83' lang='grc' dir='ltr'>ἀλλα</span> <span class='ocrx_word' id='word_1_114' title='bbox 626 1145 804 1198; x_wconf 86' lang='grc' dir='ltr'>πάντα</span> <span class='ocrx_word' id='word_1_115' title='bbox 845 1140 1102 1202; x_wconf 81' lang='grc' dir='ltr'><strong>ὡσαύτως</strong></span> <span class='ocrx_word' id='word_1_116' title='bbox 1144 1141 1264 1201; x_wconf 84' lang='grc' dir='ltr'>ταῖς</span> <span class='ocrx_word' id='word_1_117' title='bbox 1301 1136 1533 1207; x_wconf 87' lang='grc' dir='ltr'>χρείαις,</span> <span class='ocrx_word' id='word_1_118' title='bbox 1574 1135 1646 1205; x_wconf 80' lang='grc' dir='ltr'>μὴ</span> <span class='ocrx_word' id='word_1_119' title='bbox 1690 1135 1808 1195; x_wconf 82' lang='grc' dir='ltr'>ταῖς</span> 
     </span>
    </p>
   </div>
   <div class='ocr_carea' id='block_1_19' title="bbox 239 1218 1810 1308">
    <p class='ocr_par' dir='ltr' id='par_1_19' title="bbox 239 1218 1810 1308">
     <span class='ocr_line' id='line_1_19' title="bbox 239 1218 1810 1308; baseline -0.011 -17"><span class='ocrx_word' id='word_1_120' title='bbox 239 1218 560 1308; x_wconf 75' lang='grc' dir='ltr'>ἐπιθυμίαις</span> <span class='ocrx_word' id='word_1_121' title='bbox 592 1231 930 1303; x_wconf 79' lang='grc' dir='ltr'>ὑπηρετείτω</span> <span class='ocrx_word' id='word_1_122' title='bbox 956 1229 1062 1281; x_wconf 83' lang='grc' dir='ltr'><strong>τῶν</strong></span> <span class='ocrx_word' id='word_1_123' title='bbox 1092 1226 1460 1295; x_wconf 82' lang='grc' dir='ltr'>ἀσκουμένων.</span> <span class='ocrx_word' id='word_1_124' title='bbox 1500 1223 1810 1295; x_wconf 85' lang='grc' dir='ltr'>Προσευχῆς</span> 
     </span>
    </p>
   </div>
   <div class='ocr_carea' id='block_1_20' title="bbox 241 1314 1811 1399">
    <p class='ocr_par' dir='ltr' id='par_1_20' title="bbox 241 1314 1811 1399">
     <span class='ocr_line' id='line_1_20' title="bbox 241 1314 1811 1399; baseline -0.008 -20"><span class='ocrx_word' id='word_1_125' title='bbox 241 1329 433 1399; x_wconf 81' lang='grc' dir='ltr'>καιρὸς</span> <span class='ocrx_word' id='word_1_126' title='bbox 455 1328 591 1379; x_wconf 82' lang='grc' dir='ltr'>ἔστω</span> <span class='ocrx_word' id='word_1_127' title='bbox 624 1324 768 1385; x_wconf 82' lang='grc' dir='ltr'>άπας</span> <span class='ocrx_word' id='word_1_128' title='bbox 801 1322 829 1372; x_wconf 89' lang='grc' dir='ltr'>ὁ</span> <span class='ocrx_word' id='word_1_129' title='bbox 859 1321 969 1390; x_wconf 83' lang='grc' dir='ltr'>βίος</span> <span class='ocrx_word' id='word_1_130' title='bbox 986 1337 998 1348; x_wconf 89' lang='grc'><strong>·</strong></span> <span class='ocrx_word' id='word_1_131' title='bbox 1033 1319 1263 1388; x_wconf 89' lang='grc' dir='ltr'>μάλιστα</span> <span class='ocrx_word' id='word_1_132' title='bbox 1284 1317 1394 1387; x_wconf 79' lang='grc'>(55)</span> <span class='ocrx_word' id='word_1_133' title='bbox 1419 1316 1475 1369; x_wconf 80' lang='grc' dir='ltr'><strong>δὲ</strong></span> <span class='ocrx_word' id='word_1_134' title='bbox 1500 1314 1685 1383; x_wconf 75' lang='grc' dir='ltr'>ἐπειδὴ</span> <span class='ocrx_word' id='word_1_135' title='bbox 1709 1314 1811 1384; x_wconf 84' lang='grc' dir='ltr'><strong>χρή</strong></span> 
     </span>
    </p>
   </div>
   <div class='ocr_carea' id='block_1_21' title="bbox 241 1405 1813 1487">
    <p class='ocr_par' dir='ltr' id='par_1_21' title="bbox 241 1405 1813 1487">
     <span class='ocr_line' id='line_1_21' title="bbox 241 1405 1813 1487; baseline -0.012 -13"><span class='ocrx_word' id='word_1_136' title='bbox 241 1438 351 1473; x_wconf 86' lang='grc' dir='ltr'>τισι</span> <span class='ocrx_word' id='word_1_137' title='bbox 384 1417 735 1487; x_wconf 76' lang='grc' dir='ltr'><strong>διαλείμμασι</strong></span> <span class='ocrx_word' id='word_1_138' title='bbox 758 1413 820 1465; x_wconf 84' lang='grc' dir='ltr'><strong>τὸ</strong></span> <span class='ocrx_word' id='word_1_139' title='bbox 841 1411 1086 1464; x_wconf 78' lang='grc' dir='ltr'>σύντονον</span> <span class='ocrx_word' id='word_1_140' title='bbox 1119 1410 1217 1479; x_wconf 75' lang='grc' dir='ltr'><strong>τῆς</strong></span> <span class='ocrx_word' id='word_1_141' title='bbox 1251 1407 1565 1478; x_wconf 73' lang='grc' dir='ltr'>ψαλμῳδίας</span> <span class='ocrx_word' id='word_1_142' title='bbox 1594 1406 1686 1458; x_wconf 76' lang='grc' dir='ltr'><strong>καὶ</strong></span> <span class='ocrx_word' id='word_1_143' title='bbox 1713 1405 1813 1474; x_wconf 80' lang='grc' dir='ltr'><strong>τῆς</strong></span> 
     </span>
    </p>
   </div>
   <div class='ocr_carea' id='block_1_22' title="bbox 245 1495 1816 1580">
    <p class='ocr_par' dir='ltr' id='par_1_22' title="bbox 245 1495 1816 1580">
     <span class='ocr_line' id='line_1_22' title="bbox 245 1495 1816 1580; baseline -0.01 -15"><span class='ocrx_word' id='word_1_144' title='bbox 245 1511 591 1580; x_wconf 82' lang='grc' dir='ltr'>γονυκλισίας</span> <span class='ocrx_word' id='word_1_145' title='bbox 639 1504 1022 1567; x_wconf 82' lang='grc' dir='ltr'>διαναπαύειν,</span> <span class='ocrx_word' id='word_1_146' title='bbox 1063 1501 1452 1572; x_wconf 82' lang='grc' dir='ltr'>ἀκολουθητέον</span> <span class='ocrx_word' id='word_1_147' title='bbox 1494 1501 1613 1561; x_wconf 84' lang='grc' dir='ltr'>ταῖς</span> <span class='ocrx_word' id='word_1_148' title='bbox 1665 1495 1816 1568; x_wconf 65' lang='grc' dir='ltr'>πει,ρά</span> 
     </span>
    </p>
   </div>
   <div class='ocr_carea' id='block_1_23' title="bbox 245 1588 1817 1671">
    <p class='ocr_par' dir='ltr' id='par_1_23' title="bbox 245 1588 1817 1671">
     <span class='ocr_line' id='line_1_23' title="bbox 245 1588 1817 1671; baseline -0.012 -13"><span class='ocrx_word' id='word_1_149' title='bbox 245 1605 353 1658; x_wconf 79' lang='grc' dir='ltr'><strong>τῶν</strong></span> <span class='ocrx_word' id='word_1_150' title='bbox 381 1603 557 1671; x_wconf 85' lang='grc' dir='ltr'>ἀγίων</span> <span class='ocrx_word' id='word_1_151' title='bbox 583 1597 992 1667; x_wconf 86' lang='grc' dir='ltr'>τετυπωμέναις</span> <span class='ocrx_word' id='word_1_152' title='bbox 1020 1597 1097 1657; x_wconf 88' lang='grc' dir='ltr'>εἰς</span> <span class='ocrx_word' id='word_1_153' title='bbox 1131 1593 1436 1665; x_wconf 82' lang='grc' dir='ltr'>προσευχὴν</span> <span class='ocrx_word' id='word_1_154' title='bbox 1465 1591 1652 1661; x_wconf 82' lang='grc' dir='ltr'>ὥραις.</span> <span class='ocrx_word' id='word_1_155' title='bbox 1680 1588 1817 1658; x_wconf 76' lang='grc' dir='ltr'>Φησὶ</span> 
     </span>
    </p>
   </div>
   <div class='ocr_carea' id='block_1_24' title="bbox 247 1683 1818 1764">
    <p class='ocr_par' dir='ltr' id='par_1_24' title="bbox 247 1683 1818 1764">
     <span class='ocr_line' id='line_1_24' title="bbox 247 1683 1818 1764; baseline -0.012 -14"><span class='ocrx_word' id='word_1_156' title='bbox 247 1697 422 1750; x_wconf 75' lang='grc' dir='ltr'><strong>Ιτοίνυν</strong></span> <span class='ocrx_word' id='word_1_157' title='bbox 447 1697 475 1747; x_wconf 82' lang='grc' dir='ltr'>ὁ</span> <span class='ocrx_word' id='word_1_158' title='bbox 505 1693 678 1764; x_wconf 88' lang='grc' dir='ltr'>μέγας</span> <span class='ocrx_word' id='word_1_159' title='bbox 697 1690 879 1752; x_wconf 63' lang='grc' dir='ltr'>Δαδιδ,</span> <span class='ocrx_word' id='word_1_160' title='bbox 903 1690 982 1741; x_wconf 84' lang='grc' dir='ltr'><strong>ὃτι</strong></span> <span class='ocrx_word' id='word_1_161' title='bbox 1004 1687 1405 1740; x_wconf 60' lang='lat' dir='ltr'><strong>Meam-rixam-</strong></span> <span class='ocrx_word' id='word_1_162' title='bbox 1429 1683 1818 1750; x_wconf 76' lang='grc' dir='ltr'>ἐξηγειρόμην</span> 
     </span>
    </p>
   </div>
   <div class='ocr_carea' id='block_1_25' title="bbox 1907 1018 3464 1084">
    <p class='ocr_par' dir='ltr' id='par_1_25' title="bbox 1907 1018 3464 1084">
     <span class='ocr_line' id='line_1_25' title="bbox 1907 1018 3464 1084; baseline -0.009 -4"><span class='ocrx_word' id='word_1_163' title='bbox 1907 1024 2365 1084; x_wconf 87' lang='lat' dir='ltr'><strong>abominandum,</strong></span> <span class='ocrx_word' id='word_1_164' title='bbox 2404 1022 2450 1078; x_wconf 93' lang='lat' dir='ltr'><strong>si</strong></span> <span class='ocrx_word' id='word_1_165' title='bbox 2489 1021 2654 1076; x_wconf 90' lang='lat' dir='ltr'><strong>modo</strong></span> <span class='ocrx_word' id='word_1_166' title='bbox 2707 1019 2775 1072; x_wconf 91' lang='lat' dir='ltr'><strong>ad</strong></span> <span class='ocrx_word' id='word_1_167' title='bbox 2822 1018 3086 1073; x_wconf 83' lang='lat' dir='ltr'><strong>medelam</strong></span> <span class='ocrx_word' id='word_1_168' title='bbox 3133 1025 3464 1075; x_wconf 84' lang='lat' dir='ltr'><strong>assumatur,</strong></span> 
     </span>
    </p>
   </div>
   <div class='ocr_carea' id='block_1_26' title="bbox 1907 1105 3470 1186">
    <p class='ocr_par' dir='ltr' id='par_1_26' title="bbox 1907 1105 3470 1186">
     <span class='ocr_line' id='line_1_26' title="bbox 1907 1105 3470 1186; baseline -0.008 -16"><span class='ocrx_word' id='word_1_169' title='bbox 1907 1132 2084 1186; x_wconf 88' lang='lat' dir='ltr'><strong>neque</strong></span> <span class='ocrx_word' id='word_1_170' title='bbox 2112 1116 2356 1168; x_wconf 87' lang='lat' dir='ltr'><strong>studiose</strong></span> <span class='ocrx_word' id='word_1_171' title='bbox 2383 1124 2601 1183; x_wconf 88' lang='lat' dir='ltr'><strong>paretur</strong></span> <span class='ocrx_word' id='word_1_172' title='bbox 2631 1111 2766 1166; x_wconf 88' lang='lat' dir='ltr'><strong>citra</strong></span> <span class='ocrx_word' id='word_1_173' title='bbox 2803 1109 3181 1163; x_wconf 82' lang='lat' dir='ltr'><strong>necessitatem</strong></span> <span class='ocrx_word' id='word_1_174' title='bbox 3209 1124 3222 1171; x_wconf 92' lang='lat'>;</span> <span class='ocrx_word' id='word_1_175' title='bbox 3256 1115 3310 1160; x_wconf 93' lang='lat' dir='ltr'><strong>et</strong></span> <span class='ocrx_word' id='word_1_176' title='bbox 3342 1105 3470 1159; x_wconf 91' lang='lat' dir='ltr'><strong>reli—</strong></span> 
     </span>
    </p>
   </div>
   <div class='ocr_carea' id='block_1_27' title="bbox 1911 1196 3472 1276">
    <p class='ocr_par' dir='ltr' id='par_1_27' title="bbox 1911 1196 3472 1276">
     <span class='ocr_line' id='line_1_27' title="bbox 1911 1196 3472 1276; baseline -0.008 -16"><span class='ocrx_word' id='word_1_177' title='bbox 1911 1222 2018 1276; x_wconf 89' lang='lat' dir='ltr'><strong>qua</strong></span> <span class='ocrx_word' id='word_1_178' title='bbox 2054 1205 2235 1258; x_wconf 90' lang='lat' dir='ltr'><strong>omnia</strong></span> <span class='ocrx_word' id='word_1_179' title='bbox 2271 1204 2524 1257; x_wconf 88' lang='lat' dir='ltr'><strong>similiter</strong></span> <span class='ocrx_word' id='word_1_180' title='bbox 2555 1199 2885 1256; x_wconf 85' lang='lat' dir='ltr'><strong>necessariis</strong></span> <span class='ocrx_word' id='word_1_181' title='bbox 2923 1199 3140 1259; x_wconf 88' lang='lat' dir='ltr'><strong>usibus,</strong></span> <span class='ocrx_word' id='word_1_182' title='bbox 3179 1211 3286 1252; x_wconf 92' lang='lat' dir='ltr'><strong>non</strong></span> <span class='ocrx_word' id='word_1_183' title='bbox 3317 1196 3472 1266; x_wconf 89' lang='lat' dir='ltr'><strong>cupi-</strong></span> 
     </span>
    </p>
   </div>
   <div class='ocr_carea' id='block_1_28' title="bbox 1913 1287 3470 1358">
    <p class='ocr_par' dir='ltr' id='par_1_28' title="bbox 1913 1287 3470 1358">
     <span class='ocr_line' id='line_1_28' title="bbox 1913 1287 3470 1358; baseline -0.007 -9"><span class='ocrx_word' id='word_1_184' title='bbox 1913 1297 2178 1349; x_wconf 89' lang='lat' dir='ltr'><strong>ditatibus</strong></span> <span class='ocrx_word' id='word_1_185' title='bbox 2233 1293 2536 1348; x_wconf 84' lang='lat' dir='ltr'><strong>inserviant</strong></span> <span class='ocrx_word' id='word_1_186' title='bbox 2584 1306 2771 1345; x_wconf 92' lang='lat' dir='ltr'><strong>eorum</strong></span> <span class='ocrx_word' id='word_1_187' title='bbox 2819 1288 2913 1358; x_wconf 91' lang='lat' dir='ltr'><strong>qui</strong></span> <span class='ocrx_word' id='word_1_188' title='bbox 2961 1290 3124 1342; x_wconf 88' lang='lat' dir='ltr'><strong>vitam</strong></span> <span class='ocrx_word' id='word_1_189' title='bbox 3177 1287 3470 1340; x_wconf 86' lang='lat' dir='ltr'><strong>asceticam</strong></span> 
     </span>
    </p>
   </div>
   <div class='ocr_carea' id='block_1_29' title="bbox 1914 1376 3474 1451">
    <p class='ocr_par' dir='ltr' id='par_1_29' title="bbox 1914 1376 3474 1451">
     <span class='ocr_line' id='line_1_29' title="bbox 1914 1376 3474 1451; baseline -0.008 -7"><span class='ocrx_word' id='word_1_190' title='bbox 1914 1390 2192 1444; x_wconf 84' lang='lat' dir='ltr'><strong>excolunt.</strong></span> <span class='ocrx_word' id='word_1_191' title='bbox 2226 1385 2418 1440; x_wconf 89' lang='lat' dir='ltr'><strong>Omnis</strong></span> <span class='ocrx_word' id='word_1_192' title='bbox 2457 1385 2567 1436; x_wconf 87' lang='lat' dir='ltr'><strong>vita</strong></span> <span class='ocrx_word' id='word_1_193' title='bbox 2608 1391 2822 1451; x_wconf 89' lang='lat' dir='ltr'><strong>tempus</strong></span> <span class='ocrx_word' id='word_1_194' title='bbox 2853 1380 2924 1434; x_wconf 90' lang='lat' dir='ltr'><strong>sit</strong></span> <span class='ocrx_word' id='word_1_195' title='bbox 2956 1378 3171 1432; x_wconf 89' lang='lat' dir='ltr'><strong>orandi.</strong></span> <span class='ocrx_word' id='word_1_196' title='bbox 3205 1376 3474 1442; x_wconf 84' lang='lat' dir='ltr'><strong>Quoniam</strong></span> 
     </span>
    </p>
   </div>
   <div class='ocr_carea' id='block_1_30' title="bbox 1916 1469 3474 1545">
    <p class='ocr_par' dir='ltr' id='par_1_30' title="bbox 1916 1469 3474 1545">
     <span class='ocr_line' id='line_1_30' title="bbox 1916 1469 3474 1545; baseline -0.008 -12"><span class='ocrx_word' id='word_1_197' title='bbox 1916 1489 2100 1534; x_wconf 90' lang='lat' dir='ltr'><strong>tamen</strong></span> <span class='ocrx_word' id='word_1_198' title='bbox 2133 1478 2366 1532; x_wconf 83' lang='lat' dir='ltr'><strong>maxime</strong></span> <span class='ocrx_word' id='word_1_199' title='bbox 2393 1474 2720 1545; x_wconf 90' lang='lat' dir='ltr'><strong>quibusdam</strong></span> <span class='ocrx_word' id='word_1_200' title='bbox 2752 1472 3052 1527; x_wconf 85' lang='lat' dir='ltr'><strong>intervallis</strong></span> <span class='ocrx_word' id='word_1_201' title='bbox 3082 1485 3145 1525; x_wconf 88' lang='lat' dir='ltr'><strong>ea</strong></span> <span class='ocrx_word' id='word_1_202' title='bbox 3171 1469 3474 1530; x_wconf 89' lang='lat' dir='ltr'><strong>contentio,</strong></span> 
     </span>
    </p>
   </div>
   <div class='ocr_carea' id='block_1_31' title="bbox 1917 1561 3476 1642">
    <p class='ocr_par' dir='ltr' id='par_1_31' title="bbox 1917 1561 3476 1642">
     <span class='ocr_line' id='line_1_31' title="bbox 1917 1561 3476 1642; baseline -0.009 -15"><span class='ocrx_word' id='word_1_203' title='bbox 1917 1587 2038 1642; x_wconf 64' lang='lat' dir='ltr'><strong>qua:</strong></span> <span class='ocrx_word' id='word_1_204' title='bbox 2072 1571 2138 1626; x_wconf 89' lang='lat' dir='ltr'><strong>ad</strong></span> <span class='ocrx_word' id='word_1_205' title='bbox 2179 1569 2518 1641; x_wconf 86' lang='lat' dir='ltr'><strong>psallendum</strong></span> <span class='ocrx_word' id='word_1_206' title='bbox 2567 1575 2621 1621; x_wconf 92' lang='lat' dir='ltr'><strong>et</strong></span> <span class='ocrx_word' id='word_1_207' title='bbox 2661 1565 2725 1618; x_wconf 89' lang='lat' dir='ltr'><strong>ad</strong></span> <span class='ocrx_word' id='word_1_208' title='bbox 2756 1579 2932 1635; x_wconf 88' lang='lat' dir='ltr'><strong>genua</strong></span> <span class='ocrx_word' id='word_1_209' title='bbox 2969 1562 3292 1636; x_wconf 82' lang='lat' dir='ltr'><strong>inﬂectenda</strong></span> <span class='ocrx_word' id='word_1_210' title='bbox 3323 1561 3476 1614; x_wconf 85' lang='lat' dir='ltr'><strong>adhi--</strong></span> 
     </span>
    </p>
   </div>
   <div class='ocr_carea' id='block_1_32' title="bbox 1918 1652 3477 1734">
    <p class='ocr_par' dir='ltr' id='par_1_32' title="bbox 1918 1652 3477 1734">
     <span class='ocr_line' id='line_1_32' title="bbox 1918 1652 3477 1734; baseline -0.008 -17"><span class='ocrx_word' id='word_1_211' title='bbox 1918 1665 2098 1729; x_wconf 84' lang='lat' dir='ltr'><strong>betur,</strong></span> <span class='ocrx_word' id='word_1_212' title='bbox 2141 1656 2586 1734; x_wconf 83' lang='lat' dir='ltr'><strong>interrumpenda</strong></span> <span class='ocrx_word' id='word_1_213' title='bbox 2627 1665 2732 1718; x_wconf 87' lang='lat' dir='ltr'><strong>est,</strong></span> <span class='ocrx_word' id='word_1_214' title='bbox 2775 1655 3126 1710; x_wconf 86' lang='lat' dir='ltr'><strong>observandae</strong></span> <span class='ocrx_word' id='word_1_215' title='bbox 3162 1660 3290 1708; x_wconf 90' lang='lat' dir='ltr'><strong>sunt</strong></span> <span class='ocrx_word' id='word_1_216' title='bbox 3328 1652 3477 1706; x_wconf 87' lang='lat' dir='ltr'><strong>horae</strong></span> 
     </span>
    </p>
   </div>
   <div class='ocr_carea' id='block_1_33' title="bbox 247 1744 1833 1854">
    <p class='ocr_par' dir='ltr' id='par_1_33' title="bbox 247 1744 1817 1854">
     <span class='ocr_line' id='line_1_33' title="bbox 247 1744 1817 1854; baseline -0.012 -13"><span class='ocrx_word' id='word_1_217' title='bbox 247 1744 883 1854; x_wconf 53' lang='lat' dir='ltr'><strong>;;.~;&#39;i.s&#39;o;.o.&#39;za;.sraoa2</strong></span> <span class='ocrx_word' id='word_1_218' title='bbox 919 1778 1026 1847; x_wconf 82' lang='lat'><strong>(56)</strong></span> <span class='ocrx_word' id='word_1_219' title='bbox 1065 1793 1162 1829; x_wconf 84' lang='grc' dir='ltr'><strong>σοι</strong></span> <span class='ocrx_word' id='word_1_220' title='bbox 1192 1776 1288 1829; x_wconf 77' lang='grc' dir='ltr'><strong>ἐπὶ</strong></span> <span class='ocrx_word' id='word_1_221' title='bbox 1328 1774 1400 1827; x_wconf 84' lang='grc' dir='ltr'>τὰ</span> <span class='ocrx_word' id='word_1_222' title='bbox 1433 1744 1817 1841; x_wconf 60' lang='grc' dir='ltr'><strong>κρίιὶαέα’τῆς</strong></span> 
     </span>
    </p>
   </div>
   <div class='ocr_carea' id='block_1_34' title="bbox 1937 1744 3479 1854">
    <p class='ocr_par' dir='ltr' id='par_1_34' title="bbox 1937 1744 3479 1821">
     <span class='ocr_line' id='line_1_34' title="bbox 1937 1744 3479 1821; baseline -0.008 -12"><span class='ocrx_word' id='word_1_223' title='bbox 1937 1772 1948 1808; x_wconf 87' lang='grc' dir='ltr'><strong>ι</strong></span> <span class='ocrx_word' id='word_1_224' title='bbox 1984 1753 2188 1809; x_wconf 78' lang='lat' dir='ltr'><strong>sanctis</strong></span> <span class='ocrx_word' id='word_1_225' title='bbox 2227 1766 2325 1821; x_wconf 90' lang='lat' dir='ltr'><strong>pro</strong></span> <span class='ocrx_word' id='word_1_226' title='bbox 2363 1751 2618 1819; x_wconf 83' lang='lat' dir='ltr'><strong>precibus</strong></span> <span class='ocrx_word' id='word_1_227' title='bbox 2651 1748 2963 1817; x_wconf 55' lang='lat' dir='ltr'><strong>designata.</strong></span> <span class='ocrx_word' id='word_1_228' title='bbox 3016 1745 3105 1798; x_wconf 85' lang='lat' dir='ltr'><strong>Ait</strong></span> <span class='ocrx_word' id='word_1_229' title='bbox 3154 1744 3319 1814; x_wconf 75' lang='lat' dir='ltr'><strong>igitur</strong></span> <span class='ocrx_word' id='word_1_230' title='bbox 3362 1758 3479 1796; x_wconf 88' lang='lat' dir='ltr'><strong>ma—</strong></span> 
     </span>
    </p>
   </div>
   <div class='ocr_carea' id='block_1_35' title="bbox 250 1863 1817 1940">
    <p class='ocr_par' dir='ltr' id='par_1_35' title="bbox 250 1863 1817 1940">
     <span class='ocr_line' id='line_1_35' title="bbox 250 1863 1817 1940; baseline -0.012 -9"><span class='ocrx_word' id='word_1_231' title='bbox 250 1878 648 1940; x_wconf 81' lang='grc' dir='ltr'>δικαιοσύνης</span> <span class='ocrx_word' id='word_1_232' title='bbox 683 1888 828 1926; x_wconf 73' lang='grc' dir='ltr'>σουο</span> <span class='ocrx_word' id='word_1_233' title='bbox 964 1869 1055 1922; x_wconf 69' lang='grc' dir='ltr'><strong>καὶ</strong></span> <span class='ocrx_word' id='word_1_234' title='bbox 1093 1865 1302 1929; x_wconf 80' lang='grc' dir='ltr'>Παῦλος</span> <span class='ocrx_word' id='word_1_235' title='bbox 1340 1866 1434 1918; x_wconf 72' lang='grc' dir='ltr'><strong>καὶ</strong></span> <span class='ocrx_word' id='word_1_236' title='bbox 1485 1865 1643 1925; x_wconf 84' lang='grc' dir='ltr'>Σίλας</span> <span class='ocrx_word' id='word_1_237' title='bbox 1687 1863 1817 1914; x_wconf 88' lang='grc' dir='ltr'>ἀκο-</span> 
     </span>
    </p>
   </div>
   <div class='ocr_carea' id='block_1_36' title="bbox 251 1953 1821 2036">
    <p class='ocr_par' dir='ltr' id='par_1_36' title="bbox 251 1953 1821 2036">
     <span class='ocr_line' id='line_1_36' title="bbox 251 1953 1821 2036; baseline -0.011 -14"><span class='ocrx_word' id='word_1_238' title='bbox 251 1969 568 2029; x_wconf 86' lang='grc' dir='ltr'>λουθοῦντες</span> <span class='ocrx_word' id='word_1_239' title='bbox 598 1964 961 2036; x_wconf 83' lang='grc' dir='ltr'>εὑρίσκονται,</span> <span class='ocrx_word' id='word_1_240' title='bbox 1005 1961 1145 2015; x_wconf 85' lang='grc' dir='ltr'><strong>κατά</strong></span> <span class='ocrx_word' id='word_1_241' title='bbox 1181 1960 1242 2012; x_wconf 78' lang='grc' dir='ltr'><strong>τὸ</strong></span> <span class='ocrx_word' id='word_1_242' title='bbox 1287 1957 1632 2029; x_wconf 74' lang='grc' dir='ltr'>μεσονύκτιον</span> <span class='ocrx_word' id='word_1_243' title='bbox 1663 1958 1718 2007; x_wconf 77' lang='grc' dir='ltr'>ἐν</span> <span class='ocrx_word' id='word_1_244' title='bbox 1744 1953 1821 2023; x_wconf 85' lang='grc' dir='ltr'>τῷ</span> 
     </span>
    </p>
   </div>
   <div class='ocr_carea' id='block_1_37' title="bbox 251 2044 1822 2130">
    <p class='ocr_par' dir='ltr' id='par_1_37' title="bbox 251 2044 1822 2130">
     <span class='ocr_line' id='line_1_37' title="bbox 251 2044 1822 2130; baseline -0.011 -16"><span class='ocrx_word' id='word_1_245' title='bbox 251 2059 614 2130; x_wconf 75' lang='grc' dir='ltr'>δεσμωτηρίῳ</span> <span class='ocrx_word' id='word_1_246' title='bbox 630 2058 723 2109; x_wconf 79' lang='grc' dir='ltr'><strong>τὸν</strong></span> <span class='ocrx_word' id='word_1_247' title='bbox 755 2054 886 2107; x_wconf 81' lang='grc' dir='ltr'>Θεὸν</span> <span class='ocrx_word' id='word_1_248' title='bbox 916 2051 1207 2114; x_wconf 76' lang='grc' dir='ltr'>αἰνοῦντες.</span> <span class='ocrx_word' id='word_1_249' title='bbox 1238 2044 1374 2102; x_wconf 75' lang='grc' dir='ltr'>Εἶτά</span> <span class='ocrx_word' id='word_1_250' title='bbox 1414 2065 1575 2117; x_wconf 82' lang='grc' dir='ltr'>φησιν</span> <span class='ocrx_word' id='word_1_251' title='bbox 1607 2049 1636 2098; x_wconf 87' lang='grc' dir='ltr'>ὁ</span> <span class='ocrx_word' id='word_1_252' title='bbox 1660 2045 1822 2108; x_wconf 73' lang='grc' dir='ltr'>αὐτὸς</span> 
     </span>
    </p>
   </div>
   <div class='ocr_carea' id='block_1_38' title="bbox 253 2139 1818 2223">
    <p class='ocr_par' dir='ltr' id='par_1_38' title="bbox 253 2139 1818 2223">
     <span class='ocr_line' id='line_1_38' title="bbox 253 2139 1818 2223; baseline -0.011 -18"><span class='ocrx_word' id='word_1_253' title='bbox 253 2153 575 2223; x_wconf 61' lang='grc' dir='ltr'>προφήτης·</span> <span class='ocrx_word' id='word_1_254' title='bbox 616 2146 904 2214; x_wconf 76' lang='grc' dir='ltr'>Ἑσπέρας</span> <span class='ocrx_word' id='word_1_255' title='bbox 946 2144 1045 2198; x_wconf 82' lang='grc' dir='ltr'>καὶ</span> <span class='ocrx_word' id='word_1_256' title='bbox 1095 2143 1241 2211; x_wconf 82' lang='grc' dir='ltr'>πρωὶ</span> <span class='ocrx_word' id='word_1_257' title='bbox 1290 2141 1384 2194; x_wconf 78' lang='grc' dir='ltr'>καὶ</span> <span class='ocrx_word' id='word_1_258' title='bbox 1429 2139 1818 2209; x_wconf 77' lang='grc' dir='ltr'>μεσημϐρίας.</span> 
     </span>
    </p>
   </div>
   <div class='ocr_carea' id='block_1_39' title="bbox 267 2228 1824 2310">
    <p class='ocr_par' dir='ltr' id='par_1_39' title="bbox 267 2228 1824 2310">
     <span class='ocr_line' id='line_1_39' title="bbox 267 2228 1824 2310; baseline -0.011 -14"><span class='ocrx_word' id='word_1_259' title='bbox 267 2243 429 2296; x_wconf 79' lang='grc' dir='ltr'>Ἀλλά</span> <span class='ocrx_word' id='word_1_260' title='bbox 453 2240 546 2294; x_wconf 73' lang='grc' dir='ltr'><strong>καὶ</strong></span> <span class='ocrx_word' id='word_1_261' title='bbox 578 2241 610 2310; x_wconf 85' lang='grc' dir='ltr'>ὴ</span> <span class='ocrx_word' id='word_1_262' title='bbox 639 2238 728 2292; x_wconf 90' lang='grc' dir='ltr'><strong>τοῦ</strong></span> <span class='ocrx_word' id='word_1_263' title='bbox 754 2238 908 2304; x_wconf 82' lang='grc' dir='ltr'>ἁγίου</span> <span class='ocrx_word' id='word_1_264' title='bbox 929 2235 1064 2290; x_wconf 88' lang='grc' dir='ltr'>Πνεύ</span> <span class='ocrx_word' id='word_1_265' title='bbox 1074 2251 1238 2306; x_wconf 87' lang='grc' dir='ltr'>ματος</span> <span class='ocrx_word' id='word_1_266' title='bbox 1257 2231 1524 2303; x_wconf 87' lang='grc' dir='ltr'>παρουσία</span> <span class='ocrx_word' id='word_1_267' title='bbox 1545 2230 1657 2300; x_wconf 78' lang='grc'>(57)</span> <span class='ocrx_word' id='word_1_268' title='bbox 1683 2228 1824 2281; x_wconf 80' lang='grc' dir='ltr'><strong>κατά</strong></span> 
     </span>
    </p>
   </div>
   <div class='ocr_carea' id='block_1_40' title="bbox 254 2319 1826 2404">
    <p class='ocr_par' dir='ltr' id='par_1_40' title="bbox 254 2319 1826 2404">
     <span class='ocr_line' id='line_1_40' title="bbox 254 2319 1826 2404; baseline -0.011 -17"><span class='ocrx_word' id='word_1_269' title='bbox 254 2334 352 2404; x_wconf 75' lang='grc' dir='ltr'><strong>τὴν</strong></span> <span class='ocrx_word' id='word_1_270' title='bbox 385 2332 580 2403; x_wconf 78' lang='grc' dir='ltr'>τρίτην</span> <span class='ocrx_word' id='word_1_271' title='bbox 619 2331 828 2399; x_wconf 87' lang='grc' dir='ltr'>γίνεται</span> <span class='ocrx_word' id='word_1_272' title='bbox 866 2328 1046 2398; x_wconf 85' lang='grc' dir='ltr'>ὥραν,</span> <span class='ocrx_word' id='word_1_273' title='bbox 1101 2324 1282 2386; x_wconf 85' lang='grc' dir='ltr'>καθὼς</span> <span class='ocrx_word' id='word_1_274' title='bbox 1333 2327 1389 2376; x_wconf 80' lang='grc' dir='ltr'><strong>ἐν</strong></span> <span class='ocrx_word' id='word_1_275' title='bbox 1419 2325 1536 2384; x_wconf 86' lang='grc' dir='ltr'>ταῖς</span> <span class='ocrx_word' id='word_1_276' title='bbox 1589 2319 1826 2392; x_wconf 78' lang='grc' dir='ltr'>Πράξεσι</span> 
     </span>
    </p>
   </div>
   <div class='ocr_carea' id='block_1_41' title="bbox 259 2411 1826 2496">
    <p class='ocr_par' dir='ltr' id='par_1_41' title="bbox 259 2411 1826 2496">
     <span class='ocr_line' id='line_1_41' title="bbox 259 2411 1826 2496; baseline -0.011 -17"><span class='ocrx_word' id='word_1_277' title='bbox 259 2423 663 2496; x_wconf 78' lang='grc' dir='ltr'>μεμαθήκαμεν</span> <span class='ocrx_word' id='word_1_278' title='bbox 689 2462 702 2483; x_wconf 88' lang='grc'><strong>,</strong></span> <span class='ocrx_word' id='word_1_279' title='bbox 733 2421 854 2483; x_wconf 84' lang='grc' dir='ltr'>ὅτε,</span> <span class='ocrx_word' id='word_1_280' title='bbox 898 2417 1350 2487; x_wconf 77' lang='grc' dir='ltr'>διαχλευαζόντων</span> <span class='ocrx_word' id='word_1_281' title='bbox 1402 2417 1460 2466; x_wconf 82' lang='grc' dir='ltr'>ὲν</span> <span class='ocrx_word' id='word_1_282' title='bbox 1500 2415 1565 2483; x_wconf 78' lang='grc' dir='ltr'>τῇ</span> <span class='ocrx_word' id='word_1_283' title='bbox 1609 2411 1826 2482; x_wconf 66' lang='grc' dir='ltr'>ποικίλῃ</span> 
     </span>
    </p>
   </div>
   <div class='ocr_carea' id='block_1_42' title="bbox 256 2503 1826 2584">
    <p class='ocr_par' dir='ltr' id='par_1_42' title="bbox 256 2503 1826 2584">
     <span class='ocr_line' id='line_1_42' title="bbox 256 2503 1826 2584; baseline -0.01 -15"><span class='ocrx_word' id='word_1_284' title='bbox 256 2518 366 2569; x_wconf 81' lang='grc' dir='ltr'><strong>τῶν</strong></span> <span class='ocrx_word' id='word_1_285' title='bbox 391 2513 653 2584; x_wconf 85' lang='grc' dir='ltr'>γλωσσῶν</span> <span class='ocrx_word' id='word_1_286' title='bbox 675 2511 924 2581; x_wconf 72' lang='grc' dir='ltr'>ἐνεργείᾳ</span> <span class='ocrx_word' id='word_1_287' title='bbox 949 2509 1056 2561; x_wconf 86' lang='grc' dir='ltr'><strong>τῶν</strong></span> <span class='ocrx_word' id='word_1_288' title='bbox 1075 2507 1380 2578; x_wconf 81' lang='grc' dir='ltr'>Φαρισαίων</span> <span class='ocrx_word' id='word_1_289' title='bbox 1404 2506 1527 2567; x_wconf 76' lang='grc' dir='ltr'>τοὺς</span> <span class='ocrx_word' id='word_1_290' title='bbox 1559 2503 1826 2574; x_wconf 72' lang='grc' dir='ltr'>μαθητὰς,</span> 
     </span>
    </p>
   </div>
   <div class='ocr_carea' id='block_1_43' title="bbox 259 2595 1824 2678">
    <p class='ocr_par' dir='ltr' id='par_1_43' title="bbox 259 2595 1824 2678">
     <span class='ocr_line' id='line_1_43' title="bbox 259 2595 1824 2678; baseline -0.009 -18"><span class='ocrx_word' id='word_1_291' title='bbox 259 2609 426 2678; x_wconf 67' lang='grc' dir='ltr'>φησιν</span> <span class='ocrx_word' id='word_1_292' title='bbox 461 2607 490 2658; x_wconf 86' lang='grc' dir='ltr'>ὁ</span> <span class='ocrx_word' id='word_1_293' title='bbox 525 2605 727 2675; x_wconf 81' lang='grc' dir='ltr'>Πέτρος</span> <span class='ocrx_word' id='word_1_294' title='bbox 767 2602 838 2672; x_wconf 80' lang='grc' dir='ltr'>μὴ</span> <span class='ocrx_word' id='word_1_295' title='bbox 876 2600 1090 2672; x_wconf 75' lang='grc' dir='ltr'>μεθύειν</span> <span class='ocrx_word' id='word_1_296' title='bbox 1132 2601 1256 2661; x_wconf 76' lang='grc' dir='ltr'>τοὺς</span> <span class='ocrx_word' id='word_1_297' title='bbox 1288 2598 1457 2650; x_wconf 82' lang='grc' dir='ltr'>ταῦτα</span> <span class='ocrx_word' id='word_1_298' title='bbox 1501 2595 1824 2658; x_wconf 81' lang='grc' dir='ltr'>λαλοῦντας·</span> 
     </span>
    </p>
   </div>
   <div class='ocr_carea' id='block_1_44' title="bbox 259 2685 1828 2772">
    <p class='ocr_par' dir='ltr' id='par_1_44' title="bbox 259 2685 1828 2772">
     <span class='ocr_line' id='line_1_44' title="bbox 259 2685 1828 2772; baseline -0.011 -18"><span class='ocrx_word' id='word_1_299' title='bbox 259 2701 381 2772; x_wconf 86' lang='grc' dir='ltr'><strong>ῶρα</strong></span> <span class='ocrx_word' id='word_1_300' title='bbox 428 2698 538 2768; x_wconf 81' lang='grc' dir='ltr'><strong>γάρ</strong></span> <span class='ocrx_word' id='word_1_301' title='bbox 582 2699 696 2748; x_wconf 86' lang='grc' dir='ltr'>ὲστι</span> <span class='ocrx_word' id='word_1_302' title='bbox 751 2695 930 2764; x_wconf 86' lang='grc' dir='ltr'>τρίτη.</span> <span class='ocrx_word' id='word_1_303' title='bbox 974 2693 1035 2743; x_wconf 86' lang='lat' dir='ltr'><strong>&#39;H</strong></span> <span class='ocrx_word' id='word_1_304' title='bbox 1067 2691 1123 2744; x_wconf 80' lang='grc' dir='ltr'>δὲ</span> <span class='ocrx_word' id='word_1_305' title='bbox 1151 2691 1312 2757; x_wconf 80' lang='grc' dir='ltr'>ἐνάτη</span> <span class='ocrx_word' id='word_1_306' title='bbox 1355 2689 1447 2741; x_wconf 87' lang='grc' dir='ltr'><strong>τοῦ</strong></span> <span class='ocrx_word' id='word_1_307' title='bbox 1501 2685 1828 2740; x_wconf 87' lang='grc' dir='ltr'>Δεσποτικοῦ</span> 
     </span>
    </p>
   </div>
   <div class='ocr_carea' id='block_1_45' title="bbox 263 2777 1863 2854">
    <p class='ocr_par' dir='ltr' id='par_1_45' title="bbox 263 2777 1863 2854">
     <span class='ocr_line' id='line_1_45' title="bbox 263 2777 1863 2854; baseline -0.011 -10"><span class='ocrx_word' id='word_1_308' title='bbox 263 2791 470 2853; x_wconf 76' lang='grc' dir='ltr'>πάθους</span> <span class='ocrx_word' id='word_1_309' title='bbox 516 2788 633 2840; x_wconf 73' lang='grc' dir='ltr'>ἐστὶ</span> <span class='ocrx_word' id='word_1_310' title='bbox 687 2784 1058 2854; x_wconf 77' lang='grc' dir='ltr'>μνημόσυνον,</span> <span class='ocrx_word' id='word_1_311' title='bbox 1106 2781 1199 2833; x_wconf 84' lang='grc' dir='ltr'><strong>τοῦ</strong></span> <span class='ocrx_word' id='word_1_312' title='bbox 1231 2781 1370 2850; x_wconf 75' lang='grc' dir='ltr'>ὑπὲρ</span> <span class='ocrx_word' id='word_1_313' title='bbox 1411 2779 1509 2848; x_wconf 75' lang='grc' dir='ltr'>τῆς</span> <span class='ocrx_word' id='word_1_314' title='bbox 1561 2777 1863 2849; x_wconf 63' lang='grc' dir='ltr'>ἡμετέρας,</span> 
     </span>
    </p>
   </div>
   <div class='ocr_carea' id='block_1_46' title="bbox 264 2867 1833 2951">
    <p class='ocr_par' dir='ltr' id='par_1_46' title="bbox 264 2867 1833 2951">
     <span class='ocr_line' id='line_1_46' title="bbox 264 2867 1833 2951; baseline -0.012 -15"><span class='ocrx_word' id='word_1_315' title='bbox 264 2881 414 2951; x_wconf 78' lang='grc' dir='ltr'>ζωῆς</span> <span class='ocrx_word' id='word_1_316' title='bbox 465 2877 776 2947; x_wconf 79' lang='grc' dir='ltr'>γενομένου.</span> <span class='ocrx_word' id='word_1_317' title='bbox 815 2873 951 2925; x_wconf 77' lang='grc' dir='ltr'>Ἀλλ’</span> <span class='ocrx_word' id='word_1_318' title='bbox 1005 2870 1188 2940; x_wconf 83' lang='grc' dir='ltr'>ἐπειδή</span> <span class='ocrx_word' id='word_1_319' title='bbox 1239 2886 1399 2938; x_wconf 77' lang='grc' dir='ltr'>φησιν</span> <span class='ocrx_word' id='word_1_320' title='bbox 1441 2871 1469 2920; x_wconf 82' lang='grc' dir='ltr'>ὁ</span> <span class='ocrx_word' id='word_1_321' title='bbox 1504 2867 1697 2929; x_wconf 70' lang='grc' dir='ltr'>Δαϐὶδ,</span> <span class='ocrx_word' id='word_1_322' title='bbox 1751 2867 1833 2918; x_wconf 82' lang='grc' dir='ltr'>ὅτι</span> 
     </span>
    </p>
   </div>
   <div class='ocr_carea' id='block_1_47' title="bbox 277 2959 1835 3035">
    <p class='ocr_par' dir='ltr' id='par_1_47' title="bbox 277 2959 1835 3035">
     <span class='ocr_line' id='line_1_47' title="bbox 277 2959 1835 3035; baseline -0.011 -9"><span class='ocrx_word' id='word_1_323' title='bbox 277 2971 561 3035; x_wconf 71' lang='grc' dir='ltr'>Ἐπτὰκις</span> <span class='ocrx_word' id='word_1_324' title='bbox 589 2966 698 3035; x_wconf 82' lang='grc' dir='ltr'>τῆς</span> <span class='ocrx_word' id='word_1_325' title='bbox 741 2962 963 3033; x_wconf 76' lang='grc' dir='ltr'>ἡμέρας</span> <span class='ocrx_word' id='word_1_326' title='bbox 997 2961 1190 3030; x_wconf 58' lang='lat' dir='ltr'><strong>{Ir-ead</strong></span> <span class='ocrx_word' id='word_1_327' title='bbox 1231 2978 1302 3014; x_wconf 83' lang='lat'><strong>0&#39;8</strong></span> <span class='ocrx_word' id='word_1_328' title='bbox 1327 2960 1424 3013; x_wconf 78' lang='grc' dir='ltr'><strong>ἐπὶ</strong></span> <span class='ocrx_word' id='word_1_329' title='bbox 1469 2960 1540 3012; x_wconf 81' lang='grc' dir='ltr'>τὰ</span> <span class='ocrx_word' id='word_1_330' title='bbox 1587 2959 1835 3026; x_wconf 80' lang='grc' dir='ltr'>κρίματα</span> 
     </span>
    </p>
   </div>
   <div class='ocr_carea' id='block_1_48' title="bbox 264 3049 1834 3131">
    <p class='ocr_par' dir='ltr' id='par_1_48' title="bbox 264 3049 1834 3131">
     <span class='ocr_line' id='line_1_48' title="bbox 264 3049 1834 3131; baseline -0.011 -14"><span class='ocrx_word' id='word_1_331' title='bbox 264 3064 378 3131; x_wconf 78' lang='grc' dir='ltr'>τῆς</span> <span class='ocrx_word' id='word_1_332' title='bbox 423 3061 812 3124; x_wconf 78' lang='grc' dir='ltr'>δικαιοσύνης</span> <span class='ocrx_word' id='word_1_333' title='bbox 855 3072 1004 3117; x_wconf 84' lang='grc' dir='ltr'>σου,</span> <span class='ocrx_word' id='word_1_334' title='bbox 1035 3056 1082 3106; x_wconf 81' lang='grc' dir='ltr'>οἱ</span> <span class='ocrx_word' id='word_1_335' title='bbox 1127 3053 1183 3105; x_wconf 82' lang='grc' dir='ltr'>δὲ</span> <span class='ocrx_word' id='word_1_336' title='bbox 1231 3050 1690 3123; x_wconf 78' lang='grc' dir='ltr'>μνημονευθέντες</span> <span class='ocrx_word' id='word_1_337' title='bbox 1737 3049 1834 3118; x_wconf 75' lang='grc' dir='ltr'><strong>τῆς</strong></span> 
     </span>
    </p>
   </div>
   <div class='ocr_carea' id='block_1_49' title="bbox 266 3141 1832 3226">
    <p class='ocr_par' dir='ltr' id='par_1_49' title="bbox 266 3141 1832 3226">
     <span class='ocr_line' id='line_1_49' title="bbox 266 3141 1832 3226; baseline -0.01 -19"><span class='ocrx_word' id='word_1_338' title='bbox 266 3152 576 3226; x_wconf 81' lang='grc' dir='ltr'>προσευχῆς</span> <span class='ocrx_word' id='word_1_339' title='bbox 627 3149 826 3222; x_wconf 70' lang='grc' dir='ltr'>καιροὶ·</span> <span class='ocrx_word' id='word_1_340' title='bbox 853 3149 912 3202; x_wconf 74' lang='grc' dir='ltr'><strong>οὐ</strong></span> <span class='ocrx_word' id='word_1_341' title='bbox 957 3145 1218 3218; x_wconf 84' lang='grc' dir='ltr'>πληροῦσι</span> <span class='ocrx_word' id='word_1_342' title='bbox 1271 3143 1368 3215; x_wconf 82' lang='grc' dir='ltr'><strong>τὴν</strong></span> <span class='ocrx_word' id='word_1_343' title='bbox 1415 3141 1679 3212; x_wconf 77' lang='grc' dir='ltr'>ἑϐδομάδα</span> <span class='ocrx_word' id='word_1_344' title='bbox 1725 3141 1832 3192; x_wconf 85' lang='grc' dir='ltr'><strong>τῶν</strong></span> 
     </span>
    </p>
   </div>
   <div class='ocr_carea' id='block_1_50' title="bbox 266 3231 1832 3313">
    <p class='ocr_par' dir='ltr' id='par_1_50' title="bbox 266 3231 1832 3313">
     <span class='ocr_line' id='line_1_50' title="bbox 266 3231 1832 3313; baseline -0.008 -19"><span class='ocrx_word' id='word_1_345' title='bbox 266 3239 610 3313; x_wconf 79' lang='grc' dir='ltr'>προσευχῶν,</span> <span class='ocrx_word' id='word_1_346' title='bbox 626 3238 725 3310; x_wconf 77' lang='grc' dir='ltr'>τὴν</span> <span class='ocrx_word' id='word_1_347' title='bbox 758 3235 1131 3308; x_wconf 79' lang='grc' dir='ltr'>μεσημϐρινὴν</span> <span class='ocrx_word' id='word_1_348' title='bbox 1151 3231 1453 3304; x_wconf 79' lang='grc' dir='ltr'>προσευχὴν</span> <span class='ocrx_word' id='word_1_349' title='bbox 1481 3231 1800 3302; x_wconf 81' lang='grc' dir='ltr'>διατμητέον</span> <span class='ocrx_word' id='word_1_350' title='bbox 1819 3247 1832 3258; x_wconf 85' lang='grc'><strong>·</strong></span> 
     </span>
    </p>
   </div>
   <div class='ocr_carea' id='block_1_51' title="bbox 269 3321 1834 3403">
    <p class='ocr_par' dir='ltr' id='par_1_51' title="bbox 269 3321 1834 3403">
     <span class='ocr_line' id='line_1_51' title="bbox 269 3321 1834 3403; baseline -0.01 -17"><span class='ocrx_word' id='word_1_351' title='bbox 269 3335 367 3387; x_wconf 81' lang='grc' dir='ltr'><strong>καί</strong></span> <span class='ocrx_word' id='word_1_352' title='bbox 537 3332 634 3402; x_wconf 77' lang='grc' dir='ltr'><strong>μὲν</strong></span> <span class='ocrx_word' id='word_1_353' title='bbox 682 3330 789 3400; x_wconf 79' lang='grc' dir='ltr'>πρὸ</span> <span class='ocrx_word' id='word_1_354' title='bbox 819 3326 915 3381; x_wconf 91' lang='grc' dir='ltr'><strong>τοῦ</strong></span> <span class='ocrx_word' id='word_1_355' title='bbox 973 3324 1437 3398; x_wconf 82' lang='grc' dir='ltr'>προσενέγκασθαι</span> <span class='ocrx_word' id='word_1_356' title='bbox 1471 3323 1569 3393; x_wconf 84' lang='grc' dir='ltr'><strong>τὴν</strong></span> <span class='ocrx_word' id='word_1_357' title='bbox 1610 3321 1834 3391; x_wconf 73' lang='grc' dir='ltr'>τροφὴν,</span> 
     </span>
    </p>
   </div>
   <div class='ocr_carea' id='block_1_52' title="bbox 266 3413 1840 3498">
    <p class='ocr_par' dir='ltr' id='par_1_52' title="bbox 266 3413 1840 3498">
     <span class='ocr_line' id='line_1_52' title="bbox 266 3413 1840 3498; baseline -0.01 -19"><span class='ocrx_word' id='word_1_358' title='bbox 266 3427 370 3498; x_wconf 74' lang='grc' dir='ltr'>τὴν</span> <span class='ocrx_word' id='word_1_359' title='bbox 396 3426 453 3478; x_wconf 86' lang='grc' dir='ltr'><strong>δὲ</strong></span> <span class='ocrx_word' id='word_1_360' title='bbox 494 3423 630 3494; x_wconf 89' lang='grc' dir='ltr'><strong>μετά</strong></span> <span class='ocrx_word' id='word_1_361' title='bbox 655 3423 716 3475; x_wconf 83' lang='grc' dir='ltr'><strong>τὸ</strong></span> <span class='ocrx_word' id='word_1_362' title='bbox 758 3419 1250 3494; x_wconf 84' lang='grc' dir='ltr'>προσενέγκασθαι·</span> <span class='ocrx_word' id='word_1_363' title='bbox 1287 3415 1428 3470; x_wconf 81' lang='grc' dir='ltr'>ὥστε</span> <span class='ocrx_word' id='word_1_364' title='bbox 1468 3413 1840 3484; x_wconf 76' lang='grc' dir='ltr'>γενέσθαικαὶ</span> 
     </span>
    </p>
   </div>
   <div class='ocr_carea' id='block_1_53' title="bbox 268 3503 1839 3588">
    <p class='ocr_par' dir='ltr' id='par_1_53' title="bbox 268 3503 1839 3588">
     <span class='ocr_line' id='line_1_53' title="bbox 268 3503 1839 3588; baseline -0.009 -18"><span class='ocrx_word' id='word_1_365' title='bbox 268 3521 404 3588; x_wconf 68' lang='grc' dir='ltr'>ἡμῖν</span> <span class='ocrx_word' id='word_1_366' title='bbox 459 3520 516 3569; x_wconf 82' lang='grc' dir='ltr'><strong>ὲν</strong></span> <span class='ocrx_word' id='word_1_367' title='bbox 566 3515 718 3583; x_wconf 67' lang='grc' dir='ltr'>τύπῳ</span> <span class='ocrx_word' id='word_1_368' title='bbox 747 3514 809 3566; x_wconf 76' lang='grc' dir='ltr'>τὸ</span> <span class='ocrx_word' id='word_1_369' title='bbox 864 3511 1093 3574; x_wconf 82' lang='grc' dir='ltr'>ἑπτάκις</span> <span class='ocrx_word' id='word_1_370' title='bbox 1123 3510 1222 3580; x_wconf 77' lang='grc' dir='ltr'>τῆς</span> <span class='ocrx_word' id='word_1_371' title='bbox 1269 3507 1482 3579; x_wconf 81' lang='grc' dir='ltr'>ἡμέρας</span> <span class='ocrx_word' id='word_1_372' title='bbox 1525 3507 1691 3560; x_wconf 80' lang='grc' dir='ltr'>αἰνεῖν</span> <span class='ocrx_word' id='word_1_373' title='bbox 1749 3503 1839 3557; x_wconf 81' lang='grc' dir='ltr'><strong>τὸν</strong></span> 
     </span>
    </p>
   </div>
   <div class='ocr_carea' id='block_1_54' title="bbox 270 3597 1838 3674">
    <p class='ocr_par' dir='ltr' id='par_1_54' title="bbox 270 3597 1838 3674">
     <span class='ocr_line' id='line_1_54' title="bbox 270 3597 1838 3674; baseline -0.008 -14"><span class='ocrx_word' id='word_1_374' title='bbox 270 3608 408 3661; x_wconf 71' lang='grc' dir='ltr'>Θεὸν</span> <span class='ocrx_word' id='word_1_375' title='bbox 441 3605 584 3660; x_wconf 71' lang='grc' dir='ltr'>κατὰ</span> <span class='ocrx_word' id='word_1_376' title='bbox 627 3606 806 3658; x_wconf 71' lang='grc' dir='ltr'>πᾶσαν</span> <span class='ocrx_word' id='word_1_377' title='bbox 838 3604 936 3673; x_wconf 81' lang='grc' dir='ltr'>τῆς</span> <span class='ocrx_word' id='word_1_378' title='bbox 967 3603 1176 3674; x_wconf 84' lang='grc' dir='ltr'>ἡμέρας</span> <span class='ocrx_word' id='word_1_379' title='bbox 1218 3599 1482 3670; x_wconf 88' lang='grc' dir='ltr'>περίοδον.</span> <span class='ocrx_word' id='word_1_380' title='bbox 1535 3599 1600 3650; x_wconf 86' lang='grc' dir='ltr'><strong>Αἱ</strong></span> <span class='ocrx_word' id='word_1_381' title='bbox 1649 3597 1838 3650; x_wconf 75' lang='grc' dir='ltr'>εἴσοδοι</span> 
     </span>
    </p>
   </div>
   <div class='ocr_carea' id='block_1_55' title="bbox 272 3687 1841 3768">
    <p class='ocr_par' dir='ltr' id='par_1_55' title="bbox 272 3687 1841 3768">
     <span class='ocr_line' id='line_1_55' title="bbox 272 3687 1841 3768; baseline -0.008 -16"><span class='ocrx_word' id='word_1_382' title='bbox 272 3701 383 3752; x_wconf 81' lang='grc' dir='ltr'><strong>τῶν</strong></span> <span class='ocrx_word' id='word_1_383' title='bbox 421 3698 774 3768; x_wconf 76' lang='grc' dir='ltr'>ἀσκητηρίων</span> <span class='ocrx_word' id='word_1_384' title='bbox 824 3699 944 3758; x_wconf 88' lang='grc' dir='ltr'>ταῖς</span> <span class='ocrx_word' id='word_1_385' title='bbox 982 3695 1079 3764; x_wconf 84' lang='grc' dir='ltr'>μὲν</span> <span class='ocrx_word' id='word_1_386' title='bbox 1117 3693 1362 3762; x_wconf 78' lang='grc' dir='ltr'>γυναιξὶν</span> <span class='ocrx_word' id='word_1_387' title='bbox 1410 3687 1841 3743; x_wconf 85' lang='grc' dir='ltr'>ἀποκεκλείσθω-</span> 
     </span>
    </p>
   </div>
   <div class='ocr_carea' id='block_1_56' title="bbox 276 3781 1841 3858">
    <p class='ocr_par' dir='ltr' id='par_1_56' title="bbox 276 3781 1841 3858">
     <span class='ocr_line' id='line_1_56' title="bbox 276 3781 1841 3858; baseline -0.006 -15"><span class='ocrx_word' id='word_1_388' title='bbox 276 3809 376 3843; x_wconf 88' lang='grc' dir='ltr'><strong>σαν</strong></span> <span class='ocrx_word' id='word_1_389' title='bbox 401 3790 549 3858; x_wconf 85' lang='grc'>(58)·</span> <span class='ocrx_word' id='word_1_390' title='bbox 584 3788 772 3858; x_wconf 81' lang='grc' dir='ltr'>ἄνδρες</span> <span class='ocrx_word' id='word_1_391' title='bbox 804 3788 860 3840; x_wconf 81' lang='grc' dir='ltr'>δὲ</span> <span class='ocrx_word' id='word_1_392' title='bbox 894 3787 967 3858; x_wconf 80' lang='grc' dir='ltr'>μὴ</span> <span class='ocrx_word' id='word_1_393' title='bbox 1013 3786 1213 3848; x_wconf 84' lang='grc' dir='ltr'>πάντες</span> <span class='ocrx_word' id='word_1_394' title='bbox 1242 3783 1546 3843; x_wconf 79' lang='grc' dir='ltr'>είσίτωσαν,</span> <span class='ocrx_word' id='word_1_395' title='bbox 1571 3781 1682 3835; x_wconf 87' lang='grc' dir='ltr'>ἀλλ’</span> <span class='ocrx_word' id='word_1_396' title='bbox 1728 3783 1841 3834; x_wconf 83' lang='grc' dir='ltr'>ὅσοι</span> 
     </span>
    </p>
   </div>
   <div class='ocr_carea' id='block_1_57' title="bbox 273 3873 1845 3949">
    <p class='ocr_par' dir='ltr' id='par_1_57' title="bbox 273 3873 1845 3949">
     <span class='ocr_line' id='line_1_57' title="bbox 273 3873 1845 3949; baseline -0.006 -15"><span class='ocrx_word' id='word_1_397' title='bbox 273 3882 340 3934; x_wconf 84' lang='grc' dir='ltr'>ἃν</span> <span class='ocrx_word' id='word_1_398' title='bbox 371 3882 479 3934; x_wconf 78' lang='grc' dir='ltr'>ὑπὸ</span> <span class='ocrx_word' id='word_1_399' title='bbox 508 3880 603 3933; x_wconf 90' lang='grc' dir='ltr'><strong>τοῦ</strong></span> <span class='ocrx_word' id='word_1_400' title='bbox 638 3878 1048 3949; x_wconf 85' lang='grc' dir='ltr'>καθηγουμένου</span> <span class='ocrx_word' id='word_1_401' title='bbox 1091 3873 1561 3930; x_wconf 85' lang='grc' dir='ltr'>καταπιστευθῶσι</span> <span class='ocrx_word' id='word_1_402' title='bbox 1594 3873 1693 3943; x_wconf 82' lang='grc' dir='ltr'>τὴν</span> <span class='ocrx_word' id='word_1_403' title='bbox 1736 3873 1845 3926; x_wconf 88' lang='grc' dir='ltr'>εῐσ-</span> 
     </span>
    </p>
   </div>
   <div class='ocr_carea' id='block_1_58' title="bbox 274 3964 1844 4041">
    <p class='ocr_par' dir='ltr' id='par_1_58' title="bbox 274 3964 1844 4041">
     <span class='ocr_line' id='line_1_58' title="bbox 274 3964 1844 4041; baseline -0.007 -15"><span class='ocrx_word' id='word_1_404' title='bbox 274 3974 410 4026; x_wconf 85' lang='grc' dir='ltr'>οδον.</span> <span class='ocrx_word' id='word_1_405' title='bbox 425 3972 692 4034; x_wconf 83' lang='grc' dir='ltr'>Πολλάκις</span> <span class='ocrx_word' id='word_1_406' title='bbox 719 3971 827 4041; x_wconf 79' lang='grc' dir='ltr'>γὰρ</span> <span class='ocrx_word' id='word_1_407' title='bbox 845 3973 879 4040; x_wconf 79' lang='grc' dir='ltr'>ἡ</span> <span class='ocrx_word' id='word_1_408' title='bbox 905 3969 1190 4040; x_wconf 75' lang='grc' dir='ltr'>ἀδιαφορία</span> <span class='ocrx_word' id='word_1_409' title='bbox 1210 3968 1302 4020; x_wconf 87' lang='grc' dir='ltr'><strong>τοῦ</strong></span> <span class='ocrx_word' id='word_1_410' title='bbox 1325 3967 1580 4028; x_wconf 78' lang='grc' dir='ltr'>εἰσιόντος</span> <span class='ocrx_word' id='word_1_411' title='bbox 1603 3964 1844 4035; x_wconf 83' lang='grc' dir='ltr'>ἀκαίρων</span> 
     </span>
    </p>
   </div>
   <div class='ocr_carea' id='block_1_59' title="bbox 276 4057 1845 4133">
    <p class='ocr_par' dir='ltr' id='par_1_59' title="bbox 276 4057 1845 4133">
     <span class='ocr_line' id='line_1_59' title="bbox 276 4057 1845 4133; baseline -0.006 -16"><span class='ocrx_word' id='word_1_412' title='bbox 276 4065 451 4133; x_wconf 73' lang='grc' dir='ltr'>λόγων</span> <span class='ocrx_word' id='word_1_413' title='bbox 482 4067 579 4118; x_wconf 69' lang='grc' dir='ltr'><strong>καὶ</strong></span> <span class='ocrx_word' id='word_1_414' title='bbox 634 4061 920 4132; x_wconf 71' lang='grc' dir='ltr'>ἀνωφελῶν</span> <span class='ocrx_word' id='word_1_415' title='bbox 965 4061 1314 4132; x_wconf 82' lang='grc' dir='ltr'>διηγημάτων</span> <span class='ocrx_word' id='word_1_416' title='bbox 1360 4057 1678 4112; x_wconf 85' lang='grc' dir='ltr'>ἀκολουθίαν</span> <span class='ocrx_word' id='word_1_417' title='bbox 1728 4057 1845 4118; x_wconf 84' lang='grc' dir='ltr'>ταῖς</span> 
     </span>
    </p>
   </div>
   <div class='ocr_carea' id='block_1_60' title="bbox 277 4148 1846 4227">
    <p class='ocr_par' dir='ltr' id='par_1_60' title="bbox 277 4148 1846 4227">
     <span class='ocr_line' id='line_1_60' title="bbox 277 4148 1846 4227; baseline -0.005 -19"><span class='ocrx_word' id='word_1_418' title='bbox 277 4157 531 4227; x_wconf 79' lang='grc' dir='ltr'>καρδίαις</span> <span class='ocrx_word' id='word_1_419' title='bbox 568 4153 860 4222; x_wconf 76' lang='grc' dir='ltr'>ἐντίθησιν,</span> <span class='ocrx_word' id='word_1_420' title='bbox 904 4154 982 4216; x_wconf 83' lang='grc' dir='ltr'><strong>εἰς</strong></span> <span class='ocrx_word' id='word_1_421' title='bbox 1019 4151 1254 4222; x_wconf 80' lang='grc' dir='ltr'>ματαίας</span> <span class='ocrx_word' id='word_1_422' title='bbox 1297 4167 1358 4204; x_wconf 85' lang='grc' dir='ltr'><strong>τε</strong></span> <span class='ocrx_word' id='word_1_423' title='bbox 1402 4150 1497 4203; x_wconf 77' lang='grc' dir='ltr'><strong>καὶ</strong></span> <span class='ocrx_word' id='word_1_424' title='bbox 1551 4148 1846 4216; x_wconf 83' lang='grc' dir='ltr'>ἀνωφελεῖς</span> 
     </span>
    </p>
   </div>
   <div class='ocr_carea' id='block_1_61' title="bbox 277 4237 1848 4313">
    <p class='ocr_par' dir='ltr' id='par_1_61' title="bbox 277 4237 1848 4313">
     <span class='ocr_line' id='line_1_61' title="bbox 277 4237 1848 4313; baseline -0.008 -13"><span class='ocrx_word' id='word_1_425' title='bbox 277 4247 518 4308; x_wconf 83' lang='grc' dir='ltr'>διανοίας</span> <span class='ocrx_word' id='word_1_426' title='bbox 553 4245 620 4296; x_wconf 81' lang='grc' dir='ltr'>ὲκ</span> <span class='ocrx_word' id='word_1_427' title='bbox 640 4243 748 4296; x_wconf 89' lang='grc' dir='ltr'><strong>τῶν</strong></span> <span class='ocrx_word' id='word_1_428' title='bbox 783 4242 1025 4313; x_wconf 88' lang='grc' dir='ltr'>ματαίων</span> <span class='ocrx_word' id='word_1_429' title='bbox 1065 4241 1239 4309; x_wconf 85' lang='grc' dir='ltr'>λόγων</span> <span class='ocrx_word' id='word_1_430' title='bbox 1284 4239 1543 4310; x_wconf 76' lang='grc' dir='ltr'>ἐμϐάλλει</span> <span class='ocrx_word' id='word_1_431' title='bbox 1575 4237 1707 4307; x_wconf 80' lang='lat'>(59).</span> <span class='ocrx_word' id='word_1_432' title='bbox 1737 4237 1848 4289; x_wconf 71' lang='grc' dir='ltr'>Καὶ</span> 
     </span>
    </p>
   </div>
   <div class='ocr_carea' id='block_1_62' title="bbox 279 4325 1847 4401">
    <p class='ocr_par' dir='ltr' id='par_1_62' title="bbox 279 4325 1847 4401">
     <span class='ocr_line' id='line_1_62' title="bbox 279 4325 1847 4401; baseline -0.006 -13"><span class='ocrx_word' id='word_1_433' title='bbox 279 4335 365 4388; x_wconf 80' lang='grc' dir='ltr'>διὰ</span> <span class='ocrx_word' id='word_1_434' title='bbox 393 4334 555 4387; x_wconf 89' lang='grc' dir='ltr'>τοῦτο</span> <span class='ocrx_word' id='word_1_435' title='bbox 591 4332 752 4401; x_wconf 87' lang='grc' dir='ltr'>νόμος</span> <span class='ocrx_word' id='word_1_436' title='bbox 799 4331 938 4383; x_wconf 74' lang='grc' dir='ltr'>ἔστω</span> <span class='ocrx_word' id='word_1_437' title='bbox 979 4330 1154 4394; x_wconf 78' lang='grc' dir='ltr'>κοινὸς</span> <span class='ocrx_word' id='word_1_438' title='bbox 1177 4371 1190 4394; x_wconf 89' lang='grc'><strong>,</strong></span> <span class='ocrx_word' id='word_1_439' title='bbox 1229 4329 1387 4400; x_wconf 80' lang='grc' dir='ltr'>μόνον</span> <span class='ocrx_word' id='word_1_440' title='bbox 1420 4326 1725 4398; x_wconf 81' lang='grc' dir='ltr'>ἐρωτᾶσθαι</span> <span class='ocrx_word' id='word_1_441' title='bbox 1758 4325 1847 4378; x_wconf 84' lang='grc' dir='ltr'><strong>τὸν</strong></span> 
     </span>
    </p>
   </div>
   <div class='ocr_carea' id='block_1_63' title="bbox 280 4414 1923 4496">
    <p class='ocr_par' dir='ltr' id='par_1_63' title="bbox 280 4414 1923 4496">
     <span class='ocr_line' id='line_1_63' title="bbox 280 4414 1923 4496; baseline -0.008 -14"><span class='ocrx_word' id='word_1_442' title='bbox 280 4426 692 4496; x_wconf 78' lang='grc' dir='ltr'>καθηγούμενον</span> <span class='ocrx_word' id='word_1_443' title='bbox 723 4425 816 4477; x_wconf 72' lang='grc' dir='ltr'><strong>καὶ</strong></span> <span class='ocrx_word' id='word_1_444' title='bbox 861 4422 1252 4494; x_wconf 88' lang='grc' dir='ltr'>ἀποκρίνεσθαι</span> <span class='ocrx_word' id='word_1_445' title='bbox 1292 4422 1433 4493; x_wconf 85' lang='grc' dir='ltr'>ὑπὲρ</span> <span class='ocrx_word' id='word_1_446' title='bbox 1475 4414 1550 4474; x_wconf 85' lang='grc' dir='ltr'>ὧν</span> <span class='ocrx_word' id='word_1_447' title='bbox 1580 4419 1846 4490; x_wconf 84' lang='grc' dir='ltr'>προσήκει</span> <span class='ocrx_word' id='word_1_448' title='bbox 1882 4441 1923 4495; x_wconf 81' lang='lat' dir='ltr'><strong>D</strong></span> 
     </span>
    </p>
   </div>
   <div class='ocr_carea' id='block_1_64' title="bbox 279 4508 1850 4587">
    <p class='ocr_par' dir='ltr' id='par_1_64' title="bbox 279 4508 1850 4587">
     <span class='ocr_line' id='line_1_64' title="bbox 279 4508 1850 4587; baseline -0.007 -17"><span class='ocrx_word' id='word_1_449' title='bbox 279 4517 534 4587; x_wconf 83' lang='grc' dir='ltr'>γενέσθαι</span> <span class='ocrx_word' id='word_1_450' title='bbox 566 4513 687 4567; x_wconf 77' lang='grc' dir='ltr'>τινὰ</span> <span class='ocrx_word' id='word_1_451' title='bbox 714 4513 856 4566; x_wconf 87' lang='grc' dir='ltr'><strong>κατά</strong></span> <span class='ocrx_word' id='word_1_452' title='bbox 896 4514 1140 4583; x_wconf 83' lang='grc' dir='ltr'>ἀνάγκην</span> <span class='ocrx_word' id='word_1_453' title='bbox 1177 4511 1360 4579; x_wconf 86' lang='grc' dir='ltr'>λόγον·</span> <span class='ocrx_word' id='word_1_454' title='bbox 1393 4511 1517 4572; x_wconf 82' lang='grc' dir='ltr'>τοὺς</span> <span class='ocrx_word' id='word_1_455' title='bbox 1550 4509 1606 4562; x_wconf 81' lang='grc' dir='ltr'>δὲ</span> <span class='ocrx_word' id='word_1_456' title='bbox 1631 4508 1850 4570; x_wconf 79' lang='grc' dir='ltr'>λοιποὺς</span> 
     </span>
    </p>
   </div>
   <div class='ocr_carea' id='block_1_65' title="bbox 283 4599 1850 4680">
    <p class='ocr_par' dir='ltr' id='par_1_65' title="bbox 283 4599 1850 4680">
     <span class='ocr_line' id='line_1_65' title="bbox 283 4599 1850 4680; baseline -0.009 -17"><span class='ocrx_word' id='word_1_457' title='bbox 283 4608 356 4680; x_wconf 75' lang='grc' dir='ltr'>μὴ</span> <span class='ocrx_word' id='word_1_458' title='bbox 387 4605 781 4678; x_wconf 82' lang='grc' dir='ltr'>ἀποκρίνεσθαι</span> <span class='ocrx_word' id='word_1_459' title='bbox 815 4607 928 4667; x_wconf 89' lang='grc' dir='ltr'>τοῖς</span> <span class='ocrx_word' id='word_1_460' title='bbox 969 4601 1340 4673; x_wconf 82' lang='grc' dir='ltr'>ἀδολεσχοῦσιν</span> <span class='ocrx_word' id='word_1_461' title='bbox 1383 4603 1441 4654; x_wconf 83' lang='grc' dir='ltr'>ὲν</span> <span class='ocrx_word' id='word_1_462' title='bbox 1480 4599 1715 4671; x_wconf 84' lang='grc' dir='ltr'>ὁμιλίαις</span> <span class='ocrx_word' id='word_1_463' title='bbox 1751 4615 1850 4668; x_wconf 85' lang='grc' dir='ltr'>μα-</span> 
     </span>
    </p>
   </div>
   <div class='ocr_carea' id='block_1_66' title="bbox 279 4693 1851 4769">
    <p class='ocr_par' dir='ltr' id='par_1_66' title="bbox 279 4693 1851 4769">
     <span class='ocr_line' id='line_1_66' title="bbox 279 4693 1851 4769; baseline -0.006 -15"><span class='ocrx_word' id='word_1_464' title='bbox 279 4703 480 4765; x_wconf 82' lang='grc' dir='ltr'>ταίαις,</span> <span class='ocrx_word' id='word_1_465' title='bbox 511 4700 597 4752; x_wconf 77' lang='grc' dir='ltr'>ἵνα</span> <span class='ocrx_word' id='word_1_466' title='bbox 633 4698 707 4769; x_wconf 83' lang='grc' dir='ltr'>μὴ</span> <span class='ocrx_word' id='word_1_467' title='bbox 743 4697 1184 4768; x_wconf 80' lang='grc' dir='ltr'>συγκαθελκυσθῇ</span> <span class='ocrx_word' id='word_1_468' title='bbox 1222 4696 1358 4767; x_wconf 84' lang='grc' dir='ltr'>πρὸς</span> <span class='ocrx_word' id='word_1_469' title='bbox 1401 4695 1501 4766; x_wconf 81' lang='grc' dir='ltr'>τὴν</span> <span class='ocrx_word' id='word_1_470' title='bbox 1541 4693 1724 4759; x_wconf 86' lang='grc' dir='ltr'>ἀργῶν</span> <span class='ocrx_word' id='word_1_471' title='bbox 1755 4695 1851 4764; x_wconf 80' lang='grc' dir='ltr'>ρη-</span> 
     </span>
    </p>
   </div>
   <div class='ocr_carea' id='block_1_67' title="bbox 285 4790 847 4865">
    <p class='ocr_par' dir='ltr' id='par_1_67' title="bbox 285 4790 847 4865">
     <span class='ocr_line' id='line_1_67' title="bbox 285 4790 847 4865; baseline -0.007 -19"><span class='ocrx_word' id='word_1_472' title='bbox 285 4794 472 4865; x_wconf 83' lang='grc' dir='ltr'>μάτων</span> <span class='ocrx_word' id='word_1_473' title='bbox 508 4790 847 4844; x_wconf 84' lang='grc' dir='ltr'>ἀκολουθίαν-</span> 
     </span>
    </p>
   </div>
   <div class='ocr_carea' id='block_1_68' title="bbox 350 4874 1852 4953">
    <p class='ocr_par' dir='ltr' id='par_1_68' title="bbox 350 4874 1852 4953">
     <span class='ocr_line' id='line_1_68' title="bbox 350 4874 1852 4953; baseline -0.009 -13"><span class='ocrx_word' id='word_1_474' title='bbox 350 4887 401 4940; x_wconf 85' lang='grc'>5.</span> <span class='ocrx_word' id='word_1_475' title='bbox 451 4883 730 4953; x_wconf 80' lang='grc' dir='ltr'>Ἀποθήκη</span> <span class='ocrx_word' id='word_1_476' title='bbox 767 4883 824 4934; x_wconf 83' lang='grc' dir='ltr'>δὲ</span> <span class='ocrx_word' id='word_1_477' title='bbox 867 4883 978 4944; x_wconf 83' lang='grc' dir='ltr'>τοῖς</span> <span class='ocrx_word' id='word_1_478' title='bbox 1016 4882 1179 4933; x_wconf 71' lang='grc' dir='ltr'>πᾶσιν</span> <span class='ocrx_word' id='word_1_479' title='bbox 1209 4897 1349 4932; x_wconf 72' lang='grc' dir='ltr'>ιστω</span> <span class='ocrx_word' id='word_1_480' title='bbox 1391 4878 1490 4948; x_wconf 89' lang='grc' dir='ltr'><strong>μία</strong></span> <span class='ocrx_word' id='word_1_481' title='bbox 1524 4875 1708 4945; x_wconf 81' lang='grc' dir='ltr'>κοινὴ,</span> <span class='ocrx_word' id='word_1_482' title='bbox 1758 4874 1852 4926; x_wconf 74' lang='grc' dir='ltr'><strong>καὶ</strong></span> 
     </span>
    </p>
   </div>
   <div class='ocr_carea' id='block_1_69' title="bbox 287 4953 1849 5047">
    <p class='ocr_par' dir='ltr' id='par_1_69' title="bbox 287 4953 1849 5047">
     <span class='ocr_line' id='line_1_69' title="bbox 287 4953 1849 5047; baseline -0.009 -17"><span class='ocrx_word' id='word_1_483' title='bbox 287 4977 450 5047; x_wconf 76' lang='grc' dir='ltr'>μηδὲν</span> <span class='ocrx_word' id='word_1_484' title='bbox 495 4976 626 5028; x_wconf 82' lang='grc' dir='ltr'>ῐδιον</span> <span class='ocrx_word' id='word_1_485' title='bbox 675 4976 887 5044; x_wconf 77' lang='grc' dir='ltr'>ἑκάστῳ</span> <span class='ocrx_word' id='word_1_486' title='bbox 934 4971 1310 5042; x_wconf 78' lang='grc' dir='ltr'>ὀνομαζέσθω·</span> <span class='ocrx_word' id='word_1_487' title='bbox 1361 4953 1694 5041; x_wconf 15' lang='grc' dir='ltr'>μὴμὶμάτιον</span> <span class='ocrx_word' id='word_1_488' title='bbox 1720 5005 1733 5028; x_wconf 92' lang='grc'><strong>,</strong></span> <span class='ocrx_word' id='word_1_489' title='bbox 1777 4967 1849 5036; x_wconf 83' lang='grc' dir='ltr'>μὴ</span> 
     </span>
    </p>
   </div>
   <div class='ocr_carea' id='block_1_70' title="bbox 285 5057 1850 5139">
    <p class='ocr_par' dir='ltr' id='par_1_70' title="bbox 285 5057 1850 5139">
     <span class='ocr_line' id='line_1_70' title="bbox 285 5057 1850 5139; baseline -0.01 -15"><span class='ocrx_word' id='word_1_490' title='bbox 285 5071 560 5139; x_wconf 78' lang='grc' dir='ltr'>ὑπόδημα,</span> <span class='ocrx_word' id='word_1_491' title='bbox 587 5067 661 5138; x_wconf 84' lang='grc' dir='ltr'>μὴ</span> <span class='ocrx_word' id='word_1_492' title='bbox 679 5067 805 5119; x_wconf 81' lang='grc' dir='ltr'>ἄλλο</span> <span class='ocrx_word' id='word_1_493' title='bbox 829 5085 881 5118; x_wconf 89' lang='grc' dir='ltr'><strong>τι</strong></span> <span class='ocrx_word' id='word_1_494' title='bbox 909 5065 1018 5117; x_wconf 87' lang='grc' dir='ltr'><strong>τῶν</strong></span> <span class='ocrx_word' id='word_1_495' title='bbox 1047 5065 1180 5135; x_wconf 70' lang='grc' dir='ltr'>πρὸς</span> <span class='ocrx_word' id='word_1_496' title='bbox 1211 5063 1307 5134; x_wconf 84' lang='grc' dir='ltr'>τὴν</span> <span class='ocrx_word' id='word_1_497' title='bbox 1340 5061 1642 5129; x_wconf 85' lang='grc' dir='ltr'>ἀναγκαίαν</span> <span class='ocrx_word' id='word_1_498' title='bbox 1665 5057 1850 5128; x_wconf 86' lang='grc' dir='ltr'>χρείαν</span> 
     </span>
    </p>
   </div>
   <div class='ocr_carea' id='block_1_71' title="bbox 285 5149 1850 5230">
    <p class='ocr_par' dir='ltr' id='par_1_71' title="bbox 285 5149 1850 5230">
     <span class='ocr_line' id='line_1_71' title="bbox 285 5149 1850 5230; baseline -0.01 -16"><span class='ocrx_word' id='word_1_499' title='bbox 285 5161 377 5215; x_wconf 74' lang='grc' dir='ltr'><strong>τοῦ</strong></span> <span class='ocrx_word' id='word_1_500' title='bbox 407 5169 676 5230; x_wconf 80' lang='grc' dir='ltr'>σώματος.</span> <span class='ocrx_word' id='word_1_501' title='bbox 719 5157 856 5210; x_wconf 80' lang='grc' dir='ltr'>Ἀλλ’</span> <span class='ocrx_word' id='word_1_502' title='bbox 886 5160 942 5209; x_wconf 82' lang='grc' dir='ltr'>ὲν</span> <span class='ocrx_word' id='word_1_503' title='bbox 971 5159 1036 5227; x_wconf 84' lang='grc' dir='ltr'>τῇ</span> <span class='ocrx_word' id='word_1_504' title='bbox 1070 5154 1283 5224; x_wconf 76' lang='grc' dir='ltr'>ἐξουσία</span> <span class='ocrx_word' id='word_1_505' title='bbox 1315 5153 1407 5205; x_wconf 87' lang='grc' dir='ltr'><strong>τοῦ</strong></span> <span class='ocrx_word' id='word_1_506' title='bbox 1444 5149 1850 5221; x_wconf 82' lang='grc' dir='ltr'>καθηγουμένου</span> 
     </span>
    </p>
   </div>
   <div class='ocr_carea' id='block_1_72' title="bbox 286 5240 1852 5324">
    <p class='ocr_par' dir='ltr' id='par_1_72' title="bbox 286 5240 1852 5324">
     <span class='ocr_line' id='line_1_72' title="bbox 286 5240 1852 5324; baseline -0.013 -15"><span class='ocrx_word' id='word_1_507' title='bbox 286 5255 320 5324; x_wconf 76' lang='grc' dir='ltr'><strong>ἡ</strong></span> <span class='ocrx_word' id='word_1_508' title='bbox 355 5257 550 5324; x_wconf 80' lang='grc' dir='ltr'>χρῆσις</span> <span class='ocrx_word' id='word_1_509' title='bbox 572 5251 702 5322; x_wconf 66' lang='grc'><strong>,(60)</strong></span> <span class='ocrx_word' id='word_1_510' title='bbox 731 5250 892 5312; x_wconf 77' lang='grc' dir='ltr'>ἔστω,</span> <span class='ocrx_word' id='word_1_511' title='bbox 940 5252 1003 5301; x_wconf 86' lang='grc' dir='ltr'>ὲκ</span> <span class='ocrx_word' id='word_1_512' title='bbox 1031 5249 1138 5301; x_wconf 88' lang='grc' dir='ltr'><strong>τῶν</strong></span> <span class='ocrx_word' id='word_1_513' title='bbox 1177 5245 1370 5300; x_wconf 88' lang='grc' dir='ltr'>κοινῶν</span> <span class='ocrx_word' id='word_1_514' title='bbox 1412 5244 1472 5297; x_wconf 79' lang='grc' dir='ltr'>τὸ</span> <span class='ocrx_word' id='word_1_515' title='bbox 1520 5240 1852 5309; x_wconf 77' lang='grc' dir='ltr'>κατάλληλον</span> 
     </span>
    </p>
   </div>
   <div class='ocr_carea' id='block_1_73' title="bbox 355 5373 1855 5508">
    <p class='ocr_par' dir='ltr' id='par_1_73' title="bbox 355 5373 1855 5508">
     <span class='ocr_line' id='line_1_73' title="bbox 355 5373 1855 5508; baseline -0.011 -65"><span class='ocrx_word' id='word_1_516' title='bbox 355 5386 469 5508; x_wconf 50' lang='grc' dir='ltr'><strong>(ὅδε)</strong></span> <span class='ocrx_word' id='word_1_517' title='bbox 497 5385 694 5468; x_wconf 45' lang='lat' dir='ltr'><strong>Editio.</strong></span> <span class='ocrx_word' id='word_1_518' title='bbox 707 5386 880 5441; x_wconf 87' lang='lat' dir='ltr'><strong>Paris.</strong></span> <span class='ocrx_word' id='word_1_519' title='bbox 910 5385 1020 5453; x_wconf 84' lang='grc' dir='ltr'>βίος</span> <span class='ocrx_word' id='word_1_520' title='bbox 1047 5384 1298 5454; x_wconf 84' lang='grc' dir='ltr'>μάλιστα.</span> <span class='ocrx_word' id='word_1_521' title='bbox 1341 5381 1491 5433; x_wconf 72' lang='grc' dir='ltr'>Ἐπεὶ</span> <span class='ocrx_word' id='word_1_522' title='bbox 1519 5377 1575 5430; x_wconf 86' lang='grc' dir='ltr'><strong>δὲ</strong></span> <span class='ocrx_word' id='word_1_523' title='bbox 1601 5375 1727 5447; x_wconf 82' lang='grc' dir='ltr'>χρή.</span> <span class='ocrx_word' id='word_1_524' title='bbox 1749 5373 1855 5427; x_wconf 83' lang='lat' dir='ltr'><strong>Co-</strong></span> 
     </span>
     <span class='ocr_line' id='line_1_74' title="bbox 358 5464 1042 5508; baseline -0.004 0"><span class='ocrx_word' id='word_1_525' title='bbox 358 5475 389 5508; x_wconf 71' lang='grc' dir='ltr'><strong>ι</strong></span> <span class='ocrx_word' id='word_1_526' title='bbox 474 5473 559 5508; x_wconf 70' lang='grc' dir='ltr'>ει.</span> <span class='ocrx_word' id='word_1_527' title='bbox 590 5466 651 5508; x_wconf 83' lang='grc' dir='ltr'><strong>ιιι</strong></span> <span class='ocrx_word' id='word_1_528' title='bbox 681 5473 736 5508; x_wconf 89' lang='lat' dir='ltr'><strong>m</strong></span> <span class='ocrx_word' id='word_1_529' title='bbox 765 5464 1042 5508; x_wconf 79' lang='lat' dir='ltr'><strong>contextu.</strong></span> 
     </span>
    </p>
   </div>
   <div class='ocr_carea' id='block_1_74' title="bbox 291 5456 1042 5524">
    <p class='ocr_par' dir='ltr' id='par_1_74' title="bbox 291 5456 1042 5524">
     <span class='ocr_line' id='line_1_75' title="bbox 291 5456 1042 5524; baseline -0.012 -10"><span class='ocrx_word' id='word_1_530' title='bbox 291 5456 389 5514; x_wconf 65' lang='lat' dir='ltr'><strong>de!</strong></span> <span class='ocrx_word' id='word_1_531' title='bbox 425 5456 559 5524; x_wconf 79' lang='lat' dir='ltr'><strong>Reg.</strong></span> <span class='ocrx_word' id='word_1_532' title='bbox 590 5466 651 5512; x_wconf 86' lang='lat' dir='ltr'><strong>ut</strong></span> <span class='ocrx_word' id='word_1_533' title='bbox 681 5458 736 5511; x_wconf 87' lang='lat' dir='ltr'><strong>in</strong></span> <span class='ocrx_word' id='word_1_534' title='bbox 765 5464 1042 5524; x_wconf 80' lang='lat' dir='ltr'><strong>contextu.</strong></span> 
     </span>
    </p>
   </div>
   <div class='ocr_carea' id='block_1_75' title="bbox 359 5518 1712 5595">
    <p class='ocr_par' dir='ltr' id='par_1_75' title="bbox 359 5518 1712 5595">
     <span class='ocr_line' id='line_1_76' title="bbox 359 5518 1712 5595; baseline -0.007 -13"><span class='ocrx_word' id='word_1_535' title='bbox 359 5527 471 5592; x_wconf 83' lang='lat'><strong>(56)</strong></span> <span class='ocrx_word' id='word_1_536' title='bbox 498 5518 682 5581; x_wconf 72' lang='lat' dir='ltr'><strong>Codex</strong></span> <span class='ocrx_word' id='word_1_537' title='bbox 704 5527 832 5595; x_wconf 79' lang='lat' dir='ltr'><strong>Reg.</strong></span> <span class='ocrx_word' id='word_1_538' title='bbox 861 5525 955 5578; x_wconf 89' lang='grc' dir='ltr'><strong>τοῦ</strong></span> <span class='ocrx_word' id='word_1_539' title='bbox 986 5518 1524 5595; x_wconf 42' lang='grc' dir='ltr'>ἐξομολογήσασθαι..</span> <span class='ocrx_word' id='word_1_540' title='bbox 1629 5583 1660 5595; x_wconf 46' lang='grc' dir='ltr'><strong>Α</strong></span> <span class='ocrx_word' id='word_1_541' title='bbox 1704 5586 1712 5592; x_wconf 38' lang='lat'>.</span> 
     </span>
    </p>
   </div>
   <div class='ocr_carea' id='block_1_76' title="bbox 360 5583 1852 5667">
    <p class='ocr_par' dir='ltr' id='par_1_76' title="bbox 360 5583 1852 5667">
     <span class='ocr_line' id='line_1_77' title="bbox 360 5583 1852 5667; baseline -0.011 -16"><span class='ocrx_word' id='word_1_542' title='bbox 360 5583 472 5667; x_wconf 65' lang='grc'>(57)</span> <span class='ocrx_word' id='word_1_543' title='bbox 507 5599 650 5651; x_wconf 84' lang='lat' dir='ltr'><strong>Idem</strong></span> <span class='ocrx_word' id='word_1_544' title='bbox 690 5583 854 5667; x_wconf 53' lang='lat' dir='ltr'><strong>code}</strong></span> <span class='ocrx_word' id='word_1_545' title='bbox 900 5583 1233 5667; x_wconf 59' lang='grc' dir='ltr'>Πνεῦιέατος</span> <span class='ocrx_word' id='word_1_546' title='bbox 1259 5583 1591 5667; x_wconf 55' lang='grc' dir='ltr'><strong>ἆτροιρητεία,⁸</strong></span> <span class='ocrx_word' id='word_1_547' title='bbox 1623 5583 1852 5667; x_wconf 61' lang='lat' dir='ltr'><strong>Spiritus</strong></span> 
     </span>
    </p>
   </div>
   <div class='ocr_carea' id='block_1_77' title="bbox 293 5657 1852 5736">
    <p class='ocr_par' dir='ltr' id='par_1_77' title="bbox 293 5657 1852 5736">
     <span class='ocr_line' id='line_1_78' title="bbox 293 5657 1852 5736; baseline -0.01 -16"><span class='ocrx_word' id='word_1_548' title='bbox 293 5657 771 5736; x_wconf 59' lang='lat' dir='ltr'><strong>sancti&#39;prophetia.</strong></span> <span class='ocrx_word' id='word_1_549' title='bbox 812 5665 1022 5736; x_wconf 9' lang='lat' dir='ltr'><strong>Notatur</strong></span> <span class='ocrx_word' id='word_1_550' title='bbox 1041 5657 1200 5733; x_wconf 85' lang='lat' dir='ltr'><strong>digna</strong></span> <span class='ocrx_word' id='word_1_551' title='bbox 1227 5657 1354 5716; x_wconf 85' lang='lat' dir='ltr'><strong>sunt</strong></span> <span class='ocrx_word' id='word_1_552' title='bbox 1391 5657 1512 5736; x_wconf 69' lang='lat' dir='ltr'><strong>qua:</strong></span> <span class='ocrx_word' id='word_1_553' title='bbox 1541 5657 1631 5736; x_wconf 82' lang='lat' dir='ltr'><strong>hic</strong></span> <span class='ocrx_word' id='word_1_554' title='bbox 1659 5657 1852 5736; x_wconf 80' lang='lat' dir='ltr'><strong>dicun-</strong></span> 
     </span>
    </p>
   </div>
   <div class='ocr_carea' id='block_1_78' title="bbox 293 5724 1848 5808">
    <p class='ocr_par' dir='ltr' id='par_1_78' title="bbox 293 5724 1848 5808">
     <span class='ocr_line' id='line_1_79' title="bbox 293 5724 1848 5808; baseline -0.008 -19"><span class='ocrx_word' id='word_1_555' title='bbox 293 5745 382 5790; x_wconf 88' lang='lat' dir='ltr'><strong>tur</strong></span> <span class='ocrx_word' id='word_1_556' title='bbox 406 5724 701 5808; x_wconf 58' lang='lat' dir='ltr'><strong>de&#39;septem</strong></span> <span class='ocrx_word' id='word_1_557' title='bbox 729 5738 894 5801; x_wconf 83' lang='lat' dir='ltr'><strong>horis,</strong></span> <span class='ocrx_word' id='word_1_558' title='bbox 918 5724 1124 5804; x_wconf 70' lang='lat' dir='ltr'><strong>quibus</strong></span> <span class='ocrx_word' id='word_1_559' title='bbox 1139 5737 1388 5803; x_wconf 87' lang='lat' dir='ltr'><strong>oporteat</strong></span> <span class='ocrx_word' id='word_1_560' title='bbox 1415 5729 1579 5782; x_wconf 85' lang='lat' dir='ltr'><strong>Deum</strong></span> <span class='ocrx_word' id='word_1_561' title='bbox 1617 5724 1848 5779; x_wconf 87' lang='lat' dir='ltr'><strong>laudari.</strong></span> 
     </span>
    </p>
   </div>
   <div class='ocr_carea' id='block_1_79' title="bbox 1919 1836 3480 1918">
    <p class='ocr_par' dir='ltr' id='par_1_79' title="bbox 1919 1836 3480 1918">
     <span class='ocr_line' id='line_1_80' title="bbox 1919 1836 3480 1918; baseline -0.008 -18"><span class='ocrx_word' id='word_1_562' title='bbox 1919 1863 2059 1918; x_wconf 86' lang='lat' dir='ltr'><strong>gnus</strong></span> <span class='ocrx_word' id='word_1_563' title='bbox 2102 1845 2267 1899; x_wconf 85' lang='lat' dir='ltr'><strong>David</strong></span> <span class='ocrx_word' id='word_1_564' title='bbox 2324 1862 2335 1895; x_wconf 93' lang='lat'><strong>:</strong></span> <span class='ocrx_word' id='word_1_565' title='bbox 2385 1840 2563 1895; x_wconf 77' lang='lat' dir='ltr'><strong>Media</strong></span> <span class='ocrx_word' id='word_1_566' title='bbox 2605 1850 2752 1893; x_wconf 83' lang='lat' dir='ltr'><strong>nocte</strong></span> <span class='ocrx_word' id='word_1_567' title='bbox 2797 1837 3071 1908; x_wconf 84' lang='lat' dir='ltr'><strong>surgebam</strong></span> <span class='ocrx_word' id='word_1_568' title='bbox 3118 1836 3185 1889; x_wconf 89' lang='lat' dir='ltr'><strong>ad</strong></span> <span class='ocrx_word' id='word_1_569' title='bbox 3229 1836 3480 1903; x_wconf 81' lang='lat' dir='ltr'><strong>conﬁten-</strong></span> 
     </span>
    </p>
   </div>
   <div class='ocr_carea' id='block_1_80' title="bbox 1919 1931 3477 2005">
    <p class='ocr_par' dir='ltr' id='par_1_80' title="bbox 1919 1931 3477 2005">
     <span class='ocr_line' id='line_1_81' title="bbox 1919 1931 3477 2005; baseline -0.008 -11"><span class='ocrx_word' id='word_1_570' title='bbox 1919 1943 2043 1994; x_wconf 85' lang='lat' dir='ltr'><strong>dum</strong></span> <span class='ocrx_word' id='word_1_571' title='bbox 2084 1941 2198 2003; x_wconf 83' lang='lat' dir='ltr'><strong>tibi,</strong></span> <span class='ocrx_word' id='word_1_572' title='bbox 2250 1953 2404 2005; x_wconf 80' lang='lat' dir='ltr'><strong>super</strong></span> <span class='ocrx_word' id='word_1_573' title='bbox 2435 1936 2642 2005; x_wconf 84' lang='lat' dir='ltr'><strong>judicia</strong></span> <span class='ocrx_word' id='word_1_574' title='bbox 2683 1935 2905 2004; x_wconf 72' lang='lat' dir='ltr'><strong>justitiw</strong></span> <span class='ocrx_word' id='word_1_575' title='bbox 2942 1943 3045 1986; x_wconf 75' lang='lat' dir='ltr'><strong>tua:</strong></span> <span class='ocrx_word' id='word_1_576' title='bbox 3083 1931 3256 2003; x_wconf 83' lang='lat' dir='ltr'><strong>(Psal.</strong></span> <span class='ocrx_word' id='word_1_577' title='bbox 3288 1945 3477 1990; x_wconf 81' lang='lat' dir='ltr'><strong>cxvm,</strong></span> 
     </span>
    </p>
   </div>
   <div class='ocr_carea' id='block_1_81' title="bbox 1921 2024 3489 2100">
    <p class='ocr_par' dir='ltr' id='par_1_81' title="bbox 1921 2024 3489 2100">
     <span class='ocr_line' id='line_1_82' title="bbox 1921 2024 3489 2100; baseline -0.006 -16"><span class='ocrx_word' id='word_1_578' title='bbox 1921 2030 2010 2099; x_wconf 68' lang='lat'><strong>62)</strong></span> <span class='ocrx_word' id='word_1_579' title='bbox 2049 2044 2250 2100; x_wconf 90' lang='lat' dir='ltr'><strong>:quem</strong></span> <span class='ocrx_word' id='word_1_580' title='bbox 2283 2037 2335 2081; x_wconf 90' lang='lat' dir='ltr'><strong>et</strong></span> <span class='ocrx_word' id='word_1_581' title='bbox 2367 2026 2570 2080; x_wconf 87' lang='lat' dir='ltr'><strong>Paulus</strong></span> <span class='ocrx_word' id='word_1_582' title='bbox 2609 2032 2663 2078; x_wconf 89' lang='lat' dir='ltr'><strong>et</strong></span> <span class='ocrx_word' id='word_1_583' title='bbox 2713 2025 2855 2078; x_wconf 89' lang='lat' dir='ltr'><strong>Silas</strong></span> <span class='ocrx_word' id='word_1_584' title='bbox 2895 2024 3066 2078; x_wconf 84' lang='lat' dir='ltr'><strong>secuti</strong></span> <span class='ocrx_word' id='word_1_585' title='bbox 3103 2037 3223 2077; x_wconf 92' lang='lat' dir='ltr'><strong>esse</strong></span> <span class='ocrx_word' id='word_1_586' title='bbox 3261 2035 3489 2089; x_wconf 43' lang='lat' dir='ltr'><strong>compe:</strong></span> 
     </span>
    </p>
   </div>
   <div class='ocr_carea' id='block_1_82' title="bbox 1921 2115 3470 2190">
    <p class='ocr_par' dir='ltr' id='par_1_82' title="bbox 1921 2115 3470 2190">
     <span class='ocr_line' id='line_1_83' title="bbox 1921 2115 3470 2190; baseline -0.006 -15"><span class='ocrx_word' id='word_1_587' title='bbox 1921 2123 2156 2184; x_wconf 88' lang='lat' dir='ltr'><strong>riuntur,</strong></span> <span class='ocrx_word' id='word_1_588' title='bbox 2196 2121 2398 2190; x_wconf 89' lang='lat' dir='ltr'><strong>quippe</strong></span> <span class='ocrx_word' id='word_1_589' title='bbox 2436 2119 2528 2188; x_wconf 92' lang='lat' dir='ltr'><strong>qui</strong></span> <span class='ocrx_word' id='word_1_590' title='bbox 2561 2117 2735 2171; x_wconf 89' lang='lat' dir='ltr'><strong>media</strong></span> <span class='ocrx_word' id='word_1_591' title='bbox 2771 2125 2930 2171; x_wconf 91' lang='lat' dir='ltr'><strong>nocte</strong></span> <span class='ocrx_word' id='word_1_592' title='bbox 2969 2115 3138 2170; x_wconf 91' lang='lat' dir='ltr'><strong>Deum</strong></span> <span class='ocrx_word' id='word_1_593' title='bbox 3171 2116 3226 2168; x_wconf 91' lang='lat' dir='ltr'><strong>in</strong></span> <span class='ocrx_word' id='word_1_594' title='bbox 3254 2127 3470 2168; x_wconf 86' lang='lat' dir='ltr'><strong>carcere</strong></span> 
     </span>
    </p>
   </div>
   <div class='ocr_carea' id='block_1_83' title="bbox 1925 2207 3487 2283">
    <p class='ocr_par' dir='ltr' id='par_1_83' title="bbox 1925 2207 3487 2283">
     <span class='ocr_line' id='line_1_84' title="bbox 1925 2207 3487 2283; baseline -0.003 -16"><span class='ocrx_word' id='word_1_595' title='bbox 1925 2215 2268 2268; x_wconf 83' lang='lat' dir='ltr'><strong>laudaverint</strong></span> <span class='ocrx_word' id='word_1_596' title='bbox 2297 2214 2439 2283; x_wconf 79' lang='lat' dir='ltr'><strong>(Act.</strong></span> <span class='ocrx_word' id='word_1_597' title='bbox 2473 2225 2587 2276; x_wconf 70' lang='lat' dir='ltr'><strong>un,</strong></span> <span class='ocrx_word' id='word_1_598' title='bbox 2625 2211 2736 2281; x_wconf 71' lang='lat'><strong>25).</strong></span> <span class='ocrx_word' id='word_1_599' title='bbox 2773 2209 2973 2263; x_wconf 91' lang='lat' dir='ltr'><strong>Deinde</strong></span> <span class='ocrx_word' id='word_1_600' title='bbox 3000 2207 3132 2262; x_wconf 90' lang='lat' dir='ltr'><strong>dicit</strong></span> <span class='ocrx_word' id='word_1_601' title='bbox 3167 2207 3306 2261; x_wconf 89' lang='lat' dir='ltr'><strong>idem</strong></span> <span class='ocrx_word' id='word_1_602' title='bbox 3342 2221 3487 2276; x_wconf 78' lang='lat' dir='ltr'><strong>pro-_</strong></span> 
     </span>
    </p>
   </div>
   <div class='ocr_carea' id='block_1_84' title="bbox 1925 2297 3482 2376">
    <p class='ocr_par' dir='ltr' id='par_1_84' title="bbox 1925 2297 3482 2376">
     <span class='ocr_line' id='line_1_85' title="bbox 1925 2297 3482 2376; baseline -0.004 -18"><span class='ocrx_word' id='word_1_603' title='bbox 1925 2307 2084 2376; x_wconf 89' lang='lat' dir='ltr'><strong>pheta</strong></span> <span class='ocrx_word' id='word_1_604' title='bbox 2118 2324 2131 2360; x_wconf 88' lang='lat'><strong>:</strong></span> <span class='ocrx_word' id='word_1_605' title='bbox 2174 2304 2390 2372; x_wconf 83' lang='lat' dir='ltr'><strong>Vespere</strong></span> <span class='ocrx_word' id='word_1_606' title='bbox 2421 2312 2469 2358; x_wconf 86' lang='lat' dir='ltr'><strong>et</strong></span> <span class='ocrx_word' id='word_1_607' title='bbox 2498 2319 2646 2356; x_wconf 86' lang='lat' dir='ltr'><strong>mane</strong></span> <span class='ocrx_word' id='word_1_608' title='bbox 2685 2311 2732 2355; x_wconf 89' lang='lat' dir='ltr'><strong>et</strong></span> <span class='ocrx_word' id='word_1_609' title='bbox 2762 2300 2974 2354; x_wconf 80' lang='lat' dir='ltr'><strong>meridie</strong></span> <span class='ocrx_word' id='word_1_610' title='bbox 3019 2297 3192 2370; x_wconf 81' lang='lat' dir='ltr'><strong>(Psal.</strong></span> <span class='ocrx_word' id='word_1_611' title='bbox 3223 2313 3332 2362; x_wconf 83' lang='lat' dir='ltr'><strong>LIV,</strong></span> <span class='ocrx_word' id='word_1_612' title='bbox 3372 2297 3482 2368; x_wconf 79' lang='grc'>18).</span> 
     </span>
    </p>
   </div>
   <div class='ocr_carea' id='block_1_85' title="bbox 1928 2392 3486 2466">
    <p class='ocr_par' dir='ltr' id='par_1_85' title="bbox 1928 2392 3486 2466">
     <span class='ocr_line' id='line_1_86' title="bbox 1928 2392 3486 2466; baseline -0.005 -15"><span class='ocrx_word' id='word_1_613' title='bbox 1928 2397 2073 2463; x_wconf 86' lang='lat' dir='ltr'><strong>Quin</strong></span> <span class='ocrx_word' id='word_1_614' title='bbox 2124 2407 2178 2451; x_wconf 92' lang='lat' dir='ltr'><strong>et</strong></span> <span class='ocrx_word' id='word_1_615' title='bbox 2229 2395 2468 2466; x_wconf 89' lang='lat' dir='ltr'><strong>Spiritus</strong></span> <span class='ocrx_word' id='word_1_616' title='bbox 2507 2403 2732 2450; x_wconf 89' lang='lat' dir='ltr'><strong>sanctus</strong></span> <span class='ocrx_word' id='word_1_617' title='bbox 2775 2394 2994 2447; x_wconf 89' lang='lat' dir='ltr'><strong>circiter</strong></span> <span class='ocrx_word' id='word_1_618' title='bbox 3035 2393 3222 2446; x_wconf 90' lang='lat' dir='ltr'><strong>horam</strong></span> <span class='ocrx_word' id='word_1_619' title='bbox 3269 2392 3486 2453; x_wconf 83' lang='lat' dir='ltr'><strong>tertiam</strong></span> 
     </span>
    </p>
   </div>
   <div class='ocr_carea' id='block_1_86' title="bbox 1930 2483 3483 2554">
    <p class='ocr_par' dir='ltr' id='par_1_86' title="bbox 1930 2483 3483 2554">
     <span class='ocr_line' id='line_1_87' title="bbox 1930 2483 3483 2554; baseline -0.005 -11"><span class='ocrx_word' id='word_1_620' title='bbox 1930 2489 2175 2554; x_wconf 81' lang='lat' dir='ltr'><strong>advenit,</strong></span> <span class='ocrx_word' id='word_1_621' title='bbox 2219 2489 2366 2542; x_wconf 87' lang='lat' dir='ltr'><strong>velut</strong></span> <span class='ocrx_word' id='word_1_622' title='bbox 2408 2489 2462 2541; x_wconf 88' lang='lat' dir='ltr'><strong>in</strong></span> <span class='ocrx_word' id='word_1_623' title='bbox 2508 2487 2658 2541; x_wconf 84' lang='lat' dir='ltr'><strong>Actis</strong></span> <span class='ocrx_word' id='word_1_624' title='bbox 2706 2485 2998 2540; x_wconf 86' lang='lat' dir='ltr'><strong>didicimus</strong></span> <span class='ocrx_word' id='word_1_625' title='bbox 3056 2483 3195 2554; x_wconf 82' lang='lat' dir='ltr'><strong>(Act.</strong></span> <span class='ocrx_word' id='word_1_626' title='bbox 3250 2498 3312 2547; x_wconf 86' lang='grc' dir='ltr'><strong>ιι,</strong></span> <span class='ocrx_word' id='word_1_627' title='bbox 3363 2483 3483 2551; x_wconf 81' lang='grc'><strong>15),</strong></span> 
     </span>
    </p>
   </div>
   <div class='ocr_carea' id='block_1_87' title="bbox 1930 2575 3489 2648">
    <p class='ocr_par' dir='ltr' id='par_1_87' title="bbox 1930 2575 3489 2648">
     <span class='ocr_line' id='line_1_88' title="bbox 1930 2575 3489 2648; baseline -0.004 -14"><span class='ocrx_word' id='word_1_628' title='bbox 1930 2595 2053 2634; x_wconf 90' lang='lat' dir='ltr'><strong>cum</strong></span> <span class='ocrx_word' id='word_1_629' title='bbox 2100 2593 2313 2648; x_wconf 89' lang='lat' dir='ltr'><strong>nempe,</strong></span> <span class='ocrx_word' id='word_1_630' title='bbox 2349 2577 2638 2633; x_wconf 76' lang='lat' dir='ltr'><strong>Phariszeis</strong></span> <span class='ocrx_word' id='word_1_631' title='bbox 2681 2577 2979 2646; x_wconf 89' lang='lat' dir='ltr'><strong>discipulos</strong></span> <span class='ocrx_word' id='word_1_632' title='bbox 3014 2575 3085 2630; x_wconf 92' lang='lat' dir='ltr'><strong>ob</strong></span> <span class='ocrx_word' id='word_1_633' title='bbox 3131 2575 3339 2629; x_wconf 85' lang='lat' dir='ltr'><strong>varium</strong></span> <span class='ocrx_word' id='word_1_634' title='bbox 3382 2575 3489 2628; x_wconf 89' lang='lat' dir='ltr'><strong>lin-</strong></span> 
     </span>
    </p>
   </div>
   <div class='ocr_carea' id='block_1_88' title="bbox 1931 2667 3492 2741">
    <p class='ocr_par' dir='ltr' id='par_1_88' title="bbox 1931 2667 3492 2741">
     <span class='ocr_line' id='line_1_89' title="bbox 1931 2667 3492 2741; baseline -0.003 -16"><span class='ocrx_word' id='word_1_635' title='bbox 1931 2688 2162 2738; x_wconf 80' lang='lat' dir='ltr'><strong>guarum</strong></span> <span class='ocrx_word' id='word_1_636' title='bbox 2195 2687 2355 2727; x_wconf 91' lang='lat' dir='ltr'><strong>usum</strong></span> <span class='ocrx_word' id='word_1_637' title='bbox 2395 2671 2556 2741; x_wconf 75' lang='lat'><strong>322</strong></span> <span class='ocrx_word' id='word_1_638' title='bbox 2581 2670 2960 2731; x_wconf 86' lang='lat' dir='ltr'><strong>irridentibus,</strong></span> <span class='ocrx_word' id='word_1_639' title='bbox 2983 2670 3058 2722; x_wconf 88' lang='lat' dir='ltr'><strong>ait</strong></span> <span class='ocrx_word' id='word_1_640' title='bbox 3092 2667 3284 2724; x_wconf 90' lang='lat' dir='ltr'><strong>Petrus</strong></span> <span class='ocrx_word' id='word_1_641' title='bbox 3308 2668 3492 2723; x_wconf 88' lang='lat' dir='ltr'><strong>ebrios</strong></span> 
     </span>
    </p>
   </div>
   <div class='ocr_carea' id='block_1_89' title="bbox 1933 2759 3492 2831">
    <p class='ocr_par' dir='ltr' id='par_1_89' title="bbox 1933 2759 3492 2831">
     <span class='ocr_line' id='line_1_90' title="bbox 1933 2759 3492 2831; baseline -0.003 -15"><span class='ocrx_word' id='word_1_642' title='bbox 1933 2776 2030 2817; x_wconf 90' lang='lat' dir='ltr'><strong>eos</strong></span> <span class='ocrx_word' id='word_1_643' title='bbox 2064 2777 2172 2816; x_wconf 90' lang='lat' dir='ltr'><strong>non</strong></span> <span class='ocrx_word' id='word_1_644' title='bbox 2213 2776 2354 2824; x_wconf 92' lang='lat' dir='ltr'><strong>esse,</strong></span> <span class='ocrx_word' id='word_1_645' title='bbox 2397 2761 2492 2831; x_wconf 90' lang='lat' dir='ltr'><strong>qui</strong></span> <span class='ocrx_word' id='word_1_646' title='bbox 2537 2761 2649 2814; x_wconf 78' lang='lat' dir='ltr'><strong>haec</strong></span> <span class='ocrx_word' id='word_1_647' title='bbox 2692 2760 3043 2830; x_wconf 90' lang='lat' dir='ltr'><strong>loquerentur</strong></span> <span class='ocrx_word' id='word_1_648' title='bbox 3086 2777 3100 2814; x_wconf 89' lang='lat'><strong>:</strong></span> <span class='ocrx_word' id='word_1_649' title='bbox 3147 2759 3492 2830; x_wconf 90' lang='lat' dir='ltr'><strong>quandoqui-</strong></span> 
     </span>
    </p>
   </div>
   <div class='ocr_carea' id='block_1_90' title="bbox 1934 2851 3493 2912">
    <p class='ocr_par' dir='ltr' id='par_1_90' title="bbox 1934 2851 3493 2912">
     <span class='ocr_line' id='line_1_91' title="bbox 1934 2851 3493 2912; baseline -0.001 -4"><span class='ocrx_word' id='word_1_650' title='bbox 1934 2854 2056 2908; x_wconf 87' lang='lat' dir='ltr'><strong>dem</strong></span> <span class='ocrx_word' id='word_1_651' title='bbox 2097 2854 2228 2909; x_wconf 90' lang='lat' dir='ltr'><strong>bora</strong></span> <span class='ocrx_word' id='word_1_652' title='bbox 2259 2860 2378 2907; x_wconf 89' lang='lat' dir='ltr'><strong>erat</strong></span> <span class='ocrx_word' id='word_1_653' title='bbox 2411 2853 2591 2908; x_wconf 91' lang='lat' dir='ltr'><strong>tertia.</strong></span> <span class='ocrx_word' id='word_1_654' title='bbox 2623 2851 2767 2906; x_wconf 84' lang='lat' dir='ltr'><strong>Hora</strong></span> <span class='ocrx_word' id='word_1_655' title='bbox 2807 2867 2936 2907; x_wconf 84' lang='lat' dir='ltr'><strong>vero</strong></span> <span class='ocrx_word' id='word_1_656' title='bbox 2987 2866 3128 2906; x_wconf 88' lang='lat' dir='ltr'><strong>nona</strong></span> <span class='ocrx_word' id='word_1_657' title='bbox 3174 2851 3493 2912; x_wconf 82' lang='lat' dir='ltr'><strong>memoriam</strong></span> 
     </span>
    </p>
   </div>
   <div class='ocr_carea' id='block_1_91' title="bbox 1935 2944 3495 3014">
    <p class='ocr_par' dir='ltr' id='par_1_91' title="bbox 1935 2944 3495 3014">
     <span class='ocr_line' id='line_1_92' title="bbox 1935 2944 3495 3014; baseline -0.002 -16"><span class='ocrx_word' id='word_1_658' title='bbox 1935 2945 2102 3000; x_wconf 83' lang='lat' dir='ltr'><strong>refert</strong></span> <span class='ocrx_word' id='word_1_659' title='bbox 2140 2944 2435 3001; x_wconf 62' lang='lat' dir='ltr'><strong>Dominicm</strong></span> <span class='ocrx_word' id='word_1_660' title='bbox 2465 2945 2756 3014; x_wconf 86' lang='lat' dir='ltr'><strong>passionis,</strong></span> <span class='ocrx_word' id='word_1_661' title='bbox 2795 2959 2912 3012; x_wconf 67' lang='lat' dir='ltr'><strong>qure</strong></span> <span class='ocrx_word' id='word_1_662' title='bbox 2936 2944 3058 2997; x_wconf 78' lang='lat' dir='ltr'><strong>vitae</strong></span> <span class='ocrx_word' id='word_1_663' title='bbox 3097 2950 3296 2998; x_wconf 65' lang='lat' dir='ltr'><strong>nostrae</strong></span> <span class='ocrx_word' id='word_1_664' title='bbox 3328 2957 3495 2996; x_wconf 86' lang='lat' dir='ltr'><strong>causa</strong></span> 
     </span>
    </p>
   </div>
   <div class='ocr_carea' id='block_1_92' title="bbox 1940 3034 3498 3108">
    <p class='ocr_par' dir='ltr' id='par_1_92' title="bbox 1940 3034 3498 3108">
     <span class='ocr_line' id='line_1_93' title="bbox 1940 3034 3498 3108; baseline -0.003 -16"><span class='ocrx_word' id='word_1_665' title='bbox 1940 3045 2192 3108; x_wconf 88' lang='lat' dir='ltr'><strong>suscepta</strong></span> <span class='ocrx_word' id='word_1_666' title='bbox 2218 3048 2321 3094; x_wconf 86' lang='lat' dir='ltr'><strong>est.</strong></span> <span class='ocrx_word' id='word_1_667' title='bbox 2361 3037 2487 3100; x_wconf 91' lang='lat' dir='ltr'><strong>Sed,</strong></span> <span class='ocrx_word' id='word_1_668' title='bbox 2521 3037 2776 3107; x_wconf 88' lang='lat' dir='ltr'><strong>quoniam</strong></span> <span class='ocrx_word' id='word_1_669' title='bbox 2815 3035 2948 3090; x_wconf 90' lang='lat' dir='ltr'><strong>dicit</strong></span> <span class='ocrx_word' id='word_1_670' title='bbox 2979 3034 3147 3089; x_wconf 88' lang='lat' dir='ltr'><strong>David</strong></span> <span class='ocrx_word' id='word_1_671' title='bbox 3180 3054 3192 3089; x_wconf 94' lang='lat'><strong>:</strong></span> <span class='ocrx_word' id='word_1_672' title='bbox 3222 3035 3418 3103; x_wconf 75' lang='lat' dir='ltr'><strong>Septies</strong></span> <span class='ocrx_word' id='word_1_673' title='bbox 3443 3035 3498 3088; x_wconf 85' lang='lat' dir='ltr'><strong>in</strong></span> 
     </span>
    </p>
   </div>
   <div class='ocr_carea' id='block_1_93' title="bbox 1863 3099 3494 3197">
    <p class='ocr_par' dir='ltr' id='par_1_93' title="bbox 1863 3099 3494 3197">
     <span class='ocr_line' id='line_1_94' title="bbox 1863 3099 3494 3197; baseline -0.001 -19"><span class='ocrx_word' id='word_1_674' title='bbox 1863 3099 1904 3154; x_wconf 62' lang='grc' dir='ltr'><strong>θ</strong></span> <span class='ocrx_word' id='word_1_675' title='bbox 1938 3126 2023 3181; x_wconf 88' lang='lat' dir='ltr'><strong>die</strong></span> <span class='ocrx_word' id='word_1_676' title='bbox 2046 3099 2252 3182; x_wconf 72' lang='lat' dir='ltr'><strong>(aitdem</strong></span> <span class='ocrx_word' id='word_1_677' title='bbox 2275 3129 2387 3181; x_wconf 71' lang='lat' dir='ltr'><strong>dixi</strong></span> <span class='ocrx_word' id='word_1_678' title='bbox 2417 3099 2509 3180; x_wconf 76' lang='lat' dir='ltr'><strong>tibi</strong></span> <span class='ocrx_word' id='word_1_679' title='bbox 2535 3099 2686 3194; x_wconf 66' lang='lat' dir='ltr'><strong>super</strong></span> <span class='ocrx_word' id='word_1_680' title='bbox 2696 3126 2905 3195; x_wconf 84' lang='lat' dir='ltr'><strong>judicia</strong></span> <span class='ocrx_word' id='word_1_681' title='bbox 2931 3127 3156 3196; x_wconf 72' lang='lat' dir='ltr'><strong>justitiw</strong></span> <span class='ocrx_word' id='word_1_682' title='bbox 3186 3099 3299 3181; x_wconf 69' lang='lat' dir='ltr'><strong>tute</strong></span> <span class='ocrx_word' id='word_1_683' title='bbox 3322 3124 3494 3197; x_wconf 56' lang='lat' dir='ltr'><strong>(Psalt</strong></span> 
     </span>
    </p>
   </div>
   <div class='ocr_carea' id='block_1_94' title="bbox 1937 3217 3498 3288">
    <p class='ocr_par' dir='ltr' id='par_1_94' title="bbox 1937 3217 3498 3288">
     <span class='ocr_line' id='line_1_95' title="bbox 1937 3217 3498 3288; baseline -0.001 -15"><span class='ocrx_word' id='word_1_684' title='bbox 1937 3235 2127 3279; x_wconf 66' lang='grc' dir='ltr'>ειη-ιιι,</span> <span class='ocrx_word' id='word_1_685' title='bbox 2148 3219 2290 3286; x_wconf 74' lang='grc'><strong>164),</strong></span> <span class='ocrx_word' id='word_1_686' title='bbox 2307 3220 2396 3273; x_wconf 88' lang='lat' dir='ltr'><strong>illa</strong></span> <span class='ocrx_word' id='word_1_687' title='bbox 2416 3229 2594 3274; x_wconf 90' lang='lat' dir='ltr'><strong>autem</strong></span> <span class='ocrx_word' id='word_1_688' title='bbox 2611 3219 2802 3273; x_wconf 89' lang='lat' dir='ltr'><strong>orandi</strong></span> <span class='ocrx_word' id='word_1_689' title='bbox 2823 3226 3084 3288; x_wconf 86' lang='lat' dir='ltr'><strong>tempora,</strong></span> <span class='ocrx_word' id='word_1_690' title='bbox 3103 3232 3222 3286; x_wconf 62' lang='lat' dir='ltr'><strong>quae</strong></span> <span class='ocrx_word' id='word_1_691' title='bbox 3239 3217 3498 3280; x_wconf 83' lang='lat' dir='ltr'><strong>diximus,</strong></span> 
     </span>
    </p>
   </div>
   <div class='ocr_carea' id='block_1_95' title="bbox 1942 3307 3501 3382">
    <p class='ocr_par' dir='ltr' id='par_1_95' title="bbox 1942 3307 3501 3382">
     <span class='ocr_line' id='line_1_96' title="bbox 1942 3307 3501 3382; baseline -0.001 -18"><span class='ocrx_word' id='word_1_692' title='bbox 1942 3327 2289 3382; x_wconf 86' lang='lat' dir='ltr'><strong>nequaquam</strong></span> <span class='ocrx_word' id='word_1_693' title='bbox 2323 3312 2542 3381; x_wconf 76' lang='lat' dir='ltr'><strong>explent</strong></span> <span class='ocrx_word' id='word_1_694' title='bbox 2571 3325 2792 3380; x_wconf 89' lang='lat' dir='ltr'><strong>precum</strong></span> <span class='ocrx_word' id='word_1_695' title='bbox 2822 3310 3179 3376; x_wconf 87' lang='lat' dir='ltr'><strong>hebdomada,</strong></span> <span class='ocrx_word' id='word_1_696' title='bbox 3208 3307 3501 3364; x_wconf 80' lang='lat' dir='ltr'><strong>dividenda</strong></span> 
     </span>
    </p>
   </div>
   <div class='ocr_carea' id='block_1_96' title="bbox 1940 3403 3500 3472">
    <p class='ocr_par' dir='ltr' id='par_1_96' title="bbox 1940 3403 3500 3472">
     <span class='ocr_line' id='line_1_97' title="bbox 1940 3403 3500 3472; baseline -0.001 -15"><span class='ocrx_word' id='word_1_697' title='bbox 1940 3410 2024 3458; x_wconf 89' lang='lat' dir='ltr'><strong>est</strong></span> <span class='ocrx_word' id='word_1_698' title='bbox 2054 3403 2356 3457; x_wconf 87' lang='lat' dir='ltr'><strong>meridiana</strong></span> <span class='ocrx_word' id='word_1_699' title='bbox 2391 3403 2654 3472; x_wconf 87' lang='lat' dir='ltr'><strong>precatio,</strong></span> <span class='ocrx_word' id='word_1_700' title='bbox 2687 3403 2768 3458; x_wconf 89' lang='lat' dir='ltr'><strong>sic</strong></span> <span class='ocrx_word' id='word_1_701' title='bbox 2791 3411 2848 3456; x_wconf 92' lang='lat' dir='ltr'><strong>ut</strong></span> <span class='ocrx_word' id='word_1_702' title='bbox 2869 3418 2993 3470; x_wconf 91' lang='lat' dir='ltr'><strong>pars</strong></span> <span class='ocrx_word' id='word_1_703' title='bbox 3027 3417 3132 3456; x_wconf 83' lang='lat' dir='ltr'><strong>una</strong></span> <span class='ocrx_word' id='word_1_704' title='bbox 3173 3412 3500 3472; x_wconf 87' lang='lat' dir='ltr'><strong>anteaquam</strong></span> 
     </span>
    </p>
   </div>
   <div class='ocr_carea' id='block_1_97' title="bbox 1942 3491 3502 3560">
    <p class='ocr_par' dir='ltr' id='par_1_97' title="bbox 1942 3491 3502 3560">
     <span class='ocr_line' id='line_1_98' title="bbox 1942 3491 3502 3560; baseline -0.001 -14"><span class='ocrx_word' id='word_1_705' title='bbox 1942 3491 2098 3547; x_wconf 80' lang='lat' dir='ltr'><strong>cibus</strong></span> <span class='ocrx_word' id='word_1_706' title='bbox 2147 3500 2417 3552; x_wconf 89' lang='lat' dir='ltr'><strong>sumatur,</strong></span> <span class='ocrx_word' id='word_1_707' title='bbox 2462 3492 2630 3546; x_wconf 88' lang='lat' dir='ltr'><strong>altera</strong></span> <span class='ocrx_word' id='word_1_708' title='bbox 2683 3500 2805 3560; x_wconf 83' lang='lat' dir='ltr'><strong>post</strong></span> <span class='ocrx_word' id='word_1_709' title='bbox 2856 3500 3135 3560; x_wconf 87' lang='lat' dir='ltr'><strong>acceptum</strong></span> <span class='ocrx_word' id='word_1_710' title='bbox 3185 3493 3364 3546; x_wconf 86' lang='lat' dir='ltr'><strong>cibum</strong></span> <span class='ocrx_word' id='word_1_711' title='bbox 3411 3491 3502 3546; x_wconf 82' lang='lat' dir='ltr'><strong>ﬁat</strong></span> 
     </span>
    </p>
   </div>
   <div class='ocr_carea' id='block_1_98' title="bbox 1942 3583 3500 3654">
    <p class='ocr_par' dir='ltr' id='par_1_98' title="bbox 1942 3583 3500 3654">
     <span class='ocr_line' id='line_1_99' title="bbox 1942 3583 3500 3654; baseline 0 -16"><span class='ocrx_word' id='word_1_712' title='bbox 1942 3601 2051 3654; x_wconf 91' lang='lat' dir='ltr'><strong>quo</strong></span> <span class='ocrx_word' id='word_1_713' title='bbox 2089 3585 2253 3638; x_wconf 91' lang='lat' dir='ltr'><strong>etiam</strong></span> <span class='ocrx_word' id='word_1_714' title='bbox 2293 3583 2478 3638; x_wconf 86' lang='lat' dir='ltr'><strong>eaDei</strong></span> <span class='ocrx_word' id='word_1_715' title='bbox 2523 3583 2764 3638; x_wconf 89' lang='lat' dir='ltr'><strong>laudatio</strong></span> <span class='ocrx_word' id='word_1_716' title='bbox 2801 3599 2920 3652; x_wconf 75' lang='lat' dir='ltr'><strong>qua:</strong></span> <span class='ocrx_word' id='word_1_717' title='bbox 2960 3585 3160 3654; x_wconf 80' lang='lat' dir='ltr'><strong>septies</strong></span> <span class='ocrx_word' id='word_1_718' title='bbox 3189 3584 3276 3638; x_wconf 85' lang='lat' dir='ltr'><strong>die</strong></span> <span class='ocrx_word' id='word_1_719' title='bbox 3305 3584 3359 3638; x_wconf 93' lang='lat' dir='ltr'><strong>in</strong></span> <span class='ocrx_word' id='word_1_720' title='bbox 3386 3591 3500 3638; x_wconf 90' lang='lat' dir='ltr'><strong>toto</strong></span> 
     </span>
    </p>
   </div>
   <div class='ocr_carea' id='block_1_99' title="bbox 1943 3652 3498 3743">
    <p class='ocr_par' dir='ltr' id='par_1_99' title="bbox 1943 3652 3498 3743">
     <span class='ocr_line' id='line_1_100' title="bbox 1943 3652 3498 3743; baseline -0.001 -13"><span class='ocrx_word' id='word_1_721' title='bbox 1943 3661 2318 3730; x_wconf 72' lang='lat' dir='ltr'><strong>diei.circuitu</strong></span> <span class='ocrx_word' id='word_1_722' title='bbox 2359 3673 2708 3743; x_wconf 91' lang='lat' dir='ltr'><strong>persolvitur,</strong></span> <span class='ocrx_word' id='word_1_723' title='bbox 2739 3674 2897 3728; x_wconf 88' lang='lat' dir='ltr'><strong>nobis</strong></span> <span class='ocrx_word' id='word_1_724' title='bbox 2940 3674 3011 3728; x_wconf 91' lang='lat' dir='ltr'><strong>sit</strong></span> <span class='ocrx_word' id='word_1_725' title='bbox 3049 3652 3150 3743; x_wconf 75' lang='lat' dir='ltr'><strong>pro</strong></span> <span class='ocrx_word' id='word_1_726' title='bbox 3182 3675 3498 3742; x_wconf 82' lang='lat' dir='ltr'><strong>exemplari.</strong></span> 
     </span>
    </p>
   </div>
   <div class='ocr_carea' id='block_1_100' title="bbox 1943 3763 3504 3819">
    <p class='ocr_par' dir='ltr' id='par_1_100' title="bbox 1943 3763 3504 3819">
     <span class='ocr_line' id='line_1_101' title="bbox 1943 3763 3504 3819; baseline 0 -1"><span class='ocrx_word' id='word_1_727' title='bbox 1943 3765 2139 3819; x_wconf 85' lang='lat' dir='ltr'><strong>Aditus</strong></span> <span class='ocrx_word' id='word_1_728' title='bbox 2171 3764 2236 3817; x_wconf 87' lang='lat' dir='ltr'><strong>ad</strong></span> <span class='ocrx_word' id='word_1_729' title='bbox 2278 3763 2607 3818; x_wconf 86' lang='lat' dir='ltr'><strong>monasteria</strong></span> <span class='ocrx_word' id='word_1_730' title='bbox 2636 3763 2955 3818; x_wconf 87' lang='lat' dir='ltr'><strong>obstruatur</strong></span> <span class='ocrx_word' id='word_1_731' title='bbox 2992 3763 3314 3817; x_wconf 84' lang='lat' dir='ltr'><strong>mulieribus</strong></span> <span class='ocrx_word' id='word_1_732' title='bbox 3349 3783 3360 3818; x_wconf 89' lang='lat'>:</span> <span class='ocrx_word' id='word_1_733' title='bbox 3395 3765 3504 3818; x_wconf 90' lang='lat' dir='ltr'><strong>imo</strong></span> 
     </span>
    </p>
   </div>
   <div class='ocr_carea' id='block_1_101' title="bbox 1944 3854 3504 3927">
    <p class='ocr_par' dir='ltr' id='par_1_101' title="bbox 1944 3854 3504 3927">
     <span class='ocr_line' id='line_1_102' title="bbox 1944 3854 3504 3927; baseline 0.001 -16"><span class='ocrx_word' id='word_1_734' title='bbox 1944 3873 2052 3911; x_wconf 93' lang='lat' dir='ltr'><strong>non</strong></span> <span class='ocrx_word' id='word_1_735' title='bbox 2092 3857 2271 3927; x_wconf 81' lang='lat' dir='ltr'><strong>quivis</strong></span> <span class='ocrx_word' id='word_1_736' title='bbox 2310 3855 2412 3908; x_wconf 89' lang='lat' dir='ltr'><strong>viri</strong></span> <span class='ocrx_word' id='word_1_737' title='bbox 2448 3854 2842 3924; x_wconf 82' lang='lat' dir='ltr'><strong>ingrediantur,</strong></span> <span class='ocrx_word' id='word_1_738' title='bbox 2867 3855 2959 3909; x_wconf 85' lang='lat' dir='ltr'><strong>sed</strong></span> <span class='ocrx_word' id='word_1_739' title='bbox 2990 3855 3186 3925; x_wconf 87' lang='lat' dir='ltr'><strong>quibus</strong></span> <span class='ocrx_word' id='word_1_740' title='bbox 3215 3855 3504 3925; x_wconf 60' lang='lat' dir='ltr'><strong>praefectus</strong></span> 
     </span>
    </p>
   </div>
   <div class='ocr_carea' id='block_1_102' title="bbox 1948 3945 3507 4018">
    <p class='ocr_par' dir='ltr' id='par_1_102' title="bbox 1948 3945 3507 4018">
     <span class='ocr_line' id='line_1_103' title="bbox 1948 3945 3507 4018; baseline 0.001 -18"><span class='ocrx_word' id='word_1_741' title='bbox 1948 3948 2254 4018; x_wconf 84' lang='lat' dir='ltr'><strong>ingressum</strong></span> <span class='ocrx_word' id='word_1_742' title='bbox 2319 3947 2648 4017; x_wconf 89' lang='lat' dir='ltr'><strong>permiserit.</strong></span> <span class='ocrx_word' id='word_1_743' title='bbox 2709 3945 2844 4000; x_wconf 90' lang='lat' dir='ltr'><strong>Cum</strong></span> <span class='ocrx_word' id='word_1_744' title='bbox 2894 3947 3038 4001; x_wconf 92' lang='lat' dir='ltr'><strong>enim</strong></span> <span class='ocrx_word' id='word_1_745' title='bbox 3106 3947 3334 4016; x_wconf 90' lang='lat' dir='ltr'><strong>quilibet</strong></span> <span class='ocrx_word' id='word_1_746' title='bbox 3385 3947 3507 4004; x_wconf 87' lang='lat' dir='ltr'><strong>sine</strong></span> 
     </span>
    </p>
   </div>
   <div class='ocr_carea' id='block_1_103' title="bbox 1949 4035 3507 4108">
    <p class='ocr_par' dir='ltr' id='par_1_103' title="bbox 1949 4035 3507 4108">
     <span class='ocr_line' id='line_1_104' title="bbox 1949 4035 3507 4108; baseline 0.001 -18"><span class='ocrx_word' id='word_1_747' title='bbox 1949 4036 2162 4092; x_wconf 91' lang='lat' dir='ltr'><strong>delectu</strong></span> <span class='ocrx_word' id='word_1_748' title='bbox 2181 4036 2506 4106; x_wconf 84' lang='lat' dir='ltr'><strong>ingreditur,</strong></span> <span class='ocrx_word' id='word_1_749' title='bbox 2527 4036 2741 4090; x_wconf 89' lang='lat' dir='ltr'><strong>animus</strong></span> <span class='ocrx_word' id='word_1_750' title='bbox 2763 4035 3077 4106; x_wconf 87' lang='lat' dir='ltr'><strong>plerumque</strong></span> <span class='ocrx_word' id='word_1_751' title='bbox 3093 4037 3147 4089; x_wconf 91' lang='lat' dir='ltr'><strong>in</strong></span> <span class='ocrx_word' id='word_1_752' title='bbox 3173 4037 3507 4108; x_wconf 85' lang='lat' dir='ltr'><strong>intempesti-</strong></span> 
     </span>
    </p>
   </div>
   <div class='ocr_carea' id='block_1_104' title="bbox 1949 4127 3510 4193">
    <p class='ocr_par' dir='ltr' id='par_1_104' title="bbox 1949 4127 3510 4193">
     <span class='ocr_line' id='line_1_105' title="bbox 1949 4127 3510 4193; baseline -0.001 -10"><span class='ocrx_word' id='word_1_753' title='bbox 1949 4146 2046 4185; x_wconf 85' lang='lat' dir='ltr'><strong>vos</strong></span> <span class='ocrx_word' id='word_1_754' title='bbox 2079 4144 2360 4185; x_wconf 86' lang='lat' dir='ltr'><strong>sermones</strong></span> <span class='ocrx_word' id='word_1_755' title='bbox 2421 4143 2485 4182; x_wconf 89' lang='lat' dir='ltr'><strong>ac</strong></span> <span class='ocrx_word' id='word_1_756' title='bbox 2524 4128 2746 4183; x_wconf 83' lang='lat' dir='ltr'><strong>inutiles</strong></span> <span class='ocrx_word' id='word_1_757' title='bbox 2779 4127 2990 4183; x_wconf 83' lang='lat' dir='ltr'><strong>fabulas</strong></span> <span class='ocrx_word' id='word_1_758' title='bbox 3021 4143 3141 4183; x_wconf 88' lang='lat' dir='ltr'><strong>sese</strong></span> <span class='ocrx_word' id='word_1_759' title='bbox 3175 4127 3419 4193; x_wconf 78' lang='lat' dir='ltr'><strong>eﬂ‘undit,</strong></span> <span class='ocrx_word' id='word_1_760' title='bbox 3453 4136 3510 4184; x_wconf 86' lang='lat' dir='ltr'><strong>et</strong></span> 
     </span>
    </p>
   </div>
   <div class='ocr_carea' id='block_1_105' title="bbox 1951 4219 3512 4292">
    <p class='ocr_par' dir='ltr' id='par_1_105' title="bbox 1951 4219 3512 4292">
     <span class='ocr_line' id='line_1_106' title="bbox 1951 4219 3512 4292; baseline 0.001 -18"><span class='ocrx_word' id='word_1_761' title='bbox 1951 4236 2016 4275; x_wconf 83' lang='lat' dir='ltr'><strong>ex</strong></span> <span class='ocrx_word' id='word_1_762' title='bbox 2047 4222 2204 4277; x_wconf 89' lang='lat' dir='ltr'><strong>vanis</strong></span> <span class='ocrx_word' id='word_1_763' title='bbox 2243 4220 2536 4291; x_wconf 86' lang='lat' dir='ltr'><strong>colloquiis</strong></span> <span class='ocrx_word' id='word_1_764' title='bbox 2579 4219 2850 4274; x_wconf 88' lang='lat' dir='ltr'><strong>delabitur</strong></span> <span class='ocrx_word' id='word_1_765' title='bbox 2886 4219 2940 4272; x_wconf 93' lang='lat' dir='ltr'><strong>in</strong></span> <span class='ocrx_word' id='word_1_766' title='bbox 2969 4235 3137 4275; x_wconf 89' lang='lat' dir='ltr'><strong>vanas</strong></span> <span class='ocrx_word' id='word_1_767' title='bbox 3181 4220 3512 4292; x_wconf 87' lang='lat' dir='ltr'><strong>inutilesque</strong></span> 
     </span>
    </p>
   </div>
   <div class='ocr_carea' id='block_1_106' title="bbox 1952 4312 3512 4384">
    <p class='ocr_par' dir='ltr' id='par_1_106' title="bbox 1952 4312 3512 4384">
     <span class='ocr_line' id='line_1_107' title="bbox 1952 4312 3512 4384; baseline 0.001 -18"><span class='ocrx_word' id='word_1_768' title='bbox 1952 4313 2330 4384; x_wconf 76' lang='lat' dir='ltr'><strong>cogitationes.</strong></span> <span class='ocrx_word' id='word_1_769' title='bbox 2376 4312 2459 4368; x_wconf 92' lang='lat' dir='ltr'><strong>0b</strong></span> <span class='ocrx_word' id='word_1_770' title='bbox 2517 4313 2679 4382; x_wconf 89' lang='lat' dir='ltr'><strong>idque</strong></span> <span class='ocrx_word' id='word_1_771' title='bbox 2723 4313 2807 4366; x_wconf 81' lang='lat' dir='ltr'><strong>lex</strong></span> <span class='ocrx_word' id='word_1_772' title='bbox 2857 4314 3164 4367; x_wconf 89' lang='lat' dir='ltr'><strong>communis</strong></span> <span class='ocrx_word' id='word_1_773' title='bbox 3205 4326 3267 4368; x_wconf 86' lang='lat' dir='ltr'><strong>ea</strong></span> <span class='ocrx_word' id='word_1_774' title='bbox 3313 4313 3405 4378; x_wconf 87' lang='lat' dir='ltr'><strong>sit,</strong></span> <span class='ocrx_word' id='word_1_775' title='bbox 3451 4323 3512 4368; x_wconf 87' lang='lat' dir='ltr'><strong>ut</strong></span> 
     </span>
    </p>
   </div>
   <div class='ocr_carea' id='block_1_107' title="bbox 1953 4403 3512 4477">
    <p class='ocr_par' dir='ltr' id='par_1_107' title="bbox 1953 4403 3512 4477">
     <span class='ocr_line' id='line_1_108' title="bbox 1953 4403 3512 4477; baseline -0.003 -15"><span class='ocrx_word' id='word_1_776' title='bbox 1953 4407 2104 4462; x_wconf 86' lang='lat' dir='ltr'><strong>solus</strong></span> <span class='ocrx_word' id='word_1_777' title='bbox 2138 4422 2340 4477; x_wconf 70' lang='lat' dir='ltr'><strong>praeses</strong></span> <span class='ocrx_word' id='word_1_778' title='bbox 2375 4406 2443 4462; x_wconf 89' lang='lat' dir='ltr'><strong>de</strong></span> <span class='ocrx_word' id='word_1_779' title='bbox 2474 4405 2541 4461; x_wconf 93' lang='lat' dir='ltr'><strong>iis</strong></span> <span class='ocrx_word' id='word_1_780' title='bbox 2573 4406 2937 4475; x_wconf 84' lang='lat' dir='ltr'><strong>interrogetur</strong></span> <span class='ocrx_word' id='word_1_781' title='bbox 2971 4412 3023 4458; x_wconf 91' lang='lat' dir='ltr'><strong>et</strong></span> <span class='ocrx_word' id='word_1_782' title='bbox 3063 4403 3409 4473; x_wconf 84' lang='lat' dir='ltr'><strong>respondeat,</strong></span> <span class='ocrx_word' id='word_1_783' title='bbox 3443 4403 3512 4458; x_wconf 87' lang='lat' dir='ltr'><strong>de</strong></span> 
     </span>
    </p>
   </div>
   <div class='ocr_carea' id='block_1_108' title="bbox 1952 4495 3508 4570">
    <p class='ocr_par' dir='ltr' id='par_1_108' title="bbox 1952 4495 3508 4570">
     <span class='ocr_line' id='line_1_109' title="bbox 1952 4495 3508 4570; baseline -0.002 -17"><span class='ocrx_word' id='word_1_784' title='bbox 1952 4500 2155 4570; x_wconf 90' lang='lat' dir='ltr'><strong>quibus</strong></span> <span class='ocrx_word' id='word_1_785' title='bbox 2207 4499 2522 4554; x_wconf 88' lang='lat' dir='ltr'><strong>necessario</strong></span> <span class='ocrx_word' id='word_1_786' title='bbox 2574 4512 2754 4554; x_wconf 90' lang='lat' dir='ltr'><strong>sermo</strong></span> <span class='ocrx_word' id='word_1_787' title='bbox 2801 4497 2998 4566; x_wconf 88' lang='lat' dir='ltr'><strong>aliquis</strong></span> <span class='ocrx_word' id='word_1_788' title='bbox 3042 4495 3226 4550; x_wconf 85' lang='lat' dir='ltr'><strong>haberi</strong></span> <span class='ocrx_word' id='word_1_789' title='bbox 3278 4496 3436 4550; x_wconf 89' lang='lat' dir='ltr'><strong>debet</strong></span> <span class='ocrx_word' id='word_1_790' title='bbox 3495 4516 3508 4550; x_wconf 93' lang='lat'><strong>:</strong></span> 
     </span>
    </p>
   </div>
   <div class='ocr_carea' id='block_1_109' title="bbox 1953 4585 3514 4659">
    <p class='ocr_par' dir='ltr' id='par_1_109' title="bbox 1953 4585 3514 4659">
     <span class='ocr_line' id='line_1_110' title="bbox 1953 4585 3514 4659; baseline -0.006 -15"><span class='ocrx_word' id='word_1_791' title='bbox 1953 4591 2176 4646; x_wconf 83' lang='lat' dir='ltr'><strong>minime</strong></span> <span class='ocrx_word' id='word_1_792' title='bbox 2211 4599 2391 4645; x_wconf 88' lang='lat' dir='ltr'><strong>autem</strong></span> <span class='ocrx_word' id='word_1_793' title='bbox 2429 4589 2794 4659; x_wconf 88' lang='lat' dir='ltr'><strong>respondeant</strong></span> <span class='ocrx_word' id='word_1_794' title='bbox 2819 4587 2997 4642; x_wconf 68' lang='lat' dir='ltr'><strong>caeteri</strong></span> <span class='ocrx_word' id='word_1_795' title='bbox 3027 4586 3094 4640; x_wconf 92' lang='lat' dir='ltr'><strong>iis</strong></span> <span class='ocrx_word' id='word_1_796' title='bbox 3132 4585 3224 4654; x_wconf 90' lang='lat' dir='ltr'><strong>qui</strong></span> <span class='ocrx_word' id='word_1_797' title='bbox 3254 4599 3514 4654; x_wconf 82' lang='lat' dir='ltr'><strong>superva-</strong></span> 
     </span>
    </p>
   </div>
   <div class='ocr_carea' id='block_1_110' title="bbox 1953 4676 3513 4750">
    <p class='ocr_par' dir='ltr' id='par_1_110' title="bbox 1953 4676 3513 4750">
     <span class='ocr_line' id='line_1_111' title="bbox 1953 4676 3513 4750; baseline -0.004 -16"><span class='ocrx_word' id='word_1_798' title='bbox 1953 4682 2138 4736; x_wconf 88' lang='lat' dir='ltr'><strong>caneis</strong></span> <span class='ocrx_word' id='word_1_799' title='bbox 2179 4682 2635 4737; x_wconf 87' lang='lat' dir='ltr'><strong>collocutionibus</strong></span> <span class='ocrx_word' id='word_1_800' title='bbox 2675 4687 2968 4750; x_wconf 89' lang='lat' dir='ltr'><strong>nugantur.</strong></span> <span class='ocrx_word' id='word_1_801' title='bbox 3011 4686 3071 4731; x_wconf 91' lang='lat' dir='ltr'><strong>ut</strong></span> <span class='ocrx_word' id='word_1_802' title='bbox 3119 4692 3186 4731; x_wconf 88' lang='lat' dir='ltr'><strong>ne</strong></span> <span class='ocrx_word' id='word_1_803' title='bbox 3236 4676 3398 4731; x_wconf 85' lang='lat' dir='ltr'><strong>simul</strong></span> <span class='ocrx_word' id='word_1_804' title='bbox 3444 4676 3513 4728; x_wconf 87' lang='lat' dir='ltr'><strong>ad</strong></span> 
     </span>
    </p>
   </div>
   <div class='ocr_carea' id='block_1_111' title="bbox 1955 4768 3172 4840">
    <p class='ocr_par' dir='ltr' id='par_1_111' title="bbox 1955 4768 3172 4840">
     <span class='ocr_line' id='line_1_112' title="bbox 1955 4768 3172 4840; baseline -0.006 -14"><span class='ocrx_word' id='word_1_805' title='bbox 1955 4772 2198 4826; x_wconf 90' lang='lat' dir='ltr'><strong>inanium</strong></span> <span class='ocrx_word' id='word_1_806' title='bbox 2231 4773 2518 4826; x_wconf 86' lang='lat' dir='ltr'><strong>verborum</strong></span> <span class='ocrx_word' id='word_1_807' title='bbox 2550 4771 2743 4826; x_wconf 90' lang='lat' dir='ltr'><strong>seriem</strong></span> <span class='ocrx_word' id='word_1_808' title='bbox 2773 4768 3172 4840; x_wconf 88' lang='lat' dir='ltr'><strong>pertrabantur.</strong></span> 
     </span>
    </p>
   </div>
   <div class='ocr_carea' id='block_1_112' title="bbox 2025 4856 3515 4933">
    <p class='ocr_par' dir='ltr' id='par_1_112' title="bbox 2025 4856 3515 4933">
     <span class='ocr_line' id='line_1_113' title="bbox 2025 4856 3515 4933; baseline -0.006 -15"><span class='ocrx_word' id='word_1_809' title='bbox 2025 4865 2077 4918; x_wconf 84' lang='lat'><strong>5.</strong></span> <span class='ocrx_word' id='word_1_810' title='bbox 2120 4864 2398 4933; x_wconf 86' lang='lat' dir='ltr'><strong>Apotheca</strong></span> <span class='ocrx_word' id='word_1_811' title='bbox 2443 4871 2622 4918; x_wconf 91' lang='lat' dir='ltr'><strong>autem</strong></span> <span class='ocrx_word' id='word_1_812' title='bbox 2665 4861 2970 4917; x_wconf 90' lang='lat' dir='ltr'><strong>communis</strong></span> <span class='ocrx_word' id='word_1_813' title='bbox 3006 4858 3248 4913; x_wconf 91' lang='lat' dir='ltr'><strong>omnium</strong></span> <span class='ocrx_word' id='word_1_814' title='bbox 3284 4856 3375 4922; x_wconf 89' lang='lat' dir='ltr'><strong>sit,</strong></span> <span class='ocrx_word' id='word_1_815' title='bbox 3414 4871 3515 4910; x_wconf 89' lang='lat' dir='ltr'><strong>nec</strong></span> 
     </span>
    </p>
   </div>
   <div class='ocr_carea' id='block_1_113' title="bbox 1954 4947 3514 5025">
    <p class='ocr_par' dir='ltr' id='par_1_113' title="bbox 1954 4947 3514 5025">
     <span class='ocr_line' id='line_1_114' title="bbox 1954 4947 3514 5025; baseline -0.004 -18"><span class='ocrx_word' id='word_1_816' title='bbox 1954 4953 2252 5025; x_wconf 88' lang='lat' dir='ltr'><strong>quidquam</strong></span> <span class='ocrx_word' id='word_1_817' title='bbox 2298 4969 2397 5008; x_wconf 89' lang='lat' dir='ltr'><strong>ceu</strong></span> <span class='ocrx_word' id='word_1_818' title='bbox 2451 4954 2697 5022; x_wconf 85' lang='lat' dir='ltr'><strong>cujusvis</strong></span> <span class='ocrx_word' id='word_1_819' title='bbox 2740 4951 3017 5021; x_wconf 88' lang='lat' dir='ltr'><strong>proprium</strong></span> <span class='ocrx_word' id='word_1_820' title='bbox 3042 4947 3375 5007; x_wconf 89' lang='lat' dir='ltr'><strong>nominetur.</strong></span> <span class='ocrx_word' id='word_1_821' title='bbox 3405 4961 3514 5000; x_wconf 89' lang='lat' dir='ltr'><strong>non</strong></span> 
     </span>
    </p>
   </div>
   <div class='ocr_carea' id='block_1_114' title="bbox 1955 5036 3518 5111">
    <p class='ocr_par' dir='ltr' id='par_1_114' title="bbox 1955 5036 3518 5111">
     <span class='ocr_line' id='line_1_115' title="bbox 1955 5036 3518 5111; baseline -0.009 -11"><span class='ocrx_word' id='word_1_822' title='bbox 1955 5048 2376 5111; x_wconf 88' lang='lat' dir='ltr'><strong>vestimentum,</strong></span> <span class='ocrx_word' id='word_1_823' title='bbox 2437 5061 2546 5100; x_wconf 91' lang='lat' dir='ltr'><strong>non</strong></span> <span class='ocrx_word' id='word_1_824' title='bbox 2598 5046 3066 5102; x_wconf 87' lang='lat' dir='ltr'><strong>caleeamentum,</strong></span> <span class='ocrx_word' id='word_1_825' title='bbox 3122 5053 3230 5093; x_wconf 90' lang='lat' dir='ltr'><strong>non</strong></span> <span class='ocrx_word' id='word_1_826' title='bbox 3297 5036 3518 5107; x_wconf 87' lang='lat' dir='ltr'><strong>quidvis</strong></span> 
     </span>
    </p>
   </div>
   <div class='ocr_carea' id='block_1_115' title="bbox 1956 5129 3520 5208">
    <p class='ocr_par' dir='ltr' id='par_1_115' title="bbox 1956 5129 3520 5208">
     <span class='ocr_line' id='line_1_116' title="bbox 1956 5129 3520 5208; baseline -0.008 -15"><span class='ocrx_word' id='word_1_827' title='bbox 1956 5140 2101 5194; x_wconf 89' lang='lat' dir='ltr'><strong>aliud</strong></span> <span class='ocrx_word' id='word_1_828' title='bbox 2150 5139 2295 5208; x_wconf 91' lang='lat' dir='ltr'><strong>quod</strong></span> <span class='ocrx_word' id='word_1_829' title='bbox 2351 5139 2418 5192; x_wconf 89' lang='lat' dir='ltr'><strong>ad</strong></span> <span class='ocrx_word' id='word_1_830' title='bbox 2457 5135 2830 5191; x_wconf 88' lang='lat' dir='ltr'><strong>necessarium</strong></span> <span class='ocrx_word' id='word_1_831' title='bbox 2865 5131 3112 5201; x_wconf 87' lang='lat' dir='ltr'><strong>corporis</strong></span> <span class='ocrx_word' id='word_1_832' title='bbox 3157 5145 3314 5184; x_wconf 89' lang='lat' dir='ltr'><strong>usum</strong></span> <span class='ocrx_word' id='word_1_833' title='bbox 3348 5129 3520 5199; x_wconf 80' lang='lat' dir='ltr'><strong>perti-</strong></span> 
     </span>
    </p>
   </div>
   <div class='ocr_carea' id='block_1_116' title="bbox 1955 5220 3518 5298">
    <p class='ocr_par' dir='ltr' id='par_1_116' title="bbox 1955 5220 3518 5298">
     <span class='ocr_line' id='line_1_117' title="bbox 1955 5220 3518 5298; baseline -0.008 -12"><span class='ocrx_word' id='word_1_834' title='bbox 1955 5242 2100 5286; x_wconf 88' lang='lat' dir='ltr'><strong>neat.</strong></span> <span class='ocrx_word' id='word_1_835' title='bbox 2133 5231 2238 5287; x_wconf 85' lang='lat' dir='ltr'><strong>Sed</strong></span> <span class='ocrx_word' id='word_1_836' title='bbox 2275 5248 2409 5287; x_wconf 90' lang='lat' dir='ltr'><strong>usus</strong></span> <span class='ocrx_word' id='word_1_837' title='bbox 2458 5232 2526 5286; x_wconf 90' lang='lat' dir='ltr'><strong>sit</strong></span> <span class='ocrx_word' id='word_1_838' title='bbox 2567 5243 2733 5298; x_wconf 88' lang='lat' dir='ltr'><strong>penes</strong></span> <span class='ocrx_word' id='word_1_839' title='bbox 2779 5223 3116 5297; x_wconf 70' lang='lat' dir='ltr'><strong>praefectum,</strong></span> <span class='ocrx_word' id='word_1_840' title='bbox 3162 5223 3235 5276; x_wconf 88' lang='lat' dir='ltr'><strong>ita</strong></span> <span class='ocrx_word' id='word_1_841' title='bbox 3281 5232 3337 5274; x_wconf 89' lang='lat' dir='ltr'><strong>ut</strong></span> <span class='ocrx_word' id='word_1_842' title='bbox 3373 5220 3518 5289; x_wconf 86' lang='lat' dir='ltr'><strong>quod</strong></span> 
     </span>
    </p>
   </div>
   <div class='ocr_carea' id='block_1_117' title="bbox 2027 5356 3307 5438">
    <p class='ocr_par' dir='ltr' id='par_1_117' title="bbox 2027 5356 3307 5438">
     <span class='ocr_line' id='line_1_118' title="bbox 2027 5356 3307 5438; baseline -0.012 -16"><span class='ocrx_word' id='word_1_843' title='bbox 2027 5369 2140 5438; x_wconf 84' lang='lat'><strong>(58)</strong></span> <span class='ocrx_word' id='word_1_844' title='bbox 2169 5368 2348 5423; x_wconf 79' lang='lat' dir='ltr'><strong>Codex</strong></span> <span class='ocrx_word' id='word_1_845' title='bbox 2383 5362 2786 5438; x_wconf 62' lang='lat' dir='ltr'><strong>Reg._‘(uvatt_€tv</strong></span> <span class='ocrx_word' id='word_1_846' title='bbox 2819 5356 3307 5438; x_wconf 61' lang='grc' dir='ltr'>ἀποκλειέσθωραγ.</span> 
     </span>
    </p>
   </div>
   <div class='ocr_carea' id='block_1_118' title="bbox 2027 5425 3518 5510">
    <p class='ocr_par' dir='ltr' id='par_1_118' title="bbox 2027 5425 3518 5510">
     <span class='ocr_line' id='line_1_119' title="bbox 2027 5425 3518 5510; baseline -0.01 -16"><span class='ocrx_word' id='word_1_847' title='bbox 2027 5425 2138 5510; x_wconf 70' lang='lat'><strong>(593</strong></span> <span class='ocrx_word' id='word_1_848' title='bbox 2171 5438 2425 5510; x_wconf 74' lang='lat' dir='ltr'><strong>Utraque</strong></span> <span class='ocrx_word' id='word_1_849' title='bbox 2453 5425 2838 5510; x_wconf 52' lang='lat' dir='ltr'><strong>ga’ditigie&#39;m</strong></span> <span class='ocrx_word' id='word_1_850' title='bbox 2860 5426 3342 5510; x_wconf 44' lang='lat' dir='ltr'><strong>exsarkqmtigx</strong></span> <span class='ocrx_word' id='word_1_851' title='bbox 3386 5425 3518 5494; x_wconf 80' lang='lat' dir='ltr'><strong>Reg.</strong></span> 
     </span>
    </p>
   </div>
   <div class='ocr_carea' id='block_1_119' title="bbox 1955 5490 3315 5582">
    <p class='ocr_par' dir='ltr' id='par_1_119' title="bbox 1955 5490 3315 5582">
     <span class='ocr_line' id='line_1_120' title="bbox 1955 5490 3315 5582; baseline -0.013 -18"><span class='ocrx_word' id='word_1_852' title='bbox 1955 5490 2383 5582; x_wconf 46' lang='grc' dir='ltr'>ὲμξάλλείίθιδιι</span> <span class='ocrx_word' id='word_1_853' title='bbox 2414 5507 2554 5559; x_wconf 89' lang='lat' dir='ltr'><strong>idem</strong></span> <span class='ocrx_word' id='word_1_854' title='bbox 2582 5490 2739 5582; x_wconf 58' lang='lat' dir='ltr'><strong>liber&#39;</strong></span> <span class='ocrx_word' id='word_1_855' title='bbox 2759 5509 2915 5582; x_wconf 83' lang='lat' dir='ltr'><strong>vetus</strong></span> <span class='ocrx_word' id='word_1_856' title='bbox 2939 5500 3078 5582; x_wconf 54' lang='grc' dir='ltr'>ὑπὲρ</span> <span class='ocrx_word' id='word_1_857' title='bbox 3109 5490 3183 5582; x_wconf 51' lang='grc' dir='ltr'><strong>(ἓν</strong></span> <span class='ocrx_word' id='word_1_858' title='bbox 3203 5495 3315 5582; x_wconf 82' lang='grc' dir='ltr'>καί.</span> 
     </span>
    </p>
   </div>
   <div class='ocr_carea' id='block_1_120' title="bbox 2028 5567 3522 5650">
    <p class='ocr_par' dir='ltr' id='par_1_120' title="bbox 2028 5567 3522 5650">
     <span class='ocr_line' id='line_1_121' title="bbox 2028 5567 3522 5650; baseline -0.011 -16"><span class='ocrx_word' id='word_1_859' title='bbox 2028 5583 2138 5650; x_wconf 89' lang='grc'><strong>(60)</strong></span> <span class='ocrx_word' id='word_1_860' title='bbox 2177 5579 2450 5632; x_wconf 79' lang='lat' dir='ltr'><strong>Articulus</strong></span> <span class='ocrx_word' id='word_1_861' title='bbox 2478 5574 2689 5646; x_wconf 92' lang='lat' dir='ltr'><strong>positus</strong></span> <span class='ocrx_word' id='word_1_862' title='bbox 2720 5581 2891 5628; x_wconf 81' lang='lat' dir='ltr'><strong>estex</strong></span> <span class='ocrx_word' id='word_1_863' title='bbox 2912 5570 3098 5624; x_wconf 89' lang='lat' dir='ltr'><strong>codice</strong></span> <span class='ocrx_word' id='word_1_864' title='bbox 3127 5567 3258 5639; x_wconf 80' lang='lat' dir='ltr'><strong>Reg.</strong></span> <span class='ocrx_word' id='word_1_865' title='bbox 3284 5576 3408 5621; x_wconf 87' lang='lat' dir='ltr'><strong>ante</strong></span> <span class='ocrx_word' id='word_1_866' title='bbox 3429 5578 3522 5619; x_wconf 78' lang='lat' dir='ltr'><strong>vo-</strong></span> 
     </span>
    </p>
   </div>
   <div class='ocr_carea' id='block_1_121' title="bbox 1957 5650 2318 5720">
    <p class='ocr_par' dir='ltr' id='par_1_121' title="bbox 1957 5650 2318 5720">
     <span class='ocr_line' id='line_1_122' title="bbox 1957 5650 2318 5720; baseline -0.014 -12"><span class='ocrx_word' id='word_1_867' title='bbox 1957 5669 2072 5708; x_wconf 87' lang='lat' dir='ltr'><strong>cem</strong></span> <span class='ocrx_word' id='word_1_868' title='bbox 2108 5650 2318 5720; x_wconf 75' lang='grc' dir='ltr'>χρῆσις.</span> 
     </span>
    </p>
   </div>
  </div>
