3962 6238
525 260 630 317 879

1817 254 1874 310 δ.
1914 251 2156 307 BASlLll
2196 249 2409 306 MAGNI
3608 259 3690 315 883

527 378 726 446 cuique
757 375 1031 437 convenit,
1063 373 1117 429 id
1139 389 1201 428 ex
1230 375 1612 430 communibus
1635 373 1908 428 tribuatur
1935 371 2086 440 juxta

2197 369 2425 421 ἑκάστου
2461 365 2813 437 χρησιμεύειν
2835 403 2848 426 ,
2893 367 3032 419 κατὰ
3068 366 3165 436 τὴν
3203 365 3292 419 τοῦ
3339 375 3692 442 προηγουμένου

524 467 883 522 moderatoris
937 473 1285 536 praeceptum.
1326 463 1445 518 lam
1497 481 1625 522 vero
1670 466 1724 520 in
1787 466 1888 517 hoc
1943 478 2087 516 com-

525 557 677 612 muni
733 556 1093 610 contubernio
1151 556 1463 610 dilectionis
1526 558 1609 610 lex
1663 571 1772 610 non
1826 554 2090 624 permittit

524 649 882 719 particulares
915 647 1185 703 amicitias
1215 665 1278 701 ac
1319 649 1656 702 sodalitates.
1692 647 1825 700 Nam
1870 660 2090 700 necesse

523 749 608 796 est
645 741 890 806 omnino,
945 738 1170 794 allectus
1206 740 1568 808 particulares
1612 739 1902 808 plurimum
1941 751 2094 790 com-

524 833 676 888 muni
724 830 1031 886 concordize
1064 846 1281 886 nocere.
1315 831 1678 898 Quamobrem
1716 830 1984 900 respicere
2033 844 2090 883 se

524 931 712 978 mutuo
753 922 950 976 debent
977 937 1169 975 omnes
1201 936 1324 974 cum
1358 921 1549 990 aequali
1574 920 1778 974 amoris
1808 932 2086 981 mensura,

523 1028 774 1084 unusque
819 1020 873 1067 et
919 1012 1062 1066 idem
1109 1012 1162 1065 in
1200 1021 1313 1066 toto
1357 1021 1500 1067 caatu
1531 1011 1800 1065 tenendus
1837 1018 1921 1065 est
1956 1010 2089 1064 dile-

523 1107 722 1160 ctionis
760 1104 971 1159 modus.
1002 1103 1156 1169 Quod
1183 1104 1227 1157 si
1262 1103 1387 1171 quis
1419 1104 1489 1158 ob
1531 1117 1916 1172 quamcunque
1959 1116 2089 1154 cau-

523 1213 637 1252 sam
683 1197 1006 1251 monachum
1055 1196 1277 1249 fratrem
1325 1207 1418 1249 aut
1467 1196 1832 1266 propinquum
1889 1194 2087 1264 majori

523 1290 705 1344 studio
731 1303 891 1357 quam
924 1288 1087 1341 alium
1123 1288 1368 1355 quemvis
1405 1289 1660 1357 prosequi
1694 1287 2084 1356 comperiatur,

524 1380 570 1435 is
625 1391 880 1449 tanquam
945 1379 996 1431 in
1060 1385 1228 1430 totam
1287 1379 1602 1433 societatem
1657 1379 2086 1433 contumeliosus

521 1474 837 1542 castigetur.
891 1469 1099 1525 Nimius
1167 1486 1403 1538 namque
1451 1486 1579 1540 erga
1628 1487 1795 1524 unum
1850 1471 2086 1540 aliquem

521 1577 675 1617 amor
715 1579 967 1633 magnum
1022 1563 1076 1616 in
1129 1572 1352 1618 caateros
1422 1563 1691 1617 deiectum
1763 1563 1962 1632 arguit.
2025 1561 2086 1614 Ei

521 1663 700 1711 autem
737 1657 828 1726 qui
865 1656 935 1710 ob
987 1656 1240 1710 delictum
1298 1656 1500 1725 aliquid
1539 1654 1934 1709 condemnatus
1977 1663 2083 1718 est,

520 1749 829 1818 irrogentur
865 1763 1037 1817 pinnae
1073 1763 1174 1817 pro
1210 1749 1410 1816 peccati
1447 1762 1722 1808 mensura,
1753 1747 1836 1800 vel
1873 1753 1928 1799 ut
1963 1761 2084 1800 cum

519 1839 733 1893 caeteris
769 1847 915 1892 stare
959 1838 1023 1891 ad
1064 1837 1400 1907 psallendum
1442 1838 1818 1907 prohibeatur,
1855 1838 1938 1892 vel
1978 1852 2084 1890 non

520 1929 842 1983 admittatur
871 1929 935 1984 ad
973 1943 1191 1998 precum
1229 1931 1566 1992 societatem,
1601 1929 1682 1983 vel
1718 1943 1748 1980 a
1778 1928 1883 1981 cibi
1921 1928 2087 1996 parti-

519 2021 790 2091 cipatione
840 2029 1092 2075 arceatur
1146 2040 1158 2074 :
1213 2037 1320 2090 qua
1373 2022 1425 2073 in
1479 2036 1537 2075 re
1583 2019 1888 2089 disciplinae
1937 2033 2084 2072 com-

520 2111 672 2172 muni
719 2110 1010 2180 praefectus
1069 2124 1286 2179 poenam
1336 2111 1676 2178 delinquenti
1735 2125 1834 2178 pro
1877 2109 2086 2178 peccati

516 2201 885 2272 magnitudine
929 2201 1210 2256 decernet.
1262 2200 1383 2254 Fiat
1435 2209 1615 2256 autem
1661 2217 1758 2270 per
1822 2201 1972 2255 vices
2033 2201 2088 2254 in

518 2290 792 2346 communi
838 2300 1106 2347 conventu
1147 2292 1536 2356 ministerium,
1588 2292 1802 2347 duobus
1842 2292 2086 2346 vicissim

521 2383 577 2438 in
636 2398 744 2438 una
796 2383 1136 2441 hebdomade
1193 2386 1407 2454 negotia
1480 2400 1710 2454 quaeque
1779 2383 2086 2438 necessaria

518 2476 926 2546 peragentibus,
963 2483 1022 2530 ut
1059 2484 1113 2530 et
1144 2478 1451 2531 communis
1497 2477 1726 2531 exsistat
1766 2475 2088 2530 humilitatis

518 2580 748 2630 merces,
794 2582 896 2622 nec
941 2567 1195 2636 cuiquam
1249 2569 1410 2622 liceat
1456 2583 1525 2622 ne
1577 2567 1633 2621 in
1679 2567 1823 2622 bono
1872 2568 2088 2637 quidem

521 2657 736 2714 sodales
779 2673 1060 2727 superare,
1112 2674 1302 2713 omnes
1361 2674 1491 2714 vero
1537 2659 1741 2728 pariter
1787 2659 2087 2729 interquie-

519 2757 698 2806 scant.
743 2748 868 2804 Haec
912 2751 1057 2804 enim
1113 2750 1317 2805 laboris
1367 2760 1420 2805 et
1457 2750 1716 2819 requietis
1768 2749 2091 2806 vicissitudo

520 2841 654 2894 facit
674 2848 735 2894 ut
769 2841 1148 2896 lassitudinem
1181 2842 1494 2896 laborantes
1526 2855 1634 2896 non
1668 2842 1924 2897 sentiant.
1955 2842 2090 2896 Cum

519 2947 745 2987 necesse
786 2932 945 3002 323
1003 2931 1167 2987 fuerit
1218 2933 1274 2986 in
1317 2933 1595 3003 publicum
1642 2933 1882 3003 prodire,
1925 2949 2090 3002 penes

2193 459 2482 528 ὑφήγησιν.
2525 457 2612 510 Ἐν
2640 456 2693 509 δὲ
2732 459 2799 528 τῇ
2835 459 2986 526 κοινῇ
3021 457 3192 528 ταύτῃ
3224 460 3472 530 συσκηνίᾳ
3505 466 3692 532 μερικὰς

2193 548 2372 617 φιλίας
2404 549 2497 601 καὶ
2535 549 2806 619 ἑταιρείας
2841 551 2870 602 ό
2906 550 3003 618 τῆς
3051 549 3268 619 ἀγάπης
3315 549 3499 621 θεσμὸς
3522 553 3612 625 (61)
3645 557 3692 610 ού

2193 645 2478 714 συγχωρεῖ.
2522 642 2758 711 Ἀνάγκη
2805 640 2913 713 γάρ
2945 643 3090 693 πᾶσα
3120 641 3216 703 τὰς
3260 643 3316 693 ὲν
3354 643 3494 713 μέρει
3522 648 3695 716 γινομέ-

2191 751 2286 796 νας
2317 733 2689 803 προσπαθείας
2715 735 2794 796 είς
2823 732 2991 786 πολλά
3021 731 3272 801 βλάπτειν
3297 734 3393 804 τὴν
3422 735 3582 806 κοινὴν
3607 738 3693 808 (62)

2193 825 2528 895 συμφωνίαν.
2577 825 2692 878 Νῦν
2728 825 2785 877 δέ
2834 827 2930 894 ἴσῳ
2971 824 3048 894 τῷ
3103 825 3283 895 μέτρῳ
3323 825 3416 895 τῆς
3457 827 3696 892 διαθέσεως

2191 916 2395 979 πάντας
2448 917 2713 986 προσήκει
2763 915 2897 985 πρὸς
2952 914 3210 986 ἀλλήλους
3265 913 3502 984 βλέπειν,
3543 917 3620 971 καὶ
3653 916 3697 970 ἓν

2195 1008 2390 1078 μέτρον
2418 1007 2515 1076 τῆς
2544 1007 2762 1075 ἀγάπης
2785 1006 2877 1058 ἐπὶ
2911 1005 3112 1068 παντὸς
3162 1009 3378 1075 κρατεῖν
3413 1007 3496 1059 τοῦ
3519 1008 3695 1080 πληρώ-

2193 1115 2380 1170 ματος.
2414 1099 2477 1150 Εί
2516 1098 2572 1151 δέ
2595 1115 2680 1161 τις
2714 1097 2911 1168 εὑρεθῇ
2941 1097 3149 1149 πλείονι
3183 1098 3358 1167 σχέσει
3397 1099 3697 1169 ἀγαπητικῶς

2189 1193 2326 1263 ἔχων
2356 1192 2490 1263 πρὸς
2515 1189 2747 1261 μοναχὸν
2769 1188 3068 1259 ἀδελφὺν,ἦ
3097 1189 3352 1260 συγγενῆ,
3382 1191 3412 1262 ῆ
3435 1193 3553 1262 πρὸς
3576 1194 3698 1248 ἄλλον

2188 1285 2309 1338 τινὰ
2350 1284 2416 1337 δι’
2450 1284 2764 1352 οἱανδήποτε
2797 1281 3087 1352 πρόφασιν,
3120 1280 3194 1343 ὡς
3236 1281 3298 1332 τὸ
3327 1283 3490 1336 κοινὸν
3519 1283 3695 1351 ἀδικῶν,

2191 1375 2631 1447 σωφρονιζέσθω.
2650 1375 2707 1427 '0
2729 1373 2836 1444 γὰρ
2869 1373 3206 1444 πλεονασμὸς
3232 1377 3328 1445 τῆς
3351 1375 3611 1440 διαθέσεως
3628 1380 3700 1430 ἐπὶ

2186 1468 2280 1520 τοῦ
2321 1468 2437 1530 ἐνὸς
2467 1465 2757 1538 προσώπου
2798 1466 3133 1536 κατηγορίαν
3195 1465 3306 1536 ἔχει
3351 1468 3444 1536 τῆς
3492 1469 3572 1520 ἐπὶ
3615 1468 3698 1520 τῶν

2187 1561 2361 1614 ἄλλων
2408 1560 2698 1629 ἐλλείψεως
2740 1557 2942 1629 πολλὴν
2971 1557 3104 1628 (65).
3144 1558 3224 1611 Τὰ
3270 1559 3326 1611 δέ
3366 1559 3589 1631 ἐπιτίμια
3626 1561 3698 1614 τοῦ

2189 1654 2278 1707 ἐπὶ
2305 1653 2651 1724 πλημμελείᾳ
2675 1653 2781 1705 τινὶ
2814 1649 3288 1718 καταγνωσθέντος
3310 1651 3441 1721 πρὸς
3465 1652 3519 1704 τὸ
3541 1653 3697 1722 μέτρον

2186 1744 2278 1796 τοῦ
2305 1745 2697 1814 ἁμαρτήματος
2727 1741 2893 1794 ἔστωο
2934 1739 3028 1794 καὶ
3055 1740 3116 1793 τὸ
3146 1740 3450 1811 κωλυθῆναι
3486 1743 3695 1810 συστῆναι

2189 1837 2266 1898 είς
2287 1835 2622 1905 ψαλμῳδίαν,
2637 1834 2730 1886 καὶ
2747 1831 2807 1885 τὸ
2827 1831 2900 1902 μὴ
2927 1831 3328 1903 παραδεχθῆναι
3348 1833 3425 1895 εἰς
3448 1833 3590 1901 εὐχῆς
3609 1831 3693 1900 (64)

2189 1927 2496 1989 κοινωνίαν,
2542 1927 2634 1979 καὶ
2676 1926 2736 1978 τὸ
2776 1925 3074 1995 ἀπόϐλητον
3107 1923 3357 1991 γενέσθαι
3407 1925 3480 1987 είς
3503 1923 3586 1994 τὴν
3620 1925 3697 1993 τῆς

2187 2019 2388 2088 τροφῆς
2421 2018 2730 2088 μετουσίαν·
2762 2017 2820 2068 ἐν
2849 2011 2892 2082 ᾧ
2921 2017 3013 2068 καὶ
3043 2016 3175 2086 πρὸς
3204 2015 3305 2084 τὴν
3341 2015 3588 2086 ποσότητα
3623 2013 3696 2066 τοῦ

2191 2110 2503 2179 σφάλματος
2541 2109 2713 2180 ὁρίσει
2742 2101 2802 2160 τὸ
2849 2108 3122 2178 ἐπιτίμιον
3149 2107 3228 2177 τῷ
3273 2107 3699 2178 ἐξαμαρτάνοντιό

2189 2203 2498 2255 ἐπιστατεῖν
2528 2200 2744 2271 ταχθεὶς
2772 2203 2835 2270 τῇ
2866 2202 3015 2271 κοινῇ
3046 2199 3287 2268 εὐταξίᾳ,
3314 2201 3375 2252 Ἠ
3401 2200 3452 2253 δέ
3477 2199 3699 2269 ὑπηρεσία

2187 2293 2418 2362 γινέσθω
2449 2295 2513 2363 τῇ
2544 2295 2694 2362 κοινῇ
2730 2292 2943 2360 συνοδίᾳ
2967 2294 3029 2344 ἐκ
3065 2293 3338 2362 περιόδου,
3363 2291 3452 2344 δύο
3479 2293 3582 2344 κατ’
3604 2293 3700 2343 ἀκο-

2187 2386 2404 2440 λουθίαν
2432 2389 2488 2439 ἐν
2534 2385 2785 2455 ἐϐδομάδι
2825 2387 2922 2455 μιᾷ
2957 2386 3136 2439 πᾶσαν
3170 2385 3271 2457 τὴν
3300 2387 3400 2438 ὑπὸ
3429 2387 3518 2456 τῆς
3550 2384 3696 2456 χρείας

2189 2478 2620 2550 ἐπιζητουμένην
2656 2477 2888 2548 σπουδὴν
2927 2477 3292 2532 ἐκτελούντων
3313 2518 3327 2540 ,
3363 2479 3444 2530 ἵνα
3475 2479 3556 2532 καί
3585 2480 3608 2530 ὁ
3632 2493 3699 2545 μι·

2191 2570 2315 2632 σθὸς
2339 2570 2435 2640 τῆς
2470 2569 2970 2641 ταπεινοφροσύνης
3004 2569 3183 2632 κοινὸς
3223 2565 3280 2644 ᾖ,
3315 2571 3406 2624 καὶ
3428 2571 3495 2641 μὴ
3519 2570 3596 2638 ἐξῇ
3617 2586 3697 2620 τινι

2193 2661 2325 2731 μηδὲ
2354 2662 2410 2713 ἐν
2455 2662 2532 2731 τῷ
2561 2661 2710 2731 καλῷ
2752 2661 3095 2712 πλεονεκτεῖν
3135 2662 3237 2733 τὴν
3282 2663 3538 2726 συνοδίαν,
3568 2661 3643 2714 καὶ
3673 2659 3698 2728 ἠ

2160 2753 2494 2816 ’ἀνάπαυσις
2529 2755 2585 2806 ἐν
2618 2752 2694 2823 τῷ
2726 2755 2824 2823 ἴσῳ
2853 2755 3018 2806 πᾶσιν
3055 2754 3279 2827 ὑπάρχῃ
3303 2755 3430 2825 (65).
3459 2754 3523 2807 Τὸ
3547 2754 3635 2824 γὰρ
3655 2754 3701 2804 ὲν

2194 2846 2349 2917 μέρει
2381 2846 2698 2907 κοποῧσθαι,
2730 2846 2824 2898 καὶ
2866 2847 2922 2898 ἐν
2959 2845 3119 2917 μέρει
3164 2846 3584 2909 διαναπαύεσθαι,
3627 2845 3699 2896 άν-

2191 2938 2518 3007 επαίσθητον
2545 2939 2658 3000 τοῖς
2685 2937 2950 3008 κάμνουσι
2971 2939 3060 2991 τὸν
3094 2937 3263 2990 κόπον
3289 2937 3442 2992 ποιεῖ.
3478 2935 3700 3001 Ἐξουσίαν

521 3032 606 3080 est
629 3025 941 3095 prml'ectum
982 3025 1330 3079 contubernii
1358 3063 1373 3089 ,
1410 3039 1546 3095 quos
1577 3027 1809 3080 voluerit
1835 3025 2086 3096 dirigere,

2191 3029 2304 3102 ἔχει
2336 3033 2364 3082 ὁ
2394 3027 2671 3100 προεστὼς
2699 3027 2792 3081 τοῦ
2841 3029 3153 3099 τάγματος,
3204 3030 3298 3082 καὶ
3333 3030 3423 3082 ἐπὶ
3454 3026 3702 3095 ἀναγκαίας

521 3124 616 3171 aut
648 3116 1137 3187 imperareqnibus
1169 3117 1302 3171 utile
1339 3115 1504 3172 fuerit
1525 3125 1580 3173 et
1611 3127 1997 3188 opportunum,
2029 3125 2090 3172 ut

521 3222 612 3263 res
655 3207 984 3264 domesticas
1031 3215 1246 3272 curent,
1303 3215 1358 3262 et
1413 3208 1557 3262 domi
1613 3217 1888 3266 maneant.
1937 3207 2090 3279 Saepe

522 3299 668 3353 enim
712 3300 766 3353 in
807 3299 1069 3368 juvenum
1112 3299 1474 3368 corporibus,
1510 3299 1724 3354 etiamsi
1769 3316 1932 3370 quam
1975 3309 2090 3355 stu-

524 3390 834 3446 diosissime
872 3407 992 3446 sese
1041 3407 1136 3461 per
1182 3393 1574 3446 continentiam
1614 3391 1873 3463 aﬂligant,
1933 3393 2082 3447 colo-

522 3485 602 3538 ris
636 3484 798 3539 decor
839 3483 1023 3538 nescio
1058 3484 1331 3552 quomodo
1376 3499 1473 3553 per
1510 3491 1725 3540 aetatem
1778 3483 2086 3548 eﬂlorescit,

523 3583 577 3630 et
603 3574 846 3630 libidinis
873 3575 1090 3629 occasio
1119 3575 1532 3630 occurrentibus
1571 3577 1836 3632 oboritur.
1875 3577 1932 3632 Si
1966 3580 2090 3648 quis

521 3664 709 3734 igitur,
759 3673 1022 3734 quantum
1073 3663 1140 3718 ad
1183 3665 1430 3734 corporis
1479 3665 1690 3730 liorem,
1720 3667 1940 3736 juvenis
1982 3675 2086 3732 est,

523 3757 760 3812 occultet
811 3763 864 3811 et
914 3757 1217 3811 abscondat
1274 3755 1591 3826 hujusmodi
1641 3758 1963 3828 elegantiam
2027 3775 2089 3814 ac

523 3856 888 3913 venustatem,
922 3847 1096 3903 donec
1125 3860 1396 3917 apparens
1421 3849 1512 3904 ille
1541 3851 1707 3903 decor
1739 3849 1806 3902 ad
1847 3851 2090 3905 debitum

524 3947 726 3995 statum
757 3940 1094 4009 pervenerit.
1140 3938 1286 3993 Nihil
1318 3940 1371 3993 in
1426 3940 1505 3996 eis
1545 3940 1678 3993 iram
1727 3940 1963 4004 indicet,
1999 3949 2092 3996 aut

522 4031 854 4100 injuriarum
899 4039 1245 4101 acceptarum
1283 4033 1625 4096 memoriam,
1672 4043 1765 4086 aut
1807 4033 2088 4098 invidiam,

527 4130 621 4176 aut
643 4121 1066 4186 contentionem,
1105 4139 1281 4192 neque
1309 4131 1515 4194 gestus,
1549 4141 1724 4196 neque
1753 4134 1956 4191 motus,
1982 4143 2091 4183 non

521 4214 747 4268 verbum
770 4254 784 4278 ,
819 4229 928 4268 non
955 4213 1097 4268 acris
1121 4215 1402 4269 oculorum
1443 4215 1690 4278 obtutus,
1718 4232 1895 4286 neque
1934 4216 2090 4272 faciei

521 4303 905 4369 conformatio,
957 4313 1050 4358 aut
1101 4305 1148 4359 si
1182 4306 1310 4375 quid
1359 4306 1506 4360 aliud
1567 4308 1939 4362 convictorem
1992 4323 2090 4362 no-

2189 3122 2446 3194 προόδους
2477 3122 2604 3184 τοὺς
2637 3121 2776 3174 κατὰ
2828 3120 3054 3190 γνώμην
3085 3122 3414 3192 προσάγειν,
3454 3122 3537 3173 καὶ
3572 3135 3700 3190 προσ-

2189 3214 2407 3267 τάσσειν
2450 3207 2532 3276 οἷς
2579 3213 2645 3265 ἂν
2696 3211 2951 3285 συμφέρῃ
2992 3213 3053 3266 τὸ
3110 3216 3398 3286 οἰκουρεῖν,
3451 3213 3535 3265 καὶ
3586 3208 3700 3269 ἐντὸς

2188 3305 2281 3359 τοῦ
2313 3307 2460 3358 οἴκου
2500 3304 2702 3376 μένειν.
2749 3303 3017 3367 Πολλάκις
3046 3304 3154 3376 γὰρ
3197 3309 3308 3369 τοῖς
3340 3306 3472 3368 νέοις
3512 3302 3702 3374 σώμασι,

2189 3399 2290 3454 κᾶν
2321 3400 2403 3452 ὅτι
2433 3398 2667 3469 μάλιστα
2711 3400 2742 3470 ἡ
2792 3401 2856 3453 ἐκ
2904 3401 3002 3471 τῆς
3031 3400 3361 3471 ἐγκρατείας
3419 3395 3700 3451 κακοπάθεια

2191 3491 2576 3561 σπουδάζηται,
2608 3490 2832 3544 ἐπανθεῖ
2860 3506 2978 3554 πως
3003 3493 3036 3562 ἡ
3069 3492 3132 3543 ἐκ
3155 3494 3256 3561 τῆς
3281 3490 3482 3562 ἡλικίας
3507 3486 3702 3558 εὖχροια,

2190 3583 2283 3634 κα)⁸
2315 3581 2534 3652 ἀφορμὴ
2557 3581 2762 3643 πάθους
2791 3583 2903 3643 τοῖς
2925 3581 3315 3650 ἐντυγχάνουσι
3342 3577 3612 3649 γίνεταιεξ
3634 3569 3702 3626 οὖν

2188 3690 2274 3735 τις
2304 3671 2482 3735 νεάζοι
2515 3671 2655 3725 κατὰ
2683 3671 2745 3724 τὸ
2781 3671 2938 3736 ἄνθος
2976 3672 3070 3724 τοῦ
3116 3672 3234 3745 (66)
3279 3672 3537 3744 σώματος,
3565 3665 3704 3736 ἀφανῆ

2189 3763 2288 3835 τὴν
2309 3765 2559 3834 τοιαύτην
2582 3764 2802 3816 ποιείτω
2825 3763 3244 3835 εὐσχημοσύνην
3266 3761 3702 3836 ὐποκρυπτόμενοςν

2192 3855 2295 3917 ἓως
2322 3854 2388 3908 ἂν
2423 3857 2503 3916 εἰς
2531 3854 2628 3927 τὴν
2655 3853 2968 3924 πρέπουσαν
3000 3855 3338 3911 κατάστασιν
3355 3856 3413 3909 τὸ
3442 3852 3704 3925 φαινόμενον

2192 3944 2339 4018 ἔλθῃ.
2379 3945 2599 4016 Ὀργῆς,
2649 3945 2680 4016 ἢ
2729 3945 3114 4015 μνησικακίας,
3146 3946 3181 4016 ἢ
3221 3945 3490 4016 φθόνου,ἢ
3522 3944 3705 4012 φιλονει-

2191 4037 2315 4100 κίας
2350 4039 2570 4107 σημεῖον
2593 4037 2649 4088 ἐν
2673 4034 2857 4097 αὐτοῖς
2889 4033 3000 4104 (67)
3027 4034 3167 4088 ἔστω
3199 4036 3384 4107 μηδὲν,
3413 4035 3444 4105 ἢ
3474 4031 3647 4102 σχῆμα,
3677 4024 3703 4093 ἢ

2193 4127 2424 4197 κίνημα·
2467 4126 2540 4197 μὴ
2579 4126 2749 4197 ῥῆμα,
2789 4126 2862 4197 μὴ
2895 4126 3209 4197 βλέμματος
3240 4128 3496 4188 ἔνστασις,
3522 4124 3550 4192 ἢ
3576 4135 3705 4191 προσ-

2193 4217 2342 4270 ώπου
2377 4219 2633 4282 διάθεσις,
2665 4219 2698 4288 ἢ
2735 4219 2787 4270 εί
2813 4236 2863 4271 τι
2897 4218 3023 4272 ἄλλο
3064 4219 3344 4273 ὑποκινεῖν
3377 4219 3565 4286 πέφυκε
3601 4209 3703 4282 πρὸς

2193 4309 2361 4380 ὀργὴν
2385 4310 2475 4362 τὸν
2505 4309 2766 4374 συζῶντα.
2802 4312 2865 4363 Ei
2896 4310 2953 4362 δέ
2978 4309 3059 4372 τίς
3105 4328 3214 4362 τινι
3247 4309 3355 4381 (68)
3382 4309 3568 4362 τούτων
3607 4319 3702 4354 συν-

523 4404 696 4452 atrurn
724 4395 791 4450 ad
823 4397 957 4449 iram
993 4409 1291 4466 provocare
1321 4395 1516 4450 soleat.
1557 4395 1714 4462 Quod
1743 4397 1788 4452 si
1816 4398 2086 4467 quispiam

2194 4401 2457 4471 ενεχθείη,
2497 4401 2557 4452 τὸ
2607 4401 3038 4471 προπεπονθέναι
3069 4419 3121 4454 τι
3173 4402 3283 4455 τῶν
3325 4399 3606 4454 λυπούντων
3632 4393 3704 4459 οὐχ

522 4486 578 4541 in
619 4485 836 4556 aliquod
871 4486 1061 4540 horum
1112 4485 1384 4549 inciderit,
1416 4487 1634 4542 etiamsi
1665 4487 1812 4557 prior
1836 4488 2087 4543 molestia

520 4578 703 4648 aliqua
768 4575 993 4633 affectus
1051 4579 1123 4632 sit
1167 4596 1179 4632 :
1239 4578 1292 4632 id
1351 4588 1527 4632 tamen
1561 4579 1696 4634 satis
1741 4595 1847 4633 non
1888 4587 1971 4634 est
2019 4580 2086 4635 ad

520 4676 801 4740 peccatum
848 4670 937 4724 cui
983 4669 1250 4725 obnoxius
1304 4668 1364 4724 lit
1413 4671 1806 4726 excusandum.
1879 4670 2080 4726 Malum

518 4896 552 4950 h
591 4825 702 4948 (611)
729 4825 874 4950 Ιάῗῐη
890 4825 1061 4882 codex
1083 4825 1303 4896 ἀγάπης
1320 4823 1527 4896 μισθός,
1547 4823 1838 4879 dilectionis
1860 4841 2079 4888 merces,

559 4913 622 4950 au
693 4912 782 4950 rec
807 4912 858 4950 e.

559 4906 661 4951 aud
693 4906 858 4951 recte.

589 4966 700 5035 (62)
734 4966 864 5036 Reg.
897 4967 1103 5035 primus
1140 4965 1444 5036 6taté_[J.V£tV
1473 4963 1814 5036 τὴνγκοινήν,
1846 4979 2082 5036 commu-

517 5033 634 5089 nem
660 5033 994 5090 concordiam
1043 5052 1237 5090 secare.
1278 5034 1461 5089 Lectio
1491 5033 1713 5103 optima.
1753 5033 1879 5086 Mox
1909 5035 2080 5087 codex

518 5104 652 5176 Reg.
688 5107 785 5179 ίσῳ
804 5106 882 5176 τῷ
913 5107 1112 5179 μέτρῳ.
1141 5105 1256 5159 Vox
1277 5105 1376 5176 ἴσῳ
1410 5105 1819 5160 desiderabatur
1853 5105 1906 5158 in
1931 5112 2082 5157 utra-

518 5191 629 5246 que,
652 5177 907 5246 editione.

587 5245 697 5316 (65)
722 5245 836 5299 Vox
853 5245 1094 5313 πολλήν
1114 5245 1168 5298 in
1186 5243 1371 5316 codice
1391 5242 1521 5316 Reg.
1543 5258 1648 5297 non
1679 5241 1893 5316 legitur.
1913 5241 2080 5316 Addi-

517 5313 698 5369 dimus
725 5331 832 5369 non
881 5317 1037 5384 longe
1065 5331 1131 5370 ex
1167 5314 1357 5370 eodem
1401 5313 1540 5367 libro
1568 5314 1736 5366 veteri
1786 5314 2076 5367 articulum

517 5393 643 5439 ante
669 5386 1102 5454 przepositionem
1139 5385 1251 5438 ἐπί.

613 5450 702 5518 ϐξ)
732 5450 846 5524 Vox
875 5454 1064 5524 εὐχῆς
1089 5455 1242 5509 deest
1274 5455 1329 5508 in
1353 5453 1540 5524 codice
1570 5451 1764 5524 ltegio_
1783 5450 2076 5524 Moxiidem

519 5515 696 5580 codex
717 5527 774 5579 ἐν
803 5520 845 5593 ᾧ
866 5515 1120 5596 myrrpr
1133 5528 1249 5594 τήν.
1270 5524 1444 5596 Editio
1463 5523 1633 5596 Paris.
1652 5515 1713 5596 ἓν
1798 5523 1935 5576 κατὰ
1956 5524 2074 5593 τήν.

588 5596 699 5664 (65)
733 5592 909 5649 Editio
938 5592 1108 5664 Paris.
1135 5592 1240 5648 πᾶν
1263 5594 1503 5664 ὑπάρχῃ.
1536 5592 1713 5664 Editio
1737 5592 1873 5646 Ven.
1904 5600 1958 5647 et
1983 5592 2075 5664 co-

521 5664 620 5720 dex
651 5665 778 5738 Reg.
815 5667 999 5719 πᾶσιν.
1040 5663 1149 5719 Nec
1170 5666 1241 5719 ita
1271 5663 1439 5718 multo
1467 5672 1589 5732 post
1619 5663 1760 5718 idem
1793 5664 1962 5719 codex
1985 5663 2074 5716 τὸν

2195 4491 2376 4545 ἱκανόν
2410 4495 2554 4544 ἐστιν
2589 4493 2668 4554 είς
2694 4492 2986 4560 ἀπολογίαν
3024 4491 3116 4545 τοῦ
3155 4493 3629 4563 πλημμελήματοςν
3660 4484 3704 4534 ἓν

2187 4574 2232 4648 ᾧ
2256 4599 2339 4644 τις
2377 4581 2636 4651 ἐνέχεται.
2674 4581 2746 4634 Τὸ
2783 4581 2892 4653 γάρ
2955 4581 3119 4635 κακὸν
3158 4585 3219 4635 ἐν
3254 4583 3533 4652 οἱῳδήποτε
3567 4574 3703 4646 χρόνῳ

2187 4672 2532 4742 τολμώμενον
2587 4673 2780 4743 ἐπίσης
2835 4674 2951 4726 ἐστί
3013 4673 3182 4726 κακόν
3228 4673 3357 4745 (69).
3408 4673 3588 4742 Ὅρκος
3632 4663 3704 4734 μὲν

2184 4825 2343 4878 πόνον
2362 4829 2522 4878 ποιεῖ.
2555 4823 2796 4880 Subinde
2818 4825 2905 4878 hic
2929 4825 3046 4894 ipse
3067 4826 3240 4880 codex
3267 4828 3361 4880 καὶ
3386 4825 3466 4878 ὅτε
3495 4820 3701 4894 milia”.

2257 4894 2369 4963 (66)
2405 4895 2586 4948 Codex
2625 4894 2759 4964 Reg.
2805 4891 3033 4948 κατὰτὸ
3080 4897 3254 4960 πάθος
3285 4895 3398 4949 τοῦ.
3441 4891 3552 4947 Mox
3592 4891 3703 4944 idem

2184 4965 2355 5038 codex
2384 4966 2688 5038 rr_orei~.m_év
2715 4965 3120 5038 εὐσχημοσύνῃ.
3328 5033 3354 5038 _
3448 5035 3459 5038 _
3568 5032 3578 5038 _
3646 5025 3666 5036 η

2259 5033 2371 5104 (67)
2408 5034 2500 5088 Sic
2521 5035 2693 5089 codex
2719 5032 2941 5101 Regius.
2978 5032 3134 5104 lllu'd,
3167 5033 3417 5103 σημεῖον
3436 5035 3500 5087 ἐν
3521 5032 3701 5104 admit.

2185 5102 2372 5159 deerat
2400 5107 2453 5157 in
2486 5105 2768 5172 impressis
2801 5105 2975 5158 libris.
3012 5103 3206 5158 Statim
3246 5102 3312 5159 ex
3339 5107 3514 5158 eodem
3539 5102 3702 5172 illo_co-

2187 5175 2308 5228 dice
2333 5168 2954 5245 addidim'us,_voculam
2973 5174 3029 5244 ἡ,
3061 5190 3182 5245 quae
3205 5175 3382 5245 inepte
3409 5174 3591 5228 omissa
3611 5168 3702 5221 iue—

2187 5245 2360 5314 ratiin
2396 5245 2633 5314 editione
2663 5243 3010 5314 Parisiensi.‘
3038 5313 3041 5314 ν
3077 5243 3095 5245 “
3297 5243 3315 5245 “
3655 5303 3700 5314 ...

2184 5383 2240 5436 δέ
2259 5313 2368 5383 (68)
2405 5312 2649 5436 Πὲνοιιυο
2689 5314 2860 5369 editio
2892 5315 2956 5368 Et
2992 5312 3049 5366 δέ
3078 5332 3201 5368 τινι.
3246 5313 3426 5370 Codex
3469 5317 3631 5366 noster
3655 5303 3700 5355 Εἰ

2268 5402 2353 5436 τις
2372 5401 2454 5436 τιν

2268 5402 2353 5446 τις
2372 5401 2478 5436 τινι
2663 5443 2668 5449 ι

2259 5454 2367 5523 (69)
2391 5453 2593 5508 Horum
2617 5448 2928 5514 verborum,
2942 5449 3162 5521 ἐπίσης
3172 5453 3306 5507 ἐστὶ
3321 5451 3516 5512 κακόν,
3533 5448 3627 5502 haec
3638 5448 3701 5498 est

2185 5525 2498 5578 sententia:
2539 5525 2740 5577 malum
2783 5525 2980 5593 quovis
3020 5533 3261 5592 tempore
3301 5523 3597 5579 admissum,
3629 5527 3701 5593 pet:

2184 5609 2244 5648 se
2265 5593 2485 5664 quidem
2512 5600 2565 5648 et
2596 5580 2915 5647 natura-sua
2945 5580 3226 5664 aequaliter
3249 5593 3443 5646 malum
3465 5603 3570 5664 esse
3591 5580 3698 5664 τ·ξώ

2182 5655 2364 5720 tamen
2382 5664 2450 5719 ob
2464 5664 2906 5721 circumstantias
2926 5655 3096 5720 levius
3114 5663 3249 5729 ﬁeri,
3271 5670 3362 5718 aut
3377 5662 3589 5734 gravius.
3605 5655 3688 5708 Mor
