3962 6238
201 371 292 430 881
1460 371 1689 429 SERMO
1728 369 2129 427 ASCETICUS.

3335 367 3441 422 882

202 495 342 559 ita;
380 495 709 567 ἑζοριζέσθω
753 497 844 549 τοῦ
896 496 1194 564 καταλόγου
1247 495 1355 548 τῶν
1398 493 1764 563 ἀσκουμένων.

1882 489 2014 542 enim
2039 504 2258 560 quoquo
2309 496 2546 557 tempore
2598 486 2914 549 admissum.
2953 502 3017 540 ex
3055 500 3211 556 aequo
3239 486 3442 541 malum

212 588 276 640 Ἦ
306 586 362 640 δὲ
386 587 725 652 κατάνευσις,
743 589 841 658 τῆς
872 588 1127 658 κεφαλῆς,
1169 590 1260 642 καὶ
1290 591 1321 659 ἡ
1351 587 1439 640 διὰ
1467 590 1563 658 τῆς
1591 588 1771 656 φωνῆς

205 679 602 749 συγκατάθεσις
643 682 767 734 ἀντὶ
795 683 954 752 ὅρκου
999 681 1286 753 κρινέσθω,
1326 683 1420 735 καὶ
1457 681 1535 753 τῷ
1563 681 1770 751 λέγοντι

200 771 296 825 καὶ
327 770 406 840 τῷ
440 770 716 824 ἀκούοντι.
757 773 822 825 Ei
850 772 906 828 δέ
933 790 1018 836 τις
1046 775 1367 844 ἀπιστήσειε
1404 777 1468 845 τῇ
1502 774 1628 845 ψιλῇ
1656 775 1771 828 δια-

201 862 512 926 ϐεϐαιώσει,
540 866 878 934 κατηγορίαν
909 865 1003 918 τοῦ
1041 866 1170 918 ίδίου
1203 868 1501 932 συνειδότος
1533 869 1770 939 παρέχε-

197 970 286 1006 ται
318 954 393 1016 ὡς
425 953 484 1005 οὐ
539 953 892 1034 κατορθώσας
938 955 1167 1024 ἀψευδὲς
1215 955 1274 1007 ὲν
1321 953 1500 1026 λόγῳ,
1546 955 1639 1008 καὶ
1685 955 1772 1009 διὰ

197 1042 358 1097 τοῦτο
391 1045 448 1096 ὲν
471 1047 586 1108 τοῖς
618 1045 996 1116 πλημμελοῦσι
1021 1049 1347 1118 ταχθήσεται
1379 1049 1482 1101 ὑπὸ
1512 1048 1606 1101 τοῦ
1637 1065 1771 1118 προ-

199 1135 647 1206 καθηγουμένου,
701 1139 797 1190 καὶ
843 1139 1103 1209 ἐπιτιμίῳ
1154 1139 1510 1210 θεραπεύοντι
1559 1157 1770 1213 σωφρο-

197 1226 536 1296 νισθήσεται.
575 1228 686 1298 Τῆς
737 1230 949 1300 ἡμέρας
991 1230 1386 1302 παρελθούσης,
1434 1234 1528 1286 καὶ
1574 1235 1774 1298 παντὸς

199 1318 366 1389 ἔργου
390 1320 471 1382 είς
522 1320 694 1390 πέρας
731 1319 995 1385 ἐλθόντος,
1031 1323 1345 1392 σωματικοῦ
1378 1341 1436 1377 τε
1481 1325 1574 1378 καὶ
1610 1342 1774 1378 πνευ-

203 1407 459 1476 ματικοῦ,
498 1407 602 1477 πρὸ
652 1412 752 1479 τῆς
795 1410 1152 1474 ἀναπαύσεως
1176 1412 1560 1482 ἀνακρίνεσθαι
1609 1432 1775 1484 προσ-

197 1497 326 1566 ήκει
364 1497 428 1550 τὸ
459 1497 697 1562 συνειδὸς
729 1500 959 1554 ἑκάστου
990 1502 1091 1554 ὑπὸ
1119 1503 1216 1572 τῆς
1245 1503 1378 1567 ἰδίας
1397 1505 1643 1575 καρδίας.
1666 1508 1774 1560 Καὶ

199 1589 255 1642 ef
270 1606 325 1641 τι
355 1589 550 1658 γέγονε
582 1590 732 1663 παρὰ
757 1591 816 1644 τὸ
832 1592 968 1656 δέον,
985 1593 1016 1664 ἢ
1034 1593 1156 1646 ἐνθύ
1167 1612 1239 1666 μη
1251 1613 1324 1665 μα
1340 1596 1416 1648 τῶ
1427 1616 1448 1649 ν
1464 1597 1775 1669 ἀπηγορευ-

201 1681 402 1751 μένων,
431 1682 464 1752 ἢ
489 1681 646 1750 λόγος
666 1683 768 1746 ἔξω
788 1683 882 1737 τοῦ
908 1683 1306 1758 καθήκοντος,ἢ
1334 1689 1460 1759 περί
1486 1688 1582 1759 τὴν
1610 1706 1775 1760 προσ-

196 1770 364 1841 ευχὴν
396 1771 662 1842 ῥᾳθυμία,
687 1774 720 1842 ἢ
751 1773 1088 1845 ἀκηδιασμὸς
1118 1778 1217 1848 τῆς
1243 1777 1582 1850 ψαλμῳδίας,
1614 1780 1646 1851 ἢ
1679 1780 1772 1833 τοῦ

198 1863 382 1917 κοινοῦ
418 1864 532 1935 βίου
573 1865 857 1936 ἐπιθυμία,
893 1868 965 1938 μὴ
993 1869 1406 1940 ὲπικρυπτέσθω
1438 1871 1498 1923 τὸ
1521 1871 1772 1943 πλημμέ-

196 1954 368 2024 λημα,
406 1955 544 2009 ἀλλὰ
578 1955 656 2026 τῷ
683 1956 847 2027 κοινῷ
875 1957 1257 2028 ἐξαγγελλέτω,
1286 1962 1362 2025 ὡς
1390 1961 1454 2016 ἂν
1479 1963 1565 2016 διὰ
1588 1965 1770 2035 κοινῆς

196 2045 511 2118 προσευχῆς
561 2047 872 2120 θεραπευθῇ
920 2049 980 2102 τὸ
1031 2051 1199 2115 πάθος
1229 2052 1322 2105 τοῦ
1365 2053 1769 2125 συνενεχθέντος

194 2137 272 2207 τῷ
303 2137 534 2208 τοιούτῳ
556 2139 730 2209 κακῷ.

211 2331 324 2349 —-

349 2394 492 2447 ΤΟΥ
528 2395 762 2447 ΑΥΤΟΥ
797 2396 1013 2450 ΛΟΓΟΣ
1051 2399 1450 2454 ΑΣΚΗΤΙΚΟΣ
1482 2403 1614 2474 (70).

265 2482 319 2535 l.
362 2482 422 2536 Ὀ
466 2483 764 2553 ἀσκητικὺς
812 2483 924 2553 βίος
976 2485 1072 2538 ἕνα
1118 2487 1318 2540 σκοπὸν
1353 2487 1489 2558 ἔχει,
1525 2490 1627 2561 τὴν
1675 2490 1772 2560 τῆς

199 2573 374 2645 φυχῆς
405 2575 704 2643 σωτηρίαν,
728 2576 823 2628 καὶ
855 2576 934 2629 δεῖ
958 2579 1064 2630 πᾶν
1092 2579 1200 2649 (71)
1221 2579 1282 2632 τὸ
1312 2580 1606 2652 δυνάμενον
1638 2583 1773 2652 πρὸς

200 2667 367 2737 αὐτὴν
401 2667 739 2737 συνεργῆσαι
768 2670 868 2739 τὴν
914 2669 1198 2741 πρόθεσιν,
1242 2673 1316 2735 ὡς
1359 2673 1508 2728 θείαν
1554 2674 1774 2745 ἐντολὴν

199 2754 341 2809 οὓτω
372 2757 516 2827 μετὰ
561 2757 726 2824 φόϐου
787 2760 1243 2828 παραφυλάττειν.
1276 2763 1410 2816 Οὐδὲ
1453 2764 1562 2836 γὰρ
1614 2764 1775 2818 αὑταὶ

199 2848 255 2899 αἱ
285 2847 502 2900 ἐντολαὶ
529 2847 626 2900 τοῦ
665 2848 800 2900 Θεοῦ
843 2851 1134 2921 πρὸς.ᾶ).λο
1165 2871 1217 2906 τι
1265 2853 1568 2922 βλέπουσιν,
1607 2858 1654 2909 εί
1699 2856 1773 2928 μὴ

200 2940 338 3010 πρὸς
364 2940 429 2992 τὸ
466 2941 702 3010 σωθῆναι
734 2941 824 2993 τὸν
866 2943 1226 3000 ὑπακούοντα.
1253 2947 1372 3018 Χρὴ
1407 2947 1607 3013 τοίνυν,
1644 2949 1775 3000 καθ-

201 3029 343 3100 άπερ
375 3031 426 3081 oi
474 3030 569 3082 ἐπὶ
590 3030 648 3082 τὸ
671 3029 891 3100 λουτρὸν
907 3032 1164 3096 εἰσιόντες
1197 3034 1528 3104 γυμνοῦνται
1574 3037 1772 3100 παντὸς

197 3121 648 3192 περιϐλήματος,
685 3122 827 3177 οὕτω
872 3124 967 3178 καὶ
1015 3126 1139 3188 τοὺς
1188 3129 1253 3197 τῇ
1288 3127 1558 3199 ἀσκητικῇ
1610 3145 1775 3199 προσ-

197 3215 532 3284 ερχομένως
563 3213 704 3286 ζωῇ,
751 3217 930 3286 πάσης
960 3215 1091 3288 ὕλης
1118 3218 1228 3288 (72)
1265 3217 1520 3289 βιωτικῆς
1558 3236 1777 3289 γυμνω-

197 3303 414 3369 θέντας,
455 3306 608 3369 ἐντὸς
650 3307 744 3360 τοῦ
787 3309 925 3364 κατὰ
976 3309 1291 3378 φιλοσοφίαν
1340 3311 1590 3378 γενέσθαι
1635 3311 1771 3380 βίου.

197 3397 270 3449 Τὸ
299 3397 402 3467 μὲν
427 3392 523 3451 οὖν
545 3399 950 3468 προηγούμενόν
977 3402 1110 3464 ἐστι,
1142 3401 1236 3454 καὶ
1261 3393 1322 3454 οὗ
1349 3400 1578 3470 μάλιστα
1611 3419 1775 3472 προσ-

196 3491 322 3560 ήκει
374 3491 472 3543 τὸν
509 3491 834 3561 Χριστιανὸν
876 3490 1278 3561 ἐπιμελεῖσθαι,
1321 3492 1669 3562 γυμνωθῆναι
1707 3494 1774 3547 τὰ

195 3581 339 3634 κατὰ
368 3581 470 3652 τὴν
506 3583 703 3635 κακίαν
745 3582 891 3652 πάθη
923 3582 991 3635 τὰ
1033 3574 1258 3636 ’ποικίλα
1289 3600 1346 3635 τε
1384 3585 1476 3636 καὶ
1522 3583 1770 3656 διάφορα,

197 3674 263 3727 δι’
299 3668 378 3727 ὧν
434 3674 722 3744 μολύνεται
775 3677 808 3744 ὴ
849 3674 1028 3744 ψυχή·
1080 3675 1184 3746 χρὴ
1229 3675 1285 3726 δὲ
1333 3675 1472 3727 κατὰ
1525 3675 1774 3746 δεύτερον

198 3763 356 3832 λόγον
393 3765 490 3818 καὶ
522 3763 624 3834 τὴν
656 3763 762 3816 τῶν
798 3763 1151 3834 ὑπαρχόντων
1188 3765 1468 3834 ἁποταγὴν
1503 3766 1776 3837 κατορθω-
1803 3748 1846 3803 ο

201 3855 362 3924 θῆναι
389 3853 473 3924 τῷ
501 3855 636 3924 πρὸς
680 3856 772 3908 τὸν
812 3855 1014 3926 ὑψθηλὸν
1055 3856 1415 3909 ἀποϐλέποντι
1467 3856 1600 3926 βίον,
1643 3857 1776 3910 διότι

203 3948 371 4001 πολὺν
401 3945 634 4017 παρέχει
671 3949 1049 4017 περισπασμὸν
1084 3951 1148 4019 τῇ
1183 3949 1326 4019 ψυχῇ
1357 3953 1389 4020 ἡ
1421 3951 1531 4003 τῶν
1575 3952 1775 4004 ὑλικῶν

203 4041 554 4112 πραγμάτων
603 4041 821 4111 φροντίς
873 4058 930 4092 τε
980 4041 1075 4094 καὶ
1121 4042 1426 4113 ἐπιμέλεια.
1459 4043 1626 4096 Ὅταν
1685 4039 1777 4097 οὖν

201 4135 443 4198 πλείους,
482 4133 619 4204 πρὸς
669 4133 757 4186 τὸν
808 4134 968 4187 αὐτὸν
1000 4133 1286 4203 βλέποντες
1323 4135 1436 4205 (75)
1476 4135 1573 4205 τῆς
1612 4152 1778 4205 σωτη-

204 4231 323 4300 ρίας
355 4227 584 4291 σκοπὸν,
619 4226 715 4296 τὴν
753 4227 866 4297 μετ’
893 4226 1136 4297 ἀλλήλων
1170 4226 1312 4298 ζωὴν
1354 4226 1774 4291 καταδέξωνται,

202 4321 306 4392 χρὴ
329 4320 496 4373 τοῦτο
517 4318 624 4389 πρὸ
646 4319 860 4371 πάντων
887 4320 944 4371 ἐν
969 4319 1149 4381 αὐτοῖς
1176 4317 1534 4388 κρατηθῆναι,
1560 4318 1618 4369 τὸ
1651 4317 1776 4387 μίαν

203 4414 260 4466 ἰν
287 4415 425 4466 πᾶσι
450 4411 679 4484 καρδίαν
704 4407 860 4474 εἶναι,
900 4411 990 4463 καὶ
1017 4409 1226 4480 θέλημα
1254 4410 1332 4469 ἓν,
1367 4410 1461 4462 καὶ
1507 4410 1633 4479 μίαν
1660 4411 1779 4462 ἐπι-

205 4505 429 4575 θυμίαν,
465 4505 582 4565 καὶ,
617 4501 797 4564 καθὼς
829 4503 1161 4570 νομοθετεῖὸ
1206 4502 1524 4565 Ἀπόστολος
1547 4542 1560 4561 ,
1596 4501 1653 4554 ἓν
1687 4519 1779 4570 γε-

205 4595 392 4650 νέσθαι
457 4594 617 4663 σῶμα
665 4596 728 4645 ἐκ
779 4592 1050 4662 διαφόρων
1097 4591 1274 4663 μελῶν
1334 4593 1776 4663 συνηρμοσμένον

203 4689 310 4740 πᾶν
349 4686 411 4740 τὸ
440 4684 717 4756 πλήρωμα
747 4685 847 4753 τῆς
889 4683 1152 4745 συνοδίας.
1197 4683 1366 4736 Τοῦτο
1407 4684 1461 4737 δὲ
1500 4686 1599 4738 οὑκ
1634 4685 1778 4738 ἔστιν

207 4777 378 4839 ἄλλως
407 4773 838 4844 κατορθωθῆναι,
871 4775 917 4825 εί
950 4775 1023 4844 μὴ
1053 4774 1226 4826 ἐκεῖνο
1265 4778 1578 4845 κρατήσειε,
1612 4776 1673 4828 τὸ
1705 4776 1778 4847 μὴ

207 4865 646 4940 ἐπονομάζεσθαι
695 4885 799 4920 τινι
847 4867 1302 4937 ἀποτεταγμένως
1359 4869 1497 4937 μήτε
1545 4869 1776 4938 ἱμάτιον,

212 4961 344 5029 μήτε
381 4955 598 5021 σκεῦος,
634 4958 772 5026 μήτε
806 4957 933 5011 ἄλλο
958 4975 1009 5008 τι
1042 4957 1151 5009 τῶν
1177 4959 1255 5021 είς
1295 4957 1393 5028 τὴν
1422 4959 1604 5029 κοινὴν
1635 4958 1779 5030 ζωὴν

206 5049 652 5121 χρησιμευὼτων
677 5089 692 5108 ,
722 5050 806 5101 ἵνα
853 5050 1081 5102 ἕκαστον
1127 5049 1332 5102 τούτων
1356 5049 1456 5118 τῆς
1502 5051 1691 5121 χρείας
1720 5045 1775 5123 ᾗ,
1810 5089 1853 5144 D

208 5143 300 5194 καὶ
336 5140 411 5211 μὴ
438 5138 533 5231 toﬁ
563 5141 926 5209 κεκτημένου.
945 5142 1055 5194 Καὶ
1083 5140 1267 5212 ὥσπερ
1304 5143 1640 5214 ἀνάρμοστόν
1663 5148 1778 5199 ἐστι

208 5255 381 5327 code;
395 5254 530 5327 Reg.
545 5255 706 5324 ὅρκος
730 5255 1005 5327 μὲνᾶπας.
1026 5253 1264 5327 Utraque
1274 5257 1598 5327 θάἱιῑοὸρκος
1612 5257 1774 5323 ἅπαξ.

279 5324 390 5395 (70)
427 5324 669 5395 [traque
709 5325 873 5378 editio
903 5333 956 5376 et
1001 5325 1171 5379 codex
1201 5326 1447 5380 Combef.
1473 5324 1581 5378 ’τοῦ
1613 5329 1777 5381 αὐτοῦ

208 5394 360 5462 λόγος
395 5394 709 5467 ἁσκητικρς,
749 5395 978 5467 ejusdem
1007 5412 1175 5448 sermo
1209 5398 1483 5449 asceticus.
1515 5397 1643 5464 lieg.
1668 5401 1771 5467 pri-

207 5463 457 5536 ιιιιιετοῦ
494 5463 654 5517 αὐτοῦ
681 5464 1025 5536 υποτυπωσις
1059 5468 1340 5534 ἀσκήσεως
1378 5467 1470 5518 καὶ
1519 5463 1778 5536 πρόλογος

209 5535 315 5588 τῶν
343 5535 508 5606 ὅρων,
540 5535 780 5606 αεσεῄσίε
809 5535 1101 5601 disciplina:
1130 5536 1459 5606 informatio:
1483 5550 1529 5590 et
1565 5535 1776 5606 regula-

210 5621 326 5676 ram
365 5601 632 5676 prologue.
667 5604 794 5674 Reg.
828 5606 1020 5676 tertius
1050 5601 1312 5676 πρόλογος
1338 5607 1394 5658 ὲν
1422 5601 1465 5674 ᾧ
1491 5605 1574 5668 τίς
1601 5601 1774 5661 ἄσκο-

214 5675 312 5745 πος
340 5674 440 5741 τῆς
475 5675 779 5745 ἀσκήσεως,
815 5675 1060 5744 prologus
1097 5674 1160 5729 Vin
1201 5691 1301 5744 quo
1339 5677 1630 5731 ostenditur
1656 5681 1770 5745 quis

215 5744 282 5814 sit
311 5758 497 5811 scapus
527 5744 645 5795 vitae
686 5745 941 5798 asceticaz.
986 5747 1056 5797 Ita
1099 5746 1331 5814 denique
1380 5746 1432 5800 in
1463 5744 1773 5802 Colbertino

216 5812 408 5884 legitur
437 5815 734 5869 recentiore
775 5829 960 5878 manu,
1002 5814 1094 5868 τοῦ
1128 5812 1475 5870 Βασιλείου...
1513 5816 1774 5888 πρόλογος

1872 590 1973 634 εει.
2037 581 2210 636 Omne
2269 578 2488 650 quidem
2545 578 2915 648 juramentum
2978 578 3367 633 exterminetur
3411 592 3445 633 ο

1875 672 2266 726 monachorum
2303 678 2450 725 cmtu
2490 689 2502 723 :
2541 669 2808 724 habeatur
2839 682 2972 724 vero
3006 685 3106 738 pro
3129 670 3444 738 iuramento

1875 771 2040 818 nutus
2095 763 2319 834 capitis,
2377 771 2469 816 aut
2538 775 2799 818 assensus
2866 775 2965 829 per,
3006 774 3194 813 vocem
3259 758 3440 820 datus.

1875 855 1988 910 sive
2042 856 2166 925 quis
2215 857 2488 925 loquatur,
2543 854 2658 908 sive
2714 851 2914 906 audiat.
2978 849 3034 904 Si
3085 850 3210 921 quis
3259 855 3446 904 autem

1878 947 2037 1002 fidem
2089 961 2198 1000 non
2253 947 2503 1009 habuerit
2552 944 2713 998 nuda:
2763 941 3128 1005 aIIirmationi,
3183 941 3230 995 is
3284 955 3444 994 suam

1877 1040 2052 1110 ipsius
2107 1037 2502 1094 conscientiam
2567 1035 2746 1105 arguit
2806 1033 3130 1104 proditque,
3181 1041 3443 1100 tanquam

1874 1133 1967 1203 qui
2004 1147 2113 1186 non
2147 1130 2346 1185 dixerit
2380 1144 2569 1183 verum
2611 1128 2751 1181 inter
2786 1126 3135 1194 loquendum,
3174 1123 3245 1178 ob
3283 1121 3446 1191 idque

1874 1226 1930 1280 in
1975 1223 2404 1291 delinquentium
2439 1237 2725 1280 munerum
2774 1220 3041 1275 referetur
3072 1233 3102 1271 a
3129 1215 3442 1286 praeposito,

1874 1325 1930 1371 et
1975 1329 2136 1386 paena
2199 1296 2512 1370 medicinali
2577 1311 2958 1382 castigabitur.
3005 1309 3293 1379 Completo
3327 1306 3443 1377 jam

1875 1407 1986 1470 die,
2025 1407 2284 1476 omnique
2323 1420 2488 1476 Opere
2529 1417 2642 1458 tum
2694 1402 2965 1472 corporali
3009 1409 3121 1454 tum
3174 1397 3443 1468 spirituali

1876 1501 2148 1561 absoluto.
2183 1515 2281 1570 par
2307 1509 2389 1554 est
2419 1511 2861 1567 unumquemque
2900 1498 2955 1547 in
3003 1492 3166 1548 corde
3191 1505 3292 1546 suo
3319 1497 3445 1544 ante

1876 1595 2112 1663 quietem
2161 1606 2316 1646 suam
2362 1590 2536 1660 ipsius
2579 1586 2974 1642 conscientiam
3010 1583 3347 1640 examinare.
3381 1579 3447 1634 Et

1878 1685 1924 1739 si
1983 1683 2115 1752 quid
2167 1681 2397 1754 contigit
2450 1689 2645 1750 praeter
2698 1679 2982 1740 decorum,
3027 1676 3140 1730 sive
3186 1674 3446 1744 cogitatio

1877 1774 2189 1838 interdicta,
2226 1780 2320 1826 aut
2367 1771 2701 1842 colloquium
2736 1778 2932 1840 praeter
2961 1767 3218 1831 oﬂicium,
3259 1774 3352 1819 aut
3389 1765 3444 1818 in

1873 1871 2079 1927 orando
2111 1870 2394 1942 segnities,
2420 1877 2516 1924 aut
2551 1870 2605 1922 in
2641 1865 2924 1939 psallendo
2957 1861 3316 1936 negligentia,
3349 1869 3445 1916 aut

1875 1961 2186 2017 communis
2227 1960 2356 2013 vitae
2408 1957 2762 2024 desiderium,
2815 1970 3158 2027 nequaquam
3211 1951 3446 2010 occultat

1872 2065 2156 2125 peccatum
2180 2094 2195 2118 ,
2229 2050 2324 2108 sed
2355 2052 2521 2106 caatui
2556 2051 2903 2114 conﬁteatur,
2941 2057 3002 2104 ut
3036 2047 3260 2103 morbus
3298 2045 3445 2099 illius

1872 2146 1966 2218 qui
2011 2148 2066 2199 in
2123 2142 2392 2213 ejusmodi
2448 2143 2647 2198 malum
2691 2140 2913 2206 incidit,
2961 2156 3060 2213 per
3100 2151 3445 2194 communem

1874 2237 2244 2305 precationem
2282 2242 2526 2290 sanetur.

599 2337 3429 2363 _____.______________________________________._

2148 2399 2454 2458 EJUSDEM
2497 2397 2728 2455 SERMO
2766 2395 3185 2459 ASCETICUS..

1945 2499 2008 2559 l.
2040 2496 2194 2552 Unus
2235 2505 2318 2551 est
2365 2494 2615 2550 asceticae
2660 2493 2782 2548 vitae
2831 2507 3052 2562 scopus,
3094 2499 3154 2546 ut
3192 2491 3448 2548 consulat

1873 2589 2070 2646 anima:
2109 2587 2269 2644 saluti
2301 2605 2316 2653 ;
2351 2594 2405 2640 et
2455 2584 2718 2654 quidquid
2756 2585 3036 2655 proposito
3081 2583 3206 2637 huic
3240 2584 3443 2640 condu-

1873 2696 1996 2736 cere
2046 2687 2245 2750 potest,
2304 2678 2355 2732 id
2411 2679 2555 2732 sicut
2598 2677 2841 2731 divinum
2889 2676 3206 2730 mandatum
3232 2690 3357 2730 cum
3386 2676 3448 2729 ti-

1876 2787 2027 2826 more
2086 2770 2491 2826 observandum
2548 2776 2654 2822 est.
2719 2766 2905 2838 Neque
2959 2767 3105 2822 enim
3163 2766 3283 2836 ipsa
3349 2765 3446 2822 Dei

1874 2861 2130 2916 mandata
2156 2862 2222 2914 ad
2259 2861 2554 2931 quidquam
2586 2859 2732 2914 aliud
2761 2867 3033 2929 speetant.
3060 2859 3172 2913 nisi
3200 2867 3257 2913 ut
3296 2859 3440 2914 salu-

1874 2961 1983 3008 tem
2038 2953 2374 3022 adipiscatur
2423 2954 2517 3023 qui
2573 2953 2653 3006 eis
2703 2950 3113 3006 auscultaverit.
3179 2949 3447 3004 Convenit

1877 3044 2063 3114 igitur,
2097 3053 2157 3098 ut
2177 3043 2637 3114 quemadmodum
2670 3044 2762 3113 qui
2797 3058 2856 3098 se
2889 3041 2944 3095 in
2975 3041 3227 3096 balneum
3252 3040 3447 3094 demit-

1878 3144 2018 3204 tunt,
2075 3139 2225 3192 omni
2278 3137 2479 3190 amictu
2528 3135 2826 3200 nudantur,
2886 3135 2961 3187 ita
3015 3133 3179 3188 etiam
3233 3133 3327 3203 qui
3379 3131 3444 3186 ad

1877 3227 2172 3282 asceticum
2221 3227 2343 3281 vitae
2402 3243 2575 3298 genus
2624 3226 2911 3289 accedunt,
2959 3225 3108 3280 omni
3151 3239 3209 3279 re
3262 3224 3447 3280 saeculi

1877 3315 2041 3384 hujus
2079 3316 2252 3380 exuti,
2291 3317 2456 3370 vitam
2493 3315 2925 3385 philosophicam
2959 3313 3354 3385 ingrediantur.
3386 3313 3446 3368 ld

1875 3408 2059 3477 itaque
2100 3407 2431 3476 praecipuum
2467 3415 2572 3470 est,
2600 3414 2654 3460 et
2685 3407 2841 3473 cujus
2880 3404 3044 3476 324
3080 3406 3315 3460 maxime
3352 3421 3448 3460 cu-

1876 3515 1991 3554 ram
2018 3515 2204 3569 gerere
2237 3498 2580 3553 Christianus
2606 3498 2785 3562 debet,
2816 3506 2871 3551 ut
2900 3498 3106 3553 vitiosis
3139 3497 3444 3558 aﬂ‘ectibus.

1877 3592 1970 3661 qui
2011 3590 2146 3644 varii
2181 3599 2306 3645 sunt
2337 3605 2401 3644 ac
2433 3590 2654 3651 diversi,
2682 3590 3028 3658 animamque
3065 3589 3444 3660 coinquinant,

1877 3678 2185 3736 denudetur
2226 3701 2239 3736 :
2276 3681 2472 3735 deinde
2510 3696 2642 3733 vero
2667 3687 2900 3748 oportet,
2931 3685 2991 3732 ut
3028 3679 3119 3749 qui
3166 3681 3230 3734 ad
3278 3681 3446 3734 vitam

1879 3773 2165 3830 sublimem
2217 3772 2461 3842 reSpicit,
2498 3787 2630 3840 opes
2672 3787 2800 3825 suas
2851 3786 2914 3824 ac
2960 3768 3247 3825 facultates
3291 3771 3448 3826 dere-

1879 3865 2086 3934 linquat
2123 3882 2137 3917 :
2169 3878 2291 3918 cum
2316 3878 2496 3918 rerum
2530 3871 2867 3917 terrenarum
2893 3876 3024 3915 cura
3046 3876 3110 3916 ac
3140 3862 3450 3919 sollicitudo

1878 3968 2127 4024 magnam
2179 3955 2234 4008 in
2289 3953 2474 4007 animo
2533 3951 2933 4006 aberrationem
2979 3963 3257 4022 generem.
3309 3953 3445 4009 Cum

1879 4045 2043 4114 igitur
2079 4044 2262 4113 plures
2313 4045 2376 4097 ad
2425 4043 2676 4098 eumdem
2720 4042 2914 4098 salutis
2955 4056 3182 4112 scopum
3231 4043 3444 4106 intenti.

1878 4154 2222 4193 communem
2275 4139 2419 4191 inter
2472 4153 2530 4192 se
2590 4136 2756 4188 vitam
2811 4137 3040 4204 amplexi
3095 4134 3335 4198 fuerint,
3392 4135 3446 4190 id

1879 4231 2021 4285 inter
2076 4231 2224 4302 ipsos
2269 4237 2396 4285 ante
2439 4230 2622 4284 omnia
2665 4229 2911 4282 obtineat
2959 4243 3184 4282 necesse
3230 4235 3337 4291 est,
3390 4239 3445 4283 ut

1881 4337 2049 4376 unum
2084 4322 2136 4374 in
2173 4321 2431 4376 omnibus
2469 4322 2539 4375 sit
2575 4336 2692 4385 cor,
2721 4331 2774 4376 et
2804 4322 3060 4376 voluntas
3088 4335 3216 4381 una,
3251 4335 3449 4374 unum-

1879 4429 1985 4484 que
2007 4413 2365 4476 desiderium,
2403 4425 2569 4482 utque
2599 4429 2667 4468 ex
2695 4413 2938 4484 Apostoli
2975 4420 3264 4484 praecepto,
3289 4425 3450 4465 omne

1880 4512 2185 4559 conventus
2223 4519 2416 4574 agmen
2444 4504 2712 4559 elliciatur
2740 4520 2906 4558 unum
2935 4519 3136 4574 corpus
3175 4518 3239 4557 ex
3269 4503 3447 4558 diver-

1880 4594 1957 4649 sis
1994 4596 2254 4650 membris
2291 4602 2731 4666 coagmentatum
2777 4594 2836 4666 (I-
2882 4595 3004 4650 Cor.
3041 4610 3140 4656 xu,
3183 4593 3291 4661 12).
3333 4591 3446 4646 Hoc

1879 4697 2058 4744 autem
2094 4691 2248 4747 aliter
2303 4691 2415 4745 fieri
2449 4707 2558 4746 non
2609 4699 2806 4761 potest,
2851 4691 2956 4746 nisi
2995 4689 3292 4744 obtinuerit
3332 4688 3447 4742 haec

1879 4781 2244 4846 consuetudo,
2293 4789 2350 4834 ut
2395 4781 2529 4834 nihil
2593 4782 2916 4836 nominatim
2979 4796 3042 4835 ac
3097 4779 3447 4850 peculiariter

1880 4869 2132 4940 cuiquam
2162 4872 2455 4936 tribuatur,
2490 4889 2664 4942 neque
2687 4874 3089 4934 vestimentum,
3112 4886 3288 4940 neque
3326 4887 3444 4934 vas,

1881 4975 2055 5031 neque
2079 4962 2357 5032 quidpiam
2399 4963 2546 5018 aliud
2575 4979 2640 5018 ex
2685 4965 2754 5018 iis
2805 4979 2928 5033 quae
2968 4962 3280 5017 conducunt
3323 4962 3447 5018 vitae

1881 5054 2177 5116 communi,
2209 5064 2270 5108 ut
2310 5054 2521 5125 singula
2566 5055 2756 5109 usibus
2795 5053 3146 5119 necessariis,
3192 5068 3304 5107 non
3348 5068 3448 5107 au-

1882 5150 1988 5197 tem
2024 5145 2437 5213 possessoribus
2467 5145 2827 5200 destinentur.
2867 5142 2932 5197 Et
2959 5143 3122 5199 sicuti
3148 5143 3445 5199 vestimen-

1890 5255 1988 5310 τῶν
2018 5257 2328 5340 ἀσκητικῷν
2355 5259 2670 5340 διατάξεων,
2691 5258 2951 5313 Basilii...
2981 5257 3225 5326 prologus
3258 5258 3445 5312 asceti-

1909 5344 2059 5380 orum
2095 5339 2544 5384 constitutiouum.

1950 5396 2062 5468 (71)
2101 5397 2342 5468 Utraque
2376 5400 2543 5453 editio
2581 5399 2674 5450 καὶ
2711 5399 2836 5468 «dy.
2868 5395 3000 5465 Reg.
3035 5395 3448 5468 ιετιὶυεκαὶδεῖ

1880 5469 2009 5530 πᾶν,
2037 5466 2089 5522 et
2119 5470 2192 5521 ita
2224 5466 2438 5538 quoque
2462 5469 2657 5538 legitur
2683 5468 2734 5521 in
2766 5466 2898 5535 Reg.
2922 5468 3119 5538 primo.
3153 5467 3249 5521 sed
3282 5481 3444 5520 manu

1880 5540 2203 5608 recentiore.
2241 5535 2362 5608 Mori
2392 5535 2541 5608 Reg;
2559 5540 2767 5606 primus
2799 5535 2940 5607 πρὸς
2966 5535 3190 5608 ταύτην.

1953 5607 2064 5678 (72)
2098 5609 2256 5674 Illud,
2275 5607 2477 5673 πάσης
2507 5607 2681 5673 ὕλης,
2711 5608 2784 5661 ita
2820 5610 2885 5660 ad
2910 5607 3133 5661 verbum
3171 5608 3442 5676 interpre-

1882 5679 2088 5739 tabcre,
2123 5681 2264 5731 omni
2295 5678 2518 5730 materia
2543 5678 2706 5730 exuti.

1951 5748 2062 5818 (75)
2092 5749 2272 5802 Codex
2295 5747 2453 5802 Voss.
2481 5748 2608 5818 περὶ
2629 5748 2788 5800 αὐτὸν
2815 5745 3118 5816 βλέποντες.
3150 5745 3271 5799 Mox
3301 5743 3446 5801 idem

1880 5815 2046 5872 codex
2082 5821 2138 5872 ὲν
2167 5819 2396 5883 ἑαυτοῖς.
