  <div class='ocr_page' id='page_1' title='image "/cluster/home/n/w/nwhite01/storage/ocr_20150623/31/mdp.39015012934363/453.png"; bbox 0 0 3962 6238; ppageno 0'>
   <div class='ocr_carea' id='block_1_1' title="bbox 532 358 635 439">
    <p class='ocr_par' dir='ltr' id='par_1_1' title="bbox 532 358 635 439">
     <span class='ocr_line' id='line_1_1' title="bbox 532 358 635 439; baseline 0.01 -1"><span class='ocrx_word' id='word_1_1' title='bbox 532 358 635 439; x_wconf 63' lang='lat' dir='ltr'><strong>ass</strong></span> 
     </span>
    </p>
   </div>
   <div class='ocr_carea' id='block_1_2' title="bbox 1836 381 2430 439">
    <p class='ocr_par' dir='ltr' id='par_1_2' title="bbox 1836 381 2430 439">
     <span class='ocr_line' id='line_1_2' title="bbox 1836 381 2430 439; baseline -0.002 -2"><span class='ocrx_word' id='word_1_2' title='bbox 1836 382 1893 437; x_wconf 71' lang='lat' dir='ltr'><strong>S&#39;</strong></span> <span class='ocrx_word' id='word_1_3' title='bbox 1908 428 1917 433; x_wconf 90' lang='lat'><strong>.</strong></span> <span class='ocrx_word' id='word_1_4' title='bbox 1934 381 2178 439; x_wconf 76' lang='lat' dir='ltr'><strong>BASlLll</strong></span> <span class='ocrx_word' id='word_1_5' title='bbox 2217 381 2430 439; x_wconf 76' lang='lat' dir='ltr'><strong>MAGNI</strong></span> 
     </span>
    </p>
   </div>
   <div class='ocr_carea' id='block_1_3' title="bbox 3630 385 3714 442">
    <p class='ocr_par' dir='ltr' id='par_1_3' title="bbox 3630 385 3714 442">
     <span class='ocr_line' id='line_1_3' title="bbox 3630 385 3714 442; baseline 0.012 -1"><span class='ocrx_word' id='word_1_6' title='bbox 3630 385 3714 442; x_wconf 63' lang='grc'><strong>884</strong></span> 
     </span>
    </p>
   </div>
   <div class='ocr_carea' id='block_1_4' title="bbox 533 496 2122 572">
    <p class='ocr_par' dir='ltr' id='par_1_4' title="bbox 533 500 2097 572">
     <span class='ocr_line' id='line_1_4' title="bbox 533 500 2097 572; baseline 0 -17"><span class='ocrx_word' id='word_1_7' title='bbox 533 510 646 556; x_wconf 89' lang='lat' dir='ltr'><strong>tum</strong></span> <span class='ocrx_word' id='word_1_8' title='bbox 678 516 903 572; x_wconf 85' lang='lat' dir='ltr'><strong>parvum</strong></span> <span class='ocrx_word' id='word_1_9' title='bbox 931 500 1146 571; x_wconf 83' lang='lat' dir='ltr'><strong>corpori</strong></span> <span class='ocrx_word' id='word_1_10' title='bbox 1181 500 1395 569; x_wconf 88' lang='lat' dir='ltr'><strong>majori,</strong></span> <span class='ocrx_word' id='word_1_11' title='bbox 1431 508 1525 555; x_wconf 87' lang='lat' dir='ltr'><strong>aut</strong></span> <span class='ocrx_word' id='word_1_12' title='bbox 1564 500 1743 572; x_wconf 83' lang='lat' dir='ltr'><strong>majus</strong></span> <span class='ocrx_word' id='word_1_13' title='bbox 1783 516 1950 570; x_wconf 89' lang='lat' dir='ltr'><strong>parvo</strong></span> <span class='ocrx_word' id='word_1_14' title='bbox 1988 518 2097 556; x_wconf 91' lang='lat' dir='ltr'><strong>non</strong></span> 
     </span>
    </p>
   </div>
   <div class='ocr_carea' id='block_1_5' title="bbox 2223 496 3716 572">
    <p class='ocr_par' dir='ltr' id='par_1_5' title="bbox 2223 496 3716 572">
     <span class='ocr_line' id='line_1_5' title="bbox 2223 496 3716 572; baseline -0.001 -19"><span class='ocrx_word' id='word_1_15' title='bbox 2223 501 2277 572; x_wconf 82' lang='grc' dir='ltr'><strong>;ᾦ</strong></span> <span class='ocrx_word' id='word_1_16' title='bbox 2311 498 2518 571; x_wconf 80' lang='grc' dir='ltr'>μείζονι</span> <span class='ocrx_word' id='word_1_17' title='bbox 2561 496 2774 569; x_wconf 84' lang='grc' dir='ltr'>σώματι</span> <span class='ocrx_word' id='word_1_18' title='bbox 2806 497 2868 550; x_wconf 79' lang='grc' dir='ltr'><strong>τὸ</strong></span> <span class='ocrx_word' id='word_1_19' title='bbox 2899 498 3091 569; x_wconf 77' lang='grc' dir='ltr'>μικρὸν</span> <span class='ocrx_word' id='word_1_20' title='bbox 3117 498 3348 568; x_wconf 76' lang='grc' dir='ltr'>ἱμάτιον,</span> <span class='ocrx_word' id='word_1_21' title='bbox 3381 497 3412 568; x_wconf 82' lang='grc' dir='ltr'><strong>ῆ</strong></span> <span class='ocrx_word' id='word_1_22' title='bbox 3452 496 3522 567; x_wconf 83' lang='grc' dir='ltr'>τῷ</span> <span class='ocrx_word' id='word_1_23' title='bbox 3564 516 3716 570; x_wconf 85' lang='grc' dir='ltr'>μικρο-</span> 
     </span>
    </p>
   </div>
   <div class='ocr_carea' id='block_1_6' title="bbox 535 591 2097 662">
    <p class='ocr_par' dir='ltr' id='par_1_6' title="bbox 535 591 2097 662">
     <span class='ocr_line' id='line_1_6' title="bbox 535 591 2097 662; baseline -0.003 -13"><span class='ocrx_word' id='word_1_24' title='bbox 535 594 814 655; x_wconf 85' lang='lat' dir='ltr'><strong>convenit,</strong></span> <span class='ocrx_word' id='word_1_25' title='bbox 850 591 948 647; x_wconf 85' lang='lat' dir='ltr'><strong>sed</strong></span> <span class='ocrx_word' id='word_1_26' title='bbox 982 592 1248 662; x_wconf 86' lang='lat' dir='ltr'><strong>quidquid</strong></span> <span class='ocrx_word' id='word_1_27' title='bbox 1271 591 1468 661; x_wconf 89' lang='lat' dir='ltr'><strong>cuique</strong></span> <span class='ocrx_word' id='word_1_28' title='bbox 1501 594 1969 648; x_wconf 87' lang='lat' dir='ltr'><strong>accommodatum</strong></span> <span class='ocrx_word' id='word_1_29' title='bbox 1993 601 2097 655; x_wconf 89' lang='lat' dir='ltr'><strong>est,</strong></span> 
     </span>
    </p>
   </div>
   <div class='ocr_carea' id='block_1_7' title="bbox 538 683 2103 751">
    <p class='ocr_par' dir='ltr' id='par_1_7' title="bbox 538 683 2103 751">
     <span class='ocr_line' id='line_1_7' title="bbox 538 683 2103 751; baseline 0 -13"><span class='ocrx_word' id='word_1_30' title='bbox 538 684 593 739; x_wconf 90' lang='lat' dir='ltr'><strong>id</strong></span> <span class='ocrx_word' id='word_1_31' title='bbox 622 684 755 740; x_wconf 90' lang='lat' dir='ltr'><strong>utile</strong></span> <span class='ocrx_word' id='word_1_32' title='bbox 782 690 867 738; x_wconf 88' lang='lat' dir='ltr'><strong>est</strong></span> <span class='ocrx_word' id='word_1_33' title='bbox 884 692 938 738; x_wconf 89' lang='lat' dir='ltr'><strong>et</strong></span> <span class='ocrx_word' id='word_1_34' title='bbox 960 683 1306 738; x_wconf 88' lang='lat' dir='ltr'><strong>commodum</strong></span> <span class='ocrx_word' id='word_1_35' title='bbox 1326 702 1339 737; x_wconf 88' lang='lat'><strong>:</strong></span> <span class='ocrx_word' id='word_1_36' title='bbox 1359 684 1432 737; x_wconf 90' lang='lat' dir='ltr'><strong>ita</strong></span> <span class='ocrx_word' id='word_1_37' title='bbox 1462 684 1625 738; x_wconf 89' lang='lat' dir='ltr'><strong>etiam</strong></span> <span class='ocrx_word' id='word_1_38' title='bbox 1659 684 1763 738; x_wconf 91' lang='lat' dir='ltr'><strong>alia</strong></span> <span class='ocrx_word' id='word_1_39' title='bbox 1793 684 1998 751; x_wconf 91' lang='lat' dir='ltr'><strong>omnia,</strong></span> <span class='ocrx_word' id='word_1_40' title='bbox 2023 685 2103 739; x_wconf 91' lang='lat' dir='ltr'><strong>le-</strong></span> 
     </span>
    </p>
   </div>
   <div class='ocr_carea' id='block_1_8' title="bbox 538 774 2105 846">
    <p class='ocr_par' dir='ltr' id='par_1_8' title="bbox 538 774 2105 846">
     <span class='ocr_line' id='line_1_8' title="bbox 538 774 2105 846; baseline 0 -16"><span class='ocrx_word' id='word_1_41' title='bbox 538 783 681 842; x_wconf 88' lang='lat' dir='ltr'><strong>ctus,</strong></span> <span class='ocrx_word' id='word_1_42' title='bbox 723 775 997 846; x_wconf 88' lang='lat' dir='ltr'><strong>stragula,</strong></span> <span class='ocrx_word' id='word_1_43' title='bbox 1034 774 1269 829; x_wconf 90' lang='lat' dir='ltr'><strong>calidum</strong></span> <span class='ocrx_word' id='word_1_44' title='bbox 1315 776 1717 840; x_wconf 72' lang='lat' dir='ltr'><strong>vestimentum,</strong></span> <span class='ocrx_word' id='word_1_45' title='bbox 1767 777 2105 832; x_wconf 84' lang='lat' dir='ltr'><strong>calceamen-</strong></span> 
     </span>
    </p>
   </div>
   <div class='ocr_carea' id='block_1_9' title="bbox 538 867 2104 938">
    <p class='ocr_par' dir='ltr' id='par_1_9' title="bbox 538 867 2104 938">
     <span class='ocr_line' id='line_1_9' title="bbox 538 867 2104 938; baseline -0.001 -14"><span class='ocrx_word' id='word_1_46' title='bbox 538 877 683 933; x_wconf 75' lang='lat' dir='ltr'><strong>tum,</strong></span> <span class='ocrx_word' id='word_1_47' title='bbox 716 867 835 937; x_wconf 87' lang='lat' dir='ltr'><strong>ejus</strong></span> <span class='ocrx_word' id='word_1_48' title='bbox 863 868 955 937; x_wconf 82' lang='lat' dir='ltr'><strong>qui</strong></span> <span class='ocrx_word' id='word_1_49' title='bbox 985 869 1070 924; x_wconf 92' lang='lat' dir='ltr'><strong>his</strong></span> <span class='ocrx_word' id='word_1_50' title='bbox 1098 867 1258 922; x_wconf 85' lang='lat' dir='ltr'><strong>valde</strong></span> <span class='ocrx_word' id='word_1_51' title='bbox 1289 867 1530 938; x_wconf 84' lang='lat' dir='ltr'><strong>indiget,</strong></span> <span class='ocrx_word' id='word_1_52' title='bbox 1567 867 1769 924; x_wconf 84' lang='lat' dir='ltr'><strong>debent</strong></span> <span class='ocrx_word' id='word_1_53' title='bbox 1798 883 1922 922; x_wconf 90' lang='lat' dir='ltr'><strong>esse</strong></span> <span class='ocrx_word' id='word_1_54' title='bbox 1945 907 1961 932; x_wconf 88' lang='lat'><strong>,</strong></span> <span class='ocrx_word' id='word_1_55' title='bbox 1993 883 2104 922; x_wconf 90' lang='lat' dir='ltr'><strong>non</strong></span> 
     </span>
    </p>
   </div>
   <div class='ocr_carea' id='block_1_10' title="bbox 539 959 2107 1031">
    <p class='ocr_par' dir='ltr' id='par_1_10' title="bbox 539 959 2107 1031">
     <span class='ocr_line' id='line_1_10' title="bbox 539 959 2107 1031; baseline -0.001 -15"><span class='ocrx_word' id='word_1_56' title='bbox 539 959 886 1031; x_wconf 80' lang='lat' dir='ltr'><strong>possidentis.</strong></span> <span class='ocrx_word' id='word_1_57' title='bbox 929 959 1398 1025; x_wconf 86' lang='lat' dir='ltr'><strong>Quemadmodum</strong></span> <span class='ocrx_word' id='word_1_58' title='bbox 1459 960 1603 1014; x_wconf 90' lang='lat' dir='ltr'><strong>enim</strong></span> <span class='ocrx_word' id='word_1_59' title='bbox 1655 960 1750 1029; x_wconf 90' lang='lat' dir='ltr'><strong>qui</strong></span> <span class='ocrx_word' id='word_1_60' title='bbox 1786 960 2107 1014; x_wconf 83' lang='lat' dir='ltr'><strong>vulneratus</strong></span> 
     </span>
    </p>
   </div>
   <div class='ocr_carea' id='block_1_11' title="bbox 538 1049 2103 1121">
    <p class='ocr_par' dir='ltr' id='par_1_11' title="bbox 538 1049 2103 1121">
     <span class='ocr_line' id='line_1_11' title="bbox 538 1049 2103 1121; baseline -0.001 -16"><span class='ocrx_word' id='word_1_61' title='bbox 538 1059 666 1114; x_wconf 81' lang='lat' dir='ltr'><strong>est.</strong></span> <span class='ocrx_word' id='word_1_62' title='bbox 711 1066 823 1105; x_wconf 89' lang='lat' dir='ltr'><strong>non</strong></span> <span class='ocrx_word' id='word_1_63' title='bbox 862 1051 983 1121; x_wconf 85' lang='lat' dir='ltr'><strong>qui</strong></span> <span class='ocrx_word' id='word_1_64' title='bbox 1042 1066 1211 1105; x_wconf 90' lang='lat' dir='ltr'><strong>sanus</strong></span> <span class='ocrx_word' id='word_1_65' title='bbox 1260 1058 1378 1117; x_wconf 90' lang='lat' dir='ltr'><strong>est,</strong></span> <span class='ocrx_word' id='word_1_66' title='bbox 1426 1050 1826 1106; x_wconf 87' lang='lat' dir='ltr'><strong>medicamento</strong></span> <span class='ocrx_word' id='word_1_67' title='bbox 1883 1049 2103 1105; x_wconf 84' lang='lat' dir='ltr'><strong>utitur:</strong></span> 
     </span>
    </p>
   </div>
   <div class='ocr_carea' id='block_1_12' title="bbox 542 1141 2108 1214">
    <p class='ocr_par' dir='ltr' id='par_1_12' title="bbox 542 1141 2108 1214">
     <span class='ocr_line' id='line_1_12' title="bbox 542 1141 2108 1214; baseline -0.004 -14"><span class='ocrx_word' id='word_1_68' title='bbox 542 1143 626 1200; x_wconf 81' lang='lat' dir='ltr'><strong>sic</strong></span> <span class='ocrx_word' id='word_1_69' title='bbox 651 1143 815 1200; x_wconf 88' lang='lat' dir='ltr'><strong>etiam</strong></span> <span class='ocrx_word' id='word_1_70' title='bbox 835 1145 902 1200; x_wconf 88' lang='lat' dir='ltr'><strong>iis</strong></span> <span class='ocrx_word' id='word_1_71' title='bbox 921 1159 1040 1214; x_wconf 85' lang='lat' dir='ltr'><strong>quae</strong></span> <span class='ocrx_word' id='word_1_72' title='bbox 1070 1143 1137 1197; x_wconf 87' lang='lat' dir='ltr'><strong>ad</strong></span> <span class='ocrx_word' id='word_1_73' title='bbox 1160 1143 1553 1198; x_wconf 88' lang='lat' dir='ltr'><strong>sublevandum</strong></span> <span class='ocrx_word' id='word_1_74' title='bbox 1576 1156 1777 1212; x_wconf 88' lang='lat' dir='ltr'><strong>corpus</strong></span> <span class='ocrx_word' id='word_1_75' title='bbox 1800 1141 2108 1211; x_wconf 77' lang='lat' dir='ltr'><strong>excogitata</strong></span> 
     </span>
    </p>
   </div>
   <div class='ocr_carea' id='block_1_13' title="bbox 542 1233 2107 1308">
    <p class='ocr_par' dir='ltr' id='par_1_13' title="bbox 542 1233 2107 1308">
     <span class='ocr_line' id='line_1_13' title="bbox 542 1233 2107 1308; baseline -0.003 -17"><span class='ocrx_word' id='word_1_76' title='bbox 542 1243 707 1304; x_wconf 80' lang='lat' dir='ltr'><strong>sunt,</strong></span> <span class='ocrx_word' id='word_1_77' title='bbox 738 1237 1075 1308; x_wconf 84' lang='lat' dir='ltr'><strong>perfruatur,</strong></span> <span class='ocrx_word' id='word_1_78' title='bbox 1100 1252 1211 1292; x_wconf 88' lang='lat' dir='ltr'><strong>non</strong></span> <span class='ocrx_word' id='word_1_79' title='bbox 1242 1237 1336 1307; x_wconf 89' lang='lat' dir='ltr'><strong>qui</strong></span> <span class='ocrx_word' id='word_1_80' title='bbox 1361 1237 1589 1292; x_wconf 87' lang='lat' dir='ltr'><strong>delicate</strong></span> <span class='ocrx_word' id='word_1_81' title='bbox 1619 1235 1775 1298; x_wconf 82' lang='lat' dir='ltr'><strong>vivit,</strong></span> <span class='ocrx_word' id='word_1_82' title='bbox 1810 1233 1908 1290; x_wconf 88' lang='lat' dir='ltr'><strong>sed</strong></span> <span class='ocrx_word' id='word_1_83' title='bbox 1939 1234 1987 1290; x_wconf 85' lang='lat' dir='ltr'><strong>is</strong></span> <span class='ocrx_word' id='word_1_84' title='bbox 2016 1234 2107 1289; x_wconf 91' lang='lat' dir='ltr'><strong>cui</strong></span> 
     </span>
    </p>
   </div>
   <div class='ocr_carea' id='block_1_14' title="bbox 542 1330 1088 1401">
    <p class='ocr_par' dir='ltr' id='par_1_14' title="bbox 542 1330 1088 1401">
     <span class='ocr_line' id='line_1_14' title="bbox 542 1330 1088 1401; baseline -0.002 -17"><span class='ocrx_word' id='word_1_85' title='bbox 542 1330 789 1385; x_wconf 79' lang='lat' dir='ltr'><strong>levamen</strong></span> <span class='ocrx_word' id='word_1_86' title='bbox 817 1344 956 1401; x_wconf 82' lang='lat' dir='ltr'><strong>Opus</strong></span> <span class='ocrx_word' id='word_1_87' title='bbox 983 1337 1088 1387; x_wconf 87' lang='lat' dir='ltr'><strong>est.</strong></span> 
     </span>
    </p>
   </div>
   <div class='ocr_carea' id='block_1_15' title="bbox 613 1439 2107 1511">
    <p class='ocr_par' dir='ltr' id='par_1_15' title="bbox 613 1439 2107 1511">
     <span class='ocr_line' id='line_1_15' title="bbox 613 1439 2107 1511; baseline -0.001 -15"><span class='ocrx_word' id='word_1_88' title='bbox 613 1443 667 1496; x_wconf 79' lang='lat'><strong>2.</strong></span> <span class='ocrx_word' id='word_1_89' title='bbox 709 1441 977 1510; x_wconf 84' lang='lat' dir='ltr'><strong>Quoniam</strong></span> <span class='ocrx_word' id='word_1_90' title='bbox 1005 1450 1186 1498; x_wconf 90' lang='lat' dir='ltr'><strong>autem</strong></span> <span class='ocrx_word' id='word_1_91' title='bbox 1217 1442 1369 1496; x_wconf 82' lang='lat' dir='ltr'><strong>varia</strong></span> <span class='ocrx_word' id='word_1_92' title='bbox 1392 1450 1518 1496; x_wconf 89' lang='lat' dir='ltr'><strong>sunt</strong></span> <span class='ocrx_word' id='word_1_93' title='bbox 1548 1440 1831 1497; x_wconf 84' lang='lat' dir='ltr'><strong>hominum</strong></span> <span class='ocrx_word' id='word_1_94' title='bbox 1863 1439 2107 1511; x_wconf 88' lang='lat' dir='ltr'><strong>ingenia,</strong></span> 
     </span>
    </p>
   </div>
   <div class='ocr_carea' id='block_1_16' title="bbox 541 1533 2106 1606">
    <p class='ocr_par' dir='ltr' id='par_1_16' title="bbox 541 1533 2106 1606">
     <span class='ocr_line' id='line_1_16' title="bbox 541 1533 2106 1606; baseline -0.004 -15"><span class='ocrx_word' id='word_1_95' title='bbox 541 1550 721 1606; x_wconf 84' lang='lat' dir='ltr'><strong>neque</strong></span> <span class='ocrx_word' id='word_1_96' title='bbox 752 1534 1004 1591; x_wconf 86' lang='lat' dir='ltr'><strong>similiter</strong></span> <span class='ocrx_word' id='word_1_97' title='bbox 1032 1535 1099 1591; x_wconf 91' lang='lat' dir='ltr'><strong>de</strong></span> <span class='ocrx_word' id='word_1_98' title='bbox 1140 1536 1306 1591; x_wconf 88' lang='lat' dir='ltr'><strong>rebus</strong></span> <span class='ocrx_word' id='word_1_99' title='bbox 1351 1534 1578 1590; x_wconf 85' lang='lat' dir='ltr'><strong>utilibus</strong></span> <span class='ocrx_word' id='word_1_100' title='bbox 1618 1549 1808 1588; x_wconf 90' lang='lat' dir='ltr'><strong>omnes</strong></span> <span class='ocrx_word' id='word_1_101' title='bbox 1836 1533 2106 1603; x_wconf 78' lang='lat' dir='ltr'><strong>iudicant,</strong></span> 
     </span>
    </p>
   </div>
   <div class='ocr_carea' id='block_1_17' title="bbox 545 1623 2107 1696">
    <p class='ocr_par' dir='ltr' id='par_1_17' title="bbox 545 1623 2107 1696">
     <span class='ocr_line' id='line_1_17' title="bbox 545 1623 2107 1696; baseline -0.001 -16"><span class='ocrx_word' id='word_1_102' title='bbox 545 1640 616 1680; x_wconf 87' lang='lat' dir='ltr'><strong>ne</strong></span> <span class='ocrx_word' id='word_1_103' title='bbox 659 1640 787 1696; x_wconf 89' lang='lat' dir='ltr'><strong>qua,</strong></span> <span class='ocrx_word' id='word_1_104' title='bbox 829 1640 1157 1696; x_wconf 88' lang='lat' dir='ltr'><strong>unoquoque</strong></span> <span class='ocrx_word' id='word_1_105' title='bbox 1211 1625 1278 1680; x_wconf 92' lang='lat' dir='ltr'><strong>ad</strong></span> <span class='ocrx_word' id='word_1_106' title='bbox 1325 1640 1485 1679; x_wconf 87' lang='lat' dir='ltr'><strong>suum</strong></span> <span class='ocrx_word' id='word_1_107' title='bbox 1529 1624 1820 1679; x_wconf 84' lang='lat' dir='ltr'><strong>arbitrium</strong></span> <span class='ocrx_word' id='word_1_108' title='bbox 1869 1623 2107 1685; x_wconf 83' lang='lat' dir='ltr'><strong>vivente,</strong></span> 
     </span>
    </p>
   </div>
   <div class='ocr_carea' id='block_1_18' title="bbox 546 1716 2112 1789">
    <p class='ocr_par' dir='ltr' id='par_1_18' title="bbox 546 1716 2112 1789">
     <span class='ocr_line' id='line_1_18' title="bbox 546 1716 2112 1789; baseline -0.002 -16"><span class='ocrx_word' id='word_1_109' title='bbox 546 1718 828 1773; x_wconf 84' lang='lat' dir='ltr'><strong>oboriatur</strong></span> <span class='ocrx_word' id='word_1_110' title='bbox 846 1719 1206 1789; x_wconf 86' lang='lat' dir='ltr'><strong>perturbatio,</strong></span> <span class='ocrx_word' id='word_1_111' title='bbox 1245 1718 1294 1771; x_wconf 88' lang='lat' dir='ltr'><strong>is</strong></span> <span class='ocrx_word' id='word_1_112' title='bbox 1319 1717 1410 1786; x_wconf 89' lang='lat' dir='ltr'><strong>qui</strong></span> <span class='ocrx_word' id='word_1_113' title='bbox 1438 1732 1504 1772; x_wconf 81' lang='lat' dir='ltr'><strong>ex</strong></span> <span class='ocrx_word' id='word_1_114' title='bbox 1538 1717 1760 1786; x_wconf 90' lang='lat' dir='ltr'><strong>publico</strong></span> <span class='ocrx_word' id='word_1_115' title='bbox 1794 1716 2112 1771; x_wconf 91' lang='lat' dir='ltr'><strong>testimonio</strong></span> 
     </span>
    </p>
   </div>
   <div class='ocr_carea' id='block_1_19' title="bbox 547 1807 2113 1880">
    <p class='ocr_par' dir='ltr' id='par_1_19' title="bbox 547 1807 2113 1880">
     <span class='ocr_line' id='line_1_19' title="bbox 547 1807 2113 1880; baseline -0.001 -17"><span class='ocrx_word' id='word_1_116' title='bbox 547 1810 763 1864; x_wconf 91' lang='lat' dir='ltr'><strong>cunctis</strong></span> <span class='ocrx_word' id='word_1_117' title='bbox 802 1810 1108 1880; x_wconf 88' lang='lat' dir='ltr'><strong>prudentia,</strong></span> <span class='ocrx_word' id='word_1_118' title='bbox 1158 1808 1497 1872; x_wconf 76' lang='lat' dir='ltr'><strong>constantia,</strong></span> <span class='ocrx_word' id='word_1_119' title='bbox 1537 1823 1601 1863; x_wconf 91' lang='lat' dir='ltr'><strong>ac</strong></span> <span class='ocrx_word' id='word_1_120' title='bbox 1630 1809 1755 1863; x_wconf 74' lang='lat' dir='ltr'><strong>vitae</strong></span> <span class='ocrx_word' id='word_1_121' title='bbox 1800 1807 2113 1877; x_wconf 85' lang='lat' dir='ltr'><strong>integritate</strong></span> 
     </span>
    </p>
   </div>
   <div class='ocr_carea' id='block_1_20' title="bbox 547 1899 2116 1970">
    <p class='ocr_par' dir='ltr' id='par_1_20' title="bbox 547 1899 2116 1970">
     <span class='ocr_line' id='line_1_20' title="bbox 547 1899 2116 1970; baseline 0.001 -18"><span class='ocrx_word' id='word_1_122' title='bbox 547 1900 901 1970; x_wconf 64' lang='lat' dir='ltr'><strong>praestiterit,</strong></span> <span class='ocrx_word' id='word_1_123' title='bbox 960 1900 1083 1955; x_wconf 91' lang='lat' dir='ltr'><strong>aliis</strong></span> <span class='ocrx_word' id='word_1_124' title='bbox 1138 1900 1392 1970; x_wconf 82' lang='lat' dir='ltr'><strong>regendis</strong></span> <span class='ocrx_word' id='word_1_125' title='bbox 1438 1899 1819 1970; x_wconf 60' lang='lat' dir='ltr'><strong>praeﬁciendus</strong></span> <span class='ocrx_word' id='word_1_126' title='bbox 1870 1906 1956 1955; x_wconf 87' lang='lat' dir='ltr'><strong>est</strong></span> <span class='ocrx_word' id='word_1_127' title='bbox 1995 1918 2006 1954; x_wconf 93' lang='lat'><strong>:</strong></span> <span class='ocrx_word' id='word_1_128' title='bbox 2055 1906 2116 1953; x_wconf 93' lang='lat' dir='ltr'><strong>nt</strong></span> 
     </span>
    </p>
   </div>
   <div class='ocr_carea' id='block_1_21' title="bbox 547 1986 2115 2058">
    <p class='ocr_par' dir='ltr' id='par_1_21' title="bbox 547 1986 2115 2058">
     <span class='ocr_line' id='line_1_21' title="bbox 547 1986 2115 2058; baseline 0 -15"><span class='ocrx_word' id='word_1_129' title='bbox 547 1989 696 2058; x_wconf 91' lang='lat' dir='ltr'><strong>quod</strong></span> <span class='ocrx_word' id='word_1_130' title='bbox 728 1989 784 2043; x_wconf 91' lang='lat' dir='ltr'><strong>in</strong></span> <span class='ocrx_word' id='word_1_131' title='bbox 803 2004 867 2044; x_wconf 91' lang='lat' dir='ltr'><strong>eo</strong></span> <span class='ocrx_word' id='word_1_132' title='bbox 898 1989 1098 2044; x_wconf 91' lang='lat' dir='ltr'><strong>bonum</strong></span> <span class='ocrx_word' id='word_1_133' title='bbox 1131 1995 1234 2052; x_wconf 88' lang='lat' dir='ltr'><strong>est,</strong></span> <span class='ocrx_word' id='word_1_134' title='bbox 1282 1988 1335 2044; x_wconf 92' lang='lat' dir='ltr'><strong>id</strong></span> <span class='ocrx_word' id='word_1_135' title='bbox 1364 1989 1608 2043; x_wconf 88' lang='lat' dir='ltr'><strong>omnium</strong></span> <span class='ocrx_word' id='word_1_136' title='bbox 1654 1988 1747 2058; x_wconf 83' lang='lat' dir='ltr'><strong>qui</strong></span> <span class='ocrx_word' id='word_1_137' title='bbox 1780 1989 1958 2057; x_wconf 88' lang='lat' dir='ltr'><strong>ipsum</strong></span> <span class='ocrx_word' id='word_1_138' title='bbox 1995 1986 2115 2043; x_wconf 81' lang='lat' dir='ltr'><strong>fue-</strong></span> 
     </span>
    </p>
   </div>
   <div class='ocr_carea' id='block_1_22' title="bbox 549 2078 2118 2151">
    <p class='ocr_par' dir='ltr' id='par_1_22' title="bbox 549 2078 2118 2151">
     <span class='ocr_line' id='line_1_22' title="bbox 549 2078 2118 2151; baseline 0 -17"><span class='ocrx_word' id='word_1_139' title='bbox 549 2079 661 2134; x_wconf 89' lang='lat' dir='ltr'><strong>rint</strong></span> <span class='ocrx_word' id='word_1_140' title='bbox 700 2078 917 2143; x_wconf 87' lang='lat' dir='ltr'><strong>imitati,</strong></span> <span class='ocrx_word' id='word_1_141' title='bbox 951 2078 1043 2151; x_wconf 81' lang='lat' dir='ltr'><strong>liat</strong></span> <span class='ocrx_word' id='word_1_142' title='bbox 1077 2093 1388 2134; x_wconf 90' lang='lat' dir='ltr'><strong>commune.</strong></span> <span class='ocrx_word' id='word_1_143' title='bbox 1423 2078 1493 2133; x_wconf 88' lang='lat' dir='ltr'><strong>Ut</strong></span> <span class='ocrx_word' id='word_1_144' title='bbox 1537 2078 1683 2134; x_wconf 91' lang='lat' dir='ltr'><strong>enim</strong></span> <span class='ocrx_word' id='word_1_145' title='bbox 1725 2079 1773 2135; x_wconf 88' lang='lat' dir='ltr'><strong>si</strong></span> <span class='ocrx_word' id='word_1_146' title='bbox 1812 2078 1997 2149; x_wconf 79' lang='lat' dir='ltr'><strong>piures</strong></span> <span class='ocrx_word' id='word_1_147' title='bbox 2028 2079 2118 2150; x_wconf 87' lang='lat' dir='ltr'><strong>pi-</strong></span> 
     </span>
    </p>
   </div>
   <div class='ocr_carea' id='block_1_23' title="bbox 551 2168 2118 2240">
    <p class='ocr_par' dir='ltr' id='par_1_23' title="bbox 551 2168 2118 2240">
     <span class='ocr_line' id='line_1_23' title="bbox 551 2168 2118 2240; baseline -0.001 -15"><span class='ocrx_word' id='word_1_148' title='bbox 551 2176 734 2225; x_wconf 90' lang='lat' dir='ltr'><strong>ctores</strong></span> <span class='ocrx_word' id='word_1_149' title='bbox 756 2169 920 2224; x_wconf 89' lang='lat' dir='ltr'><strong>unius</strong></span> <span class='ocrx_word' id='word_1_150' title='bbox 944 2168 1105 2224; x_wconf 82' lang='lat' dir='ltr'><strong>faciei</strong></span> <span class='ocrx_word' id='word_1_151' title='bbox 1131 2169 1462 2224; x_wconf 89' lang='lat' dir='ltr'><strong>lineamenta</strong></span> <span class='ocrx_word' id='word_1_152' title='bbox 1491 2170 1741 2240; x_wconf 83' lang='lat' dir='ltr'><strong>pingant,</strong></span> <span class='ocrx_word' id='word_1_153' title='bbox 1771 2185 1962 2226; x_wconf 90' lang='lat' dir='ltr'><strong>omnes</strong></span> <span class='ocrx_word' id='word_1_154' title='bbox 1982 2169 2118 2224; x_wconf 87' lang='lat' dir='ltr'><strong>ima-</strong></span> 
     </span>
    </p>
   </div>
   <div class='ocr_carea' id='block_1_24' title="bbox 550 2260 2117 2334">
    <p class='ocr_par' dir='ltr' id='par_1_24' title="bbox 550 2260 2117 2334">
     <span class='ocr_line' id='line_1_24' title="bbox 550 2260 2117 2334; baseline 0.001 -19"><span class='ocrx_word' id='word_1_155' title='bbox 550 2262 708 2334; x_wconf 70' lang='lat' dir='ltr'><strong>gines</strong></span> <span class='ocrx_word' id='word_1_156' title='bbox 742 2260 939 2316; x_wconf 66' lang='lat' dir='ltr'><strong>futurae</strong></span> <span class='ocrx_word' id='word_1_157' title='bbox 971 2262 1256 2317; x_wconf 87' lang='lat' dir='ltr'><strong>suntinter</strong></span> <span class='ocrx_word' id='word_1_158' title='bbox 1283 2277 1342 2318; x_wconf 90' lang='lat' dir='ltr'><strong>se</strong></span> <span class='ocrx_word' id='word_1_159' title='bbox 1364 2261 1594 2328; x_wconf 89' lang='lat' dir='ltr'><strong>similes,</strong></span> <span class='ocrx_word' id='word_1_160' title='bbox 1627 2271 1815 2334; x_wconf 87' lang='lat' dir='ltr'><strong>utpote</strong></span> <span class='ocrx_word' id='word_1_161' title='bbox 1855 2262 1948 2318; x_wconf 93' lang='lat' dir='ltr'><strong>uni</strong></span> <span class='ocrx_word' id='word_1_162' title='bbox 1975 2263 2117 2320; x_wconf 88' lang='lat' dir='ltr'><strong>assi-</strong></span> 
     </span>
    </p>
   </div>
   <div class='ocr_carea' id='block_1_25' title="bbox 549 2351 2116 2429">
    <p class='ocr_par' dir='ltr' id='par_1_25' title="bbox 549 2351 2116 2429">
     <span class='ocr_line' id='line_1_25' title="bbox 549 2351 2116 2429; baseline 0.001 -23"><span class='ocrx_word' id='word_1_163' title='bbox 549 2351 752 2407; x_wconf 67' lang='lat' dir='ltr'><strong>milatae</strong></span> <span class='ocrx_word' id='word_1_164' title='bbox 781 2351 1064 2429; x_wconf 87' lang='lat' dir='ltr'><strong>:eumdem</strong></span> <span class='ocrx_word' id='word_1_165' title='bbox 1091 2351 1161 2406; x_wconf 86' lang='lat' dir='ltr'><strong>ad</strong></span> <span class='ocrx_word' id='word_1_166' title='bbox 1184 2352 1401 2408; x_wconf 90' lang='lat' dir='ltr'><strong>modum</strong></span> <span class='ocrx_word' id='word_1_167' title='bbox 1432 2353 1478 2408; x_wconf 93' lang='lat' dir='ltr'><strong>si</strong></span> <span class='ocrx_word' id='word_1_168' title='bbox 1508 2354 1679 2407; x_wconf 88' lang='lat' dir='ltr'><strong>multa</strong></span> <span class='ocrx_word' id='word_1_169' title='bbox 1713 2354 1930 2424; x_wconf 81' lang='lat' dir='ltr'><strong>ingenia</strong></span> <span class='ocrx_word' id='word_1_170' title='bbox 1948 2369 2116 2409; x_wconf 91' lang='lat' dir='ltr'><strong>unum</strong></span> 
     </span>
    </p>
   </div>
   <div class='ocr_carea' id='block_1_26' title="bbox 552 2443 2119 2517">
    <p class='ocr_par' dir='ltr' id='par_1_26' title="bbox 552 2443 2119 2517">
     <span class='ocr_line' id='line_1_26' title="bbox 552 2443 2119 2517; baseline 0.004 -22"><span class='ocrx_word' id='word_1_171' title='bbox 552 2443 873 2498; x_wconf 88' lang='lat' dir='ltr'><strong>imitandum</strong></span> <span class='ocrx_word' id='word_1_172' title='bbox 916 2443 1020 2499; x_wconf 88' lang='lat' dir='ltr'><strong>sibi</strong></span> <span class='ocrx_word' id='word_1_173' title='bbox 1058 2452 1389 2515; x_wconf 86' lang='lat' dir='ltr'><strong>proponant,</strong></span> <span class='ocrx_word' id='word_1_174' title='bbox 1428 2447 1483 2499; x_wconf 91' lang='lat' dir='ltr'><strong>in</strong></span> <span class='ocrx_word' id='word_1_175' title='bbox 1537 2445 1795 2501; x_wconf 90' lang='lat' dir='ltr'><strong>omnibus</strong></span> <span class='ocrx_word' id='word_1_176' title='bbox 1834 2446 2119 2517; x_wconf 65' lang='lat' dir='ltr'><strong>aequaliter</strong></span> 
     </span>
    </p>
   </div>
   <div class='ocr_carea' id='block_1_27' title="bbox 550 2533 2119 2607">
    <p class='ocr_par' dir='ltr' id='par_1_27' title="bbox 550 2533 2119 2607">
     <span class='ocr_line' id='line_1_27' title="bbox 550 2533 2119 2607; baseline 0.001 -19"><span class='ocrx_word' id='word_1_177' title='bbox 550 2533 696 2588; x_wconf 85' lang='lat' dir='ltr'><strong>bona</strong></span> <span class='ocrx_word' id='word_1_178' title='bbox 725 2534 846 2589; x_wconf 73' lang='lat' dir='ltr'><strong>vita:</strong></span> <span class='ocrx_word' id='word_1_179' title='bbox 873 2533 1050 2588; x_wconf 82' lang='lat' dir='ltr'><strong>forma</strong></span> <span class='ocrx_word' id='word_1_180' title='bbox 1090 2535 1390 2591; x_wconf 79' lang='lat' dir='ltr'><strong>eluceseet.</strong></span> <span class='ocrx_word' id='word_1_181' title='bbox 1416 2534 1602 2606; x_wconf 87' lang='lat' dir='ltr'><strong>Itaque</strong></span> <span class='ocrx_word' id='word_1_182' title='bbox 1632 2550 1746 2591; x_wconf 91' lang='lat' dir='ltr'><strong>uno</strong></span> <span class='ocrx_word' id='word_1_183' title='bbox 1784 2537 1972 2606; x_wconf 88' lang='lat' dir='ltr'><strong>aliquo</strong></span> <span class='ocrx_word' id='word_1_184' title='bbox 2004 2537 2119 2607; x_wconf 91' lang='lat' dir='ltr'><strong>jam</strong></span> 
     </span>
    </p>
   </div>
   <div class='ocr_carea' id='block_1_28' title="bbox 550 2625 2122 2699">
    <p class='ocr_par' dir='ltr' id='par_1_28' title="bbox 550 2625 2122 2699">
     <span class='ocr_line' id='line_1_28' title="bbox 550 2625 2122 2699; baseline 0.002 -19"><span class='ocrx_word' id='word_1_185' title='bbox 550 2625 763 2682; x_wconf 86' lang='lat' dir='ltr'><strong>delecto</strong></span> <span class='ocrx_word' id='word_1_186' title='bbox 807 2633 861 2682; x_wconf 91' lang='lat' dir='ltr'><strong>et</strong></span> <span class='ocrx_word' id='word_1_187' title='bbox 894 2627 1139 2697; x_wconf 67' lang='lat' dir='ltr'><strong>praelato,</strong></span> <span class='ocrx_word' id='word_1_188' title='bbox 1184 2629 1482 2684; x_wconf 87' lang='lat' dir='ltr'><strong>cessabunt</strong></span> <span class='ocrx_word' id='word_1_189' title='bbox 1525 2643 1720 2684; x_wconf 89' lang='lat' dir='ltr'><strong>omnes</strong></span> <span class='ocrx_word' id='word_1_190' title='bbox 1757 2628 1982 2699; x_wconf 67' lang='lat' dir='ltr'><strong>privatae</strong></span> <span class='ocrx_word' id='word_1_191' title='bbox 2022 2643 2122 2683; x_wconf 88' lang='lat' dir='ltr'><strong>vo-</strong></span> 
     </span>
    </p>
   </div>
   <div class='ocr_carea' id='block_1_29' title="bbox 553 2716 2123 2787">
    <p class='ocr_par' dir='ltr' id='par_1_29' title="bbox 553 2716 2123 2787">
     <span class='ocr_line' id='line_1_29' title="bbox 553 2716 2123 2787; baseline -0.002 -15"><span class='ocrx_word' id='word_1_192' title='bbox 553 2716 814 2779; x_wconf 87' lang='lat' dir='ltr'><strong>luntates,</strong></span> <span class='ocrx_word' id='word_1_193' title='bbox 839 2731 1008 2787; x_wconf 88' lang='lat' dir='ltr'><strong>seque</strong></span> <span class='ocrx_word' id='word_1_194' title='bbox 1041 2716 1106 2771; x_wconf 92' lang='lat' dir='ltr'><strong>ad</strong></span> <span class='ocrx_word' id='word_1_195' title='bbox 1138 2716 1191 2771; x_wconf 88' lang='lat' dir='ltr'><strong>id</strong></span> <span class='ocrx_word' id='word_1_196' title='bbox 1220 2716 1366 2786; x_wconf 93' lang='lat' dir='ltr'><strong>quod</strong></span> <span class='ocrx_word' id='word_1_197' title='bbox 1391 2718 1739 2787; x_wconf 82' lang='lat' dir='ltr'><strong>praestantius</strong></span> <span class='ocrx_word' id='word_1_198' title='bbox 1766 2725 1869 2780; x_wconf 86' lang='lat' dir='ltr'><strong>est,</strong></span> <span class='ocrx_word' id='word_1_199' title='bbox 1901 2716 2123 2772; x_wconf 80' lang='lat' dir='ltr'><strong>confor-</strong></span> 
     </span>
    </p>
   </div>
   <div class='ocr_carea' id='block_1_30' title="bbox 553 2808 2123 2879">
    <p class='ocr_par' dir='ltr' id='par_1_30' title="bbox 553 2808 2123 2879">
     <span class='ocr_line' id='line_1_30' title="bbox 553 2808 2123 2879; baseline -0.001 -16"><span class='ocrx_word' id='word_1_200' title='bbox 553 2809 783 2869; x_wconf 83' lang='lat' dir='ltr'><strong>mabunt</strong></span> <span class='ocrx_word' id='word_1_201' title='bbox 816 2824 1029 2873; x_wconf 86' lang='lat' dir='ltr'><strong>omnes,</strong></span> <span class='ocrx_word' id='word_1_202' title='bbox 1056 2818 1329 2879; x_wconf 71' lang='lat' dir='ltr'><strong>praecepto</strong></span> <span class='ocrx_word' id='word_1_203' title='bbox 1363 2809 1667 2878; x_wconf 89' lang='lat' dir='ltr'><strong>apostolico</strong></span> <span class='ocrx_word' id='word_1_204' title='bbox 1707 2808 1976 2874; x_wconf 83' lang='lat' dir='ltr'><strong>obsecuti,</strong></span> <span class='ocrx_word' id='word_1_205' title='bbox 2013 2823 2123 2878; x_wconf 92' lang='lat' dir='ltr'><strong>quo</strong></span> 
     </span>
    </p>
   </div>
   <div class='ocr_carea' id='block_1_31' title="bbox 556 2899 2125 2971">
    <p class='ocr_par' dir='ltr' id='par_1_31' title="bbox 556 2899 2125 2971">
     <span class='ocr_line' id='line_1_31' title="bbox 556 2899 2125 2971; baseline -0.001 -17"><span class='ocrx_word' id='word_1_206' title='bbox 556 2900 739 2954; x_wconf 89' lang='lat' dir='ltr'><strong>anima</strong></span> <span class='ocrx_word' id='word_1_207' title='bbox 774 2900 950 2956; x_wconf 84' lang='lat' dir='ltr'><strong>omnis</strong></span> <span class='ocrx_word' id='word_1_208' title='bbox 982 2900 1345 2971; x_wconf 85' lang='lat' dir='ltr'><strong>potestatibus</strong></span> <span class='ocrx_word' id='word_1_209' title='bbox 1374 2900 1593 2956; x_wconf 75' lang='lat' dir='ltr'><strong>eximiis</strong></span> <span class='ocrx_word' id='word_1_210' title='bbox 1624 2899 1843 2956; x_wconf 89' lang='lat' dir='ltr'><strong>subdita</strong></span> <span class='ocrx_word' id='word_1_211' title='bbox 1877 2916 2000 2956; x_wconf 89' lang='lat' dir='ltr'><strong>esse</strong></span> <span class='ocrx_word' id='word_1_212' title='bbox 2032 2900 2125 2969; x_wconf 89' lang='lat' dir='ltr'><strong>ju-</strong></span> 
     </span>
    </p>
   </div>
   <div class='ocr_carea' id='block_1_32' title="bbox 556 2994 2124 3064">
    <p class='ocr_par' dir='ltr' id='par_1_32' title="bbox 556 2994 2124 3064">
     <span class='ocr_line' id='line_1_32' title="bbox 556 2994 2124 3064; baseline 0 -15"><span class='ocrx_word' id='word_1_213' title='bbox 556 2994 737 3058; x_wconf 80' lang='lat' dir='ltr'><strong>betur,</strong></span> <span class='ocrx_word' id='word_1_214' title='bbox 769 3008 986 3063; x_wconf 84' lang='lat' dir='ltr'><strong>quoque</strong></span> <span class='ocrx_word' id='word_1_215' title='bbox 1013 3009 1297 3048; x_wconf 89' lang='lat' dir='ltr'><strong>monemur</strong></span> <span class='ocrx_word' id='word_1_216' title='bbox 1318 3008 1413 3049; x_wconf 91' lang='lat' dir='ltr'><strong>eos</strong></span> <span class='ocrx_word' id='word_1_217' title='bbox 1441 2994 1534 3063; x_wconf 90' lang='lat' dir='ltr'><strong>qui</strong></span> <span class='ocrx_word' id='word_1_218' title='bbox 1565 2994 1891 3058; x_wconf 88' lang='lat' dir='ltr'><strong>restiterint,</strong></span> <span class='ocrx_word' id='word_1_219' title='bbox 1917 2994 2124 3064; x_wconf 90' lang='lat' dir='ltr'><strong>judicio</strong></span> 
     </span>
    </p>
   </div>
   <div class='ocr_carea' id='block_1_33' title="bbox 558 3083 2120 3156">
    <p class='ocr_par' dir='ltr' id='par_1_33' title="bbox 558 3083 2120 3156">
     <span class='ocr_line' id='line_1_33' title="bbox 558 3083 2120 3156; baseline 0 -17"><span class='ocrx_word' id='word_1_220' title='bbox 558 3092 722 3156; x_wconf 84' lang='lat' dir='ltr'><strong>atque</strong></span> <span class='ocrx_word' id='word_1_221' title='bbox 768 3085 1207 3140; x_wconf 89' lang='lat' dir='ltr'><strong>condemnationi</strong></span> <span class='ocrx_word' id='word_1_222' title='bbox 1247 3085 1513 3140; x_wconf 82' lang='lat' dir='ltr'><strong>obnoxios</strong></span> <span class='ocrx_word' id='word_1_223' title='bbox 1551 3084 1685 3140; x_wconf 85' lang='lat' dir='ltr'><strong>elIici</strong></span> <span class='ocrx_word' id='word_1_224' title='bbox 1710 3083 1885 3156; x_wconf 87' lang='lat' dir='ltr'><strong>(Rom.</strong></span> <span class='ocrx_word' id='word_1_225' title='bbox 1922 3101 2040 3150; x_wconf 81' lang='lat' dir='ltr'><strong>xm,</strong></span> <span class='ocrx_word' id='word_1_226' title='bbox 2068 3085 2120 3150; x_wconf 83' lang='grc'>1,</span> 
     </span>
    </p>
   </div>
   <div class='ocr_carea' id='block_1_34' title="bbox 2201 588 3716 664">
    <p class='ocr_par' dir='ltr' id='par_1_34' title="bbox 2201 588 3716 664">
     <span class='ocr_line' id='line_1_34' title="bbox 2201 588 3716 664; baseline 0.001 -19"><span class='ocrx_word' id='word_1_227' title='bbox 2201 594 2344 664; x_wconf 84' lang='grc' dir='ltr'><strong>τέρῳ</strong></span> <span class='ocrx_word' id='word_1_228' title='bbox 2376 593 2439 645; x_wconf 81' lang='grc' dir='ltr'><strong>τὸ</strong></span> <span class='ocrx_word' id='word_1_229' title='bbox 2459 589 2810 658; x_wconf 80' lang='grc' dir='ltr'><strong>τελειότερον,</strong></span> <span class='ocrx_word' id='word_1_230' title='bbox 2842 588 2956 641; x_wconf 81' lang='grc' dir='ltr'>ἀλλ’</span> <span class='ocrx_word' id='word_1_231' title='bbox 2991 591 3207 661; x_wconf 78' lang='grc' dir='ltr'><strong>ἑκάστῳ</strong></span> <span class='ocrx_word' id='word_1_232' title='bbox 3232 591 3294 643; x_wconf 82' lang='grc' dir='ltr'>τὸ</span> <span class='ocrx_word' id='word_1_233' title='bbox 3314 589 3601 660; x_wconf 86' lang='grc' dir='ltr'>σύμμετρόν</span> <span class='ocrx_word' id='word_1_234' title='bbox 3624 591 3716 646; x_wconf 72' lang='grc' dir='ltr'>ἐστι</span> 
     </span>
    </p>
   </div>
   <div class='ocr_carea' id='block_1_35' title="bbox 2202 680 3717 751">
    <p class='ocr_par' dir='ltr' id='par_1_35' title="bbox 2202 680 3717 751">
     <span class='ocr_line' id='line_1_35' title="bbox 2202 680 3717 751; baseline -0.001 -14"><span class='ocrx_word' id='word_1_235' title='bbox 2202 685 2297 737; x_wconf 74' lang='grc' dir='ltr'>καὶ</span> <span class='ocrx_word' id='word_1_236' title='bbox 2340 681 2618 751; x_wconf 75' lang='grc' dir='ltr'>ὲπωιρελὲς</span> <span class='ocrx_word' id='word_1_237' title='bbox 2650 680 2746 733; x_wconf 77' lang='grc' dir='ltr'>καὶ</span> <span class='ocrx_word' id='word_1_238' title='bbox 2799 680 3169 751; x_wconf 84' lang='grc' dir='ltr'>εὐάρμοστον·</span> <span class='ocrx_word' id='word_1_239' title='bbox 3208 681 3349 734; x_wconf 84' lang='grc' dir='ltr'>οὑτω</span> <span class='ocrx_word' id='word_1_240' title='bbox 3383 681 3474 733; x_wconf 80' lang='grc' dir='ltr'>καὶ</span> <span class='ocrx_word' id='word_1_241' title='bbox 3515 682 3577 733; x_wconf 80' lang='grc' dir='ltr'>τὰ</span> <span class='ocrx_word' id='word_1_242' title='bbox 3611 681 3717 736; x_wconf 73' lang='grc' dir='ltr'>ἄλλα</span> 
     </span>
    </p>
   </div>
   <div class='ocr_carea' id='block_1_36' title="bbox 2205 770 3722 844">
    <p class='ocr_par' dir='ltr' id='par_1_36' title="bbox 2205 770 3722 844">
     <span class='ocr_line' id='line_1_36' title="bbox 2205 770 3722 844; baseline -0.001 -17"><span class='ocrx_word' id='word_1_243' title='bbox 2205 776 2404 838; x_wconf 82' lang='grc' dir='ltr'>πάντα,</span> <span class='ocrx_word' id='word_1_244' title='bbox 2435 776 2468 844; x_wconf 85' lang='grc' dir='ltr'>ἠ</span> <span class='ocrx_word' id='word_1_245' title='bbox 2505 772 2678 841; x_wconf 82' lang='grc' dir='ltr'><strong>κλίνη,</strong></span> <span class='ocrx_word' id='word_1_246' title='bbox 2706 770 2776 824; x_wconf 80' lang='grc' dir='ltr'>τὰ</span> <span class='ocrx_word' id='word_1_247' title='bbox 2805 771 3099 842; x_wconf 84' lang='grc' dir='ltr'>στρώματα</span> <span class='ocrx_word' id='word_1_248' title='bbox 3120 771 3254 843; x_wconf 73' lang='grc' dir='ltr'>(74ὶ,</span> <span class='ocrx_word' id='word_1_249' title='bbox 3293 771 3353 824; x_wconf 82' lang='grc' dir='ltr'>τὸ</span> <span class='ocrx_word' id='word_1_250' title='bbox 3394 770 3579 843; x_wconf 83' lang='grc' dir='ltr'>θερμὸν</span> <span class='ocrx_word' id='word_1_251' title='bbox 3603 790 3722 844; x_wconf 82' lang='grc' dir='ltr'>περι-</span> 
     </span>
    </p>
   </div>
   <div class='ocr_carea' id='block_1_37' title="bbox 2206 862 3720 934">
    <p class='ocr_par' dir='ltr' id='par_1_37' title="bbox 2206 862 3720 934">
     <span class='ocr_line' id='line_1_37' title="bbox 2206 862 3720 934; baseline -0.001 -14"><span class='ocrx_word' id='word_1_252' title='bbox 2206 866 2442 926; x_wconf 75' lang='grc' dir='ltr'>ϐόλαιον,</span> <span class='ocrx_word' id='word_1_253' title='bbox 2474 864 2534 917; x_wconf 78' lang='grc' dir='ltr'>τὸ</span> <span class='ocrx_word' id='word_1_254' title='bbox 2561 863 2816 934; x_wconf 84' lang='grc' dir='ltr'>ὑπόδημα</span> <span class='ocrx_word' id='word_1_255' title='bbox 2835 905 2848 927; x_wconf 95' lang='grc'><strong>,</strong></span> <span class='ocrx_word' id='word_1_256' title='bbox 2883 863 2977 915; x_wconf 78' lang='grc' dir='ltr'>τοῦ</span> <span class='ocrx_word' id='word_1_257' title='bbox 3014 862 3155 916; x_wconf 85' lang='grc' dir='ltr'>πάνυ</span> <span class='ocrx_word' id='word_1_258' title='bbox 3181 862 3485 934; x_wconf 78' lang='grc' dir='ltr'><strong>χρῄζοντος,</strong></span> <span class='ocrx_word' id='word_1_259' title='bbox 3514 864 3619 934; x_wconf 76' lang='grc' dir='ltr'>οὐχὶ</span> <span class='ocrx_word' id='word_1_260' title='bbox 3647 864 3720 918; x_wconf 76' lang='grc' dir='ltr'>τοῦ</span> 
     </span>
    </p>
   </div>
   <div class='ocr_carea' id='block_1_38' title="bbox 2207 953 3723 1029">
    <p class='ocr_par' dir='ltr' id='par_1_38' title="bbox 2207 953 3723 1029">
     <span class='ocr_line' id='line_1_38' title="bbox 2207 953 3723 1029; baseline -0.003 -17"><span class='ocrx_word' id='word_1_261' title='bbox 2207 959 2547 1029; x_wconf 83' lang='grc' dir='ltr'><strong>κεκτημένου</strong></span> <span class='ocrx_word' id='word_1_262' title='bbox 2574 953 2712 1009; x_wconf 75' lang='grc' dir='ltr'>εἶναι</span> <span class='ocrx_word' id='word_1_263' title='bbox 2741 955 2964 1025; x_wconf 80' lang='grc' dir='ltr'><strong>ὀφείλει.</strong></span> <span class='ocrx_word' id='word_1_264' title='bbox 2983 956 3249 1024; x_wconf 81' lang='grc' dir='ltr'>Καθάπερ</span> <span class='ocrx_word' id='word_1_265' title='bbox 3277 954 3383 1027; x_wconf 80' lang='grc' dir='ltr'>γὰρ</span> <span class='ocrx_word' id='word_1_266' title='bbox 3404 955 3478 1026; x_wconf 78' lang='grc' dir='ltr'><strong>τῶ</strong></span> <span class='ocrx_word' id='word_1_267' title='bbox 3493 957 3723 1027; x_wconf 74' lang='grc' dir='ltr'>φαρμάκῳ</span> 
     </span>
    </p>
   </div>
   <div class='ocr_carea' id='block_1_39' title="bbox 2207 1047 3724 1123">
    <p class='ocr_par' dir='ltr' id='par_1_39' title="bbox 2207 1047 3724 1123">
     <span class='ocr_line' id='line_1_39' title="bbox 2207 1047 3724 1123; baseline -0.002 -19"><span class='ocrx_word' id='word_1_268' title='bbox 2207 1054 2236 1104; x_wconf 91' lang='lat'><strong>6</strong></span> <span class='ocrx_word' id='word_1_269' title='bbox 2259 1048 2716 1123; x_wconf 66' lang='grc' dir='ltr'><strong>τρωματισθεὶς,</strong></span> <span class='ocrx_word' id='word_1_270' title='bbox 2764 1049 2862 1118; x_wconf 89' lang='grc' dir='ltr'><strong>οὑχ</strong></span> <span class='ocrx_word' id='word_1_271' title='bbox 2887 1049 2916 1101; x_wconf 88' lang='lat'><strong>6</strong></span> <span class='ocrx_word' id='word_1_272' title='bbox 2963 1048 3251 1116; x_wconf 79' lang='grc' dir='ltr'><strong>ὑγιαίνων,</strong></span> <span class='ocrx_word' id='word_1_273' title='bbox 3297 1047 3581 1120; x_wconf 86' lang='grc' dir='ltr'>κέχρηται,</span> <span class='ocrx_word' id='word_1_274' title='bbox 3612 1048 3724 1102; x_wconf 78' lang='grc' dir='ltr'>οὕτω</span> 
     </span>
    </p>
   </div>
   <div class='ocr_carea' id='block_1_40' title="bbox 2209 1139 3724 1212">
    <p class='ocr_par' dir='ltr' id='par_1_40' title="bbox 2209 1139 3724 1212">
     <span class='ocr_line' id='line_1_40' title="bbox 2209 1139 3724 1212; baseline -0.003 -15"><span class='ocrx_word' id='word_1_275' title='bbox 2209 1144 2303 1198; x_wconf 81' lang='grc' dir='ltr'><strong>καὶ</strong></span> <span class='ocrx_word' id='word_1_276' title='bbox 2348 1143 2457 1195; x_wconf 87' lang='grc' dir='ltr'><strong>τῶν</strong></span> <span class='ocrx_word' id='word_1_277' title='bbox 2500 1142 2637 1212; x_wconf 80' lang='grc' dir='ltr'>πρὸς</span> <span class='ocrx_word' id='word_1_278' title='bbox 2682 1139 2782 1212; x_wconf 84' lang='grc' dir='ltr'>τὴν</span> <span class='ocrx_word' id='word_1_279' title='bbox 2829 1140 3011 1193; x_wconf 79' lang='grc' dir='ltr'>ἄνεσιν</span> <span class='ocrx_word' id='word_1_280' title='bbox 3042 1139 3137 1192; x_wconf 83' lang='grc' dir='ltr'><strong>τοὺ</strong></span> <span class='ocrx_word' id='word_1_281' title='bbox 3168 1139 3415 1210; x_wconf 81' lang='grc' dir='ltr'>σώματος</span> <span class='ocrx_word' id='word_1_282' title='bbox 3456 1140 3724 1208; x_wconf 79' lang='grc' dir='ltr'>ὲπινοουμέ·</span> 
     </span>
    </p>
   </div>
   <div class='ocr_carea' id='block_1_41' title="bbox 2208 1231 3726 1306">
    <p class='ocr_par' dir='ltr' id='par_1_41' title="bbox 2208 1231 3726 1306">
     <span class='ocr_line' id='line_1_41' title="bbox 2208 1231 3726 1306; baseline -0.001 -18"><span class='ocrx_word' id='word_1_283' title='bbox 2208 1253 2336 1299; x_wconf 86' lang='grc' dir='ltr'>νων,</span> <span class='ocrx_word' id='word_1_284' title='bbox 2361 1235 2460 1305; x_wconf 79' lang='grc' dir='ltr'><strong>οὐχ</strong></span> <span class='ocrx_word' id='word_1_285' title='bbox 2491 1236 2519 1287; x_wconf 97' lang='lat'><strong>6</strong></span> <span class='ocrx_word' id='word_1_286' title='bbox 2550 1231 2789 1305; x_wconf 78' lang='grc' dir='ltr'>τρυφῶν,</span> <span class='ocrx_word' id='word_1_287' title='bbox 2820 1231 2937 1286; x_wconf 79' lang='grc' dir='ltr'>ἀλλ’</span> <span class='ocrx_word' id='word_1_288' title='bbox 2959 1235 2987 1287; x_wconf 90' lang='lat'><strong>6</strong></span> <span class='ocrx_word' id='word_1_289' title='bbox 3022 1231 3237 1303; x_wconf 79' lang='grc' dir='ltr'><strong>χρῄζων</strong></span> <span class='ocrx_word' id='word_1_290' title='bbox 3259 1234 3358 1306; x_wconf 79' lang='grc' dir='ltr'>τῆς</span> <span class='ocrx_word' id='word_1_291' title='bbox 3384 1233 3598 1297; x_wconf 81' lang='grc' dir='ltr'>ἀνέσεως</span> <span class='ocrx_word' id='word_1_292' title='bbox 3622 1237 3726 1287; x_wconf 78' lang='grc' dir='ltr'>ἀπο-</span> 
     </span>
    </p>
   </div>
   <div class='ocr_carea' id='block_1_42' title="bbox 2209 1328 2385 1383">
    <p class='ocr_par' dir='ltr' id='par_1_42' title="bbox 2209 1328 2385 1383">
     <span class='ocr_line' id='line_1_42' title="bbox 2209 1328 2385 1383; baseline 0.006 -1"><span class='ocrx_word' id='word_1_293' title='bbox 2209 1328 2385 1383; x_wconf 82' lang='grc' dir='ltr'>λαὺει.</span> 
     </span>
    </p>
   </div>
   <div class='ocr_carea' id='block_1_43' title="bbox 2277 1437 3728 1510">
    <p class='ocr_par' dir='ltr' id='par_1_43' title="bbox 2277 1437 3728 1510">
     <span class='ocr_line' id='line_1_43' title="bbox 2277 1437 3728 1510; baseline 0 -18"><span class='ocrx_word' id='word_1_294' title='bbox 2277 1437 2333 1494; x_wconf 73' lang='grc'>2.</span> <span class='ocrx_word' id='word_1_295' title='bbox 2371 1438 2588 1510; x_wconf 80' lang='grc' dir='ltr'>Ἐπειδὴ</span> <span class='ocrx_word' id='word_1_296' title='bbox 2613 1437 2672 1492; x_wconf 82' lang='grc' dir='ltr'>δὲ</span> <span class='ocrx_word' id='word_1_297' title='bbox 2692 1437 2917 1492; x_wconf 78' lang='grc' dir='ltr'>ποικίλα</span> <span class='ocrx_word' id='word_1_298' title='bbox 2942 1438 3011 1492; x_wconf 85' lang='grc' dir='ltr'>τὰ</span> <span class='ocrx_word' id='word_1_299' title='bbox 3038 1437 3146 1492; x_wconf 88' lang='grc' dir='ltr'><strong>τῶν</strong></span> <span class='ocrx_word' id='word_1_300' title='bbox 3176 1437 3473 1510; x_wconf 78' lang='grc' dir='ltr'>ἀνθρώπων</span> <span class='ocrx_word' id='word_1_301' title='bbox 3503 1438 3596 1510; x_wconf 71' lang='grc' dir='ltr'>ἤθη</span> <span class='ocrx_word' id='word_1_302' title='bbox 3619 1439 3728 1504; x_wconf 75' lang='grc' dir='ltr'>ἐστὶ,</span> 
     </span>
    </p>
   </div>
   <div class='ocr_carea' id='block_1_44' title="bbox 2211 1529 3731 1601">
    <p class='ocr_par' dir='ltr' id='par_1_44' title="bbox 2211 1529 3731 1601">
     <span class='ocr_line' id='line_1_44' title="bbox 2211 1529 3731 1601; baseline 0.001 -17"><span class='ocrx_word' id='word_1_303' title='bbox 2211 1529 2305 1585; x_wconf 74' lang='grc' dir='ltr'>καὶ</span> <span class='ocrx_word' id='word_1_304' title='bbox 2337 1530 2398 1583; x_wconf 89' lang='grc' dir='ltr'><strong>οὑ</strong></span> <span class='ocrx_word' id='word_1_305' title='bbox 2435 1529 2635 1593; x_wconf 85' lang='grc' dir='ltr'>πάντες</span> <span class='ocrx_word' id='word_1_306' title='bbox 2662 1529 2861 1601; x_wconf 87' lang='grc' dir='ltr'>ὁμοίως</span> <span class='ocrx_word' id='word_1_307' title='bbox 2913 1531 3042 1601; x_wconf 76' lang='grc' dir='ltr'>περὶ</span> <span class='ocrx_word' id='word_1_308' title='bbox 3070 1529 3178 1583; x_wconf 90' lang='grc' dir='ltr'><strong>τῶν</strong></span> <span class='ocrx_word' id='word_1_309' title='bbox 3205 1529 3484 1601; x_wconf 84' lang='grc' dir='ltr'>χρησίμων</span> <span class='ocrx_word' id='word_1_310' title='bbox 3510 1530 3731 1600; x_wconf 74' lang='grc' dir='ltr'>βουλεύονυ</span> 
     </span>
    </p>
   </div>
   <div class='ocr_carea' id='block_1_45' title="bbox 2208 1615 3732 1692">
    <p class='ocr_par' dir='ltr' id='par_1_45' title="bbox 2208 1615 3732 1692">
     <span class='ocr_line' id='line_1_45' title="bbox 2208 1615 3732 1692; baseline 0.001 -19"><span class='ocrx_word' id='word_1_311' title='bbox 2208 1637 2321 1685; x_wconf 86' lang='grc' dir='ltr'>ται,</span> <span class='ocrx_word' id='word_1_312' title='bbox 2364 1620 2451 1674; x_wconf 81' lang='grc' dir='ltr'><strong>ἵνα</strong></span> <span class='ocrx_word' id='word_1_313' title='bbox 2516 1622 2591 1692; x_wconf 82' lang='grc' dir='ltr'>μή</span> <span class='ocrx_word' id='word_1_314' title='bbox 2628 1637 2712 1684; x_wconf 89' lang='grc' dir='ltr'><strong>τις</strong></span> <span class='ocrx_word' id='word_1_315' title='bbox 2763 1620 3140 1673; x_wconf 83' lang='grc' dir='ltr'>ἀκαταστασία</span> <span class='ocrx_word' id='word_1_316' title='bbox 3180 1615 3237 1691; x_wconf 83' lang='grc' dir='ltr'>ᾖ,</span> <span class='ocrx_word' id='word_1_317' title='bbox 3286 1621 3512 1674; x_wconf 81' lang='grc' dir='ltr'>ἑκάστου</span> <span class='ocrx_word' id='word_1_318' title='bbox 3551 1621 3732 1675; x_wconf 66' lang='grc' dir='ltr'>κατὰτὸ</span> 
     </span>
    </p>
   </div>
   <div class='ocr_carea' id='block_1_46' title="bbox 2214 1711 3731 1785">
    <p class='ocr_par' dir='ltr' id='par_1_46' title="bbox 2214 1711 3731 1785">
     <span class='ocr_line' id='line_1_46' title="bbox 2214 1711 3731 1785; baseline 0.001 -20"><span class='ocrx_word' id='word_1_319' title='bbox 2214 1711 2347 1765; x_wconf 80' lang='grc' dir='ltr'>ἴδιον</span> <span class='ocrx_word' id='word_1_320' title='bbox 2379 1711 2588 1784; x_wconf 85' lang='grc' dir='ltr'>θέλημα</span> <span class='ocrx_word' id='word_1_321' title='bbox 2616 1712 3036 1784; x_wconf 83' lang='grc' dir='ltr'>πολιτευομένου</span> <span class='ocrx_word' id='word_1_322' title='bbox 3057 1752 3072 1774; x_wconf 94' lang='grc'><strong>,</strong></span> <span class='ocrx_word' id='word_1_323' title='bbox 3105 1714 3373 1785; x_wconf 74' lang='grc' dir='ltr'>προσήκει</span> <span class='ocrx_word' id='word_1_324' title='bbox 3402 1712 3490 1765; x_wconf 83' lang='grc' dir='ltr'><strong>τὸν</strong></span> <span class='ocrx_word' id='word_1_325' title='bbox 3520 1715 3602 1766; x_wconf 76' lang='grc' dir='ltr'><strong>ἐπὶ</strong></span> <span class='ocrx_word' id='word_1_326' title='bbox 3627 1713 3731 1766; x_wconf 82' lang='grc' dir='ltr'>πάν-</span> 
     </span>
    </p>
   </div>
   <div class='ocr_carea' id='block_1_47' title="bbox 2214 1803 3733 1879">
    <p class='ocr_par' dir='ltr' id='par_1_47' title="bbox 2214 1803 3733 1879">
     <span class='ocr_line' id='line_1_47' title="bbox 2214 1803 3733 1879; baseline -0.001 -21"><span class='ocrx_word' id='word_1_327' title='bbox 2214 1823 2321 1859; x_wconf 87' lang='grc' dir='ltr'><strong>των</strong></span> <span class='ocrx_word' id='word_1_328' title='bbox 2355 1803 2467 1875; x_wconf 77' lang='grc'>(75)</span> <span class='ocrx_word' id='word_1_329' title='bbox 2497 1806 2587 1858; x_wconf 74' lang='grc' dir='ltr'>ἐπὶ</span> <span class='ocrx_word' id='word_1_330' title='bbox 2616 1804 2828 1879; x_wconf 80' lang='grc' dir='ltr'>συνέσει</span> <span class='ocrx_word' id='word_1_331' title='bbox 2854 1805 2949 1858; x_wconf 72' lang='grc' dir='ltr'><strong>καὶ</strong></span> <span class='ocrx_word' id='word_1_332' title='bbox 2983 1804 3272 1877; x_wconf 74' lang='grc' dir='ltr'>εὐσταθείᾳ</span> <span class='ocrx_word' id='word_1_333' title='bbox 3310 1806 3401 1859; x_wconf 77' lang='grc' dir='ltr'><strong>καὶ</strong></span> <span class='ocrx_word' id='word_1_334' title='bbox 3432 1809 3494 1877; x_wconf 81' lang='grc' dir='ltr'>τῇ</span> <span class='ocrx_word' id='word_1_335' title='bbox 3519 1805 3641 1859; x_wconf 85' lang='grc' dir='ltr'>κατὰ</span> <span class='ocrx_word' id='word_1_336' title='bbox 3660 1808 3733 1877; x_wconf 77' lang='grc' dir='ltr'><strong>τὴν</strong></span> 
     </span>
    </p>
   </div>
   <div class='ocr_carea' id='block_1_48' title="bbox 2220 1891 3734 1969">
    <p class='ocr_par' dir='ltr' id='par_1_48' title="bbox 2220 1891 3734 1969">
     <span class='ocr_line' id='line_1_48' title="bbox 2220 1891 3734 1969; baseline 0.001 -21"><span class='ocrx_word' id='word_1_337' title='bbox 2220 1891 2365 1966; x_wconf 76' lang='grc' dir='ltr'>ζωὴν</span> <span class='ocrx_word' id='word_1_338' title='bbox 2411 1894 2664 1969; x_wconf 74' lang='grc' dir='ltr'>ἀκριϐείᾳ</span> <span class='ocrx_word' id='word_1_339' title='bbox 2718 1894 3212 1968; x_wconf 80' lang='grc' dir='ltr'>μεμαρτυρημένον</span> <span class='ocrx_word' id='word_1_340' title='bbox 3250 1896 3544 1966; x_wconf 79' lang='grc' dir='ltr'>διαφέρειν,</span> <span class='ocrx_word' id='word_1_341' title='bbox 3588 1897 3734 1949; x_wconf 77' lang='grc' dir='ltr'>τοῦτον</span> 
     </span>
    </p>
   </div>
   <div class='ocr_carea' id='block_1_49' title="bbox 2219 1986 3736 2060">
    <p class='ocr_par' dir='ltr' id='par_1_49' title="bbox 2219 1986 3736 2060">
     <span class='ocr_line' id='line_1_49' title="bbox 2219 1986 3736 2060; baseline -0.001 -21"><span class='ocrx_word' id='word_1_342' title='bbox 2219 1986 2630 2057; x_wconf 87' lang='grc' dir='ltr'>προστήσασθαι</span> <span class='ocrx_word' id='word_1_343' title='bbox 2675 1989 2755 2051; x_wconf 86' lang='grc' dir='ltr'>εἰς</span> <span class='ocrx_word' id='word_1_344' title='bbox 2802 1987 2863 2040; x_wconf 87' lang='grc' dir='ltr'><strong>τὸ</strong></span> <span class='ocrx_word' id='word_1_345' title='bbox 2884 1986 3300 2060; x_wconf 85' lang='grc' dir='ltr'>καθηγήσασθαι</span> <span class='ocrx_word' id='word_1_346' title='bbox 3333 1988 3441 2040; x_wconf 87' lang='grc' dir='ltr'><strong>τῶν</strong></span> <span class='ocrx_word' id='word_1_347' title='bbox 3472 1987 3644 2050; x_wconf 76' lang='grc' dir='ltr'>ἄλλων,</span> <span class='ocrx_word' id='word_1_348' title='bbox 3671 1987 3736 2039; x_wconf 80' lang='grc' dir='ltr'>ἵνα</span> 
     </span>
    </p>
   </div>
   <div class='ocr_carea' id='block_1_50' title="bbox 2219 2066 3737 2149">
    <p class='ocr_par' dir='ltr' id='par_1_50' title="bbox 2219 2066 3737 2149">
     <span class='ocr_line' id='line_1_50' title="bbox 2219 2066 3737 2149; baseline -0.002 -18"><span class='ocrx_word' id='word_1_349' title='bbox 2219 2077 2279 2131; x_wconf 85' lang='grc' dir='ltr'><strong>τὸ</strong></span> <span class='ocrx_word' id='word_1_350' title='bbox 2308 2079 2367 2131; x_wconf 80' lang='grc' dir='ltr'>ὲν</span> <span class='ocrx_word' id='word_1_351' title='bbox 2405 2077 2579 2148; x_wconf 80' lang='grc' dir='ltr'>τούτῳ</span> <span class='ocrx_word' id='word_1_352' title='bbox 2601 2077 2827 2147; x_wconf 85' lang='grc' dir='ltr'>ἀγαθὸν,</span> <span class='ocrx_word' id='word_1_353' title='bbox 2849 2078 3027 2132; x_wconf 78' lang='grc' dir='ltr'>κοινὸν</span> <span class='ocrx_word' id='word_1_354' title='bbox 3056 2079 3275 2133; x_wconf 83' lang='grc' dir='ltr'>πάντων</span> <span class='ocrx_word' id='word_1_355' title='bbox 3311 2078 3420 2132; x_wconf 88' lang='grc' dir='ltr'><strong>τῶν</strong></span> <span class='ocrx_word' id='word_1_356' title='bbox 3445 2066 3737 2149; x_wconf 72' lang='grc' dir='ltr'>μιμουμένων</span> 
     </span>
    </p>
   </div>
   <div class='ocr_carea' id='block_1_51' title="bbox 2218 2164 3739 2242">
    <p class='ocr_par' dir='ltr' id='par_1_51' title="bbox 2218 2164 3739 2242">
     <span class='ocr_line' id='line_1_51' title="bbox 2218 2164 3739 2242; baseline -0.001 -21"><span class='ocrx_word' id='word_1_357' title='bbox 2218 2169 2463 2240; x_wconf 86' lang='grc' dir='ltr'>γένηται.</span> <span class='ocrx_word' id='word_1_358' title='bbox 2515 2170 2722 2242; x_wconf 84' lang='grc' dir='ltr'>Ὥσπερ</span> <span class='ocrx_word' id='word_1_359' title='bbox 2761 2168 2891 2241; x_wconf 83' lang='grc' dir='ltr'>γὰρ,</span> <span class='ocrx_word' id='word_1_360' title='bbox 2954 2171 3002 2223; x_wconf 83' lang='grc' dir='ltr'><strong>εἰ</strong></span> <span class='ocrx_word' id='word_1_361' title='bbox 3062 2170 3308 2234; x_wconf 88' lang='grc' dir='ltr'>πλείονες</span> <span class='ocrx_word' id='word_1_362' title='bbox 3355 2171 3612 2242; x_wconf 64' lang='grc' dir='ltr'>ζωγράφοι</span> <span class='ocrx_word' id='word_1_363' title='bbox 3649 2164 3739 2231; x_wconf 77' lang='grc' dir='ltr'>ἑνὸς</span> 
     </span>
    </p>
   </div>
   <div class='ocr_carea' id='block_1_52' title="bbox 2220 2260 3738 2335">
    <p class='ocr_par' dir='ltr' id='par_1_52' title="bbox 2220 2260 3738 2335">
     <span class='ocr_line' id='line_1_52' title="bbox 2220 2260 3738 2335; baseline 0 -21"><span class='ocrx_word' id='word_1_364' title='bbox 2220 2260 2511 2333; x_wconf 83' lang='grc' dir='ltr'>προσώπου</span> <span class='ocrx_word' id='word_1_365' title='bbox 2536 2262 2864 2334; x_wconf 79' lang='grc' dir='ltr'>χαρακτῆρα</span> <span class='ocrx_word' id='word_1_366' title='bbox 2902 2263 3192 2335; x_wconf 82' lang='grc' dir='ltr'>γράφοιεν,</span> <span class='ocrx_word' id='word_1_367' title='bbox 3251 2264 3426 2315; x_wconf 75' lang='grc' dir='ltr'>πᾶσαι</span> <span class='ocrx_word' id='word_1_368' title='bbox 3477 2265 3530 2315; x_wconf 84' lang='grc' dir='ltr'>αἱ</span> <span class='ocrx_word' id='word_1_369' title='bbox 3572 2262 3738 2323; x_wconf 74' lang='grc' dir='ltr'>εἰκόνες</span> 
     </span>
    </p>
   </div>
   <div class='ocr_carea' id='block_1_53' title="bbox 2219 2353 3738 2429">
    <p class='ocr_par' dir='ltr' id='par_1_53' title="bbox 2219 2353 3738 2429">
     <span class='ocr_line' id='line_1_53' title="bbox 2219 2353 3738 2429; baseline -0.003 -19"><span class='ocrx_word' id='word_1_370' title='bbox 2219 2357 2420 2429; x_wconf 87' lang='grc' dir='ltr'>ὁμοίως</span> <span class='ocrx_word' id='word_1_371' title='bbox 2453 2355 2590 2426; x_wconf 73' lang='grc' dir='ltr'>πρὸς</span> <span class='ocrx_word' id='word_1_372' title='bbox 2646 2354 2880 2426; x_wconf 81' lang='grc' dir='ltr'>ἀλλήλας</span> <span class='ocrx_word' id='word_1_373' title='bbox 2913 2355 3113 2422; x_wconf 74' lang='grc' dir='ltr'>ἕξουσι,</span> <span class='ocrx_word' id='word_1_374' title='bbox 3141 2355 3229 2408; x_wconf 83' lang='grc' dir='ltr'><strong>διὰ</strong></span> <span class='ocrx_word' id='word_1_375' title='bbox 3252 2355 3313 2408; x_wconf 85' lang='grc' dir='ltr'><strong>τὸ</strong></span> <span class='ocrx_word' id='word_1_376' title='bbox 3342 2355 3418 2427; x_wconf 83' lang='grc' dir='ltr'><strong>τῷ</strong></span> <span class='ocrx_word' id='word_1_377' title='bbox 3452 2355 3528 2408; x_wconf 79' lang='grc' dir='ltr'>ἐνὶ</span> <span class='ocrx_word' id='word_1_378' title='bbox 3565 2353 3738 2426; x_wconf 69' lang='grc' dir='ltr'>ὡμοιῶα</span> 
     </span>
    </p>
   </div>
   <div class='ocr_carea' id='block_1_54' title="bbox 2222 2444 3739 2519">
    <p class='ocr_par' dir='ltr' id='par_1_54' title="bbox 2222 2444 3739 2519">
     <span class='ocr_line' id='line_1_54' title="bbox 2222 2444 3739 2519; baseline -0.002 -18"><span class='ocrx_word' id='word_1_379' title='bbox 2222 2447 2344 2501; x_wconf 86' lang='grc' dir='ltr'>σθαι</span> <span class='ocrx_word' id='word_1_380' title='bbox 2376 2446 2488 2519; x_wconf 89' lang='grc'><strong>(76)</strong></span> <span class='ocrx_word' id='word_1_381' title='bbox 2511 2464 2524 2477; x_wconf 80' lang='grc'><em>’</em></span> <span class='ocrx_word' id='word_1_382' title='bbox 2560 2445 2704 2500; x_wconf 87' lang='grc' dir='ltr'>οὑτω</span> <span class='ocrx_word' id='word_1_383' title='bbox 2744 2446 2818 2500; x_wconf 80' lang='grc' dir='ltr'><strong>τά</strong></span> <span class='ocrx_word' id='word_1_384' title='bbox 2843 2445 3012 2499; x_wconf 85' lang='grc' dir='ltr'>πολλὰ</span> <span class='ocrx_word' id='word_1_385' title='bbox 3041 2446 3168 2518; x_wconf 77' lang='grc' dir='ltr'>ἤθη,</span> <span class='ocrx_word' id='word_1_386' title='bbox 3194 2446 3243 2498; x_wconf 80' lang='grc' dir='ltr'><strong>εί</strong></span> <span class='ocrx_word' id='word_1_387' title='bbox 3267 2446 3405 2517; x_wconf 79' lang='grc' dir='ltr'>πρὸς</span> <span class='ocrx_word' id='word_1_388' title='bbox 3435 2446 3527 2519; x_wconf 80' lang='grc' dir='ltr'><strong>τὴν</strong></span> <span class='ocrx_word' id='word_1_389' title='bbox 3546 2445 3624 2499; x_wconf 82' lang='grc' dir='ltr'>τοῦ</span> <span class='ocrx_word' id='word_1_390' title='bbox 3650 2444 3739 2507; x_wconf 73' lang='grc' dir='ltr'>ἑνὸς</span> 
     </span>
    </p>
   </div>
   <div class='ocr_carea' id='block_1_55' title="bbox 2225 2537 3739 2611">
    <p class='ocr_par' dir='ltr' id='par_1_55' title="bbox 2225 2537 3739 2611">
     <span class='ocr_line' id='line_1_55' title="bbox 2225 2537 3739 2611; baseline -0.001 -20"><span class='ocrx_word' id='word_1_391' title='bbox 2225 2539 2457 2611; x_wconf 89' lang='grc' dir='ltr'>μίμησιν</span> <span class='ocrx_word' id='word_1_392' title='bbox 2485 2537 2693 2609; x_wconf 81' lang='grc' dir='ltr'>βλέποι,</span> <span class='ocrx_word' id='word_1_393' title='bbox 2729 2539 2895 2592; x_wconf 80' lang='grc' dir='ltr'>πᾶσιν</span> <span class='ocrx_word' id='word_1_394' title='bbox 2921 2538 3124 2610; x_wconf 85' lang='grc' dir='ltr'>ὁμοίως</span> <span class='ocrx_word' id='word_1_395' title='bbox 3156 2539 3184 2590; x_wconf 94' lang='lat'><strong>6</strong></span> <span class='ocrx_word' id='word_1_396' title='bbox 3217 2539 3420 2607; x_wconf 81' lang='grc' dir='ltr'>ἀγαθὸς</span> <span class='ocrx_word' id='word_1_397' title='bbox 3438 2538 3528 2592; x_wconf 81' lang='grc' dir='ltr'>τοῦ</span> <span class='ocrx_word' id='word_1_398' title='bbox 3548 2537 3645 2609; x_wconf 82' lang='grc' dir='ltr'>βίον</span> <span class='ocrx_word' id='word_1_399' title='bbox 3663 2554 3739 2608; x_wconf 77' lang='grc' dir='ltr'>χα-</span> 
     </span>
    </p>
   </div>
   <div class='ocr_carea' id='block_1_56' title="bbox 2228 2626 3737 2701">
    <p class='ocr_par' dir='ltr' id='par_1_56' title="bbox 2228 2626 3737 2701">
     <span class='ocr_line' id='line_1_56' title="bbox 2228 2626 3737 2701; baseline -0.003 -18"><span class='ocrx_word' id='word_1_400' title='bbox 2228 2626 2779 2701; x_wconf 72' lang='grc' dir='ltr'>ρακτὴροὲπιλάμψει.</span> <span class='ocrx_word' id='word_1_401' title='bbox 2809 2626 3204 2699; x_wconf 88' lang='grc' dir='ltr'>Προκριθέντος</span> <span class='ocrx_word' id='word_1_402' title='bbox 3242 2628 3425 2681; x_wconf 83' lang='grc' dir='ltr'>τοίνυν</span> <span class='ocrx_word' id='word_1_403' title='bbox 3450 2628 3574 2691; x_wconf 74' lang='grc' dir='ltr'>ἐνὸς,</span> <span class='ocrx_word' id='word_1_404' title='bbox 3599 2627 3737 2698; x_wconf 78' lang='grc' dir='ltr'>ἀργή-</span> 
     </span>
    </p>
   </div>
   <div class='ocr_carea' id='block_1_57' title="bbox 2225 2718 3738 2793">
    <p class='ocr_par' dir='ltr' id='par_1_57' title="bbox 2225 2718 3738 2793">
     <span class='ocr_line' id='line_1_57' title="bbox 2225 2718 3738 2793; baseline -0.003 -19"><span class='ocrx_word' id='word_1_405' title='bbox 2225 2738 2306 2774; x_wconf 89' lang='grc' dir='ltr'><strong>σει</strong></span> <span class='ocrx_word' id='word_1_406' title='bbox 2332 2721 2510 2775; x_wconf 83' lang='grc' dir='ltr'>πάντα</span> <span class='ocrx_word' id='word_1_407' title='bbox 2537 2720 2604 2774; x_wconf 85' lang='grc' dir='ltr'>τὰ</span> <span class='ocrx_word' id='word_1_408' title='bbox 2645 2722 2844 2793; x_wconf 80' lang='grc' dir='ltr'>μερικὰ</span> <span class='ocrx_word' id='word_1_409' title='bbox 2883 2719 3161 2791; x_wconf 88' lang='grc' dir='ltr'>θελήματα</span> <span class='ocrx_word' id='word_1_410' title='bbox 3179 2736 3191 2749; x_wconf 92' lang='grc'><strong>·</strong></span> <span class='ocrx_word' id='word_1_411' title='bbox 3230 2719 3371 2792; x_wconf 86' lang='grc' dir='ltr'>πρὸς</span> <span class='ocrx_word' id='word_1_412' title='bbox 3390 2721 3445 2774; x_wconf 78' lang='grc' dir='ltr'>δὲ</span> <span class='ocrx_word' id='word_1_413' title='bbox 3474 2722 3531 2774; x_wconf 77' lang='grc' dir='ltr'><strong>τὸ</strong></span> <span class='ocrx_word' id='word_1_414' title='bbox 3556 2718 3738 2791; x_wconf 83' lang='grc' dir='ltr'>προέχον</span> 
     </span>
    </p>
   </div>
   <div class='ocr_carea' id='block_1_58' title="bbox 2226 2810 3739 2884">
    <p class='ocr_par' dir='ltr' id='par_1_58' title="bbox 2226 2810 3739 2884">
     <span class='ocr_line' id='line_1_58' title="bbox 2226 2810 3739 2884; baseline -0.004 -17"><span class='ocrx_word' id='word_1_415' title='bbox 2226 2814 2426 2877; x_wconf 84' lang='grc' dir='ltr'>πάντες</span> <span class='ocrx_word' id='word_1_416' title='bbox 2454 2815 2501 2866; x_wconf 79' lang='grc' dir='ltr'>οἱ</span> <span class='ocrx_word' id='word_1_417' title='bbox 2531 2812 2729 2884; x_wconf 77' lang='grc' dir='ltr'>ἐφεξῆς</span> <span class='ocrx_word' id='word_1_418' title='bbox 2754 2810 3187 2883; x_wconf 85' lang='grc' dir='ltr'>τυπωθήσονται,</span> <span class='ocrx_word' id='word_1_419' title='bbox 3216 2812 3524 2876; x_wconf 81' lang='grc' dir='ltr'>πεισθέντες</span> <span class='ocrx_word' id='word_1_420' title='bbox 3539 2812 3607 2881; x_wconf 81' lang='grc' dir='ltr'>τῷ</span> <span class='ocrx_word' id='word_1_421' title='bbox 3634 2814 3739 2865; x_wconf 80' lang='grc' dir='ltr'>ἀπο-</span> 
     </span>
    </p>
   </div>
   <div class='ocr_carea' id='block_1_59' title="bbox 2225 2901 3740 2976">
    <p class='ocr_par' dir='ltr' id='par_1_59' title="bbox 2225 2901 3740 2976">
     <span class='ocr_line' id='line_1_59' title="bbox 2225 2901 3740 2976; baseline -0.002 -19"><span class='ocrx_word' id='word_1_422' title='bbox 2225 2903 2455 2975; x_wconf 87' lang='grc' dir='ltr'>στολικῷ</span> <span class='ocrx_word' id='word_1_423' title='bbox 2494 2904 2911 2976; x_wconf 82' lang='grc' dir='ltr'>παραγγέλματι</span> <span class='ocrx_word' id='word_1_424' title='bbox 2951 2903 3031 2975; x_wconf 85' lang='grc' dir='ltr'>τῷ</span> <span class='ocrx_word' id='word_1_425' title='bbox 3087 2903 3365 2958; x_wconf 87' lang='grc' dir='ltr'>κελεύοντι</span> <span class='ocrx_word' id='word_1_426' title='bbox 3409 2907 3574 2959; x_wconf 79' lang='grc' dir='ltr'>πᾶσαν</span> <span class='ocrx_word' id='word_1_427' title='bbox 3604 2901 3740 2973; x_wconf 69' lang='grc' dir='ltr'>ψυχὴν</span> 
     </span>
    </p>
   </div>
   <div class='ocr_carea' id='block_1_60' title="bbox 2226 2995 3741 3067">
    <p class='ocr_par' dir='ltr' id='par_1_60' title="bbox 2226 2995 3741 3067">
     <span class='ocr_line' id='line_1_60' title="bbox 2226 2995 3741 3067; baseline -0.004 -19"><span class='ocrx_word' id='word_1_428' title='bbox 2226 2995 2498 3059; x_wconf 75' lang='grc' dir='ltr'>ἐξουσίαις</span> <span class='ocrx_word' id='word_1_429' title='bbox 2553 2996 2947 3067; x_wconf 82' lang='grc' dir='ltr'>ὑπερεχούσαις</span> <span class='ocrx_word' id='word_1_430' title='bbox 3005 2996 3440 3050; x_wconf 84' lang='grc' dir='ltr'>ὑποτάσσεσθαι·</span> <span class='ocrx_word' id='word_1_431' title='bbox 3486 2997 3571 3050; x_wconf 73' lang='grc' dir='ltr'>καὶ</span> <span class='ocrx_word' id='word_1_432' title='bbox 3599 2996 3665 3048; x_wconf 80' lang='grc' dir='ltr'>ὅτι</span> <span class='ocrx_word' id='word_1_433' title='bbox 3705 2995 3741 3043; x_wconf 79' lang='lat' dir='ltr'><strong>oi</strong></span> 
     </span>
    </p>
   </div>
   <div class='ocr_carea' id='block_1_61' title="bbox 2227 3083 3742 3159">
    <p class='ocr_par' dir='ltr' id='par_1_61' title="bbox 2227 3083 3742 3159">
     <span class='ocr_line' id='line_1_61' title="bbox 2227 3083 3742 3159; baseline 0.003 -18"><span class='ocrx_word' id='word_1_434' title='bbox 2227 3086 2643 3157; x_wconf 80' lang='grc' dir='ltr'>ἀνθεστηκότες,</span> <span class='ocrx_word' id='word_1_435' title='bbox 2672 3089 2882 3151; x_wconf 78' lang='grc' dir='ltr'>ἑαυτοῖς</span> <span class='ocrx_word' id='word_1_436' title='bbox 2913 3091 3089 3159; x_wconf 79' lang='grc' dir='ltr'>κρῖμα</span> <span class='ocrx_word' id='word_1_437' title='bbox 3118 3086 3477 3158; x_wconf 67' lang='grc' dir='ltr'>λήψονται.Ἢ</span> <span class='ocrx_word' id='word_1_438' title='bbox 3509 3087 3560 3139; x_wconf 80' lang='grc' dir='ltr'>δὲ</span> <span class='ocrx_word' id='word_1_439' title='bbox 3580 3083 3742 3154; x_wconf 75' lang='grc' dir='ltr'>ἀληθὴς</span> 
     </span>
    </p>
   </div>
   <div class='ocr_carea' id='block_1_62' title="bbox 555 3175 2122 3255">
    <p class='ocr_par' dir='ltr' id='par_1_62' title="bbox 555 3175 2122 3247">
     <span class='ocr_line' id='line_1_62' title="bbox 555 3175 2122 3247; baseline 0 -15"><span class='ocrx_word' id='word_1_440' title='bbox 555 3176 637 3247; x_wconf 76' lang='grc'><strong>2).</strong></span> <span class='ocrx_word' id='word_1_441' title='bbox 672 3175 815 3232; x_wconf 86' lang='lat' dir='ltr'><strong>Vera</strong></span> <span class='ocrx_word' id='word_1_442' title='bbox 845 3186 1025 3231; x_wconf 89' lang='lat' dir='ltr'><strong>autem</strong></span> <span class='ocrx_word' id='word_1_443' title='bbox 1067 3183 1122 3231; x_wconf 90' lang='lat' dir='ltr'><strong>et</strong></span> <span class='ocrx_word' id='word_1_444' title='bbox 1158 3175 1399 3246; x_wconf 82' lang='lat' dir='ltr'><strong>perfecta</strong></span> <span class='ocrx_word' id='word_1_445' title='bbox 1445 3176 1790 3232; x_wconf 84' lang='lat' dir='ltr'><strong>subditorum</strong></span> <span class='ocrx_word' id='word_1_446' title='bbox 1827 3192 1956 3246; x_wconf 84' lang='lat' dir='ltr'><strong>erga</strong></span> <span class='ocrx_word' id='word_1_447' title='bbox 1991 3193 2122 3247; x_wconf 66' lang='lat' dir='ltr'><strong>prae-</strong></span> 
     </span>
    </p>
   </div>
   <div class='ocr_carea' id='block_1_63' title="bbox 2223 3175 3745 3255">
    <p class='ocr_par' dir='ltr' id='par_1_63' title="bbox 2227 3175 3745 3250">
     <span class='ocr_line' id='line_1_63' title="bbox 2227 3175 3745 3250; baseline -0.001 -20"><span class='ocrx_word' id='word_1_448' title='bbox 2227 3179 2323 3231; x_wconf 76' lang='grc' dir='ltr'><strong>καὶ</strong></span> <span class='ocrx_word' id='word_1_449' title='bbox 2367 3177 2543 3231; x_wconf 87' lang='grc' dir='ltr'>τελεία</span> <span class='ocrx_word' id='word_1_450' title='bbox 2598 3178 2811 3250; x_wconf 79' lang='grc' dir='ltr'>ὑπακοὴ</span> <span class='ocrx_word' id='word_1_451' title='bbox 2845 3177 2952 3231; x_wconf 85' lang='grc' dir='ltr'><strong>τῶν</strong></span> <span class='ocrx_word' id='word_1_452' title='bbox 2985 3180 3311 3249; x_wconf 87' lang='grc' dir='ltr'>ὑποχειρίων</span> <span class='ocrx_word' id='word_1_453' title='bbox 3347 3179 3479 3250; x_wconf 77' lang='grc' dir='ltr'>πρὸς</span> <span class='ocrx_word' id='word_1_454' title='bbox 3532 3177 3611 3230; x_wconf 83' lang='grc' dir='ltr'><strong>τὸν</strong></span> <span class='ocrx_word' id='word_1_455' title='bbox 3642 3175 3745 3228; x_wconf 68' lang='grc' dir='ltr'>καθα</span> 
     </span>
    </p>
   </div>
   <div class='ocr_carea' id='block_1_64' title="bbox 558 3266 2128 3341">
    <p class='ocr_par' dir='ltr' id='par_1_64' title="bbox 558 3266 2128 3341">
     <span class='ocr_line' id='line_1_64' title="bbox 558 3266 2128 3341; baseline 0.001 -19"><span class='ocrx_word' id='word_1_456' title='bbox 558 3267 761 3322; x_wconf 84' lang='lat' dir='ltr'><strong>l‘ectum</strong></span> <span class='ocrx_word' id='word_1_457' title='bbox 798 3266 1107 3323; x_wconf 87' lang='lat' dir='ltr'><strong>obedientia</strong></span> <span class='ocrx_word' id='word_1_458' title='bbox 1138 3267 1193 3321; x_wconf 92' lang='lat' dir='ltr'><strong>in</strong></span> <span class='ocrx_word' id='word_1_459' title='bbox 1225 3282 1290 3322; x_wconf 93' lang='lat' dir='ltr'><strong>eo</strong></span> <span class='ocrx_word' id='word_1_460' title='bbox 1315 3268 1649 3333; x_wconf 85' lang='lat' dir='ltr'><strong>declaratur,</strong></span> <span class='ocrx_word' id='word_1_461' title='bbox 1684 3269 1731 3324; x_wconf 91' lang='lat' dir='ltr'><strong>si</strong></span> <span class='ocrx_word' id='word_1_462' title='bbox 1773 3283 1882 3323; x_wconf 90' lang='lat' dir='ltr'><strong>non</strong></span> <span class='ocrx_word' id='word_1_463' title='bbox 1917 3284 1948 3323; x_wconf 89' lang='lat' dir='ltr'><strong>a</strong></span> <span class='ocrx_word' id='word_1_464' title='bbox 1974 3268 2128 3341; x_wconf 79' lang='lat' dir='ltr'><strong>ﬂagi-</strong></span> 
     </span>
    </p>
   </div>
   <div class='ocr_carea' id='block_1_65' title="bbox 557 3357 2125 3428">
    <p class='ocr_par' dir='ltr' id='par_1_65' title="bbox 557 3357 2125 3428">
     <span class='ocr_line' id='line_1_65' title="bbox 557 3357 2125 3428; baseline 0.001 -17"><span class='ocrx_word' id='word_1_465' title='bbox 557 3359 717 3414; x_wconf 87' lang='lat' dir='ltr'><strong>tiosis</strong></span> <span class='ocrx_word' id='word_1_466' title='bbox 753 3357 915 3412; x_wconf 85' lang='lat' dir='ltr'><strong>modo</strong></span> <span class='ocrx_word' id='word_1_467' title='bbox 956 3358 1265 3412; x_wconf 86' lang='lat' dir='ltr'><strong>abstineant</strong></span> <span class='ocrx_word' id='word_1_468' title='bbox 1294 3373 1360 3412; x_wconf 80' lang='lat' dir='ltr'><strong>ex</strong></span> <span class='ocrx_word' id='word_1_469' title='bbox 1397 3358 1635 3428; x_wconf 65' lang='lat' dir='ltr'><strong>praefecti</strong></span> <span class='ocrx_word' id='word_1_470' title='bbox 1667 3358 1922 3424; x_wconf 89' lang='lat' dir='ltr'><strong>consilio,</strong></span> <span class='ocrx_word' id='word_1_471' title='bbox 1955 3358 2049 3414; x_wconf 92' lang='lat' dir='ltr'><strong>sed</strong></span> <span class='ocrx_word' id='word_1_472' title='bbox 2078 3359 2125 3413; x_wconf 90' lang='lat' dir='ltr'><strong>si</strong></span> 
     </span>
    </p>
   </div>
   <div class='ocr_carea' id='block_1_66' title="bbox 557 3449 2125 3533">
    <p class='ocr_par' dir='ltr' id='par_1_66' title="bbox 557 3449 2125 3533">
     <span class='ocr_line' id='line_1_66' title="bbox 557 3449 2125 3533; baseline 0 -27"><span class='ocrx_word' id='word_1_473' title='bbox 557 3465 630 3507; x_wconf 78' lang='lat' dir='ltr'><strong>ne</strong></span> <span class='ocrx_word' id='word_1_474' title='bbox 658 3464 722 3505; x_wconf 90' lang='lat' dir='ltr'><strong>ea</strong></span> <span class='ocrx_word' id='word_1_475' title='bbox 752 3449 981 3533; x_wconf 39' lang='lat' dir='ltr'><strong>quidem.</strong></span> <span class='ocrx_word' id='word_1_476' title='bbox 1002 3465 1124 3519; x_wconf 73' lang='lat' dir='ltr'><strong>qua:</strong></span> <span class='ocrx_word' id='word_1_477' title='bbox 1152 3449 1449 3503; x_wconf 87' lang='lat' dir='ltr'><strong>laudabilia</strong></span> <span class='ocrx_word' id='word_1_478' title='bbox 1486 3456 1637 3515; x_wconf 91' lang='lat' dir='ltr'><strong>sunt,</strong></span> <span class='ocrx_word' id='word_1_479' title='bbox 1672 3451 1810 3504; x_wconf 87' lang='lat' dir='ltr'><strong>citra</strong></span> <span class='ocrx_word' id='word_1_480' title='bbox 1857 3451 2006 3506; x_wconf 90' lang='lat' dir='ltr'><strong>illius</strong></span> <span class='ocrx_word' id='word_1_481' title='bbox 2033 3467 2125 3506; x_wconf 89' lang='lat' dir='ltr'><strong>ar-</strong></span> 
     </span>
    </p>
   </div>
   <div class='ocr_carea' id='block_1_67' title="bbox 556 3539 2130 3613">
    <p class='ocr_par' dir='ltr' id='par_1_67' title="bbox 556 3539 2130 3613">
     <span class='ocr_line' id='line_1_67' title="bbox 556 3539 2130 3613; baseline -0.001 -15"><span class='ocrx_word' id='word_1_482' title='bbox 556 3541 780 3598; x_wconf 82' lang='lat' dir='ltr'><strong>bitrium</strong></span> <span class='ocrx_word' id='word_1_483' title='bbox 814 3549 1093 3613; x_wconf 82' lang='lat' dir='ltr'><strong>peragant.</strong></span> <span class='ocrx_word' id='word_1_484' title='bbox 1136 3539 1271 3596; x_wconf 84' lang='lat' dir='ltr'><strong>Nam</strong></span> <span class='ocrx_word' id='word_1_485' title='bbox 1312 3541 1650 3596; x_wconf 86' lang='lat' dir='ltr'><strong>abstinentia</strong></span> <span class='ocrx_word' id='word_1_486' title='bbox 1689 3550 1747 3597; x_wconf 88' lang='lat' dir='ltr'><strong>et</strong></span> <span class='ocrx_word' id='word_1_487' title='bbox 1787 3544 1968 3599; x_wconf 87' lang='lat' dir='ltr'><strong>omnis</strong></span> <span class='ocrx_word' id='word_1_488' title='bbox 2012 3558 2130 3598; x_wconf 54' lang='lat' dir='ltr'><strong>cors</strong></span> 
     </span>
    </p>
   </div>
   <div class='ocr_carea' id='block_1_68' title="bbox 558 3634 2129 3707">
    <p class='ocr_par' dir='ltr' id='par_1_68' title="bbox 558 3634 2129 3707">
     <span class='ocr_line' id='line_1_68' title="bbox 558 3634 2129 3707; baseline 0.003 -20"><span class='ocrx_word' id='word_1_489' title='bbox 558 3635 764 3705; x_wconf 89' lang='lat' dir='ltr'><strong>poralis</strong></span> <span class='ocrx_word' id='word_1_490' title='bbox 793 3634 1070 3690; x_wconf 78' lang='lat' dir='ltr'><strong>alﬂictatio</strong></span> <span class='ocrx_word' id='word_1_491' title='bbox 1099 3634 1165 3689; x_wconf 91' lang='lat' dir='ltr'><strong>ad</strong></span> <span class='ocrx_word' id='word_1_492' title='bbox 1206 3635 1411 3705; x_wconf 89' lang='lat' dir='ltr'><strong>aliquid</strong></span> <span class='ocrx_word' id='word_1_493' title='bbox 1448 3636 1600 3691; x_wconf 85' lang='lat' dir='ltr'><strong>utilis</strong></span> <span class='ocrx_word' id='word_1_494' title='bbox 1633 3644 1718 3692; x_wconf 92' lang='lat' dir='ltr'><strong>est</strong></span> <span class='ocrx_word' id='word_1_495' title='bbox 1746 3655 1758 3690; x_wconf 94' lang='lat'><strong>:</strong></span> <span class='ocrx_word' id='word_1_496' title='bbox 1791 3636 1885 3691; x_wconf 90' lang='lat' dir='ltr'><strong>sed</strong></span> <span class='ocrx_word' id='word_1_497' title='bbox 1917 3637 1962 3691; x_wconf 87' lang='lat' dir='ltr'><strong>si</strong></span> <span class='ocrx_word' id='word_1_498' title='bbox 2004 3637 2129 3707; x_wconf 91' lang='lat' dir='ltr'><strong>quis</strong></span> 
     </span>
    </p>
   </div>
   <div class='ocr_carea' id='block_1_69' title="bbox 560 3723 2126 3798">
    <p class='ocr_par' dir='ltr' id='par_1_69' title="bbox 560 3723 2126 3798">
     <span class='ocr_line' id='line_1_69' title="bbox 560 3723 2126 3798; baseline 0.002 -21"><span class='ocrx_word' id='word_1_499' title='bbox 560 3723 728 3778; x_wconf 90' lang='lat' dir='ltr'><strong>animi</strong></span> <span class='ocrx_word' id='word_1_500' title='bbox 758 3725 843 3780; x_wconf 90' lang='lat' dir='ltr'><strong>sui</strong></span> <span class='ocrx_word' id='word_1_501' title='bbox 872 3733 1081 3779; x_wconf 88' lang='lat' dir='ltr'><strong>motum</strong></span> <span class='ocrx_word' id='word_1_502' title='bbox 1109 3736 1352 3792; x_wconf 89' lang='lat' dir='ltr'><strong>secutus,</strong></span> <span class='ocrx_word' id='word_1_503' title='bbox 1381 3727 1529 3796; x_wconf 92' lang='lat' dir='ltr'><strong>quod</strong></span> <span class='ocrx_word' id='word_1_504' title='bbox 1570 3726 1675 3781; x_wconf 92' lang='lat' dir='ltr'><strong>sibi</strong></span> <span class='ocrx_word' id='word_1_505' title='bbox 1715 3727 1893 3796; x_wconf 90' lang='lat' dir='ltr'><strong>placet</strong></span> <span class='ocrx_word' id='word_1_506' title='bbox 1934 3728 2126 3798; x_wconf 85' lang='lat' dir='ltr'><strong>egerit,</strong></span> 
     </span>
    </p>
   </div>
   <div class='ocr_carea' id='block_1_70' title="bbox 558 3818 2130 3891">
    <p class='ocr_par' dir='ltr' id='par_1_70' title="bbox 558 3818 2130 3891">
     <span class='ocr_line' id='line_1_70' title="bbox 558 3818 2130 3891; baseline 0.002 -21"><span class='ocrx_word' id='word_1_507' title='bbox 558 3822 616 3870; x_wconf 74' lang='lat' dir='ltr'><strong>ct</strong></span> <span class='ocrx_word' id='word_1_508' title='bbox 648 3818 942 3887; x_wconf 67' lang='lat' dir='ltr'><strong>praeposito</strong></span> <span class='ocrx_word' id='word_1_509' title='bbox 985 3819 1278 3874; x_wconf 89' lang='lat' dir='ltr'><strong>consilium</strong></span> <span class='ocrx_word' id='word_1_510' title='bbox 1317 3819 1423 3873; x_wconf 90' lang='lat' dir='ltr'><strong>sibi</strong></span> <span class='ocrx_word' id='word_1_511' title='bbox 1449 3819 1599 3875; x_wconf 88' lang='lat' dir='ltr'><strong>danti</strong></span> <span class='ocrx_word' id='word_1_512' title='bbox 1640 3835 1749 3875; x_wconf 90' lang='lat' dir='ltr'><strong>non</strong></span> <span class='ocrx_word' id='word_1_513' title='bbox 1785 3820 2130 3891; x_wconf 87' lang='lat' dir='ltr'><strong>obtempera-</strong></span> 
     </span>
    </p>
   </div>
   <div class='ocr_carea' id='block_1_71' title="bbox 559 3909 2130 3983">
    <p class='ocr_par' dir='ltr' id='par_1_71' title="bbox 559 3909 2130 3983">
     <span class='ocr_line' id='line_1_71' title="bbox 559 3909 2130 3983; baseline 0.003 -20"><span class='ocrx_word' id='word_1_514' title='bbox 559 3909 721 3972; x_wconf 82' lang='lat' dir='ltr'><strong>verit,</strong></span> <span class='ocrx_word' id='word_1_515' title='bbox 754 3917 1038 3979; x_wconf 88' lang='lat' dir='ltr'><strong>peccatum</strong></span> <span class='ocrx_word' id='word_1_516' title='bbox 1068 3909 1311 3966; x_wconf 81' lang='lat' dir='ltr'><strong>futurum</strong></span> <span class='ocrx_word' id='word_1_517' title='bbox 1334 3922 1419 3967; x_wconf 90' lang='lat' dir='ltr'><strong>est</strong></span> <span class='ocrx_word' id='word_1_518' title='bbox 1448 3912 1649 3983; x_wconf 86' lang='lat' dir='ltr'><strong>majus,</strong></span> <span class='ocrx_word' id='word_1_519' title='bbox 1675 3928 1837 3982; x_wconf 91' lang='lat' dir='ltr'><strong>quam</strong></span> <span class='ocrx_word' id='word_1_520' title='bbox 1870 3922 2018 3968; x_wconf 89' lang='lat' dir='ltr'><strong>recte</strong></span> <span class='ocrx_word' id='word_1_521' title='bbox 2051 3913 2130 3967; x_wconf 78' lang='lat' dir='ltr'><strong>fa-</strong></span> 
     </span>
    </p>
   </div>
   <div class='ocr_carea' id='block_1_72' title="bbox 560 4001 2132 4074">
    <p class='ocr_par' dir='ltr' id='par_1_72' title="bbox 560 4001 2132 4074">
     <span class='ocr_line' id='line_1_72' title="bbox 560 4001 2132 4074; baseline 0.004 -22"><span class='ocrx_word' id='word_1_522' title='bbox 560 4006 733 4053; x_wconf 89' lang='lat' dir='ltr'><strong>ctum.</strong></span> <span class='ocrx_word' id='word_1_523' title='bbox 770 4001 875 4066; x_wconf 80' lang='lat' dir='ltr'><strong>Qui</strong></span> <span class='ocrx_word' id='word_1_524' title='bbox 914 4003 1052 4055; x_wconf 87' lang='lat' dir='ltr'><strong>enim</strong></span> <span class='ocrx_word' id='word_1_525' title='bbox 1082 4005 1281 4058; x_wconf 76' lang='lat' dir='ltr'><strong>resistit</strong></span> <span class='ocrx_word' id='word_1_526' title='bbox 1308 4002 1469 4074; x_wconf 78' lang='lat'><strong>325</strong></span> <span class='ocrx_word' id='word_1_527' title='bbox 1490 4005 1761 4070; x_wconf 79' lang='lat' dir='ltr'><strong>potestati,</strong></span> <span class='ocrx_word' id='word_1_528' title='bbox 1792 4002 1891 4059; x_wconf 84' lang='lat' dir='ltr'><strong>Dei</strong></span> <span class='ocrx_word' id='word_1_529' title='bbox 1914 4005 2132 4059; x_wconf 70' lang='lat' dir='ltr'><strong>ordina-</strong></span> 
     </span>
    </p>
   </div>
   <div class='ocr_carea' id='block_1_73' title="bbox 563 4091 2134 4166">
    <p class='ocr_par' dir='ltr' id='par_1_73' title="bbox 563 4091 2134 4166">
     <span class='ocr_line' id='line_1_73' title="bbox 563 4091 2134 4166; baseline 0.007 -23"><span class='ocrx_word' id='word_1_530' title='bbox 563 4091 696 4144; x_wconf 84' lang='lat' dir='ltr'><strong>tioni</strong></span> <span class='ocrx_word' id='word_1_531' title='bbox 717 4092 916 4145; x_wconf 79' lang='lat' dir='ltr'><strong>resistit</strong></span> <span class='ocrx_word' id='word_1_532' title='bbox 934 4093 1090 4163; x_wconf 85' lang='lat' dir='ltr'><strong>(ibid.</strong></span> <span class='ocrx_word' id='word_1_533' title='bbox 1120 4094 1176 4155; x_wconf 73' lang='lat'><strong>2)</strong></span> <span class='ocrx_word' id='word_1_534' title='bbox 1204 4112 1217 4160; x_wconf 93' lang='lat'><strong>;</strong></span> <span class='ocrx_word' id='word_1_535' title='bbox 1252 4102 1417 4164; x_wconf 82' lang='lat' dir='ltr'><strong>atque</strong></span> <span class='ocrx_word' id='word_1_536' title='bbox 1445 4095 1773 4152; x_wconf 63' lang='lat' dir='ltr'><strong>obedientim</strong></span> <span class='ocrx_word' id='word_1_537' title='bbox 1797 4098 1974 4166; x_wconf 90' lang='lat' dir='ltr'><strong>major</strong></span> <span class='ocrx_word' id='word_1_538' title='bbox 1996 4114 2134 4154; x_wconf 87' lang='lat' dir='ltr'><strong>mer-</strong></span> 
     </span>
    </p>
   </div>
   <div class='ocr_carea' id='block_1_74' title="bbox 563 4181 2134 4249">
    <p class='ocr_par' dir='ltr' id='par_1_74' title="bbox 563 4181 2134 4249">
     <span class='ocr_line' id='line_1_74' title="bbox 563 4181 2134 4249; baseline 0.006 -16"><span class='ocrx_word' id='word_1_539' title='bbox 563 4194 656 4234; x_wconf 88' lang='lat' dir='ltr'><strong>ces</strong></span> <span class='ocrx_word' id='word_1_540' title='bbox 693 4195 854 4249; x_wconf 89' lang='lat' dir='ltr'><strong>quam</strong></span> <span class='ocrx_word' id='word_1_541' title='bbox 889 4181 1234 4237; x_wconf 66' lang='lat' dir='ltr'><strong>abstinentiae</strong></span> <span class='ocrx_word' id='word_1_542' title='bbox 1263 4184 1451 4239; x_wconf 83' lang='lat' dir='ltr'><strong>virtuti</strong></span> <span class='ocrx_word' id='word_1_543' title='bbox 1489 4186 1769 4241; x_wconf 89' lang='lat' dir='ltr'><strong>tribuitur.</strong></span> <span class='ocrx_word' id='word_1_544' title='bbox 1800 4186 2000 4243; x_wconf 86' lang='lat' dir='ltr'><strong>Eodem</strong></span> <span class='ocrx_word' id='word_1_545' title='bbox 2035 4203 2134 4243; x_wconf 83' lang='lat' dir='ltr'><strong>an-</strong></span> 
     </span>
    </p>
   </div>
   <div class='ocr_carea' id='block_1_75' title="bbox 566 4272 2136 4346">
    <p class='ocr_par' dir='ltr' id='par_1_75' title="bbox 566 4272 2136 4346">
     <span class='ocr_line' id='line_1_75' title="bbox 566 4272 2136 4346; baseline 0.006 -25"><span class='ocrx_word' id='word_1_546' title='bbox 566 4276 676 4324; x_wconf 92' lang='lat' dir='ltr'><strong>tem</strong></span> <span class='ocrx_word' id='word_1_547' title='bbox 713 4272 874 4327; x_wconf 86' lang='lat' dir='ltr'><strong>modo</strong></span> <span class='ocrx_word' id='word_1_548' title='bbox 916 4287 1263 4328; x_wconf 88' lang='lat' dir='ltr'><strong>communem</strong></span> <span class='ocrx_word' id='word_1_549' title='bbox 1306 4282 1361 4330; x_wconf 90' lang='lat' dir='ltr'><strong>et</strong></span> <span class='ocrx_word' id='word_1_550' title='bbox 1407 4276 1668 4346; x_wconf 58' lang='lat' dir='ltr'><strong>aequalem</strong></span> <span class='ocrx_word' id='word_1_551' title='bbox 1703 4277 1957 4332; x_wconf 89' lang='lat' dir='ltr'><strong>omnibus</strong></span> <span class='ocrx_word' id='word_1_552' title='bbox 1993 4277 2136 4332; x_wconf 89' lang='lat' dir='ltr'><strong>inter</strong></span> 
     </span>
    </p>
   </div>
   <div class='ocr_carea' id='block_1_76' title="bbox 571 4364 2135 4439">
    <p class='ocr_par' dir='ltr' id='par_1_76' title="bbox 571 4364 2135 4439">
     <span class='ocr_line' id='line_1_76' title="bbox 571 4364 2135 4439; baseline 0.004 -21"><span class='ocrx_word' id='word_1_553' title='bbox 571 4379 632 4419; x_wconf 89' lang='lat' dir='ltr'><strong>se</strong></span> <span class='ocrx_word' id='word_1_554' title='bbox 661 4364 983 4419; x_wconf 87' lang='lat' dir='ltr'><strong>ebaritatem</strong></span> <span class='ocrx_word' id='word_1_555' title='bbox 1011 4381 1133 4421; x_wconf 89' lang='lat' dir='ltr'><strong>esse</strong></span> <span class='ocrx_word' id='word_1_556' title='bbox 1162 4368 1441 4432; x_wconf 86' lang='lat' dir='ltr'><strong>convenit,</strong></span> <span class='ocrx_word' id='word_1_557' title='bbox 1473 4385 1582 4439; x_wconf 89' lang='lat' dir='ltr'><strong>quo</strong></span> <span class='ocrx_word' id='word_1_558' title='bbox 1616 4369 1782 4424; x_wconf 91' lang='lat' dir='ltr'><strong>homo</strong></span> <span class='ocrx_word' id='word_1_559' title='bbox 1814 4371 2135 4425; x_wconf 87' lang='lat' dir='ltr'><strong>naturaliter</strong></span> 
     </span>
    </p>
   </div>
   <div class='ocr_carea' id='block_1_77' title="bbox 572 4455 2133 4530">
    <p class='ocr_par' dir='ltr' id='par_1_77' title="bbox 572 4455 2133 4530">
     <span class='ocr_line' id='line_1_77' title="bbox 572 4455 2133 4530; baseline 0.001 -17"><span class='ocrx_word' id='word_1_560' title='bbox 572 4471 700 4527; x_wconf 86' lang='lat' dir='ltr'><strong>erga</strong></span> <span class='ocrx_word' id='word_1_561' title='bbox 734 4455 947 4519; x_wconf 68' lang='lat' dir='ltr'><strong>singula</strong></span> <span class='ocrx_word' id='word_1_562' title='bbox 980 4470 1077 4511; x_wconf 90' lang='lat' dir='ltr'><strong>sua</strong></span> <span class='ocrx_word' id='word_1_563' title='bbox 1116 4457 1353 4512; x_wconf 90' lang='lat' dir='ltr'><strong>membra</strong></span> <span class='ocrx_word' id='word_1_564' title='bbox 1411 4457 1638 4516; x_wconf 71' lang='lat' dir='ltr'><strong>affectus</strong></span> <span class='ocrx_word' id='word_1_565' title='bbox 1669 4466 1774 4523; x_wconf 91' lang='lat' dir='ltr'><strong>est,</strong></span> <span class='ocrx_word' id='word_1_566' title='bbox 1819 4460 1913 4530; x_wconf 92' lang='lat' dir='ltr'><strong>qui</strong></span> <span class='ocrx_word' id='word_1_567' title='bbox 1961 4469 2133 4516; x_wconf 90' lang='lat' dir='ltr'><strong>totum</strong></span> 
     </span>
    </p>
   </div>
   <div class='ocr_carea' id='block_1_78' title="bbox 566 4531 2210 4623">
    <p class='ocr_par' dir='ltr' id='par_1_78' title="bbox 566 4531 2210 4623">
     <span class='ocr_line' id='line_1_78' title="bbox 566 4531 2210 4623; baseline 0.003 -17"><span class='ocrx_word' id='word_1_568' title='bbox 566 4565 726 4606; x_wconf 87' lang='lat' dir='ltr'><strong>suum</strong></span> <span class='ocrx_word' id='word_1_569' title='bbox 755 4563 957 4619; x_wconf 89' lang='lat' dir='ltr'><strong>corpus</strong></span> <span class='ocrx_word' id='word_1_570' title='bbox 987 4551 1194 4620; x_wconf 85' lang='lat' dir='ltr'><strong>pariter</strong></span> <span class='ocrx_word' id='word_1_571' title='bbox 1232 4567 1426 4606; x_wconf 89' lang='lat' dir='ltr'><strong>sanum</strong></span> <span class='ocrx_word' id='word_1_572' title='bbox 1452 4553 1588 4617; x_wconf 91' lang='lat' dir='ltr'><strong>vult,</strong></span> <span class='ocrx_word' id='word_1_573' title='bbox 1615 4553 1836 4623; x_wconf 89' lang='lat' dir='ltr'><strong>quando</strong></span> <span class='ocrx_word' id='word_1_574' title='bbox 1864 4563 1919 4610; x_wconf 92' lang='lat' dir='ltr'><strong>et</strong></span> <span class='ocrx_word' id='word_1_575' title='bbox 1942 4556 2135 4610; x_wconf 90' lang='lat' dir='ltr'><strong>unius—</strong></span> <span class='ocrx_word' id='word_1_576' title='bbox 2167 4531 2210 4586; x_wconf 70' lang='grc' dir='ltr'><strong>θ</strong></span> 
     </span>
    </p>
   </div>
   <div class='ocr_carea' id='block_1_79' title="bbox 563 4643 2133 4716">
    <p class='ocr_par' dir='ltr' id='par_1_79' title="bbox 563 4643 2133 4716">
     <span class='ocr_line' id='line_1_79' title="bbox 563 4643 2133 4716; baseline 0.004 -19"><span class='ocrx_word' id='word_1_577' title='bbox 563 4643 833 4713; x_wconf 89' lang='lat' dir='ltr'><strong>cujusque</strong></span> <span class='ocrx_word' id='word_1_578' title='bbox 877 4643 1105 4698; x_wconf 89' lang='lat' dir='ltr'><strong>membri</strong></span> <span class='ocrx_word' id='word_1_579' title='bbox 1149 4643 1308 4698; x_wconf 88' lang='lat' dir='ltr'><strong>dolor</strong></span> <span class='ocrx_word' id='word_1_580' title='bbox 1364 4646 1627 4715; x_wconf 73' lang='lat' dir='ltr'><strong>requalem</strong></span> <span class='ocrx_word' id='word_1_581' title='bbox 1695 4646 1913 4716; x_wconf 83' lang='lat' dir='ltr'><strong>corpori</strong></span> <span class='ocrx_word' id='word_1_582' title='bbox 1962 4648 2133 4703; x_wconf 88' lang='lat' dir='ltr'><strong>mole-</strong></span> 
     </span>
    </p>
   </div>
   <div class='ocr_carea' id='block_1_80' title="bbox 565 4732 2133 4805">
    <p class='ocr_par' dir='ltr' id='par_1_80' title="bbox 565 4732 2133 4805">
     <span class='ocr_line' id='line_1_80' title="bbox 565 4732 2133 4805; baseline 0.002 -17"><span class='ocrx_word' id='word_1_583' title='bbox 565 4734 726 4789; x_wconf 90' lang='lat' dir='ltr'><strong>stiam</strong></span> <span class='ocrx_word' id='word_1_584' title='bbox 753 4733 993 4788; x_wconf 76' lang='lat' dir='ltr'><strong>exhibet.</strong></span> <span class='ocrx_word' id='word_1_585' title='bbox 1027 4732 1099 4786; x_wconf 86' lang='lat' dir='ltr'><strong>At</strong></span> <span class='ocrx_word' id='word_1_586' title='bbox 1129 4734 1588 4804; x_wconf 89' lang='lat' dir='ltr'><strong>quemadmodum</strong></span> <span class='ocrx_word' id='word_1_587' title='bbox 1634 4735 1690 4788; x_wconf 92' lang='lat' dir='ltr'><strong>in</strong></span> <span class='ocrx_word' id='word_1_588' title='bbox 1723 4735 2133 4805; x_wconf 87' lang='lat' dir='ltr'><strong>nobismetipsis</strong></span> 
     </span>
    </p>
   </div>
   <div class='ocr_carea' id='block_1_81' title="bbox 563 4825 2135 4899">
    <p class='ocr_par' dir='ltr' id='par_1_81' title="bbox 563 4825 2135 4899">
     <span class='ocr_line' id='line_1_81' title="bbox 563 4825 2135 4899; baseline 0.002 -20"><span class='ocrx_word' id='word_1_589' title='bbox 563 4826 721 4880; x_wconf 87' lang='lat' dir='ltr'><strong>dolor</strong></span> <span class='ocrx_word' id='word_1_590' title='bbox 764 4825 1197 4899; x_wconf 87' lang='lat' dir='ltr'><strong>uniuscujusque</strong></span> <span class='ocrx_word' id='word_1_591' title='bbox 1246 4827 1562 4898; x_wconf 69' lang='lat' dir='ltr'><strong>aegrotantis</strong></span> <span class='ocrx_word' id='word_1_592' title='bbox 1604 4828 1832 4882; x_wconf 85' lang='lat' dir='ltr'><strong>membri</strong></span> <span class='ocrx_word' id='word_1_593' title='bbox 1881 4828 2135 4883; x_wconf 90' lang='lat' dir='ltr'><strong>similiter</strong></span> 
     </span>
    </p>
   </div>
   <div class='ocr_carea' id='block_1_82' title="bbox 567 4921 2133 4992">
    <p class='ocr_par' dir='ltr' id='par_1_82' title="bbox 567 4921 2133 4992">
     <span class='ocr_line' id='line_1_82' title="bbox 567 4921 2133 4992; baseline 0.002 -20"><span class='ocrx_word' id='word_1_594' title='bbox 567 4927 740 4973; x_wconf 87' lang='lat' dir='ltr'><strong>totum</strong></span> <span class='ocrx_word' id='word_1_595' title='bbox 770 4934 972 4990; x_wconf 84' lang='lat' dir='ltr'><strong>corpus</strong></span> <span class='ocrx_word' id='word_1_596' title='bbox 1010 4921 1253 4992; x_wconf 88' lang='lat' dir='ltr'><strong>attingit,</strong></span> <span class='ocrx_word' id='word_1_597' title='bbox 1288 4929 1343 4976; x_wconf 92' lang='lat' dir='ltr'><strong>et</strong></span> <span class='ocrx_word' id='word_1_598' title='bbox 1377 4930 1559 4976; x_wconf 84' lang='lat' dir='ltr'><strong>tamen</strong></span> <span class='ocrx_word' id='word_1_599' title='bbox 1586 4930 1716 4977; x_wconf 86' lang='lat' dir='ltr'><strong>sunt</strong></span> <span class='ocrx_word' id='word_1_600' title='bbox 1755 4922 1998 4977; x_wconf 87' lang='lat' dir='ltr'><strong>membra</strong></span> <span class='ocrx_word' id='word_1_601' title='bbox 2027 4922 2133 4975; x_wconf 91' lang='lat' dir='ltr'><strong>alia</strong></span> 
     </span>
    </p>
   </div>
   <div class='ocr_carea' id='block_1_83' title="bbox 565 5010 2135 5083">
    <p class='ocr_par' dir='ltr' id='par_1_83' title="bbox 565 5010 2135 5083">
     <span class='ocr_line' id='line_1_83' title="bbox 565 5010 2135 5083; baseline 0.001 -20"><span class='ocrx_word' id='word_1_602' title='bbox 565 5011 687 5065; x_wconf 90' lang='lat' dir='ltr'><strong>aliis</strong></span> <span class='ocrx_word' id='word_1_603' title='bbox 721 5012 1100 5082; x_wconf 69' lang='lat' dir='ltr'><strong>przestantiora</strong></span> <span class='ocrx_word' id='word_1_604' title='bbox 1134 5011 1267 5083; x_wconf 89' lang='lat' dir='ltr'><strong>(non</strong></span> <span class='ocrx_word' id='word_1_605' title='bbox 1316 5012 1460 5067; x_wconf 91' lang='lat' dir='ltr'><strong>enim</strong></span> <span class='ocrx_word' id='word_1_606' title='bbox 1492 5013 1700 5081; x_wconf 89' lang='lat' dir='ltr'><strong>pariter</strong></span> <span class='ocrx_word' id='word_1_607' title='bbox 1734 5010 1803 5066; x_wconf 92' lang='lat' dir='ltr'><strong>de</strong></span> <span class='ocrx_word' id='word_1_608' title='bbox 1847 5011 2009 5065; x_wconf 92' lang='lat' dir='ltr'><strong>oculo</strong></span> <span class='ocrx_word' id='word_1_609' title='bbox 2053 5020 2135 5065; x_wconf 86' lang='lat' dir='ltr'><strong>at-</strong></span> 
     </span>
    </p>
   </div>
   <div class='ocr_carea' id='block_1_84' title="bbox 562 5104 2136 5176">
    <p class='ocr_par' dir='ltr' id='par_1_84' title="bbox 562 5104 2136 5176">
     <span class='ocr_line' id='line_1_84' title="bbox 562 5104 2136 5176; baseline 0 -18"><span class='ocrx_word' id='word_1_610' title='bbox 562 5120 672 5171; x_wconf 88' lang='lat' dir='ltr'><strong>que</strong></span> <span class='ocrx_word' id='word_1_611' title='bbox 702 5105 769 5159; x_wconf 89' lang='lat' dir='ltr'><strong>de</strong></span> <span class='ocrx_word' id='word_1_612' title='bbox 797 5104 949 5175; x_wconf 88' lang='lat' dir='ltr'><strong>pedis</strong></span> <span class='ocrx_word' id='word_1_613' title='bbox 974 5104 1147 5176; x_wconf 86' lang='lat' dir='ltr'><strong>digito</strong></span> <span class='ocrx_word' id='word_1_614' title='bbox 1187 5105 1475 5173; x_wconf 84' lang='lat' dir='ltr'><strong>allicimur,</strong></span> <span class='ocrx_word' id='word_1_615' title='bbox 1507 5104 1724 5160; x_wconf 90' lang='lat' dir='ltr'><strong>etiamsi</strong></span> <span class='ocrx_word' id='word_1_616' title='bbox 1763 5104 1922 5159; x_wconf 89' lang='lat' dir='ltr'><strong>dolor</strong></span> <span class='ocrx_word' id='word_1_617' title='bbox 1950 5118 2136 5174; x_wconf 84' lang='lat' dir='ltr'><strong>aequa-</strong></span> 
     </span>
    </p>
   </div>
   <div class='ocr_carea' id='block_1_85' title="bbox 563 5195 2136 5267">
    <p class='ocr_par' dir='ltr' id='par_1_85' title="bbox 563 5195 2136 5267">
     <span class='ocr_line' id='line_1_85' title="bbox 563 5195 2136 5267; baseline -0.001 -17"><span class='ocrx_word' id='word_1_618' title='bbox 563 5195 634 5250; x_wconf 88' lang='lat' dir='ltr'><strong>lis</strong></span> <span class='ocrx_word' id='word_1_619' title='bbox 666 5196 757 5267; x_wconf 92' lang='lat' dir='ltr'><strong>sit)</strong></span> <span class='ocrx_word' id='word_1_620' title='bbox 785 5215 798 5251; x_wconf 90' lang='lat'><strong>:</strong></span> <span class='ocrx_word' id='word_1_621' title='bbox 825 5197 902 5250; x_wconf 90' lang='lat' dir='ltr'><strong>ita</strong></span> <span class='ocrx_word' id='word_1_622' title='bbox 946 5211 1393 5267; x_wconf 89' lang='lat' dir='ltr'><strong>unumquemque</strong></span> <span class='ocrx_word' id='word_1_623' title='bbox 1433 5197 1490 5250; x_wconf 89' lang='lat' dir='ltr'><strong>in</strong></span> <span class='ocrx_word' id='word_1_624' title='bbox 1536 5211 1728 5250; x_wconf 87' lang='lat' dir='ltr'><strong>omnes</strong></span> <span class='ocrx_word' id='word_1_625' title='bbox 1769 5195 1864 5264; x_wconf 89' lang='lat' dir='ltr'><strong>qui</strong></span> <span class='ocrx_word' id='word_1_626' title='bbox 1912 5195 1967 5249; x_wconf 91' lang='lat' dir='ltr'><strong>in</strong></span> <span class='ocrx_word' id='word_1_627' title='bbox 2002 5210 2136 5249; x_wconf 87' lang='lat' dir='ltr'><strong>con-</strong></span> 
     </span>
    </p>
   </div>
   <div class='ocr_carea' id='block_1_86' title="bbox 561 5288 2135 5353">
    <p class='ocr_par' dir='ltr' id='par_1_86' title="bbox 561 5288 2135 5353">
     <span class='ocr_line' id='line_1_86' title="bbox 561 5288 2135 5353; baseline -0.001 -11"><span class='ocrx_word' id='word_1_628' title='bbox 561 5296 727 5344; x_wconf 83' lang='lat' dir='ltr'><strong>ventu</strong></span> <span class='ocrx_word' id='word_1_629' title='bbox 780 5290 1037 5353; x_wconf 78' lang='lat' dir='ltr'><strong>vixerint,</strong></span> <span class='ocrx_word' id='word_1_630' title='bbox 1093 5289 1632 5345; x_wconf 87' lang='lat' dir='ltr'><strong>commiserationem</strong></span> <span class='ocrx_word' id='word_1_631' title='bbox 1693 5288 1910 5344; x_wconf 75' lang='lat' dir='ltr'><strong>quidem</strong></span> <span class='ocrx_word' id='word_1_632' title='bbox 1971 5297 2135 5343; x_wconf 80' lang='lat' dir='ltr'><strong>atoue</strong></span> 
     </span>
    </p>
   </div>
   <div class='ocr_carea' id='block_1_87' title="bbox 635 5449 1516 5522">
    <p class='ocr_par' dir='ltr' id='par_1_87' title="bbox 635 5449 1516 5522">
     <span class='ocr_line' id='line_1_87' title="bbox 635 5449 1516 5522; baseline 0 -17"><span class='ocrx_word' id='word_1_633' title='bbox 635 5451 747 5518; x_wconf 71' lang='grc'>(74)</span> <span class='ocrx_word' id='word_1_634' title='bbox 776 5449 907 5522; x_wconf 67' lang='lat' dir='ltr'><strong>Reg.</strong></span> <span class='ocrx_word' id='word_1_635' title='bbox 941 5451 1150 5522; x_wconf 89' lang='lat' dir='ltr'><strong>primus</strong></span> <span class='ocrx_word' id='word_1_636' title='bbox 1178 5450 1239 5505; x_wconf 81' lang='grc' dir='ltr'>τὸ</span> <span class='ocrx_word' id='word_1_637' title='bbox 1269 5451 1516 5522; x_wconf 86' lang='grc' dir='ltr'>στρῶμα.</span> 
     </span>
    </p>
   </div>
   <div class='ocr_carea' id='block_1_88' title="bbox 635 5520 2139 5592">
    <p class='ocr_par' dir='ltr' id='par_1_88' title="bbox 635 5520 2139 5592">
     <span class='ocr_line' id='line_1_88' title="bbox 635 5520 2139 5592; baseline -0.001 -18"><span class='ocrx_word' id='word_1_638' title='bbox 635 5520 936 5592; x_wconf 61' lang='grc' dir='ltr'><strong>(75)]ι1ειιι</strong></span> <span class='ocrx_word' id='word_1_639' title='bbox 967 5521 1134 5592; x_wconf 76' lang='lat' dir='ltr'><strong>codex</strong></span> <span class='ocrx_word' id='word_1_640' title='bbox 1170 5522 1233 5574; x_wconf 81' lang='grc' dir='ltr'>ἐκ</span> <span class='ocrx_word' id='word_1_641' title='bbox 1272 5520 1509 5576; x_wconf 75' lang='grc' dir='ltr'>πάντων.</span> <span class='ocrx_word' id='word_1_642' title='bbox 1545 5521 1654 5578; x_wconf 87' lang='lat' dir='ltr'><strong>Nec</strong></span> <span class='ocrx_word' id='word_1_643' title='bbox 1696 5521 1771 5576; x_wconf 90' lang='lat' dir='ltr'><strong>ita</strong></span> <span class='ocrx_word' id='word_1_644' title='bbox 1814 5521 1988 5575; x_wconf 86' lang='lat' dir='ltr'><strong>multo</strong></span> <span class='ocrx_word' id='word_1_645' title='bbox 2000 5526 2139 5592; x_wconf 77' lang='lat' dir='ltr'><strong>post</strong></span> 
     </span>
    </p>
   </div>
   <div class='ocr_carea' id='block_1_89' title="bbox 563 5590 2132 5663">
    <p class='ocr_par' dir='ltr' id='par_1_89' title="bbox 563 5590 2132 5663">
     <span class='ocr_line' id='line_1_89' title="bbox 563 5590 2132 5663; baseline -0.002 -17"><span class='ocrx_word' id='word_1_646' title='bbox 563 5590 733 5646; x_wconf 77' lang='lat' dir='ltr'><strong>codex</strong></span> <span class='ocrx_word' id='word_1_647' title='bbox 757 5591 916 5646; x_wconf 83' lang='lat' dir='ltr'><strong>Voss.</strong></span> <span class='ocrx_word' id='word_1_648' title='bbox 945 5598 1000 5645; x_wconf 86' lang='lat' dir='ltr'><strong>et</strong></span> <span class='ocrx_word' id='word_1_649' title='bbox 1023 5590 1155 5660; x_wconf 83' lang='lat' dir='ltr'><strong>Reg.</strong></span> <span class='ocrx_word' id='word_1_650' title='bbox 1180 5593 1392 5663; x_wconf 82' lang='lat' dir='ltr'><strong>primus</strong></span> <span class='ocrx_word' id='word_1_651' title='bbox 1417 5594 1497 5656; x_wconf 83' lang='grc' dir='ltr'><strong>είς</strong></span> <span class='ocrx_word' id='word_1_652' title='bbox 1511 5593 1572 5663; x_wconf 80' lang='grc' dir='ltr'>τὸ</span> <span class='ocrx_word' id='word_1_653' title='bbox 1598 5592 1974 5663; x_wconf 81' lang='grc' dir='ltr'>καθηγεῖσθαι.</span> <span class='ocrx_word' id='word_1_654' title='bbox 1999 5590 2132 5659; x_wconf 72' lang='lat' dir='ltr'><strong>Reg.</strong></span> 
     </span>
    </p>
   </div>
   <div class='ocr_carea' id='block_1_90' title="bbox 565 5661 2136 5732">
    <p class='ocr_par' dir='ltr' id='par_1_90' title="bbox 565 5661 2136 5732">
     <span class='ocr_line' id='line_1_90' title="bbox 565 5661 2136 5732; baseline -0.001 -17"><span class='ocrx_word' id='word_1_655' title='bbox 565 5664 840 5716; x_wconf 77' lang='lat' dir='ltr'><strong>secundus</strong></span> <span class='ocrx_word' id='word_1_656' title='bbox 874 5661 1283 5732; x_wconf 76' lang='grc' dir='ltr'>προστήσασθαι</span> <span class='ocrx_word' id='word_1_657' title='bbox 1327 5663 1435 5714; x_wconf 88' lang='grc' dir='ltr'><strong>τῶν</strong></span> <span class='ocrx_word' id='word_1_658' title='bbox 1458 5662 1632 5716; x_wconf 82' lang='grc' dir='ltr'>ἄλλων</span> <span class='ocrx_word' id='word_1_659' title='bbox 1658 5677 1673 5692; x_wconf 90' lang='grc'><strong>·</strong></span> <span class='ocrx_word' id='word_1_660' title='bbox 1711 5661 1832 5730; x_wconf 66' lang='lat' dir='ltr'><strong>quae</strong></span> <span class='ocrx_word' id='word_1_661' title='bbox 1865 5663 2136 5732; x_wconf 88' lang='lat' dir='ltr'><strong>scriptura</strong></span> 
     </span>
    </p>
   </div>
   <div class='ocr_carea' id='block_1_91' title="bbox 565 5730 1970 5802">
    <p class='ocr_par' dir='ltr' id='par_1_91' title="bbox 565 5730 1970 5802">
     <span class='ocr_line' id='line_1_91' title="bbox 565 5730 1970 5802; baseline -0.002 -16"><span class='ocrx_word' id='word_1_662' title='bbox 565 5748 633 5786; x_wconf 82' lang='lat' dir='ltr'><strong>eo</strong></span> <span class='ocrx_word' id='word_1_663' title='bbox 662 5733 852 5802; x_wconf 78' lang='lat' dir='ltr'><strong>melior</strong></span> <span class='ocrx_word' id='word_1_664' title='bbox 883 5730 1113 5802; x_wconf 73' lang='lat' dir='ltr'><strong>l‘Ortasse</strong></span> <span class='ocrx_word' id='word_1_665' title='bbox 1146 5730 1440 5802; x_wconf 72' lang='lat' dir='ltr'><strong>videbitur,</strong></span> <span class='ocrx_word' id='word_1_666' title='bbox 1482 5748 1592 5802; x_wconf 88' lang='lat' dir='ltr'><strong>quo</strong></span> <span class='ocrx_word' id='word_1_667' title='bbox 1623 5734 1838 5802; x_wconf 82' lang='lat' dir='ltr'><strong>brevior</strong></span> <span class='ocrx_word' id='word_1_668' title='bbox 1867 5740 1970 5784; x_wconf 84' lang='lat' dir='ltr'><strong>est.</strong></span> 
     </span>
    </p>
   </div>
   <div class='ocr_carea' id='block_1_92' title="bbox 635 5799 2137 5874">
    <p class='ocr_par' dir='ltr' id='par_1_92' title="bbox 635 5799 2137 5874">
     <span class='ocr_line' id='line_1_92' title="bbox 635 5799 2137 5874; baseline 0.001 -19"><span class='ocrx_word' id='word_1_669' title='bbox 635 5799 749 5874; x_wconf 75' lang='grc'>(76)</span> <span class='ocrx_word' id='word_1_670' title='bbox 782 5802 910 5870; x_wconf 74' lang='lat' dir='ltr'><strong>lleg.</strong></span> <span class='ocrx_word' id='word_1_671' title='bbox 955 5801 1165 5870; x_wconf 87' lang='lat' dir='ltr'><strong>primus</strong></span> <span class='ocrx_word' id='word_1_672' title='bbox 1198 5800 1274 5870; x_wconf 83' lang='grc' dir='ltr'><strong>τῷ</strong></span> <span class='ocrx_word' id='word_1_673' title='bbox 1326 5802 1407 5855; x_wconf 71' lang='grc' dir='ltr'>ἑνὶ</span> <span class='ocrx_word' id='word_1_674' title='bbox 1454 5799 1787 5873; x_wconf 76' lang='grc' dir='ltr'>ὁμοιοῦσθαι.</span> <span class='ocrx_word' id='word_1_675' title='bbox 1848 5802 2137 5873; x_wconf 82' lang='lat' dir='ltr'><strong>Aliquanto</strong></span> 
     </span>
    </p>
   </div>
   <div class='ocr_carea' id='block_1_93' title="bbox 2224 3264 3745 3341">
    <p class='ocr_par' dir='ltr' id='par_1_93' title="bbox 2224 3264 3745 3341">
     <span class='ocr_line' id='line_1_93' title="bbox 2224 3264 3745 3341; baseline -0.004 -20"><span class='ocrx_word' id='word_1_676' title='bbox 2224 3268 2525 3339; x_wconf 79' lang='grc' dir='ltr'>ηγοὺμενον</span> <span class='ocrx_word' id='word_1_677' title='bbox 2562 3270 2619 3322; x_wconf 80' lang='grc' dir='ltr'>ὲν</span> <span class='ocrx_word' id='word_1_678' title='bbox 2651 3270 2824 3340; x_wconf 82' lang='grc' dir='ltr'>τούτῳ</span> <span class='ocrx_word' id='word_1_679' title='bbox 2856 3270 3152 3333; x_wconf 86' lang='grc' dir='ltr'>δείκνυται,</span> <span class='ocrx_word' id='word_1_680' title='bbox 3188 3272 3247 3322; x_wconf 85' lang='grc' dir='ltr'>ὲν</span> <span class='ocrx_word' id='word_1_681' title='bbox 3284 3270 3369 3340; x_wconf 79' lang='grc' dir='ltr'>τῷ</span> <span class='ocrx_word' id='word_1_682' title='bbox 3404 3270 3476 3341; x_wconf 82' lang='grc' dir='ltr'>μὴ</span> <span class='ocrx_word' id='word_1_683' title='bbox 3503 3269 3641 3339; x_wconf 85' lang='grc' dir='ltr'>μόνον</span> <span class='ocrx_word' id='word_1_684' title='bbox 3662 3264 3745 3317; x_wconf 78' lang='grc' dir='ltr'><strong>τῶν</strong></span> 
     </span>
    </p>
   </div>
   <div class='ocr_carea' id='block_1_94' title="bbox 2225 3361 3744 3433">
    <p class='ocr_par' dir='ltr' id='par_1_94' title="bbox 2225 3361 3744 3433">
     <span class='ocr_line' id='line_1_94' title="bbox 2225 3361 3744 3433; baseline -0.002 -20"><span class='ocrx_word' id='word_1_685' title='bbox 2225 3361 2440 3414; x_wconf 81' lang='grc' dir='ltr'>ἀτόπων</span> <span class='ocrx_word' id='word_1_686' title='bbox 2474 3362 2725 3433; x_wconf 58' lang='grc' dir='ltr'>κατὰ-τὴν</span> <span class='ocrx_word' id='word_1_687' title='bbox 2763 3362 3067 3433; x_wconf 75' lang='grc' dir='ltr'>συμϐουλὴν</span> <span class='ocrx_word' id='word_1_688' title='bbox 3100 3362 3192 3415; x_wconf 76' lang='grc' dir='ltr'>τοῦ</span> <span class='ocrx_word' id='word_1_689' title='bbox 3214 3362 3549 3433; x_wconf 82' lang='grc' dir='ltr'>προεστῶτος</span> <span class='ocrx_word' id='word_1_690' title='bbox 3583 3361 3744 3428; x_wconf 82' lang='grc' dir='ltr'>ἀπέχε-</span> 
     </span>
    </p>
   </div>
   <div class='ocr_carea' id='block_1_95' title="bbox 2230 3447 3745 3524">
    <p class='ocr_par' dir='ltr' id='par_1_95' title="bbox 2230 3447 3745 3524">
     <span class='ocr_line' id='line_1_95' title="bbox 2230 3447 3745 3524; baseline -0.002 -19"><span class='ocrx_word' id='word_1_691' title='bbox 2230 3453 2374 3514; x_wconf 85' lang='grc' dir='ltr'>σθαι,</span> <span class='ocrx_word' id='word_1_692' title='bbox 2399 3453 2536 3507; x_wconf 77' lang='grc' dir='ltr'>ἀλλὰ</span> <span class='ocrx_word' id='word_1_693' title='bbox 2586 3453 2721 3524; x_wconf 80' lang='grc' dir='ltr'>μηδὲ</span> <span class='ocrx_word' id='word_1_694' title='bbox 2774 3453 2913 3506; x_wconf 76' lang='grc' dir='ltr'>αὑτὰ</span> <span class='ocrx_word' id='word_1_695' title='bbox 2953 3453 3020 3505; x_wconf 85' lang='grc' dir='ltr'>τὰ</span> <span class='ocrx_word' id='word_1_696' title='bbox 3054 3451 3317 3505; x_wconf 73' lang='grc' dir='ltr'>ἐπαινετὰ</span> <span class='ocrx_word' id='word_1_697' title='bbox 3343 3454 3508 3523; x_wconf 73' lang='grc' dir='ltr'>χωρὶς</span> <span class='ocrx_word' id='word_1_698' title='bbox 3534 3447 3745 3520; x_wconf 75' lang='grc' dir='ltr'>τῇςὲκεί-</span> 
     </span>
    </p>
   </div>
   <div class='ocr_carea' id='block_1_96' title="bbox 2228 3541 3746 3616">
    <p class='ocr_par' dir='ltr' id='par_1_96' title="bbox 2228 3541 3746 3616">
     <span class='ocr_line' id='line_1_96' title="bbox 2228 3541 3746 3616; baseline -0.005 -19"><span class='ocrx_word' id='word_1_699' title='bbox 2228 3562 2319 3597; x_wconf 91' lang='grc' dir='ltr'><strong>νου</strong></span> <span class='ocrx_word' id='word_1_700' title='bbox 2357 3545 2581 3615; x_wconf 81' lang='grc' dir='ltr'>γνώμης</span> <span class='ocrx_word' id='word_1_701' title='bbox 2611 3544 2721 3616; x_wconf 80' lang='grc'>(77)</span> <span class='ocrx_word' id='word_1_702' title='bbox 2744 3547 2937 3597; x_wconf 82' lang='grc' dir='ltr'>ποιεῖν.</span> <span class='ocrx_word' id='word_1_703' title='bbox 2976 3544 3038 3596; x_wconf 87' lang='grc' dir='ltr'><strong>Ἥ</strong></span> <span class='ocrx_word' id='word_1_704' title='bbox 3071 3543 3180 3615; x_wconf 80' lang='grc' dir='ltr'><strong>γὰρ</strong></span> <span class='ocrx_word' id='word_1_705' title='bbox 3203 3544 3502 3615; x_wconf 76' lang='grc' dir='ltr'>ἐγκράτεια</span> <span class='ocrx_word' id='word_1_706' title='bbox 3530 3543 3612 3595; x_wconf 74' lang='grc' dir='ltr'>καὶ</span> <span class='ocrx_word' id='word_1_707' title='bbox 3634 3541 3746 3592; x_wconf 70' lang='grc' dir='ltr'>πᾶσα</span> 
     </span>
    </p>
   </div>
   <div class='ocr_carea' id='block_1_97' title="bbox 2228 3629 3747 3707">
    <p class='ocr_par' dir='ltr' id='par_1_97' title="bbox 2228 3629 3747 3707">
     <span class='ocr_line' id='line_1_97' title="bbox 2228 3629 3747 3707; baseline -0.03 -16"><span class='ocrx_word' id='word_1_708' title='bbox 2228 3638 2261 3706; x_wconf 84' lang='grc' dir='ltr'><strong>ἡ</strong></span> <span class='ocrx_word' id='word_1_709' title='bbox 2287 3636 2570 3706; x_wconf 73' lang='grc' dir='ltr'>σωματικὴ</span> <span class='ocrx_word' id='word_1_710' title='bbox 2605 3635 2946 3690; x_wconf 80' lang='grc' dir='ltr'>κακοπάθεια</span> <span class='ocrx_word' id='word_1_711' title='bbox 2964 3635 3099 3705; x_wconf 82' lang='grc' dir='ltr'>πρὸς</span> <span class='ocrx_word' id='word_1_712' title='bbox 3132 3652 3184 3688; x_wconf 84' lang='grc' dir='ltr'>τι</span> <span class='ocrx_word' id='word_1_713' title='bbox 3205 3636 3488 3707; x_wconf 65' lang='grc' dir='ltr'>χρησίμως</span> <span class='ocrx_word' id='word_1_714' title='bbox 3505 3634 3632 3705; x_wconf 59' lang='grc' dir='ltr'>ἔχει,</span> 
     </span>
    </p>
   </div>
   <div class='ocr_carea' id='block_1_98' title="bbox 2229 3718 3748 3800">
    <p class='ocr_par' dir='ltr' id='par_1_98' title="bbox 2229 3718 3748 3800">
     <span class='ocr_line' id='line_1_98' title="bbox 2229 3718 3748 3800; baseline -0.003 -20"><span class='ocrx_word' id='word_1_715' title='bbox 2229 3728 2324 3782; x_wconf 81' lang='grc' dir='ltr'>ὲάν</span> <span class='ocrx_word' id='word_1_716' title='bbox 2350 3745 2463 3792; x_wconf 75' lang='grc' dir='ltr'>τις,</span> <span class='ocrx_word' id='word_1_717' title='bbox 2485 3731 2605 3791; x_wconf 82' lang='grc' dir='ltr'>ταῖς</span> <span class='ocrx_word' id='word_1_718' title='bbox 2642 3727 2800 3792; x_wconf 85' lang='grc' dir='ltr'>ἰδίαις</span> <span class='ocrx_word' id='word_1_719' title='bbox 2853 3729 3050 3800; x_wconf 85' lang='grc' dir='ltr'>ὁρμαῖς</span> <span class='ocrx_word' id='word_1_720' title='bbox 3093 3725 3426 3785; x_wconf 86' lang='grc' dir='ltr'>ἀκολουθῶν.</span> <span class='ocrx_word' id='word_1_721' title='bbox 3470 3726 3527 3779; x_wconf 82' lang='grc' dir='ltr'>τὸ</span> <span class='ocrx_word' id='word_1_722' title='bbox 3565 3718 3748 3794; x_wconf 67' lang='grc' dir='ltr'>ἀρεστὸν</span> 
     </span>
    </p>
   </div>
   <div class='ocr_carea' id='block_1_99' title="bbox 2229 3808 3746 3890">
    <p class='ocr_par' dir='ltr' id='par_1_99' title="bbox 2229 3808 3746 3890">
     <span class='ocr_line' id='line_1_99' title="bbox 2229 3808 3746 3890; baseline -0.005 -18"><span class='ocrx_word' id='word_1_723' title='bbox 2229 3818 2378 3889; x_wconf 87' lang='grc' dir='ltr'>αὑτῷ</span> <span class='ocrx_word' id='word_1_724' title='bbox 2407 3822 2554 3889; x_wconf 80' lang='grc' dir='ltr'>ποιῇ,</span> <span class='ocrx_word' id='word_1_725' title='bbox 2587 3820 2680 3871; x_wconf 73' lang='grc' dir='ltr'><strong>καὶ</strong></span> <span class='ocrx_word' id='word_1_726' title='bbox 2702 3818 3122 3888; x_wconf 77' lang='grc' dir='ltr'>συμϐουλεύοντι</span> <span class='ocrx_word' id='word_1_727' title='bbox 3144 3818 3221 3890; x_wconf 75' lang='grc' dir='ltr'>τῷ</span> <span class='ocrx_word' id='word_1_728' title='bbox 3246 3816 3542 3888; x_wconf 81' lang='grc' dir='ltr'>προεστῶτι</span> <span class='ocrx_word' id='word_1_729' title='bbox 3566 3814 3630 3886; x_wconf 76' lang='grc' dir='ltr'>μὴ</span> <span class='ocrx_word' id='word_1_730' title='bbox 3656 3808 3746 3864; x_wconf 79' lang='grc' dir='ltr'>πεί-</span> 
     </span>
    </p>
   </div>
   <div class='ocr_carea' id='block_1_100' title="bbox 2232 3904 3748 3984">
    <p class='ocr_par' dir='ltr' id='par_1_100' title="bbox 2232 3904 3748 3984">
     <span class='ocr_line' id='line_1_100' title="bbox 2232 3904 3748 3984; baseline -0.007 -18"><span class='ocrx_word' id='word_1_731' title='bbox 2232 3913 2415 3983; x_wconf 87' lang='grc' dir='ltr'>θηται,</span> <span class='ocrx_word' id='word_1_732' title='bbox 2452 3911 2634 3984; x_wconf 76' lang='grc' dir='ltr'>μεῖζον</span> <span class='ocrx_word' id='word_1_733' title='bbox 2684 3909 2779 3963; x_wconf 78' lang='grc' dir='ltr'><strong>τοῦ</strong></span> <span class='ocrx_word' id='word_1_734' title='bbox 2840 3910 3262 3983; x_wconf 84' lang='grc' dir='ltr'>κατορθώματος</span> <span class='ocrx_word' id='word_1_735' title='bbox 3322 3914 3473 3965; x_wconf 75' lang='grc' dir='ltr'>ἔσται</span> <span class='ocrx_word' id='word_1_736' title='bbox 3516 3908 3572 3961; x_wconf 80' lang='grc' dir='ltr'><strong>τὸ</strong></span> <span class='ocrx_word' id='word_1_737' title='bbox 3607 3904 3748 3972; x_wconf 78' lang='grc' dir='ltr'>πλημ-</span> 
     </span>
    </p>
   </div>
   <div class='ocr_carea' id='block_1_101' title="bbox 2236 3997 3748 4079">
    <p class='ocr_par' dir='ltr' id='par_1_101' title="bbox 2236 3997 3748 4079">
     <span class='ocr_line' id='line_1_101' title="bbox 2236 3997 3748 4079; baseline 0 -21"><span class='ocrx_word' id='word_1_738' title='bbox 2236 4005 2584 4076; x_wconf 82' lang='grc' dir='ltr'>μελούμενον.</span> <span class='ocrx_word' id='word_1_739' title='bbox 2616 4005 2690 4079; x_wconf 86' lang='lat'><strong>_&#39;0</strong></span> <span class='ocrx_word' id='word_1_740' title='bbox 2739 4002 2849 4074; x_wconf 72' lang='grc' dir='ltr'>γὰρ</span> <span class='ocrx_word' id='word_1_741' title='bbox 2913 4004 3429 4073; x_wconf 78' lang='grc' dir='ltr'>ἀντιτασσόμενος</span> <span class='ocrx_word' id='word_1_742' title='bbox 3490 3999 3558 4068; x_wconf 76' lang='grc' dir='ltr'>τῇ</span> <span class='ocrx_word' id='word_1_743' title='bbox 3613 3997 3748 4058; x_wconf 60' lang='lat'><strong>£50”-</strong></span> 
     </span>
    </p>
   </div>
   <div class='ocr_carea' id='block_1_102' title="bbox 2234 4087 3750 4166">
    <p class='ocr_par' dir='ltr' id='par_1_102' title="bbox 2234 4087 3750 4166">
     <span class='ocr_line' id='line_1_102' title="bbox 2234 4087 3750 4166; baseline -0.004 -16"><span class='ocrx_word' id='word_1_744' title='bbox 2234 4099 2360 4166; x_wconf 81' lang='grc' dir='ltr'>σι’ᾳ,</span> <span class='ocrx_word' id='word_1_745' title='bbox 2423 4095 2498 4163; x_wconf 75' lang='grc' dir='ltr'>τῇ</span> <span class='ocrx_word' id='word_1_746' title='bbox 2538 4095 2643 4150; x_wconf 86' lang='grc' dir='ltr'>τοῦ</span> <span class='ocrx_word' id='word_1_747' title='bbox 2690 4095 2839 4149; x_wconf 86' lang='grc' dir='ltr'>Θεοῦ</span> <span class='ocrx_word' id='word_1_748' title='bbox 2883 4094 3134 4165; x_wconf 80' lang='grc' dir='ltr'>διαταγῇ</span> <span class='ocrx_word' id='word_1_749' title='bbox 3165 4096 3568 4163; x_wconf 55' lang='grc' dir='ltr'>ἀνθέστηκεν</span> <span class='ocrx_word' id='word_1_750' title='bbox 3619 4090 3694 4144; x_wconf 72' lang='grc' dir='ltr'>καὶ</span> <span class='ocrx_word' id='word_1_751' title='bbox 3727 4087 3750 4139; x_wconf 82' lang='grc'>6</span> 
     </span>
    </p>
   </div>
   <div class='ocr_carea' id='block_1_103' title="bbox 2232 4179 3751 4259">
    <p class='ocr_par' dir='ltr' id='par_1_103' title="bbox 2232 4179 3751 4259">
     <span class='ocr_line' id='line_1_103' title="bbox 2232 4179 3751 4259; baseline -0.007 -17"><span class='ocrx_word' id='word_1_752' title='bbox 2232 4188 2333 4259; x_wconf 82' lang='grc' dir='ltr'><strong>τῆς</strong></span> <span class='ocrx_word' id='word_1_753' title='bbox 2380 4189 2623 4258; x_wconf 82' lang='grc' dir='ltr'>ὑπακοῆς</span> <span class='ocrx_word' id='word_1_754' title='bbox 2679 4187 2867 4258; x_wconf 83' lang='grc' dir='ltr'>μισθὸς</span> <span class='ocrx_word' id='word_1_755' title='bbox 2911 4185 3109 4258; x_wconf 78' lang='grc' dir='ltr'>μείζων</span> <span class='ocrx_word' id='word_1_756' title='bbox 3162 4187 3257 4240; x_wconf 81' lang='grc' dir='ltr'>τοῦ</span> <span class='ocrx_word' id='word_1_757' title='bbox 3297 4187 3443 4242; x_wconf 72' lang='grc' dir='ltr'>κατὰ</span> <span class='ocrx_word' id='word_1_758' title='bbox 3472 4186 3561 4256; x_wconf 78' lang='grc' dir='ltr'>τὴν</span> <span class='ocrx_word' id='word_1_759' title='bbox 3594 4179 3751 4250; x_wconf 75' lang='grc' dir='ltr'>ἐγκρά-</span> 
     </span>
    </p>
   </div>
   <div class='ocr_carea' id='block_1_104' title="bbox 2233 4269 3750 4350">
    <p class='ocr_par' dir='ltr' id='par_1_104' title="bbox 2233 4269 3750 4350">
     <span class='ocr_line' id='line_1_104' title="bbox 2233 4269 3750 4350; baseline -0.007 -18"><span class='ocrx_word' id='word_1_760' title='bbox 2233 4280 2381 4334; x_wconf 89' lang='grc' dir='ltr'>τειάν</span> <span class='ocrx_word' id='word_1_761' title='bbox 2445 4280 2561 4332; x_wconf 72' lang='grc' dir='ltr'>ἐστι</span> <span class='ocrx_word' id='word_1_762' title='bbox 2637 4277 3075 4350; x_wconf 83' lang='grc' dir='ltr'>κατορθώματος.</span> <span class='ocrx_word' id='word_1_763' title='bbox 3121 4277 3274 4331; x_wconf 80' lang='grc' dir='ltr'>Οὕτω</span> <span class='ocrx_word' id='word_1_764' title='bbox 3336 4278 3585 4348; x_wconf 82' lang='grc' dir='ltr'>προσήκει</span> <span class='ocrx_word' id='word_1_765' title='bbox 3608 4269 3750 4337; x_wconf 72' lang='grc' dir='ltr'>κοινὴν</span> 
     </span>
    </p>
   </div>
   <div class='ocr_carea' id='block_1_105' title="bbox 2238 4354 3748 4438">
    <p class='ocr_par' dir='ltr' id='par_1_105' title="bbox 2238 4354 3748 4438">
     <span class='ocr_line' id='line_1_105' title="bbox 2238 4354 3748 4438; baseline -0.003 -17"><span class='ocrx_word' id='word_1_766' title='bbox 2238 4368 2332 4421; x_wconf 78' lang='grc' dir='ltr'><strong>καὶ</strong></span> <span class='ocrx_word' id='word_1_767' title='bbox 2392 4367 2514 4438; x_wconf 77' lang='grc' dir='ltr'>ἴσην</span> <span class='ocrx_word' id='word_1_768' title='bbox 2556 4368 2691 4420; x_wconf 81' lang='grc' dir='ltr'>πᾶσι</span> <span class='ocrx_word' id='word_1_769' title='bbox 2753 4366 2891 4437; x_wconf 78' lang='grc' dir='ltr'>πρὸς</span> <span class='ocrx_word' id='word_1_770' title='bbox 2940 4366 3197 4437; x_wconf 81' lang='grc' dir='ltr'>ἀλλήλους</span> <span class='ocrx_word' id='word_1_771' title='bbox 3232 4366 3335 4437; x_wconf 79' lang='grc' dir='ltr'>τὴν</span> <span class='ocrx_word' id='word_1_772' title='bbox 3374 4365 3581 4434; x_wconf 84' lang='grc' dir='ltr'>ἀγάπην</span> <span class='ocrx_word' id='word_1_773' title='bbox 3628 4354 3748 4417; x_wconf 70' lang='grc' dir='ltr'>εἶναι,</span> 
     </span>
    </p>
   </div>
   <div class='ocr_carea' id='block_1_106' title="bbox 2235 4448 3749 4530">
    <p class='ocr_par' dir='ltr' id='par_1_106' title="bbox 2235 4448 3749 4530">
     <span class='ocr_line' id='line_1_106' title="bbox 2235 4448 3749 4530; baseline -0.017 -6"><span class='ocrx_word' id='word_1_774' title='bbox 2235 4458 2310 4524; x_wconf 80' lang='grc' dir='ltr'>ὡς</span> <span class='ocrx_word' id='word_1_775' title='bbox 2351 4459 2596 4527; x_wconf 83' lang='grc' dir='ltr'>φυσικῶς</span> <span class='ocrx_word' id='word_1_776' title='bbox 2640 4459 2776 4530; x_wconf 84' lang='grc' dir='ltr'>πρὸς</span> <span class='ocrx_word' id='word_1_777' title='bbox 2807 4458 2877 4511; x_wconf 84' lang='grc' dir='ltr'><strong>τά</strong></span> <span class='ocrx_word' id='word_1_778' title='bbox 2928 4456 3050 4512; x_wconf 87' lang='grc' dir='ltr'>καθ’</span> <span class='ocrx_word' id='word_1_779' title='bbox 3092 4457 3321 4510; x_wconf 72' lang='grc' dir='ltr'>ἕκαστον</span> <span class='ocrx_word' id='word_1_780' title='bbox 3353 4454 3540 4510; x_wconf 77' lang='grc' dir='ltr'>ἑαυτοῦ</span> <span class='ocrx_word' id='word_1_781' title='bbox 3583 4450 3694 4523; x_wconf 73' lang='grc' dir='ltr'>μέλη</span> <span class='ocrx_word' id='word_1_782' title='bbox 3728 4448 3749 4499; x_wconf 80' lang='lat'><strong>6</strong></span> 
     </span>
    </p>
   </div>
   <div class='ocr_carea' id='block_1_107' title="bbox 2238 4540 3751 4622">
    <p class='ocr_par' dir='ltr' id='par_1_107' title="bbox 2238 4540 3751 4622">
     <span class='ocr_line' id='line_1_107' title="bbox 2238 4540 3751 4622; baseline -0.007 -19"><span class='ocrx_word' id='word_1_783' title='bbox 2238 4550 2524 4622; x_wconf 80' lang='grc' dir='ltr'>ἅνθρωπος</span> <span class='ocrx_word' id='word_1_784' title='bbox 2569 4549 2717 4620; x_wconf 73' lang='grc' dir='ltr'>ἔχει,</span> <span class='ocrx_word' id='word_1_785' title='bbox 2778 4549 2973 4619; x_wconf 77' lang='grc' dir='ltr'>ἐπίσης</span> <span class='ocrx_word' id='word_1_786' title='bbox 3019 4547 3189 4601; x_wconf 83' lang='grc' dir='ltr'>θέλων</span> <span class='ocrx_word' id='word_1_787' title='bbox 3240 4548 3408 4601; x_wconf 77' lang='grc' dir='ltr'>παντὶ</span> <span class='ocrx_word' id='word_1_788' title='bbox 3469 4545 3543 4615; x_wconf 85' lang='grc' dir='ltr'>τῷ</span> <span class='ocrx_word' id='word_1_789' title='bbox 3585 4540 3751 4610; x_wconf 69' lang='grc' dir='ltr'>σώματι</span> 
     </span>
    </p>
   </div>
   <div class='ocr_carea' id='block_1_108' title="bbox 2238 4631 3751 4714">
    <p class='ocr_par' dir='ltr' id='par_1_108' title="bbox 2238 4631 3751 4714">
     <span class='ocr_line' id='line_1_108' title="bbox 2238 4631 3751 4714; baseline -0.007 -18"><span class='ocrx_word' id='word_1_790' title='bbox 2238 4642 2337 4714; x_wconf 81' lang='grc' dir='ltr'><strong>τὴν</strong></span> <span class='ocrx_word' id='word_1_791' title='bbox 2371 4642 2581 4711; x_wconf 85' lang='grc' dir='ltr'>ὑγείαν,</span> <span class='ocrx_word' id='word_1_792' title='bbox 2635 4640 2767 4694; x_wconf 88' lang='grc' dir='ltr'>διότι</span> <span class='ocrx_word' id='word_1_793' title='bbox 2797 4641 2890 4694; x_wconf 81' lang='grc' dir='ltr'>καὶ</span> <span class='ocrx_word' id='word_1_794' title='bbox 2918 4643 2947 4694; x_wconf 94' lang='lat'><strong>6</strong></span> <span class='ocrx_word' id='word_1_795' title='bbox 2978 4640 3137 4704; x_wconf 89' lang='grc' dir='ltr'>πόνος</span> <span class='ocrx_word' id='word_1_796' title='bbox 3187 4640 3420 4694; x_wconf 80' lang='grc' dir='ltr'>ἑκάστου</span> <span class='ocrx_word' id='word_1_797' title='bbox 3461 4637 3635 4708; x_wconf 79' lang='grc' dir='ltr'>μέλους</span> <span class='ocrx_word' id='word_1_798' title='bbox 3660 4631 3751 4696; x_wconf 67' lang='lat' dir='ltr'><strong>im</strong></span> 
     </span>
    </p>
   </div>
   <div class='ocr_carea' id='block_1_109' title="bbox 2241 4723 3752 4807">
    <p class='ocr_par' dir='ltr' id='par_1_109' title="bbox 2241 4723 3752 4807">
     <span class='ocr_line' id='line_1_109' title="bbox 2241 4723 3752 4807; baseline -0.009 -17"><span class='ocrx_word' id='word_1_799' title='bbox 2241 4736 2467 4807; x_wconf 83' lang='grc' dir='ltr'>παρέχει</span> <span class='ocrx_word' id='word_1_800' title='bbox 2498 4734 2576 4805; x_wconf 83' lang='grc' dir='ltr'><strong>τῷ</strong></span> <span class='ocrx_word' id='word_1_801' title='bbox 2598 4733 2810 4805; x_wconf 81' lang='grc' dir='ltr'>σώματι</span> <span class='ocrx_word' id='word_1_802' title='bbox 2839 4733 2936 4804; x_wconf 81' lang='grc' dir='ltr'>τὴν</span> <span class='ocrx_word' id='word_1_803' title='bbox 2960 4733 3173 4805; x_wconf 84' lang='grc' dir='ltr'>ἀηδίαν.</span> <span class='ocrx_word' id='word_1_804' title='bbox 3210 4732 3357 4786; x_wconf 63' lang='grc' dir='ltr'>Ἀλλ’</span> <span class='ocrx_word' id='word_1_805' title='bbox 3376 4732 3556 4801; x_wconf 80' lang='grc' dir='ltr'>ὥσπερ</span> <span class='ocrx_word' id='word_1_806' title='bbox 3581 4731 3631 4781; x_wconf 80' lang='grc' dir='ltr'>ὲν</span> <span class='ocrx_word' id='word_1_807' title='bbox 3651 4723 3752 4793; x_wconf 74' lang='grc' dir='ltr'>ἡμῖν</span> 
     </span>
    </p>
   </div>
   <div class='ocr_carea' id='block_1_110' title="bbox 2239 4813 3752 4898">
    <p class='ocr_par' dir='ltr' id='par_1_110' title="bbox 2239 4813 3752 4898">
     <span class='ocr_line' id='line_1_110' title="bbox 2239 4813 3752 4898; baseline -0.01 -17"><span class='ocrx_word' id='word_1_808' title='bbox 2239 4830 2424 4890; x_wconf 81' lang='grc' dir='ltr'>αὐτοῖς</span> <span class='ocrx_word' id='word_1_809' title='bbox 2445 4829 2473 4880; x_wconf 92' lang='lat'><strong>6</strong></span> <span class='ocrx_word' id='word_1_810' title='bbox 2498 4827 2594 4898; x_wconf 81' lang='grc' dir='ltr'><strong>μὲν</strong></span> <span class='ocrx_word' id='word_1_811' title='bbox 2617 4827 2777 4889; x_wconf 88' lang='grc' dir='ltr'>πόνος</span> <span class='ocrx_word' id='word_1_812' title='bbox 2804 4826 3039 4880; x_wconf 79' lang='grc' dir='ltr'>ἑκάστου</span> <span class='ocrx_word' id='word_1_813' title='bbox 3051 4824 3160 4878; x_wconf 88' lang='grc' dir='ltr'><strong>τῶν</strong></span> <span class='ocrx_word' id='word_1_814' title='bbox 3189 4824 3597 4896; x_wconf 72' lang='grc' dir='ltr'>ἀρρωστούντων</span> <span class='ocrx_word' id='word_1_815' title='bbox 3616 4813 3752 4888; x_wconf 73' lang='grc' dir='ltr'>μελῶν</span> 
     </span>
    </p>
   </div>
   <div class='ocr_carea' id='block_1_111' title="bbox 2242 4909 3753 4989">
    <p class='ocr_par' dir='ltr' id='par_1_111' title="bbox 2242 4909 3753 4989">
     <span class='ocr_line' id='line_1_111' title="bbox 2242 4909 3753 4989; baseline -0.005 -20"><span class='ocrx_word' id='word_1_816' title='bbox 2242 4918 2370 4982; x_wconf 76' lang='grc' dir='ltr'>ἴσως</span> <span class='ocrx_word' id='word_1_817' title='bbox 2392 4919 2619 4973; x_wconf 74' lang='grc' dir='ltr'>ἅπτεται</span> <span class='ocrx_word' id='word_1_818' title='bbox 2643 4917 2754 4989; x_wconf 80' lang='grc'>(78)</span> <span class='ocrx_word' id='word_1_819' title='bbox 2780 4917 2875 4971; x_wconf 86' lang='grc' dir='ltr'>τοῦ</span> <span class='ocrx_word' id='word_1_820' title='bbox 2911 4917 3109 4981; x_wconf 84' lang='grc' dir='ltr'>παντὸς</span> <span class='ocrx_word' id='word_1_821' title='bbox 3138 4915 3408 4988; x_wconf 84' lang='grc' dir='ltr'>σώματος,</span> <span class='ocrx_word' id='word_1_822' title='bbox 3435 4916 3543 4969; x_wconf 73' lang='grc' dir='ltr'>ἐστι</span> <span class='ocrx_word' id='word_1_823' title='bbox 3567 4910 3617 4964; x_wconf 79' lang='grc' dir='ltr'>δὲ</span> <span class='ocrx_word' id='word_1_824' title='bbox 3641 4909 3753 4977; x_wconf 78' lang='grc' dir='ltr'><strong>ὅμως</strong></span> 
     </span>
    </p>
   </div>
   <div class='ocr_carea' id='block_1_112' title="bbox 2240 4993 3753 5081">
    <p class='ocr_par' dir='ltr' id='par_1_112' title="bbox 2240 4993 3753 5081">
     <span class='ocr_line' id='line_1_112' title="bbox 2240 4993 3753 5081; baseline 0 -18"><span class='ocrx_word' id='word_1_825' title='bbox 2240 5010 2404 5081; x_wconf 75' lang='grc' dir='ltr'>ἔτερα</span> <span class='ocrx_word' id='word_1_826' title='bbox 2459 5010 2662 5081; x_wconf 77' lang='grc' dir='ltr'>ἐτέρων</span> <span class='ocrx_word' id='word_1_827' title='bbox 2695 5008 2997 5080; x_wconf 81' lang='grc' dir='ltr'>τιμιώτερα</span> <span class='ocrx_word' id='word_1_828' title='bbox 3045 5008 3178 5080; x_wconf 85' lang='grc' dir='ltr'>μέλη</span> <span class='ocrx_word' id='word_1_829' title='bbox 3210 5009 3292 5077; x_wconf 74' lang='grc' dir='ltr'>(οὐ</span> <span class='ocrx_word' id='word_1_830' title='bbox 3315 5009 3425 5079; x_wconf 86' lang='grc' dir='ltr'><strong>γάρ</strong></span> <span class='ocrx_word' id='word_1_831' title='bbox 3453 5004 3633 5075; x_wconf 72' lang='grc' dir='ltr'>ὁμοίως</span> <span class='ocrx_word' id='word_1_832' title='bbox 3656 4993 3753 5063; x_wconf 57' lang='grc' dir='ltr'>περὶ</span> 
     </span>
    </p>
   </div>
   <div class='ocr_carea' id='block_1_113' title="bbox 2240 5086 3753 5172">
    <p class='ocr_par' dir='ltr' id='par_1_113' title="bbox 2240 5086 3753 5172">
     <span class='ocr_line' id='line_1_113' title="bbox 2240 5086 3753 5172; baseline -0.01 -15"><span class='ocrx_word' id='word_1_833' title='bbox 2240 5104 2332 5157; x_wconf 80' lang='grc' dir='ltr'><strong>τὸν</strong></span> <span class='ocrx_word' id='word_1_834' title='bbox 2354 5100 2627 5172; x_wconf 83' lang='grc' dir='ltr'>ὀφθαλμὸν</span> <span class='ocrx_word' id='word_1_835' title='bbox 2673 5102 2767 5154; x_wconf 77' lang='grc' dir='ltr'>καὶ</span> <span class='ocrx_word' id='word_1_836' title='bbox 2804 5101 2932 5171; x_wconf 74' lang='grc' dir='ltr'>περὶ</span> <span class='ocrx_word' id='word_1_837' title='bbox 2967 5100 3059 5153; x_wconf 80' lang='grc' dir='ltr'><strong>τὸν</strong></span> <span class='ocrx_word' id='word_1_838' title='bbox 3086 5099 3178 5153; x_wconf 77' lang='grc' dir='ltr'><strong>τοῦ</strong></span> <span class='ocrx_word' id='word_1_839' title='bbox 3211 5097 3371 5161; x_wconf 83' lang='grc' dir='ltr'>ποδὸς</span> <span class='ocrx_word' id='word_1_840' title='bbox 3398 5093 3638 5152; x_wconf 80' lang='grc' dir='ltr'>δάκτυλον</span> <span class='ocrx_word' id='word_1_841' title='bbox 3665 5086 3753 5155; x_wconf 74' lang='grc' dir='ltr'>ἐχο-</span> 
     </span>
    </p>
   </div>
   <div class='ocr_carea' id='block_1_114' title="bbox 2245 5185 3752 5268">
    <p class='ocr_par' dir='ltr' id='par_1_114' title="bbox 2245 5185 3752 5268">
     <span class='ocr_line' id='line_1_114' title="bbox 2245 5185 3752 5268; baseline -0.013 -16"><span class='ocrx_word' id='word_1_842' title='bbox 2245 5214 2365 5268; x_wconf 89' lang='grc' dir='ltr'>μεν,</span> <span class='ocrx_word' id='word_1_843' title='bbox 2398 5194 2499 5250; x_wconf 81' lang='grc' dir='ltr'><strong>κᾶν</strong></span> <span class='ocrx_word' id='word_1_844' title='bbox 2536 5195 2565 5247; x_wconf 90' lang='lat'><strong>6</strong></span> <span class='ocrx_word' id='word_1_845' title='bbox 2601 5195 2761 5257; x_wconf 84' lang='grc' dir='ltr'>πόνος</span> <span class='ocrx_word' id='word_1_846' title='bbox 2787 5194 2849 5247; x_wconf 86' lang='grc' dir='ltr'>τὺ</span> <span class='ocrx_word' id='word_1_847' title='bbox 2883 5193 2996 5246; x_wconf 83' lang='grc' dir='ltr'>ἴσον</span> <span class='ocrx_word' id='word_1_848' title='bbox 3028 5191 3150 5263; x_wconf 80' lang='grc' dir='ltr'>ἔχη)</span> <span class='ocrx_word' id='word_1_849' title='bbox 3174 5206 3189 5221; x_wconf 75' lang='grc'><strong><em>⁸</em></strong></span> <span class='ocrx_word' id='word_1_850' title='bbox 3230 5189 3373 5244; x_wconf 79' lang='grc' dir='ltr'>οὑτω</span> <span class='ocrx_word' id='word_1_851' title='bbox 3396 5190 3491 5259; x_wconf 84' lang='grc' dir='ltr'>τὴν</span> <span class='ocrx_word' id='word_1_852' title='bbox 3531 5185 3619 5256; x_wconf 81' lang='grc' dir='ltr'>μὲν</span> <span class='ocrx_word' id='word_1_853' title='bbox 3648 5194 3752 5268; x_wconf 61' lang='lat' dir='ltr'><strong>duth-</strong></span> 
     </span>
    </p>
   </div>
   <div class='ocr_carea' id='block_1_115' title="bbox 2243 5266 3853 5356">
    <p class='ocr_par' dir='ltr' id='par_1_115' title="bbox 2243 5266 3853 5356">
     <span class='ocr_line' id='line_1_115' title="bbox 2243 5266 3853 5356; baseline -0.014 -15"><span class='ocrx_word' id='word_1_854' title='bbox 2243 5266 2392 5356; x_wconf 78' lang='grc' dir='ltr'>παθῆ</span> <span class='ocrx_word' id='word_1_855' title='bbox 2426 5285 2663 5341; x_wconf 85' lang='grc' dir='ltr'>διάθεσιν</span> <span class='ocrx_word' id='word_1_856' title='bbox 2701 5284 2796 5338; x_wconf 79' lang='grc' dir='ltr'><strong>καὶ</strong></span> <span class='ocrx_word' id='word_1_857' title='bbox 2826 5285 2925 5355; x_wconf 79' lang='grc' dir='ltr'>τὴν</span> <span class='ocrx_word' id='word_1_858' title='bbox 2967 5284 3316 5355; x_wconf 81' lang='grc' dir='ltr'>άγαπητικὴν</span> <span class='ocrx_word' id='word_1_859' title='bbox 3362 5282 3540 5350; x_wconf 83' lang='grc' dir='ltr'>σχέσιν</span> <span class='ocrx_word' id='word_1_860' title='bbox 3562 5279 3665 5344; x_wconf 76' lang='grc' dir='ltr'>ἴσην</span> <span class='ocrx_word' id='word_1_861' title='bbox 3686 5266 3753 5321; x_wconf 69' lang='grc' dir='ltr'><strong>ἐπὶ</strong></span> <span class='ocrx_word' id='word_1_862' title='bbox 3847 5284 3853 5291; x_wconf 93' lang='grc'><strong>·</strong></span> 
     </span>
    </p>
   </div>
   <div class='ocr_carea' id='block_1_116' title="bbox 2135 5436 3749 5521">
    <p class='ocr_par' dir='ltr' id='par_1_116' title="bbox 2135 5436 3749 5521">
     <span class='ocr_line' id='line_1_116' title="bbox 2135 5436 3749 5521; baseline -0.014 -13"><span class='ocrx_word' id='word_1_863' title='bbox 2135 5458 2141 5463; x_wconf 82' lang='grc'><em>’</em></span> <span class='ocrx_word' id='word_1_864' title='bbox 2238 5456 2361 5521; x_wconf 88' lang='lat' dir='ltr'><strong>post</strong></span> <span class='ocrx_word' id='word_1_865' title='bbox 2391 5448 2544 5521; x_wconf 70' lang='lat' dir='ltr'><strong>Colb.</strong></span> <span class='ocrx_word' id='word_1_866' title='bbox 2559 5447 2646 5521; x_wconf 79' lang='grc' dir='ltr'>τῷ</span> <span class='ocrx_word' id='word_1_867' title='bbox 2669 5445 3008 5521; x_wconf 72' lang='grc' dir='ltr'>εὐαγγελικῶ</span> <span class='ocrx_word' id='word_1_868' title='bbox 3030 5442 3449 5521; x_wconf 54' lang='grc' dir='ltr'>παραγγέλματι</span> <span class='ocrx_word' id='word_1_869' title='bbox 3567 5436 3749 5521; x_wconf 39' lang='lat' dir='ltr'><strong>iteravit;</strong></span> 
     </span>
    </p>
   </div>
   <div class='ocr_carea' id='block_1_117' title="bbox 2314 5496 3756 5590">
    <p class='ocr_par' dir='ltr' id='par_1_117' title="bbox 2314 5496 3756 5590">
     <span class='ocr_line' id='line_1_117' title="bbox 2314 5496 3756 5590; baseline 0.013 -18"><span class='ocrx_word' id='word_1_870' title='bbox 2314 5496 2431 5590; x_wconf 64' lang='grc' dir='ltr'>(ἦῆ</span> <span class='ocrx_word' id='word_1_871' title='bbox 2442 5496 2828 5590; x_wconf 61' lang='grc' dir='ltr'><strong>’ἁᾙάὲξρὸἶὺἶ</strong></span> <span class='ocrx_word' id='word_1_872' title='bbox 2845 5496 3019 5590; x_wconf 60' lang='grc' dir='ltr'><strong>Ξῷἒῗς</strong></span> <span class='ocrx_word' id='word_1_873' title='bbox 3038 5496 3619 5590; x_wconf 17' lang='lat' dir='ltr'><strong>irii&#39;svéi&#39;e‘vévﬁ&#39;l‘m‘i9»</strong></span> <span class='ocrx_word' id='word_1_874' title='bbox 3630 5496 3756 5590; x_wconf 54' lang='grc' dir='ltr'>ἶίῗὲῗί</span> 
     </span>
    </p>
   </div>
   <div class='ocr_carea' id='block_1_118' title="bbox 2240 5580 3751 5661">
    <p class='ocr_par' dir='ltr' id='par_1_118' title="bbox 2240 5580 3751 5661">
     <span class='ocr_line' id='line_1_118' title="bbox 2240 5580 3751 5661; baseline 0 0"><span class='ocrx_word' id='word_1_875' title='bbox 2240 5580 2593 5661; x_wconf 64' lang='lat' dir='ltr'><strong>lciiee&#39;cedex</strong></span> <span class='ocrx_word' id='word_1_876' title='bbox 2624 5580 3023 5661; x_wconf 60' lang='grc' dir='ltr'><strong>νοεδ-,βῐεὶὲθεο</strong></span> <span class='ocrx_word' id='word_1_877' title='bbox 3054 5580 3262 5661; x_wconf 44' lang='lat' dir='ltr'><strong>Erimus</strong></span> <span class='ocrx_word' id='word_1_878' title='bbox 3293 5580 3599 5661; x_wconf 46' lang='grc' dir='ltr'><strong>ἀιδιρέσὲσῖ</strong></span> <span class='ocrx_word' id='word_1_879' title='bbox 3622 5580 3751 5661; x_wconf 53' lang='grc' dir='ltr'><strong>ἰῖτξιὲ</strong></span> 
     </span>
    </p>
   </div>
   <div class='ocr_carea' id='block_1_119' title="bbox 2240 5640 3753 5792">
    <p class='ocr_par' dir='ltr' id='par_1_119' title="bbox 2240 5640 3753 5792">
     <span class='ocr_line' id='line_1_119' title="bbox 2240 5640 3753 5792; baseline -0.033 -48"><span class='ocrx_word' id='word_1_880' title='bbox 2240 5640 2906 5792; x_wconf 19' lang='grc' dir='ltr'><strong>ἔρξῗὲζςυῖἦιιυθήὲθὶιίο</strong></span> <span class='ocrx_word' id='word_1_881' title='bbox 2938 5640 3029 5713; x_wconf 48' lang='lat' dir='ltr'><strong>iga</strong></span> <span class='ocrx_word' id='word_1_882' title='bbox 3055 5640 3303 5711; x_wconf 58' lang='grc' dir='ltr'>ἅπτεται.</span> <span class='ocrx_word' id='word_1_883' title='bbox 3333 5640 3550 5724; x_wconf 72' lang='lat' dir='ltr'><strong>Antiqui</strong></span> <span class='ocrx_word' id='word_1_884' title='bbox 3587 5653 3683 5699; x_wconf 82' lang='lat' dir='ltr'><strong>tres</strong></span> <span class='ocrx_word' id='word_1_885' title='bbox 3705 5640 3753 5695; x_wconf 62' lang='lat' dir='ltr'><strong>li&#39;</strong></span> 
     </span>
    </p>
   </div>
  </div>
