3962 6238
281 307 388 364 885

1546 315 1778 371 SERMO
1815 314 2221 370 ASCETICUS.

3418 314 3522 372 8'86

284 427 502 480 πάντων
531 426 640 498 (79)
682 428 788 480 τῶν
836 429 893 481 ὲν
922 431 986 499 τῇ
1035 429 1248 501 συνοδίᾳ
1267 430 1500 496 ,ζώντων
1543 428 1679 485 εἶναι
1722 433 1851 504 παρ’

1993 448 2196 486 morem
2231 447 2414 502 parem
2453 429 2741 487 ostendere
2775 447 2952 501 operat
2991 441 3223 502 pretium
3268 441 3386 504 est;
3427 435 3523 489 sed

285 521 514 574 ἑκάστου
561 522 858 592 προσήκει·
883 524 916 592 ἡ
948 523 1004 575 δὲ
1028 522 1182 593 τιμὴ,
1226 524 1365 576 κατά
1408 524 1469 576 τὸ
1500 524 1737 592 εὖλογον,
1767 526 1857 576 ἐπὶ

285 614 395 666 τῶν
441 615 868 686 χρησιμωτέρων
908 615 968 668 τὸ
1007 615 1167 668 πλέον
1199 615 1329 682 ἕξει.
1376 617 1683 688 Ἐπειδὴδὲ
1713 617 1862 686 dqm-

288 708 439 761 λὲται
467 708 685 770 πάντως
718 706 828 776 (80)
864 707 970 760 είσὶ
994 705 1088 758 τοῦ
1119 706 1381 778 ἀλλήλους
1418 709 1636 779 ἀγαπᾷν
1664 708 1740 779 τῷ
1763 709 1860 778 ῐσῳ

293 803 478 871 μέτρῳ
513 801 614 869 τῆς
650 799 963 863 διαθέσεως,
991 799 1233 869 ἀδίκημά
1260 801 1407 851 ἐστιν
1434 803 1490 853 ἐν
1523 801 1738 872 συνοδίᾳ
1771 802 1860 854 εὑ-

292 890 518 961 ρεθῆναι
547 889 852 954 ἰδιαζούσας
880 890 1031 953 τινὰς
1062 891 1294 960 φατρίας
1329 891 1422 944 καὶ
1447 892 1762 962 συσκηνίας.
1805 893 1862 945 ’0

288 982 398 1052 γάρ
429 982 518 1034 τὸν
569 981 666 1034 ἕνα
714 982 852 1051 ὑπὲρ
898 982 1022 1043 τοὺς
1066 980 1257 1044 ἄλλους
1303 983 1528 1050 ἀγαπῶν
1571 987 1864 1054 κατηγορεῖ

291 1069 508 1131 ἑαυτοῦ,
544 1069 619 1132 ὥς
645 1068 754 1141 (81)
793 1071 851 1122 ἐν
896 1072 1005 1132 τοῖς
1033 1069 1213 1132 ἄλλοις
1245 1069 1318 1142 μὴ
1359 1070 1495 1141 ἔχων
1526 1073 1624 1141 τὴν
1655 1071 1864 1124 τελείαν

293 1163 535 1230 ἀγάπην.
581 1160 810 1230 Ὁμοίως
839 1155 931 1212 οὖν
962 1159 1264 1230 ἀπόϐλητός
1305 1162 1452 1214 ἐστιν
1479 1161 1584 1213 ἀπὸ
1621 1161 1863 1223 συνοδίας

290 1255 328 1322 ἦ
351 1271 411 1306 τε
440 1253 692 1323 ἀπρεπὴς
716 1252 860 1323 μάχη
891 1252 986 1306 καὶ
1011 1255 1044 1323 ὴ
1082 1254 1277 1324 μερικὴ
1305 1254 1562 1317 διάθεσις.
1608 1253 1740 1306 Ἀπὸ
1769 1254 1866 1323 μὲν

291 1343 405 1414 γάρ
427 1344 736 1414 τῆςαμάχης
766 1343 934 1414 ἔχθρα
986 1345 1222 1412 γίνεται·
1251 1346 1358 1398 ἀπὸ
1403 1346 1459 1398 δὲ
1492 1346 1590 1416 τῆς
1637 1345 1868 1416 μερικῆς

293 1435 480 1504 φιλίας
535 1437 626 1488 καὶ
674 1435 918 1506 ἑταιρίας
960 1437 1184 1505 ὑποψίαι
1232 1441 1326 1490 καὶ
1378 1437 1563 1508 φθόνοι
1607 1439 1865 1506 γίνονται.

295 1527 584 1598 Πανταχοῦ
608 1527 713 1598 γάρ
728 1531 761 1598 ἡ
783 1526 878 1581 τοῦ
909 1529 1023 1582 [σου
1059 1529 1310 1601 στέρησις
1333 1530 1586 1602 ἀρχὴκαὶ
1616 1529 1870 1594 ὑπόθεσις

293 1619 493 1688 φθόνου
530 1621 623 1672 καὶ
656 1619 975 1690 δυσμενείας
1025 1624 1136 1684 τοῖς
1183 1622 1594 1692 ἐλαττουμένοις
1640 1622 1866 1690 γίνεται.

293 1711 394 1764 Διά
438 1709 596 1764 τοῦτο
631 1711 726 1765 καὶ
755 1711 971 1782 ἐντολὴν
1002 1713 1149 1783 παρὰ
1181 1715 1384 1784 Κυρίου
1433 1713 1511 1769 ὲλό
1532 1715 1717 1784 ὅομεν,
1781 1732 1869 1784 μι-

299 1805 518 1873 μεῖσθαι
559 1803 657 1875 τὴν
703 1778 1010 1876 ἀγαθότητα
1063 1778 1154 1858 τοῦ
1199 1778 1396 1877 ὁμοίως
1437 1807 1547 1881 (82]
1580 1778 1672 1861 τὸν
1723 1778 1947 1879 ἥλιον-Β

295 1896 531 1956 δικαίοις
566 1915 624 1949 τε
658 1898 751 1950 καὶ
783 1898 990 1960 ἀδίκοις
1024 1898 1488 1962 ἐπανατέλλοντος.
1539 1899 1749 1961 Ὥσπερ
1781 1897 1874 1952 οὖν

296 1991 327 2040 ό
349 1989 484 2052 Θεὸς
513 1990 700 2061 κοινὴν
727 1989 908 2043 δίδωσι
943 1991 1075 2043 πᾶσι
1101 1989 1195 2042 τοῦ
1238 1991 1412 2059 φωτὸς
1437 1991 1538 2062 τὴν
1567 1992 1873 2061 μετουσίαν,

297 2081 446 2134 οὕτω
487 2083 581 2133 καὶ
615 2082 664 2133 οἱ
707 2083 940 2151 μιμηταὶ
971 2081 1064 2133 τοῦ
1091 2081 1223 2134 Θεοῦ
1259 2083 1441 2153 κοινήν
1478 2100 1536 2134 τε
1571 2086 1665 2136 καὶ
1695 2084 1878 2154 ὁμότιο

302 2191 404 2244 μον
425 2174 525 2243 τὴν
558 2174 658 2242 τῆς
689 2174 908 2245 ἀγάπης
941 2175 1132 2226 ἀκτῖνα
1165 2177 1257 2228 ἐπὶ
1302 2177 1510 2238 πάντας
1542 2178 1874 2247 φερέτωσαν.

300 2266 478 2319 Ὅπου
501 2266 609 2337 γάρ
642 2265 931 2338 ὲλλείπειή
959 2268 1164 2338 ἀγάπη,
1187 2269 1309 2320 «ἐκεῖ
1349 2269 1564 2332 πάντως
1603 2270 1880 2341 ἀντεισέρ-

296 2373 458 2425 χεται
484 2357 543 2409 τὸ
565 2359 738 2426 μῖσος.
766 2359 828 2410 El
850 2357 1136 2421 δὲ,.καθώς
1171 2376 1334 2429 φησιν
1359 2361 1629 2431 Ἰωάννης,
1658 2363 1718 2415 '0
1736 2361 1880 2428 Θεὸς

297 2448 504 2517 ἀγάπη
532 2450 724 2516 ἐστίν,
776 2451 989 2521 ἀνάγκη
1021 2452 1302 2521 (851πᾶσα
1337 2454 1398 2506 τὸ
1442 2458 1595 2523 μῖσος
1625 2450 1760 2506 εἶναι
1790 2456 1880 2508 τὸν

298 2541 573 2594 διάϐολον.
603 2543 816 2614 Ὥσπερ
871 2539 1020 2596 οὖνὸ
1043 2545 1141 2614 τὴν
1170 2545 1390 2614 ἀγάπην
1447 2546 1584 2616 ἔχων
1609 2547 1700 2599 τὸν
1747 2547 1880 2600 Θεὸν

301 2633 442 2702 ἔχει,
473 2632 644 2696 οὕτως
669 2636 696 2687 ὁ
729 2634 790 2686 τὸ
824 2637 996 2704 μῖσοςμ
1022 2635 1160 2706 ἔχων
1208 2636 1298 2688 τὸν
1347 2637 1588 2691 διάϐολον
1623 2640 1678 2690 ὲν
1704 2639 1880 2710 ἑαυτῷ

302 2721 520 2791 τρέφει.
579 2723 677 2777 Διὰ
728 2723 885 2777 τοῦτο
928 2728 1191 2796 προσήκει
1230 2726 1328 2797 τὴν
1370 2729 1466 2796 μὲν
1505 2728 1724 2799 ἀγάπην
1761 2729 1880 2801 ίσην

305 2814 403 2866 καὶ
425 2815 618 2884 ὁμοίαν
671 2815 821 2886 παρά
878 2817 1092 2870 πάντων
1133 2821 1243 2881 τοῖς
1284 2821 1446 2871 πᾶσιν
1490 2815 1648 2882 εἶναι,
1689 2820 1785 2891 τὴν
1826 2821 1881 2876 δὲ

304 2906 477 2975 τιμὴν
511 2907 724 2976 ἑκάστῳ
747 2906 888 2959 κατά
913 2907 972 2959 τὸ
998 2908 1206 2978 πρέπον
1232 2909 1494 2976 γίνεσθαι.
1535 2911 1655 2963 Ἐπὶ
1687 2912 1742 2964 δὲ
1775 2912 1881 2965 τῶν

231 3073 240 3081 .
303 2995 482 3059 οὕτως
528 2998 777 3068 ἀλλήλοις
831 3001 1336 3071 συναρμοζομένων,
1373 3003 1718 3074 ήσωματικὴ
1750 3021 1880 3072 συγ-

305 3088 496 3155 γζνεια
523 3089 680 3142 οὐδὲν
722 3089 882 3142 πλέον
928 3091 1067 3144 κατὰ
1110 3091 1204 3161 τὴν
1246 3092 1465 3162 ἀγάπην
1503 3092 1650 3155 ἕξει·

304 3198 393 3244 τις
413 3181 643 3249 ἀδελφός
671 3199 815 3245 τινος
848 3184 985 3237 κατᾶ
1012 3185 1184 3252 σάρκα
1207 3185 1314 3254 εἴη,
1344 3184 1376 3254 ἢ
1405 3183 1538 3246 υίὸς,
1567 3183 1884 3256 ἢθυγάτηρ,

307 3274 370 3324 ὲν
409 3273 619 3327 πλείονι
661 3275 896 3328 διαθέσει
951 3276 1085 3347 πρὸς
1131 3275 1220 3328 τὸν
1258 3276 1334 3346 τῷ
1363 3275 1508 3342 γένει
1546 3277 1890 3346 προσήκοντα

305 3362 463 3433 παρὰ
493 3364 620 3426 τοὺς
640 3363 832 3428 ἄλλους
871 3367 1207 3435 γενήσετιιή
1239 3367 1490 3419 κοινωνία
1513 3367 1605 3418 τοῦ
1635 3367 1887 3437 αἵματος.

321 3457 380 3507 '0
422 3455 533 3526 γὰρ
573 3458 629 3508 ὲν
675 3457 884 3521 τούτοις
909 3461 974 3528 τῇ
1027 3459 1184 3526 φύσει
1243 3459 1550 3513 ἀκολουθῶν
1599 3464 1891 3533 κατηγορεῖ

308 3549 533 3610 ἑαυτοῦ,
573 3550 651 3601 ὅτι
691 3548 842 3602 οὕπω
874 3548 1092 3612 τελείως
1138 3550 1347 3620 ἀπέστη
1374 3551 1470 3620 τῆς
1508 3552 1742 3619 φύσεως,
1778 3552 1889 3606 ἀλλ’

308 3643 390 3694 ἔτι
431 3640 538 3694 ὑπὸ
589 3641 790 3711 σαρκὸς
841 3640 1140 3694 διοικεῖται.
1174 3642 1344 3710 Λόγος
1380 3643 1435 3694 δὲ
1464 3645 1762 3715 ἀνωφελὴς,
1801 3647 1893 3697 καὶ

306 3734 340 3784 ὁ
367 3731 457 3785 διὰ
485 3732 583 3800 τῆς
608 3730 743 3802 πρὸς
792 3731 1054 3801 ἀλλήλους
1103 3733 1319 3802 ὁμιλίας
1351 3735 1723 3806 μετεωρισμδς
1747 3735 1896 3789 άκαι-

311 3842 429 3895 ρος,
490 3824 860 3895 ἀπειρημένος
902 3824 1062 3877 ἔστω.
1117 3825 1254 3877 Ἀλλ’
1284 3825 1337 3878 εί
1365 3843 1418 3879 τι
1465 3828 1732 3898 χρήσιμον
1762 3827 1894 3898 πρὸς

307 3917 606 3987 οἰκοδομὴν
655 3916 764 3968 τῶν
815 3915 1037 3986 ψυχῶν,
1095 3917 1252 3970 τοῦτο
1305 3920 1568 3989 προσήκει
1620 3918 1894 3971 λαλεῖσθαι

314 4009 505 4078 μόνον,
540 4008 635 4060 καὶ
658 4007 795 4060 αὐτὰ
819 4007 891 4060 τὰ
910 4008 1019 4077 (84)
1049 4011 1294 4082 χρήσιμα
1327 4010 1606 4073 εὐτάκτως
1637 4009 1777 4062 κατὰ
1806 4009 1897 4062 τὸν

313 4100 598 4171 πρέποντα
629 4099 816 4168 καιρὸν
835 4099 1112 4154 λαλεῖσθαι
1144 4100 1293 4172 παρὰ
1320 4100 1426 4152 τῶν
1451 4100 1702 4154 τοιούτων
1733 4117 1898 4169 προσ-

312 4192 508 4252 ώπων,
526 4185 606 4254 οἷς
627 4192 1020 4262 ἐπιτέτραπται
1051 4193 1108 4245 τὸ
1129 4192 1328 4245 λαλεῖν.
1349 4193 1410 4246 Εἰ
1439 4191 1495 4244 δέ
1523 4209 1604 4254 τις
1635 4192 1742 4244 τῶν
1769 4193 1900 4243 ὑπο-

314 4282 618 4353 δεεστέρων
670 4283 778 4353 εἴη,
825 4283 1142 4354 ἀναμενέτω
1175 4283 1271 4354 τὴν
1306 4283 1620 4354 προτροπὴν
1664 4281 1774 4352 (85)
1803 4283 1897 4334 τοῦ

317 4375 704 4445 ὖπερέχοντος.
751 4376 814 4427 Οί
867 4375 923 4428 δὲ
957 4374 1294 4446 ψιθυρισμοί,
1345 4375 1438 4428 καὶ
1472 4377 1526 4428 αἱ
1557 4375 1694 4444 πρὸς
1724 4375 1783 4427 τὸ
1808 4372 1900 4436 οὖς

1960 531 2163 586 tamen,
2197 531 2256 576 ut
2298 523 2475 585 decet,
2511 521 2578 577 iis
2621 522 2714 592 qui
2752 522 2999 578 utiliores
3033 532 3183 587 sunt,
3215 523 3391 593 major
3431 524 3527 580 de-

1962 612 2167 668 feretur
2224 613 2417 666 honor.
2473 611 2740 677 Quoniam
2804 621 2981 686 autem
3045 614 3271 668 omnino
3331 615 3524 685 aequali

1962 707 2166 761 amoris
2196 721 2453 760 mensura
2497 721 2617 760 sese
2662 705 2895 759 invicem
2928 707 3151 776 diligere
3192 706 3412 771 debent,
3453 708 3529 761 in-

1957 797 2105 866 juria
2145 806 2229 853 est
2261 799 2504 868 privatas
2550 798 2816 868 quasdam
2860 799 3176 855 sodalitates
3224 814 3289 852 ac
3343 806 3531 854 contu-

1964 889 2153 942 bernia
2201 889 2255 942 in
2298 899 2568 944 conventu
2599 889 2846 960 reperiri.
2877 890 3000 956 .Qui
3033 893 3177 946 enim
3216 907 3386 946 unum
3417 907 3530 960 prae

1965 980 2086 1033 aliis
2122 981 2320 1051 diligit,
2366 981 2436 1047 is,
2469 981 2616 1050 quod
2645 998 2754 1035 non
2786 981 3025 1051 perfecte
3069 993 3294 1039 cancros
3317 985 3527 1056 diligat,

1967 1086 2027 1125 se
2057 1071 2173 1142 ipse
2202 1072 2403 1142 arguit.
2445 1071 2634 1137 Quare.
2657 1081 3028 1128 exconventu
3067 1073 3346 1127 contentio
3375 1074 3531 1128 inde-

1968 1178 2119 1229 cora,
2149 1171 2203 1218 et
2228 1163 2524 1234 singularis
2555 1179 2709 1216 amor
2734 1172 2861 1218 sunt
2879 1163 3160 1233 :equaliter
3182 1163 3528 1218 amandandi.

1969 1251 2153 1308 Oritur
2186 1255 2330 1310 enim
2356 1271 2422 1309 ex
2456 1255 2805 1310 contentione
2837 1255 3124 1309 inimicitia
3151 1273 3163 1308 :
3203 1255 3270 1308 ab
3297 1254 3535 1308 amicitia

1970 1361 2100 1400 vero
2137 1346 2453 1417 particulari
2507 1355 2560 1400 et
2606 1346 2894 1401 sodalitate
2927 1347 3268 1416 suspiciones
3299 1355 3354 1401 et
3397 1346 3535 1400 invi-

1971 1438 2073 1493 dia:
2108 1448 2430 1495 nascuntur.
2474 1441 2610 1496 Cum
2651 1440 2793 1493 enim
2844 1439 3129 1508 atqualitas
3172 1432 3438 1501 aufertur,
3481 1437 3538 1491 id

1973 1529 2175 1598 ubique
2203 1531 2283 1584 eis
2317 1532 2410 1600 qui
2439 1545 2502 1584 ea
2537 1531 2860 1600 spoliantur,
2893 1527 3108 1582 invidia
3153 1537 3206 1582 et
3239 1527 3348 1582 odii
3383 1527 3540 1598 origo

1972 1631 2026 1677 et
2059 1637 2225 1677 causa
2251 1635 2354 1677 est.-
2385 1622 2728 1692 Quapmpter
2754 1621 2918 1690 jussit
2947 1621 3108 1676 etiam
3142 1619 3407 1675 Dominus
3437 1635 3540 1675 nos

1974 1714 2270 1768 bonitatem
2301 1714 2450 1768 illius
2484 1715 2576 1784 qui
2605 1715 2778 1768 solem
2800 1713 3050 1768 similiter
3081 1713 3437 1783 superjustos
3477 1727 3542 1766 ac

1975 1803 2211 1873 injustos
2233 1803 2432 1858 exoriri
2454 1811 2634 1868 curat,
2662 1802 2862 1856 imitari
2890 1801 3106 1860 (Matth.
3129 1819 3182 1864 v,
3206 1803 3316 1872 45).
3340 1800 3544 1868 Quent-

1975 1893 2269 1949 admodum
2317 1894 2487 1965 igitur
2516 1893 2662 1949 Deus
2704 1909 2770 1946 ex
2809 1907 2967 1962 aequo
2997 1892 3237 1962 impertit
3281 1892 3540 1948 omnibus

1976 1986 2175 2053 lucem,
2227 1987 2299 2040 ita
2330 1996 2384 2041 et
2422 1986 2515 2042 Dei
2553 1987 2856 2041 imitatores
2894 1999 3236 2039 communem
3269 1992 3324 2038 et
3357 1999 3542 2054 parem

1975 2078 2264 2132 charitatis
2319 2078 2534 2132 radium
2589 2079 2643 2132 in
2691 2093 2881 2134 omnes
2915 2076 3214 2132 effundant.
3262 2074 3363 2130 Ubi
3401 2076 3550 2130 enim’

1977 2169 2159 2224 deficit
2205 2170 2481 2232 charitas,
2540 2169 2651 2223 illic
2704 2169 2892 2238 utique
2949 2167 3068 2236 ejus
3128 2167 3248 2221 loco
3301 2166 3547 2221 succedit

1979 2261 2184 2315 odium.
2219 2261 2375 2328 Quod
2420 2260 2488 2325 si,
2529 2268 2585 2314 ut
2612 2259 2850 2314 Joannes
2896 2261 2993 2324 ait,
3027 2258 3163 2313 Deus
3207 2257 3442 2312 charitas
3470 2266 3548 2312 est

1980 2354 2034 2428 (Ι
2063 2353 2226 2410 Joan.
2274 2373 2346 2417 tv,
2386 2355 2510 2426 l6),
2565 2371 2790 2424 prorsus
2845 2370 3084 2422 necesse
3129 2363 3213 2408 est
3270 2353 3548 2409 diabolum

1978 2447 2166 2501 odium
2189 2462 2332 2501 esse.
2361 2444 2516 2500 Sicut
2543 2460 2672 2516 ergo
2693 2445 2786 2515 qui
2814 2445 2980 2500 habet
3004 2443 3351 2509 cbaritatcm,
3379 2444 3548 2499 Deum

1982 2541 2144 2594 habet
2179 2559 2190 2594 :
2228 2540 2307 2594 sic
2350 2540 2444 2609 qui
2476 2538 2662 2593 odium
2692 2538 2876 2599 habet,
2906 2537 2952 2592 is
2977 2539 3253 2592 diabolum
3288 2537 3342 2590 in
3369 2537 3550 2606 seipse

1982 2633 2177 2687 nutrit.
2212 2632 2577 2698 Quamobrem
2625 2642 2682 2686 ut
2709 2631 2936 2700 aequalis
2972 2631 3275 2700 similisque
3313 2630 3552 2683 charitas

1983 2718 2270 2788 quibusvis
2318 2719 2386 2772 ab
2426 2719 2682 2773 omnibus
2730 2727 2810 2774 est
2851 2718 3178 2784 exhibenda,
3245 2719 3317 2772 ita
3355 2718 3550 2780 honor,

1983 2811 2062 2864 uti
2098 2810 2345 2872 addecet,
2383 2812 2679 2881 unicuique
2701 2818 2785 2866 cst
2817 2810 3160 2864 tribuendus.
3188 2809 3245 2863 In
3274 2810 3342 2864 iis
3373 2815 3551 2866 autem

1984 2901 2077 2970 qui
2110 2901 2189 2954 sic
2223 2901 2504 2969 conjuncti
2548 2912 2678 2955 sunt
2708 2909 2762 2954 et
2802 2901 3063 2970 copulati,
3101 2916 3209 2954 non
3254 2900 3435 2953 futura
3471 2906 3556 2953 est

1986 2990 2163 3058 major
2209 2991 2432 3044 dilectio
2473 2991 2544 3045 ob
2593 2991 2932 3059 corporalem
2981 2992 3553 3060 consanguinitatent:

1688 3093 1804 3145 οὑδὲ
1836 3091 1889 3144 εζ
1913 3127 1959 3189 C
1989 3094 2165 3148 neque
2201 3079 2248 3132 si
2271 3080 2394 3149 quis
2427 3079 2645 3150 quidem
2682 3095 2975 3149 germanus
3005 3081 3237 3149 alicujus
3270 3080 3444 3135 frater.
3461 3082 3554 3144 sit.

1991 3171 2223 3234 filiusve,
2270 3178 2363 3223 aut
2402 3171 2531 3234 tilia,
2580 3172 2626 3225 is
2669 3173 2789 3226 licet
2837 3171 3159 3240 cognatione
3208 3173 3555 3241 conjunctus,

1991 3261 2165 3330 magis
2215 3277 2379 3330 quam
2424 3262 2610 3315 ca3teri
2659 3263 2930 3318 amabitur
2973 3262 3042 3315 ob
3073 3261 3354 3334 sanguinis
3408 3277 3560 3317 cont-

1993 3351 2327 3407 munioncm.
2377 3352 2481 3418 Qui
2525 3353 2667 3406 enim
2700 3353 2754 3404 in
2800 3353 2884 3406 his
2921 3359 3171 3406 naturam
3216 3355 3482 3423 sequitur,
3514 3354 3562 3408 is

1993 3442 2234 3496 nondum
2261 3458 2289 3495 a
2332 3451 2528 3497 natura
2563 3442 2803 3513 perfecte
2847 3446 3141 3500 recessisse
3190 3446 3558 3506 convincitur,

1994 3534 2086 3589 sed
2140 3536 2438 3587 etiamnum
2479 3550 2507 3586 a
2557 3549 2722 3588 carne
2771 3535 3085 3604 gubernari.
3145 3533 3336 3588 Sermo
3383 3542 3562 3592 autem

1996 3626 2229 3689 inutilis,
2261 3634 2315 3679 et
2349 3626 2527 3694 inepta
2565 3627 2762 3679 mentis
2794 3626 3040 3679 avocatio
3066 3640 3132 3679 ex
3157 3633 3359 3680 mutuo
3399 3625 3564 3682 collu-

1995 3719 2123 3785 quio
2158 3726 2297 3782 orta,
2343 3718 2454 3770 sint
2492 3715 2799 3769 interdicta.
2853 3716 2959 3770 Sed
3004 3719 3050 3770 si
3090 3716 3222 3786 quid
3257 3717 3561 3770 animarum

1995 3809 2342 3864 aadificationi
2375 3809 2653 3870 conducit,
2682 3807 2749 3862 de
2791 3822 2857 3861 eo
2898 3807 3162 3863 duntaxat
3195 3808 3563 3863 instituendus

1996 3908 2079 3953 est
2129 3915 2349 3953 sermo:
2382 3903 2491 3951 imo
2530 3913 2660 3953 vero
2703 3913 2765 3952 ea
2807 3898 2922 3967 ipsa
2973 3913 3096 3967 qua!
3140 3899 3289 3952 utilia
3320 3898 3562 3978 fuerint,

1997 3991 2242 4046 modeste
2279 3999 2331 4045 et
2381 3998 2624 4060 tempore
2674 3991 2999 4060 congruenti
3042 3991 3111 4045 ab
3151 3977 3458 4060 iis-quibus
3495 3992 3566 4045 sit

1998 4082 2254 4152 loquendi
2319 4081 2586 4146 facultas,
2636 4082 2866 4135 dicenda
2927 4089 3074 4136 sunt.
3108 4081 3463 4154 326.Quod
3520 4081 3567 4136 si

1999 4175 2270 4244 quispiam
2297 4190 2361 4228 ex
2392 4174 2724 4229 inferiorum.
2744 4189 2974 4230 numero
2997 4174 3092 4237 sit,
3122 4159 3397 4228 licentiam
3429 4173 3568 4228 hanc

1999 4277 2051 4321 et
2081 4265 2393 4320 facultatem
2439 4281 2468 4319 a
2509 4267 2792 4336 superiore
2837 4275 3137 4336 exspectet.
3169 4249 3571 4344 murmuratio-

2002 4374 2100 4412 nes
2131 4367 2334 4420 autem,
2375 4365 2429 4413 et
2463 4357 2858 4414 collocationes
2889 4357 2944 4411 in
2989 4374 3200 4422 aurem,
3245 4366 3299 4413 et
3328 4374 3446 4429 quae
3477 4374 3572 4428 per

312 4465 554 4535 ὁμιλίαι,
594 4465 687 4518 καὶ
740 4467 796 4516 αί
829 4465 916 4518 διὰ
946 4465 1054 4518 τῶν
1087 4466 1369 4536 νευμάτων
1405 4466 1691 4535 σημασίαι,
1726 4466 1884 4518 πάντα

2005 4458 2170 4502 nutus
2203 4449 2337 4502 fiunt
2372 4449 2822 4519 significationes,
2856 4451 2972 4504 haec
3005 4451 3186 4504 omnia
3229 4451 3570 4519 rejiciantur,

313 4558 498 4612 ταῦτα
551 4557 832 4626 ἀπόϐλητα
896 4556 1067 4618 ἔστω,
1104 4556 1238 4609 διότι
1276 4558 1376 4625 τὴν
1421 4558 1520 4626 τῆς
1570 4557 1900 4619 καταλαλιάς

321 4650 562 4719 ὑποψίαν
607 4649 635 4702 ὁ
665 4648 990 4719 ψιθυρισμὸς
1016 4648 1150 4715 ἔχει,
1181 4649 1275 4700 καὶ
1310 4650 1343 4718 ή
1389 4648 1476 4700 διὰ
1507 4649 1601 4699 τοῦ
1635 4647 1900 4717 νεύματος

323 4743 576 4813 σημασία
628 4740 852 4808 ἔνδειξιν
899 4741 1127 4811 παρέχει
1187 4740 1262 4811 τῷ
1292 4740 1503 4811 ἀδελφῷ
1548 4740 1898 4803 λανθάνοντος

322 4831 654 4903 πράγματός
708 4848 850 4894 τινος
879 4830 1194 4902 σκαιωρίας.
1231 4831 1310 4883 Τά
1357 4831 1412 4883 δὲ
1452 4831 1674 4882 τοιαῦτα
1712 4831 1900 4899 μίσους

323 4924 471 4995 ἀρχὴ
504 4926 597 4976 καὶ
639 4923 874 4991 ὑποψίας
899 4923 1124 4990 γίνεται.
1165 4923 1333 4974 Ὅταν
1370 4922 1424 4975 δὲ
1457 4922 1590 4994 πρὸς
1638 4922 1900 4992 ἀλλήλους

324 5010 362 5086 ᾖ
388 5032 475 5076 τις
505 5013 647 5068 κατά
673 5013 916 5081 ἀνάγκην
939 5013 1194 5082 γινομένη
1221 5009 1472 5075 διάλεξις,
1496 5012 1555 5062 τὸ
1584 5011 1777 5081 μέτρον
1805 5010 1900 5079 τῆς

328 5104 516 5174 φωνῆς
550 5106 583 5174 ἠ
605 5103 763 5174 χρεία
796 5103 1015 5155 ποιείτω
1045 5101 1175 5170 (86),
1203 5099 1342 5153 ὥστε
1373 5102 1449 5171 τῷ
1477 5100 1573 5170 μὲν
1595 5103 1758 5168 ἐγγὺς
1785 5101 1894 5152 ὄντι

401 5235 518 5306 (79)
555 5235 1000 5305 Praapositionem
1052 5232 1146 5306 ἐπί
1185 5233 1495 5306 addidimus
1541 5240 1667 5284 ante
1713 5246 1898 5306 vocem

329 5302 574 5362 πάντων.
610 5302 766 5359 fidem
826 5312 1068 5359 veterum
1117 5304 1350 5358 duorum
1405 5304 1665 5356 librorum
1704 5302 1900 5354 secuti.

404 5378 521 5447 (80)
552 5376 730 5431 Editio
761 5375 936 5447 Paris.
973 5374 1245 5447 ὀφειλέται
1271 5374 1493 5447 πάντες.
1546 5371 1904 5447 Editioj'en.

331 5460 384 5504 et
412 5439 808 5517 quatuorgrnss.
852 5439 1089 5517 πάντως.
1133 5443 1286 5498 Haud
1333 5445 1489 5513 longe
1528 5442 1694 5517 editio
1729 5439 1905 5495 Paris.

334 5512 624 5590 φρατρίας.
661 5515 840 5590 Editio
865 5513 1001 5590 ven.
1039 5522 1091 5568 et
1121 5523 1233 5590 tres
1265 5530 1397 5590 mss.
1432 5512 1683 5590 φατρίας.

407 5580 523 5651 (8Ῐ)
551 5587 681 5653 Reg.
715 5587 735 5639 1
766 5585 1014 5653 ἀγαπῶν,
1035 5584 1335 5654 κατήγορος
1357 5580 1553 5636 ἑαυτοῦ
1568 5583 1792 5654 γίνεται,
1812 5580 1905 5654 ὡς.

409 5657 520 5723 (82)
551 5651 728 5709 Editio
751 5651 980 5723 utraque
1003 5661 1057 5709 et
1085 5651 1218 5722 Reg.
1248 5656 1442 5706 tertius
1472 5651 1779 5723 ἀγαθότητα
1801 5651 1908 5723 αὖ-

337 5721 431 5782 τοῦ
479 5721 700 5797 ὁμοίως.
735 5727 835 5781 Alii
877 5721 983 5780 duo
1023 5721 1501 5794 ηιεεξὰγαθότητα
1552 5722 1643 5775 τοῦ
1689 5721 1908 5794 ὁμοίως.

2007 4559 2130 4598 cum
2161 4544 2522 4597 murmuratio
2551 4559 2661 4614 prce
2685 4559 2744 4598 se
2781 4543 2920 4597 ferat
2950 4543 3369 4599 obtrectationis
3398 4544 3574 4612 suspi-

2006 4635 2242 4697 cionem,
2287 4635 2614 4704 significatio
2645 4649 2795 4696 vero,
2832 4649 2953 4704 quae
3000 4649 3098 4704 per
3144 4641 3342 4687 nutum
3387 4632 3572 4693 datur,

2006 4744 2119 4782 rem
2151 4729 2388 4796 aliquam
2435 4727 2690 4782 latentem
2726 4734 2780 4780 et
2823 4727 3116 4795 malignam
3156 4723 3312 4777 fratri
3348 4722 3574 4777 indicet.

2005 4819 2136 4884 Quae
2163 4829 2344 4873 autem
2376 4825 2505 4874 sunt
2537 4817 2981 4887 ejusmodi,_odii
3007 4816 3222 4870 initium
3252 4829 3380 4868 sunt
3416 4822 3578 4884 atque

2008 4912 2358 4981 suspicionis.
2415 4910 2550 4965 Cum
2607 4916 2788 4962 autem
2837 4907 3208 4964 necessarium
3252 4905 3414 4960 fuerit
3457 4921 3578 4959 mu-

2007 5012 2164 5056 tuum
2198 5002 2530 5072 colloquium
2553 5042 2566 5065 ,
2597 5001 2748 5054 vocis
2779 5000 3000 5054 modum
3033 4998 3229 5052 formet
3254 4996 3576 5056 necessitas,

2013 5095 2086 5148 ita
2127 5102 2187 5148 ut
2232 5110 2356 5148 eum
2413 5095 2505 5164 qui
2551 5093 2891 5163 propinquus
2934 5100 3038 5156 est,
3090 5090 3405 5146 remissiore
3447 5103 3581 5145 voce

2009 5229 2209 5285 [bidem
2238 5228 2368 5296 Reg.
2393 5231 2602 5299 primus
2631 5229 2782 5298 ἥλιον
2818 5225 3021 5299 αὐτοῦς

2083 5301 2193 5370 (85)
2229 5291 2409 5353 Codei
2431 5300 2585 5354 Colb.
2613 5291 2825 5368 ἀνάγκη
2848 5296 2924 5350 δέ.
2963 5296 3086 5350 Mox
3113 5296 3254 5350 idem
3285 5295 3419 5349 liber
3443 5291 3582 5363 ἔχων

2006 5370 2098 5422 τὸν
2134 5370 2509 5438 ἀντικείμενον
2535 5371 2610 5421 ἐν.
3117 5435 3142 5438 ᾼ
3203 5436 3212 5438 _
3321 5434 3335 5438 ν,

2082 5441 2192 5508 (84)
2223 5433 2361 5508 Βρεξ
2389 5440 2596 5507 primus
2625 5440 2718 5492 mi
2743 5438 2881 5492 αὐτά
2902 5439 2958 5492 δὲ
2988 5440 3074 5492 τά.
3104 5434 3462 5508 ϐοιιρκᾷϐιῃιξ.
3492 5433 3586 5508 διαὶ

2012 5481 2150 5562 αὐτὰ
2179 5481 2234 5560 δὲ
2263 5481 2332 5561 τά
2364 5481 2582 5578 ρῗῆματα
2621 5511 2734 5561 εὐτ.
2763 5510 2881 5561 Mox
2920 5511 3028 5562 duo
3059 5523 3192 5560 mss.
3225 5503 3582 5562 κ.λαλείσθω.

2083 5580 2194 5648 (83S)
2224 5578 2599 5649 Reg._7pritnus
2641 5579 2846 5649 μενέτω
2869 5580 2970 5648 τὴν
3004 5584 3340 5649 προτροπὴν.

2085 5645 2193 5717 (86)
2229 5649 2317 5700 Sic
2351 5647 2501 5716 Regii
2533 5645 2739 5716 primus
2764 5659 2815 5700 et
2837 5645 3058 5701 tertius.
3083 5645 3326 5714 Utraque
3349 5645 3517 5698 editio
3538 5651 3593 5696 et

2015 5717 2146 5789 Reg.
2181 5719 2457 5773 secundus
2489 5720 2672 5789 φωνῆς
2703 5719 2860 5793 χρείᾳ
2891 5718 3130 5783 ποιείτω,
3175 5735 3281 5771 non
3315 5717 3384 5771 ita
3424 5725 3590 5770 recte.
