3962 6238
493 300 593 356 891

1782 314 1840 375 S.
1883 318 1964 373 BA
1976 319 2127 377 SlLll
2166 322 2378 380 MAGNI

3639 342 3740 397 892

492 429 612 483 tes.
676 434 802 475 cum
850 422 987 475 nihil
1042 426 1279 494 amplius
1334 428 1605 497 profuerit
1658 436 2044 503 pmnitentibus

2181 442 2577 515 ἀποϐληθῶμεν
2599 444 2731 515 (98),
2756 446 2904 518 ἀργὰ
2936 446 2993 499 δὲ
3027 449 3118 501 καὶ
3150 450 3381 522 ἀνόνητα
3411 454 3743 522 μετακλαίω-

497 509 656 564 Nunc
672 520 873 582 tempus
897 515 1236 580 acceptabile,
1256 518 1432 589 inquit
1452 523 1767 593 Apostolus,
1794 545 1931 583 nunc
1958 531 2044 585 die

2178 550 2298 603 μεν,
2327 509 2421 588 τόν
2461 509 2647 601 κακῶς
2679 509 2984 608 παρεθέντα
3027 540 3121 593 τοῦ
3167 509 3514 612 βίου’χρόνον

493 600 733 655 mtutis‘.
772 601 899 659 Haec
933 614 1018 661 est
1056 609 1395 677 paenitentia!
1422 622 1578 679 aetas,
1619 616 1714 670 illa
1744 634 2070 676 remunera-

491 694 690 763 tionis;
721 698 843 751 haec
874 713 1054 769 operae.
1078 710 1131 755 et
1151 702 1378 770 laboris,
1409 705 1500 760 illa
1530 708 1889 777 rependendaa
1920 728 2068 768 mer-

489 784 671 854 cedis;
704 787 818 843 hazc
853 792 1180 859 tolerantiae,
1220 795 1311 848 illa
1347 797 1552 854 solatii.
1594 799 1751 856 Nunc
1792 801 1935 859 Deus
1971 806 2068 860 ad-

485 876 642 945 iutor
664 888 749 935 est
775 897 963 937 eorum
987 888 1078 955 qui
1114 904 1174 943 se
1204 903 1234 941 a
1266 892 1352 944 via
1382 894 1524 946 mala
1551 907 1880 954 convertunt
1904 919 1918 954 :
1939 911 2066 958 tunc

492 968 805 1027 horrendus
827 982 879 1027 et
910 992 1070 1045 quem
1096 980 1278 1035 nullus
1312 980 1481 1048 fallet,
1503 984 1864 1044 humanarum
1896 994 2067 1047 actio-

490 1078 648 1127 num,
679 1067 1081 1140 verborumque
1098 1080 1150 1126 et
1166 1074 1557 1142 cogitationum
1582 1078 1892 1149 inquisitor.
1910 1082 2066 1141 Nunc

485 1157 804 1225 experimur
835 1160 1132 1225 lenitatem,
1169 1173 1300 1221 tunc
1328 1168 1537 1236 justum
1567 1169 1832 1240 judicium
1866 1189 2065 1247 cogno-

488 1261 733 1309 scemus.
764 1265 889 1304 cum
925 1254 1177 1310 videlicet
1215 1262 1696 1323 resurrexerimus.
1727 1266 1818 1321 alii
1846 1268 1910 1321 ad
1933 1284 2063 1339 sup,

485 1340 708 1407 plicium
738 1351 1022 1407 aeternum,
1057 1347 1149 1400 alii
1179 1349 1243 1402 ad
1278 1350 1442 1404 vitam
1474 1361 1750 1419 aeternam,
1797 1366 1850 1411 et
1888 1375 2060 1415 unus-

483 1433 719 1502 quisque
751 1435 915 1506 328
945 1439 1243 1494 secundum
1280 1458 1378 1497 sua
1410 1444 1585 1514 ipsius
1629 1462 1793 1517 opera
1842 1466 2062 1522 recepe-

484 1523 579 1576 rit.
615 1522 913 1596 Quousque
944 1528 1186 1593 Christo,
1229 1535 1324 1602 qui
1375 1551 1477 1591 nos
1513 1538 1578 1592 ad
1630 1556 1790 1594 suum
1836 1544 2061 1602 caeleste

483 1628 711 1685 regnum
732 1621 968 1684 vocavit,
1002 1623 1231 1695 obsequi
1279 1626 1583 1686 differimus
1603 1632 1629 1686 τ
1655 1633 1738 1688 An
1770 1650 1878 1690 non
1918 1639 2061 1692 reci-

482 1708 695 1778 piemus
718 1726 819 1766 nos
851 1714 919 1767 ad
958 1715 1154 1770 bonam
1183 1718 1392 1791 frugem
1413 1722 1526 1777 ‘Ian
1568 1740 1679 1779 non
1717 1741 1746 1780 a
1795 1738 2055 1786 consueta

480 1800 698 1856 vivendi
729 1804 943 1861 ratione
974 1811 1350 1867 revocabimus
1376 1828 1479 1870 nos
1510 1816 1577 1870 ad
1604 1815 1876 1890 Evangelii
1912 1823 2054 1879 inte-

478 1892 776 1961 gritatem?
802 1895 885 1950 An
914 1913 1025 1953 non
1067 1901 1139 1957 ob
1170 1903 1362 1959 oculos
1397 1906 1556 1963 nobis
1602 1924 1867 1978 ponemus
1904 1914 2050 1968 illam

479 1982 696 2040 Domini
737 1989 1080 2044 metuendam
1115 2006 1180 2046 ac
1234 1996 1587 2065 conspicuam
1640 2001 1805 2066 diem,
1850 2004 1903 2057 in
1943 2021 2051 2075 qua

477 2075 580 2130 hos
612 2079 831 2148 quidem
860 2083 952 2152 qui
992 2083 1057 2137 ad
1080 2082 1294 2144 Domini
1326 2087 1605 2144 dexteram
1642 2108 1737 2162 per
1760 2109 1860 2149 sua
1885 2112 2051 2168 Opera

478 2172 833 2238 accesserint,
865 2189 1092 2245 regnum
1123 2178 1390 2233 ccelorum
1422 2184 1707 2252 suscipiet,
1762 2186 1889 2242 illos
1921 2206 2052 2245 vero

474 2261 570 2330 qui
604 2262 674 2318 ob
708 2263 974 2320 bonorum
1008 2283 1231 2338 operum
1264 2272 1624 2341 privationem
1671 2278 1737 2331 ad
1767 2280 2049 2337 sinistram

473 2350 672 2421 dejecti
725 2353 950 2422 fuerint,
996 2360 1242 2429 gehenna
1277 2362 1419 2433 ignis
1447 2372 1502 2419 et
1545 2368 1788 2424 tenebrae
1830 2380 2049 2429 :eternaa

471 2444 770 2502 involvent.
796 2446 943 2511 Illic,
978 2449 1293 2519 iuquit,,erit
1313 2453 1470 2521 ﬂetus
1484 2464 1532 2509 et
1557 2459 2045 2520 stridordentium'.

2177 636 2334 696 μενοι·
2360 626 2503 688 τότε,
2536 630 2625 681 ὅτε
2666 630 2828 682 πλέον
2861 631 3012 683 οὐδὲν
3046 631 3258 697 ἐξέσται
3293 638 3405 698 τοῖς
3440 639 3739 708 μεταμελο-

2175 719 2376 788 μένοις.
2410 721 2540 775 Νῦν
2565 722 2772 790 καιρὸς
2804 723 3269 792 εὐπρόσδεκτος,
3301 727 3465 796 φησὶν
3499 729 3530 780 ὁ
3584 730 3741 784 Ἀπό-

2173 811 2379 876 στολος,
2422 812 2540 867 νῦν
2588 813 2778 881 ἡμέρα
2820 815 3139 883 σωτηρίας.
3189 809 3356 880 Οὗτος
3391 820 3419 871 ό
3460 817 3596 872 αιὼν
3639 820 3739 889 τῆς

2173 901 2479 972 μετανοίας,
2515 904 2718 966 ἐκεῖνος
2745 903 2843 974 τῆς
2873 904 3276 970 ἀνταποδόσεως
3299 906 3428 978 (99)’
3460 904 3617 972 οὗτος
3641 911 3740 979 τῆς

2171 995 2466 1064 ὑπομονῆς,
2521 996 2724 1058 ἐκεῖνος
2775 995 2875 1064 τῆς
2933 996 3343 1068 παρακλήσεως.
3392 997 3505 1051 Νῦν
3551 998 3741 1071 βοηθὸς

2167 1085 2275 1139 τῶν
2314 1087 2747 1157 ἐπιστρεφόντων
2793 1087 2902 1141 ἀπὸ
2945 1088 3064 1142 ὁδοῦ
3114 1090 3290 1160 κακῆς
3328 1091 3358 1142 ό
3400 1090 3568 1157 Θεὸς,
3616 1095 3738 1147 τότε

2166 1178 2397 1250 φοϐερὸς
2436 1181 2528 1233 καὶ
2574 1181 3010 1249 ἀπαραλόγιστος
3041 1181 3151 1235 τῶν
3189 1183 3541 1254 ἀνθρωπίνων
3596 1203 3741 1258 πρα-

2164 1269 2387 1340 γμάτων
2407 1286 2465 1322 τε
2499 1270 2592 1323 καὶ
2627 1273 2885 1342 ῥημάτων
2916 1274 3011 1326 καὶ
3034 1273 3428 1345 ἐνθυμημάτων
3454 1278 3529 1348 (1)
3552 1277 3738 1342 ἐξεταο

2165 1362 2316 1432 στής.
2354 1362 2469 1414 Νῦν
2504 1363 2601 1432 τῆς
2653 1363 3030 1434 μακροθυμίας
3080 1365 3453 1437 ἀπολαύομεν,
3485 1368 3607 1422 τότε
3632 1369 3737 1441 τὴν

2160 1453 2556 1524 δικαιοκρισίαν
2594 1456 2951 1526 γνωρίσομεν,
2989 1455 3116 1510 ὅταν
3159 1457 3513 1529 ἀναστῶμεν,,
3542 1460 3593 1512 οἱ
3628 1461 3733 1530 μὲν

2162 1546 2244 1607 εἰς
2285 1544 2505 1598 κόλασιν
2549 1546 2788 1609 αἰώνιον,
2829 1546 2978 1599 οῖ’δὲ
3023 1549 3104 1611 εις
3140 1544 3283 1619 ζωὴν
3332 1548 3586 1615 αἰώνιον,
3636 1551 3738 1606 καὶ

2161 1635 2410 1708 ἀπολάϐῃ
2445 1635 2675 1700 ἕκαστος
2703 1637 2845 1691 κατά
2878 1638 2977 1710 τὴν
3010 1638 3206 1711 πρᾶξιν
3241 1641 3427 1695 αὑτοῦ.
3469 1641 3617 1713 Πρὸς
3651 1643 3736 1696 τί-

2160 1747 2228 1783 να
2262 1729 2448 1801 καιρὸν
2486 1729 2884 1799 ὑπερτιθέμεθα
2920 1730 3016 1803 τὴν
3044 1731 3288 1804 ὑπακοὴν
3328 1733 3423 1787 τοῦ
3465 1734 3731 1806 Χριστοῦ,

2160 1819 2253 1872 τοῦ
2279 1819 2606 1884 καλέσαντος
2634 1822 2781 1891 ἡμᾶς
2809 1823 2890 1886 είς
2922 1822 3021 1894 τὴν
3055 1825 3373 1896 ἐπουράνιον
3414 1826 3610 1880 ἑαυτοῦ
3651 1827 3732 1897 (2)

2161 1912 2471 1983 βασι).είαν;
2536 1916 2649 1969 Οὐκ
2707 1914 3048 1985 ἐκνήψομεν;
3111 1917 3210 1970 οὐκ
3284 1917 3733 1989 ἀνακαλεσόμεθα

2160 2008 2384 2071 ἑαυτοὺς
2437 2007 2544 2060 ἀπὸ
2594 2008 2685 2059 τοῦ
2746 2008 2886 2061 κατά
2940 2008 3229 2079 συνήθειαν
3273 2009 3386 2078 βίου
3443 2010 3581 2082 πρὸς
3632 2010 3735 2079 τὴν

2158 2094 2444 2168 ἀκρίϐειαν
2470 2098 2561 2151 τοῦ
2597 2098 2962 2167 Εὐαγγελίου;
3002 2097 3114 2152 Οὐκ
3146 2100 3204 2152 ἐν
3240 2097 3734 2170 ὀφθαλμοῖς-ληιβ-

2161 2190 2299 2261 μεθα
2342 2191 2440 2261 τὴν
2475 2191 2686 2261 ἡμέραν
2725 2191 2927 2261 Κυρίου
2968 2190 3066 2262 τὴν
3111 2191 3346 2262 φοϐερὰν
3385 2192 3602 2261 ἐκείνην
3637 2195 3737 2246 καὶ

2155 2283 2416 2352 ἐπιφανῆ,
2468 2284 2525 2336 ἐν
2657 2283 2783 2345 τοὺς
2828 2282 2927 2353 μὲν
2962 2285 3026 2353 τῇ
3082 2281 3230 2353 δεξιᾷ
3262 2282 3355 2336 τοῦ
3390 2283 3603 2356 Κυρίου
3639 2281 3734 2337 διὰ

2153 2375 2262 2428 τῶν
2332 2374 2582 2446 πράξεων
2644 2373 3102 2445 προσεγγίζοντας
3170 2375 3416 2445 βασιλεία
3484 2375 3731 2447 οὐρανῶν

2154 2464 2497 2532 ὑποδέξεται·
2541 2469 2668 2532 τοὺς
2718 2468 2775 2520 δὲ
2832 2466 2968 2537 πρὸς
3012 2467 3109 2536 τὴν
3160 2470 3457 2541 ἀριστερὰν
3505 2469 3594 2523 διὰ
3629 2469 3733 2539 τὴν

470 2541 704 2612 ἐρημίαν
751 2541 860 2597 τῶν
915 2543 1134 2612 ἀγαθῶν
1174 2546 1350 2616 ἔργων
1413 2550 1824 2622 ἀπεωσμένους,
1857 2557 2050 2625 γέεννα
2108 2562 2281 2633 πυρὸς
2323 2563 2416 2615 καὶ
2475 2561 2664 2625 σκότος
2713 2562 2930 2615 αἰώνιον
2980 2562 3353 2632 κατακρύφεω
3427 2561 3584 2617 Ἐκεῖ
3650 2544 3731 2633 (3)

469 2630 674 2698 ἔσται,
729 2636 913 2705 φησὶν,
967 2640 1000 2691 ό
1046 2638 1348 2707 κλαυθμὸς
1388 2642 1487 2694 καὶ
1532 2646 1566 2696 d
1609 2645 1882 2715 βρυγμὸς
1925 2651 2045 2705 τῶν
2076 2630 2358 2707 ὀδόκτων.

537 2744 591 2798 2.
625 2744 789 2815 Atqui
819 2748 1080 2802 calorum
1115 2750 1334 2818 quidem
1391 2768 1616 2822 regnum
1656 2761 2048 2830 concupiscere

470 2849 573 2891 nos
609 2836 867 2900 dicimus,
898 2847 953 2893 et
980 2848 1158 2895 tamen
1185 2841 1252 2897 de
1286 2844 1354 2898 iis
1387 2847 1586 2914 quibus
1618 2857 1923 2921 comparari
1943 2872 2042 2926 po-

470 2935 597 2990 test,
628 2929 764 2982 nihil
793 2946 984 2986 sumus
1007 2933 1226 2988 solliciti
1257 2954 1271 2990 :
1310 2938 1420 2990 imo
1456 2943 1670 2996 tametsi
1700 2945 1910 3000 nullum
1941 2964 2041 3018 pro

2223 2764 2278 2817 2.
2320 2765 2514 2833 Ἡμεῖς
2544 2764 2600 2817 δὲ
2624 2762 2898 2834 βασιλείας
2928 2764 3027 2835 μὲν
3058 2765 3301 2836 οὐρανῶν
3328 2767 3618 2841 ἐπιθυμεῖν
3637 2772 3731 2826 λέ-

2149 2871 2338 2925 γομεν,
2366 2857 2428 2923 ἐξ
2455 2850 2530 2909 ὧν
2563 2855 2621 2909 δέ
2649 2855 2796 2910 ἔστιν
2838 2858 3009 2927 αὐτῆς
3041 2860 3315 2930 ἐπιτυχεῖν
3349 2861 3410 2913 ού
3447 2863 3734 2932 φροντίζοι

2150 2960 2280 3015 μεν·
2323 2945 2461 2999 ἀλλὰ
2496 2946 2699 3017 μηδένα
2731 2947 2890 3001 πόνον
2931 2948 3069 3020 ὑπὲρ
3108 2949 3328 3020 ἐντολῆς
3370 2951 3580 3023 Κυρίου
3623 2971 3732 3007 κα-

468 3020 810 3076 conficiendo
842 3021 1055 3078 Domini
1093 3026 1347 3082 mandato
1379 3030 1619 3086 laborem
1658 3035 1931 3105 subimus,
1960 3043 2044 3095 ni-

2156 3035 2489 3106 ταδεχόμενοι
2527 3036 2624 3107 (4),
2656 3036 2762 3089 τῶν
2797 3037 2927 3091 ῐσων
2955 3039 3130 3110 τιμῶν
3162 3020 3596 3107 τεύξεσθαιντοῖς
3631 3046 3735 3115 μέρ

469 3109 770 3168 hilominus
796 3116 1034 3184 :equales
1057 3117 1294 3174 honores
1334 3136 1397 3175 ac
1436 3126 1659 3191 praemia
1689 3143 1814 3182 cum
1849 3131 1919 3187 iis
1949 3135 2044 3204 qui

470 3203 538 3257 ad
574 3214 800 3260 mortem
830 3223 1001 3277 usque
1014 3218 1238 3279 peccato
1259 3215 1583 3281 restiteriut,
1615 3229 1933 3291 recepturos
1946 3203 2046 3283 nos

466 3316 590 3356 esse
620 3317 729 3371 prae
757 3305 956 3359 mentis
992 3314 1194 3361 nostra:
1222 3310 1463 3365 vanitate
1480 3312 1884 3373 existimamus.
1908 3320 2045 3385 Quis

467 3394 732 3449 sementis
762 3404 1005 3464 tempore
1053 3398 1200 3451 domi
1250 3399 1529 3464 desidens,
1593 3415 1686 3458 aut
1738 3407 2042 3475 dormiens,

465 3484 709 3541 instante
741 3501 919 3542 messe
956 3490 1252 3559 manipulis
1289 3493 1468 3547 sinum
1506 3497 1792 3566 implevit?
1821 3504 1947 3571 quis
1977 3520 2042 3558 ex

466 3578 625 3631 vinea
654 3593 682 3631 a
712 3594 771 3634 se
793 3594 901 3633 non
935 3581 1174 3649 plantata
1198 3600 1300 3637 nec
1319 3587 1534 3640 exculta
1568 3605 1699 3645 uvas
1729 3592 1891 3661 legit?
1919 3594 2044 3648 Illo-

465 3684 586 3723 rum
616 3678 744 3724 suut
777 3669 1014 3736 fructus,
1048 3688 1282 3742 quorum
1312 3684 1365 3730 et
1398 3677 1647 3734 labores:
1676 3681 1744 3735 iis
1774 3684 1867 3753 qui
1901 3685 2044 3740 vice—

463 3762 596 3825 rint,
626 3762 851 3832 pra-mia
892 3770 946 3818 et
992 3778 1220 3820 corona:
1253 3769 1589 3824 tribuuntur.
1629 3770 1765 3837 Quis
1805 3790 2041 3845 unquam

463 3856 751 3911 coronabit
792 3872 918 3911 eum
962 3859 1054 3927 qui
1089 3874 1157 3914 ne
1207 3861 1449 3914 accinxit
1489 3880 1547 3916 se
1579 3864 1798 3933 quidem
1851 3877 2041 3923 contra

465 3948 838 4003 adversarium
859 3950 882 4003 ?
902 3949 1340 4021 quandoquidem
1378 3969 1486 4009 non
1513 3957 1673 4011 modo
1710 3959 2037 4016 vincendum

462 4047 571 4102 est,
590 4038 682 4094 sed
708 4049 762 4094 et
782 4041 1023 4110 legitime
1044 4043 1459 4109 decertandum,
1476 4046 1634 4116 juxta
1656 4050 2036 4120 Apostolum‘;

464 4132 570 4186 hoc
597 4139 701 4195 est,
731 4147 801 4186 ne
847 4134 1130 4187 minimum
1169 4137 1388 4204 quidem
1424 4149 1684 4208 punctum
1710 4158 1772 4197 ex
1810 4144 1880 4197 iis
1914 4160 2039 4213 quae

462 4223 766 4291 prescripta
793 4232 941 4287 sunt,
961 4226 1338 4296 negligendum
1366 4240 1449 4286 est
1484 4251 1496 4286 :
1527 4233 1635 4286 imo
1671 4235 1884 4304 singula
1916 4253 2038 4305 per-

464 4313 697 4366 ficienda
731 4323 861 4368 sunt
909 4316 1004 4379 ita,
1040 4324 1100 4369 ut
1134 4319 1292 4373 nobis
1333 4331 1662 4392 praceptum
1698 4335 1801 4380 est.
1839 4325 2036 4382 Beatus

2147 3143 2238 3198 χρι
2270 3126 2500 3180 θανάτου
2538 3128 2673 3200 πρὸς
2705 3128 2804 3199 τὴν
2844 3131 3121 3201 ἁμαρτίαν
3169 3132 3625 3190 ἀντικαταστάσιν
3666 3138 3731 3189 ἐν

2144 3221 2209 3289 τῇ
2252 3219 2573 3292 ματαιότητι
2607 3219 2700 3274 τοῦ
2736 3222 2859 3285 νοὸς
2891 3221 3049 3292 ἡμῶν
3091 3223 3477 3295 ὑποτιθέμεθα.
3514 3226 3613 3290 Τίς
3665 3228 3732 3279 ἐν

2146 3311 2321 3382 καιρῷ
2355 3313 2451 3383 τῆς
2487 3314 2695 3384 σπορᾶς
2733 3312 2874 3366 οἴκοι
2907 3313 2986 3383 (5)
3017 3313 3324 3384 καθήμενος
3351 3316 3385 3387 ἢ
3423 3315 3728 3383 καθεύδων,

2144 3402 2430 3466 ἐνστάντος
2460 3403 2554 3457 τοῦ
2590 3404 2875 3476 θερισμοῦ,
2911 3406 3001 3459 τὸν
3035 3405 3233 3459 κόλπον
3284 3408 3569 3479 ἐπλήρωσε
3610 3408 3732 3464 τῶν

2142 3495 2504 3567 δραγμάτων;
2538 3497 2618 3561 τίς
2656 3497 2955 3570 ἐτρύγησεν
3002 3484 3299 3569 ἀμπελῶνα
3335 3499 3426 3552 τὸν
3477 3500 3552 3572 μὴ
3590 3504 3729 3571 παρ’

2142 3588 2308 3640 αὑτοῦ
2340 3591 2748 3661 πεφυτευμένον
2779 3592 2872 3644 καὶ
2903 3608 2969 3644 πε
2981 3592 3280 3662 πονημένον
3318 3593 3416 3661 (6);
3465 3593 3729 3647 Ἑκείνων

2141 3685 2190 3736 οἱ
2226 3686 2447 3755 καρποὶ,
2482 3678 2557 3737 ὧν
2599 3685 2692 3738 καὶ
2726 3685 2775 3737 οἱ
2815 3686 2998 3737 πόνοι·
3041 3686 3273 3755 αἱτιμαὶ
3309 3686 3402 3739 καὶ
3438 3686 3490 3737 οε
3521 3684 3731 3753 στέφα-

2140 3791 2222 3827 νοι
2256 3775 2364 3829 τῶν
2392 3776 2751 3847 νενικηκότων
2778 3778 2901 3830 εἰσί.
2930 3777 3025 3840 Τίς
3059 3794 3191 3830 ποτε
3227 3776 3303 3845 (7)
3340 3779 3600 3846 στεφανοῖ
3626 3778 3729 3831 τὸν

2146 3866 2277 3937 μηδὲ
2312 3866 2585 3921 ἀποδύντα
2611 3869 2745 3939 πρὸς
2773 3869 2864 3921 τὸν
2897 3868 3225 3935 ἀντίπαλονς
3265 3868 3426 3923 ὁπότε
3458 3870 3518 3923 οὐ
3558 3870 3725 3940 νικῆ-

2144 3975 2234 4011 σαι
2281 3959 2362 4012 δεῖ
2418 3960 2599 4030 μόνον,
2646 3960 2780 4014 ἀλλά
2843 3961 2936 4014 καὶ
2978 3962 3224 4032 νομίμως
3271 3961 3526 4033 ἀθλῆσαι,
3576 3964 3727 4016 κατὰ

2139 4051 2231 4104 τὸν
2273 4052 2590 4106 Ἀπόστολον
2611 4070 2624 4082 ·
2666 4053 2827 4106 τοῦτο
2859 4053 2916 4106 δέ
2950 4053 3067 4106 ἐστι
3110 4054 3173 4106 τὸ
3205 4054 3342 4124 μηδέ
3377 4053 3573 4124 μικρὸν
3619 4054 3727 4124 μὲν

2141 4142 2393 4213 παριέναι
2428 4161 2481 4197 τι
2521 4143 2630 4197 τῶν
2670 4143 3139 4214 διατεταγμένων*
3189 4144 3334 4197 οὕτω
3376 4144 3434 4197 δὲ
3482 4144 3726 4197 ἕκαστον

2140 4236 2383 4305 ποιῆσαι,
2410 4236 2484 4298 ὡς
2512 4237 2985 4308 προστετάγμεθα.
3015 4236 3315 4307 Μακάριος
3360 4236 3492 4309 γὰρ,
3524 4237 3724 4306 φησὶν,

2138 4330 2172 4381 ὁ
2212 4326 2433 4393 δοῦλος
2467 4327 2719 4395 ἐκεῖνος,
2751 4328 2824 4382 ὃν
2871 4330 3066 4385 ἐλθὼν
3108 4333 3142 4383 ό
3186 4330 3401 4398 Κύριος
3445 4328 3721 4398 εὑρήσει,

462 4405 631 4468 enim,
669 4405 866 4475 inquit,
924 4424 1100 4461 servus
1144 4426 1294 4476 quem
1337 4428 1454 4465 cum
1513 4416 1707 4468 venerit
1754 4416 2031 4482 Dominus,

2156 4420 2260 4490 ›ύχὶ
2302 4419 2557 4473 ποιοῦντα
2602 4420 2677 4484 ὡς
2717 4419 2925 4492 ἔτυχεν,
2969 4419 3107 4474 ἀλλὰ
3165 4422 3454 4476 ποιοῦντα
3492 4422 3723 4488 οὕτως·

462 4498 734 4564 invenerit,
752 4515 859 4553 non
877 4499 1162 4555 facientem
1184 4512 1478 4575 utcunque,
1495 4507 1694 4569 sed,sic
1710 4509 2030 4577 facientem".

458 4586 612 4652 Item,
642 4590 700 4644 Si
726 4600 862 4645 recte
894 4591 1101 4662 quidem
1126 4594 1398 4660 obtuleris,
1427 4611 1561 4652 recte
1597 4609 1771 4653 autem
1810 4618 1914 4655 non
1951 4603 2033 4657 di-

2142 4515 2257 4577 xatl,
2303 4513 2451 4568 Ἐὰν·
2472 4511 2658 4581 ὀρθῶς
2692 4512 2811 4582 μὲν
2860 4512 3295 4582 προσενέγκῃς,
3325 4512 3507 4582 ὀρθῶς
3536 4513 3608 4567 δὲ
3625 4512 3722 4581 μή

2138 4605 2365 4676 eum,
2403 4605 2680 4675 ἥμαρτες.
2715 4606 2906 4677 Ἡμεῖς
2928 4606 3005 4671 δέ,
3044 4605 3173 4676 μίαν
3217 4623 3319 4659 που
3350 4607 3457 4659 τῶν
3485 4605 3725 4659 ἐντολῶν

541 4722 564 4755 ⁸
592 4724 636 4779 Il
668 4725 796 4783 Cor.
831 4743 920 4789 vr,
954 4727 1009 4782 2.
1081 4728 1103 4761 ⁸
1144 4728 1333 4785 Matth.
1371 4747 1495 4796 xxv,
1533 4733 1623 4789 30.
1702 4736 1722 4767 ⁸
1761 4734 1804 4788 11
1839 4735 1979 4794 Tim.
2014 4755 2088 4804 ιι,
2126 4739 2178 4794 5.
2254 4742 2274 4773 ν
2315 4739 2448 4794 L‘uc.
2488 4757 2601 4806 xu,
2637 4743 2725 4798 45'.

536 4838 862 4917 (98‘)_Code_x
894 4838 1049 4895 Colb.
1079 4842 1368 4917 νυμφῶνος
1413 4845 1824 4917 ἀποκείσθωμεν
1870 4848 2030 4917 [ἀπο-

461 4909 795 4992 κλεισθῶμεν
814 4910 879 4978 ⁸2],
908 4926 1073 4992 sensu
1111 4909 1217 4992 non
1238 4914 1651 4992 dissimilia!“
1674 4909 1844 4992 codex
1864 4909 2026 4977 Voss.

458 4981 550 5060 τὴν
570 4980 753 5060 κακῖες
775 4980 1091 5060 προεθέντα.
1107 4983 1281 5060 codex
1300 4982 1455 5060 Col_b.
1486 4985 1576 5038 τὸν
1595 4988 1775 5060 κακῶς
1799 5008 2029 5060 περαιω-

460 5049 642 5127 θέντα.
696 5048 831 5127 Βοὲζ
876 5052 1087 5127 primus
1132 5053 1221 5106 τὸν
1268 5053 1453 5119 κακῶς
1485 5048 2022 5127 -παρελθόνταδῐῑθιζ,

459 5119 662 5192 tertius
681 5126 734 5173 et
754 5120 996 5179 Combef.
1020 5138 1142 5176 cum
1178 5132 1406 5190 utraque
1437 5119 1676 5180 editione
1706 5128 1797 5180 τὸν
1841 5119 2028 5192 κακῶς

461 5188 791 5267 παρεθέντα,
832 5205 901 5243 ex
939 5193 1140 5261 quibus
1180 5188 1435 5249 omnibus
1477 5196 1665 5251 eadem
1703 5199 1864 5267 plane
1905 5188 2027 5257 seu:

460 5261 632 5337 tentia
659 5258 906 5337 efficitur.
944 5258 973 5337 ξ
1181 5334 1192 5337 Δ
1454 5334 1494 5337 __
1671 5331 1677 5337 η

529 5327 640 5411 (φ)
673 5329 897 5411 Ακηιίηιιὶ
928 5328 1038 5386 duo
1072 5332 1192 5388 libri
1233 5344 1425 5403 praeter
1454 5334 1615 5391 Voss.
1647 5331 1899 5403 κάκεῖνος
1930 5340 2031 5411 τῆς

462 5396 903 5468 μισθαποδοσίας.

531 5468 607 5537 (1)
645 5468 720 5522 lta
770 5470 1161 5544 edidimus-ex
1214 5475 1492 5529 veteribus
1556 5484 1792 5544 quatuor
1848 5479 2024 5534 libris.

461 5535 705 5619 Utraque
740 5540 906 5619 editio
936 5541 1278 5619 πραγμάτων
1307 5547 1401 5598 καὶ
1435 5535 1856 5617 ἐνθυμημάτων,
1884 5551 2028 5619 quod

458 5609 712 5661 mutilum
743 5617 860 5664 erat
889 5620 943 5665 et
976 5609 1338 5667 decurtatum.

642 5679 867 5755 Anntiqui
905 5681 1177 5755 tres_libri
1225 5685 1545 5755 ἐπουράνιον
1589 5688 1775 5741 αὐτοῦ.
1821 5688 2020 5744 Ibidem

460 5746 630 5801 codex
661 5746 811 5804 Coll).
843 5749 1117 5819 βασιλείαν
1149 5755 1241 5807 καὶ
1276 5746 1452 5822 δόξαν,
1481 5767 1527 5811 et
1553 5759 1619 5812 ad
1638 5760 1877 5829 gloriam.
1910 5759 2021 5815 Hoc

2134 4853 2351 4929 ipsein
2368 4856 2489 4929 loco
2522 4856 2663 4929 idem
2692 4858 2831 4912 liber
2862 4857 2978 4921 πῶς
3011 4857 3334 4929 ἐκνήψομεν.

2206 4925 2282 5050 (5)
2313 4926 2497 4980 Codex
2531 4928 2686 5009 Dolb.
2729 4929 3029 5050 ’Exsijc'tg.
3071 4996 3098 5008 α

2206 4995 2259 5050 (4
2319 4998 2448 5050 Rea.
2487 5012 2695 5050 primus
2724 4997 2940 5050 ἐντοληε
3011 5014 3098 5050 εου

2228 4995 2281 5071 ἐ)
2319 4998 2448 5071 [‘98,-
2487 4999 2695 5071 prjmus
2724 4997 2940 5071 ἐντολῆς
2961 4995 3099 5071 θεοῦ
3128 4999 3581 5071 καταδεχόμενοι-

2228 4996 2281 5063 4)
2319 4998 2448 5065 Reg.
2487 4999 2695 5067 primus
2724 4997 2940 5067 ἐντολῆς
2967 4996 3099 5050 Θεοῦ
3128 4999 3581 5071 καταδεχόμενοι-

2205 4996 2283 5135 15)
2315 5064 2497 5122 Codex
2528 5068 2681 5140 Coll).
2717 5068 2894 5139 καιρῷ
2925 5069 3022 5138 τῆς
3053 5068 3276 5140 ὀπώρας
3304 5072 3363 5122 ἐν
3396 5072 3550 5140 οἴκῳ,
3579 5080 3719 5125 tem-

2132 5151 2260 5204 pore
2293 5139 2614 5191 autumnali.

2206 5205 2282 5277 (6)
2316 5208 2448 5279 lleg.
2483 5209 2694 5279 primus
2726 5215 2780 5262 et
2815 5208 2974 5264 Voss.
3019 5210 3426 5279 πεφυτευμένον
3467 5212 3579 5264 καῖ
3611 5229 3720 5265 πο

2136 5277 2463 5353 πονημένονἒ
2495 5278 2651 5340 Illud,
2684 5280 2779 5332 καὶ
2814 5280 3208 5350 πεπονημένον,
3245 5277 3299 5333 in
3333 5288 3568 5353 utraque
3595 5282 3721 5337 edi-

2137 5347 2291 5401 tione
2312 5348 2681 5403 desideratur.

2209 5417 2284 5486 (7)
2321 5415 2526 5472 Vocula
2554 5435 2697 5472 ποτε
2736 5420 2921 5500 addita
2972 5427 3057 5475 est
3096 5434 3159 5474 ex
3213 5420 3459 5490 antiquis
3493 5421 3717 5477 duobus

2136 5486 2313 5558 libris.
2350 5487 2467 5541 Mox
2502 5487 2634 5558 Reg.
2666 5504 2876 5556 prunus
2906 5498 2959 5545 et
3003 5489 3174 5545 codex
3222 5489 3385 5545 Voss.
3430 5489 3577 5547 κατὰ
3620 5493 3717 5546 τὸν

2136 5557 2599 5630 Παῦ-λονητοῦτος
2629 5558 2832 5613 Vocula
2860 5577 2917 5630 τι
2944 5576 3066 5630 qua:
3094 5575 3219 5614 mox
3250 5559 3519 5630 sequitur,
3554 5563 3715 5617 deest

2136 5628 2375 5703 quidemn
2387 5627 2440 5681 in
2479 5630 2733 5697 vulgatis,
2778 5629 2872 5703 sed
2919 5627 2977 5703 in
3018 5646 3151 5703 mss.
3195 5627 3373 5684 tribus
3412 5633 3712 5703 reperitur.

2130 5697 2311 5753 Codex
2328 5696 2487 5755 Voss.
2524 5696 2621 5770 pro
2650 5700 2925 5771 παριέναι,
2958 5702 3115 5757 habet
3147 5704 3416 5773 παρεῖναι.
