3962 6238
339 302 443 359 893

1182 302 1579 361 PROOEMIUM
1616 306 1682 360 IN
1722 304 2044 364 REGULAS
2078 309 2328 368 FUSIUS
2367 308 2796 367 TRACTATAS.

3479 307 3581 366 εει

342 417 706 487 πεποιηκέναι
739 414 1060 487 νομίσαντες
1086 418 1168 480 (οὐ
1196 420 1307 489 γὰρ
1338 418 1404 472 ἂν
1438 418 1622 489 φαίην,
1650 422 1731 475 ὄτι
1765 424 1919 493 ποιή-

2021 426 2223 489 viseris,
2253 422 2661 495 peccasti'.Nos
2688 438 2820 479 vero
2844 422 2889 477 si
2919 423 2999 478 vel
3026 422 3247 477 unicum
3266 422 3582 477 mandatum

343 525 533 571 σαντες
556 524 567 535 ·
612 510 786 563 πᾶσαι
828 509 934 580 γὰρ
975 509 1218 581 ἀλλήλων
1256 511 1478 581 ἔχονται
1498 513 1637 566 κατὰ
1658 515 1747 566 τὸν
1782 516 1909 588 ὑγιῆ

338 594 433 653 τοῦ
477 600 637 668 λόγου
662 600 738 671 (8)
769 601 992 664 σκοπὸν,
1026 602 1102 665 ὡς
1128 603 1186 655 ἐν
1213 605 1277 673 τῇ
1311 603 1460 657 λύσει
1499 604 1597 675 τῆς
1643 607 1772 675 μιᾶς
1817 608 1910 661 καὶ

338 696 439 755 τὰς
486 692 681 755 λοιπὰς
727 692 787 760 ἐξ
824 695 1069 764 ἀνάγκης
1106 695 1622 767 συγκαταλύεσθαι),
1669 698 1769 751 οὐκ
1816 700 1909 752 ἐπὶ

335 787 452 847 τῶς
498 783 783 855 παρεθεῖσι
811 783 912 855 τὴν
957 784 1124 856 ὀργὴν
1160 785 1512 857 ἐκδεχόμεθα,
1547 787 1660 841 ἀλλ’
1699 791 1791 843 ἐπὶ
1833 790 1908 859 τῷ

340 874 743 945 κατορθωθέντι
785 875 947 944 δῆθεν
980 875 1078 938 τὰς
1115 877 1279 946 τιμὰς
1329 877 1687 948 ἀναμένομεν.
1743 879 1802 932 Ὀ
1844 882 1908 933 ἐκ

341 966 450 1018 τῶν
480 967 612 1020 δέκα
661 967 935 1021 ταλάντων
982 970 1077 1038 τῆς
1118 969 1583 1040 παρακαταθήκης
1615 971 1679 1025 ἓν
1716 988 1820 1025 που
1872 972 1904 1042 ἢ

340 1056 436 1109 δύο
488 1055 949 1128 παρακατασχὼν,
994 1058 1061 1111 τὰ
1109 1058 1166 1111 δὲ
1225 1059 1387 1113 λοιπὰ
1436 1061 1696 1125 ἀποτίσας
1719 1102 1734 1126 ,
1787 1062 1908 1132 οὐχὶ

340 1148 639 1218 εὐγνώμων
662 1147 749 1200 διὰ
772 1148 870 1219 τὴν
901 1149 1007 1202 τῶν
1034 1149 1293 1204 πλειόνων
1338 1152 1586 1207 ἀπότισιν
1611 1153 1685 1224 (9)
1711 1155 1908 1225 γνωρί-

337 1235 513 1301 ζεται,
550 1236 687 1291 ἀλλὰ
715 1237 900 1302 ἄδικος
917 1240 1011 1291 καὶ
1034 1238 1364 1312 πλεονέκτης
1395 1242 1489 1295 ἐπὶ
1520 1245 1584 1313 τῇ
1615 1242 1724 1297 τῶν
1749 1244 1908 1297 ἐλατ-

334 1329 505 1381 τόνων
526 1329 888 1401 ἀποστερήσει
924 1329 1223 1401 ἐλέγχεται.
1249 1331 1314 1383 Τί
1348 1331 1406 1384 δὲ
1432 1332 1580 1400 λέγων
1603 1333 1906 1404 ἀποστερὴ-

337 1435 455 1481 σεις
492 1418 656 1473 ὁπότε
688 1423 716 1472 ὁ
754 1419 865 1490 (10)
894 1421 955 1474 τὸ
999 1420 1057 1473 ἒν
1102 1421 1364 1474 τάλαντον
1405 1422 1734 1486 πιστευθεὶς,
1786 1419 1907 1476 εἶτα

335 1510 572 1573 ἀποδοὺς
602 1509 734 1563 αὐτὸ
774 1511 950 1564 ἐκεῖνο
988 1511 1282 1583 ὁλόκληρον
1316 1511 1411 1564 καὶ
1439 1512 1693 1583 ἀκέραιον
1727 1512 1756 1566 ὃ
1797 1514 1902 1566 ὑπ-

333 1600 576 1665 εδέξατο,
601 1602 684 1654 ὅτι
717 1600 790 1673 μὴ
829 1602 1263 1673 προσειργάσατο
1289 1601 1366 1673 τῷ
1392 1602 1617 1667 δοθέντι,
1642 1603 1905 1673 κατακρί-

334 1709 507 1745 νεται.
553 1693 611 1746 ’0
661 1692 793 1746 δέκα
842 1692 935 1764 ἐτη
986 1693 1077 1746 τὸν
1129 1695 1344 1765 πατέρα
1381 1696 1637 1766 τιμήσας,
1681 1695 1810 1764 μίαν
1845 1695 1903 1748 δὲ

2018 515 2322 570 confecisse
2357 530 2459 571 nos
2492 515 2827 568 arbitremur
2856 516 3055 583 (neque
3084 515 3231 567 enim
3275 513 3586 568 confecisse

2015 605 2246 661 dixerim
2272 625 2284 660 :
2315 606 2499 660 omnia
2541 604 2812 674 siquidem
2845 606 2989 657 inter
3020 619 3079 658 se
3109 605 3387 658 cohaerent
3425 604 3584 673 juxta

2017 713 2208 753 sanam
2241 696 2541 766 Scriptura:
2570 703 2831 758 mentem,
2855 695 2935 749 sic
2968 704 3023 747 ut
3061 709 3168 748 uno
3193 695 3440 748 exsoluto
3484 709 3585 748 nco

2016 805 2172 845 ccsse
2214 790 2287 843 sit
2323 790 2429 842 alia
2476 790 2640 843 etiam
2689 787 2854 841 simul
2907 786 3160 853 exsolvi),
3202 799 3311 839 non
3361 795 3585 854 propter

2015 882 2217 936 violata
2269 880 2526 934 mandata
2573 879 2710 933 iram
2755 883 3158 947 exspectamus,
3214 876 3309 931 sed
3361 884 3586 946 propter

2014 974 2332 1027 mandatum
2364 982 2644 1042 peractum
2682 970 2904 1041 praemia
2945 970 3341 1039 praestolamur.
3375 967 3478 1033 Qui
3515 984 3584 1022 ex

2011 1068 2200 1117 decem
2228 1063 2447 1117 talentis
2473 1062 2576 1116 sibi
2606 1060 2919 1115 commissis
2936 1075 3102 1114 unum
3132 1068 3225 1112 aut
3253 1059 3482 1113 alterum
3496 1073 3583 1113 re-

2012 1157 2261 1221 tinuerit,
2288 1155 2497 1225 reliqua
2538 1169 2664 1208 vero
2706 1152 3020 1214 reddiderit,
3065 1167 3175 1206 non
3210 1152 3331 1207 ideo
3376 1152 3583 1222 probus

2011 1249 2320 1304 declaratur
2346 1247 2495 1317 quod
2536 1249 2798 1315 majorem
2837 1254 3042 1314 partem
3098 1245 3440 1314 persolverit,
3486 1243 3581 1298 sed

2010 1338 2293 1409 improbus
2321 1345 2376 1392 et
2399 1351 2598 1390 avarus
2627 1350 2751 1391 esse
2771 1335 3115 1389 convincitur
3146 1334 3216 1388 ob
3239 1333 3380 1388 hanc
3407 1334 3583 1389 mino-

2009 1429 2086 1482 ris
2114 1427 2283 1497 partis
2325 1425 2708 1495 direptionem.
2757 1424 2898 1491 Quid
2929 1431 3110 1478 autem
3151 1424 3277 1478 dico
3317 1424 3582 1495 direptio-

2009 1517 2635 1586 netn?quandoquidem
2670 1516 2758 1570 cui
2796 1515 3174 1570 concreditum
3205 1514 3383 1569 fuerat
3412 1516 3582 1570 talen-

2009 1619 2123 1663 tum
2156 1623 2344 1665 unum.
2369 1607 2812 1662 etiamsi'deinde
2845 1606 2979 1659 illud
3018 1607 3195 1675 ipsum
3243 1605 3389 1676 quod
3432 1619 3583 1661 acce-

2009 1702 2182 1763 perat,
2218 1699 2395 1746 totum
2424 1706 2487 1744 ac
2519 1691 2791 1761 integrum
2841 1690 3190 1752 reddidisset,
3235 1697 3417 1744 tamen
3453 1704 3581 1759 pro-

333 1783 553 1854 πληγὴν
609 1782 832 1856 ὕστερον
873 1783 1125 1855 ἐμϐαλὼν
1165 1785 1353 1856 μόνην,
1384 1785 1481 1854 οὐχ
1503 1783 1579 1847 ὡς
1608 1785 1901 1855 εὐεργέτης

2011 1791 2188 1854 pterea
2214 1783 2359 1852 quod
2389 1781 2591 1837 tradito
2621 1783 2828 1836 talento
2849 1782 2983 1835 nihil
3004 1780 3230 1845 addidit,
3254 1781 3581 1835 condemna-

334 1874 585 1946 τιμᾶται,
617 1875 729 1928 ἀλλ’
759 1875 833 1939 ὡς
857 1875 1184 1944 πατραλοίας
1215 1876 1651 1940 καταδικάζεται.
1684 1879 1904 1943 Πορευ-

333 1968 562 2034 θέντες,
618 1970 782 2040 φησὶν
824 1971 853 2022 ὁ
881 1967 1102 2039 Κύριος,
1151 1970 1567 2038 μαθητεύσατε
1597 1967 1792 2023 πάντα
1832 1969 1904 2022 τὰ

333 2056 502 2126 ἔθνη,
531 2057 923 2127 διδάσκοντες
944 2060 1181 2126 αὐτοὺς,
1200 2061 1320 2130 οὐχὶ
1346 2060 1414 2114 τὰ
1442 2060 1542 2130 μὲν
1568 2063 1771 2131 τηρεῖν,
1795 2060 1906 2115 τῶν.

332 2146 387 2202 δὲ
421 2148 669 2219 ἀμελεῖν,
716 2150 849 2220 (Η),
902 2150 1036 2205 ἀλλὰ
1085 2150 1285 2219 τηρεῖν
1308 2150 1504 2204 πάντα
1544 2150 1661 2204 ὅσα
1685 2153 1901 2204 ἐνετει-

332 2238 535 2309 λάμην
569 2227 873 2310 ῠμῖνζίίαὶ
908 2244 937 2295 ὁ
985 2241 1302 2304 ’Δπόστολος
1338 2241 1642 2305 ἀκολούθως
1665 2242 1898 2313 γράφει·

332 2331 644 2399 Μηὸεμὶαν
668 2332 738 2385 ἐν
754 2332 969 2401 μηδενὶ
997 2332 1266 2399 διδόντες
1291 2332 1667 2403 προσκοπήν,
1693 2334 1792 2387 ἵνα
1813 2332 1900 2402 μὴ

331 2422 584 2492 μωμηθῇ
610 2424 650 2493 ἡ
679 2423 970 2485 διακονία.
1008 2425 1146 2479 ἀλλ’
1174 2425 1245 2478 ἐν
1278 2426 1459 2479 παντὶ
1496 2425 1903 2491 συνιστῶντες

332 2514 591 2581 ἑαυτοὺς
626 2516 707 2582 ὡς
742 2516 891 2571 Θεοῦ
921 2515 1184 2569 διάκονοι
1228 2516 1359 2583 (12).
1392 2518 1454 2569 Ei
1492 2517 1600 2587 γὰρ
1628 2517 1701 2588 μὴ
1728 2517 1902 2571 πάντα

331 2608 468 2678 ἡμῖν
496 2608 633 2680 πρὸς
678 2608 768 2661 τὸν
792 2608 890 2679 τῆς
949 2609 1220 2679 σωτηρίας
1264 2609 1464 2662 σκοπὸν
1510 2611 1778 2678 ἀναγκαῖα
1808 2608 1896 2681 ἦν,

331 2699 443 2752 οὐδ’
460 2699 527 2751 ἂν
549 2701 869 2771 ἐτράφησαν
892 2702 1061 2753 πᾶσαι
1080 2700 1134 2751 αί
1156 2700 1386 2764 ἐντολαὶ,
1408 2701 1514 2753 οὐδ’
1532 2701 1598 2755 ἂν
1616 2704 1784 2755 πᾶσαι
1804 2720 1902 2770 φυ-

329 2789 597 2861 λαχθῆναι
622 2792 933 2860 ἀναγκαίως
950 2790 1396 2865 διηγορεύθησαν.
1434 2793 1499 2846 Τί
1523 2809 1611 2863 μοι
1630 2793 1689 2846 τὸ
1713 2793 1903 2862 ὄφελος

327 2882 442 2935 τῶν
471 2882 646 2937 ἄλλων
673 2882 1127 2953 κατορθωμάτων,
1152 2884 1200 2935 εί
1229 2882 1496 2953 μέλλοιμι,
1525 2882 1706 2953 μωρὸν
1732 2883 1900 2937 εἰπὼν

328 2974 422 3027 τὸν
443 2973 693 3042 ἀδελφὺνκ
731 2974 912 3044 ἔνοχος
940 2973 1156 3027 ἔσεσθαι
1184 2977 1250 3045 τῇ
1280 2976 1502 3046 γεέννῃ;
1540 2976 1603 3027 Τί
1636 2975 1740 3047 γὰρ
1774 2976 1901 3045 ὄφε-

329 3066 421 3128 λος
453 3067 550 3136 τῆς
576 3066 684 3119 ἀπὸ
709 3067 818 3120 τῶν
844 3066 1051 3119 πολλῶν
1074 3066 1382 3139 ἐλευθερίας
1405 3068 1484 3137 τῷ
1509 3068 1597 3136 ὑφ’
1624 3069 1740 3132 ἐνὸς
1766 3087 1898 3139 κρα-

328 3156 582 3227 τουμένῳ
640 3159 720 3219 είς
772 3157 1044 3223 δουλείαν;
1096 3160 1158 3211 '0
1192 3159 1300 3228 γὰρ
1330 3158 1536 3221 ποιῶν,
1584 3160 1736 3228 φησὶ,
1783 3159 1898 3227 τὴν

325 3248 627 3318 ἁμαρτίαν
662 3249 881 3314 δοῦλός
900 3250 1028 3302 ἐστι
1050 3249 1155 3317 τῆς
1195 3250 1570 3317 ἀμαρτίας.Τί
1596 3251 1652 3304 δὲ
1677 3251 1737 3304 τὸ
1768 3250 1897 3321 κέρ-

326 3338 419 3403 δος
466 3342 565 3411 τῆς
615 3344 675 3394 ἐν
729 3341 940 3405 πολλοῖς
982 3340 1247 3405 ἀπαθείας
1286 3340 1364 3412 τῷ
1410 3343 1500 3411 ὑφ’
1550 3343 1666 3405 ἐνὸς
1696 3342 1900 3406 πάθους

330 3433 674 3505 φθειρομένῳ
700 3433 761 3487 τὺ
786 3434 974 3505 σῶμα;

2009 1884 2115 1928 tur.
2150 1874 2250 1939 Qui
2279 1888 2373 1941 per
2401 1872 2725 1927 decennium
2760 1883 2971 1942 patrem
3000 1873 3309 1935 honoravit,
3340 1870 3504 1941 329
3524 1880 3581 1927 et

2007 1970 2196 2032 postea
2229 1976 2392 2015 unam
2414 1960 2680 2016 duntaxat
2709 1963 2919 2032 plagam
2953 1963 3208 2028 incussit,
3236 1978 3343 2017 non
3363 1971 3420 2016 ut
3442 1963 3581 2017 bene

2006 2056 2182 2111 deillo
2205 2055 2456 2121 meritus,
2475 2056 2679 2110 honore
2711 2054 2969 2119 afticitur,
2986 2056 3079 2110 sed
3105 2056 3500 2110 condemnatur
3520 2064 3581 2110 ut

2008 2145 2300 2216 parricida.
2351 2144 2568 2210 Euntes,
2632 2146 2813 2215 inquit
2852 2144 3137 2209 Dominus,
3177 2147 3356 2200 docete
3401 2162 3579 2201 omnes

2005 2245 2202 2308 gentes,
2235 2236 2478 2292 docentes
2516 2238 2679 2306 ipsos,
2714 2253 2824 2291 non
2860 2237 2975 2291 haec
3010 2237 3225 2307 quidem
3261 2238 3574 2301 observare,

2006 2329 2098 2383 illa
2127 2344 2256 2384 vero
2300 2330 2596 2400 negligere,
2644 2329 2760 2393 sed,
2804 2345 3010 2384 servare
3049 2331 3223 2384 omnia
3263 2346 3578 2401 quacunque

2006 2419 2256 2473 mandavi
2282 2421 2474 2475 robis'.
2506 2420 2571 2474 Et
2600 2421 2897 2490 Apostolus
2931 2422 3145 2477 ratione
3179 2437 3289 2477 non
3321 2423 3576 2478 dissimili

2006 2513 2198 2567 scribit
2223 2528 2237 2565 :
2275 2511 2499 2565 Nullam
2530 2514 2586 2566 in
2612 2511 2723 2566 ulla
2742 2529 2797 2567 re
2823 2512 3009 2568 dantes
3043 2515 3404 2583 offensionem,
3434 2524 3578 2568 utne

2005 2605 2325 2671 vituperetur
2356 2605 2730 2669 ministerium,
2775 2604 2866 2658 sed
2900 2606 2955 2658 in
2971 2607 3211 2659 omnibus
3239 2606 3575 2661 exhibeamus

2005 2696 2349 2764 nosmetipsos
2401 2697 2537 2751 sicut
2575 2694 2674 2749 Dei
2721 2696 3062 2749 ministros“.
3119 2695 3330 2752 Etenim
3374 2698 3419 2751 si
3450 2699 3574 2766 Lnon

2005 2785 2189 2840 omnia
2217 2794 2404 2841 essent
2435 2787 2750 2842 necessaria
2773 2786 2841 2841 ad
2860 2787 3057 2842 salutis
3085 2789 3574 2857 propositum,non

2005 2879 2196 2948 utique
2225 2879 2406 2932 omnia
2448 2880 2700 2934 mandata
2736 2879 2969 2935 fuissent
3002 2881 3314 2950 conscripta
3352 2898 3364 2934 :
3400 2895 3576 2950 neque

2005 2967 2203 3024 fuisset
2233 2971 2528 3034 sancitum,
2555 2982 2613 3025 ut
2634 2973 2949 3043 necessario
2982 2982 3333 3026 servarentur
3367 2971 3573 3025 omnia.

2008 3056 2214 3134 Ecquid
2242 3065 2375 3118 mihi
2402 3065 2705 3135 proderunt
2737 3075 2939 3121 cetera
2971 3073 3120 3122 recte
3162 3066 3328 3130 facta,
3371 3066 3417 3120 si
3447 3078 3577 3135 pro-

1926 3138 1970 3199 C
2002 3164 2187 3225 pterea
2198 3157 2342 3226 quod
2359 3155 2582 3213 fratrem
2598 3157 2803 3212 fatuum
2827 3157 3305 3227 appellavero,sim
3318 3156 3575 3226 gehennae

2005 3248 2379 3304 addicendus?
2406 3249 2580 3315 Quam
2613 3250 2759 3305 enim
2810 3250 3101 3304 utilitatem
3140 3249 3370 3319 percipit
3404 3249 3497 3317 qui
3543 3262 3574 3299 a

2004 3341 2190 3396 multis
2221 3342 2361 3396 liber
2388 3350 2493 3404 est,
2519 3343 2567 3396 si
2601 3340 2685 3396 vel
2718 3357 2826 3396 uno
2854 3341 3118 3411 redigitur
3144 3340 3198 3393 iu
3222 3339 3576 3396 servitutem?

2008 3436 2113 3501 Qui
2146 3439 2313 3500 enim,
2344 3438 2543 3506 inquit,
2589 3437 2717 3507 facit
2756 3446 3059 3506 peccatum,
3109 3452 3287 3491 servus
3326 3445 3402 3489 est
3452 3448 3572 3502 pec-

327 3528 509 3581 cati".
550 3526 692 3591 Quid
720 3527 884 3579 etiam
935 3525 1189 3595 cuiquam
1225 3510 1445 3595 prodest
1492 3525 1789 3580 multorum
1835 3527 2151 3582 morborum
2206 3544 2330 3585 esse
2387 3538 2687 3599 expertem,
2739 3532 2783 3586 si
2809 3531 2981 3600 ipsius
3009 3545 3210 3599 corpus
3241 3528 3323 3583 vel
3351 3528 3420 3582 ab
3463 3538 3573 3581 uno

329 3618 528 3673 morbo
563 3615 965 3684 corrumpitur?

402 3729 459 3782 3.
518 3729 662 3798 Ἀρα
693 3723 806 3790 οὖν,
839 3727 972 3799 φησί
1014 3745 1097 3791 τις
1137 3727 1267 3797 (15),
1308 3726 1376 3780 τὰ
1408 3726 1584 3798 πλήθη
1610 3726 1720 3780 τῶν
1772 3728 1899 3798 Χρι-

330 3820 565 3874 στιανῶν
591 3821 664 3891 μὴ
693 3820 1028 3889 φυλάσσοντα
1061 3821 1238 3883 πάσας
1253 3820 1351 3883 τὰς
1383 3818 1619 3885 ἐντολὰς,
1643 3820 1898 3890 ἀνόνητον

326 3911 444 3978 {iet
482 3913 585 3983 τήν
613 3930 773 3965 τινων
824 3912 1099 3982 φυλακήν;
1143 3912 1282 3983 Πρός
1312 3911 1469 3965 τοῦτο
1497 3910 1587 3963 τοῦ
1631 3912 1897 3982 μακαρίου

328 4005 541 4075 Πέτρου
576 4004 942 4074 μνημονεῦσαι
988 4004 1170 4063 καλὸν.
1213 4002 1307 4055 τοῦ
1348 4001 1487 4073 μετὰ
1530 4001 1766 4055 τοσαῦτα
1804 4002 1900 4072 μὲν

329 4094 750 4167 κατορθώματα,
772 4094 1045 4158 τοιούτους
1059 4095 1114 4147 δέ
1133 4098 1257 4158 τοὺς
1293 4095 1691 4164 μακαρισμοὺς,
1714 4094 1799 4162 ἐφ’
1820 4095 1899 4147 ἐνὶ

332 4188 484 4258 μόνῳ
505 4187 615 4258 (ﬂ)
646 4186 960 4250 ἀκούοντος·
1001 4186 1134 4239 Ἐὰν
1152 4185 1236 4255 μὴ
1278 4188 1434 4254 νίψω
1467 4201 1560 4248 σε,
1589 4188 1699 4239 οὐκ
1739 4186 1899 4254 ἔχεις

319 4276 509 4347 μέρος
537 4278 665 4346 μετ’
698 4277 863 4347 ἐμοῦ.
882 4276 985 4330 Ἐὦ
1004 4277 1061 4330 δὲ
1085 4276 1280 4346 λέγειν,
1310 4278 1389 4329 ὅτι
1425 4278 1544 4329 οὐδὲ
1564 4277 1696 4330 αὐτὸ
1724 4280 1898 4330 ἐκεῖνο

2071 3725 2124 3779 5.
2154 3724 2320 3796 Ergo,
2357 3727 2565 3797 inquiet
2596 3727 2820 3797 aliquis,
2847 3726 3146 3783 Christiani
3191 3728 3443 3799 permulti
3475 3727 3569 3798 qui

2003 3818 2187 3871 omnia
2214 3833 2320 3872 non
2341 3827 2861 3888 servantprazcepta,
2888 3819 3157 3874 inutiliter
3181 3829 3237 3873 et
3257 3821 3374 3874 sine
3390 3820 3569 3875 fructu

2004 3909 2185 3978 aliqua
2215 3911 2566 3965 custodient‘.’
2616 3910 2696 3964 Ad
2727 3911 2830 3965 hoc
2855 3911 3010 3980 juvat
3063 3911 3380 3967 meminisse
3427 3912 3571 3966 beati

2003 3997 2172 4062 Petri,
2204 4001 2297 4069 qui
2332 4010 2620 4070 postquam
2656 4012 2765 4054 tam
2805 4001 2975 4054 multa
3012 4001 3271 4069 praelate
3306 4011 3569 4071 gesserat,

2004 4093 2296 4161 taliterque
2329 4092 2519 4146 beatus
2550 4090 2727 4145 fuerat
2756 4093 3107 4161 praedicatus,
3138 4093 3207 4148 ob
3235 4109 3400 4146 unum
3431 4094 3573 4148 duu-

2001 4191 2153 4237 taxat
2180 4191 2421 4238 erratum
2458 4183 2667 4237 audivit
2697 4202 2709 4238 :
2742 4182 2801 4238 Si
2841 4202 2943 4238 non
2976 4185 3150 4239 lavero
3172 4193 3241 4247 te,
3278 4202 3381 4239 non
3414 4184 3573 4240 habe-

2003 4274 2080 4328 bis
2128 4283 2332 4344 partem
2377 4276 2648 4331 mecum“.
2693 4273 2895 4330 Omitto
2933 4285 3114 4331 autem
3149 4276 3351 4342 dicere,
3397 4293 3572 4347 neque

330 4366 608 4437 ῥᾳθυμίας
650 4366 770 4419 οὐδὲ
810 4367 1262 4438 καταφρονήσεως
1292 4362 1436 4437 εἶχεν
1473 4367 1715 4434 ἔνδειξιν.
1763 4367 1896 4420 ἀλλὰ

2011 4367 2290 4436 segnitiem
2325 4381 2503 4435 neque
2547 4375 2944 4438 contemptum,
2975 4383 3038 4423 ea
3072 4384 3129 4424 re
3177 4370 3432 4432 indicari,
3475 4370 3571 4424 sed

325 4458 498 4527 τιμῆς
526 4459 622 4511 καὶ
654 4456 936 4521 εὐλαϐείας
963 4453 1032 4529 ἦν
1063 4457 1316 4527 ἔμφασις.
1336 4458 1445 4510 Καὶ
1480 4458 1606 4528 μὴν,
1635 4456 1778 4510 εἴποι
1815 4473 1897 4519 τις

1992 4456 2207 4511 ostendi
2253 4456 2537 4518 honorem,
2570 4468 2735 4528 atque
2781 4460 3146 4515 reverentiam
3184 4461 3237 4513 in
3279 4458 3568 4513 Dominum
3614 4519 3619 4525 ,

323 4547 417 4610 ἂν,
469 4548 796 4620 γέγραπται·
849 4547 973 4613 Πᾶς
1000 4547 1067 4613 ὃς
1094 4547 1171 4601 ἂν
1198 4549 1307 4618 (15)
1347 4548 1776 4618 ἐπικαλέσηται
1830 4548 1895 4601 τὸ

2011 4564 2168 4602 suam.
2201 4546 2307 4602 Sed
2346 4547 2493 4602 dicet
2549 4549 2748 4618 aliquis
2782 4569 2797 4605 :
2827 4548 3105 4621 Scriptum
3151 4560 3236 4605 est
3268 4569 3280 4603 :
3314 4548 3568 4618 Quisquis

327 4639 521 4707 ὄνομα
569 4640 811 4706 Κυρίου,
855 4637 1187 4705 σωθήσεται
1210 4655 1223 4668 ·
1259 4638 1399 4691 ὥστε
1444 4641 1602 4710 ἀρκεῖ
1634 4640 1726 4692 καὶ
1759 4640 1895 4712 αὑτή

2011 4642 2309 4695 ηυοσαιοενὶε
2340 4657 2525 4695 nomen
2549 4640 2778 4708 Domini,
2809 4644 2985 4698 salvus
3018 4643 3115 4698 erit
3135 4643 3197 4705 ¹³,
3234 4641 3375 4697 sicut
3402 4641 3450 4694 ei
3473 4639 3568 4709 qui

326 4729 363 4798 ἡ
391 4727 680 4799 ἐπίκλησις
699 4730 792 4781 τοῦ
817 4728 1075 4800 ὀνόματος
1108 4727 1203 4783 τοῦ
1221 4728 1423 4800 Κυρίου
1451 4730 1623 4783 σῶσαι
1670 4731 1761 4785 τὸν
1785 4733 1897 4786 ἐπι-

2000 4733 2358 4799 invocaverit,
2396 4734 2533 4789 satis
2556 4735 2629 4789 sit
2656 4735 2774 4805 ipsa
2809 4737 3049 4790 nominis
3076 4732 3299 4803 Domini
3343 4732 3568 4786 invoca-

396 4886 421 4918 ⁸
461 4868 597 4964 ng'.
633 4885 1147 4964 ty,_7,_sec._I:XX.
1222 4890 1242 4920 '
1285 4888 1468 4943 Matth.
1510 4904 1700 4953 xxvm,
1726 4888 1825 4953 19,
1856 4887 1919 4944 20

2027 4893 2073 4924 ¹⁰
2113 4891 2153 4946 ll
2187 4891 2317 4950 Cor.
2355 4912 2445 4960 vr,
2482 4898 2544 4964 3,
2581 4897 2636 4952 4.
2715 4896 2755 4928 ¹¹
2797 4894 2957 4948 Joan.
2995 4910 3120 4958 vm,
3159 4894 3245 4947 54.
3330 4895 3371 4924 ¹²
3409 4892 3566 4948 Joan.

324 4972 428 5010 xm
452 4996 468 5018 ,
502 4957 557 5012 8.
636 4956 680 4986 "
715 4954 829 5011 Joel
863 4972 929 5020 ll,
967 4957 1056 5011 52.

404 5108 482 5175 (8)
514 5106 849 5179 EditioVen.
873 5120 924 5164 et
949 5117 1181 5177 quatuor
1205 5125 1336 5164 mss.
1368 5120 1561 5177 praeter
1586 5110 1744 5165 Voss.
1766 5111 1893 5179 ὑγιῆ

324 5180 424 5232 τοῦ
456 5178 663 5232 σκοποῦ
690 5178 869 5247 λόγον.
914 5179 1092 5235 Editio
1120 5179 1294 5234 Paris.
1317 5187 1369 5235 et
1396 5180 1554 5235 Basil.
1593 5190 1651 5234 ut
1678 5182 1732 5235 in
1764 5178 1885 5236 ccu-

327 5257 507 5303 textu.

400 5317 479 5389 (9)
510 5316 755 5391 Utraque
776 5317 969 5391 editio
1003 5327 1056 5391 et
1099 5318 1213 5373 duo‘
1238 5333 1369 5391 mss.
1403 5318 1661 5391 πλειόνων
1694 5320 1885 5391 ἐκπλήι

328 5387 522 5459 ρωσιν.
550 5389 683 5457 Reg.
708 5389 916 5457 primus
942 5397 997 5443 et
1024 5389 1194 5445 Colb..
1212 5396 1266 5444 et
1296 5387 1452 5446 Voss.
1487 5390 1744 5443 πλειόνων
1768 5387 1896 5443 ἁπό-

324 5473 493 5517 τισιν.
524 5460 748 5512 rectius.

404 5526 525 5600 (1οὶ
549 5526 728 5582 Codex
754 5529 906 5584 Colb.
930 5530 1089 5586 ὁπότε
1112 5530 1203 5583 καῖ
1221 5531 1268 5583 ὁ.
1294 5528 1584 5600 Aliquanto
1607 5537 1730 5600 post
1754 5530 1892 5584 idem

331 5596 723 5671 msgbqrspov
757 5600 1149 5671 ἐγκαλούμενος
1181 5600 1367 5671 μόνην.

405 5666 521 5738 (Π)
557 5666 805 5738 υιὲεῳιο
826 5666 1005 5724 οόὶιῐο
1021 5678 1074 5723 et
1106 5666 1238 5738 Reg.
1273 5666 1545 5724 secundus
1578 5669 1684 5723 τῶν
1718 5668 1891 5722 ἄλλων

333 5736 587 5807 ἀμελεῖν*
610 5736 912 5796 εθᾶγοεεω
936 5739 1108 5795 ἄλλων
1133 5736 1326 5806 delevi,
1356 5738 1511 5796 fidem
1542 5740 1889 5812 antiquorum

2003 5111 2165 5164 trium
2195 5112 2460 5166 librorum
2489 5119 2731 5166 secutus.

2099 5181 2195 5251 ινλ
2216 5182 2399 5236 Codex
2427 5181 2581 5237 Colb.
2614 5182 2747 5235 Θεοῦ
2777 5181 3074 5246 διακόνους.

2110 5250 2846 5334 βιέΒΞεκιεηλιιξΙφησεικίεις.
2872 5322 2885 5334 .
3031 5321 3084 5334 __
3134 5323 3164 5334 Δ·
3305 5303 3415 5334 .

2074 5321 2183 5395 (μ)
2217 5321 2398 5395 Codex
2429 5322 2582 5376 Colb.
2609 5321 2694 5388 ἐφ’
2718 5322 2786 5395 ἐν
2820 5322 2997 5395 μόνον.
3030 5321 3223 5395 Statim
3255 5323 3384 5377 editi
3412 5324 3560 5395 αὐτῷ

1998 5391 2309 5463 ἐκείνῳ.ᾼι
2344 5407 2476 5463 mss.
2517 5398 2628 5445 tres
2670 5392 2802 5463 αὐτὸ
2843 5393 3038 5446 ἐκεῖνο.
3070 5393 3268 5448 ibidem
3309 5410 3407 5463 pro
3444 5391 3567 5450 οὐδὲ

2002 5461 2257 5583 ιρείιυτθ
2282 5462 2336 5514 in
2367 5460 2546 5513 tribus
2582 5462 2884 5516 codicibus.

2073 5530 2184 5583 (15)
2263 5531 2419 5583 ocula
2446 5529 2523 5582 ἄν
2550 5530 2734 5583 addita
2784 5539 2869 5583 est

2073 5529 2419 5600 (15)_Vocula
2446 5529 2523 5582 ἄν
2550 5530 2734 5583 addita
2784 5539 2869 5585 est
2910 5546 2976 5584 ex
3012 5532 3253 5600 antiquis
3295 5532 3469 5587 tribus
3501 5534 3565 5587 li-

2000 5599 2134 5653 bris.
2170 5597 2279 5651 Nec
2316 5601 2385 5652 ita
2419 5600 2587 5652 multo
2620 5611 2740 5668 post
2785 5608 3011 5668 utraque
3041 5597 3207 5655 edit—io
3246 5602 3336 5656 τὸν
3368 5601 3565 5657 καλούδ

2002 5685 2179 5792 pexa.
2209 5668 2277 5722 At
2303 5684 2437 5727 mss.
2472 5679 2581 5725 tres
2606 5679 2803 5740 praeter
2825 5669 2982 5728 Voss.
3004 5671 3094 5726 τὸν
3114 5671 3564 5745 ἐπικαλούμενον,

2002 5753 2082 5792 me
2167 5755 2212 5792 s.
2588 5775 2596 5783 ι

1998 5753 2212 5794 melius.
2588 5775 2596 5783 -
