3962 6238
380 281 485 344 895

1652 275 1710 330 S.
1750 267 1988 326 BASlLlI
2030 265 2242 324 MAGNI

3510 263 3612 317 896

383 395 462 448 tio
492 393 559 447 ad
591 392 820 447 salutem
847 391 1277 463 adipiscendam.
1324 390 1524 447 Verum
1557 390 1743 446 audiat
1777 395 1830 442 et
1865 385 1953 440 ille

2065 382 2406 453 καλούμενον.
2462 381 2599 439 Ἀλλ’
2642 380 2885 435 ἀκουέτω
2918 379 3011 434 καῖ⁵
3045 372 3199 443 οὗτος
3224 378 3319 433 τοῦ
3362 379 3614 432 ’Δποστοο

383 484 705 553 Apostolum
741 482 1011 537 dicentem
1039 500 1052 536 :
1080 482 1352 548 Quomodo
1386 499 1507 553 ergo
1540 478 1872 541 invocabant,
1895 478 1947 531 in

382 591 534 644 quem
566 591 669 627 non
693 574 1108 632 crediderunt”?
1135 573 1288 639 Quod
1316 576 1361 628 si
1382 574 1586 638 credis,
1625 573 1750 627 audi
1770 570 1951 624 Domi-

384 680 516 719 num
554 665 644 734 qui
678 665 753 717 ait
782 684 795 718 :
829 663 951 718 Non
998 666 1169 718 omnis
1210 666 1300 734 qui
1343 664 1472 716 dicit
1511 664 1660 727 milii,
1709 662 1947 726 Domine,

384 757 628 821 Domine,
658 756 875 810 intrabit
902 758 954 809 in
981 773 1197 826 regnum
1248 758 1498 812 calorum
1527 770 1545 808 :
1585 755 1674 809 sed
1707 756 1794 825 qui
1822 754 1950 823 facit

384 849 706 902 voluntatem
742 847 926 901 Patris
958 849 1077 911 mei,
1109 848 1198 916 qui
1222 850 1274 901 in
1302 847 1444 900 cretis
1473 847 1618 903 est".
1646 846 1781 899 Nam
1807 854 1952 899 certe

389 938 485 1005 qui
514 935 728 991 Domini
752 938 1087 992 voluntatem
1123 937 1271 1004 facit,
1312 953 1420 992 non
1450 939 1520 992 ita
1539 946 1715 991 tamen
1730 944 1787 990 ut
1810 936 1951 990 Deus

385 1028 525 1091 vult,
558 1044 734 1097 neque
775 1028 878 1083 hoc
904 1045 966 1082 ex
1006 1028 1199 1084 aﬂectu
1237 1029 1440 1083 amoris
1465 1045 1594 1098 erga
1630 1027 1797 1084 Deum
1831 1043 1957 1098 per-

387 1119 521 1188 agit,
549 1117 596 1174 is
629 1119 782 1188 operi
818 1117 1152 1187 perﬁciendo
1186 1117 1392 1172 frustra
1416 1120 1659 1172 studium
1690 1120 1949 1187 impertit,

384 1210 539 1279 juxta
568 1224 755 1263 vocem
788 1210 961 1279 ipsius
992 1208 1209 1263 Domini
1240 1211 1417 1265 nostri
1454 1209 1583 1265 Jesu
1607 1209 1829 1276 Christi,
1860 1211 1952 1280 qui

388 1301 521 1356 dicit
550 1320 562 1355 :
592 1299 842 1365 Faciunt,
891 1309 948 1353 ut
993 1300 1267 1355 videantur
1310 1301 1374 1354 ab
1436 1302 1775 1359 hominibus:
1804 1318 1955 1357 amen

387 1393 506 1447 dico
534 1392 695 1454 vobis,
727 1400 1028 1459 receperunt
1054 1391 1340 1446 mercedem
1368 1394 1593 1448 suam”.
1637 1392 1790 1449 Unde
1816 1393 1955 1447 Pau-

388 1484 477 1538 lus
532 1482 813 1550 apostolus
855 1482 1082 1537 edoctus
1127 1489 1211 1538 est
1254 1484 1476 1539 dicere:
1510 1483 1738 1539 Etiamsi
1780 1484 1958 1538 distri-

389 1573 547 1627 buero
578 1576 629 1626 in
664 1574 805 1627 cibos
838 1588 1125 1643 pauperum
1157 1590 1333 1628 omnes
1364 1577 1641 1643 facultates
1661 1586 1892 1640 meas,“
1909 1579 1957 1632 si

389 1666 656 1721 tradidero
673 1683 858 1735 corpus
874 1684 1061 1730 meum,
1082 1679 1135 1720 ut
1151 1671 1446 1733 comburar,
1463 1670 1772 1723 charitatem
1784 1681 1955 1724 autem

390 1776 494 1813 non
538 1759 787 1822 habuero,
823 1759 955 1813 nihil
988 1760 1113 1812 mihi
1141 1758 1417 1829 prodest".
1452 1762 1507 1814 lu
1538 1775 1747 1815 summa
1779 1768 1956 1816 autem

391 1854 498 1905 tria
542 1853 656 1907 haec
708 1866 810 1922 ego
853 1852 1011 1907 video
1065 1853 1231 1907 animi
1270 1853 1609 1917 discrimina,
1649 1853 1845 1921 quibus
1893 1867 1960 1907 ex

395 1944 697 1998 inevitabili
729 1944 963 2013 quadam
994 1944 1324 1998 necessitate
1345 1944 1411 1997 ad
1436 1942 1796 1997 obediendum
1820 1957 1965 1997 com-

393 2036 670 2105 pellimur.
699 2035 808 2088 Aut
828 2035 974 2089 enim
1005 2034 1262 2103 supplicii
1297 2043 1440 2088 metu
1477 2049 1506 2086 a
1549 2033 1692 2088 malo
1717 2034 1962 2088 declina-

393 2138 540 2185 mus,
574 2137 962 2192 versamurque
983 2122 1038 2175 in
1073 2120 1265 2176 aﬂ‘ectu
1297 2122 1478 2177 servili
1506 2137 1520 2185 ;
1572 2128 1667 2175 aut
1693 2122 1961 2177 mercedis

393 2214 605 2271 fructus
635 2214 996 2285 requirentes,
1031 2214 1102 2268 ob
1133 2221 1375 2269 nostram
1400 2216 1641 2283 ipsorum
1670 2215 1958 2267 utilitatem

392 2307 650 2365 mandata
683 2307 989 2376 explemus,
1031 2315 1085 2360 et
1117 2307 1218 2359 hoc
1261 2315 1418 2375 pacto
1463 2305 1817 2361 mercenariis
1847 2303 1961 2359 elli-

394 2400 570 2453 cimur
592 2399 835 2462 similes;
864 2407 955 2452 aut
986 2397 1058 2452 ob
1086 2397 1263 2466 ipsum
1282 2397 1592 2460 honestum,
1610 2396 1962 2450 cbaritatem-

393 2507 501 2562 que
557 2506 686 2562 erga
737 2492 1103 2561 legislatorem
1160 2497 1429 2554 nostrum,
1471 2489 1767 2559 gaudentes
1817 2486 1961 2557 quod

394 2585 544 2654 digni
576 2585 748 2640 simus
790 2582 978 2645 habiti,
1013 2582 1107 2650 qui
1139 2588 1249 2634 tam
1295 2580 1533 2650 glorioso
1561 2594 1625 2633 ac
1662 2580 1805 2634 bono
1852 2577 1962 2633 Deo

397 2676 727 2737 serviamus,
767 2683 820 2728 et
850 2674 927 2729 ita
972 2673 1135 2742 330
1176 2672 1396 2726 demum
1441 2679 1500 2723 ut
1542 2670 1636 2724 lilii
1674 2669 1957 2724 at'ﬁeimur.

396 2765 583 2836 Neque
613 2766 779 2836 igitur
803 2766 849 2820 is
881 2767 1047 2835 quiin
1073 2765 1268 2818 timore
1285 2761 1495 2832 perﬁcit
1519 2762 1794 2824 mandata,
1820 2776 1962 2816 sem-

397 2873 601 2929 perque
629 2857 851 2912 desidite
889 2871 1105 2925 poenam
1143 2862 1449 2923 suspectam
1488 2853 1671 2915 habet,
1707 2853 1810 2906 alia
1840 2853 1963 2922 qui-

2050 477 2144 528 λου
2172 475 2418 544 λέγοντος
2442 492 2455 505 ο
2487 473 2615 539 Πῶς
2647 472 2760 530 οὖν
2783 472 3261 536 ἐπικαλέσωνται,
3282 476 3370 540 εὶς
3402 471 3477 526 ὃν
3506 475 3616 528 οὐκ

2054 550 2449 629 extenuetur;
2481 567 2543 619 El
2564 565 2619 619 δὲ
2649 564 2942 629 πιστεύεις,
2972 565 3132 619 ἄκουε
3165 564 3261 619 τοῦ
3274 565 3483 637 Κυρίου
3505 564 3615 632 (16)

2051 656 2298 725 λέγοντος
2320 675 2333 688 ο
2361 659 2442 712 Οὐ
2475 656 2593 723 πᾶς
2623 660 2655 710 ό
2681 655 2874 726 λέγων
2893 673 3016 725 μοι,
3048 657 3242 724 Κύριε,
3264 656 3465 724 Κύριε,
3497 657 3619 708 eta-

2050 750 2361 803 ελεύσεται
2396 752 2482 815 εὶς
2521 748 2635 817 τὴν
2664 749 2990 814 ,ϐασιλείαν
3017 748 3134 803 τῶν
3159 749 3447 816 οὐραγῶν,
3483 748 3621 801 ἀλλ’

2052 843 2084 894 ό
2108 840 2293 895 ποιῶν
2318 841 2385 895 τὸ
2410 840 2637 911 θέλημα
2678 841 2783 895 τοῦ
2829 843 3056 909 Πατρός
3071 858 3187 910 μου
3219 840 3325 895 τοῦ
3360 842 3432 894 ἐν
3454 841 3623 907 οὐρα-

2051 931 2197 997 νοῖς.
2229 932 2399 985 Ὅπου
2433 949 2495 1000 γε
2530 932 2674 985 καὶὸ
2695 933 2754 985 τὺ
2786 931 2995 1003 θέλημα
3025 932 3116 985 τοῦ
3153 932 3359 1004 Κυρίου
3392 931 3440 1000 (Ι
3454 931 3506 1001 7)
3530 933 3623 999 ἑρ-

2055 1021 2374 1093 γαζόμενος,
2419 1024 2494 1094 μὴ
2535 1022 2713 1086 καθὼς
2744 1022 2883 1077 θέλει
2911 1024 2967 1077 δὲ
3005 1027 3033 1078 6
3069 1024 3218 1089 Θεὸς,
3247 1023 3383 1095 μηδὲ
3414 1025 3473 1077 ὲν
3500 1022 3620 1075 δια-

2055 1113 2201 1167 θέσει
2234 1114 2333 1185 τῆς
2362 1116 2497 1187 πρὸς
2535 1116 2667 1169 Θεὸν
2699 1116 2918 1187 ἀγάπης
2947 1116 3102 1170 τοῦτο
3147 1116 3335 1179 ποιῶν,
3361 1115 3620 1185 ἀνόνητον

2054 1208 2166 1280 ἔχει
2190 1209 2288 1280 τὴν
2320 1208 2412 1261 τοῦ
2444 1209 2603 1280 ἔργου
2640 1209 2893 1280 σπουδὴν,
2930 1208 3070 1262 κατὰ
3101 1208 3199 1278 τὴν
3234 1205 3416 1278 φωνὴν
3454 1205 3619 1260 αὑτοῦ

2054 1300 2145 1357 τοῦ
2187 1299 2394 1371 Κυρίου
2438 1300 2597 1370 ἡμῶν
2655 1300 2828 1371 Ἰησοῦ
2886 1298 3160 1373 Χριστοῦ,
3215 1299 3494 1362 εἰπόντος,
3538 1299 3622 1352 ὅτι

2055 1391 2301 1444 Ποιοῦσι
2332 1390 2482 1462 πρὸς
2510 1390 2574 1444 τὸ
2605 1391 2882 1460 θεαθῆναι
2907 1391 3030 1457 τοῖς
3058 1389 3418 1459 ἀνθρώποις·
3457 1389 3625 1458 ἀμὴν

2055 1482 2207 1551 λέγω
2229 1482 2392 1552 ὑμῖν,
2423 1483 2511 1537 ὅτι
2537 1483 2830 1553 ἀπέχουσι
2847 1483 2955 1536 τὸν
2971 1483 3191 1552 μισθὸν
3208 1480 3625 1539 αὺτᾶη·.’”Οθεν

2056 1574 2266 1638 Παῦλος
2312 1579 2341 1630 6
2380 1574 2673 1638 ἀπόστολος
2704 1574 2994 1646 ἐπαιδεύθη
3023 1576 3215 1642 εἰπεῖν,
3248 1576 3329 1627 ὅτι
3358 1571 3488 1628 Κᾶν
3509 1576 3629 1643 ψω-

2053 1668 2215 1735 μίσω
2263 1666 2458 1720 πάντα
2502 1669 2575 1721 τὰ
2620 1666 2969 1736 ὑπάρχοντά
3009 1684 3130 1737 μου
3176 1665 3319 1737 (l8),
3360 1666 3460 1719 καὶ
3515 1666 3630 1718 ἐὰν

2060 1758 2299 1826 παραδῶ
2327 1757 2392 1811 τὸ
2412 1756 2581 1828 σῶμά
2592 1776 2730 1829 μου,
2754 1759 2854 1811 ἵνα
2875 1758 3277 1827 καυθήσωμαι,
3300 1756 3546 1826 ἀγάπην
3558 1756 3631 1810 δὲ

2054 1848 2140 1918 μὴ
2158 1848 2295 1916 ἔχω,
2328 1848 2506 1903 οὐδὲν
2533 1849 2890 1918 ὠφελοῦμαι.
2933 1848 3110 1912 Ὂλως
3146 1849 3203 1902 δὲ
3239 1851 3386 1919 τρεῖς
3418 1846 3629 1912 ταύτας

2060 1941 2170 2010 ἐγὼ
2190 1941 2448 2014 διαφορὰς
2485 1941 2584 2011 τῆς
2620 1941 2909 2005 διαθέσεως
2949 1940 3086 2012 πρὸς
3110 1940 3208 2012 τὴν
3251 1940 3633 2011 ἀπαραίτητον

2059 2034 2304 2105 ἀνάγκην
2330 2034 2428 2104 τῆς
2469 2033 2713 2104 ὑπακοῆς
2759 2032 2998 2104 καθορῶ.
3037 2034 3108 2085 Ἦ
3156 2032 3265 2103 γὰρ
3299 2031 3631 2103 φοϐούμενοι

2058 2125 2157 2188 τὰς
2180 2124 2430 2188 κολάσεις
2473 2124 2790 2194 ὲκκλίνομεν
2839 2124 2947 2176 ἀπὸ
2990 2123 3085 2176 τοῦ
3140 2122 3310 2178 κακοῦ
3355 2123 3493 2191 (l9),
3533 2124 3631 2181 καί

2060 2219 2225 2286 ἐσμεν
2250 2218 2306 2269 ὲν
2330 2219 2394 2288 τῇ
2422 2215 2657 2270 διαθέσει
2672 2218 2737 2287 τῇ
2766 2215 2981 2287 δουλικῇ
3000 2233 3013 2246 ·
3039 2215 3095 2286 ἦ,
3127 2215 3194 2269 τά
3227 2216 3291 2267 ὲκ
3312 2214 3406 2269 τοῦ
3432 2215 3632 2285 μισθοῦ

2060 2307 2223 2379 κέρδη
2284 2306 2587 2370 διώκοντες,
2610 2306 2707 2376 τῆς
2739 2305 2941 2367 ἑαυτῶν
2979 2305 3160 2359 ἕνεκεν
3184 2304 3454 2374 ὠφελείας
3492 2303 3633 2375 πλη-

2062 2397 2262 2473 ροῦμεν
2295 2397 2360 2451 τὰ
2382 2398 2798 2467 προστάγματα,
2832 2398 2924 2450 καὶ
2949 2397 3090 2450 κατὰ
3123 2396 3281 2450 τοῦτο
3304 2396 3633 2468 προσεοίκαη

2063 2506 2162 2560 μεν
2194 2492 2305 2553 τοῖς
2342 2488 2576 2560 μισθίοις
2596 2505 2607 2515 ⁸
2637 2487 2669 2558 ἢ
2694 2487 2758 2541 δι’
2775 2488 2902 2541 αὐτὸ
2935 2489 2996 2541 τὸ
3028 2488 3214 2553 καλὸν,
3241 2488 3338 2541 καὶ
3361 2487 3459 2559 τὴν
3490 2486 3632 2561 πρὸς

2059 2582 2151 2634 τὸν
2181 2582 2448 2634 δεδωκότα
2488 2582 2620 2650 ἡμῖν
2670 2580 2761 2633 τὸν
2813 2580 2978 2651 νόμον
3019 2580 3262 2650 ἀγάπην,
3314 2579 3629 2651 χαίροντες,

2059 2675 2143 2728 ὅτι
2189 2674 2358 2737 οὕτως
2407 2672 2603 2744 ἐνδόξῳ
2651 2673 2746 2726 καὶ
2791 2672 2977 2744 ἀγαθῷ
3026 2672 3144 2743 Θεῷ
3187 2672 3460 2726 δουλεύειν
3496 2690 3631 2726 κατι

2060 2766 2262 2839 ηξιώθη
2273 2784 2390 2836 μεν,
2428 2765 2520 2820 καί
2542 2770 2706 2834 ὲσμεν
2732 2765 2904 2830 οὕτως
2927 2769 2985 2819 ὲν
3013 2769 3076 2838 τῇ
3096 2764 3201 2819 τῶν
3213 2765 3343 2819 υἱῶν
3359 2764 3627 2820 διαθέσει.

2061 2857 2195 2911 Οὔτε
2229 2854 2322 2911 οὖν
2354 2860 2383 2911 6
2415 2860 2471 2910 ὲν
2505 2857 2653 2927 φόϐῳ
2694 2857 2792 2921 τὰς
2835 2857 3051 2921 ὲντολάς
3082 2857 3380 2929 κατορθῶν,
3408 2857 3505 2911 καὶ
3538 2857 3635 2910 ἀεὶ

397 2948 519 3003 dem
556 2963 677 3018 quae
718 2947 822 3002 sibi
886 2952 1153 3016 praecepta
1204 2932 1815 3013 fuerint,'exsequetur,
1854 2943 1960 2997 alia

2065 2951 2127 3004 τὸ
2153 2950 2253 3019 τῆς
2277 2949 2544 3022 ῥᾳθυμίας
2568 2948 2839 3020 ζεπιτίμιον
2863 2947 3231 3019 ὑφορώμενος,
3254 2948 3325 3001 τὰ
3355 2949 3455 3019 μὲν
3472 2951 3633 3019 ποιή-

397 3053 528 3093 vero
572 3038 847 3107 negliget:
883 3037 976 3091 sed
1024 3037 1201 3092 omnis
1244 3034 1623 3090 inobedientite
1663 3035 1957 3089 vindictam

2067 3059 2147 3095 σει
2190 3041 2298 3095 τῶν
2359 3041 2843 3111 προστεταγμένων
2892 3039 3056 3111 αὐτῷ,
3083 3039 3152 3094 τά
3190 3039 3246 3093 δὲ
3284 3040 3628 3112 παρόψεται-

399 3129 505 3185 sibi
534 3144 600 3184 ex
631 3143 786 3198 aequo
826 3128 1167 3183 metuendam
1221 3128 1608 3198 suspicabitur.
1657 3127 1723 3181 Et
1757 3128 1961 3183 idcirco

2065 3133 2200 3187 ἀλλὰ
2227 3133 2324 3202 τὴν
2352 3132 2440 3184 ἐπὶ
2471 3133 2618 3203 πάσῃ
2648 3135 2897 3203 παροικοῇ
2919 3132 3190 3203 ἐκδίκησιν
3225 3131 3425 3202 ὁμοίως
3457 3132 3635 3202 ἑαυτῷ

399 3219 592 3273 beatus
621 3218 946 3288 pmdieatur
970 3219 1063 3287 qui
1092 3225 1309 3272 veretur
1336 3219 1516 3272 omnia
1543 3219 1614 3273 ob
1646 3226 1850 3273 metum
1875 3218 1920 3252 ¹⁸
1947 3239 1960 3276 :

2065 3224 2298 3296 φοϐερὰν
2318 3224 2667 3293 ὑπολήψεται.
2700 3224 2809 3277 Καὶ
2832 3222 2920 3276 διὰ
2950 3222 3104 3277 τοῦτο
3134 3223 3499 3294 μακαρίζεται
3538 3224 3637 3293 μὲν

400 3317 507 3365 stat
537 3317 714 3365 autem
739 3308 929 3365 ﬁrmus
961 3311 1016 3363 in
1043 3311 1293 3374 veritate,
1347 3325 1469 3364 cum
1511 3311 1682 3378 possit
1727 3309 1908 3367 dicere
1949 3332 1962 3367 :

2065 3319 2093 3369 6
2118 3316 2291 3370 πάντα
2329 3315 2727 3385 καταπτήσσων
2763 3313 2875 3385 (20)
2908 3314 2974 3368 δι’
3017 3312 3301 3367 εὐλάϐειαν
3326 3330 3340 3343 ·
3369 3315 3638 3384 στήκειδὲ

401 3401 749 3459 Providebam
778 3402 1057 3455 Dominum
1080 3404 1134 3456 in
1155 3412 1431 3471 conspectu
1463 3418 1575 3455 meo
1598 3418 1818 3471 semper,
1838 3419 1963 3473 quo-

2066 3408 2275 3477 ἑδραῖος
2303 3407 2360 3459 ὲν
2387 3408 2453 3476 τῇ
2494 3404 2738 3476 ἀληθείᾳ,
2785 3403 3079 3474 δυνάμενος
3103 3404 3276 3456 εἰπεῖν
3295 3419 3309 3434 ·
3356 3401 3636 3471 Προοῳὼ-

401 3491 545 3546 niam
568 3507 600 3544 a
627 3491 829 3544 dextris
851 3499 927 3544 est
950 3492 1098 3555 mihi,
1118 3508 1180 3545 ne
1197 3508 1522 3546 commovear
1540 3493 1581 3526 ¹⁹
1610 3512 1622 3547 :
1649 3494 1740 3563 qui
1759 3494 1963 3549 scilicet

2065 3516 2187 3568 μην
2222 3497 2328 3551 τὸν
2386 3499 2606 3565 Κύριον
2648 3496 2903 3550 ἐνώπιόν
2932 3512 3051 3565 μου
3079 3494 3427 3560 διαπαντὸς,
3452 3495 3547 3547 ὅτι
3571 3495 3639 3551 ὲκ

402 3581 537 3635 nihil
566 3596 754 3636 eorum
801 3598 920 3651 quae
968 3582 1035 3636 ad
1093 3583 1323 3639 ollicium
1371 3585 1701 3654 pertineant,
1747 3594 1963 3655 praeter-

2066 3588 2279 3654 δεξιῶν
2301 3589 2419 3658 μού
2451 3589 2641 3650 ἐστιν,
2682 3588 2780 3641 ἵνα
2806 3586 2892 3656 μὴ
2935 3585 3241 3642 σαλευθῶ·
3272 3585 3352 3650 ὡς
3376 3586 3533 3639 οὐδὲν
3555 3587 3641 3639 cxi-

402 3671 615 3726 mittere
661 3673 809 3729 velit.
839 3672 942 3737 Et,
992 3673 1185 3727 Beatus
1220 3676 1316 3736 vir,
1356 3675 1446 3744 qui
1485 3677 1628 3730 timet
1663 3675 1963 3732 Dominum.

2072 3678 2330 3750 ρούμενος
2394 3676 2637 3745 παριδεῖν
2684 3673 2794 3726 τῶν
2846 3674 3102 3727 δεόντων·
3165 3673 3277 3737 καὶ,
3330 3672 3639 3741 Μακάριος

403 3758 576 3825 Quam
608 3761 677 3815 ob
708 3777 930 3817 causam
954 3763 977 3817 ?
1004 3762 1140 3828 Quia
1176 3761 1241 3817 In
1274 3764 1536 3818 mandatis
1565 3765 1681 3833 ejus
1713 3764 1844 3817 volet
1887 3765 1963 3818 ni-

2067 3769 2221 3838 ἀνὴρ
2252 3772 2286 3824 ό
2323 3769 2688 3838 φοϐούμενος
2717 3764 2823 3820 τὸν
2848 3767 3082 3832 Κύριον.
3115 3763 3213 3817 Διά
3251 3764 3336 3821 τῖε
3370 3765 3497 3816 Ὅτι
3542 3765 3643 3819 Ἐν

404 3853 575 3906 mis“.
606 3851 794 3923 Itaque
817 3854 1123 3908 timentium
1155 3869 1264 3907 non
1288 3863 1374 3909 est
1403 3854 1605 3924 aliquid
1640 3869 1706 3908 ex
1746 3854 1814 3910 iis
1850 3870 1971 3923 quae

404 3951 672 4012 praecepta
706 3944 927 4006 fuerint,
957 3946 1255 4014 praeterire,
1297 3954 1390 3999 aut
1435 3946 1771 4015 negligenter
1807 3962 1969 4003 exse—

405 4036 500 4103 qui
528 4054 541 4088 :
574 4036 682 4089 imo
706 4052 773 4091 ue
805 4036 1177 4091 mercenarius
1199 4038 1414 4106 quidem
1439 4038 1734 4108 quidquam
1756 4055 1968 4105 eorum,

406 4141 528 4195 qua:
559 4128 872 4196 praescripta
914 4129 1044 4191 sint,
1078 4127 1280 4182 violare
1305 4129 1470 4184 volet.
1502 4128 1788 4194 Quomodo
1825 4131 1968 4184 enim

408 4218 690 4290 praemium
720 4217 854 4271 feret
881 4219 951 4272 ob
975 4220 1144 4273 vincte
1185 4219 1473 4281 culturam,
1520 4219 1563 4273 si
1597 4228 1752 4289 pacta
1789 4222 1971 4274 omnia

408 4322 520 4367 non
553 4310 891 4363 servaverit?
918 4309 1130 4364 Etenim
1153 4311 1198 4365 si
1231 4311 1313 4365 vel
1344 4326 1507 4364 unum
1533 4328 1598 4366 ex
1632 4311 1699 4366 iis
1730 4327 1849 4381 qua:
1885 4329 1974 4368 ne-

2069 3864 2198 3930 ταῖς
2226 3861 2503 3925 ἐντολαῖς
2548 3860 2731 3914 αὑτοῦ
2775 3857 3017 3923 θελήσει
3043 3856 3297 3926 σφόδρα.
3352 3856 3427 3909 Οὐ
3461 3856 3641 3910 τοίνυν

2068 3955 2185 4008 ἐστὶ⁸
2212 3952 2320 4006 τῶν
2343 3950 2688 4022 φοϐουμένων
2723 3948 2784 4001 τὸ
2815 3947 3067 4018 παριέναι
3100 3964 3149 3999 τι
3182 3944 3292 3998 τῶν
3316 3944 3643 4017 ἐντεταλμέο

2071 4063 2197 4111 νων,
2226 4045 2259 4117 ἢ
2307 4042 2523 4115 ἀμελῶς
2560 4043 2765 4094 ποιεῖν’
2798 4040 2911 4093 ἀλλ’
2940 4038 3059 4091 οὐδὲ
3094 4041 3124 4091 6
3161 4036 3431 4108 μισθωτὸς
3462 4055 3641 4109 παρα-

2072 4128 2251 4209 ϐῆναί
2282 4155 2334 4190 τι
2372 4136 2480 4188 τῶν
2522 4134 2955 4203 διατεταγμένων
3000 4131 3302 4202 αἱρήσεται.
3355 4128 3484 4194 Πῶς
3534 4130 3641 4199 γὰρ

2071 4229 2355 4300 κομίσεται
2389 4227 2478 4280 τὸν
2511 4225 2697 4297 μισθὸν
2742 4225 2841 4294 τῆς
2868 4223 3124 4295 ἐργασίας
3167 4221 3261 4275 τοῦ
3296 4222 3640 4293 ἀμπελῶνος,

2079 4322 2152 4392 μὴ
2193 4321 2371 4374 πάντα
2420 4316 2711 4388 πληρώσας
2752 4314 2821 4368 τά
2855 4312 3364 4384 συμπεφωνημὲνα;
3398 4314 3513 4366 Καὶ
3536 4314 3645 4384 γὰρ

410 4397 652 4456 cessaria
684 4399 1015 4463 exstiterint,
1045 4400 1299 4461 defuerat,
1337 4400 1584 4453 inutilem
1634 4402 1803 4470 ipsam
1853 4418 1963 4472 pos-

2074 4411 2168 4466 ἐὰν
2208 4411 2267 4465 ἓν
2303 4428 2357 4462 τι
2409 4408 2627 4478 ἐλλείπῃ
2669 4406 2777 4459 τῶν
2820 4400 3149 4472 ἀναγκαίων,
3179 4402 3450 4473 ἄχρηστον
3485 4404 3645 4455 αὑτὸν

412 4490 615 4545 sessori
653 4490 909 4545 reddidit.
941 4480 1143 4561 Ecquis
1173 4500 1432 4561 praeterea
1471 4490 1782 4546 detrimenti
1832 4508 1974 4547 mer—

411 4581 600 4639 cedem
631 4584 903 4651 persolvat
940 4584 1154 4651 injuriue
1196 4583 1413 4637 actori?
1447 4580 1692 4636 Tertium
1726 4584 1975 4640 ministe-

411 4673 553 4727 rium
602 4683 722 4728 erat
767 4676 839 4731 ob
893 4675 1210 4730 cbaritatem
1260 4674 1584 4744 priestitum.
1638 4674 1770 4739 Quis
1811 4675 1976 4746 igitur

502 4832 547 4861 ¹¹⁶
584 4828 740 4885 Rom.
779 4847 841 4889 ι,
882 4831 967 4885 Μ.

1072 4832 1115 4862 ¹⁸
1157 4831 1341 4884 Matth.
1376 4845 1486 4895 vn,
1544 4828 1633 4882 ﬁl.

413 4902 456 4934 ι’
495 4899 638 4957 Psal.
674 4916 765 4955 xv.
798 4901 850 4955 8.

928 4902 974 4934 ²⁰
1014 4900 1157 4957 Psal.
1190 4917 1298 4964 cxi,
1333 4901 1382 4955 1.

483 5054 595 5125 (l6)
632 5055 765 5128 Reg.
788 5056 1001 5128 primus
1033 5061 1087 5108 et
1119 5055 1260 5110 Voss
1311 5056 1539 5126 Κυρίου,
1581 5063 1631 5109 et
1663 5055 1831 5110 Coisl.
1866 5059 1978 5128 pri-

411 5141 534 5197 mus
569 5125 884 5197 κράζοντος,
909 5127 1243 5197 clamantem.

483 5193 757 5265 (liﬂieg.
792 5196 902 5249 duo
935 5210 1066 5249 mss.
1107 5195 1317 5265 θέλημα
1353 5193 1449 5248 τοῦ
1488 5193 1645 5247 Θεοῦ.
1686 5194 1980 5265 Aliquanto

414 5263 538 5337 poSt
560 5263 941 5337 (Reg—primus
968 5266 1066 5336 τὴν
1100 5263 1290 5337 τούτου
1325 5266 1576 5337 σπουδήν.

488 5336 601 5406 (18)
632 5335 813 5406 Codex
843 5335 999 5388 Colb.
1028 5335 1346 5406 ὑπάρχοντά
1367 5353 1488 5406 μοι.

489 5405 601 5475 (l9)
633 5405 778 5459 Idem
809 5420 945 5475 mss.
969 5405 1076 5457 ἀπὸ
1100 5404 1438 5459 τῶνκακῶν.
1472 5404 1624 5459 Haud
1658 5405 1815 5475 longe
1847 5405 1977 5474 Reg.

366 5475 375 5483 ’
420 5473 967 5547 Ρτίῃὶιιδετληροῦμεν
995 5476 1062 5527 τὰ
1091 5475 1557 5547 προστεταγμένα.

496 5544 605 5611 (‘20)
640 5542 934 5599 Edidiones
956 5542 1165 5599 veteres
1188 5542 1599 5597 καταπτύσσων.
1626 5542 1805 5598 Codex
1829 5542 1982 5597 Colh.

428 5614 773 5683 καταπτύων.
810 5613 963 5683 Regii
992 5615 1198 5682 primus
1230 5626 1280 5667 et
1308 5615 1499 5668 tertius
1534 5629 1655 5667 cum
1684 5614 1852 5683 Coisl.
1877 5612 1986 5683 pri-

427 5699 519 5751 tuo
547 5681 965 5754 καταπτήσσών,
1000 5681 1100 5738 nec
1128 5685 1281 5739 aliter
1308 5685 1503 5755 legitur
1526 5683 1667 5754 apud
1696 5682 1867 5739 LXX.
1886 5681 1988 5737 Ye-

1746 4831 1788 4862 ¹⁶
1825 4832 2010 4892 Matth.
2072 4857 2121 4895 vn
2146 4883 2159 4908 ,
2197 4840 2248 4897 5.

2075 4504 2153 4575 τῷ
2180 4501 2502 4573 κεκτημένῳ
2536 4499 2836 4567 κατέστησε
2876 4495 3009 4567 (21).
3039 4495 3136 4558 Τίς
3161 4490 3252 4547 οὖν
3276 4493 3359 4547 ἔτι
3381 4497 3484 4566 τῆς
3520 4493 3645 4563 βλά.

2037 4630 2041 4637 ι
2077 4596 2178 4666 6ης
2217 4594 2328 4663 (22)
2383 4590 2569 4662 μισθὸν
2609 4588 2917 4643 ὑποτελέσει
2955 4584 3032 4656 τῷ
3066 4585 3415 4654 ἀδικήσαντι;
3449 4585 3645 4656 Τρίτον

2076 4682 2145 4757 ἦν
2189 4690 2221 4757 ὴ
2262 4684 2403 4738 κατὰ
2448 4683 2665 4751 ἀγάπην
2700 4679 2989 4751 ὑπηρεσία.
3028 4677 3122 4739 Τίς
3157 4671 3249 4729 οὖν
3273 4675 3411 4739 υἱὸς,
3443 4676 3645 4729 σκοπὸν

2364 4840 2403 4871 ¹⁷
2444 4840 2465 4892 Ι
2499 4837 2626 4892 Cor.
2663 4851 2800 4901 xui,
2836 4832 2887 4887 '5.
3006 4832 3047 4862 ¹⁸
3085 4829 3244 4885 Prov.
3284 4826 3494 4895 xxviii,
3555 4830 3637 4884 H.

2088 5046 2180 5100 lim
2219 5054 2398 5100 autem
2429 5042 2519 5096 hic
2557 5039 2823 5109 intelligas
2856 5036 3102 5091 timorem
3137 5029 3246 5085 lilio
3279 5027 3529 5100 dignum,
3552 5029 3643 5085 cui

2087 5117 2296 5171 scilicet
2329 5112 2694 5167 admisceatur
2723 5122 2894 5161 amor.
2935 5177 2950 5181 _
3258 5167 3285 5181 _

2159 5168 2584 5255 (QtlEditiones
2612 5186 2823 5255 veteres
2844 5184 2897 5230 et
2917 5177 3027 5255 duo
3052 5168 3296 5255 mssast?)
3318 5168 3645 5255 κεκτη

2087 5238 2394 5311 minim».
2429 5252 2614 5306 Codex
2645 5247 2805 5303 Voss.
2828 5256 2883 5320 e_t
2910 5245 3153 5320 Colb._et
3184 5238 3317 5320 Reg.
3346 5238 3562 5320 primus
3591 5245 3644 5320 et

2086 5309 2255 5381 Ceisl.
2279 5324 2462 5379 itidem
2501 5322 2709 5390 primus
2735 5317 3053 5390 κατέστησε.
3080 5311 3191 5367 Nec
3219 5309 3295 5363 ita
3320 5309 3496 5363 multo
3522 5315 3645 5379 post

2088 5396 2457 5467 Reg.ipr_imus
2491 5385 2711 5467 μισθους
2742 5385 3011 5467 ὑποτελεῖ.
3103 5453 3128 5464 _

2162 5448 2273 5537 (0223
2302 5448 2608 5537 Legendum
2649 5448 2730 5537 ἔτι
2772 5453 3168 5537 μενούσῃςρτῆς
3211 5448 3642 5537 βλέξξιςνηιξῑμξξξ

2092 5517 2417 5593 sein—udae"?
2469 5517 3136 5601 Symeonis'Logotbetae,
3179 5517 3232 5592 ρ’.
3263 5517 3643 5601 βιε-εεφεξ

2092 5588 2261 5677 igitur
2277 5604 2445 5658 adhuc
2476 5588 2717 5677 manente
2739 5588 3048 5651 detrimento
3075 5588 3355 5648 mercedem
3386 5588 3643 5657 perde

2094 5672 2303 5747 injuria
2333 5672 2575 5727 auctori?
