3962 6238
281 363 387 419 897

1029 358 1428 416 PROG‘ZMIUM
1466 358 1529 412 IN
1573 353 1898 412 REGULAS
1943 353 2199 412 FUEIUS
2239 353 2667 408 TRACTATAS.

3406 352 3508 409 ειοε

277 478 415 546 ἐχων
444 473 542 543 τὴν
567 473 660 526 τοῦ
700 473 905 544 πατρὸς
937 471 1311 543 εὐαρέστησιν,
1339 471 1429 523 ἐπὶ
1451 474 1563 534 τοῖς
1599 469 1836 541 μείζοσιν

1943 468 2103 530 ﬁlius,
2135 469 2292 537 cujus
2327 469 2372 522 is
2402 483 2600 537 scopus
2619 467 2712 530 sit,
2734 473 2788 519 ιιι
2807 468 3130 537 complaceal
3150 469 3508 539 patri,ipsum

275 567 437 619 αὐτὸν
482 565 806 635 εὐφραίνων,
859 563 968 615 τῶν
1029 563 1366 632 μικροτάτων
1416 563 1601 615 ’ένεκεν
1651 563 1836 614 λυπεῖν

274 660 597 729 αἱρήσεται;
662 655 803 708 Πολὺ
858 653 914 706 δὲ
968 653 1163 716 πλέον,
1223 653 1313 706 καὶ
1359 653 1451 705 τυῦ
1517 653 1835 706 Ἀποστόλου

278 747 620 818 μεμνημένος
682 745 816 814 (Ξὸ),
870 743 1147 806 εἰπόντος·
1201 745 1309 796 Καὶ
1361 743 1446 811 μὴ
1489 743 1731 796 λυπεῖτε
1771 743 1836 795 τὸ

272 836 515 904 Πνεῦμα
539 835 607 888 τὸ
653 833 822 903 ἅγιον
865 832 967 886 τοῦ
998 831 1166 896 Θεοῦ,
1197 833 1264 885 ἐν
1293 826 1340 899 ᾧ
1376 833 1833 902 ἐσφραγίσθητε.

343 1011 395 1066 4.
428 1013 492 1065 Οἱ
519 1012 699 1064 τοίνυν
731 1011 827 1074 τὰς
849 1010 1102 1074 πλείστας
1143 1011 1251 1064 τῶν
1297 1011 1524 1065 ἐντολῶν
1568 1011 1838 1082 παραϐαί-

269 1119 454 1166 νοντες
503 1105 560 1155 ἐν
611 1103 746 1171 ποίῳ
810 1103 963 1172 μέρει
1021 1102 1274 1173 τετάχθαι
1333 1102 1644 1172 βούλονταις
1700 1107 1835 1174 μήτε

268 1194 344 1257 ὡς
375 1194 489 1262 (24)
524 1193 699 1264 Πατρὶ
746 1193 1142 1264 ὑπηρετοῦντες
1190 1193 1266 1262 τῷ
1299 1193 1436 1262 Θεῷ,
1470 1197 1602 1265 μήτε
1633 1195 1707 1258 ὡς
1743 1213 1837 1264 με-

267 1286 413 1354 γάλα
444 1285 896 1356 ἐπαγγελλομένῳ
923 1284 1250 1354 πειθόμενοι,
1300 1286 1435 1355 μήτε
1469 1286 1544 1349 ὡς
1592 1286 1833 1355 Δεσπὸτῃ

267 1374 630 1438 δουλεύοντες.
659 1379 725 1430 El
753 1375 862 1445 γὰρ
898 1374 1096 1443 Πατήρ
1147 1378 1284 1444 εἰμι,
1315 1376 1496 1445 φησὶν,
1547 1376 1680 1443 ἐγὼ,
1717 1379 1834 1429 ποῦ

263 1468 437 1520 ἐστιν
465 1470 504 1536 ὴ
529 1466 677 1531 δόξα
699 1481 859 1535 μου;
893 1466 987 1520 καὶ
1012 1469 1063 1519 εὶ
1109 1466 1323 1533 Κύριός
1359 1469 1472 1535 εἰμι
1525 1467 1658 1535 ἐγὼ,
1716 1469 1834 1520 ποῦ

263 1559 438 1611 ἐστιν
461 1562 494 1610 ό
518 1559 700 1627 φόϐος
720 1575 839 1627 μου
885 1557 1029 1628 (25);
1083 1557 1145 1610 '0
1197 1559 1292 1628 μὲν
1326 1559 1435 1628 γὰρ
1469 1560 1834 1626 φοϐούμενος

260 1649 370 1702 τὸν
390 1650 628 1716 Κύριον,
661 1650 732 1703 ὲν
757 1649 888 1713 ταῖς
916 1648 1186 1714 ἐντολαῖς
1205 1648 1390 1701 αὑτοῦ
1421 1649 1661 1713 θελήσει
1686 1650 1834 1718 σφό-

262 1739 395 1808 δρα·
429 1740 598 1795 διὰδὲ
626 1741 735 1807 τῆς
767 1739 1154 1809 παραϐάσεως
1177 1742 1279 1794 τοῦ
1311 1743 1497 1808 νόμου
1524 1741 1629 1794 τὸν
1661 1741 1827 1805 Θεὸν,

261 1832 448 1901 φησιν.
477 1830 788 1900 ἀτιμάζεις.
819 1832 941 1896 Πῶς
973 1828 1084 1895 οὖν,
1113 1832 1203 1885 τὸν
1235 1831 1354 1885 καθ’
1377 1833 1568 1902 ἡδονὴν
1600 1832 1711 1901 βίον
1733 1832 1827 1884 τοῦ

259 1923 382 1973 κατ’
412 1922 628 1992 ἐντολὴν
652 1923 1103 1992 προτιμήσαντες,
1137 1921 1280 1990 ζωῆς
1304 1921 1696 1992 μακαριότητα,
1735 1923 1828 1974 καὶ

1940 562 1992 614 in
2050 561 2214 614 rebus
2263 560 2566 628 majoribus
2609 560 2995 626 exbilaratum,
3044 563 3269 616 tristitia
3321 563 3392 617 ob
3429 565 3509 619 rei

1939 651 2166 704 minoris
2205 652 2464 704 momenti
2488 650 2703 704 allicere
2729 652 2908 705 volet?
2933 651 3088 716 Quod
3123 652 3286 706 etiam
3335 654 3508 707 multo

1940 743 2115 812 magis
2151 743 2452 812 praestabit,
2487 743 2531 796 si
2562 743 2868 797 meminerit
2910 745 3172 812 Apostoli,
3220 745 3312 815 qui
3343 746 3502 800 dicit:

1941 833 2007 886 Et
2035 834 2198 887 nolite
2224 837 2544 889 contristare
2586 835 2841 902 Spiritum
2883 846 3121 889 sanctum
3161 837 3277 902 Dei,
3321 839 3373 891 in
3406 853 3510 908 quo

1938 925 2132 993 signati
2156 925 2352 979 estis".

2006 1015 2060 1068 4.
2113 1013 2216 1080 Qui
2281 1015 2446 1085 igitur
2495 1016 2788 1069 maximam
2855 1016 3062 1070 violant
3127 1017 3505 1071 mandatorum

1937 1115 2169 1175 partem,
2195 1125 2301 1176 quo
2324 1111 2376 1162 in
2410 1125 2638 1163 numero
2657 1111 2916 1163 collocari
2934 1112 3160 1181 cupiunt
3181 1113 3308 1182 ?qui
3334 1129 3508 1182 neque

1937 1199 2104 1253 Deum
2153 1208 2212 1253 ut
2252 1200 2467 1256 Patrem
2517 1203 2795 1273 obsequiis
2835 1205 3038 1266 colant,
3092 1220 3266 1274 neque
3307 1209 3352 1260 ei
3390 1215 3510 1259 tan-

1935 1303 2096 1356 quam
2141 1305 2336 1358 magna
2386 1291 2656 1359 pollicenti
2715 1293 2944 1346 habeant
3000 1295 3176 1356 tidem,
3236 1311 3410 1364 neque
3449 1304 3508 1350 ut

1937 1376 2165 1432 Domino
2201 1381 2457 1433 serviant.
2507 1380 2567 1434 Si
2595 1384 2757 1446 enim,
2805 1385 3001 1452 inquit,
3051 1384 3212 1437 Pater
3240 1402 3353 1438 sum
3389 1403 3504 1455 ego,

1935 1469 2023 1521 ubi
2055 1480 2133 1523 est
2159 1471 2328 1540 gloria
2358 1475 2580 1527 mea?et
2611 1475 2658 1526 si
2695 1475 2950 1528 Dominus
2991 1494 3105 1530 sum
3139 1495 3253 1548 ego,
3294 1478 3383 1532 ubi
3427 1485 3507 1532 est

1937 1562 2095 1613 timor
2127 1564 2360 1616 meus"?
2391 1564 2496 1629 Qui
2519 1565 2661 1617 enim
2692 1568 2836 1620 timet
2874 1567 3172 1633 Dominum,
3200 1571 3250 1622 in
3285 1569 3506 1624 manda-

1937 1654 2004 1705 tis
2025 1653 2137 1721 ejus
2161 1661 2292 1708 volet
2323 1658 2548 1708 nimis".
2581 1659 2668 1710 Ait
2707 1675 2856 1722 vero,
2899 1659 2998 1713 Per
3024 1664 3505 1729 pra'varicationem

1935 1743 2062 1812 legis
2096 1743 2263 1796 Deum
2318 1747 2676 1802 inhonorus".
2726 1751 3008 1816 Quomodo
3044 1754 3206 1823 igitur
3255 1756 3297 1809 si
3339 1756 3503 1810 vitam

1930 1835 2290 1903 voluptariam
2319 1838 2442 1891 vita:
2485 1856 2604 1909 qure
2641 1841 2796 1908 juxta
2830 1843 3083 1896 mandata
3120 1845 3333 1914 degitur
3364 1856 3508 1902 ante-

1929 1938 2215 1992 ponamus,
2236 1926 2359 1980 vitte
2389 1928 2801 1994 beatitudinem,
2825 1933 3266 1989 etcivitatiscum
3298 1937 3506 1992 sanctis

262 2013 622 2067 ἰσοπολιτείαν
658 2013 770 2084 (26)
796 2013 903 2065 τῶν
932 2012 1120 2080 ἁγίων,
1162 2017 1254 2064 καὶ
1288 2014 1386 2076 τὰς
1423 2015 1539 2083 μετ’
1582 2014 1827 2081 ἀγγέλων

1932 2014 2014 2082 jus
2046 2017 2274 2086 aequale,
2324 2026 2378 2071 et
2411 2035 2535 2074 cum
2567 2023 2776 2094 angelis
2817 2026 3012 2093 gaudia
3054 2027 3106 2080 in
3137 2028 3339 2084 Christi
3380 2045 3509 2084 con.

256 2107 594 2177 εὐφροσύνας
625 2109 682 2160 ἐν
708 2105 984 2178 προσώπῳ
1019 2105 1254 2177 Χριστοῦ
1303 2107 1512 2169 ἑαυτοῖς
1545 2107 1828 2178 ὐποθώμε-

256 2198 357 2261 θα;
391 2198 610 2267 Νηπίας
630 2198 799 2262 ὅντως
822 2199 1013 2268 φρενὸς
1043 2199 1152 2268 (Ἥ)
1179 2197 1247 2249 τὰ
1273 2197 1496 2251 τοιαῦτα
1520 2199 1829 2268 φαντάσμα-

255 2307 343 2342 τα.
368 2290 496 2353 Πῶς
521 2289 714 2360 ἔσομαι
748 2289 886 2360 μετὰ
918 2289 1056 2351 Ἰὼϐ,
1081 2291 1109 2341 6
1144 2289 1276 2359 μηδὲ
1299 2290 1398 2360 τὴν
1427 2290 1690 2360 τυχοῦσαν
1718 2290 1828 2342 θλί-

252 2378 348 2446 ψιν
374 2379 512 2449 μετὰ
530 2377 874 2449 εὐχαριστίας
901 2375 1224 2447 δεξάμενος;
1258 2378 1381 2440 Πῶς
1411 2379 1548 2448 μετὰ
1586 2379 1679 2432 τοῦ
1723 2383 1826 2432 Δα-

255 2470 360 2534 σὶδ,
395 2473 424 2524 6
465 2470 538 2541 μὴ
564 2470 698 2542 πρὸς
727 2471 819 2524 τὸν
852 2469 1106 2541 πολέμιον
1137 2469 1504 2540 μακροθύμως
1529 2469 1822 2536 διατεθείς;

256 2561 382 2624 Πῶς
408 2562 550 2631 μετὰ
574 2561 667 2614 τοῦ
696 2561 914 2632 Δανιὴλ,
939 2563 967 2614 ὁ
1008 2563 1082 2632 μὴ
1122 2564 1238 2632 μετ’
1291 2563 1616 2632 ἐγκρατείας
1651 2565 1826 2635 διηνε-

254 2653 386 2716 κοῦς
415 2653 510 2705 καὶ
554 2653 788 2724 δεήσεως
838 2653 1122 2720 φιλοπόνου
1156 2653 1247 2706 τὸν
1302 2652 1433 2707 Θεὸν
1488 2654 1821 2727 ἐκζητήσας;

254 2747 380 2808 Πῶς
404 2745 524 2816 μεθ’
559 2746 788 2799 ἑκάστου
812 2746 918 2799 τῶν
980 2747 1170 2814 ἁγίων,
1193 2750 1220 2800 6
1251 2749 1324 2818 μὴ
1351 2751 1463 2811 τοῖς
1499 2748 1700 2818 ἴχνεσιν
1735 2751 1825 2802 αὐ-

253 2841 361 2893 τῶν
395 2841 809 2910 περιπατήσαςς
848 2839 942 2905 Τίς
973 2841 1142 2905 οὕτως
1165 2843 1384 2913 ἄκριτος
1409 2843 1717 2912 ἀθλοθέτης,
1749 2843 1824 2907 ὡς

252 2930 359 2983 τῶν
391 2931 507 2999 (28)
544 2930 671 2984 ἴσων
701 2930 929 2995 ἀξιῶσαι
981 2934 1256 3001 στεφάνων
1303 2934 1394 2986 τὸν
1453 2935 1677 3005 νικητὴν
1732 2937 1825 2988 καὶ

251 3023 344 3075 τὸν
381 3023 548 3093 μηδὲν
576 3023 974 3093 ὴγωνισμένονς
1012 3022 1106 3086 Τίς
1140 3025 1442 3096 στρατηγὸς
1489 3028 1568 3089 εἰς
1600 3027 1699 3098 τὴν
1730 3043 1824 3097 με·

254 3114 374 3186 ρίδα
406 3115 514 3166 τῶν
543 3114 753 3167 σκύλων
780 3114 956 3178 ὲξίσου
998 3117 1126 3169 ποτὲ
1175 3119 1287 3180 τοῖς
1343 3117 1649 3186 νενικηκόσι
1699 3119 1824 3180 τούς
1851 3137 1892 3193 C

256 3207 392 3277 μηδέ
423 3208 688 3276 φανέντας
708 3207 800 3260 ἐπὶ
844 3208 942 3278 τῆς
979 3209 1154 3278 μάχης
1203 3209 1492 3274 ἐκάλεσεν;
1540 3209 1765 3278 Ἀγαθὸς
1795 3212 1823 3262 6

250 3297 407 3361 Θεὸς,
442 3299 580 3352 ἀλλὰ
611 3299 704 3352 καὶ
736 3299 962 3362 δίκαιος.
980 3301 1196 3354 Δικαίου
1224 3301 1298 3365 δὲ,
1323 3305 1356 3371 ἡ
1377 3301 1512 3372 πρὸς
1542 3303 1699 3368 ἀξίαν
1728 3303 1822 3356 ἀν-

248 3392 475 3455 τίδοσις,
508 3391 688 3456 καθὼς
715 3393 1042 3465 γέγραπται·
1097 3394 1431 3464 Ἀγάθιννον,
1473 3395 1667 3461 Κύριε,
1702 3395 1824 3462 τοῖς

251 3481 496 3551 ἀγαθοῖς
522 3482 622 3535 καὶ
653 3483 780 3550 τοῖς
815 3483 1017 3537 εὐθέσι
1046 3482 1121 3551 τῇ
1160 3484 1390 3550 καρδίᾳ.
1452 3485 1596 3548 Τοὺς
1630 3485 1697 3537 δὲ
1725 3486 1822 3537 ἐκ·

250 3574 575 3639 κλίνοντας
618 3576 705 3639 εις
746 3575 851 3640 τὰς
903 3574 1306 3643 cepam-aliae
1351 3573 1565 3637 ἀπάξει
1611 3575 1823 3642 Κύριος

243 3664 396 3735 μετὰ
445 3663 566 3716 τῶν
609 3664 1008 3734 ἐργαζομένων
1045 3665 1160 3732 τὴν
1210 3665 1484 3733 ἀνομίαν.
1526 3665 1818 3735 Ἐλεήμων,

249 3756 385 3808 ἀλλὰ
420 3755 532 3825 (29)
566 3756 656 3808 καὶ
678 3757 887 3826 κριτής.
917 3754 1140 3824 Ἀγαπᾷ
1167 3755 1294 3824 γὰρ,
1337 3757 1519 3826 φησὶν,
1572 3758 1819 3826 ἐλεημο-

251 3849 454 3914 σύνην
485 3847 585 3902 καὶ
611 3848 813 3915 κρίσιν
842 3850 875 3900 o'
906 3849 1136 3914 Κύριος.
1161 3848 1250 3900 Διὸ
1284 3847 1448 3915 λέγει·
1489 3850 1698 3901 Ἕλεον
1724 3849 1823 3902 καὶ

251 3941 460 4006 κρίσιν
492 3939 715 4008 ᾷσομαί
742 3954 862 4005 σοι,
880 3941 1076 4007 Κύριε.
1102 3939 1406 4010 Ἐμὰθομεν
1432 3941 1522 3992 ἐπὶ
1541 3941 1651 4012 (50)
1675 3940 1822 4005 τίνας

251 4034 313 4085 τὸ
346 4032 515 4093 ἔλεος·
547 4031 834 4099 Μακάριοι
868 4031 993 4102 γὰρ,
1038 4032 1219 4103 φησὶν,
1255 4035 1308 4085 οἱ
1341 4032 1703 4100 ἐλεήμονες,
1734 4033 1822 4087 ὅτι

250 4124 421 4178 αὐτοὶ
447 4123 900 4190 ἐλεηθήσονται.
941 4125 1101 4194 Ὁρᾷς
1133 4123 1245 4186 πῶς
1269 4123 1603 4194 κεκριμένως
1621 4126 1822 4196 κέχρη-

250 4232 341 4267 ται
393 4214 474 4284 τῷ
534 4213 700 4283 ἐ).έῳ;
751 4213 874 4266 οὕτε
907 4213 1143 4284 ἀκρίτως
1200 4211 1385 4273 ἐλεῶν,
1425 4211 1547 4265 οὐτε
1582 4213 1823 4283 ἀνηλεῶς

252 4307 476 4377 κρίνων.
527 4305 822 4374 Ἐλεήμων
851 4305 958 4374 γὰρ
981 4307 1013 4358 ό
1037 4306 1269 4371 Κύριος,
1307 4305 1403 4358 καὶ
1431 4304 1676 4368 δίκαιος.
1731 4306 1820 4376 Μὴ

250 4396 344 4452 οὖν
372 4397 431 4463 ἐξ
461 4397 713 4467 ἡμισείας
759 4396 850 4449 τὸν
903 4396 1032 4449 Θεὸν
1063 4394 1415 4466 γνωρίζωμεν
1480 4395 1615 4464 (51),
1687 4396 1820 4466 μηδὲ

1929 2115 2116 2174 spectu
2169 2108 2328 2161 nobis
2368 2111 2728 2179 pollicemur?
2769 2114 2864 2169 Est
2917 2117 3082 2171 animi
3133 2135 3258 2173 vere
3301 2121 3509 2187 stolidi,

1928 2196 2056 2248 talia
2078 2199 2445 2253 comminisci.
2479 2200 2765 2267 Quomodo
2787 2221 2910 2259 cum
2938 2205 3040 2260 Job
3061 2223 3176 2273 ero,
3213 2212 3304 2280 qui
3337 2229 3403 2265 ne
3429 2213 3507 2268 le-

1927 2287 2204 2341 vissimam
2224 2291 2443 2358 quidem
2463 2295 2826 2349 calamitatem
2842 2315 2962 2350 cum
2983 2300 3278 2368 gratiarum
3296 2303 3507 2360 actione

1927 2379 2281 2448 pertulerim?
2314 2379 2598 2447 Quomodo
2624 2402 2746 2439 cum
2787 2385 3012 2453 Davide,
3048 2391 3138 2458 qui
3187 2391 3371 2446 leniter
3420 2409 3504 2448 me

1929 2485 2034 2522 non
2082 2471 2343 2540 gesserim
2377 2488 2500 2526 cum
2539 2475 2894 2531 adversario?
2918 2479 3201 2544 Quomodo
3238 2496 3360 2534 cum
3401 2484 3506 2536 Da-

1926 2557 2087 2622 niele,
2119 2561 2209 2628 qui
2243 2563 2468 2616 assidua
2504 2563 2840 2619 abstinentia
2868 2576 2922 2620 et
2953 2568 3141 2622 sedula
3196 2574 3506 2639 precatione

1926 2645 2094 2702 Deum
2159 2666 2267 2704 non
2326 2653 2727 2721 exquisierim?
2774 2659 3060 2722 Quomodo
3106 2677 3228 2714 cum
3280 2663 3506 2733 singulis

1926 2741 2215 2810 quibusvis
2246 2747 2475 2809 sanctis,
2512 2749 2604 2816 qui
2641 2750 2857 2804 illorum
2878 2753 3104 2823 vestigia
3141 2763 3362 2810 secutus
3393 2771 3502 2811 non

1927 2833 2074 2886 sim?
2111 2835 2244 2900 Quis
2291 2841 2652 2894 certaminum
2709 2844 2912 2897 arbiter
2953 2845 3024 2898 ita
3075 2846 3269 2915 judicii
3309 2864 3504 2917 expers

1925 2933 2030 2987 est,
2066 2933 2122 2978 ut
2149 2927 2412 2982 victorem
2435 2939 2488 2984 et
2519 2947 2642 2984 eum
2674 2935 2764 3001 qui
2807 2951 2912 2988 non
2937 2937 3258 2998 decertavil,
3279 2941 3504 3007 paribus

1927 3019 2148 3071 coronis
2179 3018 2375 3087 dignos
2402 3007 2525 3076 esse
2549 3033 2769 3077 censeat
2791 3024 2814 3078 ἳ
2839 3025 2974 3090 Quis
3010 3026 3307 3096 imperator
3327 3031 3391 3084 iis
3411 3033 3502 3101 qui

1925 3108 2179 3176 viCerint,
2209 3120 2262 3165 et
2303 3113 2370 3168 iis
2394 3115 2486 3183 qui
2529 3131 2595 3170 ne
2622 3119 3266 3188 comparuerintquidem
3313 3121 3367 3175 in
3410 3139 3506 3193 pu-

1928 3216 2054 3269 gna,
2083 3201 2368 3257 distribuit
2387 3221 2628 3275 unquam
2660 3211 2923 3276 aequalem
2945 3211 3240 3279 spoliorum
3260 3215 3506 3281 partem?

1926 3291 2070 3348 Deus
2099 3294 2318 3364 quidem
2349 3298 2526 3352 bonus
2551 3308 2652 3363 est,
2685 3302 2778 3354 sed
2808 3311 2889 3355 est
2923 3318 3140 3372 quoque
3165 3305 3372 3373 justus.
3399 3305 3504 3361 Re-

1925 3395 2178 3440 munerat
2203 3396 2385 3442 autem
2419 3391 2604 3458 justus
2641 3408 2740 3460 pro
2785 3395 3002 3458 merito,
3054 3397 3197 3450 sicut
3237 3398 3503 3466 scriptum

1925 3487 2009 3533 est
2039 3499 2050 3532 :
2081 3479 2328 3548 Benefac,
2362 3481 2600 3546 Domine,
2633 3483 2802 3548 bonis,
2833 3496 2882 3538 et
2914 3488 3064 3539 rectis
3095 3487 3274 3542 corde.
3327 3487 3504 3542 Decli-

1924 3578 2109 3623 nantes
2137 3582 2308 3623 autem
2344 3573 2396 3624 in
2427 3574 2792 3642 obligationes,
2815 3576 3037 3630 adducet
3069 3577 3322 3631 Dominus
3340 3578 3500 3650 331

1924 3679 2042 3715 cum
2097 3664 2434 3730 operantibus
2463 3667 2864 3733 iniquitatem".
2923 3667 3233 3725 Misericors
3284 3671 3500 3739 quidem

1923 3763 2029 3818 est,
2065 3756 2158 3808 sed
2191 3763 2244 3808 et
2269 3754 2456 3824 judex.
2503 3755 2688 3825 Diligit
2726 3759 2895 3820 enim,
2961 3760 3162 3829 inquit,
3207 3762 3502 3815 misericor-

1922 3847 2066 3898 diam
2093 3855 2140 3899 et
2163 3845 2419 3911 iudicium
2444 3846 2766 3900 Dominus".
2800 3848 2928 3901 Eam
2955 3851 3024 3904 ob
3059 3866 3278 3905 causam
3317 3853 3445 3906 dicit
3482 3869 3496 3905 :

1924 3935 2348 3991 Misericvrdiam
2382 3950 2432 3992 et
2459 3938 2725 4008 judicium
2771 3941 2994 3993 cantabo
3025 3941 3140 4004 tibi,
3188 3941 3411 3996 Domine
3429 3942 3494 3997 ".

1924 4027 2221 4083 Didicimus
2252 4030 2475 4098 quinam
2512 4029 2641 4093 sint,
2676 4046 2910 4098 quorum
2945 4031 3272 4086 misereatur
3299 4075 3311 4087 .
3348 4033 3502 4089 Beati

1922 4121 2088 4181 enim,
2123 4121 2320 4189 inquit,
2358 4121 2742 4185 misericordes,
2776 4123 3023 4190 quoniam
3063 4123 3167 4191 ipsi
3199 4125 3500 4178 misericor-

1921 4211 2065 4264 diam
2093 4217 2536 4281 consequentur".
2567 4211 2732 4267 Vides
2761 4229 2922 4282 quam
2952 4215 3297 4271 considerate
3316 4225 3500 4272 utatur

1923 4303 2298 4358 misericordia
2323 4307 2344 4355 ?
2372 4302 2555 4373 Neque
2577 4306 2711 4357 citra
2734 4304 3000 4372 judicium
3048 4307 3360 4364 misericors
3394 4323 3496 4373 est,

1926 4395 2332 4464 nequejudicat
2366 4396 2502 4448 citra
2544 4397 3001 4451 misericordiam.
3036 4398 3334 4453 Misericors
3352 4402 3497 4456 enim

253 4489 510 4561 ἀφορμὴν
537 4488 807 4559 ῥᾳθυμίας
843 4487 940 4559 τὴν
968 4487 1130 4540 αὐτοῦ
1163 4486 1570 4559 φιλανθρωπίαν
1615 4488 1824 4558 λαμϐά-

1933 4486 2206 4551 Dominus,
2256 4499 2303 4540 et
2339 4486 2590 4554 justus".
2619 4486 2695 4540 Ne
2753 4487 2913 4556 igitur
2958 4489 3177 4542 dimidia
3239 4506 3302 4543 ex
3346 4499 3498 4560 parte

254 4601 454 4654 νωμεν.
491 4582 588 4634 Διὰ
612 4581 1018 4654 τούτοβρονταὶ,
1047 4580 1136 4634 διὰ
1162 4579 1318 4632 τοῦτο
1343 4581 1612 4650 κεραυνοὶ,
1646 4580 1730 4632 ἵνα
1749 4580 1822 4651 μὴ

251 4676 662 4746 καταφρονῆται
692 4674 726 4744 ὴ
755 4672 1046 4744 ἀγαθότης.
1088 4674 1146 4725 ὐ
1183 4673 1273 4724 τὸν
1299 4673 1450 4741 ἥλιον
1496 4672 1820 4734 ἀνατέλλων,

250 4768 346 4820 καὶ
369 4765 631 4832 ἀϐλεψίαν
657 4761 1008 4826 καταδικάζει
1040 4760 1174 4830 (52).
1217 4760 1274 4813 '0
1295 4762 1383 4814 τὸν
1400 4760 1505 4829 όμϐ
1513 4777 1604 4830 ρον
1625 4761 1817 4824 διδοὺς,

1933 4579 2099 4632 Deum
2138 4594 2556 4647 cognoscamus,
2589 4595 2764 4648 neque
2794 4580 2967 4648 ipsius
3001 4581 3309 4650 benignitas
3354 4583 3497 4650 igna-

1929 4671 2030 4724 via:
2059 4670 2216 4724 nobis
2240 4671 2459 4724 occasio
2492 4671 2581 4724 sit.
2622 4669 2746 4723 Ideo
2785 4672 3047 4735 tonitrua,
3085 4672 3204 4724 ideo
3243 4671 3491 4736 fulmina,

1930 4772 1987 4816 ut
2021 4778 2089 4816 ne
2118 4771 2498 4816 contemnatur
2524 4763 2759 4816 bonitas.
2788 4762 2892 4827 Qui
2931 4762 3099 4815 efﬁcit
3136 4771 3194 4815 ut
3234 4763 3315 4816 sol
3352 4763 3496 4816 oria—

331 4903 377 4932 ²¹
421 4901 622 4968 Ephes.
663 4914 737 4968 Iv,
775 4899 865 4952 50.
941 4899 986 4930 ’⁸
1025 4897 1287 4968 Malam},
1326 4896 1380 4968 6.
1457 4895 1684 4968 "_Psal.
1721 4911 1843 4959 cn,

1932 4943 1934 4951 .
2011 4898 2056 4929 ⁸³⁵
2097 4897 2253 4952 Rom.
2289 4914 2350 4960 II,
2386 4897 2476 4951 95.
2522 4871 2600 4929 "'
2642 4896 2786 4952 Psal.
2826 4913 3008 4962 cxxw,
3047 4897 3101 4959 4,
3138 4897 3190 4949 5.
3267 4898 3311 4928 ²⁶
3348 4896 3490 4954 Psal.

250 4989 438 5034 xuii,
470 4967 530 5025 ’5.
609 4969 653 4999 ³⁷
694 4967 839 5024 Psal.
876 4983 939 5032 c,
977 4968 1027 5022 l.

326 5089 440 5158 (25)
469 5087 651 5143 Codex
674 5088 915 5158 Colbert.
951 5087 1110 5140 πλέον
1129 5085 1222 5139 τοῦ
1261 5085 1582 5158 Ἀποστὸλου
1612 5103 1675 5153 με
1685 5105 1821 5158 μνη-

257 5155 432 5229 μένοι.
462 5158 656 5212 Statim
689 5157 832 5212 idem
878 5173 1010 5213 mss.
1052 5155 1454 5228 ἐσφραγίσθητε
1493 5159 1571 5218 εἰς
1607 5157 1822 5226 ἡμέραν

251 5229 704 5299 ἁπολυτρῴσεως.

328 5299 441 5368 (24)
468 5295 736 5368 ’γοουιιιιη
771 5297 852 5361 ὡς
881 5295 1189 5368 addidimus
1219 5312 1285 5351 ex
1316 5295 1557 5350 antiquis
1585 5304 1821 5365 quatuor

255 5364 412 5422 libris
446 5377 501 5422 et
531 5383 596 5421 ex
625 5367 866 5420 editione
899 5364 1102 5420 Veneta

326 5439 439 5506 (25)
470 5437 652 5491 Codex
693 5435 851 5506 Voss.
871 5505 875 5506 ί
895 5445 950 5489 et
999 5436 1143 5506 Reg.
1173 5437 1384 5506 primus
1410 5435 1471 5487 Ei
1494 5434 1601 5506 γὰρ
1631 5435 1820 5506 Πατὴρ

255 5505 367 5575 ἐγώ
385 5505 524 5576 εἰμι,
553 5507 704 5574 φησὶ,
737 5505 839 5559 πού
859 5505 1010 5576 ἐστιν
1034 5508 1061 5558 ὁ
1083 5505 1243 5574 φόϐος
1267 5522 1398 5574 μου,
1424 5505 1517 5557 καὶ
1545 5510 1592 5558 εἰ
1619 5505 1822 5576 Κύριός

255 5581 394 5645 εἰμι.
423 5575 527 5630 ποῦ
555 5579 701 5629 ἐστιν
731 5578 762 5645 ἡ
791 5575 917 5638 δόξα
949 5592 1080 5645 μου;

329 5647 444 5717 (26)
477 5647 658 5701 Codex
691 5642 844 5700 (ζόη).
865 5642 986 5714 ἴσην
1008 5645 1300 5717 πολιτείαν.
1334 5642 1467 5714 Reg.
1495 5645 1690 5702 tertius
1718 5645 1828 5698 ίσο-

256 5716 467 5787 τιμίαν,
491 5732 671 5782 parem
701 5733 818 5787 cum
848 5717 1046 5787 sanctis
1079 5716 1405 5787 dignitatem.

331 5787 444 5859 (27)
477 5787 657 5843 Codex
687 5786 838 5842 Colb.
875 5785 1084 5855 νηπίων
1111 5785 1277 5846 ὅντως
1306 5785 1535 5855 φρενῶν.

1109 4967 1154 4999 ²⁸
1197 4965 1383 5019 Matth.
1420 4982 1475 5028 ν,
1515 4965 1564 5020 7.
1645 4968 1689 4997 ’9
1732 4969 1876 5020 Psal.
1913 4985 2058 5030 cnv,
2096 4969 2148 5021 5.

1952 5088 2115 5175 "(2.8)
2146 5086 2430 5168 Editiones
2464 5095 2674 5142 veteres
2722 5083 2781 5145 ὃς
2822 5081 2948 5135 τῶν.
2993 5081 3216 5150 Antiqui
3259 5089 3496 5150 quatuor

1930 5158 2052 5212 libri
2082 5159 2157 5220 ὠς
2189 5158 2319 5210 τῶν.

1999 5227 2111 5294 (29)
2148 5227 2328 5280 Codex
2357 5225 2509 5280 Colb.
2551 5223 2796 5294 ἐλεήμων
2825 5223 2859 5294 6_
2879 5220 3032 5294 Θεὸς,
3059 5221 3214 5294 ἀλλα.

2022 5228 2111 5290 ‘29)
2148 5227 2328 5280 Codex
2357 5227 2509 5280 Colb.
2551 5227 2796 5294 ἐλεήμων
2825 5227 2852 5274 6
2882 5227 3032 5285 Θεὸς,
3059 5227 3214 5274 ἀλλὰ.

1999 5227 2288 5372 iSOLEditi
2321 5305 2374 5372 et
2409 5297 2532 5372 duo‘
2554 5310 2686 5372 mss.
2709 5289 3346 5372 ;E_jtd0_qjtsvhéni;‘lleg',
3381 5290 3496 5372 pri-.-

1927 5359 2050 5441 mtis
2085 5359 2328 5441 ‘EHaOe;
2351 5367 2462 5441 ἐπί.
2494 5364 2674 5418 Codex
2704 5359 2856 5441 Colb.
2895 5359 3132 5441 Ἔμαθες
3165 5359 3220 5440 ᾷὲ
3247 5359 3366 5441 ἐπί.Δ
3391 5359 3494 5424 Qui

1925 5438 2034 5492 duo
2071 5433 2289 5490 codices
2317 5436 2519 5489 habent
2559 5443 2741 5487 notam
2774 5433 3214 5500 interrogationis
3251 5435 3374 5498 post
3400 5444 3496 5484 vo—

1928 5524 2043 5565 cem
2075 5508 2242 5568 ἕλεος.

2006 5579 2118 5648 (3i)
2150 5578 2281 5646 Reg.
2318 5574 2526 5644 primus
2560 5572 2617 5639 ἐξ
2657 5572 2908 5642 ἡμισείας
2935 5570 3024 5624 τὸν
3058 5570 3258 5640 Κύριον
3297 5568 3493 5642 γνωρί-

2061 5665 2116 5699 εν

1933 5648 2324 5788 ζωέἓέἷοϐοᾱει
2345 5714 2500 5772 Colb.
2535 5711 2974 5776 καταδικάζων...
3014 5708 3124 5781 πῦρ
3160 5707 3388 5780 βρέχων.
