3962 6238
490 302 597 361 899
1808 304 1866 360 S.
1907 304 1990 359 BA
2001 303 2150 358 SlLll
2185 304 2398 361 MAGNI
3642 304 3737 359 900

493 417 654 481 tur",
677 417 794 489 ipse
810 416 973 472 etiam
992 418 1237 473 excitate
1259 419 1524 473 multat“.
1544 417 1646 484 Qui
1665 419 1895 474 imbrem
1918 418 2053 471 dat"

2164 420 2257 471 καὶ
2286 418 2345 471 τὸ
2366 417 2474 490 πῦρ
2503 418 2703 489 βρέχει.
2754 419 2969 471 Ἐκεῖνα
3016 417 3115 488 τῆς
3148 415 3540 489 χρηστότητος,
3577 418 3739 472 ταῦτα

490 512 652 563 etiam
685 508 861 579 ignem
894 509 1103 579 pluit”.
1133 508 1227 563 illa
1258 511 1633 574 clementiam,
1666 511 1780 565 haec
1804 513 2053 566 severita-

2174 510 2272 580 τῆς
2291 510 2610 580 ἀποτομίας·
2643 510 2675 581 ἢ
2698 511 2763 563 δι’
2792 512 2976 563 ἐκεῖνα
3005 511 3401 581 ὰγαπήσωμεν,
3416 509 3450 580 ἢ
3468 508 3560 563 διὰ
3580 509 3738 565 ταῦτα

491 610 598 656 tem
624 600 866 656 indicant
895 620 908 657 :
952 615 1048 657 aut
1085 610 1307 672 propter
1338 603 1429 655 illa
1462 602 1773 672 diligamus,
1826 609 1917 656 aut
1945 617 2053 672 pro-

2175 600 2521 672 φοϐηθῶμεν,
2545 602 2632 655 ἵνα
2669 602 2742 673 μὴ
2777 601 2914 673 ρηθῇ
2949 602 3044 655 καὶ
3073 603 3226 671 ἡμῖν’
3258 603 3328 656 Ἠ
3348 602 3454 656 τοῦ
3479 605 3739 658 πλούτου

490 700 611 762 pter
643 694 757 748 haec
782 695 1101 757 timeamus,
1136 711 1205 750 ne
1238 695 1396 750 nobis
1431 712 1650 767 quoque
1693 695 1913 750 dicatur
1942 713 1955 748 :
1985 694 2053 746 Ai

2172 695 2280 764 τῆς
2301 696 2709 764 χρηστότητος
2730 693 2935 757 αὑτοῦ,
2964 694 3064 747 καὶ
3093 692 3199 761 τῆς
3226 692 3475 763 ἀνοχῆς.
3516 694 3615 749 καί
3640 693 3741 762 τῆς

489 786 707 840 divitias
730 785 981 840 bonitatis
1004 788 1139 855 ejus,
1161 799 1207 842 et
1238 789 1531 857 patientiae,
1571 796 1620 841 et
1651 786 2053 857 longanimitati:

2164 787 2578 858 μακροθυμίας
2606 786 3016 855 καταφρονεῖς,
3058 786 3315 856 ἀγνοῶν,
3350 787 3441 841 ὅτι
3482 788 3552 841 τὸ
3604 805 3741 857 χρη-

491 881 802 943 contemm’s,
843 880 1091 950 ignorans
1139 879 1277 949 quod
1321 880 1615 949 benignitas
1646 878 1745 933 Dei
1800 877 1869 931 ad
1907 878 2053 945 paeni-

2170 880 2322 934 στὸν
2354 878 2460 931 τοῦ
2505 877 2651 931 Θεοῦ
2695 881 2781 943 εὶς
2812 878 3137 947 μετάνοιάν
3170 896 3244 933 σε
3276 879 3439 949 ἄγευ
3489 881 3649 934 Κατὰ
3680 879 3741 933 δὲ

493 974 713 1024 tentiam
742 981 790 1025 te
812 970 1001 1025 ducit?
1038 969 1340 1024 Secundum
1377 981 1553 1023 autem
1601 970 1859 1021 duritiam
1897 978 2053 1021 tuam.

2170 972 2285 1041 τὴν
2316 972 2699 1040 σκληρότητά
2726 988 2862 1033 σου,
2885 972 2980 1024 καί
3016 972 3421 1040 ἀμετανόητον
3472 970 3739 1041 καρδίαν,

484 1075 539 1117 οι
568 1065 894 1132 impwnitens
923 1078 1033 1125 cor,
1069 1062 1398 1116 thesaurizas
1434 1061 1528 1114 tibi
1559 1061 1695 1114 iram
1727 1062 1781 1113 in
1802 1059 2065 1113 dieiraz”.

488 1154 758 1223 Quoniam
781 1156 945 1225 igitur
979 1170 1152 1224 neque
1187 1154 1321 1209 salvi
1346 1169 1470 1209 esse
1513 1163 1766 1222 possunt,
1793 1152 2067 1222 quiopera

487 1254 557 1293 ex
602 1239 695 1293 Dei
754 1246 1029 1308 praecepto
1076 1237 1416 1292 conficienda
1463 1253 1575 1292 non
1619 1238 1851 1307 egerint,
1890 1250 2069 1304 neque

490 1331 699 1401 absque
729 1330 974 1400 periculo
997 1330 1295 1399 quidquam
1323 1344 1510 1384 eorum
1530 1346 1649 1399 quae
1671 1331 1936 1398 imperata
1953 1329 2069 1381 fue-

488 1424 621 1488 rint,
668 1424 1110 1493 praetermittitur
1150 1423 1367 1493 (ingens
1408 1423 1553 1476 cnim
1609 1421 1922 1491 arrogantia
1966 1427 2050 1475 est

488 1516 748 1572 constitui
776 1530 878 1571 nos
910 1515 1243 1584 legislatoris
1274 1514 1507 1584 iudices,
1558 1522 1611 1569 et
1658 1515 1794 1569 alias
1844 1513 2064 1583 quidem

485 1610 635 1681 leges
668 1609 1045 1678 comprobare,
1071 1609 1206 1662 alias
1236 1623 1367 1663 vero
1397 1606 1672 1675 rejicere),
1697 1605 1926 1676 agedum
1963 1621 2064 1660 nos

485 1701 581 1770 qui
619 1700 671 1753 in
700 1698 921 1769 pietatis
964 1700 1270 1769 palaestram
1327 1697 1596 1761 venimus,
1646 1696 1849 1767 quique
1893 1696 2060 1763 vitam

486 1792 727 1862 quietam
758 1798 811 1845 et
839 1805 868 1843 a
894 1790 1128 1859 negotiis
1154 1796 1444 1851 remotam,
1475 1796 1737 1859 tanquam
1778 1788 1844 1842 ad
1883 1796 2064 1844 custoo
2094 1771 2134 1824 Β

486 1882 684 1939 dienda
723 1878 1001 1952 Evangelii
1044 1880 1297 1952 dogmata
1346 1880 1668 1950 adiutricem
1717 1895 1910 1934 sumus
1947 1894 2063 1933 am-

485 1975 652 2045 plexi,
686 1988 1028 2028 communem
1065 1988 1252 2027 curam
1287 1972 1645 2027 consiliumve
1684 1970 2059 2032 adhibeamus,

484 2081 557 2122 ne
578 2064 722 2136 quod
752 2070 1079 2134 praeceptum
1103 2078 1204 2118 nos
1232 2063 1472 2133 etiugiat.
1508 2061 1719 2115 Etenim
1764 2061 1808 2114 si
1838 2060 1931 2115 Dei
1963 2060 2063 2114 bo-

484 2157 689 2212 minem
716 2162 932 2226 oportet
963 2154 1263 2224 perfectum
1297 2169 1442 2215 esse.
1474 2156 1618 2208 sicut
1651 2154 1915 2223 scriptum
1952 2163 2059 2217 est,

483 2254 541 2302 et
567 2247 645 2301 uti
668 2246 917 2301 doctrina
940 2245 1191 2315 superius
1222 2245 1423 2299 tradita
1445 2244 1653 2309 docuit,
1691 2260 1921 2313 prorsus
1960 2257 2062 2300 ηοσ-

483 2352 641 2394 cesse
678 2344 763 2391 est
800 2350 925 2391 eum
964 2336 1019 2390 in
1045 2337 1240 2407 quovis
1264 2336 1521 2391 mandato
1552 2337 1737 2406 perlici
1774 2346 1829 2391 et
1852 2337 2060 2393 absolvi

482 2428 555 2485 ad
583 2442 893 2483 mensuram
920 2428 1097 2482 matis
1129 2427 1486 2498 plenitudinis
1517 2428 1796 2494 Christi”,
1838 2431 2061 2500 quando

481 2520 646 2577 etiam
668 2535 736 2575 ex
770 2519 951 2574 divina
996 2520 1111 2590 lege
1150 2520 1358 2573 animal
1412 2521 1557 2589 quod
1609 2522 1919 2575 mutilatum
1965 2521 2058 2588 sit,

480 2613 701 2669 etiamsi
749 2611 914 2667 fuerit
946 2610 1229 2675 mundum,
1262 2610 1372 2665 Deo
1402 2611 1470 2665 ad
1513 2612 1848 2667 sacriﬁcium
1898 2627 2059 2668 acce-

481 2713 635 2778 ptum
666 2720 775 2760 non
800 2714 901 2760 est.
929 2703 1293 2772 Quamobrem
1310 2703 1455 2773 quod
1482 2705 1585 2759 sibi
1619 2705 1853 2776 quisque
1868 2707 2061 2763 deesse

479 2796 708 2869 putarit,
755 2796 808 2850 id
850 2799 905 2852 in
955 2798 1231 2852 communi
1277 2798 1703 2854 examinandum
1746 2801 2055 2870 proponito.

481 2889 619 2946 Nam
657 2891 802 2961 quod
832 2891 984 2955 latet,
1016 2889 1258 2945 adhibita
1284 2906 1353 2945 ex
1380 2891 1633 2961 pluribus
1656 2892 1900 2964 diligenti
1937 2909 2060 2963 per-

482 2983 842 3046 scrutatione,
871 2982 1092 3037 facilius
1116 2982 1351 3037 inveniri
1385 2983 1610 3052 poterit,
1639 2983 1746 3039 Deo
1777 2984 2053 3048 videlicet,

2169 1062 2546 1131 θησαυρίζεις
2581 1062 2772 1127 ἑαυτῷ
2820 1062 3006 1132 ὀργὴν
3045 1062 3116 1114 ἐν
3136 1061 3327 1131 ἡμέρᾳ
3344 1062 3551 1132 ὀργῆς.
3599 1062 3741 1117 Ἐπεὶ

2168 1156 2346 1208 τοίνυν
2376 1153 2497 1208 οὔτε
2528 1155 2753 1208 δυνατὸν
2789 1154 3046 1225 σωθῆναι,
3086 1154 3159 1225 μὴ
3206 1153 3492 1217 ποιοῦντας
3526 1154 3594 1208 τά
3627 1154 3739 1209 κατ’

2169 1244 2387 1315 ἐντολὴν
2414 1245 2508 1298 τοῦ
2531 1245 2663 1297 Θεοῦ
2691 1228 2845 1317 ἔργα,
2882 1243 3006 1297 οὔτε
3023 1244 3082 1298 τὸ
3114 1244 3357 1315 παριδεῖν
3379 1263 3431 1298 τι
3452 1244 3565 1297 τῶν
3583 1262 3742 1316 προσο

2167 1337 2514 1407 τεταγμένων
2546 1337 2825 1390 ἀκίνδυνον
2861 1336 3025 1407 (δεινὴ
3055 1336 3162 1408 γάρ
3194 1339 3226 1407 ή
3268 1337 3501 1406 ἔπαρσις
3555 1337 3742 1407 κριτὰς

2168 1430 2315 1499 ἡμᾶς
2349 1429 2443 1481 τοῦ
2465 1428 2750 1500 νομοθέτου
2771 1428 3116 1492 καθέζεσθαι,
3147 1428 3388 1491 καὶτοὺς
3424 1428 3526 1497 μὲν
3559 1428 3741 1499 ὲγκρί-

2167 1537 2277 1572 νειν
2306 1519 2413 1572 τῶν
2446 1520 2647 1590 νόμων,
2678 1521 2805 1582 τοὺς
2854 1520 2909 1572 δὲ
2954 1518 3470 1591 παραπέμπεσθαι),
3505 1519 3641 1589 φέρε
3680 1518 3739 1589 δὴ

2166 1612 2215 1663 οἱ
2244 1612 2341 1681 τῆς
2371 1610 2649 1674 εὐσεϐείας
2672 1610 2987 1678 ἀγωνισταὶ,
3021 1612 3069 1663 οἱ
3094 1609 3183 1663 τὸν
3211 1608 3431 1680 ἡσύχιον
3445 1610 3544 1661 καὶ
3569 1610 3743 1679 ἀπρά-

2167 1720 2344 1773 γμονα
2381 1702 2515 1774 βίον,
2532 1702 2608 1768 ὡς
2631 1703 2888 1775 συνεργὸν
2916 1704 3014 1772 τῆς
3045 1702 3292 1772 φυλακῆς
3314 1701 3425 1755 τῶν
3453 1701 3737 1770 εὐαγγελιο

2166 1797 2277 1849 κῶν
2291 1797 2574 1868 δογμάτων
2589 1798 2938 1866 τιμήσαντες,
2962 1796 3146 1865 κοινὴν
3163 1795 3416 1867 φροντίδα
3433 1794 3530 1850 καὶ
3546 1794 3737 1866 βουλὴν

2165 1887 2514 1960 προθώμεθα,
2538 1889 2686 1952 ὅπως
2707 1888 2772 1941 ἂν
2812 1888 2977 1957 μηδὲν
3006 1890 3154 1958 ἡμᾶς
3204 1886 3440 1958 διαφύγῃ
3486 1887 3605 1957 (33)
3636 1886 3736 1938 τῶν

2164 1980 2585 2051 ἐντεταλμένων.
2624 1981 2687 2032 Εἰ
2713 1979 2819 2050 γὰρ
2849 1979 2929 2031 δεῖ
2950 1978 3152 2031 τέλειον
3184 1972 3322 2031 εἶναι
3354 1978 3446 2030 τὸν
3487 1975 3584 2030 τοῦ
3608 1975 3734 2029 Θεοῦ

2163 2073 2448 2144 ἄνθρωπον
2500 2071 2706 2134 (καθὼς
2742 2071 3074 2142 γέγραπται,
3133 2071 3227 2123 καὶ
3261 2071 3291 2123 ὁ
3332 2069 3491 2137 λόγος
3530 2070 3590 2120 ὲν
3634 2069 3738 2130 τοῖς

2163 2166 2274 2238 πρὸ
2301 2165 2506 2219 τούτων
2523 2162 2848 2235 ἀπέδειξεν),
2874 2163 3088 2234 ἀνάγκη
3126 2164 3279 2215 πᾶσα
3323 2160 3412 2214 διὰ
3439 2160 3627 2229 πάσης
3660 2160 3740 2213 tvo

2162 2258 2325 2328 τολῆς
2355 2257 2756 2330 καθαρισθῆναι
2784 2258 2864 2320 είς
2896 2255 3093 2327 μέτρον
3131 2254 3346 2325 ἡλικίας
3373 2252 3469 2305 τοῦ
3526 2250 3742 2322 πληρώ-

2167 2368 2334 2422 ματος
2371 2350 2464 2405 τοῦ
2494 2349 2754 2422 Χριστοῦ,
2789 2350 2912 2404 ἐπεὶ
2941 2350 3036 2404 καὶ
3061 2348 3172 2420 (⁸54)
3197 2346 3336 2401 κατὰ
3360 2347 3451 2399 τὸν
3492 2345 3639 2399 θεῖον
3659 2346 3741 2397 v6-

2166 2462 2286 2514 μον,
2343 2443 2447 2497 κᾶν
2502 2442 2743 2514 καθαρὸν
2833 2443 2895 2495 τὸ
2945 2440 3344 2513 λελωϐημένον,
3372 2439 3739 2510 άπρὸσδεκτον

2162 2539 2242 2601 είς
2274 2536 2467 2591 θυσίαν
2503 2535 2581 2607 τῷ
2610 2534 2747 2606 Θεῷ.
2799 2530 2983 2607 Οὗπερ
3032 2534 3099 2589 ἂν
3139 2530 3231 2588 οὖν
3275 2533 3507 2595 ἕκαστος
3550 2530 3741 2594 ἐνδεῶς

2161 2629 2305 2700 ἔχειν
2344 2631 2563 2699 ἡγῆται,
2599 2628 2755 2682 τοῦτο
2783 2630 2863 2691 είς
2888 2626 3072 2698 κοινὴν
3106 2627 3412 2697 προτιθέτω
3434 2625 3738 2692 διάσκεψιν.

2173 2720 2328 2791 Ῥᾷον
2359 2708 2465 2790 γὰρ
2490 2720 2554 2773 ἂν
2583 2720 2640 2771 ὲν
2671 2720 2738 2790 τῇ
2795 2717 3068 2789 φιλοπόνῳ
3112 2716 3219 2770 τῶν
3248 2714 3512 2769 πλειόνων
3537 2715 3741 2786 διερευ-

2160 2815 2313 2885 νήσει
2349 2812 2410 2865 τὸ
2438 2811 2697 2866 λανθάνον
2730 2809 3060 2882 ὲξευρεθείη,
3102 2808 3259 2868 Θεοῦ,
3300 2807 3568 2877 δηλονότι,
3606 2806 3742 2861 κατὰ

2158 2906 2258 2975 τὴν
2287 2903 2616 2973 ἐπαγγελίαν
2647 2900 2745 2956 τοῦ
2774 2901 2980 2972 Κυρίου
3020 2898 3179 2971 ἡμῶν
3238 2897 3417 2971 Ἰησοῦ
3479 2896 3739 2969 Χριστοῦ,

2159 2996 2520 3067 χαριζομένου
2549 2998 2683 3066 ἡμῖν
2718 2993 2813 3047 τοῦ
2841 2993 3170 3065 ζητουμένου
3207 2992 3303 3063 τὴν
3357 2991 3585 3062 εὕρεσιν
3611 2990 3745 3044 διδα-

481 3075 559 3128 uti
588 3074 867 3145 pollicitus
889 3082 975 3130 est
1003 3072 1267 3129 Dominus
1300 3082 1488 3129 noster
1519 3072 1680 3129 Jesus
1711 3074 1965 3131 Christus
1984 3077 2051 3141 ³⁸,

2162 3087 2356 3159 σκαλίᾳ
2388 3088 2480 3141 καὶ
2504 3087 2808 3157 ὑπομνήσει
2832 3085 3109 3153 τοῦ“ἀγίου
3144 3084 3489 3155 Πνεύματος.
3528 3084 3737 3153 Ὠσπερ

480 3166 643 3223 nobis
695 3166 774 3220 rei
831 3181 954 3237 qua:
1008 3170 1271 3236 quaeritur
1304 3165 1643 3222 inveniendae
1698 3176 1943 3232 auctore,
1987 3184 2052 3223 ex

480 3256 659 3313 sancti
691 3254 928 3326 Spiritus
951 3255 1200 3310 doctrina
1233 3265 1398 3326 atque
1430 3255 1824 3312 admonitione.
1849 3256 2054 3324 Quem-

480 3345 773 3401 admodum
827 3345 990 3415 igitur
1025 3346 1157 3399 mihi
1207 3346 1511 3401 necessitas
1555 3347 1838 3412 incumbit,
1881 3358 1937 3404 et
1975 3364 2055 3404 vae

478 3437 613 3493 mihi
645 3447 749 3502 est.
769 3438 815 3493 si
841 3453 949 3491 non
967 3438 1489 3508 evangelizavero“:
1513 3439 1585 3493 ita
1604 3447 1657 3493 et
1675 3441 1830 3495 vobis
1849 3443 2054 3511 :equale

479 3527 758 3600 impendet
789 3529 1114 3601 periculum,
1152 3530 1199 3584 si
1229 3530 1470 3599 segniter
1500 3529 1917 3600 inquisivcritis,
1960 3541 2055 3587 aut

478 3622 548 3677 ad
576 3636 639 3677 ea
671 3636 792 3691 quae
812 3620 1014 3675 tradita
1036 3627 1166 3677 sunt
1193 3620 1535 3675 observanda
1560 3629 1614 3676 et
1659 3622 1838 3691 reipsa
1882 3624 2054 3678 conti-

475 3712 673 3768 cienda
699 3713 1006 3783 languidius
1035 3727 1099 3767 ac
1119 3712 1405 3768 remissius
1436 3713 1611 3769 all‘ecti
1640 3713 1874 3771 fueritis.
1907 3716 2055 3784 Qua-

476 3812 702 3878 propter
739 3802 1006 3860 Dominus
1038 3802 1210 3859 dicit:
1244 3804 1406 3875 332
1430 3804 1613 3859 Sermo
1651 3824 1803 3877 quem
1847 3810 2052 3864 locutus

474 3913 617 3963 sum,
636 3896 728 3951 ille
757 3896 1023 3966 judicabit
1054 3913 1173 3951 eum
1194 3899 1477 3952 novissimo
1499 3897 1654 3953 die".
1680 3898 1809 3955 Item
1828 3920 1841 3956 :
1861 3899 2053 3956 Servus

474 3991 565 4060 qui
589 4006 691 4043 non
720 3990 959 4060 cognovit
990 3989 1311 4043 voluntatem
1341 3989 1557 4046 Domini
1578 3992 1684 4055 sui,
1736 4003 1783 4046 et
1808 3993 1930 4063 fecit
1970 3995 2054 4048 di-

476 4096 578 4150 gna
603 4080 798 4151 plagis,
828 4080 1096 4149 vapulabit
1117 4082 1300 4149 paucis
1327 4097 1344 4134 :
1372 4082 1461 4151 qui
1490 4099 1609 4137 vero
1645 4086 1806 4150 novit,
1857 4097 1908 4140 et
1949 4102 2053 4141 non

477 4173 621 4242 fecit,
646 4190 808 4242 neque
826 4175 1033 4242 paravit
1062 4190 1118 4230 se
1142 4174 1212 4228 ad
1241 4175 1563 4231 voluntatem
1599 4177 1737 4246 ejus,
1780 4181 2054 4248 vapulabit

479 4261 732 4317 multis“.
765 4262 1057 4318 Precemur
1078 4265 1266 4335 igitur,
1304 4276 1361 4319 ut
1392 4283 1493 4335 ego
1525 4269 1802 4339 inculpate
1830 4272 2024 4343 dispen

477 4368 594 4408 sem
624 4368 967 4421 sermonem;
1014 4370 1113 4410 vos
1138 4373 1269 4411 vero
1302 4359 1506 4413 utiliter
1553 4359 1859 4417 doctrinam
1901 4366 2053 4419 exci-

2156 3177 2249 3235 οὖν
2285 3182 2409 3252 ἐμοὶ
2430 3182 2645 3250 ἀνάγκη
2694 3179 2988 3245 ἐπίκειται,
3038 3179 3131 3232 καὶ
3165 3177 3284 3230 οὐαί
3320 3178 3410 3248 μοί
3444 3180 3619 3237 ἐστιν,
3649 3177 3741 3229 ἐὰν

2159 3273 2235 3343 μὴ
2262 3272 2725 3343 εὐαγγελίζωμαι·
2769 3271 2912 3325 οὕτω
2969 3272 3064 3325 καὶ
3107 3272 3235 3341 ὑμῖν
3284 3270 3397 3333 ίσος
3444 3271 3602 3339 ἁγὼν
3629 3270 3738 3338 (53)

2155 3365 2652 3437 ἀπορῤᾳθυμήσασι
2681 3364 2819 3436 πρὸς
2834 3364 2931 3434 τὴν
2957 3362 3221 3428 ἐξέτασιν,
3247 3362 3510 3435 ῆὰτόνως
3526 3364 3625 3416 καὶ
3652 3363 3742 3415 ὲκο

2154 3454 2461 3526 λελυμένως
2486 3456 2620 3527 πρός
2656 3472 2714 3508 τε
2738 3454 2837 3525 τὴν
2865 3453 3110 3525 φυλακὴν
3145 3452 3254 3506 τῶν
3280 3452 3739 3524 παραδεδομένων

2155 3547 2251 3600 καὶ
2274 3546 2372 3617 τὴν
2400 3545 2490 3600 διὰ
2520 3546 2627 3599 τῶν
2662 3544 2839 3617 ἔργων
2882 3545 3159 3616 πλήρωσιν
3188 3544 3540 3599 διατεθείσιν.
3593 3544 3737 3598 Διότι

2156 3639 2319 3708 φησὶν
2346 3640 2375 3691 ὁ
2412 3637 2635 3709 Κύριος·
2686 3639 2749 3692 '0
2786 3639 2968 3707 λόγος
3020 3637 3091 3690 ὃν
3146 3636 3442 3705 ἐλάλησα,
3506 3637 3742 3705 ἐκεῖνος

2154 3728 2544 3793 κρινεῖαὺτόν
2575 3729 2645 3782 ἐν
2669 3728 2746 3798 τῇ
2770 3728 3000 3799 ἐσχάτῃ
3042 3730 3265 3799 ἡμέρᾳ·
3301 3731 3417 3793 καὶ,
3452 3729 3740 3796 Δοῦλοςό

2148 3818 2265 3887 μὲν
2291 3817 2378 3887 μὴ
2401 3819 2585 3889 γνοὺς
2617 3822 2683 3873 τὸ
2716 3818 2947 3889 θέλημα
2974 3819 3082 3873 τοῦ
3115 3820 3339 3888 Κυρίου
3357 3819 3738 3893 ἐαυτοῦβϐ),

2152 3911 2416 3981 ποιήσας
2436 3912 2505 3965 δὲ
2538 3912 2680 3977 ἄξια
2702 3912 2970 3981 πληγῶν,
2993 3911 3320 3981 δαρήσεται
3345 3914 3583 3984 ὀλίγας-
3612 3918 3645 3969 ό
3670 3914 3737 3966 δὲ

2153 4005 2473 4076 γνοὺς,καί
2494 4007 2578 4075 μὴ
2609 4006 2893 4074 ποιήσας,
2941 4007 3097 4075 μηδὲ
3138 4006 3464 4077 ἑτοιμάσας
3517 4008 3741 4062 ἐαυτδν

2152 4095 2302 4165 πρὸς
2324 4094 2391 4149 τὸ
2425 4096 2654 4165 θέλημα
2677 4096 2882 4161 αὑτοῦ,
2909 4096 3232 4166 δαρήσεται
3276 4096 3537 4164 πολλάς.
3565 4097 3741 4162 Εὐξιῖμ

2157 4186 2294 4258 μεθα
2318 4182 2411 4241 οὖν
2444 4190 2567 4258 ἐμοὶ
2581 4188 2679 4259 τὴν
2701 4190 3012 4259 οἰκονομίαν
3044 4188 3137 4242 τοῦ
3178 4190 3291 4260 (57)
3332 4189 3497 4258 λόγου
3551 4192 3736 4262 ἄμεμ-

2153 4296 2305 4343 πτον,
2335 4279 2428 4333 καὶ
2453 4280 2581 4350 ὑμῖν
2606 4280 2883 4351 ἔγκαρπον
2907 4282 3007 4351 τὴν
3045 4281 3398 4336 διδασκαλίαν
3452 4282 3731 4350 γενέσθαι.

2166 4371 2252 4434 '0;
2278 4366 2371 4426 οὖν
2405 4371 2625 4436 ειδότες,
2650 4373 2733 4426 ὅτι
2768 4373 3172 4444 ἀντιπρόσωποι
3198 4376 3331 4444 ἡμῖν
3380 4377 3430 4427 οἱ
3472 4377 3578 4445 τῆς
3618 4374 3739 4429 θεο-

476 4446 661 4517 piatis.
693 4444 975 4516 Tanquam
1016 4462 1169 4518 ergo,
1214 4448 1308 4517 qui
1353 4449 1598 4506 sciamus
1651 4452 1850 4508 divinae
1905 4453 2053 4510 Scri-

2158 4464 2419 4516 πνεύστου
2449 4464 2670 4535 Γραφῆς
2702 4464 2847 4533 λόγοι
2875 4465 3159 4536 στήσονται
3199 4466 3294 4518 ὲπὶ
3338 4464 3435 4520 τοῦ
3491 4444 3738 4538 βήματος

474 4551 649 4609 ptum
679 4538 844 4594 verba
880 4538 936 4593 in
968 4548 1158 4595 nostro
1191 4550 1491 4611 conspectu
1525 4554 1652 4597 ante
1695 4543 1902 4600 Christi
1946 4547 2049 4601 tri-

471 4630 640 4687 bunal
666 4632 908 4688 sistenda
932 4648 1055 4689 esse
1080 4633 1338 4705 (Arguam
1359 4634 1504 4690 enim
1530 4646 1602 4700 te,
1638 4636 1835 4707 inquit,
1859 4649 1909 4693 et
1939 4650 2050 4695 sta-

630 4817 817 4894 Matth.
853 4838 920 4894 ν,
948 4820 1036 4877 45.
1140 4823 1182 4894 ³-⁸
1223 4822 1291 4876 IV
1336 4824 1469 4894 Heg.
1518 4840 1611 4890 vt,
1677 4827 1767 4883 18.

471 4890 518 4922 ³⁵
557 4887 753 4960 Ephes.
790 4907 862 4957 iv,
901 4892 985 4948 15.
1063 4894 1109 4925 ³⁸
1144 4892 1303 4949 Joan.
1338 4887 1450 4962 xtv',
1486 4887 1606 4949 26..
1650 4898 1690 4929 "
1736 4900 1754 4952 Ι

539 5075 860 5152 (55)_Codex
888 5078 1058 5152 ¢Colb.
1099 5081 1244 5152 ἡμᾶς
1287 5082 1558 5152 διαφύγοι.
1599 5080 1722 5136 Mox
1762 5082 1903 5138 idem
1934 5099 2037 5140 ms.

463 5144 710 5229 ).6‘{:O€;EV
742 5150 852 5229 τοξς
883 5144 1523 5229 ἔμπροσθεν-ὖπέδεὶξέν.
1560 5152 1694 5224 Reg.
1739 5154 2037 5229 primusin

463 5219 679 5297 caeteris
705 5219 939 5297 quidem;
963 5219 1241 5297 consentit
1266 5239 1389 5297 cum
1424 5219 1503 5297 eo,
1523 5219 1683 5294 quem
1712 5219 1851 5297 Δ[ᾖοδ
1888 5224 2036 5279 indi-

463 5288 804 5360 cavilibro:
848 5290 942 5344 sed
978 5307 1077 5360 pro
1116 5293 1391 5359 ὑπέδειξεν
1422 5288 1582 5350 habet
1620 5292 1921 5357 ἀπέδειξεν.

538 5357 651 5429 (54)
687 5358 831 5413 Editi
874 5357 1025 5414 Ἐπεὶ
1056 5361 1111 5414 δὲ
1151 5364 1264 5416 καί.
1304 5357 1410 5419 Sed
1439 5368 1631 5419 vocula
1660 5365 1717 5419 δέ
1747 5369 1803 5420 in
1832 5364 2037 5418 veteri-

462 5428 568 5485 bus
592 5439 826 5504 quatuor
860 5430 1013 5486 libris
1036 5447 1145 5504 n_on
1175 5435 1390 5504 legitur.
1426 5435 1621 5489 Statim
1647 5438 1919 5491 editiones
1945 5450 2039 5489 ve-

459 5495 821 5576 teres—emno
850 5515 982 5576 mss.
1009 5495 1193 5576 Οὗπερ
1225 5495 1291 5557 ἂν
1318 5501 1433 5559 οὖν.
1462 5508 1566 5559 Alii
1600 5506 1709 5560 duo
1742 5523 1873 5562 mss.
1895 5504 2038 5576 ὅπερ

462 5568 546 5693 ἓν.
586 5570 826 5625 Subinde
851 5568 983 5640 Reg.
1018 5568 1229 5642 primus
1261 5578 1341 5638 είς
1372 5577 1554 5648 κοινὴν
1581 5577 1861 5633 διάσκεψιν
1896 5568 2034 5631 wool

496 5657 621 5692 ετω.

496 5657 621 5692 ετω.

534 5709 646 5782 (55)
678 5709 809 5784 Reg.
847 5712 1055 5782 primus
1073 5713 1201 5786 ὑμῖν
1232 5717 1261 5770 ὁ
1295 5715 1442 5786 ἀγὼν
1472 5717 1603 5783 ἴσος.
1647 5717 1769 5773 Mox
1809 5720 1939 5776 editi
1976 5726 2030 5776 et

1873 4830 1917 4861 "
1962 4830 2129 4889 Zacb.
2199 4855 2266 4899 χ,
2330 4842 2378 4894 l.

1790 4890 1919 4954 Cor.
1963 4918 2012 4955 ts
2033 4944 2047 4967 ,
2085 4907 2171 4963 16.
2200 4890 2221 4892 ν
2250 4890 2295 4943 ⁵⁸
2333 4890 2491 4968 ioan.
2523 4890 2875 4981 xliii-8...“
3089 4932 3190 4985 xu,

2153 4554 2246 4607 τοῦ
2272 4555 2510 4627 Χριστοῦ
2543 4555 2836 4626 (Ἐλέγξω
2882 4557 2993 4628 γάρ
3045 4572 3142 4620 σε,
3202 4558 3359 4637 φησι,
3387 4561 3488 4613 καί
3551 4575 3741 4629 παρσ-

2154 4646 2364 4714 στήσω
2386 4648 2538 4703 κατὰ
2558 4650 2884 4717 πρόσωπόν
2909 4665 3026 4704 σου
3083 4651 3189 4717 τὰς
3235 4651 3536 4720 ἁμαρτίας
3575 4657 3735 4723 σου).

2485 4844 2530 4877 ³⁸
2570 4842 2704 4899 Gen.
2743 4862 2869 4907 ιιι,
2929 4846 3019 4901 24.
3130 4846 3177 4878 ³⁸
3218 4846 3377 4901 Rom.
3436 4862 3509 4908 tl,
3578 4849 3643 4908 4,
3684 4847 3736 4901 5.

2151 5092 2277 5216 ἓιιοέ
2291 5110 2422 5149 mss.
2456 5097 2562 5150 τῶν
2592 5098 3049 5172 παραδιδομένων.
3084 5102 3185 5157 Alii
3214 5101 3325 5158 duo
3360 5104 3468 5157 τῶν
3500 5105 3741 5172 παραδε-

2178 5180 2250 5216 0U.
2282 5183 2405 5216 νων.

2147 5176 2405 5233 οομενων.

2220 5234 2330 5305 (56)
2360 5234 2477 5316 Yox
2496 5237 2714 5316 ἑαυτοῦ
2734 5241 2920 5316 addita
2943 5250 3029 5316 est
3045 5257 3124 5316 es
3157 5242 3349 5316 codice
3363 5240 3556 5316 Yossii
3590 5254 3643 5297 et
3672 5259 3735 5297 es

2144 5300 2277 5371 Reg.
2313 5300 2517 5373 primo.
2556 5307 2631 5361 Ex
2664 5309 2857 5364 iisdem
2883 5314 3167 5367 codicibus
3189 5313 3508 5368 addidimus
3544 5329 3735 5367 vorent

2139 5374 2353 5446 ἑαυτὸν,
2382 5387 2508 5446 post
2548 5379 2703 5443 illud,
2736 5381 3050 5446 ἑτοιμάσας.

2211 5445 2321 5523 (3])
2349 5445 2547 5523 .Codegt
2576 5447 2733 5523 voss.
2747 5459 2813 5523 _et
2830 5445 2984 5523 Colb.
3004 5445 3101 5523 τὴν
3118 5452 3397 5523 διακονίαν
3417 5452 3539 5514 τοῦ,
3564 5467 3733 5509 sensu

2137 5512 2286 5592 haud
2303 5512 2571 5592 absimili.
2621 5517 2817 5592 Statim
2854 5522 2986 5576 editi
3017 5512 3070 5576 ei
3100 5522 3236 5592 Reg.
3270 5512 3556 5579 secundus
3582 5528 3734 5579 ἀντιο

2138 5584 2429 5710 ἔριζε-ωπον
2462 5590 2613 5661 ἡμῖν.
2650 5590 2757 5645 Alii
2807 5599 2920 5649 tres
2953 5607 3086 5649 mss.
3123 5584 3541 5666 ἀντιπρόσωποι
3577 5597 3729 5667 ἡμῖν,

2202 5671 2229 5710 c
2258 5671 2363 5711 tus.

2202 5671 2363 5710 CUUS.
