3962 6238
224 359 316 415 901
1292 352 1594 408 REGULAS
1652 352 1901 408 FUSIUS
1943 354 2361 410 TRACTATA'Z.

3356 355 3462 410 902

223 469 362 524 οὓτω
389 469 481 520 καὶ
519 467 849 539 πρόσχωμεν
883 469 1156 538 νηφόντως
1196 470 1306 530 τοῖς
1333 467 1668 536 λεγομένοις,
1701 469 1793 520 καὶ

1912 479 2043 518 tuam
2069 478 2253 519 contra
2293 466 2480 534 faciem
2515 477 2658 518 tuam
2700 476 2915 533 peccata
2941 475 3030 519 tua
3050 466 3140 539 ⁸ο),
3193 467 3266 521 ita
3310 478 3363 524 et
3399 473 3467 528 iis

224 563 301 623 είς
320 559 481 627 ἔργον
503 561 838 628 προαγαγεῖν
877 559 944 612 τά
988 558 1105 610 θεῖα
1151 557 1452 625 διδάγματα
1480 556 1592 616 (58)
1622 573 1788 606 σπου-

224 653 381 713 δαίως,
415 652 775 721 ὲπειχθῶμεν,
809 653 888 704 ὅτι
939 652 1038 702 οὐκ
1099 650 1319 720 οἴδαμεν
1369 651 1495 720 ποίᾳ
1529 649 1706 720 ἡμέρᾳ
1755 649 1787 719 ἢ

225 742 339 814 ὥρᾳ
357 747 387 796 ὁ
407 743 609 813 Κύριος
636 743 789 811 ἡμῶν
822 743 1055 812 ἔρχεται.

256 1041 622 1095 ΚΕΦΑΛΑῘΑ
659 1039 798 1091 ΤΩΝ
843 1041 1029 1092 ΚΑΤΑ
1080 1040 1370 1092 ΠΛΑΤΟΣ
1413 1040 1604 1092 0P0."
1631 1037 1763 1108 (59).

226 1205 273 1251 α’
314 1193 452 1268 Περὶ
482 1197 688 1261 τάξεως
714 1197 806 1250 καὶ
839 1196 1150 1260 ἀκολουθίας
1189 1197 1286 1266 τῆς
1316 1200 1372 1249 ὲν
1401 1199 1518 1260 ταῖς
1551 1199 1793 1263 ἐντολαῖς

294 1287 393 1340 τοῦ
428 1289 658 1357 Κυρίου.

227 1379 272 1448 β’
310 1380 448 1450 Περὶ
470 1379 568 1449 τῆς
595 1379 728 1450 meo;
753 1379 882 1432 Θεὸν
931 1380 1168 1449 ἀγάπης,
1200 1380 1292 1432 καὶ
1323 1381 1404 1432 ὅτι
1449 1382 1588 1436 κατὰ
1636 1383 1794 1451 φύσιν

297 1474 355 1524 ὲν
402 1470 709 1541 ἀνθρώποις
745 1472 778 1540 ἡ
827 1471 961 1541 πρὸς
1008 1471 1105 1532 τὰς
1163 1472 1381 1535 ἐντολάς
1441 1473 1534 1525 τοῦ
1591 1475 1792 1545 Κυρίου

300 1563 443 1634 ῥοπὴ
466 1564 561 1616 καὶ
586 1562 832 1632 δύναμις.

225 1661 274 1723 γ’
311 1656 449 1725 Περὶ
486 1655 588 1722 τῆς
615 1655 721 1706 τῶν
744 1654 966 1724 πλησίον
994 1653 1230 1724 ἀγάπης.

223 1745 268 1799 δ’
303 1747 442 1814 Περὶ
473 1745 637 1815 φόὸου
662 1745 816 1800 Θεοῦ.

226 1838 268 1891 ε’
297 1840 437 1908 Περὶ
464 1839 557 1894 τοῦ
579 1839 720 1892 κατὰ
739 1839 974 1894 διάνοιαν
1003 1840 1430 1910 ἀμετεωρίστου.

229 1936 281 1994 ς’
315 1928 441 1983 ’Ότι
458 1931 750 1998 ἀναγκαῖον
777 1931 838 1982 τὸ
887 1929 1122 1994 ἰδιάζειν.

227 2015 272 2078 ζ’
310 2015 449 2087 Περὶ
490 2017 583 2070 τοῦ
613 2018 723 2069 δεῖν
762 2021 873 2081 τοῖς
897 2020 1161 2089 ὀμόςρροσι
1187 2019 1320 2089 πρὸς
1350 2020 1440 2071 τὸν
1471 2022 1668 2073 σκοπὸν
1699 2021 1796 2092 τῆς

300 2108 438 2178 πρὸς
472 2107 604 2160 Θεὸν
638 2109 1041 2180 εὐαρεστήσεως
1086 2110 1268 2182 συζῆν·
1302 2113 1394 2165 καὶ⁹
1432 2113 1511 2165 ὅτι
1547 2113 1798 2168 δύσκολον

296 2199 436 2271 opai
460 2200 555 2252 καὶ
585 2200 919 2253 ἐπικίνδυνον
950 2201 1009 2253 τὸ
1035 2202 1304 2271 μονάζειν.

225 2267 275 2336 η’
315 2270 389 2320 Πε
398 2270 452 2339 pl.
480 2271 784 2340 άποταγῆς.

228 2360 274 2412 θ’
311 2361 448 2430 Περὶ
480 2361 575 2414 τοῦ
605 2363 680 2433 μὴ
724 2363 834 2416 δεῖν
860 2369 970 2428 τοῖς
1001 2365 1137 2418 κατὰ
1171 2365 1346 2436 σάρκα
1379 2369 1596 2432 οίκείοις
1633 2387 1798 2440 προσ-

297 2450 520 2520 αφιέναι
541 2453 608 2504 τά
641 2453 820 2523 ἑαυτῷ
849 2455 1189 2526 διαφέροντα.

229 2548 261 2594 t'
298 2543 437 2614 Περὶ
462 2543 557 2597 τοῦ
585 2545 734 2609 τίνας
769 2547 851 2599 δεῖ
885 2546 995 2600 τῶν
1031 2554 1361 2620 προσιόντων
1395 2558 1457 2625 τῇ
1497 2554 1636 2606 κατὰ
1669 2553 1798 2608 Θεὸν

299 2636 415 2707 ζωῇ
448 2638 858 2708 προσδέχεσθαι,
887 2641 978 2693 καὶ
1010 2643 1158 2707 πότε,
1188 2645 1220 2716 ἢ
1252 2647 1386 2710 πῶς.

230 2803 298 2858 ια’
336 2806 412 2858 Hs
420 2805 475 2875 ρὶ
507 2805 730 2859 δούλων.

229 2894 294 2964 ιβ’
338 2897 530 2959 ’Ὅπως
552 2898 656 2969 χρὴ
686 2900 810 2962 τοὺς
834 2902 890 2952 ὲν
921 2901 1147 2974 συζυγίᾳ
1187 2905 1596 2974 προσδέχεσθαι.

230 2994 296 3053 ιγ’
337 2988 463 3041 ὐτι
493 2991 761 3061 χρήσιμον
800 2998 911 3056 τοῖς
942 2997 1311 3067 εἰσαγομένοις
1334 3000 1424 3051 καὶ
1463 3001 1520 3052 τὸ
1554 3001 1641 3054 διὰ
1675 3018 1800 3053 atto-

298 3081 410 3148 πῆς
435 3081 757 3150 γυμνάσιον.

230 3167 290 3220 ιδ’
328 3169 472 3240 Περὶ
514 3171 624 3223 τῶν
681 3173 904 3236 ἑαυτοὺς
957 3174 1034 3245 τῷ
1092 3177 1210 3248 Θεῷ
1269 3180 1799 3254 καθομολογησαμὲ-

297 3280 428 3326 νων,
487 3259 608 3316 εἶτα
659 3266 757 3336 τὴν
815 3267 1102 3338 ὁμολογίαν
1171 3271 1380 3326 ἀθετεῖν
1459 3277 1797 3347 ἐπιχειρούν-

295 3371 428 3408 των.

229 3444 289 3496 ιε’
356 3446 495 3513 Περι
523 3447 726 3500 παίδων
751 3439 1101 3520 προσλήψεως
1131 3455 1224 3506 καὶ
1257 3455 1498 3525 ἀγωγῆς,
1530 3459 1623 3510 καὶ
1671 3460 1802 3530 περὶ

298 3534 592 3604 ὁμολογίας
622 3537 926 3607 παρθένων.

231 3624 305 3688 ις’
346 3627 424 3700 Πε
433 3627 488 3696 ρὶ
517 3629 861 3698 ἐγκρατείας.

232 3719 295 3780 ιζ’
330 3718 454 3770 Ὀτι
474 3718 556 3770 δεῖ
583 3720 674 3772 καὶ
702 3721 931 3788 γέλωτος
959 3727 1241 3796 ἐγκρατῶς
1263 3728 1423 3798 ἔχειν.

234 3813 302 3876 ιη’
343 3809 469 3862 ὐτι
489 3811 571 3863 δεῖ
601 3813 813 3867 πάντων
864 3817 972 3870 τῶν
1025 3822 1470 3893 παοατιθεμένων
1503 3824 1632 3894 ἡμῖν
1663 3825 1799 3878 ἀπο-

301 3900 581 3966 γεύεσθαι.

231 3990 300 4044 ιθ⁸
334 3992 401 4046 Τί
424 3995 488 4045 τὸ
516 3995 714 4066 μέτρον
738 3997 837 4067 τῆς
863 3999 1206 4071 ἐγκρατείας.

231 4089 281 4134 κ’
310 4083 406 4146 Τίς
432 4089 462 4137 ὁ
483 4086 684 4156 τρόπος
705 4089 804 4158 τῆς
831 4091 886 4142 ὲν
919 4091 1167 4162 βρώμασι
1196 4094 1514 4161 δεξιώσεως.

231 4176 320 4228 καί
345 4177 472 4240 Πῶς
499 4176 581 4229 δεῖ
603 4181 729 4249 περὶ
748 4181 846 4243 τὰς
864 4183 1127 4254 καθέδρας
1149 4187 1355 4251 καὶτὰς
1373 4191 1720 4255 κατακλίσεις
1745 4194 1804 4246 ἐν

302 4266 380 4337 τῷ
411 4269 590 4340 καιρῷ
613 4271 721 4324 τῶν
755 4273 989 4342 ἀρίστων
1016 4277 1049 4347 ἢ
1080 4278 1309 4332 δείπνων
1343 4282 1509 4351 ἔχειν.

231 4446 319 4518 ιβ’
344 4449 409 4501 Τί
442 4448 504 4501 τὸ
534 4451 742 4520 πρέπον
767 4453 967 4524 ἔνδυμα
991 4456 1326 4530 Χριστιανῷ.

233 4633 321 4695 κγ’
351 4628 491 4698 Περὶ
520 4629 618 4699 τῆς
651 4629 845 4700 ζώνης.

235 4715 312 4767 κδ’
345 4719 481 4788 Περὶ
505 4719 600 4772 τοῦ
629 4721 828 4791 τρόπον
849 4711 946 4793 τῆς
979 4729 1094 4795 μετ’
1127 4728 1370 4800 ἀλλήλων
1395 4733 1696 4807 διαγωγῆς.

233 4813 308 4859 κε’
345 4810 466 4862 Ὀτι
499 4810 728 4879 φοϐερὸν
758 4813 820 4866 τὸ
860 4818 1032 4886 κρῖμα
1063 4818 1141 4888 τῷ
1189 4823 1488 4892 προεστῶτι
1539 4828 1612 4898 μὴ
1650 4827 1800 4897 ὲλέγ-

305 4916 453 4969 χοντι
485 4903 608 4965 τοὺς
632 4904 1061 4974 ἁμαρτάνοντας.

306 5011 350 5040 ⁸⁸
385 5010 530 5068 Psal.
568 5029 692 5066 xm
715 5055 730 5077 ,
765 5014 854 5070 21.
931 5019 975 5050 ⁸⁸
1016 5019 1202 5076 Matth.
1243 5039 1390 5092 niv,
1425 5025 1518 5082 42.

457 5122 734 5206 Editiones
749 5136 972 5206 veteres
990 5132 1114 5206 θεῖα
1142 5134 1403 5206 δόγματα.
1425 5137 1605 5194 Codex
1638 5139 1799 5196 Voss.

235 5195 701 5312 :‘agimquatuor
745 5199 861 5251 θεῖα
891 5195 1371 5273 διδάγματα.”Μοι
1427 5206 1559 5280 Reg.
1593 5195 1802 5281 primus

232 5275 495 5334 καιωρᾳ.

308 5333 418 5402 (39)
449 5333 726 5413 ljditiones
754 5346 964 5413 veteres
992 5343 1277 5411 Κεφάλαια
1304 5346 1410 5400 τῶν
1442 5349 1584 5401 κατὰ
1605 5349 1803 5413 πλάτος

233 5400 403 5487 5.091..
523 5407 964 5490 ἐξερωτημάτων
1011 5400 1283 5490 ᾁσκητῶν,
1327 5417 1421 5469 καὶ
1463 5400 1805 5490 ἀποκρίσεων

237 5473 343 5554 τοῦ-
358 5473 518 5540 ἁγίου
552 5473 1085 5554 Βασιλείουησαρὶία
1115 5473 1438 5554 Αὲεριιίανιιηι
1480 5473 1652 5554 [ιιδὶιῖε
1695 5501 1806 5542 tra-

229 5548 524 5607 datarum,
559 5547 665 5598 sive
690 5547 1035 5624 qu_m.st_ionuirt
1071 5552 1133 5604 ab
1168 5547 1356 5624 (iscetis
1388 5547 1801 5624 propositarum,

147 5633 156 5640 -
228 5625 346 5692 tnta
375 5629 492 5697 cum
527 5619 948 5697 responsioriibtts
983 5624 1153 5697 sancti
1186 5619 1560 5697 Basiliiilteg.
1593 5619 1803 5697 primus

233 5678 402 5760 πίναξ
424 5682 531 5736 τῶν
561 5678 874 5760 ἀσκητικῶν
904 5691 1292 5760 ἐρωτημάτων,
1325 5678 1804 5751 Ταὸιιίίῗαὲεειίσα-

230 5760 357 5801 rum
383 5753 870 5821 interrogationum.
894 5753 1251 5818 C'odex'Colb.
1274 5753 1600 5837 ἐρωτήματα
1631 5771 1802 5839 ἀσκη-

1893 571 2014 622 quae
2053 556 2314 608 dicuntur
2358 554 2706 608 attendamus
2755 555 3063 623 diligenter,
3115 563 3170 610 et
3221 557 3466 613 sedulam

1893 643 2091 697 divinis
2117 644 2338 698 monitis
2375 644 2965 712 exsequendisoperam
2991 645 3202 705 demus,
3222 646 3471 714 quando-

1893 728 2109 796 quidem
2135 730 2450 797 ignoramus
2476 743 2581 797 qua
2610 729 2696 780 die
2718 740 2811 779 aut
2835 729 2964 781 liora
2995 728 3256 782 Dominus
3281 740 3468 783 noster

1895 827 2157 873 venturus
2203 820 2344 873 sit“.

1901 1032 2170 1089 CAPITA
2232 1029 3002 1154 ηεσιτιΑηηξιῖἪρυδιυδ
3052 1030 3470 1086 ΤΒΑΟΤΑΤΑ-

1899 1195 1924 1247 1
1960 1193 2033 1246 De
2059 1193 2248 1248 ordine
2280 1201 2332 1246 et
2366 1193 2506 1247 serie
2531 1193 2912 1246 mandatorum
2948 1191 3182 1247 Domini.

1899 1370 1933 1422 2
1965 1370 2035 1424 De
2066 1370 2330 1423 i-iiat-itate
2358 1371 2621 1423 adversus
2658 1369 2842 1432 Deum,
2890 1378 2943 1424 et
2975 1369 3120 1439 quod
3177 1371 3470 1439 propensio

1970 1469 2024 1516 et
2074 1461 2156 1515 vis
2205 1463 2504 1514 secundum
2553 1471 2798 1515 naturam
2835 1464 3001 1517 insint
3057 1463 3368 1518 hominibus
3400 1464 3468 1518 ad

1970 1555 2314 1622 exsequenda
2342 1555 2550 1608 Domini
2587 1566 2871 1624 praecepta.

1903 1646 1936 1698 3
1969 1645 2040 1698 De
2062 1647 2324 1699 charitate
2345 1661 2472 1714 erga
2503 1648 2802 1715 proximos.

1903 1735 1936 1788 4
1969 1734 2039 1789 De
2065 1736 2256 1788 timore
2292 1735 2402 1788 Dei.

1833 1839 1871 1891 Β
1902 1828 1934 1882 5
1966 1827 2036 1880 De
2068 1828 2331 1880 continua
2359 1829 2555 1881 mentis
2590 1830 2908 1883 attentione.

1898 1921 1928 1970 6
1963 1919 2114 1984 Quod
2148 1935 2373 1972 necesse
2403 1921 2473 1973 sit
2501 1920 2554 1972 in
2580 1936 2796 1975 secessu
2827 1922 2990 1974 vitam
3018 1921 3234 1990 degere.

1900 2011 1928 2063 7
1957 2009 2110 2075 Quod
2149 2011 2257 2064 vita
2300 2012 2503 2080 agenda
2549 2013 2618 2065 sit
2671 2028 2793 2064 eum
2825 2013 2892 2066 iis
2922 2014 3012 2083 qui
3062 2013 3251 2067 eodem
3284 2013 3493 2066 animo

1968 2100 2183 2168 impulsi
2210 2099 2315 2153 Deo
2339 2102 2549 2168 placere
2572 2102 2670 2154 sibi
2697 2112 3003 2171 proponunt
3028 2121 3040 2155 :
3065 2111 3119 2156 et
3150 2104 3293 2170 quod
3335 2103 3467 2156 ditli-

1967 2192 2067 2245 cile
2095 2193 2363 2262 simulque
2383 2193 2744 2262 periculosum
2765 2195 3240 2249 fueritsolitarium
3265 2194 3462 2249 vivere.

1901 2279 1931 2330 8
1961 2279 2032 2332 De
2063 2283 2491 2335 renuutiatione.

1898 2371 1930 2424 9
1965 2371 2120 2435 Quod
2153 2388 2260 2425 non
2291 2383 2876 2443 oporteatquemquam
2909 2376 3021 2429 suis
3049 2375 3470 2444 consanguineis

1969 2475 2098 2513 suas
2133 2460 2414 2515 facultates
2448 2462 2772 2531 relinquere.
3379 2483 3382 2486 '

1902 2552 1968 2606 10
2001 2552 2232 2618 Quinam
2268 2569 2333 2608 ex
2385 2557 2452 2609 iis
2491 2556 2583 2624 qui
2627 2556 2692 2609 ad
2727 2559 2892 2610 vitam
2946 2557 3246 2612 secundum
3297 2556 3469 2611 Deum

1969 2646 2232 2714 agendam
2265 2647 2528 2701 accedunt
2556 2649 2665 2701 sint
2695 2650 3012 2703 admittendi
3037 2691 3050 2712 ,
3106 2657 3159 2704 et
3206 2649 3426 2720 quando
3449 2685 3467 2709 .

1971 2745 2057 2789 aut
2094 2739 2386 2806 quomodo.

1902 2827 1963 2880 11
2004 2828 2077 2881 De
2101 2829 2292 2884 servis.

1901 2921 1969 2974 12
2003 2921 2284 2986 Quomodo
2314 2931 2560 2993 oporteat
2586 2925 2912 2994 conjugatos
2944 2925 3252 2980 admittere.

1902 3022 1970 3076 15
2007 3022 2162 3088 Quod
2199 3023 2358 3076 etiam
2392 3024 2540 3077 utilis
2572 3033 2656 3078 est
2685 3025 2752 3078 iis
2783 3025 2876 3093 qui
2927 3025 3352 3080 introducuntur
3395 3027 3472 3081 si-

1971 3113 2119 3167 lentii
2151 3114 2485 3168 exercitatio.

1824 3165 1872 3228 C
1906 3165 2529 3276 lLDDeiis-qui‘seipsos
2564 3207 2669 3261 Deo
2707 3218 2971 3263 voverunt
2993 3251 3007 3272 ,
3038 3217 3089 3264 et
3117 3210 3311 3265 deinde
3339 3226 3471 3281 pro-

1973 3296 2263 3352 fessionem
2295 3314 2449 3354 suam
2487 3300 2696 3354 irritam
2727 3299 2907 3357 facere
2927 3311 3219 3356 conantur.

1905 3475 1970 3528 15
2030 3473 2104 3529 De
2151 3476 2333 3544 pueris
2385 3478 2749 3546 suscipiendis
2799 3487 2853 3534 et
2904 3481 3297 3537 instituendis:
3342 3483 3470 3537 item

1971 3566 2038 3619 de
2069 3566 2336 3636 virginum
2371 3570 2728 3636 professione.

1903 3653 1971 3707 16
2003 3653 2076 3708 De
2114 3656 2468 3710 continentia.

1905 3745 1970 3798 17
2005 3746 2156 3809 Quod
2187 3756 2395 3815 oportet
2421 3748 2583 3802 etiam
2615 3764 2644 3802 a
2677 3750 2789 3804 risu
2820 3750 3117 3805 abstinere.

1905 3839 1971 3891 18
2009 3838 2161 3903 Quod
2193 3842 2373 3892 omnia
2418 3856 2538 3910 quae
2583 3843 2742 3897 nobis
2803 3854 3149 3912 apponuntur
3172 3884 3186 3907 ,
3221 3854 3348 3900 sunt
3374 3847 3473 3902 do-

1975 3931 2244 3999 gustanda

1904 4021 1969 4075 l9
1997 4020 2098 4084 Qui
2133 4023 2326 4077 modus
2365 4023 2434 4078 sit
2466 4023 2520 4076 in
2555 4024 2889 4078 continentia
2923 4026 3246 4082 servandus.

1901 4113 1971 4167 20
2000 4113 2133 4179 Quis
2170 4118 2241 4168 sit
2270 4115 2464 4169 modus
2487 4117 2791 4185 excipiendi
2819 4119 2882 4169 ad
2908 4118 3088 4172 cibum
3117 4122 3444 4176 sumendum

1901 4207 1964 4259 2t
2001 4206 2284 4271 Quomodo
2307 4216 2555 4278 oporteat
2601 4225 2658 4262 se
2703 4224 2890 4278 gerere
2920 4211 3060 4264 inter
3092 4212 3388 4266 sedendum
3419 4221 3474 4268 ct

1976 4297 2407 4352 accumbendum
2463 4299 2517 4353 in
2571 4309 2813 4368 tempore
2848 4300 3196 4369 prandiorum
3232 4312 3324 4357 aut
3358 4320 3474 4359 cm-

1975 4403 2189 4440 narum.

1834 4477 1972 4558 0‘22
2003 4477 2162 4548 333
2207 4476 2488 4543 Quodnam
2535 4482 2917 4536 vestimentum
2974 4485 3262 4537 conveniat
3314 4483 3476 4540 Chri-

1975 4567 2172 4620 sﬁano.

1902 4658 1973 4710 εὖ
2005 4655 2081 4710 De
2102 4672 2258 4710 zona.

1902 4748 1972 4800 24
2007 4747 2081 4802 De
2112 4748 2295 4810 modo,
2324 4763 2434 4817 quo
2461 4749 2640 4803 vivere
2672 4751 2902 4805 debeant
2931 4754 3068 4808 inter
3099 4769 3178 4808 se.

1903 4839 1974 4893 25
2002 4839 2157 4905 Quod
2190 4840 2478 4909 praefectus
2508 4844 2600 4912 qui
2631 4853 2922 4912 peccantes
2970 4861 3076 4897 non
3119 4844 3317 4915 arguit,
3346 4845 3472 4901 hor-

1972 4928 2200 4983 rendum
2230 4932 2512 4987 subiturus
2549 4943 2632 4987 est
2659 4934 2943 5003 judicium.

1903 5147 2031 5212 τῶν,
2063 5149 2382 5220 ἀποκρίσεις
2407 5151 2500 5204 τοῦ
2525 5153 2676 5224 ἁγίου
2708 5153 3006 5224 Βασιλείου,
3029 5153 3472 5224 Interrogationes

1906 5228 2222 5294 pscetarum,
2260 5231 2307 5273 et
2339 5223 3102 5294 respouaieliessaImIiBasilii
3131 5242 3149 5278 :
3177 5223 3286 5294 quo
3318 5227 3369 5278 in
3405 5228 3471 5278 li-

1905 5287 2004 5364 bro
2028 5290 2230 5364 om_issa
2254 5298 2337 5364 est
2363 5292 2566 5364 tabula.
2587 5289 2742 5364 βεείὶ
2765 5293 2974 5364 primus
2998 5303 3049 5346 et
3068 5287 3262 5349 tertius
3287 5295 3474 5364 Κεφά-

1905 5355 2029 5410 λαια
2055 5357 2163 5410 τῶν
2191 5359 2561 5434 κατὰᾼπλάτος
2581 5355 2742 5434 δρῶν,
2769 5355 2961 5434 Capita
2975 5365 3277 5434 regularum
3301 5355 3471 5434 fusius

1908 5435 2289 5504 ινιισιαζατιιηιζ
2315 5427 2483 5504 Οοίει.
2513 5427 2722 5504 primus
2755 5427 3160 5498 simplicissime
3194 5427 3474 5504 ἐπερωτή-

1951 5514 2053 5548 ατα
2080 5497 2354 5564 ἀσκητῶν,
2379 5499 2811 5565 interrogaliones
2841 5497 3156 5557 dscelarum.
3184 5497 3331 5557 Alter
3363 5497 3470 5558 Τοῦ

1951 5514 2053 5548 ατα
2080 5513 2354 5564 ασκητων,
2379 5513 2811 5565 interrogationes
2841 5513 3156 5557 ascelarum.
3184 5513 3331 5557 Alter
3363 5513 3470 5558 Τοῦ

1907 5513 1962 5618 ἓν
1986 5567 2160 5640 ἁγίοις
2190 5569 2400 5637 Πατρὸς
2425 5568 2581 5640 ἡμῶν
2615 5568 2888 5640 Βα-σιλείου
2919 5571 3058 5640 ἀρχὴ
3085 5573 3190 5624 τῶν
3219 5573 3304 5625 διὰ
3331 5573 3472 5629 πλά-

1905 5651 2027 5696 τους
2046 5639 2454 5704 ἐπερωτήσεων,
2475 5638 2656 5690 Sancti
2674 5638 2852 5692 Patris
2869 5638 3034 5692 nostri
3053 5641 3241 5696 Basilii
3261 5645 3469 5698 initium

1906 5705 2377 5780 interrogationum
2408 5707 2579 5780 fusius
2613 5711 3002 5776 propositarum
3026 5726 3043 5762 :
3069 5729 3177 5780 quo
3205 5716 3258 5768 in
3282 5715 3471 5771 codice

1859 5846 1862 5850 λ
1904 5773 2129 5844 perinde
2151 5784 2208 5829 ut
2238 5776 2291 5830 in
2326 5773 2639 5834 Colbertino
2675 5773 2823 5835 nulla
2853 5790 2936 5838 est
2967 5773 3168 5839 tabula.
