3962 6238
545 312 649 368 90:5
1883 301 1940 356 s.
1982 294 2230 354 nasum
2270 292 2485 349 MAGNI
3647 299 3728 355 θοι

544 423 615 479 26
654 421 810 489 Quod
836 423 1042 488 omnia,
1072 421 1233 477 etiam
1284 420 1467 478 cordis
1501 435 1721 485 arcana,
1754 419 1863 475 sint
1912 430 2108 488 praepo-

2164 419 2196 472 Α
2225 407 2314 473 κς¹
2349 410 2483 480 Περὶ¹
2539 408 2633 462 τοῦ
2687 408 2863 462 πάντα
2903 409 2998 462 καὶ
3050 407 3121 461 τὰ
3160 406 3377 479 κρυπτὰ
3415 408 3502 479 τῆς
3550 412 3728 483 καρδίας

619 516 724 570 sito
753 515 1074 584 detegenda.

2291 500 2638 553 ἀνατίθεσθαι
2658 500 2736 571 τῷ
2762 500 3087 571 προεστῶτι.

545 607 611 663 27
648 605 803 673 Quod
853 607 969 675 ipse
997 621 1214 675 quoque
1257 604 1545 675 praefectus
1567 644 1583 668 ,
1636 604 1681 658 si
1712 602 1932 672 quando
1965 601 2109 655 aber-

2221 593 2304 658 κζ’
2336 594 2458 646 Ὅτι
2502 594 2584 646 δεῖ
2636 593 2731 647 καὶ
2781 594 2874 647 τὸν
2929 592 3245 662 προεστῶτα
3294 594 3733 666 ὑπομιμνήσκεσθαι

615 705 701 752 ret
721 737 735 760 ,
768 697 838 751 ab
864 697 931 752 iis
961 697 1053 767 qui
1099 697 1242 751 inter
1266 696 1466 751 fratres
1490 697 1695 765 primas
1735 694 2019 756 obtinent.
2051 691 2123 747 sit

2293 686 2445 758 παρά
2508 686 2617 739 τῶν
2676 685 3019 756 προεχόντων
3077 686 3137 740 ὲν
3201 688 3271 756 τῇ
3342 685 3655 758 ἀδελφότητι,
3696 693 3737 746 εί

619 788 1016 843 admonendus.

2296 797 2428 832 ποτε
2461 778 2572 851 (40)
2604 779 2803 849 σφαλῇ.
2960 776 2966 783 ’

547 874 619 929 28
646 874 928 942 Quomodo
971 881 1218 946 oporteat
1273 873 1410 929 affici
1457 889 1648 929 omnes
1703 887 1832 943 erga
1871 872 2111 927 immori-

2224 868 2310 940 κη’
2364 870 2486 934 Πῶς
2540 870 2644 942 χρὴ
2702 869 3000 923 διακεῖσθαι
3055 869 3183 933 τοὺς
3248 871 3452 934 πάντας
3508 872 3619 941 περὶ
3667 889 3736 925 τον

619 982 827 1037 gerum,
853 976 907 1021 et
942 966 1415 1036 inobsequenlem.

956 966 1415 1036 inobsequenlem.
2298 959 2520 1030 ἀπειθῆ.

550 1059 620 1114 29
658 1060 729 1114 De
757 1075 820 1115 eo
870 1062 964 1129 qui
994 1040 1138 1114 cum
1171 1059 1405 1113 elatione
1454 1059 1616 1111 animi
1672 1065 1767 1111 aut
1816 1071 2114 1110 murmura-

2225 1051 2307 1105 κθ⁹
2344 1054 2479 1122 Περὶ
2515 1053 2609 1106 τοῦ
2655 1067 2795 1124 μετα
2838 1052 3187 1125 επάρσεωςῆ
3223 1053 3526 1125 γογγυσμοῦ
3564 1054 3741 1123 ἐργαζο-

625 1152 770 1206 tione
800 1152 1030 1205 laborat.

932 1161 1030 1205 rat.
2308 1144 2496 1213 μένου.

552 1241 623 1297 '50
654 1243 970 1311 Cujusmodi
1040 1240 1234 1294 affectu
1289 1239 1484 1295 debeat
1544 1240 1867 1309 prmpositus
1936 1253 2116 1292 curam

2224 1234 2266 1288 λ’
2298 1238 2520 1307 Ποταπῇ
2551 1236 2790 1291 διαθέσει
2831 1236 2938 1309 χρὴ
2985 1252 3092 1289 των
3136 1250 3382 1306 αοελφων
3427 1250 3739 1309 επιμελεισυαι

626 1333 851 1384 fratrum
884 1331 1183 1399 suscipere.

2297 1330 2385 1383 τὸν
2417 1328 2753 1401 προεστῶτα.

553 1435 613 1489 5t
652 1414 806 1502 Quod
834 1434 1211 1503 accipiendum
1242 1440 1325 1487 est
1372 1431 1737 1487 ministerium
1773 1446 1803 1484 a
1835 1432 2117 1501 praeposito

2226 1418 2307 1473 λα’
2338 1421 2459 1473 Ὅτι
2486 1421 2567 1474 δεῖ
2608 1418 2999 1490 καταδέχεσθαι
3029 1421 3129 1492 τὴν
3158 1438 3310 1494 παρα
3347 1439 3437 1476 του
3464 1440 3744 1494 προεστωτος

625 1526 962 1595 impositum.

2299 1511 2618 1581 ὑπηρεσίαν.

552 1616 623 1671 39.
653 1615 936 1683 Quomodo
992 1622 1238 1685 oporteat
1301 1616 1439 1671 afﬁci
1491 1632 1621 1684 erga
1670 1630 1767 1671 eos
1816 1616 1910 1688 qui
1965 1615 2116 1670 nobis

2227 1600 2305 1672 λβ¹
2337 1602 2462 1666 Πῶς
2515 1603 2597 1655 δεῖ
2645 1604 2782 1674 πρὸς
2834 1620 2960 1667 τους
3009 1619 3154 1657 κατα
3197 1603 3376 1675 σάρκα
3416 1606 3625 1672 οἰκείως
3657 1607 3745 1662 δια-

625 1710 890 1777 sanguine
918 1710 1345 1779 conjunguntur.

969 1710 1345 1779 mjunguntur.
2300 1693 2533 1746 κεῖσθαι.

554 1800 624 1853 55
654 1801 786 1867 Quis
822 1802 891 1856 sit
924 1801 1117 1856 modus
1146 1801 1495 1871 colloquendi
1525 1815 1651 1854 cum
1690 1799 1995 1854 sororibus.

2158 1781 2200 1835 Β
2228 1784 2309 1854 λγ⁹
2343 1786 2438 1849 Τίς
2470 1788 2498 1838 ὁ
2523 1786 2722 1858 τρόπος
2742 1804 2842 1857 της
2877 1786 3014 1857 πρὸς
3039 1786 3270 1855 ἀδελφὸν
3302 1789 3597 1859 συντυχίας.

556 1891 624 1946 54
652 1893 850 1957 Quales
883 1893 1003 1947 illos
1034 1908 1157 1947 esse
1208 1907 1305 1962 par
1334 1893 1426 1956 sit,
1458 1892 1551 1963 qui
1606 1892 1747 1946 inter
1795 1890 1991 1945 fratres
2039 1904 2120 1946 res

2231 1876 2304 1930 λδ¹
2335 1879 2620 1941 Ποταποὺς
2683 1878 2789 1949 χρὴ
2831 1875 2967 1931 εἶναι
3014 1880 3140 1943 τοὺς
3185 1878 3255 1932 τά
3295 1882 3431 1952 πρὸς
3475 1883 3562 1953 τὴν
3600 1882 3744 1953 χρείαν

621 1986 962 2041 necessarias
1001 1985 1339 2056 dispensant.

2301 1967 2716 2038 οἱκονομοῢντας
2741 1969 2799 2019 ἐν
2833 1970 2898 2038 τῇ
2923 1967 3259 2039 ἀδελφότητι,

553 2078 626 2133 35
654 2076 791 2132 Num
841 2078 896 2132 in
932 2082 1122 2133 eodem
1177 2092 1316 2148 pago
1365 2075 1732 2133 constituendi
1789 2075 1899 2130 sint
1944 2074 2117 2144 plures

2228 2056 2299 2111 λε’
2331 2060 2393 2111 El
2424 2060 2529 2130 χρὴ
2576 2061 2632 2112 ὲν
2668 2060 2733 2129 τῇ
2775 2058 2910 2129 αὐτῇ
2957 2058 3118 2131 κώμῃ
3165 2058 3416 2124 πλείονας
3442 2060 3747 2134 ἀδελφοτητας

623 2170 847 2223 fratrum
872 2179 1192 2223 conventus.

1153 2186 1192 2223 ς,
2304 2150 2717 2222 συγκροτεῖσθαι

553 2258 623 2315 36
653 2259 725 2314 De
749 2260 816 2315 iis
849 2260 942 2330 qui
974 2275 1003 2313 a
1032 2259 1264 2314 fratrum
1291 2267 1446 2322 cmtu
1471 2257 1752 2314 secedunt.

2229 2243 2316 2309 λς’
2345 2246 2479 2317 Περὶ
2513 2243 2621 2296 τῶν
2644 2242 3072 2315 ἀναχωρούντων
3106 2243 3212 2297 ἀπὸ
3240 2244 3600 2317 ἀδελφότητος.

552 2349 624 2404 57
654 2350 709 2404 Si
762 2365 982 2420 put-eum
1042 2356 1099 2404 et
1157 2350 1473 2419 psalmodiae
1533 2349 1758 2402 obtentu
1815 2354 1869 2401 et
1908 2345 2116 2399 nomine

2229 2335 2307 2401 λζ’
2449 2336 2529 2390 δεῖ
2563 2337 2836 2408 προφάσει
2869 2334 2978 2389 τῶν
3025 2336 3347 2408 προσευχῶν
3395 2340 3485 2392 καὶ
3516 2339 3601 2408 τῆς
3642 2337 3747 2408 ψαλ-

624 2413 943 2512 ηθειὶξειιάα
977 2442 1088 2496 sint
1116 2413 1316 2511 opera:
1349 2442 1476 2496 item
1517 2455 1639 2510 quae
1668 2448 1910 2509 tempora
1937 2451 2130 2508 preca-

2305 2413 2510 2501 μῳδίας
2555 2428 2777 2498 ἀμελεῖν
2811 2427 2922 2480 τῶν
2957 2428 3154 2500 ἔργων,
3180 2428 3274 2481 καὶ
3327 2431 3465 2482 ποῖοι
3500 2430 3655 2500 καιροὶ
3676 2429 3749 2497 τῆς

620 2533 753 2588 tioni
779 2535 889 2589 sint
923 2540 1068 2605 apta,
1100 2541 1155 2588 et
1184 2534 1359 2603 primo
1392 2548 1459 2586 an
1489 2531 1826 2602 operandum
1864 2531 1954 2586 sit.

2303 2517 2612 2590 προσευχῆς
2654 2516 2971 2587 ἐπιτήδειοι,
3007 2516 3101 2568 καὶ
3148 2514 3369 2587 πρῶτον
3405 2518 3453 2569 εἰ
3489 2517 3584 2586 χρὴ
3619 2514 3747 2586 ἐργά-

2302 2609 2513 2674 ζεσθαι.

553 2709 623 2765 38
651 2708 967 2779 Cuiusmodi
1002 2718 1148 2765 artes
1176 2708 1503 2780 professioni
1538 2714 1740 2763 nostra:
1769 2715 2090 2777 congruant.

2231 2699 2313 2771 λη’
2362 2702 2520 2754 Ποῖαι
2582 2701 2768 2771 τέχναι
2827 2698 2907 2771 τῷ
2967 2700 3348 2770 ὲπαγγέλματι
3417 2698 3563 2769 ἡμῶν
3619 2696 3751 2767 ἁρμό-

2303 2792 2502 2858 ζουσιν.

554 2930 624 2985 59
650 2930 780 2996 Quae
799 2930 939 2984 ratio
973 2929 1199 2984 tenenda
1248 2929 1320 2985 sit
1358 2929 1413 2983 in
1447 2929 1704 2999 Operibus
1747 2928 2118 2992 divendendis,

2232 2909 2308 2962 λθ⁹
2346 2907 2473 2973 Πῶς
2517 2907 2623 2980 χρὴ
2674 2905 2945 2960 ποιεῖσθαι
2995 2923 3103 2959 των
3155 2907 3220 2959 ὲκ
3267 2906 3369 2977 τῆς
3404 2904 3638 2976 εργασίας
3676 2900 3751 2971 τὴν

625 3037 814 3093 quaeve
849 3023 905 3075 in
939 3020 1358 3091 peregrinando.

2302 3002 2615 3073 διάπρασιν,
2646 3001 2740 3053 καὶ
2772 2999 2891 3063 πῶς
2912 2999 3235 3071 ἀποδημεῖν.

555 3114 625 3170 ιο
646 3092 727 3168 De
756 3113 1217 3184 negotiationibus
1260 3129 1381 3184 quae
1414 3113 1530 3170 fieri
1576 3114 1753 3169 solent
1787 3113 1845 3168 in
1893 3113 2119 3169 celebra-

1984 3113 2134 3168 gbra-
2159 3114 2203 3172 ρ
2239 3093 2289 3169 μ’
2326 3096 2464 3165 Περὶ
2494 3093 2604 3147 τῶν
2633 3096 2690 3147 ὲν
2723 3096 2843 3155 ταῖς
2872 3092 3110 3156 συνόδοις
3141 3093 3548 3164 πραγματειῶν,

623 3201 882 3256 tionibus.

552 3289 619 3345 41
657 3290 729 3345 De
751 3290 975 3359 imperio
1004 3297 1057 3344 et
1077 3287 1146 3344 de
1168 3289 1500 3344 obedientia.

2232 3280 2321 3346 μα’
2358 3274 2493 3345 Περὶ
2532 3272 2816 3336 αὑθεντίας
2850 3272 2944 3326 καὶ
2975 3273 3245 3341 υπακοῆς.

553 3380 625 3436 ΔΞ
652 3382 772 3448 Quo
801 3383 1006 3448 animo,
1038 3389 1093 3435 et
1139 3397 1249 3452 quo
1297 3381 1490 3437 affectu
1520 3384 1736 3454 operari
1768 3381 2005 3438 debeant
2033 3383 2117 3453 qui

2232 3364 2321 3436 μβ¹
2356 3366 2504 3437 Ποίῳ
2549 3365 2739 3435 σκοπῷ
2784 3366 2879 3419 καὶ
2919 3366 3048 3438 ποίᾳ
3091 3365 3331 3420 διαθέσει
3369 3362 3666 3437 ἐργάζεσθαι
3694 3362 3754 3416 δεῖ

624 3482 944 3545 operantur.
2013 3479 2016 3482 ’

2013 3479 2016 3482 ’
2296 3458 2424 3522 τοὺς
2453 3458 2873 3531 ἐργαζομένους.

555 3567 624 3621 45
652 3543 849 3632 Quales
877 3566 1165 3621 conveniat
1215 3581 1338 3621 esse
1376 3562 1665 3634 praafectos
1690 3603 1706 3629 ,
1755 3571 1809 3619 et
1853 3564 2119 3636 quomodo

2231 3545 2319 3618 μγ¹
2355 3548 2605 3611 Ὀποίους
2647 3543 2785 3600 εἶναι
2828 3548 2932 3620 χρὴ
2974 3549 3101 3611 τοὺς
3136 3548 3520 3620 προεστῶτας,
3558 3545 3756 3606 καὶπῶς

625 3666 950 3712 conventum
973 3658 1278 3729 gubernare
1303 3657 1558 3711 debeant.

1342 3657 1558 3711 ebeant.
2297 3639 2452 3709 ἄγειν
2474 3641 2600 3703 τοὺς
2632 3640 2903 3703 συνόντας.

553 3748 625 3805 ιι
655 3748 864 3815 Quibus
891 3743 1289 3819 permittendae
1354 3752 1483 3801 sunt
1535 3747 2028 3817 peregrinationes,
2072 3754 2117 3801 et

2228 3732 2309 3805 μδ¹
2352 3734 2505 3788 Τίσιν
2548 3734 2864 3804 ἐπιτρέπειν
2904 3734 3009 3805 χρὴ
3044 3734 3142 3797 τὰς
3189 3734 3520 3806 ἀποδημίας,
3557 3733 3639 3786 καὶ
3669 3744 3757 3791 πως

625 3840 899 3911 quomodo
928 3841 1030 3910 ipsi
1063 3849 1416 3911 posteaquam
1466 3839 1673 3894 reversi
1708 3850 1860 3905 sunt,
1893 3841 2125 3895 interro-

1641 3839 1673 3894 ;i
1708 3850 1860 3905 sum,
1893 3841 2125 3895 ίῃιει-ι-ο.
2295 3827 2614 3890 ἐπανιόντας
2640 3827 2839 3889 αὐτοὺς
2870 3827 3205 3891 ἀνακρίνειν.

624 3931 784 4000 gandi
817 3932 926 3985 sint
960 3937 1016 3983 et
1054 3927 1420 3984 examinandi.

552 4047 623 4103 45
651 4045 806 4113 Quod
840 4054 962 4116 post
994 4044 1310 4115 praefectum
1335 4043 1497 4098 etiam
1528 4043 1726 4113 aliquis
1748 4041 1888 4097 alius
1917 4041 2116 4096 consti-

2227 4055 2307 4118 με’
2344 4048 2463 4100 Ὅτι
2505 4047 2611 4119 χρὴ
2649 4046 2788 4118 μετά
2834 4048 2924 4101 τὸν
2964 4048 3282 4119 προεστῶτα
3336 4048 3431 4102 καὶ
3475 4044 3619 4100 ἄλλον
3650 4037 3755 4094 εἷναί

621 4137 859 4193 tuendus
881 4145 964 4192 est
990 4137 1105 4206 qui,
1128 4152 1192 4191 eo
1209 4136 1433 4192 absente
1457 4145 1551 4191 aut
1581 4146 1869 4206 occupato,
1892 4136 2120 4190 fratrum

2293 4157 2415 4191 τινα
2446 4138 2536 4191 τὸν
2568 4139 2864 4209 δυνάμενον
2899 4142 2957 4193 ὲν
2996 4141 3231 4211 ἀπουσίᾳ
3264 4139 3302 4211 ἦ
3334 4138 3556 4211 ἀσχολίᾳ
3585 4134 3756 4191 ἐκείνου

620 4243 808 4283 curam
839 4228 1012 4298 possit
1044 4227 1343 4296 suscipere.

2291 4228 2400 4281 τῶν
2429 4229 2672 4299 ἀδελφῶν
2694 4231 3092 4302 ἐπιμελεῖσθαι.

549 4315 619 4373 46
653 4318 808 4385 Quod
838 4318 1125 4388 quisquam
1163 4334 1341 4388 neque
1374 4319 1559 4374 fratris
1599 4330 1908 4390 peccatum,
1945 4334 2113 4389 neque

2225 4316 2322 4388 με’
2350 4319 2484 4389 Περὶ
2517 4318 2611 4372 τοῦ
2638 4320 2713 4391 μὴ
2750 4321 3116 4392 συγκρύπτειν
3145 4322 3456 4393 ἁμάρτημα
3498 4314 3701 4387 ἀδελφῷ,
3731 4311 3755 4382 ἢ

625 4425 782 4465 suum
824 4409 995 4481 ipsius
1027 4409 1204 4464 celare
1238 4410 1451 4466 debeat.
2150 4455 2189 4511 Β

919 4409 995 4464 ius
1027 4409 1204 4464 celare
1238 4410 1451 4466 debeat.
2150 4455 2193 4511 Β
2293 4410 2483 4481 ἐαυτῷ.

548 4501 620 4557 47
647 4501 721 4557 De
760 4502 828 4556 iis
883 4501 974 4572 qui
1027 4516 1138 4555 non
1182 4502 1537 4571 comprobant
1581 4518 1701 4573 qua:
1750 4519 1778 4556 a
1827 4502 2112 4574 prmposito

2226 4501 2311 4575 μζ
2344 4504 2482 4574 Περὶ
2514 4502 2621 4556 τῶν
2658 4503 2733 4574 μὴ
2763 4504 3209 4576 καταδεχομένων
3245 4506 3315 4558 τὰ
3355 4507 3506 4577 παρά
3540 4503 3625 4558 τοῦ
3655 4513 3758 4571 προ-

620 4593 896 4660 assignata
932 4597 1079 4644 sunt.

2292 4594 2527 4659 εστῶτος
2558 4596 2892 4667 τυπούμενα.

546 4682 618 4738 48
651 4681 804 4747 Quod
830 4680 1047 4735 curiose
1094 4681 1482 4750 inquirendum
1528 4696 1638 4736 non
1672 4690 1756 4737 est
1790 4685 1844 4737 in
1877 4684 2110 4754 praefecti

2223 4685 2311 4758 μη⁹
2344 4687 2466 4739 Ὅτι
2500 4688 2558 4740 οὐ
2610 4687 2692 4740 δεῖ
2725 4682 3178 4759 περιεργάζεσθαι
3222 4687 3324 4752 τὰς
3372 4684 3663 4758 οἰκονομίας
3685 4676 3756 4733 τοῦ

620 4771 1148 4828 administrationem
1182 4786 1246 4825 ac
1291 4771 1778 4842 gubernationem:
1818 4776 1913 4830 sed
1954 4791 2120 4846 opor-

2097 4806 2120 4818 -
2293 4777 2658 4849 προεστῶτος,
2685 4780 2763 4851 τῷ
2790 4780 2847 4834 δὲ
2885 4780 2999 4850 ἰδίῳ
3027 4780 3321 4854 προσέχειν
3350 4781 3519 4854 ἔργῳ.
3652 4762 3655 4767 ⁴

614 4876 692 4922 tet
722 4881 824 4922 suo
855 4881 1127 4937 quemque
1157 4866 1307 4935 operi
1335 4867 1638 4920 attendere.

545 4960 617 5017 49
653 4960 728 5014 De
758 4958 1149 5014 controversiis
1199 4972 1320 5029 qua:
1362 4955 1633 5012 interdum
1671 4958 1924 5040 oriuntur
1955 4959 2109 5032 33E

2227 4954 2310 5026 μθ¹
2364 4956 2503 5029 Περὶ
2561 4957 2671 5012 τῶν
2732 4957 3263 5031 ἀμφισϐητουμένων
3327 4962 3389 5015 ὲν
3455 4963 3519 5033 τῇ
3575 4950 3757 5023 ἀδελφό-

616 5052 756 5106 inter
788 5050 1005 5106 fratres.

875 5058 1005 5106 tres.
2291 5064 2434 5116 τητι.

545 5144 616 5199 50
642 5142 901 5209 Quaenam
932 5142 1128 5198 debeat
1159 5157 1282 5197 esse
1317 5142 1594 5214 prmpositi
1626 5140 1951 5212 obiurgatio.

1743 5142 1951 5211 Irgatio.
2223 5154 2250 5191 ν
2285 5138 2412 5202 Πῶς
2431 5137 2537 5210 χρὴ
2567 5141 2825 5212 ἐπιτιμᾷν
2855 5142 2946 5196 τὸν
2967 5162 3307 5216 προεστῶτα.

545 5237 605 5291 5i
646 5234 929 5302 Quomodo
985 5234 1368 5304 corrigendum
1403 5236 1474 5291 sit
1503 5235 1873 5305 delinquentis
1919 5249 2109 5304 pecca.

2221 5237 2300 5284 να⁹
2326 5230 2462 5303 ,Πῶς
2483 5230 2564 5288 δεῖ
2593 5230 2936 5302 διορθοῦσθαι
2966 5236 3027 5289 τὸ
3066 5234 3449 5307 πλημμέλημα
3487 5232 3577 5286 τοῦ
3607 5233 3757 5302 quap-

617 5337 756 5382 tum.

2289 5321 2534 5391 τηκότος.

543 5418 613 5475 52
644 5419 762 5485 Quo
814 5418 996 5474 animo
1027 5433 1203 5490 pinna:
1234 5433 1356 5489 quae
1405 5418 1760 5490 imponuntur
1782 5457 1798 5486 ,
1854 5419 1963 5475 sint
1993 5434 2107 5489 per-

2220 5409 2296 5480 νβ⁹
2324 5412 2482 5465 Μετά
2521 5413 2679 5478 ποίας
2720 5413 3011 5482 διαθέσεως
3038 5417 3437 5489 καταδέχεσθαι
3471 5417 3551 5471 δεῖ
3579 5412 3641 5467 τὰ
3665 5412 3757 5465 ἐπι-

614 5508 869 5566 ferendae.

2290 5503 2464 5575 τίμια.

611 5782 722 5857 (40)
752 5780 883 5856 Reg.
909 5782 1106 5839 tertius
1143 5783 1481 5856 προεχόντων
1516 5784 1571 5838 ἐν
1598 5785 1663 5855 τῇ
1703 5782 1937 5854 συνοδίᾳ,
1971 5781 2022 5835 εί
2062 5797 2213 5839 ποτε.
