3962 6238
469 316 569 371 907

1780 314 1839 371 S.
1878 310 2119 368 BASlLU
2158 307 2371 365 MAGNI

3614 306 3709 365 θοι

472 439 813 495 accesserat,
862 429 1000 485 dixit
1033 448 1047 485 :
1088 428 1385 501 Magister,
1429 430 1568 501 quod
1616 440 1695 486 est
1736 428 2047 483 mandatum

2164 424 2260 479 idw
2291 424 2369 495 τῷ
2411 422 2603 495 Κυρίῳ
2635 422 2663 475 ὁ
2697 421 2943 493 νομικὸς,
2980 420 3338 486 Διδάσκαλε,
3375 422 3533 493 φησὶ,
3580 425 3713 477 ποία

401 589 407 601 ,
472 524 698 593 primum
724 526 775 575 in
806 522 960 593 lege?
988 531 1038 576 et
1067 519 1327 578 Dominus
1360 522 1628 591 respondit
1659 540 1677 575 :
1714 520 1914 591 Diliges
1943 519 2046 574 Do-

472 616 674 668 minum
702 614 869 667 Deum
898 623 1046 667 tuum
1069 629 1135 668 er
1165 621 1272 666 tota
1297 612 1452 667 corde
1486 622 1596 679 tuo,
1620 623 1669 667 et
1695 628 1760 667 ea:
1788 622 1898 666 tota
1925 612 2046 665 ani-

473 724 562 762 ma
593 717 715 773 tua,
745 716 792 761 et
808 721 871 759 ea:
894 705 1028 760 totis
1056 704 1255 759 viribus
1286 707 1411 771 tuis,
1437 717 1484 759 et
1519 720 1582 760 ex
1613 715 1724 761 tota
1745 715 1912 759 mente
1933 716 2044 761 tua.

472 797 593 852 Hoc
626 807 702 852 est
727 798 968 867 primum
1017 806 1066 850 et
1096 812 1344 866 maguum
1383 797 1712 852 mandatum.
1750 796 2047 851 Secundum

475 898 653 944 autem
709 890 879 943 simile
926 886 1062 942 illud
1112 898 1189 942 est
1219 905 1238 942 :
1293 887 1489 959 Diliges
1544 890 1842 958 proximum
1900 899 2047 942 tuum

477 978 612 1032 sicut
652 978 871 1046 teipsum
915 977 983 1030 ".
1015 975 1136 1047 Ipse
1171 977 1337 1049 igitur
1371 977 1635 1034 Dominus
1698 979 1752 1033 in
1798 979 2046 1034 ordinem

479 1084 580 1125 sua
607 1069 889 1125 distribuit
925 1069 1201 1126 mandata.
1259 1071 1502 1125 Primum
1535 1070 1753 1140 quidem
1788 1079 1843 1126 et
1877 1072 2050 1125 maxi-

478 1176 629 1215 mum
691 1161 1007 1215 mandatum
1080 1161 1147 1215 ad
1212 1160 1306 1216 Dei
1374 1162 1722 1217 dilectionem
1800 1172 2050 1233 spectare

478 1247 643 1324 336
667 1252 1074 1323 pronuntiavit;
1117 1254 1251 1308 illud
1301 1270 1431 1310 vero
1480 1255 1626 1327 quod
1680 1256 1921 1326 pertinet
1982 1256 2051 1310 ad

479 1345 718 1423 proximi
742 1344 1112 1425 dilectionem,
1163 1347 1336 1417 primo
1380 1347 1456 1401 illi
1490 1347 1703 1414 simile,
1736 1364 1833 1403 seu
1866 1349 2051 1418 potius

478 1437 626 1507 quod
655 1436 868 1507 expleat
900 1438 1161 1508 primum,
1194 1447 1247 1493 et
1278 1439 1348 1493 ab
1375 1455 1451 1495 'eo
1479 1439 1814 1510 dependeat,
1849 1456 2049 1497 secun-

479 1526 608 1582 dum
632 1527 823 1583 ordine
852 1529 1052 1599 posuit.
1079 1528 1442 1595 Quamobrem
1468 1546 1532 1585 ex
1555 1531 1733 1594 dictis,
1760 1540 1815 1587 et
1842 1549 1907 1588 ex
1930 1533 2052 1590 aliis

479 1619 751 1675 similibus
777 1659 793 1686 ,
825 1635 947 1691 qua;
976 1618 1032 1675 in
1079 1620 1283 1677 divinis
1312 1621 1613 1692 Scripturis
1655 1623 2010 1693 proferuntur
2031 1669 2047 1693 ,

480 1712 619 1768 ordo
661 1727 724 1768 ac
753 1714 924 1769 series
957 1714 1200 1769 omnium
1254 1714 1470 1771 Domini
1512 1717 1903 1775 mandatorum
1957 1721 2053 1777 de-

482 1803 745 1876 prehendi
769 1820 833 1860 ae
865 1806 1092 1879 intelligi
1120 1814 1321 1875 potest.

958 2080 1475 2139 INTERROGATIO
1509 2083 1580 2139 ll.

484 2173 562 2229 De
595 2176 854 2248 charitate
883 2174 1131 2229 adversus
1162 2176 1349 2242 Deum,
1369 2189 1418 2232 et
1443 2179 1580 2247 quod
1607 2180 1881 2248 propensio
1901 2190 1952 2236 et
1978 2198 2053 2237 ms

554 2246 837 2301 secundum
892 2255 1140 2299 naturam
1203 2248 1365 2301 insint
1415 2246 1712 2304 hominibus
1779 2252 1849 2304 ad
1903 2267 2055 2307 exse-

552 2315 758 2387 quenda
790 2315 1005 2371 Domini
1033 2330 1311 2386 prwcepta.

554 2451 743 2523 Itaque
769 2450 837 2508 de
867 2449 961 2507 Dei
992 2449 1279 2509 dilectione
1310 2455 1545 2525 primum
1570 2457 1639 2513 ad
1675 2474 1778 2515 nos
1808 2459 2052 2532 loquere.

483 2542 620 2598 Nam
659 2545 971 2601 audivimus
1012 2543 1233 2615 quidem
1285 2544 1457 2603 Deum
1504 2566 1628 2607 esse
1673 2550 2010 2626 diligendum
2036 2594 2052 2621 ,

484 2634 582 2690 sed
619 2635 892 2706 quomodo
938 2634 992 2691 id
1025 2635 1272 2705 praestari
1311 2639 1522 2709 possit,
1564 2639 1777 2698 discere
1829 2650 2057 2714 exopta-

476 2740 629 2781 mus.

1051 2821 1456 2882 RESPONSIO.

557 2913 608 2967 i.
642 2910 784 2969 Sane
821 2912 915 2970 Dei
938 2914 1158 2974 dilectio
1200 2934 1310 2975 non
1357 2918 1412 2973 in
1464 2917 1724 2973 doctrina:
1766 2918 2055 2989 praeceptis

478 3003 663 3073 :posita
696 3012 800 3059 est.
839 3004 1024 3078 Neque
1045 3009 1189 3064 enim
1222 3010 1291 3066 ab
1324 3009 1431 3064 alio
1456 3008 1751 3066 didicimus
1774 3010 1895 3065 luce
1921 3026 2056 3083 gau-

2149 516 2345 586 πρώτη
2379 516 2450 570 ἐν
2474 513 2555 582 τῷ
2595 516 2759 584 νόμῳ
2800 514 2973 568 ἐστίν
3000 513 3259 581 mem,-
3296 513 3409 570 Καί
3449 518 3484 569 ό
3508 514 3715 583 Κύριος

2148 610 2509 677 ἀπεκρίνατο
2554 606 2695 679 (46)·
2760 605 3110 677 Ἀγαπήσεις
3153 608 3375 678 Κύριον
3421 606 3531 662 τὸν
3576 610 3714 663 θεόν

2147 718 2265 756 σου
2288 700 2357 767 ἐξ
2390 702 2542 769 ὅλης
2579 700 2691 769 τῆς
2720 700 2969 768 καρδίας
3010 718 3149 766 σου,
3180 702 3281 755 καί
3313 700 3384 767 ἐξ
3428 701 3570 769 ὅλη(
3612 701 3715 770 τῆς

2147 790 2355 862 ψυχῆς
2376 810 2512 857 σου,
2536 793 2633 846 καὶ
2659 791 2728 857 ἐξ
2754 790 2904 858 ὅλης
2926 790 3040 860 τῆς
3069 792 3285 861 ίσχύος
3317 809 3434 846 σου
3468 792 3605 863 (47),
3627 794 3716 847 καί

2146 885 2215 950 ἐξ
2244 886 2392 953 ὅλης
2425 886 2534 953 τῆς
2571 885 2838 951 διανοίας
2864 864 3010 940 ⁸σου.
3045 884 3203 951 Αὕτη
3224 885 3357 938 ἐστὶ
3387 883 3588 953 πρώτη
3626 887 3713 939 καί

2143 978 2375 1049 μεγάλη
2418 977 2659 1045 ἐντολή.
2694 978 2950 1046 Δευτέρα
2997 977 3066 1031 δὲ
3110 979 3283 1046 ὁμοία
3321 978 3507 1046 αϋτηο
3562 979 3715 1050 Ἀπι-

2149 1071 2367 1138 πήσεις
2406 1072 2512 1125 τὸν
2544 1072 2812 1139 πλησίον
2847 1087 2963 1125 σου
2991 1072 3072 1137 ὠς
3111 1071 3392 1126 σεαυτόν.
3433 1071 3605 1135 Αὐτὸς
3633 1068 3717 1126 οὖν

2151 1163 2385 1236 ἐπέθηκε
2418 1167 2536 1228 ταῖς
2572 1163 2765 1218 ἐαυτοῦ
2812 1163 3052 1227 ἐντολαῖς
3085 1164 3186 1235 τὴν
3222 1163 3376 1230 τάξιν
3413 1167 3443 1217 ὁ
3486 1165 3713 1237 Κύριος·

2152 1258 2376 1330 πρώτην
2413 1257 2511 1328 μὲν
2562 1258 2655 1310 καὶ
2707 1257 2968 1327 μεγίστην
3014 1256 3144 1328 περὶ
3194 1256 3298 1328 τῆς
3353 1257 3433 1321 είς
3464 1257 3554 1311 τὸν
3596 1256 3721 1312 Θεὸν

2144 1352 2371 1423 ἀγάπης
2430 1351 2530 1422 τὴν
2580 1350 2799 1422 ἐντολὴν
2852 1350 3198 1422 ὁρισάμενος·
3251 1351 3508 1422 δευτέραν
3550 1351 3609 1405 δὲ
3659 1355 3720 1424 τῇ

2152 1443 2324 1508 τάξει,
2361 1444 2455 1496 καὶ
2483 1442 2671 1513 ὁμοίαν
2708 1444 2914 1514 ἐκείνῃ,
2949 1443 3148 1513 μᾶλλον
3175 1443 3232 1496 δὲ
3263 1444 3722 1516 συμπληρωτικὴν

2153 1534 2254 1604 τῆς
2301 1535 2594 1607 προτέρας,
2631 1533 2724 1588 καὶ
2758 1534 2817 1601 ἐξ
2864 1534 3035 1607 αὐτῆς
3084 1538 3419 1609 ἠρτημένην,
3454 1539 3557 1609 τὴν
3605 1539 3723 1608 περὶ

2152 1626 2246 1680 τοῦ
2280 1628 2500 1698 ἀγαπᾷν
2531 1626 2621 1680 τὸν
2648 1626 2877 1697 πλησίον
2897 1644 2911 1659 ·
2965 1626 3107 1681 ὥστε
3142 1628 3208 1681 ἐκ
3251 1628 3361 1682 τῶν
3401 1628 3720 1700 εἰρημένων.

2155 1720 2250 1774 καὶ
2282 1718 2342 1784 ἐξ
2387 1720 2592 1791 ἐτέρων
2637 1717 2694 1771 δὲ
2743 1717 3022 1783 τοιούτων,
3075 1721 3133 1773 ἐν
3185 1723 3306 1784 ταῖς
3352 1720 3723 1783 θεοπνεύστοις

2155 1810 2399 1881 Γραφαῖς
2444 1810 2783 1882 φερομένων,
2834 1812 2931 1883 τὴν
2963 1812 3021 1864 ἐν
3069 1809 3271 1876 πάσαις
3314 1814 3435 1875 ταῖς
3490 1811 3723 1877 ἐντολαῖς

2154 1902 2246 1956 τοῦ
2286 1902 2492 1974 Κυρίου
2520 1904 2673 1969 τάξιν
2718 1921 2778 1958 τε
2828 1904 2923 1958 καὶ
2972 1904 3291 1959 ἀκολουθίαν
3317 1903 3433 1958 ἐστι
3478 1922 3725 1976 καταμα-

2158 1996 2271 2053 θεῖν
2306 1996 2436 2069 (48).

2704 2090 3039 2143 ΕΡΩἹἩΣΙΣ
3092 2090 3167 2144 Β’.

2154 2177 2295 2246 Περὶ
2322 2178 2433 2247 τῆς
2466 2180 2615 2247 πρὸς
2649 2179 2799 2234 Θεὸν
2829 2179 3086 2249 ἀγάπης,
3120 2182 3218 2234 καὶ
3244 2180 3335 2234 ὅτι
3368 2179 3522 2234 κατὰ
3549 2180 3727 2249 φύσιν

2224 2250 2295 2301 ἐν
2320 2250 2651 2317 ἁιη·θρώποις
2689 2251 2729 2318 ἠ
2772 2251 2921 2317 πρὸς
2964 2253 3071 2317 τὰς
3090 2251 3341 2317 ἐντολὰς
3363 2249 3472 2303 τοῦ
3516 2252 3727 2319 Κυρίου

2218 2320 2382 2387 ῥοπὴ
2417 2321 2515 2373 καί
2555 2320 2829 2389 δύναμις.

2227 2453 2436 2509 Οὐκοῦν
2468 2455 2597 2527 περὶ
2643 2454 2744 2525 τῆς
2779 2458 2860 2519 εἰς
2907 2453 3040 2509 Θεδν
3074 2455 3294 2526 ἀγάπης
3338 2455 3561 2527 πρῶτον
3604 2458 3728 2527 ἡμῖν

2156 2547 2486 2618 διαλέχθητι.
2524 2549 2644 2602 Ὀτι
2687 2548 2785 2619 μὲν
2817 2546 2925 2619 γὰρ
2958 2547 3063 2620 χρὴ
3102 2550 3344 2620 ἀγαπᾷν,
3379 2550 3726 2621 ἀκηκόαμεν·

2159 2640 2275 2705 πῶς
2306 2640 2351 2694 δ’
2383 2641 2451 2697 ἂν
2477 2640 2637 2694 τοῦτο
2677 2639 3071 2713 κατορθωθείη,
3106 2640 3300 2713 μαθεῖν
3343 2642 3729 2715 ἐπιζητοῦμεν.

2750 2822 3139 2878 ΔΠΟΚΡΙΣΙΣ.
3346 2880 3349 2881 ,

2233 2915 2284 2971 i.
2340 2916 2647 2979 Ἀδίδακτος
2682 2915 2782 2985 μὲν
2823 2918 2856 2986 ὴ
2899 2914 3037 2987 πρὸς
3063 2914 3156 2966 τὸν
3179 2912 3311 2968 Θεὸν
3346 2912 3564 2981 ἀγάπη.
3603 2910 3732 2965 Οὔτε

2158 3008 2267 3079 γὰρ
2284 3008 2422 3076 φωτὶ
2459 3007 2689 3079 χαίρειν,
2710 3007 2805 3061 καὶ
2830 3006 2976 3071 ζωῆς
2992 3005 3384 3059 ἀντιποιεῖσθαι
3412 3006 3546 3076 παρ’
3579 3004 3733 3059 ἄλλου

487 3093 638 3161 dere,
668 3102 723 3151 et
745 3094 913 3152 vitam
946 3098 1280 3170 desiderare,
1310 3117 1490 3174 neque
1520 3111 1773 3171 parentes
1802 3102 2050 3176 diligere,

2164 3099 2579 3171 μεμαθήκαμεν,
2610 3097 2734 3152 οὔτε
2766 3098 2826 3151 τὸ
2852 3097 3073 3168 ἀγαπᾷν
3100 3097 3227 3160 τοὺς
3257 3096 3519 3159 τεκόντας
3545 3095 3582 3167 ἢ
3615 3094 3731 3167 θρε-

480 3197 585 3242 aut
614 3190 931 3246 nutritores.
960 3189 1053 3248 Sic
1081 3192 1267 3265 igitur,
1314 3203 1409 3249 aut
1441 3194 1605 3251 etiam
1632 3196 1807 3250 multo
1836 3197 2012 3268 magis
2037 3238 2054 3264 ,

486 3292 599 3333 non
628 3279 685 3333 in
711 3286 935 3335 externa
961 3279 1247 3353 disciplina
1283 3284 1423 3341 situs
1460 3294 1545 3341 est
1584 3286 1675 3341 Dei
1707 3301 1863 3342 amor
1892 3305 1906 3342 :
1960 3287 2057 3342 sed

488 3367 652 3421 simul
681 3375 845 3436 atque
876 3373 1121 3426 constitit
1163 3374 1364 3427 animal
1398 3375 1531 3431 illud
1560 3376 1858 3445 (hominem
1886 3376 2055 3450 dico),

488 3458 573 3513 vis
601 3459 847 3529 quaedam
872 3460 1100 3517 rationis
1120 3462 1176 3517 in
1201 3464 1425 3520 seminis
1456 3465 1676 3520 modum
1706 3466 1870 3521 insita
1898 3468 2058 3523 nobis

490 3550 612 3614 fuit,
638 3564 758 3621 quae
788 3551 933 3606 intra
965 3567 1024 3609 se
1055 3555 1273 3609 amandi
1308 3554 1621 3611 facultatem
1657 3567 1821 3628 atque
1866 3576 2059 3617 neces-

489 3642 785 3698 situdinem
816 3644 1076 3702 continet.
1111 3644 1283 3713 Quam
1317 3648 1423 3703 vim
1464 3648 1558 3704 ubi
1604 3649 1793 3705 schola
1838 3652 2056 3708 divino-

490 3749 612 3788 rum
640 3742 1037 3805 praceptorum
1067 3738 1298 3808 excepit,
1329 3754 1447 3795 eam
1476 3740 1726 3797 excolere
1748 3741 2055 3814 diligenter,

489 3837 546 3879 et
575 3826 712 3881 scite
732 3827 967 3892 nutrire,
994 3834 1158 3897 atque
1181 3826 1293 3884 Deo
1310 3829 1539 3901 juvante
1567 3831 1634 3887 ad
1664 3832 2057 3903 perfectionem

489 3916 790 3986 perducere
832 3920 1133 3976 consuevit.
1167 3919 1532 3986 Quamobrem
1582 3932 1636 3981 et
1672 3940 1774 3982 nos
1817 3927 2058 3982 studium

490 4016 736 4059 vestrum
795 4014 1054 4078 tanquam
1104 4023 1270 4079 scopo
1324 4011 1640 4082 attingenda
1684 4016 2057 4071 necessarium

491 4096 955 4165 comprobantes,
1006 4097 1119 4155 Deo
1165 4100 1464 4170 largiente,
1512 4103 1777 4175 vobisque
1809 4121 1907 4177 per
1944 4122 2062 4178 pre-

492 4200 586 4240 ces
645 4194 858 4244 vestras
913 4203 1016 4245 nos
1061 4189 1483 4260 adjuvantibus,
1541 4196 1836 4252 scintillam
1886 4198 2058 4256 divini

482 4276 697 4332 .amoris
723 4276 867 4332 intra
892 4293 991 4336 vos
1018 4281 1350 4337 reconditam
1386 4300 1483 4355 pro
1509 4285 1636 4341 data
1666 4288 1826 4346 nobis
1866 4304 1897 4344 a
1937 4290 2061 4363 Spi-

492 4366 604 4421 ritu
633 4377 824 4426 sancto
854 4370 1146 4441 facultate,
1177 4376 1448 4431 suscitare
1493 4380 1832 4435 conabimur.
1870 4379 2061 4439 Scien-

2156 3190 2433 3262 ψαμένους
2469 3190 2655 3262 ἔτερος
2702 3187 2963 3254 ἐδίδαξεν.
2999 3188 3196 3254 Οὕτως
3225 3185 3338 3253 οὗν,
3372 3189 3406 3260 ἦ
3456 3190 3554 3242 καὶ
3606 3187 3734 3241 πολὺ

2159 3283 2269 3356 (49)
2308 3283 2506 3355 μᾶλλον
2558 3283 2651 3337 τοῦ
2705 3281 2849 3337 θείου
2905 3282 3069 3336 πόθου
3102 3282 3202 3336 οὐκ
3254 3281 3455 3347 ἔξωθέν
3502 3284 3652 3335 ἐστιν
3701 3283 3732 3351 ἡ

2160 3376 2426 3448 μάθησις·
2480 3375 2595 3429 ἀλλ’
2653 3375 2788 3459 ὁμοῦ
2843 3377 2909 3445 τῇ
2967 3375 3225 3428 συστάσει
3273 3374 3369 3428 τοῦ
3418 3372 3564 3440 ζώου
3649 3372 3734 3428 τοῦ

2157 3468 2444 3543 ἀνθρώπου
2501 3467 2645 3541 φημὶ
2700 3466 2836 3539 (50),
2868 3467 3238 3539 σπερματικός
3284 3482 3367 3529 τις
3418 3465 3581 3534 λόγος
3612 3466 3736 3535 ἡμῖν

2156 3559 2649 3630 ἐγκαταὸἐδληται,
2679 3559 2888 3615 οἴκοθεν
2915 3560 3053 3630 ἔχων
3075 3557 3173 3622 τὰς
3198 3556 3461 3630 ἀφορμὰς
3478 3560 3582 3627 τῆς
3606 3553 3737 3625 πρὸς

2156 3649 2217 3703 τὸ
2245 3650 2462 3719 ἀγαπᾷν
2492 3647 2835 3712 οίκειώσεως.
2879 3649 3088 3717 Ὅνπερ
3130 3648 3189 3699 τὸ
3223 3645 3597 3699 διδασκαλεῖον
3632 3640 3736 3695 τῶν

2157 3734 2384 3790 ἐντολῶν
2428 3734 2522 3787 τοῦ
2577 3733 2711 3787 Θεοῦ
2765 3733 3080 3806 παραλαὸὸν
3115 3732 3246 3803 (5!),
3298 3734 3573 3801 γεωργεῖν
3618 3729 3729 3800 μετ’

2157 3823 2493 3893 ἐπιμελείας,
2525 3823 2621 3877 καὶ
2666 3823 2954 3895 ἐκτρέφειν
2987 3824 3105 3893 μετ’
3136 3823 3474 3892 ἐπιστήμης,
3519 3820 3620 3874 καὶ
3660 3819 3738 3883 είς

2156 3917 2435 3972 τελείωσιν
2467 3917 2620 3985 ἄγειν
2639 3914 2773 3969 Θεοῦ
2807 3915 2989 3987 χάριτι
3015 3915 3281 3983 πέφυκεν.
3312 3913 3405 3966 Διὸ
3438 3912 3536 3966 καὶ
3559 3914 3735 3983 ἡμεῖς,

2157 4010 2256 4082 τὴν
2282 4008 2516 4079 σπουδὴν
2542 4009 2571 4060 ὑ
2579 4008 2695 4078 μῶν
2719 4008 2795 4071 ὡς
2821 4006 3124 4076 ἀναγκαίαν
3150 4005 3228 4078 τῷ
3253 4005 3445 4076 σκοπῷ
3478 4004 3739 4070 ἀποδείξαι

2161 4118 2333 4173 μενοι,
2366 4099 2503 4154 Θεοῦ
2534 4100 2786 4166 διδόντος,
2836 4100 2932 4153 καὶ
2961 4098 3113 4172 ὑμῶν
3144 4100 3202 4153 ἐν
3246 4101 3367 4163 ταῖς
3407 4097 3736 4170 προσευχαῖς

2159 4191 2809 4265 συναντιλαμϐανομένων
2828 4194 2981 4263 ἡμῖν,
3013 4192 3103 4245 τὸν
3129 4191 3587 4264 ἐγκεκρυμμένον
3614 4191 3739 4259 ὑμῖν

2160 4285 2432 4358 σπινθῆρα
2455 4285 2548 4339 τοῦ
2577 4285 2724 4340 θείου
2751 4284 2917 4339 πόθου
2944 4284 3085 4338 κατὰ
3114 4283 3213 4356 τὴν
3246 4282 3606 4354 ἐνδεδομένην
3629 4280 3737 4351 (5%)

2159 4381 2292 4451 ἡμῖν
2324 4377 2413 4433 διὰ
2442 4378 2536 4432 τοῦ
2568 4377 2886 4449 Πνεῦματος
2931 4376 3160 4447 δύναμιν
3198 4377 3466 4448 διεγεῖραι
3505 4374 3738 4429 σπουδά-

493 4456 625 4512 dum
650 4465 832 4516 autem
856 4469 942 4518 est
975 4464 1115 4519 hanc
1148 4478 1315 4519 unam
1361 4467 1581 4537 quidem
1606 4471 1864 4527 virtutem
1893 4487 2017 4529 esse
2040 4514 2055 4541 ,

2164 4485 2350 4541 σομεν.
2401 4469 2609 4524 Είδέναι
2641 4469 2824 4541 μέντοι
2854 4469 2982 4541 χρὴ,
3013 4470 3095 4523 ὅτι
3121 4468 3281 4523 τοῦτο
3311 4469 3372 4521 ἐν
3400 4469 3503 4539 μὲν
3535 4468 3653 4521 ἐστι
3681 4464 3739 4516 τὸ

493 4550 591 4606 sed
626 4559 807 4608 tamen
835 4552 953 4624 ejus
982 4555 1034 4610 vi
1072 4564 1129 4612 et
1172 4555 1408 4613 emcacia
1455 4561 1771 4617 mandatum
1826 4564 2057 4636 quodvis

492 4640 681 4714 perﬁci
708 4657 771 4698 ac
802 4645 1207 4717 comprehendi.
1235 4647 1338 4716 Qui
1367 4650 1505 4704 enim
1539 4649 1714 4733 diligit
1749 4670 1850 4723 me,
1881 4655 2060 4728 inquit

494 4736 793 4804 Dominus,
834 4739 1088 4795 mandata
1123 4757 1241 4796 mea
1273 4744 1495 4797 servabit
1521 4742 1587 4799 “.
1614 4743 1681 4798 Et
1705 4762 1896 4804 rursus
1927 4768 1941 4804 :
1991 4747 2060 4803 In

490 4830 575 4884 his
608 4829 812 4884 duobus
839 4831 1106 4887 mandatis
1130 4834 1374 4889 universa
1416 4834 1501 4888 lea:
1529 4844 1579 4889 et
1618 4837 1882 4906 propheta:
1929 4856 2059 4911 pen—-

564 4967 614 5000 “
650 4966 842 5024 Matth.
877 4983 1027 5036 xxn,
1062 4967 1266 5027 36—39.
1392 4969 1438 5005 “
1472 4967 1633 5030 Joan.
1670 4988 1784 5044 xiv,
1819 4973 1911 5032 23.

563 5127 679 5201 (46)
708 5127 892 5185 Codex
914 5127 1080 5188 Voss.
1103 5142 1161 5191 et
1188 5131 1342 5190 Colb.
1358 5140 1428 5190 .et
1452 5132 1587 5206 Reg.
1616 5134 1829 5206 primus
1852 5136 2058 5207 Κύριος

492 5197 864 5253 ἀποκρίνεται.

564 5217 638 5251 ῦοκ
679 5217 843 5253 ινιται
850 5238 864 5253 ρ

564 5217 1691 5394 εῧεὲάιιιξξιηέιξιεξιῖξιξπσοτιι
1713 5271 1905 5394 ἓξὲξ.
1919 5274 2054 5394 ῐξις

492 5344 548 5417 et
571 5341 744 5417 codex
785 5341 1029 5417 Combei.
1071 5341 1195 5417 cun)
1217 5344 1352 5417 aliis
1381 5341 1563 5400 tribus
1593 5346 1691 5417 τῆς
1722 5344 1905 5417 ἰσχύος
1940 5364 2055 5417 σου.

492 5408 605 5486 [fec
624 5408 702 5486 ita
734 5409 907 5486 multo
936 5417 1060 5486 post
1100 5411 1232 5486 editi
1255 5421 1310 5486 et
1357 5423 1475 5486 tres
1497 5408 1658 5470 mss.'
1680 5408 1841 5484 ὁμόία
1865 5408 2055 5486 αὐτῆς.

492 5478 664 5557 celsi.
685 5478 964 5557 secundus
991 5480 1153 5557 ὁμοία
1184 5482 1407 5557 ταύτης.
1439 5484 1611 5557 qusl.
1652 5478 1864 5557 primus
1897 5478 2060 5557 ὁμόία

492 5549 652 5671 ῗύτῖδ.
684 5549 813 5617 Reg.
854 5549 1065 5620 primus
1093 5551 1255 5622 ὁμοία
1284 5549 1445 5627 αὕτη.
1490 5549 1734 5611 Subinde
1762 5549 1944 5611 Colb.‘
1964 5556 2059 5611 καὶ

528 5634 595 5671 tto
619 5634 686 5671 αν
706 5621 941 5671 ἐκείνης.

527 5621 686 5692 μφέἓν
706 5621 941 5692 94M;-

548 5678 677 5763 .(_48_t
708 5686 849 5747 Editi
876 5678 1096 5763 μαθεῖν.
1129 5690 1314 5751 Codex
1348 5688 1511 5750 Voss.
1543 5702 1596 5750 et
1624 5695 1716 5749 alii
1745 5695 1855 5751 duo
1885 5713 2054 5751 κατα-
2080 5709 2086 5715 ·

491 5755 711 5823 μαθεῖν.

2165 4562 2527 4635 κατόρθωμα·
2563 4561 2791 4633 δυνάμει
2824 4562 2881 4617 δὲ
2914 4563 3094 4635 πάσης
3127 4561 3480 4633 ἐνεργητικὸν
3518 4558 3616 4614 καὶ
3647 4573 3741 4610 πε-

2166 4654 2442 4727 ριεκτικόν
2470 4652 2582 4726 (55)
2632 4654 2779 4707 ἐστιν
2818 4652 3056 4724 ἐντολῆς.
3101 4653 3163 4706 '0
3204 4651 3315 4723 τὰρ
3365 4648 3619 4720 ἀγαπῶν
3643 4664 3737 4717 με.

2165 4746 2330 4819 φησὶν
2372 4747 2402 4799 ὁ
2440 4744 2665 4818 Κύριος,
2701 4743 2809 4812 τὰς
2839 4745 3093 4811 ἐντολὰς
3123 4743 3228 4810 τὰς
3263 4741 3414 4813 ἐμὰς
3454 4740 3736 4810 τηρήσει·

2165 4841 2260 4894 καὶ
2308 4838 2489 4907 πάλιν,
2548 4839 2631 4893 ὅτι
2677 4839 2778 4895 Ἐν
2810 4841 3046 4905 ταύταις
3082 4837 3208 4907 ταῖς
3238 4836 3426 4892 δυσίν
3467 4836 3741 4902 ἐντολαῖς

2260 5136 2351 5201 49)
2396 5134 2593 5192 Vocem
2626 5134 2761 5190 πολύ
2784 5149 2849 5190 ex
2874 5149 3010 5190 mss.
3045 5132 3235 5189 multis
3255 5131 3601 5189 addidimus.

2262 5205 2608 5279 50)_Antiqui
2653 5202 2785 5279 dum
2817 5204 3131 5279 librian
3311 5201 3517 5258 Ibidem
3565 5202 3741 5259 codex

2165 5272 2516 5348 νοεείλργος
2532 5272 2647 5337 τις.
2672 5274 2857 5348 codex
2883 5272 3042 5348 Colb_.
3067 5290 3153 5348 τις
3171 5274 3201 5326 ὁ
3219 5272 3402 5348 λόγος.

2238 5346 2350 5417 (5i)
2380 5341 2661 5417 Editjones
2705 5345 2865 5417 Basil.
2905 5352 2960 5399 et
3007 5343 3181 5399 Paris.
3209 5341 3347 5397 Θεοῦ
3378 5341 3738 5417 παραλαᾷζη.

2166 5414 2441 5485 corrupte.
2489 5415 2670 5485 Editio
2718 5414 2860 5485 Ven.
2909 5423 2964 5468 et
3026 5426 3136 5485 tres
3185 5429 3337 5485 mss.
3379 5435 3385 5440 ·

2165 5483 2471 5556 emendate.
2515 5484 2719 5540 Ibidem
2761 5483 2936 5540 codex
2976 5484 3131 5540 Coll).
3172 5483 3540 5556 παραλαϐὼν,

2165 5556 2353 5627 ἕτερον
2380 5555 2414 5625 ἢ
2451 5557 2738 5627 γεωργεῖν.

2239 5623 2352 5693 (Ξὲ)
2380 5623 2579 5696 Codex’
2594 5624 2751 5679 Voss.
2768 5632 2825 5679 et
2849 5623 3005 5681 Colb.
3028 5624 3131 5696 τὴν
3155 5623 3460 5696 διδομένην.
3486 5623 3599 5681 Hoc
3623 5625 3739 5695 ipso

2165 5698 2223 5751 in
2254 5697 2374 5751 loco
2400 5695 2568 5765 iidem
2600 5709 2735 5765 mss.
2768 5697 2923 5765 παρὰ
2960 5694 3055 5747 τοῦ
3087 5694 3421 5765 Πνεύματος.

2238 5767 2350 5828 (55)
2382 5763 2568 5824 Codex
2600 5763 2754 5823 Colb.
2782 5763 3133 5828 ἐνεργητικὸν
3166 5763 3257 5821 καὶ
3288 5767 3593 5826 ποιητικόν,

3679 5433 3706 5466 ν

3589 5454 3739 5538 οὐδὲν
