3962 6238
209 363 311 425 90$

1308 360 1610 416 REGULJE
1664 359 1913 416 FUSIUS
1954 360 2372 419 TRACTATIE.

3373 371 3477 429 9l0

209 477 352 545 ὅλος
392 478 426 532 ὀ
476 478 664 547 νόμος
709 496 810 533 και
854 482 907 532 οι
954 477 1254 547 προφῆται
1287 479 1626 547 κρέμανται.
1679 480 1791 534 Καὶ

1901 482 2014 536 dent
2042 484 2107 535 “.
2142 482 2297 539 Nunc
2320 495 2500 541 autem
2529 498 2848 544 accuratum
2869 507 3175 549 sermonem
3204 496 3479 555 instruere

210 568 331 640 οὐχὶ
361 568 455 623 νῦν
481 569 547 623 δι’
580 570 868 640 ἀκριόείας
897 570 1171 640 ὲφοδεύειν
1196 571 1288 624 τὸν
1315 571 1474 639 λόγον
1506 572 1791 643 ἐπιχειρή-

213 677 377 731 σομεν
404 660 567 731 (οὕτω
585 661 694 732 γὰρ
714 661 780 715 ἂν
805 662 1060 733 λάθοιμεν
1087 662 1265 716 πάντα
1290 665 1381 717 τὸν
1413 664 1541 733 περὶ
1562 663 1793 717 ἐντολῶν

211 749 370 818 λόγον
400 753 826 817 ὲπικυκλοῦντες
872 754 951 825 τῷ
1001 757 1203 827 μέρει),
1257 756 1371 810 ἀλλ’
1411 758 1533 810 ὅσον
1583 757 1795 828 σύμμε-

212 860 338 914 τρον
367 847 499 915 ἡμῖν
531 847 624 899 καὶ¹
648 847 849 901 οἰκεῖον
880 848 958 918 τῷ
988 849 1215 921 παρόντι
1246 849 1454 921 σκοπῷ,
1486 852 1795 921 ὑπομνήσοο

217 950 314 1004 μεν
348 936 495 1005 ὑμᾶς
528 938 658 1007 περὶ
690 939 790 1008 τῆς
817 939 1176 1010 ὀφειλομένης
1215 940 1292 1011 τῷ
1335 941 1454 1012 Θεῴ
1482 942 1612 1012 παρ’
1636 944 1669 1010 ἡ
1680 941 1795 1011 μῶν

213 1027 455 1099 ἀγάπης,
506 1030 682 1081 ἐκεῖνο
728 1032 991 1101 πρότερον
1038 1033 1304 1097 εἰπόντες,
1335 1033 1417 1085 ὃτι
1465 1031 1654 1085 πασῶν
1685 1030 1795 1084 τῶν

210 1118 465 1172 δοθεισῶν
503 1122 632 1191 ἡμῖν
663 1121 892 1174 ἐντολῶν
923 1123 1073 1193 παρά
1114 1124 1272 1188 Θεοῦ,
1295 1123 1520 1177 τούτων
1560 1124 1655 1176 καὶ
1696 1124 1795 1186 τὰς

211 1209 473 1279 δυνάμεις
510 1215 639 1282 παρ’
670 1212 836 1266 αὑτοῦ
867 1215 1297 1285 προειλήφαμεν,
1337 1217 1423 1268 ἵνα
1455 1217 1592 1286 μήτε
1616 1216 1799 1285 δυσχεν

217 1302 512 1373 ραίνωμεν,
565 1304 642 1367 ῶς
695 1323 748 1357 τι
803 1307 1114 1372 καινότερον
1174 1308 1603 1378 ἀπαιτούμενοι,
1658 1310 1797 1379 μήτε

212 1392 595 1465 ἑπαιρώμεθα,
631 1395 707 1459 ὡς
743 1395 902 1450 πλέον
925 1414 978 1449 τι
1003 1398 1097 1451 τοῦ
1130 1398 1413 1469 δεδομένου
1448 1400 1795 1469 συνεισφερό-

215 1502 393 1555 μενοι.
428 1488 541 1539 Καὶ
570 1486 659 1539 διὰ
706 1487 912 1541 τούτων
956 1487 1065 1541 τῶν
1113 1490 1417 1560 δυνάμεων,
1469 1490 1643 1561 ὀρθῶς
1697 1489 1798 1561 μὲν

211 1579 307 1631 καὶ
357 1580 747 1648 προσηκόντως
780 1580 1148 1651 ἐνεργοῦντες,
1199 1583 1288 1635 τὸν
1336 1585 1453 1636 κατ’
1482 1583 1681 1653 ἀρετὴν
1710 1582 1799 1635 εὑ-

214 1670 391 1732 σεὸῶς
415 1671 737 1743 συμπληροῦ
747 1690 844 1742 μεν
876 1673 984 1742 βίον
1006 1693 1019 1706 ·
1045 1676 1509 1746 παραφθείροντες
1533 1676 1587 1729 δὲ
1619 1675 1797 1730 αὐτῶν

212 1760 311 1831 τὴν
334 1762 636 1831 ἐνέργειαν,
681 1764 819 1835 πρὸς
855 1764 951 1835 τὴν
985 1767 1183 1819 κακίαν
1233 1767 1637 1839 ὑποφερόμεθα.
1688 1769 1796 1821 Καὶ

212 1851 361 1906 ἔστιν
387 1847 545 1918 οὗτος
570 1857 768 1920 κακίας
799 1858 943 1929 ὅρος,
976 1862 1008 1930 ἡ
1040 1862 1268 1932 πονηρὰ,
1298 1863 1394 1915 καὶ
1421 1864 1550 1933 παρ’
1582 1862 1798 1933 ἐντολὴν

212 1945 308 1997 τοῦ
357 1947 568 2016 Κυρίου
606 1948 718 2018 (54)
775 1951 971 2021 χρῆσις
1017 1953 1125 2005 τῶν
1168 1954 1255 2005 ἐπ’
1296 1955 1486 2025 ἀγαθῷ
1532 1956 1685 2027 παρὰ
1705 1956 1798 2009 τοῦ

212 2035 346 2089 Θεοῦ
401 2036 701 2107 δεδομένων
730 2043 897 2111 ἡμῖν·
949 2042 1138 2115 ὥσπερ
1181 2041 1294 2112 οὖν,
1338 2048 1435 2117 τῆς
1466 2049 1618 2117 παρὰ
1664 2046 1799 2101 Θεοῦ

211 2128 650 2200 ἐπιζητουμένης
688 2134 909 2203 ἀρετῆς,
945 2136 977 2204 ἡ
1024 2135 1083 2199 ἐξ
1129 2137 1336 2205 ἀγαθοῦ
1372 2138 1464 2191 τοῦ
1502 2140 1801 2207 συνειδότος

210 2221 334 2275 κατ’
368 2222 593 2294 ἐντολὴν
640 2223 734 2277 τοῦ
765 2226 969 2297 Κυρίου
1015 2229 1212 2299 χρῆσις
1254 2231 1454 2286 αὐτῶν.
1506 2234 1709 2287 Τούτου
1743 2236 1800 2288 δὲ

210 2313 384 2377 οὕτως
433 2314 669 2386 ἔχοντος,
704 2318 766 2369 τὸ
798 2319 929 2371 αὐτὸ
972 2322 1064 2372 καὶ
1111 2321 1221 2393 (55)
1258 2325 1385 2395 περὶ
1434 2324 1533 2394 τῆς
1580 2327 1800 2398 ἀγάπης

210 2405 473 2476 ἐροῦμεν.
510 2407 761 2479 Ἐντολὴν
795 2411 974 2464 τοίνυν
1000 2412 1255 2477 λαϐόντες
1281 2416 1500 2487 ἀγαπᾷν
1526 2418 1615 2470 τὸν
1645 2418 1798 2482 Θεὸν,

208 2497 313 2568 τὴν
342 2499 698 2572 ἀγαπητικὴν
728 2500 957 2572 δύναμιν
982 2503 1143 2569 εὐθὺς
1167 2508 1233 2577 τῇ
1265 2506 1457 2581 πρώτῃ
1486 2513 1797 2581 κατασκευῇ

212 2594 762 2665 ωγκαταὸληθεῖσαν
805 2600 1154 2671 κεκτήμεθαο
1188 2603 1284 2655 καὶ
1316 2606 1349 2673 ἡ
1399 2604 1671 2672 ἀπόδειξις
1702 2608 1803 2661 οὐκ

210 2682 438 2747 ἔξωθεν,
474 2686 589 2739 ἀλλ’
621 2688 784 2752 αὐτὸς
816 2689 882 2744 ἀν
910 2709 995 2757 τις
1022 2694 1181 2747 τοῦτο
1223 2674 1352 2767 παρ’
1387 2698 1582 2751 ἑαυτοῦ
1618 2701 1714 2754 καὶ
1744 2702 1801 2754 ἐν

212 2774 395 2845 ἑαυτῷ
441 2778 772 2850 καταμάθοι.
811 2783 931 2836 Τῶν
960 2801 1020 2837 τε
1050 2785 1159 2857 γὰρ
1195 2787 1377 2842 καλῶν
1408 2790 1574 2860 ἐσμεν
1614 2792 1803 2844 ἐπιθυ-

217 2868 446 2937 μητικοὶ
475 2870 721 2937 φυσικῶς
755 2872 889 2943 (56),
919 2877 965 2927 εί
999 2877 1092 2928 καὶ
1121 2878 1200 2930 ὅτι
1231 2879 1466 2947 μάλιστα
1500 2882 1644 2952 ἄλλῳ
1674 2883 1805 2937 ἄλλο

214 2966 468 3027 φαίνεται
519 2963 715 3019 καλόνο
753 2966 856 3030 ,καὶ
903 2970 1136 3040 στοργὴν
1180 2972 1316 3041 πρὸς
1359 2973 1421 3025 τὸ
1471 2978 1668 3029 οἰκεῖον
1711 2978 1805 3031 καὶ

215 3055 484 3121 συγγενὲς
528 3053 725 3126 ἔχομεν
779 3058 1111 3123 ἀδιδάκτως,
1172 3065 1267 3116 καὶ
1325 3068 1435 3128 τοῖς
1485 3067 1803 3137 εὐεργέταις

212 3146 483 3211 ἑκουσίως
529 3152 710 3205 πᾶσαν
757 3151 968 3207 εὔνοιαν
1018 3158 1399 3230 ὲκπληροῦμεν
1435 3161 1568 3230 (57).
1615 3163 1679 3215 Τί
1708 3159 1802 3215 οὖν
1830 3179 1871 3236 C

211 3238 450 3302 κάλλους
492 3241 637 3294 θείου
673 3243 1155 3319 θαυμασιώτερον;
1207 3251 1303 3314 Τίς
1350 3251 1525 3305 ἔννοια
1571 3255 1671 3323 τῆς
1703 3254 1797 3308 τοῦ

208 3331 349 3384 Θεοῦ
400 3334 879 3407 μεγαλοπρεπείας
914 3341 1271 3413 χαριεστέρα;
1304 3344 1461 3407 Ποίος
1492 3345 1654 3409 πόθος
1696 3347 1798 3415 ψυ-

209 3424 315 3493 χῆς
340 3423 488 3478 οὕτω
510 3425 707 3497 δριμὺς
745 3430 838 3481 καὶ
865 3430 1158 3502 ἀφόρητος,
1189 3434 1265 3496 ὡς
1293 3436 1321 3487 ὀ
1348 3437 1456 3488 ἀπὸ
1479 3437 1613 3490 Θεοῦ
1646 3440 1801 3507 ὲγγι-

208 3515 442 3584 νόμενος
464 3520 530 3588 τῇ
554 3519 660 3571 ἀπὸ
681 3520 862 3593 πάσης
884 3524 1080 3588 κακίας
1103 3526 1488 3599 κεκαθαρμένη
1516 3530 1681 3602 ψυχῇ,
1709 3534 1801 3585 καὶ

207 3608 323 3661 ἀπὸ
375 3609 642 3681 ἀληθινῆς
690 3614 985 3680 διαθέσεως
1030 3617 1283 3692 λεγούσῃ,
1334 3622 1413 3673 ὅτι
1469 3625 1798 3693 Τετρωμένη

207 3699 457 3769 ἀγάπης
483 3702 598 3771 ἐγώ
623 3708 773 3775 syra;
810 3710 1074 3781 Ἀρῤητοι
1133 3713 1411 3777 παντελῶς
1456 3716 1549 3767 καὶ
1591 3718 1802 3771 ἀνεκδι-

208 3790 409 3859 ήγητοι
437 3791 534 3845 τοῦ
565 3793 708 3847 θείου
740 3797 968 3862 κάλλους
993 3802 1048 3852 αἱ
1074 3802 1370 3874 ἀστραπαί⁸
1402 3806 1462 3857 οὐ
1504 3808 1799 3879 παρίστησι

210 3882 394 3951 λόγος,
428 3886 491 3938 οὐ
525 3886 738 3957 δέχεται
766 3891 926 3962 ἀκοή.
957 3893 1074 3948 Κᾶν
1098 3896 1378 3966 έωσφόρου
1412 3898 1585 3966 αὐγὰς
1616 3901 1797 3973 εἴπῃς,

212 3975 322 4031 κᾶν
371 3977 607 4049 σελήνης
650 3981 1032 4054 λαμπρότητα,
1084 3986 1187 4040 κᾶν
1229 3989 1381 4059 ἡλίου
1436 3991 1571 4061 φῶς,
1622 3994 1800 4046 πάντα

208 4067 383 4140 ἄτιμα
408 4070 547 4141 πρὸς
584 4074 832 4131 εἰκασίαν
862 4077 962 4146 τῆς
988 4077 1165 4150 δόξης,
1194 4082 1285 4136 καὶ
1316 4082 1474 4135 πλέον
1501 4086 1795 4139 ἀπολειπόο

215 4179 353 4230 μενα
380 4162 496 4233 (58)
528 4166 665 4238 πρὸς
693 4167 791 4237 τὴν
834 4168 929 4221 τοῦ
964 4169 1217 4241 ἀληθινοῦ
1264 4176 1441 4243 φωτὸς
1487 4177 1794 4248 σύγκρισιν,

208 4252 243 4322 ἦ
281 4255 515 4309 καθόσον
548 4256 738 4326 βαθεῖα
772 4260 888 4325 νὺξ,
944 4264 1039 4315 καὶ
1084 4267 1284 4336 στυγνὴ
1322 4271 1631 4339 σκοτομήνη
1669 4289 1799 4342 μεσ-

206 4342 457 4414 ημϐρίας
503 4345 918 4421 καθαρωτάτης.
969 4352 1141 4406 Τοῦτο
1173 4354 1235 4407 τὸ
1273 4356 1468 4421 κάλλος
1517 4361 1795 4430 σαρκίνοις

214 4435 314 4502 μὲν
346 4435 648 4507 ὀφθαλμοῖς
674 4440 1003 4513 ἀθεώρητον,
1033 4445 1178 4517 ψυχῇ
1208 4447 1263 4500 δὲ
1299 4450 1433 4521 μόνῃ
1462 4451 1557 4503 καὶ
1584 4451 1795 4525 διανοίᾳ

1895 590 2005 630 non
2053 578 2466 646 aggrediemur,
2523 596 2648 635 cum
2696 583 2769 637 ita
2828 585 3203 655 imprudentes
3254 605 3474 648 omnem

1896 683 2206 723 sermonem
2238 671 2305 725 ad
2352 673 2611 728 mandata
2657 685 2995 746 spectantem
3040 680 3097 737 in
3147 694 3303 754 parte
3341 701 3477 743 con-

1896 759 2261 826 cluderemus,
2296 764 2390 818 sed
2435 781 2534 834 pro
2564 770 2786 825 modulo
2833 784 3021 830 nostro
3044 816 3059 842 ,
3116 786 3171 833 et.
3204 790 3474 850 quantum

1895 854 2176 921 proposito
2217 859 2473 923 presenti
2504 865 2790 926 convenit,
2834 882 2931 921 vos
2960 868 3026 924 de
3055 884 3119 925 ea
3149 888 3313 942 quam
3363 875 3478 930 Deo

1896 941 2159 999 debemus
2189 946 2458 1002 charitate
2514 956 2982 1013 commonebimus
3014 979 3027 1015 :
3068 964 3115 1017 si
3146 941 3301 1033 prius
3340 969 3476 1025 illud

1897 1032 2198 1092 dixerimus
2226 1078 2239 1101 ,
2290 1055 2393 1093 nos
2445 1044 2689 1098 omnium
2724 1049 3109 1107 mandatorum
3148 1032 3269 1126 quae
3299 1074 3331 1113 a
3365 1060 3480 1119 Deo

1897 1126 2057 1181 nobis
2094 1130 2293 1184 tradita
2330 1142 2489 1198 sunt,
2520 1139 2986 1196 conticiendorum
3021 1146 3127 1200 vim
3158 1157 3212 1203 et
3240 1150 3474 1208 faculta-

1897 1225 2005 1273 tem
2036 1220 2105 1274 ab
2127 1238 2192 1276 eo
2235 1224 2288 1276 in
2319 1234 2664 1283 antecessum
2699 1234 2999 1304 accepisse,
3032 1247 3091 1309 ut
3119 1256 3296 1313 neque
3334 1261 3479 1315 aegre

1897 1308 2157 1379 feramus,
2191 1315 2415 1383 perinde
2461 1320 2619 1387 quasi
2676 1321 2920 1380 insolens
2974 1308 3178 1398 aliquid
3206 1308 3263 1385 -ιι
3317 1308 3479 1393 nobis

1898 1404 2188 1472 exigatur,
2238 1422 2417 1476 neque
2454 1409 2779 1478 efferamur,
2832 1422 3091 1487 tanquam
3126 1421 3221 1491 qui
3268 1424 3479 1496 aliquid

1897 1495 2131 1563 amplius
2153 1512 2313 1566 quam
2336 1502 2480 1568 quod
2511 1501 2695 1557 datum
2735 1513 2817 1559 est
2853 1511 3317 1577 rependamus.Et
3351 1495 3479 1575 cum

1898 1581 1984 1637 his
2002 1583 2211 1641 viribus
2240 1598 2386 1643 recte
2404 1597 2454 1643 et
2474 1601 2597 1661 apte
2626 1596 2853 1661 utimur,
2874 1601 3038 1653 vitam
3064 1603 3358 1662 virtutibus
3386 1624 3481 1664 or-

1898 1685 2079 1729 natam
2104 1679 2189 1747 pie
2210 1679 2549 1739 traducimus
2577 1704 2589 1739 :
2627 1686 2788 1758 337
2817 1704 3074 1763 corrupto
3104 1713 3231 1754 vero
3260 1700 3480 1758 illarum

1899 1782 2035 1829 usu,
2072 1770 2128 1823 in
2163 1772 2355 1826 vitium
2383 1776 2711 1832 delabimur.
2745 1784 2922 1851 Atque
2963 1786 3077 1842 hzec
3116 1801 3201 1844 est
3235 1792 3353 1847 vitii
3384 1795 3481 1849 de-

1831 1831 1873 1886 Β
1900 1857 2097 1924 (initio,
2140 1860 2460 1918 facultatum
2487 1880 2521 1931 ,'
2559 1884 2680 1938 qua:
2720 1873 2789 1926 ad
2831 1874 3035 1931 bonum
3083 1880 3480 1949 perliciendum

1901 1954 2059 2009 nobis
2085 1969 2113 2007 a
2156 1954 2266 2010 Deo
2298 1957 2439 2013 datae
2481 1970 2629 2030 sunt,
2659 1980 2792 2021 usus
2826 1968 3039 2034 malus,
3089 1979 3145 2026 et
3191 1988 3222 2028 a
3260 1974 3481 2034 Domini

1900 2048 2188 2116 praeceptis
2217 2050 2471 2106 alienus:
2507 2055 2963 2122 quemadmodum
2988 2071 3199 2129 contra,
3236 2068 3479 2137 virtutis,

1901 2154 2064 2207 quam
2102 2138 2246 2195 Deus
2294 2144 2538 2212 requirit,
2572 2162 2704 2202 usus
2733 2153 3049 2209 earumdem
3074 2172 3141 2213 ex
3181 2158 3323 2216 bona
3348 2176 3482 2217 con—

1903 2231 2139 2287 scientia
2173 2235 2529 2303 proﬁciscens
2556 2240 2858 2295 secundum
2895 2243 3108 2302 Domini
3134 2253 3478 2311 mandatum.

1903 2310 2059 2387 Quod
2090 2340 2214 2379 cum
2239 2326 2313 2381 ita
2350 2327 2442 2390 sit,
2473 2328 2616 2383 idem
2646 2332 2713 2387 de
2744 2335 3013 2393 charitate
3036 2339 3235 2397 dicturi
3263 2360 3478 2403 sumus.

1903 2410 2039 2466 Cum
2071 2414 2234 2482 igitur
2272 2415 2339 2469 de
2383 2416 2658 2487 diligendo
2687 2420 2797 2476 Dee
2847 2424 3164 2482 mandatum
3199 2434 3481 2503 acceperi-

1904 2520 2048 2567 mus,
2078 2506 2263 2559 statim
2296 2523 2325 2560 a
2354 2509 2529 2576 prima
2575 2522 2762 2566 nostra
2816 2518 3209 2574 constitutione
3258 2522 3482 2579 insitam

1903 2597 2249 2668 possedimus
2294 2601 2553 2670 diligendi
2603 2606 2712 2658 vim
2768 2623 2832 2661 ac
2886 2609 3244 2668 facultatem:
3302 2631 3485 2686 neque

1904 2691 2027 2760 ejus
2060 2693 2137 2746 rei
2169 2693 2567 2749 demonstratio
2599 2696 2668 2751 ab
2695 2702 2938 2756 externis
2969 2707 3309 2773 argumentis
3344 2710 3485 2779 peti-

1906 2790 2029 2848 tur,
2067 2785 2163 2838 sed
2194 2785 2373 2854 quivis
2412 2788 2530 2856 ipse
2585 2803 2614 2841 a
2656 2791 2839 2860 seipse
2892 2801 2946 2847 et
3007 2794 3063 2849 in
3112 2798 3294 2868 seipso
3347 2802 3484 2859 illud

1906 2878 2150 2933 ediscere
2183 2888 2383 2949 potest.
2418 2881 2628 2953 Quippe
2660 2886 2829 2941 bonas
2867 2904 2955 2942 res
2988 2904 3053 2944 ac
3096 2893 3355 2961 pulchras
3384 2912 3486 2951 na-

1906 2970 2157 3024 turaliter
2202 2974 2543 3043 appctimus,
2586 2992 2903 3046 quanquam
2961 2989 3021 3035 ut
3067 2985 3302 3052 primum
3336 2990 3486 3045 aliud

1907 3061 1999 3113 alii
2030 3063 2247 3117 videtur
2274 3066 2564 3134 pulchrum
2599 3077 2653 3123 et
2689 3070 2892 3125 bonum
2921 3092 2935 3140 ;
2973 3075 3212 3148 itemque
3242 3086 3487 3138 necessi-

1907 3154 2095 3209 tudine
2130 3163 2183 3210 et
2222 3159 2630 3227 propinquitate
2682 3164 3039 3233 coniunctum
3072 3183 3318 3227 amamus
3353 3174 3482 3230 licet

1907 3247 2129 3315 indocti,
2153 3257 2207 3304 et
2243 3260 2431 3305 nostra
2486 3264 2679 3323 sponte
2730 3255 3004 3314 beneﬁcos
3036 3264 3188 3317 omni
3246 3265 3485 3323 benevo-

1907 3338 2070 3391 lentia
2116 3343 2551 3410 complectimur.
2605 3344 2835 3415 Ecquid,
2866 3366 3092 3419 quzeso,
3136 3354 3322 3411 divina
3363 3360 3486 3428 pul-

1906 3427 2220 3484 chritudine
2244 3432 2662 3489 admirabilius?
2692 3436 2822 3501 Qua:
2846 3440 3109 3507 cogitatio
3135 3427 3487 3515 magniﬁcen-

1904 3518 1980 3571 tia
2020 3516 2115 3572 Dei
2148 3522 2357 3588 gratior
2407 3531 2491 3576 est
2525 3531 2579 3578 et
2618 3528 2883 3585 suavior?
2922 3530 3093 3596 Quale
3137 3535 3306 3590 animi
3339 3537 3487 3594 desi-

1905 3611 2117 3666 derium
2145 3620 2255 3665 tam
2285 3614 2580 3671 vehemens
2610 3627 2694 3672 est
2716 3626 2768 3672 et
2797 3622 3122 3691 violentum,
3148 3642 3312 3696 quam
3348 3630 3486 3687 illud

1903 3703 2048 3773 quod
2078 3719 2108 3757 a
2140 3703 2251 3759 Deo
2274 3706 2625 3777 ingeneratur
2652 3712 2850 3767 anima:
2882 3715 3016 3771 vitio
3038 3719 3188 3773 omni
3214 3732 3482 3793 purgatae,

1901 3804 1956 3852 et
1979 3798 2183 3852 dicenti
2222 3814 2288 3853 ex
2322 3816 2451 3855 vero
2480 3802 2678 3859 all'ectu
2704 3825 2716 3859 :
2768 3804 3057 3864 Vulnerata
3081 3812 3361 3870 charitatis
3389 3834 3485 3888 ego

1905 3907 2022 3944 sum
2061 3890 2151 3943 M?
2185 3889 2484 3949 lnelIabiles
2532 3898 2759 3953 omnino
2801 3910 2931 3954 sunt
2976 3910 3031 3958 et
3084 3904 3485 3967 inenarrabiles

1905 3982 2103 4037 divinae
2160 3986 2589 4054 pulchritudinis
2638 3989 2919 4061 fulgores:
2968 4011 3079 4053 non
3130 4013 3225 4054 eas
3282 4000 3488 4074 detegit

1903 4077 2101 4140 oratio,
2135 4094 2245 4132 non
2273 4080 2474 4149 exeipit
2508 4082 2679 4138 auris.
2727 4082 2839 4139 Etsi
2895 4086 3111 4143 luciferi
3160 4092 3485 4161 splendores

1902 4169 2128 4231 dixeris,
2160 4178 2213 4225 et
2240 4172 2382 4227 lunae
2408 4173 2731 4239 claritatem,
2758 4185 2813 4231 et
2847 4180 2981 4235 solis
3033 4180 3251 4249 lumen,
3301 4188 3487 4243 omnia

1904 4277 2014 4331 prae
2049 4264 2196 4317 illius
2241 4266 2415 4333 gloria
2456 4267 2583 4321 vilia
2619 4278 2748 4323 sunt
2789 4278 2843 4326 et
2871 4273 3127 4340 obscura,
3163 4285 3487 4348 atqueacum

1903 4371 2029 4410 vera
2078 4356 2199 4412 luce
2234 4367 2571 4427 comparata,
2608 4363 2782 4433 magis
2815 4363 3023 4421 distant
3052 4368 3121 4422 ab
3150 4369 3275 4436 illa,
3317 4387 3486 4443 quam

1901 4450 2172 4519 profunda
2206 4452 2491 4522 tristisque
2514 4468 2579 4508 ac
2616 4456 2801 4512 illunis
2823 4473 2934 4513 nox
2971 4474 3001 4513 a
3035 4462 3345 4521 clarissima
3369 4481 3485 4521 me-

210 4528 563 4601 καταληπτὸν
581 4531 713 4603 (59),
754 4532 907 4588 εἵπου
940 4553 1064 4590 τινα
1091 4538 1435 4611 περιέλαμψε
1464 4542 1572 4596 τῶν
1601 4544 1792 4612 ἁγίων,

1904 4541 2044 4596 ridie
2098 4542 2340 4598 dissidet.
2406 4544 2765 4604 Pulchritudo
2816 4551 2930 4606 btec
2986 4555 3204 4610 carneis
3261 4556 3484 4626 quidem

210 4621 305 4672 καὶ
345 4622 621 4695 ἀφόρητον
665 4625 760 4679 τοῦ
792 4627 956 4681 πόθου
986 4630 1048 4683 τὸ
1098 4630 1322 4703 κέντρον
1364 4634 1546 4697 αὐτοῖς
1594 4636 1796 4703 ἐγκατ-

208 4712 415 4779 έλιπεν,
452 4714 502 4768 οἶ
544 4715 795 4782 ἀλύοντες
820 4720 959 4790 πρὸς
1005 4720 1100 4792 τὴν
1138 4723 1370 4777 ἐνταῦθα
1399 4724 1542 4797 ζωὴν
1576 4727 1758 4797 ελεγον
1779 4748 1792 4759 ·

213 4806 283 4857 Ol
306 4824 433 4874 μοι,
472 4807 559 4861 ὅτι
586 4811 623 4877 ἠ
659 4813 937 4878 xapomla
957 4831 1075 4883 μου
1107 4816 1466 4886 ἐωκρύνθη.
1493 4822 1643 4874 Πότε
1670 4821 1795 4889 ἥξω

206 4901 307 4953 καί
339 4901 681 4972 ὀφθήσομαι
718 4905 801 4971 τῷ
835 4907 1133 4973 προσώπῳ
1183 4911 1289 4965 τοῦ
1337 4912 1525 4976 Θεοῦ;
1572 4916 1665 4967 καὶ
1708 4916 1790 4978 τὸ,

222 4993 543 5050 Ἄναυιῦσαι
577 4996 675 5049 καὶ
703 4996 825 5054 σὺν
849 5000 1079 5067 Χριστῷ
1119 4997 1273 5057 εἶναι
1313 5004 1521 5070 πολλῴ
1548 5004 1791 5075 μᾶλλον·

204 5083 531 5151 κρεῖσσον·
565 5087 659 5139 καὶ
706 5089 787 5155 τὸ,
830 5090 1153 5159 Ἑδίψιησεν
1194 5095 1234 5161 ἢ
1264 5093 1434 5163 ψυχή
1470 5112 1590 5165 μου
1638 5097 1789 5165 πρὸς

202 5176 315 5230 τὸν
339 5177 487 5232 Θεὸν
508 5177 616 5233 τὸν
651 5182 910 5251 ἰσχυρὸν
943 5185 1048 5238 τὸν
1080 5182 1264 5246 ζῶντα
1287 5203 1298 5214 ·
1342 5187 1455 5251 καὶ,
1481 5188 1613 5243 Νῦν
1638 5189 1785 5244 ἁπο-

277 5319 327 5351 δδ
362 5319 558 5377 Iattb.
593 5340 740 5394 nit,
775 5325 865 5383 40.
946 5328 993 5360 ⁸⁸
1027 5326 1187 5384 Cant.
1228 5347 1303 5397 ιι,
1339 5330 1392 5387 5.
1472 5331 1519 5363 “
1556 5331 1705 5388 Psal.
1739 5348 1903 5399 cxxx,
1939 5334 1992 5389 5.

280 5473 391 5559 (ὃς)
420 5475 570 5559 Editi
602 5478 799 5559 tet-diro
836 5496 970 5559 mss.
1000 5481 1224 5555 ἐντολὴν
1252 5483 1348 5537 τοῦ
1377 5483 1641 5559 Χριστοῦ.
1671 5485 1784 5541 Alii

192 5545 563 5621 όυρξντολὴν
587 5549 682 5603 τοῦ
712 5551 939 5621 Κυρίου.

197 5614 392 5740 rb(5.5)
428 5614 637 5674 Vocula
675 5621 769 5675 καί
803 5614 992 5677 'ad'dit-a
1018 5630 1196 5679 estex
1236 5626 1518 5683 veteribus
1550 5635 1785 5703 quatuor

222 5701 243 5739 ι
291 5702 385 5740 ris.

222 5701 385 5740 IDHS.

300 5756 387 5837 ξιξ)
422 5757 555 5837 ﬂag.
589 5762 801 5837 primus
835 5763 1002 5837 ἐςμὲνν
1029 5764 1370 5836 ἐπιθυμηταὶ
1404 5767 1672 5835 φυσικῶς.

337 5827 389 5897 ’1)
432 5827 617 5889 (Σοῖιεὶ
662 5832 818 5891 Coll).
858 5827 1065 5893 ἔννοιαν
1127 5827 1575 5913 ἀποπληροῧμεν.
1627 5827 1873 5941 βωλακ-

1905 4635 2082 4690 oculis
2114 4638 2361 4707 conspici
2395 4654 2503 4694 non
2535 4651 2713 4710 potest
2732 4656 2757 4708 ί,
2813 4644 2910 4699 sed
2968 4661 2997 4699 a
3046 4648 3161 4703 sola
3196 4649 3380 4703 anima
3418 4664 3485 4703 ac

1900 4736 2082 4779 mente
2113 4728 2557 4796 apprehenditur.
2587 4729 2662 4786 Ea
2687 4731 2731 4786 si
2765 4733 2987 4802 quando
3010 4737 3319 4807 quempiam
3350 4752 3481 4793 san—

1899 4824 2114 4873 ctorum
2148 4818 2463 4886 illustravit,
2499 4822 2684 4877 statim
2718 4822 3123 4883 intolerandum
3151 4828 3205 4880 in
3229 4827 3365 4898 ipsis
3396 4844 3484 4883 re-

1897 4906 2060 4977 liquit
2106 4907 2362 4964 desiderii
2427 4913 2755 4967 stimulum:
2792 4916 2995 4986 quippe
3050 4918 3142 4988 qui
3191 4920 3485 4988 praesentis,

1893 5001 2019 5055 vita)
2054 5002 2269 5071 ρετιωεί
2305 5002 2563 5057 dicebant
2595 5023 2607 5057 :
2671 5004 2788 5059 Heu
2827 5007 2987 5074 mihi,
3042 5010 3168 5079 quia
3217 5011 3487 5065 incolatu:

1896 5110 2040 5148 meus
2069 5095 2412 5166 prolongata:
2444 5106 2520 5150 est
2554 5097 2621 5150 “.
2652 5097 2877 5164 Quando
2910 5102 3113 5154 veniam
3144 5114 3193 5156 et
3219 5104 3479 5173 apparebo

1898 5198 2018 5244 ante
2046 5189 2237 5257 [aciem
2261 5189 2355 5243 Dei
2386 5190 2466 5244 ‘7?
2495 5189 2627 5245 ltem
2668 5192 2800 5248 illud
2834 5212 2847 5249 ι
2882 5193 3116 5251 Dissolvi
3145 5206 3196 5251 et
3221 5214 3333 5255 esse
3360 5216 3479 5257 cum

2107 5335 2152 5366 "
2192 5332 2341 5391 Psal.
2378 5348 2504 5400 xu,
2542 5334 2596 5390 5.

1891 5488 1980 5543 lon
2020 5503 2051 5543 e
2084 5488 2227 5542 idem
2257 5487 2396 5541 liber
2415 5487 2614 5558 δριμὺς
2645 5489 2737 5543 καὶ
2764 5491 3015 5562 φορητός.

1964 5504 2077 5614 (g8)
2108 5558 2293 5613 Codex
2321 5558 2478 5612 Colh.
2505 5560 2789 5614 καὶπλέον
2811 5561 3015 5614 ἁπολιιι

1964 5558 2077 5639 (58)
2108 5558 2478 5639 (Σοόεχ-(ξοίιι.
2505 5558 2789 5624 καὶπλέοε)
2811 5558 3323 5636 ἀπολιμπανόμενα.
3353 5568 3483 5629 Mox

1890 5627 2030 5697 Reg.
2060 5627 2256 5683 tertius
2282 5627 2315 5697 ἢ
2344 5629 2489 5681 ὅσον.
2681 5687 2709 5697 __
2981 5627 2991 5633 ’
3166 5627 3180 5636 “
3466 5627 3477 5629 ἡ

1896 5770 1921 5785 Δ
1966 5699 2078 5769 (59)
2107 5699 2295 5785 (’jodes
2323 5697 2484 5785 γοδς.
2516 5709 2574 5785 et
2600 5699 2756 5757 Colb.
2788 5710 2843 5785 et
2864 5702 3001 5785 Reg.
3028 5703 3241 5785 primus
3269 5707 3487 5785 διανοίᾳ

1894 5768 2214 5861 θεωρητόν,
2243 5768 2435 5861 eadem
2479 5771 2643 5844 plane
2688 5768 2983 5840 sententia.
3021 5768 3155 5837 Mox
3186 5779 3297 5861 duo
3338 5768 3482 5845 ιιιεά

1895 5838 2135 5919 κέντρον¹
2154 5838 2325 5922 αὐτῷ.
2338 5850 2349 5863 ⁸
