3962 6238
256 345 364 399 915

1358 344 1491 396 HEC
1504 346 1675 427 ωλιιΕΔ
1700 344 1902 399 ιηύδιυ
1915 346 1952 397 S
1981 345 2400 401 TBACTATE.

3419 349 3534 404 SHE

259 465 385 517 σθαι
421 462 529 515 τῶν
563 462 787 533 δωρεῶν
834 462 927 515 τοῦ
974 460 1107 515 Θεοῦ
1161 462 1422 521 δυναταιξ
1482 464 1537 517 αἶ
1592 464 1842 517 τοσαῦται

1957 466 2047 534 qui
2072 465 2138 520 de
2165 465 2331 519 nobis
2355 465 2491 519 bene
2519 464 2698 519 meriti
2732 476 2877 528 sunt,
2908 464 3337 520 benevolentiam
3374 483 3526 519 amo-

262 558 364 627 μέν
400 560 504 610 εἰσι
554 556 616 621 τὸ
664 556 890 625 πλῆθος,
946 555 1021 617 ὡς
1071 558 1164 609 καὶ
1214 558 1447 627 ἀριθμὸν
1498 558 1843 627 διαφεύγειν·

256 648 577 717 τηλικαῦται
609 646 667 699 δὲ
706 647 768 698 τὸ
803 646 1028 714 μέγεθος
1067 646 1159 698 καὶ
1200 646 1466 711 τοιαῦται,
1505 646 1645 700 ὥστε
1682 647 1844 717 ἐξαρ-

256 745 379 793 κεῖν
412 741 507 792 καὶ
562 739 688 808 μίαν
737 742 817 802 είς
866 741 927 792 τὸ
968 740 1297 804 ὑπευθύνους
1337 743 1485 809 ἡμᾶς
1535 743 1615 803 είς
1663 742 1845 795 πᾶσαν

256 835 418 904 χάριν
442 832 521 903 τῷ
549 833 803 885 δεδωκότι
836 834 1076 901 ποιῆσαι.
1107 834 1217 896 Τὰς
1249 834 1343 903 μὲν
1381 831 1474 887 οὖν
1506 835 1669 898 ἄλλας
1705 852 1844 905 παρ-

256 928 395 995 ήσω,
427 926 505 988 αἳ,
535 926 584 977 εί
623 926 720 977 καὶ
769 924 889 978 καθ’
943 926 1141 989 ἑαυτὰς
1170 926 1565 996 ὑπερϐάλλουσι
1622 928 1842 997 μεγέθει

258 1019 354 1069 καὶ
397 1017 601 1087 χάριτι,
636 1016 751 1085 ἀλλ’
792 1018 897 1069 ὑπὸ
934 1018 1042 1069 τῶν
1084 1018 1365 1087 μειζόνων,
1399 1019 1586 1089 ῶσπερ
1617 1020 1842 1090 ἀστέρες

255 1108 509 1179 ἡλιακαῖς
541 1110 776 1175 ἀκτῖσιν,
813 1110 1322 1180 ὑπερλαμπόμεναι,
1366 1111 1464 1180 τὴν
1498 1112 1618 1163 καθ’
1644 1112 1842 1175 έαυτάς

255 1201 419 1271 χάριν
458 1200 831 1271 ἀμυδροτέραν
870 1202 1219 1272 παρέχονται.
1260 1204 1335 1255 Οὑ
1386 1204 1495 1273 γὰρ
1527 1204 1691 1274 σχολὴ
1747 1220 1845 1257 κα-

252 1292 537 1345 ταλιπόντι
566 1292 636 1344 τὰ
680 1292 1105 1363 ὑπερϐάλλοντα,
1150 1295 1216 1347 ὲκ
1259 1295 1368 1347 τῶν
1411 1296 1709 1348 ἐλαττόνων
1746 1312 1842 1365 με-

252 1388 406 1454 τρεῖν
433 1384 529 1437 τοὺ
568 1385 861 1455 εὐεργέτου
893 1386 991 1456 τὴν
1016 1385 1347 1458 ἀγαθότητα.

1953 550 2179 629 remque
2207 559 2511 611 naturalem
2539 558 2825 622 habemus,
2871 560 3186 627 nullumque
3223 575 3328 612 non
3370 560 3522 613 subi-

1953 668 2074 705 mus
2116 652 2383 715 laborem,
2412 659 2469 703 ut
2502 650 2766 703 beneﬁcia
2798 650 2953 719 prius
2988 651 3042 703 in
3079 666 3178 704 nos
3204 651 3398 704 collata
3439 667 3527 704 rc-

1952 757 2325 800 muneremur.
2359 742 2612 810 quisnam
2664 757 2844 795 sermo
2877 741 2970 795 Dei
3008 742 3147 794 dona
3180 756 3279 811 pro
3329 743 3525 795 merito

1951 837 2230 907 explicare
2272 834 2481 904 possit?
2513 831 2688 885 Tanta
2740 830 2957 901 quidem
2999 841 3082 885 est
3122 831 3314 885 horum
3352 831 3526 885 multi-

1950 927 2107 989 tudo,
2153 934 2214 979 ut
2254 925 2418 978 etiam
2472 936 2760 975 numerum
2811 919 3111 988 effugiant:
3146 919 3270 973 item
3318 918 3528 989 magni-

1949 1020 2140 1074 tudine
2162 1025 2313 1071 tanta
2340 1024 2470 1071 sunt
2502 1022 2556 1070 et
2585 1015 2736 1077 talia,
2768 1023 2827 1068 ut
2853 1014 2934 1067 vel
2968 1015 3190 1066 unicum
3221 1012 3357 1067 satis
3383 1013 3446 1065 ad
3471 1012 3524 1065 id

1950 1111 2043 1175 sit,
2080 1117 2139 1162 ut
2166 1105 2535 1162 omnimodam
2567 1103 2813 1172 largitori
2844 1102 3075 1173 gratiam
3102 1100 3399 1171 rependere
3432 1101 3527 1153 de-

1952 1204 2201 1257 beamus.
2234 1200 2358 1252 Alia
2396 1197 2563 1268 igitur
2608 1195 2881 1260 omittam,
2920 1210 3039 1263 quae
3076 1193 3296 1247 tametsi
3336 1208 3429 1261 per
3469 1208 3529 1246 se

1952 1293 2073 1362 ipsa
2120 1290 2402 1347 excellunt
2444 1286 2823 1357 magnitudine
2858 1294 2911 1339 et
2944 1286 3229 1355 dignit;;te,
3273 1294 3450 1337 tamen
3497 1300 3527 1337 a

1952 1384 2256 1453 majoribus
2288 1398 2397 1435 non
2429 1397 2592 1435 secus
2622 1379 2915 1434 obscurata
2950 1395 3113 1447 quant
3142 1378 3311 1431 stella:
3335 1393 3362 1429 a
3398 1378 3529 1431 solis

252 1477 450 1541 radiis,
488 1492 585 1547 per
626 1493 685 1531 se
730 1477 787 1531 in
816 1478 1079 1548 dignitate
1118 1479 1445 1534 obscuriora
1495 1488 1550 1534 et
1600 1481 1853 1535 tenuiora
1904 1485 2194 1547 apparent.
2234 1474 2344 1528 Nec
2388 1476 2533 1528 enim
2567 1480 2745 1536 vacat,
2782 1472 3061 1526 beneﬁciis
3126 1470 3526 1539 prmstautiori-

254 1570 360 1626 bus
396 1571 810 1641 praetermissis,
839 1588 907 1627 ex
940 1573 1245 1629 minoribus
1280 1574 1508 1630 beneﬁci
1542 1574 1635 1631 Dei
1672 1576 1971 1630 bonitatem
2006 1570 2281 1625 admetiri.

324 1730 382 1782 3.
410 1728 816 1783 Σιωπάσθωσαν
848 1730 1025 1782 τοίνυν
1062 1731 1211 1801 ἡλίου
1244 1732 1518 1795 ἀνατολαὶ,
1556 1735 1650 1785 καὶ
1683 1734 1841 1803 σελή-

252 1837 353 1887 νης
388 1821 647 1890 περίοδοι,
679 1821 905 1891 κράσεις
929 1822 1127 1893 ἀέρων,
1168 1825 1325 1895 ὡρῶν
1356 1826 1668 1895 ὲναλλαγαὶ,
1701 1826 1843 1896 ὕδωρ

250 1911 362 1964 ἀπὸ
403 1912 601 1980 νεφῶν,
642 1914 735 1966 καὶ
781 1914 888 1967 ἀπὸ
926 1915 1029 1985 γῆς
1068 1915 1273 1985 ἓτερον,
1324 1916 1461 1987 αὑτὴ
1511 1919 1544 1987 ἡ
1580 1918 1841 1981 θάλασσα,

249 2004 283 2071 ἡ
320 2003 393 2073 γῆ
421 2002 702 2073 σύμπασα,
732 2005 799 2058 τὰ
824 2005 934 2076 (68)
978 2006 1043 2060 ὲκ
1069 2007 1174 2076 γῆς
1219 2006 1464 2077 φυόμενα
1484 2048 1497 2070 ,
1544 2007 1612 2060 τὰ
1647 2008 1704 2060 ὲν
1735 2010 1845 2071 τοῖς

251 2093 415 2146 ὕδασι
448 2094 799 2166 διαιτώμενα,
830 2097 899 2150 τὰ
941 2100 997 2150 ἐν
1047 2099 1167 2169 ἀέρι
1210 2098 1363 2169 γένη,
1413 2100 1468 2151 αἱ
1517 2100 1706 2170 μυρίαι
1738 2099 1845 2151 τῶν

249 2184 411 2248 ζώων
442 2186 718 2258 διαφοραὶ,
751 2189 928 2242 πάντα
966 2189 1035 2243 τά
1078 2191 1216 2261 πρὸς
1248 2191 1551 2261 ὑπηρεσίαν
1582 2191 1679 2259 τῆς
1702 2191 1847 2261 ζωῆς

248 2275 414 2343 ἡμῶν
452 2277 777 2347 τεταγμένα.
827 2280 963 2332 Ἀλλ’
997 2282 1171 2334 ἐκεῖνο
1211 2281 1331 2334 οὑδὲ
1367 2281 1475 2352 (69)
1507 2281 1845 2352 βουλομένοις

250 2366 551 2437 παρελθεῖν
591 2368 814 2423 δυνατὸν
841 2413 856 2437 ,
904 2373 1002 2425 καὶ
1048 2376 1321 2445 σιωπῆσαι
1374 2375 1475 2444 μὲν
1528 2375 1628 2444 τὴν
1685 2374 1845 2444 χάριν

250 2458 331 2527 τῷ
364 2474 430 2527 γε
464 2458 586 2511 νοῦν
616 2461 744 2529 ὑγιᾶ
792 2463 886 2515 καὶ
924 2463 1080 2533 λόγον
1116 2464 1293 2535 ἔχοντι
1322 2465 1597 2529 παντελῶς
1631 2467 1846 2536 ἀμήχα-

250 2567 379 2601 νον·
431 2553 606 2604 εἰπεῖν
648 2552 704 2605 δέ
751 2572 802 2607 τι
844 2556 980 2627 πρὸς
1022 2556 1179 2623 ἀξίαν
1217 2556 1378 2611 πλέον
1422 2557 1843 2627 ἀδυνατώτερον,

251 2642 339 2693 ὅτι
390 2644 513 2696 κατ’
557 2646 739 2699 εἰκόνα
784 2648 918 2701 Θεοὺ
961 2650 1056 2703 καὶ
1096 2651 1357 2721 ὁμοίωσιν
1378 2652 1610 2721 ποιήσας
1643 2652 1733 2705 τὸν
1755 2653 1847 2706 ἄν·

254 2733 480 2803 θρωπον
513 2736 542 2788 ό
585 2735 736 2800 Θεὸς,
780 2738 875 2791 καὶ
906 2740 1006 2810 τῆς
1056 2740 1249 2793 ἑαυτοῦ
1292 2740 1544 2809 γνώσεως
1584 2741 1844 2807 ἀξιώσας,

253 2828 351 2878 καὶ
393 2825 540 2898 λόγῳ
578 2830 727 2901 παρά
770 2832 946 2884 πάντα
988 2832 1057 2885 τά
1102 2832 1217 2897 ζῶα
1257 2836 1707 2905 κατακοσμήσας,
1752 2837 1845 2888 καὶ

252 2920 371 2981 τοῖς
410 2919 713 2989 ἀμηχάνοις
756 2922 850 2975 τοῦ
907 2926 1233 2995 παραδείσου
1285 2927 1537 2981 κάλλεσιν
1577 2928 1846 2999 ὲντρυφᾷν

253 3012 678 3081 παρασχόμενος
701 3054 716 3076 ,
764 3017 859 3069 καὶ
900 3017 1009 3069 τῶν
1046 3018 1139 3071 ἐπὶ
1174 3018 1280 3088 γῆς
1320 3019 1573 3073 ἁπάντων
1611 3019 1847 3090 ἄρχοντα

254 3105 629 3175 καταστήσας,
645 3101 762 3159 εἶτα
779 3109 1243 3177 κατασοφισθέντα
1266 3111 1369 3164 ὑπὸ
1389 3110 1481 3164 τοῦ
1512 3110 1686 3179 ὄφεως
1708 3112 1844 3183 (70),

252 3197 351 3247 καὶ
374 3198 750 3251 καταπεσόντα
774 3202 854 3263 εἰς
877 3200 975 3272 τὴν
994 3201 1287 3275 ἁμαρτίαν,
1315 3206 1407 3257 xui.
1430 3204 1518 3257 διὰ
1548 3204 1646 3274 τῆς
1673 3206 1848 3276 ἀμαρ-

253 3287 378 3351 τίας
410 3290 491 3350 είς
510 3289 600 3342 τὸν
625 3290 874 3355 θάνατον,
913 3294 1007 3347 καὶ
1047 3292 1118 3347 τά
1153 3294 1343 3348 τούτου
1372 3293 1517 3361 ἀξια,
1549 3296 1608 3348 οὑ
1641 3300 1844 3368 περιεῖ-
1871 3320 1911 3376 C

251 3379 345 3432 δεν
367 3396 380 3407 ·
413 3380 553 3435 ἀλλά
586 3382 655 3437 τά
687 3385 783 3454 μὲν
814 3385 1004 3455 πρῶτα
1034 3387 1196 3457 νόμον
1226 3386 1424 3442 ἔδωκεν
1460 3390 1540 3451 είς
1567 3388 1838 3459 βοήθειαν.

252 3473 528 3540 ἀγγέλους
572 3476 871 3546 ἐπέστησεν
922 3481 1002 3543 είς
1057 3480 1300 3552 φυλακὴν
1352 3482 1445 3535 καὶ
1495 3482 1840 3553 ἐπιμέλειαν,

254 3564 550 3634 προφήτας
585 3566 903 3620 ἀπέστειλεν
949 3572 1031 3632 είς
1069 3569 1287 3641 ἔλεγχον
1338 3572 1537 3635 κακίας
1570 3573 1666 3625 καὶ
1701 3572 1841 3626 διδα-

256 3655 490 3709 σκαλίαν
517 3657 738 3729 ἀρετῆς,
773 3660 870 3723 τάς
891 3660 1066 3732 όρμάς
1093 3663 1192 3733 τῆς
1226 3662 1423 3727 κακίας
1444 3667 1565 3727 ταῖς
1592 3663 1843 3728 ἀπειλαῖς

252 3748 524 3817 ἐνέκαψε,
570 3749 678 3802 τῶν
726 3751 946 3820 ἀγαθῶν
999 3751 1097 3824 τὴν
1142 3754 1450 3823 προθυμίαν
1492 3754 1844 3823 ἐπαγγελίαις

252 3840 524 3912 διήγειρε,
542 3842 602 3894 τὸ
618 3843 791 3914 πέρας
813 3845 1195 3917 (71)έκατέρου
1214 3847 1472 3910 πολλάκις
1495 3849 1550 3900 ἐν
1567 3848 1845 3920 διαφόροις

254 3933 575 4003 προσώποις
597 3937 676 3999 εἰς
704 3936 981 3991 νουθεσίαν
1010 3938 1117 3991 τῶν
1146 3939 1319 3994 ἄλλων
1350 3940 1633 4010 προλαϐὼν
1655 3942 1844 4009 ἐφανέ-

254 4040 425 4093 ρωσε,
451 4026 546 4078 καὶ
570 4026 662 4077 ἐπὶ
680 4025 887 4091 τούτοις
914 4031 1008 4082 καὶ
1030 4032 1138 4093 τοῖς
1155 4030 1414 4093 τοιούτοις
1432 4031 1633 4085 ἅπασιν
1658 4033 1845 4102 ἐπιμέ-

254 4132 450 4177 νοντας
476 4118 543 4185 τῇ
577 4116 827 4189 ἀπειθείᾳ
852 4122 950 4173 οὑκ
995 4123 1338 4193 ἀπεστράφη.
1375 4123 1447 4176 Οὑ
1472 4123 1579 4195 γὰρ
1620 4124 1844 4195 ἀφείθη-

258 4223 358 4275 μεν
376 4206 483 4259 ὑπὸ
495 4206 595 4276 τῆς
612 4208 943 4280 ἀγαθότητος
958 4212 1049 4264 τοὺ
1067 4213 1355 4275 Δεσπότου,
1373 4213 1492 4265 οὐδὲ
1510 4214 1842 4284 ὲνεκόψαμεν

256 4296 426 4350 αὑτοῦ
465 4299 566 4369 τὴν
600 4302 679 4363 είς
716 4301 861 4371 ἡμᾶς
881 4302 1122 4374 ἀγάπην,
1166 4305 1492 4377 ἀναισθησία
1528 4305 1635 4359 τῶν
1668 4306 1842 4376 τιμῶν

255 4390 347 4441 τὸν
382 4389 682 4461 εὐεργέτην
708 4395 1143 4466 παρυϐρίσαντες
1193 4396 1333 4464 (72y
1361 4396 1499 4449 ἀλλὰ
1543 4396 1843 4468 ἀνεκλήθη-

258 4500 360 4552 μεν
387 4485 454 4536 ἐκ
488 4482 587 4536 τοῦ
620 4484 873 4551 θανάτου,
916 4488 1009 4540 καὶ
1066 4488 1509 4561 ὲζωοποιήθημεν
1550 4488 1713 4542 πάλιν
1752 4488 1841 4541 ὑπ’

257 4576 424 4629 αὑτοῦ
456 4575 555 4630 τοῦ
604 4577 810 4648 Κυρίου
854 4580 1011 4650 ἡμῶν
1050 4581 1223 4652 Ἰησοῦ
1264 4581 1523 4652 Χριστοῦ.
1560 4583 1647 4635 Ἐν
1679 4575 1724 4650 ᾧ
1750 4584 1843 4636 καὶ

2022 1727 2078 1779 5.
2124 1724 2406 1779 Sileantur
2453 1724 2619 1793 igitur
2652 1723 2784 1778 solis
2813 1730 2989 1785 ortus,
3029 1722 3169 1774 lunae
3214 1719 3527 1774 conversio-

1952 1834 2084 1882 nes,
2138 1815 2429 1885 temperies
2492 1816 2664 1879 aeris,
2714 1814 3126 1867 vicissitudines
3178 1821 3522 1881 temporum,

1951 1928 2107 1983 aqua:
2150 1926 2216 1966 ex
2254 1910 2497 1965 nubibus
2528 1910 2713 1979 lapsae,
2740 1909 2859 1961 alia:
2900 1924 2931 1962 e
2971 1915 3116 1961 terra
3150 1915 3523 1977 erumpentes,

1947 2020 2101 2059 mare
2143 2004 2347 2074 ipsum,
2388 2010 2499 2056 tota
2540 2012 2711 2065 terra,
2748 2015 2869 2069 qua:
2910 2016 2975 2053 ex
3023 2010 3165 2054 terra
3196 2006 3523 2061 nascuntur.

1945 2112 2068 2168 quae
2095 2096 2151 2151 in
2184 2096 2344 2166 aquis
2377 2096 2606 2165 degunt,
2634 2108 2834 2165 genera
2867 2094 2921 2147 in
2954 2107 3079 2147 aere
3106 2093 3408 2152 versantia,
3443 2092 3526 2145 in-

1946 2205 2188 2244 numera:
2253 2189 2579 2243 animalium
2640 2187 2996 2251 diﬁ‘erentiae,
3049 2187 3232 2241 omnia
3293 2186 3526 2255 denique

1946 2296 2068 2351 qua:
2105 2281 2454 2336 destinantur
2496 2279 2563 2333 ad
2593 2280 2718 2333 vita:
2760 2291 2961 2333 nosuae
2987 2278 3373 2333 ministerium.
3415 2277 3524 2331 Sed

1946 2388 2016 2427 ne
2054 2372 2299 2427 volentes
2327 2371 2549 2441 quidem
2584 2371 2715 2424 illud
2754 2372 3036 2440 praeterire
3068 2384 3386 2439 possumus,
3420 2384 3523 2422 nec

1946 2463 2063 2518 ﬁeri
2093 2470 2273 2533 potest
2300 2464 2412 2518 ullo
2456 2464 2640 2525 modo,
2688 2474 2749 2517 ut
2778 2465 2825 2518 is
2871 2472 3019 2517 certe
3045 2462 3136 2536 qui
3182 2476 3315 2517 sana
3342 2470 3525 2516 mente

1946 2554 2211 2625 praeditus
2241 2562 2326 2609 cst
2358 2564 2410 2607 et
2432 2555 2665 2608 rationis
2694 2570 2941 2623 compos,
2970 2554 3025 2609 id
3050 2553 3299 2608 beneﬁcii
3325 2560 3521 2615 taceat,

1945 2662 2261 2718 quanquam
2302 2648 2473 2702 multo
2509 2648 2695 2703 minus
2727 2648 2795 2703 de
2825 2664 2890 2703 eo
2940 2664 3040 2719 pro
3083 2650 3280 2703 merito
3314 2648 3521 2717 aliquid

1946 2739 2056 2793 dici
2114 2739 2311 2809 possit,
2366 2740 2513 2809 quod
2564 2755 2689 2794 cum
2732 2740 3010 2795 hominem
3061 2740 3403 2796 condidisset
3453 2742 3528 2795 ad

1946 2832 2241 2903 imaginem
2278 2840 2332 2887 et
2386 2833 2803 2889 similitudinem
2851 2850 3031 2898 suam,
3072 2849 3309 2905 eumque
3355 2835 3523 2888 coho-

1946 2933 2217 2981 nestasset
2276 2926 2361 2980 sui
2414 2925 2589 2996 ipsius
2630 2927 2963 2998 cognitione,
2994 2933 3049 2981 et
3096 2926 3310 2981 ratione
3360 2940 3524 2980 exor-

1946 3025 2133 3071 nasset
2164 3032 2276 3087 pra:
2319 3018 2532 3075 caeteris
2564 3018 2728 3089 339
2756 3018 3153 3078 animantibus,
3185 3018 3398 3087 ipsique
3426 3016 3522 3070 de-

1946 3106 2116 3163 disset
2146 3106 2463 3163 facultatem
2490 3116 2550 3162 ut
2584 3125 2642 3164 se
2666 3108 2973 3163 incredibili
3003 3107 3245 3179 paradisi
3277 3107 3522 3177 pulchri-

1948 3199 2136 3254 tudine
2179 3201 2503 3262 oblectaret,
2559 3216 2622 3253 ac
2669 3200 2888 3256 tandem
2938 3200 3091 3254 illum
3145 3199 3522 3254 constituisset

1947 3291 2193 3345 omnium
2223 3292 2568 3347 terrestrium
2605 3292 2929 3362 principem,
2964 3291 3160 3346 deinde
3201 3306 3232 3344 a
3264 3298 3521 3361 serpente

1944 3382 2254 3451 deceptum,
2292 3389 2347 3437 et
2398 3382 2702 3451 collapsum
2739 3382 2793 3435 in
2829 3389 3134 3451 peccatum,
3170 3390 3224 3434 et
3265 3396 3360 3450 per
3392 3394 3520 3449 pee-

1944 3482 2124 3526 catum
2161 3473 2215 3527 in
2247 3480 2503 3537 mortem,
2543 3480 2595 3527 et
2637 3472 2694 3526 in
2740 3487 3013 3527 aerumnas
3058 3486 3121 3525 ea
3161 3470 3376 3539 dignas,
3407 3484 3517 3523 non

1943 3573 2235 3636 propterea
2267 3574 2451 3620 tamen
2490 3566 2667 3635 ipsum
2710 3564 2950 3635 neglexit
2983 3580 2996 3617 ;
3027 3563 3121 3619 sed
3162 3564 3279 3634 lege
3309 3578 3431 3631 qua:
3466 3562 3515 3616 ei

1946 3659 2265 3729 adjumento
2301 3666 2469 3723 esset,
2500 3657 2737 3729 primum
2765 3655 2986 3717 tradita,
3020 3652 3281 3708 custodia:
3312 3653 3432 3721 ejus
3464 3660 3520 3706 et

1945 3766 2093 3805 curae
2122 3751 2368 3821 prmiecit
2406 3750 2652 3820 angelos,
2698 3747 2847 3802 misit
2881 3746 3177 3817 prophetas
3214 3744 3281 3799 ad
3333 3745 3518 3799 redar-

1944 3843 2159 3915 guenda
2206 3845 2340 3898 vitia
2398 3851 2451 3899 et
2472 3842 2538 3897 ad
2570 3843 2828 3897 virtutem
2880 3839 3203 3902 docendam,
3255 3839 3518 3907 impetum

1947 3936 2207 4007 nequitiae
2236 3951 2335 4006 per
2373 3936 2554 3991 minas
2584 3935 2788 3990 excidit
2832 3943 2885 3989 et
2925 3930 3209 4003 repressit,
3249 3928 3520 3998 pollicita-

1946 4026 2189 4082 tionibus
2226 4026 2487 4081 excitavit
2524 4026 2793 4080 bonorum
2838 4022 3197 4085 alacritatem,
3231 4018 3520 4086 utriusque

1948 4119 2163 4188 generis
2216 4118 2379 4173 ﬁnem
2426 4132 2536 4172 non
2590 4132 2717 4171 raro
2763 4117 2819 4170 in
2863 4113 3099 4169 diversis
3142 4111 3398 4183 personis
3451 4110 3519 4163 ad

1946 4212 2083 4265 alios
2129 4209 2560 4265 commonendos
2618 4210 2672 4262 in
2709 4217 3055 4262 antecessum
3091 4203 3413 4266 declaravit,
3466 4212 3521 4255 et

1945 4312 2127 4359 tamen
2155 4310 2277 4376 post
2311 4302 2426 4357 haec
2454 4310 2508 4358 et
2529 4303 2681 4364 talia,
2710 4316 2811 4357 nos
2852 4300 2913 4357 in.
2948 4300 3295 4355 contumacia
3329 4312 3517 4368 perse-

1944 4405 2199 4451 verantes
2238 4412 2346 4451 non
2390 4402 2475 4451 est
2517 4401 2821 4450 aversatus.
2870 4392 2991 4449 Non
3036 4394 3183 4448 enim
3232 4407 3334 4446 nos
3362 4391 3520 4445 dese-

1948 4490 2056 4544 ruit
2094 4490 2313 4544 bonitas
2355 4487 2594 4553 Domini,
2640 4503 2818 4559 neque
2857 4503 2952 4557 per
2993 4486 3370 4557 stupiditatem
3407 4500 3531 4552 qua.

1946 4582 2157 4637 delatos
2214 4584 2282 4638 ab
2322 4582 2444 4653 ipso
2492 4582 2732 4638 honores
2786 4580 3127 4635 habebamus
3170 4576 3516 4647 despicatui,

256 4667 285 4717 ό
307 4668 512 4739 τρόπος
537 4668 637 4739 τῆς
665 4670 984 4741 εὐεργεσίας
1012 4672 1194 4743 μεῖζον
1237 4672 1348 4744 ἔχει
1376 4673 1437 4726 τὸ
1472 4673 1659 4744 θαῦμα
1681 4692 1693 4704 ·
1750 4676 1842 4726 Ἐν

1950 4676 2291 4731 abolevimus
2320 4676 2441 4745 ejus
2470 4676 2527 4729 in
2563 4690 2664 4729 nos
2706 4689 2972 4737 amorem,
3007 4672 3222 4727 etiamsi
3268 4671 3321 4723 in
3353 4670 3519 4723 bene-

252 4760 461 4830 μορφῇ
491 4760 606 4830 γὰρ
652 4762 799 4817 Θεοῦ
840 4763 1143 4834 ὑπάρχων,
1197 4768 1309 4835 οὐχ
1350 4766 1661 4836 ἁρπαγμὸν
1691 4765 1842 4835 ἡγή-

258 4870 409 4906 σατο
460 4853 528 4906 τὸ
572 4850 725 4907 εἶναι
772 4856 877 4909 ἴσα
933 4855 1087 4922 Θεῷ,
1130 4858 1267 4911 ἀλλ’
1320 4857 1535 4911 ἑαυτὸν
1564 4856 1841 4919 ἑκένωσε,

257 4943 497 5013 μορφὴν
524 4944 753 4999 δούλου
776 4947 992 5001 λαϐὼν.

331 5144 443 5216 (68)
474 5144 660 5201 Codex
686 5146 843 5220 Colb.
871 5148 966 5202 καὶ
992 5151 1025 5219 ἡ
1070 5152 1155 5220 γῆς
1178 5149 1442 5220 σύμπασα
1471 5150 1563 5203 καὶ
1595 5152 1684 5205 τά.
1716 5150 1839 5207 Mox

260 5214 547 5293 Μωρέ-ηιξ.
580 5217 870 5293 _cum__Reg.
901 5214 1173 5293 primore
1194 5214 1415 5293 ἐναέρια
1444 5222 1595 5293 γένη.

329 5285 445 5354 (69)
481 5286 669 5341 Codex
703 5285 862 5344 Voss.
890 5285 946 5344 et
989 5290 1081 5343 alii
1117 5290 1232 5345 duo
1256 5285 1506 5344 ὲκὲῖνόὸ
1542 5285 1700 5345 όὺδέ⁹
1738 5292 1837 5348 sed

260 5357 455 5409 vocula
482 5357 510 5409 ὃ
546 5358 763 5412 videtur
795 5360 1127 5415 redundare.

335 5427 451 5496 (70)
496 5426 644 5500 Editi
693 5436 747 5500 et
792 5430 902 5483 duo
941 5446 1072 5484 mss.
1122 5430 1211 5484 διά
1247 5429 1344 5484 τοῦ
1395 5430 1592 5500 δφεως.
1647 5430 1833 5488 Codex

262 5492 516 5552 Vosmet
545 5498 637 5551 alii
674 5499 782 5551 duo
816 5500 921 5553 ὑπὸ
946 5501 1060 5554 τοῦ.
1094 5500 1249 5555 llaud
1280 5492 1451 5565 longe
1481 5492 1651 5556 codex
1676 5502 1834 5557 Voss.

262 5570 443 5652 elabi
468 5571 576 5622 duo
612 5568 711 5639 οὑχ
748 5570 1050 5639 ὑπερεῖδεν.
1091 5572 1293 5626 ibidem
1336 5573 1474 5626 liber
1508 5571 1669 5628 Voss.
1702 5574 1840 5627 ἀλλά

262 5653 356 5691 και
387 5655 571 5706 νόμον.

336 5708 447 5775 i7!)
486 5708 599 5761 Hoc
630 5709 764 5762 dicit
799 5709 1029 5766 Basilius
1060 5729 1073 5764 :
1102 5710 1213 5778 jam
1248 5713 1436 5768 multis
1474 5712 1613 5768 locis
1652 5713 1835 5767 decla-

268 5792 439 5829 ratum
480 5778 660 5833 fuisse.
696 5780 901 5832 exitum
931 5783 1219 5834 utriusnue
1254 5785 1470 5834 (Ἰτιςςίς.
1514 5799 1620 5833 nua
1657 5786 1834 5833 (’Onli-

1946 4766 2234 4821 facientem
2283 4764 2671 4821 contumeliosi
2718 4779 2966 4819 essemus
2996 4782 3007 4820 :
3034 4762 3143 4815 imo
3186 4776 3315 4815 vero
3361 4774 3519 4813 revo-

1945 4859 2053 4913 cati
2084 4874 2276 4913 sumus
2302 4873 2331 4911 a
2362 4864 2561 4921 morte,
2586 4867 2640 4912 et
2663 4857 2789 4911 vitae
2822 4869 3016 4910 rursus
3042 4854 3111 4907 ab
3138 4853 3255 4921 ipso
3287 4850 3519 4903 Domino

1947 4959 2139 5007 nostro
2170 4949 2298 5005 Jesu
2336 4950 2559 5005 Christo
2595 4948 2853 5004 restituti.
2890 4946 3005 5011 Qua
3042 4947 3096 4999 in
3140 4960 3200 4999 re
3231 4944 3395 4997 etiam
3434 4942 3519 4995 bc-

1942 5162 2144 5209 nentur
2173 5162 2235 5207 et.
2260 5154 2399 5208 boni
2425 5162 2483 5207 et-
2506 5152 2656 5206 mali.

2013 5225 2126 5295 (τῇ)
2184 5223 2363 5277 Editio
2406 5223 2583 5277 Paris.
2622 5229 2679 5277 ct
2724 5219 2891 5295 Basil.
2954 5216 3364 5295 ιη’-ἀναισθησία
3410 5214 3527 5267 τῶν.

1940 5285 2120 5365 τιμῶν
2140 5295 2229 5347 τὸν
2250 5294 2543 5365 εὐεργέτην
2568 5285 2986 5365 παρυσρίσασα,’
3009 5287 3187 5365 _Editio
3203 5285 3344 5365 _Vcn.
3359 5302 3516 5365 teque

1941 5354 2012 5419 ac
2037 5367 2208 5419 codex
2236 5354 2509 5419 Con'ibei‘.'
2533 5370 2588 5417 et
2619 5354 2711 5416 aiii
2758 5354 2873 5416 'tres
2918 5360 3140 5427 ἀγάπην
3190 5354 3525 5427 ἀναισθησίᾳ

1939 5436 2047 5507 τῶν
2092 5435 2289 5505 τιμῶν,
2329 5434 2421 5507 τὸν
2461 5432 2757 5507 εὑεργέτην
2798 5425 3266 5507 παρυβρίσαντες..
3321 5425 3514 5507 Tantum

1948 5506 2095 5560 hunc
2127 5495 2307 5559 locum
2345 5504 2423 5558 ita
2454 5495 2724 5559 edendum
2768 5495 3106 5560 curavimus,
3141 5499 3217 5552 uti
3252 5498 3307 5551 in
3341 5495 3514 5552 Coisl.

1948 5578 2192 5631 secundo
2225 5585 2280 5630 et
2330 5574 2385 5627 in
2425 5574 2581 5627 Colb.
2628 5573 2859 5637 legitur,
2912 5572 3016 5625 nisi
3052 5570 3196 5638 quod
3244 5568 3298 5621 in
3346 5568 3513 5621 Coisl.

1948 5648 2211 5715 scriptum
2264 5645 2335 5699 sit
2392 5644 2864 5715 περιυϐρίσαντες.
2918 5641 3207 5711 Aliquibus
3265 5640 3319 5693 in
3360 5638 3535 5693 libris.

1947 5718 2147 5787 legitur
2179 5716 2422 5785 ἐνέκοψε.
