3962 6238
285 339 387 394 9H

1380 329 1688 387 REGULE
1728 327 1981 387 FUSIU'S
2014 327 2436 384 TRACTATE.

3437 317 3543 372 9.18

284 452 494 526 χουσῶν
526 453 660 524 ἡμῖν
697 451 979 522 δυνάμεων
1023 451 1269 521 γεωργός
1313 449 1430 502 ἐστι
1477 449 1572 502 καὶ
1615 446 1869 518 τροφεὺς,

2001 444 2138 498 iohis
2168 442 2396 499 seminis
2433 441 2488 495 in
2515 439 2736 495 modum
2771 438 2952 493 insitae
2974 435 3196 492 fuerunt
3223 432 3544 488 facultatum

286 549 500 618 εἴρηται
549 545 681 616 ἡμῖν
729 546 788 596 ὲν
835 547 944 606 τοῖς
991 542 1299 614 ἔμπροσθεν
1335 542 1548 610 λόγοιςο
1592 538 1779 608 ἐπειδὴ
1810 537 1868 590 δὲ

287 628 526 709 ἀγαπᾷν
555 636 1008 708 προσ-τετάγμεθα
1065 635 1158 688 τδν
1208 635 1434 705 πλησίον
1480 633 1556 695 ὡς
1620 631 1864 693 ἑαυτοὺς,

289 729 722 800 καταμάθωμεν,
754 730 801 781 εί
840 729 934 782 καὶ
960 726 1192 798 δύναμιν
1220 727 1356 798 πρὸς
1393 726 1491 796 τὴν
1523 723 1870 794 ἐκπλήρωσιν

288 823 392 893 τῆς
423 821 644 891 ἐντολῆς
669 821 872 888 ταύτης
907 819 1102 892 ἔχομεν
1136 820 1286 892 παρά
1317 819 1413 872 τοῦ
1453 818 1608 872 Θεοῦ.
1651 816 1746 880 Τίς
1776 812 1872 868 οὖν

288 916 392 968 οὐκ
426 910 595 978 οἶδεν,
640 913 720 966 ὅτι
765 913 971 986 ἥμερον
1025 915 1119 966 καὶ
1161 911 1471 966 κοινωνικὸν
1519 909 1655 975 ζῶον
1698 911 1726 961 ὁ
1760 907 1870 978 (80)

288 1002 594 1074 ἄνθρωπος,
625 1004 718 1056 καὶ
744 1004 866 1073 οὐχὶ
911 1003 1251 1074 μοναστικὸν,
1297 1002 1416 1055 οὐδὲ
1449 1001 1673 1070 ἀγριον;
1708 997 1872 1052 Οὐδὲν

287 1095 400 1167 γὰρ
425 1093 597 1158 οὕτως
627 1096 754 1148 ἴδιον
775 1096 874 1167 τῆς
908 1095 1120 1164 φύσεως
1152 1095 1338 1167 ἡμῶν,
1386 1095 1460 1158 ὡς
1499 1093 1560 1146 τὸ
1599 1093 1872 1146 κοινωνεῖν

289 1185 563 1257 ἀλληλοις,
593 1187 687 1238 καὶ
709 1185 928 1258 χρῄζειν
952 1185 1216 1256 ἀλλήλων,
1257 1185 1351 1237 καὶ
1391 1185 1610 1254 ἀγαπᾷν
1643 1182 1704 1235 τὸ
1740 1181 1872 1252 ὁμό-

289 1277 481 1346 φυλον.
508 1271 608 1330 Ὧν
638 1273 730 1331 οὖν
761 1278 923 1342 αὐτὸς
956 1278 1154 1332 ἔδωκεν
1195 1280 1224 1331 ό
1260 1277 1461 1348 Κύριος
1509 1278 1642 1346 ἡμῖν
1678 1274 1875 1345 προλα-

287 1367 404 1420 ϐὼν
433 1369 501 1422 τά
528 1370 838 1441 σπέρματα,
863 1370 1066 1423 τούτων
1096 1369 1404 1432 ἀκολούθως
1441 1369 1534 1422 καὶ
1578 1369 1704 1431 τοὺς
1737 1384 1872 1436 καρ-

287 1460 430 1522 ποὺς
457 1459 707 1530 ἐπιζητεῖ
736 1461 870 1534 (Si),
901 1462 1072 1530 λέγων
1095 1480 1107 1491 ·
1153 1461 1439 1529 Ἐντολὴν
1463 1460 1682 1528 καινὴν·
1707 1459 1876 1512 δίδω-

284 1568 358 1620 μι
383 1551 544 1618 ὑμῖν,
572 1553 671 1606 ἵνα
707 1552 972 1622 ἀγαπᾶτε
997 1554 1329 1621 ἀλλήλους.
1364 1556 1472 1608 Καὶ
1510 1555 1646 1625 πρὸς
1673 1555 1876 1626 ταύτην

286 1643 392 1713 τὴν
425 1642 645 1716 ἐντολὴν
677 1644 938 1716 διεγεῖραι
965 1645 1287 1718 βουλόμενος
1333 1647 1490 1717 ἡμῶν
1532 1647 1633 1716 τὴν
1675 1646 1874 1717 ψυχὴν,

286 1733 570 1801 ἀπόδειξιν
593 1734 699 1788 τῶν
734 1736 898 1790 αὐτοῦ
935 1736 1213 1809 μαθητῶν,
1261 1739 1321 1791 οὐ
1359 1740 1558 1809 σημεῖα
1598 1738 1688 1791 καὶ
1716 1738 1874 1791 δυνά-

1974 533 2256 588 cultricem
2284 546 2408 588 esse
2433 538 2488 586 et
2523 530 2768 583 altricem
2801 548 2813 582 :
2845 543 3035 582 verum
3069 525 3329 597 quoniam
3363 522 3550 592 proxi-

1975 641 2124 679 mum
2156 624 2313 693 juxta
2369 638 2432 677 ac
2479 620 2847 690 nosmetipsos
2892 619 3116 690 diligere
3153 615 3295 686 jussi
3333 628 3548 678 sumus,

1975 717 2394 772 consideremus
2443 729 2575 769 num
2607 713 2769 768 etiam
2799 726 2830 764 a
2867 709 2980 765 Deo
3021 709 3254 779 hujusce
3303 704 3573 761 mandati.

1977 809 2299 864 conﬁciendi
2339 806 2654 862 facultatem
2698 788 3093 874 acceperimus.
3145 800 3299 868 Quis,
3341 812 3550 870 quaeso,

1979 903 2218 974 ignorat,
2264 901 2541 956 hominem
2580 897 2784 953 animal
2824 910 2948 950 esse
2995 903 3340 947 mansuetum
3373 897 3428 942 et
3463 903 3555 943 so-

1979 995 2199 1059 ciabile,
2229 1009 2336 1048 non
2361 1001 2542 1048 autem
2573 990 2878 1047 solitarium
2911 996 2964 1042 et
2995 985 3216 1041 ferum?
3239 982 3384 1037 Nihil
3407 981 3554 1036 enim

1980 1095 2090 1141 tam
2134 1086 2414 1158 pr0prium
2452 1094 2538 1140 est
2567 1095 2769 1138 nostra),
2804 1088 3034 1138 naturae,
3071 1093 3233 1148 quam
3278 1085 3336 1129 ut
3367 1079 3557 1127 mutuo

1982 1181 2388 1244 consociemur,
2437 1187 2492 1234 et
2540 1178 2632 1232 alii
2667 1178 2900 1231 aliorum
2949 1172 3313 1242 indigeamus,
3354 1179 3558 1234 eosque

1981 1275 2077 1345 qui
2101 1275 2346 1343 ejusdem
2380 1279 2507 1328 sunt
2529 1273 2747 1342 generis
2774 1268 3088 1336 diligamus.
3120 1262 3363 1329 Quorum
3395 1258 3560 1328 igitur

1983 1363 2488 1421 semina-Dominus
2525 1363 2642 1432 ipse
2675 1359 2827 1431 prius
2862 1355 3022 1411 nobis
3065 1350 3325 1411 contulit,
3367 1362 3560 1401 eorum

1982 1457 2147 1512 etiam
2179 1457 2395 1512 fructus
2440 1463 2630 1526 postea
2675 1451 2936 1522 reposcit,
2979 1448 3205 1502 dicens:
3240 1440 3561 1496 Mandatum

1985 1565 2174 1604 novum
2198 1551 2265 1603 do
2290 1547 2456 1614 vobis,
2512 1555 2568 1600 ut
2594 1544 2837 1615 diiigatis
2868 1541 3086 1596 invicem
3109 1538 3177 1592 ⁵⁷.
3209 1535 3346 1590 Cum
3378 1539 3558 1586 autem

1984 1641 2051 1696 ad
2085 1639 2492 1710 exsequendum
2536 1637 2668 1691 illud
2701 1634 3018 1690 mandatum
3040 1628 3284 1683 animum
3312 1629 3560 1678 nostrum

1983 1734 2223 1790 excitare
2254 1733 2437 1797 vellet,
2475 1729 2870 1800 discipulorum
2911 1738 3139 1782 suorum
3189 1721 3560 1774 characterem

292 1841 423 1896 μεις
466 1826 803 1896 παραδόξους
850 1829 1127 1900 ἀπῄτησεν
1169 1829 1383 1901 (καίτοι
1429 1833 1524 1885 καὶ
1571 1831 1775 1885 τούτων
1828 1834 1884 1884 ὲν

2001 1833 2044 1881 3t
2077 1836 2264 1880 nctam
2307 1840 2418 1880 non
2453 1826 2507 1878 in
2550 1821 2820 1894 prodigiis
2869 1827 2924 1875 et
2970 1814 3256 1873 miraculis
3299 1807 3564 1866 inauditis

291 1916 581 1988 Πνεύματι
623 1922 762 1992 ἁγίῳ
803 1923 1168 1994 χαρισάμενος
1222 1925 1323 1996 τὴν
1371 1924 1702 1996 ἐνέργειαν)·
1752 1924 1887 1978 ἀλλά

288 2007 346 2060 τί
386 2026 586 2080 φησινς
625 2012 731 2065 Ἐν
768 2015 958 2079 τούτῳ
990 2015 1324 2085 γνώσονται
1366 2015 1610 2083 πάντες,
1640 2017 1726 2070 ὅτι
1758 2018 1885 2085 ἐμοὶ

291 2102 556 2168 μαθηταί
573 2102 732 2168 ἐστε,
754 2104 863 2158 ἐὰν
875 2105 1114 2176 ἀγάπην
1135 2107 1315 2177 ἔχητε
1342 2108 1412 2162 ἐν
1431 2107 1726 2174 ἀλλήλοις
1753 2105 1884 2178 (8⁸2),

293 2193 410 2245 Καὶ
435 2192 582 2248 οῦτω
630 2197 904 2269 πανταχοῦ
951 2198 1051 2263 τὰς
1095 2200 1315 2264 ἐντολὰς
1368 2200 1571 2266 ταύτας
1605 2201 1887 2261 συνάπτει,

290 2283 438 2336 ὥστε
465 2285 566 2356 τὴν
591 2289 673 2349 είς
715 2288 806 2342 τὸν
839 2288 1064 2360 πλησίον
1097 2289 1346 2346 εὐποιίαν
1380 2292 1459 2355 εἰς
1499 2292 1691 2345 ἑαυτὸν
1726 2309 1890 2362 μετα-

291 2373 534 2447 τίθησιν.
601 2378 922 2433 Ἐπείνασα
954 2380 1084 2452 γὰρ,
1136 2381 1290 2452 φησὶ,
1347 2383 1447 2436 καὶ
1485 2382 1744 2436 ἐδώκατέ
1788 2400 1890 2452 μοι

297 2467 536 2536 φαγεῖν,
577 2471 671 2523 καὶ
712 2471 780 2525 τὰ
827 2473 971 2544 ἑξῆς.
1006 2470 1139 2528 Εἶτα
1187 2475 1418 2543 ἐπάγει,
1453 2476 1536 2529 ὅτι
1576 2477 1699 2545 Ἐφ’
1739 2475 1892 2530 ὅσον

295 2559 629 2625 ἐποιήσατε
682 2562 772 2617 ἐνὶ
828 2565 1057 2618 τούτων
1106 2563 1225 2620 τῶν
1283 2564 1565 2634 ἀδελφῶν
1615 2584 1736 2637 μου
1774 2564 1891 2619 τῶν

297 2652 666 2722 ἐλαχίστων,
691 2656 823 2726 ἐμοὶ
853 2658 1199 2728 ἐποιήσατε.

373 2767 432 2822 2.
479 2768 690 2823 Οὐκοῦν
721 2771 809 2825 διὰ
847 2771 948 2842 μὲν
980 2773 1077 2844 τῆς
1112 2774 1338 2847 πρώτης
1385 2775 1502 2828 ἔστι
1547 2776 1894 2849 κατορθῶσαι

302 2861 403 2915 καὶ
433 2862 534 2934 τὴν
572 2864 864 2937 δευτέραν*
909 2867 998 2922 διὰ
1044 2869 1101 2921 δὲ
1134 2869 1234 2939 τῆς
1277 2854 1532 2942 δευτέρας
1577 2869 1893 2924 ἐπανελθεῖν

305 2952 469 3020 αὖθις
505 2957 604 3010 ἐπ).
641 2957 740 3029 τὴν
775 2958 1031 3032 πρώτην
1067 2962 1162 3016 καὶ
1191 2963 1492 3030 ἀγαπῶντα
1525 2964 1622 3035 μὲν
1656 2965 1747 3018 τὸν
1781 2965 1893 3018 Κύ-

311 3067 464 3122 ριον,
517 3052 740 3122 ἀγαπᾷν
784 3053 1093 3119 ἀκολούθως
1142 3055 1355 3110 καὶτὸν
1399 3056 1649 3127 πλησίον.
1691 3057 1754 3111 '0
1785 3056 1893 3129 γὰρ

1989 1914 2300 1978 constituit,
2333 1927 2650 1985 quanquam
2681 1911 2878 1965 borum
2912 1904 3304 1978 patrandorum
3346 1899 3429 1954 eis
3455 1896 3565 1950 vim

1991 2020 2044 2063 et
2077 2017 2404 2079 potestatem
2436 2023 2537 2080 per
2569 2005 2840 2076 Spiritum
2885 2008 3138 2057 sanctum
3169 1995 3400 2066 largitus
3431 1989 3570 2043 fuis-

1993 2077 2122 2155 set:
2158 2101 2253 2156 sed
2287 2100 2419 2171 quid
2440 2077 2632 2154 dicit?
2661 2095 2728 2150 In
2755 2095 2851 2149 hoc
2879 2097 3189 2163 cognoscent
3216 2099 3415 2144 omnes,
3440 2077 3569 2149 quia

1992 2196 2243 2265 discipuli
2279 2197 2378 2249 mei
2409 2194 2560 2256 estis,
2593 2192 2640 2245 si
2665 2190 2996 2244 dilectionem
3019 2181 3307 2237 habueritis
3338 2175 3405 2231 ad
3439 2173 3573 2227 invi-

1993 2305 2102 2342 cem
2123 2289 2189 2341 εδ.
2234 2288 2300 2341 Et
2346 2290 2426 2342 sie
2470 2286 2673 2355 ubique
2709 2280 2990 2336 connectit
3035 2277 3150 2331 haec
3180 2277 3473 2344 prmcepta,
3510 2272 3587 2319 ut.

1994 2381 2258 2437 beneﬁcia
2290 2382 2345 2435 in
2375 2378 2685 2450 proximum
2730 2374 2934 2429 collata
2967 2372 3022 2426 in
3058 2368 3298 2437 seipsum
3331 2357 3572 2417 transfe-

1995 2483 2099 2530 rat.
2141 2473 2355 2528 Esurivi
2385 2472 2553 2533 enim,
2597 2468 2796 2540 inquit,
2841 2474 2890 2519 et
2919 2462 3136 2519 dedistis
3177 2457 3308 2512 mihi
3345 2451 3575 2509 mandu-

1995 2585 2114 2626 care
2164 2568 2233 2634 5’,
2287 2574 2392 2622 etc.
2444 2563 2650 2619 Deinde
2700 2554 3330 2629 subjungit:Quatenus
3375 2545 3574 2616 fecistis

1995 2663 2088 2718 uni
2113 2677 2178 2717 ea:
2205 2659 2284 2713 his
2313 2657 2572 2728 fratribus
2600 2654 2730 2708 meis
2761 2650 3017 2713 minimis,
3050 2645 3179 2701 mihi
3212 2641 3408 2712 fecistis
3434 2639 3500 2688 ⁶⁰.

2063 2777 2121 2831 2.
2161 2775 2351 2844 Itaque
2386 2786 2486 2842 per
2521 2767 2758 2839 primum
2786 2764 2916 2818 licet
2936 2757 3238 2816 secundum
3279 2753 3442 2810 etiam
3478 2767 3575 2805 ex.

1995 2867 2172 2940 sequi,
2203 2881 2268 2920 ac
2298 2877 2494 2919 rursus
2520 2876 2617 2932 per
2644 2854 2946 2915 secundum
2977 2849 3176 2907 reverti
3201 2845 3268 2901 ad
3300 2845 3576 2916 primum;

1995 2969 2050 3018 et
2074 2934 2171 3030 qui
2207 2957 2498 3013 Dominum
2540 2957 2709 3015 amat,
2749 2958 3098 3014 consequens
3150 2946 3235 2996 est
3287 2944 3346 2992 ut
3392 2934 3581 3006 proxi-

1997 3026 2146 3110 mum
2185 3065 2402 3122 quoque
2445 3047 2655 3116 diligat.
2701 3041 2806 3107 Qui
2843 3039 2988 3095 enim
3038 3036 3212 3107 diligit
3254 3049 3356 3093 me,
3403 3026 3582 3098 inquit

308 3141 561 3212 ἀγαπῶν
612 3160 724 3212 με,
767 3140 920 3198 εἶπεν
949 3147 978 3199 ὁ
1029 3146 1268 3218 Κύριος,
1311 3149 1421 3215 τὰς
1470 3125 1726 3217 ἐντολάς
1776 3125 1893 3218 μοι)

2001 3146 2292 3209 Dominus,
2336 3140 2594 3194 mandata
2641 3151 2760 3190 mea
2797 3129 3028 3187 servabit
3069 3128 3138 3182 “.
3181 3125 3271 3179 Ait
3323 3129 3506 3176 autem
3562 3133 3578 3170 :

310 3234 569 3304 τηρήσει
596 3229 728 3307 (85)’.
771 3237 935 3307 Αὕτη
962 3238 1019 3291 δέ
1066 3240 1221 3305 ἐστι,
1255 3240 1450 3311 φησιν,
1503 3240 1542 3308 ἠ
1590 3240 1811 3309 ἐντολὴ
1855 3242 1894 3308 η

311 3328 449 3396 ἐμὴ,
475 3330 578 3383 ἵνα
601 3327 868 3399 ἀγαπᾶτε
894 3331 1227 3398 ἀλλήλους,
1253 3331 1447 3399 καθὼς
1473 3333 1587 3403 ἐγὼ
1611 3333 1899 3402 ἠγάπησα

314 3418 498 3490 ὑμᾶς·
540 3421 844 3490 ἀγαπῶντα
881 3423 936 3477 δὲ
981 3424 1143 3478 πάλιν
1169 3425 1261 3479 τὸν
1288 3425 1537 3496 πλησίον,
1568 3427 1666 3497 τὴν
1698 3429 1777 3490 εἰς
1808 3426 1900 3478 τὸν

315 3512 447 3566 Θεὸν
481 3515 706 3587 ἀγάπην
741 3515 1114 3590 ἀποπληροῦν,
1155 3517 1319 3572 αὐτοῦ
1365 3521 1446 3581 είς
1474 3519 1666 3572 ἑαυτὸν
1709 3518 1898 3572 ὑποδε-

316 3605 548 3674 χομένου
586 3605 698 3675 (84)
727 3607 825 3678 τὴν
864 3608 1044 3680 χάριν.
1084 3611 1279 3683 Διόπερ
1307 3612 1335 3663 ὁ
1377 3613 1476 3682 μὲν
1508 3613 1698 3676 πιστὸς
1735 3612 1900 3683 θερά-

317 3715 434 3753 πων
466 3699 562 3752 τοῦ
593 3700 729 3754 Θεοῦ
766 3702 973 3772 Μωσῆς
1004 3701 1271 3775 τοσαύτην
1307 3704 1655 3759 ἐπεδείκνυτο
1689 3707 1790 3776 τὴν
1823 3709 1903 3770 εἰς

316 3793 442 3858 τοὺς
461 3793 728 3863 ἀδελφοὺς
751 3795 993 3867 ἀγάπην,
1017 3795 1156 3850 ὥστε
1186 3798 1279 3851 καὶ
1308 3797 1688 3870 ἐξαλειφθῆναι
1720 3801 1904 3872 ᾑρεῖτο

320 3888 384 3941 ἐκ
414 3887 519 3957 τῆς
567 3886 752 3957 βίϐλου
790 3888 885 3942 τοῦ
918 3889 1086 3954 Θεοῦ,
1122 3893 1201 3955 είς
1233 3892 1300 3962 ἢν
1351 3891 1699 3963 ἐγέγραπτο,
1737 3893 1786 3944 εἰ
1829 3891 1905 3963 μὴ

322 3980 702 4052 συγχωρηθείη
731 3981 809 4052 τῷ
839 3982 952 4052 λαῷ
989 3984 1051 4036 τὸ
1078 3983 1401 4055 ἁμάρτημα.
1446 3983 1657 4048 Παῦλος
1683 3983 1740 4037 δὲ
1778 3984 1907 4037 ἀνά-

321 4071 463 4143 Θεμα
479 4070 621 4128 εἶναι
645 4073 756 4128 ἀπὺ
775 4075 1011 4146 Χριστοῦ
1042 4077 1181 4148 ὑπὲρ
1214 4078 1323 4130 τῶν
1344 4076 1588 4146 ἀδελφῶν
1615 4076 1779 4131 αὐτοῦ
1799 4076 1908 4130 τῶν

326 4168 606 4237 συγγενῶν
653 4169 798 4223 κατά
854 4170 1033 4241 σάρκα
1079 4170 1456 4241 ἀπετόλμησεν
1496 4168 1782 4238 εὔξασθαι,
1807 4169 1909 4240 τῆς

325 4263 546 4317 πάντων
581 4263 858 4335 σωτηρίας
889 4264 1080 4318 ἑαυτὸν
1110 4263 1484 4334 ἀντάλλαγμα,
1511 4264 1653 4318 κατὰ
1678 4263 1910 4334 μίμησιν

324 4354 418 4407 τοῦ
442 4355 652 4428 Κυρίου
685 4355 822 4427 (85),
866 4357 1123 4426 γενέσθαι
1178 4355 1532 4427 βουλόμενος·
1577 4357 1693 4425 ἆμα
1725 4355 1784 4409 δὲ
1814 4356 1911 4410 καὶ

329 4447 506 4512 εἰδὼς,
543 4449 628 4500 ὅτι
659 4448 942 4519 ἀμήχανον
975 4443 1044 4519 ἦν
1079 4448 1505 4520 ἀλλοτριωθῆναι
1539 4447 1673 4500 Θεοῦ
1699 4446 1792 4500 τὸν
1823 4446 1928 4500 διὰ·

2003 3241 2117 3295 Hoc
2141 3249 2217 3293 est
2246 3242 2561 3307 pra'cepmm
2598 3244 2771 3284 meum
2804 3235 2862 3280 ut
2901 3222 3138 3294 diligatis
3176 3219 3415 3280 invicem,
3443 3215 3583 3269 sicut

2000 3349 2091 3405 ego
2136 3330 2300 3384 dilexi
2337 3343 2430 3382 vos
2473 3326 2538 3379 ⁸³.
2577 3322 2657 3377 Ae
2688 3335 2881 3376 rursus
2930 3316 3026 3388 qui
3068 3321 3214 3368 amat
3247 3309 3578 3381 proximum,

2002 3403 2050 3480 ei
2089 3424 2193 3494 ipsi
2236 3435 2360 3492 quae
2400 3417 2508 3473 Deo
2552 3415 2782 3472 debetur
2823 3408 3083 3467 charitati
3122 3403 3412 3465 satisfacit,
3455 3413 3584 3453 eum

2003 3519 2122 3587 ipse
2146 3513 2378 3583 recipiat
2414 3511 2470 3564 in
2497 3524 2556 3565 se
2588 3508 2730 3561 hanc
2766 3499 3206 3559 beneﬁcentiam.
3240 3495 3584 3563 Quapmpter

2007 3609 2180 3664 ﬁdelis
2200 3606 2295 3662 Dei
2326 3618 2519 3661 servus
2544 3600 2758 3671 Moyses
2781 3604 2992 3652 tantum
3023 3606 3150 3664 erga
3177 3591 3370 3645 fratres
3398 3592 3585 3640 osten-

2006 3703 2087 3757 dit
2135 3711 2398 3761 amorem,
2445 3702 2508 3749 ut
2556 3693 2720 3748 etiam
2751 3705 2817 3745 ex
2852 3685 3121 3742 Deilibro
3158 3682 3213 3735 in
3255 3693 3362 3748 quo
3410 3674 3588 3730 fuerat

2008 3792 2332 3860 inscriptus,
2364 3784 2534 3842 deleri
2569 3782 2825 3840 voluerit.
2859 3779 2905 3834 si
2945 3773 3155 3846 peccati
3194 3770 3352 3826 venia
3383 3767 3587 3838 populo

2008 3899 2120 3939 non
2170 3857 2567 3937 concederetur
2613 3874 2679 3930 ⁸³.
2731 3870 2889 3944 34],
2925 3866 3131 3921 Paulus
3159 3877 3291 3918 vero
3331 3874 3432 3930 pro
3476 3857 3590 3912 fra-

2009 3977 2188 4032 tribus
2234 3974 2352 4030 suis
2398 3967 2648 4042 cognatis
2695 3963 2996 4021 secundum
3037 3972 3254 4014 carnem
3299 3950 3590 4008 anathema

2009 4087 2132 4127 esse
2177 4084 2209 4123 a
2247 4066 2470 4122 Christo
2520 4070 2712 4133 optare
2763 4071 2932 4112 ausus
2974 4053 3078 4108 fuit
3124 4049 3169 4083 “
3214 4067 3227 4103 :
3273 4046 3472 4118 quippe
3495 4043 3591 4112 qui

2011 4161 2228 4218 Domini
2269 4155 2519 4226 exemplo
2560 4151 2677 4208 ﬁeri
2719 4165 2779 4205 se
2819 4146 3016 4204 salutis
3059 4141 3306 4199 omnium
3354 4134 3592 4208 pretium

2012 4260 2259 4326 cuperet,
2293 4249 2568 4318 simulque
2601 4250 2792 4300 nosset
2820 4239 2937 4295 ﬁeri
2969 4253 3078 4292 non
3107 4249 3293 4306 posse,
3319 4239 3379 4286 ut
3414 4244 3444 4282 a
3479 4227 3594 4282 Deo

2015 4347 2423 4402 abalienaretur
2475 4339 2571 4410 qui
2630 4337 2701 4391 ob
2750 4333 2872 4402 ejus
2925 4343 3168 4386 amorem
3219 4325 3450 4398 gratiam
3499 4319 3597 4373 Dei

2018 4439 2313 4510 abjecisset
2352 4430 2609 4490 servandi
2637 4428 2862 4484 maximi
2890 4423 3134 4480 mandati
3169 4434 3360 4480 causa,
3388 4416 3498 4470 imo
3523 4413 3596 4468 ob

327 4543 427 4614 τὴν
452 4543 534 4606 εἰς
565 4513 729 4595 αὐτὸν
759 4513 982 4614 ἀγάπην
1000 4513 1155 4614 ⁷ὑπὲρ
1183 4513 1283 4612 τῆς
1315 4513 1579 4613 μεγίστης
1617 4539 1726 4594 τῶν
1759 4542 1893 4594 ὲντο-

2017 4534 2071 4590 id
2102 4532 2274 4586 multo
2305 4530 2461 4600 plura
2484 4539 2647 4597 quam
2679 4538 2800 4594 quae
2823 4519 3065 4576 dedisset
3086 4521 3430 4584 recepturum
3451 4523 3594 4563 esse.

329 4598 436 4690 λῶν
460 4598 560 4706 την
585 4634 739 4706 παρὰ
762 4598 858 4688 τοῦ
880 4598 1015 4687 Θεοῦ
1037 4598 1197 4704 χάριν
1220 4598 1573 4704 προϊέμενού,
1594 4633 1690 4686 καὶ
1715 4633 1796 4686 ὅτι
1826 4631 1893 4684 διέ

2019 4598 2404 4680 Caeterum-ad
2466 4619 2611 4672 hanc
2666 4628 2844 4684 usque
2899 4620 3214 4664 mensuram
3284 4598 3600 4672 pervenisse

327 4727 487 4782 τοῦτο
519 4727 630 4799 (86)
665 4726 1069 4781 πολυπλασίονα
1106 4725 1328 4798 ἔμελλεν
1354 4718 1429 4778 ῶν
1462 4724 1662 4778 ἔδωκεν
1697 4725 1915 4796 ἀντιλή-

329 4819 551 4888 ψεσθαι.
593 4819 742 4890 Πλήν
771 4835 836 4887 γε
877 4819 958 4872 ’ὁτι
1017 4817 1176 4888 μέχρι
1205 4815 1396 4868 τούτου
1433 4815 1527 4868 τοῦ
1571 4815 1771 4887 μέτρου
1812 4815 1914 4885 τῆς

330 4916 470 4987 πρὸς
501 4913 594 4967 τὸν
624 4911 852 4983 πλησίον
895 4911 1116 4980 ἀγάπης
1160 4907 1402 4977 ἔφθασαν
1428 4908 1478 4960 οἱ
1520 4907 1686 4974 ἅγιοι,
1721 4906 1912 4978 ἱκανὴν

332 5007 610 5073 ἀπόδειξιν
643 5004 758 5076 ἔχει
786 5003 856 5057 τὰ
879 5003 1166 5074 εἰρημένα.

2023 4725 2342 4775 sanctorum
2391 4726 2520 4782 erga
2562 4707 2878 4779 proximum
2924 4703 3271 4763 charitatem,
3320 4711 3387 4750 ex
3435 4690 3598 4747 dictis

2023 4810 2239 4866 abunde
2263 4807 2704 4862 demonstratum
2741 4805 2846 4853 est.

403 5124 451 5156 ⁸⁷
489 5121 651 5177 Joan.
687 5137 825 5187 xm,
860 5119 948 5174 54.
1025 5119 1071 5150 ⁸⁸
1112 5118 1244 5172 ibid.
1282 5118 1371 5172 δῦ.
1450 5116 1495 5148 ⁸³
1536 5115 1724 5171 Matth.
1763 5132 1891 5178 xxv,

2002 5126 2017 5171 '.
2095 5113 2139 5144 ⁸⁸
2181 5111 2312 5168 ibid.
2352 5109 2440 5166 40.
2520 5106 2561 5139 ⁸⁸
2586 5099 2745 5160 Joan.
2780 5099 2904 5167 xw',
2940 5095 3030 5152 25.
3107 5093 3152 5125 ⁸³
3191 5090 3349 5146 Joan.
3383 5101 3478 5152 xv,
3513 5081 3599 5136 ιε.

336 5195 382 5226 ⁸³
423 5194 599 5248 Exod.
636 5207 820 5259 nm,
857 5191 946 5245 32.
1021 5189 1068 5221 “
1107 5189 1266 5243 ltum.
1303 5205 1391 5253 ιχ,
1426 5189 1477 5242 '5.

410 5333 522 5398 (80)
564 5329 745 5386 Codex
787 5326 943 5384 Colb.
976 5326 1115 5392 ζῶόν
1147 5328 1294 5380 ἐστιν
1323 5324 1374 5379 ὁ.
1406 5323 1602 5378 Statim
1636 5322 1778 5378 idem
1809 5337 1915 5377 ms.

337 5404 372 5475 ἢ
399 5405 743 5544 ῗὲῗῑοὲράθχ
773 5469 929 5526 Colb.
973 5469 1218 5540 καρποὺς
1255 5468 1493 5520 ἀπαιτεῖ.
1532 5464 1727 5520 Statim
1776 5463 1917 5517 idem

341 5563 443 5601 ms.
478 5544 648 5614 αὐτὴν
673 5544 792 5614 τήν.

413 5616 526 5686 (82)
567 5603 793 5685 Legitur
823 5612 876 5666 in
907 5611 1095 5667 codice
1128 5609 1290 5665 Voss.
1329 5616 1381 5663 et
1417 5607 1469 5661 in
1495 5605 1648 5662 Colb.
1683 5606 1799 5677 μετ’
1825 5603 1920 5658 ἀλ-

342 5686 536 5755 λήλων.

413 5758 525 5820 (83)
564 5754 696 5825 Reg.
735 5753 947 5825 primus
986 5753 1110 5807 Ἐὰν
1143 5751 1250 5820 γὰρ
1284 5749 1532 5825 ἀγαπᾶτέ
1567 5764 1654 5825 με,
1691 5742 1852 5825 ,εξπεν
1894 5748 1922 5797 ὁ

343 5828 571 5891 Κύριος,
600 5819 698 5890 τέἶς
735 5819 953 5888 ἐντολάς
993 5843 1094 5888 μου
1129 5819 1422 5886 τηρήσατε.
1451 5819 1508 5874 Si
1549 5819 1772 5881 diliqitis
1819 5834 1918 5876 me.

2027 5321 2196 5391 inquit
2223 5317 2506 5391 D_ominus_,
2534 5306 3181 5391 mandatmmea‘servati.

2675 5360 2774 5460 εἰς.
2799 5374 2990 5460 ἑαυτὸν
3034 5361 3261 5460 ἀποδεχό
3268 5380 3448 5437 μενον.
3483 5360 3605 5415 Mox

2031 5445 2205 5518 codex,
2235 5445 2400 5510 Vosvs.
2422 5445 2465 5505 ’ὁ
2502 5453 2598 5523 μὲν
2628 5450 2816 5523 πιστὸς
2838 5445 3141 5523 ἄνθ-ρωπος.

2103 5510 2213 5600 (ﬁgi
2247 5529 2401 5600 Unus
2429 5510 2578 5600 lieg._
2602 5510 2831 5590 μίμησιν
2859 5510 2954 5600 “50‘?
2984 5510 3270 5600 Χρξστοῦ·,
3291 5578 3344 5600 ,τε
3382 5579 3481 5600 ,Μ
3522 5573 3548 5600 ι.

2105 5570 2216 5670 ξέὶξῇ
2252 5570 2406 5652 ᾗίῇ
2439 5570 2833 5670 ’ἑίδὲι-ιῖὁξιῆςες.
2867 5588 2966 5670 διὰ.
2993 5570 3205 5670 τούτου.
3241 5578 3346 5670 ηιίῑ
3375 5579 3486 5630 duo
3521 5570 3610 5627 att

2032 5653 2213 5728 τοόὲόῐ
2237 5670 2344 5724 Nec
2381 5669 2454 5720 ita
2485 5663 2655 5719 multo
2684 5660 2825 5717 inira
2868 5657 3043 5713 codex
3077 5655 3235 5711 Voss.
3265 5653 3375 5721 ἔχει
3421 5661 3610 5720 προη-

2035 5762 2100 5817 ρη
2110 5744 2261 5816 μένα.
