3962 6238
400 346 504 406 819

807 524 811 528 .
867 463 1382 520 lNTERROGATIO
1419 460 1509 520 Π.

958 557 1030 612 De
1067 559 1252 611 timore
1288 555 1406 612 Dei.

979 669 1243 725 RESPON
1253 668 1379 726 SIO.

472 762 650 833 Atque
693 762 761 819 iis
799 763 1016 833 quidem
1052 764 1146 833 qui
1194 779 1386 819 recens
1428 763 1855 820 introducuntur
1902 764 1970 818 ad

401 858 679 928 pietatem,
712 857 984 912 institutio
1025 871 1087 910 ea
1122 871 1242 924 quae
1267 855 1324 909 ﬁt
1353 871 1448 924 per
1480 857 1749 918 timorem,
1788 857 1971 910 utilior

401 959 509 1008 est.
537 949 940 1018 sapientissimo
964 947 1254 1004 Salomone
1283 948 1605 1002 admonente
1631 964 1693 1002 ac
1714 949 1926 1003 dicente
1952 969 1965 1004 :

403 1041 736 1110 Principium
777 1041 1072 1109 sapientire,
1115 1040 1273 1093 timor
1299 1038 1514 1092 Domini
1547 1040 1591 1071 ⁸⁵
1627 1058 1640 1092 :
1682 1039 1777 1094 sed
1817 1039 1970 1094 vobis

402 1132 698 1200 velutijam
731 1146 797 1184 ex
835 1129 1038 1184 Christi
1063 1128 1290 1182 infantia
1313 1129 1568 1197 egressis,
1598 1143 1697 1182 nec
1735 1129 1970 1197 amplius

402 1223 545 1276 lacte
580 1221 970 1292 indigentibus,
1017 1219 1110 1274 sed
1159 1219 1252 1288 qui
1298 1219 1475 1274 solido
1520 1219 1833 1288 dogmatum
1868 1217 1970 1271 ali-

403 1327 590 1370 mento
625 1315 926 1370 secundum
966 1313 1240 1368 internum
1267 1313 1540 1366 hominem
1577 1313 1642 1365 ad
1684 1309 1971 1380 perfectio-

401 1419 525 1460 nem
561 1403 753 1458 deduci
786 1403 1031 1471 potestis,
1072 1403 1357 1472 praeceptis
1392 1401 1802 1456 sublimioribus
1830 1415 1986 1470 opus-

401 1506 508 1556 est,
553 1495 607 1548 in
641 1495 840 1564 quibus
889 1503 1004 1549 tota
1048 1495 1167 1564 ejus
1213 1509 1334 1564 quae
1363 1494 1420 1548 in
1447 1493 1667 1550 Christo
1709 1501 1792 1550 est
1834 1493 1970 1549 dile-

403 1589 606 1642 ctionis
648 1588 846 1642 veritas
887 1586 1190 1656 perﬁcitur.
1234 1586 1502 1642 Nimirum
1542 1587 1841 1641 cavendum
1883 1592 1970 1640 est

401 1678 578 1741 vobis,
617 1694 683 1732 ue
724 1678 864 1733 forte
914 1679 1164 1734 uberiora
1196 1678 1291 1734 Dei
1329 1679 1471 1733 dona
1509 1677 1746 1748 graviori
1787 1675 1970 1731 multae

404 1771 666 1824 obnoxios
697 1786 794 1825 vos
839 1769 1090 1832 reddant,
1121 1769 1168 1826 si
1218 1770 1274 1824 in
1309 1768 1612 1824 beneficum
1653 1767 1969 1837 largitorem

1697 353 1757 410 S.
1796 355 1878 410 BA
1889 351 2040 411 SILI]
2075 355 2286 413 MAGNI

1998 489 2046 545 Α

2636 463 2971 518 ΕΡΩΤΗΣΙΣ
3006 464 3078 515 Δ’.

2569 554 2706 623 Περὶ
2749 555 2935 622 φόϐου
2983 551 3150 606 Θεοῦ.

2669 668 3057 724 ΔΠΟΚΡΙΣΙΣ.
3101 720 3106 730 ,

2147 763 2273 826 Τοῖς
2305 762 2402 832 μὲν
2434 753 2527 816 οῦν
2566 761 2691 832 ἄρτι
2726 760 3098 831 εἰσαγομένοις
3132 759 3213 822 εἰς
3243 757 3343 828 τὴν
3367 756 3651 812 εὐσέϐειαν

2077 856 2111 925 ή
2138 854 2227 907 διὰ
2259 853 2353 906 τοῦ
2396 853 2559 923 φόϐου
2585 853 2918 924 στοιχείωσις
2947 851 3354 922 χρησιμωτέρα,
3380 849 3526 903 κατά
3554 845 3649 919 τὴν

2079 945 2362 1016 ὑποθήκην
2406 945 2500 998 τοῦ
2557 945 2869 1014 σοφωτάτου
2922 943 3262 1014 Σολομῶντος
3286 982 3301 1004 ,
3367 941 3648 1004 εἰπόντος’

2091 1037 2260 1105 Ἀρχὴ
2290 1038 2530 1105 σοφίας,
2555 1039 2740 1105 ερόόος
2761 1035 2983 1102 Κυρίου
3002 1051 3016 1065 ο
3036 1035 3163 1104 ὑμῖν
3191 1034 3269 1095 δὲ,
3287 1032 3362 1096 ὡς
3393 1031 3650 1101 διαϐεϐη-

2077 1129 2197 1182 κόσι
2221 1128 2319 1199 τὴν
2347 1130 2404 1182 ὲν
2421 1127 2640 1199 Χριστῷ
2660 1127 2982 1199 νηπιότητα,
3012 1127 3106 1178 καὶ
3124 1123 3234 1196 (87)
3255 1123 3440 1177 οὐκέτι
3459 1121 3649 1190 δεομέ-

2076 1237 2190 1282 νοις
2220 1219 2489 1287 γάλακτος
2512 1259 2528 1283 ,
2563 1219 2698 1272 ἀλλὰ
2737 1218 3051 1288 δυναμένοις
3082 1219 3148 1286 τῇ
3186 1215 3383 1285 στερεᾷ
3421 1212 3533 1266 τῶν
3568 1213 3651 1265 δο⁸

2078 1311 2306 1380 γμάτων
2336 1315 2510 1383 τροφῇ
2541 1312 2631 1366 τὸν
2684 1311 2792 1364 ἔσω
2835 1310 3119 1381 ἄνθρωπον
3147 1306 3505 1368 τελειοῦσθαι,
3545 1303 3653 1356 τῶν

2080 1403 2629 1473 κεφαλαιωδεστέρων
2655 1401 2884 1454 ἐντολῶν
2914 1401 3092 1472 χρεία,
3125 1403 3183 1454 ὲν
3213 1394 3302 1463 αἷς
3332 1400 3485 1452 πᾶσα
3516 1397 3647 1468 ἁλή-

2078 1493 2199 1547 θεια
2233 1493 2336 1562 τῆς
2368 1494 2426 1545 ὲν
2456 1491 2678 1564 Χριστῷ
2707 1492 2926 1562 ἀγαπης
2960 1491 3338 1562 κατορθοῦται,
3377 1489 3651 1558 φυλασσο-

2081 1583 2261 1653 μένοις
2305 1581 2564 1654 δηλονότι,
2615 1585 2825 1654 μήποτε
2874 1585 2906 1654 ἠ
2957 1581 3242 1654 περιουσία
3281 1581 3392 1634 τῶν
3432 1579 3652 1651 δωρεῶν

2077 1674 2173 1728 τοῦ
2207 1674 2342 1728 Θεοῦ
2397 1675 2701 1746 βαρυτέρας
2740 1675 2890 1729 αίτία
2943 1675 3072 1746 ὑμῖν
3118 1674 3226 1743 (88)
3270 1673 3653 1744 κατακρίσεως

2076 1766 2324 1834 γένηται,
2353 1765 2666 1837 ἀχαρίστως
2693 1765 2831 1835 πρὸς
2856 1765 2948 1817 τὸν
2982 1763 3274 1834 εὐεργέτην
3303 1759 3652 1816 δια-τεθεῖσιν.

403 1861 604 1929 ingrati
629 1861 974 1916 exstiteritis.
1008 1860 1108 1915 Cui
1140 1861 1306 1924 enim,
1336 1860 1513 1931 inquit
1545 1860 1611 1922 ⁸⁸,
1637 1857 1966 1912 commenda-

2075 1852 2150 1927 τ’ῼ
2205 1857 2314 1928 γὰρ
2361 1855 2688 1924 παρέθεντο
2708 1897 2721 1919 ,
2770 1856 2905 1927 φησι
2925 1896 2940 1919 ,
2984 1855 3173 1923 πολὺ,
3217 1851 3654 1922 περισσότερον

403 1967 582 2007 verum
615 1954 862 2018 multum,
893 1955 1012 2021 plus
1048 1962 1275 2022 repetent
1309 1951 1373 2006 ab
1405 1969 1484 2006 eo.

880 2084 1400 2142 INTERROGATIO
1447 2083 1513 2140 ν.

720 2177 796 2235 De
832 2178 1063 2235 cavenda
1101 2180 1291 2233 mentis
1335 2177 1660 2248 evagatione.

986 2291 1396 2349 RESPONSIO.

483 2389 529 2443 Ι.
570 2385 710 2443 illud
739 2395 889 2442 certe
923 2387 1206 2443 sciendum
1237 2393 1344 2449 est,
1376 2400 1478 2440 nos
1499 2399 1608 2439 non
1636 2398 1797 2453 posse
1825 2381 1974 2435 aliud

403 2480 637 2552 quodvis
707 2480 1026 2534 mandatum
1092 2494 1329 2543 servare,
1403 2493 1580 2546 neque
1630 2475 1801 2530 Deum
1880 2481 1972 2527 aut

399 2574 708 2645 proximum
754 2570 997 2641 diligere,
1047 2570 1094 2626 si
1135 2569 1243 2624 huc
1278 2577 1333 2624 et
1371 2568 1499 2622 illuc
1538 2574 1720 2621 mente
1756 2566 1972 2636 divage-

400 2681 546 2720 mur.
578 2664 766 2734 Neque
796 2664 938 2719 enim
976 2671 1146 2716 artem
1189 2668 1283 2715 aut
1330 2660 1619 2714 scientiam
1663 2653 1972 2727 probe'cal-

401 2757 517 2812 lere
547 2763 746 2827 potest,
801 2755 896 2826 qui
939 2755 1007 2810 ab
1044 2754 1150 2808 alia
1201 2752 1268 2806 ad
1311 2752 1473 2805 aliam
1515 2751 1760 2804 transit:
1795 2763 1972 2818 neque

400 2864 568 2903 unam
610 2848 774 2903 etiam
817 2860 1159 2916 comparare,
1194 2844 1289 2914 qui
1324 2858 1388 2898 ea
1430 2857 1552 2912 qua:
1587 2841 1808 2910 propria
1848 2839 1972 2895 ﬁnis

403 2948 555 3002 sunt,
603 2941 839 3009 ignorat.
882 2935 990 2991 Par
1033 2950 1270 3006 namque
1321 2941 1406 2990 est
1457 2934 1702 2988 actiones
1744 2931 1811 2985 ad
1836 2947 1970 2986 sco-

401 3047 532 3103 pum
590 3039 644 3086 et
693 3029 851 3085 (idem
907 3027 1179 3098 quadrare
1237 3043 1252 3081 :
1307 3025 1576 3095 siquidem
1636 3023 1772 3078 nihil
1825 3021 1971 3092 quod

401 3130 612 3179 rectum
655 3124 758 3187 sit,
804 3123 894 3177 via
938 3122 1118 3191 inepta
1154 3126 1209 3175 et
1243 3117 1624 3186 incongruenti
1670 3115 1968 3185 peragitur.

2075 1945 2526 2013 ἁπαιτήσουσιν
2555 1945 2761 1998 αὐτόν.

2640 2097 2976 2152 ΕΡΩΤΗΣΙΣ
3009 2100 3085 2151 E'.

2239 2188 2380 2257 Περὶ
2409 2187 2516 2242 τοῦ
2549 2187 2697 2242 κατὰ
2724 2189 2996 2242 διάνοιαν
3020 2188 3484 2259 ἀμετεωοίστου,

2658 2299 3050 2355 ΛΠΟΚΡΙΣῙΣ.

2145 2389 2196 2443 1.
2229 2390 2436 2444 Ἐκεῖνο
2465 2391 2648 2462 μέντοι
2673 2407 2738 2459 γε
2759 2390 3049 2459 γινώσκειν
3073 2387 3199 2460 χρὴ,
3223 2388 3307 2441 ὅτι
3334 2385 3464 2441 οὔτε
3486 2386 3654 2458 ἄλλης

2072 2480 2216 2544 τινὸς
2255 2482 2474 2553 ἐντολῆς
2521 2482 2790 2553 τήρησιν,
2817 2480 2941 2534 οὐτε
2991 2481 3160 2551 αὐτὴν
3193 2479 3292 2551 τὴν
3336 2478 3477 2549 πρὸς
3519 2477 3652 2531 Θεὸν

2071 2572 2312 2643 ἀγάπην,
2340 2573 2463 2626 οὐτε
2497 2573 2596 2645 τὴν
2618 2574 2755 2645 πρὸς
2786 2576 2915 2639 τοὺς
2945 2573 3171 2646 πλησίον
3206 2573 3489 2644 δυνάμεθα
3517 2591 3652 2626 κατ-

2069 2663 2308 2734 ορθῶσαι
2329 2705 2343 2728 ,
2379 2665 2568 2719 ἄλλοτε
2599 2669 2729 2739 περὶ
2761 2667 2897 2722 ἄλλα
2938 2669 3060 2731 ταῖς
3101 2666 3363 2729 διανοίαις
3397 2667 3649 2719 ἀποπλα-

2071 2754 2323 2827 νώμενοι.
2347 2755 2482 2810 Οὔτε
2504 2757 2611 2829 γὰρ
2632 2757 2827 2830 τέχνην
2854 2757 2888 2829 ἢ
2909 2759 3218 2830 ἐπιστήμην
3245 2756 3550 2828 ἀκριῦῶσαι
3567 2755 3651 2809 δυ-

2071 2849 2250 2912 νατὸν,
2273 2847 2460 2902 ἄλλοτε
2481 2851 2568 2903 ἐπ’
2591 2849 2755 2920 ἄλλην
2780 2849 3175 2921 μεταϐαίνοντα
3193 2865 3206 2879 ·
3240 2850 3376 2921 μήτε
3404 2849 3513 2920 μὴν
3536 2848 3650 2919 (89)

2075 2943 2204 3012 μιᾶς
2237 2941 2654 3013 περιγενέσθαι,
2688 2943 2762 3013 μὴ
2802 2943 2873 2997 τὰ
2919 2944 3094 2996 οἰκεῖα
3138 2941 3232 2994 τοῦ
3276 2940 3467 3004 τέλους
3510 2958 3654 3010 γνω-

2075 3033 2319 3105 ρίσαντα.
2355 3036 2448 3087 Δεῖ
2493 3035 2603 3106 γὰρ
2636 3034 2965 3097 ἀκολούθους
3004 3031 3141 3087 εἶναι
3189 3033 3267 3103 τῷ
3310 3032 3503 3103 σκοπῷ
3551 3031 3654 3095 τὰς

2073 3127 2321 3198 πράξεις,
2347 3127 2424 3190 ὡς
2463 3125 2676 3190 οὐδενὸς
2717 3126 2826 3180 τῶν
2857 3125 3000 3179 κατὰ
3031 3125 3188 3192 λόγον
3229 3122 3319 3177 διὰ
3361 3123 3475 3176 τῶν
3505 3124 3652 3176 ἀνοι-

400 3215 536 3271 Nam
587 3231 761 3288 neque
812 3215 945 3270 artis
996 3214 1202 3268 aerariae
1251 3211 1376 3266 finis
1421 3225 1517 3279 per
1562 3208 1756 3278 ﬁglinae
1804 3221 1966 3275 opera

2075 3185 2234 3273 κείων
2286 3218 2746 3290 κατορθουμένου.
2808 3218 2962 3272 Ἐπεὶ
3003 3185 3128 3270 οὔτε
3173 3217 3236 3269 τὸ
3279 3213 3652 3286 χαλκευτικῆς

402 3308 612 3377 acquiri
661 3307 801 3363 solet
847 3327 860 3362 :
912 3321 1090 3377 neque
1133 3319 1231 3374 per
1280 3301 1530 3358 sedulum
1562 3301 1705 3356 tibiae
1747 3305 1968 3352 cantum

401 3408 666 3470 parantur
692 3398 965 3453 athleticae
993 3411 1228 3462 coronae,
1279 3395 1374 3450 sed
1408 3393 1706 3462 unicuique
1744 3389 1839 3444 ﬁni
1871 3404 1968 3459 pe-

402 3491 629 3545 culiaris
667 3504 732 3544 ac
768 3489 997 3545 idoneus
1025 3488 1178 3543 labor
1203 3487 1519 3557 requiritur.
1553 3486 1732 3552 Quare
1759 3485 1969 3540 exerci-

401 3586 543 3637 tatio
587 3583 750 3639 etiam
797 3596 918 3653 quae
959 3582 1018 3636 ﬁt
1062 3582 1217 3652 juxta
1259 3581 1462 3635 Christi
1505 3578 1855 3650 Evangelium
1901 3576 1969 3630 ad

401 3673 726 3746 placendum
769 3671 901 3738 Deo,
941 3671 998 3726 in
1044 3686 1110 3727 eo
1154 3669 1332 3742 posita
1362 3676 1466 3733 est,
1501 3669 1548 3725 si
1583 3668 1732 3723 curis
1777 3665 1969 3720 mundi

402 3766 731 3830 amandatis,
771 3778 986 3820 omnem
1031 3764 1231 3819 mentis
1282 3761 1650 3817 avocationem
1695 3757 1966 3829 propella-

398 3874 546 3912 mus.
571 3857 934 3924 Quamobrem
957 3855 1269 3926 Apostolus,
1293 3856 1395 3910 etsi
1426 3853 1663 3923 alioquin
1692 3852 1970 3922 permissa:

401 3952 513 4005 sint
541 3951 766 4020 nuptiae,
799 3949 1110 4018 fuerintque
1136 3948 1334 4003 habita:
1359 3947 1737 4002 benedictione
1767 3944 1966 4015 dignas,

399 4052 582 4097 tamen
612 4057 706 4096 cas
733 4056 852 4112 qua
880 4057 946 4097 ex
988 4040 1076 4096 his
1117 4045 1423 4096 nascuntur
1449 4038 1840 4108 occupationes
1870 4051 1968 4092 cn-

397 4134 478 4188 ris
523 4149 622 4202 pro
665 4133 776 4188 Deo
809 4133 1061 4203 gerendis
1102 4132 1377 4202 Opposuit,
1408 4131 1633 4201 perinde
1662 4131 1818 4200 quasi
1851 4131 1968 4185 haec

400 4225 544 4278 inter
577 4239 636 4279 se
667 4222 940 4278 cohaerere
982 4238 1090 4278 non
1133 4221 1293 4293 342
1335 4229 1578 4292 possent,
1624 4221 1709 4276 his
1737 4220 1916 4276 verbis
1947 4239 1962 4276 :

403 4312 510 4380 Qui
554 4313 668 4366 sine
695 4327 858 4366 uxore
884 4321 999 4375 est,
1035 4313 1295 4366 sollicitus
1324 4320 1402 4366 est
1430 4328 1546 4382 qua:
1576 4311 1787 4364 Domini
1821 4320 1962 4375 sunt,

397 4404 656 4472 quomodo
695 4402 988 4472 placiturus
1030 4405 1101 4457 sit
1122 4401 1232 4457 Deo
1267 4417 1286 4455 :
1318 4402 1407 4471 qui
1436 4411 1610 4454 autem
1653 4417 1769 4453 cum
1803 4417 1964 4454 uxore

395 4502 496 4558 est,
520 4495 781 4550 sollicitus
811 4502 889 4550 est
917 4509 1034 4564 qum
1060 4503 1181 4548 sunt
1213 4492 1415 4556 mundi,
1449 4493 1708 4563 quomodo
1736 4491 1965 4560 placitu-

395 4600 490 4638 rus
537 4586 607 4637 sit
649 4587 805 4640 uxori
853 4585 920 4638 ⁸⁷.
971 4583 1049 4640 lta
1100 4591 1154 4639 et
1205 4582 1470 4638 Dominus
1517 4583 1633 4638 suis
1672 4582 1958 4653 discipulis

393 4669 579 4724 animo
611 4669 828 4725 sincero
858 4681 913 4726 et
945 4671 1014 4726 ab
1048 4671 1197 4726 omni
1231 4671 1576 4728 aberratione
1611 4687 1782 4728 vacuo
1811 4688 1953 4744 pra:-

2071 3315 2220 3378 τέλος
2239 3315 2327 3368 διὰ
2347 3315 2453 3367 τῶν
2479 3315 2655 3388 ἔργων
2673 3316 2774 3386 τῆς
2800 3313 3099 3386 κεραμείας
3122 3313 3512 3385 περιγενέσθαι
3539 3312 3650 3384 (90)

2069 3405 2346 3473 πέφυκεν,
2393 3403 2518 3458 οὔτε
2568 3405 2846 3475 ἀθλητικοὶ
2889 3405 3136 3472 στέφανοι
3175 3404 3240 3456 ἐκ
3269 3403 3374 3472 τῆς
3415 3405 3547 3474 περὶ
3589 3401 3653 3454 τὸ

2068 3498 2252 3550 αὐλεῖν
2305 3497 2541 3568 σπουδῆς
2585 3496 3010 3569 κατορθοῦνται·
3065 3496 3202 3551 ἀλλὰ
3245 3497 3466 3566 ἑκάστῳ
3507 3497 3650 3548 τέλει

2068 3590 2266 3651 οἰκεῖος
2304 3588 2332 3640 ὁ
2373 3588 2534 3651 πόνος
2585 3589 2681 3642 καὶ
2735 3587 3088 3658 συναρμόζων
3135 3586 3479 3657 ἐπιζητεῖται
3513 3586 3646 3657 (9|).

2071 3681 2234 3733 Ὥστε
2267 3680 2360 3733 καὶ
2388 3683 2421 3751 ἡ
2474 3681 2706 3751 ἄσκησις
2741 3679 2842 3750 τῆς
2877 3679 3020 3734 κατὰ
3063 3679 3124 3732 τὸ
3169 3678 3507 3748 Εὐαγγέλιον
3552 3677 3648 3731 τοῦ

2067 3771 2304 3845 Χριστοῦ
2333 3773 2470 3845 πρὸς
2495 3773 2627 3826 Θεὸν
2665 3772 3072 3845 εὐαρεστήσεως
3104 3773 3163 3824 ὲν
3200 3774 3265 3843 τῇ
3297 3773 3648 3843 ἀναχωρήσει

2067 3865 2180 3918 τῶν
2218 3865 2504 3936 μεριμνῶν
2551 3864 2645 3917 τοῦ
2695 3867 2899 3936 κόσμου
2946 3865 3041 3918 καὶ
3075 3867 3142 3935 τῇ
3188 3862 3451 3916 παντελεῖ
3487 3863 3644 3916 ἀλλο-

2065 3954 2286 4028 τριὼσει
2311 3955 2419 4008 τῶν
2455 3955 2854 4027 περισπασμῶν
2876 3958 3009 4027 ἡμῖν
3037 3955 3416 4027 κατορθοῦται.
3446 3955 3646 4025 Διόπερ

2065 4045 2094 4096 ὁ
2134 4045 2485 4110 Ἀπόστολος,
2516 4046 2611 4100 καὶ
2657 4045 2834 4100 ταῦτα
2874 4047 3367 4117 συγκεχωρημένου
3415 4046 3508 4100 τοῦ
3545 4048 3646 4115 γά·-

2069 4155 2193 4209 μου,
2229 4139 2324 4192 καὶ
2369 4139 2620 4208 εὐλογίας
2654 4138 2981 4210 ἠξιωμένου,
3019 4139 3119 4202 τὰς
3158 4141 3252 4192 ἀπ’
3282 4139 3452 4192 αὐτοῦ
3482 4142 3646 4209 ἀσχο-

2065 4230 2184 4295 λίας
2209 4233 2328 4296 ταῖς
2357 4233 2485 4304 περὶ
2509 4232 2642 4286 Θεὸν
2665 4232 2777 4304 (92)
2806 4233 3100 4305 μερίμναις
3127 4232 3446 4303 ὰντέθηκεν,
3477 4232 3553 4296 ὡς
3580 4235 3641 4285 οὐ

2064 4321 2380 4393 δυναμένων
2414 4323 2621 4376 τούτων
2674 4323 2923 4394 ἀλλήλοις
2966 4325 3278 4396 συμϐῆναι,
3329 4324 3534 4376 εἰπών·
3579 4324 3640 4377 ’0

2063 4410 2290 4481 ἄγαμος
2325 4412 2578 4482 μεριμνᾷ
2621 4413 2695 4466 τὰ
2741 4413 2847 4467 τοῦ
2879 4415 3122 4482 Κυρίου,
3151 4411 3280 4478 πῶς
3321 4413 3522 4481 ἀρέσει
3561 4411 3643 4477 τῷ

1993 4525 2037 4581 D
2064 4503 2290 4570 Κυρίῳο
2323 4507 2357 4557 ό
2401 4502 2471 4556 δὲ
2515 4501 2793 4573 γαμήσας
2828 4501 3085 4573 μεριμνᾷ
3122 4503 3194 4558 τὰ
3232 4501 3342 4556 τοῦ
3381 4503 3639 4570 κόσμου.

2064 4595 2192 4660 πῶς
2215 4595 2421 4664 ἀρέσει
2452 4594 2531 4664 τῇ
2558 4597 2816 4667 γυναικί.
2858 4595 3013 4650 υῦτω
3038 4598 3133 4650 καὶ
3163 4600 3278 4659 τοῖς
3313 4596 3588 4667 μαθηταῖς
3613 4598 3641 4648 ό

2061 4687 2266 4759 Κύριος
2291 4687 2429 4759 μετὰ
2447 4689 2549 4760 τὴν
2567 4689 2831 4763 εἰλικρινῆ
2857 4691 2952 4744 καὶ¹
2978 4687 3378 4760 ἀμετεώριστον
3397 4689 3640 4742 διάθεσιν

390 4763 523 4818 ditis
555 4765 928 4821 testimonium
961 4751 1203 4823 reddidit
1233 4767 1424 4824 dicens
1459 4789 1470 4823 :
1515 4768 1616 4823 Vos
1657 4769 1722 4824 de
1760 4771 1954 4824 mundo

2075 4751 2375 4849 ιμαρτύρει,
2404 4751 2576 4846 λέγων
2595 4797 2607 4809 ·
2653 4751 2840 4848 Ὑμεῖς
2869 4783 2979 4835 οὐκ
3012 4751 3154 4834 ἐστὲ
3272 4779 3378 4833 τοῦ
3404 4779 3639 4847 κόσμου

389 4854 486 4907 hoc
514 4871 617 4908 non
654 4858 780 4910 estis
813 4856 877 4912 ⁸⁸.
909 4855 977 4911 Et
1005 4865 1221 4921 contra,
1253 4857 1367 4914 ﬁeri
1399 4875 1506 4914 non
1535 4875 1699 4930 posse
1724 4868 1956 4920 testatus

387 4954 494 5008 est,
536 4953 596 5001 ut
630 4946 866 5003 mundus
896 4949 1162 5019 reciperet
1196 4949 1290 5005 Dei
1320 4951 1710 5021 cognitionem,
1739 4963 1794 5009 et
1830 4953 1956 5024 Spi-

385 5041 553 5094 ritum
591 5049 842 5095 sanctum
885 5053 1105 5112 caperet
1153 5059 1169 5096 :
1212 5039 1375 5097 Pater
1395 5045 1539 5098 enim
1559 5044 1724 5113 juste,
1759 5046 1952 5117 inquit,

2062 4869 2299 4923 τούτου.
2330 4870 2441 4923 Καὶ
2482 4870 2590 4924 ἀπὸ
2637 4872 2731 4926 τοῦ
2775 4873 3038 4935 ἐναντίου,
3079 4873 3178 4942 τὴν
3227 4870 3324 4925 τοῦ
3356 4870 3492 4924 Θεοῦ
3517 4871 3641 4922 ἐπί-

2065 4977 2266 5028 γνωσιν
2298 4961 2389 5015 τὸν
2431 4963 2635 5034 κόσμον
2683 4964 2942 5019 ἀδύνατον
2984 4960 3121 5018 εἶναι
3166 4963 3456 5029 δέξασθαι,
3498 4961 3640 5034 μηδὲ

2065 5052 2288 5123 Πνεῦμα
2320 5053 2473 5122 ἅγιον
2506 5055 2755 5126 χωρῆσαι
2792 5054 3221 5127 διεμαρτύρατοο
3257 5053 3452 5122 Πάτερ
3491 5052 3637 5125 γὰρ,

455 5239 500 5270 ⁸⁵
539 5237 700 5293 Prov.
739 5255 790 5304 ι,
826 5241 883 5295 7.
959 5241 1004 5272 ⁸⁸
1039 5239 1172 5297 Luc.
1213 5257 1325 5308 xu,
1359 5241 1448 5297 48.
1526 5243 1570 5276 ⁸⁷
1609 5243 1628 5295 l
1660 5243 1786 5299 Cor.
1822 5261 1931 5310 vn,

2103 5245 2192 5302 55.
2271 5250 2314 5279 ⁶¹¹
2351 5248 2510 5304 Joan.
2545 5267 2635 5313 xv,
2673 5251 2758 5305 i9.

455 5415 865 5489 (87)_Yoculam
900 5417 993 5470 καί
1042 5417 1353 5489 addidimus
1396 5434 1469 5489 eg
1491 5420 1732 5489 antiquis
1775 5419 1953 5477 tribus

384 5482 558 5561 libris;
586 5485 744 5561 H_a_ud
774 5489 932 5561 longe
956 5487 1129 5561 codex
1152 5489 1320 5561 _Voss.
1349 5490 1408 5561 έν
1434 5482 1469 5561 ᾗ
1499 5482 1668 5542 πᾶσα.

453 5557 567 5632 (88)
609 5556 748 5632 ξ)όίῑὶ
779 5556 926 5632 arietat
951 5556 1619 5632 ouiv._An_tiquiquatuor
1639 5560 1768 5632 libri
1794 5561 1946 5632 ἡμῖν.

2126 5424 2239 5498 (θθ)
2274 5425 2498 5498 ᾼηῑίῳιὶ
2537 5425 2647 5481 duo
2677 5427 2799 5482 libri
2832 5429 3222 5498 περιγίνεσθαι.

2127 5495 2238 5570 (9i)
2285 5495 2438 5566 Regf
2466 5499 2659 5570 tertius
2708 5495 3060 5570 συναρμόζων
3109 5496 3402 5570 ἐπινοεῖται
3450 5515 3510 5551 τε
3540 5499 3640 5551 καὶ

2058 5566 2392 5638 ἐπιζητεῖται
2413 5608 2428 5628 ,
2460 5569 2790 5638 excogitatur
2820 5566 3211 5638 et'requiritur.
3255 5569 3441 5622 Codex
3471 5570 3638 5627 Colb.

455 5626 566 5694 (89)
601 5625 785 5704 Codex
811 5626 972 5706 Voss.
993 5625 1307 5706 ’et.alii_duo
1333 5625 1459 5706 obje
1493 5631 1618 5706 μήν.
1638 5625 1946 5706 hiortcodes

2075 5625 2425 5706 τυναρμόζων
2439 5625 2780 5692 ἐπιτελεῖται.

385 5691 695 5777 νοδεζτῶν⁴
715 5697 960 5777 σκοπῶν,
994 5697 1088 5750 καὶ
1134 5697 1232 5762 τὰς
1263 5691 1509 5770 πράξειςξ
1553 5691 1623 5754 Ἀι
1657 5700 1810 5756 Colb.
1856 5701 1949 5754 καὶ

389 5781 486 5816 σωκ·
520 5770 737 5818 σκοπῶν
775 5770 889 5820 τάς.

2127 5707 2242 5775 (92)
2275 5708 2455 5763 Codex
2489 5706 2642 5764 Voss.
2678 5717 2731 5763 et
2759 5709 2846 5764 alii
2883 5709 3126 5764 nonnulli
3160 5708 3286 5780 περὶ
3325 5708 3484 5762 Θεοῦ.
