  <div class='ocr_page' id='page_1' title='image "/cluster/home/n/w/nwhite01/storage/ocr_20150623/31/mdp.39015012934363/472.png"; bbox 0 0 3962 6238; ppageno 0'>
   <div class='ocr_carea' id='block_1_1' title="bbox 315 301 412 357">
    <p class='ocr_par' dir='ltr' id='par_1_1' title="bbox 315 301 412 357">
     <span class='ocr_line' id='line_1_1' title="bbox 315 301 412 357; baseline 0 -1"><span class='ocrx_word' id='word_1_1' title='bbox 315 301 412 357; x_wconf 73' lang='grc'><strong>921</strong></span> 
     </span>
    </p>
   </div>
   <div class='ocr_carea' id='block_1_2' title="bbox 316 416 717 491">
    <p class='ocr_par' dir='ltr' id='par_1_2' title="bbox 316 416 717 491">
     <span class='ocr_line' id='line_1_2' title="bbox 316 416 717 491; baseline -0.005 -19"><span class='ocrx_word' id='word_1_2' title='bbox 316 419 471 491; x_wconf 72' lang='grc' dir='ltr'>φησὶ,</span> <span class='ocrx_word' id='word_1_3' title='bbox 505 416 717 477; x_wconf 74' lang='grc' dir='ltr'>δίκαιε,</span> 
     </span>
    </p>
   </div>
   <div class='ocr_carea' id='block_1_3' title="bbox 316 511 1898 583">
    <p class='ocr_par' dir='ltr' id='par_1_3' title="bbox 316 511 1898 583">
     <span class='ocr_line' id='line_1_3' title="bbox 316 511 1898 583; baseline -0.001 -14"><span class='ocrx_word' id='word_1_4' title='bbox 316 513 560 582; x_wconf 82' lang='grc' dir='ltr'><strong>Πνεῦμα</strong></span> <span class='ocrx_word' id='word_1_5' title='bbox 600 511 710 580; x_wconf 81' lang='grc' dir='ltr'>τῆς</span> <span class='ocrx_word' id='word_1_6' title='bbox 742 511 1059 579; x_wconf 79' lang='grc' dir='ltr'><strong>ἀληθείας,</strong></span> <span class='ocrx_word' id='word_1_7' title='bbox 1109 511 1140 564; x_wconf 84' lang='grc' dir='ltr'>ὃ</span> <span class='ocrx_word' id='word_1_8' title='bbox 1198 515 1231 565; x_wconf 84' lang='grc' dir='ltr'><strong>ό</strong></span> <span class='ocrx_word' id='word_1_9' title='bbox 1272 513 1500 583; x_wconf 82' lang='grc' dir='ltr'>κόσμος</span> <span class='ocrx_word' id='word_1_10' title='bbox 1531 515 1604 568; x_wconf 86' lang='grc' dir='ltr'>οὐ</span> <span class='ocrx_word' id='word_1_11' title='bbox 1647 513 1898 569; x_wconf 75' lang='grc' dir='ltr'>δύναται</span> 
     </span>
    </p>
   </div>
   <div class='ocr_carea' id='block_1_4' title="bbox 316 604 548 661">
    <p class='ocr_par' dir='ltr' id='par_1_4' title="bbox 316 604 548 661">
     <span class='ocr_line' id='line_1_4' title="bbox 316 604 548 661; baseline -0.017 0"><span class='ocrx_word' id='word_1_12' title='bbox 316 604 548 661; x_wconf 70' lang='grc' dir='ltr'>λαϐεῖν.</span> 
     </span>
    </p>
   </div>
   <div class='ocr_carea' id='block_1_5' title="bbox 385 688 1896 766">
    <p class='ocr_par' dir='ltr' id='par_1_5' title="bbox 385 688 1896 766">
     <span class='ocr_line' id='line_1_5' title="bbox 385 688 1896 766; baseline -0.001 -15"><span class='ocrx_word' id='word_1_13' title='bbox 385 698 442 752; x_wconf 64' lang='lat'><strong>2.</strong></span> <span class='ocrx_word' id='word_1_14' title='bbox 477 695 720 766; x_wconf 78' lang='grc' dir='ltr'>Λυθῆναι</span> <span class='ocrx_word' id='word_1_15' title='bbox 752 688 845 748; x_wconf 80' lang='grc' dir='ltr'><strong>οὖν</strong></span> <span class='ocrx_word' id='word_1_16' title='bbox 876 695 958 748; x_wconf 88' lang='grc' dir='ltr'><strong>δεῖ</strong></span> <span class='ocrx_word' id='word_1_17' title='bbox 993 693 1100 746; x_wconf 90' lang='grc' dir='ltr'><strong>τῶν</strong></span> <span class='ocrx_word' id='word_1_18' title='bbox 1127 693 1339 765; x_wconf 84' lang='grc' dir='ltr'><strong>δεσμῶν</strong></span> <span class='ocrx_word' id='word_1_19' title='bbox 1375 694 1476 764; x_wconf 82' lang='grc' dir='ltr'><strong>τῆς</strong></span> <span class='ocrx_word' id='word_1_20' title='bbox 1519 695 1896 766; x_wconf 87' lang='grc' dir='ltr'>προσπαθείας</span> 
     </span>
    </p>
   </div>
   <div class='ocr_carea' id='block_1_6' title="bbox 315 786 1892 860">
    <p class='ocr_par' dir='ltr' id='par_1_6' title="bbox 315 786 1892 860">
     <span class='ocr_line' id='line_1_6' title="bbox 315 786 1892 860; baseline 0.001 -17"><span class='ocrx_word' id='word_1_21' title='bbox 315 789 412 843; x_wconf 87' lang='grc' dir='ltr'><strong>τοῦ</strong></span> <span class='ocrx_word' id='word_1_22' title='bbox 440 789 557 859; x_wconf 79' lang='grc' dir='ltr'>βίου</span> <span class='ocrx_word' id='word_1_23' title='bbox 593 788 684 840; x_wconf 83' lang='grc' dir='ltr'><strong>τόν</strong></span> <span class='ocrx_word' id='word_1_24' title='bbox 717 803 781 855; x_wconf 91' lang='grc' dir='ltr'><strong>γε</strong></span> <span class='ocrx_word' id='word_1_25' title='bbox 823 786 1092 858; x_wconf 80' lang='grc' dir='ltr'><strong>ἀληθινῶς</strong></span> <span class='ocrx_word' id='word_1_26' title='bbox 1118 786 1196 858; x_wconf 80' lang='grc' dir='ltr'>τῷ</span> <span class='ocrx_word' id='word_1_27' title='bbox 1220 787 1339 858; x_wconf 82' lang='grc' dir='ltr'>Θεῷ</span> <span class='ocrx_word' id='word_1_28' title='bbox 1368 788 1755 859; x_wconf 81' lang='grc' dir='ltr'>ἀκολουθήσειν</span> <span class='ocrx_word' id='word_1_29' title='bbox 1781 788 1892 860; x_wconf 82' lang='grc'>(95)</span> 
     </span>
    </p>
   </div>
   <div class='ocr_carea' id='block_1_7' title="bbox 319 879 1894 955">
    <p class='ocr_par' dir='ltr' id='par_1_7' title="bbox 319 879 1894 955">
     <span class='ocr_line' id='line_1_7' title="bbox 319 879 1894 955; baseline -0.001 -19"><span class='ocrx_word' id='word_1_30' title='bbox 319 883 617 955; x_wconf 84' lang='grc' dir='ltr'>μέλλοντα⁶</span> <span class='ocrx_word' id='word_1_31' title='bbox 684 879 842 933; x_wconf 86' lang='grc' dir='ltr'>τοῦτο</span> <span class='ocrx_word' id='word_1_32' title='bbox 896 879 952 931; x_wconf 78' lang='grc' dir='ltr'>δὲ</span> <span class='ocrx_word' id='word_1_33' title='bbox 1012 879 1099 932; x_wconf 80' lang='grc' dir='ltr'>διὰ</span> <span class='ocrx_word' id='word_1_34' title='bbox 1153 880 1450 943; x_wconf 77' lang='grc' dir='ltr'>παντελοῦς</span> <span class='ocrx_word' id='word_1_35' title='bbox 1493 881 1894 952; x_wconf 81' lang='grc' dir='ltr'>ἀναχωρήσεως</span> 
     </span>
    </p>
   </div>
   <div class='ocr_carea' id='block_1_8' title="bbox 317 970 1887 1044">
    <p class='ocr_par' dir='ltr' id='par_1_8' title="bbox 317 970 1887 1044">
     <span class='ocr_line' id='line_1_8' title="bbox 317 970 1887 1044; baseline -0.003 -16"><span class='ocrx_word' id='word_1_36' title='bbox 317 976 413 1028; x_wconf 86' lang='grc' dir='ltr'><strong>καὶ</strong></span> <span class='ocrx_word' id='word_1_37' title='bbox 436 974 605 1044; x_wconf 80' lang='grc' dir='ltr'>λήθης</span> <span class='ocrx_word' id='word_1_38' title='bbox 632 972 741 1026; x_wconf 85' lang='grc' dir='ltr'><strong>τῶν</strong></span> <span class='ocrx_word' id='word_1_39' title='bbox 767 971 1010 1025; x_wconf 88' lang='grc' dir='ltr'>παλαιῶν</span> <span class='ocrx_word' id='word_1_40' title='bbox 1033 970 1170 1025; x_wconf 81' lang='grc' dir='ltr'>ἐθῶν</span> <span class='ocrx_word' id='word_1_41' title='bbox 1193 970 1573 1044; x_wconf 83' lang='grc' dir='ltr'>κατορθοῦται.</span> <span class='ocrx_word' id='word_1_42' title='bbox 1615 974 1700 1036; x_wconf 81' lang='grc' dir='ltr'>Ὠς</span> <span class='ocrx_word' id='word_1_43' title='bbox 1735 975 1784 1025; x_wconf 87' lang='grc' dir='ltr'>εἰ</span> <span class='ocrx_word' id='word_1_44' title='bbox 1813 973 1887 1044; x_wconf 88' lang='grc' dir='ltr'>μή</span> 
     </span>
    </p>
   </div>
   <div class='ocr_carea' id='block_1_9' title="bbox 313 1063 1892 1138">
    <p class='ocr_par' dir='ltr' id='par_1_9' title="bbox 313 1063 1892 1138">
     <span class='ocr_line' id='line_1_9' title="bbox 313 1063 1892 1138; baseline -0.003 -17"><span class='ocrx_word' id='word_1_45' title='bbox 313 1085 379 1138; x_wconf 90' lang='grc' dir='ltr'><strong>γε</strong></span> <span class='ocrx_word' id='word_1_46' title='bbox 402 1065 841 1136; x_wconf 77' lang='grc' dir='ltr'>ἀποξενὼσοιμεν</span> <span class='ocrx_word' id='word_1_47' title='bbox 865 1063 978 1136; x_wconf 67' lang='lat'><strong>(94)</strong></span> <span class='ocrx_word' id='word_1_48' title='bbox 1017 1064 1262 1129; x_wconf 82' lang='grc' dir='ltr'>ἑαυτοὺς,</span> <span class='ocrx_word' id='word_1_49' title='bbox 1291 1065 1384 1118; x_wconf 75' lang='grc' dir='ltr'><strong>καὶ</strong></span> <span class='ocrx_word' id='word_1_50' title='bbox 1406 1065 1722 1133; x_wconf 79' lang='grc' dir='ltr'>συγγενείας</span> <span class='ocrx_word' id='word_1_51' title='bbox 1759 1081 1892 1136; x_wconf 87' lang='grc' dir='ltr'>σαρ-</span> 
     </span>
    </p>
   </div>
   <div class='ocr_carea' id='block_1_10' title="bbox 311 1155 1888 1232">
    <p class='ocr_par' dir='ltr' id='par_1_10' title="bbox 311 1155 1888 1232">
     <span class='ocr_line' id='line_1_10' title="bbox 311 1155 1888 1232; baseline -0.003 -17"><span class='ocrx_word' id='word_1_52' title='bbox 311 1161 498 1232; x_wconf 81' lang='grc' dir='ltr'>κικῆς,</span> <span class='ocrx_word' id='word_1_53' title='bbox 530 1158 626 1212; x_wconf 69' lang='grc' dir='ltr'><strong>καὶ</strong></span> <span class='ocrx_word' id='word_1_54' title='bbox 645 1158 928 1221; x_wconf 85' lang='grc' dir='ltr'>κοινωνίας</span> <span class='ocrx_word' id='word_1_55' title='bbox 959 1155 1097 1226; x_wconf 84' lang='grc' dir='ltr'>βίου,</span> <span class='ocrx_word' id='word_1_56' title='bbox 1121 1157 1284 1208; x_wconf 74' lang='grc' dir='ltr'>οἱονεὶ</span> <span class='ocrx_word' id='word_1_57' title='bbox 1313 1156 1450 1227; x_wconf 83' lang='grc' dir='ltr'>πρὸς</span> <span class='ocrx_word' id='word_1_58' title='bbox 1472 1156 1658 1228; x_wconf 75' lang='grc' dir='ltr'>ἕτερον</span> <span class='ocrx_word' id='word_1_59' title='bbox 1683 1157 1888 1227; x_wconf 89' lang='grc' dir='ltr'>κόσμον</span> 
     </span>
    </p>
   </div>
   <div class='ocr_carea' id='block_1_11' title="bbox 308 1246 1884 1322">
    <p class='ocr_par' dir='ltr' id='par_1_11' title="bbox 308 1246 1884 1322">
     <span class='ocr_line' id='line_1_11' title="bbox 308 1246 1884 1322; baseline -0.003 -17"><span class='ocrx_word' id='word_1_60' title='bbox 308 1251 401 1305; x_wconf 80' lang='grc' dir='ltr'>διὰ</span> <span class='ocrx_word' id='word_1_61' title='bbox 432 1251 532 1322; x_wconf 84' lang='grc' dir='ltr'>τῆς</span> <span class='ocrx_word' id='word_1_62' title='bbox 577 1250 814 1320; x_wconf 84' lang='grc' dir='ltr'>σχέσεως</span> <span class='ocrx_word' id='word_1_63' title='bbox 850 1248 1289 1319; x_wconf 85' lang='grc' dir='ltr'>μεταϐαίνοντες,</span> <span class='ocrx_word' id='word_1_64' title='bbox 1318 1246 1460 1300; x_wconf 88' lang='grc' dir='ltr'><strong>κατά</strong></span> <span class='ocrx_word' id='word_1_65' title='bbox 1504 1247 1596 1300; x_wconf 81' lang='grc' dir='ltr'><strong>τὸν</strong></span> <span class='ocrx_word' id='word_1_66' title='bbox 1639 1247 1884 1302; x_wconf 79' lang='grc' dir='ltr'>εἰπόντα.</span> 
     </span>
    </p>
   </div>
   <div class='ocr_carea' id='block_1_12' title="bbox 317 1337 1882 1412">
    <p class='ocr_par' dir='ltr' id='par_1_12' title="bbox 317 1337 1882 1412">
     <span class='ocr_line' id='line_1_12' title="bbox 317 1337 1882 1412; baseline -0.003 -13"><span class='ocrx_word' id='word_1_67' title='bbox 317 1341 513 1412; x_wconf 83' lang='grc' dir='ltr'>Ἠμῶν</span> <span class='ocrx_word' id='word_1_68' title='bbox 535 1340 645 1412; x_wconf 79' lang='grc' dir='ltr'><strong>τὰρ</strong></span> <span class='ocrx_word' id='word_1_69' title='bbox 666 1341 732 1396; x_wconf 84' lang='grc' dir='ltr'>τὸ</span> <span class='ocrx_word' id='word_1_70' title='bbox 754 1341 1085 1408; x_wconf 73' lang='grc' dir='ltr'>πολίτευμα</span> <span class='ocrx_word' id='word_1_71' title='bbox 1099 1339 1169 1391; x_wconf 79' lang='grc' dir='ltr'>ἐν</span> <span class='ocrx_word' id='word_1_72' title='bbox 1187 1338 1464 1406; x_wconf 79' lang='grc' dir='ltr'>οὐρανοῖς</span> <span class='ocrx_word' id='word_1_73' title='bbox 1480 1337 1734 1409; x_wconf 76' lang='grc' dir='ltr'><strong>ὑπάρχει</strong></span> <span class='ocrx_word' id='word_1_74' title='bbox 1749 1341 1882 1410; x_wconf 84' lang='grc'>(95),</span> 
     </span>
    </p>
   </div>
   <div class='ocr_carea' id='block_1_13' title="bbox 303 1429 1884 1507">
    <p class='ocr_par' dir='ltr' id='par_1_13' title="bbox 303 1429 1884 1507">
     <span class='ocr_line' id='line_1_13' title="bbox 303 1429 1884 1507; baseline -0.003 -18"><span class='ocrx_word' id='word_1_75' title='bbox 303 1437 587 1507; x_wconf 80' lang='grc' dir='ltr'>ἀμήχανον</span> <span class='ocrx_word' id='word_1_76' title='bbox 612 1435 760 1504; x_wconf 77' lang='grc' dir='ltr'>ἡμᾶς</span> <span class='ocrx_word' id='word_1_77' title='bbox 811 1431 1192 1504; x_wconf 76' lang='grc' dir='ltr'>περιγενέσθαι</span> <span class='ocrx_word' id='word_1_78' title='bbox 1224 1429 1318 1483; x_wconf 86' lang='grc' dir='ltr'><strong>τοῦ</strong></span> <span class='ocrx_word' id='word_1_79' title='bbox 1369 1430 1569 1484; x_wconf 81' lang='grc' dir='ltr'>σκοποῦ</span> <span class='ocrx_word' id='word_1_80' title='bbox 1613 1433 1712 1501; x_wconf 85' lang='grc' dir='ltr'>τῆς</span> <span class='ocrx_word' id='word_1_81' title='bbox 1746 1432 1884 1503; x_wconf 85' lang='grc' dir='ltr'>πρὸς</span> 
     </span>
    </p>
   </div>
   <div class='ocr_carea' id='block_1_14' title="bbox 299 1521 1878 1596">
    <p class='ocr_par' dir='ltr' id='par_1_14' title="bbox 299 1521 1878 1596">
     <span class='ocr_line' id='line_1_14' title="bbox 299 1521 1878 1596; baseline -0.001 -18"><span class='ocrx_word' id='word_1_82' title='bbox 299 1526 436 1578; x_wconf 85' lang='grc' dir='ltr'>Θεὸν</span> <span class='ocrx_word' id='word_1_83' title='bbox 465 1525 900 1596; x_wconf 80' lang='grc' dir='ltr'>εὐαρεστήσεως,</span> <span class='ocrx_word' id='word_1_84' title='bbox 932 1521 1024 1576; x_wconf 86' lang='grc' dir='ltr'><strong>τοῦ</strong></span> <span class='ocrx_word' id='word_1_85' title='bbox 1057 1523 1265 1593; x_wconf 79' lang='grc' dir='ltr'><strong>Κυρίου</strong></span> <span class='ocrx_word' id='word_1_86' title='bbox 1293 1522 1584 1593; x_wconf 86' lang='grc' dir='ltr'>όριστικῶς</span> <span class='ocrx_word' id='word_1_87' title='bbox 1613 1524 1878 1588; x_wconf 82' lang='grc' dir='ltr'>εἰπόντος,</span> 
     </span>
    </p>
   </div>
   <div class='ocr_carea' id='block_1_15' title="bbox 299 1613 1879 1683">
    <p class='ocr_par' dir='ltr' id='par_1_15' title="bbox 299 1613 1879 1683">
     <span class='ocr_line' id='line_1_15' title="bbox 299 1613 1879 1683; baseline -0.001 -14"><span class='ocrx_word' id='word_1_88' title='bbox 299 1617 382 1669; x_wconf 81' lang='grc' dir='ltr'>ὅτι</span> <span class='ocrx_word' id='word_1_89' title='bbox 416 1616 581 1669; x_wconf 83' lang='grc' dir='ltr'><strong>Οὕτω</strong></span> <span class='ocrx_word' id='word_1_90' title='bbox 613 1613 732 1680; x_wconf 77' lang='grc' dir='ltr'>πᾶς</span> <span class='ocrx_word' id='word_1_91' title='bbox 757 1615 826 1678; x_wconf 81' lang='grc' dir='ltr'>ἐξ</span> <span class='ocrx_word' id='word_1_92' title='bbox 849 1613 1033 1683; x_wconf 70' lang='grc' dir='ltr'>ὑμῶν,</span> <span class='ocrx_word' id='word_1_93' title='bbox 1060 1613 1127 1678; x_wconf 77' lang='grc' dir='ltr'>ὃς</span> <span class='ocrx_word' id='word_1_94' title='bbox 1153 1615 1263 1665; x_wconf 85' lang='grc' dir='ltr'>οὐκ</span> <span class='ocrx_word' id='word_1_95' title='bbox 1299 1613 1706 1668; x_wconf 81' lang='grc' dir='ltr'>ἀποτάσσεται</span> <span class='ocrx_word' id='word_1_96' title='bbox 1729 1613 1879 1670; x_wconf 80' lang='grc' dir='ltr'>πᾶσι</span> 
     </span>
    </p>
   </div>
   <div class='ocr_carea' id='block_1_16' title="bbox 296 1703 1874 1777">
    <p class='ocr_par' dir='ltr' id='par_1_16' title="bbox 296 1703 1874 1777">
     <span class='ocr_line' id='line_1_16' title="bbox 296 1703 1874 1777; baseline 0 -15"><span class='ocrx_word' id='word_1_97' title='bbox 296 1709 425 1774; x_wconf 84' lang='grc' dir='ltr'>τοῖς</span> <span class='ocrx_word' id='word_1_98' title='bbox 467 1707 856 1776; x_wconf 79' lang='grc' dir='ltr'><strong>ὑπάρχουσιν</strong></span> <span class='ocrx_word' id='word_1_99' title='bbox 891 1706 1140 1770; x_wconf 76' lang='grc' dir='ltr'>ἑαυτοῦ,</span> <span class='ocrx_word' id='word_1_100' title='bbox 1178 1708 1251 1759; x_wconf 85' lang='grc' dir='ltr'>οὑ</span> <span class='ocrx_word' id='word_1_101' title='bbox 1287 1705 1536 1759; x_wconf 77' lang='grc' dir='ltr'>δύναται</span> <span class='ocrx_word' id='word_1_102' title='bbox 1565 1703 1720 1760; x_wconf 78' lang='grc' dir='ltr'>εἶναι</span> <span class='ocrx_word' id='word_1_103' title='bbox 1753 1726 1874 1777; x_wconf 86' lang='grc' dir='ltr'><strong>μου</strong></span> 
     </span>
    </p>
   </div>
   <div class='ocr_carea' id='block_1_17' title="bbox 1376 301 2419 388">
    <p class='ocr_par' dir='ltr' id='par_1_17' title="bbox 1376 301 2419 388">
     <span class='ocr_line' id='line_1_17' title="bbox 1376 301 2419 388; baseline 0.006 -33"><span class='ocrx_word' id='word_1_104' title='bbox 1376 302 1680 388; x_wconf 63' lang='lat' dir='ltr'><strong>RECUL/E</strong></span> <span class='ocrx_word' id='word_1_105' title='bbox 1719 301 1971 358; x_wconf 70' lang='lat' dir='ltr'><strong>FUSllJ-S</strong></span> <span class='ocrx_word' id='word_1_106' title='bbox 2004 303 2419 362; x_wconf 70' lang='lat' dir='ltr'><strong>TRACTATAS.</strong></span> 
     </span>
    </p>
   </div>
   <div class='ocr_carea' id='block_1_18' title="bbox 839 417 1866 500">
    <p class='ocr_par' dir='ltr' id='par_1_18' title="bbox 839 417 1866 490">
     <span class='ocr_line' id='line_1_18' title="bbox 839 417 1866 490; baseline 0.007 -23"><span class='ocrx_word' id='word_1_107' title='bbox 839 417 850 466; x_wconf 83' lang='lat'><strong>&#39;2</strong></span> <span class='ocrx_word' id='word_1_108' title='bbox 882 421 914 471; x_wconf 87' lang='grc' dir='ltr'><strong>ό</strong></span> <span class='ocrx_word' id='word_1_109' title='bbox 946 419 1174 486; x_wconf 80' lang='grc' dir='ltr'>κόσμος</span> <span class='ocrx_word' id='word_1_110' title='bbox 1197 433 1269 473; x_wconf 89' lang='grc' dir='ltr'><strong>σε</strong></span> <span class='ocrx_word' id='word_1_111' title='bbox 1292 421 1402 472; x_wconf 78' lang='grc' dir='ltr'>οὐκ</span> <span class='ocrx_word' id='word_1_112' title='bbox 1434 423 1588 490; x_wconf 73' lang='grc' dir='ltr'>ἔγνω</span> <span class='ocrx_word' id='word_1_113' title='bbox 1608 439 1620 450; x_wconf 88' lang='grc'>·</span> <span class='ocrx_word' id='word_1_114' title='bbox 1665 420 1779 485; x_wconf 72' lang='grc' dir='ltr'>καὶ,</span> <span class='ocrx_word' id='word_1_115' title='bbox 1821 425 1866 474; x_wconf 75' lang='lat' dir='ltr'><strong>Ti</strong></span> 
     </span>
    </p>
   </div>
   <div class='ocr_carea' id='block_1_19' title="bbox 1973 417 3570 500">
    <p class='ocr_par' dir='ltr' id='par_1_19' title="bbox 1993 424 3570 500">
     <span class='ocr_line' id='line_1_19' title="bbox 1993 424 3570 500; baseline 0.007 -23"><span class='ocrx_word' id='word_1_116' title='bbox 1993 424 2414 488; x_wconf 48' lang='lat' dir='ltr'><strong>etiannmundus</strong></span> <span class='ocrx_word' id='word_1_117' title='bbox 2443 437 2490 478; x_wconf 82' lang='lat' dir='ltr'><strong>te</strong></span> <span class='ocrx_word' id='word_1_118' title='bbox 2517 429 2755 496; x_wconf 83' lang='lat' dir='ltr'><strong>cognovit</strong></span> <span class='ocrx_word' id='word_1_119' title='bbox 2780 429 2826 460; x_wconf 85' lang='grc'><strong>⁶⁹</strong></span> <span class='ocrx_word' id='word_1_120' title='bbox 2855 447 2869 496; x_wconf 88' lang='grc'>;</span> <span class='ocrx_word' id='word_1_121' title='bbox 2901 437 2955 484; x_wconf 87' lang='lat' dir='ltr'><strong>et</strong></span> <span class='ocrx_word' id='word_1_122' title='bbox 2990 450 3002 485; x_wconf 92' lang='lat'><strong>:</strong></span> <span class='ocrx_word' id='word_1_123' title='bbox 3039 428 3269 498; x_wconf 74' lang='lat' dir='ltr'><strong>Spiritus</strong></span> <span class='ocrx_word' id='word_1_124' title='bbox 3301 431 3570 500; x_wconf 81' lang='lat' dir='ltr'><strong>veritatis,</strong></span> 
     </span>
    </p>
   </div>
   <div class='ocr_carea' id='block_1_20' title="bbox 3473 314 3576 370">
    <p class='ocr_par' dir='ltr' id='par_1_20' title="bbox 3473 314 3576 370">
     <span class='ocr_line' id='line_1_20' title="bbox 3473 314 3576 370; baseline 0 0"><span class='ocrx_word' id='word_1_125' title='bbox 3473 314 3576 370; x_wconf 70' lang='lat'><strong>923</strong></span> 
     </span>
    </p>
   </div>
   <div class='ocr_carea' id='block_1_21' title="bbox 1998 517 3112 589">
    <p class='ocr_par' dir='ltr' id='par_1_21' title="bbox 1998 517 3112 589">
     <span class='ocr_line' id='line_1_21' title="bbox 1998 517 3112 589; baseline 0.01 -23"><span class='ocrx_word' id='word_1_126' title='bbox 1998 531 2154 584; x_wconf 84' lang='lat' dir='ltr'><strong>quem</strong></span> <span class='ocrx_word' id='word_1_127' title='bbox 2185 517 2412 571; x_wconf 85' lang='lat' dir='ltr'><strong>mundus</strong></span> <span class='ocrx_word' id='word_1_128' title='bbox 2443 534 2546 570; x_wconf 89' lang='lat' dir='ltr'><strong>non</strong></span> <span class='ocrx_word' id='word_1_129' title='bbox 2579 526 2755 586; x_wconf 81' lang='lat' dir='ltr'><strong>potest</strong></span> <span class='ocrx_word' id='word_1_130' title='bbox 2779 523 3013 589; x_wconf 86' lang='lat' dir='ltr'><strong>accipere</strong></span> <span class='ocrx_word' id='word_1_131' title='bbox 3042 523 3112 577; x_wconf 66' lang='lat'><strong>7°.</strong></span> 
     </span>
    </p>
   </div>
   <div class='ocr_carea' id='block_1_22' title="bbox 2067 696 3568 768">
    <p class='ocr_par' dir='ltr' id='par_1_22' title="bbox 2067 696 3568 768">
     <span class='ocr_line' id='line_1_22' title="bbox 2067 696 3568 768; baseline 0.002 -17"><span class='ocrx_word' id='word_1_132' title='bbox 2067 696 2122 751; x_wconf 73' lang='grc'><strong>2.</strong></span> <span class='ocrx_word' id='word_1_133' title='bbox 2163 696 2426 766; x_wconf 87' lang='lat' dir='ltr'><strong>Quisquis</strong></span> <span class='ocrx_word' id='word_1_134' title='bbox 2465 697 2630 766; x_wconf 79' lang='lat' dir='ltr'><strong>igitur</strong></span> <span class='ocrx_word' id='word_1_135' title='bbox 2666 713 2794 752; x_wconf 81' lang='lat' dir='ltr'><strong>vero</strong></span> <span class='ocrx_word' id='word_1_136' title='bbox 2842 696 3009 753; x_wconf 89' lang='lat' dir='ltr'><strong>Deum</strong></span> <span class='ocrx_word' id='word_1_137' title='bbox 3065 699 3221 768; x_wconf 84' lang='lat' dir='ltr'><strong>sequi</strong></span> <span class='ocrx_word' id='word_1_138' title='bbox 3264 700 3401 766; x_wconf 89' lang='lat' dir='ltr'><strong>vult,</strong></span> <span class='ocrx_word' id='word_1_139' title='bbox 3449 701 3568 754; x_wconf 86' lang='lat' dir='ltr'><strong>vin-</strong></span> 
     </span>
    </p>
   </div>
   <div class='ocr_carea' id='block_1_23' title="bbox 1995 791 3564 860">
    <p class='ocr_par' dir='ltr' id='par_1_23' title="bbox 1995 791 3564 860">
     <span class='ocr_line' id='line_1_23' title="bbox 1995 791 3564 860; baseline 0.001 -15"><span class='ocrx_word' id='word_1_140' title='bbox 1995 792 2141 846; x_wconf 85' lang='lat' dir='ltr'><strong>culis</strong></span> <span class='ocrx_word' id='word_1_141' title='bbox 2176 791 2521 847; x_wconf 83' lang='lat' dir='ltr'><strong>aﬂ‘eetionum</strong></span> <span class='ocrx_word' id='word_1_142' title='bbox 2552 791 2679 846; x_wconf 69' lang='lat' dir='ltr'><strong>vita:</strong></span> <span class='ocrx_word' id='word_1_143' title='bbox 2715 791 2880 860; x_wconf 87' lang='lat' dir='ltr'><strong>hujus</strong></span> <span class='ocrx_word' id='word_1_144' title='bbox 2907 792 3151 847; x_wconf 76' lang='lat' dir='ltr'><strong>solvatur</strong></span> <span class='ocrx_word' id='word_1_145' title='bbox 3183 808 3408 847; x_wconf 88' lang='lat' dir='ltr'><strong>necesse</strong></span> <span class='ocrx_word' id='word_1_146' title='bbox 3439 803 3523 847; x_wconf 89' lang='lat' dir='ltr'><strong>est</strong></span> <span class='ocrx_word' id='word_1_147' title='bbox 3550 811 3564 846; x_wconf 87' lang='lat'><strong>:</strong></span> 
     </span>
    </p>
   </div>
   <div class='ocr_carea' id='block_1_24' title="bbox 1995 884 3564 954">
    <p class='ocr_par' dir='ltr' id='par_1_24' title="bbox 1995 884 3564 954">
     <span class='ocr_line' id='line_1_24' title="bbox 1995 884 3564 954; baseline 0 -18"><span class='ocrx_word' id='word_1_148' title='bbox 1995 884 2141 954; x_wconf 90' lang='lat' dir='ltr'><strong>quod</strong></span> <span class='ocrx_word' id='word_1_149' title='bbox 2175 899 2274 954; x_wconf 89' lang='lat' dir='ltr'><strong>per</strong></span> <span class='ocrx_word' id='word_1_150' title='bbox 2313 885 2580 953; x_wconf 84' lang='lat' dir='ltr'><strong>integrum</strong></span> <span class='ocrx_word' id='word_1_151' title='bbox 2638 899 2920 938; x_wconf 90' lang='lat' dir='ltr'><strong>secessum</strong></span> <span class='ocrx_word' id='word_1_152' title='bbox 2965 899 3293 954; x_wconf 87' lang='lat' dir='ltr'><strong>morumque</strong></span> <span class='ocrx_word' id='word_1_153' title='bbox 3321 891 3564 938; x_wconf 91' lang='lat' dir='ltr'><strong>veterum</strong></span> 
     </span>
    </p>
   </div>
   <div class='ocr_carea' id='block_1_25' title="bbox 1994 975 3565 1046">
    <p class='ocr_par' dir='ltr' id='par_1_25' title="bbox 1994 975 3565 1046">
     <span class='ocr_line' id='line_1_25' title="bbox 1994 975 3565 1046; baseline -0.003 -14"><span class='ocrx_word' id='word_1_154' title='bbox 1994 975 2326 1032; x_wconf 86' lang='lat' dir='ltr'><strong>oblivionem</strong></span> <span class='ocrx_word' id='word_1_155' title='bbox 2374 975 2674 1046; x_wconf 81' lang='lat' dir='ltr'><strong>perﬁcitur.</strong></span> <span class='ocrx_word' id='word_1_156' title='bbox 2705 975 2884 1041; x_wconf 83' lang='lat' dir='ltr'><strong>Quare</strong></span> <span class='ocrx_word' id='word_1_157' title='bbox 2913 975 3020 1028; x_wconf 83' lang='lat' dir='ltr'><strong>nisi</strong></span> <span class='ocrx_word' id='word_1_158' title='bbox 3055 991 3155 1029; x_wconf 90' lang='lat' dir='ltr'><strong>nos</strong></span> <span class='ocrx_word' id='word_1_159' title='bbox 3188 975 3290 1044; x_wconf 89' lang='lat' dir='ltr'><strong>ipsi</strong></span> <span class='ocrx_word' id='word_1_160' title='bbox 3319 984 3375 1029; x_wconf 86' lang='lat' dir='ltr'><strong>et</strong></span> <span class='ocrx_word' id='word_1_161' title='bbox 3407 990 3437 1028; x_wconf 87' lang='lat' dir='ltr'><strong>a</strong></span> <span class='ocrx_word' id='word_1_162' title='bbox 3473 989 3565 1028; x_wconf 89' lang='lat' dir='ltr'><strong>co-</strong></span> 
     </span>
    </p>
   </div>
   <div class='ocr_carea' id='block_1_26' title="bbox 1993 1067 3562 1138">
    <p class='ocr_par' dir='ltr' id='par_1_26' title="bbox 1993 1067 3562 1138">
     <span class='ocr_line' id='line_1_26' title="bbox 1993 1067 3562 1138; baseline 0.001 -17"><span class='ocrx_word' id='word_1_163' title='bbox 1993 1068 2252 1138; x_wconf 78' lang='lat' dir='ltr'><strong>gnatione</strong></span> <span class='ocrx_word' id='word_1_164' title='bbox 2292 1068 2501 1121; x_wconf 85' lang='lat' dir='ltr'><strong>carnali</strong></span> <span class='ocrx_word' id='word_1_165' title='bbox 2537 1075 2590 1124; x_wconf 90' lang='lat' dir='ltr'><strong>et</strong></span> <span class='ocrx_word' id='word_1_166' title='bbox 2635 1084 2664 1121; x_wconf 92' lang='lat' dir='ltr'><strong>a</strong></span> <span class='ocrx_word' id='word_1_167' title='bbox 2699 1069 2960 1123; x_wconf 88' lang='lat' dir='ltr'><strong>societate</strong></span> <span class='ocrx_word' id='word_1_168' title='bbox 2993 1069 3117 1122; x_wconf 64' lang='lat' dir='ltr'><strong>vitae</strong></span> <span class='ocrx_word' id='word_1_169' title='bbox 3148 1067 3562 1128; x_wconf 81' lang='lat' dir='ltr'><strong>removerimus,</strong></span> 
     </span>
    </p>
   </div>
   <div class='ocr_carea' id='block_1_27' title="bbox 1991 1155 3582 1229">
    <p class='ocr_par' dir='ltr' id='par_1_27' title="bbox 1991 1155 3582 1229">
     <span class='ocr_line' id='line_1_27' title="bbox 1991 1155 3582 1229; baseline -0.004 -16"><span class='ocrx_word' id='word_1_170' title='bbox 1991 1159 2160 1215; x_wconf 89' lang='lat' dir='ltr'><strong>veluti</strong></span> <span class='ocrx_word' id='word_1_171' title='bbox 2205 1160 2271 1214; x_wconf 89' lang='lat' dir='ltr'><strong>ad</strong></span> <span class='ocrx_word' id='word_1_172' title='bbox 2307 1160 2537 1214; x_wconf 87' lang='lat' dir='ltr'><strong>alterum</strong></span> <span class='ocrx_word' id='word_1_173' title='bbox 2568 1159 2832 1213; x_wconf 91' lang='lat' dir='ltr'><strong>mundum</strong></span> <span class='ocrx_word' id='word_1_174' title='bbox 2864 1174 2965 1229; x_wconf 88' lang='lat' dir='ltr'><strong>per</strong></span> <span class='ocrx_word' id='word_1_175' title='bbox 2998 1158 3166 1210; x_wconf 89' lang='lat' dir='ltr'><strong>animi</strong></span> <span class='ocrx_word' id='word_1_176' title='bbox 3192 1155 3582 1210; x_wconf 85' lang='lat' dir='ltr'><strong>habitudinem&#39;</strong></span> 
     </span>
    </p>
   </div>
   <div class='ocr_carea' id='block_1_28' title="bbox 1987 1247 3562 1321">
    <p class='ocr_par' dir='ltr' id='par_1_28' title="bbox 1987 1247 3562 1321">
     <span class='ocr_line' id='line_1_28' title="bbox 1987 1247 3562 1321; baseline -0.004 -16"><span class='ocrx_word' id='word_1_177' title='bbox 1987 1255 2466 1321; x_wconf 82' lang='lat' dir='ltr'><strong>transmigrantes,</strong></span> <span class='ocrx_word' id='word_1_178' title='bbox 2497 1251 2653 1320; x_wconf 80' lang='lat' dir='ltr'><strong>juxta</strong></span> <span class='ocrx_word' id='word_1_179' title='bbox 2683 1266 2807 1305; x_wconf 91' lang='lat' dir='ltr'><strong>eum</strong></span> <span class='ocrx_word' id='word_1_180' title='bbox 2840 1250 2934 1320; x_wconf 89' lang='lat' dir='ltr'><strong>qui</strong></span> <span class='ocrx_word' id='word_1_181' title='bbox 2964 1249 3100 1303; x_wconf 78' lang='lat' dir='ltr'><strong>dixit</strong></span> <span class='ocrx_word' id='word_1_182' title='bbox 3133 1268 3146 1303; x_wconf 91' lang='lat'>:</span> <span class='ocrx_word' id='word_1_183' title='bbox 3183 1247 3387 1301; x_wconf 86' lang='lat' dir='ltr'><strong>Nostra</strong></span> <span class='ocrx_word' id='word_1_184' title='bbox 3425 1249 3562 1300; x_wconf 87' lang='lat' dir='ltr'><strong>enim</strong></span> 
     </span>
    </p>
   </div>
   <div class='ocr_carea' id='block_1_29' title="bbox 1988 1337 3562 1410">
    <p class='ocr_par' dir='ltr' id='par_1_29' title="bbox 1988 1337 3562 1410">
     <span class='ocr_line' id='line_1_29' title="bbox 1988 1337 3562 1410; baseline -0.005 -13"><span class='ocrx_word' id='word_1_185' title='bbox 1988 1344 2318 1397; x_wconf 82' lang='lat' dir='ltr'><strong>conversatio</strong></span> <span class='ocrx_word' id='word_1_186' title='bbox 2353 1343 2407 1396; x_wconf 88' lang='lat' dir='ltr'><strong>in</strong></span> <span class='ocrx_word' id='word_1_187' title='bbox 2435 1342 2578 1396; x_wconf 69' lang='lat' dir='ltr'><strong>catlis</strong></span> <span class='ocrx_word' id='word_1_188' title='bbox 2607 1350 2686 1396; x_wconf 86' lang='lat' dir='ltr'><strong>est</strong></span> <span class='ocrx_word' id='word_1_189' title='bbox 2715 1342 2784 1403; x_wconf 83' lang='lat'><strong>&#39;“,</strong></span> <span class='ocrx_word' id='word_1_190' title='bbox 2829 1356 3055 1410; x_wconf 91' lang='lat' dir='ltr'><strong>scopum</strong></span> <span class='ocrx_word' id='word_1_191' title='bbox 3099 1347 3352 1394; x_wconf 86' lang='lat' dir='ltr'><strong>nostrum</strong></span> <span class='ocrx_word' id='word_1_192' title='bbox 3397 1337 3562 1390; x_wconf 84' lang='lat' dir='ltr'><strong>attin-</strong></span> 
     </span>
    </p>
   </div>
   <div class='ocr_carea' id='block_1_30' title="bbox 1985 1431 3557 1506">
    <p class='ocr_par' dir='ltr' id='par_1_30' title="bbox 1985 1431 3557 1506">
     <span class='ocr_line' id='line_1_30' title="bbox 1985 1431 3557 1506; baseline -0.004 -16"><span class='ocrx_word' id='word_1_193' title='bbox 1985 1450 2113 1506; x_wconf 80' lang='lat' dir='ltr'><strong>gere</strong></span> <span class='ocrx_word' id='word_1_194' title='bbox 2170 1450 2278 1488; x_wconf 91' lang='lat' dir='ltr'><strong>non</strong></span> <span class='ocrx_word' id='word_1_195' title='bbox 2328 1449 2654 1503; x_wconf 83' lang='lat' dir='ltr'><strong>possumus,</strong></span> <span class='ocrx_word' id='word_1_196' title='bbox 2692 1432 2802 1489; x_wconf 92' lang='lat' dir='ltr'><strong>Deo</strong></span> <span class='ocrx_word' id='word_1_197' title='bbox 2847 1433 3099 1486; x_wconf 81' lang='lat' dir='ltr'><strong>videlicet</strong></span> <span class='ocrx_word' id='word_1_198' title='bbox 3132 1439 3190 1485; x_wconf 89' lang='lat' dir='ltr'><strong>ut</strong></span> <span class='ocrx_word' id='word_1_199' title='bbox 3223 1431 3557 1500; x_wconf 89' lang='lat' dir='ltr'><strong>placeamus,</strong></span> 
     </span>
    </p>
   </div>
   <div class='ocr_carea' id='block_1_31' title="bbox 1984 1520 3559 1580">
    <p class='ocr_par' dir='ltr' id='par_1_31' title="bbox 1984 1520 3559 1580">
     <span class='ocr_line' id='line_1_31' title="bbox 1984 1520 3559 1580; baseline -0.005 0"><span class='ocrx_word' id='word_1_200' title='bbox 1984 1540 2110 1580; x_wconf 91' lang='lat' dir='ltr'><strong>cum</strong></span> <span class='ocrx_word' id='word_1_201' title='bbox 2144 1524 2408 1579; x_wconf 88' lang='lat' dir='ltr'><strong>Dominus</strong></span> <span class='ocrx_word' id='word_1_202' title='bbox 2440 1525 2622 1580; x_wconf 78' lang='lat' dir='ltr'><strong>verbis</strong></span> <span class='ocrx_word' id='word_1_203' title='bbox 2661 1524 2983 1579; x_wconf 80' lang='lat' dir='ltr'><strong>decretoriis</strong></span> <span class='ocrx_word' id='word_1_204' title='bbox 3031 1523 3229 1576; x_wconf 84' lang='lat' dir='ltr'><strong>dixerit</strong></span> <span class='ocrx_word' id='word_1_205' title='bbox 3265 1540 3277 1575; x_wconf 90' lang='lat'>:</span> <span class='ocrx_word' id='word_1_206' title='bbox 3313 1520 3404 1575; x_wconf 86' lang='lat' dir='ltr'><strong>Sic</strong></span> <span class='ocrx_word' id='word_1_207' title='bbox 3443 1537 3559 1574; x_wconf 87' lang='lat' dir='ltr'><strong>om-</strong></span> 
     </span>
    </p>
   </div>
   <div class='ocr_carea' id='block_1_32' title="bbox 1981 1611 3552 1684">
    <p class='ocr_par' dir='ltr' id='par_1_32' title="bbox 1981 1611 3552 1684">
     <span class='ocr_line' id='line_1_32' title="bbox 1981 1611 3552 1684; baseline -0.004 -14"><span class='ocrx_word' id='word_1_208' title='bbox 1981 1619 2062 1670; x_wconf 82' lang='lat' dir='ltr'><strong>nis</strong></span> <span class='ocrx_word' id='word_1_209' title='bbox 2085 1633 2150 1670; x_wconf 78' lang='lat' dir='ltr'><strong>ea:</strong></span> <span class='ocrx_word' id='word_1_210' title='bbox 2171 1616 2313 1671; x_wconf 83' lang='lat' dir='ltr'><strong>vobis</strong></span> <span class='ocrx_word' id='word_1_211' title='bbox 2346 1617 2435 1684; x_wconf 89' lang='lat' dir='ltr'><strong>qui</strong></span> <span class='ocrx_word' id='word_1_212' title='bbox 2478 1632 2582 1669; x_wconf 87' lang='lat' dir='ltr'><strong>non</strong></span> <span class='ocrx_word' id='word_1_213' title='bbox 2604 1615 2868 1668; x_wconf 82' lang='lat' dir='ltr'><strong>renuntiat</strong></span> <span class='ocrx_word' id='word_1_214' title='bbox 2899 1613 3136 1667; x_wconf 86' lang='lat' dir='ltr'><strong>omnibus</strong></span> <span class='ocrx_word' id='word_1_215' title='bbox 3166 1630 3282 1682; x_wconf 70' lang='lat' dir='ltr'><strong>qua:</strong></span> <span class='ocrx_word' id='word_1_216' title='bbox 3299 1611 3552 1680; x_wconf 81' lang='lat' dir='ltr'><strong>possidet,</strong></span> 
     </span>
    </p>
   </div>
   <div class='ocr_carea' id='block_1_33' title="bbox 1989 1703 3557 1775">
    <p class='ocr_par' dir='ltr' id='par_1_33' title="bbox 1989 1703 3557 1775">
     <span class='ocr_line' id='line_1_33' title="bbox 1989 1703 3557 1775; baseline -0.004 -14"><span class='ocrx_word' id='word_1_217' title='bbox 1989 1724 2094 1761; x_wconf 86' lang='lat' dir='ltr'><strong>non</strong></span> <span class='ocrx_word' id='word_1_218' title='bbox 2131 1715 2299 1775; x_wconf 80' lang='lat' dir='ltr'><strong>potest</strong></span> <span class='ocrx_word' id='word_1_219' title='bbox 2345 1722 2490 1760; x_wconf 87' lang='lat' dir='ltr'><strong>meus</strong></span> <span class='ocrx_word' id='word_1_220' title='bbox 2531 1723 2643 1760; x_wconf 85' lang='lat' dir='ltr'><strong>esse</strong></span> <span class='ocrx_word' id='word_1_221' title='bbox 2683 1705 2978 1774; x_wconf 86' lang='lat' dir='ltr'><strong>discipulus</strong></span> <span class='ocrx_word' id='word_1_222' title='bbox 3007 1706 3071 1756; x_wconf 67' lang='grc' dir='ltr'><strong>τ’.</strong></span> <span class='ocrx_word' id='word_1_223' title='bbox 3102 1703 3198 1758; x_wconf 86' lang='lat' dir='ltr'><strong>His</strong></span> <span class='ocrx_word' id='word_1_224' title='bbox 3220 1714 3398 1757; x_wconf 87' lang='lat' dir='ltr'><strong>autem</strong></span> <span class='ocrx_word' id='word_1_225' title='bbox 3432 1718 3557 1773; x_wconf 85' lang='lat' dir='ltr'><strong>per-</strong></span> 
     </span>
    </p>
   </div>
   <div class='ocr_carea' id='block_1_34' title="bbox 289 1793 1866 1870">
    <p class='ocr_par' dir='ltr' id='par_1_34' title="bbox 289 1797 1866 1870">
     <span class='ocr_line' id='line_1_34' title="bbox 289 1797 1866 1870; baseline -0.011 -11"><span class='ocrx_word' id='word_1_226' title='bbox 289 1799 590 1870; x_wconf 80' lang='grc' dir='ltr'>μαθητής.</span> <span class='ocrx_word' id='word_1_227' title='bbox 621 1798 791 1851; x_wconf 86' lang='grc' dir='ltr'>Τοῦτο</span> <span class='ocrx_word' id='word_1_228' title='bbox 813 1797 866 1850; x_wconf 84' lang='grc' dir='ltr'>δὲ</span> <span class='ocrx_word' id='word_1_229' title='bbox 901 1799 1249 1869; x_wconf 85' lang='grc' dir='ltr'>ποιήσαντας,</span> <span class='ocrx_word' id='word_1_230' title='bbox 1277 1799 1426 1868; x_wconf 81' lang='grc' dir='ltr'>πάσῃ</span> <span class='ocrx_word' id='word_1_231' title='bbox 1452 1797 1666 1868; x_wconf 76' lang='grc' dir='ltr'>φυλακῇ</span> <span class='ocrx_word' id='word_1_232' title='bbox 1692 1816 1756 1868; x_wconf 83' lang='grc' dir='ltr'><strong>τη</strong></span> <span class='ocrx_word' id='word_1_233' title='bbox 1766 1802 1866 1870; x_wconf 70' lang='grc' dir='ltr'>ρεῖι,</span> 
     </span>
    </p>
   </div>
   <div class='ocr_carea' id='block_1_35' title="bbox 1973 1793 3550 1870">
    <p class='ocr_par' dir='ltr' id='par_1_35' title="bbox 1979 1793 3550 1859">
     <span class='ocr_line' id='line_1_35' title="bbox 1979 1793 3550 1859; baseline -0.004 -8"><span class='ocrx_word' id='word_1_234' title='bbox 1979 1797 2138 1859; x_wconf 89' lang='lat' dir='ltr'><strong>actis,</strong></span> <span class='ocrx_word' id='word_1_235' title='bbox 2165 1811 2261 1851; x_wconf 89' lang='lat' dir='ltr'><strong>cor</strong></span> <span class='ocrx_word' id='word_1_236' title='bbox 2289 1803 2538 1851; x_wconf 91' lang='lat' dir='ltr'><strong>nostrum</strong></span> <span class='ocrx_word' id='word_1_237' title='bbox 2564 1796 2710 1850; x_wconf 90' lang='lat' dir='ltr'><strong>omni</strong></span> <span class='ocrx_word' id='word_1_238' title='bbox 2739 1794 2987 1850; x_wconf 88' lang='lat' dir='ltr'><strong>custodia</strong></span> <span class='ocrx_word' id='word_1_239' title='bbox 3020 1793 3344 1848; x_wconf 89' lang='lat' dir='ltr'><strong>servandum</strong></span> <span class='ocrx_word' id='word_1_240' title='bbox 3378 1802 3462 1847; x_wconf 91' lang='lat' dir='ltr'><strong>est</strong></span> <span class='ocrx_word' id='word_1_241' title='bbox 3483 1793 3550 1852; x_wconf 76' lang='grc'><strong>⁷³.</strong></span> 
     </span>
    </p>
   </div>
   <div class='ocr_carea' id='block_1_36' title="bbox 293 1886 1875 1960">
    <p class='ocr_par' dir='ltr' id='par_1_36' title="bbox 293 1886 1875 1960">
     <span class='ocr_line' id='line_1_36' title="bbox 293 1886 1875 1960; baseline -0.001 -18"><span class='ocrx_word' id='word_1_242' title='bbox 293 1891 569 1960; x_wconf 85' lang='grc' dir='ltr'>προσήκει</span> <span class='ocrx_word' id='word_1_243' title='bbox 605 1888 703 1958; x_wconf 78' lang='grc' dir='ltr'><strong>τὴν</strong></span> <span class='ocrx_word' id='word_1_244' title='bbox 734 1887 942 1940; x_wconf 81' lang='grc' dir='ltr'>ἑαυτῶν</span> <span class='ocrx_word' id='word_1_245' title='bbox 973 1887 1220 1958; x_wconf 79' lang='grc' dir='ltr'>καρδίαν,</span> <span class='ocrx_word' id='word_1_246' title='bbox 1254 1886 1330 1950; x_wconf 84' lang='grc' dir='ltr'>ὡς</span> <span class='ocrx_word' id='word_1_247' title='bbox 1370 1889 1580 1958; x_wconf 83' lang='grc' dir='ltr'>μήποτε</span> <span class='ocrx_word' id='word_1_248' title='bbox 1611 1887 1709 1958; x_wconf 84' lang='grc' dir='ltr'><strong>τὴν</strong></span> <span class='ocrx_word' id='word_1_249' title='bbox 1747 1891 1875 1960; x_wconf 75' lang='grc' dir='ltr'>περὶ</span> 
     </span>
    </p>
   </div>
   <div class='ocr_carea' id='block_1_37' title="bbox 289 1978 1874 2050">
    <p class='ocr_par' dir='ltr' id='par_1_37' title="bbox 289 1978 1874 2050">
     <span class='ocr_line' id='line_1_37' title="bbox 289 1978 1874 2050; baseline -0.002 -15"><span class='ocrx_word' id='word_1_250' title='bbox 289 1981 430 2035; x_wconf 85' lang='grc' dir='ltr'>Θεοῦ</span> <span class='ocrx_word' id='word_1_251' title='bbox 463 1980 673 2034; x_wconf 73' lang='grc' dir='ltr'>ἔννοιαν</span> <span class='ocrx_word' id='word_1_252' title='bbox 703 1978 953 2033; x_wconf 85' lang='grc' dir='ltr'>ἐκϐαλεῖν</span> <span class='ocrx_word' id='word_1_253' title='bbox 981 1978 1112 2050; x_wconf 87' lang='grc'><strong>(96),</strong></span> <span class='ocrx_word' id='word_1_254' title='bbox 1151 1979 1183 2048; x_wconf 82' lang='grc' dir='ltr'>ἢ</span> <span class='ocrx_word' id='word_1_255' title='bbox 1212 1979 1312 2048; x_wconf 86' lang='grc' dir='ltr'>τὴν</span> <span class='ocrx_word' id='word_1_256' title='bbox 1345 1981 1564 2050; x_wconf 79' lang='grc' dir='ltr'>μνήμην</span> <span class='ocrx_word' id='word_1_257' title='bbox 1603 1981 1711 2032; x_wconf 86' lang='grc' dir='ltr'><strong>τῶν</strong></span> <span class='ocrx_word' id='word_1_258' title='bbox 1747 1980 1874 2032; x_wconf 84' lang='grc' dir='ltr'>θαυ-</span> 
     </span>
    </p>
   </div>
   <div class='ocr_carea' id='block_1_38' title="bbox 293 2069 1875 2144">
    <p class='ocr_par' dir='ltr' id='par_1_38' title="bbox 293 2069 1875 2144">
     <span class='ocr_line' id='line_1_38' title="bbox 293 2069 1875 2144; baseline 0 -19"><span class='ocrx_word' id='word_1_259' title='bbox 293 2073 507 2144; x_wconf 83' lang='grc' dir='ltr'>μασίων</span> <span class='ocrx_word' id='word_1_260' title='bbox 553 2071 719 2123; x_wconf 78' lang='grc' dir='ltr'>αὐτοῦ</span> <span class='ocrx_word' id='word_1_261' title='bbox 772 2070 1095 2139; x_wconf 75' lang='grc' dir='ltr'>φαντασίαις</span> <span class='ocrx_word' id='word_1_262' title='bbox 1146 2069 1254 2122; x_wconf 87' lang='grc' dir='ltr'><strong>τῶν</strong></span> <span class='ocrx_word' id='word_1_263' title='bbox 1307 2072 1549 2140; x_wconf 82' lang='grc' dir='ltr'>ματαίων</span> <span class='ocrx_word' id='word_1_264' title='bbox 1597 2075 1875 2142; x_wconf 70' lang='grc' dir='ltr'>καταρρυ-</span> 
     </span>
    </p>
   </div>
   <div class='ocr_carea' id='block_1_39' title="bbox 289 2158 1874 2232">
    <p class='ocr_par' dir='ltr' id='par_1_39' title="bbox 289 2158 1874 2232">
     <span class='ocr_line' id='line_1_39' title="bbox 289 2158 1874 2232; baseline -0.002 -16"><span class='ocrx_word' id='word_1_265' title='bbox 289 2165 508 2216; x_wconf 81' lang='grc' dir='ltr'>παίνειν</span> <span class='ocrx_word' id='word_1_266' title='bbox 528 2179 542 2191; x_wconf 88' lang='grc'>·</span> <span class='ocrx_word' id='word_1_267' title='bbox 577 2161 715 2215; x_wconf 86' lang='grc' dir='ltr'><strong>ἀλλά</strong></span> <span class='ocrx_word' id='word_1_268' title='bbox 757 2161 860 2214; x_wconf 80' lang='grc' dir='ltr'>διὰ.</span> <span class='ocrx_word' id='word_1_269' title='bbox 883 2161 979 2230; x_wconf 82' lang='grc' dir='ltr'>τῆς</span> <span class='ocrx_word' id='word_1_270' title='bbox 1010 2158 1292 2229; x_wconf 78' lang='grc' dir='ltr'>διηνεκοῦς</span> <span class='ocrx_word' id='word_1_271' title='bbox 1330 2161 1426 2212; x_wconf 70' lang='grc' dir='ltr'><strong>καὶ</strong></span> <span class='ocrx_word' id='word_1_272' title='bbox 1456 2161 1703 2231; x_wconf 83' lang='grc' dir='ltr'>καθαρᾶς</span> <span class='ocrx_word' id='word_1_273' title='bbox 1739 2165 1874 2232; x_wconf 81' lang='grc' dir='ltr'>μνή-</span> 
     </span>
    </p>
   </div>
   <div class='ocr_carea' id='block_1_40' title="bbox 290 2252 1872 2327">
    <p class='ocr_par' dir='ltr' id='par_1_40' title="bbox 290 2252 1872 2327">
     <span class='ocr_line' id='line_1_40' title="bbox 290 2252 1872 2327; baseline 0.001 -21"><span class='ocrx_word' id='word_1_274' title='bbox 290 2273 403 2327; x_wconf 85' lang='grc' dir='ltr'><strong>μης</strong></span> <span class='ocrx_word' id='word_1_275' title='bbox 428 2253 881 2324; x_wconf 81' lang='grc' dir='ltr'>ἐντετυπωμένην</span> <span class='ocrx_word' id='word_1_276' title='bbox 913 2255 1033 2315; x_wconf 87' lang='grc' dir='ltr'>ταῖς</span> <span class='ocrx_word' id='word_1_277' title='bbox 1063 2252 1262 2322; x_wconf 72' lang='grc' dir='ltr'>ψυχαῖς</span> <span class='ocrx_word' id='word_1_278' title='bbox 1283 2252 1460 2323; x_wconf 81' lang='grc' dir='ltr'>ἡμῶν,</span> <span class='ocrx_word' id='word_1_279' title='bbox 1487 2253 1676 2325; x_wconf 81' lang='grc' dir='ltr'>ὥσπερ</span> <span class='ocrx_word' id='word_1_280' title='bbox 1701 2271 1872 2326; x_wconf 85' lang='grc' dir='ltr'>σφρα-</span> 
     </span>
    </p>
   </div>
   <div class='ocr_carea' id='block_1_41' title="bbox 282 2342 1874 2416">
    <p class='ocr_par' dir='ltr' id='par_1_41' title="bbox 282 2342 1874 2416">
     <span class='ocr_line' id='line_1_41' title="bbox 282 2342 1874 2416; baseline -0.002 -16"><span class='ocrx_word' id='word_1_281' title='bbox 282 2349 410 2416; x_wconf 82' lang='grc' dir='ltr'>γῖδα</span> <span class='ocrx_word' id='word_1_282' title='bbox 438 2344 847 2412; x_wconf 78' lang='grc' dir='ltr'>ἀνεξάλειπτον,</span> <span class='ocrx_word' id='word_1_283' title='bbox 883 2345 981 2415; x_wconf 83' lang='grc' dir='ltr'><strong>τὴν</strong></span> <span class='ocrx_word' id='word_1_284' title='bbox 1007 2343 1160 2396; x_wconf 85' lang='grc' dir='ltr'>ὁσίαν</span> <span class='ocrx_word' id='word_1_285' title='bbox 1196 2342 1290 2394; x_wconf 89' lang='grc' dir='ltr'><strong>τοῦ</strong></span> <span class='ocrx_word' id='word_1_286' title='bbox 1313 2342 1448 2396; x_wconf 85' lang='grc' dir='ltr'>Θεοῦ</span> <span class='ocrx_word' id='word_1_287' title='bbox 1487 2343 1694 2397; x_wconf 78' lang='grc' dir='ltr'>ἔννοιαν</span> <span class='ocrx_word' id='word_1_288' title='bbox 1723 2361 1874 2415; x_wconf 85' lang='grc' dir='ltr'>περι-</span> 
     </span>
    </p>
   </div>
   <div class='ocr_carea' id='block_1_42' title="bbox 285 2435 1870 2512">
    <p class='ocr_par' dir='ltr' id='par_1_42' title="bbox 285 2435 1870 2512">
     <span class='ocr_line' id='line_1_42' title="bbox 285 2435 1870 2512; baseline -0.001 -20"><span class='ocrx_word' id='word_1_289' title='bbox 285 2439 497 2512; x_wconf 77' lang='grc' dir='ltr'>φέρειν.</span> <span class='ocrx_word' id='word_1_290' title='bbox 547 2436 705 2492; x_wconf 80' lang='grc' dir='ltr'>Οῦτω</span> <span class='ocrx_word' id='word_1_291' title='bbox 748 2435 860 2506; x_wconf 79' lang='grc' dir='ltr'><strong>γὰρ</strong></span> <span class='ocrx_word' id='word_1_292' title='bbox 898 2437 1030 2505; x_wconf 84' lang='grc' dir='ltr'>ἡμῖν</span> <span class='ocrx_word' id='word_1_293' title='bbox 1078 2435 1418 2505; x_wconf 85' lang='grc' dir='ltr'>περιγίνεται</span> <span class='ocrx_word' id='word_1_294' title='bbox 1471 2436 1503 2504; x_wconf 85' lang='grc' dir='ltr'>ἡ</span> <span class='ocrx_word' id='word_1_295' title='bbox 1562 2437 1699 2507; x_wconf 86' lang='grc' dir='ltr'>πρὸς</span> <span class='ocrx_word' id='word_1_296' title='bbox 1737 2437 1870 2490; x_wconf 81' lang='grc' dir='ltr'>Θεὸν</span> 
     </span>
    </p>
   </div>
   <div class='ocr_carea' id='block_1_43' title="bbox 281 2527 1869 2600">
    <p class='ocr_par' dir='ltr' id='par_1_43' title="bbox 281 2527 1869 2600">
     <span class='ocr_line' id='line_1_43' title="bbox 281 2527 1869 2600; baseline -0.002 -14"><span class='ocrx_word' id='word_1_297' title='bbox 281 2529 643 2600; x_wconf 64' lang='grc' dir='ltr'>ἀγάπηιωη,</span> <span class='ocrx_word' id='word_1_298' title='bbox 670 2527 786 2599; x_wconf 71' lang='grc' dir='ltr'><strong>ἅμα</strong></span> <span class='ocrx_word' id='word_1_299' title='bbox 819 2545 880 2581; x_wconf 86' lang='grc' dir='ltr'><strong>τε</strong></span> <span class='ocrx_word' id='word_1_300' title='bbox 914 2528 1261 2600; x_wconf 86' lang='grc' dir='ltr'>διεγείρουσα</span> <span class='ocrx_word' id='word_1_301' title='bbox 1298 2527 1436 2598; x_wconf 83' lang='grc' dir='ltr'>πρὸς</span> <span class='ocrx_word' id='word_1_302' title='bbox 1472 2527 1570 2599; x_wconf 82' lang='grc' dir='ltr'><strong>τὴν</strong></span> <span class='ocrx_word' id='word_1_303' title='bbox 1602 2529 1869 2598; x_wconf 76' lang='grc' dir='ltr'>ἐργασίαν</span> 
     </span>
    </p>
   </div>
   <div class='ocr_carea' id='block_1_44' title="bbox 279 2615 1868 2690">
    <p class='ocr_par' dir='ltr' id='par_1_44' title="bbox 279 2615 1868 2690">
     <span class='ocr_line' id='line_1_44' title="bbox 279 2615 1868 2690; baseline 0.001 -19"><span class='ocrx_word' id='word_1_304' title='bbox 279 2618 393 2671; x_wconf 85' lang='grc' dir='ltr'><strong>τῶν</strong></span> <span class='ocrx_word' id='word_1_305' title='bbox 422 2616 653 2669; x_wconf 87' lang='grc' dir='ltr'>ἐντολῶν</span> <span class='ocrx_word' id='word_1_306' title='bbox 676 2617 770 2669; x_wconf 85' lang='grc' dir='ltr'><strong>τοῦ</strong></span> <span class='ocrx_word' id='word_1_307' title='bbox 808 2615 1038 2686; x_wconf 83' lang='grc' dir='ltr'>Κυρίου,</span> <span class='ocrx_word' id='word_1_308' title='bbox 1080 2617 1176 2668; x_wconf 78' lang='grc' dir='ltr'>καὶ</span> <span class='ocrx_word' id='word_1_309' title='bbox 1209 2616 1300 2669; x_wconf 84' lang='grc' dir='ltr'>ὑπ’</span> <span class='ocrx_word' id='word_1_310' title='bbox 1326 2616 1506 2669; x_wconf 78' lang='grc' dir='ltr'>αὐτῶν</span> <span class='ocrx_word' id='word_1_311' title='bbox 1540 2618 1702 2672; x_wconf 79' lang='grc' dir='ltr'>πάλιν</span> <span class='ocrx_word' id='word_1_312' title='bbox 1729 2618 1868 2690; x_wconf 83' lang='grc' dir='ltr'>αὐτὴ</span> 
     </span>
    </p>
   </div>
   <div class='ocr_carea' id='block_1_45' title="bbox 280 2707 1866 2780">
    <p class='ocr_par' dir='ltr' id='par_1_45' title="bbox 280 2707 1866 2780">
     <span class='ocr_line' id='line_1_45' title="bbox 280 2707 1866 2780; baseline 0 -18"><span class='ocrx_word' id='word_1_313' title='bbox 280 2707 696 2779; x_wconf 72' lang='grc' dir='ltr'>συντηρουμένη</span> <span class='ocrx_word' id='word_1_314' title='bbox 730 2707 867 2780; x_wconf 84' lang='grc' dir='ltr'>πρὸς</span> <span class='ocrx_word' id='word_1_315' title='bbox 895 2707 957 2760; x_wconf 83' lang='grc' dir='ltr'>τὸ</span> <span class='ocrx_word' id='word_1_316' title='bbox 990 2707 1212 2775; x_wconf 87' lang='grc' dir='ltr'>διαρκὲς</span> <span class='ocrx_word' id='word_1_317' title='bbox 1234 2708 1329 2761; x_wconf 73' lang='grc' dir='ltr'>καὶ</span> <span class='ocrx_word' id='word_1_318' title='bbox 1361 2707 1725 2766; x_wconf 81' lang='grc' dir='ltr'>ἀδιάπτωτον.</span> <span class='ocrx_word' id='word_1_319' title='bbox 1756 2712 1866 2764; x_wconf 73' lang='grc' dir='ltr'>Καὶ</span> 
     </span>
    </p>
   </div>
   <div class='ocr_carea' id='block_1_46' title="bbox 275 2799 1868 2870">
    <p class='ocr_par' dir='ltr' id='par_1_46' title="bbox 275 2799 1868 2870">
     <span class='ocr_line' id='line_1_46' title="bbox 275 2799 1868 2870; baseline -0.001 -13"><span class='ocrx_word' id='word_1_320' title='bbox 275 2802 442 2857; x_wconf 78' lang='grc' dir='ltr'>τοῦτο</span> <span class='ocrx_word' id='word_1_321' title='bbox 484 2800 755 2854; x_wconf 87' lang='grc' dir='ltr'>δείκνυσιν</span> <span class='ocrx_word' id='word_1_322' title='bbox 796 2800 826 2852; x_wconf 88' lang='grc' dir='ltr'>ὁ</span> <span class='ocrx_word' id='word_1_323' title='bbox 863 2799 1105 2870; x_wconf 87' lang='grc' dir='ltr'>Κύριος,</span> <span class='ocrx_word' id='word_1_324' title='bbox 1148 2799 1279 2852; x_wconf 86' lang='grc' dir='ltr'>ποτὲ</span> <span class='ocrx_word' id='word_1_325' title='bbox 1322 2799 1422 2870; x_wconf 86' lang='grc' dir='ltr'><strong>μὲν</strong></span> <span class='ocrx_word' id='word_1_326' title='bbox 1467 2800 1676 2870; x_wconf 84' lang='grc' dir='ltr'>λέγων·</span> <span class='ocrx_word' id='word_1_327' title='bbox 1733 2803 1868 2857; x_wconf 81' lang='grc' dir='ltr'><strong>Ἐὰν</strong></span> 
     </span>
    </p>
   </div>
   <div class='ocr_carea' id='block_1_47' title="bbox 274 2891 1862 2966">
    <p class='ocr_par' dir='ltr' id='par_1_47' title="bbox 274 2891 1862 2966">
     <span class='ocr_line' id='line_1_47' title="bbox 274 2891 1862 2966; baseline -0.003 -14"><span class='ocrx_word' id='word_1_328' title='bbox 274 2894 551 2966; x_wconf 77' lang='grc' dir='ltr'>ἀγαπᾶτέ</span> <span class='ocrx_word' id='word_1_329' title='bbox 574 2911 671 2964; x_wconf 83' lang='grc' dir='ltr'><strong>με,</strong></span> <span class='ocrx_word' id='word_1_330' title='bbox 708 2894 815 2958; x_wconf 82' lang='grc' dir='ltr'>τὰς</span> <span class='ocrx_word' id='word_1_331' title='bbox 840 2891 1094 2958; x_wconf 79' lang='grc' dir='ltr'>ἐντολάς</span> <span class='ocrx_word' id='word_1_332' title='bbox 1120 2909 1241 2961; x_wconf 86' lang='grc' dir='ltr'><strong>μου</strong></span> <span class='ocrx_word' id='word_1_333' title='bbox 1267 2891 1602 2962; x_wconf 83' lang='grc' dir='ltr'>τηρήσατε,</span> <span class='ocrx_word' id='word_1_334' title='bbox 1627 2894 1758 2948; x_wconf 80' lang='grc' dir='ltr'>ποτὲ</span> <span class='ocrx_word' id='word_1_335' title='bbox 1785 2895 1862 2959; x_wconf 83' lang='grc' dir='ltr'><strong>δὲ,</strong></span> 
     </span>
    </p>
   </div>
   <div class='ocr_carea' id='block_1_48' title="bbox 272 2983 1865 3057">
    <p class='ocr_par' dir='ltr' id='par_1_48' title="bbox 272 2983 1865 3057">
     <span class='ocr_line' id='line_1_48' title="bbox 272 2983 1865 3057; baseline -0.001 -15"><span class='ocrx_word' id='word_1_336' title='bbox 272 2990 358 3042; x_wconf 80' lang='grc' dir='ltr'>ὅτι</span> <span class='ocrx_word' id='word_1_337' title='bbox 393 2988 533 3040; x_wconf 80' lang='grc' dir='ltr'><strong>Ἐὰν</strong></span> <span class='ocrx_word' id='word_1_338' title='bbox 571 2985 680 3050; x_wconf 82' lang='grc' dir='ltr'>τὰς</span> <span class='ocrx_word' id='word_1_339' title='bbox 705 2983 956 3050; x_wconf 82' lang='grc' dir='ltr'>ἐντολάς</span> <span class='ocrx_word' id='word_1_340' title='bbox 979 3002 1098 3054; x_wconf 89' lang='grc' dir='ltr'><strong>μου</strong></span> <span class='ocrx_word' id='word_1_341' title='bbox 1134 2984 1246 3055; x_wconf 90' lang='grc'><strong>(98)</strong></span> <span class='ocrx_word' id='word_1_342' title='bbox 1277 2986 1601 3055; x_wconf 77' lang='grc' dir='ltr'>τηρήσητε,</span> <span class='ocrx_word' id='word_1_343' title='bbox 1620 2987 1865 3057; x_wconf 69' lang='grc' dir='ltr'>μενεῖτε</span> 
     </span>
    </p>
   </div>
   <div class='ocr_carea' id='block_1_49' title="bbox 272 3077 1864 3151">
    <p class='ocr_par' dir='ltr' id='par_1_49' title="bbox 272 3077 1864 3151">
     <span class='ocr_line' id='line_1_49' title="bbox 272 3077 1864 3151; baseline -0.001 -15"><span class='ocrx_word' id='word_1_344' title='bbox 272 3083 344 3136; x_wconf 70' lang='grc' dir='ltr'><strong><em>ὲν</em></strong></span> <span class='ocrx_word' id='word_1_345' title='bbox 367 3079 446 3149; x_wconf 77' lang='grc' dir='ltr'>τῇ</span> <span class='ocrx_word' id='word_1_346' title='bbox 483 3079 687 3150; x_wconf 73' lang='grc' dir='ltr'>ἀγάπῃ</span> <span class='ocrx_word' id='word_1_347' title='bbox 709 3096 853 3148; x_wconf 84' lang='grc' dir='ltr'>μου,</span> <span class='ocrx_word' id='word_1_348' title='bbox 895 3078 992 3131; x_wconf 77' lang='grc' dir='ltr'><strong>καὶ</strong></span> <span class='ocrx_word' id='word_1_349' title='bbox 1023 3077 1103 3130; x_wconf 79' lang='grc' dir='ltr'>ἔτι</span> <span class='ocrx_word' id='word_1_350' title='bbox 1135 3078 1659 3151; x_wconf 85' lang='grc' dir='ltr'>δυσωπητικὼτερον</span> <span class='ocrx_word' id='word_1_351' title='bbox 1680 3083 1864 3134; x_wconf 80' lang='grc' dir='ltr'>’Καθ-</span> 
     </span>
    </p>
   </div>
   <div class='ocr_carea' id='block_1_50' title="bbox 271 3149 1934 3244">
    <p class='ocr_par' dir='ltr' id='par_1_50' title="bbox 271 3149 1934 3244">
     <span class='ocr_line' id='line_1_50' title="bbox 271 3149 1934 3244; baseline -0.002 -16"><span class='ocrx_word' id='word_1_352' title='bbox 271 3175 354 3241; x_wconf 86' lang='grc' dir='ltr'><strong>ὼς</strong></span> <span class='ocrx_word' id='word_1_353' title='bbox 390 3174 507 3244; x_wconf 68' lang='grc' dir='ltr'>ἐγὼ</span> <span class='ocrx_word' id='word_1_354' title='bbox 540 3172 648 3238; x_wconf 85' lang='grc' dir='ltr'>τὰς</span> <span class='ocrx_word' id='word_1_355' title='bbox 673 3170 928 3237; x_wconf 79' lang='grc' dir='ltr'>ἐντολὰς</span> <span class='ocrx_word' id='word_1_356' title='bbox 955 3171 1064 3224; x_wconf 87' lang='grc' dir='ltr'><strong>τοῦ</strong></span> <span class='ocrx_word' id='word_1_357' title='bbox 1112 3169 1346 3239; x_wconf 88' lang='grc' dir='ltr'>Πατρός</span> <span class='ocrx_word' id='word_1_358' title='bbox 1375 3189 1495 3241; x_wconf 85' lang='grc' dir='ltr'><strong>μου</strong></span> <span class='ocrx_word' id='word_1_359' title='bbox 1539 3149 1857 3240; x_wconf 82' lang='grc' dir='ltr'>τετήρηκα,</span> <span class='ocrx_word' id='word_1_360' title='bbox 1891 3149 1934 3204; x_wconf 75' lang='lat' dir='ltr'><strong>C</strong></span> 
     </span>
    </p>
   </div>
   <div class='ocr_carea' id='block_1_51' title="bbox 271 3260 1242 3335">
    <p class='ocr_par' dir='ltr' id='par_1_51' title="bbox 271 3260 1242 3335">
     <span class='ocr_line' id='line_1_51' title="bbox 271 3260 1242 3335; baseline -0.006 -15"><span class='ocrx_word' id='word_1_361' title='bbox 271 3267 375 3320; x_wconf 76' lang='grc' dir='ltr'>καὶ</span> <span class='ocrx_word' id='word_1_362' title='bbox 400 3265 565 3335; x_wconf 67' lang='grc' dir='ltr'>μένω</span> <span class='ocrx_word' id='word_1_363' title='bbox 595 3262 784 3317; x_wconf 84' lang='grc' dir='ltr'>αὐτοῦ</span> <span class='ocrx_word' id='word_1_364' title='bbox 818 3263 888 3317; x_wconf 83' lang='grc' dir='ltr'>ἐν</span> <span class='ocrx_word' id='word_1_365' title='bbox 916 3260 991 3331; x_wconf 80' lang='grc' dir='ltr'>τῇ</span> <span class='ocrx_word' id='word_1_366' title='bbox 1017 3261 1242 3332; x_wconf 74' lang='grc' dir='ltr'>ἀγάπῃ.</span> 
     </span>
    </p>
   </div>
   <div class='ocr_carea' id='block_1_52' title="bbox 345 3347 1861 3425">
    <p class='ocr_par' dir='ltr' id='par_1_52' title="bbox 345 3347 1861 3425">
     <span class='ocr_line' id='line_1_52' title="bbox 345 3347 1861 3425; baseline -0.006 -13"><span class='ocrx_word' id='word_1_367' title='bbox 345 3357 403 3412; x_wconf 80' lang='lat'><strong>5.</strong></span> <span class='ocrx_word' id='word_1_368' title='bbox 461 3354 553 3419; x_wconf 79' lang='grc' dir='ltr'><strong>Ἐξ</strong></span> <span class='ocrx_word' id='word_1_369' title='bbox 591 3347 666 3407; x_wconf 81' lang='grc' dir='ltr'>ὧν</span> <span class='ocrx_word' id='word_1_370' title='bbox 709 3352 952 3421; x_wconf 81' lang='grc' dir='ltr'>παιδεύει</span> <span class='ocrx_word' id='word_1_371' title='bbox 998 3354 1179 3423; x_wconf 83' lang='grc' dir='ltr'>ἡμᾶς,</span> <span class='ocrx_word' id='word_1_372' title='bbox 1229 3351 1316 3405; x_wconf 79' lang='grc' dir='ltr'><strong>ἀεὶ</strong></span> <span class='ocrx_word' id='word_1_373' title='bbox 1359 3351 1454 3405; x_wconf 88' lang='grc' dir='ltr'><strong>τοῦ</strong></span> <span class='ocrx_word' id='word_1_374' title='bbox 1497 3352 1861 3425; x_wconf 80' lang='grc' dir='ltr'>προκειμένου</span> 
     </span>
    </p>
   </div>
   <div class='ocr_carea' id='block_1_53' title="bbox 273 3429 1858 3523">
    <p class='ocr_par' dir='ltr' id='par_1_53' title="bbox 273 3429 1858 3523">
     <span class='ocr_line' id='line_1_53' title="bbox 273 3429 1858 3523; baseline -0.003 -20"><span class='ocrx_word' id='word_1_375' title='bbox 273 3451 439 3523; x_wconf 75' lang='grc' dir='ltr'>ἔργου</span> <span class='ocrx_word' id='word_1_376' title='bbox 483 3447 545 3501; x_wconf 83' lang='grc' dir='ltr'><strong>τὸ</strong></span> <span class='ocrx_word' id='word_1_377' title='bbox 577 3429 791 3518; x_wconf 79' lang='grc' dir='ltr'>θέλημα</span> <span class='ocrx_word' id='word_1_378' title='bbox 841 3445 935 3500; x_wconf 89' lang='grc' dir='ltr'><strong>τοῦ</strong></span> <span class='ocrx_word' id='word_1_379' title='bbox 982 3443 1390 3516; x_wconf 83' lang='grc' dir='ltr'>προστάξαντος</span> <span class='ocrx_word' id='word_1_380' title='bbox 1433 3443 1624 3517; x_wconf 84' lang='grc' dir='ltr'>ὥσπερ</span> <span class='ocrx_word' id='word_1_381' title='bbox 1657 3446 1858 3511; x_wconf 73' lang='grc' dir='ltr'>σκοπὸν</span> 
     </span>
    </p>
   </div>
   <div class='ocr_carea' id='block_1_54' title="bbox 269 3534 1860 3611">
    <p class='ocr_par' dir='ltr' id='par_1_54' title="bbox 269 3534 1860 3611">
     <span class='ocr_line' id='line_1_54' title="bbox 269 3534 1860 3611; baseline -0.001 -20"><span class='ocrx_word' id='word_1_382' title='bbox 269 3537 726 3611; x_wconf 80' lang='grc' dir='ltr'>πρατιθεμένους,</span> <span class='ocrx_word' id='word_1_383' title='bbox 758 3535 896 3608; x_wconf 82' lang='grc' dir='ltr'>πρὸς</span> <span class='ocrx_word' id='word_1_384' title='bbox 934 3535 1094 3589; x_wconf 81' lang='grc' dir='ltr'>αὐτὸν</span> <span class='ocrx_word' id='word_1_385' title='bbox 1118 3535 1228 3607; x_wconf 85' lang='grc'><strong>(99)</strong></span> <span class='ocrx_word' id='word_1_386' title='bbox 1254 3534 1322 3589; x_wconf 81' lang='grc' dir='ltr'>τὰ</span> <span class='ocrx_word' id='word_1_387' title='bbox 1339 3535 1437 3606; x_wconf 78' lang='grc' dir='ltr'>τῆς</span> <span class='ocrx_word' id='word_1_388' title='bbox 1467 3537 1702 3607; x_wconf 79' lang='grc' dir='ltr'>σπουδῆς</span> <span class='ocrx_word' id='word_1_389' title='bbox 1727 3553 1860 3590; x_wconf 83' lang='grc' dir='ltr'>κατ-</span> 
     </span>
    </p>
   </div>
   <div class='ocr_carea' id='block_1_55' title="bbox 268 3625 1859 3696">
    <p class='ocr_par' dir='ltr' id='par_1_55' title="bbox 268 3625 1859 3696">
     <span class='ocr_line' id='line_1_55' title="bbox 268 3625 1859 3696; baseline -0.003 -12"><span class='ocrx_word' id='word_1_390' title='bbox 268 3631 541 3695; x_wconf 79' lang='grc' dir='ltr'>ευθύνειν,</span> <span class='ocrx_word' id='word_1_391' title='bbox 573 3627 716 3682; x_wconf 82' lang='grc' dir='ltr'><strong>καθά</strong></span> <span class='ocrx_word' id='word_1_392' title='bbox 752 3627 848 3681; x_wconf 71' lang='grc' dir='ltr'><strong>καὶ</strong></span> <span class='ocrx_word' id='word_1_393' title='bbox 873 3625 1106 3696; x_wconf 84' lang='grc' dir='ltr'>ἀλλαχοῦ</span> <span class='ocrx_word' id='word_1_394' title='bbox 1145 3642 1334 3696; x_wconf 83' lang='grc' dir='ltr'>φησιν,</span> <span class='ocrx_word' id='word_1_395' title='bbox 1365 3627 1446 3678; x_wconf 85' lang='grc' dir='ltr'><strong>ὅτι</strong></span> <span class='ocrx_word' id='word_1_396' title='bbox 1476 3625 1859 3693; x_wconf 81' lang='grc' dir='ltr'>Καταϐέϐηκα</span> 
     </span>
    </p>
   </div>
   <div class='ocr_carea' id='block_1_56' title="bbox 265 3716 1854 3790">
    <p class='ocr_par' dir='ltr' id='par_1_56' title="bbox 265 3716 1854 3790">
     <span class='ocr_line' id='line_1_56' title="bbox 265 3716 1854 3790; baseline -0.005 -11"><span class='ocrx_word' id='word_1_397' title='bbox 265 3726 335 3780; x_wconf 82' lang='grc' dir='ltr'>ἐκ</span> <span class='ocrx_word' id='word_1_398' title='bbox 364 3721 472 3777; x_wconf 83' lang='grc' dir='ltr'><strong>τοῦ</strong></span> <span class='ocrx_word' id='word_1_399' title='bbox 498 3720 784 3790; x_wconf 79' lang='grc' dir='ltr'>οὐρανοῦ,</span> <span class='ocrx_word' id='word_1_400' title='bbox 805 3720 918 3786; x_wconf 83' lang='grc' dir='ltr'>οὐχ</span> <span class='ocrx_word' id='word_1_401' title='bbox 940 3718 1040 3771; x_wconf 79' lang='grc' dir='ltr'>ἵνα</span> <span class='ocrx_word' id='word_1_402' title='bbox 1062 3716 1212 3771; x_wconf 82' lang='grc' dir='ltr'>ποιῶ</span> <span class='ocrx_word' id='word_1_403' title='bbox 1240 3717 1308 3770; x_wconf 86' lang='grc' dir='ltr'>τὸ</span> <span class='ocrx_word' id='word_1_404' title='bbox 1331 3717 1562 3787; x_wconf 82' lang='grc' dir='ltr'>θέλημα</span> <span class='ocrx_word' id='word_1_405' title='bbox 1591 3717 1658 3770; x_wconf 86' lang='grc' dir='ltr'>τὸ</span> <span class='ocrx_word' id='word_1_406' title='bbox 1687 3717 1854 3786; x_wconf 77' lang='grc' dir='ltr'>ἐμὸν,</span> 
     </span>
    </p>
   </div>
   <div class='ocr_carea' id='block_1_57' title="bbox 267 3809 1852 3904">
    <p class='ocr_par' dir='ltr' id='par_1_57' title="bbox 267 3809 1852 3904">
     <span class='ocr_line' id='line_1_57' title="bbox 267 3809 1852 3904; baseline -0.003 -33"><span class='ocrx_word' id='word_1_407' title='bbox 267 3816 430 3872; x_wconf 73' lang='grc' dir='ltr'><strong>ἀλλὰ</strong></span> <span class='ocrx_word' id='word_1_408' title='bbox 493 3813 562 3868; x_wconf 82' lang='grc' dir='ltr'>τὸ</span> <span class='ocrx_word' id='word_1_409' title='bbox 622 3811 854 3881; x_wconf 79' lang='grc' dir='ltr'>θέλημα</span> <span class='ocrx_word' id='word_1_410' title='bbox 910 3809 1019 3865; x_wconf 90' lang='grc' dir='ltr'><strong>τοῦ</strong></span> <span class='ocrx_word' id='word_1_411' title='bbox 1071 3809 1426 3880; x_wconf 76' lang='grc' dir='ltr'>πέμψαντός</span> <span class='ocrx_word' id='word_1_412' title='bbox 1461 3827 1555 3904; x_wconf 51' lang='grc' dir='ltr'>έιε</span> <span class='ocrx_word' id='word_1_413' title='bbox 1602 3811 1852 3879; x_wconf 83' lang='grc' dir='ltr'>Πατρός.</span> 
     </span>
    </p>
   </div>
   <div class='ocr_carea' id='block_1_58' title="bbox 267 3901 1856 3977">
    <p class='ocr_par' dir='ltr' id='par_1_58' title="bbox 267 3901 1856 3977">
     <span class='ocr_line' id='line_1_58' title="bbox 267 3901 1856 3977; baseline -0.003 -17"><span class='ocrx_word' id='word_1_414' title='bbox 267 3908 482 3977; x_wconf 79' lang='grc' dir='ltr'>Ὠσπερ</span> <span class='ocrx_word' id='word_1_415' title='bbox 508 3904 617 3975; x_wconf 77' lang='grc' dir='ltr'>γὰρ</span> <span class='ocrx_word' id='word_1_416' title='bbox 643 3904 701 3957; x_wconf 87' lang='grc' dir='ltr'>αἱ</span> <span class='ocrx_word' id='word_1_417' title='bbox 739 3903 883 3956; x_wconf 85' lang='grc' dir='ltr'><strong>κατά</strong></span> <span class='ocrx_word' id='word_1_418' title='bbox 907 3903 998 3956; x_wconf 79' lang='grc' dir='ltr'>τὸν</span> <span class='ocrx_word' id='word_1_419' title='bbox 1027 3902 1140 3973; x_wconf 85' lang='grc' dir='ltr'>βίον</span> <span class='ocrx_word' id='word_1_420' title='bbox 1175 3901 1396 3972; x_wconf 77' lang='grc' dir='ltr'>τέχναι,</span> <span class='ocrx_word' id='word_1_421' title='bbox 1438 3901 1675 3966; x_wconf 79' lang='grc' dir='ltr'>σ’κοπούς</span> <span class='ocrx_word' id='word_1_422' title='bbox 1703 3920 1856 3967; x_wconf 88' lang='grc' dir='ltr'>τινας</span> 
     </span>
    </p>
   </div>
   <div class='ocr_carea' id='block_1_59' title="bbox 264 3992 1855 4067">
    <p class='ocr_par' dir='ltr' id='par_1_59' title="bbox 264 3992 1855 4067">
     <span class='ocr_line' id='line_1_59' title="bbox 264 3992 1855 4067; baseline -0.004 -13"><span class='ocrx_word' id='word_1_423' title='bbox 264 3999 500 4061; x_wconf 84' lang='grc' dir='ltr'>οἰκείους</span> <span class='ocrx_word' id='word_1_424' title='bbox 525 3999 746 4058; x_wconf 77' lang='grc' dir='ltr'>ἑαυταῖς</span> <span class='ocrx_word' id='word_1_425' title='bbox 787 3995 1256 4067; x_wconf 80' lang='grc' dir='ltr'>προστησάμεναι,</span> <span class='ocrx_word' id='word_1_426' title='bbox 1287 3992 1595 4058; x_wconf 79' lang='grc' dir='ltr'>ἀκολούθως</span> <span class='ocrx_word' id='word_1_427' title='bbox 1624 3995 1855 4058; x_wconf 89' lang='grc' dir='ltr'>ἐκείνοις</span> 
     </span>
    </p>
   </div>
   <div class='ocr_carea' id='block_1_60' title="bbox 263 4087 1854 4161">
    <p class='ocr_par' dir='ltr' id='par_1_60' title="bbox 263 4087 1854 4161">
     <span class='ocr_line' id='line_1_60' title="bbox 263 4087 1854 4161; baseline -0.004 -15"><span class='ocrx_word' id='word_1_428' title='bbox 263 4094 362 4158; x_wconf 83' lang='grc' dir='ltr'>τὰς</span> <span class='ocrx_word' id='word_1_429' title='bbox 397 4089 546 4145; x_wconf 82' lang='grc' dir='ltr'>κατὰ</span> <span class='ocrx_word' id='word_1_430' title='bbox 577 4090 743 4161; x_wconf 82' lang='grc' dir='ltr'>μέρος</span> <span class='ocrx_word' id='word_1_431' title='bbox 772 4088 1201 4159; x_wconf 75' lang='grc' dir='ltr'>συναρμόζουσιν</span> <span class='ocrx_word' id='word_1_432' title='bbox 1223 4089 1504 4157; x_wconf 82' lang='grc' dir='ltr'>ἐνεργείας</span> <span class='ocrx_word' id='word_1_433' title='bbox 1530 4105 1542 4118; x_wconf 90' lang='grc'><strong>·</strong></span> <span class='ocrx_word' id='word_1_434' title='bbox 1580 4087 1724 4140; x_wconf 78' lang='grc' dir='ltr'>οὕτω</span> <span class='ocrx_word' id='word_1_435' title='bbox 1759 4089 1854 4141; x_wconf 77' lang='grc' dir='ltr'>καὶ</span> 
     </span>
    </p>
   </div>
   <div class='ocr_carea' id='block_1_61' title="bbox 263 4179 1855 4253">
    <p class='ocr_par' dir='ltr' id='par_1_61' title="bbox 263 4179 1855 4253">
     <span class='ocr_line' id='line_1_61' title="bbox 263 4179 1855 4253; baseline -0.004 -15"><span class='ocrx_word' id='word_1_436' title='bbox 263 4187 375 4247; x_wconf 83' lang='grc' dir='ltr'>τοῖς</span> <span class='ocrx_word' id='word_1_437' title='bbox 406 4181 707 4253; x_wconf 82' lang='grc' dir='ltr'>ἡμετέροις</span> <span class='ocrx_word' id='word_1_438' title='bbox 741 4180 923 4251; x_wconf 76' lang='grc' dir='ltr'>ἔργοις</span> <span class='ocrx_word' id='word_1_439' title='bbox 957 4179 1076 4242; x_wconf 79' lang='grc' dir='ltr'>ἐνὸς</span> <span class='ocrx_word' id='word_1_440' title='bbox 1111 4180 1239 4250; x_wconf 86' lang='grc' dir='ltr'>ὅρου</span> <span class='ocrx_word' id='word_1_441' title='bbox 1276 4180 1370 4232; x_wconf 81' lang='grc' dir='ltr'><strong>καὶ</strong></span> <span class='ocrx_word' id='word_1_442' title='bbox 1399 4179 1624 4242; x_wconf 85' lang='grc' dir='ltr'>κανόνος</span> <span class='ocrx_word' id='word_1_443' title='bbox 1652 4183 1855 4232; x_wconf 87' lang='grc' dir='ltr'>ἐπικει-</span> 
     </span>
    </p>
   </div>
   <div class='ocr_carea' id='block_1_62' title="bbox 268 4269 1850 4345">
    <p class='ocr_par' dir='ltr' id='par_1_62' title="bbox 268 4269 1850 4345">
     <span class='ocr_line' id='line_1_62' title="bbox 268 4269 1850 4345; baseline -0.004 -16"><span class='ocrx_word' id='word_1_444' title='bbox 268 4277 456 4345; x_wconf 82' lang='grc' dir='ltr'>μένου,</span> <span class='ocrx_word' id='word_1_445' title='bbox 500 4273 594 4327; x_wconf 84' lang='grc' dir='ltr'><strong>τοῦ</strong></span> <span class='ocrx_word' id='word_1_446' title='bbox 629 4273 939 4343; x_wconf 80' lang='grc' dir='ltr'>εὐαρέστως</span> <span class='ocrx_word' id='word_1_447' title='bbox 963 4269 1041 4341; x_wconf 85' lang='grc' dir='ltr'><strong>τῷ</strong></span> <span class='ocrx_word' id='word_1_448' title='bbox 1074 4269 1194 4340; x_wconf 86' lang='grc' dir='ltr'>Θεῷ</span> <span class='ocrx_word' id='word_1_449' title='bbox 1218 4271 1442 4340; x_wconf 87' lang='grc' dir='ltr'>ποιῆσαι</span> <span class='ocrx_word' id='word_1_450' title='bbox 1474 4271 1574 4335; x_wconf 83' lang='grc' dir='ltr'><strong>τὰς</strong></span> <span class='ocrx_word' id='word_1_451' title='bbox 1609 4269 1850 4334; x_wconf 84' lang='grc' dir='ltr'>ἐντολὰς,</span> 
     </span>
    </p>
   </div>
   <div class='ocr_carea' id='block_1_63' title="bbox 264 4361 1852 4434">
    <p class='ocr_par' dir='ltr' id='par_1_63' title="bbox 264 4361 1852 4434">
     <span class='ocr_line' id='line_1_63' title="bbox 264 4361 1852 4434; baseline -0.003 -14"><span class='ocrx_word' id='word_1_452' title='bbox 264 4366 530 4420; x_wconf 79' lang='grc' dir='ltr'>ἀδύνατον</span> <span class='ocrx_word' id='word_1_453' title='bbox 557 4365 637 4434; x_wconf 74' lang='grc'><strong>(1)</strong></span> <span class='ocrx_word' id='word_1_454' title='bbox 672 4363 847 4426; x_wconf 73' lang='grc' dir='ltr'>ἄλλως</span> <span class='ocrx_word' id='word_1_455' title='bbox 883 4363 945 4416; x_wconf 87' lang='grc' dir='ltr'><strong>τὸ</strong></span> <span class='ocrx_word' id='word_1_456' title='bbox 978 4362 1205 4434; x_wconf 85' lang='grc' dir='ltr'>ἀκριϐὲς</span> <span class='ocrx_word' id='word_1_457' title='bbox 1246 4361 1338 4414; x_wconf 83' lang='grc' dir='ltr'><strong>τοῦ</strong></span> <span class='ocrx_word' id='word_1_458' title='bbox 1381 4361 1544 4433; x_wconf 74' lang='grc' dir='ltr'>ἔργου</span> <span class='ocrx_word' id='word_1_459' title='bbox 1575 4362 1852 4434; x_wconf 87' lang='grc' dir='ltr'>κατορθω-</span> 
     </span>
    </p>
   </div>
   <div class='ocr_carea' id='block_1_64' title="bbox 1978 1886 3550 1960">
    <p class='ocr_par' dir='ltr' id='par_1_64' title="bbox 1978 1886 3550 1960">
     <span class='ocr_line' id='line_1_64' title="bbox 1978 1886 3550 1960; baseline -0.003 -17"><span class='ocrx_word' id='word_1_460' title='bbox 1978 1907 2045 1945; x_wconf 90' lang='lat' dir='ltr'><strong>ne</strong></span> <span class='ocrx_word' id='word_1_461' title='bbox 2089 1905 2328 1960; x_wconf 87' lang='lat' dir='ltr'><strong>unquam</strong></span> <span class='ocrx_word' id='word_1_462' title='bbox 2379 1889 2661 1942; x_wconf 86' lang='lat' dir='ltr'><strong>amittatur</strong></span> <span class='ocrx_word' id='word_1_463' title='bbox 2717 1886 2812 1942; x_wconf 87' lang='lat' dir='ltr'><strong>Dei</strong></span> <span class='ocrx_word' id='word_1_464' title='bbox 2851 1887 3134 1956; x_wconf 82' lang='lat' dir='ltr'><strong>cogitatio,</strong></span> <span class='ocrx_word' id='word_1_465' title='bbox 3183 1901 3319 1939; x_wconf 86' lang='lat' dir='ltr'><strong>neve</strong></span> <span class='ocrx_word' id='word_1_466' title='bbox 3367 1899 3550 1938; x_wconf 88' lang='lat' dir='ltr'><strong>rerum</strong></span> 
     </span>
    </p>
   </div>
   <div class='ocr_carea' id='block_1_65' title="bbox 1975 1978 3552 2050">
    <p class='ocr_par' dir='ltr' id='par_1_65' title="bbox 1975 1978 3552 2050">
     <span class='ocr_line' id='line_1_65' title="bbox 1975 1978 3552 2050; baseline -0.004 -15"><span class='ocrx_word' id='word_1_467' title='bbox 1975 1981 2310 2036; x_wconf 90' lang='lat' dir='ltr'><strong>mirabilium</strong></span> <span class='ocrx_word' id='word_1_468' title='bbox 2350 1981 2419 2035; x_wconf 88' lang='lat' dir='ltr'><strong>ab</strong></span> <span class='ocrx_word' id='word_1_469' title='bbox 2452 1996 2519 2036; x_wconf 90' lang='lat' dir='ltr'><strong>eo</strong></span> <span class='ocrx_word' id='word_1_470' title='bbox 2564 1988 2842 2050; x_wconf 85' lang='lat' dir='ltr'><strong>gestarum</strong></span> <span class='ocrx_word' id='word_1_471' title='bbox 2875 1980 3143 2032; x_wconf 87' lang='lat' dir='ltr'><strong>memoria</strong></span> <span class='ocrx_word' id='word_1_472' title='bbox 3188 1981 3345 2032; x_wconf 87' lang='lat' dir='ltr'><strong>vanis</strong></span> <span class='ocrx_word' id='word_1_473' title='bbox 3386 1978 3552 2046; x_wconf 85' lang='lat' dir='ltr'><strong>phan-</strong></span> 
     </span>
    </p>
   </div>
   <div class='ocr_carea' id='block_1_66' title="bbox 1974 2070 3550 2142">
    <p class='ocr_par' dir='ltr' id='par_1_66' title="bbox 1974 2070 3550 2142">
     <span class='ocr_line' id='line_1_66' title="bbox 1974 2070 3550 2142; baseline -0.002 -16"><span class='ocrx_word' id='word_1_474' title='bbox 1974 2073 2302 2128; x_wconf 87' lang='lat' dir='ltr'><strong>tasmatibus</strong></span> <span class='ocrx_word' id='word_1_475' title='bbox 2347 2073 2737 2142; x_wconf 88' lang='lat' dir='ltr'><strong>coinquinetur</strong></span> <span class='ocrx_word' id='word_1_476' title='bbox 2779 2091 2791 2126; x_wconf 91' lang='lat'>:</span> <span class='ocrx_word' id='word_1_477' title='bbox 2834 2071 2929 2128; x_wconf 91' lang='lat' dir='ltr'><strong>sed</strong></span> <span class='ocrx_word' id='word_1_478' title='bbox 2969 2070 3410 2126; x_wconf 80' lang='lat' dir='ltr'><strong>circumferenda</strong></span> <span class='ocrx_word' id='word_1_479' title='bbox 3464 2078 3550 2124; x_wconf 91' lang='lat' dir='ltr'><strong>est</strong></span> 
     </span>
    </p>
   </div>
   <div class='ocr_carea' id='block_1_67' title="bbox 1974 2161 3548 2234">
    <p class='ocr_par' dir='ltr' id='par_1_67' title="bbox 1974 2161 3548 2234">
     <span class='ocr_line' id='line_1_67' title="bbox 1974 2161 3548 2234; baseline -0.003 -16"><span class='ocrx_word' id='word_1_480' title='bbox 1974 2172 2165 2218; x_wconf 86' lang='lat' dir='ltr'><strong>sancta</strong></span> <span class='ocrx_word' id='word_1_481' title='bbox 2203 2165 2295 2218; x_wconf 89' lang='lat' dir='ltr'><strong>Dei</strong></span> <span class='ocrx_word' id='word_1_482' title='bbox 2339 2165 2621 2234; x_wconf 80' lang='lat' dir='ltr'><strong>cogitatio,</strong></span> <span class='ocrx_word' id='word_1_483' title='bbox 2656 2165 2736 2219; x_wconf 91' lang='lat' dir='ltr'><strong>sic</strong></span> <span class='ocrx_word' id='word_1_484' title='bbox 2770 2173 2827 2218; x_wconf 90' lang='lat' dir='ltr'><strong>ut</strong></span> <span class='ocrx_word' id='word_1_485' title='bbox 2875 2164 3030 2234; x_wconf 90' lang='lat' dir='ltr'><strong>quasi</strong></span> <span class='ocrx_word' id='word_1_486' title='bbox 3063 2163 3305 2231; x_wconf 83' lang='lat' dir='ltr'><strong>sigillum</strong></span> <span class='ocrx_word' id='word_1_487' title='bbox 3336 2161 3548 2216; x_wconf 88' lang='lat' dir='ltr'><strong>indele-</strong></span> 
     </span>
    </p>
   </div>
   <div class='ocr_carea' id='block_1_68' title="bbox 1973 2251 3548 2326">
    <p class='ocr_par' dir='ltr' id='par_1_68' title="bbox 1973 2251 3548 2326">
     <span class='ocr_line' id='line_1_68' title="bbox 1973 2251 3548 2326; baseline -0.003 -17"><span class='ocrx_word' id='word_1_488' title='bbox 1973 2255 2082 2310; x_wconf 83' lang='lat' dir='ltr'><strong>bile</strong></span> <span class='ocrx_word' id='word_1_489' title='bbox 2123 2271 2192 2309; x_wconf 73' lang='grc' dir='ltr'>ει</span> <span class='ocrx_word' id='word_1_490' title='bbox 2238 2263 2502 2326; x_wconf 80' lang='lat' dir='ltr'><strong>perpetua</strong></span> <span class='ocrx_word' id='word_1_491' title='bbox 2549 2264 2604 2310; x_wconf 90' lang='lat' dir='ltr'><strong>et</strong></span> <span class='ocrx_word' id='word_1_492' title='bbox 2649 2271 2786 2326; x_wconf 91' lang='lat' dir='ltr'><strong>pura</strong></span> <span class='ocrx_word' id='word_1_493' title='bbox 2825 2255 3206 2309; x_wconf 86' lang='lat' dir='ltr'><strong>recordatione</strong></span> <span class='ocrx_word' id='word_1_494' title='bbox 3253 2253 3308 2306; x_wconf 91' lang='lat' dir='ltr'><strong>in</strong></span> <span class='ocrx_word' id='word_1_495' title='bbox 3351 2251 3548 2305; x_wconf 86' lang='lat' dir='ltr'><strong>animis</strong></span> 
     </span>
    </p>
   </div>
   <div class='ocr_carea' id='block_1_69' title="bbox 1971 2346 3548 2418">
    <p class='ocr_par' dir='ltr' id='par_1_69' title="bbox 1971 2346 3548 2418">
     <span class='ocr_line' id='line_1_69' title="bbox 1971 2346 3548 2418; baseline -0.004 -17"><span class='ocrx_word' id='word_1_496' title='bbox 1971 2347 2180 2403; x_wconf 87' lang='lat' dir='ltr'><strong>nostris</strong></span> <span class='ocrx_word' id='word_1_497' title='bbox 2218 2347 2584 2418; x_wconf 86' lang='lat' dir='ltr'><strong>imprimatur.</strong></span> <span class='ocrx_word' id='word_1_498' title='bbox 2622 2347 2700 2400; x_wconf 88' lang='lat' dir='ltr'><strong>Ita</strong></span> <span class='ocrx_word' id='word_1_499' title='bbox 2728 2347 2873 2401; x_wconf 91' lang='lat' dir='ltr'><strong>enim</strong></span> <span class='ocrx_word' id='word_1_500' title='bbox 2919 2361 2947 2399; x_wconf 91' lang='lat' dir='ltr'><strong>a</strong></span> <span class='ocrx_word' id='word_1_501' title='bbox 2988 2346 3148 2400; x_wconf 89' lang='lat' dir='ltr'><strong>nobis</strong></span> <span class='ocrx_word' id='word_1_502' title='bbox 3199 2350 3548 2412; x_wconf 86' lang='lat' dir='ltr'><strong>comparatur</strong></span> 
     </span>
    </p>
   </div>
   <div class='ocr_carea' id='block_1_70' title="bbox 1971 2433 3543 2509">
    <p class='ocr_par' dir='ltr' id='par_1_70' title="bbox 1971 2433 3543 2509">
     <span class='ocr_line' id='line_1_70' title="bbox 1971 2433 3543 2509; baseline -0.004 -17"><span class='ocrx_word' id='word_1_503' title='bbox 1971 2439 2337 2506; x_wconf 78' lang='lat' dir='ltr'><strong>Deidilectio,</strong></span> <span class='ocrx_word' id='word_1_504' title='bbox 2369 2455 2490 2509; x_wconf 76' lang='lat' dir='ltr'><strong>quze</strong></span> <span class='ocrx_word' id='word_1_505' title='bbox 2533 2440 2695 2494; x_wconf 89' lang='lat' dir='ltr'><strong>simul</strong></span> <span class='ocrx_word' id='word_1_506' title='bbox 2737 2440 2941 2494; x_wconf 83' lang='lat' dir='ltr'><strong>excitat</strong></span> <span class='ocrx_word' id='word_1_507' title='bbox 2982 2437 3050 2492; x_wconf 88' lang='lat' dir='ltr'><strong>ad</strong></span> <span class='ocrx_word' id='word_1_508' title='bbox 3083 2435 3419 2491; x_wconf 86' lang='lat' dir='ltr'><strong>conficienda</strong></span> <span class='ocrx_word' id='word_1_509' title='bbox 3453 2433 3543 2488; x_wconf 89' lang='lat' dir='ltr'><strong>Dei</strong></span> 
     </span>
    </p>
   </div>
   <div class='ocr_carea' id='block_1_71' title="bbox 1970 2533 3546 2603">
    <p class='ocr_par' dir='ltr' id='par_1_71' title="bbox 1970 2533 3546 2603">
     <span class='ocr_line' id='line_1_71' title="bbox 1970 2533 3546 2603; baseline -0.002 -17"><span class='ocrx_word' id='word_1_510' title='bbox 1970 2534 2250 2598; x_wconf 86' lang='lat' dir='ltr'><strong>mandata,</strong></span> <span class='ocrx_word' id='word_1_511' title='bbox 2284 2542 2337 2588; x_wconf 89' lang='lat' dir='ltr'><strong>et</strong></span> <span class='ocrx_word' id='word_1_512' title='bbox 2367 2534 2484 2602; x_wconf 90' lang='lat' dir='ltr'><strong>ipsa</strong></span> <span class='ocrx_word' id='word_1_513' title='bbox 2517 2534 2584 2588; x_wconf 89' lang='lat' dir='ltr'><strong>ab</strong></span> <span class='ocrx_word' id='word_1_514' title='bbox 2612 2534 2748 2603; x_wconf 90' lang='lat' dir='ltr'><strong>ipsis</strong></span> <span class='ocrx_word' id='word_1_515' title='bbox 2770 2533 3015 2588; x_wconf 85' lang='lat' dir='ltr'><strong>vicissim</strong></span> <span class='ocrx_word' id='word_1_516' title='bbox 3045 2538 3308 2602; x_wconf 85' lang='lat' dir='ltr'><strong>perpetuo</strong></span> <span class='ocrx_word' id='word_1_517' title='bbox 3330 2540 3383 2584; x_wconf 91' lang='lat' dir='ltr'><strong>et</strong></span> <span class='ocrx_word' id='word_1_518' title='bbox 3409 2545 3546 2584; x_wconf 88' lang='lat' dir='ltr'><strong>con-</strong></span> 
     </span>
    </p>
   </div>
   <div class='ocr_carea' id='block_1_72' title="bbox 1968 2622 3543 2696">
    <p class='ocr_par' dir='ltr' id='par_1_72' title="bbox 1968 2622 3543 2696">
     <span class='ocr_line' id='line_1_72' title="bbox 1968 2622 3543 2696; baseline -0.002 -16"><span class='ocrx_word' id='word_1_519' title='bbox 1968 2634 2178 2681; x_wconf 83' lang='lat' dir='ltr'><strong>stanter</strong></span> <span class='ocrx_word' id='word_1_520' title='bbox 2208 2634 2481 2682; x_wconf 88' lang='lat' dir='ltr'><strong>servatur.</strong></span> <span class='ocrx_word' id='word_1_521' title='bbox 2519 2627 2698 2696; x_wconf 83' lang='lat' dir='ltr'><strong>Atque</strong></span> <span class='ocrx_word' id='word_1_522' title='bbox 2733 2627 2838 2681; x_wconf 87' lang='lat' dir='ltr'><strong>hoc</strong></span> <span class='ocrx_word' id='word_1_523' title='bbox 2864 2624 3127 2681; x_wconf 88' lang='lat' dir='ltr'><strong>Dominus</strong></span> <span class='ocrx_word' id='word_1_524' title='bbox 3153 2624 3416 2688; x_wconf 90' lang='lat' dir='ltr'><strong>ostendit,</strong></span> <span class='ocrx_word' id='word_1_525' title='bbox 3449 2622 3543 2694; x_wconf 92' lang='lat' dir='ltr'><strong>qui</strong></span> 
     </span>
    </p>
   </div>
   <div class='ocr_carea' id='block_1_73' title="bbox 1968 2715 3543 2787">
    <p class='ocr_par' dir='ltr' id='par_1_73' title="bbox 1968 2715 3543 2787">
     <span class='ocr_line' id='line_1_73' title="bbox 1968 2715 3543 2787; baseline -0.001 -17"><span class='ocrx_word' id='word_1_526' title='bbox 1968 2732 2117 2770; x_wconf 84' lang='lat' dir='ltr'><strong>nunc</strong></span> <span class='ocrx_word' id='word_1_527' title='bbox 2161 2717 2382 2786; x_wconf 85' lang='lat' dir='ltr'><strong>quidem</strong></span> <span class='ocrx_word' id='word_1_528' title='bbox 2434 2718 2507 2770; x_wconf 83' lang='lat' dir='ltr'><strong>ait</strong></span> <span class='ocrx_word' id='word_1_529' title='bbox 2546 2734 2559 2772; x_wconf 91' lang='lat'>:</span> <span class='ocrx_word' id='word_1_530' title='bbox 2601 2716 2662 2771; x_wconf 89' lang='lat' dir='ltr'><strong>Si</strong></span> <span class='ocrx_word' id='word_1_531' title='bbox 2700 2717 2924 2787; x_wconf 83' lang='lat' dir='ltr'><strong>diligitis</strong></span> <span class='ocrx_word' id='word_1_532' title='bbox 2972 2733 3072 2778; x_wconf 83' lang='lat' dir='ltr'><strong>nte,</strong></span> <span class='ocrx_word' id='word_1_533' title='bbox 3129 2715 3384 2769; x_wconf 83' lang='lat' dir='ltr'><strong>mandata</strong></span> <span class='ocrx_word' id='word_1_534' title='bbox 3427 2730 3543 2768; x_wconf 76' lang='lat' dir='ltr'><strong>mea</strong></span> 
     </span>
    </p>
   </div>
   <div class='ocr_carea' id='block_1_74' title="bbox 1968 2807 3542 2876">
    <p class='ocr_par' dir='ltr' id='par_1_74' title="bbox 1968 2807 3542 2876">
     <span class='ocr_line' id='line_1_74' title="bbox 1968 2807 3542 2876; baseline -0.002 -13"><span class='ocrx_word' id='word_1_535' title='bbox 1968 2819 2171 2863; x_wconf 83' lang='lat' dir='ltr'><strong>servate</strong></span> <span class='ocrx_word' id='word_1_536' title='bbox 2202 2809 2248 2840; x_wconf 72' lang='grc'><strong>⁷⁵</strong></span> <span class='ocrx_word' id='word_1_537' title='bbox 2285 2829 2297 2862; x_wconf 89' lang='lat'>:</span> <span class='ocrx_word' id='word_1_538' title='bbox 2332 2825 2479 2864; x_wconf 89' lang='lat' dir='ltr'><strong>nunc</strong></span> <span class='ocrx_word' id='word_1_539' title='bbox 2508 2824 2660 2872; x_wconf 90' lang='lat' dir='ltr'><strong>vero,</strong></span> <span class='ocrx_word' id='word_1_540' title='bbox 2688 2807 2748 2863; x_wconf 90' lang='lat' dir='ltr'><strong>Si</strong></span> <span class='ocrx_word' id='word_1_541' title='bbox 2768 2818 3027 2876; x_wconf 69' lang='lat' dir='ltr'><strong>pra&#39;cepta</strong></span> <span class='ocrx_word' id='word_1_542' title='bbox 3055 2824 3170 2862; x_wconf 87' lang='lat' dir='ltr'><strong>mea</strong></span> <span class='ocrx_word' id='word_1_543' title='bbox 3188 2809 3542 2865; x_wconf 86' lang='lat' dir='ltr'><strong>servaveritis.</strong></span> 
     </span>
    </p>
   </div>
   <div class='ocr_carea' id='block_1_75' title="bbox 1966 2899 3541 2970">
    <p class='ocr_par' dir='ltr' id='par_1_75' title="bbox 1966 2899 3541 2970">
     <span class='ocr_line' id='line_1_75' title="bbox 1966 2899 3541 2970; baseline 0.002 -18"><span class='ocrx_word' id='word_1_544' title='bbox 1966 2899 2249 2954; x_wconf 81' lang='lat' dir='ltr'><strong>manebitis</strong></span> <span class='ocrx_word' id='word_1_545' title='bbox 2300 2903 2355 2954; x_wconf 88' lang='lat' dir='ltr'><strong>in</strong></span> <span class='ocrx_word' id='word_1_546' title='bbox 2396 2901 2672 2955; x_wconf 80' lang='lat' dir='ltr'><strong>dilectione</strong></span> <span class='ocrx_word' id='word_1_547' title='bbox 2702 2919 2819 2955; x_wconf 90' lang='lat' dir='ltr'><strong>mea</strong></span> <span class='ocrx_word' id='word_1_548' title='bbox 2846 2902 2891 2933; x_wconf 84' lang='grc'><strong>⁷⁸</strong></span> <span class='ocrx_word' id='word_1_549' title='bbox 2922 2921 2936 2968; x_wconf 86' lang='grc'>;</span> <span class='ocrx_word' id='word_1_550' title='bbox 2967 2909 3040 2964; x_wconf 89' lang='lat' dir='ltr'><strong>et,</strong></span> <span class='ocrx_word' id='word_1_551' title='bbox 3081 2900 3225 2970; x_wconf 90' lang='lat' dir='ltr'><strong>quod</strong></span> <span class='ocrx_word' id='word_1_552' title='bbox 3270 2899 3541 2955; x_wconf 80' lang='lat' dir='ltr'><strong>cﬂicacius</strong></span> 
     </span>
    </p>
   </div>
   <div class='ocr_carea' id='block_1_76' title="bbox 1965 2991 3540 3062">
    <p class='ocr_par' dir='ltr' id='par_1_76' title="bbox 1965 2991 3540 3062">
     <span class='ocr_line' id='line_1_76' title="bbox 1965 2991 3540 3062; baseline 0 -16"><span class='ocrx_word' id='word_1_553' title='bbox 1965 2992 2134 3046; x_wconf 85' lang='lat' dir='ltr'><strong>etiam</strong></span> <span class='ocrx_word' id='word_1_554' title='bbox 2187 2992 2362 3062; x_wconf 87' lang='lat' dir='ltr'><strong>possit</strong></span> <span class='ocrx_word' id='word_1_555' title='bbox 2427 3009 2774 3048; x_wconf 87' lang='lat' dir='ltr'><strong>commovere</strong></span> <span class='ocrx_word' id='word_1_556' title='bbox 2831 3012 2844 3047; x_wconf 89' lang='lat'><strong>:</strong></span> <span class='ocrx_word' id='word_1_557' title='bbox 2910 2993 3059 3048; x_wconf 80' lang='lat' dir='ltr'><strong>Sicut</strong></span> <span class='ocrx_word' id='word_1_558' title='bbox 3109 3003 3158 3046; x_wconf 88' lang='lat' dir='ltr'><strong>et</strong></span> <span class='ocrx_word' id='word_1_559' title='bbox 3212 3009 3305 3062; x_wconf 87' lang='lat' dir='ltr'><strong>ego</strong></span> <span class='ocrx_word' id='word_1_560' title='bbox 3358 2991 3540 3046; x_wconf 82' lang='lat' dir='ltr'><strong>Patris</strong></span> 
     </span>
    </p>
   </div>
   <div class='ocr_carea' id='block_1_77' title="bbox 1967 3083 3537 3154">
    <p class='ocr_par' dir='ltr' id='par_1_77' title="bbox 1967 3083 3537 3154">
     <span class='ocr_line' id='line_1_77' title="bbox 1967 3083 3537 3154; baseline 0.001 -19"><span class='ocrx_word' id='word_1_561' title='bbox 1967 3083 2069 3137; x_wconf 86' lang='lat' dir='ltr'><strong>mei</strong></span> <span class='ocrx_word' id='word_1_562' title='bbox 2093 3095 2356 3153; x_wconf 78' lang='lat' dir='ltr'><strong>prtccepta</strong></span> <span class='ocrx_word' id='word_1_563' title='bbox 2383 3086 2605 3150; x_wconf 81' lang='lat' dir='ltr'><strong>servavi,</strong></span> <span class='ocrx_word' id='word_1_564' title='bbox 2633 3094 2681 3138; x_wconf 87' lang='lat' dir='ltr'><strong>et</strong></span> <span class='ocrx_word' id='word_1_565' title='bbox 2717 3101 2901 3138; x_wconf 84' lang='lat' dir='ltr'><strong>maneo</strong></span> <span class='ocrx_word' id='word_1_566' title='bbox 2940 3086 2995 3138; x_wconf 87' lang='lat' dir='ltr'><strong>in</strong></span> <span class='ocrx_word' id='word_1_567' title='bbox 3031 3086 3144 3154; x_wconf 88' lang='lat' dir='ltr'><strong>ejus</strong></span> <span class='ocrx_word' id='word_1_568' title='bbox 3175 3085 3449 3139; x_wconf 80' lang='lat' dir='ltr'><strong>dilectione</strong></span> <span class='ocrx_word' id='word_1_569' title='bbox 3471 3084 3537 3137; x_wconf 77' lang='grc'><strong>⁷⁸.</strong></span> 
     </span>
    </p>
   </div>
   <div class='ocr_carea' id='block_1_78' title="bbox 2032 3351 3536 3420">
    <p class='ocr_par' dir='ltr' id='par_1_78' title="bbox 2032 3351 3536 3420">
     <span class='ocr_line' id='line_1_78' title="bbox 2032 3351 3536 3420; baseline -0.003 -12"><span class='ocrx_word' id='word_1_570' title='bbox 2032 3354 2086 3408; x_wconf 79' lang='lat'><strong>5.</strong></span> <span class='ocrx_word' id='word_1_571' title='bbox 2141 3351 2354 3420; x_wconf 73' lang='lat' dir='ltr'><strong>Quibus</strong></span> <span class='ocrx_word' id='word_1_572' title='bbox 2405 3352 2539 3406; x_wconf 90' lang='lat' dir='ltr'><strong>illud</strong></span> <span class='ocrx_word' id='word_1_573' title='bbox 2591 3369 2693 3408; x_wconf 85' lang='lat' dir='ltr'><strong>nos</strong></span> <span class='ocrx_word' id='word_1_574' title='bbox 2750 3352 2941 3414; x_wconf 84' lang='lat' dir='ltr'><strong>docet,</strong></span> <span class='ocrx_word' id='word_1_575' title='bbox 2999 3367 3215 3420; x_wconf 90' lang='lat' dir='ltr'><strong>semper</strong></span> <span class='ocrx_word' id='word_1_576' title='bbox 3267 3351 3321 3404; x_wconf 90' lang='lat' dir='ltr'><strong>in</strong></span> <span class='ocrx_word' id='word_1_577' title='bbox 3373 3362 3536 3419; x_wconf 86' lang='lat' dir='ltr'><strong>opere</strong></span> 
     </span>
    </p>
   </div>
   <div class='ocr_carea' id='block_1_79' title="bbox 1959 3440 3535 3513">
    <p class='ocr_par' dir='ltr' id='par_1_79' title="bbox 1959 3440 3535 3513">
     <span class='ocr_line' id='line_1_79' title="bbox 1959 3440 3535 3513; baseline -0.003 -16"><span class='ocrx_word' id='word_1_578' title='bbox 1959 3443 2109 3513; x_wconf 87' lang='lat' dir='ltr'><strong>quod</strong></span> <span class='ocrx_word' id='word_1_579' title='bbox 2156 3443 2463 3498; x_wconf 86' lang='lat' dir='ltr'><strong>faciendum</strong></span> <span class='ocrx_word' id='word_1_580' title='bbox 2509 3443 2975 3500; x_wconf 85' lang='lat' dir='ltr'><strong>constituerimus.</strong></span> <span class='ocrx_word' id='word_1_581' title='bbox 3033 3440 3396 3511; x_wconf 67' lang='lat' dir='ltr'><strong>praecipieutis</strong></span> <span class='ocrx_word' id='word_1_582' title='bbox 3437 3455 3535 3493; x_wconf 87' lang='lat' dir='ltr'><strong>vo~</strong></span> 
     </span>
    </p>
   </div>
   <div class='ocr_carea' id='block_1_80' title="bbox 1959 3533 3533 3604">
    <p class='ocr_par' dir='ltr' id='par_1_80' title="bbox 1959 3533 3533 3604">
     <span class='ocr_line' id='line_1_80' title="bbox 1959 3533 3533 3604; baseline -0.003 -14"><span class='ocrx_word' id='word_1_583' title='bbox 1959 3536 2222 3591; x_wconf 86' lang='lat' dir='ltr'><strong>luntatem</strong></span> <span class='ocrx_word' id='word_1_584' title='bbox 2263 3543 2525 3604; x_wconf 88' lang='lat' dir='ltr'><strong>tanquam</strong></span> <span class='ocrx_word' id='word_1_585' title='bbox 2553 3550 2776 3604; x_wconf 90' lang='lat' dir='ltr'><strong>scopum</strong></span> <span class='ocrx_word' id='word_1_586' title='bbox 2800 3535 2958 3590; x_wconf 89' lang='lat' dir='ltr'><strong>nobis</strong></span> <span class='ocrx_word' id='word_1_587' title='bbox 2980 3549 3284 3603; x_wconf 82' lang='lat' dir='ltr'><strong>proponere</strong></span> <span class='ocrx_word' id='word_1_588' title='bbox 3313 3533 3533 3599; x_wconf 90' lang='lat' dir='ltr'><strong>debere,</strong></span> 
     </span>
    </p>
   </div>
   <div class='ocr_carea' id='block_1_81' title="bbox 1959 3626 3532 3698">
    <p class='ocr_par' dir='ltr' id='par_1_81' title="bbox 1959 3626 3532 3698">
     <span class='ocr_line' id='line_1_81' title="bbox 1959 3626 3532 3698; baseline 0 -18"><span class='ocrx_word' id='word_1_589' title='bbox 1959 3627 2028 3682; x_wconf 86' lang='lat' dir='ltr'><strong>ad</strong></span> <span class='ocrx_word' id='word_1_590' title='bbox 2074 3643 2311 3698; x_wconf 87' lang='lat' dir='ltr'><strong>eumque</strong></span> <span class='ocrx_word' id='word_1_591' title='bbox 2345 3627 2585 3682; x_wconf 88' lang='lat' dir='ltr'><strong>studium</strong></span> <span class='ocrx_word' id='word_1_592' title='bbox 2637 3634 2893 3681; x_wconf 87' lang='lat' dir='ltr'><strong>nostrum</strong></span> <span class='ocrx_word' id='word_1_593' title='bbox 2937 3626 3195 3696; x_wconf 82' lang='lat' dir='ltr'><strong>dirigere,</strong></span> <span class='ocrx_word' id='word_1_594' title='bbox 3241 3626 3319 3679; x_wconf 91' lang='lat' dir='ltr'><strong>uti</strong></span> <span class='ocrx_word' id='word_1_595' title='bbox 3370 3626 3532 3680; x_wconf 89' lang='lat' dir='ltr'><strong>etiam</strong></span> 
     </span>
    </p>
   </div>
   <div class='ocr_carea' id='block_1_82' title="bbox 1960 3717 3533 3786">
    <p class='ocr_par' dir='ltr' id='par_1_82' title="bbox 1960 3717 3533 3786">
     <span class='ocr_line' id='line_1_82' title="bbox 1960 3717 3533 3786; baseline -0.001 -14"><span class='ocrx_word' id='word_1_596' title='bbox 1960 3719 2067 3774; x_wconf 88' lang='lat' dir='ltr'><strong>alio</strong></span> <span class='ocrx_word' id='word_1_597' title='bbox 2111 3719 2233 3772; x_wconf 88' lang='lat' dir='ltr'><strong>loco</strong></span> <span class='ocrx_word' id='word_1_598' title='bbox 2271 3718 2407 3772; x_wconf 89' lang='lat' dir='ltr'><strong>dicit</strong></span> <span class='ocrx_word' id='word_1_599' title='bbox 2445 3735 2460 3770; x_wconf 86' lang='lat'><strong>:</strong></span> <span class='ocrx_word' id='word_1_600' title='bbox 2492 3718 2754 3773; x_wconf 85' lang='lat' dir='ltr'><strong>Descendi</strong></span> <span class='ocrx_word' id='word_1_601' title='bbox 2802 3722 2867 3772; x_wconf 89' lang='lat' dir='ltr'><strong>de</strong></span> <span class='ocrx_word' id='word_1_602' title='bbox 2899 3719 3057 3781; x_wconf 67' lang='lat' dir='ltr'><strong>calo,</strong></span> <span class='ocrx_word' id='word_1_603' title='bbox 3096 3735 3201 3773; x_wconf 83' lang='lat' dir='ltr'><strong>non</strong></span> <span class='ocrx_word' id='word_1_604' title='bbox 3241 3728 3299 3772; x_wconf 83' lang='lat' dir='ltr'><strong>ut</strong></span> <span class='ocrx_word' id='word_1_605' title='bbox 3337 3717 3533 3786; x_wconf 76' lang='lat' dir='ltr'><strong>faciam</strong></span> 
     </span>
    </p>
   </div>
   <div class='ocr_carea' id='block_1_83' title="bbox 1959 3811 3530 3880">
    <p class='ocr_par' dir='ltr' id='par_1_83' title="bbox 1959 3811 3530 3880">
     <span class='ocr_line' id='line_1_83' title="bbox 1959 3811 3530 3880; baseline -0.002 -15"><span class='ocrx_word' id='word_1_606' title='bbox 1959 3811 2281 3866; x_wconf 74' lang='lat' dir='ltr'><strong>voluntatem</strong></span> <span class='ocrx_word' id='word_1_607' title='bbox 2307 3828 2498 3876; x_wconf 88' lang='lat' dir='ltr'><strong>meam,</strong></span> <span class='ocrx_word' id='word_1_608' title='bbox 2524 3812 2612 3866; x_wconf 85' lang='lat' dir='ltr'><strong>sed</strong></span> <span class='ocrx_word' id='word_1_609' title='bbox 2641 3813 2962 3866; x_wconf 83' lang='lat' dir='ltr'><strong>voluntatem</strong></span> <span class='ocrx_word' id='word_1_610' title='bbox 2999 3811 3112 3880; x_wconf 86' lang='lat' dir='ltr'><strong>ejus</strong></span> <span class='ocrx_word' id='word_1_611' title='bbox 3145 3811 3233 3880; x_wconf 87' lang='lat' dir='ltr'><strong>qui</strong></span> <span class='ocrx_word' id='word_1_612' title='bbox 3255 3812 3395 3863; x_wconf 88' lang='lat' dir='ltr'><strong>misit</strong></span> <span class='ocrx_word' id='word_1_613' title='bbox 3427 3826 3530 3874; x_wconf 85' lang='lat' dir='ltr'><strong>me,</strong></span> 
     </span>
    </p>
   </div>
   <div class='ocr_carea' id='block_1_84' title="bbox 1957 3902 3528 3974">
    <p class='ocr_par' dir='ltr' id='par_1_84' title="bbox 1957 3902 3528 3974">
     <span class='ocr_line' id='line_1_84' title="bbox 1957 3902 3528 3974; baseline -0.001 -17"><span class='ocrx_word' id='word_1_614' title='bbox 1957 3902 2142 3958; x_wconf 78' lang='lat' dir='ltr'><strong>Patris</strong></span> <span class='ocrx_word' id='word_1_615' title='bbox 2182 3905 2248 3957; x_wconf 88' lang='grc'><strong>⁷⁷.</strong></span> <span class='ocrx_word' id='word_1_616' title='bbox 2284 3902 2355 3958; x_wconf 91' lang='lat' dir='ltr'><strong>Ut</strong></span> <span class='ocrx_word' id='word_1_617' title='bbox 2376 3906 2521 3960; x_wconf 90' lang='lat' dir='ltr'><strong>enim</strong></span> <span class='ocrx_word' id='word_1_618' title='bbox 2552 3913 2702 3960; x_wconf 86' lang='lat' dir='ltr'><strong>artes</strong></span> <span class='ocrx_word' id='word_1_619' title='bbox 2728 3919 2849 3974; x_wconf 74' lang='lat' dir='ltr'><strong>qua:</strong></span> <span class='ocrx_word' id='word_1_620' title='bbox 2892 3903 2959 3958; x_wconf 89' lang='lat' dir='ltr'><strong>ad</strong></span> <span class='ocrx_word' id='word_1_621' title='bbox 2992 3902 3294 3973; x_wconf 89' lang='lat' dir='ltr'><strong>parandum</strong></span> <span class='ocrx_word' id='word_1_622' title='bbox 3325 3903 3528 3956; x_wconf 89' lang='lat' dir='ltr'><strong>victum</strong></span> 
     </span>
    </p>
   </div>
   <div class='ocr_carea' id='block_1_85' title="bbox 1955 3997 3530 4067">
    <p class='ocr_par' dir='ltr' id='par_1_85' title="bbox 1955 3997 3530 4067">
     <span class='ocr_line' id='line_1_85' title="bbox 1955 3997 3530 4067; baseline -0.001 -15"><span class='ocrx_word' id='word_1_623' title='bbox 1955 3997 2277 4066; x_wconf 67' lang='lat' dir='ltr'><strong>excogitatae</strong></span> <span class='ocrx_word' id='word_1_624' title='bbox 2297 4006 2448 4059; x_wconf 86' lang='lat' dir='ltr'><strong>sunt,</strong></span> <span class='ocrx_word' id='word_1_625' title='bbox 2476 3999 2568 4052; x_wconf 89' lang='lat' dir='ltr'><strong>ubi</strong></span> <span class='ocrx_word' id='word_1_626' title='bbox 2595 3997 2982 4067; x_wconf 88' lang='lat' dir='ltr'><strong>proposuerint</strong></span> <span class='ocrx_word' id='word_1_627' title='bbox 3014 3997 3117 4052; x_wconf 89' lang='lat' dir='ltr'><strong>sibi</strong></span> <span class='ocrx_word' id='word_1_628' title='bbox 3144 4011 3338 4065; x_wconf 90' lang='lat' dir='ltr'><strong>scopos</strong></span> <span class='ocrx_word' id='word_1_629' title='bbox 3362 4012 3530 4066; x_wconf 85' lang='lat' dir='ltr'><strong>quos-</strong></span> 
     </span>
    </p>
   </div>
   <div class='ocr_carea' id='block_1_86' title="bbox 1955 4088 3530 4160">
    <p class='ocr_par' dir='ltr' id='par_1_86' title="bbox 1955 4088 3530 4160">
     <span class='ocr_line' id='line_1_86' title="bbox 1955 4088 3530 4160; baseline 0.001 -19"><span class='ocrx_word' id='word_1_630' title='bbox 1955 4088 2080 4142; x_wconf 89' lang='lat' dir='ltr'><strong>dam</strong></span> <span class='ocrx_word' id='word_1_631' title='bbox 2125 4089 2452 4157; x_wconf 73' lang='lat' dir='ltr'><strong>peculiares,</strong></span> <span class='ocrx_word' id='word_1_632' title='bbox 2481 4097 2848 4160; x_wconf 78' lang='lat' dir='ltr'><strong>congruenter</strong></span> <span class='ocrx_word' id='word_1_633' title='bbox 2883 4089 2992 4144; x_wconf 89' lang='lat' dir='ltr'><strong>illis</strong></span> <span class='ocrx_word' id='word_1_634' title='bbox 3037 4089 3530 4158; x_wconf 85' lang='lat' dir='ltr'><strong>convenienterque</strong></span> 
     </span>
    </p>
   </div>
   <div class='ocr_carea' id='block_1_87' title="bbox 1955 4181 3528 4254">
    <p class='ocr_par' dir='ltr' id='par_1_87' title="bbox 1955 4181 3528 4254">
     <span class='ocr_line' id='line_1_87' title="bbox 1955 4181 3528 4254; baseline -0.004 -16"><span class='ocrx_word' id='word_1_635' title='bbox 1955 4183 2172 4253; x_wconf 73' lang='lat' dir='ltr'><strong>singula</strong></span> <span class='ocrx_word' id='word_1_636' title='bbox 2225 4198 2392 4254; x_wconf 87' lang='lat' dir='ltr'><strong>opera</strong></span> <span class='ocrx_word' id='word_1_637' title='bbox 2441 4196 2538 4236; x_wconf 86' lang='lat' dir='ltr'><strong>sua</strong></span> <span class='ocrx_word' id='word_1_638' title='bbox 2586 4182 3003 4237; x_wconf 87' lang='lat' dir='ltr'><strong>accommodant</strong></span> <span class='ocrx_word' id='word_1_639' title='bbox 3055 4199 3067 4235; x_wconf 94' lang='lat'><strong>:</strong></span> <span class='ocrx_word' id='word_1_640' title='bbox 3110 4181 3180 4234; x_wconf 88' lang='lat' dir='ltr'><strong>ita</strong></span> <span class='ocrx_word' id='word_1_641' title='bbox 3210 4181 3374 4235; x_wconf 86' lang='lat' dir='ltr'><strong>etiam</strong></span> <span class='ocrx_word' id='word_1_642' title='bbox 3403 4195 3528 4234; x_wconf 90' lang='lat' dir='ltr'><strong>cum</strong></span> 
     </span>
    </p>
   </div>
   <div class='ocr_carea' id='block_1_88' title="bbox 1952 4273 3530 4346">
    <p class='ocr_par' dir='ltr' id='par_1_88' title="bbox 1952 4273 3530 4346">
     <span class='ocr_line' id='line_1_88' title="bbox 1952 4273 3530 4346; baseline -0.004 -15"><span class='ocrx_word' id='word_1_643' title='bbox 1952 4291 2120 4346; x_wconf 84' lang='lat' dir='ltr'><strong>opera</strong></span> <span class='ocrx_word' id='word_1_644' title='bbox 2156 4285 2342 4330; x_wconf 91' lang='lat' dir='ltr'><strong>nostra</strong></span> <span class='ocrx_word' id='word_1_645' title='bbox 2381 4275 2542 4330; x_wconf 85' lang='lat' dir='ltr'><strong>finem</strong></span> <span class='ocrx_word' id='word_1_646' title='bbox 2593 4292 2762 4329; x_wconf 92' lang='lat' dir='ltr'><strong>unum</strong></span> <span class='ocrx_word' id='word_1_647' title='bbox 2794 4290 2856 4328; x_wconf 90' lang='lat' dir='ltr'><strong>ac</strong></span> <span class='ocrx_word' id='word_1_648' title='bbox 2887 4275 3129 4345; x_wconf 77' lang='lat' dir='ltr'><strong>regulam</strong></span> <span class='ocrx_word' id='word_1_649' title='bbox 3164 4274 3420 4337; x_wconf 85' lang='lat' dir='ltr'><strong>habeant,</strong></span> <span class='ocrx_word' id='word_1_650' title='bbox 3445 4273 3530 4327; x_wconf 88' lang='lat' dir='ltr'><strong>ni-</strong></span> 
     </span>
    </p>
   </div>
   <div class='ocr_carea' id='block_1_89' title="bbox 1952 4364 3527 4435">
    <p class='ocr_par' dir='ltr' id='par_1_89' title="bbox 1952 4364 3527 4435">
     <span class='ocr_line' id='line_1_89' title="bbox 1952 4364 3527 4435; baseline -0.002 -16"><span class='ocrx_word' id='word_1_651' title='bbox 1952 4367 2154 4420; x_wconf 89' lang='lat' dir='ltr'><strong>mirum</strong></span> <span class='ocrx_word' id='word_1_652' title='bbox 2195 4373 2256 4420; x_wconf 92' lang='lat' dir='ltr'><strong>ut</strong></span> <span class='ocrx_word' id='word_1_653' title='bbox 2299 4365 2559 4422; x_wconf 86' lang='lat' dir='ltr'><strong>mandata.</strong></span> <span class='ocrx_word' id='word_1_654' title='bbox 2599 4365 2777 4420; x_wconf 87' lang='lat' dir='ltr'><strong>modis</strong></span> <span class='ocrx_word' id='word_1_655' title='bbox 2818 4364 2930 4418; x_wconf 88' lang='lat' dir='ltr'><strong>Deo</strong></span> <span class='ocrx_word' id='word_1_656' title='bbox 2975 4365 3214 4434; x_wconf 85' lang='lat' dir='ltr'><strong>acceptis</strong></span> <span class='ocrx_word' id='word_1_657' title='bbox 3260 4378 3527 4435; x_wconf 81' lang='lat' dir='ltr'><strong>exsequa-</strong></span> 
     </span>
    </p>
   </div>
   <div class='ocr_carea' id='block_1_90' title="bbox 263 4453 1866 4541">
    <p class='ocr_par' dir='ltr' id='par_1_90' title="bbox 263 4453 1852 4529">
     <span class='ocr_line' id='line_1_90' title="bbox 263 4453 1852 4529; baseline -0.004 -17"><span class='ocrx_word' id='word_1_658' title='bbox 263 4459 424 4529; x_wconf 75' lang='grc' dir='ltr'>θῆναι</span> <span class='ocrx_word' id='word_1_659' title='bbox 470 4457 546 4528; x_wconf 82' lang='grc' dir='ltr'>μὴ</span> <span class='ocrx_word' id='word_1_660' title='bbox 575 4455 718 4510; x_wconf 76' lang='grc' dir='ltr'>κατὰ</span> <span class='ocrx_word' id='word_1_661' title='bbox 749 4455 810 4508; x_wconf 83' lang='grc' dir='ltr'><strong>τὸ</strong></span> <span class='ocrx_word' id='word_1_662' title='bbox 863 4454 1114 4526; x_wconf 86' lang='grc' dir='ltr'>βούλημα</span> <span class='ocrx_word' id='word_1_663' title='bbox 1150 4454 1243 4507; x_wconf 83' lang='grc' dir='ltr'><strong>τοῦ</strong></span> <span class='ocrx_word' id='word_1_664' title='bbox 1272 4453 1631 4517; x_wconf 80' lang='grc' dir='ltr'>ἐκδεδωκότος</span> <span class='ocrx_word' id='word_1_665' title='bbox 1672 4455 1852 4506; x_wconf 85' lang='grc' dir='ltr'>ἐπιτε-</span> 
     </span>
    </p>
   </div>
   <div class='ocr_carea' id='block_1_91' title="bbox 1973 4453 3526 4541">
    <p class='ocr_par' dir='ltr' id='par_1_91' title="bbox 1973 4453 3526 4526">
     <span class='ocr_line' id='line_1_91' title="bbox 1973 4453 3526 4526; baseline -0.002 -17"><span class='ocrx_word' id='word_1_666' title='bbox 1973 4473 2104 4520; x_wconf 79' lang='lat' dir='ltr'><strong>nur,</strong></span> <span class='ocrx_word' id='word_1_667' title='bbox 2137 4472 2278 4526; x_wconf 90' lang='lat' dir='ltr'><strong>opus</strong></span> <span class='ocrx_word' id='word_1_668' title='bbox 2327 4465 2586 4511; x_wconf 88' lang='lat' dir='ltr'><strong>accurate</strong></span> <span class='ocrx_word' id='word_1_669' title='bbox 2629 4456 2814 4526; x_wconf 79' lang='lat' dir='ltr'><strong>peragi</strong></span> <span class='ocrx_word' id='word_1_670' title='bbox 2854 4456 3010 4510; x_wconf 87' lang='lat' dir='ltr'><strong>aliter</strong></span> <span class='ocrx_word' id='word_1_671' title='bbox 3047 4471 3154 4509; x_wconf 92' lang='lat' dir='ltr'><strong>non</strong></span> <span class='ocrx_word' id='word_1_672' title='bbox 3207 4462 3383 4525; x_wconf 88' lang='lat' dir='ltr'><strong>potest</strong></span> <span class='ocrx_word' id='word_1_673' title='bbox 3422 4453 3526 4508; x_wconf 91' lang='lat' dir='ltr'><strong>nisi</strong></span> 
     </span>
    </p>
   </div>
   <div class='ocr_carea' id='block_1_92' title="bbox 261 4545 1846 4620">
    <p class='ocr_par' dir='ltr' id='par_1_92' title="bbox 261 4545 1846 4620">
     <span class='ocr_line' id='line_1_92' title="bbox 261 4545 1846 4620; baseline -0.003 -17"><span class='ocrx_word' id='word_1_674' title='bbox 261 4551 546 4620; x_wconf 81' lang='grc' dir='ltr'>λούμενον.</span> <span class='ocrx_word' id='word_1_675' title='bbox 585 4550 676 4602; x_wconf 86' lang='grc' dir='ltr'>Ἐν</span> <span class='ocrx_word' id='word_1_676' title='bbox 702 4549 756 4602; x_wconf 82' lang='grc' dir='ltr'>δὲ</span> <span class='ocrx_word' id='word_1_677' title='bbox 783 4550 850 4618; x_wconf 82' lang='grc' dir='ltr'>τῇ</span> <span class='ocrx_word' id='word_1_678' title='bbox 874 4548 1093 4620; x_wconf 87' lang='grc' dir='ltr'>ἀκριϐεῖ</span> <span class='ocrx_word' id='word_1_679' title='bbox 1116 4546 1252 4619; x_wconf 84' lang='grc' dir='ltr'>πρὸς</span> <span class='ocrx_word' id='word_1_680' title='bbox 1273 4548 1333 4600; x_wconf 86' lang='grc' dir='ltr'><strong>τὸ</strong></span> <span class='ocrx_word' id='word_1_681' title='bbox 1352 4547 1478 4618; x_wconf 81' lang='grc' dir='ltr'>Θέλη</span> <span class='ocrx_word' id='word_1_682' title='bbox 1489 4565 1564 4616; x_wconf 87' lang='grc' dir='ltr'><strong>μα</strong></span> <span class='ocrx_word' id='word_1_683' title='bbox 1583 4546 1676 4600; x_wconf 82' lang='grc' dir='ltr'><strong>τοῦ</strong></span> <span class='ocrx_word' id='word_1_684' title='bbox 1709 4545 1846 4600; x_wconf 86' lang='grc' dir='ltr'>Θεοῦ</span> 
     </span>
    </p>
   </div>
   <div class='ocr_carea' id='block_1_93' title="bbox 263 4639 1848 4715">
    <p class='ocr_par' dir='ltr' id='par_1_93' title="bbox 263 4639 1848 4715">
     <span class='ocr_line' id='line_1_93' title="bbox 263 4639 1848 4715; baseline 0.001 -22"><span class='ocrx_word' id='word_1_685' title='bbox 263 4643 393 4715; x_wconf 73' lang='grc' dir='ltr'>περὶ</span> <span class='ocrx_word' id='word_1_686' title='bbox 423 4641 488 4696; x_wconf 80' lang='grc' dir='ltr'><strong>τὸ</strong></span> <span class='ocrx_word' id='word_1_687' title='bbox 538 4641 702 4714; x_wconf 75' lang='grc' dir='ltr'>ἔργον</span> <span class='ocrx_word' id='word_1_688' title='bbox 737 4641 943 4711; x_wconf 77' lang='grc' dir='ltr'>σπουδῇ</span> <span class='ocrx_word' id='word_1_689' title='bbox 981 4639 1345 4694; x_wconf 84' lang='grc' dir='ltr'>συνάπτεσθαι</span> <span class='ocrx_word' id='word_1_690' title='bbox 1374 4639 1453 4710; x_wconf 83' lang='grc' dir='ltr'>τῷ</span> <span class='ocrx_word' id='word_1_691' title='bbox 1483 4640 1602 4710; x_wconf 85' lang='grc' dir='ltr'>Θεῷ</span> <span class='ocrx_word' id='word_1_692' title='bbox 1633 4640 1720 4694; x_wconf 76' lang='grc' dir='ltr'>διὰ</span> <span class='ocrx_word' id='word_1_693' title='bbox 1747 4640 1848 4711; x_wconf 85' lang='grc' dir='ltr'>τῆς</span> 
     </span>
    </p>
   </div>
   <div class='ocr_carea' id='block_1_94' title="bbox 265 4731 1848 4806">
    <p class='ocr_par' dir='ltr' id='par_1_94' title="bbox 265 4731 1848 4806">
     <span class='ocr_line' id='line_1_94' title="bbox 265 4731 1848 4806; baseline -0.001 -21"><span class='ocrx_word' id='word_1_694' title='bbox 265 4737 492 4806; x_wconf 81' lang='grc' dir='ltr'>μνήμης</span> <span class='ocrx_word' id='word_1_695' title='bbox 519 4733 776 4804; x_wconf 76' lang='grc' dir='ltr'>ὑπάρξει.</span> <span class='ocrx_word' id='word_1_696' title='bbox 816 4734 1028 4804; x_wconf 83' lang='grc' dir='ltr'>Ὠσπερ</span> <span class='ocrx_word' id='word_1_697' title='bbox 1055 4733 1164 4804; x_wconf 82' lang='grc' dir='ltr'>γὰρ</span> <span class='ocrx_word' id='word_1_698' title='bbox 1198 4733 1226 4785; x_wconf 85' lang='grc' dir='ltr'>ὁ</span> <span class='ocrx_word' id='word_1_699' title='bbox 1251 4731 1481 4802; x_wconf 77' lang='grc' dir='ltr'>χαλκεὺς</span> <span class='ocrx_word' id='word_1_700' title='bbox 1513 4733 1570 4784; x_wconf 84' lang='grc' dir='ltr'><strong>ἐν</strong></span> <span class='ocrx_word' id='word_1_701' title='bbox 1590 4734 1656 4803; x_wconf 81' lang='grc' dir='ltr'>τῇ</span> <span class='ocrx_word' id='word_1_702' title='bbox 1681 4733 1848 4803; x_wconf 79' lang='grc' dir='ltr'>ἐργα-</span> 
     </span>
    </p>
   </div>
   <div class='ocr_carea' id='block_1_95' title="bbox 265 4822 1846 4896">
    <p class='ocr_par' dir='ltr' id='par_1_95' title="bbox 265 4822 1846 4896">
     <span class='ocr_line' id='line_1_95' title="bbox 265 4822 1846 4896; baseline -0.001 -18"><span class='ocrx_word' id='word_1_703' title='bbox 265 4826 377 4896; x_wconf 70' lang='grc' dir='ltr'>σίᾳ,</span> <span class='ocrx_word' id='word_1_704' title='bbox 418 4827 469 4878; x_wconf 86' lang='grc' dir='ltr'>εἰ</span> <span class='ocrx_word' id='word_1_705' title='bbox 515 4827 693 4894; x_wconf 84' lang='grc' dir='ltr'>τύχοι,</span> <span class='ocrx_word' id='word_1_706' title='bbox 738 4823 838 4895; x_wconf 82' lang='grc' dir='ltr'>τῆς</span> <span class='ocrx_word' id='word_1_707' title='bbox 881 4823 1103 4892; x_wconf 83' lang='grc' dir='ltr'>ἀξίνης,</span> <span class='ocrx_word' id='word_1_708' title='bbox 1160 4822 1253 4876; x_wconf 87' lang='grc' dir='ltr'><strong>τοῦ</strong></span> <span class='ocrx_word' id='word_1_709' title='bbox 1293 4822 1646 4887; x_wconf 77' lang='grc' dir='ltr'>ἐκδεδωκότος</span> <span class='ocrx_word' id='word_1_710' title='bbox 1694 4824 1846 4895; x_wconf 82' lang='grc' dir='ltr'>αὐτῷ</span> 
     </span>
    </p>
   </div>
   <div class='ocr_carea' id='block_1_96' title="bbox 270 4913 1899 4986">
    <p class='ocr_par' dir='ltr' id='par_1_96' title="bbox 270 4913 1899 4986">
     <span class='ocr_line' id='line_1_96' title="bbox 270 4913 1899 4986; baseline 0.001 -20"><span class='ocrx_word' id='word_1_711' title='bbox 270 4913 636 4986; x_wconf 78' lang='grc' dir='ltr'>μεμνημένος,</span> <span class='ocrx_word' id='word_1_712' title='bbox 669 4915 763 4967; x_wconf 59' lang='grc' dir='ltr'><strong>καὶ¹</strong></span> <span class='ocrx_word' id='word_1_713' title='bbox 819 4916 878 4968; x_wconf 87' lang='grc' dir='ltr'><strong>ἐν</strong></span> <span class='ocrx_word' id='word_1_714' title='bbox 915 4916 981 4985; x_wconf 81' lang='grc' dir='ltr'>τῇ</span> <span class='ocrx_word' id='word_1_715' title='bbox 1027 4913 1237 4985; x_wconf 75' lang='grc' dir='ltr'>διανοίᾳ</span> <span class='ocrx_word' id='word_1_716' title='bbox 1281 4913 1464 4984; x_wconf 84' lang='grc' dir='ltr'>φέρων</span> <span class='ocrx_word' id='word_1_717' title='bbox 1513 4914 1710 4977; x_wconf 84' lang='grc' dir='ltr'>αὐτὸν,</span> <span class='ocrx_word' id='word_1_718' title='bbox 1753 4917 1845 4968; x_wconf 80' lang='grc' dir='ltr'><strong>καὶ</strong></span> <span class='ocrx_word' id='word_1_719' title='bbox 1880 4948 1899 4968; x_wconf 84' lang='lat'><strong>.</strong></span> 
     </span>
    </p>
   </div>
   <div class='ocr_carea' id='block_1_97' title="bbox 267 5005 1846 5077">
    <p class='ocr_par' dir='ltr' id='par_1_97' title="bbox 267 5005 1846 5077">
     <span class='ocr_line' id='line_1_97' title="bbox 267 5005 1846 5077; baseline -0.001 -16"><span class='ocrx_word' id='word_1_720' title='bbox 267 5007 456 5077; x_wconf 84' lang='grc' dir='ltr'>σχῆμα</span> <span class='ocrx_word' id='word_1_721' title='bbox 515 5007 697 5059; x_wconf 81' lang='grc' dir='ltr'>ἐκεῖνο</span> <span class='ocrx_word' id='word_1_722' title='bbox 773 5005 869 5059; x_wconf 75' lang='grc' dir='ltr'><strong>καὶ</strong></span> <span class='ocrx_word' id='word_1_723' title='bbox 937 5005 1167 5075; x_wconf 81' lang='grc' dir='ltr'>μέγεθος</span> <span class='ocrx_word' id='word_1_724' title='bbox 1218 5007 1424 5068; x_wconf 82' lang='grc' dir='ltr'>ἐννοεῖ,</span> <span class='ocrx_word' id='word_1_725' title='bbox 1473 5005 1740 5077; x_wconf 78' lang='grc' dir='ltr'>καὶπρὸς</span> <span class='ocrx_word' id='word_1_726' title='bbox 1784 5007 1846 5060; x_wconf 87' lang='grc' dir='ltr'><strong>τὸ</strong></span> 
     </span>
    </p>
   </div>
   <div class='ocr_carea' id='block_1_98' title="bbox 1957 4544 3526 4616">
    <p class='ocr_par' dir='ltr' id='par_1_98' title="bbox 1957 4544 3526 4616">
     <span class='ocr_line' id='line_1_98' title="bbox 1957 4544 3526 4616; baseline -0.001 -15"><span class='ocrx_word' id='word_1_727' title='bbox 1957 4548 2026 4602; x_wconf 87' lang='lat' dir='ltr'><strong>ad</strong></span> <span class='ocrx_word' id='word_1_728' title='bbox 2070 4548 2316 4616; x_wconf 88' lang='lat' dir='ltr'><strong>jubentis</strong></span> <span class='ocrx_word' id='word_1_729' title='bbox 2368 4549 2706 4604; x_wconf 86' lang='lat' dir='ltr'><strong>voluntatem</strong></span> <span class='ocrx_word' id='word_1_730' title='bbox 2769 4547 3057 4603; x_wconf 71' lang='lat' dir='ltr'><strong>efﬁciatur.</strong></span> <span class='ocrx_word' id='word_1_731' title='bbox 3119 4544 3384 4600; x_wconf 88' lang='lat' dir='ltr'><strong>Futurum</strong></span> <span class='ocrx_word' id='word_1_732' title='bbox 3443 4553 3526 4600; x_wconf 86' lang='lat' dir='ltr'><strong>est</strong></span> 
     </span>
    </p>
   </div>
   <div class='ocr_carea' id='block_1_99' title="bbox 1955 4635 3524 4710">
    <p class='ocr_par' dir='ltr' id='par_1_99' title="bbox 1955 4635 3524 4710">
     <span class='ocr_line' id='line_1_99' title="bbox 1955 4635 3524 4710; baseline -0.003 -18"><span class='ocrx_word' id='word_1_733' title='bbox 1955 4648 2139 4694; x_wconf 88' lang='lat' dir='ltr'><strong>autem</strong></span> <span class='ocrx_word' id='word_1_734' title='bbox 2174 4650 2256 4704; x_wconf 91' lang='lat' dir='ltr'><strong>ut,</strong></span> <span class='ocrx_word' id='word_1_735' title='bbox 2289 4642 2335 4695; x_wconf 91' lang='lat' dir='ltr'><strong>si</strong></span> <span class='ocrx_word' id='word_1_736' title='bbox 2380 4640 2436 4694; x_wconf 90' lang='lat' dir='ltr'><strong>in</strong></span> <span class='ocrx_word' id='word_1_737' title='bbox 2487 4641 2681 4709; x_wconf 89' lang='lat' dir='ltr'><strong>quovis</strong></span> <span class='ocrx_word' id='word_1_738' title='bbox 2719 4655 2883 4709; x_wconf 83' lang='lat' dir='ltr'><strong>opere</strong></span> <span class='ocrx_word' id='word_1_739' title='bbox 2915 4641 3146 4710; x_wconf 82' lang='lat' dir='ltr'><strong>diligens</strong></span> <span class='ocrx_word' id='word_1_740' title='bbox 3184 4637 3422 4693; x_wconf 89' lang='lat' dir='ltr'><strong>studium</strong></span> <span class='ocrx_word' id='word_1_741' title='bbox 3457 4635 3524 4689; x_wconf 91' lang='lat' dir='ltr'><strong>ad</strong></span> 
     </span>
    </p>
   </div>
   <div class='ocr_carea' id='block_1_100' title="bbox 1956 4726 3524 4794">
    <p class='ocr_par' dir='ltr' id='par_1_100' title="bbox 1956 4726 3524 4794">
     <span class='ocr_line' id='line_1_100' title="bbox 1956 4726 3524 4794; baseline -0.004 -9"><span class='ocrx_word' id='word_1_742' title='bbox 1956 4730 2296 4785; x_wconf 88' lang='lat' dir='ltr'><strong>voluntatem</strong></span> <span class='ocrx_word' id='word_1_743' title='bbox 2344 4730 2438 4785; x_wconf 90' lang='lat' dir='ltr'><strong>Dei</strong></span> <span class='ocrx_word' id='word_1_744' title='bbox 2494 4730 2799 4785; x_wconf 83' lang='lat' dir='ltr'><strong>faciendam</strong></span> <span class='ocrx_word' id='word_1_745' title='bbox 2848 4729 3214 4794; x_wconf 80' lang='lat' dir='ltr'><strong>conferamus,</strong></span> <span class='ocrx_word' id='word_1_746' title='bbox 3265 4726 3376 4780; x_wconf 88' lang='lat' dir='ltr'><strong>Deo</strong></span> <span class='ocrx_word' id='word_1_747' title='bbox 3431 4740 3524 4794; x_wconf 87' lang='lat' dir='ltr'><strong>per</strong></span> 
     </span>
    </p>
   </div>
   <div class='ocr_carea' id='block_1_101' title="bbox 1954 4818 3522 4893">
    <p class='ocr_par' dir='ltr' id='par_1_101' title="bbox 1954 4818 3522 4893">
     <span class='ocr_line' id='line_1_101' title="bbox 1954 4818 3522 4893; baseline -0.005 -17"><span class='ocrx_word' id='word_1_748' title='bbox 1954 4822 2098 4876; x_wconf 85' lang='lat' dir='ltr'><strong>hanc</strong></span> <span class='ocrx_word' id='word_1_749' title='bbox 2129 4822 2568 4877; x_wconf 90' lang='lat' dir='ltr'><strong>recordationem</strong></span> <span class='ocrx_word' id='word_1_750' title='bbox 2605 4823 3020 4893; x_wconf 73' lang='lat' dir='ltr'><strong>conjungamur.</strong></span> <span class='ocrx_word' id='word_1_751' title='bbox 3058 4818 3522 4885; x_wconf 82' lang='lat' dir='ltr'><strong>Quemadmodum</strong></span> 
     </span>
    </p>
   </div>
   <div class='ocr_carea' id='block_1_102' title="bbox 1953 4909 3520 4986">
    <p class='ocr_par' dir='ltr' id='par_1_102' title="bbox 1953 4909 3520 4986">
     <span class='ocr_line' id='line_1_102' title="bbox 1953 4909 3520 4986; baseline -0.004 -19"><span class='ocrx_word' id='word_1_752' title='bbox 1953 4915 2096 4968; x_wconf 90' lang='lat' dir='ltr'><strong>enim</strong></span> <span class='ocrx_word' id='word_1_753' title='bbox 2129 4914 2290 4986; x_wconf 62' lang='lat'><strong>343</strong></span> <span class='ocrx_word' id='word_1_754' title='bbox 2336 4914 2490 4970; x_wconf 80' lang='lat' dir='ltr'><strong>faber</strong></span> <span class='ocrx_word' id='word_1_755' title='bbox 2531 4915 2815 4978; x_wconf 81' lang='lat' dir='ltr'><strong>ferrarius,</strong></span> <span class='ocrx_word' id='word_1_756' title='bbox 2852 4928 2974 4968; x_wconf 88' lang='lat' dir='ltr'><strong>cum</strong></span> <span class='ocrx_word' id='word_1_757' title='bbox 3007 4912 3264 4974; x_wconf 85' lang='lat' dir='ltr'><strong>securim,</strong></span> <span class='ocrx_word' id='word_1_758' title='bbox 3290 4909 3520 4978; x_wconf 81' lang='lat' dir='ltr'><strong>exempli</strong></span> 
     </span>
    </p>
   </div>
   <div class='ocr_carea' id='block_1_103' title="bbox 1951 5003 3518 5078">
    <p class='ocr_par' dir='ltr' id='par_1_103' title="bbox 1951 5003 3518 5078">
     <span class='ocr_line' id='line_1_103' title="bbox 1951 5003 3518 5078; baseline -0.003 -18"><span class='ocrx_word' id='word_1_759' title='bbox 1951 5022 2154 5072; x_wconf 86' lang='lat' dir='ltr'><strong>causa,</strong></span> <span class='ocrx_word' id='word_1_760' title='bbox 2207 5008 2395 5072; x_wconf 89' lang='lat' dir='ltr'><strong>cudit,</strong></span> <span class='ocrx_word' id='word_1_761' title='bbox 2445 5007 2566 5078; x_wconf 87' lang='lat' dir='ltr'><strong>ejus</strong></span> <span class='ocrx_word' id='word_1_762' title='bbox 2611 5008 2705 5078; x_wconf 90' lang='lat' dir='ltr'><strong>qui</strong></span> <span class='ocrx_word' id='word_1_763' title='bbox 2766 5006 2822 5060; x_wconf 90' lang='lat' dir='ltr'><strong>id</strong></span> <span class='ocrx_word' id='word_1_764' title='bbox 2878 5005 2980 5060; x_wconf 91' lang='lat' dir='ltr'><strong>sibi</strong></span> <span class='ocrx_word' id='word_1_765' title='bbox 3043 5005 3226 5074; x_wconf 87' lang='lat' dir='ltr'><strong>operis</strong></span> <span class='ocrx_word' id='word_1_766' title='bbox 3286 5003 3518 5067; x_wconf 87' lang='lat' dir='ltr'><strong>locavit,</strong></span> 
     </span>
    </p>
   </div>
   <div class='ocr_carea' id='block_1_104' title="bbox 334 5139 1866 5214">
    <p class='ocr_par' dir='ltr' id='par_1_104' title="bbox 334 5139 1858 5214">
     <span class='ocr_line' id='line_1_104' title="bbox 334 5139 1858 5214; baseline 0.002 -19"><span class='ocrx_word' id='word_1_767' title='bbox 334 5140 379 5174; x_wconf 83' lang='lat'><strong>&quot;</strong></span> <span class='ocrx_word' id='word_1_768' title='bbox 417 5139 760 5214; x_wconf 21' lang='lat' dir='ltr'><strong>Joantixvn,</strong></span> <span class='ocrx_word' id='word_1_769' title='bbox 794 5140 887 5195; x_wconf 73' lang='lat'><strong>25.</strong></span> <span class='ocrx_word' id='word_1_770' title='bbox 963 5142 1012 5214; x_wconf 47' lang='grc' dir='ltr'><strong>τῆ</strong></span> <span class='ocrx_word' id='word_1_771' title='bbox 1039 5140 1208 5214; x_wconf 15' lang='grc' dir='ltr'>ίέοαη.</span> <span class='ocrx_word' id='word_1_772' title='bbox 1242 5157 1358 5214; x_wconf 15' lang='grc' dir='ltr'>κίιν,</span> <span class='ocrx_word' id='word_1_773' title='bbox 1393 5141 1502 5214; x_wconf 23' lang='lat' dir='ltr'><strong>l7.”</strong></span> <span class='ocrx_word' id='word_1_774' title='bbox 1544 5143 1602 5214; x_wconf 51' lang='grc' dir='ltr'><strong>-τι</strong></span> <span class='ocrx_word' id='word_1_775' title='bbox 1621 5141 1858 5214; x_wconf 86' lang='lat' dir='ltr'><strong>Philipp.</strong></span> 
     </span>
    </p>
   </div>
   <div class='ocr_carea' id='block_1_105' title="bbox 1973 5139 3518 5214">
    <p class='ocr_par' dir='ltr' id='par_1_105' title="bbox 1973 5141 3518 5212">
     <span class='ocr_line' id='line_1_105' title="bbox 1973 5141 3518 5212; baseline -0.002 -13"><span class='ocrx_word' id='word_1_776' title='bbox 1973 5187 1978 5209; x_wconf 86' lang='grc'><strong>,</strong></span> <span class='ocrx_word' id='word_1_777' title='bbox 2013 5145 2104 5199; x_wconf 76' lang='lat'><strong>9.0.</strong></span> <span class='ocrx_word' id='word_1_778' title='bbox 2180 5148 2226 5181; x_wconf 83' lang='lat'>&quot;</span> <span class='ocrx_word' id='word_1_779' title='bbox 2268 5146 2400 5201; x_wconf 92' lang='lat' dir='ltr'><strong>Luc.</strong></span> <span class='ocrx_word' id='word_1_780' title='bbox 2440 5164 2550 5212; x_wconf 80' lang='lat' dir='ltr'><strong>xw,</strong></span> <span class='ocrx_word' id='word_1_781' title='bbox 2586 5148 2676 5203; x_wconf 81' lang='grc'><strong>55.</strong></span> <span class='ocrx_word' id='word_1_782' title='bbox 2754 5145 2977 5200; x_wconf 76' lang='lat' dir='ltr'><strong>&quot;Prov.</strong></span> <span class='ocrx_word' id='word_1_783' title='bbox 3022 5160 3093 5210; x_wconf 86' lang='lat' dir='ltr'><strong>Iv,</strong></span> <span class='ocrx_word' id='word_1_784' title='bbox 3128 5143 3219 5197; x_wconf 74' lang='grc'><strong>25.</strong></span> <span class='ocrx_word' id='word_1_785' title='bbox 3295 5144 3342 5174; x_wconf 73' lang='grc'><strong>⁷⁵</strong></span> <span class='ocrx_word' id='word_1_786' title='bbox 3361 5141 3518 5196; x_wconf 86' lang='lat' dir='ltr'><strong>Joan.</strong></span> 
     </span>
    </p>
   </div>
   <div class='ocr_carea' id='block_1_106' title="bbox 261 5213 503 5277">
    <p class='ocr_par' dir='ltr' id='par_1_106' title="bbox 261 5213 503 5277">
     <span class='ocr_line' id='line_1_106' title="bbox 261 5213 503 5277; baseline 0 -11"><span class='ocrx_word' id='word_1_787' title='bbox 261 5227 376 5277; x_wconf 75' lang='lat' dir='ltr'><strong>xw,</strong></span> <span class='ocrx_word' id='word_1_788' title='bbox 412 5213 503 5266; x_wconf 76' lang='grc'><strong>15.</strong></span> 
     </span>
    </p>
   </div>
   <div class='ocr_carea' id='block_1_107' title="bbox 337 5331 1839 5406">
    <p class='ocr_par' dir='ltr' id='par_1_107' title="bbox 337 5331 1839 5406">
     <span class='ocr_line' id='line_1_107' title="bbox 337 5331 1839 5406; baseline 0 -15"><span class='ocrx_word' id='word_1_789' title='bbox 337 5336 450 5406; x_wconf 80' lang='grc'><strong>(95)</strong></span> <span class='ocrx_word' id='word_1_790' title='bbox 485 5334 666 5406; x_wconf 78' lang='lat' dir='ltr'><strong>Codex</strong></span> <span class='ocrx_word' id='word_1_791' title='bbox 727 5331 912 5406; x_wconf 33' lang='lat' dir='ltr'><strong>Voss:</strong></span> <span class='ocrx_word' id='word_1_792' title='bbox 943 5340 998 5406; x_wconf 83' lang='lat' dir='ltr'><strong>et</strong></span> <span class='ocrx_word' id='word_1_793' title='bbox 1031 5331 1177 5406; x_wconf 74' lang='lat' dir='ltr'><strong>_Reg.</strong></span> <span class='ocrx_word' id='word_1_794' title='bbox 1234 5333 1445 5406; x_wconf 82' lang='lat' dir='ltr'><strong>primus</strong></span> <span class='ocrx_word' id='word_1_795' title='bbox 1501 5332 1839 5392; x_wconf 85' lang='grc' dir='ltr'>ἀκολουθεῖν.</span> 
     </span>
    </p>
   </div>
   <div class='ocr_carea' id='block_1_108' title="bbox 264 5402 1352 5474">
    <p class='ocr_par' dir='ltr' id='par_1_108' title="bbox 264 5402 1352 5474">
     <span class='ocr_line' id='line_1_108' title="bbox 264 5402 1352 5474; baseline -0.006 -11"><span class='ocrx_word' id='word_1_796' title='bbox 264 5402 447 5463; x_wconf 64' lang='grc' dir='ltr'><strong>(2οᾶεέ</strong></span> <span class='ocrx_word' id='word_1_797' title='bbox 479 5405 633 5460; x_wconf 79' lang='lat' dir='ltr'><strong>Coll).</strong></span> <span class='ocrx_word' id='word_1_798' title='bbox 670 5420 774 5474; x_wconf 87' lang='lat' dir='ltr'><strong>pro</strong></span> <span class='ocrx_word' id='word_1_799' title='bbox 802 5402 922 5474; x_wconf 81' lang='grc' dir='ltr'>Θεῷ</span> <span class='ocrx_word' id='word_1_800' title='bbox 957 5402 1352 5474; x_wconf 26' lang='grc' dir='ltr'>ὴαδθιίκυρίῳ.</span> 
     </span>
    </p>
   </div>
   <div class='ocr_carea' id='block_1_109' title="bbox 357 5472 1516 5546">
    <p class='ocr_par' dir='ltr' id='par_1_109' title="bbox 357 5472 1516 5546">
     <span class='ocr_line' id='line_1_109' title="bbox 357 5472 1516 5546; baseline -0.001 -15"><span class='ocrx_word' id='word_1_801' title='bbox 357 5479 447 5546; x_wconf 66' lang='grc'><strong>94)</strong></span> <span class='ocrx_word' id='word_1_802' title='bbox 479 5472 710 5546; x_wconf 66' lang='lat' dir='ltr'><strong>Veteres</strong></span> <span class='ocrx_word' id='word_1_803' title='bbox 743 5476 854 5530; x_wconf 90' lang='lat' dir='ltr'><strong>duo</strong></span> <span class='ocrx_word' id='word_1_804' title='bbox 886 5472 1011 5529; x_wconf 86' lang='lat' dir='ltr'><strong>libri</strong></span> <span class='ocrx_word' id='word_1_805' title='bbox 1051 5472 1516 5545; x_wconf 79' lang='grc' dir='ltr'>ἀποξενώσαιμεν.</span> 
     </span>
    </p>
   </div>
   <div class='ocr_carea' id='block_1_110' title="bbox 329 5478 1836 5620">
    <p class='ocr_par' dir='ltr' id='par_1_110' title="bbox 329 5478 1836 5620">
     <span class='ocr_line' id='line_1_110' title="bbox 357 5478 1516 5546; baseline -0.001 -15"><span class='ocrx_word' id='word_1_806' title='bbox 357 5479 447 5546; x_wconf 66' lang='grc'><strong>94)</strong></span> <span class='ocrx_word' id='word_1_807' title='bbox 487 5478 710 5530; x_wconf 86' lang='lat' dir='ltr'><strong>Veteres</strong></span> <span class='ocrx_word' id='word_1_808' title='bbox 743 5478 854 5530; x_wconf 90' lang='lat' dir='ltr'><strong>duo</strong></span> <span class='ocrx_word' id='word_1_809' title='bbox 886 5478 1011 5529; x_wconf 87' lang='lat' dir='ltr'><strong>libri</strong></span> <span class='ocrx_word' id='word_1_810' title='bbox 1051 5478 1516 5545; x_wconf 81' lang='grc' dir='ltr'>ἀποξενώσαιμεν.</span> 
     </span>
     <span class='ocr_line' id='line_1_111' title="bbox 329 5478 1836 5620; baseline 0 -18"><span class='ocrx_word' id='word_1_811' title='bbox 329 5478 1006 5620; x_wconf 48' lang='grc' dir='ltr'>έ95)Ε11ἰιὶοηοεοχοιει·εξ</span> <span class='ocrx_word' id='word_1_812' title='bbox 1046 5545 1579 5620; x_wconf 47' lang='grc' dir='ltr'>οῦρανοῖς-ὑπάρχῃ.</span> <span class='ocrx_word' id='word_1_813' title='bbox 1611 5547 1836 5617; x_wconf 84' lang='lat' dir='ltr'><strong>Antiqui</strong></span> 
     </span>
    </p>
   </div>
   <div class='ocr_carea' id='block_1_111' title="bbox 258 5613 1836 5742">
    <p class='ocr_par' dir='ltr' id='par_1_111' title="bbox 258 5613 1836 5742">
     <span class='ocr_line' id='line_1_112' title="bbox 258 5613 1836 5690; baseline 0.003 -18"><span class='ocrx_word' id='word_1_814' title='bbox 258 5613 374 5673; x_wconf 79' lang='lat' dir='ltr'><strong>tres</strong></span> <span class='ocrx_word' id='word_1_815' title='bbox 407 5613 525 5671; x_wconf 84' lang='lat' dir='ltr'><strong>libri</strong></span> <span class='ocrx_word' id='word_1_816' title='bbox 556 5613 944 5687; x_wconf 62' lang='lat' dir='ltr'><strong>praeter&#39;Voss.</strong></span> <span class='ocrx_word' id='word_1_817' title='bbox 980 5613 1237 5687; x_wconf 80' lang='grc' dir='ltr'>ὑπάρχει.</span> <span class='ocrx_word' id='word_1_818' title='bbox 1286 5613 1408 5672; x_wconf 85' lang='lat' dir='ltr'><strong>Mox</strong></span> <span class='ocrx_word' id='word_1_819' title='bbox 1453 5613 1587 5690; x_wconf 63' lang='lat' dir='ltr'><strong>Reg.</strong></span> <span class='ocrx_word' id='word_1_820' title='bbox 1623 5613 1836 5689; x_wconf 44' lang='lat' dir='ltr'><strong>prim—us</strong></span> 
     </span>
     <span class='ocr_line' id='line_1_113' title="bbox 258 5688 844 5742; baseline -0.005 0"><span class='ocrx_word' id='word_1_821' title='bbox 258 5691 405 5742; x_wconf 71' lang='lat' dir='ltr'><strong>imi:</strong></span> <span class='ocrx_word' id='word_1_822' title='bbox 443 5688 844 5742; x_wconf 77' lang='grc' dir='ltr'>περιγίνεσθαι.</span> 
     </span>
    </p>
   </div>
   <div class='ocr_carea' id='block_1_112' title="bbox 283 5705 844 5759">
    <p class='ocr_par' dir='ltr' id='par_1_112' title="bbox 283 5705 844 5759">
     <span class='ocr_line' id='line_1_114' title="bbox 283 5705 844 5759; baseline -0.005 -17"><span class='ocrx_word' id='word_1_823' title='bbox 283 5706 405 5759; x_wconf 59' lang='lat' dir='ltr'><strong>ma;</strong></span> <span class='ocrx_word' id='word_1_824' title='bbox 443 5705 844 5759; x_wconf 82' lang='grc' dir='ltr'>περιγινεσυαι.</span> 
     </span>
    </p>
   </div>
   <div class='ocr_carea' id='block_1_113' title="bbox 333 5707 1407 5823">
    <p class='ocr_par' dir='ltr' id='par_1_113' title="bbox 333 5707 1407 5823">
     <span class='ocr_line' id='line_1_115' title="bbox 333 5707 844 5760; baseline -0.002 -20"><span class='ocrx_word' id='word_1_825' title='bbox 333 5707 405 5751; x_wconf 82' lang='grc' dir='ltr'>,ας</span> <span class='ocrx_word' id='word_1_826' title='bbox 443 5707 844 5760; x_wconf 83' lang='grc' dir='ltr'>περιγινεσυαι.</span> 
     </span>
     <span class='ocr_line' id='line_1_116' title="bbox 333 5757 1407 5823; baseline -0.007 -5"><span class='ocrx_word' id='word_1_827' title='bbox 333 5759 438 5822; x_wconf 77' lang='lat'>(96)</span> <span class='ocrx_word' id='word_1_828' title='bbox 475 5760 605 5823; x_wconf 74' lang='lat' dir='ltr'><strong>Reg.</strong></span> <span class='ocrx_word' id='word_1_829' title='bbox 641 5760 855 5823; x_wconf 85' lang='lat' dir='ltr'><strong>primus</strong></span> <span class='ocrx_word' id='word_1_830' title='bbox 879 5757 1084 5813; x_wconf 82' lang='grc' dir='ltr'>ἔννοιαν</span> <span class='ocrx_word' id='word_1_831' title='bbox 1111 5757 1407 5812; x_wconf 70' lang='grc' dir='ltr'>ἐκϐάλλειν.</span> 
     </span>
    </p>
   </div>
   <div class='ocr_carea' id='block_1_114' title="bbox 579 5210 1946 5283">
    <p class='ocr_par' dir='ltr' id='par_1_114' title="bbox 579 5210 1946 5283">
     <span class='ocr_line' id='line_1_117' title="bbox 579 5210 1946 5283; baseline 0.004 -19"><span class='ocrx_word' id='word_1_832' title='bbox 579 5213 624 5244; x_wconf 73' lang='grc' dir='ltr'>τε</span> <span class='ocrx_word' id='word_1_833' title='bbox 662 5211 825 5266; x_wconf 81' lang='lat' dir='ltr'><strong>Joan.</strong></span> <span class='ocrx_word' id='word_1_834' title='bbox 863 5228 952 5278; x_wconf 81' lang='lat' dir='ltr'><strong>xv,</strong></span> <span class='ocrx_word' id='word_1_835' title='bbox 995 5213 1081 5267; x_wconf 75' lang='lat' dir='ltr'><strong>to.</strong></span> <span class='ocrx_word' id='word_1_836' title='bbox 1164 5213 1212 5243; x_wconf 78' lang='grc' dir='ltr'><strong>το</strong></span> <span class='ocrx_word' id='word_1_837' title='bbox 1249 5212 1382 5270; x_wconf 87' lang='lat' dir='ltr'><strong>ibid.</strong></span> <span class='ocrx_word' id='word_1_838' title='bbox 1459 5213 1503 5243; x_wconf 74' lang='grc' dir='ltr'>ἰτ</span> <span class='ocrx_word' id='word_1_839' title='bbox 1537 5210 1694 5267; x_wconf 83' lang='lat' dir='ltr'><strong>Joan.</strong></span> <span class='ocrx_word' id='word_1_840' title='bbox 1732 5210 1820 5283; x_wconf 76' lang='lat' dir='ltr'><strong>vi;</strong></span> <span class='ocrx_word' id='word_1_841' title='bbox 1859 5217 1946 5271; x_wconf 78' lang='lat'><strong>38.</strong></span> 
     </span>
    </p>
   </div>
   <div class='ocr_carea' id='block_1_115' title="bbox 2023 5330 3516 5406">
    <p class='ocr_par' dir='ltr' id='par_1_115' title="bbox 2023 5330 3516 5406">
     <span class='ocr_line' id='line_1_118' title="bbox 2023 5330 3516 5406; baseline -0.004 -15"><span class='ocrx_word' id='word_1_842' title='bbox 2023 5335 2136 5406; x_wconf 81' lang='lat'>(97)</span> <span class='ocrx_word' id='word_1_843' title='bbox 2182 5335 2367 5390; x_wconf 82' lang='lat' dir='ltr'><strong>Codex</strong></span> <span class='ocrx_word' id='word_1_844' title='bbox 2402 5335 2623 5406; x_wconf 12' lang='lat' dir='ltr'><strong>Collyrij</strong></span> <span class='ocrx_word' id='word_1_845' title='bbox 2659 5334 2764 5406; x_wconf 60' lang='lat' dir='ltr'><strong>eoi}</strong></span> <span class='ocrx_word' id='word_1_846' title='bbox 2799 5332 2934 5388; x_wconf 82' lang='grc' dir='ltr'>Θεοῦ</span> <span class='ocrx_word' id='word_1_847' title='bbox 2964 5333 3174 5406; x_wconf 73' lang='grc' dir='ltr'>ἀγάπη.</span> <span class='ocrx_word' id='word_1_848' title='bbox 3216 5330 3338 5406; x_wconf 56' lang='grc' dir='ltr'><strong>μοι</strong></span> <span class='ocrx_word' id='word_1_849' title='bbox 3383 5330 3516 5406; x_wconf 59' lang='grc' dir='ltr'>δεε.</span> 
     </span>
    </p>
   </div>
   <div class='ocr_carea' id='block_1_116' title="bbox 1947 5401 3514 5477">
    <p class='ocr_par' dir='ltr' id='par_1_116' title="bbox 1947 5401 3514 5477">
     <span class='ocr_line' id='line_1_119' title="bbox 1947 5401 3514 5477; baseline -0.001 -18"><span class='ocrx_word' id='word_1_850' title='bbox 1947 5401 2157 5477; x_wconf 73' lang='lat' dir='ltr'><strong>primus</strong></span> <span class='ocrx_word' id='word_1_851' title='bbox 2176 5406 2406 5459; x_wconf 87' lang='grc' dir='ltr'>ἐντολῶν</span> <span class='ocrx_word' id='word_1_852' title='bbox 2429 5406 2522 5477; x_wconf 78' lang='grc' dir='ltr'><strong>τοῦ</strong></span> <span class='ocrx_word' id='word_1_853' title='bbox 2547 5401 2704 5470; x_wconf 80' lang='grc' dir='ltr'>Θεοῦ,</span> <span class='ocrx_word' id='word_1_854' title='bbox 2732 5423 2827 5477; x_wconf 81' lang='grc' dir='ltr'><strong>και</strong></span> <span class='ocrx_word' id='word_1_855' title='bbox 2855 5406 2948 5457; x_wconf 82' lang='grc' dir='ltr'>ὑπ’</span> <span class='ocrx_word' id='word_1_856' title='bbox 2965 5401 3151 5477; x_wconf 63' lang='grc' dir='ltr'>αὐτῶν</span> <span class='ocrx_word' id='word_1_857' title='bbox 3171 5403 3330 5477; x_wconf 81' lang='grc' dir='ltr'>πάλιν</span> <span class='ocrx_word' id='word_1_858' title='bbox 3356 5401 3514 5472; x_wconf 77' lang='grc' dir='ltr'>αὕτη.</span> 
     </span>
    </p>
   </div>
   <div class='ocr_carea' id='block_1_117' title="bbox 2019 5473 3376 5548">
    <p class='ocr_par' dir='ltr' id='par_1_117' title="bbox 2019 5473 3376 5548">
     <span class='ocr_line' id='line_1_120' title="bbox 2019 5473 3376 5548; baseline -0.004 -17"><span class='ocrx_word' id='word_1_859' title='bbox 2019 5477 2131 5548; x_wconf 89' lang='grc'><strong>(98)</strong></span> <span class='ocrx_word' id='word_1_860' title='bbox 2163 5477 2406 5548; x_wconf 34' lang='lat' dir='ltr'><strong>antiqui</strong></span> <span class='ocrx_word' id='word_1_861' title='bbox 2429 5475 2539 5548; x_wconf 89' lang='lat' dir='ltr'><strong>duo</strong></span> <span class='ocrx_word' id='word_1_862' title='bbox 2573 5477 2694 5529; x_wconf 90' lang='lat' dir='ltr'><strong>libri</strong></span> <span class='ocrx_word' id='word_1_863' title='bbox 2724 5476 2822 5539; x_wconf 82' lang='grc' dir='ltr'><strong>τὰς</strong></span> <span class='ocrx_word' id='word_1_864' title='bbox 2853 5475 3073 5548; x_wconf 74' lang='grc' dir='ltr'>ἐντολὰς</span> <span class='ocrx_word' id='word_1_865' title='bbox 3095 5475 3198 5548; x_wconf 52' lang='grc' dir='ltr'><strong>τὸς</strong></span> <span class='ocrx_word' id='word_1_866' title='bbox 3219 5473 3376 5543; x_wconf 81' lang='grc' dir='ltr'>ἐμάς.</span> 
     </span>
    </p>
   </div>
   <div class='ocr_carea' id='block_1_118' title="bbox 2017 5544 3514 5620">
    <p class='ocr_par' dir='ltr' id='par_1_118' title="bbox 2017 5544 3514 5620">
     <span class='ocr_line' id='line_1_121' title="bbox 2017 5544 3514 5620; baseline -0.003 -20"><span class='ocrx_word' id='word_1_867' title='bbox 2017 5544 2131 5620; x_wconf 77' lang='grc'>(99)</span> <span class='ocrx_word' id='word_1_868' title='bbox 2163 5546 2342 5620; x_wconf 72' lang='lat' dir='ltr'><strong>Editio</strong></span> <span class='ocrx_word' id='word_1_869' title='bbox 2364 5545 2553 5620; x_wconf 83' lang='lat' dir='ltr'><strong>_Paris.</strong></span> <span class='ocrx_word' id='word_1_870' title='bbox 2585 5562 2736 5615; x_wconf 85' lang='lat' dir='ltr'><strong>:equo</strong></span> <span class='ocrx_word' id='word_1_871' title='bbox 2764 5547 3026 5620; x_wconf 70' lang='lat' dir='ltr'><strong>ac__B_asi_l_.</strong></span> <span class='ocrx_word' id='word_1_872' title='bbox 3068 5554 3123 5600; x_wconf 88' lang='lat' dir='ltr'><strong>et</strong></span> <span class='ocrx_word' id='word_1_873' title='bbox 3150 5544 3284 5614; x_wconf 83' lang='lat' dir='ltr'><strong>Reg.</strong></span> <span class='ocrx_word' id='word_1_874' title='bbox 3324 5545 3514 5596; x_wconf 63' lang='lat' dir='ltr'><strong>tertius</strong></span> 
     </span>
    </p>
   </div>
   <div class='ocr_carea' id='block_1_119' title="bbox 1945 5615 3514 5685">
    <p class='ocr_par' dir='ltr' id='par_1_119' title="bbox 1945 5615 3514 5685">
     <span class='ocr_line' id='line_1_122' title="bbox 1945 5615 3514 5685; baseline -0.001 -16"><span class='ocrx_word' id='word_1_875' title='bbox 1945 5619 2081 5685; x_wconf 80' lang='grc' dir='ltr'>πρὸς</span> <span class='ocrx_word' id='word_1_876' title='bbox 2107 5615 2265 5677; x_wconf 72' lang='grc' dir='ltr'>αὐτό,</span> <span class='ocrx_word' id='word_1_877' title='bbox 2304 5616 2373 5669; x_wconf 88' lang='lat' dir='ltr'><strong>ad</strong></span> <span class='ocrx_word' id='word_1_878' title='bbox 2399 5618 2737 5672; x_wconf 82' lang='lat' dir='ltr'><strong>voluntatem.</strong></span> <span class='ocrx_word' id='word_1_879' title='bbox 2765 5617 2944 5669; x_wconf 67' lang='lat' dir='ltr'><strong>liditio</strong></span> <span class='ocrx_word' id='word_1_880' title='bbox 2977 5615 3108 5672; x_wconf 87' lang='lat' dir='ltr'><strong>Ven.</strong></span> <span class='ocrx_word' id='word_1_881' title='bbox 3141 5624 3195 5672; x_wconf 84' lang='lat' dir='ltr'><strong>et</strong></span> <span class='ocrx_word' id='word_1_882' title='bbox 3232 5630 3365 5669; x_wconf 80' lang='lat' dir='ltr'><strong>mss.</strong></span> <span class='ocrx_word' id='word_1_883' title='bbox 3405 5623 3514 5668; x_wconf 70' lang='lat' dir='ltr'><strong>tres</strong></span> 
     </span>
    </p>
   </div>
   <div class='ocr_carea' id='block_1_120' title="bbox 1946 5688 2663 5756">
    <p class='ocr_par' dir='ltr' id='par_1_120' title="bbox 1946 5688 2663 5756">
     <span class='ocr_line' id='line_1_123' title="bbox 1946 5688 2663 5756; baseline -0.003 -16"><span class='ocrx_word' id='word_1_884' title='bbox 1946 5688 2081 5756; x_wconf 67' lang='grc' dir='ltr'>πρὸς</span> <span class='ocrx_word' id='word_1_885' title='bbox 2115 5688 2299 5748; x_wconf 82' lang='grc' dir='ltr'>αὐτόν,</span> <span class='ocrx_word' id='word_1_886' title='bbox 2330 5688 2398 5740; x_wconf 90' lang='lat' dir='ltr'><strong>ad</strong></span> <span class='ocrx_word' id='word_1_887' title='bbox 2431 5704 2663 5755; x_wconf 79' lang='lat' dir='ltr'><strong>scopum.</strong></span> 
     </span>
    </p>
   </div>
   <div class='ocr_carea' id='block_1_121' title="bbox 2016 5757 2929 5814">
    <p class='ocr_par' dir='ltr' id='par_1_121' title="bbox 2016 5757 2929 5814">
     <span class='ocr_line' id='line_1_124' title="bbox 2016 5757 2929 5814; baseline -0.005 0"><span class='ocrx_word' id='word_1_888' title='bbox 2016 5757 2090 5814; x_wconf 72' lang='lat' dir='ltr'><strong>(il</strong></span> <span class='ocrx_word' id='word_1_889' title='bbox 2129 5757 2311 5813; x_wconf 78' lang='lat' dir='ltr'><strong>Codex</strong></span> <span class='ocrx_word' id='word_1_890' title='bbox 2344 5760 2496 5814; x_wconf 83' lang='lat' dir='ltr'><strong>Colb.</strong></span> <span class='ocrx_word' id='word_1_891' title='bbox 2529 5757 2788 5811; x_wconf 74' lang='grc' dir='ltr'>ἀδύνατον</span> <span class='ocrx_word' id='word_1_892' title='bbox 2823 5759 2929 5810; x_wconf 72' lang='lat' dir='ltr'><strong>vita</strong></span> 
     </span>
    </p>
   </div>
  </div>
