3962 6238
466 293 574 355 9‘33

1757 295 1818 353 ε.
1857 296 2104 352 BASILII
2142 292 2356 351 MAGNI

3607 292 3705 349 92⁸

470 430 682 471 memor
718 424 827 484 est,
867 419 1159 492 ipsumque
1208 417 1314 475 fert
1357 418 1413 473 in
1459 418 1665 483 animo,
1711 433 1777 474 ac
1816 418 2047 475 formam

2157 415 2402 488 βούλημα
2414 413 2509 467 τοῦ
2530 411 2864 482 ὑποθεμένου
2878 410 2973 483 τὴν
2988 410 3063 483 (ἃ)
3085 410 3347 483 ἐργασίαν
3364 408 3572 463 εὐθύνει
3587 408 3606 479 (
3614 410 3702 463 ἐὰν

470 508 613 563 hanc
640 524 764 580 qua
804 512 911 567 sibi
941 514 1011 568 ab
1045 527 1112 566 eo
1151 511 1472 582 praseripta
1514 518 1601 565 est
1630 517 1685 566 et
1716 510 2047 581 magnitudi-

469 613 594 653 nem
625 601 881 666 attendit,
911 609 1074 672 alque
1099 615 1259 656 suum
1295 615 1433 670 opus
1469 599 1537 655 ad
1572 601 1905 654 voluntatem
1926 598 2047 669 ejus

469 693 564 764 qui
621 692 757 749 illud
807 693 1067 765 injunxit,
1095 693 1281 764 dirigit
1328 693 1399 762 (si
1444 694 1589 747 enim
1640 692 1788 747 hunc
1842 691 2048 761 ceperit

470 784 707 849 oblivio,
751 794 846 839 aut
887 783 1167 854 quidpiam
1212 783 1384 846 aliud,
1436 792 1528 838 aut
1579 782 1739 852 longe
1775 780 2046 836 dissimile

470 876 666 931 elﬁciet
702 877 844 946 ejus,
875 875 1020 946 quod
1053 875 1235 932 facere
1263 874 1597 939 instituerat)
1645 892 1658 926 :
1692 873 1765 926 ita
1803 879 1854 926 et
1891 869 2048 925 Chri-

473 966 688 1020 stianus
717 966 865 1019 omni
897 967 1113 1019 actione
1146 973 1261 1018 tum
1308 977 1471 1032 parva
1499 970 1612 1015 tum
1640 976 1832 1029 magna
1857 961 1921 1014 ad
1951 958 2046 1015 Dei

471 1056 807 1112 voluntatem
835 1057 1067 1120 directa,
1105 1056 1268 1110 simul
1303 1064 1357 1110 et
1397 1069 1536 1125 opus
1565 1068 1724 1109 suum
1760 1053 2048 1122 diligenter

472 1148 718 1213 coniicit,
751 1157 807 1203 et
853 1149 1172 1205 memoriam
1218 1146 1585 1218 praecipientis
1620 1152 1820 1206 servat,
1861 1158 1925 1198 ac
1954 1144 2050 1198 im-

471 1243 582 1312 plet
627 1242 770 1311 quod
816 1241 1022 1297 dictum
1071 1248 1158 1295 est
1204 1256 1219 1292 :
1266 1239 1616 1293 Providebam
1668 1237 1951 1292 Dominum
1993 1237 2049 1291 in

472 1343 750 1403 conspectu
795 1349 907 1388 meo
945 1349 1168 1402 semper,
1201 1333 1450 1403 quoniam
1491 1348 1524 1384 a
1562 1331 1762 1384 dextris
1791 1337 1869 1384 est
1896 1330 2046 1396 mihi,

473 1439 536 1477 ne
565 1440 894 1478 commoveor
921 1424 985 1477 ⁷⁸.
1014 1422 1155 1490 Quin
1187 1432 1241 1476 et
1269 1423 1480 1493 perlicit
1504 1430 1832 1492 praeceptum
1860 1422 1995 1477 illud
2031 1442 2044 1478 :

371 1569 377 1577 ,
475 1512 595 1567 Sive
623 1513 980 1578 manducetis,
1019 1516 1125 1569 sive
1163 1513 1359 1581 bibitis,
1403 1513 1509 1566 sive
1537 1511 1663 1583 quid
1696 1512 1896 1581 facitis,
1929 1529 2047 1565 om-

473 1608 567 1662 nia
594 1607 650 1661 in
692 1606 921 1676 gloriam
954 1607 1046 1660 Dei
1084 1606 1243 1675 facite
1271 1608 1337 1663 τ’.
1372 1604 1429 1661 Si
1459 1606 1583 1676 quis
1614 1614 1794 1661 autem
1839 1607 2050 1677 agendo

2147 507 2257 578 γὰρ
2276 504 2621 575 ἐπιλάθηται,
2639 504 2764 559 ἄλλο
2782 503 2905 574 cui}
2929 502 3137 556 ἀλλοῖον
3157 504 3371 573 ποσήσει
3393 501 3521 573 παρ’
3542 500 3570 554 ὃ
3590 517 3704 571 προ-

2149 599 2335 669 έθετο)
2364 617 2377 629 ο
2416 598 2559 653 οὑτω
2606 599 2699 651 καὶ
2735 599 2764 650 ὁ
2806 595 3128 666 Χριστιανὸς
3156 636 3169 660 ,
3204 597 3383 647 πᾶσαν
3435 593 3704 663 ἐνέργειαν

2148 691 2243 744 καὶ
2271 688 2472 761 μικρὰν
2495 689 2589 742 καὶ
2618 686 2839 758 μείζονα
2859 686 2994 757 πρὸς
3023 685 3083 738 τὸ
3107 685 3351 756 βούλημα
3371 682 3467 735 τοῦ
3482 682 3612 735 Θεοῦ
3634 682 3702 753 (3)

2148 782 2513 845 κατευθύνων,
2547 780 2682 852 ὁμοῦ
2711 797 2770 835 τε
2806 781 2906 852 τὴν
2936 779 3133 853 πρᾶξιν
3159 781 3225 849 τῇ
3262 777 3515 849 ἀκριϐείᾳ
3551 791 3705 829 κατα-

2147 877 2363 946 κοσμεῖ,
2397 874 2492 928 καὶ
2523 873 2620 944 τὴν
2646 872 2739 926 τοῦ
2774 870 3172 943 προστάξαντος
3199 869 3405 922 ἔννοιαν
3441 864 3701 930 διασώζει,

2148 968 2243 1020 καὶ⁵
2290 967 2490 1038 πληροῖ
2514 965 2575 1019 τὸ
2607 965 2928 1036 εἰρημένον
2970 961 3339 1029 Προωρώμην
3366 958 3473 1013 τὸν
3500 959 3706 1024 Κύριον

2147 1059 2404 1115 ἐνώπιόν
2427 1078 2546 1129 μου
2579 1057 2922 1124 διαπαντὸς,
2950 1055 3038 1109 ὅτι
3057 1056 3125 1109 ἐκ
3153 1052 3365 1119 δεξιῶν
3383 1054 3503 1123 μού
3528 1053 3704 1114 ἐστιτ,

2148 1152 2252 1206 ἵνα
2275 1152 2363 1220 μὴ
2397 1148 2695 1205 σαλευθῶ.
2735 1149 2846 1204 Καὶ
2876 1146 3131 1218 κατορθοῖ
3156 1146 3216 1198 τὸ
3248 1142 3708 1218 προστεταγμένοι

2150 1245 2346 1297 ἐκεῖνο·
2372 1241 2510 1296 Εἴτε
2526 1242 2756 1296 ἐσθίετε
2773 1240 2849 1309 (4)
2862 1287 2870 1293 .
2885 1239 3005 1294 εἴτε
3022 1239 3243 1301 πίνετε,
3265 1238 3385 1290 εἴτε
3402 1254 3459 1289 τι
3480 1235 3619 1288 Late
3635 1251 3705 1292 re.

2152 1334 2362 1389 πάντα
2385 1336 2475 1401 εἰς
2497 1332 2686 1398 δόξαν
2710 1331 2859 1386 Θεοῦ
2887 1330 3126 1384 ποιεῖτε.
3157 1327 3554 1399 Παραφθείρων
3582 1326 3634 1379 δὲ
3660 1328 3708 1378 ὲν

2148 1428 2215 1498 τῇ
2233 1426 2465 1497 ἐργασίᾳ
2486 1425 2582 1496 τὴν
2603 1424 2888 1494 ἀκρίϐειαν
2909 1423 3009 1493 τῆς
3030 1421 3267 1491 ἐντολῆς,
3284 1419 3440 1490 δῆλός
3464 1420 3577 1470 ἐστι
3595 1433 3655 1469 πε
3665 1415 3710 1486 pi

2149 1518 2248 1588 τὴν
2291 1518 2512 1588 μνήμην
2549 1516 2641 1569 τοῦ
2693 1514 2829 1568 Ε)εοῦ
2885 1513 3143 1567 ἀσθενῶν.
3200 1510 3602 1582 Μεμνημένους
3629 1503 3710 1560 οὖν

2150 1609 2248 1678 τῆς
2278 1608 2458 1678 φωνῆς
2482 1607 2576 1661 τοῦ
2601 1606 2846 1670 εἰπόντος
2864 1624 2876 1637 ·
2910 1605 3057 1675 οὐχὶ
3078 1604 3182 1658 τὸν
3204 1602 3466 1670 οὐρανὸν
3487 1601 3581 1653 καί
3610 1597 3711 1665 τὴν

475 1700 737 1769 depravat
770 1701 1028 1770 praecepti
1071 1700 1463 1769 integritatem,
1495 1715 1618 1755 eum
1664 1700 1919 1770 languide
1953 1699 2049 1754 Dei

2157 1700 2270 1768 γῆν
2299 1699 2412 1768 ἐγὼ
2440 1697 2683 1767 arma);
2706 1697 2869 1767 λέγει
2897 1699 3138 1765 Κύριος·
3167 1695 3261 1748 καὶ
3292 1692 3371 1755 τὸν
3399 1690 3546 1757 Θεὸς
3572 1688 3710 1759 ἐπί·

477 1791 795 1847 nieminisse
825 1794 1046 1861 planum
1069 1799 1175 1846 est.
1214 1791 1481 1845 Memores
1511 1792 1677 1861 igitur
1720 1791 1873 1846 vocis
1902 1791 2051 1846 illius

2157 1764 2264 1852 ζων
2283 1764 2398 1861 ἐγώ
2423 1764 2673 1859 signarat
2697 1791 2769 1842 οὺ
2789 1764 2943 1856 reed;
2972 1788 3273 1855 πόρῤωθεν
3290 1800 3304 1813 ·
3331 1781 3427 1835 καὶ
3449 1780 3529 1842 τὸ,
3547 1780 3711 1831 Ὅπου

477 1880 572 1947 qui
613 1879 751 1933 dixit
797 1895 812 1931 :
861 1878 1053 1933 Nonne
1102 1879 1294 1933 castum
1342 1891 1391 1933 et
1446 1888 1641 1934 terram
1681 1896 1772 1950 ego
1822 1880 2054 1949 impleo?

476 1973 607 2025 dicit
638 1972 891 2027 Dominus
917 1973 963 2006 ⁸⁸
988 1990 1003 2033 ;
1039 1979 1093 2027 et
1126 1993 1137 2027 :
1174 1972 1315 2026 Deus
1345 1974 1768 2043 appropinquans
1793 1989 1884 2042 ego
1912 1987 2051 2036 s'tm,

477 2071 530 2115 et
564 2078 669 2116 non
703 2061 843 2117 Deus
874 2062 939 2117 de
972 2069 1120 2133 tange
1157 2063 1203 2095 “
1234 2080 1249 2129 ;
1282 2071 1338 2119 et
1370 2080 1385 2118 :
1423 2061 1523 2116 Ubi
1553 2072 1674 2116 sunt
1702 2062 1807 2115 duo
1844 2063 1922 2117 vel
1950 2072 2053 2117 tres

477 2156 782 2225 congregati
826 2156 882 2209 in
925 2159 1136 2209 nomine
1177 2172 1312 2219 meo,
1364 2155 1441 2210 ibi
1488 2173 1607 2211 sum
1650 2156 1706 2209 in
1749 2155 1920 2209 medio
1960 2172 2052 2210 eo-

477 2261 598 2300 rum
645 2248 690 2280 ⁸¹
717 2262 732 2313 ;
769 2248 952 2301 omnia
983 2246 1160 2302 facere
1191 2246 1474 2314 debemus,
1506 2255 1566 2301 ut
1602 2247 1720 2302 ﬁeri
1748 2248 1904 2303 decet
1934 2263 2055 2318 quae

480 2335 537 2389 in
567 2337 745 2390 oculis
781 2335 995 2391 Domini
1035 2335 1365 2401 ciliciuntur,
1399 2346 1453 2392 et
1481 2338 1667 2393 omnia
1698 2338 1960 2407 cogitare,
1999 2347 2056 2391 ut

479 2428 711 2497 cogitari
741 2427 898 2483 decet
933 2444 1055 2500 quae
1084 2430 1156 2485 ab
1190 2430 1310 2499 ipso
1338 2438 1660 2485 cernuntur.
1696 2428 1789 2485 Sic
1818 2430 1964 2484 enim
1999 2439 2054 2486 et

476 2533 775 2592 perpetuus
813 2521 1031 2578 futurus
1071 2532 1155 2578 est
1197 2524 1360 2577 timor
1403 2522 1530 2578 odio
1558 2523 1764 2579 habens
1801 2522 2057 2591 iniquita-

479 2619 614 2675 tem,
644 2612 789 2667 sicut
808 2613 1071 2681 scriptum
1094 2619 1179 2670 est
1194 2612 1260 2677 ⁸³,
1280 2620 1335 2668 et
1359 2614 1772 2676 contumeliam,
1790 2623 1845 2667 et
1865 2627 2055 2683 super-

480 2702 652 2769 biam,
693 2712 748 2758 et
776 2708 893 2759 vias
936 2705 1227 2771 malorum,
1260 2715 1424 2774 atque
1462 2706 1703 2761 cbaritas
1747 2704 2050 2775 perﬁcitur,

483 2794 781 2866 impletque
807 2795 954 2866 quod
977 2796 1184 2851 dictum
1227 2795 1374 2851 iuita
1404 2796 1634 2852 Domino
1664 2814 1679 2852 :
1714 2797 1838 2852 Non
1877 2813 2054 2868 qurero

482 2888 805 2942 voluntatem
835 2905 1024 2952 meam,
1058 2890 1147 2944 sed
1181 2891 1500 2944 voluntattm
1528 2889 1642 2958 ejus
1666 2890 1757 2960 qui
1785 2890 1928 2943 misit
1953 2904 2052 2954 me,

484 2979 670 3036 Patris
687 2982 756 3045 ⁸⁸,
787 2996 909 3036 cum
931 2983 1108 3036 anima
1148 2982 1413 3036 continuo
1430 2982 1534 3036 sibi
1557 2983 1716 3050 plane
1727 2980 2056 3051 persuadeat

483 3079 540 3125 et
579 3071 752 3126 bonas
784 3071 1028 3127 actiones
1053 3071 1227 3141 judici
1262 3083 1316 3127 et
1343 3073 1466 3127 vitae
1492 3080 1693 3129 nostrae
1721 3073 1929 3126 arbitro
1958 3086 2054 3125 ac-

487 3169 674 3230 ceptas
716 3177 869 3230 esse,
918 3171 973 3218 et
1034 3162 1212 3217 malas
1258 3163 1328 3217 ab
1377 3178 1444 3219 eo
1488 3163 1867 3219 condemnari.
1915 3161 2058 3218 Puto

488 3260 671 3309 autem
701 3269 809 3308 una
849 3269 974 3309 cum
1010 3255 1117 3311 hoc
1158 3255 1321 3309 etiam
1350 3255 1485 3310 illud
1527 3257 1868 3326 Contingere,
1901 3265 1961 3309 ut
1990 3272 2058 3311 ne

489 3345 609 3415 ipsa
646 3346 865 3416 quidem
906 3346 1123 3402 Domini
1163 3346 1418 3402 mandata
1456 3348 1920 3416 eonﬁciantur_ad
1965 3363 2059 3402 ca-

486 3442 746 3509 ptandam
784 3438 1064 3495 hominum
1109 3443 1562 3497 benevolentiam.
1600 3440 1770 3497 Nemo
1797 3450 1882 3498 est
1910 3440 2057 3497 enim

486 3530 583 3599 Qui
626 3546 684 3587 se
713 3530 782 3586 ad
824 3530 1137 3588 inferiorem
1173 3542 1481 3598 convertat,
1512 3534 1560 3589 si
1610 3549 1932 3603 persuasum
1963 3533 2059 3587 ha—

487 3621 614 3677 beat
656 3623 850 3679 adesse
888 3627 1343 3694 praestantiorem.
1381 3625 1525 3692 Quin
1554 3625 1739 3696 potius
1780 3626 1829 3681 si
1879 3625 2057 3681 conti-

490 3714 650 3784 gerit,
683 3725 743 3769 ut
773 3731 895 3786 quae
918 3718 1057 3772 ﬁunt
1084 3718 1320 3789 cuipiam
1348 3718 1557 3774 homini
1590 3718 1807 3774 clariori
1841 3727 1896 3775 et
1935 3719 2062 3774 illu-

490 3809 680 3864 striori
731 3819 884 3878 grata
935 3814 1048 3879 sint
1097 3828 1152 3870 et
1189 3825 1446 3886 accepta,
1492 3815 1649 3871 alteri
1709 3832 1835 3872 vero
1878 3816 2061 3873 viliori

489 3902 668 3958 invisa
689 3911 744 3960 et
771 3907 1197 3976 reprehensione
1218 3908 1381 3979 digna
1397 3909 1724 3976 videantur;
1746 3916 2061 3982 contempta

491 3996 596 4051 hac
629 3998 905 4055 inferioris
939 4002 1383 4071 reprehensione,
1423 4001 1596 4073 pluris
1627 4000 1761 4063 facit
1804 4012 2063 4073 praestan-

490 4087 653 4143 tioris
705 4091 1171 4159 approbationem.
1223 4092 1377 4160 Quod
1423 4096 1469 4150 si
1509 4096 1653 4151 inter
1686 4095 1940 4153 homines
1972 4111 2063 4152 res

492 4180 568 4234 ita
600 4196 660 4236 se
702 4182 959 4250 habeant,
1003 4200 1275 4256 quaenam,
1322 4203 1531 4259 quaeso,
1572 4190 1756 4243 anima
1787 4204 1913 4245 vere
1937 4205 2064 4260 pru-

493 4272 629 4330 dens
679 4282 736 4331 et
777 4291 933 4340 sana,
984 4294 1108 4349 qua:
1159 4279 1330 4336 Deum
1387 4288 1717 4351 praesentem
1776 4297 1899 4337 esse
1957 4281 2060 4338 sibi

495 4368 712 4438 penitus
740 4373 1097 4441 persuaserit,
1133 4372 1201 4428 iis
1238 4374 1460 4430 omissis
1487 4374 1686 4443 quibus
1711 4372 1823 4429 Deo
1848 4374 2064 4443 placere

2153 1881 2275 1936 εἰσὶ
2306 1881 2415 1935 δύο
2445 1882 2483 1950 ἢ
2516 1881 2673 1950 τρεῖς
2699 1878 3065 1948 συνηγμένοι
3107 1878 3193 1941 είς
3219 1873 3285 1928 τὸ
3324 1872 3478 1941 ἐμὸν
3520 1871 3709 1940 ὄνομα,

2153 1972 2282 2027 ἐκεῖ
2299 1974 2417 2043 εἰμι
2444 1974 2514 2026 ἐν
2532 1972 2702 2041 μέσῳ
2730 1969 2931 2025 αὐτῶν
2950 1987 2965 2001 υ
2994 1969 3172 2023 πᾶσαν
3200 1966 3509 2037 ἐνέργειαν,
3529 1965 3599 2026 ὡς
3622 1962 3713 2015 ὑπὸ

2152 2068 2274 2128 ταῖς
2301 2064 2458 2134 ὂψεσι
2488 2063 2581 2117 τοῦ
2610 2063 2813 2133 Κυρίου
2836 2059 3150 2131 γινομένην,
3178 2058 3272 2112 καὶ
3296 2058 3481 2111 πᾶσαν
3504 2055 3711 2117 ἔννοιαν,

2153 2157 2230 2221 ὡς
2261 2157 2388 2230 παρ’
2416 2155 2582 2211 αὑτοῦ
2616 2153 3077 2225 ἐποπτευομένην,
3116 2150 3381 2205 ἐπιτελεῖν
3404 2149 3540 2220 χρή.
3574 2142 3712 2200 Οὕτω

2155 2251 2265 2322 γὰρ
2298 2250 2392 2304 καὶ
2426 2251 2454 2302 ὁ
2490 2248 2653 2318 φόϐος
2684 2247 2912 2318 διαρκὴς
2942 2242 3253 2314 ἐνυπάρξει,
3286 2240 3465 2312 μισῶν
3490 2236 3708 2297 ἀδικίαν,

2155 2341 2297 2396 κατά
2323 2341 2384 2394 τὸ
2412 2339 2814 2411 γεγραμμένον,
2838 2337 2996 2409 ὓϐριν
3023 2352 3082 2388 τε
3120 2334 3214 2388 καὶ
3245 2330 3620 2403 ὑπερηφανίαν
3642 2325 3708 2394 (5)

2155 2435 2248 2489 καὶ
2275 2434 2429 2497 ὁδους
2472 2432 2757 2504 πονηρῶν,
2790 2431 2883 2484 κα)⁸
2918 2431 2952 2500 ἡ
2997 2427 3184 2498 ἀγάπη
3215 2423 3558 2489 τελειοῦται,
3594 2417 3710 2487 πλη-

2159 2527 2326 2599 ροῦσα
2358 2527 2419 2580 τὸ
2456 2526 2561 2580 ὑπὸ
2592 2525 2687 2579 τοῦ
2732 2524 2936 2596 Κυρίου
2971 2521 3292 2595 εἰρημένον,
3334 2520 3420 2573 ὅτι
3460 2520 3542 2571 Οὺ
3577 2513 3709 2583 ζητῶ

2154 2619 2220 2673 τὸ
2253 2618 2482 2688 θέλημα
2532 2619 2596 2671 τὸ
2625 2616 2809 2687 ἐμὸν,
2851 2615 3012 2670 ἀλλὰ
3040 2613 3103 2668 τὸ
3150 2611 3376 2681 θέλημα
3420 2608 3533 2663 τοῦ
3585 2606 3710 2675 τιέμ-

2153 2710 2387 2779 Ψαντός
2413 2726 2491 2778 με
2539 2707 2806 2776 Παφὸς,
2853 2708 2910 2760 ἐν
2960 2704 3302 2776 πληροφορίᾳ
3346 2702 3585 2773 διηνεκεῖ
3624 2698 3708 2761 τῆς

2153 2803 2333 2876 ψυχῆς
2370 2800 2536 2873 οὔσης
2562 2801 2655 2854 τοῦ
2694 2802 2788 2854 καὶ
2815 2799 2914 2861 τὰς
2941 2798 3152 2868 ἀγαθὰς
3176 2795 3400 2869 πράξεις
3424 2789 3710 2852 ἁποδεκτὲς

2154 2892 2294 2950 εἶναι
2325 2894 2404 2965 τῷ
2434 2896 2593 2965 κριτῇ
2630 2893 2724 2947 καὶ
2762 2891 3026 2965 ἀθλοθέτῃ
3056 2890 3149 2944 τοῦ
3172 2888 3441 2961 ἡμετέρου
3474 2887 3606 2957 βίου.
3630 2882 3711 2935 καὶ

2154 2988 2254 3052 τὰς
2295 2988 2552 3050 ἐναντίως
2601 2984 2832 3057 ἐχούσας
2870 2984 3093 3038 αὐτόθεν
3131 2979 3384 3053 δέχεσθαι
3417 2979 3521 3051 τὴν
3564 2975 3709 3030 κατά-

2158 3094 2361 3150 κρισιν.
2417 3073 2585 3147 Οἶμαι
2630 3076 2688 3130 δὲ
2721 3075 2893 3146 τούτῳ
2952 3070 3455 3143 συγκατορθοῦσθαι
3507 3069 3577 3141 (6)
3629 3064 3709 3122 καὶ

2156 3175 2218 3229 τὸ
2245 3174 2379 3245 μηδὲ
2404 3174 2573 3236 αὑτὰς
2600 3172 2697 3235 τὰς
2723 3169 2941 3233 ἐντολὰς
2964 3166 3059 3220 τοῦ
3085 3164 3291 3236 Κυρίου
3309 3163 3451 3234 πρὸς
3479 3162 3711 3233 ἀνθρωπ-

2159 3265 2449 3337 αρέσκειαν
2489 3261 2755 3332 γίνεσθαι.
2798 3259 2984 3323 Οὐδεὶς
3024 3256 3132 3328 γὰρ
3172 3259 3228 3309 ἐν
3260 3253 3602 3326 πληροφορίᾳ
3628 3252 3711 3321 τῆς

2159 3355 2462 3427 παρουσίας
2495 3353 2589 3408 τοῦ
2635 3353 2941 3427 κρείττονος
2988 3349 3124 3423 πρὸς
3173 3348 3264 3402 τὸν
3308 3346 3569 3400 ἐλάττονα
3613 3347 3713 3397 ἐπι-

2161 3443 2449 3513 στρέφεται
2473 3457 2487 3473 ·
2521 3440 2678 3505 ἀλλὰ,
2733 3439 2835 3494 κᾶν
2886 3438 3069 3510 συμϐῇ
3102 3436 3164 3491 τὸ
3201 3436 3489 3508 γινόμενον
3528 3435 3601 3505 τῷ
3630 3433 3712 3504 μὲν

2160 3532 2485 3604 ἐνδοξοτέρῳ
2510 3531 2787 3605 προσώπῳ
2807 3529 3100 3583 ἀπόδεκτον
3132 3527 3228 3583 καί⁷
3252 3527 3550 3598 εὐάρεστον
3572 3520 3712 3587 εἶναι,

2159 3623 2237 3695 τῷ
2268 3624 2325 3678 δὲ
2357 3623 2733 3696 ὑποδεεστέρῳ
2766 3621 3061 3692 ἀϐούλητον
3098 3622 3195 3675 καὶ
3235 3619 3434 3689 ψεκτὸν
3468 3615 3714 3688 καταφαί-

2160 3717 2368 3779 νεσθαι,
2393 3716 2633 3779 πλείονος
2654 3714 2810 3780 ἀξίαν
2829 3712 3108 3783 τιθέμενος
3132 3712 3231 3782 τὴν
3260 3710 3356 3764 τοῦ
3379 3710 3713 3782 ὑπερέχοντος

2161 3808 2429 3879 ἀποδοχὴν
2449 3846 2465 3872 ,
2499 3808 2828 3877 καταφρονεῖ
2856 3804 2958 3876 τῆς
3003 3803 3098 3858 τοῦ
3143 3803 3423 3866 ἐλάττονος
3459 3800 3713 3874 μέμψεως.

2160 3899 2225 3952 Εἰ
2253 3899 2310 3952 δὲ
2335 3899 2420 3951 ἐπ’
2447 3896 2750 3968 ἀνθρώπων
2778 3894 2972 3960 οὕτως,
2995 3896 3030 3966 ἤ
3055 3912 3120 3964 γε
3148 3893 3225 3957 ὡς
3252 3892 3471 3964 ἀληθῶς
3495 3894 3713 3963 νήφουσα

2165 3993 2261 4046 καὶ
2290 3991 2611 4060 ὑγιαίνουσα
2657 3988 2804 4061 ψυχὴ
2832 3990 2890 4042 ἐν
2944 3986 3289 4061 πληροφορίᾳ
3331 3985 3430 4057 τῆς
3470 3983 3561 4037 τοῦ
3598 3977 3714 4033 Θεοῦ

2165 4082 2469 4157 παρουσίας
2490 4106 2517 4148 ,ι
2567 4082 2701 4136 ποτὲ
2753 4080 3001 4152 ἀφεμένη
3038 4077 3131 4133 τοῦ
3181 4077 3316 4150 πρὸς
3380 4074 3712 4144 εὐαρέστησιν

2164 4176 2301 4231 Θεοῦ
2344 4178 2519 4230 ποιεῖν
2549 4193 2625 4241 τι,
2667 4172 2803 4246 πρὸς
2844 4172 2945 4236 τὰς
2978 4170 3130 4242 παρὰ
3175 4169 3284 4222 τῶν
3320 4167 3615 4239 ἀνθρώπων
3651 4161 3701 4215 ὁὸ

2164 4268 2262 4337 ξας
2282 4268 2360 4341 (7)
2390 4268 2859 4340 ἐπιστραφήσεται
2878 4280 2892 4294 ·
2917 4264 3046 4317 ποτέ
3077 4263 3133 4317 δὲ
3155 4261 3479 4335 ἀμελήσασα
3505 4258 3606 4311 τῶν
3632 4253 3713 4309 τοῦ

2164 4360 2301 4415 Θεοῦ
2343 4359 2815 4431 προσταγμάτων,
2855 4356 3179 4429 ἀνθρωπίνῳ
3228 4354 3339 4409 ἐθει
3375 4346 3712 4416 δουλεύσει,ἦ

495 4459 687 4529 possit,
722 4461 885 4519 modo
916 4462 1072 4519 se‘ad
1108 4466 1483 4536 aucupandam
1510 4467 1802 4521 humanam
1831 4466 2056 4536 gloriam

2167 4450 2274 4503 ὑπὸ
2318 4449 2506 4521 κοινῆς
2553 4449 2873 4521 προλήψεως
2916 4449 3353 4522 κρατηθήσεται,
3406 4446 3439 4517 ἢ
3496 4445 3586 4499 καὶ
3628 4440 3710 4495 ὑπ)

496 4566 827 4609 conversura
853 4563 960 4621 est,
986 4556 1148 4613 modo
1193 4573 1325 4613 vero
1350 4558 1614 4629 neglectis
1642 4557 1737 4613 Dei
1763 4557 2061 4622 mandatis,

496 4645 755 4700 inserviet
797 4646 1049 4704 humana:
1101 4649 1505 4716 consuetudini,
1559 4658 1654 4704 aut
1699 4666 1728 4706 a
1787 4650 2064 4705 communi

496 4745 552 4793 et
603 4738 904 4809 anticipata
960 4741 1219 4811 opinione
1269 4742 1540 4807 vincetur,
1590 4750 1683 4798 aut
1741 4741 1986 4798 ﬂectetur
2034 4758 2065 4795 a

498 4829 895 4901 dignitatibus?
935 4830 1028 4887 Sic
1074 4844 1193 4889 erat
1226 4832 1502 4888 animatus
1533 4833 1628 4905 qui
1665 4834 1803 4888 dixit
1853 4853 1866 4888 :
1922 4833 2066 4888 Nar-

498 4931 742 4976 raserunt
783 4924 913 4977 mihi
958 4924 1127 4996 iniqui
1177 4924 1556 4994 fabulationes,
1601 4924 1690 4978 sed
1738 4941 1842 4978 non
1885 4934 1944 4977 ut
1983 4925 2067 4978 (ea:

2168 4542 2497 4615 ἀξιωμάτων
2520 4542 2993 4615 δυσωπηθήσεται.
3026 4541 3263 4612 Τοιαύτη
3299 4538 3538 4602 διάθεσις
3555 4533 3617 4608 ἦν
3636 4533 3711 4587 τοῦ

2170 4635 2414 4698 εἰπόντος
2432 4651 2444 4663 ·
2480 4634 2859 4705 Διηγήσαντό
2872 4652 2974 4705 μοι
2999 4634 3331 4704 παράνομοι
3356 4628 3711 4698 ἀδολεσχίας.

2171 4727 2310 4781 ἀλλ’
2344 4729 2458 4796 οὐχ
2485 4727 2566 4793 ὡς
2603 4730 2636 4781 ό
2662 4729 2848 4797 νόμος
2879 4743 3018 4791 σου,
3046 4728 3221 4794 Κύριε
3239 4741 3255 4757 ⁸
3292 4724 3388 4779 καὶ
3408 4722 3595 4776 πάλιν·
3622 4716 3709 4771 Καὶ

2171 4814 2440 4870 ἐλάλουν
2465 4816 2534 4869 ἐν
2563 4816 2688 4883 τοῖς
2730 4817 3074 4886 μαρτυρίοις
3112 4831 3229 4869 σου
3256 4815 3532 4868 ἐναντίοι·
3558 4811 3708 4874 ﬁuct-

2172 4906 2351 4971 λέων,
2381 4907 2482 4960 καὶ
2519 4908 2631 4961 οὐκ
2655 4907 3034 4977 ᾐσχυνόμην.

499 5021 612 5078 tua,
635 5012 858 5070 Domine
877 5016 945 5070 ⁸⁸.
966 5015 1244 5074 Etrursus
1279 5036 1294 5072 :
1326 5016 1398 5071 Et
1422 5016 1672 5088 loquebar
1693 5018 1747 5070 in
1775 5019 2090 5073 testimoniis
2119 5021 2223 5074 tuis
2249 5022 2304 5074 in
2333 5030 2616 5091 conspectu
2643 5037 2843 5092 regum,
2876 5031 2927 5077 et
2956 5038 3060 5077 non
3087 5021 3451 5093 confundebar
3466 5019 3531 5071 ⁸⁸.

564 5131 614 5164 ⁷⁸
647 5130 903 5205 Psal_.xv,
926 5133 1030 5205 _8._
1069 5134 1115 5167 ⁷⁸
1154 5134 1177 5188 Ι
1209 5134 1340 5190 Cor.
1381 5143 1444 5190 ἰ
1467 5174 1481 5192 .
1540 5135 1631 5189 3|.
1706 5136 1752 5167 ⁸ο
1789 5133 1990 5189 Jerem.
2027 5153 2056 5189 κ

2157 5153 2202 5201 ι,
2236 5138 2328 5192 24.
2404 5139 2449 5170 ⁸¹
2493 5139 2626 5194 ibid.
2659 5138 2750 5195 23.
2828 5140 2875 5171 “
2917 5138 3107 5194 Matth.
3145 5154 3304 5205 xviii,
3339 5138 3430 5194 20.
3501 5139 3547 5175 ³³
3584 5134 3711 5189 Ρειιι.

501 5215 687 5266 cxvm,
719 5202 844 5258 165.
918 5203 966 5236 ⁸⁵
1000 5202 1158 5261 Joan.
1192 5222 1249 5272 v,
1285 5207 1375 5262 50.
1448 5206 1495 5238 ⁸⁸
1532 5206 1676 5261 Psal.
1710 5222 1878 5261 cxvm
1901 5244 1917 5270 ,
1952 5205 2038 5261 83.

2157 5210 2161 5235 ί
2201 5210 2332 5263 ibid.
2369 5208 2460 5263 46.

518 5336 525 5339 ’
557 5316 648 5394 ,(9)
684 5316 813 5394 R93.
844 5317 1053 5394 primus
1101 5320 1196 5374 καὶ
1228 5321 1366 5394 πρὸς
1394 5321 1456 5376 τὺ
1493 5320 1703 5394 θέλημα
1737 5319 1830 5394 τοὺ
1868 5319 2066 5394 ποθου-

505 5387 667 5511 μένου
691 5388 811 5456 τήν,
847 5388 916 5440 ad
942 5389 1259 5444 voluntatem
1275 5387 1397 5460 'ejus
1423 5393 1511 5462 qui
1548 5387 1760 5461 id'opus
1779 5389 2062 5444 desiderat.

547 5457 673 5511 aulo
695 5470 820 5511 ante
850 5459 1020 5511 codex
1052 5460 1206 5511 Colb.
1243 5465 1427 5511 mina
1449 5462 1679 5511 ἐκείνου.

547 5457 673 5533 uu_lo
695 5470 820 5533 ante
850 5459 1020 5513 codex
1052 5460 1206 5533 Colb.
1227 5457 1679 5533 oﬁpa'éxsivou;

575 5527 652 5603 (ξι)
688 5529 825 5603 lies.
857 5545 1001 5584 unus
1034 5530 1168 5601 πρὸς
1192 5527 1501 5603 τὸᾉθέλημα
1521 5531 1615 5603 τοῦ
1642 5529 1801 5603 Θεοῦ.

575 5598 652 5657 (4)
687 5596 967 5653 Editiones
999 5596 1211 5656 veteres
1240 5601 1366 5656 Εἴτε
1407 5596 1644 5656 ἐσθίετε.
1694 5601 1879 5657 Codex
1907 5599 2067 5655 Voss.

504 5674 559 5724 et
601 5667 689 5720 alii
722 5666 834 5721 duo
860 5668 981 5721 Εἴτε
1012 5666 1104 5723 οὖν
1124 5671 1354 5727 ἐσθίετε.

578 5735 654 5808 (5)
695 5738 944 5808 Antiqua:
979 5740 1245 5798 editiones
1276 5743 1430 5814 ὕϐριν
1459 5760 1518 5798 τε
1562 5744 1655 5799 καὶ
1697 5741 2070 5814 περιφάνειαν,

2174 5331 2452 5429 ρριτιψιο.
2491 5320 2674 5377 Codex
2707 5321 2955 5378 Combel'.
2986 5331 3039 5377 et
3071 5322 3159 5376 alii
3189 5332 3303 5377 tres
3333 5321 3427 5375 καὶ
3458 5320 3706 5385 ὑπερηρει-

2174 5409 2203 5429 υ
2230 5408 2294 5429 ηυ

2174 5408 2316 5445 νιαν.

2254 5461 2328 5530 (6)
2363 5460 2547 5533 Codex
2576 5461 2731 5516 Colb.
2763 5457 2929 5533 Οἶμαι
2961 5462 3020 5515 δὲ
3040 5463 3134 5533 καὶ
3160 5460 3321 5515 τοῦτο
3349 5451 3693 5533 συγκατορθοῦ

2183 5528 2326 5591 σθαι,
2354 5531 2429 5603 τὸ,
2449 5533 2603 5602 μηδέ.
2636 5533 2765 5602 Reg.
2793 5528 2989 5588 tertius
3018 5528 3185 5603 Οἶμαι
3209 5534 3288 5599 δὲ,
3314 5532 3399 5584 ὅτι
3430 5530 3592 5597 τούτῳ
3614 5537 3700 5588 συγ

2179 5602 2538 5673 κατορθοῦται
2569 5603 2661 5656 καὶ
2683 5604 2763 5656 τό.

2251 5662 2494 5752 (75-3",3-
2532 5675 2739 5752 Ριξὶιιὶιις
2780 5680 2834 5727 et
2864 5670 3024 5752 Voss:
3062 5671 3161 5752 τὰς
3197 5669 3621 5752 τῶν-ἀνθρὼπων
3645 5662 3705 5716 δύο

2180 5742 2294 5806 ξας.
2331 5739 2829 5800 εῐοιῖιπόυοηιιεε.
2865 5743 2901 5809 ἡ
2937 5744 3031 5797 καὶ
3057 5741 3159 5797 ὑπὸ
3188 5742 3391 5805 κοινῆς.
