3962 6238
345 309 454 368 935

905 439 1243 498 ΕΡΩΤΗΣΙΣ
1287 445 1375 513 ς’.

702 575 824 631 Ὅτι
856 579 1186 650 ἀναγκαῖον
1205 581 1271 636 τὸ
1299 581 1556 643 ιδιάζειν.

932 734 1329 792 ΑΠΟΚΡΙΣΙΣ.

421 868 473 923 Ι.
501 870 756 925 Συντελεῖ
783 873 841 927 δὲ
882 875 1014 946 πρὸς
1041 876 1104 928 τὸ
1136 879 1540 949 ἀμετεὼριστον
1569 882 1634 952 τῇ
1669 880 1813 951 ψυχῇ
1838 881 1930 933 καὶ

338 962 409 1014 τὸ
442 963 662 1028 ἰδιάζειν
688 966 829 1019 κατὰ
851 967 948 1040 τὴν
979 970 1212 1039 οἴκησιν.
1241 970 1314 1022 Τὸ
1339 971 1446 1043 γὰρ
1478 973 1930 1044 ἀναμεμιγμένην

337 1055 494 1126 ἔχειν
535 1057 630 1128 τὴν
691 1059 836 1130 ζωὴν
890 1064 1002 1124 τοῖς
1046 1061 1264 1130 ἀφόϐως
1311 1063 1404 1116 καὶ
1445 1063 1930 1135 καταφρονητικῶς

341 1149 486 1220 πρὸς
518 1149 617 1222 τὴν
664 1152 869 1222 ἀκριϐῆ
904 1155 1134 1224 τήρησιν
1167 1154 1275 1208 τῶν
1304 1156 1532 1210 ἐντολῶν
1568 1157 1930 1226 διακειμένοις

340 1234 610 1312 βλαϐερὸν
642 1246 738 1295 καὶ
786 1245 814 1296 ὁ
864 1244 956 1296 τοῦ
991 1245 1334 1316 Σολομῶντος
1360 1248 1703 1302 ἀποδείκνυσι
1748 1249 1925 1317 λόγος,

336 1331 689 1396 διδάσκοντος
716 1336 885 1404 ἡμᾶς,
921 1336 1001 1388 ὅτι
1029 1335 1123 1404 Μὴ
1149 1339 1270 1392 ἴσθι
1293 1339 1524 1408 ἑταῖρος
1545 1340 1714 1408 ἀνδρὶ
1741 1340 1929 1410 θυμώ-

341 1421 477 1476 δει·
545 1427 702 1493 φίλῳ
749 1426 818 1479 δὲ
865 1429 1083 1498 ὀργίλῳ
1116 1429 1201 1499 μὴ
1253 1431 1660 1497 συναυλίζου,
1694 1431 1928 1502 μήποτε

329 1516 539 1584 μάθῃς
584 1517 705 1570 τῶν
758 1519 914 1573 ὁδῶν
951 1522 1136 1576 αὑτοῦ
1169 1522 1268 1592 (8),
1299 1523 1397 1577 καὶ
1443 1521 1640 1593 λάϐῃς
1661 1526 1927 1593 βρόχους

333 1606 416 1673 τῇ
438 1606 525 1676 σῇ
557 1609 752 1678 ψυχῇ,
789 1613 887 1665 καὶ
920 1611 1004 1676 τὸ,
1035 1613 1345 1680 Ἐξὲλθετε
1391 1619 1458 1672 ἐκ
1480 1619 1677 1689 μέσου
1706 1621 1922 1686 αὐτῶν,

333 1699 441 1752 καὶ
468 1699 855 1769 ἀφορίσθητε,
872 1705 1035 1775 λέγει
1064 1709 1299 1776 Κύριος,
1331 1712 1470 1782 πρὸς
1501 1712 1562 1766 τὸ
1590 1713 1722 1766 αὐτὸ
1744 1715 1920 1784 φέρει.

333 1789 555 1842 Οὐκοῦν
584 1787 670 1844 ἵνα
703 1795 842 1864 μήτε
875 1793 964 1849 διὰ
987 1795 1284 1869 ὀφθαλμῶν
1317 1803 1453 1874 μήτε
1493 1803 1580 1856 διὰ
1620 1803 1772 1858 ὢτων
1802 1808 1924 1877 ἐρε-

332 1879 571 1950 θισμοὺς
602 1886 680 1947 είς
735 1887 1010 1958 ἁμαρτίαν
1059 1889 1364 1963 δεχώμεθα,
1405 1896 1500 1948 καὶ
1529 1895 1670 1950 κατὰ
1703 1897 1762 1950 τὸ
1794 1898 1920 1951 λαν-

332 1970 500 2024 θάνον
535 1975 985 2048 προσεθισθῶμεν
1026 1981 1185 2054 αὐτῇ,
1232 1986 1326 2037 καὶ
1360 1985 1549 2057 ὥσπερ
1586 1989 1745 2042 τύποι
1779 1991 1926 2052 τινὲς

331 2064 435 2118 καὶ
459 2070 809 2138 χαρακτῆρες
851 2072 961 2124 τῶν
988 2074 1281 2145 ὁρωμένων
1316 2078 1409 2130 καὶ
1449 2079 1798 2150 ἀκουομένων
1841 2082 1926 2134 ἐν-

329 2157 675 2227 απομείνωσι
721 2160 795 2232 (9)
819 2165 884 2234 τῇ
920 2163 1063 2237 ψυχῇ
1095 2169 1174 2230 εἰς
1227 2168 1448 2240 ὀλεθρον
1503 2173 1595 2224 καὶ
1627 2173 1924 2240 ἀπώλειαν,

330 2248 435 2302 καὶ
463 2250 552 2302 ἵνα
572 2251 887 2324 δυνηθῶμεν
909 2257 1189 2326 ἐπιμένειν
1215 2263 1281 2330 τῇ
1304 2267 1602 2334 προσευχῇ,
1631 2265 1926 2334 ἀφιδιάζω-

330 2357 443 2414 μεν
477 2342 691 2412 πρῶτον
735 2347 878 2400 κατά
899 2348 996 2418 τὴν
1021 2349 1256 2421 οἴκησιν.
1291 2353 1446 2406 Οὕτω
1472 2356 1580 2426 γὰρ
1613 2356 1679 2410 ἂν
1708 2358 1801 2410 καὶ
1829 2359 1922 2412 τοῦ

330 2432 704 2504 προλαϐόντος
745 2435 916 2500 ⁵ἔθους
970 2441 1414 2512 περιγενοίμεθα,
1457 2446 1514 2496 ἐν
1627 2446 1922 2519 ἀλλοτρίως

327 2523 617 2597 ὲζήσαμεν
661 2527 769 2581 τῶν
791 2529 1022 2583 ἐντολῶν
1055 2533 1146 2585 τοῦ
1185 2533 1422 2606 Χριστοῦ
1455 2537 1565 2608 (10)
1596 2538 1677 2609 (οὐ
1729 2543 1924 2610 μικρὸς

327 2621 394 2674 δὲ
419 2617 572 2686 οὗτος
605 2622 774 2692 ἀγὼν,
806 2626 903 2695 τῆς
936 2628 1129 2681 ἑαυτοῦ
1177 2630 1464 2701 συνηθείας
1518 2634 1918 2704 περιγενέσθαιο

332 2713 460 2778 ἔθος
488 2715 596 2786 γὰρ
624 2715 712 2769 διὰ
738 2717 950 2790 μακροῦ
972 2721 1163 2790 χρόνου
1194 2721 1488 2791 βεϐαιωθέν
1522 2725 1738 2793 φύσεως
1771 2730 1923 2798 ἰσχὺν

333 2806 654 2879 λαμϐάνει),
693 2811 787 2862 καὶ
835 2811 960 2874 τοὺς
994 2813 1051 2877 ἐξ
1078 2815 1355 2885 ἁμαρτίας
1400 2817 1455 2870 δὲ
1491 2819 1712 2885 σπίλους
1742 2824 1923 2894 ἐκτρῖ-

330 2900 437 2970 ψαι
469 2899 812 2970 δυνησόμεθα
840 2906 904 2974 τῇ
941 2921 1000 2956 τε
1052 2906 1325 2978 φιλοπόνῳ
1375 2915 1648 2982 προσευχῇ
1685 2914 1795 2983 (Η)
1831 2917 1923 2968 καὶ

329 2995 403 3066 τῇ
457 2993 704 3065 ὲπιμόνῳ
739 2994 934 3067 μελέτῃ
975 2996 1082 3051 τῶν
1128 2999 1220 3052 τοῦ
1269 3001 1404 3054 Θεοῦ
1452 3001 1812 3073 θελημάτωνο
1856 3003 1922 3077 ἧς

334 3083 576 3156 μελέτης
611 3086 704 3138 καὶ
727 3091 1033 3160 προσευχῆς
1066 3094 1124 3145 ὲν
1171 3091 1386 3157 πολλοῖς
1425 3098 1538 3158 τοῖς
1572 3097 1920 3168 περιέλκουσι

329 3179 436 3248 τὴν
465 3179 664 3251 ψυχὴν,
698 3182 791 3233 καί
835 3183 1093 3253 ἀσχολίας
1129 3185 1388 3256 βιωτικάς
1431 3190 1740 3259 ἐμποιοῦσι,
1768 3209 1922 3263 περι·
1950 3166 1992 3220 C

331 3269 591 3338 γενέσθαι
652 3272 955 3342 ἀμήχανον.
1004 3275 1114 3328 Καὶ
1145 3276 1227 3342 τὸ,
1283 3277 1358 3330 ΕΖ
1399 3295 1486 3344 τις
1525 3281 1684 3334 θέλει
1731 3282 1924 3336 ὀπίσω

329 3378 450 3432 μου
475 3361 700 3425 ἐλθεῖν,
756 3364 1212 3432 ἀπαρνησάσθω
1259 3368 1481 3422 ἑαυτὸν
1516 3371 1652 3441 (12),
1687 3371 1821 3424 πότε
1858 3374 1923 3427 ἄν

329 3472 420 3520 τις
451 3459 510 3509 ἑν
528 3455 736 3521 τούτοις
751 3459 827 3510 ὢν
851 3459 1136 3532 πληρῶσαι
1161 3462 1412 3534 δυνηθείη
1436 3481 1448 3528 ;
1475 3464 1594 3535 Χρὴ
1622 3465 1729 3536 γὰρ
1752 3468 1918 3536 ἡμᾶς,

330 3550 831 3621 ἀπαρνησαμένους
873 3553 1119 3617 ἑαυτοὺς,
1155 3554 1248 3607 καὶ
1289 3555 1526 3625 ἄραντας
1563 3557 1654 3609 τὸν
1689 3560 1919 3629 σταυρὸν

330 3639 426 3694 τοῦ
452 3643 716 3713 Χριστοῦ,
750 3644 924 3709 οὕτως
967 3647 1278 3700 ἀκολουθεῖν
1327 3648 1495 3718 αὐτῷ.
1551 3651 1814 3720 Ἀρνησις
1859 3651 1916 3704 δέ

331 3732 479 3785 ἐστιν
512 3734 708 3786 ἑαυτοῦ
732 3737 764 3806 ἡ
795 3737 1064 3807 παντελὴς
1092 3739 1199 3791 τῶν
1227 3739 1606 3810 παρελθόντων
1627 3741 1786 3813 λήθη,
1823 3744 1918 3796 καὶ

329 3826 365 3892 ἡ
401 3823 512 3878 τῶν
540 3825 861 3896 θελημάτων
892 3829 1087 3882 ἑαυτοῦ
1123 3830 1234 3900 (15)
1268 3831 1632 3902 ἀναχώρησις,
1671 3835 1735 3904 ἢν
1764 3836 1822 3886 ἐν
1849 3837 1914 3905 τῇ

331 3917 614 3988 ἁδιαφόρῳ
631 3919 890 3990 συνηθείᾳ
915 3920 1091 3985 ζῶντα
1118 3923 1464 3992 κατορθῶσαι
1493 3924 1918 3990 δυσκολώτατον,

335 4013 422 4064 ενα
458 4011 534 4082 μὴ
562 4011 726 4080 λέγω,
750 4014 832 4066 δτι
877 4013 1156 4078 παντελῶς
1205 4015 1574 4072 ἀνεπίδεκτον.
1626 4018 1786 4072 Ἀλλά
1827 4021 1922 4072 καὶ

331 4102 471 4172 πρὸς
496 4102 560 4155 τὺ
589 4099 719 4174 ἆραι
748 4104 840 4157 τὸν
873 4105 1106 4176 σταυρὸν
1140 4105 1335 4158 ἑαυτοῦ
1382 4107 1477 4158 καὶ
1506 4105 1820 4161 ἀκολουθεῖν
1847 4109 1923 4180 τῷ

331 4193 556 4266 Χριστῷ
581 4195 839 4266 ἐμπόδιόν
867 4199 1063 4268 ἐστινὴ
1096 4198 1232 4268 πρὸς
1255 4199 1346 4251 τὸν
1379 4201 1616 4253 τοιοῦτον
1656 4199 1769 4271 βίον
1799 4203 1920 4256 ἐπι-

335 4286 512 4356 μιξία.
560 4288 626 4340 Ἡ
659 4289 770 4360 γὰρ
822 4289 1110 4360 ὲτοιμασία
1153 4290 1290 4360 πρὸς
1339 4291 1451 4362 (14)
1492 4292 1582 4344 τὸν
1611 4293 1751 4364 ὑπὲρ
1783 4293 1918 4365 Χρι-

1420 323 1729 382 REGCLE
1772 325 1856 385 FU
1871 328 2025 385 SlUS
2063 327 2482 388 TRACTATAE.
3525 324 3628 381 9'26

2423 447 2588 523 344
2617 448 3134 507 ΙΝΤΕΒΒΟΟΑΤΙΟ
3161 447 3244 506 Vl.

2185 591 2339 656 Quod
2377 606 2583 644 necesse
2625 591 2695 643 sit
2736 591 2791 642 in
2830 607 3036 645 secessu
3079 592 3242 643 vitam
3283 587 3480 657 degere.

2639 739 3043 800 RESPONSIO.

2112 884 2162 939 1.
2217 884 2395 952 Atque
2435 883 2597 938 etiam
2650 881 2716 935 ad
2749 880 3048 935 cavendam
3097 880 3299 934 mentis
3346 877 3622 948 evagatio-

2037 988 2162 1027 nem
2193 973 2455 1028 conducit
2488 980 2702 1025 remota
2740 986 2804 1024 ac
2847 970 3095 1025 solitaria
3127 969 3411 1022 habitatio.
3437 967 3618 1021 Vitam

2038 1065 2334 1136 siquidem,
2392 1080 2513 1134 quae
2561 1064 2874 1134 promiscue
2909 1062 3092 1132 agitur
3128 1075 3253 1114 cum
3308 1059 3379 1114 iis
3408 1059 3503 1130 qui
3535 1075 3622 1114 se-

2037 1171 2170 1210 cure
2218 1154 2513 1225 perfectam
2562 1160 2957 1223 praeceptorum
3011 1149 3448 1205 observationem
3488 1162 3622 1202 con-

2039 1256 2311 1308 temnunt,
2350 1246 2718 1315 perniciosam
2749 1259 2874 1299 esse
2900 1258 2965 1296 ac
2994 1242 3288 1296 exitiosam
3319 1239 3435 1309 ipse
3455 1240 3621 1294 etiam

2038 1340 2296 1394 Salomon
2325 1339 2580 1397 ostendit,
2607 1338 2701 1407 qui
2736 1353 2838 1392 nos
2870 1337 2943 1389 ita
2977 1335 3135 1389 docet
3169 1350 3182 1384 :
3229 1331 3362 1387 Noli
3391 1348 3504 1386 esse
3535 1349 3621 1385 so-

2035 1433 2176 1486 dalis
2226 1434 2336 1484 viro
2379 1431 2602 1500 furioso,
2634 1445 2797 1499 neque
2839 1445 2945 1481 una
2981 1443 3099 1480 cum
3155 1427 3325 1480 autico
3352 1423 3613 1478 iracundo

2034 1526 2238 1580 habites
2276 1541 2292 1577 :
2338 1541 2400 1577 ne
2432 1524 2571 1591 forte
2610 1523 2788 1576 discas
2813 1522 2922 1575 vias
2944 1521 3080 1590 ejus,
3112 1529 3162 1574 et
3192 1536 3372 1573 sumas
3406 1519 3618 1588 laqueos

2035 1621 2227 1671 anima:
2270 1626 2374 1670 tute
2403 1616 2468 1668 ⁸⁷.
2520 1615 2586 1668 Ει
2623 1614 2758 1668 illud
2795 1632 2808 1667 :
2853 1613 3012 1668 Exite
3041 1614 3104 1667 de
3130 1613 3302 1666 medio
3331 1629 3534 1676 eorum,
3566 1621 3619 1666 et

2033 1709 2375 1777 separantim’,
2408 1709 2538 1762 dicit
2584 1708 2844 1760 Dominus
2869 1707 2935 1767 ⁸⁸,
3000 1707 3190 1761 eodem
3237 1706 3496 1774 pertinet.
3541 1705 3618 1758 No

1960 1821 2000 1874 ιι
2033 1805 2197 1874 igitur
2232 1818 2328 1873 per
2378 1803 2569 1856 oculos
2620 1816 2849 1856 auresve
2895 1800 3128 1854 subeant
3177 1798 3388 1867 peccati
3431 1797 3609 1851 irrita-

2031 1903 2236 1958 menta,
2277 1895 2436 1965 eique
2477 1893 2852 1963 imprudentes
2890 1906 3274 1947 assuescamus
3309 1906 3322 1940 :
3360 1903 3498 1944 neve
3522 1904 3612 1942 re-

2029 2005 2150 2042 rum
2211 2004 2350 2058 quas
2389 1987 2692 2042 viderimus
2719 1992 2774 2040 et
2829 1984 3166 2038 audierimus
3215 1982 3372 2053 quasi
3426 1983 3613 2037 forum

2029 2080 2279 2150 quaedam
2341 2093 2405 2132 ac
2440 2078 2745 2147 imagines,
2814 2077 2868 2130 in
2925 2077 3109 2128 anima
3151 2081 3508 2144 permaneant
3545 2071 3615 2126 ad

2028 2176 2254 2231 exitium
2280 2175 2674 2242 interitumque
2707 2179 2957 2226 nostrum
2985 2188 3000 2235 ;
3029 2180 3084 2222 et
3119 2176 3178 2221 ut
3207 2168 3262 2221 in
3297 2167 3616 2237 precatione

2027 2269 2280 2322 insistere
2314 2266 2590 2335 possimus
2613 2303 2627 2323 ,
2674 2262 2912 2332 primum
2946 2259 3217 2312 habitatio
3255 2258 3492 2326 eligatur
3525 2272 3615 2309 so-

2028 2360 2207 2413 litaria
2249 2366 2303 2412 et
2355 2357 2424 2412 ab
2455 2356 2738 2410 hominum
2773 2353 3057 2407 consortio
3088 2359 3317 2404 remota.
3352 2347 3444 2401 Sic
3466 2349 3611 2402 enim

2028 2457 2210 2512 licebit
2264 2463 2317 2509 et.
2348 2454 2563 2525 priores
2617 2465 2804 2504 mores
2850 2448 3094 2508 vincere,
3145 2459 3241 2515 per
3269 2458 3410 2512 quos
3444 2441 3612 2495 vitam

2025 2552 2236 2621 egimus
2289 2564 2317 2601 a
2358 2546 2562 2602 Christi
2605 2541 2895 2614 praes-ptis
2953 2539 3184 2592 alienam
3235 2536 3366 2602 (non
3407 2535 3612 2587 medio-

2027 2660 2119 2698 cre
2150 2653 2333 2697 alitem
2368 2649 2452 2695 est
2495 2641 2599 2693 hoc
2628 2643 2931 2697 certamen,
2985 2647 3141 2686 suam
3176 2629 3353 2700 ipsius
3376 2643 3611 2681 consue-

2027 2735 2272 2789 tudinem
2315 2745 2620 2802 superare:
2672 2741 2796 2781 nam
2845 2722 3190 2778 consuetudo
3240 2735 3335 2789 per
3390 2717 3612 2785 longum

2029 2838 2248 2898 tempus
2273 2825 2654 2882 corroborata.
2687 2827 2900 2874 natura
2927 2817 3036 2868 vim
3072 2829 3135 2868 ac
3158 2813 3327 2866 robur
3353 2809 3611 2876 obtinet).

2025 2929 2076 2972 et
2117 2919 2418 2990 poterimus
2461 2928 2678 2982 quoque
2723 2910 2935 2982 peccati
2991 2905 3238 2959 maculas
3275 2903 3611 2972 abstergere,

2027 3021 2139 3064 tum
2185 3008 2428 3079 diligenti
2487 3005 2838 3076 precatione,
2895 3008 3010 3054 tum
3062 2995 3415 3050 meditatione
3473 2993 3610 3046 assi-

2027 3104 2133 3155 dua
2203 3099 2543 3152 voluntatum
2622 3092 2716 3146 Dei
2779 3110 2791 3144 :
2858 3089 2948 3142 cui
3013 3082 3359 3140 meditationi
3416 3094 3610 3151 preca-

2027 3193 2296 3262 tionique,
2354 3191 2497 3243 inter
2553 3186 2758 3240 multos
2809 3181 2902 3252 (lui
2962 3185 3205 3233 animum
3254 3174 3608 3234 distrahant,

2027 3301 2263 3354 eumque
2293 3283 2346 3336 in
2382 3282 2507 3335 vitae
2540 3277 2706 3346 hujus
2739 3271 2972 3342 negotiis
3014 3275 3341 3336 occupatum
3367 3271 3608 3320 teneant.

2025 3391 2221 3430 vacare
2267 3389 2376 3428 non
2430 3384 2750 3440 possumus.
2788 3365 2853 3418 Et
2900 3361 3032 3416 illud
3067 3380 3080 3412 ι
3112 3360 3171 3414 Si
3203 3360 3318 3428 quis
3350 3357 3456 3411 vult
3493 3365 3608 3424 post

2027 3485 2107 3523 me
2133 3467 2325 3523 venire.
2364 3464 2581 3533 abneget
2612 3459 2948 3527 semetipsum
2973 3457 3042 3511 “9.
3083 3453 3204 3522 quis
3250 3463 3492 3518 unquam
3525 3449 3606 3500 in-

2024 3571 2108 3616 ter
2138 3562 2238 3615 hos
2266 3559 2472 3628 degens
2509 3555 2730 3624 explere
2759 3550 3000 3620 poterit?
3045 3545 3156 3599 Nos
3186 3543 3331 3598 enim
3368 3547 3605 3610 oportet,

2025 3658 2070 3711 si
2105 3655 2472 3722 nosmetipsos
2513 3651 2866 3717 abnegemus,
2899 3653 2954 3698 et
3001 3656 3219 3697 crucem
3265 3633 3469 3691 Christi
3500 3632 3604 3686 tol-

2024 3748 2224 3809 lamus,
2261 3744 2342 3798 sic
2405 3743 2582 3811 ipsum
2627 3737 2805 3808 sequi.
2858 3735 3142 3802 Abnegare
3175 3735 3357 3782 autem
3411 3731 3592 3780 semet-

2025 3840 2204 3907 ipsum
2247 3842 2331 3890 est
2369 3832 2770 3904 praeteritorum
2814 3841 3043 3899 prorsus
3093 3818 3551 3886 oblivisci,atque
3577 3828 3604 3866 s

2021 3928 2398 3984 voluntatibus
2425 3926 2542 3981 suis
2575 3921 2865 3978 secedere:
2899 3933 3061 3989 quem
3087 3926 3363 3970 secessum
3390 3909 3446 3962 in
3479 3921 3603 3978 pro-

2021 4020 2232 4074 miscua
2283 4017 2567 4071 hominum
2621 4011 3026 4068 consuetudine
3070 4018 3292 4062 servare
3345 3997 3602 4054 dillicilli-

2024 4128 2170 4166 mum
2214 4109 2398 4172 fuerit,
2434 4123 2502 4162 ne
2536 4106 2716 4161 dicam
2768 4102 2977 4157 viribus
3025 4096 3250 4154 omnino
3281 4092 3477 4161 impar.
3507 4090 3601 4140 At-

2023 4220 2130 4276 que
2157 4205 2319 4258 etiam
2355 4217 2422 4256 ne
2450 4201 2574 4270 quis
2615 4198 2768 4250 tollat
2814 4207 3034 4248 crucem
3076 4204 3254 4251 suam,
3294 4183 3602 4240 Christum-

2026 4312 2133 4368 que
2169 4303 2450 4365 sequatur,
2501 4291 2892 4362 impedimento
2925 4294 3010 4342 est
3056 4281 3324 4354 ejusmodi
3361 4278 3484 4334 vitae
3515 4290 3599 4331 so-

333 4379 462 4436 στοῦ
519 4381 770 4448 θάνατον,
826 4383 918 4436 καὶ
959 4385 992 4453 ἡ
1023 4384 1290 4451 νέκρωσις
1329 4384 1438 4438 τῶν
1475 4385 1651 4454 μελῶν
1687 4386 1796 4439 τῶν
1827 4387 1919 4440 ἐπὶ

2030 4391 2218 4445 eietas.
2250 4387 2383 4442 Nam
2431 4401 2742 4458 praeparare
2784 4399 2843 4440 se
2873 4382 2940 4436 ad
2983 4387 3216 4434 mortem
3252 4389 3349 4444 pro
3379 4369 3599 4426 Christo

330 4473 431 4544 τῆς
455 4473 582 4544 γῆς,
621 4475 713 4528 καὶ
761 4474 822 4527 τὺ
874 4475 1374 4546 παρατεταγμένως
1414 4477 1551 4548 πρὸς
1581 4476 1764 4531 πάντα
1803 4478 1917 4531 κίν-

401 4675 447 4708 ⁸⁷
485 4673 648 4732 Prov.
688 4692 838 4742 xm,
871 4676 977 4740 Ἡ,
1011 4677 1102 4732 23.
1177 4678 1224 4712 ⁸⁸
1265 4679 1308 4732 ll
1344 4679 1470 4734 Cor.
1505 4697 1558 4734 γι
1585 4720 1599 4745 ,
1639 4679 1724 4735 i7.

402 4865 490 4938 (8)7
520 4864 704 4938 Codex
729 4864 890 4938 _Voss.
919 4866 1014 4937 τὴν
1045 4868 1164 4922 ὁδὸν
1198 4869 1384 4923 αὐτοῦ.
1414 4870 1570 4922 Haud
1611 4872 1770 4938 longe
1823 4887 1916 4924 co-

333 4935 435 4990 dex
459 4937 617 5009 Colh.
648 4935 876 5009 βρόχους
908 4935 982 5009 τῇ
1005 4941 1251 4993 σεαυτοῦ.
1279 4939 1523 4994 Subinde
1546 4941 1675 4994 editi
1704 4935 1755 4994 et
1785 4940 1912 5006 Reg.

332 5007 610 5082 secundus
627 5007 766 5082 πρὸς
782 5007 1109 5082 τοῦτοίαὺτό.
1133 5012 1200 5082 At
1219 5025 1352 5065 mss.
1383 5018 1494 5082 tres
1515 5011 1653 5082 προς
1679 5012 1740 5063 τὸ
1761 5013 1913 5066 αὐτὸ.

405 5078 483 5187 (9)
527 5079 656 5147 Reg.
686 5079 899 5148 primus
934 5080 1332 5150 ὲναπομένωσι.
1361 5078 1738 5138 ϐοόοκὉοΙὺ.
1778 5085 1916 5136 ἁπο-

337 5165 579 5218 μεινωσι.

405 5220 518 5284 (10)
552 5217 738 5273 Codex
768 5218 924 5274 Colh.
961 5220 1190 5275 ἐντολῶν
1216 5221 1310 5274 τοῦ
1341 5221 1500 5275 Θεοῦ.

402 5291 446 5357 (1
465 5291 513 5355 t)
551 5288 694 5370 idem
715 5306 818 5344 ms.
837 5293 982 5376 "circa
1011 5291 1283 5376 φιλοπόνῳ
1301 5291 1580 5376 σχολέιξειν
1615 5298 1914 5364 προσευχῆς

334 5357 465 5432 Reg.
481 5361 700 5432 primus
725 5357 1050 5417 emendatus
1073 5364 1233 5417 habet
1255 5357 1628 5432 σχολάζοντες.
1652 5357 1756 5418 Sed
1781 5357 1912 5419 illud

333 5430 634 5511 σχολάζειν.
673 5432 789 5486 sive
819 5433 1192 5511 σχολάζοντες,
1217 5430 1388 5489 habeo
1420 5449 1518 5504 pro
1542 5435 1914 5511 additamento

334 5501 714 5581 librariorum,
752 5503 953 5571 quippe
996 5505 1140 5581 quod
1192 5501 1582 5581 iioii__olis_(:u1'e
1621 5506 1908 5562 redundet.

333 5574 462 5636 Quae
490 5574 676 5626 statim
699 5581 1024 5642 sequuntur,
1057 5577 1113 5627 ἐν
1140 5575 1354 5638 πολλοῖς
1380 5578 1512 5637 τοῖς,
1533 5585 1666 5641 etc.,
1703 5593 1765 5630 ea
1801 5591 1910 5631 non

335 5657 470 5711 nego
496 5643 928 5716 intelligiposse
955 5645 1023 5700 de
1055 5648 1249 5716 rebus,
1286 5663 1407 5716 quo:
1443 5647 1754 5701 distrahant
1785 5649 1906 5701 ani-

335 5727 480 5765 mum
505 5732 518 5765 :
539 5713 1180 5792 _sed_mih_i__veri_sim_ilius
1209 5716 1285 5782 tit,
1304 5713 1666 5788 intelligenda
1698 5733 1821 5792 esse
1841 5719 1908 5792 de

335 5784 602 5851 personis.
638 5784 823 5841 Basilii
857 5787 1002 5842 enim
1040 5787 1086 5843 is
1123 5798 1205 5843 est
1238 5802 1456 5856 scopus,
1493 5784 1550 5842 ut
1582 5804 1683 5845 nos
1715 5789 1781 5844 ad
1823 5791 1904 5844 vi-

2023 4476 2428 4546 perferendam,
2464 4474 2796 4530 mortiﬁcare
2842 4471 3086 4526 membra
3127 4483 3248 4536 qua:
3282 4469 3410 4518 sunt
3441 4474 3597 4529 super

1802 4679 1846 4713 ⁸⁹
1891 4679 2023 4733 Luc.
2063 4697 2112 4734 ix
2138 4721 2151 4744 ,
2184 4681 2272 4734 23.

2021 4869 2244 4922 tandum
2279 4869 2561 4922 hominum
2603 4863 2962 4933 frequentiam
2989 4860 3325 4933 exliortetur.
3347 4846 3579 4903 -—Vertc

2023 4943 2157 4994 inter
2184 4941 2354 4992 multa
2382 4942 2616 4992 animum
2646 4930 3017 4989 distrahentur.
3050 4930 3261 4982 MARAN.

2462 4990 2618 5061 Voss.
2671 5006 2897 5076 perinde
2943 5011 2999 5076 ut
3028 4999 3179 5067 Regii
3221 4990 3596 5076 secundus,”

2025 5060 2219 5136 tertius
2253 5080 2318 5133 Εἴ
2340 5098 2421 5143 τις
2450 5060 2823 5149 ἔρχεται’πρὸς
2843 5075 2930 5146 με.
2951 5060 3356 5149 ἀπαρνησάσθω
3385 5060 3593 5149 ἑαυτόν.

2022 5154 2068 5206 si
2097 5155 2214 5222 quis
2247 5153 2381 5204 venit
2405 5131 2604 5206 'ad‘n‘ic,
2631 5131 3222 5222 abneget.semetipsum.
3246 5135 3426 5222 Codex
3443 5131 3576 5222 Cplb

2024 5202 2249 5278 ubel'ius
2377 5237 2461 5282 τις
2494 5222 2708 5290 ἔρχεται
2741 5202 2876 5290 ’έρὸς
2915 5215 2999 5284 μὲ,
3031 5202 3592 5290 ’ἀπαρνησάςθωηὲᾳυ-

2022 5293 2133 5358 τὸν,
2167 5295 2259 5348 καὶ
2293 5271 2477 5362 ἀράτῶ
2507 5271 2597 5342 ἑοῖ)
2630 5271 2856 5358 σταυρὸν
2896 5271 3081 5350 αὑτοῦ,
3115 5271 3207 5335 κάι
3239 5271 3592 5330 ἀκολουθείτω

2067 5382 2136 5418 οι.

2025 5381 2136 5504 ωδ
2150 5436 2202 5502 5)
2236 5433 2376 5487 Editi
2412 5440 2464 5486 et
2491 5426 2954 5504 βοιῃῐιοίκαύτοῦ.
3001 5423 3104 5504 A_lii
3141 5433 3254 5504 tres
3282 5426 3590 5504 ms’slpfat-A

2016 5485 2108 5559 ier‘
2127 5485 2535 5559 ν’όεεξέαυέοῡ.
2565 5502 2716 5556 Ilaud
2751 5502 2905 5565 longe
2937 5498 3106 5550 codex
3135 5491 3290 5568 Colb_.
3316 5485 3591 5568 ἀδιαφόριιι

2018 5575 2254 5646 συνοδίᾳ,
2292 5574 2346 5628 in
2391 5574 2691 5642 promiscuo
2737 5561 3005 5624 hominum
3055 5574 3208 5619 coetu.
3261 5561 3448 5615 Lectio
3481 5569 3590 5608 non

2014 5653 2453 5786 "1?;3.Legitur
2483 5716 2537 5774 in
2560 5716 2712 5775 Colh.
2748 5715 2812 5771 Ἦ
2843 5713 2944 5786 γὰρ
2970 5707 3232 5781 ἐπιθυμία
3266 5700 3424 5776 πρδςο
3448 5693 3589 5751 ‘mi'

2013 5787 2216 5843 derium
2252 5791 2456 5842 mortis.
