3962 6238
281 268 388 325 929

1343 267 1649 324 REGULE
1692 265 1943 351 FliSlUS
1972 263 2396 320 TBACTATE.

3447 268 3554 317 9'00

279 386 440 457 ζητεῖ
493 387 564 440 τὰ
596 385 842 454 ἑαυτῆς.
887 386 944 439 Ὀ
982 385 1038 439 δέ
1069 386 1444 454 aeramnae;
1475 386 1587 457 (ΞΟ)
1617 385 1730 456 βίος
1773 385 1862 437 ἕνα

1973 383 2081 439 Sed
2129 391 2394 456 praeterea
2450 379 2716 451 diligendi
2771 378 2978 444 Christi
3049 377 3192 433 ratio
3243 385 3298 432 et
3357 377 3556 434 modus

281 479 482 532 σκοπὸν
511 478 644 548 ἔχει,
673 477 772 548 τὴν
815 479 1022 532 οἰκείαν
1065 480 1296 532 ἑκάστου
1329 477 1438 531 τῶν
1471 479 1672 550 χρειῶν
1706 478 1870 550 θερα-

280 571 460 624 πείαν.
517 571 559 622 Τ
562 569 688 624 οῦτο
738 570 795 622 δὲ
843 569 1124 641 προδήλως
1161 570 1469 642 μαχόμενόν
1508 574 1623 624 ἐστι
1657 570 1737 642 τῷ
1771 573 1871 643 τῆς

280 662 504 731 ἀγάπης
528 661 701 732 νόμῳ,
726 662 785 714 ὃν
806 663 834 714 ὁ
861 662 1184 726 Ἀπόστολος
1215 663 1479 735 ἐπλήρου,
1503 664 1576 735 μὴ
1602 664 1783 733 ζητῶν
1811 663 1872 716 τὸ

281 751 474 805 ἑαυτοῦ
512 752 814 824 συμφέρον,
838 751 974 806 ἀλλὰ
997 752 1058 806 τὸ
1079 752 1187 806 τῶν
1223 753 1452 819 πολλῶν,
1486 755 1571 806 ἵνα
1600 753 1864 808 σωθῶσιν.

282 845 518 897 Ἔπειτα
542 844 600 896 ἐν
628 844 706 914 τῷ
767 845 1174 915 καταχωρισμῷ
1201 845 1311 916 (21)
1337 846 1459 899 οὐδέ
1481 846 1542 898 τὸ
1579 845 1869 917 ἐλάττωμα

287 935 487 1006 ῥᾳδίως
521 933 750 997 ἕκαστος
767 934 828 987 τὸ
844 934 1038 988 ἐαυτοῦ
1073 935 1455 1004 ἐπιγνώσεται,
1485 939 1586 991 οὐκ
1614 937 1754 1008 ἔχων
1779 937 1870 990 τὸν

279 1025 574 1094 ἐλέγχοντα
602 1024 790 1087 αὐτὸν,
839 1023 934 1076 καὶ
967 1024 1026 1076 ἐν
1058 1024 1326 1094 πραότητι
1360 1024 1454 1077 καὶ
1497 1023 1872 1094 εὐσπλαγχνίᾳ

279 1115 768 1187 ἐπανορθούμενον.
799 1117 1059 1186 Ἔλεγχος
1095 1119 1194 1187 μὲν
1233 1117 1340 1188 γὰρ
1369 1116 1462 1170 καὶ
1491 1117 1642 1188 παρὰ
1673 1115 1868 1186 ἐχθροῦ

276 1208 542 1272 πολλάκις
585 1207 652 1262 ἂν
682 1208 895 1275 γένοιτο
941 1203 1241 1278 θεραπείας
1287 1208 1584 1280 ἐπιθυμίαν
1624 1207 1869 1278 ἐμποιῶν

273 1299 356 1371 τῷ
385 1299 687 1370 εὐγνώμονι
707 1315 720 1327 ⁸
753 1300 1018 1372 θεραπεία
1045 1301 1103 1353 δὲ
1136 1301 1536 1371 ἁμαρτήματος
1564 1300 1866 1370 ἐπιστημό-

274 1411 386 1457 νως
415 1394 574 1463 παρὰ
595 1392 692 1446 τοῦ
727 1393 1034 1465 εἰλικρινῶς
1064 1395 1452 1463 ἀγαπήσαντος
1485 1392 1865 1463 κατορθοῦται.

285 1485 342 1537 '0
375 1485 486 1556 γὰρ
523 1484 791 1554 ἀγαπῶν,
846 1486 1031 1555 φησιν,
1082 1483 1380 1553 ἐπιμελῶς
1427 1481 1714 1537 παιδεύει.
1770 1485 1867 1538 Ὃν

275 1578 370 1631 ἐπὶ
401 1577 505 1647 τῆς
541 1575 830 1647 μονώσεως
861 1577 1043 1647 εὑρεῖν
1093 1576 1318 1646 ἄπορον,
1365 1576 1440 1647 μὴ
1487 1575 1867 1646 προενωθέντα

275 1669 424 1723 κατὰ
449 1669 545 1722 τὸν
591 1669 704 1738 βίον
723 1685 736 1695 ⁸
771 1667 912 1720 ὥστε
952 1668 1270 1738 συμϐαίνειν
1299 1667 1448 1738 αὐτῷ
1476 1667 1536 1720 τὺ
1573 1668 1864 1739 εἰρημένον

1974 490 2421 547 unumquemque
2452 474 2598 545 quod
2629 473 2912 543 proprium
2954 472 3060 527 sibi
3091 471 3276 533 fuerit,
3304 478 3556 540 spectare

1970 583 2082 622 non
2106 567 2260 623 sinit.
2309 565 2561 620 Charitas
2608 563 2776 629 enim,
2837 547 3037 633 inquit,
3077 580 3182 616 non
3207 562 3397 632 quierit
3435 575 3556 630 quat

1970 678 2069 716 sua
2098 660 2298 715 sunt”.
2336 657 2382 712 ‘4'
2389 660 2462 714 ita
2515 665 2697 712 autem
2737 657 2984 712 solitaria
3029 663 3085 711 et
3115 670 3364 711 seorsum
3392 670 3422 708 a
3447 670 3554 708 cae-

1971 754 2101 808 teris
2125 752 2383 806 omnibus
2408 757 2530 805 acta
2562 765 2792 820 scopum
2833 749 3060 804 unicum
3102 748 3286 812 habet,
3322 755 3382 801 ut
3435 749 3553 802 suis

1969 845 2206 915 quisque
2247 843 2578 898 utilitatibus
2625 842 2911 898 inserviat.
2967 840 3082 895 Hoc
3133 851 3313 894 autem
3366 850 3556 910 aperte

1970 937 2297 991 adversatur
2347 936 2636 991 cbaritatis
2669 934 2794 1004 legi,
2829 948 2993 1004 quam
3045 933 3293 1002 implevit
3321 932 3554 1001 Aposto-

1968 1027 2078 1090 lus,
2114 1027 2207 1098 qui
2256 1041 2368 1080 non
2406 1041 2527 1087 sua,
2565 1025 2660 1080 sed
2692 1025 2990 1079 multorum
3024 1022 3311 1076 commoda
3351 1037 3556 1092 quaere.

1968 1120 2082 1188 hat,
2117 1127 2178 1174 ut
2228 1118 2364 1174 salvi
2422 1116 2704 1172 ﬁerent”.
2767 1115 2970 1168 Adhazc
3018 1113 3075 1167 in
3118 1113 3433 1180 hnjusmodi
3466 1128 3554 1167 se-

1968 1228 2132 1268 cessu
2207 1211 2590 1282 unusquisque
2655 1224 2724 1264 ne
2771 1207 2938 1279 356
2994 1206 3255 1261 delictum
3327 1204 3554 1275 quidem

1969 1319 2130 1359 suum
2162 1303 2322 1358 facile
2346 1309 2657 1374 cognoscet,
2677 1315 2800 1354 cum
2824 1315 2932 1354 non
2962 1300 3158 1353 habeat
3184 1313 3213 1350 a
3232 1314 3339 1366 quo
3362 1297 3552 1352 redar-

1971 1405 2207 1467 guatur,
2271 1406 2326 1451 et
2384 1405 2668 1452 mansuete
2735 1409 2800 1448 ac
2863 1393 3158 1448 clementer
3224 1394 3552 1460 corrigatur.

1968 1487 2345 1567 Reprehensio
2400 1490 2542 1545 enim
2570 1504 2693 1559 qua:
2719 1487 2788 1543 ab
2838 1487 3062 1540 inimico
3090 1485 3254 1539 etiam
3283 1483 3360 1545 fit,
3409 1496 3554 1551 saepe

1967 1582 2023 1636 in
2053 1584 2174 1637 viro
2226 1582 2401 1652 probo
2434 1591 2490 1636 et
2515 1596 2672 1650 atquo
2721 1580 2972 1636 sanitatis
3003 1577 3312 1648 quatrenda‘.
3340 1573 3552 1631 deside-

1968 1677 2110 1730 rium
2143 1677 2285 1746 parit
2317 1691 2330 1727 :
2369 1682 2658 1745 peccatum
2693 1689 2822 1728 vero
2853 1672 2923 1725 ab
2971 1686 3036 1725 eo
3071 1671 3164 1740 qui
3197 1670 3415 1724 sincere
3467 1668 3552 1721 di-

277 1764 488 1816 ἐκείνοο
522 1761 668 1815 Οὐαὶ
703 1761 784 1827 τῷ
833 1761 945 1826 ἐνὶ,
995 1761 1082 1814 ὅτι
1110 1762 1218 1816 ἐὰν
1234 1759 1419 1832 πέσῃ,
1460 1762 1573 1814 οὐκ
1623 1759 1799 1813 ἐστιν
1835 1764 1862 1814 d

1973 1769 2110 1840 ligit,
2150 1768 2391 1823 scienter
2420 1777 2667 1822 curatur.
2733 1766 2838 1832 Qui
2864 1763 3034 1826 enim,
3095 1763 3298 1832 inquit,
3350 1760 3549 1831 diligit,

275 1852 524 1921 ἐγείρων
567 1853 774 1906 αὐτόν.
815 1852 924 1903 Καὶ
957 1851 1014 1903 αἱ
1065 1850 1281 1904 ἐντολαὶ
1335 1840 1413 1904 δέ
1452 1850 1558 1903 ὑπὸ
1607 1851 1710 1920 μὲν
1755 1850 1864 1903 τῶν

277 1946 543 2000 πλειόνων
571 1946 664 1999 ἐπὶ
693 1945 754 1997 τὸ
794 1944 925 1997 αὐτὸ
965 1944 1162 2014 ῥᾳδίως
1191 1944 1433 2013 γίνονται
1469 1945 1690 2008 πλείους
1711 1985 1726 2009 ,
1759 1944 1866 1998 ὑπὸ

274 2040 334 2093 δὲ
393 2038 489 2092 τοῦ
542 2037 659 2101 ἐνὸς
706 2037 916 2090 οὐκέτι·
963 2036 1020 2090 ἐν
1058 2036 1167 2108 γὰρ
1195 2041 1264 2108 τῇ
1304 2037 1541 2109 ἐργασίᾳ
1572 2038 1673 2107 τῆς
1734 2040 1864 2110 μιᾶς

276 2132 630 2203 ἐμποδίζεται
680 2133 712 2202 ή
782 2130 938 2200 ἄλλη.
995 2125 1156 2195 Οἷον,
1203 2133 1262 2184 ἐν
1307 2135 1373 2204 τῇ
1423 2131 1712 2200 ἐπισκέψει
1768 2131 1862 2186 τοῦ

275 2223 633 2286 ἀσθενοῦντος
679 2225 712 2292 ἠ
754 2220 987 2292 ὑποδοχὴ
1031 2221 1124 2275 τοῦ
1161 2220 1333 2286 ξένου,
1379 2224 1474 2276 καὶ
1509 2224 1567 2276 ἐν
1599 2226 1666 2294 τῇ
1701 2240 1864 2293 μετα-

275 2316 424 2368 δόσει
481 2313 576 2366 καὶ
635 2312 890 2382 κοινωνίᾳ
923 2312 1030 2366 τῶν
1065 2312 1264 2384 χρειῶν
1300 2314 1412 2385 (22)
1447 2312 1562 2386 (καὶ
1603 2315 1861 2385 μάλιστα,

277 2407 410 2458 ὅταν
448 2403 537 2456 διὰ
572 2402 785 2473 μακροῦ
838 2403 893 2456 αἱ
931 2403 1196 2458 διακονίαι
1234 2405 1536 2473 γίνωνται),
1573 2406 1607 2476 ἡ
1639 2407 1769 2478 περὶ
1794 2409 1862 2463 τὰ

277 2497 421 2568 ἔργα
445 2497 648 2568 σπουδή
668 2512 682 2524 ·
709 2496 850 2550 ὥστε
881 2498 945 2550 ἐκ
974 2495 1164 2549 τούτου
1197 2497 1294 2568 τὴν
1331 2498 1592 2569 μεγίστην
1615 2500 1708 2552 καὶ
1739 2498 1864 2553 σύν-

275 2608 432 2644 τονον
473 2589 612 2661 πρὸς
646 2588 921 2661 σωτηρίαν
973 2588 1190 2660 ἐντολὴν
1228 2589 1654 2660 ἐλλιμπάνεσθαι
1677 2607 1690 2620 ·
1729 2591 1866 2660 μήτε

275 2681 375 2735 τοῦ
410 2679 704 2742 πεινῶντος
736 2679 1090 2751 τρεφομένου,
1128 2682 1266 2751 μήτε
1315 2679 1410 2733 τοῦ
1453 2677 1662 2750 γυμνοῦ
1712 2696 1868 2750 περι-

279 2770 642 2840 ϐαλλομένου.
678 2769 773 2832 Τίς
809 2769 874 2822 ἂν
906 2765 998 2823 οῦν
1032 2769 1205 2823 ἕλοιτο
1236 2769 1334 2843 τὴν
1367 2770 1543 2841 ἀργὴν
1573 2770 1668 2824 καὶ
1696 2770 1868 2840 ἄκαρ-

279 2878 383 2916 πον
405 2861 552 2930 ζωὴν
582 2860 684 2929 τῆς
716 2860 994 2931 ἐγκάρπου
1014 2860 1108 2914 καὶ
1141 2863 1262 2914 κατ’
1289 2861 1509 2931 ἐντολὴν
1529 2861 1622 2915 τοῦ
1657 2861 1864 2934 Κυρίου

279 2954 705 3024 ἐπιτελουμένης
753 2954 1125 3025 προτιμῆσαι;

279 3074 334 3119 et
368 3062 607 3117 maxime
657 3061 820 3117 saluti
887 3063 1234 3118 conducibile
1280 3083 1295 3119 :

1969 1862 2251 1932 diligenter
2278 1859 2453 1914 erudit
2476 1861 2545 1912 ⁵⁸.
2600 1858 2786 1913 Talem
2819 1865 3002 1912 autem
3044 1857 3100 1910 in
3142 1854 3442 1909 solitudine
3471 1870 3555 1908 re-

1969 1955 2148 2025 perire
2180 1952 2560 2008 difﬁcillimum
2582 1959 2688 2017 est,
2722 1952 2769 2006 si
2801 1951 2952 2021 prius
2992 1950 3050 2003 in
3081 1948 3207 2002 vita:
3231 1946 3552 2001 societatem

1969 2048 2262 2116 adjunctus
2290 2061 2398 2100 non
2447 2044 2629 2100 fuerit.
2661 2043 2842 2110 Quare
2867 2043 3067 2096 accidit
3092 2042 3141 2095 ei
3169 2039 3316 2110 quod
3343 2037 3550 2092 dictum

1969 2149 2092 2195 est:
2139 2139 2228 2195 Vw
2263 2139 2378 2202 uni,
2421 2138 2548 2208 quia
2597 2137 2644 2190 si
2689 2135 2955 2199 ceciderit,
3002 2151 3106 2187 non
3141 2141 3218 2186 est
3257 2132 3348 2201 qui
3379 2131 3552 2199 erigat

1967 2233 2169 2287 eum“.
2227 2230 2430 2286 Adhiec
2477 2237 2750 2300 praecepta
2813 2229 2973 2298 plura
3021 2241 3052 2280 a
3107 2225 3355 2295 pluribus
3388 2222 3551 2278 simul

1969 2323 2316 2394 congregatis
2370 2322 2528 2377 facile
2553 2320 2936 2391 perficiuntur,
2974 2319 3042 2371 ab
3078 2333 3188 2372 uno
3223 2333 3333 2370 non
3375 2315 3503 2368 item
3534 2332 3550 2371 :

1969 2413 2415 2486 quandoquidem
2450 2413 2580 2468 dum
2627 2427 2798 2466 unum
2852 2411 2930 2474 fit,
2964 2408 3263 2478 impeditur
3289 2407 3548 2460 alterum.

1969 2511 2213 2581 Exempli
2261 2525 2464 2574 causa,
2521 2507 2723 2562 infirmi
2772 2505 3016 2561 visitatio
3065 2503 3199 2557 facit
3250 2509 3310 2556 ut
3350 2502 3551 2581 hospes

1970 2617 2081 2658 non
2112 2602 2445 2672 excipiatur,
2481 2609 2536 2654 et
2579 2615 2761 2653 rerum
2795 2599 2864 2652 ad
2913 2598 3080 2651 vitam
3114 2577 3550 2649 necessariarum

1969 2694 2185 2764 largitio
2206 2701 2260 2749 et
2299 2692 2617 2748 distributio
2652 2690 2910 2762 (maxime
2941 2686 3164 2759 quando
3193 2685 3248 2738 in
3270 2685 3356 2740 his
3389 2682 3554 2737 mini-

1974 2786 2159 2844 steriis
2228 2787 2461 2840 multum
2527 2782 2918 2840 insumendum
2982 2788 3067 2834 est
3133 2775 3434 2847 temporis)
3495 2775 3552 2828 in

1975 2893 2144 2935 causa
2187 2886 2272 2933 est
2301 2893 2400 2932 cur
2436 2876 2505 2931 ad
2539 2874 2790 2929 facienda
2829 2887 2994 2943 opera
3021 2869 3262 2926 studium
3311 2863 3554 2920 conferri

1893 2969 1937 3026 C
1969 2987 2081 3028 non
2130 2970 2326 3041 possit,
2363 2971 2443 3025 sic
2467 2975 2529 3023 ut
2559 2968 2848 3022 deseratur
2871 2963 3191 3018 mandatum
3220 2959 3550 3020 maximum,

1345 3064 1617 3136 siquidem
1675 3080 1855 3136 neque
1892 3064 2136 3119 nutritur
2168 3067 2261 3134 qui
2325 3063 2519 3128 esurit,
2569 3058 3049 3129 neque-amicitur
3081 3054 3175 3125 qui
3231 3051 3411 3106 nudus
3444 3057 3549 3105 est.

279 3158 417 3226 Quis
444 3160 607 3228 igitur
636 3159 863 3212 inertem
895 3164 952 3212 et
997 3158 1396 3218 infructuosam
1452 3163 1621 3215 vitam
1661 3163 1736 3226 ei,
1783 3177 1905 3233 quae
1945 3160 2231 3216 fructuosa
2280 3161 2354 3216 sit
2385 3168 2439 3215 et
2463 3147 2679 3214 Domini
2713 3163 2982 3227 praecepto
3013 3161 3402 3212 consentanea,
3428 3147 3554 3203 velit

280 3262 619 3324 anteponere
644 3252 668 3304 ?
1691 3290 1698 3297 .

346 3347 404 3400 2.
441 3348 504 3400 Εἰ
532 3346 588 3399 δέ
610 3345 704 3398 καὶ
728 3343 948 3409 πάντες,
973 3349 1020 3400 οἱ
1056 3349 1112 3401 ἐν
1149 3351 1247 3419 μιᾷ
1275 3348 1450 3402 ἐλπίδι
1480 3349 1581 3418 τῆς
1609 3350 1860 3422 κλήσεως

279 3435 742 3509 προσληφθέντες,
775 3434 832 3487 ἐν
864 3437 1024 3506 σῶμά
1045 3439 1231 3508 ἐσμεν,
1265 3438 1510 3510 κεφαλὴν
1533 3439 1747 3510 ἔχοντες
1769 3439 1862 3492 τὸν

280 3528 513 3600 Χριστόν
533 3545 547 3558 ·
573 3529 603 3580 ὁ
635 3527 690 3579 δὲ
726 3527 912 3590 καθεὶς
946 3528 1189 3600 ἀλλήλων
1215 3530 1372 3600 μέλη,
1406 3533 1502 3586 ἐὰν
1525 3531 1598 3604 μὴ
1631 3535 1694 3585 ἐκ
1719 3549 1860 3603 συμ-

281 3621 486 3690 φωνίας
508 3619 646 3690 πρὸς
676 3619 794 3683 ἐνὸς
835 3619 1084 3691 σώματος
1114 3622 1446 3694 ἁρμολογίῖιν
1474 3626 1531 3676 ἐν
1581 3624 1860 3695 Πνεῦματι

281 3714 422 3783 ἁγίῳ
455 3711 922 3784 συναρμοσθῶμεν
942 3727 954 3740 ·
984 3711 1208 3778 ἕκαστος
1233 3714 1290 3768 δέ
1319 3715 1474 3786 ἡμῶν
1499 3715 1599 3786 τὴν
1627 3717 1860 3786 μόνωσιν

279 3807 501 3878 αἱρῆται
532 3804 669 3874 (25),
704 3803 778 3875 μὴ
809 3804 948 3857 κατὰ
978 3805 1038 3858 τὸ
1057 3806 1349 3877 εὐάρεστον
1376 3807 1454 3877 τῷ
1488 3807 1608 3879 Θεῷ
1642 3808 1777 3880 πρὸς
1801 3808 1860 3861 τὸ

279 3901 432 3968 κοινῇ
495 3897 778 3967 συμφέρον
825 3899 890 3967 τῇ
939 3898 1219 3970 οἰκονομίᾳ
1272 3897 1575 3964 δουλεύων,
1617 3900 1756 3954 ἀλλὰ
1802 3900 1860 3954 τὸ

282 3992 408 4045 ἴδιον
441 3994 544 4062 τῆς
569 3990 966 4060 αὺταρεσκείας
1006 3990 1174 4054 πάθος
1204 3991 1567 4064 πληροφορῶν
1587 4010 1600 4024 ·
1631 3993 1749 4058 πῶς
1774 3995 1864 4047 δυ-

279 4082 490 4153 νάμεθα
533 4079 927 4151 ἀπεσχισμένοι
947 4081 1041 4134 καὶ
1069 4081 1386 4154 διῃρημένοι
1411 4083 1602 4148 σώζειν
1626 4085 1725 4156 τὴν
1752 4084 1862 4137 τῶν

282 4176 458 4246 μελῶν
488 4175 627 4245 πρὸς
660 4173 864 4245 ἄλληλα
908 4173 1090 4243 σχέσιν
1122 4191 1181 4226 τε
1212 4176 1307 4228 καὶ
1336 4176 1659 4246 ὑπηρεσίαν,
1691 4177 1724 4248 ἦ
1762 4176 1860 4248 τὴν

2039 3345 2075 3398 2
2151 3341 2307 3408 Quod
2341 3341 2386 3395 si
2443 3339 2610 3393 etiam
2652 3351 2868 3400 omnes,
2915 3333 3010 3404 qui
3068 3330 3272 3384 fuimus
3324 3328 3380 3381 in
3438 3340 3550 3380 una

1968 3437 2274 3494 vocationis
2325 3449 2422 3502 spe
2453 3431 2722 3500 assumpti
2753 3430 2820 3493 ⁹⁷,
2877 3442 3046 3483 unum
3101 3439 3302 3492 corpus
3333 3435 3549 3482 sumus,

1970 3545 2036 3584 ac
2063 3535 2228 3599 caput
2253 3525 2533 3580 Christum
2567 3524 2854 3584 habemus,
2887 3533 3188 3587 sumusque
3223 3514 3426 3584 singuli
3457 3512 3551 3564 alii

1967 3622 2199 3676 aliorum
2232 3617 2477 3673 membra
2503 3616 2569 3678 ⁸⁸,
2616 3614 2725 3669 nisi
2759 3629 2856 3683 per
2879 3609 3233 3666 concordiam
3269 3607 3324 3660 in
3359 3615 3552 3660 sancto

1969 3714 2178 3786 Spiritu
2233 3716 2678 3782 coagmentemur
2709 3707 2766 3760 in
2803 3707 2968 3762 unius
3015 3702 3264 3772 corporis
3325 3714 3549 3768 compa-

1967 3822 2124 3878 gem;
2157 3814 2371 3865 contra.
2406 3804 2453 3858 si
2499 3801 2733 3872 quisque
2763 3805 3014 3855 nostrum
3053 3797 3219 3866 eligat
3250 3795 3418 3850 vitam
3455 3810 3550 3850 so-

1966 3901 2224 3964 litariam,
2280 3913 2460 3968 neque
2511 3896 2567 3950 in
2617 3895 2783 3949 rebus
2831 3889 3217 3961 dispensandis
3268 3889 3549 3943 communi

1973 3991 2216 4055 utilitati,
2251 3998 2312 4044 ut
2336 3988 2448 4044 Deo
2471 3993 2730 4056 acceptus
2764 3985 2856 4048 sit,
2895 3983 3179 4044 inserviat,
3215 3981 3312 4036 sed
3334 3980 3409 4034 illi
3436 3995 3551 4034 sua:

1970 4083 2254 4154 cupiditati
2289 4083 2344 4135 in
2377 4095 2486 4151 qua
2520 4079 2626 4135 sibi
2652 4079 2853 4148 placet,
2889 4075 3227 4145 obsequatur
3263 4092 3276 4127 :
3311 4073 3405 4143 qui
3434 4072 3550 4126 ﬁeri

1968 4176 2190 4247 poterit,
2260 4183 2320 4228 ut
2355 4173 2518 4228 divisi
2573 4187 2636 4227 ac
2667 4171 2932 4242 disjuncti
2969 4178 3214 4225 mutuam
3268 4168 3549 4223 membro-

280 4267 562 4337 ὑποταγὴν
589 4265 726 4337 πρὸς
745 4266 842 4337 τὴν
873 4266 1112 4338 κεφαλὴν
1141 4267 1319 4337 ἡμῶν,
1345 4270 1468 4339 ἥτις
1489 4271 1636 4323 ἐστὶν
1668 4271 1697 4321 ὁ
1726 4271 1862 4341 Χρι-

1973 4270 2266 4324 rum'inter
2297 4283 2354 4322 se
2377 4266 2776 4329 habitudinem,
2807 4265 3185 4336 obsequiaque
3205 4270 3259 4320 et
3289 4263 3551 4319 obedien-

280 4361 437 4425 0:64;
490 4359 633 4412 Οὔτε
676 4359 786 4431 γὰρ
830 4359 909 4430 τῷ
951 4359 1288 4430 δοξαζομένῳ
1340 4361 1691 4431 συγχαίρειν,
1734 4361 1858 4416 οὔτε

280 4454 628 4524 συμπάσχειν
677 4452 904 4506 δυνατὸν
935 4450 1014 4522 τῷ
1060 4454 1343 4522 πάσχοντι,
1378 4456 1434 4506 ἐν
1481 4457 1549 4525 τῇ
1581 4455 1859 4508 διαστάσει

276 4547 372 4599 τοῦ
411 4546 550 4616 βίου,
576 4546 640 4598 οὐ
677 4545 971 4615 δυναμένου
1004 4544 1146 4598 κατὰ
1177 4545 1238 4598 τὸ
1265 4547 1411 4610 εἰκὸς
1435 4547 1668 4600 ἑκάστου
1694 4546 1860 4615 γινώ-

280 4653 438 4690 σκειν
467 4637 537 4690 τά
570 4636 666 4690 τοῦ
697 4635 943 4708 πλησίον.
978 4631 1116 4690 Εἶτα
1138 4637 1232 4689 καὶ
1259 4637 1376 4700 ἐνὸς
1406 4639 1480 4710 μὴ
1505 4637 1884 4710 ἐξαρκοῦντος

1968 4365 2098 4418 tiam
2143 4370 2335 4417 nostro
2369 4360 2558 4431 capiti,
2619 4359 2714 4428 qui
2748 4358 3000 4414 Christus
3025 4365 3132 4424 est,
3174 4372 3456 4412 servemus
3485 4371 3550 4410 ac

1968 4455 2260 4510 tueamur?
2299 4453 2486 4523 Neque
2529 4452 2676 4508 enim
2716 4467 3038 4522 possumus,
3089 4452 3134 4506 si
3193 4451 3315 4505 vitae
3347 4465 3549 4520 genere

1970 4561 2310 4618 separemur,
2338 4561 2447 4599 una
2503 4560 2628 4599 cum
2687 4560 2756 4599 eo
2801 4544 2895 4614 qui
2926 4544 3098 4615 gloria
3127 4542 3378 4604 afﬁcitur,
3409 4558 3546 4613 gau-

1969 4639 2098 4694 dere
2133 4655 2144 4690 :
2175 4653 2355 4708 neque
2376 4652 2502 4692 cum
2533 4651 2600 4692 eo
2632 4637 2726 4709 qui
2759 4638 2982 4707 patitur,
3004 4635 3168 4692 simul
3195 4636 3306 4706 pati
3325 4636 3391 4701 °’,
3421 4649 3548 4690 cum

349 4777 401 4809 "
441 4772 460 4826 Ι
493 4773 626 4846 Cor.
660 4789 800 4846 χιιι,
827 4774 884 4846 5.
908 4843 924 4846 _
957 4773 1004 4804 ’δ
1041 4772 1059 4826 l
1093 4771 1220 4828 Cor.
1255 4790 1311 4841 ι,
1348 4776 1436 4830 53.
1513 4777 1558 4809 ’δ
1599 4775 1760 4832 Prov.
1798 4791 1862 4830 xt

1973 4777 2046 4830 Μ.
2125 4777 2172 4808 ⁸⁸
2212 4775 2390 4832 Eccle.
2429 4791 2502 4841 tv,
2545 4773 2630 4828 10.
2707 4775 2750 4806 ³⁷
2793 4773 2992 4846 Ephes.
3030 4790 3104 4841 tv,
3139 4773 3194 4828 4.
3271 4773 3317 4805 ⁸⁸
3355 4770 3375 4824 l
3413 4772 3543 4827 Cor.

282 4860 394 4911 xu,
435 4846 526 4898 12.
604 4845 648 4876 ⁸⁸
689 4842 824 4899 ibid.
858 4843 950 4897 26.

351 4967 465 5038 (20)
497 4965 683 5038 Codex
712 4964 958 5038 Coimbef.
991 4966 1313 5038 emendatus
1347 4965 1511 5018 habet
1541 4966 1851 5038 ἀπιδιαστι-

278 5038 375 5102 κός
418 5037 529 5092 non
574 5037 752 5090 solum
789 5037 894 5089 hoc
921 5037 1076 5101 loco,
1121 5037 1217 5091 sed
1256 5037 1569 5104 ubicunque
1606 5052 1710 5090 vox
1752 5037 1856 5103 ὰφ-

283 5107 580 5170 ιδιαστικός
619 5106 914 5161 invenitur.
943 5105 1180 5161 Basilius
1213 5121 1338 5161 cum
1369 5108 1445 5160 ita
1489 5107 1764 5160 invehitur
1797 5107 1854 5160 in

279 5179 589 5234 solitariam
623 5179 812 5243 vitam,
843 5177 980 5231 nihil
1008 5178 1154 5231 aliud
1196 5176 1302 5233 sibi
1344 5179 1618 5247 proponit,
1655 5177 1761 5232 nisi
1795 5185 1856 5230 ut

279 5251 543 5305 ostendat
570 5249 675 5302 hoc
703 5247 920 5303 vivendi
950 5262 1122 5318 genus
1147 5248 1406 5318 periculis
1435 5250 1644 5310 multis,
1674 5249 1855 5316 iisque

281 5322 575 5383 maximis,
625 5318 921 5373 obnoxium
962 5317 1108 5373 esse.
1151 5317 1332 5388 Hujus
1384 5319 1856 5388 interpretationis

283 5401 570 5446 auctorem
595 5390 772 5444 habeo
800 5389 1061 5444 Basilium
1082 5390 1285 5458 ipsum,
1315 5389 1410 5458 qui
1435 5391 1598 5458 paulo
1625 5397 1747 5457 post
1778 5389 1855 5442 ita

283 5403 570 5446 auctorem
597 5403 772 5444 habeo
800 5403 1061 5444 nasutum
1082 5405 1285 5458 ipsum,
1315 5404 1410 5458 qut
1426 5403 1598 5510 [paulo
1625 5403 1747 5457 pOSt
1778 5403 1854 5442 tta

283 5462 513 5546 scripsit
537 5459 948 5546 :"Ompjliapv
974 5459 1086 5546 ἔχει
1122 5459 1390 5546 κίνδυνογ,
1449 5475 1550 5546 στεΔ
1576 5459 1778 5546 πάντες
1805 5461 1854 5546 οἱ

281 5529 655 5600 ἀνεγνωκότες
696 5529 792 5583 τά
817 5529 1167 5600 Εὑαγγέλιαί
1189 5529 1343 5593 Quod
1387 5540 1583 5599 quanto
1623 5529 1855 5598 periculo

282 5599 570 5656 amusium
590 5603 681 5666 sit,
702 5603 848 5655 scitis
870 5610 1120 5670 quotquot
1146 5599 1434 5670 Evangelia
1464 5602 1685 5670 legistis.
1703 5600 1859 5655 Haud

283 5671 442 5742 longe
482 5674 729 5742 apertius
755 5673 1010 5740 loquitur.
1031 5671 1166 5739 Ejus
1203 5673 1317 5742 haec
1350 5675 1699 5742 suntjerba,
1741 5673 1861 5725 κίν-

284 5739 435 5808 δυνος
455 5739 842 5812 δὲ’παρέπεται
862 5744 928 5810 τῇ
958 5744 1254 5809 μοναστικῆ
1273 5739 1384 5808 ζωῇ
1411 5740 1544 5809 πρὸς
1572 5745 1684 5805 τοῖς
1708 5743 1862 5808 εἰρη-

1423 5934 1461 5945 δ

2007 4966 2165 5030 ένοις,
2196 4968 2484 5036 quinetiam
2514 4975 2706 5034 prazter
2736 4981 2798 5017 ea
2818 4976 2942 5036 iqure
2977 4957 3125 5011 dicta
3153 4964 3296 5020 sunt,
3337 4953 3546 5024 pericu-

1988 5053 2074 5088 um
2106 5035 2390 5090 contitatur
2421 5039 2586 5091 vitam
2612 5035 2938 5090 solitariam.

2037 5107 2150 5178 (21)
2183 5109 2290 5162 Pro
2320 5105 2728 5178 καταχωρισμῷ
2757 5103 2958 5178 legitur
2989 5098 3042 5152 in
3063 5095 3225 5178 _Col_b.
3253 5093 3563 5178 xmptopqu.‘

1959 5167 2082 5231 Mox
2121 5167 2251 5249 Reg.
2291 5167 2502 5247 primu's
2529 5167 2757 5239 ἕκαστος
2787 5167 2848 5228 τὸ
2894 5167 3113 5224 ἐαυτοῦ.
3153 5167 3360 5221 Vocula
3395 5167 3458 5218 τό
3488 5167 3546 5221 in

1960 5249 2126 5303 editis
2161 5251 2371 5303 deerat.
3253 5271 3260 5277 -
3563 5269 3567 5273 -

2033 5319 2144 5388 ('22)
2186 5320 2442 5388 Antiqutr
2487 5318 2764 5388 editiones,
2797 5311 3051 5388 κοινωνίᾳ
3081 5310 3191 5363 τῶν
3214 5307 3441 5388 χειρῶν.
3474 5307 3545 5362 At

1962 5381 2095 5445 mss.
2128 5381 2255 5444 'tres
2288 5381 2482 5458 praeter
2524 5387 2679 5444 Voss.
2710 5387 2820 5440 τῶν
2845 5381 3066 5458 χρειῶν,
3111 5389 3168 5438 et
3212 5381 3307 5458 ita
3337 5381 3544 5458 legerat

1963 5460 2257 5527 interpres.
2288 5449 2415 5513 Mox
2462 5461 2632 5513 editio
2660 5449 3101 5528 Paris."perinde
3136 5460 3195 5506 ut
3224 5449 3542 5528 Ba'sil._5ta--

1963 5520 2136 5583 κονίαί
2169 5531 2427 5598 γίνονται.
2455 5529 2636 5583 Editio
2671 5527 2806 5583 Ven.
2843 5520 2896 5583 ei
2917 5534 3163 5598 quatuor
3187 5520 3542 5598 ιιιεεηγίνῳν-

1967 5617 2077 5654 ται.
2128 5589 2374 5654 subinde
2426 5603 2599 5655 codex
2631 5599 2791 5655 Voss.
2833 5589 2971 5668 πρὸς
3021 5593 3293 5668 σωτηρίαν
3328 5589 3544 5645 ἐντολὴ

1968 5670 2414 5740 ἐλλιμπάνεσθαι.
2446 5671 2626 5726 Codex
2663 5672 2817 5725 Colll.
2845 5666 2922 5732 είς
2948 5666 3245 5737 σωτηρίαν.

2042 5742 2155 5805 (52)
2191 5743 2418 5803 Antiqui
2456 5742 2565 5796 duo
2600 5743 2723 5798 libri
2749 5743 3004 5800 αἱρεῖται.
