3948 6240
360 304 458 361 95.1

1631 298 1688 354 S.
1732 294 1977 352 BASiLll
2019 296 2234 353 MAGNI

3527 292 3634 348 952

361 417 744 487 unusquisque
776 431 886 472 non
920 417 1122 483 valeat,
1156 426 1215 470 ut
1259 415 1523 471 credibile
1571 425 1678 481 est,
1714 417 1948 486 proximi

2075 415 2410 479 ιποδέξασθαι
2446 416 2623 469 πάντα
2647 416 2714 468 τά
2740 414 3085 485 πνευματικά
3126 413 3462 487 χαρίσματα,
3497 413 3636 468 ἀλλὰ

362 517 566 565 statum
621 525 976 580 cognoscere.
1041 509 1241 563 Adhzec
1267 524 1391 562 cum
1422 524 1583 563 nemo
1630 525 1774 562 unus
1829 508 1949 562 ido-

365 618 502 659 neus
529 605 621 668 sit,
653 604 749 673 qui
779 603 926 658 dona
960 603 1266 673 spiritualia
1301 603 1485 657 omnia
1529 603 1818 673 suscipiat,
1855 602 1952 658 sed

361 693 521 762 juxta
568 696 837 749 rationem
869 695 994 750 iidei
1020 695 1060 759 ί,
1098 709 1219 765 quae
1250 703 1336 749 est
1382 695 1437 748 in
1471 710 1826 764 unoquoque,
1859 695 1952 750 de-

366 794 459 840 tur
503 785 779 857 Spiritus,
840 787 897 841 in
972 787 1097 841 vitae
1127 787 1389 841 societate
1438 787 1715 856 proprium
1770 786 1955 855 cujus-

366 894 474 950 que
522 880 728 934 donum
782 879 840 933 fit
897 879 1374 933 contubernalium
1417 893 1726 933 commune.
1785 877 1953 932 Alteri

367 973 506 1026 enim
533 972 693 1024 datur
719 989 890 1025 sermo
914 972 1210 1039 sapientior,
1253 971 1410 1026 alteri
1432 989 1549 1025 vero
1577 987 1747 1024 sermo
1781 973 1953 1024 scien-

371 1065 480 1130 tiat,
510 1063 666 1118 alteri
714 1063 868 1132 ﬁdes,
923 1063 1016 1116 alii
1071 1064 1364 1133 prophetia,
1401 1065 1498 1116 alii
1529 1063 1672 1116 dona
1711 1063 1955 1117 sanatio-

371 1176 500 1213 num
525 1163 568 1224 ⁸,
611 1168 720 1215 etc.
755 1177 768 1214 :
797 1175 918 1229 qua:
958 1160 1170 1228 singula
1198 1161 1292 1229 qui
1332 1159 1572 1228 accipit,
1614 1159 1662 1214 is
1693 1159 1812 1228 ipsa
1845 1174 1954 1213 non

369 1265 472 1308 sua
506 1252 680 1322 magis
738 1266 898 1320 quam
955 1251 1186 1304 aliorum
1240 1265 1407 1304 causa
1443 1251 1625 1304 habet.
1686 1250 1864 1315 Quare
1899 1250 1954 1304 in

370 1343 497 1398 vitae
545 1341 957 1405 communitate,
995 1340 1234 1410 Spiritus
1287 1341 1464 1395 sancti
1520 1341 1602 1396 vis
1637 1347 1690 1395 et
1719 1340 1956 1395 efficacia

371 1434 468 1486 uni
518 1433 720 1487 tributa
754 1433 918 1487 simul
967 1432 1036 1485 ad
1073 1446 1266 1486 omnes
1306 1439 1548 1486 transeat
1579 1446 1806 1486 necesse
1845 1437 1951 1485 est.

372 1524 477 1592 Qui
539 1525 705 1594 igitur
743 1524 879 1578 vivit
933 1524 1001 1577 ab
1036 1525 1184 1578 omni
1234 1525 1516 1579 hominum
1563 1532 1711 1577 cmtu
1762 1523 1954 1592 sejun-

371 1625 517 1680 ctus,
569 1617 802 1670 fortasse
832 1630 1000 1668 unum
1037 1615 1242 1669 donum
1295 1615 1457 1670 habet
1489 1634 1503 1669 :
1537 1615 1632 1669 sed
1665 1631 1786 1671 cum
1823 1614 1956 1669 iliud

2053 506 2195 559 κατὰ
2219 505 2316 576 τὴν
2340 505 2627 574 ἀναλογίαν
2655 507 2756 576 τῆς
2793 507 2851 560 ὲν
2870 507 3085 577 ἑκάστῳ
3110 506 3346 568 πίστεως
3369 505 3506 576 (24),
3533 505 3637 574 τῆς

2053 597 2408 668 ἐπιχορηγίας
2445 596 2539 650 τοῦ
2587 597 2906 668 Πνεύματος
2946 597 3258 668 γινομένης,
3308 581 3373 651 ὲν
3415 600 3484 668 τῇ
3535 598 3639 668 τῆς

2055 691 2199 762 ζωῆς
2229 689 2502 762 κοινωνίᾳ,
2528 689 2588 742 τὸ
2618 690 2850 744 ἑκάστου
2876 690 3006 743 ἴδιον
3033 691 3280 762 χάρισμα
3309 691 3490 746 κοινὸν
3526 693 3638 746 τῶν

2056 783 2600 854 συμπολιτευομένων
2630 783 2859 852 γίνεται.
2888 776 2963 853 τῼ
2983 783 3102 852 μὲν
3128 786 3240 855 γὰρ
3267 783 3498 839 δίδοται
3533 786 3646 839 ,ζό-

2055 894 2160 946 τος
2188 877 2435 945 σοφίας,
2469 874 2648 944 ἑτέρῳ
2688 875 2758 929 δὲ
2790 879 2976 946 λόγος
3009 878 3303 947 γνώσεως,
3335 879 3511 946 ἄλλῳ
3542 881 3651 934 ,πί-ι’

2056 984 2208 1033 στις,
2227 967 2394 1032 ἄλλῳ
2425 969 2775 1038 προφητεία,
2798 968 2966 1037 ἄλλῳ
2987 971 3326 1040 χαρίσματα
3355 971 3642 1041 ἰαμάτων,

2057 1060 2151 1113 καὶ
2179 1059 2248 1112 τὰ
2278 1057 2405 1130 ἑξῆς
2427 1077 2441 1091 °
2478 1053 2553 1113 ὧν
2595 1059 2826 1113 ἕκαστον
2854 1062 2915 1114 ού
2953 1062 3151 1132 μᾶλλον
3173 1062 3237 1116 δι’
3262 1064 3456 1117 ἑαυτὸν
3484 1063 3519 1134 ἦ
3553 1064 3644 1116 διά

2055 1151 2181 1214 τοὺς
2206 1151 2397 1215 ἄλλους
2439 1153 2467 1204 6
2491 1151 2784 1221 λαμϐάνων
2826 1151 2960 1222 ἔχει.
3012 1152 3174 1206 Ὥστε
3216 1155 3428 1226 ἀνάγκη
3474 1155 3536 1207 ὲν
3560 1153 3647 1223 τῷ

2057 1243 2360 1315 κοινωνικῷ
2405 1244 2502 1316 βίῳ
2537 1243 2637 1316 τὴν
2665 1245 2723 1300 ἐν
2755 1244 2834 1314 τῷ
2882 1245 2964 1298 ἐνὶ
2999 1245 3092 1298 τοῦ
3125 1247 3282 1314 ἁγίου
3322 1247 3646 1316 Πνεύματος

2058 1337 2340 1408 ἐνέργειαν
2372 1338 2453 1401 είς
2501 1336 2711 1400 πάντας
2741 1336 2878 1407 ὁμοῦ
2929 1335 3246 1392 διαϐαίνειν.
3291 1337 3348 1391 '0
3400 1338 3501 1408 μὲν
3550 1333 3647 1392 οὖν

2058 1429 2181 1483 καθ’
2209 1429 2398 1483 ἑαυτὸν
2452 1427 2559 1493 ζῶν
2586 1429 2644 1482 ἓν
2693 1430 2852 1501 τυχὸν
2884 1429 2998 1502 ἔχει
3052 1430 3318 1500 χάρισμα,
3362 1431 3458 1483 καὶ
3487 1429 3647 1483 τοῦτο

2059 1521 2331 1592 ἄχρηστον
2362 1523 2507 1574 ποιεῖ
2527 1520 2616 1574 διὰ
2637 1521 2738 1592 τῆς
2767 1520 2986 1594 ἀργίας,
3009 1521 3313 1592 κατορύξας
3342 1523 3400 1574 ὲν
3428 1521 3642 1592 ἐαυτῷ·

2059 1612 2196 1682 ὅπερ
2239 1610 2425 1681 ἡλίκον
2455 1611 2568 1680 ἔχει
2603 1611 2870 1678 κίνδυνον,
2918 1611 3032 1665 ἴστε
3068 1613 3270 1674 πάντες
3301 1614 3350 1665 οἱ
3402 1614 3647 1681 ἀνεγνω-

372 1702 430 1756 in
471 1703 651 1772 seipso
693 1702 973 1757 defossum
1008 1704 1269 1768 detineat,
1309 1705 1485 1774 ipsum
1547 1720 1643 1774 per
1703 1705 1955 1759 inertiam

2075 1703 2219 1766 ιότες
2267 1703 2382 1775 (25)
2416 1703 2485 1756 τὰ
2527 1704 2874 1774 Εὑαγγέλιαο
2921 1706 2980 1758 ὲν
3009 1705 3066 1758 δὲ
3113 1708 3179 1777 τῇ
3219 1706 3327 1760 τῶν
3380 1707 3648 1760 πλειόνων

375 1795 573 1848 inutile
605 1793 784 1849 reddit
813 1810 825 1844 :
857 1793 1003 1864 quod
1037 1797 1228 1864 quanti
1263 1795 1334 1850 sit
1359 1796 1784 1865 periculinostis
1807 1805 1961 1867 quot-

2075 1794 2362 1867 ιυμδιὼσει
2416 1796 2513 1851 καὶ
2556 1797 2650 1850 τοῦ
2701 1796 2830 1850 ἰδίου
2875 1797 3157 1862 ἀπολαύει,
3189 1799 3647 1864 πολυπλασιάζων

373 1896 506 1957 quot
537 1887 747 1957 legistis
779 1886 1090 1956 Evangelia.
1126 1887 1350 1954 Contra,
1401 1891 1457 1942 in
1490 1891 1728 1959 plurium
1761 1901 1959 1945 contu-

374 1980 569 2035 bernio
595 1987 648 2034 et
680 1995 779 2035 suo
811 1980 1045 2050 quisque
1077 1979 1222 2034 dono
1248 1980 1468 2044 fruitur,
1502 1982 1786 2050 ipsumque
1821 1984 1961 2037 mul-

375 2073 589 2143 tiplicat
623 2073 1104 2137 communicando,
1141 2083 1194 2128 et
1242 2089 1305 2128 ex
1351 2073 1546 2129 alienis
1581 2082 1841 2144 tanquam
1895 2091 1960 2131 ex

375 2165 495 2218 suis
524 2162 766 2217 fructum
797 2167 964 2232 capit.

447 2275 500 2328 5.
553 2273 931 2344 Praetereaque
955 2273 1112 2344 plura
1152 2274 1461 2340 commoda,
1488 2291 1609 2346 quae
1638 2291 1962 2334 enumerare

376 2366 564 2419 omnia
596 2381 705 2418 non
742 2365 902 2420 facile
957 2366 1049 2430 sit,
1079 2366 1460 2436 complectitur
1503 2369 1629 2423 vita:
1677 2370 1957 2425 societas:

379 2457 652 2526 siquidem
685 2463 739 2509 et
779 2455 844 2508 ad
876 2455 1021 2508 bona
1057 2471 1180 2526 qua:
1218 2471 1250 2509 a
1297 2455 1405 2511 Deo
1439 2460 1601 2513 nobis
1633 2458 1793 2531 347
1835 2461 1963 2514 data

377 2555 510 2604 sunt
537 2548 940 2610 conservanda,
969 2548 1158 2601 utilior
1200 2556 1286 2602 est
1311 2564 1475 2617 quam
1511 2550 1778 2612 solitudo,
1813 2557 1866 2604 et
1895 2551 1960 2604 ad

377 2639 648 2694 cavendas
681 2649 934 2694 externas
963 2639 1166 2694 inimici
1198 2640 1426 2694 insidias
1457 2643 1627 2694 tutior
1652 2649 1735 2695 est
1769 2656 1963 2712 exper-

379 2733 616 2802 gefactio
646 2733 755 2798 illa,
787 2747 910 2802 quae
948 2747 978 2785 a
1028 2732 1384 2802 vigilantibus
1414 2732 1492 2797 ﬁt,
1530 2733 1800 2804 siquando
1828 2750 1960 2790 con—

381 2827 577 2894 tingat,
630 2831 689 2876 ut
757 2839 902 2878 unus
959 2824 1161 2893 aliquis
1225 2824 1602 2879 obdormiscat
1660 2840 1725 2880 eo
1769 2825 1962 2882 mortis

381 2933 595 2985 somno,
627 2931 788 2987 quem
822 2927 877 2970 ut
905 2917 1335 2986 deprecaremur
1367 2933 1396 2971 a
1431 2918 1610 2982 nobis,
1644 2918 1833 2973 docuit
1862 2933 1964 2973 nos

381 3010 552 3063 David
601 3009 686 3064 his
737 3009 998 3064 verbis’:
1037 3007 1295 3062 Illumina
1347 3010 1526 3063 oculos
1571 3026 1734 3073 meos,
1775 3027 1836 3064 tte
1866 3027 1964 3063 utt-

2061 1889 2193 1942 αὺτὸ
2223 1892 2287 1960 τῇ
2320 1889 2601 1960 μεταδόσει
2631 1889 2769 1962 (26),
2801 1890 2894 1961 καὶ
2916 1889 2985 1943 τά
3012 1891 3120 1944 τῶν
3145 1890 3318 1944 ἀλλων
3345 1891 3424 1954 ὡς
3445 1891 3646 1945 ἑαυτοῦ

2063 1981 2392 2052 καρποῦται.

2132 2279 2184 2333 3.
2223 2280 2376 2350 Ἔχέι
2406 2280 2463 2334 δὲ
2495 2281 2589 2334 καὶ
2614 2279 2891 2352 πλείοναή
2932 2280 3026 2334 ἐπὶ
3054 2280 3114 2334 τὺ
3142 2278 3274 2334 αὖτὸ
3297 2281 3409 2354 ζωὴ
3439 2283 3646 2352 ἀγαθὰ,

2063 2370 2206 2442 ειπερ
2245 2371 2306 2422 ού
2343 2370 2521 2442 ῥᾴδιον
2568 2370 2980 2443 ἐξαριθμεῖσθαι
3024 2373 3220 2426 πάντα.
3257 2375 3402 2446 Πρός
3432 2393 3494 2428 τε
3541 2376 3649 2448 γὰρ

2063 2461 2162 2532 τὴν
2205 2461 2434 2530 τήρησιν
2483 2459 2592 2514 τῶν
2637 2461 2937 2533 δεδομένων
2999 2465 3131 2535 ἡμῖν
3178 2465 3327 2536 παρά
3372 2466 3468 2519 τοῦ
3511 2466 3649 2520 Θεοῦ

2064 2551 2283 2619 ἀγαθῶν
2324 2553 2421 2623 τῆς
2460 2552 2746 2624 μονώσεως
2786 2557 2902 2608 ὲστι
2943 2557 3334 2628 χρησιμωτέρα
3380 2557 3520 2629 (27),
3556 2561 3651 2612 καὶ

2065 2642 2200 2713 πρὸς
2232 2643 2332 2714 τὴν
2359 2643 2604 2715 φυλακὴν
2636 2644 2738 2714 τῆς
2762 2644 2960 2709 ἔξωθεν
2988 2645 3279 2716 ἐπιϐουλῆς
3322 2648 3416 2700 τοῦ
3450 2648 3650 2724 ἐχθροῦ

2064 2733 2470 2807 ἀσφαλέστερος
2504 2738 2532 2789 6
2564 2735 2715 2808 παρὰ
2749 2735 2859 2790 τῶν
2885 2737 3261 2809 ἐγρηγορότων
3295 2736 3649 2810 ἐξυπνισμὺς,

2065 2824 2248 2877 εἴποτε
2277 2823 2385 2894 ἀρα
2417 2823 2496 2895 τῷ
2526 2825 2606 2877 ἑνὶ
2651 2825 3018 2890 ἀπονυστάξαι
3068 2826 3308 2898 συμϐαίη
3333 2827 3448 2897 (‘28)
3480 2827 3653 2882 ὕπνον

2065 2916 2274 2969 ἐκεῖνον
2300 2915 2392 2970 τὸν
2438 2918 2518 2980 εἰς
2552 2917 2815 2979 θάνατον,
2852 2918 2911 2970 ὃν
2957 2917 3312 2988 ἐδιδάχθημεν
3352 2920 3512 2992 παρὰ
3559 2920 3653 2974 τοῦ

2066 3008 2231 3062 Δαὸὶδ
2261 3008 2600 3080 ἀπεύχεσθαι
2633 3012 2765 3080 ἡμῖν
2813 3009 3107 3080 συμϐῆναι,
3148 3009 3433 3078 λέγοντος·
3474 3012 3657 3065 didm-

380 3119 539 3171 quam
572 3102 900 3155 obdormiam
947 3104 999 3155 in
1051 3112 1216 3156 morte
1246 3117 1263 3154 .'
1305 3113 1356 3156 et
1407 3103 1680 3172 peccanti,
1733 3103 1780 3158 si
1831 3118 1963 3157 con-

2075 3117 2185 3155 σον
2219 3101 2362 3168 τοὺς
2402 3103 2752 3172 ὀφθαλμούς
2795 3119 2947 3170 μου,
2996 3103 3229 3171 μήποτε
3261 3103 3529 3158 ὑπνώσω
3571 3109 3657 3171 εὶς

382 3197 786 3251 demnationem
831 3195 1177 3250 concorditer
1212 3211 1242 3248 a
1290 3197 1541 3267 pTuribus
1573 3197 1840 3266 prolatam
1869 3213 1966 3251 ve-

382 3296 588 3352 reatur,
621 3287 838 3342 facilius
866 3293 951 3341 est
991 3286 1247 3340 secedere
1293 3302 1322 3339 a
1355 3295 1600 3355 peccato,
1637 3288 1717 3343 sic
1749 3296 1806 3341 ut
1837 3303 1968 3344 con-

383 3379 569 3433 venire
604 3379 779 3449 possit
830 3378 886 3432 in
925 3393 1048 3432 eum
1080 3377 1214 3430 illud
1239 3394 1258 3430 :
1297 3375 1504 3446 Sit/ﬁcit
1543 3377 1626 3430 illi
1677 3379 1767 3448 qui
1819 3381 1965 3448 ejus-

384 3467 527 3522 modi
575 3478 675 3531 est,
710 3468 1005 3538 objurgatio
1061 3473 1170 3521 haec
1219 3484 1337 3538 qua:
1375 3469 1436 3537 ﬁt
1469 3485 1500 3522 a
1533 3469 1822 3536 pluribus‘
1855 3489 1866 3523 :
1913 3477 1968 3525 et

385 3564 438 3617 ei
465 3564 557 3634 qui
589 3571 737 3617 recte
770 3562 900 3632 agit,
937 3562 1073 3615 satis
1104 3567 1186 3615 est
1217 3575 1414 3630 magna
1442 3560 1531 3613 illa
1568 3576 1631 3614 ac
1662 3561 1815 3614 ﬁrma
1844 3577 1966 3631 per-

387 3656 719 3723 suasio,qua3
739 3654 845 3708 sibi
864 3653 1051 3708 multis
1071 3652 1527 3723 approbantibus,
1541 3661 1704 3723 atque
1718 3654 1867 3723 operi
1889 3669 1972 3709 as-

387 3744 1120 3807 sentientibus,innascitur.
1160 3740 1374 3796 Sienim
1398 3743 1452 3796 in
1490 3743 1841 3798 oreduorum
1875 3752 1970 3797 aut

387 3839 554 3892 trium
582 3837 805 3891 testium
827 3835 995 3890 stabit
1011 3849 1172 3888 omne
1191 3833 1470 3898 verbum“,
1489 3833 1738 3904 profecto
1755 3835 1846 3905 qui
1870 3836 1966 3890 boo

388 3944 518 3982 num
535 3943 673 3998 Opus
693 3926 1092 3997 peregeritcum
1109 3925 1345 3994 plurium
1361 3925 1696 3989 testimonio,
1716 3928 1873 3996 longe
1890 3941 1974 3982 so-

391 4020 557 4073 lidius
572 4019 896 4073 firmabitur.
916 4017 1183 4071 Caeterum
1203 4017 1444 4086 pericula
1464 4026 1658 4087 praeter
1671 4034 1732 4072 ea
1746 4035 1866 4088 quae
1893 4019 1973 4074 di—

393 4111 597 4176 ximus,
641 4110 810 4162 vitam
854 4109 1156 4164 solitariam
1199 4109 1550 4164 comitantur.
1579 4109 1820 4164 Primum
1851 4113 1974 4182 qui-

392 4202 514 4256 dem
551 4208 602 4255 et
634 4200 935 4253 maximum
973 4200 1029 4252 in
1058 4214 1124 4254 eo
1175 4200 1341 4256 situm
1395 4205 1476 4254 est
1507 4201 1655 4270 quod
1685 4201 1787 4256 sibi
1821 4204 1974 4272 quis-

2075 3192 2365 3247 θάνατον’
2394 3195 2487 3248 καὶ
2520 3192 2597 3264 τῷ
2629 3195 2730 3264 μὲν
2761 3195 3127 3265 ἁμαρτάνοντι
3174 3196 3274 3266 τῆς
3303 3197 3585 3268 ἁμαρτίας
3623 3201 3655 3268 ἡ

2075 3284 2426 3357 ἀναχώρησις
2469 3286 2614 3358 ῥᾴων
2662 3285 2883 3358 μᾶλλον,
2925 3289 3306 3358 ἐντρεπομένῳ
3352 3289 3455 3358 τὴν
3503 3291 3658 3360 παρά

2076 3376 2182 3428 τῶν
2214 3375 2476 3428 πλειόνων
2520 3377 2578 3429 ἐν
2618 3376 2907 3447 συμφωνίᾳ
2943 3377 3237 3447 γινομένην
3283 3381 3656 3446 κατάγνωσιν,

2076 3467 2203 3521 ὥστ’
2237 3467 2301 3520 ἂν
2325 3467 2562 3539 ἁρμόσαι
2590 3465 2739 3538 αύτῴ
2768 3467 2980 3539 τδ(29),
3017 3469 3282 3536 Ἀρκετὸγ
3300 3469 3380 3534 τῷ
3411 3474 3660 3536 τοιούτῳ

2075 3560 2114 3626 ἠ
2153 3558 2417 3628 ἐπιτιμία
2457 3558 2608 3625 αὕτη
2631 3599 2647 3623 ,
2700 3558 2739 3626 ή
2777 3558 2900 3612 ὑπὸ
2956 3557 3076 3611 τῶν
3107 3559 3437 3614 πλειόνων-ο
3479 3563 3560 3633 τῷ
3605 3563 3660 3615 δὲ

2078 3649 2432 3723 κατορθοῦντι
2462 3652 2495 3720 ἡ
2529 3649 2872 3721 πληροφορία
2918 3650 3086 3723 πολλὴ
3116 3651 3173 3704 ἐν
3217 3669 3275 3704 τε
3299 3652 3415 3722 (50)
3442 3657 3508 3725 τῇ
3553 3654 3662 3707 τῶν

2079 3744 2291 3799 πολλῶν
2317 3744 2612 3815 δοκιμασίᾳ
2653 3745 2747 3799 καὶ
2779 3745 3173 3814 συγκαταθέσει
3227 3746 3321 3800 τοῦ
3374 3747 3567 3818 ἔργου.
3601 3749 3662 3801 Et

2079 3835 2188 3906 γάρ
2213 3835 2305 3887 ἐπὶ
2339 3834 2604 3906 στόματος
2632 3833 2724 3887 δύο
2747 3836 2840 3887 καὶ
2871 3835 3036 3906 τριῶν
3063 3835 3358 3908 μαρτύρων
3387 3839 3663 3909 σταθήσε-

2078 3945 2169 3979 ται
2197 3927 2306 3980 πᾶν
2343 3924 2513 3997 ῥῆμα,
2543 3923 2724 3996 πολλῷ
2742 3925 2986 3997 δηλονότι
3017 3926 3360 4000 παγιώτερον
3389 3931 3419 3982 6
3441 3930 3503 3981 τὸ
3527 3932 3662 3997 ἀγα-

2082 4018 2172 4071 θὸν
2209 4017 2367 4090 ἔργον
2397 4017 2663 4071 ἐπιτελῶν
2708 4021 2768 4071 ὲν
2821 4021 2886 4089 τῇ
2917 4019 3024 4072 τῶν
3072 4019 3331 4073 πλειόνων
3383 4022 3663 4093 μαρτυρίᾳ

2085 4109 2532 4182 βεϐαιωθήδεται.
2555 4109 2816 4175 Κίνδυνος
2836 4111 2893 4166 δὲ
2923 4111 3230 4183 παρέπεται
3253 4115 3320 4183 τῇ
3359 4117 3664 4185 μοναστικῇ

2083 4201 2194 4272 ζωῇ
2227 4201 2364 4274 πρὸς
2395 4204 2507 4265 τοῖς
2538 4203 2872 4273 εἰρημένοις.
2907 4203 3130 4272 Πρῶτος
3161 4204 3258 4274 μὲν
3281 4205 3379 4256 καὶ
3407 4203 3662 4273 μέγιστος

393 4309 500 4362 que
532 4293 729 4362 placet.
769 4290 905 4345 Cum
941 4292 1089 4346 enim
1120 4292 1390 4348 neminem
1438 4292 1642 4347 habeat
1672 4295 1765 4363 qui
1800 4295 1963 4366 ipsius

2083 4297 2113 4348 6
2140 4299 2238 4365 τῆς
2264 4295 2678 4368 αὐταρεσκείας.
2711 4295 2913 4349 Οὐδένα
2946 4295 3056 4366 γὰρ
3084 4294 3243 4364 ἔχων,
3279 4295 3338 4358 ὃς
3374 4296 3663 4367 δυνήσεται

393 4401 532 4455 opus
557 4384 790 4454 probare
819 4382 1019 4454 possit,
1045 4384 1112 4438 ad
1149 4385 1407 4454 praecepti
1435 4385 1828 4455 perfectionem
1857 4388 1963 4456 jam

2084 4387 2379 4458 δοκιμάσαι
2419 4387 2583 4441 αὐτοῦ
2615 4387 2676 4440 τὸ
2726 4385 2913 4458 ἔργον.
2949 4389 3028 4450 είς
3075 4387 3137 4440 τὸ
3173 4386 3376 4440 τέλειον
3417 4390 3662 4459 οἰήσεται

396 4479 716 4549 pervenisse
760 4493 820 4533 se
871 4476 1275 4531 arbitrabitur:
1319 4476 1519 4530 deinde
1557 4475 1723 4530 animi
1759 4478 1963 4532 habitu-

2079 4478 2179 4550 τῆς
2220 4477 2440 4548 ἐντολῆς
2483 4476 2807 4546 ὲφθακὲναγ
2863 4472 2983 4531 εἶτα
3032 4476 3385 4546 ἀγύμναστον
3428 4479 3518 4531 ἀεὶ
3569 4478 3664 4547 τὴν

394 4573 580 4629 dinem
615 4586 831 4640 semper
883 4569 1238 4626 inexercitam
1282 4568 1594 4634 includens,
1629 4584 1806 4640 neque
1843 4569 1963 4624 vitia

2081 4571 2194 4636 ἕξιν
2232 4571 2626 4634 κατακλείσας,
2661 4569 2786 4622 οὔτε
2819 4569 2886 4623 τὰ
2933 4572 3285 4641 ὑστερήματα
3322 4569 3439 4639 (5i)
3469 4567 3666 4624 ἑαυτοῦ

396 4677 516 4730 sua,
543 4679 717 4734 neque
746 4662 1056 4734 profectum
1090 4677 1252 4734 quem
1281 4663 1338 4718 in
1368 4661 1659 4732 quibusvis
1718 4663 1963 4732 operibus

2082 4664 2363 4734 γνωρίζει,
2410 4661 2533 4715 οὔτε
2565 4654 2662 4732 τ’ὴν
2701 4665 2759 4715 ὲν
2798 4664 2908 4724 τοῖς
2945 4661 3127 4731 ἔργοις
3161 4661 3445 4733 προκοπὴν
3491 4664 3667 4728 ἐπιγι-

469 4869 485 4898 ¹
521 4865 677 4922 Rom.
715 4883 821 4934 xu,
856 4865 909 4920 6.
987 4869 1007 4898 ¹
1045 4864 1066 4920 1
1099 4864 1230 4922 Cor.
1265 4881 1342 4918 xu
1365 4905 1379 4929 ,
1415 4865 1569 4920 8—10.
1646 4864 1666 4894 ³
1705 4862 1852 4919 Psal.
1889 4880 1963 4917 xu

2075 4903 2088 4917 .
2166 4864 2186 4894 δ
2226 4863 2268 4916 11
2301 4865 2429 4920 Cor.
2467 4881 2543 4932 ιι,
2582 4867 2634 4921 6.
2713 4868 2734 4898 ⁸
2777 4867 2966 4921 Matth.
3009 4881 3180 4930 xvttt,
3218 4865 3270 4919 6.

401 5045 887 5187 φύίὲἒαξςὸθιίριιιιιι
935 5049 1211 5104 invenitur
1239 5050 1296 5104 in
1328 5048 1484 5104 Colb.
1520 5049 1620 5119 τῆς
1649 5024 1714 5102 ὲν
1756 5049 1974 5118 ἑκάστῳ

474 5187 585 5259 (Q5)
613 5187 756 5244 Editi
789 5189 904 5242 ἴστε
932 5189 1152 5253 πάντως
1181 5188 1574 5258 ἀνεγνωκότες.
1603 5185 1737 5258 Reg.
1765 5189 1979 5257 primus

401 5258 622 5323 πάντως
675 5260 725 5312 οἱ
772 5259 1158 5329 ἀνεγνωκότες.
1212 5259 1321 5315 Alii
1360 5260 1471 5315 duo
1519 5274 1654 5315 mss.
1701 5259 1902 5322 πάντες
1929 5259 1979 5312 οἱ

403 5329 794 5396 ἀνεγνωκότες.

476 5398 589 5472 (26.)
624 5401 846 5470 Antiqui
881 5400 989 5454 duo
1025 5399 1152 5472 libri
1179 5402 1243 5472 sv
1275 5403 1340 5472 τῇ
1378 5401 1686 5472 μεταδόσει.
1716 5398 1857 5472 Μοιι-
1883 5413 1980 5472 co-

404 5465 505 5521 deit
543 5469 697 5527 Voss.
741 5465 796 5526 et
837 5472 972 5527 alter
1012 5465 1502 5542 ἐξαριθμήσασθαι.
1575 5470 1762 5527 Codex
1818 5468 1975 5525 Colb.

405 5538 831 5614 ἀρὲθίέήσασθίαι.
1264 5613 1277 5614 ί
1869 5610 1879 5614 -

479 5609 901 5693 (_27)'§ditiones
928 5619 1142 5693 veteres
1167 5621 1223 5668 et
1249 5613 1359 5668 duo
1391 5627 1525 5693 mss.
1561 5610 1977 5693 χρησιμωτέρα.

406 5679 590 5813 fere:
621 5681 783 5807 ξοδδ.
808 5691 864 5742 et
899 5683 990 5737 alii
1015 5683 1126 5738 duo
1151 5681 1543 5755 προτιμότερα,
1563 5679 1853 5739 solitudini
1882 5679 1982 5736 an~

433 5767 460 5806 e
498 5767 628 5808 enen
673 5769 722 5809 νι.

433 5767 662 5809 εροτιεηα
673 5769 722 5809 ’1.

2155 5051 2270 5122 (28),
2320 5050 2546 5122 Legitur
2575 5056 2630 5103 et
2664 5047 2718 5102 in
2752 5046 2914 5103 Voss.
2949 5060 3002 5102 et
3041 5049 3096 5102 in
3131 5045 3268 5117 Reg.
3316 5047 3498 5116 primo
3533 5049 3668 5100 ἀπο-

2085 5119 2345 5186 νυστάξαι
2369 5119 2574 5191 συμϐῇ.

2157 5191 2268 5261 (29)
2309 5187 2492 5247 Codex
2706 5188 2782 5252 ὡς
2811 5187 2876 5242 ἂν
2909 5189 3053 5261 ἁρμό

2086 5261 2226 5334 αὕτη
2251 5257 2259 5261 ’
2286 5265 2321 5335 ἡ
2341 5303 2355 5326 ,
2375 5271 2504 5335 _ete.
2534 5257 2739 5335 Ibidem
2785 5261 2840 5313 in
2873 5257 3063 5314 codice

2086 5329 2575 5409 corzigpl'glesi‘“?
2603 5329 2903 5409 ἀρέεῐκονε..
2959 5400 2970 5409 .
3035 5397 3079 5409 -.
3193 5398 3204 5409 .
3335 5399 3347 5409 .
3436 5398 3450 5409 .
3552 5395 3623 5409 -.

2161 5397 2274 5474 (50)
2324 5402 2415 5458 Sie
2430 5397 2663 5469 'antiqui
2699 5399 2810 5453 duo
2848 5400 2994 5456 libri.
3035 5397 3243 5454 Vocula
3288 5399 3349 5450 τέ
3416 5398 3570 5453 deest
3610 5397 3666 5447 in

2086 5475 2341 5531 vulttatis.

2160 5483 2434 5616 ίὲἲῖεῆίοχ
2471 5541 2756 5616 ὑστέρημα
2800 5541 3003 5616 usitate
3027 5539 3265 5616 quidem_
3286 5539 3523 5616 sumitur
3569 5549 3671 5606 pro

2088 5609 2328 5676 defeciu,
2381 5628 2482 5684 pro
2530 5609 2759 5684 penuria
2805 5628 2819 5662 :
2867 5612 2962 5666 sed
2985 5609 3171 5684 tamen
3214 5609 3351 5663 vitia
3378 5617 3434 5666 et
3466 5619 3668 5680 pravos

2090 5702 2272 5743 mores
2299 5681 2401 5742 hoc
2431 5681 2552 5741 loco
2588 5681 2898 5754 signiﬁcare
2927 5682 3057 5736 mihi
3084 5681 3318 5736 videtur.

3158 5185 3309 5257 αὐτῷ
3346 5188 3380 5256 ἠ
3415 5186 3669 5257 ἐπιτιμία

3151 5272 3264 5312 oss.
3282 5255 3397 5327 pro
3435 5255 3668 5329 ἀρκετόν
