3948 6240
241 247 340 303 953

1301 250 1436 302 λὶιῦ
1447 251 1478 300 l.
1494 251 1602 300 LA:
1644 251 1681 300 ιι·
1692 252 1729 302 υ
1741 254 1798 301 δι
1809 252 1844 299 U
1857 253 1892 301 δ
1935 252 1966 300 Ἰ
1985 251 2157 302 “At?!
2169 251 2351 306 ΑΤΑΕ.

3400 259 3504 312 934

239 364 455 426 νώσκει,
484 364 564 433 τῷ
612 366 794 418 πᾶσαν
830 363 960 436 ὕλην
991 362 1088 436 ’ἧς
1138 366 1404 436 ἐργασίας
1439 365 1550 419 τῶν
1596 369 1817 419 εντολῶν

1932 367 2143 431 fecerit,
2179 366 2487 438 cognoscit,
2519 381 2645 422 cum
2681 369 2910 425 materia
2962 370 3142 426 omnis
3201 376 3254 424 et
3284 372 3504 426 occasio

241 455 638 543 περιῃρτμςέναι
657 457 797 527 (52).

309 550 363 602 4.
406 550 495 602 Ἐν
523 550 630 602 τίνι
666 550 776 622 γὰρ
801 550 898 622 τὴν
934 549 1436 621 ταπεινοφροσύνην
1473 550 1819 614 ἐπιδείξεται,

243 640 443 711 μηδένα
476 639 640 710 ἔχων,
673 633 738 692 οὗ
766 641 1149 712 ταπεινότερον
1173 643 1366 694 ἑαυτὸν
1394 641 1695 707 ἀποδείξει;
1733 641 1822 693 Ἐν

239 733 343 786 τίνι
366 733 465 803 τὴν
494 733 924 804 εύσπλαγχνίαν,
949 733 1401 804 ἀποτετμημένος
1415 733 1512 804 τῆς
1537 733 1822 796 κοινωνίας

237 823 344 878 τῶν
393 826 693 889 πλειόνων;
756 827 900 897 Πρὸς
948 826 1336 896 μακροθυμίαν
1383 825 1439 878 δὲ
1471 825 1588 888 πῶς
1629 825 1821 878 ἑαυτὸν

238 918 535 989 γυμνάσει,
567 919 797 989 μηδενὸς
832 919 1229 989 ἁνθισταμένου
1256 917 1420 971 αὑτοῦ
1444 921 1554 981 τοῖς
1580 918 1822 990 θελήμα-

241 1025 361 1074 σιν;
397 1010 460 1062 Ei
499 1009 556 1062 δέ
602 1027 686 1073 τις
726 1010 877 1078 λέγει
920 1010 1210 1081 ἀρκεῖσθαι
1252 1012 1318 1081 τῇ
1363 1009 1470 1063 τῶν
1511 1010 1670 1063 θείων
1706 1010 1819 1080 (55)

238 1100 479 1172 Γραφῶν
506 1101 824 1172 διδασκαλίᾳ
855 1102 992 1173 πρὸς
1025 1102 1125 1173 τὴν
1151 1102 1490 1174 κατόρθωσιν
1511 1101 1620 1155 τῶν
1650 1102 1818 1171 ἡϐῶν,

237 1194 425 1263 ὅμοιον
459 1195 607 1245 ποιεῖ
653 1191 733 1263 τῷ
775 1193 1099 1264 μανθάνοντι
1136 1195 1234 1264 μὲν
1275 1194 1612 1258 τεκταίνειν,
1657 1194 1822 1264 μηδέ-

238 1301 371 1338 ποτε
404 1285 464 1338 δὲ
491 1286 862 1349 τεκταίνοντι,
893 1287 988 1339 καὶ
1032 1285 1404 1357 διδασκομένῳ
1446 1287 1546 1357 μὲν
1587 1287 1821 1358 χαλκευ-

236 1377 440 1447 τικὴν,
487 1379 568 1440 εἰς
625 1376 786 1448 ἔργον
839 1378 897 1430 δὲ
948 1378 1211 1450 προάγειν
1258 1378 1326 1432 τὰ
1383 1379 1688 1449 διδάγματα
1745 1380 1820 1450 μὴ

237 1466 555 1539 αἱρουμένῳ
735 1468 879 1540 Πρὸς
914 1467 971 1521 δν
993 1469 1134 1523 εἴποι
1164 1469 1227 1522 ἂν
1259 1473 1287 1523 ὁ
1314 1471 1634 1534 Ἀπόστολος
1653 1487 1665 1498 ·
1698 1473 1820 1540 Οὐχ

237 1563 290 1613 oi
333 1558 623 1627 ἀκροαταὶ
672 1558 777 1612 τοῦ
826 1561 1013 1628 νόμου
1069 1561 1286 1616 δίκαιοι
1329 1562 1488 1630 παρὰ
1537 1561 1617 1627 τῷ
1667 1561 1818 1628 Θεῷ,

237 1653 375 1706 ἀλλ’
410 1655 462 1705 οἱ
500 1651 738 1718 ποιηταὶ
767 1652 875 1706 τοῦ
921 1655 1109 1722 νόμου
1138 1653 1652 1719 δικαιωθήσονται.
1690 1655 1820 1708 Ἰδοὺ

237 1743 348 1814 γὰρ
369 1743 401 1795 ὁ
424 1742 632 1814 Κύριος
654 1742 719 1796 δι’
747 1743 1054 1814 ὑπερϐολὴν
1083 1745 1492 1817 φιλανθρωπίας
1531 1749 1632 1801 ούκ
1657 1749 1821 1820 ἠρκέ-

240 1835 341 1906 σθη
381 1839 449 1906 τῇ
498 1837 564 1888 ἐκ
608 1835 703 1889 τοῦ
745 1835 903 1905 λόγου
946 1837 1264 1909 διδασκαλίᾳ
1298 1839 1480 1910 μόνον,
1515 1841 1632 1894 ἀλλ’
1680 1841 1818 1895 ὥστε

237 1928 485 2000 ἀκριϐῶς
515 1928 608 1982 καὶ
634 1928 880 2000 ἐναργῶς
907 1933 1038 2000 ἡμῖν
1069 1932 1399 2000 παραδοῦναι
1421 1933 1482 1985 τὸ
1516 1934 1820 2006 ὑπόδειγμα

235 2020 336 2088 τῆς
376 2020 880 2091 ταπεινοφροσύνης
929 2023 986 2074 ἐν
1019 2024 1084 2093 τῇ
1127 2022 1422 2095 τελειότητι
1454 2026 1552 2096 τῆς
1577 2027 1815 2097 ἀγάπης,

237 2111 404 2174 αὐτὸς
441 2112 891 2183 περιζωσάμενος
924 2113 1074 2183 ἐνιψε
1128 2115 1254 2180 τοὺς
1299 2116 1466 2181 πόδας
1500 2117 1609 2172 τῶν
1643 2119 1820 2190 μαθη-

233 2203 364 2256 τῶν.
406 2203 541 2256 Τίνα
579 2201 672 2259 οὖν
717 2207 1039 2276 ἀπονίψεις;
1085 2209 1206 2263 τίνα
1238 2209 1634 2281 Θεραπεύσεις;
1675 2214 1820 2276 τίνος

234 2299 465 2369 ἔσχατος
495 2299 614 2371 ἔσῃ,
660 2299 824 2362 αὐτὸς
864 2299 988 2353 καθ’
1024 2301 1216 2354 ἑαυτὸν
1245 2302 1481 2370 διάγωνς
1519 2303 1592 2356 Τὸ
1627 2304 1683 2357 δὲ
1723 2323 1820 2358 κα-

234 2389 324 2443 λὸν
353 2391 449 2444 καὶ
470 2391 726 2461 τερπνὸν,
758 2392 792 2461 ἡ
831 2391 939 2444 τῶν
968 2392 1214 2462 ἀδελφῶν
1246 2395 1338 2447 ἐπὶ
1376 2395 1440 2447 τὸ
1473 2396 1603 2448 αὐτὸ
1636 2397 1817 2450 κατοί-

235 2503 422 2555 κησις,
443 2486 511 2554 ἣν
537 2484 691 2555 μύρῳ
711 2483 822 2555 ('55)
848 2484 949 2554 τῆς
973 2484 1068 2538 τοῦ
1095 2486 1396 2558 ἀρχιερέως
1425 2488 1663 2558 κεφαλῆς
1686 2491 1834 2566 ἀπο-ι

236 2578 452 2630 πνέοντι
494 2577 555 2630 τὸ
582 2577 808 2647 Πνεῦμα
844 2577 906 2630 τὸ
941 2577 1096 2646 ἆγιον
1125 2580 1474 2649 παρεικάζει,
1515 2581 1632 2644 πῶς
1658 2583 1716 2634 ὲν
1750 2586 1815 2654 τῇ

236 2670 558 2740 καταμόνας
604 2669 819 2739 οἰκήσει
863 2670 1429 2741 συμπληρωθήσεται;
1470 2675 1688 2729 Στάδιον
1727 2674 1819 2731 οὖν

235 2759 542 2831 ἀθλήσεως,
580 2758 675 2812 καὶ
712 2757 999 2830 προκοπῆς
1031 2759 1209 2811 εὐοδία
1254 2760 1400 2831 (56),
1433 2761 1526 2814 καὶ
1569 2762 1818 2835 διηνεκὴς

233 2855 539 2926 γυμνασία,
576 2854 672 2906 καὶ
705 2853 903 2924 μελέτη
934 2852 1042 2906 τῶν
1071 2852 1166 2906 τοῦ
1201 2854 1406 2924 Κυρίου
1437 2856 1688 2918 ἐντολῶν,
1724 2859 1819 2910 καὶ

235 2948 329 3001 ἐπὶ
370 2947 436 3000 τὸ
469 2945 604 3000 αὑτὸ
630 2945 950 3015 κατοίκησίς
988 2949 1102 2998 ἐστι
1143 2946 1252 2999 τῶν
1297 2947 1574 3016 ἀδελφῶν·
1616 2951 1819 3003 σκοπὸν

1924 459 2307 512 mandatorum
2338 458 2810 514 conficiendorum
2852 470 3152 516 resecetur.

1991 549 2045 605 4.
2080 548 2138 603 ln
2178 567 2287 620 quo
2324 553 2468 606 enim
2497 551 2862 608 humilitatem
2910 555 3174 620 ostendit,
3201 554 3294 620 qui
3327 553 3502 609 nemi-

1923 655 2047 695 nem
2076 641 2260 706 habet,
2288 658 2398 712 quo
2440 644 2683 714 seipsum
2737 643 2978 700 declaret
3011 645 3360 700 humiliorem
3391 647 3414 699 ?
3443 643 3502 703 In

1922 746 2032 800 quo
2074 735 2633 799 commiserationem,
2685 743 2963 804 amputata
2986 743 3039 790 et
3086 736 3335 790 abscissa
3381 737 3500 805 pluo

1923 823 2062 876 rium
2099 825 2409 879 societate?
2440 825 2728 891 Quomodo
2765 833 2950 879 autem
3001 827 3276 881 exercebit
3327 841 3385 881 se
3433 826 3500 880 ad

1923 917 2266 986 patientiam,
2304 920 2519 974 nemine
2551 920 2931 974 voluntatibus
2957 921 3131 990 ipsius
3163 918 3498 974 obsistente?

1923 1005 2079 1072 Quod
2117 1007 2162 1062 si
2221 1009 2495 1077 quispiam
2551 1010 2700 1062 dicat
2745 1008 3156 1078 Scripturarum
3195 1009 3498 1062 doctrinam

1923 1096 2058 1151 satis
2089 1097 2190 1150 sibi
2235 1113 2359 1152 esse
2409 1099 2478 1152 ad
2521 1115 2704 1155 mores
2729 1101 3122 1164 emendandos,
3153 1099 3376 1170 perinde
3419 1098 3504 1152 fa-

1923 1187 1999 1240 cit
2029 1195 2193 1258 atque
2230 1189 2278 1242 is
2323 1188 2416 1258 qui
2463 1189 2627 1244 discit
2671 1191 2889 1258 quidem
2923 1190 3215 1254 aediﬁcare,
3262 1204 3362 1242 nec
3402 1204 3504 1240 uu-

1923 1293 2085 1348 quam
2119 1288 2302 1333 tamen
2335 1280 2591 1344 aediﬁcat,
2646 1288 2740 1334 aut
2792 1281 2982 1336 eodem
3018 1279 3180 1334 modo
3234 1288 3398 1350 atque
3454 1279 3502 1333 is

1923 1373 2017 1441 qui
2055 1373 2285 1428 edoctus
2309 1383 2393 1428 est
2427 1382 2600 1428 artem
2632 1375 2909 1438 mrariam,
2957 1374 3053 1430 sed
3091 1375 3184 1444 qui
3220 1375 3346 1429 data
3394 1373 3501 1429 sibi

1923 1465 2249 1522 documenta
2280 1467 2348 1522 ad
2379 1478 2562 1524 actum
2608 1469 2856 1540 redigere
2889 1486 2997 1525 non
3038 1471 3173 1524 vult.
3213 1470 3294 1524 Ad
3338 1485 3501 1540 quem

1922 1559 2218 1630 Apostolus
2254 1563 2428 1631 possit
2461 1564 2683 1619 dicere:
2718 1562 2844 1618 Non
2900 1563 3167 1617 auditores
3211 1564 3336 1632 legis
3362 1564 3500 1632 justi

1923 1663 2046 1706 sunt
2078 1653 2218 1722 apud
2254 1653 2442 1719 Deum,
2470 1654 2560 1709 sed
2583 1655 2811 1724 factores
2843 1656 2970 1725 legis
2993 1655 3438 1724 justiﬁcabnntur
3456 1655 3496 1707 ⁸.

1924 1743 2064 1799 Ecce
2109 1746 2254 1799 enim
2299 1745 2562 1802 Dominus
2595 1747 2667 1801 ob
2715 1748 3071 1818 benignitatis
3118 1764 3231 1803 sure
3284 1748 3497 1818 magni-

1923 1832 2168 1886 tudinem
2212 1849 2320 1888 non
2377 1835 2494 1889 sola
2523 1835 2771 1890 doctrina
2802 1853 2923 1907 quae
2960 1838 3015 1892 in
3044 1841 3224 1894 verbis
3253 1839 3356 1894 sita
3389 1847 3496 1902 est,

1922 1933 2215 1979 contentus
2254 1925 2402 1981 fuit:
2456 1927 2551 1981 sed
2594 1935 2652 1981 ut
2707 1944 2967 1998 expresse
3006 1931 3394 2000 evidenterque
3444 1933 3500 1986 in

1921 2014 2231 2072 dilectionis
2281 2015 2621 2086 perfectione
2669 2019 2831 2074 nobis
2882 2021 3123 2075 truderet
3175 2022 3500 2076 humilitatis

1922 2109 2253 2177 exemplum,
2282 2110 2455 2162 cinxit
2499 2126 2558 2165 se
2608 2111 2747 2180 ipse,
2795 2122 2849 2166 et
2888 2113 3282 2183 discipulorum
3335 2113 3498 2183 pedes

1921 2200 2070 2254 lavit.
2130 2200 2300 2267 Quem
2334 2202 2503 2272 igitur
2533 2211 2591 2256 tu
2627 2203 2878 2259 lavabis?
2925 2206 2982 2259 in
3017 2222 3180 2276 quem
3221 2205 3498 2262 olliciosus

1920 2293 2082 2348 eris?
2130 2310 2240 2364 pra:
2293 2312 2402 2367 quo
2437 2296 2655 2352 futurus
2689 2313 2749 2352 es
2789 2299 3036 2364 ultimus,
3081 2301 3128 2354 si
3170 2300 3287 2371 ipse
3318 2310 3497 2357 tecum

1922 2387 2074 2442 solus
2130 2387 2346 2458 dcgas?
2405 2372 2616 2444 Bonum
2670 2401 2849 2446 autem
2903 2400 2956 2446 et
3000 2393 3304 2462 jucundum
3341 2395 3496 2460 illud,

1922 2477 2151 2532 fratrum
2209 2480 2463 2534 videlicet
2517 2482 2706 2536 eodem
2749 2483 2803 2536 in
2842 2483 2960 2538 loco
3017 2485 3302 2550 habitatio,
3331 2501 3496 2556 quam

1923 2580 2200 2638 unguento
2228 2569 2451 2624 odorem
2489 2587 2554 2625 ex
2586 2573 2785 2626 summi
2818 2575 3095 2643 pontilicis
3130 2575 3306 2648 capite
3334 2578 3498 2632 emit-

1922 2659 2056 2713 tenti
2090 2657 2330 2728 Spiritus
2377 2673 2600 2717 sanctus
2646 2665 2987 2733 comparat",
3020 2681 3126 2735 qua
3155 2671 3372 2721 tandem
3405 2682 3498 2720 ra-

1921 2750 2070 2805 tione
2120 2751 2173 2804 in
2215 2751 2462 2806 solitaria
2513 2752 2850 2810 habitatione
2901 2757 3253 2828 implebitur?
3315 2757 3502 2831 Itaque

1920 2845 2237 2900 certaminis
2275 2846 2535 2908 stadium,
2565 2855 2619 2900 et
2664 2850 2916 2918 expedita
2945 2851 3261 2920 proﬁciendi
3305 2854 3412 2915 via,
3446 2863 3502 2912 et

1921 2944 2244 3005 perpetuum
2311 2939 2668 3004 exercitium,
2732 2949 2786 2994 et
2838 2943 3221 2998 mandatorum
3286 2942 3500 3002 Domini

237 3039 338 3109 μὲν
379 3037 581 3108 ἔχουσα
627 3036 726 3107 τὴν
769 3036 925 3101 δόξαν
967 3037 1062 3090 τοῦ
1118 3037 1253 3090 Θεοῦ
1290 3041 1410 3092 κατ’
1459 3041 1678 3112 ἐντολὴν
1722 3043 1815 3095 τοῦ

1924 3026 2086 3099 348
2126 3028 2428 3094 meditatio,
2462 3029 2694 3084 fratrum
2728 3041 2811 3087 est
2840 3033 3029 3088 eodem
3071 3036 3126 3090 in
3168 3036 3288 3091 loco
3339 3037 3496 3093 habi-

233 3130 448 3202 Κυρίου
493 3127 654 3198 ἡμῶν
685 3129 859 3199 Ἰησοῦ
900 3129 1136 3200 Χριστοῦ
1169 3131 1413 3194 εἰπόντος
1433 3149 1447 3165 ο
1481 3135 1644 3187 Οὕτω
1668 3139 1817 3204 λαμ-

232 3221 407 3289 ψάτω
439 3221 509 3275 τὸ
544 3221 670 3290 φῶς
710 3219 878 3290 ὑμῶν
923 3222 1263 3292 ἔμπροσθεν
1309 3224 1426 3277 τῶν
1467 3226 1813 3295 ἀνθρώπων,

233 3313 396 3377 ὅπως
425 3311 641 3364 ἷδωσιν
668 3311 836 3380 ὑμῶν
876 3312 948 3366 τὰ
985 3315 1143 3367 καλὰ
1169 3314 1332 3384 ἔργα,
1369 3319 1466 3371 καὶ
1511 3317 1816 3382 δοξάσωσι

232 3403 341 3456 τὸν
361 3402 599 3470 Πατέρα
616 3401 782 3470 ὑμῶν
801 3405 906 3456 τὸν
930 3405 998 3458 ἐν
1016 3405 1140 3472 τοῖς
1162 3409 1440 3475 οὐρανοῖς
1453 3428 1466 3440 ·
1495 3413 1815 3483 χαρακτῆρα

229 3494 290 3548 δὲ
341 3494 594 3558 σώζουσα
647 3494 756 3546 τῶν
817 3497 875 3548 ὲν
928 3499 1047 3560 ταῖς
1099 3499 1372 3570 Πρὰξεσιν
1420 3503 1815 3573 ἱστορουμένων

232 3590 428 3656 ἁγίων,
458 3590 587 3658 περὶ
609 3581 685 3641 ὧν
707 3589 1018 3658 γέγραπται
1039 3608 1052 3620 ·
1085 3590 1312 3658 Πάντες
1333 3592 1400 3646 δὲ
1419 3597 1472 3648 οἱ
1495 3598 1814 3650 πιστεύον·-

231 3696 330 3746 τες
372 3681 487 3749 (57)
523 3677 688 3748 ἦσαν
733 3680 832 3732 ἐπὶ
875 3681 940 3733 τὸ
987 3681 1165 3747 αὐτὸ,
1210 3684 1306 3736 καὶ
1359 3681 1526 3752 εἶχον
1579 3687 1817 3743 ἅπαντα

231 3771 440 3824 κοινάο
482 3772 580 3824 καὶ
616 3771 776 3824 πάλιν
798 3789 812 3804 ν
857 3773 965 3827 Τοῦ
996 3772 1064 3826 δὲ
1101 3777 1374 3841 πλήθους
1406 3779 1523 3832 τῶν
1570 3793 1814 3836 πιστευ-

230 3863 476 3916 σάντων
502 3859 582 3932 ἦν
612 3865 650 3932 ἠ
684 3864 898 3931 καρδία
933 3867 1029 3919 καὶ
1059 3867 1097 3934 ή
1136 3869 1306 3937 ψυχὴ
1346 3871 1486 3938 μία·
1520 3873 1618 3924 καὶ
1672 3874 1816 3927 οὐδὲ

230 3949 319 4018 εἷς
347 3970 403 4006 τι
435 3950 557 4005 τῶν
590 3954 983 4021 ὑπαρχόντων
1019 3954 1182 4020 αὐτῷ
1210 3957 1422 4027 ἔλεγεν
1456 3960 1610 4015 ἴδιον
1637 3959 1810 4028 εἶναι,

229 4048 370 4101 ἀλλ’
393 4043 476 4117 ἦν
502 4047 705 4113 αὐτοῖς
732 4048 968 4102 ἅπαντα
998 4034 1188 4103 κοινά.

797 4223 1130 4276 ΕΡΩΤΙΙΣΙΣ
1162 4224 1246 4282 H'.

760 4316 902 4382 Περὶ
943 4316 1272 4386 ἀποταγῆς.

303 4405 363 4456 Et
401 4405 511 4474 γρὴ
565 4403 779 4475 πρῶτον
827 4383 1239 4461 ἀπατάσσεσθαι
1285 4411 1446 4474 πᾶσι,
1498 4413 1592 4464 καὶ
1634 4412 1808 4478 οὕτως
1839 4383 1885 4437 D

227 4498 518 4566 προσιέναι
545 4500 612 4567 τῇ
648 4497 787 4550 κατὰ
813 4497 947 4552 Θεὸν
979 4499 1244 4571 πολιτείᾳ.

820 4694 1209 4748 ΑΠΟΚΡΙΣΙΣ.

302 4783 352 4836 1.
381 4784 491 4837 Τοῦ
522 4786 729 4855 Κυρίου
753 4786 910 4856 ἡμῶν
944 4778 1120 4858 Τησοῦ
1149 4785 1400 4856 Χριστοῦ
1431 4795 1572 4859 μετὰ
1607 4795 1805 4868 πολλὴν

1919 3122 2095 3176 tatio:
2143 3139 2263 3193 quae
2303 3133 2356 3177 et
2412 3139 2511 3193 pro
2572 3140 2740 3194 scopo
2792 3127 2957 3181 habet
3006 3126 3100 3182 Dei
3152 3129 3379 3199 gloriam
3429 3147 3497 3186 ex

1918 3225 2190 3284 praecepto
2221 3215 2435 3270 Domini
2467 3219 2641 3273 nostri
2672 3217 2802 3274 Jesu
2832 3220 3056 3283 Christi,
3085 3222 3175 3290 qui
3202 3223 3374 3277 dixit:
3410 3221 3501 3277 Sic

1920 3307 2089 3362 luceat
2121 3309 2212 3362 lux
2251 3320 2423 3364 vestra
2457 3328 2634 3364 coram
2677 3311 2994 3376 hominibus,
3027 3323 3082 3366 ut
3113 3312 3497 3389 videantppera

1919 3411 2091 3455 vestra
2132 3401 2287 3466 bona,
2320 3412 2370 3454 et
2421 3402 2718 3471 gloriﬁcent
2767 3403 2984 3458 Patrem
3037 3416 3264 3459 vestrum
3307 3408 3397 3478 qui
3444 3408 3500 3461 in

1919 3491 2063 3544 caelis
2105 3491 2242 3552 est“,
2289 3499 2342 3544 et
2375 3492 2541 3545 ritum
2573 3507 2638 3546 ac
2675 3492 2905 3546 formam
2944 3502 3258 3549 sanctorum
3292 3506 3498 3562 servat,

1918 3597 2150 3650 quorum
2206 3582 2264 3634 ﬁt
2312 3583 2366 3634 in
2403 3583 2558 3636 Actis
2609 3585 2839 3649 mentio,
2895 3595 2948 3639 et
2991 3587 3059 3641 de
3113 3587 3311 3657 quibus
3355 3591 3497 3643 scri-

1919 3681 2068 3743 ptum
2098 3685 2179 3727 est
2204 3691 2215 3725 :
2250 3674 2443 3728 Omnes
2476 3683 2650 3727 autem
2673 3675 2762 3745 qui
2787 3674 3062 3729 credebant
3091 3680 3415 3731 erantsimul
3442 3686 3497 3734 in

1916 3765 2094 3820 eodem
2119 3766 2252 3830 loco,
2279 3775 2328 3819 et
2357 3765 2615 3820 habebant
2644 3767 2821 3819 omnia
2861 3771 3163 3823 communia
3187 3772 3230 3824 ‘.
3264 3770 3330 3824 Et
3371 3785 3498 3824 rur-

1917 3874 2044 3914 sus:
2079 3857 2442 3912 Multitudinis
2472 3871 2646 3914 autem
2683 3861 3004 3915 credentium
3041 3871 3156 3915 erat
3188 3881 3279 3917 cor
3307 3882 3494 3929 unum,

1914 3961 1964 4004 et
1994 3953 2174 4004 anima
2202 3968 2308 4005 una
2335 3969 2355 4006 :
2391 3969 2482 4006 nec
2511 3954 2811 4024 quisquam,
2859 3946 3039 4007 Eorum
3090 3971 3208 4024 qua:
3257 3958 3494 4026 posside-

1917 4044 2004 4097 bat
2078 4045 2280 4116 aliquid
2353 4063 2508 4099 suum
2567 4063 2679 4101 esse
2722 4047 2967 4113 dicebat,
3036 4048 3127 4103 sed
3177 4061 3330 4105 erant
3380 4052 3494 4107 illis

1915 4137 2091 4190 omnia
2118 4138 2415 4191 communia
2441 4139 2507 4193 ¹⁰.

2367 4246 2886 4306 INTERROGATIO
2915 4248 3052 4304 Vlll.

2441 4339 2520 4395 De
2549 4343 2962 4398 renuntiatione.

1989 4433 2130 4487 Num
2170 4440 2419 4504 oporteat
2451 4433 2688 4504 primum
2737 4435 3056 4491 renuntiare
3103 4438 3390 4504 omnibus,
3437 4447 3490 4495 et

1917 4525 1990 4580 ita
2047 4526 2266 4581 demum
2306 4526 2374 4580 ad
2418 4526 2544 4581 vita:
2577 4541 2751 4592 genus
2785 4524 2934 4596 quod
2983 4527 3285 4583 secundum
3321 4527 3489 4584 Deum

1918 4619 2010 4682 sit,
2045 4618 2324 4674 accedere.

2478 4707 2750 4764 BESPON
2757 4708 2885 4764 SIO.

1993 4803 2040 4855 l.
2075 4803 2214 4858 Cum
2242 4801 2504 4859 Dominus
2549 4812 2737 4858 noster
2759 4799 2923 4858 Jesus
2951 4779 3206 4858 Christus
3235 4811 3359 4872 post
3386 4799 3486 4856 do-

300 4970 324 5002 ⁸
362 4965 525 5025 Rom.
560 4983 633 5038 ιι,
672 4969 759 5024 15.
838 4969 856 5001 τ
897 4967 1041 5026 Psal.
1078 4983 1301 5038 cxxxu,
1335 4971 1362 5023 l
1386 5010 1401 5036 ,
1438 4969 1493 5026 2.
1569 4976 1592 5007 '
1631 4975 1817 5036 Matth.

1953 4983 2039 5040 ιο.
2115 4985 2136 5015 ’
2176 4987 2298 5039 Act.
2337 4999 2412 5052 ιι,
2446 4983 2535 5037 44.
2616 4983 2660 5015 ³ο
2696 4983 2819 5038 Act.
2862 4997 2937 5047 ιγ,
2971 4980 3060 5036 52.

297 5127 412 5209 βξ)
443 5125 578 5209 ἷξες.
601 5131 805 5209 tertius
837 5131 1064 5209 εντολῶν
1095 5136 1486 5208 προῃρηκέναι.
1511 5137 1632 5192 Mox
1656 5136 1791 5209 Reg.

226 5199 439 5269 primus
453 5199 658 5269 ⁸ἑαυτὸν
684 5199 955 5265 ἐπιδείξει.

297 5271 410 5347 (55)
444 5267 539 5347 Sic
565 5271 735 5347 codex
766 5269 926 5328 Voss.
961 5281 1014 5328 et
1052 5271 1188 5345 Reg.
1224 5276 1459 5347 primus.
1494 5275 1615 5333 Vox
1642 5276 1802 5332 θείων

227 5341 282 5394 in
307 5340 552 5396 vulgatis
580 5340 782 5396 deerat.

297 5405 434 5481 (ΜΤ
450 5409 586 5495 Reg.
625 5413 834 5495 primus
860 5417 1197 5495 πρραγαγεζν
1229 5415 1298 5470 τὰ
1330 5416 1690 5495 διδασκόμενα
1712 5419 1797 5495 ’μὴ

227 5481 663 5550 προαιρουμένῳ.
711 5481 1102 5558 Ορὰει“νοεεῖ
1160 5485 1279 5541 loco
1326 5481 1588 5558 προάγειν
1638 5481 1802 5545 habet

225 5555 830 5628 ςυετιηιεθέροατξγξῖνο

297 5619 801 5699 βὸλςιρριςχρὸιι).
839 5623 911 5676 Τὸ
928 5623 982 5699 δὲ
1152 5625 1215 5696 δὴ
1239 5626 1292 5679 τί
1316 5627 1500 5699 καλὸν,
1529 5627 1560 5699 ἢ
1591 5629 1800 5699 τίντερ-

221 5689 376 5746 πνὸν.
411 5689 528 5746 ἀλλ’
557 5692 594 5748 ἦ
618 5691 679 5745 τὺ
707 5696 978 5748 κατοικεῖν
1020 5689 1281 5759 ἀδελφοὺς
1327 5700 1415 5752 ἐπὶ
1461 5689 1519 5752 τὸ
1551 5689 1702 5762 αὐτὸ,
1734 5689 1798 5762 ἣν

1907 5141 2084 5224 μύρῳ,
2129 5159 2244 5224 ecce
2288 5159 2428 5196 nunc
2453 5142 2578 5224 quid
2626 5142 2840 5206 bonum,
2882 5141 2962 5198 vel
2998 5139 3124 5212 quid
3160 5137 3480 5211 jucundum,

1913 5213 2015 5265 nisi
2047 5213 2290 5265 habitare
2321 5214 2512 5265 fratres
2544 5230 2598 5265 ιη
2626 5229 2811 5265 unum.

1913 5214 2016 5266 nisi
2047 5214 2290 5267 habitare
2317 5214 2512 5282 fratres
2544 5214 2598 5265 in
2626 5229 2811 5266 unum.

1918 5352 1931 5364 _
1983 5284 2094 5354 (36)
2128 5283 2261 5364 Reg.
2303 5285 2590 5364 primus‘et
2627 5282 2781 5337 Colb.
2815 5280 3364 5364 προκοπῆς-εὐδοκία,
3393 5298 3482 5364 νος

1911 5352 2618 5444 lulntas,ad"proﬁciendunt
2658 5352 2936 5420 propensa.
2967 5352 3074 5406 Alii
3097 5352 3206 5408 duo
3249 5367 3385 5407 mss.
3429 5358 3484 5406 et

1906 5426 2038 5478 editi
2067 5424 2262 5478 εὐοδία.

1909 5563 1956 5574 η
1980 5495 2093 5566 (57)
2122 5494 2347 5574 Antiqui
2376 5495 2486 5574 duo
2507 5493 2629 5574 libri
2659 5508 2782 5574 cum
2813 5491 2969 5574 Yoss.
2999 5493 3048 5574 οἱ
3072 5491 3480 5574 πιστεύσαντες.

1909 5563 2031 5619 nox
2071 5563 2205 5618 mss.
2242 5565 2352 5617 duo
2391 5568 2422 5636 ή
2459 5565 2653 5636 καρδία
2691 5563 2791 5617 καὶ
2820 5565 2853 5634 ὴ
2885 5565 3048 5634 ψυχή.
3085 5563 3319 5618 Deerant
3348 5563 3478 5618 arti-

1907 5636 2015 5692 culi
2045 5639 2101 5690 in
2128 5636 2385 5706 vu'gntis.
