3948 6240
459 306 564 363 955

1734 306 1792 362 S.
1835 307 2085 362 BASiLll
2125 305 2341 363 MAGNI

3621 304 3720 362 936

459 431 716 478 cumenta
771 423 962 486 multa,
1013 437 1188 492 eaque
1231 437 1298 478 ex
1356 425 1547 481 multis
1575 428 1835 496 operibus
1863 429 2043 484 valide

2156 429 2242 481 καὶ
2278 427 2367 482 διὰ
2391 426 2656 480 πλειόνων
2690 423 3038 496 πραγμάτων
3077 425 3306 498 ίσχυράν
3339 421 3616 487 ἀπόδειξιν
3642 423 3724 476 λέ-

460 511 838 580 comprobata,
886 513 1032 566 dicat
1061 513 1316 568 omnibus
1350 529 1362 564 :
1415 513 1476 568 Si
1503 516 1622 584 quis
1666 519 1801 569 venit
1834 518 1907 569 ad
1939 535 2040 582 me,

462 601 677 672 abneget
709 603 1069 672 semetipsum,
1118 614 1167 656 et
1203 604 1358 657 tollat
1407 622 1615 660 crucem
1647 624 1823 672 suant,
1883 622 1929 662 et
1963 626 2046 662 se-

461 706 655 765 quatur
689 712 770 750 me
794 698 874 764 “;
906 706 962 750 et
1006 697 1203 752 iterum
1241 715 1254 750 :
1290 699 1378 752 Sic
1409 715 1532 770 ergo
1561 702 1732 754 omnis
1777 718 1840 755 ea.
1880 702 2044 767 vobis,

459 789 551 857 qui
581 805 685 842 non
724 790 992 842 renuntiat
1018 790 1260 844 omnibus
1297 808 1414 861 qua'
1445 792 1699 860 possidet,
1747 811 1852 847 non
1880 804 2048 862 potest

463 896 611 934 meus
645 897 758 934 esse
791 880 1083 950 discipulus
1115 883 1189 949 ¹²;
1219 884 1553 938 arbitramur
1585 885 1688 940 hoc
1716 896 2049 957 praeceptum

468 978 536 1031 ad
596 979 753 1048 plura
814 993 844 1030 a
876 979 1078 1048 quibus
1129 979 1426 1034 abalienari
1476 989 1712 1049 oportet,
1747 973 2044 1050 pertinere.

465 1069 602 1124 Nam
632 1082 688 1126 et
719 1070 940 1125 diabolo
967 1081 1096 1124 ante
1129 1071 1314 1124 omnia
1333 1079 1387 1126 et
1422 1073 1606 1125 carnis
1633 1073 1921 1129 all'ectibus
1962 1091 2046 1129 res

467 1163 787 1218 nuntiamus
815 1203 829 1226 ,
861 1165 954 1234 qui
998 1165 1250 1218 nuntium
1297 1163 1609 1220 remisimus
1652 1168 1881 1221 occultis
1935 1177 2054 1223 tur«

467 1255 811 1325 pitudinibus
842 1294 858 1319 ,
906 1255 1324 1324 cognationibus
1383 1258 1667 1326 corporeis
1697 1298 1710 1320 ,
1766 1258 2050 1313 hominum

467 1346 727 1400 amicitiis
753 1353 806 1400 et
833 1345 960 1400 vita:
989 1346 1527 1418 consuetudini,qua3
1552 1349 1846 1420 integritati
1875 1350 2054 1405 Evan-

468 1439 596 1508 gelii
626 1437 820 1493 salutis
849 1438 1197 1493 adversetur.
1252 1438 1319 1492 Et
1357 1441 1504 1510 quod
1531 1440 1616 1496 his
1649 1445 1824 1513 magis
1861 1460 2061 1534 neces;

469 1530 676 1584 sarium
707 1536 816 1592 est,
869 1529 973 1583 sibi
1003 1529 1119 1599 ipse
1168 1531 1448 1585 renuntiat
1496 1532 1589 1602 qui
1639 1533 1789 1587 exuit
1815 1529 2053 1588 vetereni

466 1621 744 1674 hominem
793 1635 918 1674 eum
960 1617 1174 1674 actibus
1221 1621 1488 1690 ipsius",
1543 1622 1637 1690 qui
1684 1623 2056 1692 corrumpitur

468 1710 776 1766 secundum
805 1710 1080 1765 desideria
1121 1710 1328 1765 erroris
1357 1712 1421 1766 “.
1466 1712 1542 1764 Ac
1567 1712 1732 1765 etiam
1779 1712 2056 1766 renuntiat

467 1803 726 1858 omnibus
769 1802 1065 1858 mundanis
1116 1802 1427 1867 affectibus,
1475 1803 1568 1872 qui
1625 1804 1844 1873 pietatis
1887 1819 2056 1873 scopo
2087 1799 2128 1852 Β

469 1897 859 1964 impedimento
891 1911 1013 1950 esse
1036 1904 1288 1966 possunt.
1313 1896 1501 1966 Itaque
1529 1897 1623 1967 qui
1652 1897 1920 1967 ejusmodi
1947 1907 2052 1963 est,

470 1999 632 2039 veros
676 1995 930 2054 parentes
969 2000 1064 2040 eos
1099 2001 1222 2040 esse
1251 1987 1612 2050 existimabit,
1661 1989 1757 2056 qui
1791 1987 1970 2057 ipsum
1998 1989 2052 2041 iu

471 2079 690 2134 Christo
722 2075 852 2134 Jesu
897 2092 996 2148 per
1026 2077 1710 2156 Evangeliumgcnuerint
1734 2081 1777 2111 ¹⁸
1811 2095 1823 2130 :
1854 2080 2055 2134 fratres

470 2187 602 2227 vero
648 2186 764 2237 eos,
799 2171 893 2241 qui
934 2171 1254 2241 acceperint
1296 2157 1548 2226 eumdem
1583 2171 1896 2242 adoptionis
1933 2171 2057 2242 Spi-

471 2268 660 2330 ritum,
713 2274 1087 2335 praetereaque
1130 2264 1389 2320 omnibus
1415 2265 1623 2320 divitiis
1667 2275 1928 2334 tanquam
1966 2281 2056 2319 re-

467 2361 575 2414 bus
614 2357 830 2421 alienis,
882 2365 944 2410 ut
975 2357 1157 2426 reipsa
1210 2363 1361 2419 sunt,
1397 2355 1667 2412 intendet.
1707 2355 1830 2412 Uno
1864 2357 2055 2421 verbo,

472 2451 520 2504 is
574 2449 661 2503 cui
702 2457 924 2518 propter
956 2447 1234 2502 Christum
1297 2446 1536 2501 mundus
1580 2454 1726 2502 totus
1757 2446 2054 2501 cruciﬁxus

469 2554 578 2608 est,
607 2551 660 2598 et
689 2544 805 2614 ipse
842 2544 1050 2596 mundo
1070 2541 1136 2607 ’⁸,
1168 2542 1448 2611 quomodo
1473 2539 1651 2594 adhuc
1688 2549 1868 2610 potest
1895 2556 2056 2595 cura-

470 2653 591 2690 rum
641 2635 1046 2690 mundauarum
1099 2633 1381 2704 particeps
1424 2633 1586 2687 esse?
1627 2647 1751 2686 cum
1787 2630 2056 2688 Dominus

471 2737 662 2782 noster
693 2719 855 2782 Jesus
881 2725 1136 2781 Christus
1163 2733 1218 2779 et
1246 2725 1440 2778 animae
1467 2723 1654 2778 odium
1683 2731 1738 2778 et
1773 2723 1857 2778 sui
1881 2723 2054 2793 ipsius

471 2815 890 2886 abnegationem
953 2814 1019 2867 ad
1059 2829 1336 2868 summum
1388 2814 1656 2883 perducat
1697 2813 1782 2868 his
1821 2814 2002 2868 verbis
2035 2832 2049 2868 :

473 2905 535 2962 Si
564 2908 680 2977 quis
713 2906 820 2961 vult
850 2915 966 2974 post
993 2922 1073 2958 me
1111 2905 1306 2971 venire,
1359 2904 1573 2976 abneget
1619 2907 1974 2973 semetipsum,
2003 2914 2054 2959 et

474 2999 630 3051 tollat
680 3013 885 3050 crucem
921 3013 1072 3049 suam
1102 3013 1119 3049 :
1160 3005 1384 3066 tumque
1415 2995 1696 3068 subjungit
1725 3017 1736 3052 :
1762 2996 1829 3049 Et
1863 3014 2054 3067 sequa-

474 3102 561 3143 tur
598 3089 759 3142 me".
798 3087 862 3140 Et
895 3103 1129 3142 rursus:
1175 3085 1236 3141 Si
1280 3087 1398 3156 quis
1433 3089 1570 3140 venit
1631 3087 1700 3142 ad
1728 3106 1828 3154 me,
1863 3099 1914 3143 et
1949 3106 2052 3143 non

474 3184 584 3238 odit
615 3190 819 3251 patrem
859 3196 1036 3242 suum,
1066 3188 1116 3232 et
1163 3189 1404 3240 matrem,
1441 3189 1491 3233 et
1538 3195 1777 3245 uxorem,
1812 3191 1860 3234 et
1886 3182 2051 3250 ﬁlios,
2082 3154 2122 3211 ε

472 3285 522 3331 et
580 3275 812 3344 fratres,
871 3282 920 3325 et
974 3288 1204 3335 sorores,
1251 3271 1423 3324 adhuc
1489 3282 1666 3324 autent
1716 3282 1764 3326 et
1819 3274 2056 3327 animam

469 3384 628 3427 suam
654 3409 668 3435 ,
695 3383 798 3420 non
840 3374 1008 3435 potest
1057 3381 1199 3418 meus
1225 3381 1336 3418 esse
1365 3363 1654 3434 discipulus
1681 3365 1743 3418 ¹⁸.
1777 3363 2056 3430 Quamob-

472 3475 590 3514 rem
643 3459 699 3512 in
743 3473 808 3512 eo
861 3457 965 3511 sita
1006 3462 1088 3511 est
1129 3454 1368 3526 perfecta
1409 3456 1765 3522 renuntiatio,
1809 3456 1857 3513 si
1889 3471 2054 3525 quem

472 3567 576 3608 nec
605 3552 781 3622 ipsius
808 3550 936 3605 vita:
963 3563 1120 3602 amor
1153 3554 1391 3610 moveat,
1429 3547 1526 3604 sed
1589 3547 1787 3602 habeat
1836 3556 2056 3602 senten-

473 3647 605 3700 tiam
631 3645 843 3711 mortis,
884 3638 980 3700 sic'
1004 3650 1064 3698 ut
1089 3642 1228 3696 nihil
1275 3643 1382 3696 sibi
1433 3640 1671 3695 conﬁdat
1695 3642 1758 3694 η.
1793 3640 1924 3696 lude
1958 3658 2056 3695 au-

471 3748 581 3794 tem
632 3738 849 3792 initium
885 3737 1074 3800 sumit,
1110 3736 1157 3792 si
1207 3736 1460 3791 videlicet
1487 3736 1795 3790 alicnemur
1822 3752 1851 3789 a
1883 3736 2053 3791 rebus

471 3833 740 3898 externis,
796 3828 962 3901 349
993 3828 1227 3898 exempli
1280 3843 1470 3896 causa,
1514 3843 1543 3881 a
1577 3829 2053 3898 possessionibus,

471 3924 543 3980 ab
577 3923 727 3978 inani
774 3922 980 3993 gloria,
1022 3936 1054 3974 a
1108 3922 1236 3975 vita:
1285 3921 1718 3988 consuetudine,
1777 3937 1808 3976 a
1868 3938 2053 3977 rerum

472 4016 748 4070 inutilium
782 4015 988 4079 studio,
1024 4015 1104 4068 uti
1135 4015 1444 4069 docuerunt
1492 4030 1594 4070 nos
1627 4017 1802 4072 sancti
1836 4016 2056 4070 Dom'mi

472 4107 752 4176 discipuli,
799 4105 1038 4161 Jacobus
1071 4113 1126 4161 et
1171 4104 1445 4171 Joannes,
1488 4108 1582 4175 qui
1624 4117 1832 4177 patrem
1892 4121 2056 4164 suum

473 4196 816 4263 Zebedaeum,
872 4201 1183 4268 ipsumque,
1217 4214 1249 4251 a
1289 4215 1398 4269 quo
1431 4208 1546 4253 tota
1597 4200 1819 4254 illorum
1872 4201 2054 4256 victus

472 4289 617 4344 ratio
668 4288 981 4360 pendebat,
1037 4288 1316 4358 navigium
1371 4289 1641 4358 reliquere
1698 4309 1710 4342 :
1763 4286 2053 4346 Matthaaus

471 4398 625 4448 vero,
662 4397 787 4437 cum
826 4381 896 4436 ab
939 4381 1060 4450 ipso
1097 4381 1301 4435 telonio
1345 4381 2054 4465 surrexit,.Dominumque

2145 537 2335 590 γοντος
2373 519 2511 590 πρὸς
2568 519 2809 581 πάντας·
2860 518 2936 571 ΕΖ
2984 535 3076 583 τις
3125 519 3363 588 ἔρχεται
3423 516 3576 585 πρὸς
3617 515 3724 583 μὲ,

2146 610 2602 680 ἀπαρνησάσθω
2630 609 2869 674 ἑαυτὸν,
2900 610 2999 663 καὶ
3027 609 3224 678 ἀράτω
3249 609 3364 681 (58)
3401 609 3511 663 τὸν
3545 623 3726 664 σταυ-

2139 706 2258 774 ρὸν
2301 704 2523 768 αὐτοῦ,
2584 701 2686 755 καὶ
2733 702 3138 756 ἀκολουθείτω
3195 719 3331 771 μοι’
3380 701 3478 755 καὶ
3535 699 3726 755 πάλιν

2152 798 2351 863 οὕτως
2389 793 2504 852 οὖν
2551 793 2672 860 πᾶς
2719 793 2788 859 ἐξ
2816 793 3009 864 ὑμῶν,
3055 793 3124 859 ὃς
3169 796 3280 848 οὐκ
3323 792 3733 848 ἀποτάσσεται

2150 887 2300 941 πᾶσι
2341 887 2465 954 τοῖς
2493 885 2712 940 ἑαυτοῦ
2750 884 3160 955 ὑπάρχουσιν,
3211 887 3284 938 οὐ
3324 883 3580 939 δύνειταί
3619 902 3735 954 μου

2149 977 2302 1032 εἶναι
2357 977 2664 1048 μαθητήςσ
2725 977 3008 1048 ἡγούμεθα
3073 977 3136 1030 τὸ
3206 976 3579 1048 παράγγελμα
3649 977 3736 1030 ἐπὶ

2153 1073 2376 1125 πλείονα
2404 1071 2708 1135 διατείνειν,
2743 1064 2821 1125 ὧν
2853 1072 2886 1140 ἡ
2918 1068 3271 1139 ἀλλοτρίωσις
3301 1069 3601 1135 ἀναγκαία.
3631 1070 3737 1122 Καὶ

2152 1162 2260 1234 γὰρ
2285 1161 2361 1231 τῷ
2391 1161 2624 1232 διαϐόλῳ
2649 1160 2754 1232 πρὸ
2783 1160 3002 1213 πάντων
3032 1158 3480 1228 άποτασσόμεθα,
3509 1161 3610 1212 καὶ
3634 1162 3739 1223 τοῖς

2153 1254 2350 1308 πάθεσι
2373 1255 2473 1325 τῆς
2506 1253 2740 1324 σαρκὸς,
2773 1255 2822 1306 οἱ
2862 1251 3234 1322 ἀπειπάμενοι
3268 1249 3339 1304 τὰ
3379 1250 3607 1323 κρυπτά
3642 1250 3737 1319 τῆς

2153 1347 2450 1416 αἰσχύνης,
2500 1345 2596 1398 καὶ
2633 1343 2979 1414 συγγενείαις
3028 1345 3409 1414 σωματικαῖς,
3467 1343 3569 1395 καὶ
3602 1345 3740 1397 ἑται-

2157 1437 2333 1510 ρείαις
2358 1436 2688 1510 ἀνθρώπων,
2725 1436 2820 1490 καὶ
2856 1435 2970 1488 ἔθει
3002 1434 3118 1505 βίου
3148 1435 3445 1506 μαχομένῳ
3470 1435 3612 1504 πρὸς
3648 1435 3741 1506 τὴν

2154 1529 2440 1601 ἀκρίϐειαν
2493 1529 2588 1583 τοῦ
2655 1527 2993 1598 Εύαγγελίου
3039 1528 3140 1598 τῆς
3187 1528 3484 1598 σωτηρίας.
3533 1528 3644 1580 Καὶ
3686 1527 3741 1580 τὸ

2155 1624 2359 1676 τούτων
2415 1621 2843 1692 ἀναγκαιότερον
2863 1663 2878 1686 ,
2914 1619 3078 1682 αὐτὸς
3111 1619 3288 1690 ἐαυτῷ
3317 1619 3690 1674 ἀποτάσσεται
3716 1621 3743 1671 ό

2157 1717 2567 1786 ἀποδυσάμενος
2602 1713 2694 1768 τὸν
2723 1713 2952 1766 παλαιὸν
2994 1711 3280 1783 ἄνθρωπον
3319 1713 3418 1765 σὺν
3453 1715 3580 1774 ταῖς
3610 1711 3744 1782 πρά-

2157 1810 2305 1875 ξεσιν
2338 1807 2533 1873 αὑτοῦ,
2569 1807 2660 1860 τὸν
2701 1805 3057 1876 φθειρόμενον
3105 1803 3248 1857 κατά
3291 1803 3392 1867 τὰς
3449 1803 3745 1872 ἐπιθυμίας

2156 1904 2256 1974 τῆς
2307 1903 2542 1973 ἀπάτης.
2585 1899 2980 1953 Ἀποτάσσεται
3016 1895 3073 1949 δὲ
3121 1896 3215 1950 καὶ
3250 1896 3454 1959 πάσαις
3499 1912 3746 1966 προσπα-

2159 1993 2332 2056 θείαις
2368 1993 2482 2062 (59)
2517 1991 2613 2044 τοῦ
2656 1991 2888 2060 κόσμου,
2933 1987 3245 2060 ἐμποδίζειν
3288 1987 3367 2056 τῷ
3418 1987 3615 2056 σκοπῷ
3653 1987 3745 2057 τῆς

2158 2084 2443 2146 εὐσεϐείας
2491 2081 2841 2152 δυναμέναις.
2901 2080 3085 2141 Ρονεῖς
3133 2078 3232 2149 μὲν
3281 2073 3374 2131 οὖν
3428 2080 3457 2130 ό
3506 2078 3745 2139 τοιοῦτος

2157 2179 2284 2240 τοὺς
2323 2177 2380 2229 ὲν
2427 2174 2650 2246 Χριστῴ
2689 2171 2864 2242 Ἰησοῦ
2913 2171 3000 2226 διὰ
3044 2169 3138 2223 τοῦ
3183 2170 3522 2238 Εύαγγελίου
3563 2171 3747 2238 γεννή-

2161 2287 2359 2334 σαντας
2389 2267 2552 2322 αὑτὸν
2591 2265 2880 2338 ἀληθινοὺς
2904 2265 3193 2335 ἡγήσεται,
3233 2263 3499 2331 ἀδελφοὺς
3540 2262 3600 2315 δὲ
3628 2262 3747 2324 τοὺς

2157 2362 2217 2415 τὸ
2249 2360 2380 2414 αύτδ
2410 2359 2639 2429 Πνεῦμα
2661 2358 2763 2428 τῆς
2799 2356 3071 2420 υἱοθεσίας
3100 2355 3386 2418 λαϐόντας,
3418 2356 3667 2424 κτήμασι
3694 2352 3749 2407 δὲ

2160 2456 2326 2507 πᾶσιν
2354 2453 2430 2516 ὡς
2473 2450 2799 2522 ἀλλοτρίοις,
2848 2449 2986 2519 ὅπερ
3013 2449 3166 2511 ἐστὶ,
3217 2447 3499 2518 προσέξει.
3535 2447 3650 2500 Ἑνὶ
3693 2446 3748 2499 δὲ

2157 2545 2322 2616 λόγῳ,
2346 2537 2391 2612 ᾧ
2416 2544 2507 2598 διά
2545 2542 2783 2613 Χριστὸν
2807 2541 2928 2603 ὅλος
2952 2543 2980 2594 ό
3012 2541 3217 2610 κόσμος
3252 2539 3629 2610 ἐσταύρωται,
3660 2537 3750 2592 καὶ

2158 2636 2320 2699 αὐτὸς
2351 2635 2430 2706 τῷ
2459 2634 2671 2704 κόσμῳ,
2701 2632 2818 2695 πῶς
2845 2631 2926 2686 ἔτι
2960 2630 3184 2684 δύναται
3215 2627 3354 2684 εἶναι
3383 2631 3620 2701 μέτοχος
3646 2630 3748 2683 τῶν

2163 2726 2447 2798 μεριμνῶν
2484 2725 2578 2780 τοῦ
2605 2726 2814 2796 κόσμου
2849 2723 2993 2796 (40);
3017 2724 3113 2777 τοῦ
3143 2724 3350 2795 Κυρίου
3379 2723 3546 2794 ἡμῶν
3574 2724 3747 2794 Ἰησοῦ

2157 2820 2396 2892 Χριστοῦ
2424 2821 2505 2884 είς
2535 2821 2705 2891 ἄκρον
2739 2818 3076 2890 προάγοντος
3101 2816 3162 2870 τό
3180 2834 3240 2869 τε
3269 2819 3428 2887 μῖσος
3453 2816 3559 2886 τῆς
3576 2817 3750 2886 ψυχῆς

2165 2912 2259 2964 καὶ
2285 2910 2383 2982 τὴν
2415 2910 2608 2964 ἑαυτοῦ
2640 2911 2869 2981 ἄρνησιν
2911 2909 2979 2962 δι’
3013 2903 3090 2962 ὧν
3115 2925 3314 2978 φησιν’
3355 2908 3432 2962 El
3472 2925 3571 2975 τις
3596 2907 3751 2962 θέλει

2158 3005 2351 3058 ὀπίσω
2399 3021 2518 3072 μου
2563 3003 2796 3066 ἐλθεῖν,
2841 3000 3298 3070 ἀπαρνησάσθω
3338 3000 3598 3067 ἑαυτὸν,
3655 2999 3751 3054 καὶ

2158 3096 2352 3166 ἀράτω
2385 3096 2492 3150 τόν
2521 3094 2790 3164 σταυρὸν
2813 3094 3003 3149 αὑτοῦ
3025 3112 3037 3124 '
3070 3096 3164 3148 καὶ
3195 3094 3317 3148 τότε
3350 3094 3750 3162 ἐπαγαγόντος

2158 3189 2268 3243 Καὶ
2306 3189 2706 3243 ἀκολουθείτω
2729 3205 2868 3258 μοι’
2897 3188 2993 3240 καὶ
3027 3187 3190 3242 πάλιν
3213 3204 3226 3216 ·
3272 3188 3347 3240 Εἴ
3374 3205 3468 3254 τις
3513 3187 3752 3256 ἔρχεται

2158 3280 2308 3348 πρὸς
2341 3279 2453 3357 μὲ,
2483 3280 2584 3334 καὶ
2629 3281 2701 3334 οὐ
2751 3279 2925 3350 μισεῖ
2959 3280 3065 3333 τὸν
3122 3278 3352 3348 πατέρα
3400 3278 3630 3346 αὑτοῦ,
3658 3279 3752 3332 καὶ

2158 3370 2273 3436 τὴν
2301 3369 2549 3440 μητέρα,
2575 3370 2674 3424 καὶ
2718 3371 2834 3438 τὴν
2866 3369 3140 3439 γυναῖκα,
3182 3370 3280 3423 καὶ
3306 3369 3378 3423 τὰ
3413 3371 3626 3433 τέκνα,
3658 3371 3754 3424 καὶ

2158 3461 2300 3528 τοὺς
2331 3461 2660 3531 ἀδελφοὺς,
2685 3463 2784 3515 καὶ
2822 3462 2928 3529 τὰς
2950 3461 3241 3530 ἀδελφὰς,
3290 3462 3380 3516 ἐτι
3409 3461 3480 3516 δὲ
3513 3449 3754 3530 καῖ’τὴν

2157 3554 2376 3608 ἑαυτοῦ
2420 3554 2669 3625 ψυχὴν,
2711 3557 2784 3609 οὺ
2823 3554 3077 3609 δύναταί
3101 3573 3222 3624 μου
3261 3550 3418 3609 εἶναι
3451 3555 3752 3624 μαθητής.

2163 3646 2326 3698 Ὥστε
2361 3647 2394 3714 ἡ
2453 3646 2551 3716 μὲν
2602 3645 2788 3698 τελεία
2819 3647 3072 3716 ἀποταγή
3115 3645 3226 3715 (Μ)
3275 3647 3427 3700 ἐστιν
3467 3648 3528 3699 ἐν
3581 3647 3664 3718 τῷ
3694 3646 3754 3698 τὸ

2159 3736 2515 3807 ἀπροσπαθὲς
2557 3734 2904 3807 κατορθῶσαι
2945 3736 3041 3790 καὶ
3077 3735 3216 3807 πρὸς
3246 3735 3381 3788 αὐτὸ
3403 3736 3465 3788 τὸ
3495 3734 3623 3808 ζῇν,
3663 3736 3755 3790 καὶ

2161 3829 2222 3881 τὸ
2251 3828 2540 3900 ἀπόκριμα
2563 3826 2658 3881 τοῦ
2691 3827 2922 3882 θανάτου
2951 3827 3119 3898 ἔχειν,
3155 3827 3299 3880 ὥστε
3335 3827 3412 3898 μὴ
3448 3828 3536 3896 ἐφ’
3576 3826 3754 3898 ἑαυτῷ

2159 3917 2512 3971 πεποιθέναιο
2553 3917 2780 3989 ἄρχεται
2831 3919 2887 3972 δὲ
2939 3919 3047 3972 ἀπὸ
3099 3918 3199 3988 τῆς
3234 3919 3346 3972 τῶν
3393 3919 3602 3986 ἔξωθεν
3641 3919 3749 3990 (ﬂ)

2159 4008 2584 4082 ἀλλοτριώσεως,
2614 4005 2747 4075 οἷον,
2781 4011 3103 4080 κτημάτων,
3139 4010 3300 4081 δόξης
3335 4012 3601 4081 ματαίας,
3632 4029 3754 4065 συν-

2159 4099 2345 4173 ηθείας
2371 4099 2508 4171 βίου,
2557 4102 2938 4173 προσπαθείας
2968 4103 3078 4158 τῶν
3123 4103 3438 4171 ἀνωφελῶν,
3463 4104 3615 4157 καθὰ
3661 4105 3754 4156 καὶ

2157 4195 2208 4245 οἱ
2239 4192 2386 4261 ᾶγιοι
2415 4193 2657 4265 μαθηταὶ⁹
2693 4193 2787 4246 τοῦ
2819 4195 3028 4266 Κυρίου
3058 4193 3343 4258 ὑπέδειξαν
3368 4197 3528 4266 ἡμῖν,
3572 4196 3754 4248 Ἰάκω-

2161 4277 2254 4342 ϐος
2285 4280 2384 4349 μὲν
2416 4280 2510 4334 καὶ
2549 4281 2824 4353 Ἰωάννης,
2855 4283 3249 4347 καταλιπόντες
3275 4284 3368 4337 τὸν
3406 4286 3630 4356 πατέρα
3659 4287 3753 4338 αὑ·

2158 4373 2266 4426 τῶν
2300 4373 2608 4440 Ζεϐεδαῖον,
2646 4377 2739 4429 καὶ
2768 4376 2900 4429 αὐτὸ
2927 4376 2990 4429 τὺ
3016 4377 3200 4431 πλοῖον
3226 4376 3326 4448 τὴν
3363 4380 3551 4431 πᾶσαν
3589 4382 3754 4449 ἀφορ-

473 4483 697 4532 secutus
737 4481 868 4530 est:
921 4474 1017 4544 qui
1055 4487 1167 4527 non
1213 4474 1404 4527 telonii
1447 4464 1630 4529 solum
1675 4475 2046 4530 emolumenta

2162 4464 2268 4535 μὴν
2302 4465 2392 4518 τοῦ
2429 4465 2545 4535 βίου
2565 4483 2578 4496 ·
2622 4468 2901 4532 Ματθαίος
2931 4469 2989 4522 δὲ
3014 4470 3107 4521 ἀπ’
3137 4469 3303 4522 αὐτοῦ
3338 4468 3433 4521 τοῦ
3458 4470 3750 4522 τελωνείου

473 4569 714 4638 reliquit,
741 4567 835 4622 sed
866 4567 1110 4638 pericula
1148 4566 1312 4621 etiam
1336 4567 1689 4636 contempsit,
1715 4583 1842 4636 quae
1863 4582 1894 4620 a
1925 4584 2048 4621 ma~

472 4660 794 4732 gistratibus
836 4666 950 4714 tum
988 4659 1092 4714 sibi
1148 4668 1261 4712 tum
1299 4659 1729 4728 consanguineis
1783 4660 1900 4714 suis
1952 4661 2054 4714 im-

472 4751 800 4824 pendebant,
841 4751 987 4822 quod
1039 4751 1387 4822 vectigalium
1442 4752 1686 4806 rationes
1735 4753 2052 4822 reliquisset

473 4846 726 4902 infectas.
763 4845 936 4900 Paulo
964 4844 1200 4916 denique
1227 4854 1376 4901 totus
1419 4845 1585 4900 etiam
1618 4846 1860 4902 mundus
1919 4863 2050 4901 cru-

481 4939 678 4994 ciﬂxus
706 4949 843 5006 erat,
883 4946 938 4992 et
971 4937 1088 5009 ipse
1127 4937 1331 4994 mundo
1352 4937 1418 4993 ’°.

541 5156 583 5186 ¹¹
627 5154 812 5208 Matth.
852 5171 976 5219 xvi,
1006 5153 1097 5210 24.
1177 5156 1219 5187 “
1257 5151 1391 5210 Luc.
1431 5171 1540 5216 xxv,
1572 5156 1660 5211 55.
1738 5155 2018 5212 "Coloss.
2053 5173 2139 5222 ut,
2175 5159 2230 5214 9.

466 5242 551 5290 Vt,
589 5225 674 5278 M.
750 5226 794 5257 ⁸⁷
833 5225 1024 5280 Matth.
1075 5241 1201 5290 xvr,
1231 5223 1324 5281 24.
1403 5225 1447 5257 ¹⁸
1484 5225 1618 5280 Luc.
1661 5243 1770 5290 xtv,
1805 5227 1895 5282 26.
1974 5229 2018 5260 ¹⁹

2156 5229 2263 5286 lor.
2305 5249 2322 5287 ι
2347 5273 2363 5298 ,
2400 5223 2453 5288 9ξ

540 5368 651 5442 (38)
681 5367 864 5442 Codex
905 5368 1061 5442 Colb.
1117 5369 1526 5441 ἀπαρνησάσθω
1565 5370 1756 5424 ἑαυτὸν
1782 5371 1890 5425 ἀπὸ
1945 5371 2040 5426 τοῦ

468 5441 818 5512 κόσμουμκαὶ
843 5441 1048 5512 ἀράτω.

541 5509 935 5584 (δθγνειςι-εε-
960 5512 1070 5584 duo
1110 5511 1246 5584 libri
1295 5514 1418 5574 ταῖς
1462 5513 1878 5584 προσπαθείαις.
1917 5512 2041 5568 Mox

467 5577 599 5653 editi
634 5577 730 5653 μέν
767 5577 881 5635 οὖν.
918 5580 1055 5636 Illud
1079 5578 1171 5634 οὖν
1203 5583 1256 5635 in
1287 5577 1650 5640 nostris'mss.
1682 5601 1788 5638 non
1821 5585 2037 5653 legitur.

540 5652 650 5720 (ιο)
683 5651 836 5732 ἰξεείί
867 5653 1142 5732 secundus
1163 5659 1216 5705 et
1262 5654 1454 5732 tertius
1474 5670 1630 5732 aeque
1669 5671 1732 5709 ac
1766 5651 2037 5732 editiones

466 5717 677 5776 veteres
699 5717 882 5794 δοῦλος
911 5717 1048 5774 εἶναι
1073 5721 1181 5774 τῶν
1213 5722 1393 5792 μερῶν
1407 5723 1500 5775 τοῦ
1527 5717 1752 5794 κόσμου,
1778 5726 2036 5794 quomodo

468 5802 633 5850 potest
659 5793 828 5846 adhuc
849 5808 1026 5848 servus
1054 5808 1163 5847 esse
1183 5796 1414 5860 partium
1448 5793 1650 5852 mundi.
1672 5793 1804 5865 Reg}
1827 5797 2034 5866 primus

2154 4556 2475 4620 ἐξαναστὰς,
2503 4558 2596 4610 καὶ
2625 4557 2998 4631 ἀκολουθήσας
3026 4559 3105 4628 τῷ
3138 4557 3350 4630 Κυρίῳ,
3380 4560 3442 4612 ού
3478 4560 3553 4614 τά

2161 4647 2318 4717 μόνον
2351 4647 2418 4701 τὰ
2459 4649 2518 4701 ὲν
2557 4649 2634 4720 τῷ
2660 4650 2928 4722 τελωνείῳ
2957 4651 3294 4716 καταλιπὼν,
3326 4651 3466 4706 ἀλλά
3510 4653 3615 4706 καὶ
3645 4651 3751 4702 τῶν

2155 4741 2422 4795 κινδύνων
2457 4743 2728 4814 ὑπεριδὼν
2749 4783 2765 4808 ,
2799 4746 2848 4798 οἶ
2895 4745 3280 4799 ἐπακολουθεῖν
3318 4745 3560 4816 ἤμελλον
3603 4743 3752 4814 αύτῷ

2152 4847 2213 4883 τε
2245 4832 2340 4885 καὶ
2365 4836 2478 4896 τοῖς
2501 4833 2724 4899 οἰκείοις
2751 4835 2904 4906 παρά
2935 4837 3035 4907 τῆς
3064 4836 3336 4901 ἐξουσίας.
3367 4837 3590 4901 ἀτελεῖς
3625 4839 3752 4898 10-3;

2153 4923 2346 4993 λόγους
2377 4924 2470 4979 τοῦ
2497 4925 2781 4981 τελωνείου
2821 4929 3309 5000 καταλιμπάνοντι.
3335 4929 3543 5000 Παύλῳ
3567 4931 3632 4984 δὲ
3656 4929 3752 4983 καὶ

2155 5018 2184 5070 ὁ
2217 5017 2438 5088 σύμπας
2460 5021 2663 5092 κόσμος
2688 5022 3019 5095 ὲσταύρωτο,
3045 5025 3139 5078 καὶ
3167 5026 3332 5090 αὐτὸς
3353 5025 3430 5098 τῷ
3452 5025 3678 5097 κόσμῳ.

2313 5163 2357 5193 ⁸⁵
2394 5161 2596 5234 Ephes.
2633 5180 2706 5228 tv,
2740 5165 2872 5221 22.‘1
2912 5165 2992 5219 "l
3027 5165 3157 5221 Cor;
3191 5182 3266 5233 tv,
3301 5166 3389 5221 15.
3470 5167 3516 5199 ⁸⁸
3560 5167 3746 5223 Galat.

2531 5235 2578 5266 '°
2615 5234 2796 5292 Galat.
2836 5252 2926 5302 vt,
2965 5238 3052 5293 14.

2150 5381 2206 5428 et
2225 5373 2385 5452 voss.
2425 5373 2563 5452 εἶναι
2603 5379 2827 5450 μέτοχος
2851 5379 2980 5446 τῶν,
3011 5391 3142 5443 etc.,
3175 5381 3266 5452 qui
3309 5383 3428 5452 ﬁeri
3457 5392 3660 5450 potest.
3691 5393 3749 5438 tu

2147 5447 2410 5519 particeps
2448 5450 2519 5502 sit
2566 5447 2800 5519 partium
2832 5453 3032 5505 mundi.
3074 5447 3258 5507 Codex
3307 5447 3467 5509 ζου).
3506 5453 3750 5508 δύναται

2148 5513 2288 5570 εἶναι
2317 5513 2542 5589 μέτοχος
2566 5513 2689 5574 ’τῶν
2734 5524 3011 5593 μεριμνῶν
3045 5522 3138 5576 τοῦ
3173 5525 3410 5595 κόσμους
3447 5531 3499 5575 et
3545 5524 3652 5588 ita,
3686 5537 3746 5578 ut

2148 5588 2280 5641 mihi
2314 5589 2532 5647 quidem
2567 5591 2803 5647 videtur.
2838 5593 2940 5647 testi
2975 5602 3217 5647 praestat.

2148 5603 2280 5641 nunt
2314 5603 2532 5656 quidem
2567 5603 2803 5654 Vlﬂcllll',
2838 5603 2940 5662 tegi
2975 5603 3217 5664 praestat.

2362 5658 2550 5742 ‘Codex
2593 5661 3000 5742 Vpss._d~{o'mq,
3029 5665 3555 5742 perfectdcltarjtaf:

2216 5727 2332 5807 (αἰξὶ
2362 5729 2584 5807 Veteres
2615 5733 2725 5784 duo
2763 5727 3235 5807 libricum‘Ypss.
3272 5736 3338 5788 ἐκ
3371 5736 3471 5807 τῆς
3501 5735 3740 5802 ἔξωθεν.

2107 5882 2114 5888 .
2145 5795 2263 5853 Mox
2297 5797 2444 5867 Regii
2476 5802 2685 5868 primus
2718 5810 2770 5858 ct
2794 5804 2947 5861 ϐου).
2980 5805 3012 5871 ἢ
3047 5803 3225 5872 δόξης.
