3948 6240
253 246 347 301 937

1298 245 1598 300 REGULJE
1640 240 1890 299 FUSIUS
1930 240 2349 300 ΤΒΑΟΤΑΤᾸΞ.

3375 246 3482 305 938

314 363 366 415 2.
410 360 594 424 Οὕτως
656 362 684 413 ό
738 361 934 431 σφόδρα
986 362 1052 429 τῇ
1089 358 1352 429 ἐπιθυμίᾳ
1383 358 1477 411 τοῦ
1508 357 1815 411 ἀκολουθεῖν

1992 356 2045 409 2.
2089 353 2179 407 Sic
2219 356 2310 424 qui
2350 353 2696 408 vehementer
2740 354 3016 409 Christum
3066 355 3219 426 sequi
3271 357 3486 414 deside-

252 451 465 522 Χριστῴ
503 451 864 520 κατεχόμενος
907 451 1051 521 πρὸς
1079 450 1231 502 οὐδὲν
1262 450 1341 501 ἔτι
1385 449 1485 519 τῆς
1515 448 1658 519 ζωῆς
1684 446 1814 499 ταύ-

252 557 342 609 της
388 539 788 609 ἐπιστραφῆναι
834 537 1075 600 δύναται,
1120 538 1181 589 οὑ
1232 538 1365 608 πρὸς
1413 538 1619 605 γονέων
1660 536 1692 607 ἢ
1736 538 1814 588 oi-

251 632 407 685 κεξων
446 630 685 701 φίλτρον,
720 632 844 683 ὅταν
878 629 1287 700 ἐναντιούμενον
1408 631 1521 691 τοῖς
1568 627 1663 680 τοῦ
1701 630 1814 680 Κυ-

254 725 364 795 ρίου
415 724 797 793 προστάγμασι
844 722 983 792 (τότε
1025 722 1133 793 γὰρ
1162 722 1351 792 καιρὸν
1378 720 1490 791 ἔχει
1526 721 1713 773 καὶτό·
1745 720 1816 772 ΕΖ

253 832 337 878 τις
356 813 588 883 ἔρχεται
615 812 766 880 πρὸς
789 813 886 881 μὲ,
914 812 1010 865 καὶ
1038 814 1109 865 οὺ
1129 811 1301 881 μισεῖ
1327 811 1430 865 τὸν
1453 809 1679 878 πατέρα
1707 810 1813 861 αὑ-

251 907 371 965 τοῦ,
408 905 504 957 καὶ
540 904 653 971 τὴν
675 905 917 972 μητέρα,
962 904 1055 956 καὶ
1091 903 1159 956 τὰ
1203 902 1406 971 λοιπά)·
1449 902 1508 953 οὐ
1562 900 1700 971 πρὸς
1729 900 1816 952 ἁν-

252 993 516 1066 θρώπινον
578 994 761 1062 φόϐον,
820 993 958 1045 ὥστε
1003 993 1082 1045 δι’
1122 994 1286 1045 αὑτὸν
1341 990 1708 1061 ὑποσταλῆναί
1761 1007 1814 1042 τι

249 1087 352 1138 τῶν
422 1086 837 1156 συμφερόντων,
893 1085 1028 1155 ὅπερ
1088 1084 1457 1155 κατώρθωσαν
1518 1083 1565 1133 οἱ
1625 1080 1812 1148 ἅγιοι,

249 1179 507 1239 εἰπόντες·
556 1175 902 1245 Πειθαρχεῖν
953 1175 1049 1227 δεῖ
1095 1174 1218 1240 Θεῷ
1253 1173 1494 1243 μᾶλλον
1523 1172 1559 1239 ἢ
1595 1170 1817 1239 ἀνθρώ-

247 1286 398 1336 ποιςν
420 1270 480 1324 ού
496 1270 627 1340 πρὸς
646 1269 736 1321 τὸν
758 1269 846 1320 ἐπὶ
862 1271 971 1331 τοῖς
1000 1268 1182 1329 καλοῖς
1197 1267 1309 1337 (45)
1330 1265 1478 1335 παρὰ
1493 1263 1599 1316 τῶν
1618 1262 1815 1329 ἔξωθεν

247 1360 476 1428 γέλωτα,
516 1358 653 1411 ὥστε
685 1356 761 1427 τῷ
805 1356 1091 1426 φαυλισμῴ
1138 1355 1317 1409 αὐτῶν
1369 1354 1682 1425 ἡττηθῆναι.
1751 1350 1814 1403 El

246 1448 301 1501 δέ
326 1464 411 1511 τις
442 1446 680 1516 βούλοιτο
744 1445 1131 1516 ἀκριϐέστερον
1178 1446 1271 1497 καὶ
1321 1444 1644 1514 τρανότερον
1677 1458 1816 1509 γνω-

250 1540 395 1610 ρξσαι
450 1538 541 1590 τὸν
598 1537 1022 1607 συνεζευγμένον
1080 1537 1230 1592 τόνον
1279 1539 1346 1607 τῇ
1399 1536 1658 1605 ἐπιθυμίᾳ
1707 1532 1815 1585 τῶν

246 1632 679 1685 ἀκολουθούντων
718 1632 792 1703 τῷ
824 1634 1031 1703 Κυρὶῳ,
1078 1630 1500 1703 μνημονευσάτω
1529 1628 1621 1681 τοῦ
1664 1629 1810 1679 Ἀπο-

246 1724 430 1775 στόλου
489 1722 841 1792 διηγουμένου
885 1723 951 1775 τὰ
1010 1722 1127 1775 καθ’
1184 1721 1372 1774 ἑαυτὸν
1429 1721 1507 1782 εἰς
1564 1718 1814 1771 διδασκα-

242 1814 361 1868 λίαν
408 1815 705 1885 ἡμετέραν,
770 1816 863 1868 καὶ
923 1814 1191 1882 λέγοντος·
1243 1814 1316 1867 Εἴ
1355 1831 1444 1879 τις
1496 1811 1669 1865 δοκεῖ
1714 1825 1816 1863 πε-

242 1908 507 1964 ποιθέναι
598 1910 667 1962 ὲν
718 1909 893 1977 σαρκὶ
923 1948 937 1972 ,
999 1907 1112 1977 ἐγὼ
1183 1904 1452 1970 μᾶλλον·
1533 1900 1812 1971 περιτομὴ

243 2002 629 2070 ὀκταήμερος,
665 2002 733 2055 ἐκ
776 2002 992 2070 γένους
1052 1996 1329 2067 Ἰσραὴλ,
1385 1994 1586 2066 φυλῆς
1612 1998 1816 2048 Βενια-

234 2089 375 2157 μὶν,
429 2088 694 2156 Ἑϐραῖος
755 2088 823 2151 ἐξ
891 2088 1201 2156 Ἐϐραίων,
1256 2085 1404 2139 κατὰ
1442 2086 1629 2154 νόμον
1698 2086 1815 2136 Φα-

232 2180 510 2247 ρισαῖος,
586 2179 733 2233 κατὰ
796 2178 980 2247 ζῆλον
1069 2177 1293 2231 διώκων
1371 2176 1486 2243 τὴν
1566 2176 1814 2240 Ἐκκλη-

239 2272 420 2333 σίαν,
475 2273 621 2322 κατὰ
681 2269 1073 2335 δικαιοσύνην
1137 2267 1251 2334 τὴν
1316 2268 1386 2320 ἑν
1430 2268 1592 2334 νόμῳ
1652 2265 1815 2335 γενό-

232 2378 418 2432 μενος
445 2359 764 2427 ἄμεμπτος
809 2359 959 2412 ἀλλ’
1006 2358 1176 2412 ἅτινα
1223 2356 1333 2427 (Ab)
1368 2353 1446 2424 ἦν
1467 2374 1569 2425 μοι
1611 2354 1810 2424 κέρδη,

237 2453 426 2506 ταῦτα
478 2451 698 2519 ἧγημαι
749 2450 848 2503 διὰ
897 2448 1005 2502 τὸν
1056 2448 1313 2517 Χριστὸν
1359 2446 1585 2515 ζημίαν.
1632 2447 1816 2501 Ἀλλὰ

232 2544 352 2612 μὲν
381 2538 497 2596 οὖν
547 2542 644 2595 καὶ
691 2541 946 2609 ἠγοῦμαι
989 2540 1185 2593 πάντα
1240 2538 1450 2608 ζημίαν
1516 2536 1668 2592 εἶναι
1720 2538 1817 2592 διὰ

238 2634 303 2684 τὸ
349 2629 648 2698 ὑπερέχον
697 2630 807 2697 τῆς
853 2628 1127 2699 γνώσεως
1172 2629 1429 2697 Χριστοῦ
1474 2628 1676 2695 Ἰησοῦ
1708 2628 1815 2681 τοῦ

237 2722 461 2787 Κυρίου
520 2717 708 2788 ἡμῶν,
739 2718 826 2771 δι’
879 2718 951 2771 ὃν
976 2716 1048 2770 τὰ
1087 2716 1282 2771 πάντα
1327 2715 1667 2784 ἐζημιώθην,
1716 2718 1814 2770 καὶ

238 2811 497 2881 ἠγοῦμαι
536 2812 811 2865 σκύϐαλα
860 2806 1031 2873 εἶναι,
1088 2810 1188 2862 ἵνα
1226 2809 1483 2877 Χριστὸν
1517 2808 1813 2876 κερδήσω.

238 2904 302 2955 Et
330 2904 441 2973 γὰρ
488 2903 600 2972 (ἵνα
627 2919 677 2954 τι
707 2902 800 2954 καὶ
839 2900 978 2953 εἴπω
1020 2900 1287 2972 τολμηρὸν
1317 2898 1439 2969 μὲν,
1474 2899 1670 2969 ἀληθὲς
1695 2899 1771 2968 δὲ)
1797 2937 1815 2963 ,

239 2996 429 3057 εἰτοίς
491 2994 906 3063 ἐκϐλητοτὰτοις
945 2992 1037 3045 τοῦ
1092 2990 1375 3061 σώματος,
1432 2991 1525 3043 κα).
1568 2991 1815 3043 ἀποπτύ-
1842 3027 1886 3089 C

240 3101 412 3147 στοις,
441 3084 537 3135 καὶ
572 3077 644 3135 ὧν
681 3082 912 3152 μάλιστα
949 3080 1084 3150 πρὸς
1135 3079 1233 3149 τὴν
1274 3078 1627 3150 ἀλλοτρίωσιν
1667 3080 1813 3130 ὲπει-

236 3176 474 3247 γόμεθα,
529 3174 738 3236 τούτοις
784 3172 1145 3243 προσείκασεν
1179 3170 1316 3223 αὐτὰ
1348 3170 1418 3222 τὰ
1472 3169 1622 3239 παρὰ
1678 3167 1812 3222 Θεοῦ

239 3267 382 3337 πρὸς
450 3266 643 3336 καιρὸν
698 3263 958 3332 δεδομένα
1002 3261 1200 3332 νομικὰ
1257 3261 1683 3332 προτερήματα,
1740 3260 1815 3322 ὡς

238 3354 478 3425 ἐμπόδια
532 3355 630 3425 τῆς
678 3353 772 3405 τοῦ
825 3351 1061 3423 Χριστοῦ
1127 3350 1405 3418 γνώσεως,
1468 3348 1701 3416 καὶτῆς
1755 3350 1815 3400 ὲν

236 3447 393 3517 αὐτῷ
451 3444 817 3515 δικαιοσύνης,
886 3445 978 3496 καὶ
1030 3443 1129 3512 τῆς
1183 3442 1318 3514 πρὸς
1364 3442 1592 3494 θάνατον
1654 3441 1816 3494 αὑτοῦ

240 3533 714 3607 ωμμορφὼσεως,
751 3535 803 3586 τί
834 3536 896 3588 ἄν
928 3552 1012 3596 τις
1040 3535 1182 3587 εἴποι
1226 3532 1487 3605 περὶτῶν
1509 3530 1817 3601 ἀνθρώποις

239 3628 359 3699 (45)
426 3626 863 3696 νενομισμένων;
922 3626 1033 3678 Καὶ
1064 3624 1116 3677 τί
1163 3624 1268 3695 χρὴ
1298 3624 1577 3693 λογισμοῖς
1619 3622 1819 3693 ἡμετέ-

241 3737 359 3792 ροις
391 3721 488 3773 καὶ
514 3722 625 3782 τοῖς
649 3718 756 3771 τῶν
784 3719 954 3786 ἁγίων
980 3716 1339 3786 ὑποδείγμασι
1387 3716 1480 3767 τὸν
1523 3714 1681 3783 λόγον
1730 3732 1818 3767 πι-

244 3807 548 3871 meiebat;
603 3806 721 3871 ἐξὸν
769 3806 907 3859 αὐτὰ
958 3803 1299 3874 παραθέσθαι
1349 3805 1443 3857 τοῦ
1499 3804 1705 3872 Κυρίου
1751 3801 1820 3855 τὰ

244 3902 470 3972 ῥήματα
497 3939 512 3962 ,
567 3900 662 3951 καὶ
708 3898 787 3949 δι’
834 3897 1012 3950 αὐτῶν
1061 3896 1157 3967 τὴν
1190 3895 1426 3965 έμφοϐον
1464 3895 1639 3966 ψυχὴν
1693 3895 1819 3947 δυσ-

239 3992 488 4061 ωπῆσαι,
546 3989 732 4059 σαφῶς
759 3989 854 4043 καὶ
884 3990 1286 4060 ἁναντιρῤήτως
1315 3988 1817 4059 διαμαρτυρομένου

242 4087 302 4136 ὲν
351 4082 435 4152 τῷ
477 4082 687 4149 λέγειν’
733 4081 929 4144 Οὕτως
977 4075 1092 4132 οὖν
1118 4077 1237 4144 πᾶς
1273 4079 1343 4143 ἐξ
1372 4076 1557 4146 ὑμῶν,
1594 4078 1661 4143 ὃς
1709 4081 1821 4133 οὐκ

240 4173 661 4228 ἀποτάσσεται
712 4169 865 4225 πᾶσι
911 4170 1036 4235 τοῖς
1088 4169 1304 4222 ἑαυτοῦ
1361 4168 1471 4238 (46)
1514 4169 1821 4238 ὑπάρχου-

238 4281 367 4331 σιν,
434 4268 507 4318 οὐ
561 4264 809 4317 δύναταί
847 4279 967 4331 μου
1002 4259 1153 4315 εἶναι
1171 4262 1468 4329 μαθητής·
1519 4262 1615 4313 καὶ
1660 4260 1821 4314 ἀλλα-

1916 454 2020 508 rat,
2070 445 2225 507 nihil,
2276 444 2422 514 quod
2467 444 2535 497 ad
2587 445 2726 498 hanc
2780 446 2945 500 vitam
2998 447 3243 509 attineat,
3290 463 3485 505 curare

1916 537 2151 606 amplius
2187 543 2389 606 potest,
2428 550 2539 589 non
2584 535 2761 605 ipsum
2798 542 3082 605 parentum
3129 546 3224 591 aut
3261 542 3486 610 pr0pin-

1916 642 2150 697 quorum
2195 641 2461 691 amorem,
2497 628 2542 681 si
2586 626 2801 680 Domini
2842 630 3126 696 prazceptis
3165 630 3485 686 adversetur

1917 719 2069 784 (tunc
2098 717 2244 771 enim
2274 717 2454 771 locum
2484 718 2648 771 etiam
2691 718 2853 772 habet
2894 720 3026 773 illud
3064 739 3076 773 :
3108 719 3167 774 Si
3197 723 3314 791 quis
3349 724 3487 776 venit

1916 807 1986 860 ad
2016 824 2117 871 me,
2168 817 2217 862 et
2262 824 2365 862 non
2412 807 2524 861 odit
2549 817 2753 878 patrem
2799 827 2952 863 suum
2991 821 3041 865 et
3071 824 3293 866 matrem
3317 816 3384 877 ”,
3431 824 3487 869 et

1917 899 2136 967 caetera)
2158 919 2178 969 τε
2206 916 2312 953 non
2341 900 2635 953 humanum
2663 900 2933 966 timorem,
2969 902 3042 955 ita
3063 911 3121 956 ut
3150 904 3297 959 illius
3318 920 3485 960 causa

1917 988 2123 1058 aliquid
2154 988 2365 1041 utilium
2416 988 2767 1043 subtrahatur
2794 1009 2807 1043 :
2838 992 2982 1059 quod
3026 996 3325 1061 praestitere
3360 1012 3487 1049 san-

1917 1079 2013 1143 cti,
2046 1079 2137 1149 qui
2170 1078 2423 1133 dicebant
2452 1099 2464 1134 :
2499 1079 2720 1135 Obedire
2754 1092 2953 1150 oportet
2996 1081 3101 1138 Deo
3137 1088 3304 1156 magis
3329 1104 3487 1157 quam

1917 1168 2217 1224 hominibus
2242 1172 2287 1202 "
2335 1189 2348 1225 :
2397 1187 2506 1225 non
2562 1170 2843 1226 hominum
2904 1174 3258 1243 profanorum
3314 1177 3484 1231 risum

1917 1277 2079 1331 quem
2102 1262 2242 1316 bona
2265 1278 2426 1331 opera
2449 1265 2795 1328 concitarinl,
2821 1267 2901 1321 sic
2937 1274 2993 1318 ut
3015 1282 3203 1321 eorum
3240 1277 3488 1323 contem-

1917 1352 2033 1420 ptui
2068 1352 2244 1406 cedat.
2278 1351 2433 1417 Quod
2477 1352 2523 1407 si
2560 1354 2830 1423 quispiam
2862 1357 2991 1409 velit
3020 1373 3209 1411 eorum
3241 1360 3332 1427 qui
3380 1357 3488 1413 Do-

1890 1442 2126 1494 -minum
2176 1452 2499 1512 sequuntur,
2548 1444 2655 1497 vim
2698 1460 2759 1499 ac
2808 1447 2993 1511 robur,
3038 1463 3163 1501 cum
3212 1449 3488 1509 desiderio

1918 1533 2295 1601 conjunctum,
2339 1537 2653 1590 accuratius
2702 1553 2764 1591 ac
2793 1538 3088 1594 dilucidius
3129 1556 3484 1610 cognoscere,

1918 1625 2229 1679 meminerit
2271 1627 2537 1697 Apostoli,
2582 1628 2673 1697 qui
2725 1629 2792 1683 ad
2836 1631 3113 1686 docendos
3152 1649 3253 1687 nos
3301 1643 3487 1688 narrat

1916 1731 2035 1785 quae
2068 1716 2135 1770 ad
2177 1733 2236 1773 se
2280 1718 2616 1786 spectabant,
2658 1734 2721 1773 ac
2774 1721 2907 1776 dicit
2951 1743 2963 1777 :
3026 1722 3086 1777 Si
3122 1727 3238 1795 quis
3284 1725 3487 1779 videtur

1917 1804 2175 1883 conﬁdere
2216 1807 2270 1859 in
2310 1825 2486 1872 carne,
2526 1826 2619 1879 ego
2666 1812 2872 1880 magis:
2913 1814 3255 1867 circumcisus
3304 1826 3486 1870 octavo

1916 1896 2019 1959 die,
2054 1912 2119 1949 ex
2154 1914 2337 1966 genere
2371 1898 2564 1965 Israel,
2605 1902 2668 1955 de
2714 1901 2851 1955 tribu
2884 1901 3186 1970 Benjamin,
3231 1903 3485 1960 llebra'us

1914 2001 1979 2039 ex
2008 1986 2270 2051 Hebrieis,
2312 1992 2594 2044 secundum
2627 1992 2785 2062 legem
2816 1992 3122 2048 Pharisa’us
3152 2011 3170 2047 :
3200 1996 3485 2049 secundum

1916 2079 2303 2133 wmulationem
2334 2097 2640 2153 persequens
2676 2084 2988 2148 Ecclesiam,
3017 2086 3301 2139 secundum
3319 2087 3489 2155 justi-

1917 2170 2046 2221 tiam
2069 2187 2182 2239 qua:
2202 2172 2255 2224 in
2284 2173 2391 2241 lege
2417 2185 2514 2237 est,
2548 2183 2882 2228 conversatus
2918 2176 3031 2229 sine
3055 2177 3483 2245 reprehensione:

1917 2260 2007 2313 sed
2035 2277 2152 2329 qua:
2185 2262 2313 2314 mihi
2338 2273 2489 2316 erant
2525 2268 2692 2329 lucra,
2732 2265 2840 2317 lucc
2883 2265 3175 2317 arbitratus
3209 2282 3323 2318 sum
3363 2281 3487 2333 pro-

1916 2359 2028 2418 pter
2051 2351 2318 2405 Christum
2344 2355 2678 2409 detrimenta.
2719 2356 3081 2409 Verumtamen
3103 2358 3348 2410 existimo
3370 2374 3483 2409 om-

1916 2444 2006 2494 nia
2056 2442 2425 2497 detrimentum
2467 2463 2577 2500 esse
2604 2456 2812 2515 propter
2853 2448 3159 2501 eminentem
3208 2450 3484 2503 scientiam

1913 2530 2042 2586 Jesu
2074 2534 2269 2589 Christi
2301 2536 2512 2590 Domini
2537 2540 2745 2591 nostri:
2774 2551 2982 2607 propter
3005 2557 3156 2609 quem
3186 2541 3367 2594 omnia
3395 2541 3488 2595 de-

1918 2627 2219 2680 trimentum
2251 2628 2373 2697 feci,
2415 2641 2464 2683 et
2493 2630 2726 2683 arbitror
2747 2642 2979 2686 stercora
2998 2650 3109 2687 esse
3137 2644 3191 2686 ut
3216 2631 3486 2688 Christum

1917 2714 2248 2785 lucrifaciam
2269 2718 2335 2771 ²³.
2368 2720 2579 2773 Etenim
2600 2720 2679 2789 (ut
2700 2722 2949 2775 nonnihil
2980 2723 3259 2786 audacter,
3278 2731 3328 2775 at
3362 2739 3489 2778 vere

1916 2814 2099 2861 tamen
2148 2808 2393 2879 eloquar)
2431 2811 2477 2865 si
2524 2812 2817 2881 Apostolus
2860 2814 2977 2881 ipsa
3023 2815 3155 2883 legis
3204 2815 3487 2884 privilegia

1917 2911 2037 2965 quae
2066 2898 2132 2951 ad
2154 2906 2370 2969 tempus
2395 2902 2594 2954 tradita
2619 2910 2797 2968 erant,
2821 2905 3155 2974 comparavit
3177 2921 3302 2959 cum
3331 2922 3487 2976 spur-

1917 2988 2159 3044 cissimis
2192 2992 2437 3061 corporis
2479 2992 2757 3053 sordibus.
2791 3010 2930 3064 quas
2972 3007 3025 3050 et
3056 3012 3395 3061 aversamur,
3429 3009 3484 3054 et

1918 3096 1947 3133 a
1970 3081 2129 3136 nobis
2162 3082 2427 3139 citissime
2472 3101 2831 3145 removemus.
2876 3087 3020 3156 quod
3047 3088 3297 3143 videlicet
3326 3091 3488 3145 obes-

1918 3178 2040 3225 sent
2070 3170 2277 3227 Christi
2322 3173 2644 3242 cognitioni,
2682 3175 2839 3242 eique
2887 3191 3006 3243 qua?
3029 3175 3081 3227 in
3123 3175 3241 3243 ipso
3282 3183 3364 3229 est
3392 3174 3484 3243 ju-

1919 3262 2102 3326 stitiae,
2136 3270 2190 3317 et
2222 3272 2423 3317 nostrae
2473 3264 2538 3317 ad
2571 3264 2744 3333 ipsius
2778 3275 3005 3318 mortem
3037 3265 3483 3329 conformationi,

1918 3353 2049 3424 quid
2085 3353 2210 3423 quis
2243 3354 2441 3408 dixerit
2485 3354 2553 3408 de
2601 3354 2881 3407 hominum
2923 3354 3227 3409 institutis?
3264 3354 3329 3409 Et
3356 3358 3487 3425 quid

1918 3460 2058 3516 opus
2106 3454 2193 3501 est
2242 3447 2450 3501 nostris
2497 3446 3014 3500 ratiocinationibus
3072 3457 3124 3500 et
3170 3455 3484 3503 sanctorum

1919 3537 2181 3607 exemplis
2229 3537 2554 3591 confirmare
2608 3538 2954 3592 sermonem?
2997 3552 3119 3591 cum
3171 3539 3287 3608 ipsa
3330 3539 3491 3593 liceat

1920 3626 2114 3681 afferre
2160 3626 2373 3681 Domini
2428 3628 2634 3690 verba,
2684 3627 2861 3696 iisque
2920 3627 3197 3682 timentem
3249 3628 3488 3682 animam

1920 3718 2246 3771 convincere
2274 3736 2285 3771 :
2322 3718 2521 3786 quibus
2556 3716 2672 3771 heec
2700 3724 2884 3786 aperte
2917 3732 2979 3771 ac
3008 3719 3287 3772 evidenter
3321 3726 3490 3772 testa-

1922 3817 2032 3871 tur,
2065 3810 2156 3863 ubi
2186 3809 2315 3863 dicit
2344 3828 2355 3862 :
2394 3807 2482 3863 Sic
2511 3826 2634 3877 ergo
2669 3810 2839 3862 omnis
2871 3824 2935 3862 ea:
2959 3810 3121 3872 vobis,
3152 3811 3240 3878 qui
3275 3826 3377 3862 non
3408 3825 3489 3862 re-

1922 3901 2133 3954 nuntiat
2164 3900 2402 3954 omnibus
2433 3917 2547 3969 qua:
2574 3899 2823 3966 possidet,
2867 3917 2969 3953 non
2992 3909 3161 3966 potest
3196 3917 3339 3954 meus
3378 3917 3491 3955 esse

1922 3991 2213 4060 discipulus
2235 3993 2301 4046 ’⁸.
2338 3990 2405 4044 Ει
2455 3990 2581 4045 alibi
2638 3998 2761 4060 post
2810 3989 2963 4053 illud,
3016 3989 3077 4045 Si
3119 3991 3193 4043 vis
3228 3989 3489 4059 perfectus

1922 4096 2052 4145 esse,
2086 4084 2239 4153 prius
2281 4082 2536 4136 dixerat:
2577 4079 2742 4143 Vade,
2794 4078 2952 4134 vende
2986 4095 3101 4149 qua:
3124 4078 3304 4143 habes,
3337 4089 3387 4132 et
3419 4078 3491 4131 da

1922 4172 2273 4242 pauperibus;
2302 4181 2525 4241 tumque
2558 4170 2840 4238 subjunxit
2871 4188 2884 4222 :
2918 4168 3067 4233 Veni,
3098 4182 3307 4240 sequere
3328 4170 3486 4223 me”.

1923 4267 2101 4336 Atque
2147 4267 2309 4321 etiam
2368 4264 2693 4319 mercatoris
2748 4262 3004 4333 parabola
3046 4262 3151 4315 huc
3179 4261 3342 4333 350
3368 4277 3492 4331 spe-

243 4359 341 4429 χοῦ
394 4357 536 4428 μετὰ
583 4357 663 4421 τὸ,
716 4356 785 4408 El
832 4356 1028 4419 θέλεις
1061 4352 1290 4418 τέλειος
1346 4350 1518 4418 εἶναι,
1555 4352 1815 4423 πρότερον

1923 4369 2073 4413 ctare
2104 4359 2276 4412 cuivis
2306 4370 2462 4426 aequo
2498 4371 2680 4410 rerum
2717 4355 3033 4409 aestimatori
3074 4352 3363 4407 videbitur.
3400 4350 3492 4406 Sid

240 4451 511 4511 εἰπόντος’
550 4449 801 4516 Ὕπαγε,
843 4444 1131 4511 πώλησόν
1179 4457 1295 4497 σου
1339 4441 1412 4495 τὰ
1448 4441 1818 4510 ὑπάρχοντα,

241 4540 341 4594 καὶ
365 4539 472 4605 δὸς
505 4536 762 4605 πτωχοῖς
788 4554 799 4567 ·
831 4537 926 4589 καὶ
957 4535 1076 4587 τότε
1106 4532 1475 4601 ἐπαγαγόντος
1506 4532 1591 4594 τὸ,
1615 4532 1817 4598 Δεῦρο,

242 4631 567 4685 ἀκολούθει
611 4644 739 4697 μοι.
777 4628 947 4697 Kal-1]
1004 4624 1284 4696 παραϐολὴ
1334 4623 1389 4675 δὲ
1435 4623 1528 4675 τοῦ
1576 4624 1819 4693 ἐμπόρου

242 4722 411 4771 παντὶ
462 4719 642 4788 σαφής
687 4716 797 4785 (47)
838 4717 952 4767 ἐστι
996 4714 1073 4784 τῷ
1119 4713 1426 4782 εὐγνώμονι
1467 4712 1603 4781 πρὸς
1655 4711 1818 4763 τοῦτο

243 4810 511 4883 φέρουσα.
556 4810 756 4877 Ὁμοία
783 4808 889 4877 γάρ
909 4806 1059 4868 ἐστι,
1099 4805 1284 4875 φησὶν,
1323 4805 1362 4869 ὴ
1386 4804 1673 4867 ,ϐασιλεία
1704 4802 1820 4855 τῶν

243 4899 520 4969 οὐραγῶν
578 4898 864 4967 ἀνθρώπῳ
935 4896 1169 4966 ἐμπόρῳ
1199 4937 1214 4961 ,
1255 4892 1525 4961 ζητοῦντι
1590 4897 1818 4962 καλοὺς

1924 4448 2047 4501 mile
2078 4458 2155 4502 est
2186 4450 2352 4510 enim,
2388 4448 2585 4516 inquit,
2636 4462 2846 4515 regnum
2889 4445 3134 4497 ccrlorum
3174 4443 3371 4497 homini
3404 4457 3492 4496 nev

1922 4543 2190 4613 gotiatori,
2223 4542 2478 4609 qua'renti
2510 4540 2672 4593 bonas
2699 4540 3051 4608 margaritas;
3084 4539 3289 4591 inventa
3318 4546 3493 4589 autem

1924 4644 2028 4681 una
2053 4630 2283 4697 pretiosa
2311 4630 2628 4699 margarita,
2662 4630 2812 4694 abiit,
2837 4635 2884 4681 et
2916 4626 3142 4680 vendidit
3169 4627 3345 4679 omnia
3375 4641 3493 4693 quo:

1925 4716 2127 4778 habuit,
2173 4726 2223 4770 et
2276 4719 2396 4771 emit
2432 4734 2548 4770 eam
2570 4718 2635 4769 “.
2676 4715 2903 4769 Planum
2947 4724 3030 4769 est
3074 4714 3217 4768 enim
3267 4729 3490 4781 regnum

1925 4807 2150 4861 cceleste
2202 4823 2299 4876 per
2356 4808 2649 4877 pretiosam
2713 4806 3065 4875 margaritam
3117 4803 3429 4857 adumbrari
3468 4820 3491 4859 -:

1924 4899 2069 4969 quod
2122 4915 2225 4955 nos
2285 4900 2505 4969 assequi
2568 4913 2676 4953 non
2721 4912 2884 4967 posse
2941 4896 3221 4950 declarant
3275 4893 3493 4950 Domini

317 5034 516 5086 "Luc.
557 5048 669 5094 xxv,
703 5032 794 5088 26.
868 5031 1034 5086 "Act.
1068 5032 1222 5097 v,29.
1300 5031 1601 5101 "Philipp.
1681 5050 1765 5099 ιιι,
1800 5036 1815 5088 l

1919 5075 1922 5087 .
2000 5037 2046 5067 “
2090 5037 2220 5091 Luc.
2260 5052 2372 5101 xiv,
2410 5038 2498 5092 55.
2575 5037 2621 5068 ’⁸
2660 5034 2847 5089 Matth.
2884 5050 2973 5089 xix
2998 5074 3011 5090 .
3046 5032 3139 5089 2i.
3213 5035 3258 5065 ³³
3295 5031 3488 5087 Matth.

244 5118 346 5158 xui
367 5147 381 5171 ,
416 5104 491 5158 45
510 5142 526 5167 ,
583 5103 671 5156 46.

319 5242 435 5311 (45)
466 5239 646 5295 Editio
684 5240 849 5295 Basil.
896 5239 1118 5310 perinde
1148 5246 1207 5293 ut
1239 5240 1415 5311 Paris.
1446 5241 1539 5311 ἐπὶ
1570 5241 1683 5311 τοῖς
1716 5256 1815 5291 κα-

245 5309 387 5374 κοῖς,
416 5309 527 5382 quo
560 5311 697 5365 nihil
727 5309 957 5382 alienius
980 5318 1071 5365 aut
1095 5312 1351 5378 ineptius.
1380 5309 1573 5382 Egilio,
1594 5310 1723 5382 Ven.
1745 5316 1818 5382 ﬂet

246 5378 631 5504 gdcx’iloss.
663 5389 718 5435 et
762 5380 1007 5437 Combef.
1039 5389 1092 5437 et
1140 5382 1231 5435 alii
1277 5384 1385 5436 duo
1426 5378 1578 5450 Regii
1612 5378 1815 5442 καλοῖς,

321 5466 407 5504 ne.

321 5466 407 5504 ne.

322 5520 437 5589 (44)
470 5518 753 5573 Editiones
782 5519 1157 5589 veteresana
1188 5538 1331 5576 τινα.
1361 5520 1539 5574 Codex
1567 5517 1813 5589 Combef.

245 5596 303 5643 et
338 5588 445 5660 alii
485 5591 596 5643 duo
626 5590 960 5660 ἀλλἰἂτινα.
995 5588 1186 5644 Statim
1241 5593 1371 5660 Reg.
1419 5593 1613 5643 tertius
1655 5588 1818 5660 ’ᾼλλὲι

250 5659 515 5729 μενοῦνγε
543 5660 658 5713 καί.
686 5658 889 5713 Ibidem
917 5669 1029 5715 tres
1051 5677 1186 5715 mss.
1208 5664 1278 5714 τὰ
1316 5657 1509 5716 πάντα.
1538 5660 1657 5714 Mox
1683 5657 1815 5730 Reg.

577 5756 852 5818 Ρηιιοι..
892 5755 1012 5819 Gn.
1044 5758 1286 5820 XXXI.

1923 5231 2375 5307 primus__Kupiou_
2396 5248 2518 5301 μου,
2552 5230 2764 5307 Domini
2790 5231 2908 5307 mei.

1995 5304 2107 5375 (45)
2135 5294 2269 5375 μεθ’.
2297 5294 2666 5375 ρτίιιιιιεμπερὶ
2694 5300 2799 5375 τῷν
2828 5302 2885 5352 ὲν
2917 5294 3243 5369 ἀνθρώποις.

1995 5371 2106 5441 (46)
2134 5371 2279 5425 idem
2312 5386 2415 5441 ms.
2447 5372 2557 5433 τοῖς
2588 5371 2784 5440 ἐαυτῷ.

1996 5433 2105 5514 (47)
2140 5442 2316 5514 Editio
2348 5433 2747 5514 _Basil.__a:que'
2771 5455 2836 5493 ac
2887 5437 3254 5514 Pari_s._rtav'ri
3299 5433 3491 5514 σας-σός,

1923 5506 2104 5568 Colles
2134 5508 2379 5565 Comhef.
2413 5519 2466 5563 et
2510 5510 2600 5562 alii
2636 5506 2973 5580 ιιεδραφής.
3008 5506 3212 5580 Ibidem
3257 5507 3496 5580 antiquae

1923 5584 2195 5638 editiones
2218 5589 2270 5633 et
2296 5580 2403 5649 duo
2425 5595 2559 5634 mss.
2587 5578 2693 5632 τῶν
2717 5571 3091 5649 εὔγνωμόνων.
3121 5575 3253 5648 Reg.
3285 5571 3496 5647 primus

1924 5663 1977 5709 et
2012 5652 2167 5709 Voss.
2205 5658 2259 5706 et
2287 5648 2439 5705 Colb.
2474 5650 2553 5719 τῷ
2582 5648 2898 5719 εὐγνώμονι.

3149 5743 3228 5804 30
