  <div class='ocr_page' id='page_1' title='image "/cluster/home/n/w/nwhite01/storage/ocr_20150623/31/mdp.39015012934363/482.png"; bbox 0 0 3948 6240; ppageno 0'>
   <div class='ocr_carea' id='block_1_1' title="bbox 218 247 298 300">
    <p class='ocr_par' dir='ltr' id='par_1_1' title="bbox 218 247 298 300">
     <span class='ocr_line' id='line_1_1' title="bbox 218 247 298 300; baseline -0.013 0"><span class='ocrx_word' id='word_1_1' title='bbox 218 247 298 300; x_wconf 77' lang='lat'><strong>9“</strong></span> 
     </span>
    </p>
   </div>
   <div class='ocr_carea' id='block_1_2' title="bbox 1252 235 2292 300">
    <p class='ocr_par' dir='ltr' id='par_1_2' title="bbox 1252 235 2292 300">
     <span class='ocr_line' id='line_1_2' title="bbox 1252 235 2292 300; baseline -0.007 -2"><span class='ocrx_word' id='word_1_2' title='bbox 1252 243 1552 300; x_wconf 69' lang='lat' dir='ltr'><strong>REGULA&#39;J</strong></span> <span class='ocrx_word' id='word_1_3' title='bbox 1589 239 1836 298; x_wconf 81' lang='lat' dir='ltr'><strong>FUSIUS</strong></span> <span class='ocrx_word' id='word_1_4' title='bbox 1877 235 2292 294; x_wconf 70' lang='lat' dir='ltr'><strong>TRACTATAE.</strong></span> 
     </span>
    </p>
   </div>
   <div class='ocr_carea' id='block_1_3' title="bbox 3331 227 3434 284">
    <p class='ocr_par' dir='ltr' id='par_1_3' title="bbox 3331 227 3434 284">
     <span class='ocr_line' id='line_1_3' title="bbox 3331 227 3434 284; baseline -0.019 0"><span class='ocrx_word' id='word_1_5' title='bbox 3331 227 3434 284; x_wconf 58' lang='grc' dir='ltr'><strong>δ’λῖ</strong></span> 
     </span>
    </p>
   </div>
   <div class='ocr_carea' id='block_1_4' title="bbox 216 342 1800 434">
    <p class='ocr_par' dir='ltr' id='par_1_4' title="bbox 216 359 1776 434">
     <span class='ocr_line' id='line_1_4' title="bbox 216 359 1776 434; baseline -0.002 -19"><span class='ocrx_word' id='word_1_6' title='bbox 216 364 578 433; x_wconf 81' lang='grc' dir='ltr'>συγχωρεῖται.</span> <span class='ocrx_word' id='word_1_7' title='bbox 617 359 725 415; x_wconf 60' lang='grc' dir='ltr'>οῗον</span> <span class='ocrx_word' id='word_1_8' title='bbox 749 363 973 434; x_wconf 75' lang='grc' dir='ltr'>τροφῆς,</span> <span class='ocrx_word' id='word_1_9' title='bbox 1011 363 1102 416; x_wconf 70' lang='grc' dir='ltr'>καὶ</span> <span class='ocrx_word' id='word_1_10' title='bbox 1141 364 1450 434; x_wconf 78' lang='grc' dir='ltr'>ἐνδύματος,</span> <span class='ocrx_word' id='word_1_11' title='bbox 1484 363 1657 431; x_wconf 73' lang='grc' dir='ltr'>τούτῳ</span> <span class='ocrx_word' id='word_1_12' title='bbox 1693 361 1776 423; x_wconf 77' lang='grc' dir='ltr'><strong>τίς</strong></span> 
     </span>
    </p>
   </div>
   <div class='ocr_carea' id='block_1_5' title="bbox 1913 342 3433 434">
    <p class='ocr_par' dir='ltr' id='par_1_5' title="bbox 1913 342 3433 414">
     <span class='ocr_line' id='line_1_5' title="bbox 1913 342 3433 414; baseline -0.006 -2"><span class='ocrx_word' id='word_1_13' title='bbox 1913 359 2043 412; x_wconf 89' lang='lat' dir='ltr'><strong>ebus</strong></span> <span class='ocrx_word' id='word_1_14' title='bbox 2083 355 2411 412; x_wconf 83' lang='lat' dir='ltr'><strong>necessariis</strong></span> <span class='ocrx_word' id='word_1_15' title='bbox 2447 342 2698 412; x_wconf 5' lang='lat' dir='ltr'><strong>isonicito</strong></span> <span class='ocrx_word' id='word_1_16' title='bbox 2748 367 2871 408; x_wconf 91' lang='lat' dir='ltr'><strong>esse</strong></span> <span class='ocrx_word' id='word_1_17' title='bbox 2899 351 3044 414; x_wconf 90' lang='lat' dir='ltr'><strong>licet,</strong></span> <span class='ocrx_word' id='word_1_18' title='bbox 3080 349 3243 404; x_wconf 91' lang='lat' dir='ltr'><strong>veluti</strong></span> <span class='ocrx_word' id='word_1_19' title='bbox 3288 349 3433 406; x_wconf 79' lang='lat' dir='ltr'><strong>victu</strong></span> 
     </span>
    </p>
   </div>
   <div class='ocr_carea' id='block_1_6' title="bbox 215 450 1776 526">
    <p class='ocr_par' dir='ltr' id='par_1_6' title="bbox 215 450 1776 526">
     <span class='ocr_line' id='line_1_6' title="bbox 215 450 1776 526; baseline -0.002 -18"><span class='ocrx_word' id='word_1_20' title='bbox 215 453 478 524; x_wconf 65' lang='grc' dir='ltr'>ἐπιτρέπει</span> <span class='ocrx_word' id='word_1_21' title='bbox 525 453 701 521; x_wconf 82' lang='grc' dir='ltr'>λόγος,</span> <span class='ocrx_word' id='word_1_22' title='bbox 741 450 847 506; x_wconf 75' lang='grc' dir='ltr'>οἷον</span> <span class='ocrx_word' id='word_1_23' title='bbox 878 454 1139 519; x_wconf 76' lang='grc' dir='ltr'><strong>ἀκάνθαις</strong></span> <span class='ocrx_word' id='word_1_24' title='bbox 1167 454 1485 526; x_wconf 79' lang='grc' dir='ltr'><strong>συνέχεσθαι</strong></span> <span class='ocrx_word' id='word_1_25' title='bbox 1515 456 1776 526; x_wconf 76' lang='grc' dir='ltr'><strong>πονηραῖς</strong></span> 
     </span>
    </p>
   </div>
   <div class='ocr_carea' id='block_1_7' title="bbox 216 544 1776 617">
    <p class='ocr_par' dir='ltr' id='par_1_7' title="bbox 216 544 1776 617">
     <span class='ocr_line' id='line_1_7' title="bbox 216 544 1776 617; baseline -0.001 -18"><span class='ocrx_word' id='word_1_26' title='bbox 216 548 321 609; x_wconf 82' lang='grc' dir='ltr'>ταῖς</span> <span class='ocrx_word' id='word_1_27' title='bbox 351 545 642 616; x_wconf 77' lang='grc' dir='ltr'><strong>μερίμναις</strong></span> <span class='ocrx_word' id='word_1_28' title='bbox 678 545 772 598; x_wconf 85' lang='grc' dir='ltr'><strong>τοῦ</strong></span> <span class='ocrx_word' id='word_1_29' title='bbox 801 545 1030 598; x_wconf 82' lang='grc' dir='ltr'>πλούτου</span> <span class='ocrx_word' id='word_1_30' title='bbox 1056 586 1070 610; x_wconf 92' lang='grc'><strong>,</strong></span> <span class='ocrx_word' id='word_1_31' title='bbox 1099 547 1198 617; x_wconf 79' lang='grc' dir='ltr'>τῆς</span> <span class='ocrx_word' id='word_1_32' title='bbox 1241 548 1390 616; x_wconf 76' lang='grc' dir='ltr'>παρὰ</span> <span class='ocrx_word' id='word_1_33' title='bbox 1417 545 1509 598; x_wconf 78' lang='grc' dir='ltr'><strong>τοῦ</strong></span> <span class='ocrx_word' id='word_1_34' title='bbox 1531 544 1776 616; x_wconf 76' lang='grc' dir='ltr'><strong>γεωργοῦ</strong></span> 
     </span>
    </p>
   </div>
   <div class='ocr_carea' id='block_1_8' title="bbox 215 635 1782 710">
    <p class='ocr_par' dir='ltr' id='par_1_8' title="bbox 215 635 1782 710">
     <span class='ocr_line' id='line_1_8' title="bbox 215 635 1782 710; baseline 0.002 -23"><span class='ocrx_word' id='word_1_35' title='bbox 215 635 310 687; x_wconf 86' lang='grc' dir='ltr'><strong>τῶν</strong></span> <span class='ocrx_word' id='word_1_36' title='bbox 331 635 514 704; x_wconf 76' lang='grc' dir='ltr'>ψυχῶν</span> <span class='ocrx_word' id='word_1_37' title='bbox 546 635 703 705; x_wconf 81' lang='grc' dir='ltr'>ἡμῶν</span> <span class='ocrx_word' id='word_1_38' title='bbox 728 637 1266 708; x_wconf 80' lang='grc' dir='ltr'>ὲγκαταϐαλλομένης</span> <span class='ocrx_word' id='word_1_39' title='bbox 1301 640 1504 710; x_wconf 79' lang='grc' dir='ltr'>σπορᾶς</span> <span class='ocrx_word' id='word_1_40' title='bbox 1531 637 1628 708; x_wconf 77' lang='grc' dir='ltr'>τὴν</span> <span class='ocrx_word' id='word_1_41' title='bbox 1648 655 1782 710; x_wconf 90' lang='grc' dir='ltr'>καρ-</span> 
     </span>
    </p>
   </div>
   <div class='ocr_carea' id='block_1_9' title="bbox 218 726 1779 800">
    <p class='ocr_par' dir='ltr' id='par_1_9' title="bbox 218 726 1779 800">
     <span class='ocr_line' id='line_1_9' title="bbox 218 726 1779 800; baseline 0.003 -22"><span class='ocrx_word' id='word_1_42' title='bbox 218 726 468 797; x_wconf 81' lang='grc' dir='ltr'>ποφορίαν</span> <span class='ocrx_word' id='word_1_43' title='bbox 512 727 968 796; x_wconf 73' lang='grc' dir='ltr'>ὲμποδιζούσαιςς</span> <span class='ocrx_word' id='word_1_44' title='bbox 1055 729 1147 782; x_wconf 87' lang='grc' dir='ltr'><strong>τοῦ</strong></span> <span class='ocrx_word' id='word_1_45' title='bbox 1200 731 1404 798; x_wconf 81' lang='grc' dir='ltr'>Κυρίου</span> <span class='ocrx_word' id='word_1_46' title='bbox 1457 731 1616 800; x_wconf 81' lang='grc' dir='ltr'>ἡμῶν</span> <span class='ocrx_word' id='word_1_47' title='bbox 1667 730 1779 800; x_wconf 83' lang='grc'>(56)</span> 
     </span>
    </p>
   </div>
   <div class='ocr_carea' id='block_1_10' title="bbox 218 815 1780 887">
    <p class='ocr_par' dir='ltr' id='par_1_10' title="bbox 218 815 1780 887">
     <span class='ocr_line' id='line_1_10' title="bbox 218 815 1780 887; baseline 0.003 -17"><span class='ocrx_word' id='word_1_48' title='bbox 218 818 468 880; x_wconf 84' lang='grc' dir='ltr'>εἰπόντος·</span> <span class='ocrx_word' id='word_1_49' title='bbox 504 815 678 873; x_wconf 82' lang='grc' dir='ltr'>Οὗτοι</span> <span class='ocrx_word' id='word_1_50' title='bbox 709 819 774 874; x_wconf 85' lang='grc' dir='ltr'>δέ</span> <span class='ocrx_word' id='word_1_51' title='bbox 804 823 962 874; x_wconf 73' lang='grc' dir='ltr'>εἰσιν</span> <span class='ocrx_word' id='word_1_52' title='bbox 983 824 1038 874; x_wconf 86' lang='grc' dir='ltr'>οἱ</span> <span class='ocrx_word' id='word_1_53' title='bbox 1066 825 1152 887; x_wconf 85' lang='grc' dir='ltr'><strong>εἰς</strong></span> <span class='ocrx_word' id='word_1_54' title='bbox 1185 823 1290 887; x_wconf 83' lang='grc' dir='ltr'>τὰς</span> <span class='ocrx_word' id='word_1_55' title='bbox 1320 823 1586 886; x_wconf 78' lang='grc' dir='ltr'><strong>ἀκάνθας</strong></span> <span class='ocrx_word' id='word_1_56' title='bbox 1622 837 1780 876; x_wconf 81' lang='grc' dir='ltr'>σπα-</span> 
     </span>
    </p>
   </div>
   <div class='ocr_carea' id='block_1_11' title="bbox 215 908 1782 981">
    <p class='ocr_par' dir='ltr' id='par_1_11' title="bbox 215 908 1782 981">
     <span class='ocr_line' id='line_1_11' title="bbox 215 908 1782 981; baseline 0.003 -20"><span class='ocrx_word' id='word_1_57' title='bbox 215 908 434 978; x_wconf 80' lang='grc' dir='ltr'>ρέντες,</span> <span class='ocrx_word' id='word_1_58' title='bbox 478 910 536 962; x_wconf 79' lang='grc' dir='ltr'>οἳ</span> <span class='ocrx_word' id='word_1_59' title='bbox 575 910 694 964; x_wconf 79' lang='grc' dir='ltr'><strong>ὑπὸ</strong></span> <span class='ocrx_word' id='word_1_60' title='bbox 743 911 1041 981; x_wconf 80' lang='grc' dir='ltr'>μεριμνῶν</span> <span class='ocrx_word' id='word_1_61' title='bbox 1083 913 1179 966; x_wconf 77' lang='grc' dir='ltr'>καὶ</span> <span class='ocrx_word' id='word_1_62' title='bbox 1217 914 1483 966; x_wconf 80' lang='grc' dir='ltr'>πλούτου</span> <span class='ocrx_word' id='word_1_63' title='bbox 1519 913 1614 966; x_wconf 82' lang='grc' dir='ltr'>καὶ</span> <span class='ocrx_word' id='word_1_64' title='bbox 1644 913 1782 980; x_wconf 76' lang='grc' dir='ltr'>ἡδο-</span> 
     </span>
    </p>
   </div>
   <div class='ocr_carea' id='block_1_12' title="bbox 218 1001 1779 1074">
    <p class='ocr_par' dir='ltr' id='par_1_12' title="bbox 218 1001 1779 1074">
     <span class='ocr_line' id='line_1_12' title="bbox 218 1001 1779 1074; baseline 0.003 -20"><span class='ocrx_word' id='word_1_65' title='bbox 218 1001 330 1054; x_wconf 82' lang='grc' dir='ltr'><strong>νῶν</strong></span> <span class='ocrx_word' id='word_1_66' title='bbox 374 1002 480 1056; x_wconf 88' lang='grc' dir='ltr'><strong>τοῦ</strong></span> <span class='ocrx_word' id='word_1_67' title='bbox 517 1003 660 1067; x_wconf 79' lang='grc' dir='ltr'>,ϐίου</span> <span class='ocrx_word' id='word_1_68' title='bbox 693 1006 1162 1073; x_wconf 79' lang='grc' dir='ltr'>συμπνίγοντίιι,</span> <span class='ocrx_word' id='word_1_69' title='bbox 1224 1006 1321 1058; x_wconf 80' lang='grc' dir='ltr'>καὶ</span> <span class='ocrx_word' id='word_1_70' title='bbox 1373 1007 1444 1059; x_wconf 87' lang='grc' dir='ltr'>οὐ</span> <span class='ocrx_word' id='word_1_71' title='bbox 1489 1008 1779 1074; x_wconf 64' lang='grc' dir='ltr'>τελεσφο-</span> 
     </span>
    </p>
   </div>
   <div class='ocr_carea' id='block_1_13' title="bbox 218 1109 449 1158">
    <p class='ocr_par' dir='ltr' id='par_1_13' title="bbox 218 1109 449 1158">
     <span class='ocr_line' id='line_1_13' title="bbox 218 1109 449 1158; baseline 0.004 -14"><span class='ocrx_word' id='word_1_72' title='bbox 218 1109 449 1158; x_wconf 83' lang='grc' dir='ltr'>ρουσιν.</span> 
     </span>
    </p>
   </div>
   <div class='ocr_carea' id='block_1_14' title="bbox 779 1229 1224 1283">
    <p class='ocr_par' dir='ltr' id='par_1_14' title="bbox 779 1229 1224 1283">
     <span class='ocr_line' id='line_1_14' title="bbox 779 1229 1224 1283; baseline 0.002 -1"><span class='ocrx_word' id='word_1_73' title='bbox 779 1231 1111 1283; x_wconf 84' lang='grc' dir='ltr'><strong>ΕΡΩΤΗΣΙΣ</strong></span> <span class='ocrx_word' id='word_1_74' title='bbox 1149 1229 1224 1283; x_wconf 75' lang='lat'><strong>9&#39;.</strong></span> 
     </span>
    </p>
   </div>
   <div class='ocr_carea' id='block_1_15' title="bbox 222 1321 1784 1393">
    <p class='ocr_par' dir='ltr' id='par_1_15' title="bbox 222 1321 1784 1393">
     <span class='ocr_line' id='line_1_15' title="bbox 222 1321 1784 1393; baseline 0.002 -17"><span class='ocrx_word' id='word_1_75' title='bbox 222 1323 285 1376; x_wconf 82' lang='lat' dir='ltr'><strong>El</strong></span> <span class='ocrx_word' id='word_1_76' title='bbox 317 1321 450 1393; x_wconf 60' lang='grc' dir='ltr'><strong>χρὴΔ</strong></span> <span class='ocrx_word' id='word_1_77' title='bbox 469 1321 574 1375; x_wconf 84' lang='grc' dir='ltr'><strong>τὸν</strong></span> <span class='ocrx_word' id='word_1_78' title='bbox 631 1327 1089 1393; x_wconf 73' lang='grc' dir='ltr'>συναπτόμενον</span> <span class='ocrx_word' id='word_1_79' title='bbox 1124 1327 1249 1392; x_wconf 83' lang='grc' dir='ltr'>τοῖς</span> <span class='ocrx_word' id='word_1_80' title='bbox 1286 1325 1364 1391; x_wconf 85' lang='grc' dir='ltr'>τῷ</span> <span class='ocrx_word' id='word_1_81' title='bbox 1415 1327 1610 1392; x_wconf 57' lang='grc' dir='ltr'>Κυρίῳ</span> <span class='ocrx_word' id='word_1_82' title='bbox 1638 1328 1784 1379; x_wconf 80' lang='grc' dir='ltr'><strong>ἀνα-</strong></span> 
     </span>
    </p>
   </div>
   <div class='ocr_carea' id='block_1_16' title="bbox 287 1390 1790 1466">
    <p class='ocr_par' dir='ltr' id='par_1_16' title="bbox 287 1390 1790 1466">
     <span class='ocr_line' id='line_1_16' title="bbox 287 1390 1790 1466; baseline 0.003 -22"><span class='ocrx_word' id='word_1_83' title='bbox 287 1390 580 1466; x_wconf 56' lang='grc' dir='ltr'>κειμένο-ις</span> <span class='ocrx_word' id='word_1_84' title='bbox 610 1390 1005 1462; x_wconf 56' lang='grc' dir='ltr'>προσαριέὶεαι</span> <span class='ocrx_word' id='word_1_85' title='bbox 1051 1390 1398 1466; x_wconf 8' lang='grc' dir='ltr'>ἀδιαφόρως(</span> <span class='ocrx_word' id='word_1_86' title='bbox 1437 1390 1790 1465; x_wconf 41' lang='grc' dir='ltr'>τοῖς-ἀγνώ-</span> 
     </span>
    </p>
   </div>
   <div class='ocr_carea' id='block_1_17' title="bbox 279 1460 1602 1535">
    <p class='ocr_par' dir='ltr' id='par_1_17' title="bbox 279 1460 1602 1535">
     <span class='ocr_line' id='line_1_17' title="bbox 279 1460 1602 1535; baseline 0.005 -22"><span class='ocrx_word' id='word_1_87' title='bbox 279 1476 425 1531; x_wconf 84' lang='grc' dir='ltr'>μοσι</span> <span class='ocrx_word' id='word_1_88' title='bbox 468 1460 585 1515; x_wconf 85' lang='grc' dir='ltr'>τῶν</span> <span class='ocrx_word' id='word_1_89' title='bbox 626 1460 858 1518; x_wconf 73' lang='grc' dir='ltr'>οἰκείων</span> <span class='ocrx_word' id='word_1_90' title='bbox 905 1467 978 1519; x_wconf 86' lang='grc' dir='ltr'>τὰ</span> <span class='ocrx_word' id='word_1_91' title='bbox 1026 1460 1602 1535; x_wconf 56' lang='grc' dir='ltr'>αὑτῷδὶαερέροντα.</span> 
     </span>
    </p>
   </div>
   <div class='ocr_carea' id='block_1_18' title="bbox 777 1578 1162 1634">
    <p class='ocr_par' dir='ltr' id='par_1_18' title="bbox 777 1578 1162 1634">
     <span class='ocr_line' id='line_1_18' title="bbox 777 1578 1162 1634; baseline 0.01 -5"><span class='ocrx_word' id='word_1_92' title='bbox 777 1578 816 1630; x_wconf 81' lang='grc' dir='ltr'>Α</span> <span class='ocrx_word' id='word_1_93' title='bbox 827 1579 1162 1634; x_wconf 80' lang='grc' dir='ltr'><strong>ΠΟΚΡΙΣΙΣ.</strong></span> 
     </span>
    </p>
   </div>
   <div class='ocr_carea' id='block_1_19' title="bbox 288 1667 1791 1743">
    <p class='ocr_par' dir='ltr' id='par_1_19' title="bbox 288 1667 1791 1743">
     <span class='ocr_line' id='line_1_19' title="bbox 288 1667 1791 1743; baseline 0.003 -22"><span class='ocrx_word' id='word_1_94' title='bbox 288 1669 341 1721; x_wconf 72' lang='grc'>1.</span> <span class='ocrx_word' id='word_1_95' title='bbox 375 1667 485 1724; x_wconf 84' lang='grc' dir='ltr'><strong>Τοῦ</strong></span> <span class='ocrx_word' id='word_1_96' title='bbox 513 1669 720 1740; x_wconf 81' lang='grc' dir='ltr'>Κυρίου</span> <span class='ocrx_word' id='word_1_97' title='bbox 751 1669 1014 1734; x_wconf 81' lang='grc' dir='ltr'>εἰπόντος,</span> <span class='ocrx_word' id='word_1_98' title='bbox 1050 1670 1343 1739; x_wconf 77' lang='grc' dir='ltr'><em>Πώλησόν</em></span> <span class='ocrx_word' id='word_1_99' title='bbox 1370 1687 1485 1726; x_wconf 86' lang='grc' dir='ltr'><strong>σου</strong></span> <span class='ocrx_word' id='word_1_100' title='bbox 1509 1673 1581 1726; x_wconf 82' lang='grc' dir='ltr'>τὰ</span> <span class='ocrx_word' id='word_1_101' title='bbox 1614 1674 1791 1743; x_wconf 80' lang='grc' dir='ltr'>ὑπάρ-</span> 
     </span>
    </p>
   </div>
   <div class='ocr_carea' id='block_1_20' title="bbox 225 1760 1792 1834">
    <p class='ocr_par' dir='ltr' id='par_1_20' title="bbox 225 1760 1792 1834">
     <span class='ocr_line' id='line_1_20' title="bbox 225 1760 1792 1834; baseline 0.005 -22"><span class='ocrx_word' id='word_1_102' title='bbox 225 1777 424 1827; x_wconf 74' lang='grc' dir='ltr'>χοντα,</span> <span class='ocrx_word' id='word_1_103' title='bbox 495 1761 593 1815; x_wconf 81' lang='grc' dir='ltr'><strong>καί</strong></span> <span class='ocrx_word' id='word_1_104' title='bbox 633 1760 736 1826; x_wconf 86' lang='grc' dir='ltr'>δὸς</span> <span class='ocrx_word' id='word_1_105' title='bbox 781 1762 1038 1830; x_wconf 83' lang='grc' dir='ltr'><strong>πτωχοῖς</strong></span> <span class='ocrx_word' id='word_1_106' title='bbox 1070 1802 1085 1825; x_wconf 92' lang='grc'><strong>,</strong></span> <span class='ocrx_word' id='word_1_107' title='bbox 1136 1763 1234 1815; x_wconf 77' lang='grc' dir='ltr'>καὶ</span> <span class='ocrx_word' id='word_1_108' title='bbox 1278 1763 1434 1830; x_wconf 80' lang='grc' dir='ltr'>ἕξεις</span> <span class='ocrx_word' id='word_1_109' title='bbox 1487 1767 1792 1834; x_wconf 79' lang='grc' dir='ltr'>θησαυρὸν</span> 
     </span>
    </p>
   </div>
   <div class='ocr_carea' id='block_1_21' title="bbox 225 1847 1794 1922">
    <p class='ocr_par' dir='ltr' id='par_1_21' title="bbox 225 1847 1794 1922">
     <span class='ocr_line' id='line_1_21' title="bbox 225 1847 1794 1922; baseline 0.006 -22"><span class='ocrx_word' id='word_1_110' title='bbox 225 1849 290 1901; x_wconf 81' lang='grc' dir='ltr'><strong>ὲν</strong></span> <span class='ocrx_word' id='word_1_111' title='bbox 331 1847 595 1916; x_wconf 76' lang='grc' dir='ltr'>οὐρανῷ,</span> <span class='ocrx_word' id='word_1_112' title='bbox 644 1850 743 1902; x_wconf 79' lang='grc' dir='ltr'><strong>καί</strong></span> <span class='ocrx_word' id='word_1_113' title='bbox 780 1850 976 1918; x_wconf 81' lang='grc' dir='ltr'>δεῦρο,</span> <span class='ocrx_word' id='word_1_114' title='bbox 1022 1853 1335 1906; x_wconf 78' lang='grc' dir='ltr'>ἀκολούθει</span> <span class='ocrx_word' id='word_1_115' title='bbox 1378 1871 1501 1922; x_wconf 82' lang='grc' dir='ltr'>μοι·</span> <span class='ocrx_word' id='word_1_116' title='bbox 1552 1857 1646 1908; x_wconf 79' lang='grc' dir='ltr'>καὶ</span> <span class='ocrx_word' id='word_1_117' title='bbox 1691 1857 1794 1909; x_wconf 85' lang='grc' dir='ltr'><strong>πά-</strong></span> 
     </span>
    </p>
   </div>
   <div class='ocr_carea' id='block_1_22' title="bbox 226 1941 1794 2016">
    <p class='ocr_par' dir='ltr' id='par_1_22' title="bbox 226 1941 1794 2016">
     <span class='ocr_line' id='line_1_22' title="bbox 226 1941 1794 2016; baseline 0.006 -23"><span class='ocrx_word' id='word_1_118' title='bbox 226 1941 322 1994; x_wconf 89' lang='grc' dir='ltr'>λιν·</span> <span class='ocrx_word' id='word_1_119' title='bbox 371 1941 696 2007; x_wconf 65' lang='grc' dir='ltr'>Πωλήσατε</span> <span class='ocrx_word' id='word_1_120' title='bbox 741 1945 816 1997; x_wconf 86' lang='grc' dir='ltr'>τὰ</span> <span class='ocrx_word' id='word_1_121' title='bbox 870 1944 1217 2012; x_wconf 77' lang='grc' dir='ltr'>ὑπάρχοντα</span> <span class='ocrx_word' id='word_1_122' title='bbox 1275 1944 1460 2016; x_wconf 78' lang='grc' dir='ltr'>ὑμῶν,</span> <span class='ocrx_word' id='word_1_123' title='bbox 1516 1949 1614 2000; x_wconf 78' lang='grc' dir='ltr'><strong>καί</strong></span> <span class='ocrx_word' id='word_1_124' title='bbox 1660 1947 1794 2003; x_wconf 83' lang='grc' dir='ltr'><strong>δότε</strong></span> 
     </span>
    </p>
   </div>
   <div class='ocr_carea' id='block_1_23' title="bbox 225 2031 1796 2108">
    <p class='ocr_par' dir='ltr' id='par_1_23' title="bbox 225 2031 1796 2108">
     <span class='ocr_line' id='line_1_23' title="bbox 225 2031 1796 2108; baseline 0.006 -25"><span class='ocrx_word' id='word_1_125' title='bbox 225 2031 644 2099; x_wconf 69' lang='grc' dir='ltr'><strong>ἐλεημοσύνην</strong></span> <span class='ocrx_word' id='word_1_126' title='bbox 667 2049 678 2060; x_wconf 92' lang='grc'><strong>·</strong></span> <span class='ocrx_word' id='word_1_127' title='bbox 700 2031 988 2103; x_wconf 74' lang='grc' dir='ltr'><strong>λογίζομαι</strong></span> <span class='ocrx_word' id='word_1_128' title='bbox 1009 2075 1023 2098; x_wconf 94' lang='grc'><strong>,</strong></span> <span class='ocrx_word' id='word_1_129' title='bbox 1047 2036 1132 2088; x_wconf 84' lang='grc' dir='ltr'><strong>ὅτι</strong></span> <span class='ocrx_word' id='word_1_130' title='bbox 1160 2036 1251 2089; x_wconf 81' lang='grc' dir='ltr'><strong>τὸν</strong></span> <span class='ocrx_word' id='word_1_131' title='bbox 1276 2035 1628 2108; x_wconf 82' lang='grc' dir='ltr'>ἐξερχόμενον</span> <span class='ocrx_word' id='word_1_132' title='bbox 1689 2040 1796 2091; x_wconf 84' lang='grc' dir='ltr'>ἀπὸ</span> 
     </span>
    </p>
   </div>
   <div class='ocr_carea' id='block_1_24' title="bbox 227 2121 1795 2200">
    <p class='ocr_par' dir='ltr' id='par_1_24' title="bbox 227 2121 1795 2200">
     <span class='ocr_line' id='line_1_24' title="bbox 227 2121 1795 2200; baseline 0.006 -27"><span class='ocrx_word' id='word_1_133' title='bbox 227 2121 332 2173; x_wconf 86' lang='grc' dir='ltr'><strong>τῶν</strong></span> <span class='ocrx_word' id='word_1_134' title='bbox 369 2122 537 2185; x_wconf 80' lang='grc' dir='ltr'>ἰδίων,</span> <span class='ocrx_word' id='word_1_135' title='bbox 583 2123 768 2193; x_wconf 88' lang='grc' dir='ltr'>σκοπῷ</span> <span class='ocrx_word' id='word_1_136' title='bbox 805 2123 1052 2194; x_wconf 82' lang='grc' dir='ltr'><strong>τοιούτῳ,</strong></span> <span class='ocrx_word' id='word_1_137' title='bbox 1085 2125 1144 2177; x_wconf 78' lang='grc' dir='ltr'><strong>οὐ</strong></span> <span class='ocrx_word' id='word_1_138' title='bbox 1175 2127 1279 2197; x_wconf 81' lang='grc' dir='ltr'>χρὴ</span> <span class='ocrx_word' id='word_1_139' title='bbox 1316 2127 1795 2200; x_wconf 82' lang='grc' dir='ltr'>καταφρονητικῶς</span> 
     </span>
    </p>
   </div>
   <div class='ocr_carea' id='block_1_25' title="bbox 230 2212 1795 2286">
    <p class='ocr_par' dir='ltr' id='par_1_25' title="bbox 230 2212 1795 2286">
     <span class='ocr_line' id='line_1_25' title="bbox 230 2212 1795 2286; baseline 0.006 -23"><span class='ocrx_word' id='word_1_140' title='bbox 230 2213 356 2282; x_wconf 74' lang='grc' dir='ltr'>περὶ</span> <span class='ocrx_word' id='word_1_141' title='bbox 397 2212 507 2264; x_wconf 87' lang='grc' dir='ltr'><strong>τῶν</strong></span> <span class='ocrx_word' id='word_1_142' title='bbox 564 2212 924 2282; x_wconf 78' lang='grc' dir='ltr'>διαφερόντων</span> <span class='ocrx_word' id='word_1_143' title='bbox 957 2217 1104 2286; x_wconf 82' lang='grc' dir='ltr'>αὐτῷ</span> <span class='ocrx_word' id='word_1_144' title='bbox 1151 2218 1471 2283; x_wconf 85' lang='grc' dir='ltr'>διακεῖσθαι,</span> <span class='ocrx_word' id='word_1_145' title='bbox 1507 2220 1642 2274; x_wconf 82' lang='grc' dir='ltr'>ἀλλὰ</span> <span class='ocrx_word' id='word_1_146' title='bbox 1675 2238 1795 2273; x_wconf 83' lang='grc' dir='ltr'>πει-</span> 
     </span>
    </p>
   </div>
   <div class='ocr_carea' id='block_1_26' title="bbox 232 2304 1798 2382">
    <p class='ocr_par' dir='ltr' id='par_1_26' title="bbox 232 2304 1798 2382">
     <span class='ocr_line' id='line_1_26' title="bbox 232 2304 1798 2382; baseline 0.006 -27"><span class='ocrx_word' id='word_1_147' title='bbox 232 2304 429 2377; x_wconf 73' lang='grc' dir='ltr'>ρᾶσθαι</span> <span class='ocrx_word' id='word_1_148' title='bbox 465 2304 644 2357; x_wconf 78' lang='grc' dir='ltr'>πάντα</span> <span class='ocrx_word' id='word_1_149' title='bbox 679 2307 815 2375; x_wconf 76' lang='grc' dir='ltr'>μετὰ</span> <span class='ocrx_word' id='word_1_150' title='bbox 848 2307 1136 2378; x_wconf 82' lang='grc' dir='ltr'>ἀκριϐείας</span> <span class='ocrx_word' id='word_1_151' title='bbox 1171 2309 1422 2377; x_wconf 81' lang='grc' dir='ltr'>λαὸόντα,</span> <span class='ocrx_word' id='word_1_152' title='bbox 1447 2312 1523 2375; x_wconf 86' lang='grc' dir='ltr'>ὼς</span> <span class='ocrx_word' id='word_1_153' title='bbox 1573 2311 1651 2382; x_wconf 83' lang='grc' dir='ltr'>τῷ</span> <span class='ocrx_word' id='word_1_154' title='bbox 1687 2314 1798 2365; x_wconf 80' lang='grc' dir='ltr'>Κυ-</span> 
     </span>
    </p>
   </div>
   <div class='ocr_carea' id='block_1_27' title="bbox 232 2394 1800 2470">
    <p class='ocr_par' dir='ltr' id='par_1_27' title="bbox 232 2394 1800 2470">
     <span class='ocr_line' id='line_1_27' title="bbox 232 2394 1800 2470; baseline 0.006 -25"><span class='ocrx_word' id='word_1_155' title='bbox 232 2395 332 2465; x_wconf 86' lang='grc' dir='ltr'><strong>ρίῳ</strong></span> <span class='ocrx_word' id='word_1_156' title='bbox 361 2394 545 2446; x_wconf 85' lang='grc' dir='ltr'>λοιπὸν</span> <span class='ocrx_word' id='word_1_157' title='bbox 572 2397 941 2466; x_wconf 83' lang='grc' dir='ltr'>ἁφιερωμένα,</span> <span class='ocrx_word' id='word_1_158' title='bbox 973 2399 1108 2467; x_wconf 76' lang='grc' dir='ltr'>μετὰ</span> <span class='ocrx_word' id='word_1_159' title='bbox 1135 2400 1314 2470; x_wconf 81' lang='grc' dir='ltr'>πάσης</span> <span class='ocrx_word' id='word_1_160' title='bbox 1337 2401 1619 2464; x_wconf 77' lang='grc' dir='ltr'>εὐλαϐείας</span> <span class='ocrx_word' id='word_1_161' title='bbox 1653 2403 1800 2454; x_wconf 80' lang='grc' dir='ltr'>οἰκο-</span> 
     </span>
    </p>
   </div>
   <div class='ocr_carea' id='block_1_28' title="bbox 233 2483 1797 2563">
    <p class='ocr_par' dir='ltr' id='par_1_28' title="bbox 233 2483 1797 2563">
     <span class='ocr_line' id='line_1_28' title="bbox 233 2483 1797 2563; baseline 0.029 -32"><span class='ocrx_word' id='word_1_162' title='bbox 233 2485 436 2552; x_wconf 79' lang='grc' dir='ltr'>νομεῖν,</span> <span class='ocrx_word' id='word_1_163' title='bbox 455 2483 489 2552; x_wconf 76' lang='grc' dir='ltr'><strong>ἢ</strong></span> <span class='ocrx_word' id='word_1_164' title='bbox 506 2483 574 2534; x_wconf 84' lang='grc' dir='ltr'>δι’</span> <span class='ocrx_word' id='word_1_165' title='bbox 599 2484 812 2549; x_wconf 78' lang='grc' dir='ltr'>ἑαυτοῦ,</span> <span class='ocrx_word' id='word_1_166' title='bbox 830 2485 923 2537; x_wconf 74' lang='grc' dir='ltr'>ἐὰν</span> <span class='ocrx_word' id='word_1_167' title='bbox 945 2487 1181 2550; x_wconf 83' lang='grc' dir='ltr'>δυνατῶς</span> <span class='ocrx_word' id='word_1_168' title='bbox 1203 2489 1294 2540; x_wconf 65' lang='grc' dir='ltr'><strong>καὶ</strong></span> <span class='ocrx_word' id='word_1_169' title='bbox 1314 2489 1588 2561; x_wconf 68' lang='grc' dir='ltr'><strong>ἐμπείρως</strong></span> <span class='ocrx_word' id='word_1_170' title='bbox 1607 2491 1738 2563; x_wconf 28' lang='grc' dir='ltr'><strong>’ἔκη’</strong></span> <span class='ocrx_word' id='word_1_171' title='bbox 1764 2493 1797 2562; x_wconf 71' lang='grc' dir='ltr'>ἢ</span> 
     </span>
    </p>
   </div>
   <div class='ocr_carea' id='block_1_29' title="bbox 229 2573 1802 2646">
    <p class='ocr_par' dir='ltr' id='par_1_29' title="bbox 229 2573 1802 2646">
     <span class='ocr_line' id='line_1_29' title="bbox 229 2573 1802 2646; baseline 0.005 -22"><span class='ocrx_word' id='word_1_172' title='bbox 229 2573 317 2625; x_wconf 76' lang='grc' dir='ltr'>διὰ</span> <span class='ocrx_word' id='word_1_173' title='bbox 333 2573 447 2624; x_wconf 88' lang='grc' dir='ltr'><strong>τῶν</strong></span> <span class='ocrx_word' id='word_1_174' title='bbox 471 2574 608 2642; x_wconf 77' lang='grc' dir='ltr'>μετὰ</span> <span class='ocrx_word' id='word_1_175' title='bbox 621 2573 942 2644; x_wconf 84' lang='grc' dir='ltr'>δοκιμασίας</span> <span class='ocrx_word' id='word_1_176' title='bbox 960 2575 1159 2646; x_wconf 81' lang='grc' dir='ltr'>πολλῆς</span> <span class='ocrx_word' id='word_1_177' title='bbox 1177 2578 1550 2644; x_wconf 70' lang='grc' dir='ltr'>ἐπιλεγόντων,</span> <span class='ocrx_word' id='word_1_178' title='bbox 1568 2581 1659 2632; x_wconf 74' lang='grc' dir='ltr'><strong>καὶ</strong></span> <span class='ocrx_word' id='word_1_179' title='bbox 1672 2581 1802 2632; x_wconf 83' lang='grc' dir='ltr'>ἀπό·</span> 
     </span>
    </p>
   </div>
   <div class='ocr_carea' id='block_1_30' title="bbox 230 2664 1803 2742">
    <p class='ocr_par' dir='ltr' id='par_1_30' title="bbox 230 2664 1803 2742">
     <span class='ocr_line' id='line_1_30' title="bbox 230 2664 1803 2742; baseline 0.004 -24"><span class='ocrx_word' id='word_1_180' title='bbox 230 2664 394 2728; x_wconf 80' lang='grc' dir='ltr'>δειξιν</span> <span class='ocrx_word' id='word_1_181' title='bbox 417 2666 726 2719; x_wconf 82' lang='grc' dir='ltr'>δεδωκότων</span> <span class='ocrx_word' id='word_1_182' title='bbox 747 2666 838 2719; x_wconf 88' lang='grc' dir='ltr'><strong>τοῦ</strong></span> <span class='ocrx_word' id='word_1_183' title='bbox 862 2667 1120 2722; x_wconf 80' lang='grc' dir='ltr'>δύνασθαι</span> <span class='ocrx_word' id='word_1_184' title='bbox 1155 2671 1357 2733; x_wconf 81' lang='grc' dir='ltr'>πιστῶς</span> <span class='ocrx_word' id='word_1_185' title='bbox 1395 2671 1489 2724; x_wconf 69' lang='grc' dir='ltr'><strong>καὶ</strong></span> <span class='ocrx_word' id='word_1_186' title='bbox 1529 2671 1803 2742; x_wconf 83' lang='grc' dir='ltr'>φρονίμως</span> 
     </span>
    </p>
   </div>
   <div class='ocr_carea' id='block_1_31' title="bbox 231 2758 1804 2827">
    <p class='ocr_par' dir='ltr' id='par_1_31' title="bbox 231 2758 1804 2827">
     <span class='ocr_line' id='line_1_31' title="bbox 231 2758 1804 2827; baseline 0.004 -19"><span class='ocrx_word' id='word_1_187' title='bbox 231 2759 556 2827; x_wconf 79' lang='grc' dir='ltr'><strong>οἰκονομεῖν⁹</strong></span> <span class='ocrx_word' id='word_1_188' title='bbox 596 2758 790 2818; x_wconf 82' lang='grc' dir='ltr'>εἰδότα,</span> <span class='ocrx_word' id='word_1_189' title='bbox 842 2760 922 2811; x_wconf 81' lang='grc' dir='ltr'>ὅτι</span> <span class='ocrx_word' id='word_1_190' title='bbox 959 2761 1058 2812; x_wconf 78' lang='grc' dir='ltr'><strong>οὐκ</strong></span> <span class='ocrx_word' id='word_1_191' title='bbox 1083 2760 1361 2814; x_wconf 87' lang='grc' dir='ltr'>ἀκίνδυνόν</span> <span class='ocrx_word' id='word_1_192' title='bbox 1388 2763 1535 2814; x_wconf 82' lang='grc' dir='ltr'>ἐστιν</span> <span class='ocrx_word' id='word_1_193' title='bbox 1583 2760 1706 2814; x_wconf 76' lang='grc' dir='ltr'>οὔτε</span> <span class='ocrx_word' id='word_1_194' title='bbox 1746 2763 1804 2814; x_wconf 83' lang='grc' dir='ltr'><strong>τὸ</strong></span> 
     </span>
    </p>
   </div>
   <div class='ocr_carea' id='block_1_32' title="bbox 233 2851 1806 2922">
    <p class='ocr_par' dir='ltr' id='par_1_32' title="bbox 233 2851 1806 2922">
     <span class='ocr_line' id='line_1_32' title="bbox 233 2851 1806 2922; baseline 0.003 -20"><span class='ocrx_word' id='word_1_195' title='bbox 233 2851 593 2920; x_wconf 78' lang='grc' dir='ltr'>προσαφιέναι</span> <span class='ocrx_word' id='word_1_196' title='bbox 637 2854 748 2914; x_wconf 87' lang='grc' dir='ltr'>τοῖς</span> <span class='ocrx_word' id='word_1_197' title='bbox 781 2853 1016 2914; x_wconf 81' lang='grc' dir='ltr'>οἰκείοις,</span> <span class='ocrx_word' id='word_1_198' title='bbox 1050 2851 1174 2903; x_wconf 70' lang='grc' dir='ltr'>οὔτε</span> <span class='ocrx_word' id='word_1_199' title='bbox 1211 2852 1272 2904; x_wconf 85' lang='grc' dir='ltr'><strong>τὸ</strong></span> <span class='ocrx_word' id='word_1_200' title='bbox 1307 2852 1393 2905; x_wconf 71' lang='grc' dir='ltr'>διὰ</span> <span class='ocrx_word' id='word_1_201' title='bbox 1433 2853 1527 2905; x_wconf 89' lang='grc' dir='ltr'><strong>τοῦ</strong></span> <span class='ocrx_word' id='word_1_202' title='bbox 1554 2854 1806 2922; x_wconf 85' lang='grc' dir='ltr'>τυχόντος</span> 
     </span>
    </p>
   </div>
   <div class='ocr_carea' id='block_1_33' title="bbox 231 2943 1804 3015">
    <p class='ocr_par' dir='ltr' id='par_1_33' title="bbox 231 2943 1804 3015">
     <span class='ocr_line' id='line_1_33' title="bbox 231 2943 1804 3015; baseline 0.003 -21"><span class='ocrx_word' id='word_1_203' title='bbox 231 2943 602 3012; x_wconf 80' lang='grc' dir='ltr'>οἰκονομῆσαι.</span> <span class='ocrx_word' id='word_1_204' title='bbox 643 2945 834 3015; x_wconf 76' lang='grc' dir='ltr'>Εἰγὰρ</span> <span class='ocrx_word' id='word_1_205' title='bbox 871 2947 900 2997; x_wconf 88' lang='grc' dir='ltr'>ὁ</span> <span class='ocrx_word' id='word_1_206' title='bbox 943 2945 1198 3013; x_wconf 76' lang='grc' dir='ltr'>φροντίδα</span> <span class='ocrx_word' id='word_1_207' title='bbox 1237 2945 1529 3014; x_wconf 82' lang='grc' dir='ltr'>βασιλικῶν</span> <span class='ocrx_word' id='word_1_208' title='bbox 1590 2947 1804 3015; x_wconf 80' lang='grc' dir='ltr'>κτημά-</span> 
     </span>
    </p>
   </div>
   <div class='ocr_carea' id='block_1_34' title="bbox 1877 442 3438 516">
    <p class='ocr_par' dir='ltr' id='par_1_34' title="bbox 1877 442 3438 516">
     <span class='ocr_line' id='line_1_34' title="bbox 1877 442 3438 516; baseline -0.006 -11"><span class='ocrx_word' id='word_1_209' title='bbox 1877 459 1930 505; x_wconf 81' lang='lat' dir='ltr'><strong>ot</strong></span> <span class='ocrx_word' id='word_1_210' title='bbox 1962 451 2180 510; x_wconf 86' lang='lat' dir='ltr'><strong>vestitu,</strong></span> <span class='ocrx_word' id='word_1_211' title='bbox 2203 447 2352 513; x_wconf 82' lang='lat' dir='ltr'><strong>huic,</strong></span> <span class='ocrx_word' id='word_1_212' title='bbox 2372 462 2578 516; x_wconf 78' lang='lat' dir='ltr'><strong>quaeso,</strong></span> <span class='ocrx_word' id='word_1_213' title='bbox 2601 460 2845 515; x_wconf 66' lang='lat' dir='ltr'><strong>quaenam</strong></span> <span class='ocrx_word' id='word_1_214' title='bbox 2876 444 3016 498; x_wconf 90' lang='lat' dir='ltr'><strong>ratio</strong></span> <span class='ocrx_word' id='word_1_215' title='bbox 3030 442 3186 513; x_wconf 69' lang='lat'><strong>35],</strong></span> <span class='ocrx_word' id='word_1_216' title='bbox 3211 443 3438 513; x_wconf 88' lang='lat' dir='ltr'><strong>permit-</strong></span> 
     </span>
    </p>
   </div>
   <div class='ocr_carea' id='block_1_35' title="bbox 1879 535 3440 605">
    <p class='ocr_par' dir='ltr' id='par_1_35' title="bbox 1879 535 3440 605">
     <span class='ocr_line' id='line_1_35' title="bbox 1879 535 3440 605; baseline -0.005 -9"><span class='ocrx_word' id='word_1_217' title='bbox 1879 550 1978 605; x_wconf 89' lang='lat' dir='ltr'><strong>tet,</strong></span> <span class='ocrx_word' id='word_1_218' title='bbox 2010 549 2069 593; x_wconf 84' lang='lat' dir='ltr'><strong>ut</strong></span> <span class='ocrx_word' id='word_1_219' title='bbox 2105 539 2264 594; x_wconf 88' lang='lat' dir='ltr'><strong>malis</strong></span> <span class='ocrx_word' id='word_1_220' title='bbox 2292 537 2604 596; x_wconf 75' lang='lat' dir='ltr'><strong>divitiarum</strong></span> <span class='ocrx_word' id='word_1_221' title='bbox 2647 538 2796 592; x_wconf 89' lang='lat' dir='ltr'><strong>curis</strong></span> <span class='ocrx_word' id='word_1_222' title='bbox 2840 545 3098 605; x_wconf 90' lang='lat' dir='ltr'><strong>tanquam</strong></span> <span class='ocrx_word' id='word_1_223' title='bbox 3134 535 3310 603; x_wconf 86' lang='lat' dir='ltr'><strong>spinis</strong></span> <span class='ocrx_word' id='word_1_224' title='bbox 3344 537 3440 588; x_wconf 84' lang='lat' dir='ltr'><strong>de-</strong></span> 
     </span>
    </p>
   </div>
   <div class='ocr_carea' id='block_1_36' title="bbox 1881 626 3444 698">
    <p class='ocr_par' dir='ltr' id='par_1_36' title="bbox 1881 626 3444 698">
     <span class='ocr_line' id='line_1_36' title="bbox 1881 626 3444 698; baseline -0.006 -13"><span class='ocrx_word' id='word_1_225' title='bbox 1881 632 2138 692; x_wconf 85' lang='lat' dir='ltr'><strong>tineatur,</strong></span> <span class='ocrx_word' id='word_1_226' title='bbox 2185 643 2307 698; x_wconf 72' lang='lat' dir='ltr'><strong>qua:</strong></span> <span class='ocrx_word' id='word_1_227' title='bbox 2344 629 2475 698; x_wconf 90' lang='lat' dir='ltr'><strong>quin</strong></span> <span class='ocrx_word' id='word_1_228' title='bbox 2508 629 2714 695; x_wconf 87' lang='lat' dir='ltr'><strong>jactum</strong></span> <span class='ocrx_word' id='word_1_229' title='bbox 2767 626 2836 680; x_wconf 91' lang='lat' dir='ltr'><strong>ab</strong></span> <span class='ocrx_word' id='word_1_230' title='bbox 2883 626 3188 679; x_wconf 89' lang='lat' dir='ltr'><strong>animarum</strong></span> <span class='ocrx_word' id='word_1_231' title='bbox 3229 634 3444 680; x_wconf 80' lang='lat' dir='ltr'><strong>nostra-</strong></span> 
     </span>
    </p>
   </div>
   <div class='ocr_carea' id='block_1_37' title="bbox 1880 714 3446 790">
    <p class='ocr_par' dir='ltr' id='par_1_37' title="bbox 1880 714 3446 790">
     <span class='ocr_line' id='line_1_37' title="bbox 1880 714 3446 790; baseline -0.004 -12"><span class='ocrx_word' id='word_1_232' title='bbox 1880 738 2001 778; x_wconf 88' lang='lat' dir='ltr'><strong>rum</strong></span> <span class='ocrx_word' id='word_1_233' title='bbox 2030 721 2270 790; x_wconf 81' lang='lat' dir='ltr'><strong>agricola</strong></span> <span class='ocrx_word' id='word_1_234' title='bbox 2304 734 2486 773; x_wconf 84' lang='lat' dir='ltr'><strong>semen</strong></span> <span class='ocrx_word' id='word_1_235' title='bbox 2520 717 2660 771; x_wconf 84' lang='lat' dir='ltr'><strong>ferat</strong></span> <span class='ocrx_word' id='word_1_236' title='bbox 2686 720 2942 779; x_wconf 78' lang='lat' dir='ltr'><strong>fructum,</strong></span> <span class='ocrx_word' id='word_1_237' title='bbox 2979 714 3446 786; x_wconf 84' lang='lat' dir='ltr'><strong>impediunt?Do-—</strong></span> 
     </span>
    </p>
   </div>
   <div class='ocr_carea' id='block_1_38' title="bbox 1880 807 3447 875">
    <p class='ocr_par' dir='ltr' id='par_1_38' title="bbox 1880 807 3447 875">
     <span class='ocr_line' id='line_1_38' title="bbox 1880 807 3447 875; baseline -0.003 -11"><span class='ocrx_word' id='word_1_238' title='bbox 1880 813 2030 865; x_wconf 90' lang='lat' dir='ltr'><strong>mino</strong></span> <span class='ocrx_word' id='word_1_239' title='bbox 2073 818 2262 864; x_wconf 89' lang='lat' dir='ltr'><strong>nostro</strong></span> <span class='ocrx_word' id='word_1_240' title='bbox 2309 808 2568 862; x_wconf 85' lang='lat' dir='ltr'><strong>dicente:</strong></span> <span class='ocrx_word' id='word_1_241' title='bbox 2607 807 2677 859; x_wconf 85' lang='lat' dir='ltr'><strong>Hi</strong></span> <span class='ocrx_word' id='word_1_242' title='bbox 2711 817 2832 860; x_wconf 86' lang='lat' dir='ltr'><strong>sunt</strong></span> <span class='ocrx_word' id='word_1_243' title='bbox 2857 809 2947 875; x_wconf 92' lang='lat' dir='ltr'><strong>qui</strong></span> <span class='ocrx_word' id='word_1_244' title='bbox 2994 807 3048 859; x_wconf 91' lang='lat' dir='ltr'><strong>in</strong></span> <span class='ocrx_word' id='word_1_245' title='bbox 3087 807 3251 874; x_wconf 78' lang='lat' dir='ltr'><strong>spinis</strong></span> <span class='ocrx_word' id='word_1_246' title='bbox 3292 809 3447 860; x_wconf 83' lang='lat' dir='ltr'><strong>semi-</strong></span> 
     </span>
    </p>
   </div>
   <div class='ocr_carea' id='block_1_39' title="bbox 1883 896 3441 970">
    <p class='ocr_par' dir='ltr' id='par_1_39' title="bbox 1883 896 3441 970">
     <span class='ocr_line' id='line_1_39' title="bbox 1883 896 3441 970; baseline -0.002 -15"><span class='ocrx_word' id='word_1_247' title='bbox 1883 903 1994 955; x_wconf 89' lang='lat' dir='ltr'><strong>nati</strong></span> <span class='ocrx_word' id='word_1_248' title='bbox 2023 901 2253 970; x_wconf 85' lang='lat' dir='ltr'><strong>fuerunt,</strong></span> <span class='ocrx_word' id='word_1_249' title='bbox 2303 899 2391 968; x_wconf 87' lang='lat' dir='ltr'><strong>qui</strong></span> <span class='ocrx_word' id='word_1_250' title='bbox 2432 915 2464 951; x_wconf 90' lang='lat' dir='ltr'><strong>a</strong></span> <span class='ocrx_word' id='word_1_251' title='bbox 2511 899 2651 951; x_wconf 85' lang='lat' dir='ltr'><strong>curis</strong></span> <span class='ocrx_word' id='word_1_252' title='bbox 2677 907 2723 950; x_wconf 89' lang='lat' dir='ltr'><strong>et</strong></span> <span class='ocrx_word' id='word_1_253' title='bbox 2758 896 2954 950; x_wconf 77' lang='lat' dir='ltr'><strong>divitiis</strong></span> <span class='ocrx_word' id='word_1_254' title='bbox 3005 909 3052 950; x_wconf 90' lang='lat' dir='ltr'><strong>et</strong></span> <span class='ocrx_word' id='word_1_255' title='bbox 3092 898 3441 964; x_wconf 79' lang='lat' dir='ltr'><strong>voluptatibus</strong></span> 
     </span>
    </p>
   </div>
   <div class='ocr_carea' id='block_1_40' title="bbox 1886 988 3210 1061">
    <p class='ocr_par' dir='ltr' id='par_1_40' title="bbox 1886 988 3210 1061">
     <span class='ocr_line' id='line_1_40' title="bbox 1886 988 3210 1061; baseline -0.005 -13"><span class='ocrx_word' id='word_1_256' title='bbox 1886 995 2004 1048; x_wconf 74' lang='lat' dir='ltr'><strong>vita:</strong></span> <span class='ocrx_word' id='word_1_257' title='bbox 2032 995 2376 1061; x_wconf 75' lang='lat' dir='ltr'><strong>suffocantur,</strong></span> <span class='ocrx_word' id='word_1_258' title='bbox 2416 1001 2464 1044; x_wconf 90' lang='lat' dir='ltr'><strong>et</strong></span> <span class='ocrx_word' id='word_1_259' title='bbox 2499 1007 2600 1043; x_wconf 89' lang='lat' dir='ltr'><strong>non</strong></span> <span class='ocrx_word' id='word_1_260' title='bbox 2625 989 2853 1057; x_wconf 88' lang='lat' dir='ltr'><strong>referunt</strong></span> <span class='ocrx_word' id='word_1_261' title='bbox 2890 989 3122 1056; x_wconf 90' lang='lat' dir='ltr'><strong>fructum</strong></span> <span class='ocrx_word' id='word_1_262' title='bbox 3145 988 3210 1042; x_wconf 85' lang='grc'><strong>³³.</strong></span> 
     </span>
    </p>
   </div>
   <div class='ocr_carea' id='block_1_41' title="bbox 2339 1216 2989 1274">
    <p class='ocr_par' dir='ltr' id='par_1_41' title="bbox 2339 1216 2989 1274">
     <span class='ocr_line' id='line_1_41' title="bbox 2339 1216 2989 1274; baseline 0.002 -3"><span class='ocrx_word' id='word_1_263' title='bbox 2339 1216 2859 1274; x_wconf 73' lang='lat' dir='ltr'><strong>INTERROGATIO</strong></span> <span class='ocrx_word' id='word_1_264' title='bbox 2899 1217 2989 1272; x_wconf 77' lang='lat' dir='ltr'><strong>IX.</strong></span> 
     </span>
    </p>
   </div>
   <div class='ocr_carea' id='block_1_42' title="bbox 1889 1310 3454 1380">
    <p class='ocr_par' dir='ltr' id='par_1_42' title="bbox 1889 1310 3454 1380">
     <span class='ocr_line' id='line_1_42' title="bbox 1889 1310 3454 1380; baseline 0 -14"><span class='ocrx_word' id='word_1_265' title='bbox 1889 1313 1993 1378; x_wconf 76' lang='lat' dir='ltr'><strong>Qui</strong></span> <span class='ocrx_word' id='word_1_266' title='bbox 2035 1312 2339 1380; x_wconf 85' lang='lat' dir='ltr'><strong>adjungitur</strong></span> <span class='ocrx_word' id='word_1_267' title='bbox 2361 1312 2427 1365; x_wconf 85' lang='lat' dir='ltr'><strong>iis</strong></span> <span class='ocrx_word' id='word_1_268' title='bbox 2460 1313 2547 1380; x_wconf 87' lang='lat' dir='ltr'><strong>qui</strong></span> <span class='ocrx_word' id='word_1_269' title='bbox 2581 1310 2803 1364; x_wconf 89' lang='lat' dir='ltr'><strong>Domino</strong></span> <span class='ocrx_word' id='word_1_270' title='bbox 2846 1321 3240 1372; x_wconf 86' lang='lat' dir='ltr'><strong>consecrantur,</strong></span> <span class='ocrx_word' id='word_1_271' title='bbox 3280 1311 3454 1366; x_wconf 87' lang='lat' dir='ltr'><strong>debet-</strong></span> 
     </span>
    </p>
   </div>
   <div class='ocr_carea' id='block_1_43' title="bbox 1965 1382 3456 1451">
    <p class='ocr_par' dir='ltr' id='par_1_43' title="bbox 1965 1382 3456 1451">
     <span class='ocr_line' id='line_1_43' title="bbox 1965 1382 3456 1451; baseline 0.001 -15"><span class='ocrx_word' id='word_1_272' title='bbox 1965 1399 2027 1436; x_wconf 87' lang='lat' dir='ltr'><strong>ne</strong></span> <span class='ocrx_word' id='word_1_273' title='bbox 2071 1383 2349 1451; x_wconf 77' lang='lat' dir='ltr'><strong>facultates</strong></span> <span class='ocrx_word' id='word_1_274' title='bbox 2391 1397 2517 1436; x_wconf 84' lang='lat' dir='ltr'><strong>suas</strong></span> <span class='ocrx_word' id='word_1_275' title='bbox 2567 1383 2800 1450; x_wconf 79' lang='lat' dir='ltr'><strong>cognatis</strong></span> <span class='ocrx_word' id='word_1_276' title='bbox 2834 1382 3084 1450; x_wconf 84' lang='lat' dir='ltr'><strong>improbis</strong></span> <span class='ocrx_word' id='word_1_277' title='bbox 3137 1385 3272 1435; x_wconf 86' lang='lat' dir='ltr'><strong>citra</strong></span> <span class='ocrx_word' id='word_1_278' title='bbox 3316 1384 3456 1438; x_wconf 83' lang='lat' dir='ltr'><strong>dele-</strong></span> 
     </span>
    </p>
   </div>
   <div class='ocr_carea' id='block_1_44' title="bbox 1958 1452 2470 1506">
    <p class='ocr_par' dir='ltr' id='par_1_44' title="bbox 1958 1452 2470 1506">
     <span class='ocr_line' id='line_1_44' title="bbox 1958 1452 2470 1506; baseline 0 0"><span class='ocrx_word' id='word_1_279' title='bbox 1958 1465 2097 1506; x_wconf 87' lang='lat' dir='ltr'><strong>ctum</strong></span> <span class='ocrx_word' id='word_1_280' title='bbox 2127 1452 2470 1506; x_wconf 80' lang='lat' dir='ltr'><strong>concredere?</strong></span> 
     </span>
    </p>
   </div>
   <div class='ocr_carea' id='block_1_45' title="bbox 2465 1565 2870 1622">
    <p class='ocr_par' dir='ltr' id='par_1_45' title="bbox 2465 1565 2870 1622">
     <span class='ocr_line' id='line_1_45' title="bbox 2465 1565 2870 1622; baseline 0.007 -4"><span class='ocrx_word' id='word_1_281' title='bbox 2465 1565 2870 1622; x_wconf 78' lang='lat' dir='ltr'><strong>RESPONSlO.</strong></span> 
     </span>
    </p>
   </div>
   <div class='ocr_carea' id='block_1_46' title="bbox 1966 1654 3457 1727">
    <p class='ocr_par' dir='ltr' id='par_1_46' title="bbox 1966 1654 3457 1727">
     <span class='ocr_line' id='line_1_46' title="bbox 1966 1654 3457 1727; baseline 0.003 -17"><span class='ocrx_word' id='word_1_282' title='bbox 1966 1657 2017 1710; x_wconf 76' lang='grc'>1.</span> <span class='ocrx_word' id='word_1_283' title='bbox 2059 1655 2194 1710; x_wconf 91' lang='lat' dir='ltr'><strong>Cum</strong></span> <span class='ocrx_word' id='word_1_284' title='bbox 2226 1654 2488 1709; x_wconf 89' lang='lat' dir='ltr'><strong>Dominus</strong></span> <span class='ocrx_word' id='word_1_285' title='bbox 2521 1656 2667 1709; x_wconf 86' lang='lat' dir='ltr'><strong>dicat</strong></span> <span class='ocrx_word' id='word_1_286' title='bbox 2701 1676 2714 1710; x_wconf 87' lang='lat'><strong>:</strong></span> <span class='ocrx_word' id='word_1_287' title='bbox 2754 1656 2927 1710; x_wconf 83' lang='lat' dir='ltr'><strong><em>Vende</em></strong></span> <span class='ocrx_word' id='word_1_288' title='bbox 2961 1674 3078 1727; x_wconf 76' lang='lat' dir='ltr'><strong>qua:</strong></span> <span class='ocrx_word' id='word_1_289' title='bbox 3096 1658 3276 1723; x_wconf 80' lang='lat' dir='ltr'><strong>habes,</strong></span> <span class='ocrx_word' id='word_1_290' title='bbox 3311 1671 3360 1714; x_wconf 88' lang='lat' dir='ltr'><strong>et</strong></span> <span class='ocrx_word' id='word_1_291' title='bbox 3386 1661 3457 1714; x_wconf 83' lang='lat' dir='ltr'><strong>da</strong></span> 
     </span>
    </p>
   </div>
   <div class='ocr_carea' id='block_1_47' title="bbox 1890 1747 3458 1818">
    <p class='ocr_par' dir='ltr' id='par_1_47' title="bbox 1890 1747 3458 1818">
     <span class='ocr_line' id='line_1_47' title="bbox 1890 1747 3458 1818; baseline 0.005 -18"><span class='ocrx_word' id='word_1_292' title='bbox 1890 1747 2229 1818; x_wconf 83' lang='lat' dir='ltr'><strong>pauperibus,</strong></span> <span class='ocrx_word' id='word_1_293' title='bbox 2271 1756 2320 1802; x_wconf 88' lang='lat' dir='ltr'><strong>et</strong></span> <span class='ocrx_word' id='word_1_294' title='bbox 2363 1747 2574 1801; x_wconf 79' lang='lat' dir='ltr'><strong>habebis</strong></span> <span class='ocrx_word' id='word_1_295' title='bbox 2616 1748 2920 1802; x_wconf 81' lang='lat' dir='ltr'><strong>thesaurum</strong></span> <span class='ocrx_word' id='word_1_296' title='bbox 2959 1752 3013 1803; x_wconf 89' lang='lat' dir='ltr'><strong>in</strong></span> <span class='ocrx_word' id='word_1_297' title='bbox 3053 1753 3180 1806; x_wconf 65' lang='lat' dir='ltr'><strong>caelo</strong></span> <span class='ocrx_word' id='word_1_298' title='bbox 3207 1763 3288 1806; x_wconf 86' lang='lat' dir='ltr'><strong>:et</strong></span> <span class='ocrx_word' id='word_1_299' title='bbox 3322 1756 3458 1817; x_wconf 85' lang='lat' dir='ltr'><strong>veni,</strong></span> 
     </span>
    </p>
   </div>
   <div class='ocr_carea' id='block_1_48' title="bbox 1893 1839 3460 1912">
    <p class='ocr_par' dir='ltr' id='par_1_48' title="bbox 1893 1839 3460 1912">
     <span class='ocr_line' id='line_1_48' title="bbox 1893 1839 3460 1912; baseline 0.003 -18"><span class='ocrx_word' id='word_1_300' title='bbox 1893 1857 2102 1909; x_wconf 77' lang='lat' dir='ltr'><strong>sequere</strong></span> <span class='ocrx_word' id='word_1_301' title='bbox 2132 1856 2211 1894; x_wconf 88' lang='lat' dir='ltr'><strong>me</strong></span> <span class='ocrx_word' id='word_1_302' title='bbox 2236 1839 2310 1903; x_wconf 74' lang='grc'><strong>³⁸;</strong></span> <span class='ocrx_word' id='word_1_303' title='bbox 2342 1849 2397 1894; x_wconf 89' lang='lat' dir='ltr'><strong>et</strong></span> <span class='ocrx_word' id='word_1_304' title='bbox 2424 1841 2620 1894; x_wconf 84' lang='lat' dir='ltr'><strong>iterum</strong></span> <span class='ocrx_word' id='word_1_305' title='bbox 2652 1860 2664 1895; x_wconf 92' lang='lat'>:</span> <span class='ocrx_word' id='word_1_306' title='bbox 2706 1841 2922 1895; x_wconf 85' lang='lat' dir='ltr'><strong>Vendite</strong></span> <span class='ocrx_word' id='word_1_307' title='bbox 2947 1858 3061 1912; x_wconf 68' lang='lat' dir='ltr'><strong>quae</strong></span> <span class='ocrx_word' id='word_1_308' title='bbox 3080 1845 3380 1911; x_wconf 84' lang='lat' dir='ltr'><strong>possidetis,</strong></span> <span class='ocrx_word' id='word_1_309' title='bbox 3411 1855 3460 1898; x_wconf 84' lang='lat' dir='ltr'><strong>et</strong></span> 
     </span>
    </p>
   </div>
   <div class='ocr_carea' id='block_1_49' title="bbox 1893 1931 3462 2003">
    <p class='ocr_par' dir='ltr' id='par_1_49' title="bbox 1893 1931 3462 2003">
     <span class='ocr_line' id='line_1_49' title="bbox 1893 1931 3462 2003; baseline 0.005 -20"><span class='ocrx_word' id='word_1_310' title='bbox 1893 1931 2014 1985; x_wconf 87' lang='lat' dir='ltr'><strong>date</strong></span> <span class='ocrx_word' id='word_1_311' title='bbox 2045 1931 2426 2000; x_wconf 79' lang='lat' dir='ltr'><strong>eleemosynam</strong></span> <span class='ocrx_word' id='word_1_312' title='bbox 2447 1932 2526 1996; x_wconf 83' lang='lat'><strong>&quot;;</strong></span> <span class='ocrx_word' id='word_1_313' title='bbox 2559 1940 2688 2000; x_wconf 89' lang='lat' dir='ltr'><strong>puto</strong></span> <span class='ocrx_word' id='word_1_314' title='bbox 2716 1948 2838 1987; x_wconf 88' lang='lat' dir='ltr'><strong>eum</strong></span> <span class='ocrx_word' id='word_1_315' title='bbox 2871 1934 2961 2003; x_wconf 86' lang='lat' dir='ltr'><strong>qui</strong></span> <span class='ocrx_word' id='word_1_316' title='bbox 2997 1933 3307 2002; x_wconf 86' lang='lat' dir='ltr'><strong>bujusmodi</strong></span> <span class='ocrx_word' id='word_1_317' title='bbox 3331 1951 3462 1990; x_wconf 85' lang='lat' dir='ltr'><strong>con-</strong></span> 
     </span>
    </p>
   </div>
   <div class='ocr_carea' id='block_1_50' title="bbox 1895 2025 3462 2098">
    <p class='ocr_par' dir='ltr' id='par_1_50' title="bbox 1895 2025 3462 2098">
     <span class='ocr_line' id='line_1_50' title="bbox 1895 2025 3462 2098; baseline 0.003 -19"><span class='ocrx_word' id='word_1_318' title='bbox 1895 2025 2020 2079; x_wconf 90' lang='lat' dir='ltr'><strong>silio</strong></span> <span class='ocrx_word' id='word_1_319' title='bbox 2049 2025 2249 2079; x_wconf 89' lang='lat' dir='ltr'><strong>ductus</strong></span> <span class='ocrx_word' id='word_1_320' title='bbox 2284 2040 2313 2076; x_wconf 86' lang='lat' dir='ltr'><strong>a</strong></span> <span class='ocrx_word' id='word_1_321' title='bbox 2337 2025 2453 2080; x_wconf 89' lang='lat' dir='ltr'><strong>suis</strong></span> <span class='ocrx_word' id='word_1_322' title='bbox 2482 2025 2732 2090; x_wconf 87' lang='lat' dir='ltr'><strong>discedit,</strong></span> <span class='ocrx_word' id='word_1_323' title='bbox 2764 2041 2894 2095; x_wconf 85' lang='lat' dir='ltr'><strong>opes</strong></span> <span class='ocrx_word' id='word_1_324' title='bbox 2915 2041 3043 2082; x_wconf 90' lang='lat' dir='ltr'><strong>suas</strong></span> <span class='ocrx_word' id='word_1_325' title='bbox 3072 2043 3180 2082; x_wconf 90' lang='lat' dir='ltr'><strong>non</strong></span> <span class='ocrx_word' id='word_1_326' title='bbox 3210 2040 3462 2098; x_wconf 79' lang='lat' dir='ltr'><strong>Oportcre</strong></span> 
     </span>
    </p>
   </div>
   <div class='ocr_carea' id='block_1_51' title="bbox 1896 2117 3459 2187">
    <p class='ocr_par' dir='ltr' id='par_1_51' title="bbox 1896 2117 3459 2187">
     <span class='ocr_line' id='line_1_51' title="bbox 1896 2117 3459 2187; baseline 0.004 -16"><span class='ocrx_word' id='word_1_327' title='bbox 1896 2117 2189 2187; x_wconf 81' lang='lat' dir='ltr'><strong>negligere,</strong></span> <span class='ocrx_word' id='word_1_328' title='bbox 2228 2119 2322 2174; x_wconf 89' lang='lat' dir='ltr'><strong>sed</strong></span> <span class='ocrx_word' id='word_1_329' title='bbox 2352 2119 2486 2174; x_wconf 92' lang='lat' dir='ltr'><strong>illud</strong></span> <span class='ocrx_word' id='word_1_330' title='bbox 2516 2135 2732 2185; x_wconf 89' lang='lat' dir='ltr'><strong>curare,</strong></span> <span class='ocrx_word' id='word_1_331' title='bbox 2765 2130 2825 2174; x_wconf 91' lang='lat' dir='ltr'><strong>ut</strong></span> <span class='ocrx_word' id='word_1_332' title='bbox 2855 2123 3038 2175; x_wconf 84' lang='lat' dir='ltr'><strong>omnia</strong></span> <span class='ocrx_word' id='word_1_333' title='bbox 3069 2134 3324 2178; x_wconf 89' lang='lat' dir='ltr'><strong>accurate</strong></span> <span class='ocrx_word' id='word_1_334' title='bbox 3367 2139 3459 2178; x_wconf 86' lang='lat' dir='ltr'><strong>ac-</strong></span> 
     </span>
    </p>
   </div>
   <div class='ocr_carea' id='block_1_52' title="bbox 1897 2211 3460 2282">
    <p class='ocr_par' dir='ltr' id='par_1_52' title="bbox 1897 2211 3460 2282">
     <span class='ocr_line' id='line_1_52' title="bbox 1897 2211 3460 2282; baseline 0.004 -19"><span class='ocrx_word' id='word_1_335' title='bbox 1897 2220 2051 2278; x_wconf 84' lang='lat' dir='ltr'><strong>cepta</strong></span> <span class='ocrx_word' id='word_1_336' title='bbox 2087 2211 2200 2279; x_wconf 84' lang='lat' dir='ltr'><strong>jam</strong></span> <span class='ocrx_word' id='word_1_337' title='bbox 2233 2219 2498 2282; x_wconf 86' lang='lat' dir='ltr'><strong>tanquam</strong></span> <span class='ocrx_word' id='word_1_338' title='bbox 2531 2212 2761 2268; x_wconf 86' lang='lat' dir='ltr'><strong>Domino</strong></span> <span class='ocrx_word' id='word_1_339' title='bbox 2802 2226 3120 2269; x_wconf 85' lang='lat' dir='ltr'><strong>consecrata</strong></span> <span class='ocrx_word' id='word_1_340' title='bbox 3152 2232 3274 2269; x_wconf 88' lang='lat' dir='ltr'><strong>cum</strong></span> <span class='ocrx_word' id='word_1_341' title='bbox 3309 2217 3460 2271; x_wconf 88' lang='lat' dir='ltr'><strong>omni</strong></span> 
     </span>
    </p>
   </div>
   <div class='ocr_carea' id='block_1_53' title="bbox 1899 2300 3463 2374">
    <p class='ocr_par' dir='ltr' id='par_1_53' title="bbox 1899 2300 3463 2374">
     <span class='ocr_line' id='line_1_53' title="bbox 1899 2300 3463 2374; baseline 0.006 -22"><span class='ocrx_word' id='word_1_342' title='bbox 1899 2300 2099 2368; x_wconf 87' lang='lat' dir='ltr'><strong>pietate</strong></span> <span class='ocrx_word' id='word_1_343' title='bbox 2134 2301 2449 2366; x_wconf 87' lang='lat' dir='ltr'><strong>distribuat,</strong></span> <span class='ocrx_word' id='word_1_344' title='bbox 2494 2313 2587 2356; x_wconf 93' lang='lat' dir='ltr'><strong>aut</strong></span> <span class='ocrx_word' id='word_1_345' title='bbox 2619 2319 2714 2373; x_wconf 93' lang='lat' dir='ltr'><strong>per</strong></span> <span class='ocrx_word' id='word_1_346' title='bbox 2750 2305 3012 2373; x_wconf 90' lang='lat' dir='ltr'><strong>seipsum,</strong></span> <span class='ocrx_word' id='word_1_347' title='bbox 3060 2307 3106 2359; x_wconf 91' lang='lat' dir='ltr'><strong>si</strong></span> <span class='ocrx_word' id='word_1_348' title='bbox 3140 2315 3336 2374; x_wconf 78' lang='lat' dir='ltr'><strong>potest,</strong></span> <span class='ocrx_word' id='word_1_349' title='bbox 3383 2307 3463 2361; x_wconf 82' lang='lat' dir='ltr'><strong>ei-</strong></span> 
     </span>
    </p>
   </div>
   <div class='ocr_carea' id='block_1_54' title="bbox 1898 2388 3467 2466">
    <p class='ocr_par' dir='ltr' id='par_1_54' title="bbox 1898 2388 3467 2466">
     <span class='ocr_line' id='line_1_54' title="bbox 1898 2388 3467 2466; baseline 0.007 -26"><span class='ocrx_word' id='word_1_350' title='bbox 1898 2403 2003 2455; x_wconf 89' lang='lat' dir='ltr'><strong>que</strong></span> <span class='ocrx_word' id='word_1_351' title='bbox 2029 2388 2154 2443; x_wconf 85' lang='lat' dir='ltr'><strong>licet</strong></span> <span class='ocrx_word' id='word_1_352' title='bbox 2184 2404 2280 2458; x_wconf 89' lang='lat' dir='ltr'><strong>per</strong></span> <span class='ocrx_word' id='word_1_353' title='bbox 2305 2392 2714 2460; x_wconf 82' lang='lat' dir='ltr'><strong>experientiam,</strong></span> <span class='ocrx_word' id='word_1_354' title='bbox 2747 2401 2840 2446; x_wconf 91' lang='lat' dir='ltr'><strong>aut</strong></span> <span class='ocrx_word' id='word_1_355' title='bbox 2871 2410 2966 2462; x_wconf 91' lang='lat' dir='ltr'><strong>per</strong></span> <span class='ocrx_word' id='word_1_356' title='bbox 2989 2395 3148 2459; x_wconf 87' lang='lat' dir='ltr'><strong>alios,</strong></span> <span class='ocrx_word' id='word_1_357' title='bbox 3179 2397 3271 2466; x_wconf 88' lang='lat' dir='ltr'><strong>qui</strong></span> <span class='ocrx_word' id='word_1_358' title='bbox 3295 2399 3467 2451; x_wconf 88' lang='lat' dir='ltr'><strong>multo</strong></span> 
     </span>
    </p>
   </div>
   <div class='ocr_carea' id='block_1_55' title="bbox 1903 2481 3470 2560">
    <p class='ocr_par' dir='ltr' id='par_1_55' title="bbox 1903 2481 3470 2560">
     <span class='ocr_line' id='line_1_55' title="bbox 1903 2481 3470 2560; baseline 0.008 -29"><span class='ocrx_word' id='word_1_359' title='bbox 1903 2494 2026 2532; x_wconf 89' lang='lat' dir='ltr'><strong>cum</strong></span> <span class='ocrx_word' id='word_1_360' title='bbox 2062 2481 2312 2536; x_wconf 81' lang='lat' dir='ltr'><strong>examine</strong></span> <span class='ocrx_word' id='word_1_361' title='bbox 2341 2482 2538 2537; x_wconf 86' lang='lat' dir='ltr'><strong>delecti</strong></span> <span class='ocrx_word' id='word_1_362' title='bbox 2577 2485 2709 2548; x_wconf 86' lang='lat' dir='ltr'><strong>sint,</strong></span> <span class='ocrx_word' id='word_1_363' title='bbox 2742 2485 2945 2555; x_wconf 89' lang='lat' dir='ltr'><strong>quique</strong></span> <span class='ocrx_word' id='word_1_364' title='bbox 2975 2488 3120 2541; x_wconf 83' lang='lat' dir='ltr'><strong>facto</strong></span> <span class='ocrx_word' id='word_1_365' title='bbox 3142 2489 3208 2542; x_wconf 89' lang='lat' dir='ltr'><strong>de</strong></span> <span class='ocrx_word' id='word_1_366' title='bbox 3233 2504 3292 2544; x_wconf 93' lang='lat' dir='ltr'><strong>se</strong></span> <span class='ocrx_word' id='word_1_367' title='bbox 3325 2491 3470 2560; x_wconf 83' lang='lat' dir='ltr'><strong>peri-</strong></span> 
     </span>
    </p>
   </div>
   <div class='ocr_carea' id='block_1_56' title="bbox 1903 2571 3466 2650">
    <p class='ocr_par' dir='ltr' id='par_1_56' title="bbox 1903 2571 3466 2650">
     <span class='ocr_line' id='line_1_56' title="bbox 1903 2571 3466 2650; baseline 0.008 -26"><span class='ocrx_word' id='word_1_368' title='bbox 1903 2571 2047 2633; x_wconf 92' lang='lat' dir='ltr'><strong>culo,</strong></span> <span class='ocrx_word' id='word_1_369' title='bbox 2080 2572 2418 2628; x_wconf 78' lang='lat' dir='ltr'><strong>ostenderint</strong></span> <span class='ocrx_word' id='word_1_370' title='bbox 2449 2587 2508 2629; x_wconf 84' lang='lat' dir='ltr'><strong>se</strong></span> <span class='ocrx_word' id='word_1_371' title='bbox 2538 2590 2631 2630; x_wconf 86' lang='lat' dir='ltr'><strong>eas</strong></span> <span class='ocrx_word' id='word_1_372' title='bbox 2661 2574 2888 2631; x_wconf 86' lang='lat' dir='ltr'><strong>ﬁdeliter</strong></span> <span class='ocrx_word' id='word_1_373' title='bbox 2915 2575 3316 2650; x_wconf 85' lang='lat' dir='ltr'><strong>prudenterque</strong></span> <span class='ocrx_word' id='word_1_374' title='bbox 3350 2582 3466 2637; x_wconf 91' lang='lat' dir='ltr'><strong>dis-</strong></span> 
     </span>
    </p>
   </div>
   <div class='ocr_carea' id='block_1_57' title="bbox 1903 2665 3470 2738">
    <p class='ocr_par' dir='ltr' id='par_1_57' title="bbox 1903 2665 3470 2738">
     <span class='ocr_line' id='line_1_57' title="bbox 1903 2665 3470 2738; baseline 0.007 -23"><span class='ocrx_word' id='word_1_375' title='bbox 1903 2677 2134 2732; x_wconf 88' lang='lat' dir='ltr'><strong>pensare</strong></span> <span class='ocrx_word' id='word_1_376' title='bbox 2181 2678 2366 2733; x_wconf 87' lang='lat' dir='ltr'><strong>posse,</strong></span> <span class='ocrx_word' id='word_1_377' title='bbox 2415 2680 2540 2718; x_wconf 90' lang='lat' dir='ltr'><strong>cum</strong></span> <span class='ocrx_word' id='word_1_378' title='bbox 2579 2665 2721 2720; x_wconf 89' lang='lat' dir='ltr'><strong>scire</strong></span> <span class='ocrx_word' id='word_1_379' title='bbox 2763 2667 2957 2722; x_wconf 87' lang='lat' dir='ltr'><strong>debeat</strong></span> <span class='ocrx_word' id='word_1_380' title='bbox 3006 2669 3153 2738; x_wconf 90' lang='lat' dir='ltr'><strong>ipsas</strong></span> <span class='ocrx_word' id='word_1_381' title='bbox 3199 2686 3306 2724; x_wconf 93' lang='lat' dir='ltr'><strong>non</strong></span> <span class='ocrx_word' id='word_1_382' title='bbox 3351 2671 3470 2726; x_wconf 87' lang='lat' dir='ltr'><strong>sine</strong></span> 
     </span>
    </p>
   </div>
   <div class='ocr_carea' id='block_1_58' title="bbox 1903 2753 3470 2832">
    <p class='ocr_par' dir='ltr' id='par_1_58' title="bbox 1903 2753 3470 2832">
     <span class='ocr_line' id='line_1_58' title="bbox 1903 2753 3470 2832; baseline 0.009 -27"><span class='ocrx_word' id='word_1_383' title='bbox 1903 2753 2146 2822; x_wconf 88' lang='lat' dir='ltr'><strong>periculo</strong></span> <span class='ocrx_word' id='word_1_384' title='bbox 2183 2763 2278 2807; x_wconf 90' lang='lat' dir='ltr'><strong>aut</strong></span> <span class='ocrx_word' id='word_1_385' title='bbox 2308 2757 2625 2826; x_wconf 88' lang='lat' dir='ltr'><strong>propinquis</strong></span> <span class='ocrx_word' id='word_1_386' title='bbox 2662 2759 2914 2828; x_wconf 89' lang='lat' dir='ltr'><strong>relinqui,</strong></span> <span class='ocrx_word' id='word_1_387' title='bbox 2959 2768 3053 2813; x_wconf 92' lang='lat' dir='ltr'><strong>aut</strong></span> <span class='ocrx_word' id='word_1_388' title='bbox 3086 2777 3116 2814; x_wconf 92' lang='lat' dir='ltr'><strong>a</strong></span> <span class='ocrx_word' id='word_1_389' title='bbox 3144 2764 3338 2832; x_wconf 90' lang='lat' dir='ltr'><strong>quovis</strong></span> <span class='ocrx_word' id='word_1_390' title='bbox 3369 2765 3470 2818; x_wconf 86' lang='lat' dir='ltr'><strong>ob-</strong></span> 
     </span>
    </p>
   </div>
   <div class='ocr_carea' id='block_1_59' title="bbox 1904 2845 3470 2926">
    <p class='ocr_par' dir='ltr' id='par_1_59' title="bbox 1904 2845 3470 2926">
     <span class='ocr_line' id='line_1_59' title="bbox 1904 2845 3470 2926; baseline 0.008 -28"><span class='ocrx_word' id='word_1_391' title='bbox 1904 2846 1993 2900; x_wconf 88' lang='lat' dir='ltr'><strong>vio</strong></span> <span class='ocrx_word' id='word_1_392' title='bbox 2025 2845 2305 2902; x_wconf 88' lang='lat' dir='ltr'><strong>distribui.</strong></span> <span class='ocrx_word' id='word_1_393' title='bbox 2341 2848 2556 2904; x_wconf 87' lang='lat' dir='ltr'><strong>Etenim</strong></span> <span class='ocrx_word' id='word_1_394' title='bbox 2596 2851 2639 2904; x_wconf 92' lang='lat' dir='ltr'><strong>si</strong></span> <span class='ocrx_word' id='word_1_395' title='bbox 2674 2851 2719 2905; x_wconf 88' lang='lat' dir='ltr'><strong>is</strong></span> <span class='ocrx_word' id='word_1_396' title='bbox 2748 2852 2906 2920; x_wconf 88' lang='lat' dir='ltr'><strong>cujus</strong></span> <span class='ocrx_word' id='word_1_397' title='bbox 2947 2868 3094 2908; x_wconf 71' lang='lat' dir='ltr'><strong>curae</strong></span> <span class='ocrx_word' id='word_1_398' title='bbox 3140 2857 3286 2926; x_wconf 87' lang='lat' dir='ltr'><strong>regia</strong></span> <span class='ocrx_word' id='word_1_399' title='bbox 3326 2856 3470 2912; x_wconf 86' lang='lat' dir='ltr'><strong>bona</strong></span> 
     </span>
    </p>
   </div>
   <div class='ocr_carea' id='block_1_60' title="bbox 1907 2937 3470 3018">
    <p class='ocr_par' dir='ltr' id='par_1_60' title="bbox 1907 2937 3470 3018">
     <span class='ocr_line' id='line_1_60' title="bbox 1907 2937 3470 3018; baseline 0.008 -27"><span class='ocrx_word' id='word_1_400' title='bbox 1907 2937 2220 2993; x_wconf 87' lang='lat' dir='ltr'><strong>concredita</strong></span> <span class='ocrx_word' id='word_1_401' title='bbox 2250 2949 2400 3003; x_wconf 89' lang='lat' dir='ltr'><strong>sunt,</strong></span> <span class='ocrx_word' id='word_1_402' title='bbox 2435 2941 2650 2996; x_wconf 88' lang='lat' dir='ltr'><strong>etiamsi</strong></span> <span class='ocrx_word' id='word_1_403' title='bbox 2687 2957 2828 3012; x_wconf 60' lang='lat' dir='ltr'><strong>sepe</strong></span> <span class='ocrx_word' id='word_1_404' title='bbox 2857 2946 2991 2999; x_wconf 84' lang='lat' dir='ltr'><strong>nihil</strong></span> <span class='ocrx_word' id='word_1_405' title='bbox 3025 2963 3090 3002; x_wconf 83' lang='lat' dir='ltr'><strong>ex</strong></span> <span class='ocrx_word' id='word_1_406' title='bbox 3119 2946 3185 3000; x_wconf 92' lang='lat' dir='ltr'><strong>iis</strong></span> <span class='ocrx_word' id='word_1_407' title='bbox 3214 2965 3334 3018; x_wconf 76' lang='lat' dir='ltr'><strong>quae</strong></span> <span class='ocrx_word' id='word_1_408' title='bbox 3353 2949 3470 3018; x_wconf 76' lang='lat' dir='ltr'><strong>jam.</strong></span> 
     </span>
    </p>
   </div>
   <div class='ocr_carea' id='block_1_61' title="bbox 230 3027 1800 3121">
    <p class='ocr_par' dir='ltr' id='par_1_61' title="bbox 230 3035 1800 3108">
     <span class='ocr_line' id='line_1_61' title="bbox 230 3035 1800 3108; baseline 0.002 -21"><span class='ocrx_word' id='word_1_409' title='bbox 230 3052 340 3088; x_wconf 86' lang='grc' dir='ltr'><strong>των</strong></span> <span class='ocrx_word' id='word_1_410' title='bbox 390 3035 505 3105; x_wconf 82' lang='grc'>(57)</span> <span class='ocrx_word' id='word_1_411' title='bbox 553 3037 932 3108; x_wconf 73' lang='grc' dir='ltr'>ἐγχειρισθεὶς,</span> <span class='ocrx_word' id='word_1_412' title='bbox 975 3038 1079 3090; x_wconf 74' lang='grc' dir='ltr'>κᾶν</span> <span class='ocrx_word' id='word_1_413' title='bbox 1117 3038 1189 3108; x_wconf 84' lang='grc' dir='ltr'>μὴ</span> <span class='ocrx_word' id='word_1_414' title='bbox 1239 3039 1561 3108; x_wconf 85' lang='grc' dir='ltr'>νοσφίσηται</span> <span class='ocrx_word' id='word_1_415' title='bbox 1602 3037 1800 3090; x_wconf 83' lang='grc' dir='ltr'>πολλά-</span> 
     </span>
    </p>
   </div>
   <div class='ocr_carea' id='block_1_62' title="bbox 1913 3027 3472 3121">
    <p class='ocr_par' dir='ltr' id='par_1_62' title="bbox 1913 3027 3472 3108">
     <span class='ocr_line' id='line_1_62' title="bbox 1913 3027 3472 3108; baseline 0.009 -28"><span class='ocrx_word' id='word_1_416' title='bbox 1913 3035 2065 3097; x_wconf 90' lang='lat' dir='ltr'><strong>parta</strong></span> <span class='ocrx_word' id='word_1_417' title='bbox 2108 3027 2279 3095; x_wconf 85' lang='lat' dir='ltr'><strong>fuere,</strong></span> <span class='ocrx_word' id='word_1_418' title='bbox 2324 3032 2588 3100; x_wconf 88' lang='lat' dir='ltr'><strong>rapuerit,</strong></span> <span class='ocrx_word' id='word_1_419' title='bbox 2627 3032 2673 3086; x_wconf 91' lang='lat' dir='ltr'><strong>si</strong></span> <span class='ocrx_word' id='word_1_420' title='bbox 2698 3042 2877 3090; x_wconf 89' lang='lat' dir='ltr'><strong>tamen</strong></span> <span class='ocrx_word' id='word_1_421' title='bbox 2915 3052 3034 3105; x_wconf 64' lang='lat' dir='ltr'><strong>quae</strong></span> <span class='ocrx_word' id='word_1_422' title='bbox 3076 3039 3283 3108; x_wconf 86' lang='lat' dir='ltr'><strong>acquiri</strong></span> <span class='ocrx_word' id='word_1_423' title='bbox 3319 3048 3472 3108; x_wconf 89' lang='lat' dir='ltr'><strong>pote-</strong></span> 
     </span>
    </p>
   </div>
   <div class='ocr_carea' id='block_1_63' title="bbox 232 3125 1805 3200">
    <p class='ocr_par' dir='ltr' id='par_1_63' title="bbox 232 3125 1805 3200">
     <span class='ocr_line' id='line_1_63' title="bbox 232 3125 1805 3200; baseline 0.003 -23"><span class='ocrx_word' id='word_1_424' title='bbox 232 3143 321 3188; x_wconf 85' lang='grc' dir='ltr'><strong>κις</strong></span> <span class='ocrx_word' id='word_1_425' title='bbox 375 3127 442 3178; x_wconf 81' lang='grc' dir='ltr'>ὲκ</span> <span class='ocrx_word' id='word_1_426' title='bbox 484 3125 594 3179; x_wconf 86' lang='grc' dir='ltr'><strong>τῶν</strong></span> <span class='ocrx_word' id='word_1_427' title='bbox 651 3127 920 3198; x_wconf 81' lang='grc' dir='ltr'>ἑτοίμων,</span> <span class='ocrx_word' id='word_1_428' title='bbox 981 3129 1209 3200; x_wconf 73' lang='grc' dir='ltr'>ἀμελείᾳ</span> <span class='ocrx_word' id='word_1_429' title='bbox 1261 3129 1316 3181; x_wconf 82' lang='grc' dir='ltr'>δέ</span> <span class='ocrx_word' id='word_1_430' title='bbox 1353 3127 1805 3200; x_wconf 83' lang='grc' dir='ltr'>τινικαταπροδῷ</span> 
     </span>
    </p>
   </div>
   <div class='ocr_carea' id='block_1_64' title="bbox 231 3218 1804 3292">
    <p class='ocr_par' dir='ltr' id='par_1_64' title="bbox 231 3218 1804 3292">
     <span class='ocr_line' id='line_1_64' title="bbox 231 3218 1804 3292; baseline 0.003 -24"><span class='ocrx_word' id='word_1_431' title='bbox 231 3218 298 3270; x_wconf 80' lang='grc' dir='ltr'>τὰ</span> <span class='ocrx_word' id='word_1_432' title='bbox 360 3219 771 3289; x_wconf 70' lang='grc' dir='ltr'>προπτηθῆναι</span> <span class='ocrx_word' id='word_1_433' title='bbox 838 3221 1146 3292; x_wconf 83' lang='grc' dir='ltr'>δυνάμενα,</span> <span class='ocrx_word' id='word_1_434' title='bbox 1195 3223 1293 3274; x_wconf 78' lang='grc' dir='ltr'>οὐκ</span> <span class='ocrx_word' id='word_1_435' title='bbox 1344 3220 1635 3274; x_wconf 83' lang='grc' dir='ltr'>ἀπολύεται</span> <span class='ocrx_word' id='word_1_436' title='bbox 1693 3220 1804 3290; x_wconf 78' lang='grc'>(58)</span> 
     </span>
    </p>
   </div>
   <div class='ocr_carea' id='block_1_65' title="bbox 231 3311 1808 3386">
    <p class='ocr_par' dir='ltr' id='par_1_65' title="bbox 231 3311 1808 3386">
     <span class='ocr_line' id='line_1_65' title="bbox 231 3311 1808 3386; baseline 0.002 -24"><span class='ocrx_word' id='word_1_437' title='bbox 231 3311 326 3362; x_wconf 84' lang='grc' dir='ltr'><strong>τοῦ</strong></span> <span class='ocrx_word' id='word_1_438' title='bbox 397 3311 782 3381; x_wconf 76' lang='grc' dir='ltr'>ἐγκλήματος·</span> <span class='ocrx_word' id='word_1_439' title='bbox 840 3314 960 3366; x_wconf 86' lang='grc' dir='ltr'>τίνα</span> <span class='ocrx_word' id='word_1_440' title='bbox 1009 3315 1138 3385; x_wconf 78' lang='grc' dir='ltr'>“χρὴ</span> <span class='ocrx_word' id='word_1_441' title='bbox 1198 3315 1500 3386; x_wconf 83' lang='grc' dir='ltr'>προσδοκᾷν</span> <span class='ocrx_word' id='word_1_442' title='bbox 1555 3315 1647 3366; x_wconf 73' lang='grc' dir='ltr'>επὶ</span> <span class='ocrx_word' id='word_1_443' title='bbox 1700 3313 1808 3365; x_wconf 88' lang='grc' dir='ltr'><strong>τῶν</strong></span> 
     </span>
    </p>
   </div>
   <div class='ocr_carea' id='block_1_66' title="bbox 231 3402 1809 3477">
    <p class='ocr_par' dir='ltr' id='par_1_66' title="bbox 231 3402 1809 3477">
     <span class='ocr_line' id='line_1_66' title="bbox 231 3402 1809 3477; baseline 0.002 -22"><span class='ocrx_word' id='word_1_444' title='bbox 231 3402 334 3472; x_wconf 67' lang='grc' dir='ltr'><strong>ἠδη</strong></span> <span class='ocrx_word' id='word_1_445' title='bbox 406 3405 920 3474; x_wconf 84' lang='grc' dir='ltr'>κατονομασθέντων</span> <span class='ocrx_word' id='word_1_446' title='bbox 997 3407 1075 3477; x_wconf 81' lang='grc' dir='ltr'>τῷ</span> <span class='ocrx_word' id='word_1_447' title='bbox 1142 3407 1330 3476; x_wconf 80' lang='grc' dir='ltr'>Κυρίῳ</span> <span class='ocrx_word' id='word_1_448' title='bbox 1392 3407 1488 3477; x_wconf 76' lang='grc' dir='ltr'>τὴν</span> <span class='ocrx_word' id='word_1_449' title='bbox 1547 3407 1809 3477; x_wconf 84' lang='grc' dir='ltr'>κατάκρι-</span> 
     </span>
    </p>
   </div>
   <div class='ocr_carea' id='block_1_67' title="bbox 233 3493 1808 3566">
    <p class='ocr_par' dir='ltr' id='par_1_67' title="bbox 233 3493 1808 3566">
     <span class='ocr_line' id='line_1_67' title="bbox 233 3493 1808 3566; baseline 0.002 -23"><span class='ocrx_word' id='word_1_450' title='bbox 233 3509 321 3544; x_wconf 87' lang='grc' dir='ltr'><strong>σιν</strong></span> <span class='ocrx_word' id='word_1_451' title='bbox 383 3493 804 3564; x_wconf 73' lang='grc' dir='ltr'>ὑποστήσεσθαι,</span> <span class='ocrx_word' id='word_1_452' title='bbox 863 3496 1074 3565; x_wconf 79' lang='grc' dir='ltr'>χαύνως</span> <span class='ocrx_word' id='word_1_453' title='bbox 1133 3495 1225 3547; x_wconf 76' lang='grc' dir='ltr'><strong>καὶ</strong></span> <span class='ocrx_word' id='word_1_454' title='bbox 1257 3493 1615 3566; x_wconf 75' lang='grc' dir='ltr'>ἠμελημένως</span> <span class='ocrx_word' id='word_1_455' title='bbox 1635 3494 1808 3547; x_wconf 89' lang='grc' dir='ltr'>διατε-</span> 
     </span>
    </p>
   </div>
   <div class='ocr_carea' id='block_1_68' title="bbox 233 3585 1811 3658">
    <p class='ocr_par' dir='ltr' id='par_1_68' title="bbox 233 3585 1811 3658">
     <span class='ocr_line' id='line_1_68' title="bbox 233 3585 1811 3658; baseline 0.001 -21"><span class='ocrx_word' id='word_1_456' title='bbox 233 3585 430 3648; x_wconf 82' lang='grc' dir='ltr'>θέντας</span> <span class='ocrx_word' id='word_1_457' title='bbox 477 3587 591 3656; x_wconf 82' lang='lat'><strong>(59)</strong></span> <span class='ocrx_word' id='word_1_458' title='bbox 646 3588 780 3658; x_wconf 76' lang='grc' dir='ltr'>πρὸς</span> <span class='ocrx_word' id='word_1_459' title='bbox 837 3589 933 3658; x_wconf 82' lang='grc' dir='ltr'>τὴν</span> <span class='ocrx_word' id='word_1_460' title='bbox 988 3588 1289 3658; x_wconf 83' lang='grc' dir='ltr'>διοίκησιν;</span> <span class='ocrx_word' id='word_1_461' title='bbox 1359 3587 1469 3656; x_wconf 77' lang='grc' dir='ltr'><strong>Οὐχ</strong></span> <span class='ocrx_word' id='word_1_462' title='bbox 1524 3586 1811 3650; x_wconf 82' lang='grc' dir='ltr'>ὑποδίκους</span> 
     </span>
    </p>
   </div>
   <div class='ocr_carea' id='block_1_69' title="bbox 231 3676 1811 3751">
    <p class='ocr_par' dir='ltr' id='par_1_69' title="bbox 231 3676 1811 3751">
     <span class='ocr_line' id='line_1_69' title="bbox 231 3676 1811 3751; baseline -0.003 -18"><span class='ocrx_word' id='word_1_463' title='bbox 231 3676 375 3734; x_wconf 78' lang='grc' dir='ltr'>εἶναι</span> <span class='ocrx_word' id='word_1_464' title='bbox 404 3678 500 3732; x_wconf 87' lang='grc' dir='ltr'><strong>τοῦ</strong></span> <span class='ocrx_word' id='word_1_465' title='bbox 537 3681 802 3751; x_wconf 85' lang='grc' dir='ltr'>κρίματος</span> <span class='ocrx_word' id='word_1_466' title='bbox 851 3679 956 3730; x_wconf 89' lang='grc' dir='ltr'><strong>τῶν</strong></span> <span class='ocrx_word' id='word_1_467' title='bbox 1011 3679 1389 3748; x_wconf 79' lang='grc' dir='ltr'>ἀμελούντων;</span> <span class='ocrx_word' id='word_1_468' title='bbox 1437 3677 1576 3731; x_wconf 76' lang='grc' dir='ltr'>κατὰ</span> <span class='ocrx_word' id='word_1_469' title='bbox 1623 3677 1683 3730; x_wconf 83' lang='grc' dir='ltr'><strong>τὸ</strong></span> <span class='ocrx_word' id='word_1_470' title='bbox 1717 3694 1811 3745; x_wconf 86' lang='grc' dir='ltr'>γε-</span> 
     </span>
    </p>
   </div>
   <div class='ocr_carea' id='block_1_70' title="bbox 234 3767 1813 3843">
    <p class='ocr_par' dir='ltr' id='par_1_70' title="bbox 234 3767 1813 3843">
     <span class='ocr_line' id='line_1_70' title="bbox 234 3767 1813 3843; baseline 0 -19"><span class='ocrx_word' id='word_1_471' title='bbox 234 3773 576 3843; x_wconf 75' lang='grc' dir='ltr'>γραμμένον·</span> <span class='ocrx_word' id='word_1_472' title='bbox 634 3773 1094 3838; x_wconf 75' lang='grc' dir='ltr'>Ἐπικατάρατος</span> <span class='ocrx_word' id='word_1_473' title='bbox 1143 3769 1259 3836; x_wconf 83' lang='grc' dir='ltr'>πᾶς</span> <span class='ocrx_word' id='word_1_474' title='bbox 1297 3774 1330 3823; x_wconf 84' lang='grc' dir='ltr'><strong>ό</strong></span> <span class='ocrx_word' id='word_1_475' title='bbox 1361 3767 1548 3824; x_wconf 79' lang='grc' dir='ltr'>ποιῶν</span> <span class='ocrx_word' id='word_1_476' title='bbox 1579 3770 1650 3823; x_wconf 84' lang='grc' dir='ltr'>τὰ</span> <span class='ocrx_word' id='word_1_477' title='bbox 1671 3771 1813 3838; x_wconf 78' lang='grc' dir='ltr'>ἔργα</span> 
     </span>
    </p>
   </div>
   <div class='ocr_carea' id='block_1_71' title="bbox 235 3863 737 3933">
    <p class='ocr_par' dir='ltr' id='par_1_71' title="bbox 235 3863 737 3933">
     <span class='ocr_line' id='line_1_71' title="bbox 235 3863 737 3933; baseline 0 -17"><span class='ocrx_word' id='word_1_478' title='bbox 235 3867 459 3933; x_wconf 71' lang='grc' dir='ltr'>Κυρίου</span> <span class='ocrx_word' id='word_1_479' title='bbox 481 3863 737 3932; x_wconf 79' lang='grc' dir='ltr'>ἀμελῶς.</span> 
     </span>
    </p>
   </div>
   <div class='ocr_carea' id='block_1_72' title="bbox 310 3955 1812 4027">
    <p class='ocr_par' dir='ltr' id='par_1_72' title="bbox 310 3955 1812 4027">
     <span class='ocr_line' id='line_1_72' title="bbox 310 3955 1812 4027; baseline 0.001 -19"><span class='ocrx_word' id='word_1_480' title='bbox 310 3955 364 4008; x_wconf 73' lang='grc'>2.</span> <span class='ocrx_word' id='word_1_481' title='bbox 426 3955 708 4025; x_wconf 85' lang='grc' dir='ltr'>Πανταχοῦ</span> <span class='ocrx_word' id='word_1_482' title='bbox 747 3956 802 4009; x_wconf 81' lang='grc' dir='ltr'>δὲ</span> <span class='ocrx_word' id='word_1_483' title='bbox 857 3955 1154 4024; x_wconf 81' lang='grc' dir='ltr'>φυλακτέον</span> <span class='ocrx_word' id='word_1_484' title='bbox 1202 3957 1332 4026; x_wconf 74' lang='grc' dir='ltr'>ἡμῖν</span> <span class='ocrx_word' id='word_1_485' title='bbox 1358 3997 1372 4019; x_wconf 88' lang='grc'><strong>,</strong></span> <span class='ocrx_word' id='word_1_486' title='bbox 1405 3956 1511 4026; x_wconf 84' lang='grc' dir='ltr'><strong>μὴ,</strong></span> <span class='ocrx_word' id='word_1_487' title='bbox 1543 3957 1812 4027; x_wconf 83' lang='grc' dir='ltr'>προφάσει</span> 
     </span>
    </p>
   </div>
   <div class='ocr_carea' id='block_1_73' title="bbox 242 4046 1813 4118">
    <p class='ocr_par' dir='ltr' id='par_1_73' title="bbox 242 4046 1813 4118">
     <span class='ocr_line' id='line_1_73' title="bbox 242 4046 1813 4118; baseline 0 -19"><span class='ocrx_word' id='word_1_488' title='bbox 242 4049 373 4115; x_wconf 77' lang='grc' dir='ltr'>μιᾶς</span> <span class='ocrx_word' id='word_1_489' title='bbox 407 4046 662 4116; x_wconf 79' lang='grc' dir='ltr'>ἐντολῆς,</span> <span class='ocrx_word' id='word_1_490' title='bbox 725 4047 916 4118; x_wconf 77' lang='grc' dir='ltr'>ἑτέραν</span> <span class='ocrx_word' id='word_1_491' title='bbox 963 4047 1220 4116; x_wconf 87' lang='grc' dir='ltr'>φανῶμεν</span> <span class='ocrx_word' id='word_1_492' title='bbox 1267 4047 1647 4111; x_wconf 84' lang='grc' dir='ltr'>καταλύοντες.</span> <span class='ocrx_word' id='word_1_493' title='bbox 1675 4047 1813 4101; x_wconf 73' lang='grc' dir='ltr'>Οῠτε</span> 
     </span>
    </p>
   </div>
   <div class='ocr_carea' id='block_1_74' title="bbox 239 4137 1814 4209">
    <p class='ocr_par' dir='ltr' id='par_1_74' title="bbox 239 4137 1814 4209">
     <span class='ocr_line' id='line_1_74' title="bbox 239 4137 1814 4209; baseline 0 -19"><span class='ocrx_word' id='word_1_494' title='bbox 239 4137 349 4208; x_wconf 77' lang='grc' dir='ltr'>γὰρ</span> <span class='ocrx_word' id='word_1_495' title='bbox 410 4137 718 4208; x_wconf 81' lang='grc' dir='ltr'>μάχεσθαι,</span> <span class='ocrx_word' id='word_1_496' title='bbox 770 4137 893 4190; x_wconf 71' lang='grc' dir='ltr'>οὔτε</span> <span class='ocrx_word' id='word_1_497' title='bbox 924 4138 1502 4209; x_wconf 80' lang='grc' dir='ltr'>συνδιαπληκτίζεσθαι</span> <span class='ocrx_word' id='word_1_498' title='bbox 1543 4137 1655 4209; x_wconf 85' lang='grc'>(60)</span> <span class='ocrx_word' id='word_1_499' title='bbox 1701 4141 1814 4200; x_wconf 88' lang='grc' dir='ltr'>τοῖς</span> 
     </span>
    </p>
   </div>
   <div class='ocr_carea' id='block_1_75' title="bbox 238 4229 1812 4302">
    <p class='ocr_par' dir='ltr' id='par_1_75' title="bbox 238 4229 1812 4302">
     <span class='ocr_line' id='line_1_75' title="bbox 238 4229 1812 4302; baseline -0.001 -19"><span class='ocrx_word' id='word_1_500' title='bbox 238 4229 651 4299; x_wconf 79' lang='grc' dir='ltr'>ἀγνωμονοῦσιν</span> <span class='ocrx_word' id='word_1_501' title='bbox 701 4230 972 4300; x_wconf 80' lang='grc' dir='ltr'>εὐπρεπὲς</span> <span class='ocrx_word' id='word_1_502' title='bbox 1019 4232 1146 4300; x_wconf 84' lang='grc' dir='ltr'>ἡμῖν</span> <span class='ocrx_word' id='word_1_503' title='bbox 1167 4247 1180 4259; x_wconf 71' lang='grc'><strong><em>⁸</em></strong></span> <span class='ocrx_word' id='word_1_504' title='bbox 1218 4231 1449 4302; x_wconf 82' lang='grc' dir='ltr'>ἐπείπερ</span> <span class='ocrx_word' id='word_1_505' title='bbox 1481 4230 1664 4283; x_wconf 87' lang='grc' dir='ltr'>δοῦλον</span> <span class='ocrx_word' id='word_1_506' title='bbox 1696 4233 1812 4284; x_wconf 78' lang='grc' dir='ltr'>Κυ-</span> 
     </span>
    </p>
   </div>
   <div class='ocr_carea' id='block_1_76' title="bbox 243 4319 1815 4391">
    <p class='ocr_par' dir='ltr' id='par_1_76' title="bbox 243 4319 1815 4391">
     <span class='ocr_line' id='line_1_76' title="bbox 243 4319 1815 4391; baseline 0 -20"><span class='ocrx_word' id='word_1_507' title='bbox 243 4320 359 4391; x_wconf 83' lang='grc' dir='ltr'>ρίου</span> <span class='ocrx_word' id='word_1_508' title='bbox 417 4321 479 4372; x_wconf 80' lang='grc' dir='ltr'><strong>οὑ</strong></span> <span class='ocrx_word' id='word_1_509' title='bbox 527 4320 608 4373; x_wconf 83' lang='grc' dir='ltr'><strong>δεῖ</strong></span> <span class='ocrx_word' id='word_1_510' title='bbox 659 4319 958 4389; x_wconf 78' lang='grc' dir='ltr'>μάχεσθαι,</span> <span class='ocrx_word' id='word_1_511' title='bbox 1016 4319 1149 4372; x_wconf 80' lang='grc' dir='ltr'>ἀλλὰ</span> <span class='ocrx_word' id='word_1_512' title='bbox 1192 4320 1284 4373; x_wconf 84' lang='grc' dir='ltr'><strong>τὸν</strong></span> <span class='ocrx_word' id='word_1_513' title='bbox 1333 4319 1815 4390; x_wconf 82' lang='grc' dir='ltr'>ἅγνωμονούμενον</span> 
     </span>
    </p>
   </div>
   <div class='ocr_carea' id='block_1_77' title="bbox 1912 3121 3474 3196">
    <p class='ocr_par' dir='ltr' id='par_1_77' title="bbox 1912 3121 3474 3196">
     <span class='ocr_line' id='line_1_77' title="bbox 1912 3121 3474 3196; baseline 0.008 -22"><span class='ocrx_word' id='word_1_514' title='bbox 1912 3126 2054 3183; x_wconf 79' lang='lat' dir='ltr'><strong>rant,</strong></span> <span class='ocrx_word' id='word_1_515' title='bbox 2104 3121 2430 3190; x_wconf 82' lang='lat' dir='ltr'><strong>negligentia</strong></span> <span class='ocrx_word' id='word_1_516' title='bbox 2477 3137 2575 3177; x_wconf 88' lang='lat' dir='ltr'><strong>sua</strong></span> <span class='ocrx_word' id='word_1_517' title='bbox 2622 3139 2731 3178; x_wconf 90' lang='lat' dir='ltr'><strong>non</strong></span> <span class='ocrx_word' id='word_1_518' title='bbox 2775 3128 3125 3196; x_wconf 86' lang='lat' dir='ltr'><strong>compararit,</strong></span> <span class='ocrx_word' id='word_1_519' title='bbox 3171 3144 3203 3183; x_wconf 87' lang='lat' dir='ltr'><strong>a</strong></span> <span class='ocrx_word' id='word_1_520' title='bbox 3243 3131 3474 3187; x_wconf 85' lang='lat' dir='ltr'><strong>crimine</strong></span> 
     </span>
    </p>
   </div>
   <div class='ocr_carea' id='block_1_78' title="bbox 1911 3211 3476 3285">
    <p class='ocr_par' dir='ltr' id='par_1_78' title="bbox 1911 3211 3476 3285">
     <span class='ocr_line' id='line_1_78' title="bbox 1911 3211 3476 3285; baseline 0.009 -21"><span class='ocrx_word' id='word_1_521' title='bbox 1911 3225 2020 3264; x_wconf 90' lang='lat' dir='ltr'><strong>non</strong></span> <span class='ocrx_word' id='word_1_522' title='bbox 2075 3211 2408 3279; x_wconf 82' lang='lat' dir='ltr'><strong>absolvitur;</strong></span> <span class='ocrx_word' id='word_1_523' title='bbox 2438 3215 2710 3283; x_wconf 88' lang='lat' dir='ltr'><strong>quodnam</strong></span> <span class='ocrx_word' id='word_1_524' title='bbox 2754 3216 3022 3285; x_wconf 90' lang='lat' dir='ltr'><strong>judicium</strong></span> <span class='ocrx_word' id='word_1_525' title='bbox 3057 3235 3283 3276; x_wconf 91' lang='lat' dir='ltr'><strong>censere</strong></span> <span class='ocrx_word' id='word_1_526' title='bbox 3312 3223 3476 3278; x_wconf 78' lang='lat' dir='ltr'><strong>debe-</strong></span> 
     </span>
    </p>
   </div>
   <div class='ocr_carea' id='block_1_79' title="bbox 1912 3303 3476 3381">
    <p class='ocr_par' dir='ltr' id='par_1_79' title="bbox 1912 3303 3476 3381">
     <span class='ocr_line' id='line_1_79' title="bbox 1912 3303 3476 3381; baseline 0.009 -25"><span class='ocrx_word' id='word_1_527' title='bbox 1912 3317 2036 3358; x_wconf 87' lang='lat' dir='ltr'><strong>mus</strong></span> <span class='ocrx_word' id='word_1_528' title='bbox 2071 3303 2353 3358; x_wconf 81' lang='lat' dir='ltr'><strong>ferendum</strong></span> <span class='ocrx_word' id='word_1_529' title='bbox 2397 3306 2465 3360; x_wconf 89' lang='lat' dir='ltr'><strong>ab</strong></span> <span class='ocrx_word' id='word_1_530' title='bbox 2516 3307 2582 3363; x_wconf 91' lang='lat' dir='ltr'><strong>iis</strong></span> <span class='ocrx_word' id='word_1_531' title='bbox 2617 3309 2711 3377; x_wconf 91' lang='lat' dir='ltr'><strong>qui</strong></span> <span class='ocrx_word' id='word_1_532' title='bbox 2755 3323 2842 3364; x_wconf 88' lang='lat' dir='ltr'><strong>res</strong></span> <span class='ocrx_word' id='word_1_533' title='bbox 2873 3309 3103 3364; x_wconf 92' lang='lat' dir='ltr'><strong>Domino</strong></span> <span class='ocrx_word' id='word_1_534' title='bbox 3123 3311 3232 3381; x_wconf 89' lang='lat' dir='ltr'><strong>jam</strong></span> <span class='ocrx_word' id='word_1_535' title='bbox 3264 3314 3476 3371; x_wconf 83' lang='lat' dir='ltr'><strong>dicatas</strong></span> 
     </span>
    </p>
   </div>
   <div class='ocr_carea' id='block_1_80' title="bbox 1913 3392 3475 3474">
    <p class='ocr_par' dir='ltr' id='par_1_80' title="bbox 1913 3392 3475 3474">
     <span class='ocr_line' id='line_1_80' title="bbox 1913 3392 3475 3474; baseline 0.009 -29"><span class='ocrx_word' id='word_1_536' title='bbox 1913 3392 2107 3463; x_wconf 77' lang='lat' dir='ltr'><strong>ignave</strong></span> <span class='ocrx_word' id='word_1_537' title='bbox 2153 3409 2217 3448; x_wconf 89' lang='lat' dir='ltr'><strong>ac</strong></span> <span class='ocrx_word' id='word_1_538' title='bbox 2260 3396 2598 3466; x_wconf 78' lang='lat' dir='ltr'><strong>negligenter</strong></span> <span class='ocrx_word' id='word_1_539' title='bbox 2628 3399 3039 3468; x_wconf 85' lang='lat' dir='ltr'><strong>dispensarint?</strong></span> <span class='ocrx_word' id='word_1_540' title='bbox 3065 3401 3258 3458; x_wconf 90' lang='lat' dir='ltr'><strong>Nonne</strong></span> <span class='ocrx_word' id='word_1_541' title='bbox 3301 3407 3475 3474; x_wconf 87' lang='lat' dir='ltr'><strong>negli-</strong></span> 
     </span>
    </p>
   </div>
   <div class='ocr_carea' id='block_1_81' title="bbox 1913 3482 3474 3561">
    <p class='ocr_par' dir='ltr' id='par_1_81' title="bbox 1913 3482 3474 3561">
     <span class='ocr_line' id='line_1_81' title="bbox 1913 3482 3474 3561; baseline 0.006 -24"><span class='ocrx_word' id='word_1_542' title='bbox 1913 3482 2156 3552; x_wconf 88' lang='lat' dir='ltr'><strong>gentium</strong></span> <span class='ocrx_word' id='word_1_543' title='bbox 2199 3486 2381 3539; x_wconf 76' lang='lat' dir='ltr'><strong>multae</strong></span> <span class='ocrx_word' id='word_1_544' title='bbox 2417 3485 2586 3540; x_wconf 82' lang='lat' dir='ltr'><strong>futuri</strong></span> <span class='ocrx_word' id='word_1_545' title='bbox 2621 3496 2750 3542; x_wconf 90' lang='lat' dir='ltr'><strong>sunt</strong></span> <span class='ocrx_word' id='word_1_546' title='bbox 2777 3489 3037 3543; x_wconf 84' lang='lat' dir='ltr'><strong>obnoxii?</strong></span> <span class='ocrx_word' id='word_1_547' title='bbox 3080 3492 3156 3544; x_wconf 88' lang='lat' dir='ltr'><strong>uti</strong></span> <span class='ocrx_word' id='word_1_548' title='bbox 3211 3494 3474 3561; x_wconf 77' lang='lat' dir='ltr'><strong>scriptum</strong></span> 
     </span>
    </p>
   </div>
   <div class='ocr_carea' id='block_1_82' title="bbox 1912 3574 3478 3654">
    <p class='ocr_par' dir='ltr' id='par_1_82' title="bbox 1912 3574 3478 3654">
     <span class='ocr_line' id='line_1_82' title="bbox 1912 3574 3478 3654; baseline 0.007 -25"><span class='ocrx_word' id='word_1_549' title='bbox 1912 3582 1996 3629; x_wconf 85' lang='lat' dir='ltr'><strong>est</strong></span> <span class='ocrx_word' id='word_1_550' title='bbox 2025 3595 2036 3629; x_wconf 76' lang='grc' dir='ltr'><strong>ι</strong></span> <span class='ocrx_word' id='word_1_551' title='bbox 2071 3574 2388 3630; x_wconf 79' lang='lat' dir='ltr'><strong>Maledictus</strong></span> <span class='ocrx_word' id='word_1_552' title='bbox 2417 3579 2652 3648; x_wconf 84' lang='lat' dir='ltr'><strong>quisquis</strong></span> <span class='ocrx_word' id='word_1_553' title='bbox 2678 3579 2806 3648; x_wconf 89' lang='lat' dir='ltr'><strong>facit</strong></span> <span class='ocrx_word' id='word_1_554' title='bbox 2853 3596 3009 3648; x_wconf 87' lang='lat' dir='ltr'><strong>opera</strong></span> <span class='ocrx_word' id='word_1_555' title='bbox 3059 3581 3269 3636; x_wconf 86' lang='lat' dir='ltr'><strong>Domini</strong></span> <span class='ocrx_word' id='word_1_556' title='bbox 3311 3587 3478 3654; x_wconf 82' lang='lat' dir='ltr'><strong>negti—</strong></span> 
     </span>
    </p>
   </div>
   <div class='ocr_carea' id='block_1_83' title="bbox 1913 3668 2174 3735">
    <p class='ocr_par' dir='ltr' id='par_1_83' title="bbox 1913 3668 2174 3735">
     <span class='ocr_line' id='line_1_83' title="bbox 1913 3668 2174 3735; baseline 0.011 -16"><span class='ocrx_word' id='word_1_557' title='bbox 1913 3678 2086 3735; x_wconf 78' lang='lat' dir='ltr'><strong>genter</strong></span> <span class='ocrx_word' id='word_1_558' title='bbox 2111 3668 2174 3722; x_wconf 73' lang='grc'><strong>³⁸.</strong></span> 
     </span>
    </p>
   </div>
   <div class='ocr_carea' id='block_1_84' title="bbox 1985 3959 3481 4030">
    <p class='ocr_par' dir='ltr' id='par_1_84' title="bbox 1985 3959 3481 4030">
     <span class='ocr_line' id='line_1_84' title="bbox 1985 3959 3481 4030; baseline 0.003 -16"><span class='ocrx_word' id='word_1_559' title='bbox 1985 3961 2038 4014; x_wconf 74' lang='lat'><strong>2.</strong></span> <span class='ocrx_word' id='word_1_560' title='bbox 2083 3960 2294 4030; x_wconf 87' lang='lat' dir='ltr'><strong>Ubique</strong></span> <span class='ocrx_word' id='word_1_561' title='bbox 2324 3969 2502 4014; x_wconf 89' lang='lat' dir='ltr'><strong>autem</strong></span> <span class='ocrx_word' id='word_1_562' title='bbox 2529 3959 2688 4014; x_wconf 81' lang='lat' dir='ltr'><strong>nobis</strong></span> <span class='ocrx_word' id='word_1_563' title='bbox 2719 3959 3019 4014; x_wconf 87' lang='lat' dir='ltr'><strong>cavendum</strong></span> <span class='ocrx_word' id='word_1_564' title='bbox 3057 3968 3162 4025; x_wconf 88' lang='lat' dir='ltr'><strong>est,</strong></span> <span class='ocrx_word' id='word_1_565' title='bbox 3191 3977 3278 4025; x_wconf 90' lang='lat' dir='ltr'><strong>ne,</strong></span> <span class='ocrx_word' id='word_1_566' title='bbox 3314 3962 3481 4019; x_wconf 88' lang='lat' dir='ltr'><strong>unius</strong></span> 
     </span>
    </p>
   </div>
   <div class='ocr_carea' id='block_1_85' title="bbox 1919 4052 3483 4114">
    <p class='ocr_par' dir='ltr' id='par_1_85' title="bbox 1919 4052 3483 4114">
     <span class='ocr_line' id='line_1_85' title="bbox 1919 4052 3483 4114; baseline 0.001 -8"><span class='ocrx_word' id='word_1_567' title='bbox 1919 4052 2160 4106; x_wconf 87' lang='lat' dir='ltr'><strong>mandati</strong></span> <span class='ocrx_word' id='word_1_568' title='bbox 2193 4052 2419 4106; x_wconf 87' lang='lat' dir='ltr'><strong>obtentu</strong></span> <span class='ocrx_word' id='word_1_569' title='bbox 2451 4060 2504 4106; x_wconf 90' lang='lat' dir='ltr'><strong>et</strong></span> <span class='ocrx_word' id='word_1_570' title='bbox 2533 4053 2774 4114; x_wconf 90' lang='lat' dir='ltr'><strong>nomine,</strong></span> <span class='ocrx_word' id='word_1_571' title='bbox 2807 4053 3038 4106; x_wconf 91' lang='lat' dir='ltr'><strong>alterum</strong></span> <span class='ocrx_word' id='word_1_572' title='bbox 3073 4052 3370 4109; x_wconf 88' lang='lat' dir='ltr'><strong>dissolvere</strong></span> <span class='ocrx_word' id='word_1_573' title='bbox 3395 4056 3483 4107; x_wconf 73' lang='grc' dir='ltr'><strong>’δὶ-</strong></span> 
     </span>
    </p>
   </div>
   <div class='ocr_carea' id='block_1_86' title="bbox 1917 4139 3479 4210">
    <p class='ocr_par' dir='ltr' id='par_1_86' title="bbox 1917 4139 3479 4210">
     <span class='ocr_line' id='line_1_86' title="bbox 1917 4139 3479 4210; baseline -0.002 -15"><span class='ocrx_word' id='word_1_574' title='bbox 1917 4140 2160 4196; x_wconf 76' lang='lat' dir='ltr'><strong>deamdr.</strong></span> <span class='ocrx_word' id='word_1_575' title='bbox 2213 4139 2398 4209; x_wconf 82' lang='lat' dir='ltr'><strong>Neque</strong></span> <span class='ocrx_word' id='word_1_576' title='bbox 2451 4141 2595 4193; x_wconf 91' lang='lat' dir='ltr'><strong>enim</strong></span> <span class='ocrx_word' id='word_1_577' title='bbox 2646 4154 2910 4209; x_wconf 89' lang='lat' dir='ltr'><strong>pugnare,</strong></span> <span class='ocrx_word' id='word_1_578' title='bbox 2961 4147 3054 4192; x_wconf 87' lang='lat' dir='ltr'><strong>aut</strong></span> <span class='ocrx_word' id='word_1_579' title='bbox 3108 4155 3230 4194; x_wconf 92' lang='lat' dir='ltr'><strong>cum</strong></span> <span class='ocrx_word' id='word_1_580' title='bbox 3273 4140 3479 4210; x_wconf 79' lang='lat' dir='ltr'><strong>iniquis</strong></span> 
     </span>
    </p>
   </div>
   <div class='ocr_carea' id='block_1_87' title="bbox 1917 4230 3480 4302">
    <p class='ocr_par' dir='ltr' id='par_1_87' title="bbox 1917 4230 3480 4302">
     <span class='ocr_line' id='line_1_87' title="bbox 1917 4230 3480 4302; baseline -0.002 -15"><span class='ocrx_word' id='word_1_581' title='bbox 1917 4232 2247 4288; x_wconf 85' lang='lat' dir='ltr'><strong>contendere</strong></span> <span class='ocrx_word' id='word_1_582' title='bbox 2297 4232 2456 4287; x_wconf 90' lang='lat' dir='ltr'><strong>nobis</strong></span> <span class='ocrx_word' id='word_1_583' title='bbox 2504 4231 2761 4286; x_wconf 89' lang='lat' dir='ltr'><strong>decorum</strong></span> <span class='ocrx_word' id='word_1_584' title='bbox 2812 4230 2979 4286; x_wconf 81' lang='lat' dir='ltr'><strong>fuerit</strong></span> <span class='ocrx_word' id='word_1_585' title='bbox 3022 4232 3313 4302; x_wconf 87' lang='lat' dir='ltr'><strong>(siquidem</strong></span> <span class='ocrx_word' id='word_1_586' title='bbox 3363 4248 3480 4287; x_wconf 87' lang='lat' dir='ltr'><strong>ser-</strong></span> 
     </span>
    </p>
   </div>
   <div class='ocr_carea' id='block_1_88' title="bbox 1917 4321 3481 4392">
    <p class='ocr_par' dir='ltr' id='par_1_88' title="bbox 1917 4321 3481 4392">
     <span class='ocr_line' id='line_1_88' title="bbox 1917 4321 3481 4392; baseline 0 -16"><span class='ocrx_word' id='word_1_587' title='bbox 1917 4338 2043 4376; x_wconf 92' lang='lat' dir='ltr'><strong>vum</strong></span> <span class='ocrx_word' id='word_1_588' title='bbox 2095 4321 2309 4376; x_wconf 85' lang='lat' dir='ltr'><strong>Domini</strong></span> <span class='ocrx_word' id='word_1_589' title='bbox 2356 4337 2465 4376; x_wconf 92' lang='lat' dir='ltr'><strong>non</strong></span> <span class='ocrx_word' id='word_1_590' title='bbox 2515 4331 2728 4391; x_wconf 85' lang='lat' dir='ltr'><strong>Oportet</strong></span> <span class='ocrx_word' id='word_1_591' title='bbox 2777 4321 2988 4390; x_wconf 87' lang='lat' dir='ltr'><strong>litigare</strong></span> <span class='ocrx_word' id='word_1_592' title='bbox 3010 4322 3122 4392; x_wconf 82' lang='grc'><strong>³⁷);</strong></span> <span class='ocrx_word' id='word_1_593' title='bbox 3162 4323 3256 4377; x_wconf 90' lang='lat' dir='ltr'><strong>sed</strong></span> <span class='ocrx_word' id='word_1_594' title='bbox 3306 4325 3398 4392; x_wconf 88' lang='lat' dir='ltr'><strong>qui</strong></span> <span class='ocrx_word' id='word_1_595' title='bbox 3451 4338 3481 4376; x_wconf 90' lang='lat' dir='ltr'><strong>a</strong></span> 
     </span>
    </p>
   </div>
   <div class='ocr_carea' id='block_1_89' title="bbox 240 4395 1800 4484">
    <p class='ocr_par' dir='ltr' id='par_1_89' title="bbox 240 4411 1800 4483">
     <span class='ocr_line' id='line_1_89' title="bbox 240 4411 1800 4483; baseline 0 -19"><span class='ocrx_word' id='word_1_596' title='bbox 240 4413 398 4483; x_wconf 74' lang='grc' dir='ltr'>παρὰ</span> <span class='ocrx_word' id='word_1_597' title='bbox 426 4411 535 4464; x_wconf 89' lang='grc' dir='ltr'><strong>τῶν</strong></span> <span class='ocrx_word' id='word_1_598' title='bbox 570 4411 709 4465; x_wconf 79' lang='grc' dir='ltr'>κατὰ</span> <span class='ocrx_word' id='word_1_599' title='bbox 756 4411 932 4482; x_wconf 81' lang='grc' dir='ltr'>σάρκα</span> <span class='ocrx_word' id='word_1_600' title='bbox 979 4412 1251 4480; x_wconf 88' lang='grc' dir='ltr'>συγγενῶν</span> <span class='ocrx_word' id='word_1_601' title='bbox 1295 4411 1658 4482; x_wconf 84' lang='grc' dir='ltr'>μνημονεύειν</span> <span class='ocrx_word' id='word_1_602' title='bbox 1708 4413 1800 4482; x_wconf 66' lang='grc' dir='ltr'><strong>χρῦ</strong></span> 
     </span>
    </p>
   </div>
   <div class='ocr_carea' id='block_1_90' title="bbox 1913 4395 3485 4484">
    <p class='ocr_par' dir='ltr' id='par_1_90' title="bbox 1922 4413 3485 4484">
     <span class='ocr_line' id='line_1_90' title="bbox 1922 4413 3485 4484; baseline 0 -16"><span class='ocrx_word' id='word_1_603' title='bbox 1922 4413 2234 4469; x_wconf 88' lang='lat' dir='ltr'><strong>carnalibus</strong></span> <span class='ocrx_word' id='word_1_604' title='bbox 2258 4414 2580 4484; x_wconf 89' lang='lat' dir='ltr'><strong>propinquis</strong></span> <span class='ocrx_word' id='word_1_605' title='bbox 2616 4414 2858 4484; x_wconf 87' lang='lat' dir='ltr'><strong>iniquius</strong></span> <span class='ocrx_word' id='word_1_606' title='bbox 2888 4422 3157 4470; x_wconf 78' lang='lat' dir='ltr'><strong>tractatus</strong></span> <span class='ocrx_word' id='word_1_607' title='bbox 3187 4423 3291 4480; x_wconf 91' lang='lat' dir='ltr'><strong>est,</strong></span> <span class='ocrx_word' id='word_1_608' title='bbox 3323 4416 3485 4469; x_wconf 87' lang='lat' dir='ltr'><strong>debet</strong></span> 
     </span>
    </p>
   </div>
   <div class='ocr_carea' id='block_1_91' title="bbox 239 4502 1815 4573">
    <p class='ocr_par' dir='ltr' id='par_1_91' title="bbox 239 4502 1815 4573">
     <span class='ocr_line' id='line_1_91' title="bbox 239 4502 1815 4573; baseline 0.001 -19"><span class='ocrx_word' id='word_1_609' title='bbox 239 4502 339 4555; x_wconf 85' lang='grc' dir='ltr'><strong>τοῦ</strong></span> <span class='ocrx_word' id='word_1_610' title='bbox 407 4503 616 4573; x_wconf 83' lang='grc' dir='ltr'>Κυρίου</span> <span class='ocrx_word' id='word_1_611' title='bbox 678 4503 939 4566; x_wconf 84' lang='grc' dir='ltr'>εἰπόντος,</span> <span class='ocrx_word' id='word_1_612' title='bbox 987 4504 1068 4557; x_wconf 86' lang='grc' dir='ltr'><strong>ὅτι</strong></span> <span class='ocrx_word' id='word_1_613' title='bbox 1123 4505 1245 4556; x_wconf 82' lang='grc' dir='ltr'><strong>Οὐκ</strong></span> <span class='ocrx_word' id='word_1_614' title='bbox 1281 4504 1450 4557; x_wconf 81' lang='grc' dir='ltr'>ἐστιν</span> <span class='ocrx_word' id='word_1_615' title='bbox 1495 4502 1664 4570; x_wconf 84' lang='grc' dir='ltr'>ὅστις</span> <span class='ocrx_word' id='word_1_616' title='bbox 1704 4504 1815 4572; x_wconf 68' lang='grc' dir='ltr'><strong>ὰφ-</strong></span> 
     </span>
    </p>
   </div>
   <div class='ocr_carea' id='block_1_92' title="bbox 241 4593 1817 4664">
    <p class='ocr_par' dir='ltr' id='par_1_92' title="bbox 241 4593 1817 4664">
     <span class='ocr_line' id='line_1_92' title="bbox 241 4593 1817 4664; baseline 0.006 -17"><span class='ocrx_word' id='word_1_617' title='bbox 241 4593 395 4661; x_wconf 73' lang='grc' dir='ltr'>ἦκεν</span> <span class='ocrx_word' id='word_1_618' title='bbox 427 4596 642 4657; x_wconf 82' lang='grc' dir='ltr'>οἰκίαν,</span> <span class='ocrx_word' id='word_1_619' title='bbox 686 4595 725 4662; x_wconf 79' lang='grc' dir='ltr'><strong>ἢ</strong></span> <span class='ocrx_word' id='word_1_620' title='bbox 753 4595 1052 4663; x_wconf 69' lang='grc' dir='ltr'>ἀδελφοὺς</span> <span class='ocrx_word' id='word_1_621' title='bbox 1079 4636 1094 4659; x_wconf 91' lang='grc'><strong>,</strong></span> <span class='ocrx_word' id='word_1_622' title='bbox 1121 4595 1158 4663; x_wconf 81' lang='grc' dir='ltr'><em>ἢ</em></span> <span class='ocrx_word' id='word_1_623' title='bbox 1188 4595 1473 4664; x_wconf 64' lang='grc' dir='ltr'>ἀδελφὰς,</span> <span class='ocrx_word' id='word_1_624' title='bbox 1509 4597 1546 4662; x_wconf 83' lang='grc' dir='ltr'><strong><em>ἣ</em></strong></span> <span class='ocrx_word' id='word_1_625' title='bbox 1577 4594 1817 4662; x_wconf 81' lang='grc' dir='ltr'>πατέρα.</span> 
     </span>
    </p>
   </div>
   <div class='ocr_carea' id='block_1_93' title="bbox 240 4685 1815 4756">
    <p class='ocr_par' dir='ltr' id='par_1_93' title="bbox 240 4685 1815 4756">
     <span class='ocr_line' id='line_1_93' title="bbox 240 4685 1815 4756; baseline -0.002 -17"><span class='ocrx_word' id='word_1_626' title='bbox 240 4686 282 4754; x_wconf 83' lang='grc' dir='ltr'><strong>ἣ</strong></span> <span class='ocrx_word' id='word_1_627' title='bbox 302 4685 555 4756; x_wconf 76' lang='grc' dir='ltr'>μητέρα,</span> <span class='ocrx_word' id='word_1_628' title='bbox 586 4685 624 4751; x_wconf 81' lang='grc' dir='ltr'><em>ἢ</em></span> <span class='ocrx_word' id='word_1_629' title='bbox 651 4685 903 4754; x_wconf 72' lang='grc' dir='ltr'>γυναῖκα</span> <span class='ocrx_word' id='word_1_630' title='bbox 932 4687 1064 4756; x_wconf 78' lang='grc'>(61),</span> <span class='ocrx_word' id='word_1_631' title='bbox 1091 4687 1128 4754; x_wconf 82' lang='grc' dir='ltr'><em>ἢ</em></span> <span class='ocrx_word' id='word_1_632' title='bbox 1156 4687 1357 4750; x_wconf 84' lang='grc' dir='ltr'>τέκνα,</span> <span class='ocrx_word' id='word_1_633' title='bbox 1383 4687 1422 4754; x_wconf 80' lang='grc' dir='ltr'><strong>ἦ</strong></span> <span class='ocrx_word' id='word_1_634' title='bbox 1453 4686 1691 4753; x_wconf 80' lang='grc' dir='ltr'>ἀγροὺς,</span> <span class='ocrx_word' id='word_1_635' title='bbox 1718 4685 1815 4752; x_wconf 85' lang='grc' dir='ltr'><strong>οὐχ</strong></span> 
     </span>
    </p>
   </div>
   <div class='ocr_carea' id='block_1_94' title="bbox 312 4820 1449 4884">
    <p class='ocr_par' dir='ltr' id='par_1_94' title="bbox 312 4820 1449 4884">
     <span class='ocr_line' id='line_1_94' title="bbox 312 4820 1449 4884; baseline -0.004 -6"><span class='ocrx_word' id='word_1_636' title='bbox 312 4826 358 4858; x_wconf 86' lang='grc'>³³</span> <span class='ocrx_word' id='word_1_637' title='bbox 395 4823 530 4878; x_wconf 89' lang='lat' dir='ltr'><strong>Luc.</strong></span> <span class='ocrx_word' id='word_1_638' title='bbox 568 4839 697 4883; x_wconf 81' lang='lat' dir='ltr'><strong>vm,</strong></span> <span class='ocrx_word' id='word_1_639' title='bbox 736 4822 819 4876; x_wconf 75' lang='grc' dir='ltr'>Η.</span> <span class='ocrx_word' id='word_1_640' title='bbox 899 4822 943 4852; x_wconf 70' lang='grc'><strong>³³</strong></span> <span class='ocrx_word' id='word_1_641' title='bbox 984 4820 1169 4874; x_wconf 86' lang='lat' dir='ltr'><strong>Matth.</strong></span> <span class='ocrx_word' id='word_1_642' title='bbox 1205 4836 1326 4884; x_wconf 78' lang='lat' dir='ltr'><strong>xix,</strong></span> <span class='ocrx_word' id='word_1_643' title='bbox 1363 4821 1449 4874; x_wconf 67' lang='lat'><strong>2|.</strong></span> 
     </span>
    </p>
   </div>
   <div class='ocr_carea' id='block_1_95' title="bbox 316 4961 1818 5046">
    <p class='ocr_par' dir='ltr' id='par_1_95' title="bbox 316 4961 1818 5046">
     <span class='ocr_line' id='line_1_95' title="bbox 316 4961 1818 5046; baseline -0.005 -29"><span class='ocrx_word' id='word_1_644' title='bbox 316 4963 431 5046; x_wconf 57' lang='lat'><strong>(5&#39;36)</strong></span> <span class='ocrx_word' id='word_1_645' title='bbox 473 4962 697 5018; x_wconf 71' lang='lat' dir='ltr'><strong>Veteres</strong></span> <span class='ocrx_word' id='word_1_646' title='bbox 729 4962 838 5016; x_wconf 91' lang='lat' dir='ltr'><strong>duo</strong></span> <span class='ocrx_word' id='word_1_647' title='bbox 868 4962 988 5015; x_wconf 88' lang='lat' dir='ltr'><strong>libri</strong></span> <span class='ocrx_word' id='word_1_648' title='bbox 1030 4962 1231 5032; x_wconf 85' lang='grc' dir='ltr'>Κυρίου</span> <span class='ocrx_word' id='word_1_649' title='bbox 1258 4961 1414 5030; x_wconf 83' lang='grc' dir='ltr'>ἡμῶν</span> <span class='ocrx_word' id='word_1_650' title='bbox 1459 4961 1633 5030; x_wconf 81' lang='grc' dir='ltr'>Ἰησοῦ</span> <span class='ocrx_word' id='word_1_651' title='bbox 1680 4961 1818 5030; x_wconf 78' lang='grc' dir='ltr'>Χρι-</span> 
     </span>
    </p>
   </div>
   <div class='ocr_carea' id='block_1_96' title="bbox 244 5049 1816 5188">
    <p class='ocr_par' dir='ltr' id='par_1_96' title="bbox 244 5049 1816 5188">
     <span class='ocr_line' id='line_1_96' title="bbox 244 5049 1816 5188; baseline -0.007 -26"><span class='ocrx_word' id='word_1_652' title='bbox 473 5102 587 5173; x_wconf 79' lang='lat' dir='ltr'><strong>Reg</strong></span> <span class='ocrx_word' id='word_1_653' title='bbox 644 5103 854 5173; x_wconf 89' lang='lat' dir='ltr'><strong>primus</strong></span> <span class='ocrx_word' id='word_1_654' title='bbox 889 5100 1179 5171; x_wconf 86' lang='grc' dir='ltr'>βασιλικῶν</span> <span class='ocrx_word' id='word_1_655' title='bbox 1213 5101 1528 5172; x_wconf 82' lang='grc' dir='ltr'>χρημάτων,</span> <span class='ocrx_word' id='word_1_656' title='bbox 1555 5100 1816 5169; x_wconf 83' lang='lat' dir='ltr'><strong>regiarum</strong></span> 
     </span>
    </p>
   </div>
   <div class='ocr_carea' id='block_1_97' title="bbox 241 5191 612 5244">
    <p class='ocr_par' dir='ltr' id='par_1_97' title="bbox 241 5191 612 5244">
     <span class='ocr_line' id='line_1_97' title="bbox 241 5191 612 5244; baseline -0.011 -14"><span class='ocrx_word' id='word_1_657' title='bbox 241 5191 612 5244; x_wconf 74' lang='lat' dir='ltr'><strong>pecuniarum.</strong></span> 
     </span>
    </p>
   </div>
   <div class='ocr_carea' id='block_1_98' title="bbox 319 5237 1812 5318">
    <p class='ocr_par' dir='ltr' id='par_1_98' title="bbox 319 5237 1812 5318">
     <span class='ocr_line' id='line_1_98' title="bbox 319 5237 1812 5318; baseline -0.008 -15"><span class='ocrx_word' id='word_1_658' title='bbox 319 5246 439 5318; x_wconf 87' lang='lat'><strong>(58)</strong></span> <span class='ocrx_word' id='word_1_659' title='bbox 477 5241 841 5318; x_wconf 49' lang='lat' dir='ltr'><strong>codegﬁoss.</strong></span> <span class='ocrx_word' id='word_1_660' title='bbox 874 5242 973 5294; x_wconf 76' lang='grc' dir='ltr'><strong>οὐκ</strong></span> <span class='ocrx_word' id='word_1_661' title='bbox 999 5240 1315 5318; x_wconf 80' lang='grc' dir='ltr'>ἀπόλλυται,</span> <span class='ocrx_word' id='word_1_662' title='bbox 1346 5243 1504 5296; x_wconf 91' lang='lat' dir='ltr'><strong>male.</strong></span> <span class='ocrx_word' id='word_1_663' title='bbox 1535 5240 1655 5292; x_wconf 79' lang='lat' dir='ltr'><strong>Mox</strong></span> <span class='ocrx_word' id='word_1_664' title='bbox 1679 5237 1812 5308; x_wconf 76' lang='lat' dir='ltr'><strong>Reg.</strong></span> 
     </span>
    </p>
   </div>
   <div class='ocr_carea' id='block_1_99' title="bbox 245 5312 1726 5397">
    <p class='ocr_par' dir='ltr' id='par_1_99' title="bbox 245 5312 1726 5397">
     <span class='ocr_line' id='line_1_99' title="bbox 245 5312 1726 5397; baseline 0 -33"><span class='ocrx_word' id='word_1_665' title='bbox 245 5312 728 5397; x_wconf 43' lang='lat' dir='ltr'><strong>pri&#39;m&#39;nsfi&#39;iwdlaq</strong></span> <span class='ocrx_word' id='word_1_666' title='bbox 762 5312 1282 5397; x_wconf 61' lang='grc' dir='ltr'>κατωνομασμένων.</span> <span class='ocrx_word' id='word_1_667' title='bbox 1398 5388 1412 5397; x_wconf 33' lang='grc' dir='ltr'><strong>Α</strong></span> <span class='ocrx_word' id='word_1_668' title='bbox 1544 5378 1609 5397; x_wconf 52' lang='lat' dir='ltr'>ﬂ</span> <span class='ocrx_word' id='word_1_669' title='bbox 1653 5380 1664 5391; x_wconf 44' lang='lat'><strong>.</strong></span> <span class='ocrx_word' id='word_1_670' title='bbox 1703 5377 1726 5392; x_wconf 30' lang='grc' dir='ltr'><strong>ἢ</strong></span> 
     </span>
    </p>
   </div>
   <div class='ocr_carea' id='block_1_100' title="bbox 321 5379 1814 5454">
    <p class='ocr_par' dir='ltr' id='par_1_100' title="bbox 321 5379 1814 5454">
     <span class='ocr_line' id='line_1_100' title="bbox 321 5379 1814 5454; baseline -0.007 -14"><span class='ocrx_word' id='word_1_671' title='bbox 321 5386 436 5454; x_wconf 79' lang='grc'>(59)</span> <span class='ocrx_word' id='word_1_672' title='bbox 471 5385 613 5454; x_wconf 82' lang='lat' dir='ltr'><strong>Editi</strong></span> <span class='ocrx_word' id='word_1_673' title='bbox 641 5379 992 5454; x_wconf 66' lang='grc' dir='ltr'>διατιθέντας.</span> <span class='ocrx_word' id='word_1_674' title='bbox 1026 5379 1249 5454; x_wconf 41' lang='lat' dir='ltr'><strong>Victores</strong></span> <span class='ocrx_word' id='word_1_675' title='bbox 1288 5388 1521 5454; x_wconf 82' lang='lat' dir='ltr'><strong>quatuor</strong></span> <span class='ocrx_word' id='word_1_676' title='bbox 1544 5379 1671 5454; x_wconf 88' lang='lat' dir='ltr'><strong>libr_i</strong></span> <span class='ocrx_word' id='word_1_677' title='bbox 1699 5379 1814 5454; x_wconf 76' lang='grc' dir='ltr'>δια-</span> 
     </span>
    </p>
   </div>
   <div class='ocr_carea' id='block_1_101' title="bbox 247 5449 1810 5520">
    <p class='ocr_par' dir='ltr' id='par_1_101' title="bbox 247 5449 1810 5520">
     <span class='ocr_line' id='line_1_101' title="bbox 247 5449 1810 5520; baseline -0.006 -10"><span class='ocrx_word' id='word_1_678' title='bbox 247 5449 526 5516; x_wconf 77' lang='grc' dir='ltr'>τεθέντας.</span> <span class='ocrx_word' id='word_1_679' title='bbox 575 5453 780 5506; x_wconf 83' lang='lat' dir='ltr'><strong>Ibidem</strong></span> <span class='ocrx_word' id='word_1_680' title='bbox 828 5453 996 5506; x_wconf 88' lang='lat' dir='ltr'><strong>editio</strong></span> <span class='ocrx_word' id='word_1_681' title='bbox 1051 5451 1214 5506; x_wconf 86' lang='lat' dir='ltr'><strong>Basil.</strong></span> <span class='ocrx_word' id='word_1_682' title='bbox 1275 5449 1514 5520; x_wconf 16' lang='lat' dir='ltr'><strong>perinde,</strong></span> <span class='ocrx_word' id='word_1_683' title='bbox 1541 5458 1600 5501; x_wconf 91' lang='lat' dir='ltr'><strong>ut</strong></span> <span class='ocrx_word' id='word_1_684' title='bbox 1639 5449 1810 5520; x_wconf 80' lang='lat' dir='ltr'><strong>Paris.</strong></span> 
     </span>
    </p>
   </div>
   <div class='ocr_carea' id='block_1_102' title="bbox 248 5519 1814 5660">
    <p class='ocr_par' dir='ltr' id='par_1_102' title="bbox 248 5519 1814 5660">
     <span class='ocr_line' id='line_1_102' title="bbox 248 5519 1814 5598; baseline -0.005 -20"><span class='ocrx_word' id='word_1_685' title='bbox 248 5527 390 5598; x_wconf 73' lang='grc' dir='ltr'>πρὸς</span> <span class='ocrx_word' id='word_1_686' title='bbox 414 5525 512 5596; x_wconf 72' lang='grc' dir='ltr'>τὴν</span> <span class='ocrx_word' id='word_1_687' title='bbox 538 5526 765 5576; x_wconf 81' lang='grc' dir='ltr'>ἔκτισιν.</span> <span class='ocrx_word' id='word_1_688' title='bbox 792 5522 967 5575; x_wconf 83' lang='lat' dir='ltr'><strong>Editio</strong></span> <span class='ocrx_word' id='word_1_689' title='bbox 996 5520 1130 5576; x_wconf 81' lang='lat' dir='ltr'><strong>Ven.</strong></span> <span class='ocrx_word' id='word_1_690' title='bbox 1157 5519 1469 5590; x_wconf 74' lang='lat' dir='ltr'><strong>et,uterque</strong></span> <span class='ocrx_word' id='word_1_691' title='bbox 1489 5519 1732 5573; x_wconf 80' lang='lat' dir='ltr'><strong>Combef.</strong></span> <span class='ocrx_word' id='word_1_692' title='bbox 1763 5528 1814 5570; x_wconf 90' lang='lat' dir='ltr'><strong>et</strong></span> 
     </span>
     <span class='ocr_line' id='line_1_103' title="bbox 251 5588 1814 5660; baseline -0.004 -12"><span class='ocrx_word' id='word_1_693' title='bbox 251 5598 427 5651; x_wconf 77' lang='lat' dir='ltr'><strong>codex</strong></span> <span class='ocrx_word' id='word_1_694' title='bbox 481 5595 638 5649; x_wconf 74' lang='lat' dir='ltr'><strong>Voss.</strong></span> <span class='ocrx_word' id='word_1_695' title='bbox 679 5602 734 5648; x_wconf 89' lang='lat' dir='ltr'><strong>et</strong></span> <span class='ocrx_word' id='word_1_696' title='bbox 771 5594 858 5646; x_wconf 87' lang='lat' dir='ltr'><strong>alii</strong></span> <span class='ocrx_word' id='word_1_697' title='bbox 905 5602 1014 5646; x_wconf 91' lang='lat' dir='ltr'><strong>tres</strong></span> <span class='ocrx_word' id='word_1_698' title='bbox 1066 5591 1200 5660; x_wconf 75' lang='grc' dir='ltr'>πρὸς</span> <span class='ocrx_word' id='word_1_699' title='bbox 1234 5593 1332 5660; x_wconf 77' lang='grc' dir='ltr'>τὴν</span> <span class='ocrx_word' id='word_1_700' title='bbox 1376 5591 1671 5659; x_wconf 80' lang='grc' dir='ltr'>ἐκδίκησιν.</span> <span class='ocrx_word' id='word_1_701' title='bbox 1710 5588 1814 5642; x_wconf 86' lang='lat' dir='ltr'><strong>Sed</strong></span> 
     </span>
    </p>
   </div>
   <div class='ocr_carea' id='block_1_103' title="bbox 251 5598 1816 5731">
    <p class='ocr_par' dir='ltr' id='par_1_103' title="bbox 251 5598 1816 5731">
     <span class='ocr_line' id='line_1_104' title="bbox 251 5598 1814 5660; baseline -0.004 -12"><span class='ocrx_word' id='word_1_702' title='bbox 251 5598 427 5651; x_wconf 77' lang='lat' dir='ltr'><strong>codex</strong></span> <span class='ocrx_word' id='word_1_703' title='bbox 481 5598 638 5649; x_wconf 77' lang='lat' dir='ltr'><strong>Voss.</strong></span> <span class='ocrx_word' id='word_1_704' title='bbox 679 5602 734 5648; x_wconf 89' lang='lat' dir='ltr'><strong>et</strong></span> <span class='ocrx_word' id='word_1_705' title='bbox 771 5598 858 5646; x_wconf 86' lang='lat' dir='ltr'><strong>alii</strong></span> <span class='ocrx_word' id='word_1_706' title='bbox 905 5602 1014 5646; x_wconf 91' lang='lat' dir='ltr'><strong>tres</strong></span> <span class='ocrx_word' id='word_1_707' title='bbox 1066 5598 1200 5660; x_wconf 78' lang='grc' dir='ltr'>πρὸς</span> <span class='ocrx_word' id='word_1_708' title='bbox 1234 5598 1332 5660; x_wconf 79' lang='grc' dir='ltr'>τὴν</span> <span class='ocrx_word' id='word_1_709' title='bbox 1376 5598 1671 5659; x_wconf 78' lang='grc' dir='ltr'>ἐκδίκησιν.</span> <span class='ocrx_word' id='word_1_710' title='bbox 1710 5598 1814 5642; x_wconf 70' lang='grc' dir='ltr'><strong>δρα</strong></span> 
     </span>
     <span class='ocr_line' id='line_1_105' title="bbox 251 5662 1816 5731; baseline -0.004 -13"><span class='ocrx_word' id='word_1_711' title='bbox 251 5681 380 5721; x_wconf 85' lang='lat' dir='ltr'><strong>cum</strong></span> <span class='ocrx_word' id='word_1_712' title='bbox 427 5674 622 5722; x_wconf 87' lang='lat' dir='ltr'><strong>neutra</strong></span> <span class='ocrx_word' id='word_1_713' title='bbox 666 5666 856 5719; x_wconf 88' lang='lat' dir='ltr'><strong>barum</strong></span> <span class='ocrx_word' id='word_1_714' title='bbox 892 5678 1081 5718; x_wconf 81' lang='lat' dir='ltr'><strong>vocum</strong></span> <span class='ocrx_word' id='word_1_715' title='bbox 1127 5662 1258 5717; x_wconf 87' lang='lat' dir='ltr'><strong>mihi</strong></span> <span class='ocrx_word' id='word_1_716' title='bbox 1301 5662 1642 5731; x_wconf 84' lang='lat' dir='ltr'><strong>probaretur,</strong></span> <span class='ocrx_word' id='word_1_717' title='bbox 1683 5675 1816 5713; x_wconf 85' lang='lat' dir='ltr'><strong>cou-</strong></span> 
     </span>
    </p>
   </div>
   <div class='ocr_carea' id='block_1_104' title="bbox 1529 4819 2020 4881">
    <p class='ocr_par' dir='ltr' id='par_1_104' title="bbox 1529 4819 2020 4881">
     <span class='ocr_line' id='line_1_106' title="bbox 1529 4819 2020 4881; baseline -0.002 -8"><span class='ocrx_word' id='word_1_718' title='bbox 1529 4821 1571 4850; x_wconf 84' lang='grc'><strong>³⁸</strong></span> <span class='ocrx_word' id='word_1_719' title='bbox 1614 4819 1742 4873; x_wconf 83' lang='lat' dir='ltr'><strong>Luc.</strong></span> <span class='ocrx_word' id='word_1_720' title='bbox 1784 4835 1894 4881; x_wconf 77' lang='lat' dir='ltr'><strong>xu,</strong></span> <span class='ocrx_word' id='word_1_721' title='bbox 1931 4821 2020 4874; x_wconf 78' lang='grc'><strong>55.</strong></span> 
     </span>
    </p>
   </div>
   <div class='ocr_carea' id='block_1_105' title="bbox 1923 4503 3484 4575">
    <p class='ocr_par' dir='ltr' id='par_1_105' title="bbox 1923 4503 3484 4575">
     <span class='ocr_line' id='line_1_107' title="bbox 1923 4503 3484 4575; baseline -0.001 -15"><span class='ocrx_word' id='word_1_722' title='bbox 1923 4507 2236 4562; x_wconf 89' lang='lat' dir='ltr'><strong>meminisse</strong></span> <span class='ocrx_word' id='word_1_723' title='bbox 2269 4505 2503 4569; x_wconf 89' lang='lat' dir='ltr'><strong>Domini,</strong></span> <span class='ocrx_word' id='word_1_724' title='bbox 2537 4507 2633 4575; x_wconf 90' lang='lat' dir='ltr'><strong>qui</strong></span> <span class='ocrx_word' id='word_1_725' title='bbox 2677 4507 2753 4558; x_wconf 88' lang='lat' dir='ltr'><strong>ait</strong></span> <span class='ocrx_word' id='word_1_726' title='bbox 2781 4524 2794 4562; x_wconf 93' lang='lat'><strong>:</strong></span> <span class='ocrx_word' id='word_1_727' title='bbox 2828 4503 2996 4558; x_wconf 78' lang='lat' dir='ltr'><strong>Nemo</strong></span> <span class='ocrx_word' id='word_1_728' title='bbox 3021 4515 3098 4560; x_wconf 87' lang='lat' dir='ltr'><strong>est</strong></span> <span class='ocrx_word' id='word_1_729' title='bbox 3139 4507 3227 4575; x_wconf 85' lang='lat' dir='ltr'><strong>qui</strong></span> <span class='ocrx_word' id='word_1_730' title='bbox 3261 4506 3484 4574; x_wconf 82' lang='lat' dir='ltr'><strong>relique-</strong></span> 
     </span>
    </p>
   </div>
   <div class='ocr_carea' id='block_1_106' title="bbox 1924 4597 3483 4664">
    <p class='ocr_par' dir='ltr' id='par_1_106' title="bbox 1924 4597 3483 4664">
     <span class='ocr_line' id='line_1_108' title="bbox 1924 4597 3483 4664; baseline -0.002 -14"><span class='ocrx_word' id='word_1_731' title='bbox 1924 4599 1995 4650; x_wconf 85' lang='lat' dir='ltr'><strong>rit</strong></span> <span class='ocrx_word' id='word_1_732' title='bbox 2026 4597 2259 4662; x_wconf 84' lang='lat' dir='ltr'><strong>domum,</strong></span> <span class='ocrx_word' id='word_1_733' title='bbox 2284 4606 2376 4649; x_wconf 88' lang='lat' dir='ltr'><strong>aut</strong></span> <span class='ocrx_word' id='word_1_734' title='bbox 2395 4597 2610 4664; x_wconf 76' lang='lat' dir='ltr'><strong>fratres,</strong></span> <span class='ocrx_word' id='word_1_735' title='bbox 2637 4606 2730 4650; x_wconf 86' lang='lat' dir='ltr'><strong>aut</strong></span> <span class='ocrx_word' id='word_1_736' title='bbox 2760 4612 2988 4662; x_wconf 84' lang='lat' dir='ltr'><strong>sorores,</strong></span> <span class='ocrx_word' id='word_1_737' title='bbox 3019 4605 3112 4648; x_wconf 88' lang='lat' dir='ltr'><strong>aut</strong></span> <span class='ocrx_word' id='word_1_738' title='bbox 3137 4605 3358 4664; x_wconf 88' lang='lat' dir='ltr'><strong>patrem,</strong></span> <span class='ocrx_word' id='word_1_739' title='bbox 3391 4605 3483 4648; x_wconf 86' lang='lat' dir='ltr'><strong>aut</strong></span> 
     </span>
    </p>
   </div>
   <div class='ocr_carea' id='block_1_107' title="bbox 1929 4685 3482 4753">
    <p class='ocr_par' dir='ltr' id='par_1_107' title="bbox 1929 4685 3482 4753">
     <span class='ocr_line' id='line_1_109' title="bbox 1929 4685 3482 4753; baseline -0.002 -13"><span class='ocrx_word' id='word_1_740' title='bbox 1929 4697 2168 4750; x_wconf 88' lang='lat' dir='ltr'><strong>matrem,</strong></span> <span class='ocrx_word' id='word_1_741' title='bbox 2219 4696 2307 4739; x_wconf 91' lang='lat' dir='ltr'><strong>aut</strong></span> <span class='ocrx_word' id='word_1_742' title='bbox 2352 4701 2589 4748; x_wconf 76' lang='lat' dir='ltr'><strong>uxorem,</strong></span> <span class='ocrx_word' id='word_1_743' title='bbox 2639 4694 2731 4737; x_wconf 90' lang='lat' dir='ltr'><strong>aut</strong></span> <span class='ocrx_word' id='word_1_744' title='bbox 2767 4685 2979 4748; x_wconf 80' lang='lat' dir='ltr'><strong>liberos,</strong></span> <span class='ocrx_word' id='word_1_745' title='bbox 3021 4692 3114 4737; x_wconf 80' lang='lat' dir='ltr'><strong>aut</strong></span> <span class='ocrx_word' id='word_1_746' title='bbox 3151 4700 3327 4753; x_wconf 86' lang='lat' dir='ltr'><strong>agros,</strong></span> <span class='ocrx_word' id='word_1_747' title='bbox 3371 4699 3482 4737; x_wconf 88' lang='lat' dir='ltr'><strong>non</strong></span> 
     </span>
    </p>
   </div>
   <div class='ocr_carea' id='block_1_108' title="bbox 2103 4816 3378 4886">
    <p class='ocr_par' dir='ltr' id='par_1_108' title="bbox 2103 4816 3378 4886">
     <span class='ocr_line' id='line_1_110' title="bbox 2103 4816 3378 4886; baseline 0.001 -16"><span class='ocrx_word' id='word_1_748' title='bbox 2103 4816 2146 4849; x_wconf 78' lang='lat'><strong>&quot;</strong></span> <span class='ocrx_word' id='word_1_749' title='bbox 2187 4816 2384 4872; x_wconf 90' lang='lat' dir='ltr'><strong>Jerem.</strong></span> <span class='ocrx_word' id='word_1_750' title='bbox 2429 4834 2632 4886; x_wconf 73' lang='lat' dir='ltr'><strong>xtvrn,</strong></span> <span class='ocrx_word' id='word_1_751' title='bbox 2670 4818 2758 4872; x_wconf 70' lang='lat'><strong>10.</strong></span> <span class='ocrx_word' id='word_1_752' title='bbox 2839 4819 2880 4850; x_wconf 82' lang='lat'><strong>&quot;</strong></span> <span class='ocrx_word' id='word_1_753' title='bbox 2921 4817 2962 4870; x_wconf 87' lang='lat' dir='ltr'><strong>ll</strong></span> <span class='ocrx_word' id='word_1_754' title='bbox 3000 4818 3140 4874; x_wconf 89' lang='lat' dir='ltr'><strong>Tim.</strong></span> <span class='ocrx_word' id='word_1_755' title='bbox 3180 4833 3252 4883; x_wconf 87' lang='grc' dir='ltr'><strong>ιι,</strong></span> <span class='ocrx_word' id='word_1_756' title='bbox 3289 4818 3378 4872; x_wconf 67' lang='grc'><strong>24.</strong></span> 
     </span>
    </p>
   </div>
   <div class='ocr_carea' id='block_1_109' title="bbox 1923 4950 3489 5026">
    <p class='ocr_par' dir='ltr' id='par_1_109' title="bbox 1923 4950 3489 5026">
     <span class='ocr_line' id='line_1_111' title="bbox 1923 4950 3489 5026; baseline -0.003 -16"><span class='ocrx_word' id='word_1_757' title='bbox 1923 4955 2374 5026; x_wconf 84' lang='lat' dir='ltr'><strong>jecturaductus,</strong></span> <span class='ocrx_word' id='word_1_758' title='bbox 2417 4964 2474 5026; x_wconf 83' lang='lat' dir='ltr'><strong>ut</strong></span> <span class='ocrx_word' id='word_1_759' title='bbox 2501 4967 2687 5026; x_wconf 82' lang='lat' dir='ltr'><strong>verum</strong></span> <span class='ocrx_word' id='word_1_760' title='bbox 2722 4953 2910 5026; x_wconf 83' lang='lat' dir='ltr'><strong>fatear,</strong></span> <span class='ocrx_word' id='word_1_761' title='bbox 2932 4951 3260 5026; x_wconf 76' lang='lat' dir='ltr'><strong>emendavi._</strong></span> <span class='ocrx_word' id='word_1_762' title='bbox 3303 4950 3489 5026; x_wconf 77' lang='lat' dir='ltr'><strong>Itaque</strong></span> 
     </span>
    </p>
   </div>
   <div class='ocr_carea' id='block_1_110' title="bbox 1925 5020 3488 5095">
    <p class='ocr_par' dir='ltr' id='par_1_110' title="bbox 1925 5020 3488 5095">
     <span class='ocr_line' id='line_1_112' title="bbox 1925 5020 3488 5095; baseline -0.004 -16"><span class='ocrx_word' id='word_1_763' title='bbox 1925 5020 2023 5095; x_wconf 75' lang='lat' dir='ltr'><strong>pro</strong></span> <span class='ocrx_word' id='word_1_764' title='bbox 2065 5025 2342 5095; x_wconf 80' lang='grc' dir='ltr'>ἐκδίκησιν</span> <span class='ocrx_word' id='word_1_765' title='bbox 2391 5024 2660 5078; x_wconf 89' lang='lat' dir='ltr'><strong>edendum</strong></span> <span class='ocrx_word' id='word_1_766' title='bbox 2700 5025 2885 5095; x_wconf 66' lang='lat' dir='ltr'><strong>curavi</strong></span> <span class='ocrx_word' id='word_1_767' title='bbox 2917 5022 3207 5095; x_wconf 80' lang='grc' dir='ltr'>διοίκησιν,</span> <span class='ocrx_word' id='word_1_768' title='bbox 3243 5022 3296 5073; x_wconf 86' lang='lat' dir='ltr'><strong>in</strong></span> <span class='ocrx_word' id='word_1_769' title='bbox 3335 5020 3488 5095; x_wconf 80' lang='lat' dir='ltr'><strong>bono-</strong></span> 
     </span>
    </p>
   </div>
   <div class='ocr_carea' id='block_1_111' title="bbox 1925 5091 3486 5163">
    <p class='ocr_par' dir='ltr' id='par_1_111' title="bbox 1925 5091 3486 5163">
     <span class='ocr_line' id='line_1_113' title="bbox 1925 5091 3486 5163; baseline -0.004 -14"><span class='ocrx_word' id='word_1_770' title='bbox 1925 5091 2042 5149; x_wconf 75' lang='lat' dir='ltr'><strong>rum</strong></span> <span class='ocrx_word' id='word_1_771' title='bbox 2076 5091 2463 5163; x_wconf 77' lang='lat' dir='ltr'><strong>dispensatione</strong></span> <span class='ocrx_word' id='word_1_772' title='bbox 2497 5109 2514 5146; x_wconf 90' lang='lat'><strong><em>:</em></strong></span> <span class='ocrx_word' id='word_1_773' title='bbox 2547 5091 2764 5163; x_wconf 84' lang='lat' dir='ltr'><strong>qua__de</strong></span> <span class='ocrx_word' id='word_1_774' title='bbox 2809 5107 2867 5145; x_wconf 89' lang='lat' dir='ltr'><strong>re</strong></span> <span class='ocrx_word' id='word_1_775' title='bbox 2908 5093 3232 5160; x_wconf 88' lang='lat' dir='ltr'><strong>judicabunt</strong></span> <span class='ocrx_word' id='word_1_776' title='bbox 3262 5092 3486 5163; x_wconf 78' lang='lat' dir='ltr'><strong>eruditi.</strong></span> 
     </span>
    </p>
   </div>
   <div class='ocr_carea' id='block_1_112' title="bbox 1923 5160 3490 5233">
    <p class='ocr_par' dir='ltr' id='par_1_112' title="bbox 1923 5160 3490 5233">
     <span class='ocr_line' id='line_1_114' title="bbox 1923 5160 3490 5233; baseline -0.004 -13"><span class='ocrx_word' id='word_1_777' title='bbox 1923 5167 2038 5221; x_wconf 86' lang='lat' dir='ltr'><strong>Hoc</strong></span> <span class='ocrx_word' id='word_1_778' title='bbox 2078 5160 2198 5233; x_wconf 83' lang='lat' dir='ltr'><strong>ipso</strong></span> <span class='ocrx_word' id='word_1_779' title='bbox 2225 5167 2276 5218; x_wconf 88' lang='lat' dir='ltr'><strong>i-n</strong></span> <span class='ocrx_word' id='word_1_780' title='bbox 2309 5167 2429 5220; x_wconf 93' lang='lat' dir='ltr'><strong>loco</strong></span> <span class='ocrx_word' id='word_1_781' title='bbox 2458 5160 2627 5217; x_wconf 79' lang='lat' dir='ltr'><strong>codex</strong></span> <span class='ocrx_word' id='word_1_782' title='bbox 2654 5160 2830 5233; x_wconf 34' lang='lat' dir='ltr'><strong>Voss:</strong></span> <span class='ocrx_word' id='word_1_783' title='bbox 2851 5170 2904 5214; x_wconf 89' lang='lat' dir='ltr'><strong>et</strong></span> <span class='ocrx_word' id='word_1_784' title='bbox 2937 5163 3027 5215; x_wconf 87' lang='lat' dir='ltr'><strong>alii</strong></span> <span class='ocrx_word' id='word_1_785' title='bbox 3059 5176 3191 5233; x_wconf 86' lang='lat' dir='ltr'><strong>mss.</strong></span> <span class='ocrx_word' id='word_1_786' title='bbox 3222 5170 3277 5214; x_wconf 85' lang='lat' dir='ltr'><strong>et</strong></span> <span class='ocrx_word' id='word_1_787' title='bbox 3299 5160 3490 5233; x_wconf 77' lang='lat' dir='ltr'><strong>editio</strong></span> 
     </span>
    </p>
   </div>
   <div class='ocr_carea' id='block_1_113' title="bbox 1924 5230 3492 5305">
    <p class='ocr_par' dir='ltr' id='par_1_113' title="bbox 1924 5230 3492 5305">
     <span class='ocr_line' id='line_1_115' title="bbox 1924 5230 3492 5305; baseline -0.004 -14"><span class='ocrx_word' id='word_1_788' title='bbox 1924 5237 2059 5291; x_wconf 86' lang='lat' dir='ltr'><strong>Ven.</strong></span> <span class='ocrx_word' id='word_1_789' title='bbox 2087 5230 2179 5288; x_wconf 78' lang='grc' dir='ltr'>καὶ</span> <span class='ocrx_word' id='word_1_790' title='bbox 2213 5236 2332 5305; x_wconf 78' lang='grc' dir='ltr'>οὐχ,</span> <span class='ocrx_word' id='word_1_791' title='bbox 2369 5242 2461 5287; x_wconf 91' lang='lat' dir='ltr'><strong>aut</strong></span> <span class='ocrx_word' id='word_1_792' title='bbox 2493 5234 2586 5285; x_wconf 79' lang='grc' dir='ltr'>καὶ</span> <span class='ocrx_word' id='word_1_793' title='bbox 2613 5231 2752 5300; x_wconf 81' lang='grc' dir='ltr'>οὐχί.</span> <span class='ocrx_word' id='word_1_794' title='bbox 2791 5230 2990 5291; x_wconf 83' lang='lat' dir='ltr'><strong>,Vocula</strong></span> <span class='ocrx_word' id='word_1_795' title='bbox 3035 5230 3128 5283; x_wconf 89' lang='grc' dir='ltr'><strong>καί</strong></span> <span class='ocrx_word' id='word_1_796' title='bbox 3158 5232 3213 5285; x_wconf 90' lang='lat' dir='ltr'><strong>in</strong></span> <span class='ocrx_word' id='word_1_797' title='bbox 3247 5231 3492 5285; x_wconf 88' lang='lat' dir='ltr'><strong>editione</strong></span> 
     </span>
    </p>
   </div>
   <div class='ocr_carea' id='block_1_114' title="bbox 1920 5306 2323 5362">
    <p class='ocr_par' dir='ltr' id='par_1_114' title="bbox 1920 5306 2323 5362">
     <span class='ocr_line' id='line_1_116' title="bbox 1920 5306 2323 5362; baseline -0.007 -2"><span class='ocrx_word' id='word_1_798' title='bbox 1920 5306 2096 5362; x_wconf 86' lang='lat' dir='ltr'><strong>Paris.</strong></span> <span class='ocrx_word' id='word_1_799' title='bbox 2119 5307 2323 5360; x_wconf 88' lang='lat' dir='ltr'><strong>deerat.</strong></span> 
     </span>
    </p>
   </div>
   <div class='ocr_carea' id='block_1_115' title="bbox 1992 5367 3491 5447">
    <p class='ocr_par' dir='ltr' id='par_1_115' title="bbox 1992 5367 3491 5447">
     <span class='ocr_line' id='line_1_117' title="bbox 1992 5367 3491 5447; baseline -0.004 -17"><span class='ocrx_word' id='word_1_800' title='bbox 1992 5376 2104 5447; x_wconf 88' lang='grc'>(60)</span> <span class='ocrx_word' id='word_1_801' title='bbox 2139 5374 2322 5447; x_wconf 65' lang='lat' dir='ltr'><strong>Codex</strong></span> <span class='ocrx_word' id='word_1_802' title='bbox 2347 5373 2504 5447; x_wconf 64' lang='lat' dir='ltr'><strong>Yoss.</strong></span> <span class='ocrx_word' id='word_1_803' title='bbox 2533 5372 2656 5447; x_wconf 63' lang='grc' dir='ltr'>οῦτε</span> <span class='ocrx_word' id='word_1_804' title='bbox 2704 5369 3133 5447; x_wconf 43' lang='grc' dir='ltr'>συνδι-κάζεςθαι,</span> <span class='ocrx_word' id='word_1_805' title='bbox 3173 5385 3282 5447; x_wconf 78' lang='lat' dir='ltr'><strong>non</strong></span> <span class='ocrx_word' id='word_1_806' title='bbox 3327 5367 3491 5424; x_wconf 85' lang='lat' dir='ltr'><strong>male.</strong></span> 
     </span>
    </p>
   </div>
   <div class='ocr_carea' id='block_1_116' title="bbox 1921 5439 3492 5501">
    <p class='ocr_par' dir='ltr' id='par_1_116' title="bbox 1921 5439 3492 5501">
     <span class='ocr_line' id='line_1_118' title="bbox 1921 5439 3492 5501; baseline -0.004 0"><span class='ocrx_word' id='word_1_807' title='bbox 1921 5439 2102 5501; x_wconf 62' lang='lat' dir='ltr'><strong>Codei</strong></span> <span class='ocrx_word' id='word_1_808' title='bbox 2139 5445 2290 5498; x_wconf 80' lang='lat' dir='ltr'><strong>Coll).</strong></span> <span class='ocrx_word' id='word_1_809' title='bbox 2327 5443 2450 5496; x_wconf 77' lang='grc' dir='ltr'>οὔτε</span> <span class='ocrx_word' id='word_1_810' title='bbox 2473 5443 2944 5496; x_wconf 85' lang='grc' dir='ltr'>συνδιατείνεσθαι.</span> <span class='ocrx_word' id='word_1_811' title='bbox 2977 5440 3170 5496; x_wconf 72' lang='lat' dir='ltr'><strong>Statim</strong></span> <span class='ocrx_word' id='word_1_812' title='bbox 3214 5439 3322 5494; x_wconf 82' lang='lat' dir='ltr'><strong>duo</strong></span> <span class='ocrx_word' id='word_1_813' title='bbox 3355 5455 3492 5494; x_wconf 86' lang='lat' dir='ltr'><strong>mss.</strong></span> 
     </span>
    </p>
   </div>
   <div class='ocr_carea' id='block_1_117' title="bbox 1921 5514 2452 5588">
    <p class='ocr_par' dir='ltr' id='par_1_117' title="bbox 1921 5514 2452 5588">
     <span class='ocr_line' id='line_1_119' title="bbox 1921 5514 2452 5588; baseline 0 0"><span class='ocrx_word' id='word_1_814' title='bbox 1921 5519 2051 5588; x_wconf 61' lang='grc' dir='ltr'>ἡμῖν</span> <span class='ocrx_word' id='word_1_815' title='bbox 2071 5533 2086 5588; x_wconf 65' lang='lat'><strong>&#39;,</strong></span> <span class='ocrx_word' id='word_1_816' title='bbox 2115 5514 2296 5588; x_wconf 53' lang='grc' dir='ltr'>ᾅῨῧλον</span> <span class='ocrx_word' id='word_1_817' title='bbox 2325 5515 2452 5588; x_wconf 64' lang='grc' dir='ltr'><strong>γάρτ</strong></span> 
     </span>
    </p>
   </div>
   <div class='ocr_carea' id='block_1_118' title="bbox 1987 5578 3483 5655">
    <p class='ocr_par' dir='ltr' id='par_1_118' title="bbox 1987 5578 3483 5655">
     <span class='ocr_line' id='line_1_120' title="bbox 1987 5578 3483 5655; baseline -0.001 -16"><span class='ocrx_word' id='word_1_818' title='bbox 1987 5587 2098 5655; x_wconf 85' lang='grc'>(61)</span> <span class='ocrx_word' id='word_1_819' title='bbox 2129 5578 2359 5655; x_wconf 72' lang='lat' dir='ltr'><strong>Veteres</strong></span> <span class='ocrx_word' id='word_1_820' title='bbox 2374 5578 2602 5655; x_wconf 13' lang='lat' dir='ltr'><strong>aliquot,</strong></span> <span class='ocrx_word' id='word_1_821' title='bbox 2622 5582 2745 5655; x_wconf 89' lang='lat' dir='ltr'><strong>libri</strong></span> <span class='ocrx_word' id='word_1_822' title='bbox 2774 5589 2967 5653; x_wconf 69' lang='lat' dir='ltr'><strong>praeter</strong></span> <span class='ocrx_word' id='word_1_823' title='bbox 2980 5578 3198 5651; x_wconf 57' lang='lat' dir='ltr'><strong>Vossd}</strong></span> <span class='ocrx_word' id='word_1_824' title='bbox 3229 5583 3483 5650; x_wconf 76' lang='grc' dir='ltr'>γυνα“κα.</span> 
     </span>
    </p>
   </div>
   <div class='ocr_carea' id='block_1_119' title="bbox 1923 5653 2923 5726">
    <p class='ocr_par' dir='ltr' id='par_1_119' title="bbox 1923 5653 2923 5726">
     <span class='ocr_line' id='line_1_121' title="bbox 1923 5653 2923 5726; baseline -0.004 -15"><span class='ocrx_word' id='word_1_825' title='bbox 1923 5653 2127 5714; x_wconf 82' lang='lat' dir='ltr'><strong>Vocula</strong></span> <span class='ocrx_word' id='word_1_826' title='bbox 2159 5656 2192 5726; x_wconf 71' lang='grc' dir='ltr'><strong>ἡ</strong></span> <span class='ocrx_word' id='word_1_827' title='bbox 2217 5655 2270 5709; x_wconf 90' lang='lat' dir='ltr'><strong>in</strong></span> <span class='ocrx_word' id='word_1_828' title='bbox 2299 5653 2462 5710; x_wconf 82' lang='lat' dir='ltr'><strong>editis</strong></span> <span class='ocrx_word' id='word_1_829' title='bbox 2491 5654 2923 5710; x_wconf 88' lang='lat' dir='ltr'><strong>desiderabatur.</strong></span> 
     </span>
    </p>
   </div>
  </div>
