3948 6240
274 354 381 412 9-39

1360 355 1662 412 REGL'LAE
1704 356 1956 414 FUSIUS
1989 357 2406 415 'I‘RAGG'ATA‘I.

3428 349 3534 416 950

272 476 455 545 pepog,
492 477 586 527 καὶ
620 475 968 545 διαμάχοιτο,
1017 474 1238 528 ἔλαττον
1281 476 1565 544 φροντίζον
1590 477 1690 546 τῆς
1721 477 1852 544 πρὸς

1962 492 2110 549 pars,
2149 486 2542 548 repugnetque,
2587 476 2730 548 quod
2772 477 2953 533 minus
2997 476 3229 531 sollicita
3270 476 3362 540 sit,
3398 493 3536 548 quo-

269 567 399 618 Θεὸν
465 567 913 636 εὑαρεστήσεως,
973 566 1391 636 μνημονευὲσθω
1451 569 1479 619 ὁ
1533 569 1850 630 Ἀπόστολος

269 659 468 723 λέγων·
517 658 621 709 Ἐν
665 657 734 709 δὲ
780 658 988 726 εἰρήνῃ
1037 658 1334 724 κέκληκεν
1390 657 1549 726 ’ἡμᾶς
1595 663 1626 712 ὁ
1673 661 1846 724 Θεός¹

271 751 365 802 καὶ
391 748 718 821 πληρούσθω
751 751 810 802 τὸ
850 751 1173 820 πρόσταγμα
1204 751 1298 803 τοῦ
1337 752 1542 822 Κυρίου
1573 753 1814 814 εἰπόντος
1835 769 1846 781 ·

270 843 346 896 Et
374 859 464 908 τις
497 843 732 910 ἔρχεται
762 842 912 911 πρὸς
937 842 1033 912 μὲ,
1071 842 1166 895 καί
1204 845 1276 896 οὐ
1299 842 1472 913 μισεῖ
1495 842 1602 896 τὸν
1629 843 1853 912 πατέρα

271 932 476 996 αὑτοῦ,
505 933 601 984 καὶ
625 931 740 999 τὴν
761 933 988 1001 μητέρα
1021 932 1154 1002 (84),
1188 933 1288 986 καὶ
1315 931 1428 1000 τὴν
1454 931 1726 1000 γυναῖκα,
1755 932 1851 985 καί

269 1024 342 1075 τὰ
384 1023 583 1087 τέκνα,
628 1024 722 1076 καὶ
769 1023 836 1076 τὰ
881 1023 1081 1088 λοιπὰ,
1132 1027 1203 1078 οὐ
1245 1025 1496 1077 δύναταί
1545 1042 1662 1092 μου
1700 1019 1852 1077 εἶναι

264 1115 559 1184 μαθητής.
591 1116 699 1184 Τῆς
739 1116 846 1186 γὰρ
881 1117 1016 1187 πρὸς
1045 1117 1176 1171 Θεὸν
1219 1117 1463 1187 ὑπακοῆς
1485 1117 1634 1170 οὐδὲν
1663 1132 1849 1186 προτι-

272 1211 523 1280 μότερον.
567 1211 756 1280 Ἡμεῖς
783 1211 835 1262 δὲ
866 1209 1110 1281 ἔγνωμεν
1139 1212 1196 1262 ἐν
1225 1209 1437 1273 πολλοῖς
1473 1209 1728 1271 πολλάκις
1759 1209 1851 1260 καὶ

267 1301 360 1354 διὰ
395 1301 642 1354 συντόνου
686 1303 996 1372 προσευχῆς
1030 1302 1124 1354 καὶ
1164 1302 1416 1372 νηστείας
1449 1301 1726 1362 ἀνενδότου
1760 1300 1850 1352 τὸν

272 1391 474 1444 σκοπὸν
505 1391 602 1459 τῆς
628 1392 684 1442 ἐν
715 1393 906 1461 ἁγνείᾳ.
945 1391 1090 1462 ζωῆς
1126 1391 1570 1462 περιγενόμενον,
1610 1389 1704 1442 τοῦ
1734 1390 1848 1441 Ku-

273 1484 392 1554 ρίου
435 1485 560 1546 τοὺς
605 1484 778 1552 μέχρι.
809 1485 1006 1546 παντὸς
1052 1483 1406 1546 ἀπειθοῦντας
1449 1485 1540 1536 καὶ
1574 1483 1641 1536 δι’
1685 1483 1851 1548 ἀνάγ-

270 1592 376 1644 κης
417 1575 530 1642 (85)
572 1575 830 1638 πολλάκις
876 1575 1193 1646 σωματικῆς
1226 1579 1290 1646 τῇ
1329 1575 1721 1643 συγκαταθέσει
1755 1574 1864 1643 τῆς,

267 1668 439 1738 ὀρθῆς
471 1667 702 1738 κρίσεως
733 1666 1060 1734 ὑπάγοντος.

825 1779 1158 1832 ΕΡΩΤΗΣΙΣ
1205 1780 1302 1833 II".

274 1873 405 1925 Ὅτι
439 1873 738 1940 χρήσιμον
764 1872 888 1951 τοῖς
923 1871 1336 1951 εἰσαγομένοις
1366 1889 1461 1925 και
1497 1871 1560 1924 τὸ
1589 1870 1685 1923 διὰ
1713 1887 1868 1922 σιω--
1887 1864 1930 1915 Β

801 1942 922 2008 πῆς
961 1942 1316 2010 γυμνάσιον.

869 2053 1260 2106 ΑΠΟΚΡΙΣΙΣ.

357 2147 586 2214 ’Δγαθδν
624 2146 680 2198 δὲ
730 2149 842 2209 τοῖς
874 2147 1251 2216 εἰσαγομένοις
1295 2147 1386 2200 καὶ
1421 2147 1482 2200 τὸ
1523 2147 1608 2199 διὰ
1641 2145 1850 2214 σιωπῆς

266 2240 591 2309 γυμνάσιον.
637 2238 801 2308 Ὁμοῦ
831 2255 890 2290 τε
924 2237 1032 2308 γὰρ
1076 2237 1349 2301 ἀπόδειξιν
1387 2238 1488 2308 τῆς
1526 2239 1868 2309 ἐγκρατείας·

268 2329 469 2400 ἱκανὴν
517 2328 884 2398 παρέξονται,
937 2326 1187 2397 γλώσσης
1232 2329 1560 2399 κρατοῦντες
1587 2369 1600 2390 ,
1651 2329 1746 2380 καὶ
1793 2331 1864 2380 ἐν·

266 2421 472 2491 ἠσυχίᾳ
500 2421 763 2482 συντόνως
796 2421 890 2473 καὶ
923 2419 1341 2489 ἁμετεωρίστως
1379 2418 1718 2489 μαθήσονται·
1738 2417 1848 2486 (86)

267 2512 427 2582 παρὰ
458 2511 568 2564 τῶν
596 2511 974 2580 ἐπιστημόνως
1017 2511 1371 2582 κεχρημένων
1405 2511 1482 2580 τῷ
1511 2510 1654 2580 λόγῳ
1673 2551 1687 2573 ,
1732 2509 1849 2571 πῶς

264 2606 355 2658 δεῖ
408 2604 504 2657 καὶ
567 2605 778 2673 ἐρωτᾷν
807 2643 821 2664 ,
883 2602 975 2654 καὶ
1042 2603 1122 2654 ἐνὶ
1175 2602 1388 2670 ἑκάστῳ
1439 2599 1847 2670 ἀποκρίνεσθαι.

269 2697 434 2749 Ἐστι
484 2696 593 2766 γὰρ
621 2695 713 2748 καὶ
745 2695 894 2757 τόνος
941 2694 1126 2763 φωνῆς
1149 2733 1162 2756 ,
1194 2695 1288 2746 καὶ
1329 2693 1639 2762 συμμετρία
1669 2692 1848 2758 λόγου,

265 2789 369 2842 καὶ
428 2787 624 2858 καιροῦ
679 2787 1051 2857 ἐπιτηδειότης
1081 2827 1095 2848 ,
1155 2787 1247 2838 καὶ
1309 2787 1568 2856 ῥημάτων
1629 2785 1853 2852 ἰδιότης,

264 2879 450 2932 οἰκεία
479 2880 576 2931 καὶ
604 2878 936 2948 διαφέρουσα
975 2881 1088 2941 τοῖς
1119 2877 1398 2932 εὐσεϐέσιν
1425 2919 1439 2940 ,
1491 2876 1558 2947 ἣν
1601 2877 1698 2944 οὐχ
1739 2874 1868 2928 οἷόνι

263 2988 328 3024 τε
362 2970 712 3040 διδαχθῆναι,
751 2970 824 3041 μὴ
872 2971 938 3022 τὰ
969 2972 1032 3022 ἐκ
1077 2971 1176 3040 τῆς
1226 2967 1510 3038 συνηθείας
1544 2968 1854 3038 ἀπομαθόν-

260 3077 375 3112 τα·
406 3061 505 3129 τῆς
549 3061 760 3130 σιωπῆς
791 3059 924 3130 ὁμοῦ
974 3077 1032 3112 τε
1081 3059 1252 3129 λήθην
1280 3059 1388 3110 τῶν
1432 3058 1714 3128 προτέρων
1763 3058 1853 3110 διὰ

259 3150 374 3219 τῆς
409 3151 606 3220 ἀργίας
639 3149 972 3221 ἐμποιούσης
994 3189 1008 3212 ,
1062 3151 1155 3202 καὶ
1190 3149 1383 3220 σχολὴν
1419 3149 1553 3219 πρὸς
1603 3148 1698 3218 τὴν
1743 3147 1852 3200 τῶν

1957 569 2117 624 modo
2150 571 2362 639 placeat
2397 568 2528 632 Deo,
2567 568 2621 623 in
2651 578 2885 624 mentem
2917 570 3098 624 veniat
3132 568 3402 636 Apostoli,
3437 569 3533 637 qui

1955 660 2086 716 dicit
2140 681 2152 715 :
2210 660 2274 714 In
2307 677 2434 730 pace
2471 670 2642 715 autem
2691 662 2889 715 vocavit
2925 678 3018 714 nos
3060 660 3200 714 Deus
3245 660 3331 727 '°;
3372 668 3534 732 atque

1955 755 2249 826 impleatur
2292 764 2624 824 praeceptum
2668 752 2904 817 Domini,
2946 753 3040 824 qui
3087 753 3224 807 dixit
3270 771 3282 806 :
3330 751 3390 807 Si
3415 753 3532 822 quis

1964 848 2100 901 venit
2136 847 2203 900 ad
2234 863 2334 913 me,
2365 857 2413 900 et
2447 862 2550 899 non
2596 845 2704 898 odit
2748 854 2950 913 patrem
2990 861 3162 906 suum,
3203 854 3253 898 et
3286 853 3532 907 matrem,

1963 948 2013 992 et
2054 955 2270 992 uxorem
2301 948 2349 992 et
2379 939 2544 1006 ﬁlios,
2578 946 2706 1002 etc.,
2739 953 2844 990 non
2877 945 3043 1004 potest
3075 952 3219 990 meus
3246 951 3354 989 esse
3382 935 3536 988 disci-

1957 1029 2116 1098 pulus
2164 1030 2232 1082 δι.
2292 1028 2436 1084 Nihil
2475 1030 2620 1084 enim
2681 1027 3004 1084 obedientia:
3050 1026 3158 1081 Deo
3215 1026 3408 1081 debitae
3451 1035 3536 1081 est

1957 1121 2427 1190 anteponendum.
2473 1121 2742 1176 Ceterum
2788 1135 2887 1175 nos
2939 1126 3104 1173 castae
3142 1117 3267 1171 vita
3316 1116 3536 1187 agenda:

1957 1215 2254 1269 consilium
2321 1230 2430 1268 non
2493 1228 2616 1268 raro
2668 1222 2784 1266 tum
2836 1209 3230 1266 vehementinm
3291 1223 3534 1276 precum,

1964 1316 2083 1361 tum
2130 1307 2340 1362 assidui
2402 1306 2595 1375 jejunii
2649 1321 2750 1374 ope
2823 1304 2878 1358 in
2934 1304 3122 1358 multis
3187 1300 3546 1372 praevaluisse'

1958 1397 2233 1460 novimus,
2259 1397 2490 1451 Domino
2524 1412 2618 1451 eos
2664 1395 2754 1464 qui
2800 1409 3025 1464 prorsus
3062 1393 3324 1447 obstinati
3352 1401 3530 1457 erant,

1955 1504 2099 1558 saepe
2125 1490 2290 1542 etiam
2319 1504 2414 1558 per
2441 1488 2779 1556 corporalem
2821 1486 3198 1540 necessitatem
3225 1483 3292 1536 ad
3324 1492 3545 1538 rectum.

1951 1579 2221 1650 judicium
2251 1577 2720 1649 comprobandum
2745 1576 3057 1632 inducente.

2399 1776 2914 1832 INTERROGATIO
2952 1775 3088 1831 XIII”.

2171 1871 2324 1937 Quod
2368 1871 2528 1924 etiam
2579 1871 2724 1925 utilis
2762 1881 2838 1924 est
2877 1872 3085 1926 novitiis
3124 1870 3331 1926 silentir

2582 1943 2909 1995 exercitatio.

2537 2051 2944 2108 RESPONSIO.
3046 2051 3048 2056 ’

2018 2144 2181 2214 Atqui
2229 2145 2450 2200 novitiis
2493 2145 2644 2198 utilis
2685 2153 2768 2198 est
2805 2145 2969 2199 etiam
3011 2143 3211 2197 silentii
3263 2143 3535 2199 exercita-

1951 2238 2049 2294 tio.
2095 2237 2307 2290 Etenim
2353 2237 2402 2291 si
2449 2237 2688 2305 linguam
2729 2235 2986 2299 doment,
3038 2236 3200 2291 simul
3251 2244 3304 2288 et
3349 2235 3530 2291 daturi

1959 2336 2089 2384 sunt
2136 2344 2394 2396 magnum
2437 2328 2786 2383 continentiae
2829 2338 3238 2398 argumentum,
3271 2337 3325 2382 et
3366 2329 3419 2382 in
3453 2329 3534 2385 si-

1952 2419 2118 2474 lentio
2162 2419 2568 2474 studiosissime
2605 2428 2769 2489 atque
2811 2419 3176 2474 attentissime
3219 2419 3433 2474 discent
3462 2419 3532 2474 ab

1952 2510 2022 2565 iis
2056 2511 2152 2580 qui
2182 2511 2425 2566 scienter
2455 2526 2706 2566 sermone
2735 2519 2982 2574 utuntur,
3029 2510 3249 2580 quando
3279 2522 3333 2565 et
3361 2511 3531 2564 inter-

1951 2619 2148 2674 rogare
2179 2612 2228 2658 et
2263 2603 2922 2673 unicuique-respondere
2953 2611 3223 2673 oporteat.
3258 2601 3353 2656 Est
3381 2602 3532 2656 enim

1951 2704 2004 2751 et
2031 2696 2181 2750 vocis
2211 2696 2524 2759 contentio,
2553 2704 2605 2750 et
2635 2696 2905 2749 sermonis
2935 2694 3132 2750 modus
3153 2735 3166 2758 ,
3191 2702 3244 2748 et
3269 2702 3534 2764 Opportu-

1953 2785 2096 2840 nitas
2131 2785 2391 2855 temporis
2415 2826 2429 2847 ,
2463 2794 2514 2840 et
2552 2786 2842 2840 verborum
2877 2787 3192 2856 pr0prielas
3215 2826 3228 2846 ,
3261 2802 3383 2856 qua:
3415 2785 3530 2854 pie-

1950 2879 2082 2933 tatis
2128 2878 2432 2933 cultoribus
2477 2879 2698 2947 pr0pria
2756 2879 2827 2934 sit
2873 2887 2926 2932 et
2972 2877 3306 2947 peculiaris:
3364 2889 3531 2944 quam

1954 2969 2068 3023 Iieri
2111 2986 2220 3024 non
2256 2979 2433 3039 potest
2465 2981 2520 3023 nt
2551 2970 2726 3025 discat
2753 2971 2845 3039 qui
2877 2979 3138 3024 consueta
3177 2984 3284 3022 non
3315 2966 3530 3022 dedidi-

1952 3061 2110 3115 cerit.
2145 3059 2433 3115 Silentium
2462 3073 2642 3116 autem
2668 3062 2828 3117 simul
2852 3074 2905 3115 et
2932 3062 3172 3132 priorum
3199 3060 3528 3114 oblivionem

1951 3169 2019 3207 ex
2051 3153 2458 3208 intermissione
2490 3154 2662 3223 parit,
2695 3165 2746 3208 et
2776 3155 2943 3208 otium
2975 3155 3042 3208 ad
3085 3153 3346 3208 discenda
3386 3152 3544 3207 bona~

261 3241 495 3309 ἀγαθῶν
543 3242 779 3312 μάθησιν
822 3241 1220 3312 παρεχομένης.
1251 3241 1450 3303 Ὥστε,
1500 3240 1596 3293 ἐὰν
1651 3242 1723 3313 μή
1767 3258 1852 3303 τις

1961 3244 2286 3314 suppeditat.
2315 3243 2677 3310 Quamobrem
2701 3285 2715 3308 ,
2751 3244 2857 3298 nisi
2889 3253 2981 3297 aut
3007 3245 3280 3312 peculiare
3309 3242 3530 3312 aliquod

258 3335 294 3404 ἢ
331 3334 514 3387 οἰκεία
559 3334 715 3403 χρεία
761 3335 896 3404 πρός
942 3352 1000 3388 τε
1035 3335 1134 3406 τὴν
1173 3335 1493 3405 ἐπιμέλειαν
1527 3336 1626 3406 τῆς
1657 3335 1850 3388 ἐαυτοῦ

257 3425 483 3494 ψυχῆς,
532 3426 626 3477 καὶ
673 3425 808 3496 πρὸς
858 3426 956 3498 τὴν
1009 3426 1379 3497 ἀπαραίτητον
1421 3426 1514 3479 τοῦ
1565 3429 1621 3481 ἐν
1667 3427 1853 3498 χερσὶν

259 3519 432 3589 ἔργου
485 3519 764 3588 ἀνάγκην,
815 3519 848 3589 ἢ
895 3519 1228 3590 ἐπερώτημα
1273 3537 1322 3571 τι
1382 3519 1622 3573 τοιοῦτον
1682 3538 1851 3590 προσ-

258 3607 537 3676 αγόμενον
573 3608 877 3678 κατεπείγῃ
897 3649 910 3670 ,
929 3610 987 3661 ὲν
1016 3613 1194 3680 σιωπῇ
1219 3610 1447 3678 διάγειν,
1481 3611 1635 3673 ἐκτὸς
1665 3611 1850 3683 δηλον-

258 3699 352 3750 ότι
388 3697 710 3768 ψαλμῳδίας
735 3699 869 3768 (87).

827 3813 1160 3865 ΕΡΩΤΠΣΙΣ
1210 3817 1305 3866 1Δ¹.

258 3904 425 3975 Περζ
450 3902 581 3975 τῶν-
605 3903 857 3968 ἑαυτοὺς
893 3902 968 3967 τῷ
1011 3904 1131 3966 Θεῷ
1177 3907 1850 3975 καθομονοογησημέγων,

363 3971 494 4027 εἶτα
526 3972 641 4039 τὴν
667 3975 996 4042 ὁμολογίαν
1020 3975 1250 4028 ἀθετεῖν
1280 3971 1752 4045 ἐπιχειρούντων.

879 4111 1269 4164 ΑΠΟΚΡΙΣΙΣ.

336 4197 757 4269 Παραδεχθέντα
796 4201 980 4270 μέντοι
1031 4201 1112 4264 είς
1151 4200 1250 4272 τὴν
1279 4201 1612 4274 ἀδελφότητα
1645 4203 1851 4258 τούτων

257 4289 504 4341 ἕκαστον
525 4325 541 4350 ,
570 4284 688 4342 εἶτα
720 4290 818 4360 τὴν
850 4290 1139 4360 ὁμολογίαν
1170 4291 1508 4363 ἀθετήσαντα
1528 4333 1542 4358 ,
1572 4294 1715 4347 οὕτω
1744 4297 1849 4367 χρὴ

257 4379 505 4448 ὁρᾶσθαι
530 4420 544 4441 ,
571 4380 646 4440 ὡς
676 4382 754 4443 είς
781 4380 912 4433 Θεὸν
957 4380 1330 4454 ἐξαμαρτόντα
1359 4423 1373 4446 ,
1425 4386 1510 4454 ἐφ’
1542 4379 1602 4437 οὗ
1641 4388 1733 4440 καὶ
1769 4389 1850 4450 είς

258 4469 324 4521 ὃν
354 4469 456 4537 τὴν
498 4467 786 4538 ὁμολογίαν
819 4469 925 4523 τῶν
974 4469 1255 4540 συνθηκῶν
1282 4470 1560 4528 κατέθετο.
1605 4471 1747 4526 Ἐὰν
1784 4472 1851 4525 δὲ

257 4563 354 4626 εις
387 4559 540 4614 Θεόν
573 4579 662 4626 τις
684 4601 698 4624 ,
739 4563 901 4631 φησὶν
920 4603 934 4626 ,
962 4561 1193 4630 ἁμάρτῃ
1214 4605 1228 4628 ,
1266 4563 1365 4616 καὶ
1395 4565 1486 4630 τίς
1525 4564 1850 4632 προσεύξε-

1955 3335 2232 3404 negotium
2259 3374 2272 3399 ,
2305 3334 2466 3404 355
2499 3342 2552 3389 et
2597 3335 2663 3387 ad
2707 3334 2904 3388 animae
2947 3349 3061 3388 suae
3097 3349 3316 3398 curam,
3367 3341 3420 3388 et
3462 3335 3551 3387 ad'

1954 3425 2322 3486 inevitabilem
2356 3427 2539 3495 operis
2576 3425 2837 3494 alicujus,
2877 3424 3023 3495 quod
3055 3425 3110 3479 in
3139 3424 3394 3479 manibus
3419 3425 3490 3478 sit
3513 3465 3529 3486 ,

1953 3515 2336 3569 necessitatem
2364 3515 2672 3584 pertinens,
2703 3523 2796 3568 aut
2820 3515 3069 3569 instituta
3096 3514 3323 3582 quaestio
3348 3512 3530 3580 aliqua

1953 3614 2180 3676 urgeat,
2215 3608 2267 3660 in
2300 3607 2522 3660 silentio
2544 3606 2845 3674 (legendum
2876 3613 2992 3670 est,
3023 3612 3246 3660 excepta
3278 3603 3552 3658 videlicek

1957 3699 2291 3753 psalmorum
2322 3697 2715 3752 modulatione.

2392 3805 2908 3861 INTERROGATIO
2948 3805 3087 3860 XIV.

1954 3902 2031 3957 De
2071 3903 2135 3956 iis
2175 3903 2265 3970 qui
2304 3904 2501 3970 seipsos
2543 3899 2651 3952 Deo
2692 3909 2936 3970 voverunt
2962 3937 2975 3958 ,
3015 3907 3063 3950 et
3101 3894 3291 3948 deinde
3331 3896 3536 3962 prolet-
3573 3933 3578 3937 -

2160 3969 2357 4026 sionem
2384 3969 2548 4025 suam
2588 3970 2796 4023 irritam
2837 3969 3013 4037 facere
3049 3977 3324 4019 conantur.

2537 4103 2942 4160 RESPONSIO.

2025 4201 2227 4272 Utique
2274 4202 2470 4257 horum
2520 4199 2942 4269 unusquisque,
2991 4199 3086 4267 qui
3134 4197 3278 4252 inter
3327 4194 3570 4251 fratres.-

1954 4296 2231 4352 admissus
2264 4295 2460 4356 fuerit,
2495 4302 2793 4362 posteaque
2825 4290 3223 4362 professionem
3250 4303 3405 4344 suam
3445 4303 3556 4346 re-..

1953 4388 2218 4451 sciderit,
2273 4387 2496 4458 perinde
2542 4385 2713 4455 aspici
2765 4385 2956 4459 debet,
3003 4392 3064 4436 ut
3111 4383 3208 4452 qui
3254 4381 3308 4434 in
3356 4378 3562 4436 Deum.

1955 4479 2298 4549 peccaverit,
2333 4493 2516 4533 coram
2547 4493 2656 4550 quo
2686 4484 2741 4532 et
2774 4476 2828 4529 in
2857 4490 2968 4546 quo
2998 4484 3280 4546 pactorum
3310 4469 3565 4526 confes-.

1955 4571 2168 4625 sionem
2193 4570 2466 4640 deposuit.
2497 4569 2554 4622 Si
2579 4587 2696 4624 vero
2714 4611 2727 4634 ,
2761 4567 2970 4638 inquit,
3001 4568 3056 4620 in
3083 4566 3248 4619 Deum
3270 4564 3384 4634 quis
3409 4578 3530 4630 pec-

257 4669 363 4705 ται
395 4651 508 4723 (88)
543 4653 677 4720 περὶ
725 4630 952 4716 aetas,-
1011 4653 1068 4704 ὐ
1119 4653 1226 4724 γὰρ
1266 4653 1483 4718 ἀναθεὶς
1535 4630 1726 4709 ἑαυτὸν
1772 4657 1850 4728 τῷ

1967 4662 2169 4714 caverit
2190 4701 2203 4723 ,
2233 4671 2280 4714 et
2313 4661 2428 4731 quis
2455 4661 2624 4714 orabit
2649 4677 2744 4728 pro
2771 4678 2830 4716 eo
2859 4661 2903 4691 "
2926 4659 2949 4712 ?
2976 4657 3078 4724 Qui
3109 4658 3252 4711 enim
3283 4656 3563 4724 seipsuln;

257 4743 424 4812 Θεῷ,
455 4739 577 4796 εἶτα
627 4743 763 4814 πρὸς
801 4744 956 4798 ἄλλον
990 4744 1103 4814 βίον
1136 4745 1497 4817 ἀποπηδήσας
1522 4787 1536 4811 ,
1579 4747 1850 4818 ἱερόσυλος

256 4835 530 4904 γέγονεν,
576 4835 736 4899 αὐτὸς
784 4837 974 4890 ἑαυτὸν
1019 4835 1309 4906 διακλέψας
1329 4878 1344 4903 ,
1381 4837 1476 4892 καὶ
1521 4839 1851 4911 ἀφελόμενος

1961 4751 2168 4806 dicavit
2196 4754 2302 4807 Deo
2323 4791 2338 4815 ,
2365 4761 2416 4806 et
2444 4753 2640 4808 deinde
2666 4752 2734 4807 ad
2763 4751 2908 4806 aliud
2935 4752 3057 4804 vitae
3080 4763 3250 4820 genus
3273 4746 3545 4812 transiit,

1971 4840 2148 4898 factus
2169 4852 2250 4898 est
2270 4844 2565 4914 sacrilegus
2585 4883 2599 4908 ,
2622 4858 2745 4898 cum
2779 4843 2896 4914 ipse
2917 4841 3000 4898 sui
3026 4840 3198 4911 ipsius
3221 4837 3306 4893 fur
3329 4837 3492 4893 fuerit
3507 4875 3527 4902 ,

338 4992 711 5059 '°I'Cor.vn,
753 4997 840 5051 i5.
916 4999 958 5030 "
1002 4998 1135 5054 Luc.
1175 5017 1288 5068 xiv,
1325 5002 1415 5057 26.
1495 5003 1574 5055 ll’l
1603 5003 1730 5075 Reg.
1769 5021 1826 5069 n,
1855 5004 1947 5060 25.

333 5149 453 5224 (δέ)
497 5149 651 5224 linus
693 5167 798 5224 ms.
834 5154 1046 5224 μητέρα
1082 5156 1268 5210 αὑτοῦ.

332 5220 449 5288 (85)
505 5220 692 5302 (Ζοόεξι
745 5220 906 5302 βοίδζ
1045 5225 1310 5302 ἀνάγκην.
1354 5227 1590 5302 Basilius
1640 5229 1846 5286 ultimis

254 5305 386 5370 sua;
421 5295 803 5370 responsionis
839 5295 1022 5370 verbis
1069 5295 1334 5370 rationem
1366 5298 1563 5370 reddit,
1599 5314 1698 5353 cur
1722 5315 1846 5367 per-

253 5362 659 5438 miseribviro“
679 5365 1069 5438 monasterium
1100 5367 1328 5438 ingredi,
1364 5368 1530 5421 invita
1561 5362 1751 5433 uxore,
1789 5378 1846 5425 et

251 5431 388 5508 vice
406 5428 989 5508 versa.eNam,inquit,
1029 5451 1136 5490 non
1158 5428 1600 5508 iraroividimus,
1635 5428 1842 5508 partem

251 5501 726 5576 dissentientem,_
759 5518 852 5571 per
876 5519 1066 5576 preces
1087 5516 1140 5560 et
1164 5506 1372 5576 jejunia
1397 5501 1685 5562 adductain
1721 5517 1844 5563 tan-

250 5569 395 5624 dem
451 5569 623 5625 fuisse
662 5571 727 5624 ad
761 5569 1361 5647 ‘assentiéndumCSed
1408 5578 1452 5632 si
1503 5581 1668 5633 altera
1718 5594 1846 5647 pars

254 5653 552 5709 nunquam
606 5643 1009 5714 consensisset,
1048 5648 1236 5714 procul
1281 5647 1447 5701 dubio
1480 5643 1731 5703 Basilius
1763 5650 1845 5702 vi-

254 5723 395 5763 rum
416 5718 524 5784 aut
552 5711 837 5784 mulierem
873 5720 996 5768 ante
1021 5711 1416 5784 professionem
1442 5734 1472 5773 e
1509 5719 1844 5774 monasterio

251 5778 456 5852 egredi
483 5779 682 5836 debere
709 5781 952 5837 dixisset.

2029 5161 2138 5232 (86)
2177 5159 2309 5230 Reg.
2342 5160 2666 5232 primusret:
2691 5157 2944 5232 (‘wllr-._..et
2981 5155 3141 5232 Voss.
3178 5152 3523 5232 παρέξονται,

1951 5225 2047 5285 καί
2089 5225 2151 5312 ἐν
2183 5225 2658 5312 ὴσῦχίᾲλσυντόνῳ
2704 5227 2797 5281 καὶ
2849 5227 3231 5299 ἀμετεωρίστῳ
3261 5225 3527 5296 γλώσσης

1951 5301 2276 5374 κρατοῦντες
2294 5301 2659 5372 μαθήσονται.

1957 5441 1976 5446 Α
2027 5373 2140 5446 487)
2195 5370 2326 5440 Reg.
2375 5373 2585 5446 primus
2617 5366 2904 5446 _et-_Colb._
2944 5365 3308 5446 ψαλμῳδίαςί.
3339 5365 3527 5446 Παρα-

1953 5434 2243 5512 δεχθέντα,
2265 5434 2399 5512 (ᾖα,
2427 5439 2545 5512 sine
2580 5434 3230 5512 nllo_titulo_intermedio.
3266 5434 3375 5489 Nec
3406 5434 3524 5512 val-

1955 5506 2341 5566 de'admodnm
2370 5509 2577 5567 dubito.
2613 5509 2743 5577 quin
2773 5507 2844 5561 ita
2871 5508 2970 5576 legi
2999 5513 3233 5577 praestet;
3263 5506 3519 5574 quoniam

1954 5590 2136 5635 tamen
2163 5580 2436 5633 invenitur
2465 5575 2658 5632 titulus
2689 5585 2743 5629 et
2775 5577 2831 5631 in
2855 5575 3090 5647 vulgatis
3111 5584 3164 5629 et
3188 5575 3243 5628 in
3280 5577 3521 5645 antiquis

1951 5651 2278 5720 quibusdam
2311 5649 2488 5712 libris,
2513 5647 2672 5720 nihil;
2690 5649 3042 5720 mutavimus.

1993 5720 2104 5786 (88)
2159 5716 2292 5786 Reg.
2347 5711 2554 5790 primus
2621 5715 2856 5780 εὔξεται.
2900 5719 3021 5772 Mox
3071 5714 3214 5771 idem
3262 5733 3365 5775 tus.
3409 5711 3528 5788 βίον

1952 5790 2121 5860 ἀποδη
2132 5791 2328 5860 μήσαςι
