3948 6240
187 382 289 435 935

1281 378 1582 434 REGULAZ
1619 378 1869 435 FUSIUS
1907 380 2318 435 TRACTATE.

3335 379 3441 436 ΕἱΞὸ

188 490 341 561 Μήτε
392 489 496 558 μὴν
543 489 601 541 ὲν
646 482 728 552 οἷς
776 488 865 543 διὰ
908 491 1007 560 τὴν
1058 490 1276 560 ἠλικίαν
1313 492 1374 544 τὸ
1412 492 1622 563 πρέπον
1658 494 1771 555 τοῖς

1893 508 2069 547 eorum
2104 500 2315 547 temere
2345 494 2509 562 agant
2535 490 2605 546 ob
2637 490 2968 561 frequentem
3000 505 3121 545 cum
3150 490 3283 564 ipsis
3310 509 3443 549 con-

187 582 581 655 πρεσϐυτέροις
630 581 897 647 σώζεται,
940 582 1078 653 πρὸς
1110 582 1283 637 ταῦτα
1316 588 1442 645 τοὺς
1489 585 1642 648 νέους
1681 585 1769 637 διὰ

188 676 291 745 τῆς
344 675 790 745 συναναστροφῆς
843 675 949 744 πρὸ
1003 674 1197 747 καιροῦ
1249 676 1513 745 ἀπρεπῶς
1566 694 1771 747 προπε-

186 766 464 822 τεύεσθαι.

262 860 317 912 2.
347 858 563 927 Ταύτης
592 875 651 910 τε
696 853 789 911 οὖν
830 860 929 929 τῆς
969 860 1281 929 οἰκονομίας
1320 859 1505 911 ἕνεκεν
1543 860 1638 911 καὶ
1673 859 1772 929 τῆς
1842 884 1843 887 η

190 951 385 1021 λοιπῆς
422 951 750 1019 σεμνότητος
793 950 1072 1019 διωρίσθαι
1121 952 1226 1022 χρὴ
1273 950 1381 1002 τῶν
1426 950 1631 1004 παίδων
1678 950 1772 1002 καὶ⁵

187 1042 302 1095 τῶν
334 1042 684 1111 τελειοτέρων
716 1040 813 1111 τὴν
844 1040 1077 1111 οἴκησιν.
1108 1042 1214 1093 Καὶ
1254 1041 1370 1111 ἅμα
1394 1040 1513 1092 οὐδὲ
1548 1040 1775 1111 θόρυὸον

189 1136 306 1199 ἔξει
344 1135 373 1185 ὁ
418 1131 564 1197 οἶκος
611 1134 720 1185 τῶν
765 1135 1018 1202 ἀσκητῶν
1065 1137 1122 1186 ὲν
1172 1137 1239 1204 τῇ
1292 1134 1489 1206 μελέτῃ
1532 1133 1639 1185 τῶν
1692 1134 1773 1186 δι-

188 1227 489 1296 δαγμάτων
517 1228 787 1295 ἀναγκαίᾳ
813 1226 945 1299 οὔσῃ
975 1227 1081 1295 (95)
1108 1230 1220 1289 τοῖς
1251 1227 1406 1289 νέοις.
1427 1226 1584 1279 Ἀλλά
1608 1243 1776 1297 προσ-

190 1320 356 1386 ευχαὶ
392 1319 493 1387 μὲν
524 1318 697 1370 κοιναὶ
740 1320 832 1371 καὶ
872 1319 1029 1370 παισὶ
1061 1318 1155 1370 καὶ
1194 1318 1582 1389 πρεσϐυτέροις
1615 1317 1776 1370 ἔστω-

191 1423 297 1458 σαν
318 1446 333 1469 ,
380 1408 436 1458 αί
470 1407 610 1458 κατά
655 1406 752 1476 τὴν
791 1407 1002 1477 ἡμέραν
1034 1407 1537 1477 διατετυπωμέναι·
1575 1409 1683 1469 τοῖς
1715 1424 1774 1459 τε

190 1495 306 1567 γὰρ
338 1496 571 1559 παιδίοις
611 1495 830 1565 ἐθισμὸς
870 1499 932 1549 ἐκ
959 1497 1053 1549 τοῦ
1089 1496 1248 1567 ζήλου
1289 1498 1396 1550 τῶν
1427 1497 1775 1568 τελειοτέρων

193 1589 334 1657 πρὸς
363 1587 657 1649 κατάνυξιν
683 1587 828 1658 (96),
869 1589 958 1640 καὶ
992 1592 1103 1652 τοῖς
1131 1590 1463 1661 προάγουσιν
1507 1590 1567 1642 οὐ
1608 1589 1777 1659 μικρά

191 1683 250 1733 ἐν
285 1683 617 1751 προσευχαῖς
659 1682 693 1750 ὴ
729 1681 877 1751 παρὰ
919 1682 1125 1749 νηπίων
1174 1681 1425 1751 βοήθεια·
1470 1680 1689 1750 μελέται
1721 1679 1777 1732 δὲ

195 1772 529 1834 ἰδιάζουσαι,
558 1772 650 1824 καὶ
680 1772 879 1824 δίαιται
910 1773 1019 1845 (97)
1051 1774 1190 1827 κατά
1223 1790 1278 1825 τε
1310 1774 1473 1826 ὕπνον
1495 1774 1587 1825 καὶ
1615 1774 1778 1841 ὲγρή-

192 1881 387 1933 γορσιν
409 1905 422 1920 .
457 1865 553 1917 καὶ
584 1865 786 1934 τροφῆς
816 1866 1005 1937 καιρὸν
1025 1907 1037 1929 ,
1075 1869 1168 1919 καὶ
1202 1866 1397 1936 μέτρον
1440 1866 1536 1917 καὶ
1568 1864 1777 1933 ποιότη-

193 1972 259 2007 τα
299 1954 535 2016 παιδίοις
574 1955 890 2023 πρεπόντως
934 1954 1249 2024 ἀφωρίσθω.
1306 1952 1673 2022 ’Ἐπιτετάχθω
1720 1952 1775 2003 δὲ

192 2048 309 2108 τοῖς
354 2045 622 2108 τοιούτοις
672 2048 699 2098 ὁ
732 2044 851 2098 καθ’
898 2045 1113 2115 ἡλικίαν
1170 2047 1466 2116 προήκων,
1526 2044 1620 2096 καὶ
1678 2044 1777 2111 τὴν

193 2138 494 2207 ἐμπειρίαν
526 2137 665 2207 ὑπὲρ
690 2137 817 2197 τοὺς
844 2136 1035 2199 ἄλλους
1059 2135 1162 2200 ῶν,
1189 2137 1282 2189 καὶ
1307 2134 1615 2205 μαρτυρίαν
1639 2133 1778 2202 ἔχων

192 2228 287 2281 ἐπὶ
339 2226 731 2297 μακροθυμία·
768 2226 908 2279 ὥστε
954 2230 1191 2298 πατρικῇ
1245 2227 1341 2297 μὲν
1385 2223 1776 2293 εὐσπλαγχνίᾳ,

191 2318 338 2387 λόγῳ
389 2317 448 2369 δὲ
490 2316 894 2386 ἐπιστημονικῷ
946 2316 1015 2368 τὰ
1063 2318 1433 2387 ἁμαρτήματα
1482 2313 1589 2366 τῶν
1642 2314 1775 2366 νέων

192 2408 672 2479 ἐπανορθοῦσθαι,
709 2410 915 2472 οἰκείας
959 2409 1173 2477 ἑκάστῳ
1213 2407 1516 2475 πταίσματι
1555 2406 1650 2465 τὰς
1686 2404 1774 2457 θε-

196 2501 433 2571 ραπίας
487 2502 862 2569 προσάγοντα,
905 2500 1041 2553 ὣστε
1075 2501 1183 2569 (98)
1230 2500 1290 2552 τὸ
1342 2500 1472 2552 αὐτὸ
1520 2500 1613 2551 καὶ
1657 2499 1779 2549 ὲπι-

191 2590 421 2659 τίμησιν
484 2590 629 2660 ἔχειν
684 2591 777 2643 τοῦ
840 2593 1232 2662 ἁμαρτήματος
1266 2629 1280 2650 ,
1340 2592 1434 2643 καὶ
1484 2588 1780 2657 γυμνάσιον

193 2682 473 2744 ἀπαθείας
491 2683 601 2750 (99)
634 2686 699 2752 τῇ
728 2683 873 2753 ψυχῇ
902 2683 1167 2751 γίνεσθαι.
1202 2676 1346 2742 Οίον,
1373 2679 1618 2750 ὠργίσθη
1648 2678 1783 2748 πρὸς

195 2774 285 2826 τὸν
330 2773 613 2843 ὀμήλικα;
664 2774 851 2826 τοῦτον
885 2774 1253 2843 θεραπεῦσαι,
1305 2773 1398 2825 καὶ
1439 2770 1781 2841 ὑπηρετῆσαι

197 2865 349 2936 αὐτῷ
378 2865 528 2919 κατά
554 2865 839 2933 ἀναλογίαν
869 2865 961 2917 τοῦ
996 2866 1339 2936 τολμήματος
1361 2861 1775 2930 ἀναγκασθήτω.

211 2958 268 3013 Ὀ
327 2959 442 3029 γὰρ
490 2958 626 3028 πρὸς
682 2958 778 3027 τὴν
830 2956 1152 3010 ταπείνωσιν
1199 2956 1421 3025 ἐθισμὸς
1470 2948 1580 3007 οἷον
1629 2954 1783 3005 ἑκτέ-

202 3068 323 3120 μνει
358 3050 437 3115 (1)
472 3050 571 3117 τῆς
607 3049 783 3117 ψυχῆς
832 3048 891 3099 τὸ
931 3047 1269 3116 θυμούμενον
1298 3086 1313 3107 ,
1360 3045 1459 3114 τῆς
1502 3045 1785 3112 ὲπάρσεως

1870 586 2234 643 suetudinem.

1953 864 2009 918 2.
2050 864 2392 934 Quapropter
2420 876 2541 915 cum
2583 859 2747 930 hujus
2789 859 3137 923 oeconomiae,
3172 867 3283 913 tum
3315 859 3439 913 reli-

1877 973 1997 1027 qua:
2052 956 2215 1009 etiam
2271 952 2551 1009 servandae
2597 952 2900 1020 disciplinae
2948 966 3010 1003 ac
3063 951 3442 1004 sanctimoniae

1879 1064 2048 1104 causa
2102 1048 2415 1101 distinctam
2466 1060 2587 1099 esse
2629 1050 2842 1112 oportet
2890 1057 3179 1110 puerorum
3220 1049 3273 1095 et
3313 1049 3442 1095 natu

1880 1142 2153 1208 majorum
2192 1138 2601 1191 habitationem.
2635 1134 3033 1202 Praetereaque,
3077 1132 3206 1185 dum
3249 1147 3443 1187 neces-

1879 1232 2023 1287 saria
2062 1231 2152 1283 illa
2180 1229 2473 1298 juvenibus
2499 1226 2817 1281 exercitatio
2845 1225 2967 1287 ﬁet,
2998 1240 3106 1279 non
3138 1224 3447 1277 turbabitur

1877 1320 2272 1375 monachorum
2316 1318 2533 1371 domus.
2574 1315 2920 1369 Precationes
2963 1324 3141 1367 autem
3189 1328 3307 1382 quae
3350 1329 3445 1383 per

1878 1413 2020 1468 diem
2058 1412 2323 1465 instituta:
2351 1420 2507 1472 sunt,
2539 1416 2592 1462 et
2620 1409 2800 1477 pueris
2831 1414 2883 1460 et
2911 1406 3308 1475 antiquioribus
3335 1406 3445 1460 sint

1878 1520 2217 1559 communes.
2254 1500 2383 1555 Nam
2412 1501 2563 1570 pueri
2589 1501 2856 1567 majorum
2887 1496 3129 1565 exemplo
3155 1498 3444 1568 compungi

1879 1604 2293 1651 consuescunt:
2341 1593 2679 1662 antiquiores
2724 1607 2854 1644 vero
2885 1591 2936 1643 in
2970 1593 3375 1659 precationibus
3415 1606 3443 1641 a

1879 1690 2067 1761 pueris
2101 1688 2243 1741 haud
2278 1702 2468 1756 parum
2515 1684 2861 1753 adjuvantur.
2908 1684 3171 1737 Cmterum
3204 1684 3345 1753 quod
3378 1680 3444 1734 ad
3504 1718 3509 1727 ρ

1882 1795 2169 1844 somnum,
2200 1779 2266 1832 ad
2300 1779 2542 1846 vigilias,
2576 1778 2641 1831 ad
2676 1787 2887 1844 tempus
2908 1815 2921 1836 ,
2952 1789 3366 1843 mensuramque
3395 1786 3448 1828 et

1878 1874 2194 1943 qualitatem
2227 1870 2607 1923 alimentorum
2640 1869 2864 1929 attinet,
2899 1867 3281 1920 convenienter
3312 1881 3448 1935 pue-

1879 1965 1957 2018 ris
1990 1962 2359 2016 decernantur
2387 1961 2808 2014 exercitationes
2839 1966 2891 2011 et
2922 1957 3094 2011 diaettu
3124 1956 3458 2025 peculiares.

1877 2053 2213 2109 Praellciatur
2262 2060 2443 2105 autem
2493 2050 2689 2104 talibus
2736 2049 3009 2117 quispiam
3059 2054 3214 2101 aetate
3264 2061 3451 2115 prove-

1878 2147 2037 2210 ctior,
2064 2145 2387 2212 caeterisque
2408 2141 2743 2211 experientia
2769 2140 3137 2210 praestantior,
3168 2139 3260 2208 qui
3287 2138 3455 2193 etiam

1880 2236 2124 2289 leuitatis
2157 2232 2531 2287 testimonium
2563 2231 2758 2284 habeat
2784 2249 2796 2282 :
2828 2237 2887 2283 ut
2914 2238 3137 2298 paterna
3165 2228 3450 2282 clementia

1881 2341 1944 2379 ac
1980 2325 2154 2394 perito
2183 2338 2437 2377 sermone
2462 2324 2701 2390 corrigat
2720 2322 2978 2388 juvenum
3005 2328 3224 2389 peccata
3246 2359 3261 2383 ,
3289 2327 3453 2389 atque

1893 2418 2193 2488 peculiaria
2225 2416 2463 2469 remedia
2492 2414 2720 2483 singulis
2758 2412 2970 2466 delictis
2999 2410 3226 2475 aderat;
3259 2410 3452 2464 simul-

1879 2526 1985 2579 que
2016 2516 2069 2561 et
2101 2506 2531 2575 reprehendatur
2574 2513 2854 2573 peccatum
2878 2542 2891 2565 ,
2931 2510 2984 2555 et
3021 2502 3199 2553 anima
3245 2501 3311 2557 ad
3355 2501 3450 2553 im-

1881 2599 2261 2671 perturbatum
2290 2595 2580 2667 quemdam
2612 2605 2809 2648 statum
2839 2598 3177 2647 exerceatur.
3210 2590 3453 2660 Exempli

1883 2706 2083 2752 causa,
2138 2690 2314 2743 iratus
2360 2696 2445 2743 est
2495 2687 2769 2756 quiSpiam
2822 2700 2923 2739 suo
2962 2684 3270 2753 comquali?
3318 2683 3451 2737 Eum

1883 2785 2132 2854 placare,
2192 2783 2406 2849 ipsique
2442 2793 2539 2849 pro
2573 2777 2833 2832 facinoris
2884 2777 3095 2831 ratione
3142 2775 3455 2830 subservire

1882 2887 2130 2944 cogatur.
2189 2871 2323 2925 Nam
2381 2868 2708 2924 humilitatis
2761 2866 3058 2921 assuetudo
3113 2864 3455 2919 iracundiam

1884 2967 2051 3020 animi
2084 2966 2242 3035 quasi
2282 2962 2593 3026 exscindit;
2639 2975 2763 3013 cum
2794 2966 2985 3012 contra
3015 2958 3259 3027 ejusdem
3293 2957 3458 3011 elatio

1886 3056 2212 3126 plerumque
2259 3052 2419 3107 nobis
2470 3052 2607 3104 iram
2654 3050 2958 3119 ingeneret.
3010 3047 3255 3117 Sumpsit
3304 3046 3457 3100 cibos

194 3141 268 3204 ὡς
319 3139 391 3192 τά
441 3139 617 3191 πολλά
660 3142 789 3209 ἡμῖν
828 3139 925 3209 τὴν
978 3138 1144 3208 ὀργὴν
1180 3136 1535 3207 ἐμποιούσης.
1570 3134 1781 3200 ’Ἥψατο

1893 3155 2081 3215 prteter
2110 3143 2371 3213 tempus?
2398 3143 2631 3196 Maxima
2660 3141 2768 3195 diei
2812 3150 2960 3210 parte
3002 3140 3230 3210 jejunet.
3260 3138 3458 3193 Immo-

197 3231 517 3303 βρωμάτων
560 3230 711 3298 παρὰ
751 3229 979 3299 καιρόν;
1014 3228 1105 3279 ἐπὶ
1152 3227 1400 3279 πλεῖστον
1440 3226 1536 3295 τῆς
1569 3224 1782 3295 ἡμέρας

194 3325 463 3385 ἀπόσιτος
506 3322 664 3373 ἔστω.
724 3321 1001 3390 ’Λμέτρως
1038 3319 1069 3389 ἣ
1108 3319 1427 3388 ἀσχημόνως
1473 3316 1785 3385 σιτούμενος

193 3414 600 3483 κατεγνώσθη;
646 3412 785 3465 κατά
828 3414 917 3465 τὸν
946 3413 1134 3481 καιρὸν
1159 3412 1259 3480 τῆς
1295 3410 1497 3481 τροφῆς
1528 3408 1783 3479 εἰργόμε-

193 3528 284 3572 νος
317 3508 434 3560 τῶν
482 3506 698 3571 σιτίων,
750 3506 880 3575 ὁρᾷν
930 3507 1054 3566 τοὺς
1082 3504 1273 3565 ἄλλους
1318 3504 1435 3555 κατ’
1476 3502 1785 3571 ἐπιστήμην

194 3599 489 3662 ἐσθίοντας
538 3596 973 3665 ἀναγκαζέσθω,
1028 3595 1167 3647 ὥστε
1217 3597 1311 3647 καὶ
1348 3592 1669 3657 κολάζεσθαι
1717 3594 1782 3662 τῇ

194 3693 380 3762 ἀποχῇ
410 3730 424 3753 ,
464 3690 559 3742 καὶ
589 3687 931 3741 διδάσκεσθαι
964 3688 1061 3757 τὴν
1086 3688 1412 3756 σεμνότητα.
1446 3684 1614 3751 Λόγον
1648 3684 1787 3752 ἀφῆ-

195 3800 293 3835 κεν
320 3782 537 3853 ἀργὸν,
566 3778 723 3850 ὓϐριν
778 3780 859 3840 εἰς
896 3779 988 3829 τὸν
1030 3778 1279 3846 πλησίον,
1321 3776 1515 3845 ψεῦδος
1535 3815 1548 3836 ,
1579 3774 1705 3828 ἄλλο
1734 3794 1785 3828 τι.

195 3877 310 3929 τῶν
348 3871 861 3943 ἀπηγορευμένων;
895 3868 971 3941 Τῇ
1013 3886 1071 3922 τε
1126 3869 1324 3937 γαστρὶ
1375 3867 1470 3920 καὶ
1502 3867 1569 3937 τῇ
1608 3870 1785 3938 σιωπῇ

198 3984 319 4036 σωφ
327 3984 424 4038 ρον
433 3964 484 4026 ιζ
490 3962 653 4017 έσθω.

266 4061 324 4113 5.
357 4060 453 4109 Δεῖ
486 4056 544 4107 δὲ
571 4056 663 4107 καὶ
692 4053 786 4125 τὴν
817 4053 924 4105 τῶν
953 4052 1294 4125 γραμμάτων
1331 4055 1558 4126 μελέτην
1583 4058 1787 4111 οἰκείαν

198 4151 341 4208 εἶναι
376 4152 454 4221 τῷ
483 4150 669 4219 σκοπῷ
700 4167 716 4179 ι
762 4149 902 4202 ὥστε
939 4148 1034 4200 καὶ
1074 4147 1333 4217 ὀνόμασιν
1365 4149 1561 4211 αὐτοὺς
1589 4153 1699 4211 τοῖς
1723 4150 1788 4201 ὲκ

193 4245 309 4297 τῶν
335 4240 575 4312 Γραφῶν
600 4238 674 4306 (2)
708 4237 1030 4309 κεχρῆσθαι,
1066 4238 1155 4289 καὶ
1190 4236 1310 4289 ἀντὶ
1341 4236 1524 4305 μύθων
1553 4238 1650 4300 τάς
1679 4237 1788 4290 τῶν

195 4334 536 4407 παραδόξων
587 4330 759 4402 ἔργων
806 4329 1046 4399 ἱστορίας
1088 4329 1270 4390 αὐτοῖς
1313 4328 1649 4398 διηγεῖσθαι,
1695 4330 1788 4382 καὶ

194 4429 463 4499 γνώμαις
514 4422 789 4477 παιδεύειν
839 4424 960 4484 ταῖς
1008 4422 1073 4472 ὲκ
1128 4420 1235 4472 τῶν
1285 4420 1635 4491 Παροιμιῶν,
1694 4422 1788 4473 καὶ

1888 3239 2010 3292 dice
2039 3246 2131 3290 aut
2172 3236 2432 3289 indecore
2462 3235 2643 3288 cibum
2673 3234 2885 3303 cepisse
2930 3232 3301 3301 deprehensus
3330 3230 3459 3285 est?

1889 3328 2006 3397 Ipse
2038 3327 2357 3381 rel'ectionis
2388 3338 2631 3395 tempore
2659 3341 2689 3378 a
2719 3325 2844 3379 cibo
2884 3325 3111 3379 abactus
3132 3364 3145 3386 ,
3179 3324 3314 3377 alios
3358 3323 3458 3375 rite

1885 3419 2108 3474 edentes
2138 3417 2335 3471 intueri
2368 3425 2617 3484 cogatur,
2642 3424 2697 3467 ut
2722 3423 2775 3468 et
2806 3414 3133 3469 abstinentia
3166 3413 3455 3482 plectatur,

1885 3519 1939 3565 et
1987 3511 2328 3563 honestatem
2384 3507 2581 3562 discat.
2631 3504 2866 3559 Protulit
2913 3506 3137 3560 verbum
3183 3506 3456 3569 otiosum,

1888 3606 2277 3662 contumeliam
2330 3607 2383 3658 in
2434 3604 2777 3674 proximum,
2826 3601 3206 3664 mendacium,
3254 3598 3458 3669 aliquid

1892 3698 2043 3751 aliud
2092 3697 2238 3766 quod
2288 3696 2640 3750 interdictum
2691 3692 2806 3748 sit?
2837 3692 2901 3745 Et
2932 3700 3119 3747 ventre
3148 3702 3201 3747 et
3242 3692 3467 3748 silentio

1888 3791 2207 3860 castigetur.

1959 4052 2013 4107 ὅ.
2055 4056 2232 4120 Atque
2275 4051 2438 4105 etiam
2472 4050 2780 4104 litterarum
2814 4049 3057 4103 studium
3084 4062 3273 4102 eorum
3305 4046 3461 4102 insti-

1892 4152 2011 4197 tuto
2042 4142 2514 4197 accommodatum
2557 4158 2680 4196 esse
2718 4148 2960 4210 Oportet,
3008 4147 3063 4194 et
3108 4138 3391 4192 vocabulis
3429 4153 3462 4192 e

1892 4235 2175 4304 Scriptura
2219 4235 2451 4304 sumptis
2495 4243 2736 4296 utuntur,
2769 4242 2823 4287 et
2870 4234 3003 4302 ipsis
3047 4240 3341 4285 narrentur
3366 4229 3463 4284 ad-

1890 4328 2221 4380 mirabilium
2278 4326 2545 4380 factorum
2584 4327 2829 4380 historia:
2872 4326 2994 4378 loco
3025 4324 3333 4378 fabularum
3358 4363 3372 4386 ,
3405 4330 3461 4376 et

1890 4418 2223 4499 edoceantur
2261 4419 2563 4473 sententias
2594 4417 3048 4479 Proverbiorum,
3092 4424 3143 4469 et
3187 4414 3461 4470 memoriae

196 4494 344 4575 ἆθλα
383 4519 609 4589 μνήμης
652 4514 932 4585 ὀνομάτων
981 4530 1040 4565 τε
1086 4512 1183 4566 κα)⁸
1220 4494 1563 4583 πραγμάτων
1608 4511 1783 4575 αὐτοῖς

1897 4494 2118 4577 praemia
2167 4510 2372 4564 eisdem
2423 4516 2795 4578 proponantur
2846 4517 2953 4561 tam
3005 4521 3105 4576 pro
3150 4504 3462 4558 nominibus

193 4611 565 4684 προτιθέναι,
615 4607 754 4660 ῶστε
814 4604 952 4676 μετά
998 4604 1358 4675 τερπνὸτητος
1409 4604 1503 4656 καὶ
1555 4602 1791 4663 ἀνέσεως

194 4706 434 4767 ἀλύπως
480 4704 665 4765 αὐτοῖς
697 4702 789 4755 καὶ
821 4699 1184 4769 ἁπροσκόπως
1236 4696 1325 4749 τὸν
1378 4695 1577 4749 σκοπὸν
1609 4693 1789 4747 διανύ-

191 4799 387 4854 εσθαι.
440 4797 553 4850 Καὶ
590 4798 623 4867 ἡ
670 4794 911 4865 προσοχὴ
970 4791 1026 4844 δὲ
1068 4791 1166 4860 τῆς
1220 4789 1458 4851 διανοίας
1486 4787 1598 4857 (5),
1639 4784 1731 4838 καὶ
1759 4786 1787 4836 ὁ

271 4966 397 5106 (95)
437 4966 573 5036 Reg.
602 4966 813 5034 primus
846 4972 901 5018 et
936 4962 1093 5018 Voss.
1124 4962 1433 5029 ἀναγκαίας
1464 4960 1650 5030 οὔσης.

271 5036 374 5106 (96
419 5033 558 5106 Reg.
588 5036 799 5104 primus
816 5035 1136 5106 emendatus
1160 5031 1646 5106 ﬂp§<_xq‘tdvot§tv.

271 5030 397 5107 (96)
418 5030 558 5107 Reg.
588 5030 799 5107 primus
816 5035 1136 5107 emendatus
1160 5030 1795 5107 np§<_xat_:cdtvot§tv._hlox

195 5102 387 5161 cades
418 5102 669 5159 Voss—ob
702 5104 914 5174 μικρόν.
948 5102 1140 5156 Statim
1183 5102 1349 5174 editio
1382 5102 1546 5174 Basil.
1577 5102 1798 5174 βοηθεια

197 5175 594 5248 προσγίνεται,
626 5183 680 5227 et
704 5170 783 5227 ita
808 5170 1039 5241 ’quoque
1075 5174 1269 5241 legitur
1299 5173 1352 5225 in
1383 5170 1622 5226 editione
1644 5170 1798 5223 Pari-

197 5249 412 5298 siensi.
456 5245 590 5298 Illud
645 5245 998 5298 προσγίνεται
1040 5259 1216 5298 neuue
1266 5243 1317 5295 in
1358 5242 1595 5295 editione
1634 5240 1795 5298 νου..

196 5262 412 5302 διεπει.
458 5260 590 5298 Ιιιυα
645 5260 998 5315 προσγινεται
1040 5260 1216 5311 neque
1266 5260 1317 5295 In
1358 5260 1595 5295 eatuone
1645 5260 1795 5304 VCD.,

197 5318 482 5398 pequein
513 5314 705 5369 codice
744 5313 907 5370 Voss.
938 5329 1114 5383 neque
1153 5313 1207 5365 in
1235 5312 1360 5367 aliis
1394 5322 1632 5383 quatuor
1658 5327 1794 5365 mss.

195 5394 575 5523 lnig'iyliiég.
607 5453 819 5523 primus
847 5452 943 5506 καὶ
968 5434 1167 5508 δίαιτα.
1196 5451 1317 5506 Mox
1348 5467 1491 5508 unus
1518 5466 1620 5507 ms.
1659 5468 1798 5522 πρε-

196 5526 429 5595 πόντιος
464 5524 825 5595 ἀφοριζέσθω.

273 5594 403 5662 (98)
438 5590 620 5666 Codeit
661 5591 821 5666 Voss.
863 5591 1289 5666 ἐπανορθοῦσθαι
1336 5590 1552 5666 οἰκείως
1582 5590 1796 5659 ἑκάστῳ

198 5665 548 5733 πταίσματι,
582 5664 745 5725 ὥστε,
776 5664 994 5716 brevius
1037 5663 1282 5732 quidem,
1326 5664 1420 5733 sed
1469 5677 1633 5716 sensu
1683 5676 1792 5714 non

196 5732 499 5790 dissimili.
531 5732 665 5802 Reg.
701 5734 906 5803 primtts
928 5733 1257 5803 emendatus
1280 5732 1589 5803 ἐπάγοντα.

275 5803 410 5873 (99)
438 5803 569 5874 Reg.
601 5801 808 5874 primus
836 5813 889 5858 et
927 5801 1084 5859 Voss.
1111 5811 1163 5858 et
1196 5801 1350 5857 Colb.
1382 5802 1677 5873 γυμνάσιον
1708 5801 1793 5853 εὐ-

1897 4617 2059 4671 quam
2094 4617 2193 4671 pro
2221 4602 2386 4656 rebus
2406 4642 2421 4665 ,
2450 4612 2508 4655 ut
2528 4601 2766 4671 jucunde
2792 4607 2845 4656 et
2868 4599 3023 4669 quasi
3054 4597 3293 4650 animum
3323 4595 3471 4649 rela-.

1896 4700 2092 4747 xantes
2114 4734 2127 4757 ,
2160 4694 2312 4746 nulla
2344 4709 2467 4748 cum
2500 4694 2787 4754 molestia,
2834 4693 3089 4760 nullaque
3126 4688 3425 4743 offensione
3446 4730 3459 4752 ,

1897 4785 1964 4839 ad
2001 4801 2225 4854 scopum
2265 4786 2596 4855 pertingant.
2627 4784 2786 4855 357
2815 4783 3189 4852 Praetereaque
3217 4780 3310 4850 qui
3339 4788 3465 4834 sunt

1898 4962 2162 5026 πειθείας,
2196 4962 2500 5017 οὸεάὶεηιὶαι
2523 4960 2845 5014 exercitatio.
2883 4956 3159 5011 Editiones
3182 4962 3391 5008 veteres
3408 4959 3474 5007 et,

1899 5034 2143 5088 Combef.
2181 5043 2234 5085 et
2272 5032 2405 5100 Reg.
2434 5034 2625 5085 tertius
2659 5028 2955 5100 ἀπειθείας.

1972 5104 2046 5173 (l)
2081 5092 2381 5173 Legiturjn
2413 5101 2567 5157 Colb.
2599 5100 2760 5173 οἱονεὶ
2786 5098 3055 5173 ὲῌκτέμνει.
3088 5093 3207 5148 Mox
3231 5092 3477 5173 antiqua.

1898 5162 2185 5227 editiones“
2205 5180 2258 5226 et
2297 5171 2428 5242 Reg.
2463 5172 2736 5242 secundus
2766 5169 2868 5242 si};
2890 5162 3169 5242 ἐπάρσεως
3208 5162 3473 5224 πολλάκις

1899 5243 2030 5315 ᾑ-μῖν
2083 5244 2180 5314 τὴν
2212 5237 2404 5315 ,ὀργὴν
2443 5240 2790 5315 ἐμποιούσης.
2824 5237 2946 5289 'Alii
3004 5243 3284 5315 tres_mss.
3337 5247 3475 5287 cum.

1902 5304 2062 5368 Voss.
2096 5304 2153 5365 ut
2210 5304 2269 5366 in
2305 5304 2583 5365 conteitu.
2628 5304 2759 5364 l‘tro
2801 5318 2976 5361 autem
3022 5305 3182 5358 modo
3232 5304 3459 5371 legatur,

1902 5398 2013 5436 non
2049 5384 2279 5436 multum
2312 5384 2556 5435 interest.
2589 5378 2718 5431 Nam
2760 5394 2821 5431 ex
2851 5386 3079 5445 utraque
3108 5375 3336 5429 lectione
3372 5387 3435 5426 ea

1901 5454 2021 5523 dem
2046 5455 2205 5523 plane
2236 5452 2500 5523 sententia
2530 5450 2776 5523 edicitur.

1975 5517 2062 5591 (2)
2085 5524 2269 5576 Codex
2300 5520 2457 5574 Voss.
2487 5520 2591 5573 τῶν
2621 5517 2980 5591 πραγμάτων,
3008 5521 3281 5591 ςοηνιριεξἶ

1977 5584 2052 5661 i5)
2094 5591 2225 5661 Reg.
2254 5592 2460 5661 primus
2484 5591 2565 5661 i'fll
2602 5584 2875 5659 προσευχὴ
2901 5586 2955 5661 δὲ
2978 5587 3094 5654 τῆς,
3124 5584 3465 5661 meruisti";

1902 5649 2060 5715 cutio.
2096 5649 2269 5716 Haud.
2289 5662 2445 5730 longe
2480 5660 2621 5716 idem
2649 5649 2758 5713 'ms.
2797 5649 3080 5725 ἐγγίνοιτο.
3125 5655 3274 5709 Alter
3313 5649 3476 5721 ὲγγιε.

1896 5750 2092 5800 γνοιτο.
