3948 6240
500 315 607 371 055
1848 324 1901 381 S.
1942 327 2027 382 BA
2035 325 2186 383 SlLil
2227 329 2453 386 MAGNP
3594 341 3671 395 956

502 437 811 507 ejusmodi,
844 447 990 495 recte
1016 440 1263 507 educati,
1296 445 1655 502 attentionem
1700 446 1867 502 animi
1916 447 2061 503 facile

2114 453 2149 510 Α
2178 449 2271 503 τοῦ
2307 452 2381 522 μὴ
2420 450 2845 522 μετεωρίζεσθαι
2876 450 3126 522 ἐθισμὸς,
3156 449 3386 514 εὐκόλως
3419 450 3477 505 ἀν
3506 453 3576 507 διὰ
3597 456 3673 527 τῆς

503 544 889 605 assequentur,
932 547 1098 608 atque
1135 539 1335 594 mentis
1361 540 1759 597 abcrrationem
1790 544 1961 599 vitare
1987 559 2062 600 as-

2178 528 2344 613 ὀρθῆς
2394 543 2616 612 ἀγωγῆς
2664 545 2777 605 τοῖς
2824 542 3082 606 τοιούτοις
3131 543 3397 611 ἐγγένοιτο
3424 582 3438 606 ,
3480 546 3521 597 ει
3560 549 3673 615 παρὰ

502 636 791 690 suescent,
823 631 870 684 si
903 644 932 681 a
964 631 1243 699 magistris
1275 632 1495 687 assidue
1527 634 1949 704 interrogentur,
1983 636 2061 688 ubi

2176 632 2286 687 τῶν
2351 634 2783 687 ἐπιστατούντων
2855 633 3091 704 συνεχῶς
3156 633 3508 706 ἀνακρίνοιντο
3537 675 3550 698 ,
3600 637 3676 691 ποῦ

504 717 579 771 sit
623 731 814 772 eorum
861 720 1112 784 animus,
1145 729 1199 775 et
1230 721 1361 790 quid
1394 721 1447 774 in
1480 732 1661 776 mente
1701 732 1937 777 versent.
1980 722 2063 775 Et-

2181 726 2362 796 ἔχουσι
2392 725 2489 798 τὴν
2521 726 2761 779 διάνοιαν
2788 766 2802 789 ,
2834 726 2929 779 κα)⁵
2967 728 3021 779 τί
3067 727 3383 798 στρέφουσιν
3420 730 3472 782 ἐν
3498 734 3591 794 τοῖς
3611 732 3677 784 λο-

507 810 653 863 enim
684 809 774 863 illa
802 818 935 866 aetas
955 850 968 873 ,
1002 819 1190 881 utpote
1220 812 1450 882 simplex
1471 854 1497 878 ,_
1518 812 1727 867 fraudis
1753 813 1943 868 nescia
1968 854 1982 878 ,
2018 823 2066 869 et

2181 822 2423 891 γισμοῖς.
2463 819 2536 873 Τὸ
2583 819 2693 891 γὰρ
2744 819 2945 872 ἁπλοῦν
2995 820 3095 889 τῆς
3144 820 3352 891 ἡλικίας
3397 822 3481 875 καὶ
3517 822 3678 884 ἄδολον,

504 900 574 954 ad
605 902 947 956 mendacium
982 902 1163 970 inepta
1187 943 1201 967 ,
1234 904 1385 957 nullo
1419 904 1637 972 negotio
1679 905 1843 958 animi
1875 920 2063 960 arcana

2185 911 2280 965 καὶ
2325 911 2460 980 πρὸς
2503 911 2564 964 τὸ
2608 910 2801 980 ψεῦδος
2851 911 3220 981 ἀνεπιτήδειον
3245 952 3259 976 ,
3300 911 3577 982 ἐξαγορεύει
3609 915 3682 980 μὲν

506 992 688 1060 prodit
717 1011 728 1045 :
763 993 976 1047 accedit
1003 998 1198 1056 etiam,
1233 994 1376 1063 quod
1418 995 1512 1062 qui
1542 996 1668 1047 talis
1699 1002 1812 1055 est,
1847 1010 1915 1048 ne
1952 1010 2065 1064 per-

2181 1001 2422 1065 εύκόλως
2460 1002 2527 1054 τὰ
2573 1002 2859 1072 ἀπόρρητα
2888 1001 2988 1070 τῆς
3016 1000 3196 1071 ψυχῆς
3221 1019 3237 1033 ·
3285 1002 3420 1072 ὑπὲρ
3442 1001 3491 1053 δὲ
3517 1001 3595 1055 τοῦ
3629 1003 3683 1073 μὴ

505 1091 670 1153 petuo
702 1085 887 1138 vetitis
914 1086 1239 1139 commentis
1284 1086 1567 1140 immorari
1612 1086 2064 1155 deprehendatur1

2179 1091 2426 1160 συνεχῶς
2474 1090 3050 1161 ἐγκαταλαμϐἀνεσθαι
3099 1092 3211 1153 τοῖς
3262 1091 3682 1163 ἀπηγορευμένοις,

508 1173 680 1244 fugiet
713 1174 982 1231 absurdas
1010 1177 1371 1245 cogitationes
1394 1216 1407 1240 ,
1441 1184 1603 1246 atque
1633 1176 2067 1246 objurgationum

2181 1184 2209 1234 ὁ
2235 1182 2472 1245 τοιοῦτος
2507 1181 2696 1251 φεύγοι
2727 1181 2799 1235 ἂν
2826 1181 2925 1245 τὰς
2971 1181 3079 1234 τῶν
3117 1181 3331 1234 ἀτόπων
3375 1183 3588 1244 ἐννοίας,
3615 1185 3687 1234 1.2".

505 1264 739 1319 dedecus
770 1268 1073 1329 reveritus,
1112 1266 1468 1336 semetipsum
1510 1267 1729 1322 assidue
1767 1268 1835 1321 ab
1878 1267 2064 1337 ineptis

2181 1274 2425 1344 συνεχῶς
2459 1273 2645 1326 ἑαυτὸν
2683 1276 2747 1326 ἐκ
2794 1275 2901 1326 τῶν
2940 1274 3154 1327 ἀτόπων
3184 1272 3581 1336 ἀνακαλέσεται,
3613 1273 3686 1343 τὴν

506 1359 800 1412 revocabit.

2177 1370 2255 1421 έκι
2274 1368 2384 1420 τῶν
2415 1366 2653 1437 ἐλέγχων
2685 1366 2945 1437 αἰσχύνην
2983 1365 3328 1435 φοϐούμενος.

575 1468 629 1524 4.
671 1470 900 1526 Animus
940 1471 1103 1540 igitur
1143 1471 1275 1525 dum
1319 1471 1497 1525 adhuc
1546 1470 1707 1527 facile
1738 1470 2076 1529 conformari

2348 1477 2664 1531 Εὖπλαστον
2696 1473 2788 1531 οὖν
2826 1476 2904 1530 ἔτι
2942 1471 3107 1531 οὖσαν
3140 1478 3233 1528 καὶ
3260 1475 3461 1545 ἁπαλὴν
3496 1475 3580 1545 τὴν
3612 1474 3689 1541 ψυ·

507 1568 722 1628 potest,
755 1561 993 1630 dumque
1026 1572 1178 1617 tener
1205 1573 1320 1629 est,
1356 1578 1421 1616 ac
1467 1563 1641 1617 instar
1684 1564 1863 1619 mollis
1899 1579 2066 1626 certe.

2307 1609 2313 1631 ,
2355 1570 2448 1624 καὶ
2478 1570 2554 1632 ὡς
2594 1569 2763 1639 κηρὸν
2789 1567 3031 1622 εύεικτον
3050 1609 3063 1630 ,
3095 1571 3211 1631 ταῖς
3238 1568 3347 1620 τῶν
3386 1566 3689 1635 ἐπιϐαλλομέ-
3864 1564 3865 1567 ’

507 1668 688 1707 rerum
737 1654 1041 1708 oblatarum
1086 1653 1289 1709 formas
1330 1655 1484 1709 nullo
1524 1656 1741 1723 negotio
1783 1655 1980 1717 induit,
2007 1655 2066 1708 ad

2174 1681 2278 1714 νων
2340 1664 2577 1733 μορφαῖς
2635 1662 2831 1732 ῥᾳδίως
2879 1660 3287 1730 ὲκτυπουμένην
3313 1699 3328 1723 ,
3389 1659 3513 1729 πρὸς
3549 1660 3690 1710 πᾶσαν

506 1745 687 1797 omnia
710 1746 850 1798 bona
878 1746 1063 1799 statim
1100 1746 1168 1800 ab
1207 1746 1361 1799 initio
1393 1746 1733 1799 exercendus
1755 1754 1865 1800 est:
1893 1755 1951 1798 ut
1986 1745 2065 1800 ubi

2130 1750 2399 1839 3&7a0d’w
2440 1752 2669 1821 ἄσκησιν
2709 1750 2870 1812 εὐθὺς
2913 1749 3007 1802 καὶ
3040 1749 3097 1814 ἐξ
3144 1750 3317 1819 ἀρχῆς
3348 1745 3689 1839 ἐνάγεσθσι-(εί)

507 1835 743 1890 adfuerit
770 1836 931 1900 ratio,
962 1837 1289 1906 habitusque
1312 1837 1658 1893 discernendi
1689 1839 2013 1901 accesserit,
2043 1852 2066 1890 a

2134 1835 2146 1839 ν
2180 1845 2319 1915 χρή·
2353 1843 2493 1896 ὥστε
2529 1842 2623 1896 τοῦ
2653 1842 2808 1910 λόγου
2854 1840 3285 1912 προσγενομένου
3312 1882 3327 1903 ,
3381 1839 3469 1891 καὶ
3497 1837 3583 1906 τῆς
3609 1836 3693 1888 δια-

503 1926 667 1996 jactis
699 1928 854 1981 initio
882 1929 1185 1991 elementis,
1217 1936 1273 1982 et
1300 1944 1330 1981 a
1375 1929 1593 1983 traditis
1622 1928 1841 1998 pietatis
1886 1928 2062 1983 formis

2179 1933 2434 2003 κριτικῆς
2463 1932 2628 1999 ἐξεως
2661 1932 3062 2004 προσελθούσης
3081 1972 3095 1994 ,
3145 1932 3345 2002 δρόμον
3389 1929 3619 1998 ὑπάρχειν
3645 1927 3691 1977 ἐκ

508 2034 706 2073 cursus
738 2019 1080 2082 instituatur,
1112 2018 1326 2073 ratione
1354 2019 1406 2072 id
1434 2018 1578 2089 quod
1612 2020 1742 2072 utile
1774 2026 1860 2073 est
1884 2034 2067 2089 sugge-

2177 2024 2285 2076 τῶν
2308 2024 2367 2087 ἐξ
2394 2024 2567 2093 ἀρχῆς
2603 2024 2878 2093 στοιχείων
2897 2062 2911 2085 ,
2947 2022 3042 2075 καὶ
3068 2021 3176 2073 τῶν
3201 2019 3592 2092 παραδοθέντων
3620 2016 3694 2084 τῆς

508 2120 658 2166 rente
680 2151 701 2176 ,
725 2111 1121 2166 consuetudine
1146 2128 1274 2166 vero
1301 2111 1617 2166 facilitatem
1645 2113 1712 2166 ad
1744 2121 1889 2167 recte
1915 2128 2067 2182 agen-

2178 2112 2459 2176 εὐσεϐείας
2489 2111 2553 2164 τύ
2565 2128 2696 2176 πων,
2724 2111 2817 2165 τοῦ
2848 2112 2944 2181 μὲν
2972 2111 3130 2179 λόγου
3154 2111 3216 2163 τὸ
3236 2112 3496 2181 χρήσιμον
3514 2106 3696 2160 ύποῦάλ·

506 2201 637 2257 dum
665 2203 956 2272 praebente.
1005 2203 1159 2257 Tunc
1201 2212 1380 2258 autem
1426 2204 1766 2259 admittenda
1797 2214 1881 2259 est
1908 2205 2065 2275 virgi-

2178 2203 2360 2267 λοντος
2387 2244 2401 2266 ,
2433 2202 2525 2255 τοῦ
2560 2202 2616 2255 δὲ
2658 2201 2811 2265 ἔθους
2852 2203 3150 2273 εὐμάρειαν
3195 2201 3334 2273 πρὸς
3362 2201 3422 2253 τὸ
3451 2198 3696 2270 κατορθοῦν

509 2294 699 2349 uitatis
746 2293 1016 2364 professio
1037 2333 1053 2357 ,
1088 2304 1345 2364 tanquam
1376 2310 1499 2364 qua;
1525 2295 1638 2364 jam
1670 2295 1823 2349 firma
1869 2297 1976 2360 sit,
2024 2303 2068 2351 et

2178 2294 2554 2366 ἐμποιοῦντος.
2595 2294 2728 2354 Τότε
2763 2295 2854 2346 καὶ
2886 2295 2986 2364 τὴν
3016 2292 3306 2363 ὁμολογίαν
3335 2293 3429 2361 τῆς
3454 2288 3697 2361 παρθενίας

507 2401 629 2454 qua:
656 2386 725 2439 ab
753 2386 991 2454 ipsorum
1023 2387 1293 2441 sententia
1324 2403 1388 2442 ac
1440 2388 1650 2458 judicio
1679 2388 2066 2459 proficiscatur,

2161 2382 2498 2458 ’προσίεσθαι
2544 2386 2652 2450 δεῖ,
2696 2386 2773 2449 ὡς
2815 2386 2914 2456 ἤδη
2953 2385 3210 2455 βεϐαίαν,
3252 2385 3347 2437 καὶ
3390 2382 3491 2437 ἀπὸ
3521 2379 3698 2449 γνώμης

505 2479 615 2548 jam
661 2478 899 2547 perfecta
942 2486 995 2533 et
1040 2479 1286 2533 absoluta
1331 2481 1584 2535 ratione:
1616 2491 1738 2550 post
1764 2481 1910 2550 quod
1941 2489 2064 2536 tem-

2178 2478 2386 2541 οἰκείας
2438 2478 2532 2530 καὶ
2579 2476 2812 2547 κρίσεως
2854 2477 3145 2546 γινομένην
3195 2475 3336 2547 μετὰ
3382 2473 3474 2543 τὴν
3515 2471 3593 2525 τοῦ
3632 2470 3690 2521 16-

505 2583 610 2639 pus
650 2577 704 2622 et
744 2569 964 2637 prmmia
1006 2578 1060 2623 et
1090 2583 1263 2637 preme
1295 2569 1651 2637 peccantibus
1681 2577 1775 2623 aut
1806 2578 1951 2624 recte
1994 2570 2064 2623 fa-

2178 2586 2276 2639 γου
2312 2569 2389 2639 (5)
2437 2567 2827 2639 συμπλήρωσιν
2856 2582 2870 2595 ο
2923 2566 3039 2637 μεθ’
3086 2566 3143 2618 ὃν
3171 2567 3265 2620 καὶ
3305 2565 3496 2635 τιμαὶ,
3526 2562 3605 2615 καὶ
3645 2577 3701 2610 τι·

505 2661 781 2715 cientibus
830 2661 898 2714 ab
938 2676 1094 2729 aequo
1134 2661 1319 2729 judice
1363 2676 1462 2730 pro
1500 2676 1724 2729 operum
1767 2665 1958 2717 merito
1985 2663 2064 2717 de

2184 2660 2385 2732 μωρίαι
2417 2662 2527 2722 τοῖς
2555 2660 2956 2729 ἁμαρτάνουσιν
2975 2697 2990 2722 ,
3027 2658 3059 2728 ἢ
3100 2660 3212 2719 τοῖς
3250 2655 3561 2727 κατορθοῦσι
3586 2651 3701 2721 παρά

505 2764 824 2812 cernuntur.
869 2754 1061 2811 Testes
1103 2767 1283 2811 autem
1336 2758 1563 2825 hujusce
1614 2758 1881 2827 propositi
1926 2757 2064 2811 adhi-

2178 2750 2273 2803 τοῦ
2305 2750 2513 2803 δικαίου
2565 2748 2752 2820 κριτοῦ
2798 2749 2937 2802 κατά
2988 2750 3086 2819 τὴν
3135 2748 3244 2802 τῶν
3277 2748 3455 2820 ἔργων
3485 2745 3619 2809 ἀξίαν
3641 2741 3700 2794 δί-

505 2848 668 2903 bendi
701 2857 828 2902 sunt
855 2848 1210 2901 ecclesiarum
1244 2847 1483 2918 prazfecti
1505 2888 1520 2912 ,
1553 2856 1610 2901 ut
1640 2849 1881 2915 ipsorum
1914 2865 2064 2916 opera

2178 2848 2359 2900 δονται
2387 2845 2483 2915 (6).
2518 2843 2818 2914 Μάρτυρας
2848 2842 2905 2895 δὲ
2934 2842 3032 2911 τῆς
3059 2840 3285 2911 γνώμης
3321 2841 3443 2902 τοὺς

505 2940 820 3009 etcorporis
842 2940 1200 2994 sanctimonia
1224 2940 1385 2994 veluti
1406 2956 1493 2995 res
1514 2940 1758 3010 quaedam
1784 2957 1939 2996 sacra
1969 2941 2064 2997 Dec

2179 2955 2278 3000 τας
2307 2937 2414 2989 τῶν
2442 2934 2749 3005 ἐκκλησιῶν
2793 2932 3240 3004 παραλαμϐάνειν
3258 2973 3274 2995 ,
3305 2931 3442 2983 ὥστε
3469 2929 3531 2981 δι’
3563 2926 3706 2979 αὐτῶν

506 3034 809 3095 dedicatur,
852 3040 907 3085 et
950 3033 1103 3084 firma
1138 3033 1208 3086 sit
1239 3033 1354 3086 haec
1379 3033 1519 3087 actio
1543 3049 1639 3103 per
1681 3034 2065 3089 testimonium.

2183 3030 2277 3083 xui.
2299 3029 2392 3081 τὸν
2426 3028 2694 3097 ἁγιασμὺν
2717 3025 2810 3079 τοῦ
2837 3025 3085 3095 σώματος
3108 3022 3299 3094 ὥσπερ
3326 3040 3379 3075 τι
3402 3019 3627 3087 ἀνάθημα
3646 3019 3712 3084 τῷ

509 3122 682 3185 Nam,
715 3122 926 3191 inquit,
957 3122 1009 3174 in
1043 3137 1130 3174 ore
1161 3121 1385 3175 duorum
1414 3131 1506 3175 aut
1540 3123 1699 3175 trium
1733 3125 1940 3176 testium
1970 3134 2068 3178 sta-

2143 3120 2149 3176 ί
2180 3124 2297 3194 Θεῷ
2336 3106 2719 3194 καθιεροῦσθαι
2751 3120 2827 3191 (7)
2854 3159 2867 3182 ,
2916 3121 3011 3173 καὶ
3042 3117 3334 3189 βεϐαίωσιν
3370 3112 3503 3168 εἶναι
3524 3111 3605 3165 τοῦ
3636 3125 3702 3177 γι-

508 3214 583 3266 bit
611 3229 759 3266 omne
788 3214 995 3266 verbum
1025 3213 1090 3264 ³⁸.
1137 3211 1228 3265 Sic
1257 3213 1401 3267 enim
1431 3222 1483 3267 et
1511 3213 1740 3268 fratrum
1770 3215 1961 3285 agendi
1991 3232 2067 3269 ra-

2178 3217 2405 3287 νομένου
2462 3215 2553 3268 διὰ
2601 3215 2699 3284 τῆς
2753 3212 3075 3283 μαρτυρίας.
3118 3211 3251 3263 Ἐπὶ
3282 3212 3565 3299 στόματος
3604 3202 3704 3299 γὰρ.

509 3306 587 3360 ῑίο
613 3320 714 3360 nec
742 3306 879 3359 male
908 3306 1090 3359 audiet
1113 3346 1125 3366 ,
1145 3316 1197 3361 et
1222 3306 1302 3360 eis
1329 3308 1421 3375 qui
1450 3321 1509 3362 se
1538 3308 1686 3376 ipsos
1712 3307 1821 3363 Deo
1843 3309 2068 3377 despon-

2179 3313 2351 3378 φησὶ,
2400 3307 2511 3360 δύο
2559 3308 2597 3374 ἢ
2648 3304 2825 3372 τριῶν
2862 3305 3177 3372 μαρτύρων
3227 3298 3580 3364 σταθήσεται
3611 3298 3706 3346 παν

508 3396 709 3454 derunt
738 3436 752 3460 ,
810 3411 875 3450 ac
926 3397 1122 3452 deinde
1176 3396 1574 3467 professionem
1632 3400 1845 3453 irritam
1901 3399 2067 3455 facere

2170 3395 2355 3464 ῥῆμα.
2409 3393 2564 3449 Οὕτω
2607 3395 2715 3464 γὰρ
2762 3393 2855 3445 καὶ
2906 3396 2938 3462 ἡ
2990 3389 3189 3460 σπουδὴ
3238 3388 3351 3442 τῶν
3404 3384 3621 3453 ἀδελφῶν
3661 3380 3709 3432 τὺ

511 3496 801 3554 conantur,
851 3490 1001 3543 nulla
1051 3490 1401 3559 impudentiae
1449 3491 1666 3547 occasio
1715 3493 2070 3562 relinquetur.

2178 3486 2605 3557 ἀϐλασφήμητον
2630 3484 2773 3550 ἕξει,
2824 3484 2918 3537 καὶ
2956 3486 3070 3546 τοῖς
3120 3483 3353 3543 ἑαυτοὺς
3389 3476 3709 3548 καθομολογη·

512 3580 622 3636 Sed
664 3582 757 3651 qui
801 3581 857 3635 in
898 3581 1209 3651 virginitate
1253 3582 1421 3637 vitam
1466 3597 1626 3653 agere
1662 3600 1772 3639 non
1808 3586 1954 3650 vult,
1993 3585 2071 3650 is,

2181 3577 2435 3645 σαμένοις
2489 3575 2641 3645 Θεῷ,
2690 3571 2807 3627 εἶτα
2841 3574 3055 3627 ἀθετεῖν
3093 3571 3497 3644 ἐπιχειροῦσιν.
3529 3563 3708 3635 ἀφορμὴ

512 3684 769 3744 tanquam
801 3675 891 3744 qui
923 3690 1012 3730 res
1042 3674 1258 3729 Domini
1287 3691 1483 3732 curare
1515 3692 1623 3730 non
1653 3678 1863 3741 valeat,
1895 3692 2071 3732 coram

2181 3668 2313 3738 πρὸς
2360 3668 2739 3736 ἀναισχυντιαν
2783 3667 2882 3736 οὐχ
2926 3664 3408 3735 ύπολειιρθήσεται.
3459 3662 3513 3714 Ὁ
3560 3659 3609 3711 δὲ

512 3765 704 3820 iisdem
742 3764 978 3819 testibus
1005 3763 1328 3819 dimittatur.
1358 3763 1623 3819 Caeterum
1661 3764 1754 3832 qui
1801 3763 2071 3831 professus

2180 3758 2611 3830 καταδεχόμενος
2640 3759 2732 3811 τὸν
2780 3760 2839 3811 ἐν
2869 3757 3138 3829 παρθενίᾳ
3184 3755 3299 3826 βίον
3321 3798 3336 3821 ,
3389 3755 3463 3818 ὡς
3492 3751 3549 3805 ού
3584 3750 3710 3847 δυνά-

511 3855 677 3911 fuerit
720 3861 844 3924 post
893 3856 1122 3908 multam
1173 3854 1574 3923 indagationem
1620 3869 1683 3908 ac
1730 3854 2070 3909 deliberatio-

2184 3867 2342 3919 μενος
2390 3851 2656 3921 μεριμνᾷν
2698 3848 2767 3902 τὰ
2819 3848 2914 3901 τοῦ
2964 3847 3170 3919 Κυρίου
3202 3888 3218 3912 ,
3277 3849 3373 3902 ἐπὶ
3419 3844 3522 3898 τῶν
3567 3841 3710 3894 αὐτῶν

511 3962 635 4001 nem
654 3988 668 4011 ,
697 3961 860 4016 quam
890 3945 940 3999 ei
969 3945 1135 3999 licere
1163 3945 1324 3999 debet
1353 3944 1603 4014 privatim
1649 3943 1828 3999 facere
1868 3945 2070 3999 dierum

2183 3940 2477 4012 μαρτύρων
2508 3939 2845 3995 ἀπολυέσθω.
2902 3941 3006 3993 Τόν
3051 3957 3116 4008 γε
3161 3940 3272 4011 μὴν
3321 3929 3714 4008 καθομολογησά·

514 4039 749 4107 plurium
793 4038 995 4106 spatio,
1039 4053 1106 4092 ne
1147 4036 1277 4105 quid
1320 4050 1419 4104 per
1456 4043 1669 4104 raptum
1695 4050 1741 4088 a-
1766 4035 1924 4091 nobis
1965 4035 2073 4092 fieri

2185 4051 2344 4103 μενον
2366 4033 2444 4103 (8)
2481 4032 2616 4103 μετὰ
2657 4030 2855 4103 πολλὴν
2891 4031 3176 4103 ἀνάκρισιν
3214 4032 3313 4084 καὶ
3345 4026 3635 4096 ἐπίσκεψιν,
3663 4021 3713 4087 ἢν

514 4127 785 4194 videatur,
814 4129 889 4181 ita
920 4128 1140 4183 demum
1170 4126 1556 4195 suscipiendus
1581 4134 1666 4180 est
1687 4166 1701 4190 ,
1732 4133 1786 4181 et
1808 4127 1954 4182 inter
1978 4126 2073 4182 fra-

2182 4125 2510 4178 ἐνμπλείοσιν
2538 4124 2770 4195 ἡμέραις
2796 4122 3112 4194 ἐπιτρέπειν
3151 4122 3306 4193 αύτῷ
3336 4117 3592 4175 ποιεῖσθαι
3616 4109 3735 4167 καθ“”

516 4230 625 4274 tres
665 4219 1151 4282 annumerandus,
1182 4218 1430 4273 eamdem
1462 4217 1721 4289 deinceps
1765 4226 1820 4273 et
1859 4220 2075 4274 domum

2182 4215 2372 4268 ἐαυτὸν
2412 4216 2715 4286 προσήκει,
2765 4214 2840 4278 ὼς
2872 4214 2946 4285 μὴ
2979 4212 3128 4278 δόξαι
3158 4230 3210 4266 τι
3259 4212 3385 4267 καθ’
3428 4203 3726 4278 ὑπαρπαΐην

513 4316 569 4364 et
596 4310 809 4364 diaetam
844 4310 1129 4363 habiturus
1160 4324 1284 4363 cum
1328 4309 1647 4378 majoribus.
1683 4306 1787 4363 Sed
1820 4311 1964 4379 quod
1995 4311 2072 4364 di-

2184 4308 2315 4379 παρ*
2364 4306 2520 4378 ἡμῶν
2552 4307 2828 4375 γίνεσθαι,
2862 4306 3033 4370 οὕτως
3080 4306 3179 4377 ήδη
3216 4300 3606 4376 παραδέχεσθαι
3635 4293 3714 4349 δεῖ.

516 4414 642 4455 cere
668 4414 770 4454 nos
804 4398 939 4469 fugit
960 4441 975 4459 ,
1005 4408 1058 4454 et
1088 4414 1236 4453 nunc
1265 4397 1465 4452 addere
1496 4412 1605 4451 non
1646 4398 1744 4453 abs
1787 4415 1846 4454 re
1890 4399 2075 4464 fuerit,

2184 4401 2279 4452 καὶ
2332 4398 2644 4470 ἐναρίθμιον
2698 4399 2966 4454 ποιεῖσθαι
3019 4401 3086 4469 τῇ
3142 4396 3467 4466 ἀδελφότητι
3499 4390 3605 4461 (9),
3644 4383 3716 4436 κειὶ

516 4506 619 4546 nos
638 4530 653 4553 ,
681 4490 825 4560 quod
855 4454 1179 4560 quibusdam
1208 4490 1417 4545 artibus
1439 4490 1621 4544 statim
1650 4505 1678 4543 a
1710 4505 1878 4560 puero
1903 4454 2075 4546 danda

2184 4492 2334 4545 οἴκου
2371 4454 2464 4544 καὶ
2492 4454 2700 4561 δίαίτης
2742 4492 2845 4560 τῆς
2885 4454 3205 4559 αὑτῆςητοῖς
3237 4454 3583 4556 τελειοτέροις
3613 4474 3715 4550 μεθ’

516 4596 681 4651 opera
725 4581 830 4644 sit,
878 4582 968 4636 ubi
1010 4582 1124 4651 jam
1167 4583 1320 4651 pueri
1363 4581 1531 4651 aliqui
1570 4581 1639 4635 ad
1670 4597 1764 4637 eas
1792 4583 2075 4640 discendas

2179 4581 2386 4647 έξοντα.
2424 4582 2487 4633 ’0
2514 4580 2571 4633 δέ
2598 4581 2900 4652 παρέλαθεν
2925 4582 3072 4650 ἡμᾶς
3101 4580 3299 4642 εἰπεῖν,
3328 4577 3449 4631 ούδέ
3475 4573 3564 4628 νῦν
3587 4581 3720 4637 προσι

516 4670 623 4725 visi
672 4670 877 4726 fuerint
927 4686 1051 4725 esse
1097 4669 1313 4734 idonei,
1368 4683 1712 4738 nequaquam
1759 4669 2075 4739 prohibere,

2182 4671 2355 4725 θεῖναι
2393 4672 2651 4743 ἄκαιρον,
2681 4673 2883 4727 ὅτι-διά
2920 4675 2982 4726 τό
3024 4689 3174 4735 τινας
3212 4670 3327 4725 τῶν
3363 4664 3562 4739 τεχνῶν
3588 4656 3734 4717 εὐθὺς

516 4764 811 4833 quominus
852 4778 977 4817 cum
1017 4763 1154 4817 artis
1200 4762 1482 4832 magistris
1520 4759 1757 4815 interdiu
1806 4768 2075 4817 maneant.

2180 4765 2245 4817 ἐκ
2289 4764 2487 4836 νηπίου
2541 4764 2950 4836 ἐπιτηδεύεσθαι
2996 4764 3106 4817 δεῖν
3132 4803 3146 4826 ,
3199 4762 3425 4816 ἐπειδὰν
3471 4758 3565 4828 ήδη
3606 4748 3719 4808 τινὲς

518 4855 626 4911 Sed
659 4863 825 4912 noctu
856 4870 953 4911 eos
995 4854 1308 4910 necessario
1351 4854 1420 4909 ad
1465 4853 1705 4924 :equales
1743 4867 1873 4907 suos
1903 4860 2077 4908 trans-

2182 4854 2292 4908 τῶν
2344 4855 2546 4910 παίδων
2598 4856 2913 4927 ἐπιτηδείως
2962 4856 3173 4928 ἔχοντες
3220 4855 3435 4924 φανῶσι
3484 4849 3605 4922 πρὸς
3641 4842 3716 4910 τὴν

607 5017 655 5049 ⁸⁸
695 5013 885 5070 Matth.
920 5028 1085 5079 xvm,
1124 5011 1213 5069 16.

586 5170 663 5243 (4)
694 5171 878 5250 codex
909 5170 1064 5227 Colb.
1094 5160 1483 5242 ἀναγαγέσθαι.
1528 5171 1648 5229 Mox
1686 5172 1827 5228 idem
1862 5189 1966 5229 ms.
1993 5170 2085 5225 εὓ-

2196 5178 2510 5250 μενονζιλιιὶλ
2530 5176 3012 5250 ρν-οίεδεὶοηεηι-εει
3029 5174 3305 5250 [σείειν-εει,
3347 5171 3738 5250 οιίίρᾳιιηξξς

512 5233 1046 5314 δρόιὲονᾶπάρχεινε
1212 5233 1298 5242 ”
1381 5311 1410 5314 _
1712 5311 1719 5314 _
1802 5312 1809 5314 λ
2192 5233 2553 5301 ἱροιίε.Ἐὲιίιίὸ
2584 5233 2719 5302 v'en.
2751 5246 2995 5301 etcodex
3020 5233 3423 5299 Comber.'cum
3445 5233 3721 5314 aliistribus

587 5258 609 5296 ο
655 5258 711 5295 ον
742 5258 888 5313 υπαρ
927 5258 1025 5295 ειν.

587 5258 1255 5396 (ἕζΕ-ᾳίιὶοέἆιιεὶιηαηυο
1281 5327 1344 5367 ac
1380 5311 1568 5396 Paris:
1596 5311 1736 5396 κατὰ
1761 5312 1865 5396 τὴν
1886 5312 2088 5396 101336-

2192 5258 2346 5301 vom.
2376 5258 2553 5301 Editio
2591 5258 2719 5302 ven.
2751 5258 2807 5301 et
2825 5258 2995 5299 coaex
3020 5258 3268 5299 uomoel.
3297 5258 3423 5297 cum
3445 5258 3560 5293 ams
3577 5258 3721 5289 ιτιυω

2192 5316 2789 5396 καθομολογῃσόιμενογ.
2818 5315 2938 5369 Mox
2971 5314 3102 5396 Reg.
3129 5314 3356 5394 .prinlus
3385 5301 3722 5396 et‘Yoss.

587 5330 667 5382 to;
699 5330 879 5366 nolito
911 5330 1074 5367 uasti.
1101 5330 1255 5383 aeque
1281 5330 1344 5367 ac
1383 5330 1558 5368 raris.
1596 5330 1736 5367 κατα
1761 5330 1861 5383 την
1886 5330 1977 5366 του
2002 5330 2074 5367 AO-

515 5397 635 5449 γου.
672 5380 851 5436 Editio
883 5380 1015 5436 Ven.
1051 5391 1105 5439 et
1134 5394 1246 5438 tres
1271 5399 1403 5437 mss.
1443 5383 1582 5453 μετὰ
1608 5384 1731 5456 τήν,
1755 5393 1922 5439 recte.
1964 5383 2074 5437 Sta-

517 5452 617 5506 tim
647 5450 801 5507 Colb.
835 5451 951 5509 μεθ’
1000 5445 1076 5505 ὧν
1113 5452 1228 5507 καί.
1264 5452 1370 5506 Alii
1397 5453 1506 5507 duo
1545 5469 1677 5509 mss.
1724 5461 1779 5509 et
1806 5453 1936 5509 editi
1968 5452 2074 5509 μεθ’

2192 5330 2789 5387 καθομολογησαμενον.
2818 5330 2938 5369 mox
2971 5330 3102 5441 Meg;
3141 5330 3356 5394 prinlus
3385 5330 3441 5366 et
3485 5330 3620 5361 voss.
3649 5330 3719 5355 w

2191 5386 2722 5509 τῶζεέοσιιέἱεξὲιθιὲἔιᾱο
2745 5385 2998 5456 impressi
3020 5385 3058 5439 li
3098 5383 3145 5438 ri
3165 5398 3417 5452 ποιησαι.
3437 5378 3507 5433 At
3524 5382 3719 5447 quatuor

544 5466 617 5506 im
647 5466 801 5507 uom.
834 5466 950 5521 μεθ’
1000 5466 1076 5505 ων
1113 5466 1228 5507 και.
1264 5466 1370 5506 Λιιι
1397 5466 1506 5507 auo
1545 5469 1677 5510 mss.
1724 5466 1779 5509 et
1806 5466 1936 5509 eam
1968 5466 2085 5521 μεθ’

1113 5466 1228 5507 και.
1264 5466 1370 5506 Λιιι
1397 5466 1506 5507 auo
1545 5469 1677 5510 mss.
1724 5466 1779 5509 et
1806 5466 1936 5509 editi
1968 5466 2085 5521 μευ·
2192 5471 2327 5510 mss.
2362 5466 2650 5510 ποιεῖσθαι.

517 5512 900 5598 ὄνιροξξᾳιιᾰηι
928 5523 1537 5598 εφίεεαμρεξρτοίιεεξο.
1638 5593 1650 5598 _
1968 5512 1981 5521 ’

2237 5525 2335 5598 ,(9)
2375 5523 2599 5598 Yeteres
2641 5525 2750 5598 duo
2782 5524 2923 5598 tum
2986 5520 3509 5598 ﬁ;_d651c36‘rq10<-
3549 5512 3720 5598 [εἰςιν

613 5584 667 5666 ἕξ)
698 5584 1069 5666 Yeteres_d_uo
1104 5584 1405 5666 liburiicum
1434 5591 1596 5666 Yoss.
1627 5592 2085 5647 ἀνταποδίδονται.

2186 5584 2354 5651 editio
2388 5595 2556 5652 Basil.
2610 5592 2834 5666 perinde
2878 5602 2938 5649 ut
2985 5584 3158 5666 Paris.
3202 5584 3302 5645 καὶ
3354 5584 3520 5645 οἶνον.
3572 5584 3730 5640 Editio

589 5590 667 5725 $6)
698 5590 921 5648 Veteres
959 5593 1069 5647 duo
1113 5593 1237 5646 libri
1262 5590 1405 5647 cum
1434 5591 1596 5647 Voss.
1627 5592 2085 5647 ἀνταποδίδονται.

603 5659 670 5736 ,1)
698 5659 878 5736 9.0.de
910 5661 1045 5736 9°"?
1093 5662 1615 5736 Θεῷὰφιεροιῖσθον-
1731 5731 1746 5736 ,
1862 5732 1873 5736 _
2046 5732 2056 5736 _

1673 5592 2085 5647 νταποδίδονταιο
2186 5590 2354 5651 editio
2388 5595 2556 5652 Basil.
2610 5592 2834 5666 perinde
2878 5602 2938 5649 ut
2985 5590 3158 5649 Paris.
3202 5608 3232 5644 κ

1731 5731 1746 5736 _
1862 5732 1873 5736 _
2046 5732 2056 5736 _
2189 5665 2323 5722 Ven.
2363 5674 2415 5722 et
2446 5682 2580 5723 mss.
2615 5681 2723 5722 non
2754 5666 2910 5736 pauci
2944 5665 3038 5719 καὶ
3065 5665 3232 5718 οῐκου.

594 5729 672 5799 (8)
707 5728 884 5785 Editio
922 5730 1097 5788 Paris.
1126 5728 1333 5803 pariter
1355 5728 1419 5787 ac
1450 5732 1612 5789 Basil.
1651 5731 2089 5805 καθομολογησὸ-
