  <div class='ocr_page' id='page_1' title='image "/cluster/home/n/w/nwhite01/storage/ocr_20150623/31/mdp.39015012934363/490.png"; bbox 0 0 3948 6240; ppageno 0'>
   <div class='ocr_carea' id='block_1_1' title="bbox 258 367 358 422">
    <p class='ocr_par' dir='ltr' id='par_1_1' title="bbox 258 367 358 422">
     <span class='ocr_line' id='line_1_1' title="bbox 258 367 358 422; baseline 0 0"><span class='ocrx_word' id='word_1_1' title='bbox 258 367 358 422; x_wconf 69' lang='lat'><strong>957</strong></span> 
     </span>
    </p>
   </div>
   <div class='ocr_carea' id='block_1_2' title="bbox 1371 376 2413 440">
    <p class='ocr_par' dir='ltr' id='par_1_2' title="bbox 1371 376 2413 440">
     <span class='ocr_line' id='line_1_2' title="bbox 1371 376 2413 440; baseline 0.01 -10"><span class='ocrx_word' id='word_1_2' title='bbox 1371 376 1507 432; x_wconf 79' lang='lat' dir='ltr'><strong>REG</strong></span> <span class='ocrx_word' id='word_1_3' title='bbox 1517 376 1675 434; x_wconf 66' lang='grc' dir='ltr'><strong>ι]ιῶ</strong></span> <span class='ocrx_word' id='word_1_4' title='bbox 1716 378 1965 436; x_wconf 78' lang='lat' dir='ltr'><strong>FUSlUS</strong></span> <span class='ocrx_word' id='word_1_5' title='bbox 2004 381 2413 440; x_wconf 63' lang='lat' dir='ltr'><strong>TRACTATJE.</strong></span> 
     </span>
    </p>
   </div>
   <div class='ocr_carea' id='block_1_3' title="bbox 3402 379 3509 437">
    <p class='ocr_par' dir='ltr' id='par_1_3' title="bbox 3402 379 3509 437">
     <span class='ocr_line' id='line_1_3' title="bbox 3402 379 3509 437; baseline 0.009 -2"><span class='ocrx_word' id='word_1_6' title='bbox 3402 379 3509 437; x_wconf 77' lang='lat'><strong>953</strong></span> 
     </span>
    </p>
   </div>
   <div class='ocr_carea' id='block_1_4' title="bbox 262 492 1846 578">
    <p class='ocr_par' dir='ltr' id='par_1_4' title="bbox 262 492 1843 570">
     <span class='ocr_line' id='line_1_4' title="bbox 262 492 1843 570; baseline 0.007 -26"><span class='ocrx_word' id='word_1_7' title='bbox 262 492 499 563; x_wconf 72' lang='grc' dir='ltr'>μάθησιν</span> <span class='ocrx_word' id='word_1_8' title='bbox 523 534 541 556; x_wconf 90' lang='grc'>,</span> <span class='ocrx_word' id='word_1_9' title='bbox 592 493 652 546; x_wconf 77' lang='grc' dir='ltr'><strong>τὸ</strong></span> <span class='ocrx_word' id='word_1_10' title='bbox 700 507 799 563; x_wconf 79' lang='grc' dir='ltr'><strong>μεν</strong></span> <span class='ocrx_word' id='word_1_11' title='bbox 847 496 1302 570; x_wconf 75' lang='grc' dir='ltr'>συνδιημερεύειν</span> <span class='ocrx_word' id='word_1_12' title='bbox 1329 498 1525 564; x_wconf 79' lang='grc' dir='ltr'>αὐτοὺς</span> <span class='ocrx_word' id='word_1_13' title='bbox 1556 504 1670 564; x_wconf 80' lang='grc' dir='ltr'>τοῖς</span> <span class='ocrx_word' id='word_1_14' title='bbox 1701 501 1843 555; x_wconf 87' lang='grc' dir='ltr'>διδα-</span> 
     </span>
    </p>
   </div>
   <div class='ocr_carea' id='block_1_5' title="bbox 1958 492 3504 578">
    <p class='ocr_par' dir='ltr' id='par_1_5' title="bbox 1958 504 3504 578">
     <span class='ocr_line' id='line_1_5' title="bbox 1958 504 3504 578; baseline -0.001 -21"><span class='ocrx_word' id='word_1_15' title='bbox 1958 505 2251 571; x_wconf 86' lang='lat' dir='ltr'><strong>niltimus,</strong></span> <span class='ocrx_word' id='word_1_16' title='bbox 2305 507 2636 578; x_wconf 83' lang='lat' dir='ltr'><strong>quibuscum</strong></span> <span class='ocrx_word' id='word_1_17' title='bbox 2687 504 2868 562; x_wconf 76' lang='lat' dir='ltr'><strong>cibum</strong></span> <span class='ocrx_word' id='word_1_18' title='bbox 2922 506 3085 561; x_wconf 87' lang='lat' dir='ltr'><strong>etiam</strong></span> <span class='ocrx_word' id='word_1_19' title='bbox 3139 505 3358 576; x_wconf 92' lang='lat' dir='ltr'><strong>capiant</strong></span> <span class='ocrx_word' id='word_1_20' title='bbox 3408 521 3504 558; x_wconf 82' lang='lat' dir='ltr'><strong>ne-</strong></span> 
     </span>
    </p>
   </div>
   <div class='ocr_carea' id='block_1_6' title="bbox 262 585 2221 664">
    <p class='ocr_par' dir='ltr' id='par_1_6' title="bbox 262 585 2221 664">
     <span class='ocr_line' id='line_1_6' title="bbox 262 585 2221 664; baseline 0.008 -28"><span class='ocrx_word' id='word_1_21' title='bbox 262 585 478 649; x_wconf 84' lang='grc' dir='ltr'>σκάλοις</span> <span class='ocrx_word' id='word_1_22' title='bbox 522 586 625 657; x_wconf 79' lang='grc' dir='ltr'>τῆς</span> <span class='ocrx_word' id='word_1_23' title='bbox 658 586 854 659; x_wconf 84' lang='grc' dir='ltr'>τέχνης</span> <span class='ocrx_word' id='word_1_24' title='bbox 895 591 995 642; x_wconf 86' lang='grc' dir='ltr'>οὐκ</span> <span class='ocrx_word' id='word_1_25' title='bbox 1033 590 1483 663; x_wconf 86' lang='grc' dir='ltr'>ἀπαγορεύομεν·</span> <span class='ocrx_word' id='word_1_26' title='bbox 1535 593 1750 664; x_wconf 80' lang='grc' dir='ltr'><strong>νύκτωρ</strong></span> <span class='ocrx_word' id='word_1_27' title='bbox 1775 594 1832 646; x_wconf 77' lang='grc' dir='ltr'>δὲ</span> <span class='ocrx_word' id='word_1_28' title='bbox 1896 634 1903 639; x_wconf 77' lang='grc'>.</span> <span class='ocrx_word' id='word_1_29' title='bbox 1937 612 2092 652; x_wconf 84' lang='lat' dir='ltr'><strong>cesse</strong></span> <span class='ocrx_word' id='word_1_30' title='bbox 2118 606 2221 653; x_wconf 86' lang='lat' dir='ltr'><strong>est.</strong></span> 
     </span>
    </p>
   </div>
   <div class='ocr_carea' id='block_1_7' title="bbox 260 677 3508 760">
    <p class='ocr_par' dir='ltr' id='par_1_7' title="bbox 260 677 3508 760">
     <span class='ocr_line' id='line_1_7' title="bbox 260 677 3508 760; baseline 0.003 -30"><span class='ocrx_word' id='word_1_31' title='bbox 260 677 571 745; x_wconf 68' lang='grc' dir='ltr'><strong>ἀναγκαίαις</strong></span> <span class='ocrx_word' id='word_1_32' title='bbox 638 678 775 748; x_wconf 81' lang='grc' dir='ltr'>πρὸς</span> <span class='ocrx_word' id='word_1_33' title='bbox 842 681 967 743; x_wconf 84' lang='grc' dir='ltr'>τοὺς</span> <span class='ocrx_word' id='word_1_34' title='bbox 1018 680 1291 752; x_wconf 78' lang='grc' dir='ltr'><strong>ὁμήλικας</strong></span> <span class='ocrx_word' id='word_1_35' title='bbox 1354 681 1695 754; x_wconf 82' lang='grc' dir='ltr'>μεθιστῶμεν</span> <span class='ocrx_word' id='word_1_36' title='bbox 1721 724 1735 747; x_wconf 96' lang='grc'>,</span> <span class='ocrx_word' id='word_1_37' title='bbox 1789 685 1907 756; x_wconf 83' lang='grc' dir='ltr'>μεθ’</span> <span class='ocrx_word' id='word_1_38' title='bbox 1961 680 2038 741; x_wconf 82' lang='grc' dir='ltr'>ὧν</span> <span class='ocrx_word' id='word_1_39' title='bbox 2096 690 2189 742; x_wconf 83' lang='grc' dir='ltr'><strong>καὶ</strong></span> <span class='ocrx_word' id='word_1_40' title='bbox 2250 689 2345 760; x_wconf 81' lang='grc' dir='ltr'>τῆς</span> <span class='ocrx_word' id='word_1_41' title='bbox 2402 688 2609 760; x_wconf 77' lang='grc' dir='ltr'>τροφῆς</span> <span class='ocrx_word' id='word_1_42' title='bbox 2655 689 2834 751; x_wconf 80' lang='grc' dir='ltr'>αὐτοῖς</span> <span class='ocrx_word' id='word_1_43' title='bbox 2887 689 3175 757; x_wconf 84' lang='grc' dir='ltr'>ἀναγκαιον</span> <span class='ocrx_word' id='word_1_44' title='bbox 3235 686 3508 759; x_wconf 84' lang='grc' dir='ltr'>μεταλαμ-</span> 
     </span>
    </p>
   </div>
   <div class='ocr_carea' id='block_1_8' title="bbox 260 768 463 821">
    <p class='ocr_par' dir='ltr' id='par_1_8' title="bbox 260 768 463 821">
     <span class='ocr_line' id='line_1_8' title="bbox 260 768 463 821; baseline 0.005 -1"><span class='ocrx_word' id='word_1_45' title='bbox 260 768 463 821; x_wconf 78' lang='grc' dir='ltr'>ϐάνειν.</span> 
     </span>
    </p>
   </div>
   <div class='ocr_carea' id='block_1_9' title="bbox 801 898 1292 967">
    <p class='ocr_par' dir='ltr' id='par_1_9' title="bbox 801 898 1292 967">
     <span class='ocr_line' id='line_1_9' title="bbox 801 898 1292 967; baseline 0.004 -14"><span class='ocrx_word' id='word_1_46' title='bbox 801 898 1139 953; x_wconf 73' lang='grc' dir='ltr'>ΕΡοτιιειΣ</span> <span class='ocrx_word' id='word_1_47' title='bbox 1177 901 1292 967; x_wconf 72' lang='grc' dir='ltr'><em>ισν.</em></span> 
     </span>
    </p>
   </div>
   <div class='ocr_carea' id='block_1_10' title="bbox 263 988 1837 1115">
    <p class='ocr_par' dir='ltr' id='par_1_10' title="bbox 263 988 1837 1115">
     <span class='ocr_line' id='line_1_10' title="bbox 263 988 1837 1115; baseline -0.002 -70"><span class='ocrx_word' id='word_1_48' title='bbox 263 994 334 1045; x_wconf 78' lang='grc' dir='ltr'><strong>ει</strong></span> <span class='ocrx_word' id='word_1_49' title='bbox 363 989 695 1060; x_wconf 76' lang='grc' dir='ltr'><em>ἀναγκαῖον</em></span> <span class='ocrx_word' id='word_1_50' title='bbox 714 988 792 1056; x_wconf 85' lang='grc' dir='ltr'><em>τῷ</em></span> <span class='ocrx_word' id='word_1_51' title='bbox 814 989 1390 1115; x_wconf 56' lang='grc' dir='ltr'><strong>μέλλοντὲεὺσεϐὧς</strong></span> <span class='ocrx_word' id='word_1_52' title='bbox 1408 990 1514 1060; x_wconf 71' lang='grc' dir='ltr'><strong>ζῇν</strong></span> <span class='ocrx_word' id='word_1_53' title='bbox 1534 991 1599 1044; x_wconf 85' lang='grc' dir='ltr'><em>τὸ</em></span> <span class='ocrx_word' id='word_1_54' title='bbox 1628 991 1837 1060; x_wconf 61' lang='grc' dir='ltr'>ἐγκρα-</span> 
     </span>
     <span class='ocr_line' id='line_1_11' title="bbox 899 1076 1196 1115; baseline 0 -2"><span class='ocrx_word' id='word_1_55' title='bbox 899 1076 1080 1115; x_wconf 83' lang='grc' dir='ltr'>τευεσ</span> <span class='ocrx_word' id='word_1_56' title='bbox 1117 1077 1196 1113; x_wconf 88' lang='grc' dir='ltr'><strong>αι.</strong></span> 
     </span>
    </p>
   </div>
   <div class='ocr_carea' id='block_1_11' title="bbox 899 1076 1196 1116">
    <p class='ocr_par' dir='ltr' id='par_1_11' title="bbox 899 1076 1196 1116">
     <span class='ocr_line' id='line_1_12' title="bbox 899 1076 1196 1116; baseline 0 -3"><span class='ocrx_word' id='word_1_57' title='bbox 899 1076 1174 1116; x_wconf 82' lang='grc' dir='ltr'>τευεσυαι</span> <span class='ocrx_word' id='word_1_58' title='bbox 1182 1101 1196 1113; x_wconf 90' lang='grc'><strong>.</strong></span> 
     </span>
    </p>
   </div>
   <div class='ocr_carea' id='block_1_12' title="bbox 856 1152 1241 1206">
    <p class='ocr_par' dir='ltr' id='par_1_12' title="bbox 856 1152 1241 1206">
     <span class='ocr_line' id='line_1_13' title="bbox 856 1152 1241 1206; baseline 0.003 -2"><span class='ocrx_word' id='word_1_59' title='bbox 856 1152 1241 1206; x_wconf 81' lang='grc' dir='ltr'><strong>ΑΠΟΚΡΙΣΙΣ.</strong></span> 
     </span>
    </p>
   </div>
   <div class='ocr_carea' id='block_1_13' title="bbox 326 1243 1837 1316">
    <p class='ocr_par' dir='ltr' id='par_1_13' title="bbox 326 1243 1837 1316">
     <span class='ocr_line' id='line_1_14' title="bbox 326 1243 1837 1316; baseline -0.001 -17"><span class='ocrx_word' id='word_1_60' title='bbox 326 1247 379 1299; x_wconf 92' lang='grc'><em>1.</em></span> <span class='ocrx_word' id='word_1_61' title='bbox 409 1246 534 1299; x_wconf 81' lang='grc' dir='ltr'>Ὀτι</span> <span class='ocrx_word' id='word_1_62' title='bbox 588 1244 687 1314; x_wconf 83' lang='grc' dir='ltr'>μὲν</span> <span class='ocrx_word' id='word_1_63' title='bbox 729 1243 1025 1312; x_wconf 85' lang='grc' dir='ltr'>ἀναγκαῖος</span> <span class='ocrx_word' id='word_1_64' title='bbox 1063 1245 1092 1296; x_wconf 94' lang='lat'><strong>6</strong></span> <span class='ocrx_word' id='word_1_65' title='bbox 1133 1245 1231 1313; x_wconf 84' lang='grc' dir='ltr'>τῆς</span> <span class='ocrx_word' id='word_1_66' title='bbox 1285 1244 1611 1316; x_wconf 75' lang='grc' dir='ltr'><strong>ἐγκρατείας</strong></span> <span class='ocrx_word' id='word_1_67' title='bbox 1659 1245 1837 1314; x_wconf 88' lang='grc' dir='ltr'>λόγος,</span> 
     </span>
    </p>
   </div>
   <div class='ocr_carea' id='block_1_14' title="bbox 260 1334 1845 1408">
    <p class='ocr_par' dir='ltr' id='par_1_14' title="bbox 260 1334 1845 1408">
     <span class='ocr_line' id='line_1_15' title="bbox 260 1334 1845 1408; baseline -0.001 -18"><span class='ocrx_word' id='word_1_68' title='bbox 260 1337 455 1406; x_wconf 82' lang='grc' dir='ltr'>δῆλον·</span> <span class='ocrx_word' id='word_1_69' title='bbox 498 1335 713 1408; x_wconf 84' lang='grc' dir='ltr'>πρῶτον</span> <span class='ocrx_word' id='word_1_70' title='bbox 744 1335 843 1405; x_wconf 84' lang='grc' dir='ltr'><strong>μὲν</strong></span> <span class='ocrx_word' id='word_1_71' title='bbox 876 1336 941 1387; x_wconf 87' lang='grc' dir='ltr'><strong>ἐκ</strong></span> <span class='ocrx_word' id='word_1_72' title='bbox 990 1334 1083 1388; x_wconf 88' lang='grc' dir='ltr'><strong>τοῦ</strong></span> <span class='ocrx_word' id='word_1_73' title='bbox 1116 1335 1208 1389; x_wconf 84' lang='grc' dir='ltr'><strong>τὸν</strong></span> <span class='ocrx_word' id='word_1_74' title='bbox 1266 1336 1586 1391; x_wconf 83' lang='grc' dir='ltr'>’Δπόστολον</span> <span class='ocrx_word' id='word_1_75' title='bbox 1628 1340 1685 1390; x_wconf 89' lang='grc' dir='ltr'><strong>ἐν</strong></span> <span class='ocrx_word' id='word_1_76' title='bbox 1728 1340 1845 1402; x_wconf 82' lang='grc' dir='ltr'>τοῖς</span> 
     </span>
    </p>
   </div>
   <div class='ocr_carea' id='block_1_15' title="bbox 260 1424 1839 1500">
    <p class='ocr_par' dir='ltr' id='par_1_15' title="bbox 260 1424 1839 1500">
     <span class='ocr_line' id='line_1_16' title="bbox 260 1424 1839 1500; baseline -0.002 -18"><span class='ocrx_word' id='word_1_77' title='bbox 260 1430 498 1500; x_wconf 81' lang='grc' dir='ltr'><strong>καρποῖς</strong></span> <span class='ocrx_word' id='word_1_78' title='bbox 556 1426 650 1479; x_wconf 83' lang='grc' dir='ltr'><strong>τοῦ</strong></span> <span class='ocrx_word' id='word_1_79' title='bbox 694 1424 1011 1495; x_wconf 84' lang='grc' dir='ltr'>Πνεύματος</span> <span class='ocrx_word' id='word_1_80' title='bbox 1069 1425 1170 1495; x_wconf 86' lang='grc' dir='ltr'><strong>τὴν</strong></span> <span class='ocrx_word' id='word_1_81' title='bbox 1224 1426 1547 1498; x_wconf 76' lang='grc' dir='ltr'><strong>ἐγκράτειαν</strong></span> <span class='ocrx_word' id='word_1_82' title='bbox 1600 1427 1839 1499; x_wconf 83' lang='grc' dir='ltr'>ἀριθμῆ-</span> 
     </span>
    </p>
   </div>
   <div class='ocr_carea' id='block_1_16' title="bbox 262 1517 1845 1590">
    <p class='ocr_par' dir='ltr' id='par_1_16' title="bbox 262 1517 1845 1590">
     <span class='ocr_line' id='line_1_17' title="bbox 262 1517 1845 1590; baseline 0 -17"><span class='ocrx_word' id='word_1_83' title='bbox 262 1539 355 1573; x_wconf 91' lang='grc' dir='ltr'>σαι</span> <span class='ocrx_word' id='word_1_84' title='bbox 373 1519 510 1589; x_wconf 84' lang='grc'>(10),</span> <span class='ocrx_word' id='word_1_85' title='bbox 550 1518 742 1572; x_wconf 80' lang='grc' dir='ltr'>ἔπειτα</span> <span class='ocrx_word' id='word_1_86' title='bbox 771 1518 828 1571; x_wconf 84' lang='grc' dir='ltr'>δὲ</span> <span class='ocrx_word' id='word_1_87' title='bbox 861 1520 927 1571; x_wconf 86' lang='grc' dir='ltr'><strong>ἐκ</strong></span> <span class='ocrx_word' id='word_1_88' title='bbox 956 1517 1051 1571; x_wconf 89' lang='grc' dir='ltr'><strong>τοῦ</strong></span> <span class='ocrx_word' id='word_1_89' title='bbox 1102 1518 1162 1570; x_wconf 84' lang='grc' dir='ltr'>τὸ</span> <span class='ocrx_word' id='word_1_90' title='bbox 1188 1517 1418 1589; x_wconf 78' lang='grc' dir='ltr'><strong>ἄμωμον</strong></span> <span class='ocrx_word' id='word_1_91' title='bbox 1439 1520 1537 1590; x_wconf 82' lang='grc' dir='ltr'>τῆς</span> <span class='ocrx_word' id='word_1_92' title='bbox 1565 1520 1845 1584; x_wconf 80' lang='grc' dir='ltr'><strong>διακονίας</strong></span> 
     </span>
    </p>
   </div>
   <div class='ocr_carea' id='block_1_17' title="bbox 259 1608 1835 1684">
    <p class='ocr_par' dir='ltr' id='par_1_17' title="bbox 259 1608 1835 1684">
     <span class='ocr_line' id='line_1_18' title="bbox 259 1608 1835 1684; baseline 0 -20"><span class='ocrx_word' id='word_1_93' title='bbox 259 1613 356 1664; x_wconf 80' lang='grc' dir='ltr'><strong>καὶ</strong></span> <span class='ocrx_word' id='word_1_94' title='bbox 406 1614 472 1664; x_wconf 80' lang='grc' dir='ltr'><strong>ἐκ</strong></span> <span class='ocrx_word' id='word_1_95' title='bbox 513 1610 717 1680; x_wconf 78' lang='grc' dir='ltr'><strong>ταύτης</strong></span> <span class='ocrx_word' id='word_1_96' title='bbox 763 1611 937 1663; x_wconf 77' lang='grc' dir='ltr'>εἰπεῖν</span> <span class='ocrx_word' id='word_1_97' title='bbox 977 1608 1391 1681; x_wconf 77' lang='grc' dir='ltr'><strong>κατορθοῦσθαι,</strong></span> <span class='ocrx_word' id='word_1_98' title='bbox 1426 1613 1482 1664; x_wconf 88' lang='grc' dir='ltr'><strong>ἐν</strong></span> <span class='ocrx_word' id='word_1_99' title='bbox 1517 1608 1598 1676; x_wconf 73' lang='grc' dir='ltr'>οἷς</span> <span class='ocrx_word' id='word_1_100' title='bbox 1640 1630 1835 1684; x_wconf 75' lang='grc' dir='ltr'>φησιν-</span> 
     </span>
    </p>
   </div>
   <div class='ocr_carea' id='block_1_18' title="bbox 2281 909 3171 983">
    <p class='ocr_par' dir='ltr' id='par_1_18' title="bbox 2281 909 3171 983">
     <span class='ocr_line' id='line_1_19' title="bbox 2281 909 3171 983; baseline -0.003 -14"><span class='ocrx_word' id='word_1_101' title='bbox 2281 911 2446 983; x_wconf 79' lang='lat'><strong>358</strong></span> <span class='ocrx_word' id='word_1_102' title='bbox 2482 909 2996 965; x_wconf 74' lang='lat' dir='ltr'><strong>INTERROGATIO</strong></span> <span class='ocrx_word' id='word_1_103' title='bbox 3031 910 3171 966; x_wconf 77' lang='lat' dir='ltr'><strong>XVI.</strong></span> 
     </span>
    </p>
   </div>
   <div class='ocr_carea' id='block_1_19' title="bbox 1943 1003 3503 1085">
    <p class='ocr_par' dir='ltr' id='par_1_19' title="bbox 1943 1003 3503 1072">
     <span class='ocr_line' id='line_1_20' title="bbox 1943 1003 3503 1072; baseline -0.001 -14"><span class='ocrx_word' id='word_1_104' title='bbox 1943 1003 2028 1058; x_wconf 81' lang='lat' dir='ltr'><strong>An</strong></span> <span class='ocrx_word' id='word_1_105' title='bbox 2056 1004 2105 1057; x_wconf 86' lang='lat' dir='ltr'><strong>ei</strong></span> <span class='ocrx_word' id='word_1_106' title='bbox 2131 1004 2219 1072; x_wconf 89' lang='lat' dir='ltr'><strong>qui</strong></span> <span class='ocrx_word' id='word_1_107' title='bbox 2259 1005 2341 1072; x_wconf 82' lang='lat' dir='ltr'><strong>pie</strong></span> <span class='ocrx_word' id='word_1_108' title='bbox 2370 1006 2535 1058; x_wconf 82' lang='lat' dir='ltr'><strong>vivere</strong></span> <span class='ocrx_word' id='word_1_109' title='bbox 2563 1004 2689 1067; x_wconf 75' lang='lat' dir='ltr'><strong>t‘ttll,</strong></span> <span class='ocrx_word' id='word_1_110' title='bbox 2719 1004 3013 1058; x_wconf 81' lang='lat' dir='ltr'><strong>necessaria</strong></span> <span class='ocrx_word' id='word_1_111' title='bbox 3040 1003 3109 1056; x_wconf 89' lang='lat' dir='ltr'><strong>sit</strong></span> <span class='ocrx_word' id='word_1_112' title='bbox 3142 1004 3503 1070; x_wconf 77' lang='lat' dir='ltr'><strong>temperantia.</strong></span> 
     </span>
    </p>
   </div>
   <div class='ocr_carea' id='block_1_20' title="bbox 2524 1141 2925 1213">
    <p class='ocr_par' dir='ltr' id='par_1_20' title="bbox 2524 1141 2925 1213">
     <span class='ocr_line' id='line_1_21' title="bbox 2524 1141 2925 1213; baseline 0.002 -2"><span class='ocrx_word' id='word_1_113' title='bbox 2524 1141 2925 1213; x_wconf 67' lang='lat' dir='ltr'><strong>Responsio.</strong></span> 
     </span>
    </p>
   </div>
   <div class='ocr_carea' id='block_1_21' title="bbox 2012 1249 3512 1320">
    <p class='ocr_par' dir='ltr' id='par_1_21' title="bbox 2012 1249 3512 1320">
     <span class='ocr_line' id='line_1_22' title="bbox 2012 1249 3512 1320; baseline 0.001 -18"><span class='ocrx_word' id='word_1_114' title='bbox 2012 1249 2062 1302; x_wconf 93' lang='grc'><em>1.</em></span> <span class='ocrx_word' id='word_1_115' title='bbox 2110 1249 2307 1319; x_wconf 78' lang='lat' dir='ltr'><strong>Liquet</strong></span> <span class='ocrx_word' id='word_1_116' title='bbox 2340 1252 2706 1305; x_wconf 81' lang='lat' dir='ltr'><strong>necessariam</strong></span> <span class='ocrx_word' id='word_1_117' title='bbox 2740 1266 2863 1306; x_wconf 92' lang='lat' dir='ltr'><strong>esse</strong></span> <span class='ocrx_word' id='word_1_118' title='bbox 2894 1250 3265 1320; x_wconf 74' lang='lat' dir='ltr'><strong>temperantia:</strong></span> <span class='ocrx_word' id='word_1_119' title='bbox 3296 1251 3512 1305; x_wconf 79' lang='lat' dir='ltr'><strong>exerci-</strong></span> 
     </span>
    </p>
   </div>
   <div class='ocr_carea' id='block_1_22' title="bbox 1950 1342 3511 1413">
    <p class='ocr_par' dir='ltr' id='par_1_22' title="bbox 1950 1342 3511 1413">
     <span class='ocr_line' id='line_1_23' title="bbox 1950 1342 3511 1413; baseline -0.001 -17"><span class='ocrx_word' id='word_1_120' title='bbox 1950 1343 2216 1397; x_wconf 87' lang='lat' dir='ltr'><strong>tationem</strong></span> <span class='ocrx_word' id='word_1_121' title='bbox 2254 1358 2267 1393; x_wconf 87' lang='lat'><strong>:</strong></span> <span class='ocrx_word' id='word_1_122' title='bbox 2313 1344 2549 1413; x_wconf 91' lang='lat' dir='ltr'><strong>primum</strong></span> <span class='ocrx_word' id='word_1_123' title='bbox 2589 1342 2829 1413; x_wconf 84' lang='lat' dir='ltr'><strong>quidem,</strong></span> <span class='ocrx_word' id='word_1_124' title='bbox 2864 1343 3121 1412; x_wconf 88' lang='lat' dir='ltr'><strong>quoniam</strong></span> <span class='ocrx_word' id='word_1_125' title='bbox 3154 1343 3511 1412; x_wconf 81' lang='lat' dir='ltr'><strong>temperantia</strong></span> 
     </span>
    </p>
   </div>
   <div class='ocr_carea' id='block_1_23' title="bbox 1945 1428 3510 1501">
    <p class='ocr_par' dir='ltr' id='par_1_23' title="bbox 1945 1428 3510 1501">
     <span class='ocr_line' id='line_1_24' title="bbox 1945 1428 3510 1501; baseline -0.002 -17"><span class='ocrx_word' id='word_1_126' title='bbox 1945 1432 2014 1485; x_wconf 88' lang='lat' dir='ltr'><strong>ab</strong></span> <span class='ocrx_word' id='word_1_127' title='bbox 2064 1432 2328 1501; x_wconf 86' lang='lat' dir='ltr'><strong>Apostolo</strong></span> <span class='ocrx_word' id='word_1_128' title='bbox 2368 1433 2511 1486; x_wconf 89' lang='lat' dir='ltr'><strong>inter</strong></span> <span class='ocrx_word' id='word_1_129' title='bbox 2553 1431 2762 1485; x_wconf 92' lang='lat' dir='ltr'><strong>fructus</strong></span> <span class='ocrx_word' id='word_1_130' title='bbox 2797 1430 3033 1500; x_wconf 82' lang='lat' dir='ltr'><strong>Spiritus</strong></span> <span class='ocrx_word' id='word_1_131' title='bbox 3073 1436 3391 1484; x_wconf 88' lang='lat' dir='ltr'><strong>recensetur</strong></span> <span class='ocrx_word' id='word_1_132' title='bbox 3414 1428 3461 1461; x_wconf 85' lang='grc'><strong>⁸⁹</strong></span> <span class='ocrx_word' id='word_1_133' title='bbox 3493 1444 3510 1493; x_wconf 88' lang='lat'><strong>;</strong></span> 
     </span>
    </p>
   </div>
   <div class='ocr_carea' id='block_1_24' title="bbox 1947 1521 3511 1593">
    <p class='ocr_par' dir='ltr' id='par_1_24' title="bbox 1947 1521 3511 1593">
     <span class='ocr_line' id='line_1_25' title="bbox 1947 1521 3511 1593; baseline -0.002 -15"><span class='ocrx_word' id='word_1_134' title='bbox 1947 1523 2146 1578; x_wconf 88' lang='lat' dir='ltr'><strong>deinde</strong></span> <span class='ocrx_word' id='word_1_135' title='bbox 2182 1539 2335 1588; x_wconf 87' lang='lat' dir='ltr'><strong>vero,</strong></span> <span class='ocrx_word' id='word_1_136' title='bbox 2378 1524 2640 1593; x_wconf 89' lang='lat' dir='ltr'><strong>quoniam</strong></span> <span class='ocrx_word' id='word_1_137' title='bbox 2686 1523 2817 1577; x_wconf 86' lang='lat' dir='ltr'><strong>dicit</strong></span> <span class='ocrx_word' id='word_1_138' title='bbox 2866 1532 3114 1577; x_wconf 91' lang='lat' dir='ltr'><strong>nostrum</strong></span> <span class='ocrx_word' id='word_1_139' title='bbox 3144 1521 3511 1577; x_wconf 83' lang='lat' dir='ltr'><strong>ministerium</strong></span> 
     </span>
    </p>
   </div>
   <div class='ocr_carea' id='block_1_25' title="bbox 1946 1614 3509 1686">
    <p class='ocr_par' dir='ltr' id='par_1_25' title="bbox 1946 1614 3509 1686">
     <span class='ocr_line' id='line_1_26' title="bbox 1946 1614 3509 1686; baseline -0.003 -16"><span class='ocrx_word' id='word_1_140' title='bbox 1946 1617 2110 1670; x_wconf 90' lang='lat' dir='ltr'><strong>etiam</strong></span> <span class='ocrx_word' id='word_1_141' title='bbox 2137 1632 2233 1686; x_wconf 89' lang='lat' dir='ltr'><strong>per</strong></span> <span class='ocrx_word' id='word_1_142' title='bbox 2262 1617 2409 1670; x_wconf 86' lang='lat' dir='ltr'><strong>illam</strong></span> <span class='ocrx_word' id='word_1_143' title='bbox 2442 1616 2776 1685; x_wconf 85' lang='lat' dir='ltr'><strong>inculpatum</strong></span> <span class='ocrx_word' id='word_1_144' title='bbox 2810 1615 2946 1677; x_wconf 85' lang='lat' dir='ltr'><strong>ﬁeri,</strong></span> <span class='ocrx_word' id='word_1_145' title='bbox 2978 1615 3063 1669; x_wconf 89' lang='lat' dir='ltr'><strong>his</strong></span> <span class='ocrx_word' id='word_1_146' title='bbox 3086 1614 3269 1668; x_wconf 85' lang='lat' dir='ltr'><strong>verbis</strong></span> <span class='ocrx_word' id='word_1_147' title='bbox 3298 1620 3457 1668; x_wconf 89' lang='lat' dir='ltr'><strong>utens</strong></span> <span class='ocrx_word' id='word_1_148' title='bbox 3497 1631 3509 1666; x_wconf 92' lang='lat'><strong>:</strong></span> 
     </span>
    </p>
   </div>
   <div class='ocr_carea' id='block_1_26' title="bbox 273 1701 1846 1793">
    <p class='ocr_par' dir='ltr' id='par_1_26' title="bbox 273 1701 1841 1770">
     <span class='ocr_line' id='line_1_27' title="bbox 273 1701 1841 1770; baseline 0.002 -15"><span class='ocrx_word' id='word_1_149' title='bbox 273 1704 371 1755; x_wconf 85' lang='grc' dir='ltr'><strong>Ἐν</strong></span> <span class='ocrx_word' id='word_1_150' title='bbox 423 1703 655 1767; x_wconf 80' lang='grc' dir='ltr'><em>κόποις,</em></span> <span class='ocrx_word' id='word_1_151' title='bbox 706 1701 776 1753; x_wconf 84' lang='grc' dir='ltr'>ἐν</span> <span class='ocrx_word' id='word_1_152' title='bbox 829 1702 1208 1769; x_wconf 72' lang='grc' dir='ltr'><strong>ἀγρυπνίαις,</strong></span> <span class='ocrx_word' id='word_1_153' title='bbox 1256 1701 1326 1754; x_wconf 79' lang='grc' dir='ltr'>ἐν</span> <span class='ocrx_word' id='word_1_154' title='bbox 1379 1705 1706 1770; x_wconf 80' lang='grc' dir='ltr'><em>νηστείαις,</em></span> <span class='ocrx_word' id='word_1_155' title='bbox 1769 1705 1841 1757; x_wconf 84' lang='grc' dir='ltr'>ἐν</span> 
     </span>
    </p>
   </div>
   <div class='ocr_carea' id='block_1_27' title="bbox 1958 1701 3508 1793">
    <p class='ocr_par' dir='ltr' id='par_1_27' title="bbox 1958 1703 3508 1774">
     <span class='ocr_line' id='line_1_28' title="bbox 1958 1703 3508 1774; baseline -0.001 -17"><span class='ocrx_word' id='word_1_156' title='bbox 1958 1705 2013 1759; x_wconf 85' lang='lat' dir='ltr'><strong>In</strong></span> <span class='ocrx_word' id='word_1_157' title='bbox 2045 1705 2336 1768; x_wconf 83' lang='lat' dir='ltr'><strong>laboribus,</strong></span> <span class='ocrx_word' id='word_1_158' title='bbox 2371 1706 2425 1759; x_wconf 86' lang='lat' dir='ltr'><strong>in</strong></span> <span class='ocrx_word' id='word_1_159' title='bbox 2458 1706 2671 1774; x_wconf 76' lang='lat' dir='ltr'><strong>vigiliis,</strong></span> <span class='ocrx_word' id='word_1_160' title='bbox 2706 1706 2757 1757; x_wconf 88' lang='lat' dir='ltr'><strong>in</strong></span> <span class='ocrx_word' id='word_1_161' title='bbox 2783 1705 3025 1774; x_wconf 78' lang='lat' dir='ltr'><strong>jejuniis,</strong></span> <span class='ocrx_word' id='word_1_162' title='bbox 3054 1705 3109 1757; x_wconf 90' lang='lat' dir='ltr'><strong>in</strong></span> <span class='ocrx_word' id='word_1_163' title='bbox 3143 1705 3389 1757; x_wconf 76' lang='lat' dir='ltr'><strong>castitate</strong></span> <span class='ocrx_word' id='word_1_164' title='bbox 3423 1703 3508 1767; x_wconf 78' lang='lat'><strong>&quot;;</strong></span> 
     </span>
    </p>
   </div>
   <div class='ocr_carea' id='block_1_28' title="bbox 257 1793 1845 1867">
    <p class='ocr_par' dir='ltr' id='par_1_28' title="bbox 257 1793 1845 1867">
     <span class='ocr_line' id='line_1_29' title="bbox 257 1793 1845 1867; baseline 0.003 -21"><span class='ocrx_word' id='word_1_165' title='bbox 257 1793 576 1863; x_wconf 66' lang='grc' dir='ltr'>ἁγνότητι*</span> <span class='ocrx_word' id='word_1_166' title='bbox 613 1794 709 1846; x_wconf 79' lang='grc' dir='ltr'><strong>καὶ</strong></span> <span class='ocrx_word' id='word_1_167' title='bbox 758 1793 1014 1864; x_wconf 81' lang='grc' dir='ltr'>ἐτέρωθι’</span> <span class='ocrx_word' id='word_1_168' title='bbox 1064 1794 1165 1846; x_wconf 88' lang='grc' dir='ltr'><strong>Ἐν</strong></span> <span class='ocrx_word' id='word_1_169' title='bbox 1198 1795 1362 1859; x_wconf 82' lang='grc' dir='ltr'><strong>κόπῳ</strong></span> <span class='ocrx_word' id='word_1_170' title='bbox 1390 1795 1485 1848; x_wconf 79' lang='grc' dir='ltr'>καί</span> <span class='ocrx_word' id='word_1_171' title='bbox 1509 1798 1733 1867; x_wconf 81' lang='grc' dir='ltr'><strong>μόχθῳ,</strong></span> <span class='ocrx_word' id='word_1_172' title='bbox 1766 1797 1845 1850; x_wconf 77' lang='grc' dir='ltr'>ἐν</span> 
     </span>
    </p>
   </div>
   <div class='ocr_carea' id='block_1_29' title="bbox 255 1883 1837 1957">
    <p class='ocr_par' dir='ltr' id='par_1_29' title="bbox 255 1883 1837 1957">
     <span class='ocr_line' id='line_1_30' title="bbox 255 1883 1837 1957; baseline 0.003 -19"><span class='ocrx_word' id='word_1_173' title='bbox 255 1885 621 1955; x_wconf 62' lang='grc' dir='ltr'>ἀγρυπνίαις</span> <span class='ocrx_word' id='word_1_174' title='bbox 650 1884 949 1951; x_wconf 76' lang='grc' dir='ltr'><strong>πολλάκις</strong></span> <span class='ocrx_word' id='word_1_175' title='bbox 967 1901 980 1915; x_wconf 74' lang='grc'><strong><em>⁸</em></strong></span> <span class='ocrx_word' id='word_1_176' title='bbox 1007 1885 1077 1939; x_wconf 85' lang='grc' dir='ltr'>ἐν</span> <span class='ocrx_word' id='word_1_177' title='bbox 1114 1883 1266 1955; x_wconf 84' lang='grc' dir='ltr'><em>λιμῷ</em></span> <span class='ocrx_word' id='word_1_178' title='bbox 1292 1886 1391 1940; x_wconf 78' lang='grc' dir='ltr'><strong>καὶ</strong></span> <span class='ocrx_word' id='word_1_179' title='bbox 1412 1887 1573 1956; x_wconf 72' lang='grc' dir='ltr'>δίψει</span> <span class='ocrx_word' id='word_1_180' title='bbox 1595 1904 1609 1917; x_wconf 73' lang='grc'><strong>⁸</strong></span> <span class='ocrx_word' id='word_1_181' title='bbox 1642 1890 1712 1942; x_wconf 83' lang='grc' dir='ltr'>ἐν</span> <span class='ocrx_word' id='word_1_182' title='bbox 1740 1907 1837 1957; x_wconf 81' lang='grc' dir='ltr'><strong>νη-</strong></span> 
     </span>
    </p>
   </div>
   <div class='ocr_carea' id='block_1_30' title="bbox 257 1974 1836 2050">
    <p class='ocr_par' dir='ltr' id='par_1_30' title="bbox 257 1974 1836 2050">
     <span class='ocr_line' id='line_1_31' title="bbox 257 1974 1836 2050; baseline 0.004 -23"><span class='ocrx_word' id='word_1_183' title='bbox 257 1977 491 2041; x_wconf 80' lang='grc' dir='ltr'><em>στείαις</em></span> <span class='ocrx_word' id='word_1_184' title='bbox 517 1974 819 2040; x_wconf 79' lang='grc' dir='ltr'><strong>πολλάκις</strong></span> <span class='ocrx_word' id='word_1_185' title='bbox 849 1975 959 2046; x_wconf 83' lang='grc'>(11)</span> <span class='ocrx_word' id='word_1_186' title='bbox 985 1992 998 2006; x_wconf 89' lang='grc'><strong>·</strong></span> <span class='ocrx_word' id='word_1_187' title='bbox 1050 1975 1145 2029; x_wconf 74' lang='grc' dir='ltr'><strong>καὶ</strong></span> <span class='ocrx_word' id='word_1_188' title='bbox 1175 1976 1364 2030; x_wconf 82' lang='grc' dir='ltr'>πάλιν·</span> <span class='ocrx_word' id='word_1_189' title='bbox 1400 1977 1528 2045; x_wconf 87' lang='grc' dir='ltr'><strong>Πᾶς</strong></span> <span class='ocrx_word' id='word_1_190' title='bbox 1550 1978 1665 2033; x_wconf 82' lang='grc' dir='ltr'>δὲό</span> <span class='ocrx_word' id='word_1_191' title='bbox 1689 1980 1836 2050; x_wconf 73' lang='grc' dir='ltr'>ἀγω-</span> 
     </span>
    </p>
   </div>
   <div class='ocr_carea' id='block_1_31' title="bbox 252 2064 1836 2141">
    <p class='ocr_par' dir='ltr' id='par_1_31' title="bbox 252 2064 1836 2141">
     <span class='ocr_line' id='line_1_32' title="bbox 252 2064 1836 2141; baseline 0.004 -23"><span class='ocrx_word' id='word_1_192' title='bbox 252 2065 564 2134; x_wconf 76' lang='grc' dir='ltr'><em>νιζόμενος</em></span> <span class='ocrx_word' id='word_1_193' title='bbox 578 2064 776 2119; x_wconf 83' lang='grc' dir='ltr'><em>πάντα</em></span> <span class='ocrx_word' id='word_1_194' title='bbox 806 2067 1235 2135; x_wconf 75' lang='grc' dir='ltr'><strong>ἐγκρατεύεται.</strong></span> <span class='ocrx_word' id='word_1_195' title='bbox 1275 2069 1385 2121; x_wconf 86' lang='lat' dir='ltr'><strong>Kal</strong></span> <span class='ocrx_word' id='word_1_196' title='bbox 1414 2072 1443 2123; x_wconf 98' lang='lat'><strong>6</strong></span> <span class='ocrx_word' id='word_1_197' title='bbox 1476 2070 1836 2141; x_wconf 81' lang='grc' dir='ltr'>ὑπωπιασμὸς</span> 
     </span>
    </p>
   </div>
   <div class='ocr_carea' id='block_1_32' title="bbox 255 2158 1835 2231">
    <p class='ocr_par' dir='ltr' id='par_1_32' title="bbox 255 2158 1835 2231">
     <span class='ocr_line' id='line_1_33' title="bbox 255 2158 1835 2231; baseline 0.004 -21"><span class='ocrx_word' id='word_1_198' title='bbox 255 2159 317 2211; x_wconf 78' lang='grc' dir='ltr'>δὲ</span> <span class='ocrx_word' id='word_1_199' title='bbox 340 2158 436 2211; x_wconf 85' lang='grc' dir='ltr'><strong>τοῦ</strong></span> <span class='ocrx_word' id='word_1_200' title='bbox 461 2159 733 2230; x_wconf 82' lang='grc' dir='ltr'>σώματος,</span> <span class='ocrx_word' id='word_1_201' title='bbox 751 2160 844 2213; x_wconf 76' lang='grc' dir='ltr'><strong>καὶ</strong></span> <span class='ocrx_word' id='word_1_202' title='bbox 871 2162 903 2231; x_wconf 84' lang='grc' dir='ltr'>ἡ</span> <span class='ocrx_word' id='word_1_203' title='bbox 927 2160 1287 2229; x_wconf 87' lang='grc' dir='ltr'>δουλαγωγία,</span> <span class='ocrx_word' id='word_1_204' title='bbox 1322 2162 1413 2215; x_wconf 79' lang='grc' dir='ltr'>ὑπ’</span> <span class='ocrx_word' id='word_1_205' title='bbox 1442 2163 1653 2227; x_wconf 81' lang='grc' dir='ltr'>οὐδενὸς</span> <span class='ocrx_word' id='word_1_206' title='bbox 1678 2164 1835 2218; x_wconf 71' lang='grc' dir='ltr'>ἄλλου</span> 
     </span>
    </p>
   </div>
   <div class='ocr_carea' id='block_1_33' title="bbox 254 2250 1836 2325">
    <p class='ocr_par' dir='ltr' id='par_1_33' title="bbox 254 2250 1836 2325">
     <span class='ocr_line' id='line_1_34' title="bbox 254 2250 1836 2325; baseline 0.003 -23"><span class='ocrx_word' id='word_1_207' title='bbox 254 2250 529 2306; x_wconf 84' lang='grc' dir='ltr'>τοσοῦτον,</span> <span class='ocrx_word' id='word_1_208' title='bbox 550 2251 625 2313; x_wconf 81' lang='grc' dir='ltr'><strong>ὡς</strong></span> <span class='ocrx_word' id='word_1_209' title='bbox 652 2250 757 2303; x_wconf 74' lang='grc' dir='ltr'>ὑπὸ</span> <span class='ocrx_word' id='word_1_210' title='bbox 770 2250 868 2320; x_wconf 71' lang='grc' dir='ltr'>τῆς</span> <span class='ocrx_word' id='word_1_211' title='bbox 889 2252 1212 2320; x_wconf 72' lang='grc' dir='ltr'>ἐγκρατείας</span> <span class='ocrx_word' id='word_1_212' title='bbox 1233 2253 1611 2324; x_wconf 84' lang='grc' dir='ltr'>κατορθοῦται.</span> <span class='ocrx_word' id='word_1_213' title='bbox 1628 2254 1701 2307; x_wconf 85' lang='grc' dir='ltr'><strong>Τὸ</strong></span> <span class='ocrx_word' id='word_1_214' title='bbox 1727 2255 1836 2325; x_wconf 71' lang='grc' dir='ltr'><strong>γὰρ</strong></span> 
     </span>
    </p>
   </div>
   <div class='ocr_carea' id='block_1_34' title="bbox 260 2341 1838 2415">
    <p class='ocr_par' dir='ltr' id='par_1_34' title="bbox 260 2341 1838 2415">
     <span class='ocr_line' id='line_1_35' title="bbox 260 2341 1838 2415; baseline 0.003 -22"><span class='ocrx_word' id='word_1_215' title='bbox 260 2341 461 2413; x_wconf 56' lang='lat' dir='ltr'><strong>epam</strong></span> <span class='ocrx_word' id='word_1_216' title='bbox 480 2342 580 2411; x_wconf 77' lang='grc' dir='ltr'><strong>τῆς</strong></span> <span class='ocrx_word' id='word_1_217' title='bbox 592 2342 867 2411; x_wconf 81' lang='grc' dir='ltr'>νεότητος,</span> <span class='ocrx_word' id='word_1_218' title='bbox 880 2343 973 2395; x_wconf 71' lang='grc' dir='ltr'><strong>καὶ¹</strong></span> <span class='ocrx_word' id='word_1_219' title='bbox 995 2342 1129 2414; x_wconf 83' lang='grc' dir='ltr'>πρὸς</span> <span class='ocrx_word' id='word_1_220' title='bbox 1148 2342 1246 2405; x_wconf 78' lang='grc' dir='ltr'>τὰς</span> <span class='ocrx_word' id='word_1_221' title='bbox 1259 2344 1433 2415; x_wconf 76' lang='grc' dir='ltr'>ὁρμὰς</span> <span class='ocrx_word' id='word_1_222' title='bbox 1449 2344 1838 2411; x_wconf 79' lang='grc' dir='ltr'>δυσκάθεκτον,</span> 
     </span>
    </p>
   </div>
   <div class='ocr_carea' id='block_1_35' title="bbox 258 2429 1833 2506">
    <p class='ocr_par' dir='ltr' id='par_1_35' title="bbox 258 2429 1833 2506">
     <span class='ocr_line' id='line_1_36' title="bbox 258 2429 1833 2506; baseline 0.004 -21"><span class='ocrx_word' id='word_1_223' title='bbox 258 2429 374 2487; x_wconf 73' lang='grc' dir='ltr'>οἷον</span> <span class='ocrx_word' id='word_1_224' title='bbox 417 2432 621 2503; x_wconf 84' lang='grc' dir='ltr'><strong>χαλινῷ</strong></span> <span class='ocrx_word' id='word_1_225' title='bbox 669 2450 775 2486; x_wconf 81' lang='grc' dir='ltr'>τινι</span> <span class='ocrx_word' id='word_1_226' title='bbox 835 2433 946 2503; x_wconf 73' lang='grc'>(12)</span> <span class='ocrx_word' id='word_1_227' title='bbox 999 2437 1065 2505; x_wconf 86' lang='grc' dir='ltr'>τῇ</span> <span class='ocrx_word' id='word_1_228' title='bbox 1115 2436 1412 2506; x_wconf 72' lang='grc' dir='ltr'>ἐγκρατείᾳ</span> <span class='ocrx_word' id='word_1_229' title='bbox 1466 2436 1833 2506; x_wconf 85' lang='grc' dir='ltr'>καθείργεται.</span> 
     </span>
    </p>
   </div>
   <div class='ocr_carea' id='block_1_36' title="bbox 264 2523 1837 2595">
    <p class='ocr_par' dir='ltr' id='par_1_36' title="bbox 264 2523 1837 2595">
     <span class='ocr_line' id='line_1_37' title="bbox 264 2523 1837 2595; baseline 0.002 -17"><span class='ocrx_word' id='word_1_230' title='bbox 264 2526 350 2578; x_wconf 88' lang='grc' dir='ltr'><strong>Οὐ</strong></span> <span class='ocrx_word' id='word_1_231' title='bbox 377 2525 488 2592; x_wconf 75' lang='grc' dir='ltr'>γὰρ</span> <span class='ocrx_word' id='word_1_232' title='bbox 545 2523 835 2593; x_wconf 63' lang='grc' dir='ltr'>συμφέρει</span> <span class='ocrx_word' id='word_1_233' title='bbox 888 2524 1100 2593; x_wconf 68' lang='grc' dir='ltr'><em>ἄφρονι</em></span> <span class='ocrx_word' id='word_1_234' title='bbox 1145 2525 1362 2595; x_wconf 65' lang='grc' dir='ltr'><strong>τρυφὴ,</strong></span> <span class='ocrx_word' id='word_1_235' title='bbox 1398 2527 1538 2580; x_wconf 88' lang='grc' dir='ltr'><strong>κατά</strong></span> <span class='ocrx_word' id='word_1_236' title='bbox 1556 2528 1647 2581; x_wconf 84' lang='grc' dir='ltr'><strong>τὸν</strong></span> <span class='ocrx_word' id='word_1_237' title='bbox 1679 2528 1837 2582; x_wconf 87' lang='grc' dir='ltr'>Σολο-</span> 
     </span>
    </p>
   </div>
   <div class='ocr_carea' id='block_1_37' title="bbox 264 2615 1836 2690">
    <p class='ocr_par' dir='ltr' id='par_1_37' title="bbox 264 2615 1836 2690">
     <span class='ocr_line' id='line_1_38' title="bbox 264 2615 1836 2690; baseline 0.005 -24"><span class='ocrx_word' id='word_1_238' title='bbox 264 2615 478 2684; x_wconf 82' lang='grc' dir='ltr'>μῶντα.</span> <span class='ocrx_word' id='word_1_239' title='bbox 515 2615 580 2667; x_wconf 89' lang='grc' dir='ltr'>Τί</span> <span class='ocrx_word' id='word_1_240' title='bbox 611 2615 668 2668; x_wconf 85' lang='grc' dir='ltr'>δὲ</span> <span class='ocrx_word' id='word_1_241' title='bbox 723 2616 923 2686; x_wconf 78' lang='grc' dir='ltr'>σαρκὸς</span> <span class='ocrx_word' id='word_1_242' title='bbox 954 2616 1295 2687; x_wconf 75' lang='grc' dir='ltr'>εὐπαθούσης</span> <span class='ocrx_word' id='word_1_243' title='bbox 1327 2618 1421 2671; x_wconf 77' lang='grc' dir='ltr'>καὶ</span> <span class='ocrx_word' id='word_1_244' title='bbox 1445 2619 1694 2689; x_wconf 81' lang='grc' dir='ltr'>νεότητος</span> <span class='ocrx_word' id='word_1_245' title='bbox 1725 2622 1836 2690; x_wconf 79' lang='grc'>(15)</span> 
     </span>
    </p>
   </div>
   <div class='ocr_carea' id='block_1_38' title="bbox 263 2706 1840 2781">
    <p class='ocr_par' dir='ltr' id='par_1_38' title="bbox 263 2706 1840 2781">
     <span class='ocr_line' id='line_1_39' title="bbox 263 2706 1840 2781; baseline 0.006 -25"><span class='ocrx_word' id='word_1_246' title='bbox 263 2706 706 2777; x_wconf 70' lang='grc' dir='ltr'><strong>περιφερομένης</strong></span> <span class='ocrx_word' id='word_1_247' title='bbox 739 2707 1170 2780; x_wconf 68' lang='grc' dir='ltr'>ἀφρονέστερονς</span> <span class='ocrx_word' id='word_1_248' title='bbox 1223 2710 1314 2762; x_wconf 88' lang='grc' dir='ltr'>Διό</span> <span class='ocrx_word' id='word_1_249' title='bbox 1338 2726 1498 2781; x_wconf 79' lang='grc' dir='ltr'>φησιν</span> <span class='ocrx_word' id='word_1_250' title='bbox 1524 2714 1552 2764; x_wconf 89' lang='lat'><strong>6</strong></span> <span class='ocrx_word' id='word_1_251' title='bbox 1591 2712 1840 2765; x_wconf 81' lang='grc' dir='ltr'>Ἀπόστο-</span> 
     </span>
    </p>
   </div>
   <div class='ocr_carea' id='block_1_39' title="bbox 261 2794 1841 2869">
    <p class='ocr_par' dir='ltr' id='par_1_39' title="bbox 261 2794 1841 2869">
     <span class='ocr_line' id='line_1_40' title="bbox 261 2794 1841 2869; baseline 0.005 -22"><span class='ocrx_word' id='word_1_252' title='bbox 261 2794 385 2857; x_wconf 82' lang='grc' dir='ltr'>λος·</span> <span class='ocrx_word' id='word_1_253' title='bbox 424 2796 536 2848; x_wconf 81' lang='grc' dir='ltr'><strong>Καὶ</strong></span> <span class='ocrx_word' id='word_1_254' title='bbox 592 2794 703 2863; x_wconf 83' lang='grc' dir='ltr'><em>τῆς</em></span> <span class='ocrx_word' id='word_1_255' title='bbox 738 2797 964 2863; x_wconf 79' lang='grc' dir='ltr'><em>σαρκὸς</em></span> <span class='ocrx_word' id='word_1_256' title='bbox 1014 2800 1302 2866; x_wconf 78' lang='grc' dir='ltr'><em>πρόνοιαν</em></span> <span class='ocrx_word' id='word_1_257' title='bbox 1327 2798 1413 2869; x_wconf 80' lang='grc' dir='ltr'><em>μὴ</em></span> <span class='ocrx_word' id='word_1_258' title='bbox 1452 2802 1718 2858; x_wconf 84' lang='grc' dir='ltr'><strong>ποιεῖσθε</strong></span> <span class='ocrx_word' id='word_1_259' title='bbox 1752 2805 1841 2869; x_wconf 81' lang='grc' dir='ltr'><strong>εἰς</strong></span> 
     </span>
    </p>
   </div>
   <div class='ocr_carea' id='block_1_40' title="bbox 262 2887 1835 2963">
    <p class='ocr_par' dir='ltr' id='par_1_40' title="bbox 262 2887 1835 2963">
     <span class='ocr_line' id='line_1_41' title="bbox 262 2887 1835 2963; baseline 0.007 -26"><span class='ocrx_word' id='word_1_260' title='bbox 262 2887 612 2956; x_wconf 77' lang='grc' dir='ltr'>ἐπιθυμίας’</span> <span class='ocrx_word' id='word_1_261' title='bbox 665 2891 777 2953; x_wconf 74' lang='grc' dir='ltr'>καὶ,</span> <span class='ocrx_word' id='word_1_262' title='bbox 826 2890 886 2943; x_wconf 84' lang='grc' dir='ltr'><strong><em>Ἡ</em></strong></span> <span class='ocrx_word' id='word_1_263' title='bbox 911 2891 1303 2957; x_wconf 79' lang='grc' dir='ltr'><em>σπαταλῶσα,</em></span> <span class='ocrx_word' id='word_1_264' title='bbox 1335 2892 1493 2953; x_wconf 78' lang='grc' dir='ltr'><em>ζῶσα</em></span> <span class='ocrx_word' id='word_1_265' title='bbox 1528 2893 1835 2963; x_wconf 78' lang='grc' dir='ltr'><strong>τέθνηκεν.</strong></span> 
     </span>
    </p>
   </div>
   <div class='ocr_carea' id='block_1_41' title="bbox 262 2979 1837 3058">
    <p class='ocr_par' dir='ltr' id='par_1_41' title="bbox 262 2979 1837 3058">
     <span class='ocr_line' id='line_1_42' title="bbox 262 2979 1837 3058; baseline 0.004 -25"><span class='ocrx_word' id='word_1_266' title='bbox 262 2980 378 3033; x_wconf 84' lang='lat' dir='ltr'><strong>Kal</strong></span> <span class='ocrx_word' id='word_1_267' title='bbox 404 2979 468 3031; x_wconf 81' lang='grc' dir='ltr'><strong>τὸ</strong></span> <span class='ocrx_word' id='word_1_268' title='bbox 500 2981 803 3051; x_wconf 75' lang='grc' dir='ltr'><strong>ὑπόδειγμα</strong></span> <span class='ocrx_word' id='word_1_269' title='bbox 830 2981 891 3033; x_wconf 84' lang='grc' dir='ltr'>δὲ</span> <span class='ocrx_word' id='word_1_270' title='bbox 916 2982 1009 3052; x_wconf 72' lang='grc' dir='ltr'>τῆς</span> <span class='ocrx_word' id='word_1_271' title='bbox 1041 2982 1134 3037; x_wconf 90' lang='grc' dir='ltr'><strong>τοῦ</strong></span> <span class='ocrx_word' id='word_1_272' title='bbox 1165 2984 1416 3037; x_wconf 78' lang='grc' dir='ltr'>πλουσίου</span> <span class='ocrx_word' id='word_1_273' title='bbox 1443 2989 1653 3058; x_wconf 80' lang='grc' dir='ltr'><strong>τρυφῆς</strong></span> <span class='ocrx_word' id='word_1_274' title='bbox 1676 2989 1837 3055; x_wconf 89' lang='grc' dir='ltr'>ἀναγ-</span> 
     </span>
    </p>
   </div>
   <div class='ocr_carea' id='block_1_42' title="bbox 1942 1793 3510 1863">
    <p class='ocr_par' dir='ltr' id='par_1_42' title="bbox 1942 1793 3510 1863">
     <span class='ocr_line' id='line_1_43' title="bbox 1942 1793 3510 1863; baseline -0.002 -15"><span class='ocrx_word' id='word_1_275' title='bbox 1942 1802 1999 1849; x_wconf 87' lang='lat' dir='ltr'><strong>et</strong></span> <span class='ocrx_word' id='word_1_276' title='bbox 2052 1794 2181 1848; x_wconf 87' lang='lat' dir='ltr'><strong>alibi</strong></span> <span class='ocrx_word' id='word_1_277' title='bbox 2220 1813 2233 1848; x_wconf 90' lang='lat'><strong>:</strong></span> <span class='ocrx_word' id='word_1_278' title='bbox 2291 1793 2356 1847; x_wconf 85' lang='lat' dir='ltr'><strong>In</strong></span> <span class='ocrx_word' id='word_1_279' title='bbox 2392 1793 2572 1847; x_wconf 89' lang='lat' dir='ltr'><strong>labore</strong></span> <span class='ocrx_word' id='word_1_280' title='bbox 2605 1804 2652 1847; x_wconf 88' lang='lat' dir='ltr'><strong>et</strong></span> <span class='ocrx_word' id='word_1_281' title='bbox 2699 1810 2958 1859; x_wconf 77' lang='lat' dir='ltr'><strong>wrumna,</strong></span> <span class='ocrx_word' id='word_1_282' title='bbox 2997 1796 3051 1846; x_wconf 86' lang='lat' dir='ltr'><strong>in</strong></span> <span class='ocrx_word' id='word_1_283' title='bbox 3098 1794 3292 1863; x_wconf 77' lang='lat' dir='ltr'><strong>vigiliis</strong></span> <span class='ocrx_word' id='word_1_284' title='bbox 3328 1807 3462 1860; x_wconf 80' lang='lat' dir='ltr'><strong>swpe</strong></span> <span class='ocrx_word' id='word_1_285' title='bbox 3491 1808 3510 1845; x_wconf 90' lang='lat'><strong><em>:</em></strong></span> 
     </span>
    </p>
   </div>
   <div class='ocr_carea' id='block_1_43' title="bbox 1943 1880 3511 1953">
    <p class='ocr_par' dir='ltr' id='par_1_43' title="bbox 1943 1880 3511 1953">
     <span class='ocr_line' id='line_1_44' title="bbox 1943 1880 3511 1953; baseline -0.003 -14"><span class='ocrx_word' id='word_1_286' title='bbox 1943 1888 1998 1939; x_wconf 84' lang='lat' dir='ltr'><strong>in</strong></span> <span class='ocrx_word' id='word_1_287' title='bbox 2021 1885 2160 1953; x_wconf 81' lang='lat' dir='ltr'><strong>fame</strong></span> <span class='ocrx_word' id='word_1_288' title='bbox 2181 1895 2229 1939; x_wconf 91' lang='lat' dir='ltr'><strong>et</strong></span> <span class='ocrx_word' id='word_1_289' title='bbox 2260 1885 2369 1950; x_wconf 82' lang='lat' dir='ltr'><strong>siti,</strong></span> <span class='ocrx_word' id='word_1_290' title='bbox 2393 1885 2446 1938; x_wconf 89' lang='lat' dir='ltr'><strong>in</strong></span> <span class='ocrx_word' id='word_1_291' title='bbox 2460 1884 2681 1953; x_wconf 78' lang='lat' dir='ltr'><strong>jejuniis</strong></span> <span class='ocrx_word' id='word_1_292' title='bbox 2705 1899 2840 1951; x_wconf 66' lang='lat' dir='ltr'><strong>stupe</strong></span> <span class='ocrx_word' id='word_1_293' title='bbox 2869 1884 2910 1914; x_wconf 83' lang='grc'>⁶¹</span> <span class='ocrx_word' id='word_1_294' title='bbox 2932 1900 2946 1948; x_wconf 90' lang='lat'><strong>;</strong></span> <span class='ocrx_word' id='word_1_295' title='bbox 2971 1892 3024 1936; x_wconf 84' lang='lat' dir='ltr'><strong>ct</strong></span> <span class='ocrx_word' id='word_1_296' title='bbox 3055 1898 3248 1937; x_wconf 86' lang='lat' dir='ltr'><strong>rursus</strong></span> <span class='ocrx_word' id='word_1_297' title='bbox 3282 1900 3295 1935; x_wconf 92' lang='lat'><strong>:</strong></span> <span class='ocrx_word' id='word_1_298' title='bbox 3326 1880 3511 1936; x_wconf 80' lang='lat' dir='ltr'><strong>Omnis</strong></span> 
     </span>
    </p>
   </div>
   <div class='ocr_carea' id='block_1_44' title="bbox 1945 1972 3515 2046">
    <p class='ocr_par' dir='ltr' id='par_1_44' title="bbox 1945 1972 3515 2046">
     <span class='ocr_line' id='line_1_45' title="bbox 1945 1972 3515 2046; baseline -0.003 -16"><span class='ocrx_word' id='word_1_299' title='bbox 1945 1986 2122 2030; x_wconf 87' lang='lat' dir='ltr'><strong>autem</strong></span> <span class='ocrx_word' id='word_1_300' title='bbox 2158 1978 2247 2046; x_wconf 86' lang='lat' dir='ltr'><strong>qui</strong></span> <span class='ocrx_word' id='word_1_301' title='bbox 2288 1977 2341 2030; x_wconf 87' lang='lat' dir='ltr'><strong>in</strong></span> <span class='ocrx_word' id='word_1_302' title='bbox 2376 1991 2540 2046; x_wconf 83' lang='lat' dir='ltr'><strong>agone</strong></span> <span class='ocrx_word' id='word_1_303' title='bbox 2568 1976 2851 2039; x_wconf 85' lang='lat' dir='ltr'><strong>contendit,</strong></span> <span class='ocrx_word' id='word_1_304' title='bbox 2884 1976 2948 2028; x_wconf 89' lang='lat' dir='ltr'><strong>ab</strong></span> <span class='ocrx_word' id='word_1_305' title='bbox 2981 1976 3220 2028; x_wconf 87' lang='lat' dir='ltr'><strong>omnibus</strong></span> <span class='ocrx_word' id='word_1_306' title='bbox 3261 1990 3313 2027; x_wconf 88' lang='lat' dir='ltr'><strong>se</strong></span> <span class='ocrx_word' id='word_1_307' title='bbox 3347 1972 3515 2026; x_wconf 63' lang='lat' dir='ltr'><strong>abstio</strong></span> 
     </span>
    </p>
   </div>
   <div class='ocr_carea' id='block_1_45' title="bbox 1945 2065 3517 2136">
    <p class='ocr_par' dir='ltr' id='par_1_45' title="bbox 1945 2065 3517 2136">
     <span class='ocr_line' id='line_1_46' title="bbox 1945 2065 3517 2136; baseline -0.003 -14"><span class='ocrx_word' id='word_1_308' title='bbox 1945 2078 2029 2122; x_wconf 87' lang='lat' dir='ltr'><strong>net</strong></span> <span class='ocrx_word' id='word_1_309' title='bbox 2063 2069 2128 2122; x_wconf 77' lang='grc'><strong>⁸³.</strong></span> <span class='ocrx_word' id='word_1_310' title='bbox 2164 2067 2320 2122; x_wconf 90' lang='lat' dir='ltr'><strong>Nulla</strong></span> <span class='ocrx_word' id='word_1_311' title='bbox 2368 2077 2547 2121; x_wconf 85' lang='lat' dir='ltr'><strong>autem</strong></span> <span class='ocrx_word' id='word_1_312' title='bbox 2598 2082 2686 2122; x_wconf 91' lang='lat' dir='ltr'><strong>res</strong></span> <span class='ocrx_word' id='word_1_313' title='bbox 2734 2067 2839 2120; x_wconf 86' lang='lat' dir='ltr'><strong>alia</strong></span> <span class='ocrx_word' id='word_1_314' title='bbox 2882 2077 2990 2121; x_wconf 91' lang='lat' dir='ltr'><strong>tam</strong></span> <span class='ocrx_word' id='word_1_315' title='bbox 3043 2082 3242 2136; x_wconf 86' lang='lat' dir='ltr'><strong>corpus</strong></span> <span class='ocrx_word' id='word_1_316' title='bbox 3280 2065 3517 2135; x_wconf 80' lang='lat' dir='ltr'><strong>castigat</strong></span> 
     </span>
    </p>
   </div>
   <div class='ocr_carea' id='block_1_46' title="bbox 1944 2156 3513 2229">
    <p class='ocr_par' dir='ltr' id='par_1_46' title="bbox 1944 2156 3513 2229">
     <span class='ocr_line' id='line_1_47' title="bbox 1944 2156 3513 2229; baseline -0.003 -17"><span class='ocrx_word' id='word_1_317' title='bbox 1944 2174 2108 2229; x_wconf 88' lang='lat' dir='ltr'><strong>quam</strong></span> <span class='ocrx_word' id='word_1_318' title='bbox 2158 2158 2535 2227; x_wconf 87' lang='lat' dir='ltr'><strong>temperantia,</strong></span> <span class='ocrx_word' id='word_1_319' title='bbox 2590 2165 2685 2210; x_wconf 88' lang='lat' dir='ltr'><strong>aut</strong></span> <span class='ocrx_word' id='word_1_320' title='bbox 2734 2156 2868 2210; x_wconf 86' lang='lat' dir='ltr'><strong>illud</strong></span> <span class='ocrx_word' id='word_1_321' title='bbox 2917 2172 3070 2225; x_wconf 61' lang='lat' dir='ltr'><strong>atque</strong></span> <span class='ocrx_word' id='word_1_322' title='bbox 3105 2158 3157 2209; x_wconf 92' lang='lat' dir='ltr'><strong>in</strong></span> <span class='ocrx_word' id='word_1_323' title='bbox 3194 2157 3513 2211; x_wconf 79' lang='lat' dir='ltr'><strong>servitutem</strong></span> 
     </span>
    </p>
   </div>
   <div class='ocr_carea' id='block_1_47' title="bbox 1947 2247 3517 2321">
    <p class='ocr_par' dir='ltr' id='par_1_47' title="bbox 1947 2247 3517 2321">
     <span class='ocr_line' id='line_1_48' title="bbox 1947 2247 3517 2321; baseline -0.002 -17"><span class='ocrx_word' id='word_1_324' title='bbox 1947 2250 2167 2321; x_wconf 82' lang='lat' dir='ltr'><strong>redigit.</strong></span> <span class='ocrx_word' id='word_1_325' title='bbox 2197 2249 2332 2303; x_wconf 88' lang='lat' dir='ltr'><strong>Nam</strong></span> <span class='ocrx_word' id='word_1_326' title='bbox 2360 2249 2668 2317; x_wconf 88' lang='lat' dir='ltr'><strong>jnventutis</strong></span> <span class='ocrx_word' id='word_1_327' title='bbox 2702 2248 2902 2311; x_wconf 89' lang='lat' dir='ltr'><strong>fervor,</strong></span> <span class='ocrx_word' id='word_1_328' title='bbox 2934 2257 2988 2301; x_wconf 90' lang='lat' dir='ltr'><strong>et</strong></span> <span class='ocrx_word' id='word_1_329' title='bbox 3020 2248 3308 2301; x_wconf 84' lang='lat' dir='ltr'><strong>libidinum</strong></span> <span class='ocrx_word' id='word_1_330' title='bbox 3341 2247 3517 2317; x_wconf 89' lang='lat' dir='ltr'><strong>repri-</strong></span> 
     </span>
    </p>
   </div>
   <div class='ocr_carea' id='block_1_48' title="bbox 1950 2336 3518 2407">
    <p class='ocr_par' dir='ltr' id='par_1_48' title="bbox 1950 2336 3518 2407">
     <span class='ocr_line' id='line_1_49' title="bbox 1950 2336 3518 2407; baseline -0.002 -13"><span class='ocrx_word' id='word_1_331' title='bbox 1950 2338 2275 2394; x_wconf 89' lang='lat' dir='ltr'><strong>mendarum</strong></span> <span class='ocrx_word' id='word_1_332' title='bbox 2339 2336 2630 2392; x_wconf 81' lang='lat' dir='ltr'><strong>dillicultas</strong></span> <span class='ocrx_word' id='word_1_333' title='bbox 2700 2339 3063 2407; x_wconf 80' lang='lat' dir='ltr'><strong>temperantia</strong></span> <span class='ocrx_word' id='word_1_334' title='bbox 3127 2337 3285 2407; x_wconf 88' lang='lat' dir='ltr'><strong>quasi</strong></span> <span class='ocrx_word' id='word_1_335' title='bbox 3361 2337 3518 2391; x_wconf 85' lang='lat' dir='ltr'><strong>freno</strong></span> 
     </span>
    </p>
   </div>
   <div class='ocr_carea' id='block_1_49' title="bbox 1944 2428 3515 2501">
    <p class='ocr_par' dir='ltr' id='par_1_49' title="bbox 1944 2428 3515 2501">
     <span class='ocr_line' id='line_1_50' title="bbox 1944 2428 3515 2501; baseline -0.001 -18"><span class='ocrx_word' id='word_1_336' title='bbox 1944 2431 2181 2501; x_wconf 88' lang='lat' dir='ltr'><strong>quodam</strong></span> <span class='ocrx_word' id='word_1_337' title='bbox 2217 2430 2525 2484; x_wconf 84' lang='lat' dir='ltr'><strong>cohibetur.</strong></span> <span class='ocrx_word' id='word_1_338' title='bbox 2548 2428 2673 2483; x_wconf 85' lang='lat' dir='ltr'><strong>Non</strong></span> <span class='ocrx_word' id='word_1_339' title='bbox 2701 2430 2835 2482; x_wconf 87' lang='lat' dir='ltr'><strong>enim</strong></span> <span class='ocrx_word' id='word_1_340' title='bbox 2860 2439 3077 2497; x_wconf 77' lang='lat' dir='ltr'><strong>prosunt</strong></span> <span class='ocrx_word' id='word_1_341' title='bbox 3109 2432 3271 2482; x_wconf 82' lang='lat' dir='ltr'><strong>stulto</strong></span> <span class='ocrx_word' id='word_1_342' title='bbox 3290 2428 3515 2493; x_wconf 79' lang='lat' dir='ltr'><strong>delicite,</strong></span> 
     </span>
    </p>
   </div>
   <div class='ocr_carea' id='block_1_50' title="bbox 1944 2519 3517 2594">
    <p class='ocr_par' dir='ltr' id='par_1_50' title="bbox 1944 2519 3517 2594">
     <span class='ocr_line' id='line_1_51' title="bbox 1944 2519 3517 2594; baseline -0.003 -17"><span class='ocrx_word' id='word_1_343' title='bbox 1944 2524 2103 2594; x_wconf 78' lang='lat' dir='ltr'><strong>juxta</strong></span> <span class='ocrx_word' id='word_1_344' title='bbox 2153 2523 2500 2576; x_wconf 85' lang='lat' dir='ltr'><strong>Salomonem</strong></span> <span class='ocrx_word' id='word_1_345' title='bbox 2534 2522 2600 2572; x_wconf 81' lang='grc'><strong>⁸³.</strong></span> <span class='ocrx_word' id='word_1_346' title='bbox 2638 2521 2847 2590; x_wconf 73' lang='lat' dir='ltr'><strong>Ecquid</strong></span> <span class='ocrx_word' id='word_1_347' title='bbox 2880 2529 3058 2575; x_wconf 90' lang='lat' dir='ltr'><strong>autem</strong></span> <span class='ocrx_word' id='word_1_348' title='bbox 3089 2534 3255 2576; x_wconf 83' lang='lat' dir='ltr'><strong>carne</strong></span> <span class='ocrx_word' id='word_1_349' title='bbox 3286 2520 3340 2573; x_wconf 89' lang='lat' dir='ltr'><strong>in</strong></span> <span class='ocrx_word' id='word_1_350' title='bbox 3381 2519 3517 2574; x_wconf 89' lang='lat' dir='ltr'><strong>deli-</strong></span> 
     </span>
    </p>
   </div>
   <div class='ocr_carea' id='block_1_51' title="bbox 1948 2612 3517 2692">
    <p class='ocr_par' dir='ltr' id='par_1_51' title="bbox 1948 2612 3517 2692">
     <span class='ocr_line' id='line_1_52' title="bbox 1948 2612 3517 2692; baseline -0.003 -22"><span class='ocrx_word' id='word_1_351' title='bbox 1948 2617 2050 2671; x_wconf 89' lang='lat' dir='ltr'><strong>ciis</strong></span> <span class='ocrx_word' id='word_1_352' title='bbox 2076 2617 2327 2692; x_wconf 86' lang='lat' dir='ltr'><strong>degente,</strong></span> <span class='ocrx_word' id='word_1_353' title='bbox 2374 2622 2427 2668; x_wconf 91' lang='lat' dir='ltr'><strong>et</strong></span> <span class='ocrx_word' id='word_1_354' title='bbox 2472 2614 2758 2683; x_wconf 83' lang='lat' dir='ltr'><strong>juventute</strong></span> <span class='ocrx_word' id='word_1_355' title='bbox 2789 2629 2910 2669; x_wconf 87' lang='lat' dir='ltr'><strong>sese</strong></span> <span class='ocrx_word' id='word_1_356' title='bbox 2946 2628 3390 2683; x_wconf 80' lang='lat' dir='ltr'><strong>quoquoversum</strong></span> <span class='ocrx_word' id='word_1_357' title='bbox 3437 2612 3517 2667; x_wconf 80' lang='lat' dir='ltr'><strong>fo—</strong></span> 
     </span>
    </p>
   </div>
   <div class='ocr_carea' id='block_1_52' title="bbox 1948 2706 3519 2778">
    <p class='ocr_par' dir='ltr' id='par_1_52' title="bbox 1948 2706 3519 2778">
     <span class='ocr_line' id='line_1_53' title="bbox 1948 2706 3519 2778; baseline -0.001 -15"><span class='ocrx_word' id='word_1_358' title='bbox 1948 2717 2105 2763; x_wconf 82' lang='lat' dir='ltr'><strong>rente</strong></span> <span class='ocrx_word' id='word_1_359' title='bbox 2157 2710 2379 2763; x_wconf 88' lang='lat' dir='ltr'><strong>stultius</strong></span> <span class='ocrx_word' id='word_1_360' title='bbox 2420 2707 2546 2777; x_wconf 83' lang='lat' dir='ltr'><strong>ﬁngi</strong></span> <span class='ocrx_word' id='word_1_361' title='bbox 2602 2707 2820 2776; x_wconf 86' lang='lat' dir='ltr'><strong>potest?</strong></span> <span class='ocrx_word' id='word_1_362' title='bbox 2846 2706 3185 2778; x_wconf 83' lang='lat' dir='ltr'><strong>Quapmpter</strong></span> <span class='ocrx_word' id='word_1_363' title='bbox 3222 2706 3519 2775; x_wconf 80' lang='lat' dir='ltr'><strong>Apostolus</strong></span> 
     </span>
    </p>
   </div>
   <div class='ocr_carea' id='block_1_53' title="bbox 1949 2795 3519 2867">
    <p class='ocr_par' dir='ltr' id='par_1_53' title="bbox 1949 2795 3519 2867">
     <span class='ocr_line' id='line_1_54' title="bbox 1949 2795 3519 2867; baseline -0.004 -13"><span class='ocrx_word' id='word_1_364' title='bbox 1949 2800 2081 2855; x_wconf 90' lang='lat' dir='ltr'><strong>dicit</strong></span> <span class='ocrx_word' id='word_1_365' title='bbox 2111 2818 2125 2853; x_wconf 88' lang='lat'><strong>:</strong></span> <span class='ocrx_word' id='word_1_366' title='bbox 2162 2798 2228 2852; x_wconf 87' lang='lat' dir='ltr'><strong>Et</strong></span> <span class='ocrx_word' id='word_1_367' title='bbox 2261 2799 2436 2852; x_wconf 86' lang='lat' dir='ltr'><strong>carnis</strong></span> <span class='ocrx_word' id='word_1_368' title='bbox 2479 2815 2659 2851; x_wconf 86' lang='lat' dir='ltr'><strong>curam</strong></span> <span class='ocrx_word' id='word_1_369' title='bbox 2692 2813 2755 2850; x_wconf 86' lang='lat' dir='ltr'><strong>ne</strong></span> <span class='ocrx_word' id='word_1_370' title='bbox 2792 2796 3008 2867; x_wconf 83' lang='lat' dir='ltr'><strong>faciatis</strong></span> <span class='ocrx_word' id='word_1_371' title='bbox 3049 2795 3118 2850; x_wconf 87' lang='lat' dir='ltr'><strong>ad</strong></span> <span class='ocrx_word' id='word_1_372' title='bbox 3152 2796 3519 2865; x_wconf 83' lang='lat' dir='ltr'><strong>concupiscen-</strong></span> 
     </span>
    </p>
   </div>
   <div class='ocr_carea' id='block_1_54' title="bbox 1948 2875 3523 2954">
    <p class='ocr_par' dir='ltr' id='par_1_54' title="bbox 1948 2875 3523 2954">
     <span class='ocr_line' id='line_1_55' title="bbox 1948 2875 3523 2954; baseline -0.002 -11"><span class='ocrx_word' id='word_1_373' title='bbox 1948 2892 2056 2944; x_wconf 86' lang='lat' dir='ltr'><strong>tias</strong></span> <span class='ocrx_word' id='word_1_374' title='bbox 2107 2889 2186 2954; x_wconf 80' lang='lat'><strong>“;</strong></span> <span class='ocrx_word' id='word_1_375' title='bbox 2232 2891 2356 2943; x_wconf 84' lang='lat' dir='ltr'><strong>item</strong></span> <span class='ocrx_word' id='word_1_376' title='bbox 2411 2908 2424 2942; x_wconf 89' lang='lat'><strong>:</strong></span> <span class='ocrx_word' id='word_1_377' title='bbox 2470 2888 2600 2953; x_wconf 62' lang='lat' dir='ltr'><strong>Quae</strong></span> <span class='ocrx_word' id='word_1_378' title='bbox 2638 2889 2692 2941; x_wconf 88' lang='lat' dir='ltr'><strong>in</strong></span> <span class='ocrx_word' id='word_1_379' title='bbox 2735 2886 2935 2941; x_wconf 81' lang='lat' dir='ltr'><strong>deliciis</strong></span> <span class='ocrx_word' id='word_1_380' title='bbox 2970 2895 3067 2950; x_wconf 87' lang='lat' dir='ltr'><strong>est,</strong></span> <span class='ocrx_word' id='word_1_381' title='bbox 3107 2889 3277 2941; x_wconf 82' lang='lat' dir='ltr'><strong>vivens</strong></span> <span class='ocrx_word' id='word_1_382' title='bbox 3302 2875 3523 2940; x_wconf 44' lang='lat' dir='ltr'><strong>&#39;mortua</strong></span> 
     </span>
    </p>
   </div>
   <div class='ocr_carea' id='block_1_55' title="bbox 1948 2977 3518 3049">
    <p class='ocr_par' dir='ltr' id='par_1_55' title="bbox 1948 2977 3518 3049">
     <span class='ocr_line' id='line_1_56' title="bbox 1948 2977 3518 3049; baseline -0.001 -14"><span class='ocrx_word' id='word_1_383' title='bbox 1948 2990 2027 3035; x_wconf 85' lang='lat' dir='ltr'><strong>est</strong></span> <span class='ocrx_word' id='word_1_384' title='bbox 2077 2982 2143 3032; x_wconf 67' lang='grc'><strong>⁸⁸.</strong></span> <span class='ocrx_word' id='word_1_385' title='bbox 2194 2979 2347 3034; x_wconf 85' lang='lat' dir='ltr'><strong>Adde</strong></span> <span class='ocrx_word' id='word_1_386' title='bbox 2396 2981 2540 3049; x_wconf 88' lang='lat' dir='ltr'><strong>quod</strong></span> <span class='ocrx_word' id='word_1_387' title='bbox 2591 2980 2897 3049; x_wconf 82' lang='lat' dir='ltr'><strong>exemplum</strong></span> <span class='ocrx_word' id='word_1_388' title='bbox 2941 2978 3262 3033; x_wconf 86' lang='lat' dir='ltr'><strong>deliciarum</strong></span> <span class='ocrx_word' id='word_1_389' title='bbox 3315 2977 3518 3048; x_wconf 87' lang='lat' dir='ltr'><strong>quibus</strong></span> 
     </span>
    </p>
   </div>
   <div class='ocr_carea' id='block_1_56' title="bbox 262 3068 1846 3148">
    <p class='ocr_par' dir='ltr' id='par_1_56' title="bbox 262 3069 1841 3147">
     <span class='ocr_line' id='line_1_57' title="bbox 262 3069 1841 3147; baseline 0.004 -23"><span class='ocrx_word' id='word_1_390' title='bbox 262 3069 429 3124; x_wconf 80' lang='grc' dir='ltr'>καίαν</span> <span class='ocrx_word' id='word_1_391' title='bbox 449 3072 582 3141; x_wconf 83' lang='grc' dir='ltr'>ἡμῖν</span> <span class='ocrx_word' id='word_1_392' title='bbox 608 3072 706 3143; x_wconf 82' lang='grc' dir='ltr'>τὴν</span> <span class='ocrx_word' id='word_1_393' title='bbox 733 3072 1056 3144; x_wconf 79' lang='grc' dir='ltr'>ἐγκράτειαν</span> <span class='ocrx_word' id='word_1_394' title='bbox 1087 3078 1405 3147; x_wconf 70' lang='grc' dir='ltr'><strong>παρίστησι,</strong></span> <span class='ocrx_word' id='word_1_395' title='bbox 1442 3078 1649 3147; x_wconf 85' lang='grc' dir='ltr'>μήποτε</span> <span class='ocrx_word' id='word_1_396' title='bbox 1680 3079 1841 3131; x_wconf 73' lang='grc' dir='ltr'>ἀκού-</span> 
     </span>
    </p>
   </div>
   <div class='ocr_carea' id='block_1_57' title="bbox 1958 3068 3517 3148">
    <p class='ocr_par' dir='ltr' id='par_1_57' title="bbox 1958 3068 3517 3141">
     <span class='ocr_line' id='line_1_58' title="bbox 1958 3068 3517 3141; baseline -0.004 -14"><span class='ocrx_word' id='word_1_397' title='bbox 1958 3073 2108 3128; x_wconf 82' lang='lat' dir='ltr'><strong>dives</strong></span> <span class='ocrx_word' id='word_1_398' title='bbox 2146 3071 2451 3136; x_wconf 80' lang='lat' dir='ltr'><strong>fruebatur,</strong></span> <span class='ocrx_word' id='word_1_399' title='bbox 2497 3072 2911 3141; x_wconf 85' lang='lat' dir='ltr'><strong>temperantiam</strong></span> <span class='ocrx_word' id='word_1_400' title='bbox 2947 3070 3109 3124; x_wconf 89' lang='lat' dir='ltr'><strong>nobis</strong></span> <span class='ocrx_word' id='word_1_401' title='bbox 3151 3068 3517 3123; x_wconf 82' lang='lat' dir='ltr'><strong>necessariam</strong></span> 
     </span>
    </p>
   </div>
   <div class='ocr_carea' id='block_1_58' title="bbox 265 3160 1843 3235">
    <p class='ocr_par' dir='ltr' id='par_1_58' title="bbox 265 3160 1843 3235">
     <span class='ocr_line' id='line_1_59' title="bbox 265 3160 1843 3235; baseline 0.005 -24"><span class='ocrx_word' id='word_1_402' title='bbox 265 3176 451 3230; x_wconf 78' lang='grc' dir='ltr'>σωμεν</span> <span class='ocrx_word' id='word_1_403' title='bbox 497 3160 526 3213; x_wconf 79' lang='grc' dir='ltr'>ὃ</span> <span class='ocrx_word' id='word_1_404' title='bbox 579 3161 806 3233; x_wconf 61' lang='grc' dir='ltr'><strong>1ικουσεν</strong></span> <span class='ocrx_word' id='word_1_405' title='bbox 851 3163 879 3214; x_wconf 91' lang='lat'><strong>6</strong></span> <span class='ocrx_word' id='word_1_406' title='bbox 917 3161 1207 3226; x_wconf 75' lang='grc' dir='ltr'>πλούσιος,</span> <span class='ocrx_word' id='word_1_407' title='bbox 1243 3163 1326 3216; x_wconf 80' lang='grc' dir='ltr'><strong>ὅτι</strong></span> <span class='ocrx_word' id='word_1_408' title='bbox 1385 3162 1697 3231; x_wconf 80' lang='grc' dir='ltr'><strong>Ἆπέλαϐες</strong></span> <span class='ocrx_word' id='word_1_409' title='bbox 1734 3166 1843 3235; x_wconf 72' lang='grc'>(14)</span> 
     </span>
    </p>
   </div>
   <div class='ocr_carea' id='block_1_59' title="bbox 265 3250 1208 3322">
    <p class='ocr_par' dir='ltr' id='par_1_59' title="bbox 265 3250 1208 3322">
     <span class='ocr_line' id='line_1_60' title="bbox 265 3250 1208 3322; baseline 0.003 -18"><span class='ocrx_word' id='word_1_410' title='bbox 265 3252 341 3306; x_wconf 79' lang='grc' dir='ltr'><em>τὰ</em></span> <span class='ocrx_word' id='word_1_411' title='bbox 377 3250 569 3321; x_wconf 74' lang='grc' dir='ltr'>ἀγαθά</span> <span class='ocrx_word' id='word_1_412' title='bbox 593 3267 709 3307; x_wconf 88' lang='grc' dir='ltr'><em>σου</em></span> <span class='ocrx_word' id='word_1_413' title='bbox 741 3254 811 3305; x_wconf 79' lang='grc' dir='ltr'><strong>ἐν</strong></span> <span class='ocrx_word' id='word_1_414' title='bbox 835 3252 910 3322; x_wconf 78' lang='grc' dir='ltr'><em>τῇ</em></span> <span class='ocrx_word' id='word_1_415' title='bbox 940 3252 1049 3322; x_wconf 74' lang='grc' dir='ltr'><strong>ζωῇ</strong></span> <span class='ocrx_word' id='word_1_416' title='bbox 1073 3270 1208 3309; x_wconf 89' lang='grc' dir='ltr'><em>σου.</em></span> 
     </span>
    </p>
   </div>
   <div class='ocr_carea' id='block_1_60' title="bbox 337 3342 1846 3415">
    <p class='ocr_par' dir='ltr' id='par_1_60' title="bbox 337 3342 1846 3415">
     <span class='ocr_line' id='line_1_61' title="bbox 337 3342 1846 3415; baseline 0 -18"><span class='ocrx_word' id='word_1_417' title='bbox 337 3343 394 3397; x_wconf 73' lang='grc'><em>2.</em></span> <span class='ocrx_word' id='word_1_418' title='bbox 422 3342 615 3407; x_wconf 84' lang='grc' dir='ltr'>Ὅπως</span> <span class='ocrx_word' id='word_1_419' title='bbox 636 3343 693 3397; x_wconf 85' lang='grc' dir='ltr'>δὲ</span> <span class='ocrx_word' id='word_1_420' title='bbox 721 3343 951 3415; x_wconf 73' lang='grc' dir='ltr'>φοϐερὸν</span> <span class='ocrx_word' id='word_1_421' title='bbox 980 3347 1012 3415; x_wconf 81' lang='grc' dir='ltr'>ἡ</span> <span class='ocrx_word' id='word_1_422' title='bbox 1043 3343 1299 3415; x_wconf 84' lang='grc' dir='ltr'>ἀκρασία,</span> <span class='ocrx_word' id='word_1_423' title='bbox 1321 3344 1418 3397; x_wconf 78' lang='grc' dir='ltr'><strong>καὶ</strong></span> <span class='ocrx_word' id='word_1_424' title='bbox 1451 3346 1480 3397; x_wconf 92' lang='lat'><strong>6</strong></span> <span class='ocrx_word' id='word_1_425' title='bbox 1526 3344 1846 3408; x_wconf 80' lang='grc' dir='ltr'>Ἀπόστολος</span> 
     </span>
    </p>
   </div>
   <div class='ocr_carea' id='block_1_61' title="bbox 265 3435 1848 3509">
    <p class='ocr_par' dir='ltr' id='par_1_61' title="bbox 265 3435 1848 3509">
     <span class='ocr_line' id='line_1_62' title="bbox 265 3435 1848 3509; baseline 0 -20"><span class='ocrx_word' id='word_1_426' title='bbox 265 3436 489 3501; x_wconf 74' lang='grc' dir='ltr'>ἔδειξεν,</span> <span class='ocrx_word' id='word_1_427' title='bbox 520 3437 578 3487; x_wconf 81' lang='grc' dir='ltr'>ὲν</span> <span class='ocrx_word' id='word_1_428' title='bbox 609 3438 721 3498; x_wconf 86' lang='grc' dir='ltr'>τοῖς</span> <span class='ocrx_word' id='word_1_429' title='bbox 744 3435 992 3505; x_wconf 85' lang='grc' dir='ltr'>ἱδιὼμασι</span> <span class='ocrx_word' id='word_1_430' title='bbox 1014 3435 1113 3507; x_wconf 77' lang='grc' dir='ltr'><strong>τῆς</strong></span> <span class='ocrx_word' id='word_1_431' title='bbox 1144 3437 1480 3499; x_wconf 88' lang='grc' dir='ltr'>ἀποστασίας</span> <span class='ocrx_word' id='word_1_432' title='bbox 1510 3438 1848 3509; x_wconf 81' lang='grc' dir='ltr'>καταριθμή-</span> 
     </span>
    </p>
   </div>
   <div class='ocr_carea' id='block_1_62' title="bbox 267 3514 1849 3597">
    <p class='ocr_par' dir='ltr' id='par_1_62' title="bbox 267 3514 1849 3597">
     <span class='ocr_line' id='line_1_63' title="bbox 267 3514 1849 3597; baseline -0.001 -17"><span class='ocrx_word' id='word_1_433' title='bbox 267 3543 368 3589; x_wconf 84' lang='grc' dir='ltr'><strong>σας</strong></span> <span class='ocrx_word' id='word_1_434' title='bbox 428 3514 621 3596; x_wconf 75' lang='grc' dir='ltr'>αὐτὴν,</span> <span class='ocrx_word' id='word_1_435' title='bbox 681 3516 789 3580; x_wconf 57' lang='grc' dir='ltr'>καῖ</span> <span class='ocrx_word' id='word_1_436' title='bbox 838 3527 1039 3580; x_wconf 75' lang='grc' dir='ltr'>εἰπών’</span> <span class='ocrx_word' id='word_1_437' title='bbox 1115 3529 1217 3581; x_wconf 87' lang='grc' dir='ltr'><em>Ἐν</em></span> <span class='ocrx_word' id='word_1_438' title='bbox 1272 3528 1561 3597; x_wconf 81' lang='grc' dir='ltr'><strong>ἐσχάταις</strong></span> <span class='ocrx_word' id='word_1_439' title='bbox 1604 3528 1849 3597; x_wconf 69' lang='grc' dir='ltr'><strong>ἡμέραις</strong></span> 
     </span>
    </p>
   </div>
   <div class='ocr_carea' id='block_1_63' title="bbox 266 3617 1850 3687">
    <p class='ocr_par' dir='ltr' id='par_1_63' title="bbox 266 3617 1850 3687">
     <span class='ocr_line' id='line_1_64' title="bbox 266 3617 1850 3687; baseline 0 -16"><span class='ocrx_word' id='word_1_440' title='bbox 266 3617 673 3681; x_wconf 72' lang='grc' dir='ltr'><em>ἐνστήσονται</em></span> <span class='ocrx_word' id='word_1_441' title='bbox 725 3617 917 3687; x_wconf 81' lang='grc' dir='ltr'><em>καιροὶ</em></span> <span class='ocrx_word' id='word_1_442' title='bbox 966 3618 1240 3686; x_wconf 80' lang='grc' dir='ltr'><em>χαλεποί.</em></span> <span class='ocrx_word' id='word_1_443' title='bbox 1287 3619 1566 3671; x_wconf 75' lang='grc' dir='ltr'><em>Ἔσονται</em></span> <span class='ocrx_word' id='word_1_444' title='bbox 1606 3619 1715 3687; x_wconf 72' lang='grc' dir='ltr'>γὰρ</span> <span class='ocrx_word' id='word_1_445' title='bbox 1752 3617 1850 3671; x_wconf 78' lang='grc' dir='ltr'><strong>ἇν-</strong></span> 
     </span>
    </p>
   </div>
   <div class='ocr_carea' id='block_1_64' title="bbox 266 3709 1849 3780">
    <p class='ocr_par' dir='ltr' id='par_1_64' title="bbox 266 3709 1849 3780">
     <span class='ocr_line' id='line_1_65' title="bbox 266 3709 1849 3780; baseline 0.003 -22"><span class='ocrx_word' id='word_1_446' title='bbox 266 3713 487 3777; x_wconf 72' lang='grc' dir='ltr'>ΰρωποι</span> <span class='ocrx_word' id='word_1_447' title='bbox 526 3710 825 3777; x_wconf 70' lang='grc' dir='ltr'><em>φίλαυτοι.</em></span> <span class='ocrx_word' id='word_1_448' title='bbox 890 3710 1001 3762; x_wconf 87' lang='lat' dir='ltr'><strong>Kal</strong></span> <span class='ocrx_word' id='word_1_449' title='bbox 1062 3709 1281 3763; x_wconf 81' lang='grc' dir='ltr'>πλείονα</span> <span class='ocrx_word' id='word_1_450' title='bbox 1324 3709 1849 3780; x_wconf 80' lang='grc' dir='ltr'>ἀπαριθμησάμενος</span> 
     </span>
    </p>
   </div>
   <div class='ocr_carea' id='block_1_65' title="bbox 265 3799 1846 3870">
    <p class='ocr_par' dir='ltr' id='par_1_65' title="bbox 265 3799 1846 3870">
     <span class='ocr_line' id='line_1_66' title="bbox 265 3799 1846 3870; baseline 0.001 -17"><span class='ocrx_word' id='word_1_451' title='bbox 265 3800 365 3870; x_wconf 73' lang='grc' dir='ltr'>τῆς</span> <span class='ocrx_word' id='word_1_452' title='bbox 388 3800 592 3863; x_wconf 84' lang='grc' dir='ltr'>κακίας</span> <span class='ocrx_word' id='word_1_453' title='bbox 621 3799 756 3869; x_wconf 82' lang='grc' dir='ltr'>εἴδη,</span> <span class='ocrx_word' id='word_1_454' title='bbox 792 3801 1036 3870; x_wconf 83' lang='grc' dir='ltr'>ἐπήγαγε</span> <span class='ocrx_word' id='word_1_455' title='bbox 1060 3800 1172 3870; x_wconf 77' lang='grc'>(15)</span> <span class='ocrx_word' id='word_1_456' title='bbox 1194 3817 1207 3830; x_wconf 90' lang='grc'><strong>·</strong></span> <span class='ocrx_word' id='word_1_457' title='bbox 1232 3800 1521 3867; x_wconf 79' lang='grc' dir='ltr'><em>Διάϐολοι,</em></span> <span class='ocrx_word' id='word_1_458' title='bbox 1553 3802 1846 3869; x_wconf 77' lang='grc' dir='ltr'><strong>ἀκρατεῖς.</strong></span> 
     </span>
    </p>
   </div>
   <div class='ocr_carea' id='block_1_66' title="bbox 268 3892 1849 3967">
    <p class='ocr_par' dir='ltr' id='par_1_66' title="bbox 268 3892 1849 3967">
     <span class='ocr_line' id='line_1_67' title="bbox 268 3892 1849 3967; baseline 0.002 -22"><span class='ocrx_word' id='word_1_459' title='bbox 268 3893 431 3946; x_wconf 86' lang='lat' dir='ltr'><strong>Kal6</strong></span> <span class='ocrx_word' id='word_1_460' title='bbox 473 3892 644 3945; x_wconf 84' lang='grc' dir='ltr'>Ἡσαῦ</span> <span class='ocrx_word' id='word_1_461' title='bbox 691 3893 748 3945; x_wconf 82' lang='grc' dir='ltr'><strong>δὲ</strong></span> <span class='ocrx_word' id='word_1_462' title='bbox 787 3893 849 3947; x_wconf 86' lang='grc' dir='ltr'><strong>τὸ</strong></span> <span class='ocrx_word' id='word_1_463' title='bbox 888 3892 1141 3963; x_wconf 86' lang='grc' dir='ltr'>μέγιστον</span> <span class='ocrx_word' id='word_1_464' title='bbox 1185 3893 1293 3945; x_wconf 82' lang='grc' dir='ltr'><strong>τῶν</strong></span> <span class='ocrx_word' id='word_1_465' title='bbox 1338 3894 1524 3947; x_wconf 86' lang='grc' dir='ltr'>κακῶν</span> <span class='ocrx_word' id='word_1_466' title='bbox 1550 3893 1647 3964; x_wconf 86' lang='grc' dir='ltr'><strong>τὴν</strong></span> <span class='ocrx_word' id='word_1_467' title='bbox 1676 3896 1849 3967; x_wconf 85' lang='grc' dir='ltr'>ἀκρα-</span> 
     </span>
    </p>
   </div>
   <div class='ocr_carea' id='block_1_67' title="bbox 272 3983 1849 4058">
    <p class='ocr_par' dir='ltr' id='par_1_67' title="bbox 272 3983 1849 4058">
     <span class='ocr_line' id='line_1_68' title="bbox 272 3983 1849 4058; baseline 0.001 -21"><span class='ocrx_word' id='word_1_468' title='bbox 272 3984 394 4038; x_wconf 77' lang='grc' dir='ltr'>σίαν</span> <span class='ocrx_word' id='word_1_469' title='bbox 427 3985 803 4056; x_wconf 79' lang='grc' dir='ltr'>κατηγορήθη,</span> <span class='ocrx_word' id='word_1_470' title='bbox 832 3986 909 4047; x_wconf 87' lang='grc' dir='ltr'>ὡς</span> <span class='ocrx_word' id='word_1_471' title='bbox 940 3986 1059 4040; x_wconf 78' lang='grc' dir='ltr'>ἀντὶ</span> <span class='ocrx_word' id='word_1_472' title='bbox 1077 3983 1332 4056; x_wconf 81' lang='grc' dir='ltr'><strong>βρώσεως</strong></span> <span class='ocrx_word' id='word_1_473' title='bbox 1366 3988 1495 4057; x_wconf 78' lang='grc' dir='ltr'><strong>μιᾶς</strong></span> <span class='ocrx_word' id='word_1_474' title='bbox 1519 3988 1849 4058; x_wconf 79' lang='grc' dir='ltr'><strong>ἀποδόμενος</strong></span> 
     </span>
    </p>
   </div>
   <div class='ocr_carea' id='block_1_68' title="bbox 271 4076 1849 4149">
    <p class='ocr_par' dir='ltr' id='par_1_68' title="bbox 271 4076 1849 4149">
     <span class='ocr_line' id='line_1_69' title="bbox 271 4076 1849 4149; baseline 0.001 -20"><span class='ocrx_word' id='word_1_475' title='bbox 271 4077 337 4129; x_wconf 80' lang='grc' dir='ltr'><strong>τά</strong></span> <span class='ocrx_word' id='word_1_476' title='bbox 365 4078 729 4149; x_wconf 79' lang='grc' dir='ltr'><strong>πρωτοτόκια.</strong></span> <span class='ocrx_word' id='word_1_477' title='bbox 769 4078 878 4129; x_wconf 85' lang='lat' dir='ltr'><strong>Kal</strong></span> <span class='ocrx_word' id='word_1_478' title='bbox 906 4078 939 4147; x_wconf 80' lang='grc' dir='ltr'>ἡ</span> <span class='ocrx_word' id='word_1_479' title='bbox 976 4076 1165 4148; x_wconf 83' lang='grc' dir='ltr'><em>πρώτη</em></span> <span class='ocrx_word' id='word_1_480' title='bbox 1205 4077 1456 4149; x_wconf 83' lang='grc' dir='ltr'>παρακοὴ</span> <span class='ocrx_word' id='word_1_481' title='bbox 1483 4078 1550 4131; x_wconf 73' lang='grc' dir='ltr'>δι’</span> <span class='ocrx_word' id='word_1_482' title='bbox 1582 4078 1849 4149; x_wconf 82' lang='grc' dir='ltr'>ἀκρασίας</span> 
     </span>
    </p>
   </div>
   <div class='ocr_carea' id='block_1_69' title="bbox 272 4167 1850 4239">
    <p class='ocr_par' dir='ltr' id='par_1_69' title="bbox 272 4167 1850 4239">
     <span class='ocr_line' id='line_1_70' title="bbox 272 4167 1850 4239; baseline -0.001 -19"><span class='ocrx_word' id='word_1_483' title='bbox 272 4167 500 4221; x_wconf 79' lang='grc' dir='ltr'>ἐνέπεσε</span> <span class='ocrx_word' id='word_1_484' title='bbox 555 4167 636 4237; x_wconf 84' lang='grc' dir='ltr'><strong>τῷ</strong></span> <span class='ocrx_word' id='word_1_485' title='bbox 682 4167 972 4239; x_wconf 81' lang='grc' dir='ltr'>ἀνθρώπῳ.</span> <span class='ocrx_word' id='word_1_486' title='bbox 1031 4167 1120 4221; x_wconf 84' lang='grc' dir='ltr'>Ἑν</span> <span class='ocrx_word' id='word_1_487' title='bbox 1173 4168 1469 4239; x_wconf 71' lang='grc' dir='ltr'>ἐγκρατείᾳ</span> <span class='ocrx_word' id='word_1_488' title='bbox 1509 4168 1565 4222; x_wconf 84' lang='grc' dir='ltr'>δὲ</span> <span class='ocrx_word' id='word_1_489' title='bbox 1611 4170 1661 4223; x_wconf 84' lang='grc' dir='ltr'><strong>οἱ</strong></span> <span class='ocrx_word' id='word_1_490' title='bbox 1703 4170 1850 4237; x_wconf 85' lang='grc' dir='ltr'>ἆγιοι</span> 
     </span>
    </p>
   </div>
   <div class='ocr_carea' id='block_1_70' title="bbox 271 4257 1858 4329">
    <p class='ocr_par' dir='ltr' id='par_1_70' title="bbox 271 4257 1858 4329">
     <span class='ocr_line' id='line_1_71' title="bbox 271 4257 1858 4329; baseline 0 -17"><span class='ocrx_word' id='word_1_491' title='bbox 271 4258 477 4321; x_wconf 80' lang='grc' dir='ltr'>πάντες</span> <span class='ocrx_word' id='word_1_492' title='bbox 534 4257 1012 4329; x_wconf 82' lang='grc' dir='ltr'>ἐμαρτυρήθησαν.</span> <span class='ocrx_word' id='word_1_493' title='bbox 1045 4258 1156 4311; x_wconf 80' lang='grc' dir='ltr'><strong>Καὶ</strong></span> <span class='ocrx_word' id='word_1_494' title='bbox 1203 4260 1353 4311; x_wconf 85' lang='grc' dir='ltr'>πᾶσα</span> <span class='ocrx_word' id='word_1_495' title='bbox 1382 4258 1441 4312; x_wconf 83' lang='grc' dir='ltr'>δὲ</span> <span class='ocrx_word' id='word_1_496' title='bbox 1472 4260 1505 4329; x_wconf 86' lang='grc' dir='ltr'><strong>ή</strong></span> <span class='ocrx_word' id='word_1_497' title='bbox 1540 4259 1648 4313; x_wconf 84' lang='grc' dir='ltr'>τῶν</span> <span class='ocrx_word' id='word_1_498' title='bbox 1679 4261 1858 4327; x_wconf 85' lang='grc' dir='ltr'>ἁγίων-</span> 
     </span>
    </p>
   </div>
   <div class='ocr_carea' id='block_1_71' title="bbox 268 4348 1844 4421">
    <p class='ocr_par' dir='ltr' id='par_1_71' title="bbox 268 4348 1844 4421">
     <span class='ocr_line' id='line_1_72' title="bbox 268 4348 1844 4421; baseline -0.001 -18"><span class='ocrx_word' id='word_1_499' title='bbox 268 4351 364 4403; x_wconf 81' lang='grc' dir='ltr'>καὶ</span> <span class='ocrx_word' id='word_1_500' title='bbox 419 4350 708 4421; x_wconf 87' lang='grc' dir='ltr'>μακαρίων</span> <span class='ocrx_word' id='word_1_501' title='bbox 754 4349 888 4421; x_wconf 77' lang='grc' dir='ltr'>ζωὴ,</span> <span class='ocrx_word' id='word_1_502' title='bbox 918 4349 1015 4404; x_wconf 72' lang='grc' dir='ltr'><strong>καὶ</strong></span> <span class='ocrx_word' id='word_1_503' title='bbox 1047 4348 1108 4402; x_wconf 80' lang='grc' dir='ltr'>τὸ</span> <span class='ocrx_word' id='word_1_504' title='bbox 1153 4350 1282 4421; x_wconf 80' lang='grc' dir='ltr'>παρ’</span> <span class='ocrx_word' id='word_1_505' title='bbox 1317 4348 1479 4402; x_wconf 82' lang='grc' dir='ltr'>αὑτοῦ</span> <span class='ocrx_word' id='word_1_506' title='bbox 1510 4348 1606 4402; x_wconf 88' lang='grc' dir='ltr'><strong>τοῦ</strong></span> <span class='ocrx_word' id='word_1_507' title='bbox 1642 4351 1844 4420; x_wconf 80' lang='grc' dir='ltr'>Κυρίου</span> 
     </span>
    </p>
   </div>
   <div class='ocr_carea' id='block_1_72' title="bbox 1948 3157 3524 3229">
    <p class='ocr_par' dir='ltr' id='par_1_72' title="bbox 1948 3157 3524 3229">
     <span class='ocr_line' id='line_1_73' title="bbox 1948 3157 3524 3229; baseline -0.004 -12"><span class='ocrx_word' id='word_1_508' title='bbox 1948 3178 2075 3218; x_wconf 88' lang='lat' dir='ltr'><strong>esse</strong></span> <span class='ocrx_word' id='word_1_509' title='bbox 2136 3162 2425 3225; x_wconf 89' lang='lat' dir='ltr'><strong>ostendat,</strong></span> <span class='ocrx_word' id='word_1_510' title='bbox 2484 3177 2553 3215; x_wconf 89' lang='lat' dir='ltr'><strong>ne</strong></span> <span class='ocrx_word' id='word_1_511' title='bbox 2616 3162 2755 3215; x_wconf 91' lang='lat' dir='ltr'><strong>forte</strong></span> <span class='ocrx_word' id='word_1_512' title='bbox 2813 3161 3100 3215; x_wconf 85' lang='lat' dir='ltr'><strong>audiamus</strong></span> <span class='ocrx_word' id='word_1_513' title='bbox 3164 3159 3310 3229; x_wconf 90' lang='lat' dir='ltr'><strong>quod</strong></span> <span class='ocrx_word' id='word_1_514' title='bbox 3365 3157 3524 3212; x_wconf 84' lang='lat' dir='ltr'><strong>dives</strong></span> 
     </span>
    </p>
   </div>
   <div class='ocr_carea' id='block_1_73' title="bbox 1949 3248 3515 3322">
    <p class='ocr_par' dir='ltr' id='par_1_73' title="bbox 1949 3248 3515 3322">
     <span class='ocr_line' id='line_1_74' title="bbox 1949 3248 3515 3322; baseline -0.004 -12"><span class='ocrx_word' id='word_1_515' title='bbox 1949 3254 2181 3319; x_wconf 83' lang='lat' dir='ltr'><strong>audivit,</strong></span> <span class='ocrx_word' id='word_1_516' title='bbox 2212 3254 2469 3308; x_wconf 86' lang='lat' dir='ltr'><strong>nimirum</strong></span> <span class='ocrx_word' id='word_1_517' title='bbox 2506 3272 2519 3307; x_wconf 95' lang='lat'>:</span> <span class='ocrx_word' id='word_1_518' title='bbox 2550 3252 2808 3322; x_wconf 81' lang='lat' dir='ltr'><strong>Recepisti</strong></span> <span class='ocrx_word' id='word_1_519' title='bbox 2834 3252 2967 3306; x_wconf 88' lang='lat' dir='ltr'><strong>bona</strong></span> <span class='ocrx_word' id='word_1_520' title='bbox 3002 3261 3092 3305; x_wconf 88' lang='lat' dir='ltr'><strong>tua</strong></span> <span class='ocrx_word' id='word_1_521' title='bbox 3116 3253 3171 3305; x_wconf 85' lang='lat' dir='ltr'><strong>in</strong></span> <span class='ocrx_word' id='word_1_522' title='bbox 3202 3251 3307 3305; x_wconf 83' lang='lat' dir='ltr'><strong>vita</strong></span> <span class='ocrx_word' id='word_1_523' title='bbox 3338 3259 3428 3303; x_wconf 76' lang='lat' dir='ltr'><strong>tua</strong></span> <span class='ocrx_word' id='word_1_524' title='bbox 3449 3248 3515 3304; x_wconf 80' lang='lat'><strong>“.</strong></span> 
     </span>
    </p>
   </div>
   <div class='ocr_carea' id='block_1_74' title="bbox 2017 3340 3519 3413">
    <p class='ocr_par' dir='ltr' id='par_1_74' title="bbox 2017 3340 3519 3413">
     <span class='ocr_line' id='line_1_75' title="bbox 2017 3340 3519 3413; baseline -0.003 -14"><span class='ocrx_word' id='word_1_525' title='bbox 2017 3346 2073 3399; x_wconf 75' lang='grc'><em>2.</em></span> <span class='ocrx_word' id='word_1_526' title='bbox 2142 3345 2315 3411; x_wconf 75' lang='lat' dir='ltr'><strong>Quam</strong></span> <span class='ocrx_word' id='word_1_527' title='bbox 2370 3359 2501 3399; x_wconf 81' lang='lat' dir='ltr'><strong>vero</strong></span> <span class='ocrx_word' id='word_1_528' title='bbox 2568 3343 2859 3399; x_wconf 88' lang='lat' dir='ltr'><strong>metuenda</strong></span> <span class='ocrx_word' id='word_1_529' title='bbox 2933 3342 3356 3413; x_wconf 82' lang='lat' dir='ltr'><strong>intemperantia</strong></span> <span class='ocrx_word' id='word_1_530' title='bbox 3424 3340 3519 3404; x_wconf 85' lang='lat' dir='ltr'><strong>sit,</strong></span> 
     </span>
    </p>
   </div>
   <div class='ocr_carea' id='block_1_75' title="bbox 1950 3433 3520 3508">
    <p class='ocr_par' dir='ltr' id='par_1_75' title="bbox 1950 3433 3520 3508">
     <span class='ocr_line' id='line_1_76' title="bbox 1950 3433 3520 3508; baseline -0.008 -13"><span class='ocrx_word' id='word_1_531' title='bbox 1950 3441 2114 3495; x_wconf 91' lang='lat' dir='ltr'><strong>etiam</strong></span> <span class='ocrx_word' id='word_1_532' title='bbox 2141 3437 2441 3508; x_wconf 86' lang='lat' dir='ltr'><strong>Apostolus</strong></span> <span class='ocrx_word' id='word_1_533' title='bbox 2479 3437 2685 3499; x_wconf 91' lang='lat' dir='ltr'><strong>docuit,</strong></span> <span class='ocrx_word' id='word_1_534' title='bbox 2714 3452 2838 3490; x_wconf 86' lang='lat' dir='ltr'><strong>cum</strong></span> <span class='ocrx_word' id='word_1_535' title='bbox 2869 3437 3016 3491; x_wconf 92' lang='lat' dir='ltr'><strong>illam</strong></span> <span class='ocrx_word' id='word_1_536' title='bbox 3041 3433 3348 3489; x_wconf 85' lang='lat' dir='ltr'><strong>numeravit</strong></span> <span class='ocrx_word' id='word_1_537' title='bbox 3378 3433 3520 3487; x_wconf 84' lang='lat' dir='ltr'><strong>inter</strong></span> 
     </span>
    </p>
   </div>
   <div class='ocr_carea' id='block_1_76' title="bbox 1951 3525 3522 3599">
    <p class='ocr_par' dir='ltr' id='par_1_76' title="bbox 1951 3525 3522 3599">
     <span class='ocr_line' id='line_1_77' title="bbox 1951 3525 3522 3599; baseline -0.006 -12"><span class='ocrx_word' id='word_1_538' title='bbox 1951 3532 2282 3587; x_wconf 85' lang='lat' dir='ltr'><strong>defectionis</strong></span> <span class='ocrx_word' id='word_1_539' title='bbox 2337 3530 2729 3599; x_wconf 87' lang='lat' dir='ltr'><strong>proprietates,</strong></span> <span class='ocrx_word' id='word_1_540' title='bbox 2777 3543 2841 3581; x_wconf 83' lang='lat' dir='ltr'><strong>ac</strong></span> <span class='ocrx_word' id='word_1_541' title='bbox 2880 3527 3015 3581; x_wconf 82' lang='lat' dir='ltr'><strong>dixit</strong></span> <span class='ocrx_word' id='word_1_542' title='bbox 3068 3546 3081 3582; x_wconf 91' lang='lat'>:</span> <span class='ocrx_word' id='word_1_543' title='bbox 3129 3525 3193 3580; x_wconf 86' lang='lat' dir='ltr'><strong>In</strong></span> <span class='ocrx_word' id='word_1_544' title='bbox 3220 3526 3522 3579; x_wconf 79' lang='lat' dir='ltr'><strong>novissimis</strong></span> 
     </span>
    </p>
   </div>
   <div class='ocr_carea' id='block_1_77' title="bbox 1950 3618 3521 3689">
    <p class='ocr_par' dir='ltr' id='par_1_77' title="bbox 1950 3618 3521 3689">
     <span class='ocr_line' id='line_1_78' title="bbox 1950 3618 3521 3689; baseline -0.005 -12"><span class='ocrx_word' id='word_1_545' title='bbox 1950 3624 2131 3678; x_wconf 84' lang='lat' dir='ltr'><strong>diebus</strong></span> <span class='ocrx_word' id='word_1_546' title='bbox 2190 3623 2464 3677; x_wconf 84' lang='lat' dir='ltr'><strong>instabunt</strong></span> <span class='ocrx_word' id='word_1_547' title='bbox 2528 3631 2757 3689; x_wconf 83' lang='lat' dir='ltr'><strong>tempora</strong></span> <span class='ocrx_word' id='word_1_548' title='bbox 2809 3620 3121 3689; x_wconf 86' lang='lat' dir='ltr'><strong>periculosa.</strong></span> <span class='ocrx_word' id='word_1_549' title='bbox 3165 3618 3337 3672; x_wconf 85' lang='lat' dir='ltr'><strong>Erunt</strong></span> <span class='ocrx_word' id='word_1_550' title='bbox 3379 3618 3521 3671; x_wconf 87' lang='lat' dir='ltr'><strong>enim</strong></span> 
     </span>
    </p>
   </div>
   <div class='ocr_carea' id='block_1_78' title="bbox 1948 3710 3516 3781">
    <p class='ocr_par' dir='ltr' id='par_1_78' title="bbox 1948 3710 3516 3781">
     <span class='ocr_line' id='line_1_79' title="bbox 1948 3710 3516 3781; baseline -0.001 -15"><span class='ocrx_word' id='word_1_551' title='bbox 1948 3714 2181 3768; x_wconf 83' lang='lat' dir='ltr'><strong>homines</strong></span> <span class='ocrx_word' id='word_1_552' title='bbox 2241 3714 2437 3781; x_wconf 82' lang='lat' dir='ltr'><strong>seipsos</strong></span> <span class='ocrx_word' id='word_1_553' title='bbox 2491 3720 2726 3766; x_wconf 86' lang='lat' dir='ltr'><strong>amantes</strong></span> <span class='ocrx_word' id='word_1_554' title='bbox 2749 3713 2813 3765; x_wconf 78' lang='grc'><strong>⁸⁷.</strong></span> <span class='ocrx_word' id='word_1_555' title='bbox 2848 3712 2925 3766; x_wconf 84' lang='lat' dir='ltr'><strong>Ac</strong></span> <span class='ocrx_word' id='word_1_556' title='bbox 2957 3711 3206 3780; x_wconf 87' lang='lat' dir='ltr'><strong>pluribus</strong></span> <span class='ocrx_word' id='word_1_557' title='bbox 3259 3710 3516 3780; x_wconf 70' lang='lat' dir='ltr'><strong>nequitiae</strong></span> 
     </span>
    </p>
   </div>
   <div class='ocr_carea' id='block_1_79' title="bbox 1952 3800 3518 3877">
    <p class='ocr_par' dir='ltr' id='par_1_79' title="bbox 1952 3800 3518 3877">
     <span class='ocr_line' id='line_1_80' title="bbox 1952 3800 3518 3877; baseline -0.003 -17"><span class='ocrx_word' id='word_1_558' title='bbox 1952 3805 2245 3877; x_wconf 79' lang='lat' dir='ltr'><strong>generibus</strong></span> <span class='ocrx_word' id='word_1_559' title='bbox 2292 3802 2598 3865; x_wconf 88' lang='lat' dir='ltr'><strong>recensitis,</strong></span> <span class='ocrx_word' id='word_1_560' title='bbox 2638 3802 2922 3871; x_wconf 75' lang='lat' dir='ltr'><strong>subjunxit</strong></span> <span class='ocrx_word' id='word_1_561' title='bbox 2954 3820 2966 3855; x_wconf 92' lang='lat'><strong>:</strong></span> <span class='ocrx_word' id='word_1_562' title='bbox 3002 3800 3404 3863; x_wconf 85' lang='lat' dir='ltr'><strong>Criminatores,</strong></span> <span class='ocrx_word' id='word_1_563' title='bbox 3435 3801 3518 3854; x_wconf 75' lang='lat' dir='ltr'><strong>in-</strong></span> 
     </span>
    </p>
   </div>
   <div class='ocr_carea' id='block_1_80' title="bbox 1952 3893 3518 3967">
    <p class='ocr_par' dir='ltr' id='par_1_80' title="bbox 1952 3893 3518 3967">
     <span class='ocr_line' id='line_1_81' title="bbox 1952 3893 3518 3967; baseline -0.004 -15"><span class='ocrx_word' id='word_1_564' title='bbox 1952 3904 2298 3967; x_wconf 84' lang='lat' dir='ltr'><strong>temperantes</strong></span> <span class='ocrx_word' id='word_1_565' title='bbox 2356 3896 2423 3949; x_wconf 74' lang='lat'><strong>“.</strong></span> <span class='ocrx_word' id='word_1_566' title='bbox 2467 3895 2648 3965; x_wconf 82' lang='lat' dir='ltr'><strong>Atque</strong></span> <span class='ocrx_word' id='word_1_567' title='bbox 2693 3893 2836 3947; x_wconf 87' lang='lat' dir='ltr'><strong>Esau</strong></span> <span class='ocrx_word' id='word_1_568' title='bbox 2888 3893 3049 3948; x_wconf 90' lang='lat' dir='ltr'><strong>etiam</strong></span> <span class='ocrx_word' id='word_1_569' title='bbox 3100 3893 3518 3963; x_wconf 82' lang='lat' dir='ltr'><strong>intemperantia</strong></span> 
     </span>
    </p>
   </div>
   <div class='ocr_carea' id='block_1_81' title="bbox 1949 3984 3525 4054">
    <p class='ocr_par' dir='ltr' id='par_1_81' title="bbox 1949 3984 3525 4054">
     <span class='ocr_line' id='line_1_82' title="bbox 1949 3984 3525 4054; baseline -0.003 -11"><span class='ocrx_word' id='word_1_570' title='bbox 1949 4004 2050 4043; x_wconf 90' lang='lat' dir='ltr'><strong>ceu</strong></span> <span class='ocrx_word' id='word_1_571' title='bbox 2101 3986 2247 4040; x_wconf 89' lang='lat' dir='ltr'><strong>malo</strong></span> <span class='ocrx_word' id='word_1_572' title='bbox 2303 3985 2543 4040; x_wconf 79' lang='lat' dir='ltr'><strong>maximo</strong></span> <span class='ocrx_word' id='word_1_573' title='bbox 2601 3990 2891 4040; x_wconf 85' lang='lat' dir='ltr'><strong>accusatus</strong></span> <span class='ocrx_word' id='word_1_574' title='bbox 2944 3991 3050 4048; x_wconf 87' lang='lat' dir='ltr'><strong>est,</strong></span> <span class='ocrx_word' id='word_1_575' title='bbox 3107 3984 3525 4054; x_wconf 76' lang='lat' dir='ltr'><strong>tanquam.qni</strong></span> 
     </span>
    </p>
   </div>
   <div class='ocr_carea' id='block_1_82' title="bbox 1950 4073 3519 4148">
    <p class='ocr_par' dir='ltr' id='par_1_82' title="bbox 1950 4073 3519 4148">
     <span class='ocr_line' id='line_1_83' title="bbox 1950 4073 3519 4148; baseline -0.004 -16"><span class='ocrx_word' id='word_1_576' title='bbox 1950 4078 2153 4148; x_wconf 86' lang='lat' dir='ltr'><strong>prioris</strong></span> <span class='ocrx_word' id='word_1_577' title='bbox 2192 4084 2354 4131; x_wconf 87' lang='lat' dir='ltr'><strong>ortus</strong></span> <span class='ocrx_word' id='word_1_578' title='bbox 2379 4074 2504 4145; x_wconf 84' lang='lat' dir='ltr'><strong>jura</strong></span> <span class='ocrx_word' id='word_1_579' title='bbox 2551 4089 2652 4146; x_wconf 88' lang='lat' dir='ltr'><strong>pro</strong></span> <span class='ocrx_word' id='word_1_580' title='bbox 2692 4089 2806 4128; x_wconf 90' lang='lat' dir='ltr'><strong>uno</strong></span> <span class='ocrx_word' id='word_1_581' title='bbox 2846 4073 3030 4129; x_wconf 89' lang='lat' dir='ltr'><strong>edulio</strong></span> <span class='ocrx_word' id='word_1_582' title='bbox 3079 4073 3414 4129; x_wconf 85' lang='lat' dir='ltr'><strong>vendidisset</strong></span> <span class='ocrx_word' id='word_1_583' title='bbox 3451 4074 3519 4127; x_wconf 70' lang='grc' dir='ltr'><strong>θ’.</strong></span> 
     </span>
    </p>
   </div>
   <div class='ocr_carea' id='block_1_83' title="bbox 1954 4163 3523 4235">
    <p class='ocr_par' dir='ltr' id='par_1_83' title="bbox 1954 4163 3523 4235">
     <span class='ocr_line' id='line_1_84' title="bbox 1954 4163 3523 4235; baseline 0 -18"><span class='ocrx_word' id='word_1_584' title='bbox 1954 4163 2225 4219; x_wconf 68' lang='lat' dir='ltr'><strong>Prazterca</strong></span> <span class='ocrx_word' id='word_1_585' title='bbox 2286 4180 2384 4235; x_wconf 87' lang='lat' dir='ltr'><strong>per</strong></span> <span class='ocrx_word' id='word_1_586' title='bbox 2439 4164 2916 4233; x_wconf 84' lang='lat' dir='ltr'><strong>intemperantiam</strong></span> <span class='ocrx_word' id='word_1_587' title='bbox 2976 4164 3147 4234; x_wconf 61' lang='lat' dir='ltr'><strong>carpit</strong></span> <span class='ocrx_word' id='word_1_588' title='bbox 3197 4164 3358 4219; x_wconf 84' lang='lat' dir='ltr'><strong>homo</strong></span> <span class='ocrx_word' id='word_1_589' title='bbox 3413 4179 3523 4218; x_wconf 92' lang='lat' dir='ltr'><strong>non</strong></span> 
     </span>
    </p>
   </div>
   <div class='ocr_carea' id='block_1_84' title="bbox 1952 4254 3529 4327">
    <p class='ocr_par' dir='ltr' id='par_1_84' title="bbox 1952 4254 3529 4327">
     <span class='ocr_line' id='line_1_85' title="bbox 1952 4254 3529 4327; baseline -0.001 -16"><span class='ocrx_word' id='word_1_590' title='bbox 1952 4256 2354 4326; x_wconf 81' lang='lat' dir='ltr'><strong>obtemperare.</strong></span> <span class='ocrx_word' id='word_1_591' title='bbox 2396 4254 2467 4309; x_wconf 86' lang='lat' dir='ltr'><strong>At</strong></span> <span class='ocrx_word' id='word_1_592' title='bbox 2509 4257 2687 4309; x_wconf 86' lang='lat' dir='ltr'><strong>sancti</strong></span> <span class='ocrx_word' id='word_1_593' title='bbox 2724 4257 3325 4327; x_wconf 68' lang='lat' dir='ltr'><strong>omnestemperantia:</strong></span> <span class='ocrx_word' id='word_1_594' title='bbox 3367 4255 3529 4310; x_wconf 86' lang='lat' dir='ltr'><strong>laude</strong></span> 
     </span>
    </p>
   </div>
   <div class='ocr_carea' id='block_1_85' title="bbox 1957 4345 3525 4416">
    <p class='ocr_par' dir='ltr' id='par_1_85' title="bbox 1957 4345 3525 4416">
     <span class='ocr_line' id='line_1_86' title="bbox 1957 4345 3525 4416; baseline -0.001 -16"><span class='ocrx_word' id='word_1_595' title='bbox 1957 4345 2180 4401; x_wconf 86' lang='lat' dir='ltr'><strong>fuerunt</strong></span> <span class='ocrx_word' id='word_1_596' title='bbox 2235 4346 2484 4415; x_wconf 85' lang='lat' dir='ltr'><strong>spectati.</strong></span> <span class='ocrx_word' id='word_1_597' title='bbox 2518 4347 2633 4400; x_wconf 86' lang='lat' dir='ltr'><strong>lmo</strong></span> <span class='ocrx_word' id='word_1_598' title='bbox 2663 4346 2847 4416; x_wconf 89' lang='lat' dir='ltr'><strong>potius</strong></span> <span class='ocrx_word' id='word_1_599' title='bbox 2885 4347 3066 4402; x_wconf 90' lang='lat' dir='ltr'><strong>omnis</strong></span> <span class='ocrx_word' id='word_1_600' title='bbox 3102 4355 3415 4401; x_wconf 88' lang='lat' dir='ltr'><strong>sanctorum</strong></span> <span class='ocrx_word' id='word_1_601' title='bbox 3459 4363 3525 4400; x_wconf 87' lang='lat' dir='ltr'><strong>ac</strong></span> 
     </span>
    </p>
   </div>
   <div class='ocr_carea' id='block_1_86' title="bbox 267 4436 1846 4513">
    <p class='ocr_par' dir='ltr' id='par_1_86' title="bbox 267 4440 1846 4513">
     <span class='ocr_line' id='line_1_87' title="bbox 267 4440 1846 4513; baseline 0 -19"><span class='ocrx_word' id='word_1_602' title='bbox 267 4443 417 4513; x_wconf 78' lang='grc' dir='ltr'>ἐντῇ</span> <span class='ocrx_word' id='word_1_603' title='bbox 452 4442 721 4513; x_wconf 81' lang='grc' dir='ltr'>ἐπιδημία</span> <span class='ocrx_word' id='word_1_604' title='bbox 770 4444 836 4513; x_wconf 85' lang='grc' dir='ltr'>τῇ</span> <span class='ocrx_word' id='word_1_605' title='bbox 886 4440 974 4495; x_wconf 87' lang='grc' dir='ltr'>διὰ</span> <span class='ocrx_word' id='word_1_606' title='bbox 1001 4441 1202 4513; x_wconf 85' lang='grc' dir='ltr'>σαρκὸς</span> <span class='ocrx_word' id='word_1_607' title='bbox 1226 4441 1337 4511; x_wconf 85' lang='grc'>(16)</span> <span class='ocrx_word' id='word_1_608' title='bbox 1373 4440 1677 4512; x_wconf 82' lang='grc' dir='ltr'>ὑπόδειγμα</span> <span class='ocrx_word' id='word_1_609' title='bbox 1712 4442 1846 4511; x_wconf 62' lang='grc' dir='ltr'>πρὸς</span> 
     </span>
    </p>
   </div>
   <div class='ocr_carea' id='block_1_87' title="bbox 1958 4436 3526 4513">
    <p class='ocr_par' dir='ltr' id='par_1_87' title="bbox 1963 4437 3526 4509">
     <span class='ocr_line' id='line_1_88' title="bbox 1963 4437 3526 4509; baseline -0.002 -13"><span class='ocrx_word' id='word_1_610' title='bbox 1963 4439 2249 4496; x_wconf 87' lang='lat' dir='ltr'><strong>beatorum</strong></span> <span class='ocrx_word' id='word_1_611' title='bbox 2300 4438 2410 4491; x_wconf 87' lang='lat' dir='ltr'><strong>vita</strong></span> <span class='ocrx_word' id='word_1_612' title='bbox 2434 4478 2448 4500; x_wconf 91' lang='lat'><strong>,</strong></span> <span class='ocrx_word' id='word_1_613' title='bbox 2508 4437 2789 4509; x_wconf 80' lang='lat' dir='ltr'><strong>ipsiuSque</strong></span> <span class='ocrx_word' id='word_1_614' title='bbox 2830 4438 3044 4495; x_wconf 89' lang='lat' dir='ltr'><strong>Domini</strong></span> <span class='ocrx_word' id='word_1_615' title='bbox 3094 4440 3148 4494; x_wconf 90' lang='lat' dir='ltr'><strong>in</strong></span> <span class='ocrx_word' id='word_1_616' title='bbox 3187 4455 3350 4495; x_wconf 83' lang='lat' dir='ltr'><strong>carne</strong></span> <span class='ocrx_word' id='word_1_617' title='bbox 3387 4454 3526 4509; x_wconf 84' lang='lat' dir='ltr'><strong>prae-</strong></span> 
     </span>
    </p>
   </div>
   <div class='ocr_carea' id='block_1_88' title="bbox 338 4618 1846 4687">
    <p class='ocr_par' dir='ltr' id='par_1_88' title="bbox 338 4618 1846 4684">
     <span class='ocr_line' id='line_1_89' title="bbox 338 4618 1846 4684; baseline 0.001 -10"><span class='ocrx_word' id='word_1_618' title='bbox 338 4621 385 4654; x_wconf 74' lang='lat'><strong>”</strong></span> <span class='ocrx_word' id='word_1_619' title='bbox 425 4618 607 4674; x_wconf 84' lang='lat' dir='ltr'><strong>Galat.</strong></span> <span class='ocrx_word' id='word_1_620' title='bbox 646 4636 700 4683; x_wconf 85' lang='lat' dir='ltr'><strong>v,</strong></span> <span class='ocrx_word' id='word_1_621' title='bbox 734 4619 825 4673; x_wconf 74' lang='lat'><strong>23.</strong></span> <span class='ocrx_word' id='word_1_622' title='bbox 904 4620 949 4652; x_wconf 83' lang='grc'><strong>⁸⁸</strong></span> <span class='ocrx_word' id='word_1_623' title='bbox 990 4619 1032 4676; x_wconf 95' lang='lat' dir='ltr'><strong>ll</strong></span> <span class='ocrx_word' id='word_1_624' title='bbox 1066 4621 1189 4676; x_wconf 90' lang='lat' dir='ltr'><strong>Cor.</strong></span> <span class='ocrx_word' id='word_1_625' title='bbox 1228 4637 1306 4684; x_wconf 81' lang='lat' dir='ltr'><strong>vi,</strong></span> <span class='ocrx_word' id='word_1_626' title='bbox 1344 4621 1397 4675; x_wconf 87' lang='lat'><strong>5.</strong></span> <span class='ocrx_word' id='word_1_627' title='bbox 1478 4620 1522 4652; x_wconf 81' lang='grc'><strong>⁶¹</strong></span> <span class='ocrx_word' id='word_1_628' title='bbox 1566 4618 1608 4673; x_wconf 88' lang='lat' dir='ltr'><strong>ll</strong></span> <span class='ocrx_word' id='word_1_629' title='bbox 1642 4620 1769 4675; x_wconf 88' lang='lat' dir='ltr'><strong>Cor.</strong></span> <span class='ocrx_word' id='word_1_630' title='bbox 1802 4637 1846 4675; x_wconf 81' lang='lat' dir='ltr'><strong>xl</strong></span> 
     </span>
    </p>
   </div>
   <div class='ocr_carea' id='block_1_89' title="bbox 1958 4618 3525 4687">
    <p class='ocr_par' dir='ltr' id='par_1_89' title="bbox 1958 4619 3525 4687">
     <span class='ocr_line' id='line_1_90' title="bbox 1958 4619 3525 4687; baseline 0.002 -12"><span class='ocrx_word' id='word_1_631' title='bbox 1958 4621 2017 4677; x_wconf 82' lang='lat'><strong>7.</strong></span> <span class='ocrx_word' id='word_1_632' title='bbox 2089 4624 2134 4654; x_wconf 80' lang='grc'><strong>⁶²</strong></span> <span class='ocrx_word' id='word_1_633' title='bbox 2175 4623 2189 4675; x_wconf 93' lang='lat' dir='ltr'><strong>l</strong></span> <span class='ocrx_word' id='word_1_634' title='bbox 2226 4619 2355 4676; x_wconf 87' lang='lat' dir='ltr'><strong>Cor.</strong></span> <span class='ocrx_word' id='word_1_635' title='bbox 2399 4636 2473 4685; x_wconf 78' lang='lat' dir='ltr'><strong>ix,</strong></span> <span class='ocrx_word' id='word_1_636' title='bbox 2507 4620 2599 4676; x_wconf 72' lang='grc'><strong>25.</strong></span> <span class='ocrx_word' id='word_1_637' title='bbox 2677 4621 2723 4653; x_wconf 80' lang='grc'><strong><em>⁸³</em></strong></span> <span class='ocrx_word' id='word_1_638' title='bbox 2763 4621 2924 4678; x_wconf 87' lang='lat' dir='ltr'><strong>Prov.</strong></span> <span class='ocrx_word' id='word_1_639' title='bbox 2957 4640 3080 4687; x_wconf 75' lang='lat' dir='ltr'><strong>nr,</strong></span> <span class='ocrx_word' id='word_1_640' title='bbox 3116 4624 3203 4678; x_wconf 88' lang='grc'><strong>10.</strong></span> <span class='ocrx_word' id='word_1_641' title='bbox 3279 4625 3321 4655; x_wconf 79' lang='grc'><strong>⁸⁸</strong></span> <span class='ocrx_word' id='word_1_642' title='bbox 3364 4622 3525 4680; x_wconf 75' lang='lat' dir='ltr'><strong>Rom.</strong></span> 
     </span>
    </p>
   </div>
   <div class='ocr_carea' id='block_1_90' title="bbox 270 4687 1846 4761">
    <p class='ocr_par' dir='ltr' id='par_1_90' title="bbox 270 4687 1846 4758">
     <span class='ocr_line' id='line_1_91' title="bbox 270 4687 1846 4758; baseline -0.001 -12"><span class='ocrx_word' id='word_1_643' title='bbox 270 4706 405 4755; x_wconf 73' lang='lat' dir='ltr'><strong>nu,</strong></span> <span class='ocrx_word' id='word_1_644' title='bbox 446 4690 537 4745; x_wconf 74' lang='grc'><strong>14.</strong></span> <span class='ocrx_word' id='word_1_645' title='bbox 616 4689 661 4721; x_wconf 79' lang='grc'><strong>⁸⁸</strong></span> <span class='ocrx_word' id='word_1_646' title='bbox 699 4687 719 4742; x_wconf 83' lang='grc'><strong>1</strong></span> <span class='ocrx_word' id='word_1_647' title='bbox 754 4689 897 4746; x_wconf 88' lang='lat' dir='ltr'><strong>Tim.</strong></span> <span class='ocrx_word' id='word_1_648' title='bbox 934 4707 987 4757; x_wconf 72' lang='grc' dir='ltr'>ν,</span> <span class='ocrx_word' id='word_1_649' title='bbox 1022 4691 1075 4746; x_wconf 85' lang='grc'><em>6.</em></span> <span class='ocrx_word' id='word_1_650' title='bbox 1155 4692 1200 4723; x_wconf 82' lang='grc'>⁸⁸</span> <span class='ocrx_word' id='word_1_651' title='bbox 1240 4690 1373 4747; x_wconf 89' lang='lat' dir='ltr'><strong>Luc.</strong></span> <span class='ocrx_word' id='word_1_652' title='bbox 1411 4704 1540 4758; x_wconf 60' lang='grc' dir='ltr'><strong>ιν»,</strong></span> <span class='ocrx_word' id='word_1_653' title='bbox 1574 4691 1665 4745; x_wconf 77' lang='grc'><strong>25.</strong></span> <span class='ocrx_word' id='word_1_654' title='bbox 1745 4692 1788 4724; x_wconf 81' lang='grc'><strong>⁸⁷</strong></span> <span class='ocrx_word' id='word_1_655' title='bbox 1836 4692 1846 4745; x_wconf 94' lang='lat' dir='ltr'><strong>l</strong></span> 
     </span>
    </p>
   </div>
   <div class='ocr_carea' id='block_1_91' title="bbox 1958 4687 3351 4761">
    <p class='ocr_par' dir='ltr' id='par_1_91' title="bbox 1958 4692 3351 4761">
     <span class='ocr_line' id='line_1_92' title="bbox 1958 4692 3351 4761; baseline 0 -13"><span class='ocrx_word' id='word_1_656' title='bbox 1958 4695 2060 4748; x_wconf 82' lang='lat' dir='ltr'><strong>&#39;im.</strong></span> <span class='ocrx_word' id='word_1_657' title='bbox 2099 4708 2194 4757; x_wconf 86' lang='lat' dir='ltr'><strong>Ill,</strong></span> <span class='ocrx_word' id='word_1_658' title='bbox 2230 4695 2297 4758; x_wconf 88' lang='grc'>1,</span> <span class='ocrx_word' id='word_1_659' title='bbox 2328 4694 2381 4745; x_wconf 75' lang='lat'><strong>‘2.</strong></span> <span class='ocrx_word' id='word_1_660' title='bbox 2461 4692 2506 4723; x_wconf 77' lang='grc'><strong>⁸⁸</strong></span> <span class='ocrx_word' id='word_1_661' title='bbox 2548 4692 2678 4747; x_wconf 84' lang='lat' dir='ltr'><strong>ibid.</strong></span> <span class='ocrx_word' id='word_1_662' title='bbox 2714 4693 2767 4746; x_wconf 78' lang='lat'><strong>5.</strong></span> <span class='ocrx_word' id='word_1_663' title='bbox 2847 4694 2892 4724; x_wconf 81' lang='lat'>“</span> <span class='ocrx_word' id='word_1_664' title='bbox 2930 4692 3065 4748; x_wconf 86' lang='lat' dir='ltr'><strong>Gen.</strong></span> <span class='ocrx_word' id='word_1_665' title='bbox 3101 4711 3226 4761; x_wconf 75' lang='lat' dir='ltr'><strong>xxv,</strong></span> <span class='ocrx_word' id='word_1_666' title='bbox 3262 4694 3351 4748; x_wconf 79' lang='grc'><strong>53.</strong></span> 
     </span>
    </p>
   </div>
   <div class='ocr_carea' id='block_1_92' title="bbox 342 4846 1857 4932">
    <p class='ocr_par' dir='ltr' id='par_1_92' title="bbox 342 4846 1857 4932">
     <span class='ocr_line' id='line_1_93' title="bbox 342 4846 1857 4932; baseline 0.002 -32"><span class='ocrx_word' id='word_1_667' title='bbox 342 4849 460 4932; x_wconf 45' lang='lat' dir='ltr'><strong>(tu)</strong></span> <span class='ocrx_word' id='word_1_668' title='bbox 511 4847 642 4932; x_wconf 70' lang='lat' dir='ltr'><strong>Reg.</strong></span> <span class='ocrx_word' id='word_1_669' title='bbox 692 4850 893 4932; x_wconf 63' lang='lat' dir='ltr'><strong>tertius</strong></span> <span class='ocrx_word' id='word_1_670' title='bbox 955 4851 1345 4932; x_wconf 58' lang='grc' dir='ltr'><strong>ἐνςιιριθμῆσαεζ</strong></span> <span class='ocrx_word' id='word_1_671' title='bbox 1396 4846 1513 4932; x_wconf 78' lang='lat' dir='ltr'><strong>Vox</strong></span> <span class='ocrx_word' id='word_1_672' title='bbox 1561 4849 1857 4932; x_wconf 67' lang='grc' dir='ltr'>ἐγκράτεια</span> 
     </span>
    </p>
   </div>
   <div class='ocr_carea' id='block_1_93' title="bbox 273 4917 1856 4991">
    <p class='ocr_par' dir='ltr' id='par_1_93' title="bbox 273 4917 1856 4991">
     <span class='ocr_line' id='line_1_94' title="bbox 273 4917 1856 4991; baseline 0.001 -16"><span class='ocrx_word' id='word_1_673' title='bbox 273 4917 467 4975; x_wconf 84' lang='lat' dir='ltr'><strong>multis</strong></span> <span class='ocrx_word' id='word_1_674' title='bbox 486 4917 667 4991; x_wconf 82' lang='lat' dir='ltr'><strong>modis</strong></span> <span class='ocrx_word' id='word_1_675' title='bbox 691 4917 886 4975; x_wconf 89' lang='lat' dir='ltr'><strong>Latine</strong></span> <span class='ocrx_word' id='word_1_676' title='bbox 906 4917 1066 4976; x_wconf 84' lang='lat' dir='ltr'><strong>reddi</strong></span> <span class='ocrx_word' id='word_1_677' title='bbox 1082 4917 1283 4991; x_wconf 79' lang='lat' dir='ltr'><strong>potest.</strong></span> <span class='ocrx_word' id='word_1_678' title='bbox 1304 4917 1561 4991; x_wconf 83' lang='lat' dir='ltr'><strong>Fortasse</strong></span> <span class='ocrx_word' id='word_1_679' title='bbox 1582 4917 1692 4991; x_wconf 83' lang='lat' dir='ltr'><strong>non</strong></span> <span class='ocrx_word' id='word_1_680' title='bbox 1716 4921 1856 4977; x_wconf 88' lang='lat' dir='ltr'><strong>male</strong></span> 
     </span>
    </p>
   </div>
   <div class='ocr_carea' id='block_1_94' title="bbox 275 4989 1855 5059">
    <p class='ocr_par' dir='ltr' id='par_1_94' title="bbox 275 4989 1855 5059">
     <span class='ocr_line' id='line_1_95' title="bbox 275 4989 1855 5059; baseline -0.001 -14"><span class='ocrx_word' id='word_1_681' title='bbox 275 4990 748 5056; x_wconf 69' lang='lat' dir='ltr'><strong>interpretabitur,</strong></span> <span class='ocrx_word' id='word_1_682' title='bbox 782 4991 876 5059; x_wconf 91' lang='lat' dir='ltr'><strong>qui</strong></span> <span class='ocrx_word' id='word_1_683' title='bbox 908 5006 1025 5045; x_wconf 87' lang='lat' dir='ltr'><strong>eam</strong></span> <span class='ocrx_word' id='word_1_684' title='bbox 1059 4989 1164 5046; x_wconf 68' lang='lat' dir='ltr'><strong>hoc</strong></span> <span class='ocrx_word' id='word_1_685' title='bbox 1196 4991 1317 5045; x_wconf 88' lang='lat' dir='ltr'><strong>loco</strong></span> <span class='ocrx_word' id='word_1_686' title='bbox 1340 5005 1440 5059; x_wconf 89' lang='lat' dir='ltr'><strong>pro</strong></span> <span class='ocrx_word' id='word_1_687' title='bbox 1463 4989 1855 5059; x_wconf 78' lang='lat' dir='ltr'><strong>cibiabstinen-</strong></span> 
     </span>
    </p>
   </div>
   <div class='ocr_carea' id='block_1_95' title="bbox 276 5058 1862 5143">
    <p class='ocr_par' dir='ltr' id='par_1_95' title="bbox 276 5058 1862 5143">
     <span class='ocr_line' id='line_1_96' title="bbox 276 5058 1862 5143; baseline -0.003 -28"><span class='ocrx_word' id='word_1_688' title='bbox 276 5063 355 5115; x_wconf 77' lang='lat' dir='ltr'><strong>tia</strong></span> <span class='ocrx_word' id='word_1_689' title='bbox 384 5067 588 5143; x_wconf 68' lang='lat' dir='ltr'><strong>sumet.</strong></span> <span class='ocrx_word' id='word_1_690' title='bbox 620 5058 1081 5132; x_wconf 85' lang='lat' dir='ltr'><strong>Aliquanto-post</strong></span> <span class='ocrx_word' id='word_1_691' title='bbox 1115 5059 1249 5132; x_wconf 76' lang='lat' dir='ltr'><strong>Reg.</strong></span> <span class='ocrx_word' id='word_1_692' title='bbox 1284 5058 1495 5131; x_wconf 83' lang='lat' dir='ltr'><strong>primus</strong></span> <span class='ocrx_word' id='word_1_693' title='bbox 1534 5058 1596 5113; x_wconf 79' lang='grc' dir='ltr'><strong>τὸ</strong></span> <span class='ocrx_word' id='word_1_694' title='bbox 1623 5059 1862 5132; x_wconf 73' lang='grc' dir='ltr'>ἀμώμη-</span> 
     </span>
    </p>
   </div>
   <div class='ocr_carea' id='block_1_96' title="bbox 273 5147 1863 5324">
    <p class='ocr_par' dir='ltr' id='par_1_96' title="bbox 273 5147 1863 5324">
     <span class='ocr_line' id='line_1_97' title="bbox 273 5147 1863 5324; baseline -0.001 -70"><span class='ocrx_word' id='word_1_695' title='bbox 273 5147 692 5324; x_wconf 49' lang='grc' dir='ltr'><strong>τωἏἮςΫοιωη</strong></span> <span class='ocrx_word' id='word_1_696' title='bbox 721 5199 878 5281; x_wconf 74' lang='lat' dir='ltr'><strong>illud,</strong></span> <span class='ocrx_word' id='word_1_697' title='bbox 913 5202 971 5253; x_wconf 88' lang='grc' dir='ltr'><strong>ἐν</strong></span> <span class='ocrx_word' id='word_1_698' title='bbox 1002 5198 1147 5271; x_wconf 86' lang='grc' dir='ltr'><strong>λιμῷ</strong></span> <span class='ocrx_word' id='word_1_699' title='bbox 1174 5199 1270 5282; x_wconf 76' lang='grc' dir='ltr'>καὶ</span> <span class='ocrx_word' id='word_1_700' title='bbox 1304 5198 1466 5263; x_wconf 71' lang='grc' dir='ltr'>δίψει,</span> <span class='ocrx_word' id='word_1_701' title='bbox 1506 5200 1564 5252; x_wconf 80' lang='grc' dir='ltr'><strong>ἐν</strong></span> <span class='ocrx_word' id='word_1_702' title='bbox 1589 5199 1863 5281; x_wconf 73' lang='grc' dir='ltr'>νηστείαις</span> 
     </span>
     <span class='ocr_line' id='line_1_98' title="bbox 277 5269 1860 5324; baseline -0.001 0"><span class='ocrx_word' id='word_1_703' title='bbox 277 5288 347 5324; x_wconf 83' lang='grc' dir='ltr'><strong>πο</strong></span> <span class='ocrx_word' id='word_1_704' title='bbox 415 5272 561 5324; x_wconf 78' lang='grc' dir='ltr'>ἀκις.</span> <span class='ocrx_word' id='word_1_705' title='bbox 612 5270 857 5324; x_wconf 82' lang='lat' dir='ltr'><strong>additum</strong></span> <span class='ocrx_word' id='word_1_706' title='bbox 907 5281 1081 5324; x_wconf 80' lang='lat' dir='ltr'><strong>estex</strong></span> <span class='ocrx_word' id='word_1_707' title='bbox 1113 5270 1305 5324; x_wconf 84' lang='lat' dir='ltr'><strong>codice</strong></span> <span class='ocrx_word' id='word_1_708' title='bbox 1356 5269 1516 5324; x_wconf 89' lang='lat' dir='ltr'><strong>Voss.</strong></span> <span class='ocrx_word' id='word_1_709' title='bbox 1549 5279 1603 5324; x_wconf 91' lang='lat' dir='ltr'><strong>et</strong></span> <span class='ocrx_word' id='word_1_710' title='bbox 1642 5286 1706 5324; x_wconf 80' lang='lat' dir='ltr'><strong>ex</strong></span> <span class='ocrx_word' id='word_1_711' title='bbox 1736 5273 1860 5324; x_wconf 87' lang='lat' dir='ltr'><strong>alus</strong></span> 
     </span>
    </p>
   </div>
   <div class='ocr_carea' id='block_1_97' title="bbox 277 5269 1860 5334">
    <p class='ocr_par' dir='ltr' id='par_1_97' title="bbox 277 5269 1860 5334">
     <span class='ocr_line' id='line_1_99' title="bbox 277 5269 1860 5334; baseline 0.001 -9"><span class='ocrx_word' id='word_1_712' title='bbox 277 5269 561 5334; x_wconf 82' lang='grc' dir='ltr'><em>πολλάκις,</em></span> <span class='ocrx_word' id='word_1_713' title='bbox 612 5270 857 5329; x_wconf 87' lang='lat' dir='ltr'><strong>additum</strong></span> <span class='ocrx_word' id='word_1_714' title='bbox 907 5281 989 5326; x_wconf 90' lang='lat' dir='ltr'><strong>est</strong></span> <span class='ocrx_word' id='word_1_715' title='bbox 1018 5269 1081 5325; x_wconf 70' lang='lat' dir='ltr'><strong>ex</strong></span> <span class='ocrx_word' id='word_1_716' title='bbox 1113 5269 1305 5326; x_wconf 84' lang='lat' dir='ltr'><strong>codice</strong></span> <span class='ocrx_word' id='word_1_717' title='bbox 1356 5269 1516 5324; x_wconf 89' lang='lat' dir='ltr'><strong>Voss.</strong></span> <span class='ocrx_word' id='word_1_718' title='bbox 1549 5279 1603 5325; x_wconf 90' lang='lat' dir='ltr'><strong>et</strong></span> <span class='ocrx_word' id='word_1_719' title='bbox 1642 5269 1706 5325; x_wconf 80' lang='lat' dir='ltr'><strong>ex</strong></span> <span class='ocrx_word' id='word_1_720' title='bbox 1736 5271 1860 5327; x_wconf 92' lang='lat' dir='ltr'><strong>aliis</strong></span> 
     </span>
    </p>
   </div>
   <div class='ocr_carea' id='block_1_98' title="bbox 275 5338 1859 5410">
    <p class='ocr_par' dir='ltr' id='par_1_98' title="bbox 275 5338 1859 5410">
     <span class='ocr_line' id='line_1_100' title="bbox 275 5338 1859 5410; baseline 0.001 -18"><span class='ocrx_word' id='word_1_721' title='bbox 275 5342 496 5395; x_wconf 85' lang='lat' dir='ltr'><strong>duobus</strong></span> <span class='ocrx_word' id='word_1_722' title='bbox 532 5338 737 5408; x_wconf 75' lang='lat' dir='ltr'><strong>Regiis.</strong></span> <span class='ocrx_word' id='word_1_723' title='bbox 765 5339 920 5394; x_wconf 81' lang='lat' dir='ltr'><strong>Haud</strong></span> <span class='ocrx_word' id='word_1_724' title='bbox 961 5343 1121 5410; x_wconf 86' lang='lat' dir='ltr'><strong>longe</strong></span> <span class='ocrx_word' id='word_1_725' title='bbox 1158 5341 1331 5397; x_wconf 77' lang='lat' dir='ltr'><strong>codex</strong></span> <span class='ocrx_word' id='word_1_726' title='bbox 1355 5339 1513 5396; x_wconf 88' lang='lat' dir='ltr'><strong>Colb.</strong></span> <span class='ocrx_word' id='word_1_727' title='bbox 1544 5341 1639 5394; x_wconf 79' lang='grc' dir='ltr'><strong>καὶ</strong></span> <span class='ocrx_word' id='word_1_728' title='bbox 1669 5341 1697 5393; x_wconf 87' lang='grc' dir='ltr'><strong>ὁ</strong></span> <span class='ocrx_word' id='word_1_729' title='bbox 1724 5341 1859 5393; x_wconf 58' lang='grc' dir='ltr'>ὑπο-</span> 
     </span>
    </p>
   </div>
   <div class='ocr_carea' id='block_1_99' title="bbox 277 5410 1137 5480">
    <p class='ocr_par' dir='ltr' id='par_1_99' title="bbox 277 5410 1137 5480">
     <span class='ocr_line' id='line_1_101' title="bbox 277 5410 1137 5480; baseline 0.005 -17"><span class='ocrx_word' id='word_1_730' title='bbox 277 5410 533 5477; x_wconf 75' lang='grc' dir='ltr'>πιισμός,</span> <span class='ocrx_word' id='word_1_731' title='bbox 574 5412 810 5480; x_wconf 81' lang='lat' dir='ltr'><strong>corporis</strong></span> <span class='ocrx_word' id='word_1_732' title='bbox 845 5411 1137 5480; x_wconf 75' lang='lat' dir='ltr'><strong>aﬂlictatio.</strong></span> 
     </span>
    </p>
   </div>
   <div class='ocr_carea' id='block_1_100' title="bbox 351 5479 1861 5551">
    <p class='ocr_par' dir='ltr' id='par_1_100' title="bbox 351 5479 1861 5551">
     <span class='ocr_line' id='line_1_102' title="bbox 351 5479 1861 5551; baseline 0.001 -18"><span class='ocrx_word' id='word_1_733' title='bbox 351 5480 463 5548; x_wconf 75' lang='grc'>(12)</span> <span class='ocrx_word' id='word_1_734' title='bbox 492 5479 723 5551; x_wconf 81' lang='lat' dir='ltr'><strong>Antiqui</strong></span> <span class='ocrx_word' id='word_1_735' title='bbox 753 5479 1019 5535; x_wconf 28' lang='lat' dir='ltr'><strong>duo’libri</strong></span> <span class='ocrx_word' id='word_1_736' title='bbox 1046 5496 1174 5535; x_wconf 89' lang='lat' dir='ltr'><strong>cum</strong></span> <span class='ocrx_word' id='word_1_737' title='bbox 1198 5479 1359 5551; x_wconf 67' lang='lat' dir='ltr'><strong>Voss.</strong></span> <span class='ocrx_word' id='word_1_738' title='bbox 1388 5479 1591 5551; x_wconf 79' lang='grc' dir='ltr'><strong>χαλινῷ</strong></span> <span class='ocrx_word' id='word_1_739' title='bbox 1618 5497 1725 5533; x_wconf 88' lang='grc' dir='ltr'>τινι</span> <span class='ocrx_word' id='word_1_740' title='bbox 1764 5481 1861 5551; x_wconf 81' lang='grc' dir='ltr'><strong>ἄρ-</strong></span> 
     </span>
    </p>
   </div>
   <div class='ocr_carea' id='block_1_101' title="bbox 281 5549 1862 5632">
    <p class='ocr_par' dir='ltr' id='par_1_101' title="bbox 281 5549 1862 5632">
     <span class='ocr_line' id='line_1_103' title="bbox 281 5549 1862 5632; baseline 0.003 -31"><span class='ocrx_word' id='word_1_741' title='bbox 281 5550 513 5632; x_wconf 66' lang='grc' dir='ltr'>χεινκαὶ</span> <span class='ocrx_word' id='word_1_742' title='bbox 539 5549 832 5632; x_wconf 52' lang='grc' dir='ltr'>πιέζεινρῇ</span> <span class='ocrx_word' id='word_1_743' title='bbox 861 5551 1162 5632; x_wconf 71' lang='grc' dir='ltr'>ἐγκρατείᾳ</span> <span class='ocrx_word' id='word_1_744' title='bbox 1186 5549 1483 5632; x_wconf 68' lang='grc' dir='ltr'>προσῆκεν,</span> <span class='ocrx_word' id='word_1_745' title='bbox 1516 5549 1862 5632; x_wconf 74' lang='lat' dir='ltr'><strong>temperantia</strong></span> 
     </span>
    </p>
   </div>
   <div class='ocr_carea' id='block_1_102' title="bbox 282 5618 1551 5691">
    <p class='ocr_par' dir='ltr' id='par_1_102' title="bbox 282 5618 1551 5691">
     <span class='ocr_line' id='line_1_104' title="bbox 282 5618 1551 5691; baseline -0.001 -18"><span class='ocrx_word' id='word_1_746' title='bbox 282 5618 603 5691; x_wconf 66' lang='lat' dir='ltr'><strong>velutfngio</strong></span> <span class='ocrx_word' id='word_1_747' title='bbox 627 5618 855 5690; x_wconf 67' lang='lat' dir='ltr'><strong>quadarn</strong></span> <span class='ocrx_word' id='word_1_748' title='bbox 882 5618 1075 5691; x_wconf 84' lang='lat' dir='ltr'><strong>stringi</strong></span> <span class='ocrx_word' id='word_1_749' title='bbox 1106 5618 1169 5673; x_wconf 76' lang='lat' dir='ltr'><strong>ac</strong></span> <span class='ocrx_word' id='word_1_750' title='bbox 1198 5618 1363 5690; x_wconf 69' lang='lat' dir='ltr'><strong>premi</strong></span> <span class='ocrx_word' id='word_1_751' title='bbox 1383 5621 1551 5691; x_wconf 86' lang='lat' dir='ltr'><strong>debet.</strong></span> 
     </span>
    </p>
   </div>
   <div class='ocr_carea' id='block_1_103' title="bbox 355 5687 1855 5763">
    <p class='ocr_par' dir='ltr' id='par_1_103' title="bbox 355 5687 1855 5763">
     <span class='ocr_line' id='line_1_105' title="bbox 355 5687 1855 5763; baseline 0.005 -23"><span class='ocrx_word' id='word_1_752' title='bbox 355 5687 467 5757; x_wconf 78' lang='grc'>(15)</span> <span class='ocrx_word' id='word_1_753' title='bbox 508 5687 787 5763; x_wconf 62' lang='grc' dir='ltr'>Εόῇιὶοηεε</span> <span class='ocrx_word' id='word_1_754' title='bbox 831 5687 1047 5763; x_wconf 81' lang='lat' dir='ltr'><strong>veteres</strong></span> <span class='ocrx_word' id='word_1_755' title='bbox 1090 5687 1448 5762; x_wconf 75' lang='grc' dir='ltr'>καὶνεάιητι.</span> <span class='ocrx_word' id='word_1_756' title='bbox 1479 5689 1549 5745; x_wconf 85' lang='lat' dir='ltr'><strong>At</strong></span> <span class='ocrx_word' id='word_1_757' title='bbox 1584 5690 1716 5763; x_wconf 83' lang='lat' dir='ltr'><strong>Reg.</strong></span> <span class='ocrx_word' id='word_1_758' title='bbox 1743 5699 1855 5747; x_wconf 89' lang='lat' dir='ltr'><strong>ter-</strong></span> 
     </span>
    </p>
   </div>
   <div class='ocr_carea' id='block_1_104' title="bbox 287 5758 1080 5843">
    <p class='ocr_par' dir='ltr' id='par_1_104' title="bbox 287 5758 1080 5843">
     <span class='ocr_line' id='line_1_106' title="bbox 287 5758 1080 5843; baseline 0 0"><span class='ocrx_word' id='word_1_759' title='bbox 287 5758 403 5843; x_wconf 60' lang='grc' dir='ltr'><strong>*ίυε</strong></span> <span class='ocrx_word' id='word_1_760' title='bbox 423 5770 477 5843; x_wconf 65' lang='lat'><strong>9}</strong></span> <span class='ocrx_word' id='word_1_761' title='bbox 508 5758 659 5843; x_wconf 62' lang='grc' dir='ltr'>ςοὲῐι-</span> <span class='ocrx_word' id='word_1_762' title='bbox 688 5761 1080 5843; x_wconf 42' lang='lat' dir='ltr'><strong>testudinu-</strong></span> 
     </span>
    </p>
   </div>
   <div class='ocr_carea' id='block_1_105' title="bbox 381 5827 1851 5901">
    <p class='ocr_par' dir='ltr' id='par_1_105' title="bbox 381 5827 1851 5901">
     <span class='ocr_line' id='line_1_107' title="bbox 381 5827 1851 5901; baseline 0.003 -18"><span class='ocrx_word' id='word_1_763' title='bbox 381 5827 471 5900; x_wconf 71' lang='lat' dir='ltr'><strong>ﬂ)</strong></span> <span class='ocrx_word' id='word_1_764' title='bbox 500 5828 722 5901; x_wconf 77' lang='lat' dir='ltr'><strong>Antiqui</strong></span> <span class='ocrx_word' id='word_1_765' title='bbox 774 5830 883 5887; x_wconf 84' lang='lat' dir='ltr'><strong>duo</strong></span> <span class='ocrx_word' id='word_1_766' title='bbox 923 5827 1045 5887; x_wconf 80' lang='lat' dir='ltr'><strong>libri</strong></span> <span class='ocrx_word' id='word_1_767' title='bbox 1095 5830 1376 5895; x_wconf 79' lang='grc' dir='ltr'>πλούσιος-</span> <span class='ocrx_word' id='word_1_768' title='bbox 1413 5832 1489 5900; x_wconf 81' lang='grc' dir='ltr'>τὸ,</span> <span class='ocrx_word' id='word_1_769' title='bbox 1537 5832 1851 5897; x_wconf 77' lang='grc' dir='ltr'>Ἀπέλαϐες.</span> 
     </span>
    </p>
   </div>
   <div class='ocr_carea' id='block_1_106' title="bbox 1965 4847 3526 4935">
    <p class='ocr_par' dir='ltr' id='par_1_106' title="bbox 1965 4847 3526 4935">
     <span class='ocr_line' id='line_1_108' title="bbox 1965 4847 3526 4935; baseline 0 -33"><span class='ocrx_word' id='word_1_770' title='bbox 1965 4848 2119 4935; x_wconf 76' lang='lat' dir='ltr'><strong>Haud</strong></span> <span class='ocrx_word' id='word_1_771' title='bbox 2174 4850 2524 4935; x_wconf 44' lang='lat' dir='ltr'><strong>longejteg.“</strong></span> <span class='ocrx_word' id='word_1_772' title='bbox 2533 4851 2743 4935; x_wconf 72' lang='lat' dir='ltr'><strong>primus</strong></span> <span class='ocrx_word' id='word_1_773' title='bbox 2780 4857 2841 4935; x_wconf 76' lang='lat' dir='ltr'><strong>et</strong></span> <span class='ocrx_word' id='word_1_774' title='bbox 2868 4848 3035 4935; x_wconf 81' lang='lat' dir='ltr'><strong>Voss.</strong></span> <span class='ocrx_word' id='word_1_775' title='bbox 3074 4856 3126 4902; x_wconf 94' lang='lat' dir='ltr'><strong>et</strong></span> <span class='ocrx_word' id='word_1_776' title='bbox 3172 4847 3339 4935; x_wconf 66' lang='grc' dir='ltr'><strong>(1011)λ</strong></span> 
     </span>
    </p>
   </div>
   <div class='ocr_carea' id='block_1_107' title="bbox 1964 4918 3524 4991">
    <p class='ocr_par' dir='ltr' id='par_1_107' title="bbox 1964 4918 3524 4991">
     <span class='ocr_line' id='line_1_109' title="bbox 1964 4918 3524 4991; baseline 0.001 -19"><span class='ocrx_word' id='word_1_777' title='bbox 1964 4920 2147 4984; x_wconf 87' lang='grc' dir='ltr'>στολος</span> <span class='ocrx_word' id='word_1_778' title='bbox 2187 4918 2733 4991; x_wconf 68' lang='grc' dir='ltr'>ἐδίδαξεν.’8ὺὺὶηάθ</span> <span class='ocrx_word' id='word_1_779' title='bbox 2780 4927 2890 4975; x_wconf 85' lang='lat' dir='ltr'><strong>tres</strong></span> <span class='ocrx_word' id='word_1_780' title='bbox 2933 4934 3066 4973; x_wconf 86' lang='lat' dir='ltr'><strong>mss.</strong></span> <span class='ocrx_word' id='word_1_781' title='bbox 3113 4918 3524 4991; x_wconf 81' lang='grc' dir='ltr'>καταριθμήσας</span> 
     </span>
    </p>
   </div>
   <div class='ocr_carea' id='block_1_108' title="bbox 1960 4990 2368 5061">
    <p class='ocr_par' dir='ltr' id='par_1_108' title="bbox 1960 4990 2368 5061">
     <span class='ocr_line' id='line_1_110' title="bbox 1960 4990 2368 5061; baseline -0.005 -17"><span class='ocrx_word' id='word_1_782' title='bbox 1960 4991 2149 5061; x_wconf 78' lang='grc' dir='ltr'>αὐτὴν,</span> <span class='ocrx_word' id='word_1_783' title='bbox 2178 4990 2368 5061; x_wconf 68' lang='grc' dir='ltr'>εἰπών.</span> 
     </span>
    </p>
   </div>
   <div class='ocr_carea' id='block_1_109' title="bbox 2036 5055 3523 5130">
    <p class='ocr_par' dir='ltr' id='par_1_109' title="bbox 2036 5055 3523 5130">
     <span class='ocr_line' id='line_1_111' title="bbox 2036 5055 3523 5130; baseline -0.001 -17"><span class='ocrx_word' id='word_1_784' title='bbox 2036 5055 2146 5130; x_wconf 70' lang='grc'>(15)</span> <span class='ocrx_word' id='word_1_785' title='bbox 2177 5059 2399 5114; x_wconf 88' lang='lat' dir='ltr'><strong>Veteres</strong></span> <span class='ocrx_word' id='word_1_786' title='bbox 2420 5061 2528 5116; x_wconf 92' lang='lat' dir='ltr'><strong>duo</strong></span> <span class='ocrx_word' id='word_1_787' title='bbox 2549 5060 2671 5113; x_wconf 91' lang='lat' dir='ltr'><strong>libri</strong></span> <span class='ocrx_word' id='word_1_788' title='bbox 2692 5059 2993 5130; x_wconf 79' lang='grc' dir='ltr'>τελευταῖον</span> <span class='ocrx_word' id='word_1_789' title='bbox 3025 5057 3291 5130; x_wconf 74' lang='grc' dir='ltr'>ἐπήγαγε.</span> <span class='ocrx_word' id='word_1_790' title='bbox 3320 5055 3429 5110; x_wconf 86' lang='lat' dir='ltr'><strong>Nec</strong></span> <span class='ocrx_word' id='word_1_791' title='bbox 3450 5058 3523 5130; x_wconf 80' lang='lat' dir='ltr'><strong>ita</strong></span> 
     </span>
    </p>
   </div>
   <div class='ocr_carea' id='block_1_110' title="bbox 1964 5126 3525 5199">
    <p class='ocr_par' dir='ltr' id='par_1_110' title="bbox 1964 5126 3525 5199">
     <span class='ocr_line' id='line_1_112' title="bbox 1964 5126 3525 5199; baseline -0.003 -15"><span class='ocrx_word' id='word_1_792' title='bbox 1964 5126 2137 5184; x_wconf 83' lang='lat' dir='ltr'><strong>multo</strong></span> <span class='ocrx_word' id='word_1_793' title='bbox 2171 5140 2293 5199; x_wconf 87' lang='lat' dir='ltr'><strong>post</strong></span> <span class='ocrx_word' id='word_1_794' title='bbox 2319 5131 2447 5185; x_wconf 87' lang='lat' dir='ltr'><strong>editi</strong></span> <span class='ocrx_word' id='word_1_795' title='bbox 2472 5140 2526 5185; x_wconf 91' lang='lat' dir='ltr'><strong>et</strong></span> <span class='ocrx_word' id='word_1_796' title='bbox 2558 5131 2666 5184; x_wconf 89' lang='lat' dir='ltr'><strong>duo</strong></span> <span class='ocrx_word' id='word_1_797' title='bbox 2690 5145 2821 5199; x_wconf 72' lang='lat' dir='ltr'><strong>m§s.</strong></span> <span class='ocrx_word' id='word_1_798' title='bbox 2856 5129 2915 5190; x_wconf 80' lang='grc' dir='ltr'>ὃς</span> <span class='ocrx_word' id='word_1_799' title='bbox 2948 5128 3068 5181; x_wconf 81' lang='grc' dir='ltr'>ἀντὶ</span> <span class='ocrx_word' id='word_1_800' title='bbox 3114 5126 3366 5199; x_wconf 72' lang='grc' dir='ltr'>βρώσεως</span> <span class='ocrx_word' id='word_1_801' title='bbox 3395 5128 3525 5199; x_wconf 81' lang='grc' dir='ltr'>μιᾶς</span> 
     </span>
    </p>
   </div>
   <div class='ocr_carea' id='block_1_111' title="bbox 1962 5197 3523 5324">
    <p class='ocr_par' dir='ltr' id='par_1_111' title="bbox 1962 5197 3523 5324">
     <span class='ocr_line' id='line_1_113' title="bbox 1962 5197 3523 5271; baseline -0.001 -18"><span class='ocrx_word' id='word_1_802' title='bbox 1962 5197 2190 5254; x_wconf 79' lang='grc' dir='ltr'>ἀπέδοτό</span> <span class='ocrx_word' id='word_1_803' title='bbox 2233 5201 2302 5254; x_wconf 87' lang='grc' dir='ltr'>τὰ</span> <span class='ocrx_word' id='word_1_804' title='bbox 2333 5201 2690 5271; x_wconf 84' lang='grc' dir='ltr'>πρωτοτόκια.</span> <span class='ocrx_word' id='word_1_805' title='bbox 2731 5197 2867 5270; x_wconf 81' lang='lat' dir='ltr'><strong>Reg.</strong></span> <span class='ocrx_word' id='word_1_806' title='bbox 2908 5197 3121 5267; x_wconf 89' lang='lat' dir='ltr'><strong>primus</strong></span> <span class='ocrx_word' id='word_1_807' title='bbox 3148 5197 3203 5254; x_wconf 84' lang='lat' dir='ltr'><strong>et</strong></span> <span class='ocrx_word' id='word_1_808' title='bbox 3238 5197 3390 5253; x_wconf 86' lang='lat' dir='ltr'><strong>Colb.</strong></span> <span class='ocrx_word' id='word_1_809' title='bbox 3448 5198 3523 5252; x_wconf 83' lang='lat' dir='ltr'><strong>ita</strong></span> 
     </span>
     <span class='ocr_line' id='line_1_114' title="bbox 1962 5270 2333 5324; baseline -0.005 0"><span class='ocrx_word' id='word_1_810' title='bbox 1962 5278 2020 5324; x_wconf 90' lang='lat' dir='ltr'><strong>ut</strong></span> <span class='ocrx_word' id='word_1_811' title='bbox 2045 5270 2333 5324; x_wconf 91' lang='lat' dir='ltr'><strong>edidimus.</strong></span> 
     </span>
    </p>
   </div>
   <div class='ocr_carea' id='block_1_112' title="bbox 1961 5271 2333 5325">
    <p class='ocr_par' dir='ltr' id='par_1_112' title="bbox 1961 5271 2333 5325">
     <span class='ocr_line' id='line_1_115' title="bbox 1961 5271 2333 5325; baseline -0.008 0"><span class='ocrx_word' id='word_1_812' title='bbox 1961 5278 2020 5325; x_wconf 92' lang='lat' dir='ltr'><strong>ut</strong></span> <span class='ocrx_word' id='word_1_813' title='bbox 2045 5271 2333 5325; x_wconf 91' lang='lat' dir='ltr'><strong>edidimus.</strong></span> 
     </span>
    </p>
   </div>
   <div class='ocr_carea' id='block_1_113' title="bbox 2034 5337 3525 5411">
    <p class='ocr_par' dir='ltr' id='par_1_113' title="bbox 2034 5337 3525 5411">
     <span class='ocr_line' id='line_1_116' title="bbox 2034 5337 3525 5411; baseline -0.001 -18"><span class='ocrx_word' id='word_1_814' title='bbox 2034 5341 2145 5411; x_wconf 86' lang='lat' dir='ltr'><strong>(l6)</strong></span> <span class='ocrx_word' id='word_1_815' title='bbox 2176 5339 2355 5411; x_wconf 81' lang='lat' dir='ltr'><strong>Editio</strong></span> <span class='ocrx_word' id='word_1_816' title='bbox 2383 5337 2654 5411; x_wconf 59' lang='lat' dir='ltr'><strong>émo&#39;qpla</strong></span> <span class='ocrx_word' id='word_1_817' title='bbox 2673 5340 2771 5411; x_wconf 84' lang='grc' dir='ltr'>τῆς</span> <span class='ocrx_word' id='word_1_818' title='bbox 2811 5338 3031 5411; x_wconf 70' lang='grc' dir='ltr'>σαρκός.</span> <span class='ocrx_word' id='word_1_819' title='bbox 3066 5337 3197 5410; x_wconf 83' lang='lat' dir='ltr'><strong>Reg.</strong></span> <span class='ocrx_word' id='word_1_820' title='bbox 3226 5340 3434 5411; x_wconf 70' lang='lat' dir='ltr'><strong>primus</strong></span> <span class='ocrx_word' id='word_1_821' title='bbox 3469 5348 3525 5394; x_wconf 90' lang='lat' dir='ltr'><strong>et</strong></span> 
     </span>
    </p>
   </div>
   <div class='ocr_carea' id='block_1_114' title="bbox 1961 5356 3520 5497">
    <p class='ocr_par' dir='ltr' id='par_1_114' title="bbox 1961 5356 3520 5497">
     <span class='ocr_line' id='line_1_117' title="bbox 2034 5356 3520 5461; baseline -0.001 -68"><span class='ocrx_word' id='word_1_822' title='bbox 2034 5356 2145 5411; x_wconf 77' lang='lat' dir='ltr'><strong>ub)</strong></span> <span class='ocrx_word' id='word_1_823' title='bbox 2176 5356 2355 5394; x_wconf 69' lang='lat' dir='ltr'><strong>nuntio</strong></span> <span class='ocrx_word' id='word_1_824' title='bbox 2383 5356 2643 5461; x_wconf 57' lang='grc' dir='ltr'>επιοημια</span> <span class='ocrx_word' id='word_1_825' title='bbox 2673 5356 2771 5410; x_wconf 88' lang='grc' dir='ltr'><strong>της</strong></span> <span class='ocrx_word' id='word_1_826' title='bbox 2811 5356 3031 5410; x_wconf 84' lang='grc' dir='ltr'>σαρκος.</span> <span class='ocrx_word' id='word_1_827' title='bbox 3066 5356 3197 5410; x_wconf 79' lang='lat' dir='ltr'><strong>neg.</strong></span> <span class='ocrx_word' id='word_1_828' title='bbox 3226 5356 3433 5409; x_wconf 82' lang='lat' dir='ltr'><strong>primus</strong></span> <span class='ocrx_word' id='word_1_829' title='bbox 3469 5356 3520 5394; x_wconf 79' lang='lat' dir='ltr'><strong>ei</strong></span> 
     </span>
     <span class='ocr_line' id='line_1_118' title="bbox 1961 5407 3520 5497; baseline 0 0"><span class='ocrx_word' id='word_1_830' title='bbox 1961 5409 2231 5497; x_wconf 45' lang='lat' dir='ltr'><strong>Quit-ﬂii</strong></span> <span class='ocrx_word' id='word_1_831' title='bbox 2248 5409 2340 5497; x_wconf 56' lang='lat' dir='ltr'><strong>se</strong></span> <span class='ocrx_word' id='word_1_832' title='bbox 2360 5426 2588 5497; x_wconf 44' lang='lat'><strong>52935.5:</strong></span> <span class='ocrx_word' id='word_1_833' title='bbox 2622 5408 2817 5497; x_wconf 51' lang='lat'><strong>.8999</strong></span> <span class='ocrx_word' id='word_1_834' title='bbox 2840 5407 2977 5497; x_wconf 59' lang='lat' dir='ltr'><strong>Eas;</strong></span> <span class='ocrx_word' id='word_1_835' title='bbox 3009 5411 3216 5497; x_wconf 69' lang='grc' dir='ltr'>ιπίεῐιυε</span> <span class='ocrx_word' id='word_1_836' title='bbox 3241 5408 3520 5497; x_wconf 45' lang='lat' dir='ltr'><strong>aereis:</strong></span> 
     </span>
    </p>
   </div>
   <div class='ocr_carea' id='block_1_115' title="bbox 1963 5477 3530 5549">
    <p class='ocr_par' dir='ltr' id='par_1_115' title="bbox 1963 5477 3530 5549">
     <span class='ocr_line' id='line_1_119' title="bbox 1963 5477 3530 5549; baseline -0.001 -15"><span class='ocrx_word' id='word_1_837' title='bbox 1963 5479 2098 5535; x_wconf 91' lang='lat' dir='ltr'><strong>Ibid.</strong></span> <span class='ocrx_word' id='word_1_838' title='bbox 2121 5477 2328 5548; x_wconf 82' lang='lat' dir='ltr'><strong>antiqui</strong></span> <span class='ocrx_word' id='word_1_839' title='bbox 2348 5477 2455 5533; x_wconf 84' lang='lat' dir='ltr'><strong>duo</strong></span> <span class='ocrx_word' id='word_1_840' title='bbox 2471 5479 2591 5533; x_wconf 91' lang='lat' dir='ltr'><strong>libri</strong></span> <span class='ocrx_word' id='word_1_841' title='bbox 2605 5478 2820 5549; x_wconf 79' lang='grc' dir='ltr'>ὠφελεῖ.</span> <span class='ocrx_word' id='word_1_842' title='bbox 2840 5477 2981 5533; x_wconf 78' lang='grc' dir='ltr'><strong>Εόῑιί</strong></span> <span class='ocrx_word' id='word_1_843' title='bbox 2999 5477 3294 5549; x_wconf 61' lang='grc' dir='ltr'>ὠφέλησεν.</span> <span class='ocrx_word' id='word_1_844' title='bbox 3313 5480 3530 5533; x_wconf 75' lang='lat' dir='ltr'><strong>Rursus</strong></span> 
     </span>
    </p>
   </div>
   <div class='ocr_carea' id='block_1_116' title="bbox 1964 5548 3523 5620">
    <p class='ocr_par' dir='ltr' id='par_1_116' title="bbox 1964 5548 3523 5620">
     <span class='ocr_line' id='line_1_120' title="bbox 1964 5548 3523 5620; baseline -0.003 -15"><span class='ocrx_word' id='word_1_845' title='bbox 1964 5550 2206 5620; x_wconf 89' lang='lat' dir='ltr'><strong>hocipso</strong></span> <span class='ocrx_word' id='word_1_846' title='bbox 2243 5550 2298 5603; x_wconf 89' lang='lat' dir='ltr'><strong>in</strong></span> <span class='ocrx_word' id='word_1_847' title='bbox 2334 5549 2453 5620; x_wconf 84' lang='lat' dir='ltr'><strong>loco</strong></span> <span class='ocrx_word' id='word_1_848' title='bbox 2476 5550 2647 5604; x_wconf 78' lang='lat' dir='ltr'><strong>codex</strong></span> <span class='ocrx_word' id='word_1_849' title='bbox 2680 5548 2838 5604; x_wconf 89' lang='lat' dir='ltr'><strong>Voss.</strong></span> <span class='ocrx_word' id='word_1_850' title='bbox 2864 5559 2917 5620; x_wconf 86' lang='lat' dir='ltr'><strong>et</strong></span> <span class='ocrx_word' id='word_1_851' title='bbox 2938 5550 3027 5602; x_wconf 89' lang='lat' dir='ltr'><strong>alii</strong></span> <span class='ocrx_word' id='word_1_852' title='bbox 3054 5548 3194 5604; x_wconf 89' lang='lat' dir='ltr'><strong>duo:</strong></span> <span class='ocrx_word' id='word_1_853' title='bbox 3221 5548 3392 5603; x_wconf 85' lang='grc' dir='ltr'>Τοῦτο</span> <span class='ocrx_word' id='word_1_854' title='bbox 3426 5549 3523 5619; x_wconf 86' lang='grc' dir='ltr'>μὲν</span> 
     </span>
    </p>
   </div>
   <div class='ocr_carea' id='block_1_117' title="bbox 1965 5618 3525 5691">
    <p class='ocr_par' dir='ltr' id='par_1_117' title="bbox 1965 5618 3525 5691">
     <span class='ocr_line' id='line_1_121' title="bbox 1965 5618 3525 5691; baseline -0.001 -17"><span class='ocrx_word' id='word_1_855' title='bbox 1965 5618 2256 5691; x_wconf 32' lang='grc' dir='ltr'><strong>Μωῡσέως-</strong></span> <span class='ocrx_word' id='word_1_856' title='bbox 2275 5618 2364 5671; x_wconf 85' lang='grc' dir='ltr'>διὰ</span> <span class='ocrx_word' id='word_1_857' title='bbox 2405 5619 2506 5688; x_wconf 82' lang='grc' dir='ltr'>τῆς</span> <span class='ocrx_word' id='word_1_858' title='bbox 2530 5619 2994 5691; x_wconf 43' lang='grc' dir='ltr'>-παρατεταμένης</span> <span class='ocrx_word' id='word_1_859' title='bbox 3020 5620 3249 5691; x_wconf 76' lang='grc' dir='ltr'>ἐκείνης</span> <span class='ocrx_word' id='word_1_860' title='bbox 3273 5618 3525 5691; x_wconf 79' lang='grc' dir='ltr'>νηστείας</span> 
     </span>
    </p>
   </div>
   <div class='ocr_carea' id='block_1_118' title="bbox 1964 5688 3526 5812">
    <p class='ocr_par' dir='ltr' id='par_1_118' title="bbox 1964 5688 3526 5812">
     <span class='ocr_line' id='line_1_122' title="bbox 1964 5688 3526 5812; baseline -0.002 -69"><span class='ocrx_word' id='word_1_861' title='bbox 1964 5688 2458 5812; x_wconf 54' lang='grc' dir='ltr'>προσεῖἓεύσαντος</span> <span class='ocrx_word' id='word_1_862' title='bbox 2484 5688 2561 5758; x_wconf 81' lang='grc' dir='ltr'>τῷ</span> <span class='ocrx_word' id='word_1_863' title='bbox 2581 5688 2699 5759; x_wconf 73' lang='grc' dir='ltr'><strong>Θεῷ</strong></span> <span class='ocrx_word' id='word_1_864' title='bbox 2735 5690 2826 5743; x_wconf 78' lang='lat' dir='ltr'><strong>xal</strong></span> <span class='ocrx_word' id='word_1_865' title='bbox 2849 5688 3096 5759; x_wconf 84' lang='grc' dir='ltr'>τυχόντος</span> <span class='ocrx_word' id='word_1_866' title='bbox 3118 5688 3216 5759; x_wconf 83' lang='grc' dir='ltr'><strong>τῆς</strong></span> <span class='ocrx_word' id='word_1_867' title='bbox 3230 5688 3526 5753; x_wconf 85' lang='grc' dir='ltr'>διακονίας,</span> 
     </span>
     <span class='ocr_line' id='line_1_123' title="bbox 1964 5758 3526 5812; baseline 0 0"><span class='ocrx_word' id='word_1_868' title='bbox 1964 5760 2117 5812; x_wconf 83' lang='grc' dir='ltr'>τοῦτο</span> <span class='ocrx_word' id='word_1_869' title='bbox 2149 5759 2171 5773; x_wconf 63' lang='grc'><strong>’⁵</strong></span> <span class='ocrx_word' id='word_1_870' title='bbox 2246 5758 2397 5811; x_wconf 84' lang='grc' dir='ltr'>Ἠλία</span> <span class='ocrx_word' id='word_1_871' title='bbox 2424 5759 2543 5812; x_wconf 87' lang='grc' dir='ltr'>τότε</span> <span class='ocrx_word' id='word_1_872' title='bbox 2578 5760 2675 5812; x_wconf 70' lang='grc' dir='ltr'>τῆς</span> <span class='ocrx_word' id='word_1_873' title='bbox 2706 5759 2970 5812; x_wconf 77' lang='grc' dir='ltr'>ὀπτασίας</span> <span class='ocrx_word' id='word_1_874' title='bbox 2992 5760 3084 5812; x_wconf 89' lang='grc' dir='ltr'><strong>τοῦ</strong></span> <span class='ocrx_word' id='word_1_875' title='bbox 3113 5759 3246 5812; x_wconf 83' lang='grc' dir='ltr'>Θεοῦ</span> <span class='ocrx_word' id='word_1_876' title='bbox 3267 5758 3526 5812; x_wconf 79' lang='grc' dir='ltr'>καταξιω-</span> 
     </span>
    </p>
   </div>
   <div class='ocr_carea' id='block_1_119' title="bbox 1962 5758 3529 5830">
    <p class='ocr_par' dir='ltr' id='par_1_119' title="bbox 1962 5758 3529 5830">
     <span class='ocr_line' id='line_1_124' title="bbox 1962 5758 3529 5830; baseline -0.002 -16"><span class='ocrx_word' id='word_1_877' title='bbox 1962 5758 2117 5814; x_wconf 83' lang='grc' dir='ltr'>τοῦτο</span> <span class='ocrx_word' id='word_1_878' title='bbox 2144 5758 2200 5812; x_wconf 79' lang='grc' dir='ltr'>δὲ</span> <span class='ocrx_word' id='word_1_879' title='bbox 2246 5758 2397 5811; x_wconf 84' lang='grc' dir='ltr'>Ἠλία</span> <span class='ocrx_word' id='word_1_880' title='bbox 2424 5759 2543 5830; x_wconf 86' lang='grc' dir='ltr'>τότε</span> <span class='ocrx_word' id='word_1_881' title='bbox 2578 5758 2677 5830; x_wconf 80' lang='grc' dir='ltr'>τῆς</span> <span class='ocrx_word' id='word_1_882' title='bbox 2706 5758 2970 5823; x_wconf 77' lang='grc' dir='ltr'>ὀπτασίας</span> <span class='ocrx_word' id='word_1_883' title='bbox 2992 5760 3084 5813; x_wconf 88' lang='grc' dir='ltr'><strong>τοῦ</strong></span> <span class='ocrx_word' id='word_1_884' title='bbox 3113 5758 3246 5812; x_wconf 83' lang='grc' dir='ltr'>Θεοῦ</span> <span class='ocrx_word' id='word_1_885' title='bbox 3267 5758 3529 5830; x_wconf 73' lang='grc' dir='ltr'>καταξιω-</span> 
     </span>
    </p>
   </div>
   <div class='ocr_carea' id='block_1_120' title="bbox 1963 5829 3528 5902">
    <p class='ocr_par' dir='ltr' id='par_1_120' title="bbox 1963 5829 3528 5902">
     <span class='ocr_line' id='line_1_125' title="bbox 1963 5829 3528 5902; baseline -0.002 -17"><span class='ocrx_word' id='word_1_886' title='bbox 1963 5831 2163 5897; x_wconf 77' lang='grc' dir='ltr'>θέντος,</span> <span class='ocrx_word' id='word_1_887' title='bbox 2190 5830 2279 5884; x_wconf 82' lang='grc' dir='ltr'>ὅτε</span> <span class='ocrx_word' id='word_1_888' title='bbox 2302 5831 2394 5885; x_wconf 78' lang='grc' dir='ltr'><strong>καὶ</strong></span> <span class='ocrx_word' id='word_1_889' title='bbox 2423 5829 2583 5894; x_wconf 81' lang='grc' dir='ltr'>αὐτὸς</span> <span class='ocrx_word' id='word_1_890' title='bbox 2614 5829 2689 5901; x_wconf 80' lang='grc' dir='ltr'>τῷ</span> <span class='ocrx_word' id='word_1_891' title='bbox 2725 5830 2823 5901; x_wconf 76' lang='grc' dir='ltr'><strong>ἴσῳ</strong></span> <span class='ocrx_word' id='word_1_892' title='bbox 2860 5830 3041 5902; x_wconf 67' lang='grc' dir='ltr'>μέτρῳ</span> <span class='ocrx_word' id='word_1_893' title='bbox 3067 5831 3163 5901; x_wconf 76' lang='grc' dir='ltr'>τῆς</span> <span class='ocrx_word' id='word_1_894' title='bbox 3189 5831 3396 5902; x_wconf 78' lang='grc' dir='ltr'>ἀποχῆς</span> <span class='ocrx_word' id='word_1_895' title='bbox 3421 5829 3528 5882; x_wconf 83' lang='grc' dir='ltr'>τῶν</span> 
     </span>
    </p>
   </div>
  </div>
