3948 6240
495 257 600 313 965

1796 255 1854 310 S.
1890 255 2131 310 BASILII
2171 255 2385 311 MAGNI

3590 267 3671 322 964

494 371 700 442 quique
742 383 950 422 nuuum
1011 369 1216 438 patitur
1261 368 1561 439 voluptatis
1620 368 2052 433 incitamentum,

2164 369 2222 435 εξ
2253 370 2446 440 ἡδονῆς
2473 369 2758 442 ἐρεθισμδν
2786 370 3028 442 πάσχων,
3066 373 3099 443 ἢ
3136 373 3231 427 καὶ
3258 373 3549 444 προϊέμενος
3566 376 3676 448 (3|),

494 467 592 514 aut
623 467 770 514 certe
797 458 888 529 qui
920 460 1132 512 nullum
1174 457 1376 527 prodit,
1407 458 1501 512 sed
1538 458 1679 528 gerit
1713 473 1772 513 se
1801 466 2060 513 constan-

496 560 579 606 ter
629 565 693 605 ac
746 548 958 607 fortiter
1010 547 1272 603 adversus
1310 563 1527 603 onmem
1573 550 1794 603 noxiam
1832 549 2066 603 delecta-

497 647 718 707 tionem,
746 645 793 698 is
816 643 1090 714 perfectus
1118 649 1202 697 est
1227 643 1516 695 continens
1542 657 1557 700 ;
1586 642 1681 710 qui
1714 652 1892 696 autem
1922 642 2065 709 ejus-

497 736 642 791 modi
664 745 768 796 est.
792 736 980 804 utique
1006 734 1138 788 liber
1160 743 1243 788 est
1268 734 1336 786 ab
1357 732 1508 786 omni
1530 742 1778 802 peccato.
1804 731 1915 786 lmo
1937 748 2065 787 vero

503 830 799 898 aliquando
832 827 901 880 ab
928 826 1062 896 ipsis
1088 825 1253 880 etiam
1281 825 1467 888 rebus,
1497 840 1620 894 quae
1653 826 2061 895 permittuntur,

497 935 727 990 quaeque
774 918 1100 974 necessariae
1148 924 1279 972 sunt
1324 915 1391 969 ad
1439 917 1631 979 vitam,
1681 916 2063 971 abstinendum

495 1021 602 1075 est,
637 1027 759 1066 cum
793 1010 1003 1069 scilicet
1034 1008 1106 1063 ob
1136 1006 1365 1062 fratrum
1410 1017 1725 1062 nostrorum
1772 1008 2061 1061 utilitatem

497 1103 823 1158 abstinentia
866 1100 1193 1155 instituitur.
1245 1097 1335 1154 Sic
1382 1100 1678 1169 Apostolus
1733 1117 1744 1152 :
1801 1097 1861 1151 Si
1919 1114 2060 1161 esca,

495 1192 695 1263 inquit,
747 1190 1079 1245 scandalizat
1120 1189 1340 1258 fratrem
1378 1205 1569 1253 meum,
1599 1205 1701 1243 non
1734 1189 2060 1242 manducabo

495 1299 707 1337 carnem
756 1282 809 1334 in
865 1291 1115 1334 internum
1158 1280 1224 1333 ⁸⁸.
1279 1278 1383 1344 Qui
1438 1279 1602 1333 etiam
1658 1294 1783 1332 cum
1841 1280 2064 1332 haberet

496 1381 819 1444 potestatem
872 1371 1088 1426 vivendi
1139 1386 1203 1424 ex
1258 1369 1572 1439 Evangelio,
1624 1385 1734 1424 non
1797 1384 1928 1423 usus
1981 1376 2064 1423 est

497 1467 599 1520 hac
638 1473 925 1535 potestate,
961 1478 1028 1517 ne
1069 1461 1215 1532 quod
1257 1459 1648 1515 olfendiculum
1690 1461 1846 1515 daret
1886 1458 2064 1513 Evan-

496 1559 637 1627 gelio
664 1555 869 1610 Christi
898 1554 964 1608 ⁸⁵.

566 1668 621 1722 2.
660 1665 1048 1737 Temperantia
1091 1665 1257 1736 igitur
1285 1665 1424 1719 tollit
1451 1671 1695 1734 peccata,
1720 1662 2062 1717 turbulentos

495 1771 676 1815 motus
716 1758 992 1816 amandat.
1047 1756 1340 1812 mortiﬁcat
1386 1770 1587 1826 corpus
1621 1754 1689 1808 ad
1712 1756 1862 1824 ipsas
1896 1756 2060 1809 etiam

497 1868 671 1922 usque
691 1849 971 1905 naturales
1000 1847 1317 1904 alfectiones
1341 1862 1406 1900 ac
1443 1845 1795 1916 cupiditates,
1844 1846 2060 1900 initium

495 1953 579 1999 est
606 1943 906 2014 spiritualis
935 1942 1080 2005 vitae,
1131 1942 1387 1994 conciliat
1414 1948 1619 1994 aeterna
1654 1938 1815 2001 bona,
1868 1938 2062 1993 stimu-

496 2036 608 2090 lum
646 2034 943 2104 voluptatis
975 2034 1028 2086 in
1066 2032 1243 2101 seipsa
1290 2030 1609 2101 exstinguit.
1629 2027 1891 2098 Voluptas
1915 2028 2059 2082 enim

494 2139 690 2195 magna
718 2124 810 2177 illa
832 2133 916 2177 est
953 2123 1079 2175 mali
1116 2121 1395 2183 iilecehra,
1419 2134 1525 2187 qua
1570 2133 1669 2172 nos
1708 2117 1955 2172 homines
1992 2116 2059 2170 ad

494 2224 779 2286 peccatum
811 2215 969 2269 valde
988 2213 1279 2267 admodum
1317 2210 1587 2282 prodives
1618 2225 1809 2264 sumus
1842 2227 1855 2262 :
1893 2223 1924 2261 a
1953 2223 2061 2277 qua

492 2306 674 2360 anima
709 2306 887 2360 omnis
920 2304 1066 2358 velut
1095 2304 1164 2358 ab
1193 2304 1353 2356 hamo
1381 2300 1450 2355 ad
1478 2300 1762 2356 interitum
1788 2300 2061 2370 pertrahi-

494 2408 604 2452 tur.
640 2397 820 2463 Quare
845 2397 948 2466 qui
981 2396 1048 2450 ab
1080 2394 1199 2464 ipsa
1238 2408 1346 2447 non
1378 2391 1740 2457 eﬂ'eminatur,
1778 2408 1878 2447 nec
1911 2391 2061 2446 fran-

492 2490 659 2559 gitur,
693 2503 788 2558 per
820 2486 1232 2556 temperantiam
1270 2491 1495 2554 peccata
1521 2483 1702 2536 omnia
1729 2485 1883 2537 vitat.
1903 2483 2060 2552 Quod

494 2585 540 2639 si
562 2581 858 2653 quispiam,
910 2579 1096 2633 vitatis
1130 2577 1406 2647 plurimis,
1440 2576 1509 2631 ab
1536 2592 1645 2631 uno
1669 2586 1980 2647 superatur,
2013 2579 2060 2634 is

491 2674 779 2727 continens
801 2684 911 2724 non
931 2676 1014 2724 est
1040 2687 1053 2723 :
1082 2668 1539 2739 quemadmodum
1558 2684 1733 2737 neque
1758 2682 1928 2723 sanus
1951 2676 2055 2732 est,

491 2765 586 2833 qui
613 2776 722 2815 uno
747 2761 1019 2830 corporali
1056 2758 1247 2812 morbo
1273 2757 1519 2825 laborat;
1564 2774 1744 2829 neque
1776 2759 1935 2823 liber,
1964 2759 2057 2828 qui

493 2851 723 2923 imperio
765 2850 1057 2921 subjicitur
1103 2851 1288 2913 unius,
1342 2849 1654 2919 quicunque
1702 2849 1924 2904 tandem
1970 2850 2061 2905 ille

496 2944 589 3009 sit,
612 2943 848 3013 vilisque
867 2952 921 2996 et
951 2940 1220 3012 plebeius.
1253 2942 1331 2994 Ac
1360 2940 1584 3010 reliquae
1626 2941 1845 3011 quidem
1897 2941 2055 3012 361

2167 460 2281 512 ἀλλ’
2311 459 2593 531 ἐγκρατῶς
2618 462 2711 515 καὶ
2738 462 3030 526 ἀνενδότως
3062 464 3199 535 πρὸς
3235 466 3406 519 πᾶσαν
3430 467 3676 524 ἀπόλαυσιν

2171 552 2438 624 βλαϐερὰν
2492 553 2849 625 διακείμενος,
2884 556 2913 607 6
2957 556 3161 621 τέλειός
3188 558 3334 609 ἐστιν
3362 559 3629 630 ἐγκρατήςο
3656 566 3679 618 ό

2167 642 2223 695 δὲ
2270 644 2505 706 τοιοῦτος
2556 643 2795 715 δηλονότι
2840 646 2934 699 καὶ
2968 646 3149 716 πάσης
3185 646 3511 717 ἀπήλλακται
3535 651 3678 723 ἀμαρ-

2167 735 2306 798 τίας.
2360 735 2516 788 Ἔστι
2554 736 2611 789 δὲ
2648 737 2737 789 ὅτε
2766 738 2859 790 καὶ
2901 737 3209 791 αὐτῶντῶν
3236 744 3679 811 συγκεχωρημένων

2169 825 2264 878 καὶ
2313 827 2628 894 ἀναγκαίων
2690 827 2827 899 πρὸς
2873 827 2933 881 τὸ
2997 827 3097 899 ζῇν
3151 830 3432 897 ἀφεκτέον,
3466 831 3578 885 ὅταν
3615 835 3683 885 ἐπ’

2166 917 2404 988 ὠφελείᾳ
2419 917 2527 971 τῶν
2541 918 2785 988 ἀδελφῶν
2802 919 2958 990 ήμῶν
2980 922 3014 991 η
3039 920 3219 992 ἀποχὴ
3234 923 3558 993 οίκονομῆται
3577 923 3680 995 (δί).

2179 1007 2267 1071 Ὠς
2284 1010 2312 1061 ὁ
2346 1008 2665 1072 Ἀπόστολος
2678 1026 2691 1039 ·
2723 1011 2793 1063 El
2807 1009 3016 1079 ,βρῶμα
3032 1010 3407 1072 σκανδαλίζει
3431 1012 3527 1065 τὸν
3545 1012 3688 1067 ἀδελ-

2167 1099 2284 1165 φόν
2305 1115 2446 1165 μου,
2482 1098 2666 1169 φησὶν,
2695 1100 2767 1152 οὐ
2793 1098 2878 1167 μὴ
2907 1097 3075 1168 φάγω
3105 1098 3249 1169 κρέα
3279 1102 3365 1166 εὶς
3396 1101 3494 1154 τὸν
3516 1099 3682 1154 αἰῶνα.

2168 1187 2277 1237 Καὶ
2298 1186 2436 1256 ἔχων
2464 1186 2708 1253 ἐξουσίαν
2737 1188 2802 1241 ἐκ
2823 1186 2917 1240 τοῦ
2942 1188 3270 1257 Εὐαγγελίου
3300 1189 3418 1260 ζῇν,
3448 1190 3541 1242 οὐκ
3557 1191 3687 1260 ἐχρήσ

2170 1291 2300 1328 σατο
2320 1278 2384 1346 τῇ
2412 1275 2649 1347 ἐξουσίᾳ,
2670 1277 2755 1329 ἵνα
2779 1278 2855 1349 μὴ
2881 1278 3120 1349 ἐγκοπήν
3146 1294 3268 1331 τινα
3284 1277 3359 1348 δῷ
3384 1278 3458 1348 τῷ
3486 1279 3687 1346 Eliath-

2167 1363 2266 1435 λίῳ
2284 1366 2375 1418 τοῦ
2404 1366 2659 1435 Χριστοῦ.

2237 1684 2291 1737 2.
2336 1685 2522 1738 Ἔστιν
2555 1679 2647 1739 οὖν
2690 1687 2723 1756 ἡ
2778 1685 3070 1757 ἐγκράτεια
3114 1686 3386 1757 ἁμαρτίας
3433 1686 3687 1756 ἀναίρεσις,

2162 1778 2350 1832 παθῶν
2378 1778 2835 1850 ἁπαλλοτρίωσις,
2872 1778 3124 1849 σώματος
3150 1779 3416 1851 νέκρωσις
3444 1781 3589 1852 μέχρι
3615 1783 3691 1834 καὶ

2161 1869 2340 1923 αὐτῶν
2371 1868 2480 1923 τῶν
2514 1870 2756 1939 φυσικῶν
2802 1870 3141 1940 παθημάτων
3178 1888 3239 1923 τε
3273 1872 3371 1924 καὶ
3402 1870 3688 1941 ἐπιθυμιῶν,

2161 1961 2305 2033 ζωῆς
2343 1962 2717 2033 πνευματικῆς
2744 1962 2909 2033 ἀρχὴ,
2937 1962 3045 2015 τῶν
3086 1963 3324 2017 αἰωνίων
3361 1963 3567 2032 ἀγαθῶν
3588 1963 3693 2034 πρό-

2162 2051 2329 2116 ξενος,
2364 2055 2422 2105 ἐν
2469 2055 2632 2123 ἑαυτῇ
2666 2054 2727 2105 τὸ
2771 2054 2994 2125 κέντρον
3022 2053 3122 2123 τῆς
3153 2054 3350 2125 ἡδονῆς
3377 2053 3689 2122 ἀφανίζουσα.

2170 2143 2361 2214 Ἡδονὴ
2406 2144 2514 2215 γάρ
2546 2145 2663 2196 ἐστι
2711 2144 2775 2197 τὸ
2812 2144 2952 2213 μέγα
2993 2144 3089 2197 τοῦ
3122 2146 3290 2199 κακοῦ
3322 2146 3525 2217 δέλεαρ,
3556 2145 3613 2198 δι’
3640 2145 3693 2214 ἦν

2160 2236 2499 2304 εὐέμπτωτοι
2534 2237 2645 2305 (55)
2698 2236 2933 2307 μάλιστα
2986 2237 3122 2308 πρὸς
3170 2238 3447 2309 ἁμαρτίαν
3476 2239 3622 2310 ἐσμὲν
3653 2239 3692 2290 oi

2159 2325 2433 2397 ἄνθρωποι
2452 2342 2464 2355 ⁸
2498 2325 2587 2394 ὑφ’
2607 2321 2675 2397 ἦς
2703 2326 2852 2379 πᾶσα
2873 2325 3018 2397 ψυχὴ
3048 2326 3124 2390 ὡς
3153 2329 3248 2380 ὑπ’
3279 2328 3568 2399 ἀγκίστρου
3586 2328 3694 2398 πρὸς

2157 2416 2249 2469 τὸν
2310 2416 2536 2470 θάνατον
2586 2415 2819 2471 ἕλκεται.
2865 2417 2953 2480 Ὣς
2994 2418 3023 2470 ὅ
3057 2434 3119 2485 γε
3169 2418 3242 2489 μὴ
3270 2418 3690 2489 ἐκθηλυνόμενος,

2163 2506 2297 2577 μηδὲ
2344 2506 2872 2577 κατακαμπτόμενος
2904 2510 2995 2560 ὑπ’
3023 2508 3194 2578 αὐτῆς
3223 2510 3363 2578 (54),
3392 2510 3478 2563 διὰ
3503 2512 3591 2580 τῆς
3618 2511 3693 2577 ἐγ·

2159 2595 2416 2668 κρατείας
2464 2597 2645 2650 πᾶσαν
2680 2598 2859 2669 φυγὴν
2891 2599 3310 2670 ἁμαρτημάτων
3353 2600 3692 2672 κατώρθωσεν.

2159 2687 2221 2739 Εί
2249 2688 2304 2739 δέ
2333 2687 2401 2740 τὰ
2436 2687 2536 2757 μὲν
2570 2686 2796 2741 πλεῖστα
2818 2687 3038 2758 ἔφυγεν,
3075 2690 3163 2758 ὑφ’
3195 2690 3322 2754 ἐνὸς
3350 2690 3408 2745 δὲ
3435 2694 3693 2762 κρατεῖται,

2158 2777 2258 2830 οὐκ
2289 2776 2561 2848 ἐγκρατὴς
2606 2779 2635 2829 6
2690 2779 2963 2842 τοιοῦτος·
3018 2779 3206 2850 ὥσπερ
3247 2782 3349 2833 καὶ
3400 2782 3429 2833 ό
3474 2782 3557 2849 ὑφ’
3601 2781 3696 2841 ἐνὸς

2160 2868 2363 2932 πάθους
2393 2869 2708 2939 σωματικοῦ
2740 2869 3123 2941 ἐνοχλούμενος
3148 2871 3247 2940 οὐχ
3278 2872 3440 2942 ὑγιής
3458 2888 3471 2901 ·
3519 2870 3600 2924 καὶ
3624 2869 3695 2938 ὑφ’

2160 2959 2276 3023 ἐνὸς
2303 2958 2397 3012 καὶ
2426 2958 2521 3011 τοῦ
2551 2959 2804 3029 τυχόντος
2830 2961 3217 3031 κυριευόμενος
3250 2962 3363 3033 ('55)
3395 2964 3492 3016 οὐκ
3522 2962 3700 3015 ἐλεύθεο

493 3038 722 3092 virtutes
752 3050 874 3089 cum
916 3035 969 3087 in
1006 3033 1222 3087 occulto
1252 3041 1631 3099 exerceantur,
1683 3047 1808 3086 raro
1830 3034 2052 3087 veniunt

2163 3069 2273 3125 ρος.
2308 3052 2374 3104 Αἱ
2403 3052 2500 3122 μὲν
2523 3048 2614 3105 οὖν
2636 3052 2820 3105 λοιπαὶ
2849 3053 3062 3123 ἀρεταὶ,
3090 3054 3146 3105 ἐν
3178 3052 3260 3122 τῷ
3288 3053 3509 3124 κρυπτῷ
3538 3068 3698 3121 κατορ-

493 3129 551 3184 in
594 3127 876 3182 hominum
925 3131 1283 3194 conspectum
1322 3142 1336 3177 :
1371 3124 1708 3178 continentia
1761 3139 1890 3179 vero
1932 3140 2052 3179 eum

2163 3110 2438 3213 θοῦμεναι,
2473 3141 2719 3211 ὀλιγάκις
2759 3110 3275 3222 διαφαίνονταιέτοξς
3314 3110 3696 3217 ἀνθριῦποιρῆ

492 3235 526 3275 a
556 3234 665 3290 quo
686 3217 1024 3288 possidetur,
1044 3216 1129 3270 vel
1163 3217 1282 3285 ipso
1316 3230 1615 3285 congressu
1655 3224 1845 3270 notum
1875 3215 2054 3272 eliicit.

498 3312 570 3368 Ut
599 3310 745 3367 enim
784 3309 1025 3363 obesitas
1052 3316 1105 3362 et
1156 3309 1331 3364 bonus
1376 3310 1526 3363 color
1570 3309 1827 3363 athletam
1876 3319 2057 3377 notat,

494 3405 567 3458 ita
594 3402 840 3473 corporis
883 3404 1088 3456 macies
1114 3410 1168 3455 et
1210 3401 1406 3470 pallor,
1461 3401 1556 3471 qui
1611 3416 1679 3456 ex
1717 3400 2058 3456 continentia

489 3496 737 3567 emergit,
783 3493 986 3548 indicio
1019 3500 1126 3555 est,
1171 3493 1544 3547 Christianum
1602 3509 1730 3548 vere
1791 3494 2050 3549 athletam

488 3600 610 3640 esse
639 3590 1034 3655 praeceptorum
1065 3581 1270 3637 Christi
1318 3601 1330 3636 :
1367 3583 1460 3653 qui
1487 3582 1770 3637 inimicum
1805 3599 1963 3638 suum
1998 3584 2054 3637 in

488 3676 736 3746 corporis
766 3675 1080 3729 inﬁrmitate
1102 3675 1304 3738 vincat,
1322 3674 1573 3744 viresque
1593 3688 1720 3729 suas
1750 3674 1803 3727 in
1835 3674 2052 3744 pietatis

488 3766 880 3823 certaminibus
905 3764 1178 3831 ostendat,
1228 3765 1617 3819 convenienter
1660 3765 1841 3819 verbis
1892 3764 2000 3819 illis
2037 3783 2048 3817 :

489 3857 625 3915 Cum
651 3858 912 3930 inﬁrmor,
945 3866 1066 3910 tunc
1105 3865 1287 3927 potens
1329 3855 1514 3911 sum“.
1571 3854 1846 3921 Quantum
1898 3871 2052 3911 exeo

489 3951 629 4006 lucri
664 3959 770 4015 est,
790 3949 837 4003 si
883 3950 1059 4003 solum
1104 3950 1472 4002 continentem
1514 3946 1816 4009 videamus,
1870 3947 1961 4000 vix
1998 3954 2053 4001 et

490 4053 654 4109 parce
684 4038 846 4092 rebus
878 4038 1209 4091 necessariis
1246 4045 1508 4101 utentem,
1560 4043 1614 4090 et
1643 4036 1809 4089 veluti
1854 4050 2054 4090 onero-

490 4145 613 4185 sum
635 4137 843 4184 natura:
865 4129 1225 4184 ministerium
1264 4128 1685 4198 persolventem,
1726 4136 2051 4198 tempusque

2156 3236 2213 3290 δὲ
2262 3235 2556 3305 ἐγκράτεια
2606 3235 2702 3288 ἀπ’
2757 3236 2925 3305 αὐτῆς
2977 3236 3075 3304 τῆς
3127 3237 3419 3306 συντυχίας
3463 3236 3700 3306 γνώριμον

2158 3328 2301 3379 ποιεῖ
2320 3326 2410 3379 τὸν
2435 3326 2646 3396 ἔχοντα.
2696 3327 2783 3388 Ὠς
2810 3325 2918 3396 γάρ
2943 3325 3032 3379 τὸν
3057 3326 3298 3397 ἀθλητὴν
3325 3328 3359 3398 ή
3398 3325 3702 3397 πολυσαρκία

2158 3418 2253 3471 καὶ
2285 3419 2317 3486 ἡ
2352 3414 2575 3487 εὖχροια
2597 3416 3014 3488 χαρακτηρίζει,
3040 3415 3181 3469 οὕτω
3206 3417 3302 3470 τὸν
3329 3417 3634 3489 Χριστιανὸν
3652 3414 3702 3467 τὸ

2160 3505 2530 3574 κατεσκληκὸς
2561 3504 2653 3558 τοῦ
2685 3504 2953 3575 σώματος,
2990 3504 3083 3556 καὶ
3121 3506 3154 3574 ἡ
3186 3505 3255 3557 ἐκ
3286 3507 3391 3576 τῆς
3415 3505 3702 3577 ἐγκρατείας

2162 3594 2472 3649 ἐπανθοῦσα
2516 3595 2691 3667 ὠχρία
2727 3595 2832 3665 (36)
2859 3594 3145 3658 δείκνυσιν,
3179 3595 3265 3648 ὅτι
3300 3596 3534 3667 ἀθλητὴς
3561 3595 3702 3653 ὅντως

2163 3687 2278 3738 ἐστὶ¹
2308 3685 2416 3740 τῶν
2450 3685 2676 3740 ἐντολῶν
2718 3682 2812 3738 τοῦ
2854 3682 3089 3755 Χριστοῦ
3109 3701 3123 3714 ο
3158 3687 3216 3738 ἐν
3248 3681 3320 3758 τῇ
3358 3685 3600 3755 ἀσθενείᾳ
3624 3681 3701 3736 τοῦ

2164 3773 2414 3844 σώματος
2462 3775 2849 3829 καταπαλαίων
2895 3774 3088 3827 ἐαυτοῦ
3137 3775 3231 3827 τὸν
3280 3776 3495 3848 ἐχθρὸν,
3529 3776 3614 3828 καί
3654 3772 3705 3824 τὸ

2159 3862 2380 3917 δυνατὸν
2413 3868 2469 3917 ἐν
2501 3869 2613 3929 τοῖς
2654 3867 2751 3935 τῆς
2784 3865 3066 3930 εὐσεϐείας
3108 3865 3300 3931 ἄθλοις
3355 3862 3703 3933 ἐπιδεικνύμε-

2155 3972 2263 4017 νος,
2303 3955 2443 4009 κατά
2489 3957 2550 4008 τὸ
2581 3956 2889 4028 εἰρημένον,
2940 3957 3022 4010 ὃτι
3067 3959 3255 4011 ’Ὅταν
3299 3956 3553 4021 ἀσθενῶ,
3592 3956 3702 4007 τότε

2154 4043 2411 4111 δυνατός
2447 4049 2581 4115 ειμι.
2619 4048 2782 4099 Ὅσον
2812 4047 2874 4100 τὸ
2907 4048 3115 4119 κέρδος,
3164 4047 3405 4119 ὀφθῆναι
3438 4048 3586 4119 μόνον
3625 4044 3701 4097 τὸν

2154 4135 2418 4207 ἐγκρατῆ,
2478 4136 2629 4207 μόλις
2679 4138 2772 4191 καὶ
2825 4137 2966 4191 κατὰ
3005 4138 3199 4210 μικρὸν
3256 4140 3371 4193 τῶν
3420 4136 3702 4206 ἀναγκαίων

488 4237 598 4292 quo
625 4221 694 4275 iis
717 4223 1056 4283 immoratur,
1080 4236 1225 4291 :egro
1257 4219 1439 4272 animo
1466 4217 1752 4281 ferentem,
1798 4227 1854 4272 et
1876 4222 1986 4273 cito
2016 4236 2046 4273 a

2163 4225 2480 4295 ἀπτόμενον,
2518 4229 2611 4279 καὶ
2642 4228 2717 4291 ὠς
2748 4228 3088 4300 λειτουργίαν
3124 4230 3347 4301 ἐπαχθῆ
3375 4226 3702 4282 ὑποτελοῦντα

488 4328 676 4369 mensa
698 4312 766 4367 ad
786 4327 949 4382 opera
962 4310 1263 4382 peragenda
1281 4316 1613 4380 surgentem.
1633 4307 1885 4363 Arbitror
1901 4310 2047 4364 enim

2163 4319 2221 4386 τῇ
2256 4317 2433 4385 φύσει,
2470 4320 2561 4371 καὶ
2583 4318 3003 4390 δυσχεραίνοντα
3039 4320 3137 4389 μὲν
3165 4319 3244 4390 τῷ
3276 4321 3458 4391 καιρῷ
3477 4320 3572 4389 τῆς
3597 4314 3703 4385 περῖ

553 4472 600 4511 εδ
637 4471 658 4526 Ι
690 4472 817 4561 Cor.
856 4487 991 4537 vm,
1027 4472 1115 4527 15.
1193 4472 1238 4503 ⁸³
1278 4469 1298 4523 1
1335 4470 1463 4527 Cor.
1502 4487 1576 4538 rx,
1615 4470 1704 4524 12.
1784 4470 1829 4502 ⁸⁸
1871 4469 1910 4522 Il
1944 4471 2051 4526 Cor

2168 4492 2221 4540 ι,
2261 4479 2346 4533 10.

557 4637 670 4709 (3|)
708 4637 837 4709 Reg.
873 4635 1083 4709 primus
1103 4643 1155 4689 et
1176 4633 1334 4709 Vpss.
1360 4641 1414 4709 et
1441 4634 1601 4709 Colb._
1635 4642 1689 4689 et
1724 4630 1893 4687 Coisl.
1928 4634 2042 4709 pri-

484 4702 609 4765 mis
645 4702 927 4779 ἐρεθθδμδν
956 4705 1177 4779 πάσχων
1211 4705 1244 4774 ἦ
1300 4706 1395 4759 καὶ
1450 4702 1805 4779 πρρῖέμενος.
1850 4702 2040 4779 (luiun

485 4774 689 4834 nulluni
715 4774 991 4842 voluptatis
1012 4774 1408 4843 incitamentum
1427 4774 1651 4842 patitur,
1678 4785 1767 4825 a:tt
1793 4783 1929 4826 certe
1949 4777 2039 4842 qui

485 4848 689 4903 nullum
719 4846 913 4915 prodit.
964 4845 1108 4899 Editi
1139 4854 1193 4899 et
1244 4855 1355 4900 tres
1402 4860 1536 4898 mss.
1591 4844 1686 4897 καὶ
1735 4843 2039 4915 *μηδέναῄἐξ

484 4913 988 4989 ήὼνῆςνέρεθισμὸν
1012 4915 1384 4989 προσιέμενος,
1419 4915 1606 4983 quique
1650 4913 1857 4989 nullum
1889 4913 2039 4989 uolu-

482 4981 646 5057 p'tatis
676 4981 1070 5057 incitamentum
1105 4981 1339 5057 admittit
1355 5002 1380 5057 :-
1428 4981 1862 5057 quaeAscriptura
1900 4981 2036 5038 falsa

486 5052 650 5111 simul
692 5064 748 5111 et
788 5071 982 5111 manca
1034 5055 1193 5116 fecit,
1240 5062 1299 5107 ut
1342 5052 1700 5109 Combelisius
1757 5062 2035 5107 auctorem

487 5125 682 5181 Stoicae
720 5126 1005 5194 cujusdam
1056 5126 1287 5195 apathize
1329 5124 1599 5195 immerito
1637 5122 1946 5195 accusarit:
1974 5124 2038 5175 Et

482 5205 542 5250 ut
571 5195 746 5266 magis
776 5191 928 5249 suam
953 5191 1263 5265 Opinionem
1291 5194 1654 5266 continuaret.
1684 5193 1739 5245 in
1768 5207 1869 5266 suo
1892 5191 2035 5266 Maz.

482 5281 579 5321 seu
610 5262 742 5336 Reg.
765 5267 938 5334 primo
960 5262 1134 5335 legere
1154 5266 1324 5320 voluit
1354 5263 1727 5336 προσιέμενος,
1759 5262 1993 5336 admittit
2016 5279 2034 5314 :

482 5352 591 5406 quo
630 5330 909 5406 in'codice
934 5330 1128 5406 tamen
1149 5405 1153 5406 ί
1179 5336 1376 5405 legitur
1394 5330 1769 5406 ξπροῖέμενρς,
1815 5330 2034 5406 prodit,

478 5401 738 5460 declarat.
768 5404 890 5458 Mox
920 5405 1052 5474 Reg.
1078 5401 1285 5475 primus
1314 5414 1367 5460 et
1392 5401 1552 5475 Voss.
1578 5401 1813 5475 etiCoib.
1834 5401 2036 5454 διακεί-

484 5493 663 5546 μενος,
692 5477 721 5529 6
744 5475 958 5547 jéiletdc;
990 5472 1143 5547 ἐστιν
1184 5476 1478 5547 ἐγκρατής.
1512 5472 1742 5547 Editict
1784 5472 1915 5547 lieg.
1948 5486 2034 5547 ερ-

480 5536 693 5631 cundus
714 5539 865 5631 οὗτος
892 5536 956 5599 ἂν
1057 5536 1348 5616 ἐγκρατής.
1386 5536 1515 5614 ιὶεε.
1548 5543 1744 5598 tertius
1778 5536 1930 5604 οὗτος
1966 5540 2031 5593 ἂν

478 5631 565 5684 ειη
586 5631 877 5684 εγκρατης.

905 5684 1060 5741 Colb.
1083 5687 1461 5755 οἰκονομεῖται.
1494 5681 1696 5739 Ibidem
1722 5681 1865 5738 idem
1896 5680 2023 5736 libet

2148 4653 2275 4711 cum
2332 4640 2461 4711 Reg.
2501 4642 2811 4711 primo“);
2849 4658 3010 4711 φησιν
3130 4640 3491 4711 Ῐᾼπόστολος·
3678 4637 3704 4690 6

2148 4708 2375 4781 ἀδελφός
2404 4708 2518 4779 μου
2539 4708 3095 4781 σκανδαλίζηταιηοὺ.
3130 4709 3293 4765 Haud
3337 4712 3499 4781 longe
3530 4710 3703 4778 legitur

2148 4777 2203 4830 in
2220 4777 2629 4861 Ιςριὺηκαίπερ
2660 4780 2797 4850 ἔχων
2826 4777 3031 4861 ἐκητοῦ.

2215 4849 2323 4918 (35)
2349 4849 2495 4920 Reg.
2529 4846 2741 4919 primus
2786 4860 2839 4905 et
2882 4849 3041 4904 Voss.
3072 4859 3126 4905 et
3163 4849 3327 4906 Colb.
3370 4848 3559 4920 δέλεαρ
3580 4890 3594 4915 ,
3624 4846 3703 4902 καὶ

2141 4917 2207 4970 δι’
2237 4918 2406 4989 αὐτὴν
2435 4917 2798 4989 actim-amat.

2215 4988 2325 5057 (55)
2364 4987 2476 5043 ‘Sic
2508 4987 2678 5043 c‘odex
2714 4988 2870 5045 Voss.
2919 4998 2975 5042 et
3012 4988 3167 5043 Colb.
3202 4996 3261 5043 et
3308 4988 3447 5058 Reg.
3481 4987 3699 5057 primus.

2142 5058 2247 5131 tlilii
2280 5061 2403 5131 duo
2455 5074 2590 5116 mss.
2631 5069 2685 5113 et
2721 5058 2854 5113 editi
2894 5058 3337 5131 ἐκθηλυνόμενος
3382 5058 3475 5111 ὑπ’
3519 5058 3700 5128 navit,

2144 5128 2366 5183 brevius
2395 5143 2559 5197 quam
2595 5144 2693 5198 par
2718 5137 2855 5198 erat.

2214 5198 2328 5320 (553
2364 5192 2496 5269 Reg.
2534 5192 2742 5268 primus
2764 5206 2818 5251 et
2844 5196 3003 5253 Voss.
3028 5207 3082 5253 et
3108 5198 3266 5254 Colb.
3295 5201 3325 5251 6
3353 5195 3617 5258 τοιοῦτος’
3640 5192 3701 5253 ὡς

2214 5285 2268 5319 τε
2330 5269 2452 5320 Yth:
2487 5269 2516 5320 6
2557 5270 2638 5320 ἐνὶ
2668 5268 2962 5320 σωματικῶ
2996 5268 3157 5320 πάθει
3192 5266 3701 5320 παοενογλούμενος.

2145 5266 2268 5320 οὔτε
2295 5266 2467 5352 ὑγιὴς*
2487 5269 2516 5320 ό
2535 5266 2638 5321 ’ἐνὶ
2668 5268 2962 5339 σωματικῷ
2996 5268 3157 5348 πάθει
3192 5266 3701 5346 παρενοχλουμενοςο

2142 5336 2266 5390 οὔτε
2303 5338 2581 5407 ἐλευθερος
2599 5339 2629 5390 6
2660 5339 2749 5407 ὑφ’
2778 5337 2895 5401 ἐνὸς
2923 5339 3018 5391 καὶ
3050 5356 3143 5392 του
3182 5338 3450 5407 τυχόντος
3478 5348 3700 5406 κυριευο-

2187 5424 2304 5461 ενος
2310 5448 2324 5461 .

2354 5476 2497 5551 Editi
2523 5485 2577 5533 et
2596 5491 2726 5551 mss.
2749 5479 2993 5551 nonnulli
3018 5475 3330 5551 ἐπανθοῦσα
3354 5476 3533 5551 χροιά,
3555 5472 3699 5551 colar.

2143 5543 2273 5630 Beg.
2306 5549 2515 5630 primus
2555 5555 2610 5628 et
2651 5545 2811 5603 Voss.
2844 5548 3043 5621 ὠχρία,
3075 5548 3271 5618 pallor,
3323 5543 3475 5607 quod
3525 5543 3699 5599 melius

2138 5620 2376 5686 iudicavi
2404 5626 2458 5690 et
2481 5620 2686 5673 verius.
