3948 6240
284 236 392 290 €65

1384 236 1688 294 REGULE
1722 238 1973 297 FUSIUS
2006 243 2424 305 TRACTAT/E.

3344 222 3531 315 I966

280 350 458 405 ταῦτα
482 351 789 425 διατριϐῆς,
816 354 951 424 ταχύ
979 354 1034 407 δὲ
1058 354 1155 425 τῆς
1187 354 1465 427 τραπέζης
1496 357 1828 429 ἀποπηδῶντ‹

1930 364 2201 421 ,animum
2242 365 2360 434 ejus
2412 369 2504 439 qui
2545 370 2694 425 circa
2742 382 2987 429 ventrem
3022 376 3393 447 intemperans
3420 387 3527 445 est,

281 444 423 515 πρὸς
449 444 547 515 τὴν
574 445 682 498 τῶν
718 446 893 517 ἔργων
927 446 1178 518 σπουδὴν.
1209 444 1375 518 Οἶμαι
1405 449 1513 519 γὰρ
1544 448 1610 501 ἂν
1640 449 1735 501 καὶ
1760 452 1828 501 τοέ

1962 457 2114 510 nullo
2163 473 2418 516 sermone
2456 476 2610 533 aque
2652 478 2716 517 ac
2766 469 3124 536 temperantis
3165 484 3401 525 occursu
3444 472 3530 526 vel

281 536 580 589 ἀκολάστου
615 538 744 608 περὶ
772 538 1014 609 γαστέρα
1052 538 1255 608 μηδένα
1291 539 1447 607 λόγον
1476 540 1730 594 τοσοῦτον
1756 542 1823 612 τῆ

1962 547 2080 601 solo
2117 553 2470 616 commoveri,
2508 562 2601 607 aut
2630 557 2931 612 immutari.
2963 558 3138 629 Atque
3174 559 3278 614 hoc
3313 569 3417 623 est,
3449 563 3528 616 uti

276 622 461 695 ψυχῆς
504 624 874 694 καθάψασθαι,
938 626 1034 679 καὶ
1092 627 1229 697 πρὸς
1297 628 1598 699 μεταϐολὴν
1663 631 1856 699 ὲναγα-

278 717 396 782 γεῖν
425 715 562 787 (57),
596 716 720 769 ὅσον
762 716 855 769 καί⁵
880 716 1046 787 μόνην
1074 716 1174 788 τὴν
1209 719 1498 790 συντυχίαν
1527 720 1620 774 τοῦ
1655 723 1857 791 ἐγκρα-

1960 635 2199 700 videtur,
2255 638 2322 692 ad
2367 639 2463 694 Dei
2509 643 2739 711 gloriam
2795 645 2975 711 edere,
3006 656 3059 701 et
3111 648 3314 713 bibere,
3367 660 3427 704 ut
3472 652 3525 704 in

1962 738 2150 779 mensa
2181 728 2346 782 etiam
2389 730 2605 787 luceant
2636 733 2779 787 bona
2814 748 3001 789 nostra
3034 753 3222 807 opera,
3269 747 3327 792 ut
3365 738 3528 795 Pater

274 806 425 870 τοῦς.
457 808 567 862 Καὶ
607 809 767 861 τοῦτό
805 812 971 872 ἐστιν,
1005 809 1081 873 ὡς
1120 809 1285 875 ἔοικε,
1319 812 1379 865 τὸ
1420 815 1500 876 εἰς
1538 813 1692 880 δόξαν
1720 813 1828 867 Θεοέ

1960 824 2150 872 noster
2179 820 2273 888 qui
2310 822 2363 874 in
2396 824 2552 878 caelis
2575 834 2678 888 est,
2711 826 2880 895 gloria
2909 806 3206 883 afﬁciatur.

274 902 477 955 ἐσθίειν
504 903 598 956 καὶ
628 904 831 958 πίνεινο
862 904 1002 958 ὥστε
1032 906 1126 959 καὶ
1168 907 1260 958 ἐπὶ
1300 908 1395 977 τῆς
1426 909 1704 981 τραπέζης
1728 910 1838 982 (58)
1871 910 2109 990 λάμπειν
2140 914 2208 969 τὰ
2253 917 2394 970 καλὰ
2425 918 2580 989 ἡμῶν
2625 918 2762 990 ἔργα
2808 922 2944 990 πρὸς
2977 921 3037 974 τὸ
3064 923 3385 994 δοξασθῆναι
3431 922 3527 979 τὸν

274 991 500 1065 Πατέρα
531 993 688 1066 ἡμῶν
711 996 805 1049 τὸν
835 998 892 1050 ὲν
919 999 1032 1060 τοῖς
1056 997 1324 1068 οὐρανοῖς.

814 1174 1148 1227 ΕΡΩΤΗΣΙΣ
1198 1176 1307 1228 IH’.

270 1289 391 1342 Ὅτι
424 1288 522 1341 δεῖ
555 1287 796 1341 πάντων
831 1288 950 1342 τῶν
994 1288 1475 1413 ααρᾶιτιθεμένων
1507 1290 1653 1360 ἡμῖν
1698 1292 1844 1346 ἀπο-

921 1375 1100 1413 γευεσ
1137 1375 1214 1412 αι.

921 1375 1214 1429 γευεσυαι.

874 1512 1261 1568 ΑΠΟΚΡῘΣΙΣ.

352 1604 692 1672 ’Δναγκαίως
756 1603 938 1673 μέντοι
987 1604 1208 1656 κάκεῖνο
1266 1605 1713 1677 προσδιωρίσθω,
1760 1608 1844 1661 ὅτι

262 1698 404 1769 πρὸς
432 1697 524 1750 τὸν
548 1697 658 1767 (59)
688 1696 1053 1766 ὐπωπιασμὸν
1076 1695 1168 1748 τοῦ
1201 1694 1451 1766 σώματος
1474 1699 1844 1770 ἀπαραίτητον

2363 1180 2877 1241 INTERROGATIO
2914 1186 3097 1241 XVIII.

1953 1329 2106 1395 Quod
2132 1334 2309 1387 omnia
2341 1351 2457 1404 quae
2485 1337 2633 1393 nobis
2655 1352 2988 1409 apponuntur
3018 1354 3138 1397 sunt
3170 1345 3514 1417 degustanda.

2524 1512 2925 1569 liESPONSIO.

2016 1598 2081 1652 Et
2115 1600 2247 1655 illud
2277 1618 2494 1674 quoque
2517 1606 2830 1660 necessario
2861 1615 3157 1673 statuatur,
3202 1621 3513 1682 temperan-

1943 1690 2073 1744 tiam
2102 1692 2168 1745 iis
2199 1693 2289 1762 qui
2323 1710 2421 1763 pro
2448 1696 2647 1764 pietate
2674 1705 2908 1758 certant,
2949 1714 3176 1766 prorsus
3200 1700 3267 1754 ad
3298 1716 3501 1770 corpus

263 1793 378 1851 τοῖς
429 1789 529 1858 τῆς
582 1788 863 1850 εὐσεϐείας
890 1789 1217 1856 ἀγωνισταῖς
1255 1790 1288 1859 ἡ
1329 1789 1659 1860 ἐγκράτειαο
1716 1791 1828 1857 Πᾶς

1945 1784 2330 1838 macerandum
2384 1788 2751 1841 necessariam
2812 1804 2932 1842 esse
2966 1809 2978 1843 :
3009 1790 3194 1846 Omnis
3243 1795 3381 1846 enim
3418 1797 3509 1864 qui

262 1880 376 1949 τὰρ
393 1882 426 1931 ό
457 1879 904 1947 ἀγωνιζόμενος,
924 1879 1121 1934 πάντα
1148 1884 1581 1950 ἐγκρατεύεται.
1612 1884 1756 1955 Πρὸς
1781 1885 1828 1938 δὲ

1942 1874 1998 1927 in
2029 1891 2192 1942 agone
2208 1875 2491 1940 contendit,
2512 1876 2576 1930 ab
2607 1879 2849 1931 omnibus
2872 1896 2926 1932 se
2943 1880 3168 1936 abstinet
3196 1884 3262 1937 ⁸⁷.
3291 1883 3393 1938 Sed
3422 1892 3505 1938 ta~

259 1974 324 2024 τὸ
357 1970 433 2041 μὴ
476 1971 866 2040 συνεμπίπτειν
914 1972 1028 2033 τοῖς
1071 1970 1283 2043 ἐχθροῖς
1310 1970 1406 2024 τοῦ
1441 1972 1574 2025 Θεοῦ
1614 1977 1727 2038 τοῖς
1757 1992 1841 2028 κε-

258 2061 758 2134 καυτηριασμένοις
783 2061 881 2134 τὴν
920 2063 1055 2117 ἰδίαν
1084 2063 1408 2133 συνείδησιν,
1436 2066 1529 2118 καὶ
1563 2065 1649 2119 διὰ
1685 2066 1841 2120 τοῦτο

255 2154 624 2225 ἀπεχομένοις
661 2154 980 2224 βρωμάτων,
1011 2155 1047 2209 ἃ
1095 2158 1124 2210 ὁ
1171 2154 1303 2219 Θείας
1348 2157 1561 2211 ἔκτισεν
1614 2160 1694 2221 είς
1741 2176 1840 2229 με-

254 2246 494 2316 τάληψιν
544 2247 660 2313 μετ’
720 2246 1068 2319 εὐχαριστίας
1111 2249 1223 2311 τοῖς
1283 2251 1515 2312 πιστοῖς,
1568 2248 1837 2303 ἅπτεσθαι

257 2339 362 2407 μὲν
405 2337 639 2390 ἑκάστου
668 2335 796 2407 χρὴ,
844 2337 1036 2408 καιροῦ
1069 2354 1198 2390 ποτε
1233 2338 1683 2408 συνεμπεσόντος,
1713 2340 1837 2392 ὅσον

252 2428 629 2482 ἐνδείκνυσθαι
660 2432 773 2494 τοῖς
797 2429 1017 2500 ὁρῶσιν,
1044 2431 1125 2483 ὅτι
1158 2431 1334 2485 πάντα
1357 2430 1571 2501 καθαρά
1599 2434 1711 2495 τοῖς
1745 2449 1838 2485 κα-

254 2517 444 2589 θαροῖς
493 2519 589 2572 καὶ
632 2520 715 2572 δτι
766 2521 875 2573 πᾶν
909 2520 1113 2591 κτίσμα
1155 2518 1290 2573 Θεοῦ
1323 2520 1508 2582 καλὸν,
1556 2520 1651 2574 καὶ
1682 2522 1833 2574 οὐδὲν

251 2609 564 2680 ἀπόϐλητον
612 2613 728 2681 μετ’
769 2611 1120 2683 εὐχαριστίας
1158 2611 1600 2682 λαμϐανόμενονο
1652 2611 1835 2681 Ἀγιά-

250 2700 407 2761 ζεται
436 2700 550 2770 τὰρ
575 2699 671 2755 διὰ
694 2704 882 2771 λόγου
913 2702 1080 2767 Θεοῦ,
1115 2702 1215 2756 καὶ
1236 2702 1560 2769 ἐντεύξεως
1582 2720 1596 2731 ·
1627 2703 1831 2772 φυλάσ-

252 2810 369 2845 σειν
396 2792 457 2844 δὲ
491 2793 587 2845 καὶ
627 2791 771 2846 οὕτω
810 2795 901 2848 τὸν
945 2796 1043 2866 τῆς
1080 2795 1407 2867 ἐγκρατείας
1451 2796 1651 2849 σκοπόν
1674 2813 1686 2827 ·
1720 2801 1833 2861 τοῖς

251 2885 354 2955 μὲν
378 2882 784 2955 εὐτελεστέροις
807 2886 902 2938 καὶ
926 2886 1246 2954 ἀναγκαίοις
1278 2886 1416 2958 πρὸς
1447 2885 1510 2939 τὸ
1537 2886 1636 2957 ζῇν
1668 2889 1831 2961 μέχρι

246 2975 348 3043 τῆς
377 2972 569 3045 χρείας
600 2973 1098 3044 προσδιατρίϐοντα,
1127 2974 1221 3027 καὶ
1254 2976 1312 3028 ἐν
1341 2974 1552 3038 τούτοις
1597 2974 1690 3028 τοῦ
1736 2979 1829 3030 κό-

247 3087 350 3141 ρου
399 3072 464 3124 τὸ
495 3071 757 3142 βλαϐερὸν
799 3069 1132 3136 ἐκκλίνοντα,
1181 3070 1289 3125 τῶν
1336 3072 1393 3124 δὲ
1448 3075 1586 3143 πρὸς
1636 3074 1827 3146 ἡδονὴν

1943 1983 2085 2026 men.
2124 1984 2192 2022 ne
2246 1984 2353 2023 una
2407 1984 2530 2023 cum
2570 1970 2661 2025 Dei
2717 1972 2958 2029 inimicis
3013 1990 3357 2041 corruamus,
3408 1979 3503 2049 qui

1940 2073 2096 2112 suam
2149 2059 2390 2128 ipsorum
2439 2063 2839 2116 conscientiam
2885 2063 3088 2118 habent
3131 2068 3382 2121 cauterio
3421 2069 3509 2122 in-

1939 2156 2141 2211 ustam,
2158 2150 2229 2202 ob
2250 2147 2413 2218 idque
2434 2149 2712 2205 abstinent
2732 2168 2759 2205 a
2777 2152 2937 2216 cibis,
2962 2168 3102 2222 quos
3123 2155 3263 2211 Deus
3279 2160 3502 2224 creavit,

1938 2246 1996 2293 ut
2043 2257 2071 2292 ιι
2105 2238 2349 2294 ﬁdelibus
2380 2255 2504 2293 cum
2536 2243 2836 2309 gratiarum
2861 2245 3082 2299 actione
3121 2257 3413 2302 sumantur
3431 2250 3501 2315 ⁸⁸,

1935 2331 2140 2393 omnia,
2171 2332 2217 2386 si
2246 2328 2465 2400 quando
2523 2335 2743 2388 occasio
2790 2350 2849 2390 se
2887 2336 3121 2402 dederit,
3165 2339 3502 2410 degustanda

1934 2421 2092 2476 nobis
2126 2431 2271 2485 sunt,
2303 2430 2362 2475 ut
2400 2424 2715 2481 videntibus
2739 2436 3081 2496 compertum
3117 2432 3187 2483 sit
3230 2441 3284 2487 et
3314 2436 3503 2503 etplo-

1934 2520 2134 2575 ratum,
2182 2520 2381 2565 cuncta
2414 2514 2634 2567 mundis
2677 2515 2879 2569 munda
2909 2530 3033 2570 esse
3059 2517 3127 2583 ⁸⁸,
3169 2533 3500 2590 omnemque

1933 2602 2025 2658 Dei
2053 2612 2358 2657 creaturam
2386 2619 2506 2659 esse
2520 2606 2741 2672 bonam,
2767 2623 2866 2661 nec
2888 2609 3186 2679 quidquam
3210 2614 3351 2681 quod
3374 2629 3500 2670 cum

1931 2694 2235 2763 gratiarum
2263 2696 2485 2750 actione
2541 2706 2874 2761 assumatur,
2927 2700 3283 2768 rejiciendum
3330 2719 3497 2759 esse:

1932 2783 2316 2853 Sanctiﬁcatur
2358 2785 2496 2837 enim
2528 2800 2621 2854 per
2660 2785 2869 2839 verbum
2894 2786 2990 2841 Dei
3020 2797 3071 2842 et
3117 2791 3408 2845 orationem
3428 2794 3495 2847 ".

1932 2875 2023 2932 Sic
2053 2886 2234 2934 autem
2270 2878 2538 2935 servanda
2570 2890 2652 2936 est
2689 2884 3065 2952 temperantia:
3094 2887 3254 2949 ratio,
3307 2895 3365 2941 ut
3394 2888 3497 2941 ali-

1928 2972 2127 3026 mentis
2155 2971 2463 3037 vilioribus,
2484 2980 2539 3026 et
2569 2973 2636 3026 ad
2651 2972 2817 3026 vitam
2844 2977 3194 3038 necessariis,
3225 2987 3491 3046 quantum

1929 3064 2227 3119 necessitas
2257 3065 2517 3134 postulat,
2550 3077 2789 3129 utantur,
2822 3066 2877 3119 in
2901 3067 3088 3137 eisque
3108 3071 3387 3139 capiendis
3406 3087 3494 3125 sa.

244 3161 483 3216 καθόλου
529 3164 883 3235 ἀπεχόμενον.
917 3162 1072 3216 Οὕτω
1101 3164 1210 3235 γὰρ
1251 3165 1343 3217 καὶ
1376 3164 1485 3218 τῶν
1531 3164 1825 3238 φιληδόνων

1930 3155 2136 3210 tietatis
2168 3155 2428 3209 damnum
2454 3157 2709 3219 vitemus,
2751 3162 2809 3210 et
2844 3157 2913 3210 ab
2944 3158 3030 3213 bis
3079 3174 3199 3229 quae
3230 3161 3295 3214 ad
3339 3162 3492 3215 volu—

244 3251 308 3305 τὸ
348 3253 531 3319 ’πάθος
577 3255 902 3325 ὲκκόψομεν,
955 3255 1208 3319 καὶτοὺς
1256 3257 1823 3327 κεκαυτηριασμένους

1930 3253 2128 3315 ptatem
2162 3255 2348 3315 parata
2380 3255 2528 3311 sunt,
2557 3262 2783 3316 prorsus
2806 3247 3196 3303 abstineamus.
3231 3249 3307 3303 Ita
3341 3250 3492 3308 enim

239 3342 349 3412 τὴν
385 3343 525 3396 ἰδίαν
570 3345 892 3415 συνείδησιν,
920 3344 979 3397 τό
1006 3361 1068 3411 γε
1096 3346 1181 3415 ἐφ’
1210 3347 1361 3417 ἡμῖν,
1393 3347 1822 3418 θεραπεύσομεν,

244 3434 344 3486 καὶ
377 3435 605 3499 ἑαυτοὺς
655 3436 713 3488 δὲ
756 3436 858 3505 τῆς
898 3438 956 3489 ὲν
986 3437 1221 3508 ἑκατέρᾳ
1251 3437 1361 3509 (40)
1390 3440 1642 3504 ὑπονοίας
1673 3441 1823 3494 ἐλευ-

247 3521 586 3593 θερώσομεν.
636 3526 770 3577 Ἵνα
813 3524 872 3577 τί
906 3523 1036 3593 γὰρ,
1079 3526 1265 3596 φησὶν,
1307 3526 1346 3594 ἠ
1376 3528 1682 3598 ἐλευθερία
1703 3547 1822 3598 μου

243 3615 511 3683 κρίνεται
561 3616 681 3669 ὑπὸ
731 3616 927 3683 ἄλλης
987 3617 1435 3685 συνειδήσεως-ς
1499 3621 1821 3692 Ἐγκράτεια

240 3708 486 3761 δείκνυσι
535 3710 628 3762 τὸν
683 3709 1122 3764 συναποθανόντα
1173 3711 1415 3783 Χριστῷ,
1468 3714 1563 3766 καὶ
1612 3714 1820 3784 νεκρῶ-

242 3815 413 3853 σαντα
442 3801 635 3855 ἑαυτοῦ
656 3800 725 3854 τὰ
756 3801 891 3873 μέλη
923 3801 994 3855 τά
1020 3804 1111 3854 ἐπὶ
1142 3803 1243 3873 τῆς
1272 3804 1395 3874 γῆς,
1432 3804 1648 3876 Ταύτην
1679 3805 1821 3858 οἶδα·

243 3906 345 3961 μεν
373 3893 730 3964 σωφροσύνης
778 3894 1011 3966 μητέρα,
1042 3895 1232 3963 ὑγείας
1267 3896 1525 3967 πρόξενον
1556 3896 1692 3966 (41),
1720 3899 1820 3968 τῆς

238 3983 350 4036 τῶν
375 3983 595 4053 ἀγαθῶν
624 3987 683 4038 ὲν
710 3985 931 4057 Χριστῷ
958 3987 1336 4058 καρποφορίας
1373 3987 1570 4051 ἱκανῶς
1597 3986 1819 4052 ὑπεξαί-

243 4092 443 4146 ρουσαν
491 4075 561 4128 τά
598 4076 864 4145 ἐμπόδια·
911 4078 1089 4150 εἴπερ,
1144 4079 1287 4133 κατά
1334 4080 1438 4149 τὴν
1480 4079 1575 4133 τοῦ
1611 4080 1816 4150 Κυρίου

240 4165 445 4236 φωνὴν,
473 4168 529 4219 ai
569 4167 831 4237 μέριμναι
871 4168 965 4221 τοῦ
993 4168 1187 4232 αἰῶνος
1219 4169 1433 4231 τούτου,
1469 4170 1565 4222 καὶ
1608 4171 1665 4223 αἱ
1695 4170 1817 4238 ἠδο-

239 4259 328 4311 ναὶ
355 4257 452 4310 τοῦ
491 4257 630 4328 βίου,
673 4259 768 4313 καὶ
792 4260 848 4313 αἱ
882 4261 1011 4331 περὶ
1042 4261 1112 4314 τὰ
1150 4261 1312 4314 λοιπὰ
1354 4259 1642 4330 ἐπιθυμίαι
1672 4278 1813 4333 συμ-

240 4349 493 4416 πνίγουσι
518 4349 610 4403 τὸν
633 4350 812 4419 λόγον,
836 4352 932 4404 καλ⁵
951 4351 1197 4422 ἄκαρπος
1209 4352 1436 4421 γίνεται.
1463 4354 1685 4426 Ταύτην
1717 4358 1813 4410 καὶ

235 4438 487 4510 δαίμονες
510 4442 930 4512 ἀποφεύγουσιν,
952 4442 1117 4497 αὐτοῦ
1144 4444 1238 4497 τοῦ
1267 4445 1472 4516 Κυρίου
1497 4445 1813 4511 διδάξαντος

1923 3345 1978 3391 et
2002 3338 2430 3407 voluptariorum
2458 3339 2741 3393 libidinem
2778 3341 3117 3404 excidemus,
3150 3351 3203 3395 et
3230 3358 3325 3397 eos
3348 3358 3485 3413 quo-

1922 3444 2043 3483 rum
2072 3430 2406 3484 conscientia
2440 3432 2685 3486 cauterio
2710 3440 2894 3487 notata
2915 3441 3017 3498 est,
3052 3442 3200 3489 certe
3222 3443 3486 3504 quantum

1924 3522 1979 3575 in
2010 3522 2169 3575 nobis
2207 3522 2334 3585 erit,
2362 3522 2701 3586 curabimus,
2745 3533 2801 3578 et
2845 3526 3212 3593 nosmetipsos
3245 3542 3274 3578 a
3310 3527 3493 3595 suspi-

1920 3614 2077 3667 cione
2129 3614 2382 3683 utrinque
2432 3614 2802 3669 liberabimus.
2852 3617 3013 3687 362
3073 3616 3267 3687 thuid
3324 3634 3484 3681 enim,

1920 3704 2118 3774 inquit,
2138 3704 2354 3758 libertas
2372 3720 2483 3757 mea
2489 3703 2770 3771 judicatur
2783 3706 2847 3759 ab
2873 3708 3047 3761 aliena
3069 3709 3389 3762 conscientia
3403 3711 3448 3741 ⁹¹
3466 3711 3493 3763 ι

1922 3794 2303 3864 Temperantia
2323 3795 2597 3849 hominem
2618 3796 2846 3861 indicat,
2876 3798 2970 3867 qui
2995 3813 3102 3851 una
3124 3813 3246 3852 cum
3268 3798 3489 3854 Christo

1919 3895 2170 3943 mortuus
2203 3888 2297 3954 sit,
2340 3904 2405 3944 ac
2433 3890 2712 3946 terrestria
2734 3905 2833 3945 sua
2856 3892 3099 3946 membra
3120 3891 3484 3948 mortiﬁcarit.

1919 3977 2074 4033 Hanc
2110 3982 2364 4036 novimus
2398 3990 2627 4037 matrem
2667 3997 2791 4037 esse
2839 3982 3196 4048 castimonia,
3239 3985 3487 4041 sanitatis

1917 4072 2369 4138 conciliatricem,
2402 4081 2566 4144 atque
2607 4075 3122 4145 impedimentorum
3151 4077 3350 4146 quibus
3392 4093 3486 4133 eo-

1916 4177 2039 4216 rum
2070 4178 2192 4232 quae
2218 4164 2271 4216 in
2302 4162 2527 4219 Christo
2562 4174 2691 4219 sunt
2723 4180 2950 4234 Operum
2987 4160 3294 4222 fecunditas
3342 4182 3483 4236 prae-

1917 4254 2154 4323 peditur,
2190 4244 2424 4309 maxime
2449 4256 2806 4325 expultricem
2842 4257 3320 4327 esse;siquidem,
3333 4258 3483 4329 juxta

1915 4344 2129 4400 Domini
2156 4361 2365 4411 vocem,
2399 4361 2546 4402 cura:
2575 4348 2739 4417 hujus
2767 4349 2974 4415 saeculi,
3008 4350 3318 4419 voluptates
3334 4351 3480 4414 vitaz,

1916 4427 2364 4508 reliquarumque
2418 4454 2604 4494 rerum
2652 4441 2983 4511 cupiditates
3030 4442 3259 4497 verbum
3310 4443 3480 4499 suII‘o-

233 4533 504 4602 ήμᾶις,ὃτι
522 4533 693 4586 Τοῦτο
710 4535 773 4587 τὸ
796 4534 953 4603 γένος
983 4535 1082 4588 οὐκ
1109 4534 1462 4608 ἐκπορεύεται
1491 4536 1625 4608 (42),
1654 4539 1703 4590 εί
1730 4539 1803 4610 μὴ

1930 4530 2124 4593 :ant",
2161 4538 2323 4598 atque
2352 4529 2488 4584 adeo
2528 4530 2930 4588 infructuosum
2980 4532 3241 4586 redditur.
3265 4532 3345 4586 Ab
3377 4533 3479 4586 hac

234 4621 293 4675 ἒν
328 4629 604 4697 προσευχῇ
639 4627 733 4680 καὶ
764 4628 1006 4699 νηστείᾳ.

302 4977 555 5033 "ICor.
617 4994 704 5042 ix,
762 4978 852 5035 25.

231 5047 279 5081 θ’
313 5049 496 5104 llattb.
531 5066 657 5114 xm,
690 5048 780 5103 22.

977 4980 1023 5011 ⁸⁸
1060 4977 1082 5032 1
1117 4977 1261 5034 Tim.
1310 4994 1384 5043 tv,
1427 4979 1502 5043 2,
1560 4979 1615 5033 5.

857 5050 902 5081 ’³
940 5048 1126 5104 Matth.
1164 5065 1297 5114 xvn,
1332 5050 1425 5104 20.

300 5247 407 5317 (37)
437 5247 571 5320 Beg.
599 5247 808 5320 primus
838 5247 1136 5320 μεταϐολὴν
1162 5249 1410 5320 ἀγαγεῖν.

300 5313 405 5399 (58)
452 5313 615 5399 luem"
643 5319 780 5399 liber
820 5313 1155 5399 eumJVois.
1200 5313 1295 5399 ent
1332 5318 1433 5399 τῆς
1476 5313 1774 5396 τραπέζης,

1724 4978 1770 5010 ⁸⁹
1811 4975 1921 5033 Tit.
1959 4981 2132 5051 1,,15.

1913 4622 2075 4675 etiam
2108 4619 2397 4690 aufugiunt
2422 4621 2719 4686 daemones,
2750 4637 2877 4676 cum
2908 4621 3173 4677 Dominus
3219 4623 3335 4691 ipse
3375 4638 3477 4677 nos

1911 4710 2180 4774 docuerit,
2206 4727 2383 4781 genus
2405 4711 2537 4765 illud
2570 4711 2679 4766 nisi
2708 4713 3025 4783 precatione
3050 4720 3105 4766 et
3129 4711 3341 4781 jejunio
3371 4725 3475 4765 nec

1910 4816 2182 4873 quaquam
2224 4802 2371 4857 exire
2392 4802 2458 4855 ”.

2259 4982 2303 5013 ’°
2344 4980 2365 5034 l
2403 4980 2542 5035 Tim.
2584 4998 2655 5043 IV.
2693 4980 2761 5046 4,
2800 4982 2852 5035 5.

1887 5244 2045 5314 galle.
2072 5260 2235 5314 neque
2267 5244 2465 5298 erroris
2502 5242 2920 5314 Manichaeorum
2952 5243 3181 5311 suspecti
3209 5244 3426 5314 erimus.

1958 5315 2095 5395 (ill)~
2113 5312 2267 5395 Unus
2310 5330 2446 5395 mss.
2494 5314 2684 5395 ὑγείας
2710 5313 3001 5395 ιιερόξεινονΐ2
3036 5312 3467 5395 γηφαλαιότητος

231 5382 677 5464 Βεεειάιιίοιιιιις
707 5390 760 5464 in
787 5386 1290 5464 vulgatis.._Tithulus
1314 5382 1404 5464 qui
1433 5382 1558 5441 mox
1588 5382 1775 5457 sequi-

1930 5382 1978 5438 al.
2005 5384 2099 5437 τοῦ
2151 5383 2573 5464 ἀμετεωρίστως
2617 5382 2758 5453 ἔχειν
2790 5383 2926 5464 πρὸ-ς
2963 5382 3094 5435 Θεὸν
3129 5382 3460 5464 σύμμαχον,

228 5463 332 5528 tur,
359 5459 598 5528 omissus
625 5467 709 5511 est
738 5460 791 5511 in
816 5459 967 5512 Colb.
991 5466 1044 5514 et
1068 5460 1124 5512 in
1154 5458 1285 5528 Reg.
1318 5458 1514 5528 primo.

296 5527 398 5611 ἓξὲξ)
434 5527 656 5611 Σθὲθτθε
691 5528 945 5611 ελυοὶίδιῖί
982 5528 1120 5611 σξρῆς
1147 5528 1243 5611 μὲν
1275 5527 1384 5611 τεόν.

1881 5455 2017 5507 hanc
2051 5451 2289 5507 novimus
2323 5451 2789 5520 adjutricemesse
2834 5451 2901 5505 ad
2934 5451 3231 5521 parandam
3260 5451 3458 5506 sobrie-

1800 5554 1805 5557 -
1880 5533 2061 5583 tatem,
2090 5535 2141 5576 et
2171 5523 2240 5576 ad
2266 5534 2575 5591 perpetuam
2611 5539 2729 5577 cum
2760 5523 2869 5577 Deo
2902 5523 3318 5590 conjunctionem
3346 5537 3460 5577 ser-

297 5597 401 5669 (W1
434 5595 660 5653 Veteres
678 5597 786 5669 duo
807 5599 926 5669 libri
954 5594 1055 5669 τῆς
1075 5594 1410 5669 ένὲκατέρῳ,
1428 5599 1768 5664 nosmetipsos

1930 5594 2049 5669 ’⁷³ᾴέ
2058 5609 2126 5669 "'r

228 5668 464 5739 utrinque
494 5685 526 5723 ιι
568 5668 860 5739 suspicione
901 5667 1268 5735 liberabimus,
1320 5667 1424 5723 hoc
1451 5675 1556 5736 est,
1607 5682 1767 5739 neque

1948 5663 2059 5735 (ιε)
2096 5661 2315 5733 Antiqui
2350 5662 2458 5718 duo
2498 5664 2621 5719 libri
2655 5662 2823 5718 Τοῦτο
2858 5665 2915 5717 ὲν
2939 5663 3111 5717 οὐδενὶ
3142 5662 3448 5733 ἐξέρχεται.

2970 4981 3013 5012 ⁹¹
3056 4979 3075 5032 I
3110 4979 3236 5036 Cor.
3274 4997 3343 5044 ι,
3375 4979 3468 5040 29.
3562 5000 3565 5005 ·
