3948 6240
267 281 365 333 9:19

1317 279 1614 335 REGULJE
1655 278 1901 336 FUS‘IIS
1938 275 2348 334 TRACTATAL‘.

3392 282 3496 338 9ῗο

266 393 421 446 τοῦτο
445 395 607 458 αὐτὸς
631 396 662 448 ὁ
689 395 890 465 Κύριος
920 395 981 449 ἐν
1009 388 1088 458 οἷς
1127 393 1395 460 ἐδεξιοῦτο
1420 397 1487 450 τὰ
1516 398 1822 466 κεκμηκότα

1936 406 2115 450 autem
2165 393 2459 449 declaravit
2512 391 2773 448 Dominus
2831 393 2985 464 ipse,
3039 409 3162 448 cum
3217 396 3492 467 fatigatam

268 485 445 555 πλήθη
483 486 618 557 πρὸς
646 487 708 558 τρ
741 487 814 557 μὴ
859 486 1148 557 ἐκλυθῆναι
1176 491 1234 540 ἐν
1264 492 1329 558 τῇ
1363 487 1487 558 ὁδῷ,
1521 487 1595 550 ὡς
1632 488 1834 558 γέγρα-

269 592 414 626 πται.
451 575 760 644 Δυνάμενος
783 577 890 645 γὰρ
921 578 1182 628 ἐπιτεῖναι
1214 576 1274 628 τὸ
1310 577 1606 645 θαυμάσιον
1639 576 1748 646 (50)
1778 579 1836 628 ἐν

267 668 330 735 τῇ
357 667 552 736 ἐρήμῳ
598 669 664 736 τῇ
701 669 914 736 ἐπινοίᾳ
959 669 1055 738 τῆς
1088 667 1468 731 πολυτελείας,
1501 667 1642 719 οὕτω
1682 667 1834 738 λιτὴν

268 759 360 809 καὶ
401 759 694 827 ἀπέριττον
747 759 845 828 τὴν
895 760 1098 831 τροφὴν
1151 763 1332 823 αὐτοῖς
1385 760 1831 828 παρεσκεύασεν,

266 847 405 899 ὥστε
429 848 632 917 ἄρτους
666 849 765 919 μὲν
789 849 1060 920 κριθίνους
1091 850 1205 922 (51)
1245 847 1402 911 εἶναι,
1444 853 1538 904 καὶ
1569 851 1747 921 ἰχθύος
1777 852 1834 904 δὲ

269 938 431 1008 μέρος
466 940 560 992 ἐπὶ
592 941 669 1010 τῷ
697 941 864 1011 ἄρτῳ.
894 943 1031 1014 Περὶ
1053 943 1107 996 δέ
1142 943 1305 997 ποτοῦ
1336 943 1455 996 οὐδὲ
1492 944 1831 1014 ἐμνημόνευ-

264 1047 378 1092 σεν,
415 1031 492 1094 ὡς
526 1032 828 1100 αὐτοφυοῦς
853 1036 984 1087 πᾶσι
1010 1036 1103 1088 καὶ
1139 1035 1431 1107 ἀρκοῦντος
1466 1039 1584 1098 ταῖς
1623 1037 1831 1106 χρείαις

261 1119 355 1170 τοῦ
391 1119 585 1183 ὕδατος
607 1123 965 1192 προκειμένου
986 1141 999 1153 ·
1025 1124 1162 1195 πλὴν
1193 1127 1238 1177 εί
1277 1127 1350 1196 μή
1371 1143 1475 1179 τινι
1494 1127 1605 1195 (52)
1634 1126 1700 1179 δι’
1730 1128 1830 1198 ἁρ-

261 1211 500 1282 ρωστίαν
533 1212 793 1284 βλαϐερὸν
823 1215 908 1285 εἴη
939 1217 1001 1269 τὸ
1031 1217 1268 1270 τοιοῦτον
1308 1217 1488 1281 ποτὸν,
1521 1218 1596 1280 ὡς
1633 1233 1831 1288 παραι-

259 1303 454 1372 τητέον
488 1305 632 1358 κατὰ
657 1305 754 1376 τὴν
784 1306 1087 1376 συμϐουλὴν
1121 1307 1334 1362 Παύλου
1363 1311 1461 1379 τὴν
1497 1309 1631 1378 πρὸς
1663 1309 1704 1360 Τ
1714 1308 1832 1378 ιμό-

259 1393 404 1448 θεον.
457 1397 569 1450 Καὶ
618 1397 797 1452 πάντα
834 1399 891 1450 δὲ
915 1399 1014 1452 ὅσα
1056 1400 1307 1471 προφανῆ
1343 1401 1440 1470 τὴν
1477 1399 1679 1470 βλάϐην
1719 1401 1829 1470 ἔχει

258 1488 626 1557 ⁴ιταραιτί-ιτέα.
670 1490 1049 1543 Ἀνακόλουθον
1076 1491 1182 1561 γὰρ
1211 1491 1298 1544 διὰ
1326 1492 1423 1561 μὲν
1451 1493 1550 1564 τὴν
1576 1493 1829 1545 σύστασιν

256 1575 350 1629 τοῦ
380 1577 633 1645 σώματος
662 1578 762 1641 τὰς
790 1581 991 1650 τροφὰς
1021 1580 1313 1651 αἱρεῖσθαι,
1341 1581 1408 1633 δι’
1441 1581 1619 1634 αὐτῶν
1643 1582 1698 1634 δὲ
1728 1583 1831 1634 πά-

255 1669 340 1720 λιν
378 1669 488 1721 τῶν
527 1670 741 1739 τροφῶν
780 1671 1172 1741 προσπολεμεῖν
1211 1671 1286 1742 τῷ
1315 1671 1524 1743 σώματι
1544 1713 1558 1737 ,
1590 1675 1681 1726 καὶ
1731 1674 1831 1744 ἐμ-

258 1761 498 1826 ποδίζειν
528 1761 676 1831 αύτῴ
706 1763 842 1832 πρὸς
867 1765 966 1835 τὴν
1004 1764 1103 1835 τῆς
1137 1765 1358 1834 ἐντολῆς
1395 1766 1716 1837 ὑπηρεσίαν.
1754 1767 1826 1818 Τὸ
1859 1744 1901 1802 Β

257 1853 389 1905 αὐτὸ
415 1853 473 1905 δὲ
510 1852 667 1905 τοῦτο
696 1854 788 1905 καὶ
816 1855 1118 1926 ὑπόδειγμα
1158 1857 1288 1926 ἡμῖν
1325 1858 1440 1909 ἐστι
1473 1855 1567 1910 τού
1595 1858 1693 1927 τὴν
1728 1857 1826 1928 ψυ-

256 1945 357 2015 χὴν
389 1946 550 2014 ἡμῶν
597 1945 798 2008 ἐθίζειν
832 1947 1051 2015 φεύγειν
1090 1947 1158 2001 τὰ
1196 1947 1463 2017 βλαϐερὰ,
1500 1948 1602 2002 κᾶν
1635 1949 1826 2019 ἡδονὴν

256 2038 355 2107 ἔχη
378 2038 515 2106 (53).
559 2039 675 2108 Χρὴ
728 2038 908 2107 μέντοι
957 2040 1020 2091 ἐκ
1050 2040 1246 2103 παντὸς
1278 2041 1479 2111 τρόπου
1513 2041 1572 2093 τὸ
1602 2041 1825 2110 εύπορι-

257 2129 511 2198 στότερον
555 2131 856 2199 προτιμᾷν,
888 2127 1025 2181 ὥστε
1074 2130 1148 2201 μὴ
1190 2130 1457 2202 προφάσει
1505 2131 1826 2201 ἐγκρατείας

255 2217 712 2290 περιεργάζεσθαι
741 2223 772 2288 ἡ
783 2221 886 2289 μᾶς
911 2219 979 2272 τὰ
1004 2220 1325 2292 τιμιώτερα,
1361 2223 1452 2273 καὶ
1482 2221 1825 2273 πολυδάπανα

255 2310 669 2382 παραρτύοντας
699 2311 787 2362 διὰ
827 2310 934 2362 τῶν
984 2311 1360 2382 πολυτιμήτων
1402 2311 1724 2382 ἡδυσμάτων
1758 2311 1826 2364 τὰ

256 2402 557 2473 βρώματα·
594 2401 726 2456 ἀλλὰ
758 2400 820 2454 τὸ
875 2403 932 2454 ἐν
967 2403 1170 2474 ἑκάστῃ
1219 2403 1370 2474 χώρᾳ
1421 2401 1684 2474 εὔληπτον
1730 2403 1825 2456 καὶ

252 2493 470 2556 εὐτελὲς
496 2493 716 2557 καὶτοῖς
735 2495 947 2557 πολλοῖς
973 2496 1051 2557 είς
1071 2495 1262 2565 χρῆσιν
1287 2494 1498 2563 ἕτοιμον
1515 2493 1647 2564 (54),
1669 2492 1825 2546 τοῦτο

255 2585 551 2656 αἱρεῖσθαι,
577 2585 686 2637 τῶν
721 2586 1061 2640 ἐπεισάκτων
1102 2585 1282 2654 μόνοις
1316 2588 1429 2648 τοῖς
1458 2585 1822 2652 ἀναγκαιοτά-

251 2693 366 2736 τοις
399 2677 539 2746 πρὸς
565 2675 662 2746 τὴν
715 2673 858 2745 ζωὴν
892 2676 1288 2748 κεχρημένους⁸
1339 2670 1449 2728 οἷον
1496 2676 1691 2746 ἐλαίῳ,
1731 2676 1823 2730 καὶ

251 2772 365 2831 τοῖς
393 2769 677 2832 τοιούτοις,
708 2771 802 2822 καὶ
846 2770 898 2822 ετ
925 2788 976 2822 τι
1030 2769 1167 2841 πρὸς
1209 2768 1308 2839 τὴν
1356 2767 1660 2836 ἀναγκαίαν
1716 2765 1822 2819 τῶν

251 2863 622 2917 ἀσθενούντων
669 2862 1014 2934 παραμυθίαν
1059 2862 1381 2933 ἐπιτήδειον,
1411 2860 1505 2914 καὶ
1538 2860 1695 2913 τοῦτο
1727 2859 1822 2912 ἐὰν

248 2955 478 3026 ὑπάρχῃ
499 2957 629 3009 ἄνευ
649 2953 1176 3026 πολυπραγμοσύνης
1206 2953 1301 3007 καὶ
1329 2952 1572 3022 θορύϐων
1604 2952 1697 3004 καὶ
1721 2968 1820 3003 πε-

248 3045 584 3118 ρισπασμῶν
617 3044 993 3116 περιγενέσθαι
1019 3044 1152 3112 (55).

808 3203 1140 3256 ΕΡΩΤΙΙΣΙΣ
1179 3204 1262 3255 Κ’.

362 3314 463 3376 Τίς
485 3315 517 3365 ό
554 3313 770 3380 τρόπος
807 3311 915 3379 τῆς
947 3312 1015 3363 ἐν
1045 3309 1321 3379 ,βρώμασι
1361 3309 1709 3377 δεξιώσεως.

841 3488 1227 3544 ΑΠΟΚΡΙΣΙΣ.

324 3583 372 3636 l.
420 3583 486 3634 Ἠ
515 3581 818 3648 κενοδοξία,
862 3581 958 3634 καὶ
997 3582 1031 3650 ἡ
1076 3578 1595 3650 ἀνθρωπαρέσκεια,
1631 3577 1726 3630 καὶ
1759 3575 1818 3628 τὸ

247 3677 391 3746 πρὸς
419 3674 676 3740 ἐπίδειξίν
699 3691 750 3726 τι
779 3676 970 3737 ποιεῖν,
1000 3672 1134 3734 ὅλως
1161 3671 1252 3724 ἐπὶ
1277 3669 1475 3732 παντὸς
1498 3669 1817 3740 πράγματος

248 3770 599 3840 Χριστιανοῖς
644 3765 1044 3837 ἀπηγόρευται·
1088 3763 1220 3816 ὅπου
1256 3779 1321 3830 γε
1364 3762 1458 3816 καὶ
1501 3759 1670 3830 αὐτὴν
1721 3761 1817 3829 τὴν

249 3861 476 3930 ἐντολὴν
497 3861 526 3912 ὁ
554 3859 688 3930 πρὸς
717 3857 780 3909 τὸ
827 3855 1083 3925 θεαθῆναι
1110 3853 1212 3906 ὑπὸ
1240 3853 1349 3906 τῶν
1389 3850 1690 3922 ἀνθρώπων
1724 3853 1818 3904 καὶ

244 3952 579 4021 εοεαε-θῆναι
629 3948 796 4002 ποιῶν
845 3947 935 4001 τὸν
980 3949 1064 4000 ἐπ’
1116 3947 1251 4015 αὐτῇ
1302 3943 1488 4015 μισθὸν
1533 3943 1814 3998 ἀπόλλυσι.

246 4043 378 4103 Τοῖς
412 4038 473 4092 δὲ
504 4040 610 4091 πᾶν
640 4034 775 4099 εἶδος
815 4034 1194 4095 ταπεινώσεως
1227 4031 1314 4085 διὰ
1346 4031 1442 4101 τὴν
1479 4030 1696 4101 ἐντολὴν
1723 4029 1815 4082 τοῦ

247 4131 460 4200 Κυρίου
490 4125 944 4195 καταδεξαμένοις
966 4123 1082 4194 μεθ’
1111 4123 1412 4193 ὑπερϐολῆς
1432 4122 1690 4190 φευκτέος
1707 4121 1816 4190 (56)

248 4220 360 4280 τεᾶς
390 4216 694 4282 κενοδοξίας
720 4215 938 4285 τρόπος.
973 4213 1125 4266 Ἐπεὶ
1147 4213 1202 4268 δὲ
1233 4213 1360 4275 τοὺς
1381 4210 1577 4276 ἔξωθεν
1601 4210 1816 4282 ὁρῶμεν

243 4312 308 4364 τὸ
342 4310 598 4366 ταπεινὸν
644 4308 740 4377 τῆς
787 4308 979 4370 πενίας
1033 4305 1471 4376 αἰσχυνομένους,
1509 4305 1603 4357 καὶ
1631 4306 1818 4372 ἐπιτη-

245 4401 502 4463 δεύοντας
523 4401 704 4453 πᾶσαν
723 4399 977 4466 ἀφθονίαν
1002 4397 1304 4469 βρωμάτων
1331 4396 1425 4450 καὶ
1450 4394 1814 4456 πολυτέλειαν,

1935 486 2360 548 multitudinem,
2395 499 2462 537 ne
2499 485 2552 536 in
2585 483 2670 536 via
2724 483 2998 550 deﬁceret,
3031 488 3193 555 epulo
3243 489 3456 558 excepit
3479 527 3494 552 ,

1937 579 2010 632 uti
2043 577 2304 644 scriptum
2336 583 2419 628 est
2455 574 2518 628 ".
2551 572 2761 627 Etenim
2792 588 2916 628 cum
2945 577 3306 644 excogitando
3328 591 3488 646 appa-

1933 676 2055 722 ratu
2091 668 2274 738 aliquo
2301 672 2624 734 sumptuoso
2671 673 2851 732 posset
2905 665 2956 717 in
3002 666 3222 720 deserto
3252 669 3492 722 miracu-

1936 761 2044 812 lum
2074 773 2301 829 augere,
2335 757 2470 810 adeo
2503 764 2719 810 tenuem
2762 771 2826 810 ae
2857 756 3156 826 simplicem
3193 759 3374 813 cibum
3415 762 3495 813 eis

1935 848 2163 917 paravit,
2196 856 2254 901 ut
2281 856 2335 901 et
2364 861 2532 917 panes
2565 845 2848 900 hordeacei
2875 856 3058 902 essent
3082 889 3096 910 ,
3151 856 3204 902 et
3247 867 3374 920 pars
3422 852 3494 920 pi-

1933 939 2045 994 scis
2077 940 2428 994 adhiberetur
2468 938 2534 992 ad
2580 953 2770 1007 panem
2799 939 2864 991 ³⁷.
2910 938 2986 993 De
3032 949 3160 1009 potu
3201 950 3382 996 autem
3428 961 3494 998 ne

1933 1033 2261 1086 mentionem
2314 1031 2533 1100 quidem
2571 1030 2717 1093 fecit,
2753 1030 2898 1099 quod
2937 1046 3076 1101 aqua
3127 1049 3246 1103 quae
3300 1045 3492 1104 sponte

1932 1131 2138 1177 natura!
2163 1123 2412 1184 scaturit,
2442 1122 2865 1191 necessitatique
2895 1124 3115 1189 sufﬁcit,
3147 1126 3199 1178 in
3234 1136 3487 1196 promptu

1931 1216 2002 1269 sit
2027 1215 2312 1280 omnibus;
2353 1215 2460 1268 nisi
2509 1221 2690 1268 tamen
2735 1216 3008 1285 ejusmodi
3057 1227 3216 1286 potus
3250 1220 3488 1290 cuipiam

1931 1312 2152 1361 noceret
2185 1307 2256 1360 ob
2288 1305 2678 1367 inﬁrmitatem,
2727 1308 2806 1362 sic
2845 1319 2905 1362 ut
2932 1325 2994 1363 ex
3027 1309 3178 1364 Pauli
3208 1312 3276 1365 ad
3311 1311 3466 1366 Timo

1929 1397 2113 1450 tlieum
2140 1396 2369 1450 consilio
2402 1396 2553 1464 rejici
2605 1397 2824 1450 deberet
2870 1397 2936 1451 ⁸⁸.
2992 1398 3105 1451 lino
3153 1414 3280 1454 vero
3307 1407 3488 1457 ontnia

1930 1504 2050 1557 quas
2074 1487 2365 1542 manifesto
2397 1497 2615 1551 nocent,
2649 1488 2939 1554 rejicienda
2961 1497 3106 1544 sunt.
3131 1491 3314 1561 Neque
3343 1497 3486 1550 enim

1929 1596 2028 1650 par
2049 1590 2131 1634 est
2155 1595 2309 1635 escas
2338 1581 2585 1650 corporis
2605 1581 2960 1635 conservandi
2994 1598 3155 1637 causa
3185 1599 3486 1650 assumere,

1930 1686 1992 1726 ac
2022 1686 2214 1725 rursus
2251 1686 2347 1740 per
2390 1672 2538 1741 ipsas
2567 1685 2724 1726 escns
2768 1671 2970 1726 inferre
3003 1672 3200 1740 bellum
3229 1679 3443 1746 corpori
3470 1717 3484 1743 ,

1925 1763 2087 1832 eique
2150 1763 2215 1816 ad
2275 1764 2593 1816 mandatum
2645 1763 3040 1818 conﬁciendum
3103 1766 3484 1837 impedimentc

1923 1869 2064 1909 esse.
2105 1854 2280 1924 Atque
2309 1855 2412 1907 hoc
2461 1853 2600 1907 idem
2635 1853 2796 1908 nobis
2823 1857 3070 1926 exemplo
3107 1866 3211 1920 est,
3242 1867 3300 1913 ut
3333 1861 3396 1914 ad
3425 1876 3484 1916 ea

1924 1957 2044 2012 qua:
2073 1953 2272 1996 nocent
2309 1942 2558 2010 fugienda
2578 1982 2591 2005 ,
2641 1942 2764 1996 licet
2795 1951 2948 2013 grata
2983 1947 3094 2000 sint
3123 1954 3174 2000 et
3203 1948 3444 2016 jucunda
3471 1991 3484 2017 ,

1924 2035 2163 2088 animum
2197 2042 2444 2088 nostrum
2480 2035 2934 2090 assuefaciamus.
2980 2039 3134 2102 Quod
3165 2041 3328 2109 igitur
3352 2040 3469 2095 t‘acio

1925 2126 2030 2181 lius
2087 2135 2332 2195 paratur,
2379 2141 2608 2195 prorsus
2643 2136 2727 2182 est
2785 2130 3254 2197 anteponendum,
3311 2141 3372 2188 ut
3421 2149 3482 2190 ne

1924 2218 2270 2272 continentiae
2313 2225 2576 2287 praetextu
2617 2218 2832 2273 cariora
2872 2235 2935 2275 ac
2963 2225 3366 2292 sumptuosiora
3391 2240 3479 2280 an-

1923 2309 2011 2362 xie
2079 2308 2454 2377 inquiramus,
2524 2316 2579 2362 et
2641 2323 2838 2376 magno
2888 2309 3061 2377 partis
3123 2311 3480 2369 condimentis

1923 2395 2102 2448 edulia
2133 2409 2458 2464 apparemus
2485 2414 2498 2450 :
2538 2395 2633 2451 sed
2656 2396 2801 2466 quod
2834 2397 2887 2450 in
2920 2413 3242 2470 unaquaque
3266 2402 3480 2472 regione

1924 2487 2074 2540 nullo
2103 2486 2319 2555 negotio
2348 2485 2536 2540 haberi
2587 2493 2807 2556 potest,
2861 2495 2916 2541 et
2963 2488 3068 2544 vile
3117 2497 3239 2554 est,
3293 2499 3347 2546 et
3377 2508 3480 2562 quc

1922 2580 2116 2648 vulgus
2149 2577 2308 2632 facile
2335 2578 2505 2632 utitur
2525 2616 2539 2639 ,
2591 2576 2912 2648 deligamus,
2951 2579 3024 2633 ita
3055 2589 3112 2634 ut
3145 2597 3212 2637 ex
3243 2585 3479 2654 quesitis

1922 2671 2197 2725 alimentis
2256 2679 2474 2723 utamur
2522 2669 2590 2724 iis
2651 2671 2784 2725 solis
2844 2686 2966 2740 quae
3023 2670 3090 2726 ad
3141 2673 3305 2728 vitam
3357 2686 3478 2731 sunt

1922 2762 2159 2816 maxime
2190 2760 2520 2822 necessaria,
2554 2761 2632 2814 uti
2665 2760 2808 2823 oleo,
2836 2769 2892 2814 et
2936 2761 3058 2816 aliis
3108 2762 3399 2832 ejusmodi,
3432 2776 3478 2822 et

1924 2854 1970 2911 si
1997 2853 2129 2922 quid
2161 2851 2229 2906 ad
2263 2850 2639 2906 necessarium
2665 2852 3047 2920 aagrotantium
3081 2854 3324 2910 levamen
3367 2855 3458 2910 ido

1920 2961 2080 3000 neum
2105 2944 2199 3007 sit,
2233 2941 2393 3011 idque
2440 2944 2485 2996 si
2518 2944 2659 2996 citra
2705 2943 3132 2998 sollicitudinem
3164 2948 3486 3001 tumultutu-

1922 3052 2029 3106 que
2057 3043 2110 3091 et
2143 3015 2416 3103 negotium
2448 3049 2765 3103 comparare
2801 3035 2976 3088 liceat.

2370 3195 2884 3251 INTERROGATIO
2924 3197 3038 3250 XX.

1922 3291 2052 3358 Qua:
2106 3293 2242 3344 ratio
2297 3290 2517 3346 tenenda
2548 3292 2617 3411 at":
2665 3291 2732 3372 in.
2759 3290 2926 3356 cibis,
2980 3309 3096 3344 cum
3156 3293 3487 3359 excipiuntur

2620 3371 2828 3411 osmtes.

2620 3371 2828 3424 ospues.

2497 3472 2896 3529 RESPONSIO.

1992 3573 2042 3627 l.
2090 3571 2237 3625 Vana
2292 3571 2498 3641 gloria,
2537 3570 2779 3626 studium
2829 3570 3076 3639 placendi
3125 3572 3435 3628 hominibus
3465 3617 3481 3639 ,

1918 3673 1972 3719 et
2005 3664 2264 3734 quaalibet
2293 3679 2382 3718 res
2416 3661 2482 3716 ad
2516 3664 2935 3717 ostentationem
2968 3671 3140 3732 gesta,
3175 3678 3402 3733 prorsus
3428 3667 3480 3720 in

1919 3756 2068 3810 omni
2122 3756 2338 3824 negotio
2369 3753 2697 3809 Christianis
2754 3752 3045 3808 interdicta
3097 3764 3265 3811 sunt:
3301 3773 3479 3828 quan-

1918 3847 2211 3920 doquidem
2236 3846 2329 3915 qui
2350 3853 2404 3901 et
2435 3849 2611 3916 ipsum
2637 3845 2950 3900 mandatum
2990 3845 3109 3901 ideo
3142 3848 3382 3916 perlicit,
3423 3859 3480 3904 ut

1919 3945 2196 4008 spectetur
2227 3937 2296 3993 ab
2328 3936 2664 3999 hominibus,
2704 3943 2759 3992 et
2806 3936 2978 4006 gloria
3023 3937 3305 4000 afficiatur,
3338 3955 3479 3994 mer—

1919 4031 2104 4086 cedem
2140 4030 2212 4085 ob
2239 4031 2416 4100 ipsum
2467 4029 2793 4100 sperandam
2825 4030 3044 4084 amittit.
3075 4028 3264 4101 Itaque
3292 4033 3359 4087 iis
3386 4035 3477 4102 qui

1919 4137 2135 4176 omnem
2182 4121 2511 4176 humilitatis
2560 4122 2794 4191 speciem
2830 4131 3053 4192 propter
3088 4121 3299 4178 Domini
3335 4141 3477 4195 prae-

1919 4218 2134 4279 ceptum
2169 4210 2402 4278 amplexi
2426 4217 2573 4275 sunt,
2601 4209 2888 4280 fugiendus
2919 4212 3209 4267 admodum
3244 4221 3326 4268 est
3363 4231 3468 4268 om-

1921 4303 2004 4356 nis
2033 4317 2185 4356 vana:
2213 4302 2400 4372 gloriae
2445 4302 2658 4356 modus.
2714 4303 2982 4368 Quoniam
3013 4313 3193 4359 autem
3232 4306 3477 4364 videmus

1919 4393 2226 4448 mundanas
2267 4394 2533 4458 homines,
2568 4394 2663 4464 qui
2705 4409 2830 4449 cum
2872 4395 3081 4465 pudore
3112 4396 3288 4452 ferant
3341 4415 3478 4468 pau-

243 4493 379 4544 ὃταν
423 4489 546 4543 τινὰ
586 4488 696 4541 τῶν
745 4488 907 4551 ξένων
955 4466 1241 4557 δέξωνται,
1283 4483 1550 4556 φοϐοῦμαι
1601 4484 1674 4554 μὴ
1720 4483 1814 4536 καὶ

1927 4484 2148 4553 perlatis
2180 4484 2579 4548 humilitatem,
2633 4492 2687 4539 et
2740 4486 2834 4539 ubi
2870 4485 3069 4556 aliquis
3119 4487 3256 4556 ipsis
3305 4466 3475 4543 susci-

245 4581 406 4654 ἡμῶν
433 4581 545 4648 (57)
569 4578 708 4634 κατὰ
745 4579 805 4631 τὸ
843 4578 1102 4632 λανθάνον
1133 4577 1195 4630 τὸ
1223 4577 1352 4630 αὐτὸ
1392 4575 1561 4640 πάθος
1587 4574 1812 4645 ἅψηται,

246 4673 345 4725 καὶ
385 4668 733 4738 ἐλεγχθῶμεν
787 4669 1237 4740 ἐπαισχυνόμενοι
1285 4665 1386 4736 τὴν
1423 4666 1526 4718 ore
1577 4661 1812 4734 Χριστοῦ

250 4760 695 4832 μακαριζομένην
718 4759 1006 4829 πτωχείαν.
1027 4760 1236 4828 ’Ὠσπερ
1258 4752 1352 4812 οὖν
1382 4755 1549 4828 σκεύη
1573 4757 1813 4826 ἀργυρᾶ,

1918 4574 2150 4644 piendus
2191 4583 2276 4629 est
2327 4576 2563 4648 hospes.
2603 4591 2820 4632 omnem
2855 4578 3102 4632 ciborum
3152 4579 3362 4648 copiam
3415 4595 3475 4632 ac

1921 4667 2375 4737 magniﬁcentiam
2405 4668 2704 4724 studiosius
2731 4676 3023 4740 apparent,
3061 4669 3224 4723 timeo
3265 4684 3332 4723 ne
3377 4684 3474 4723 nos

1921 4772 2138 4826 quoque
2201 4756 2509 4810 clanculum
2560 4757 2733 4812 eidem
2769 4755 2932 4827 36E
2984 4757 3114 4809 vitio
3160 4757 3351 4809 ﬁamus
3383 4758 3486 4810 ob-'

315 4895 363 4926 “
401 4893 594 4947 Matth.
632 4908 717 4955 xv,
752 4891 840 4945 32.
915 4890 959 4921 ⁸⁷
998 4888 1156 4944 Joan.
1192 4904 1270 4952 vr,
1305 4889 1364 4942 9.
1436 4887 1519 4941 “l
1554 4887 1696 4940 Tim.
1733 4906 1787 4952 ν,
1823 4888 1914 4942 25.

251 5012 432 5082 μέλλοι
459 5009 930 5082 ἀπεριεργὸτερον.
960 5007 1126 5082 Liber
1152 5005 1317 5082 voss.
1351 5006 1683 5082 ὅτε-γένοιτο
1717 5007 1806 5082 εὖτ

245 5075 765 5165 management.)
803 5087 923 5146 post
960 5078 1091 5148 Reg.
1133 5078 1340 5146 primus
1369 5075 1529 5146 Δηλοῖ
1554 5076 1610 5128 δὲ
1655 5077 1747 5128 καὶ
1779 5078 1807 5127 ὁ

247 5154 331 5206 Κύ
391 5170 447 5216 ος
469 5154 526 5204 ἐν
548 5154 652 5214 οἷς.

316 5171 430 5298 (ξφ)
461 5221 518 5298 l_n
549 5222 704 5298 Qolb.
729 5234 827 5298 p_ro
857 5217 1152 5298 θαυμάσιον
1175 5215 1373 5298 legitur
1405 5214 1608 5298 θαῦμα.

339 5226 408 5277 50
461 5226 518 5276 In
549 5226 704 5276 Colb.
729 5234 827 5288 pro
857 5226 1152 5286 θαυμάσιον
1177 5226 1373 5281 legitur
1405 5226 1608 5283 θαυμα.

338 5226 430 5363 51)
461 5291 686 5363 Antiqui
741 5288 849 5363 duo
897 5288 1168 5363 libri_cum
1215 5286 1372 5363 V_oss_.
1417 5284 1557 5363 ὥστε
1611 5285 1806 5363 ἄρτους

247 5355 386 5444 κατὰ
402 5355 625 5444 μὲν-τον
647 5360 894 5430 Ἰωάννην
925 5358 1211 5427 κριθίνους.
1232 5355 1426 5411 Statim
1457 5356 1627 5409 codex
1645 5357 1797 5410 Colb.

245 5433 470 5488 ἐπὶτῶν
495 5433 693 5488 ἄρτων.

314 5503 426 5576 (52)
455 5497 610 5576 _Editi
646 5499 784 5570 πλὴν
825 5497 897 5568 μή
941 5514 1068 5576 τινι.
1120 5497 1188 5552 At
1232 5511 1366 5554 mss.
1433 5503 1574 5576 tres_
1605 5502 1800 5564 prseter

244 5565 489 5628 Coinb'ef.
516 5581 574 5627 ut
598 5574 654 5626 in
681 5565 956 5625 contextu.
979 5567 1098 5621 Mox
1123 5582 1256 5623 mss.
1286 5567 1530 5620 nonnulli
1552 5565 1580 5617 ὃ
1605 5583 1800 5638 παραι-

242 5643 645 5782 "Ignotae
672 5708 836 5764 Basil.
887 5707 1088 5778 parm"
1126 5719 1190 5759 ³ο
1222 5703 1401 5762 Pw"
1440 5704 1630 5776 ἡδονὴν
1662 5703 1792 5773 εχει·

518 5821 790 5881 Panos.
835 5820 952 5879 Gn.
985 5818 1224 5881 XXXI.

1917 5005 2096 5060 Editio
2128 5004 2262 5060 Ven.
2315 5015 2368 5060 et
2409 5024 2541 5066 mss.
2570 5008 2825 5076 plerique
2867 5022 3056 5060 omnes
3102 5007 3220 5076 ἔχῃ.
3264 5005 3472 5063 Rursus

1913 5078 2181 5160 gitti-ones
2236 5077 2400 5131 Basil.
2457 5086 2510 5132 et
2568 5066 2752 5132 Paris:
2795 5066 3251 5160 περιεργάζεσθαι
3309 5079 3471 5147 ὑμᾶς.

1914 5144 2092 5199 Editio
2116 5146 2249 5217 Vien.
2280 5157 2333 5200 et
2365 5163 2497 5201 mss.
2525 5162 2630 5199 non
2661 5149 2818 5217 pauci
2846 5144 3012 5217 ἡμᾶς.

1986 5217 2094 5285 (5i)
2136 5215 2270 5285 Reg.
2323 5217 2531 5286 primus
2570 5225 2622 5268 et
2657 5215 2816 5271 Voss.
2843 5215 2896 5269 et
2943 5216 3096 5271 Colb.
3129 5215 3342 5278 εὐτελὲς
3381 5218 3469 5267 καῖ

1915 5287 2078 5338 πᾶσιν
2123 5290 2202 5348 είς
2234 5286 2430 5356 χρῆσιν
2483 5287 2837 5355 προκείμενον
2867 5325 2880 5348 ,
2926 5286 3062 5354 quod
3107 5287 3346 5339 omnibus
3406 5294 3472 5337 ad

1913 5372 2064 5408 usum
2095 5358 2421 5424 proponitur.

1984 5423 2102 5494 (55)
2122 5427 2256 5496 Beg.
2290 5427 2500 5496 primus
2525 5431 2576 5476 et
2603 5423 2764 5479 Voss.
2798 5424 3191 5496 περιγίνεσθαι.

1977 5492 2086 5563 (56)
2122 5493 2184 5565 lu
2217 5492 2416 5548 codice
2450 5492 2608 5549 Voss.
2653 5510 2751 5564 pro
2789 5492 3078 5565 φευκτέος
3104 5495 3301 5565 legitur
3343 5511 3471 5564 φευ-

1907 5569 2108 5626 κταῖος.
2146 5564 2430 5631 Μοκνιίοε.
2474 5563 2681 5631 primus
2723 5563 2847 5627 τοὺς
2877 5563 2997 5629 ἔξω.
3041 5563 3259 5619 Νοοῖια
3295 5563 3467 5619 multo

1907 5635 2225 5714 posLeoﬁev
2261 5630 2414 5687 Colb.
2451 5630 2638 5714 πενίας
2661 5635 3169 5714 ἐπαισχυνομένους.

1975 5703 2082 5774 (57)
2123 5701 2273 5757 Unus
2302 5719 2402 5758 ms.
2439 5704 2511 5772 μὴ
2545 5706 2637 5756 καὶ
2674 5701 2846 5773 ύμῶνζ

3046 5809 3118 5868 31
