3948 6240
261 312 367 370 973

1320 308 1620 392 REGULIE
1653 303 1908 362 'FUSIUS
1947 303 2361 400 TRACTATel-J.

3404 310 3506 365 974

265 444 387 498 μεν,
415 425 644 487 ἑαυτοὺς
699 423 1150 494 κατακρίνωμεν,
1197 421 1682 493 ἑσχηματισμένως
1719 418 1825 489 (65]

1935 419 2300 488 nosmetipsos
2360 419 2838 486 condemnemus,
2906 419 2998 490 qui
3078 419 3332 476 simulate
3397 433 3506 474 vita
3558 452 3562 456 -

261 519 338 590 τῷ
373 519 473 590 βίῳ
507 517 858 588 κεχρημένοι,
903 517 996 570 καὶ
1029 516 1214 569 ἄλλοτε
1247 516 1422 579 ἄλλως
1457 511 1834 586 μεταμορφού-

265 627 438 681 μενοι,
462 610 510 661 εί
535 608 610 679 μὴ
639 608 749 679 ἄρα
769 608 862 660 καὶ
885 607 982 670 τὰς
1008 606 1238 676 ἐσθῆτας
1259 607 1415 676 ἡμῶν
1435 603 1830 674 διαμείψωμεν,

263 701 393 752 ὅταν
433 701 546 761 τοῖς
580 697 949 768 ὑπερηφάνοις
977 698 1479 767 περι-τυγχάνωμεν.
1508 695 1568 748 Et
1595 695 1651 747 δὲ
1678 693 1835 746 τοῦτο

264 785 509 856 αἰσχρὸν,
531 785 709 855 πολλῷ
734 785 1084 857 αἰσχρότερον
1112 785 1221 854 (66)
1253 785 1340 839 διὰ
1365 787 1490 848 τοὺς
1517 783 1835 854 τρυφῶντας

262 878 362 948 τὴν
402 877 678 948 τράπεζαν
721 875 879 947 ἡμῶν
919 876 1440 947 μετασκευάζεσθαι.
1488 875 1834 946 Μονότροπός

262 971 414 1021 ἐστιν
447 970 478 1020 ὀ
509 968 601 1020 τοῦ
643 967 967 1039 Χριστιανοῦ
1013 967 1143 1038 βίος.
1180 969 1274 1021 ἕνα
1315 969 1513 1021 σκοπὸν
1544 967 1702 1038 ἔχων,
1732 969 1833 1039 τὴν

261 1061 420 1126 δόξαν
451 1059 544 1113 τοῦ
572 1058 726 1114 Θεοῦ.
759 1060 898 1114 Εῑτε
913 1060 1022 1130 γὰρ
1047 1061 1300 1128 ἐσθίετε,
1315 1060 1436 1114 εἶτε
1457 1061 1682 1124 πίνετε,
1711 1062 1834 1114 είτε

261 1170 316 1207 τι
334 1152 574 1215 ποιεῖτε,
592 1151 790 1204 πάντα
803 1155 887 1216 εὶς
898 1151 1086 1216 δόξαν
1102 1153 1249 1207 Θεοῦ
1267 1153 1502 1217 ποιεῖτε,
1524 1153 1688 1222 φησὶν
1718 1154 1745 1204 ὁ
1774 1155 1832 1206 ὲν

259 1243 487 1316 Χριστῷ
518 1244 691 1298 λαλῶν
731 1243 965 1308 Παῦλος.
997 1245 1342 1316 Πολύτροπος
1370 1245 1427 1299 δὲ
1456 1247 1550 1299 καὶ
1591 1247 1832 1310 ποικίλος

256 1339 286 1388 ὁ
311 1337 422 1390 τῶν
453 1336 652 1403 ἔξωθεν
675 1336 809 1406 βίος,
838 1337 1024 1391 ἄλλοτε
1049 1337 1222 1402 ἄλλως
1248 1341 1384 1410 πρὸς
1410 1341 1506 1411 τὴν
1541 1342 1830 1412 ἀρέσκειαν

255 1428 371 1481 τῶν
407 1428 843 1498 ἐντυγχανόντων
869 1429 1382 1500 μεταπλασσόμενος
1409 1431 1541 1501 (67).

325 1712 380 1766 5.
413 1712 575 1764 Ὥστε
616 1710 712 1764 καὶ
739 1711 826 1773 σὺ,
863 1711 1053 1782 πλήθει
1091 1712 1394 1784 βρωμάτων
1421 1715 1514 1767 καὶ
1543 1719 1830 1790 περιεργίᾳ

254 1803 397 1873 πρὸς
424 1803 618 1874 ἡδονὴν
651 1803 1070 1873 μετασκευάζων
1089 1803 1182 1857 τοῦ
1206 1805 1434 1874 ἀδελφοῦ
1461 1824 1551 1860 σου
1574 1810 1670 1880 τὴν
1698 1811 1830 1882 τρά-

256 1897 455 1960 πεζαν,
495 1897 822 1967 κατηγορεῖς
851 1894 1014 1948 αὑτοῦ
1059 1896 1388 1968 φιληδονίαν,
1420 1899 1514 1951 καὶ
1544 1902 1830 1971 καταχέεις

251 1988 424 2041 αὐτοῦ
465 1987 906 2058 γαστριμαργίας
949 1988 1122 2058 ὀνείδη
1168 1990 1236 2041 δι’
1278 1983 1353 2043 ὧν
1395 1992 1822 2064 παρασκευάζῃ,

250 2081 500 2149 ἐλέγχων
529 2077 690 2131 αὐτοῦ
723 2079 822 2149 τὴν
860 2080 988 2150 περὶ
1015 2080 1182 2134 ταῦτα
1219 2082 1568 2151 ἡδυπάθειαν.
1607 2084 1675 2136 Ἢ
1709 2086 1828 2156 οὐχὶ

252 2172 541 2234 πολλάκις,
568 2171 630 2224 τὸ
678 2167 818 2234 εἶδος
858 2173 952 2225 καὶ
998 2172 1088 2224 τὸν
1119 2174 1320 2242 τρόπον
1347 2175 1444 2245 τῆς
1477 2178 1829 2247 παρασκευῆς

250 2263 654 2334 θεωρήσαντες,
677 2261 1050 2332 ὲστοχάσμεθα
1070 2263 1162 2315 τοῦ
1188 2264 1658 2336 προσδοκωμένου,
1676 2268 1830 2330 ὅστις

251 2355 429 2416 ἐστὶν,
462 2353 494 2424 ἢ
533 2354 667 2424 ὅπερ
699 2353 880 2418 ἐστίνς
925 2353 1038 2406 Οὐκ
1080 2355 1309 2425 ἐπῄνεσε
1343 2355 1442 2426 τὴν
1489 2357 1718 2429 Μάρθαν
1752 2361 1831 2423 εἰς

250 2445 460 2516 πολλὴν
484 2445 755 2498 διακονίαν
776 2445 1199 2516 περισπωμένην
1219 2445 1329 2519 (68)
1351 2449 1379 2500 ὁ
1406 2447 1610 2518 Κύριος
1631 2465 1644 2480 ·
1672 2450 1827 2514 ἀλλὰ,

249 2538 577 2610 Μεριμνᾷς,
604 2539 702 2591 καὶ
731 2535 1001 2607 τ-υρόἀζῃ,
1023 2539 1177 2608 φησὶ,
1209 2541 1340 2608 περὶ
1376 2541 1603 2594 πολλά·
1634 2542 1828 2611 ὀλίγων

248 2632 311 2684 δέ
353 2633 473 2684 ἐστι
505 2629 684 2699 χρεία,
724 2629 759 2699 ἢ
811 2627 960 2690 ἑνός·
1019 2628 1214 2697 ὀλίγων
1244 2629 1381 2700 μὲν,
1427 2630 1667 2700 δηλονότι
1722 2633 1829 2687 τῶν

252 2723 395 2792 πρὸς
443 2719 814 2792 παρασκευὴν,
856 2719 974 2783 ὲνδς
1023 2720 1080 2772 δὲ
1121 2721 1213 2773 τοῦ
1271 2721 1474 2776 σκοποῦ
1499 2765 1513 2790 ,
1541 2723 1680 2777 ὥστε
1731 2727 1830 2796 τὴν

252 2815 448 2887 χρείαν
497 2811 941 2882 ἐκπληρωθῆναι.
992 2812 1162 2875 Αὐτὸς
1203 2813 1258 2866 δὲ
1307 2816 1336 2866 ὁ
1383 2814 1586 2886 Κύριος
1638 2819 1829 2870 ὁποίαν

251 2904 538 2976 παρέθηκε
568 2905 682 2966 τοῖς
728 2903 1182 2975 πεντακισχιλίοις
1227 2907 1432 2978 τροφὴν
1466 2908 1565 2960 οὐκ
1594 2908 1822 2976 ἀγνοεῖς,

260 2997 327 3049 Ἡ
357 2996 415 3049 δὲ
449 2995 584 3066 εὐχὴ
615 2995 709 3046 τοῦ
761 2993 954 3047 Ἰακὼϐ
985 2995 1120 3065 πρὸς
1169 2996 1258 3048 τὸν
1303 2997 1468 3050 Θεόν·
1515 2999 1658 3054 Ἐὰν
1708 2999 1826 3066 δῷς

1937 518 2194 572 utamur,
2252 511 2414 565 modo
2472 511 2527 565 in
2569 513 2734 575 hanc,
2767 513 2926 567 modo
2965 513 3018 566 i‘n
3071 513 3218 566 illam
3273 511 3504 565 formam

1936 601 2162 663 mutati,
2216 602 2319 657 nisi
2373 602 2511 656 forte
2559 603 2910 659 immutemus
2957 605 3122 658 etiam
3183 604 3505 658 vestimenta

1935 699 2124 745 nostra
2185 702 2335 756 tuin,
2397 708 2524 747 cum
2575 695 2630 746 in
2683 695 2831 748 viros
2892 695 3068 748 claros
3122 703 3176 748 et
3238 694 3504 764 superbos

1933 780 2094 852 365
2124 782 2499 838 inciderimus.
2532 782 2688 850 Quod
2717 785 2762 838 si
2803 785 2852 837 id
2883 793 3039 855 turpe
3063 794 3168 847 est,
3196 786 3354 854 longe
3387 792 3504 837 tur-

1935 875 2056 944 pius
2083 883 2168 930 est
2201 892 2450 932 mensam
2477 885 2721 932 nostram
2755 878 2825 930 ob
2847 876 3108 932 delicatos
3142 885 3501 931 commutare.

1934 967 2244 1038 IEquabilis
2269 980 2322 1024 et
2337 977 2598 1025 constans
2623 977 2706 1024 est
2728 969 3017 1023 Christiani
3041 969 3171 1030 vita,
3197 976 3252 1022 et
3279 968 3502 1021 unicum

1934 1074 2154 1128 scopum
2185 1060 2372 1123 habet,
2405 1061 2496 1116 Dei
2527 1063 2774 1131 gloriam.
2822 1060 2939 1114 Sive
2961 1061 3100 1113 enim
3146 1059 3499 1116 manducatis,

1933 1153 2036 1206 sive
2059 1152 2254 1218 bibitis,
2291 1155 2395 1207 sive
2429 1155 2555 1223 quid
2585 1154 2759 1222 facitis
2781 1194 2796 1218 ,
2827 1155 3016 1208 omnia
3045 1154 3098 1206 in
3139 1153 3359 1223 gloriam
3405 1149 3505 1204 Dei

1930 1245 2110 1312 facite,
2142 1249 2216 1298 ait
2268 1245 2469 1301 Paulus
2504 1247 2595 1316 qui
2633 1247 2686 1300 in
2731 1247 2952 1302 Christo
2997 1247 3321 1316 loquebatur
3349 1244 3393 1298 ⁸.
3436 1244 3504 1295 At

1931 1350 2061 1390 vero
2087 1335 2435 1392 multiformis
2464 1345 2516 1391 et
2563 1338 2710 1391 varia
2745 1347 2828 1393 est
2865 1339 3144 1392 hominum
3183 1335 3491 1390 mundano-

1932 1440 2053 1478 rum
2105 1427 2324 1481 vivendi
2359 1429 2536 1490 ratio,
2571 1443 2691 1498 qua:
2736 1429 2943 1484 scilicet
2995 1428 3115 1480 aliis
3157 1435 3320 1495 atque
3366 1425 3490 1478 aliis

1932 1513 2108 1568 modis
2132 1515 2201 1568 ad
2231 1516 2626 1570 conciliandam
2655 1516 3033 1572 accedentium
3062 1517 3292 1587 gratiam
3324 1526 3499 1570 trans-

1934 1603 2216 1660 formetur.
2554 1665 2556 1667 ,

2000 1696 2054 1749 ‘5.
2089 1693 2269 1761 Quare
2300 1704 2358 1750 tu
2393 1713 2611 1768 quoque
2637 1698 2681 1752 si
2716 1700 2870 1769 c0pia
2903 1700 3148 1754 ciborum
3179 1707 3341 1770 atque
3379 1699 3500 1752 lau-

1901 1785 2051 1844 ‘otitia
2077 1787 2228 1842 fratri
2258 1790 2592 1859 voluptatem
2617 1789 2810 1845 aﬂ‘erre
2834 1793 3042 1854 volens,
3077 1806 3321 1846 mensam
3349 1799 3498 1843 tuam

1931 1877 2206 1945 immutas,
2237 1879 2356 1948 ejus
2403 1895 2632 1936 accusas
2673 1895 2802 1952 erga
2846 1883 3178 1952 voluptatein
3214 1879 3454 1936 studium
3482 1917 3496 1937 .

1931 1980 2094 2040 atque
2123 1987 2220 2040 per
2246 1987 2310 2026 ea
2334 1988 2454 2040 quae
2482 1973 2730 2033 instruis,
2759 1973 2931 2042 ipsius
2961 1974 3262 2042 exprobras
3294 1972 3496 2042 gulam,

1930 2078 2054 2117 cum
2092 2073 2273 2118 tamen
2302 2065 2546 2134 ejusdem
2593 2066 2741 2120 circa
2771 2066 2885 2120 hac
2934 2067 3265 2135 voluptatem
3315 2065 3500 2119 redarv

1930 2174 2084 2228 guas.
2121 2158 2318 2211 Annon
2347 2173 2738 2228 saepenumero,
2773 2173 2968 2228 genere
2993 2165 3049 2212 et
3079 2156 3241 2211 modo
3270 2172 3500 2226 appara-

1929 2258 2019 2305 tus
2073 2251 2463 2316 consideratis,
2518 2250 2946 2319 conjectavimus
2991 2250 3116 2319 quis
3175 2249 3246 2303 sit
3280 2248 3373 2317 qui
3405 2264 3500 2301 ex-

1928 2347 2240 2410 spectetur,
2306 2347 2399 2392 aut
2461 2340 2593 2408 quid
2659 2339 2768 2393 sit?
2819 2337 3170 2408 Nequaquam
3234 2338 3497 2393 Dominus

1930 2431 2174 2486 laudavit
2203 2430 2466 2485 Martham
2500 2431 2554 2484 in
2583 2431 2860 2500 multiplex
2894 2431 3256 2486 ministerium
3297 2429 3498 2485 distra-

1928 2533 2112 2579 ctam:
2144 2525 2259 2587 sed,
2293 2523 2537 2578 Sollicita
2569 2539 2645 2586 es,
2693 2522 2908 2592 inquit,
2961 2531 3010 2575 et
3065 2520 3298 2575 turbaris
3355 2523 3498 2574 circa

1929 2617 2097 2669 multa
2129 2617 2183 2683 ⁵;
2211 2615 2360 2685 atqui
2407 2614 2628 2684 paucis,
2673 2615 2757 2668 vel
2813 2628 2923 2666 uno
2968 2628 3106 2683 opus
3147 2620 3272 2667 est:
3308 2615 3497 2682 paucis

1927 2709 2166 2780 quidem,
2199 2715 2461 2778 quantum
2491 2705 2701 2761 scilicet
2731 2704 2794 2758 ad
2829 2713 3183 2774 apparatum;
3219 2720 3328 2758 uno
3345 2719 3496 2768 vero,

1928 2817 2124 2870 nempe
2155 2800 2260 2854 line
2285 2800 2426 2868 ipso,
2463 2804 2523 2850 ut
2556 2796 2811 2850 videlicet
2838 2795 3152 2850 necessitati
3205 2794 3296 2849 tiat
3340 2797 3496 2850 satis.

1927 2891 2097 2958 Quale
2145 2900 2328 2945 autem
2394 2889 2711 2942 alimentum
2765 2885 3030 2942 Dominus
3085 2887 3202 2956 ipse
3257 2887 3499 2941 millibus

1927 2985 2167 3055 quinque
2197 2982 2531 3053 apposuerit,
2564 2981 2706 3034 haud
2765 2982 3006 3051 ignoras.
3060 2979 3256 3034 Votum
3317 2989 3498 3035 autem

247 3107 368 3162 μοι,
395 3090 585 3158 φησὶν,
615 3087 798 3154 ἄρτον
834 3087 1064 3156 φαγεῖν,
1107 3089 1204 3141 καὶ
1247 3088 1480 3158 ἱμάτιον
1517 3090 1824 3159 περιϐαλέ-

1930 3077 2111 3132 laeobi
2140 3077 2206 3131 ad
2239 3075 2404 3131 Deum
2442 3075 2545 3129 hoc
2571 3083 2694 3129 est:
2732 3073 2793 3129 Si
2826 3073 3028 3127 dederis
3071 3073 3234 3138 mihi,
3275 3074 3488 3144 inquit.

247 3187 428 3237 σθαιο
465 3182 586 3246 οὐκ,
635 3181 760 3234 Ἐὰν
805 3182 1018 3252 τρυφὴν
1056 3181 1161 3250 δῷς
1197 3199 1284 3252 μοι
1329 3184 1422 3236 καὶ
1458 3183 1822 3236 πολυτέλειαν.

248 3276 316 3329 Τί
352 3276 409 3328 δὲ
443 3277 472 3328 ὁ
498 3271 808 3342 σοφώτατος
840 3270 1126 3340 Σολομών;
1169 3271 1442 3325 Πλοῦτον
1478 3271 1546 3325 δὲ
1589 3272 1687 3326 καὶ
1724 3286 1825 3326 πε-

246 3367 432 3428 νίαν,
468 3363 633 3434 φησὶ,
679 3360 764 3430 μή
805 3378 908 3430 μοι
947 3359 1096 3427 δῷς·
1145 3360 1450 3425 σύνταξον
1493 3361 1560 3415 δέ
1614 3379 1718 3431 μοι
1755 3362 1828 3415 τὰ

244 3455 487 3517 δέοντα,
518 3455 618 3508 καὶ
649 3452 759 3526 {69)
785 3450 1072 3520 αὐτάρκη,
1118 3453 1218 3504 ἵνα
1241 3453 1327 3521 μὴ
1367 3454 1660 3521 πλησθεὶς
1680 3457 1826 3522 ψευ-

244 3549 364 3615 δὴς
396 3545 674 3617 γένωμαι,
706 3545 806 3598 καὶ
833 3545 1008 3597 elder
1044 3544 1137 3607 Τίς
1160 3562 1237 3613 με
1260 3543 1404 3611 ὀρᾷ;
1435 3545 1472 3612 ἢ
1497 3547 1825 3614 πενόμενος

245 3638 480 3709 κλέψω,
509 3636 607 3691 καὶ
627 3637 828 3706 ὀμόσω
856 3635 920 3687 τὸ
945 3634 1132 3703 ὄνομα
1159 3635 1265 3688 τοῦ
1297 3634 1443 3688 Θεοῦ
1472 3653 1590 3703 μου
1615 3654 1625 3664 ·
1654 3635 1822 3689 πλοῦ-

245 3750 338 3784 τον
366 3731 467 3800 μὲν
508 3725 648 3781 εἶναι
681 3726 780 3794 τὴν
824 3723 1137 3795 πλησμονὴν
1181 3722 1515 3796 ὁριζόμενος,
1555 3727 1740 3779 πενίαν
1769 3725 1825 3778 δὲ

244 3822 348 3893 τὴν
372 3817 618 3888 παντελῆ
658 3816 889 3886 ἀπορίαν
911 3813 1019 3868 τῶν
1063 3815 1197 3885 πρὸς
1238 3813 1298 3867 τό
1329 3815 1428 3884 ζῇν
1470 3816 1784 3882 ἀναγκαίων
1805 3832 1818 3844 ο

244 3911 337 3964 διὰ
371 3911 428 3962 δὲ
486 3910 586 3978 τῆς
614 3903 944 3976 αὐταρκείας
981 3902 1090 3971 (70)
1139 3901 1199 3955 τὸ
1236 3902 1479 3966 ἀνενδεὲς
1535 3904 1675 3973 ὁμοῦ
1729 3905 1823 3957 καὶ

245 4002 544 4073 ἀπέριττον
574 3997 681 4051 τῶν
711 3995 845 4067 πρὸς
869 3993 965 4064 τὴν
995 3993 1181 4064 χρείαν
1207 3992 1400 4064 δηλῶν.
1429 3994 1739 4065 Αὑτάρκεια
1767 3993 1823 4046 δὲ

244 4094 384 4162 άλλη
422 4090 570 4159 ἄλλῳ
601 4087 742 4141 κατά
784 4103 844 4137 τε
877 4086 974 4154 τὴν
1000 4083 1092 4137 τοῦ
1138 4083 1388 4154 σώματος
1417 4084 1529 4150 ἕξιν
1584 4086 1678 4138 καὶ⁴
1724 4084 1823 4154 τὴν

245 4183 386 4255 πρὸς
417 4181 479 4235 τὸ
519 4179 875 4250 προκείμενον
918 4177 1124 4250 χρείαν.
1160 4177 1250 4247 Τῷ
1298 4177 1396 4247 μὲν
1435 4176 1543 4248 γὰρ
1581 4177 1824 4241 πλείονος

245 4275 456 4348 τροφῆς
485 4272 579 4325 καὶ
616 4269 965 4341 ἰσχυροτέρας
988 4269 1145 4341 χρεία
1178 4268 1265 4322 διὰ
1295 4269 1388 4321 τὸν
1421 4269 1610 4335 κόπον,
1649 4269 1726 4340 τῷ
1766 4269 1822 4322 δὲ

245 4365 582 4436 λεπτοτέρας
605 4362 701 4414 καὶ
719 4361 1070 4431 κουφοτέρας,
1087 4361 1180 4412 καὶ
1198 4359 1533 4430 καταλλήλου
1556 4360 1624 4414 τὰ
1647 4360 1824 4414 πάντα

1926 3186 2112 3240 panem
2145 3168 2213 3222 ad
2248 3167 2649 3231 comedendum,
2695 3176 2744 3233 et
2778 3167 3137 3220 vestimentum
3174 3165 3242 3218 ad
3273 3166 3494 3219 induen-

1927 3261 2052 3314 dum
2088 3261 2109 3292 ⁸
2149 3279 2161 3313 :
2211 3275 2318 3314 non
2375 3259 2551 3325 dixit,
2602 3258 2660 3312 Si
2721 3257 2936 3313 dederis
2989 3257 3123 3312 mihi
3172 3257 3399 3313 delicias
3445 3269 3500 3312 et

1928 3360 2306 3423 sumptuosum
2338 3363 2679 3422 apparatum.
2712 3349 2852 3416 Quid
2892 3365 3023 3405 vero
3054 3350 3496 3420 sapientissimus

1929 3445 2226 3500 Salomon?
2260 3444 2483 3498 Divitias
2505 3453 2555 3498 et
2583 3451 2944 3512 paupertatem
2969 3483 2982 3506 ,
3033 3444 3229 3515 inquit,
3263 3461 3324 3498 ne
3348 3445 3501 3499 dede-

1927 3541 1999 3594 ris
2028 3539 2155 3591 milii
2181 3555 2196 3591 :
2240 3537 2331 3592 sed
2360 3539 2618 3591 constitue
2658 3537 2786 3590 mihi
2809 3539 3124 3598 necessaria,
3151 3547 3199 3590 et
3231 3537 3501 3607 sufﬁcien-

1929 3633 2022 3695 tia,
2052 3642 2198 3684 utne
2238 3631 2468 3682 satiatus
2501 3629 2725 3681 mendax
2765 3629 2915 3697 ﬁam,
2941 3637 2991 3682 et
3013 3628 3187 3681 diram
3207 3645 3225 3681 :
3257 3629 3388 3695 Quis
3419 3647 3499 3684 me

1927 3723 2102 3777 videt?
2138 3729 2229 3774 aut
2251 3736 2450 3790 pauper
2476 3719 2642 3786 furer,
2661 3729 2709 3771 et
2734 3719 2911 3786 jurem
2952 3735 3136 3772 nomen
3175 3719 3270 3772 Dei
3309 3722 3408 3773 mei
3430 3722 3450 3751 "
3481 3740 3494 3772 :

1928 3817 2000 3866 ita
2033 3813 2330 3876 aestimans,
2365 3812 2582 3865 divitias
2610 3809 2830 3880 quidem
2856 3811 3160 3866 satietatem
3185 3827 3327 3877 esse,
3360 3829 3500 3884 pau-

1925 3912 2189 3976 pertatem
2207 3919 2334 3958 vero
2362 3904 2644 3973 penuriam
2669 3905 2931 3972 integram
2950 3918 3074 3958 esse
3095 3919 3279 3958 rerum
3311 3907 3378 3958 ad
3417 3907 3500 3960 vi-

1925 4007 2036 4053 tam
2064 3997 2532 4061 necessariarum;
2575 4011 2669 4066 per
2701 4010 2762 4050 ea
2811 4002 2989 4050 autem
3033 4012 3154 4065 qua:
3183 3996 3492 4056 sufﬁciunt.

1927 4099 2128 4147 statum
2156 4089 2445 4159 quemdam
2490 4101 2590 4141 nec
2633 4086 2996 4156 indigentem,
3047 4102 3148 4142 nec
3197 4102 3380 4142 rerum
3427 4089 3497 4143 ad

1927 4200 2085 4239 usum
2139 4182 2523 4252 requisitarum
2581 4179 2738 4248 copia
2794 4179 3160 4234 abundantem
3217 4180 3496 4237 indicavit.

1925 4274 2098 4329 Porro
2125 4271 2272 4326 aliud
2304 4271 2396 4324 alii
2427 4267 2624 4325 sulﬁcit
2654 4285 2753 4339 pro
2785 4268 3034 4337 corporis
3063 4269 3406 4335 habitudine,
3445 4281 3500 4326 et

1927 4381 2027 4436 pro
2060 4363 2390 4418 necessitate
2432 4360 2691 4414 instante.
2743 4357 2882 4411 Huic
2916 4357 3058 4412 enim
3092 4374 3230 4428 opus
3279 4369 3363 4415 est
3393 4361 3494 4413 ali-

245 4461 332 4514 διὰ
360 4459 464 4529 τὴν
495 4457 777 4510 ἀσθένειαν
796 4471 810 4484 ’
843 4456 993 4523 κοινῇ
1024 4453 1079 4506 δὲ
1107 4455 1273 4506 πᾶσιν
1303 4453 1688 4525 εὐτελεστέρας
1725 4455 1820 4507 καὶ

1930 4464 2112 4512 mento
2151 4453 2400 4510 uberiore
2441 4465 2505 4504 ac
2548 4449 2809 4503 validiore
2844 4457 3064 4519 propter
3093 4450 3370 4505 laborem:
3417 4454 3493 4506 illi

244 4551 728 4622 εὖποριστοτέρας.
763 4549 852 4601 Ἔν
889 4547 1048 4599 παντὶ
1091 4544 1272 4615 μέντοι
1321 4544 1383 4597 τὸ
1427 4545 1684 4616 ἐπιμελὲς
1728 4549 1823 4600 καὶ⁴

243 4649 304 4702 τὸ
335 4642 677 4719 εὐτράπεζον
707 4643 817 4712 (Ἠ)
854 4642 1181 4708 ἀναγκαῖον,
1219 4637 1467 4708 μηδαμοῦ
1502 4639 1625 4700 τοὺς
1664 4640 1821 4710 ὄρους

318 4805 343 4835 ⁸
378 4803 399 4856 1
430 4801 562 4857 Cor.
601 4817 663 4864 ι,
693 4799 781 4852 3|.

315 4961 428 5034 (65)
459 4959 642 5034 Editio
670 4958 1022 5034 Basil._a:que
1051 4971 1114 5034 ac
1160 4954 1336 5034 Paris.
1372 4955 1654 5034 κρίνομεν,
1696 4975 1819 5027 κρι-

484 5024 1166 5110 Ξσχτγμτῳμένωῇῃιαίθ.
1190 5024 1370 5110 Ειίίιίο
1401 5024 1538 5110 Ven.
1564 5024 1818 5110 κρίνομεν

246 5096 446 5172 ἐσχημ.
485 5096 647 5172 Regii
671 5096 879 5172 primiis
908 5105 960 5151 et
985 5097 1182 5172 tegtius
1215 5106 1272 5148 ut
1293 5098 1346 5148 in
1375 5104 1656 5150 contextu.
1681 5096 1819 5151 Sub-

248 5165 595 5228 indé'codex‘
611 5165 765 5223 C6lb.
798 5166 970 5228 ἄλλως
996 5165 1082 5236 τῷ
1107 5165 1205 5236 βίῳ
1238 5182 1504 5236 μεταμορ.

319 5241 434 5349 ςϐϐ)
471 5241 689 5296 Veteres
722 5239 829 5291 duo
857 5239 976 5290 libri
1006 5234 1182 5304 πολλῷ
1210 5234 1437 5304 αἴσχιον.

343 5315 436 5349 ιεἿι
457 5311 567 5349 Rau
613 5311 821 5349 nrimnc
841 5306 1274 5349 sitv-emrvaurivtmv
1296 5305 1437 5349 [ιεταῖ

322 5305 436 5376 ζϐτ)
453 5311 588 5380 Reg.
613 5311 821 5380 primus
840 5306 1274 5380 ἐντυγχανόντων
1293 5305 1628 5380 μεταλλάσσό
1636 5324 1814 5380 μενος.

320 5375 436 5453 (68)
470 5375 848 5453 ῌοξλξρτίιηυε
879 5386 933 5432 et
962 5375 1122 5453 Voss.
1157 5383 1211 5430 et
1237 5375 1390 5453 Golb.
1420 5379 1500 5453 εἰς
1533 5377 1819 5453 πολλὰ-πε-

255 5446 1239 5524 ptémopévﬁVCAuetorLquicunque
1287 5446 1376 5524 ille
1417 5446 1659 5524 fuittqui
1703 5447 1818 5524 hinc

253 5515 518 5596 scripsit,
537 5515 823 5596 ita‘in‘suis
856 5515 1042 5596 Bih—liis
1065 5519 1260 5595 legisse
1283 5517 1515 5596 videtur.
1543 5517 1736 5596 ὀλίγων
1761 5515 1818 5596 δέ

252 5586 642 5664 ἐστι’χρεία,ἢ
690 5589 845 5664 ἐνό-ςε
897 5589 1042 5664 quod
1090 5587 1384 5664 permirum
1430 5587 1596 5664 videri
1633 5586 1816 5664 debet,

255 5655 686 5730 euin'iiusqua'm
737 5661 856 5727 ejus
883 5655 1370 5730 scripturai,‘quod
1415 5659 1603 5730 sciam,
1647 5655 1815 5730 vesti-

255 5739 403 5806 gium
460 5725 630 5787 ullum
696 5725 892 5785 exsul.
945 5725 1142 5783 Eadem
1193 5725 1444 5797 leguntur
1497 5725 1619 5798 pag.
1674 5726 1810 5786 263,

1927 4564 2092 4612 vero,
2157 4545 2403 4601 tenuiore
2450 4543 2786 4610 levioreque,
2841 4549 2894 4596 et
2951 4542 3307 4597 in'omnibus
3359 4559 3489 4598 con-

1928 4647 2173 4713 gruente,
2205 4643 2428 4707 propter
2450 4634 2821 4688 inﬁrmitatem
2849 4651 2862 4686 :
2895 4635 2986 4688 sed
3022 4637 3318 4702 generatim
3350 4651 3488 4704 Opus

857 4798 879 4828 '
917 4795 1048 4851 Luc.
1088 4812 1152 4859 κ,
1187 4795 1288 4860 41,
1325 4793 1416 4847 42.
1493 4796 1514 4825 ⁸
1552 4793 1686 4850 Gen.
1726 4813 1825 4850 xxv

1951 4797 2038 4850 20.
2118 4796 2135 4825 ⁷
2179 4792 2336 4846 Prov.
2377 4807 2504 4850 xxx,
2548 4790 2611 4851 8,
2653 4789 2705 4841 9.

1925 4965 2050 5012 nota
2077 4956 2128 5010 b.
2160 4955 2288 5020 (col.
2315 4955 2443 5015 759.
2470 4963 2596 5008 nota
2626 4954 2714 5021 84)
2739 4949 2858 5003 Mox
2889 4949 3056 5003 codex
3086 4947 3245 5002 Voss.
3275 4956 3328 5001 et
3362 4947 3494 5016 Reg.

1925 5029 2134 5098 primus
2151 5025 2504 5098 limandum;
2535 5022 2904 5098 παρασκευήν.

2002 5098 2111 5165 (69)
2151 5086 2414 5149 Voculam
2456 5095 2546 5146 καί
2571 5086 2633 5146 ei
2676 5086 2916 5158 antiquis
2947 5087 3163 5143 duobus
3207 5086 3363 5140 libris
3397 5088 3495 5142 ad-

1923 5167 2185 5223 didimus.

1995 5238 2106 5306 (70)
2141 5233 2303 5294 Illud,
2340 5233 2437 5306 διὰ,
2459 5233 2514 5306 δὲ
2551 5233 2672 5300 τῆς,
2709 5241 2838 5306 etc..
2873 5230 2953 5306 sic
2981 5228 3252 5306 intelligas
3281 5228 3438 5280 velim
3472 5248 3486 5282 ε

1927 5302 2185 5363 Salomon
2217 5306 2301 5359 his
2330 5304 2511 5357 verbis
2542 5318 2715 5370 neque
2749 5302 2983 5369 inopiam
3018 5302 3289 5369 signiticat
3315 5313 3492 5368 neque

1918 5394 2100 5432 rerum
2154 5375 2585 5430 necessariarum
2618 5373 2872 5440 copiam;
2917 5372 3008 5424 sed
3059 5378 3259 5424 statum
3301 5384 3497 5437 querno

1917 5448 2065 5510 dam,
2116 5447 2229 5516 qui;
2261 5445 2402 5516 inter
2445 5450 2742 5516 egestatem
2793 5451 2846 5492 et
2879 5440 3110 5516 copiam
3139 5441 3493 5516 nicd_ius_s_i_t,

1916 5507 2173 5604 ostendit.
2211 5513 2416 5569 Ibidem
2449 5507 2558 5566 duo
2600 5528 2736 5566 mss.
2787 5507 3024 5564 κατάτε
3061 5508 3158 5578 τὴν
3191 5509 3300 5562 τοῦ.
3351 5507 3493 5563 Editi

1994 5593 2043 5640 τ’
2087 5593 2207 5639 civ.

1918 5605 2098 5728 καθιδ
2128 5633 2266 5713 1⁵ᾴὼιὶ
2289 5655 2379 5709 καὶ
2400 5652 2751 5723 εὐτράπεζον.
2781 5653 2844 5704 At
2878 5667 3009 5706 mss.
3037 5649 3142 5703 duo
3166 5651 3494 5722 κα¹ιτὸεῦτρ.
