3948 6240
508 284 613 341 975

1716 330 1732 350 .
1783 271 1841 326 s.
1885 270 2124 327 essu."
2165 271 2378 326 MAGNI
3577 283 3656 342 πο

504 410 591 458 est
615 392 869 455 omnibus
922 398 1115 455 viliore
1170 404 1223 452 et
1273 406 1465 467 paratu
1497 393 1763 450 faciliore.
1816 394 2071 448 Attamen

2177 394 2332 465 ἡμῶν
2361 394 2459 466 τῆς
2503 393 2690 464 χρείας
2739 391 3207 465 ὑπερϐαινόντων·
3239 394 3367 451 ἀλλά
3401 400 3532 458 τοῦτο
3552 407 3659 462 tm

505 508 635 547 cura
667 500 720 545 et
758 490 1004 561 quaedam
1037 503 1239 543 mensae
1270 488 1519 543 decentia
1564 485 1875 540 necessaria
1907 491 1991 539 est
2019 484 2076 538 in

506 580 781 646 omnibus,
805 580 900 635 sed
927 581 1001 632 ita
1026 588 1208 633 tamen
1231 618 1245 645 ,
1298 587 1359 632 ut
1391 584 1546 632 estra
1580 574 1933 647 praescriptos
1968 590 2068 629 no-

505 671 591 726 bis
648 671 996 727 necessitatis
1051 670 1312 726 terminos
1361 682 1641 739 nunquam
1689 667 2073 737 egrediamur;

507 764 613 818 imo
653 779 783 818 vero
835 762 1225 833 hospitalitatis
1276 760 1322 817 is
1377 760 1501 817 finis
1559 761 1652 823 sit,
1687 770 1745 814 ut
1800 767 2077 829 spectetur

505 854 648 923 quod
709 853 1009 908 necessitas
1064 852 1331 921 cujusque
1379 849 1750 906 accedentium
1810 851 2071 920 postulat.

504 945 592 1000 Ait
620 947 762 1000 enim
792 964 806 999 :
856 943 1026 999 Veluti
1044 952 1244 998 utentes
1275 940 1466 997 mundo
1496 942 1612 1008 hoc,
1644 952 1695 997 et
1725 959 1827 996 non
1849 941 2071 995 abuten-

505 1048 579 1093 tes
607 1038 647 1093 ⁸.
683 1039 902 1092 Abusus
938 1044 1117 1092 autem
1177 1047 1428 1105 sumptus
1475 1043 1560 1091 est
1608 1037 1749 1091 ultra
1778 1035 2074 1119 necessita-

504 1137 631 1182 tem.
662 1127 781 1182 Non
812 1135 938 1183 sunt
968 1127 1123 1182 nobis
1151 1126 1430 1197 pecuniae?
1467 1124 1580 1181 Nec
1613 1126 1742 1181 sint.
1776 1125 1895 1179 Non
1942 1131 2072 1178 sunt

503 1218 702 1273 referta
735 1224 923 1272 nostra
949 1216 1178 1272 horrea?
1213 1213 1353 1281 Quid
1384 1213 1540 1268 tum?
1571 1212 1815 1268 Vivimus
1846 1211 1989 1266 enim
2016 1211 2071 1265 in

504 1309 671 1376 diem,
701 1317 755 1365 et
805 1310 860 1363 in
895 1308 1079 1364 labore
1135 1309 1350 1379 positus
1400 1307 1559 1362 nobis
1614 1313 1701 1362 est
1731 1305 1932 1360 victus.
1962 1302 2075 1357 Cur

507 1404 670 1475 igitur
703 1418 883 1458 escam
912 1419 944 1457 a
978 1400 1087 1458 Deo
1108 1403 1483 1459 esurientibus
1502 1401 1685 1456 datam
1717 1400 1784 1456 ad
1810 1398 2076 1455 delicato.

2179 486 2277 556 τῆς
2308 484 2606 549 δεξιώσεως
2638 485 2831 557 πέρας,
2880 484 2940 538 τὸ
2964 485 3115 556 παρὰ
3144 486 3242 557 τῆς
3279 489 3480 544 ἑκάστου
3516 499 3658 568 χρείας

2181 575 2290 628 τῶν
2311 575 2465 645 ἐπιδη
2476 575 2992 647 μούντωνδὲπιζητού
3001 593 3174 646 μενον.
3192 577 3286 645 Ὠς
3298 579 3544 649 χρώμενοι
3563 589 3660 659 γὰρ,

2182 665 2335 734 φησὶ,
2368 663 2449 729 τῷ
2463 665 2666 734 κόσμῳ
2677 666 2882 730 τούτῳ,
2911 665 3007 719 καί
3035 665 3121 734 μὴ
3138 668 3542 738 παραχρώμενοι
3560 676 3657 745 (72).

2178 755 2529 827 Παράχρησις
2570 754 2627 808 δέ
2661 758 2806 810 ἐστιν
2836 757 2870 826 ἠ
2913 756 3053 829 ὑπὲρ
3108 758 3207 830 τὴν
3257 760 3427 830 χρείαν
3478 763 3660 837 δαπάνη,

2178 847 2290 901 Οὐκ
2329 847 2526 918 ἔχομεν
2572 848 2868 918 χρήματα;
2917 848 3053 920 μηδὲ
3089 848 3320 919 ἔχοιμεν.
3361 853 3425 905 Οὐ
3461 855 3663 926 γέμουσιν

2177 937 2332 1009 ἡμῶν
2358 940 2412 991 αί
2445 938 2749 1008 ἀποθῆκαι;
2786 939 3094 1010 Ἐφήμερος
3126 941 3234 1013 γὰρ
3254 942 3356 1011 (75)
3384 944 3495 1014 ήμίν
3516 948 3544 1016 ἡ
3567 965 3662 1019 τρο-

2179 1031 2283 1100 φή-
2321 1029 2410 1084 διὰ
2442 1029 2640 1101 χειρῶν
2661 1031 2691 1084 ὁ
2729 1028 2862 1100 βίος.
2894 1029 2960 1082 Τί
3005 1026 3100 1084 οὖν
3139 1033 3238 1103 τὴν
3267 1032 3523 1105 δεδομένην
3552 1039 3667 1109 παρὰ

2176 1119 2313 1174 Θεοῦ
2354 1122 2560 1193 τροφὴν
2591 1124 2705 1185 τοῖς
2762 1121 3016 1176 πεινῶσιν
3059 1124 3138 1185 είς
3183 1123 3365 1193 ἡδονάς
3402 1126 3667 1197 τρυφώντων

2179 1212 2685 1283 παραναλίσκομεν;
2747 1213 3135 1286 ἀμφοτέρωθεν
3179 1216 3568 1285 ἁμαρτάνοντες,
3598 1220 3668 1272 καὶ

2176 1302 2385 1367 τούτοις
2435 1304 2794 1369 ἐπιτείνοντες
2837 1305 2937 1370 τὰς
2982 1308 3045 1359 ἐκ
3102 1306 3198 1378 τῆς
3252 1305 3440 1372 ἐνδείας
3481 1308 3666 1379 θλίψεις,

2179 1395 2452 1460 κάκείνοις
2471 1396 2569 1461 τὰς
2604 1398 2803 1469 βλάϐας
2830 1399 2929 1463 τάς
2949 1400 3016 1452 ἐκ
3039 1398 3134 1453 τοῦ
3158 1399 3335 1470 κόρου.

503 1509 624 1549 rum
678 1495 1006 1564 voluptatem
1057 1492 1425 1548 insumimus?
1483 1493 1540 1546 in
1611 1505 1721 1562 quo
1780 1501 2074 1561 peccamus
2131 1487 2427 1556 utrinque,
2477 1501 2602 1543 cum
2661 1496 2716 1542 et
2764 1489 2874 1544 illis
2901 1490 3158 1562 egestatis
3203 1491 3482 1561 angustias,
3531 1501 3575 1549 et
3607 1494 3671 1549 his

503 1591 771 1650 satietatis
797 1588 1140 1643 incommoda
1165 1603 1482 1658 augeamus.

833 1697 997 1769 336
1037 1692 1550 1750 INTERROGATIO
1583 1692 1724 1749 XXI.

505 1791 776 1863 Quomodo
825 1797 1061 1863 oporteat
1100 1806 1155 1843 se
1198 1804 1372 1859 gerere
1405 1786 1857 1863 inter_sedendum
1893 1793 1943 1839 et
1988 1801 2071 1839 ac-

632 1857 976 1918 cumbendum
1012 1860 1069 1912 in
1107 1857 1334 1928 tempore
1370 1857 1585 1928 prandii
1622 1867 1715 1911 aut
1749 1870 1927 1911 scenda.

1084 1970 1489 2026 RESPUNSIO.

571 2064 1024 2136 Quandoquidem
1067 2062 1281 2118 Domini
1315 2079 1417 2119 nos
1451 2063 1652 2135 ubique
1685 2062 1754 2118 ad
1794 2063 2072 2118 humilita-

502 2172 610 2216 tem
653 2155 1069 2215 assuefacientis
1111 2163 1440 2227 praeceptum
1476 2166 1579 2221 est,
1615 2165 1675 2211 ut
1706 2164 1762 2212 et
1801 2157 1858 2211 in
1905 2170 2072 2227 pran-

500 2252 607 2307 diis
647 2249 1033 2305 accumbentes
1059 2255 1396 2317 postremum
1445 2246 1627 2305 locum
1659 2262 1994 2317 occupemus
2025 2247 2069 2313 ',

501 2354 725 2397 necesse
758 2346 843 2394 est
885 2336 959 2402 ei,
1013 2337 1111 2406 qui
1149 2335 1335 2391 omnia
1394 2335 1551 2406 juxta
1582 2337 1903 2392 mandatum
1945 2352 2073 2408 per-

502 2444 660 2500 agere
692 2428 892 2491 studet,
921 2442 991 2482 ne
1016 2426 1122 2481 hoc
1162 2425 1381 2497 quidem
1413 2434 1746 2498 praeceptum
1777 2428 2069 2500 negligere.

501 2520 868 2588 Quamobrem
916 2519 965 2575 si
1002 2516 1268 2573 mundani
1315 2518 1485 2588 aliqui
1524 2519 1818 2574 nobiscum
1862 2535 2076 2576 accum-

503 2616 654 2681 bant,
688 2612 804 2667 fieri
848 2626 950 2667 nos
986 2610 1068 2666 eis
1116 2610 1171 2664 in
1211 2610 1315 2665 hac
1361 2610 1527 2666 etiam
1573 2620 1728 2682 parte
1764 2612 2072 2683 exemplum

507 2721 606 2776 par
639 2713 743 2768 est,
776 2711 838 2758 ut
876 2718 987 2757 non
1017 2702 1370 2767 extollantur,
1404 2718 1581 2773 neque
1624 2703 1857 2773 primam
1887 2703 2073 2759 sedem

502 2795 845 2866 perquirant.
908 2790 1046 2847 Cum
1099 2802 1277 2848 autem
1336 2808 1527 2849 omnes
1585 2794 1703 2864 pari
1742 2793 1972 2852 consilio
2018 2794 2075 2848 in

506 2898 674 2938 unum
702 2889 922 2945 coeant,
956 2889 1016 2934 ut
1045 2880 1301 2937 videlicet
1328 2882 1523 2953 quavis
1544 2883 1834 2939 occasione
1854 2882 2074 2954 aliquod

504 2988 619 3030 sua:
650 2972 979 3028 humilitatis
1010 2972 1286 3042 specimen
1317 2972 1471 3037 dent,
1498 2972 1679 3027 locum
1704 2974 1921 3043 quidem
1950 2975 2076 3028 ulti-

504 3081 653 3120 mum
702 3080 771 3120 ex
829 3063 1045 3120 Domini
1118 3063 1376 3120 mandato
1454 3079 1725 3135 occupare
1779 3064 2077 3136 unicuique

503 3156 760 3213 convenit
790 3175 806 3212 :
835 3155 932 3212 sed
966 3163 1148 3210 tamen
1180 3156 1227 3211 si
1262 3156 1330 3210 ad
1368 3171 1492 3212 eum
1526 3157 1819 3211 tenendum
1853 3165 2079 3214 conten-

500 3251 678 3306 tiosus
714 3248 863 3304 fieret
909 3248 1201 3319 impulsus,
1238 3247 1508 3317 ejusmodi
1547 3249 1743 3319 agendi
1791 3251 1933 3305 ratio
1976 3252 2079 3305 im-

504 3339 788 3411 probanda
837 3350 1007 3404 esset,
1061 3346 1322 3410 tanquam
1367 3355 1490 3410 quae
1544 3342 2075 3412 evertatordinem,

504 3431 906 3502 tumultumque
955 3429 1164 3485 afferat.
1213 3429 1485 3488 Praeterea
1531 3433 1576 3489 si
1616 3434 1755 3490 alter
1793 3433 1945 3489 alteri
1985 3450 2077 3491 ce-

504 3524 632 3579 dere
661 3523 940 3590 nolumus,
979 3533 1142 3594 atque
1179 3524 1247 3579 de
1291 3523 1396 3580 hoc
1430 3540 1755 3596 pugnamus,
1794 3526 1867 3581 ita
1896 3526 1964 3583 iis
1984 3527 2078 3599 qui

506 3613 573 3669 de
605 3615 852 3686 principe
886 3616 1008 3673 loco
1037 3622 1276 3682 certant,
1313 3617 1522 3673 similes
1549 3616 1857 3674 efficiemur.
1900 3618 2080 3686 Quare

505 3713 559 3761 et
604 3706 692 3762 hic
738 3722 958 3778 quoque
1004 3708 1302 3779 prudenter
1360 3719 1753 3780 cognoscentes
1804 3720 2081 3768 curantes-

506 3816 611 3870 que
654 3799 803 3870 quod
849 3799 1007 3856 nobis
1048 3800 1307 3855 decorum
1344 3799 1533 3865 fuerit,
1575 3803 1954 3860 accubationis
1989 3820 2081 3860 or-

506 3895 689 3948 dinem
740 3880 1055 3964 permittere
1111 3893 1377 3948 debemus
1427 3894 1758 3964 excipientis
1814 3896 2076 3963 arbitrio,

506 3982 957 4054 quemadmodum
993 3984 1313 4038 submonuit
1350 3993 1402 4038 et
1442 3984 1726 4050 Dominus,
1770 4002 1894 4041 cum
1944 3987 2081 4042 dixit

505 4075 776 4145 pertinere
806 4074 874 4129 ad
915 4073 1361 4145 patremfamilias
1398 4075 1659 4131 harumce
1688 4093 1870 4133 rerum
1905 4077 2083 4149 dispo-

508 4170 759 4223 sitionem
815 4168 879 4220 ¹⁰.
941 4166 1033 4221 Sic
1087 4168 1233 4221 enim
1286 4174 1341 4221 et
1390 4181 1493 4222 nos
1555 4168 1787 4224 invicem
1842 4169 2082 4240 perfere-

510 4274 635 4315 mus
684 4260 740 4314 in
792 4258 1110 4324 dilectione,
1159 4258 1388 4315 honeste
1438 4260 1621 4315 omnia
1667 4268 1721 4316 et
1774 4262 2080 4318 secundum

2569 1738 2573 1742 .
2705 1694 3040 1749 ΕΡΩἸἩΣΙΣ
3086 1696 3217 1750 KA'.

2172 1780 2307 1856 Πῶς
2334 1780 2431 1856 δεῖ
2449 1784 2582 1856 περί
2612 1783 2719 1856 τᾲς
2758 1784 3048 1853 καθέδρας
3084 1787 3184 1840 καὶ
3223 1787 3328 1854 τὰς
3359 1793 3676 1856 κατακλίσεις

2206 1853 2278 1906 ἐν
2303 1850 2384 1917 τῷ
2411 1850 2591 1922 καιρῷ
2617 1853 2736 1907 τῶν
2751 1850 3080 1925 ὰρίστὼνήῆ
3109 1850 3366 1912 δείπνων
3387 1859 3646 1931 ἐχειν-(74).

2761 1970 3152 2027 ΑΠΟΚΡῘΣΙΣ.

2257 2058 2475 2131 Ἐπειδὴ
2511 2060 2844 2132 πρόσταγμά
2891 2062 3006 2115 ἐστι
3036 2063 3245 2135 Κυρίου
3290 2065 3539 2137 πανταχοὺ
3575 2066 3678 2137 πρὸς

2172 2149 2272 2219 τὴν
2294 2150 2627 2204 ταπείνωσιν
2671 2151 2941 2217 ἐθίζοντος
2970 2155 3117 2225 ἡμᾶς
3159 2156 3222 2208 τὸ
3256 2155 3348 2210 καὶ
3397 2159 3448 2210 ὲν
3472 2160 3567 2220 τοῖς
3590 2157 3680 2229 ἀρίο

2176 2256 2322 2303 στοις
2366 2242 2860 2313 κατακλινομένους
2896 2244 2987 2298 τὸν
3016 2245 3245 2318 ἔσχατον
3271 2248 3427 2301 τόπον
3463 2265 3679 2319 προκατα-

2172 2330 2491 2401 λαμϐάνειν,
2520 2334 2733 2405 ἀνάγκη
2787 2335 2877 2388 τὸν
2921 2335 3098 2390 πάντα
3150 2340 3271 2392 κατ’
3310 2339 3509 2410 ἐντολὴν
3548 2341 3680 2392 ποιεῖν

2175 2422 2543 2477 ἐσπουδακότα
2571 2424 2705 2495 μηδὲ
2737 2424 2896 2479 τοῦτο
2919 2429 3162 2501 παρορᾲν
3190 2429 3255 2482 τὸ
3283 2430 3589 2501 πρόσταγμα.
3611 2430 3683 2482 ’Δν

2177 2512 2275 2583 μὲν
2302 2509 2395 2568 οὖν
2421 2516 2673 2585 κοσμικοί
2701 2532 2848 2579 τινες
2879 2518 3014 2587 ἡμῖν
3041 2521 3550 2588 συγκατακλίνωνται
3578 2518 3682 2590 (Ἱὸ).

2174 2604 2479 2675 ὑπόδειγμα
2517 2606 2704 2669 αὐτοῖς
2737 2606 2875 2677 πρὸς
2912 2607 2972 2661 τὸ
3020 2610 3094 2679 μὴ
3140 2611 3543 2685 ὑπεραίρεσθαι,
3582 2612 3685 2682 μηδὲ

2174 2695 2237 2748 τὸ
2266 2695 2605 2767 φιλόπρωτον
2635 2695 2934 2769 ἐπιζητεῖν,
2967 2702 3062 2754 καὶ
3090 2703 3155 2755 ὲκ
3196 2703 3386 2757 τούτου
3412 2702 3495 2757 τοὺ
3531 2703 3684 2775 μέρους

2177 2787 2423 2856 γίνεσθαι
2455 2789 2602 2861 ἡμᾶς
2633 2791 2919 2862 προσήκει.
2945 2791 3118 2846 Ὅπου
3156 2793 3220 2848 δὲ
3250 2794 3443 2859 πάντες
3478 2795 3596 2848 κατά
3620 2793 3689 2845 τὸν

2180 2877 2292 2932 ἴσον
2326 2880 2526 2933 σκοπὸν
2566 2880 2939 2952 συνέρχονται,
2980 2881 3120 2938 ὥστε
3150 2887 3213 2939 ὲν
3248 2887 3406 2940 παντὶ
3436 2884 3586 2958 καιρῷ
3615 2883 3689 2956 τὴν

2177 2971 2405 3044 δοκιμὴν
2425 2972 2522 3043 τῆς
2548 2974 3048 3048 ταπεινοφροσύνης
3079 2979 3292 3034 ἑαυτῶν
3312 2979 3496 3034 διδόναι
3516 2978 3625 3049 (76),
3646 2979 3693 3030 τὸ

2182 3063 2282 3134 μὲν
2313 3064 2864 3137 προκαταλαμϐάνειν
2894 3067 2984 3120 τὸν
3014 3068 3246 3139 ἔσχατον
3277 3072 3436 3125 τόπον
3474 3069 3594 3125 κατὰ
3617 3068 3692 3140 τὴν

2178 3155 2397 3226 ἐντολὴν
2424 3154 2519 3208 τοῦ
2573 3156 2778 3228 Κυρίου
2829 3158 3043 3230 ἑκάστῳ
3083 3160 3401 3216 ἐπιϐάλλον
3434 3162 3491 3216 τό
3527 3178 3579 3230 γε
3614 3159 3694 3231 μὴν

2179 3245 2341 3301 πάλιν
2371 3247 2685 3317 φιλονείκως
2716 3250 2843 3323 περὶ
2870 3249 3057 3306 τοῦτον
3091 3253 3445 3308 συνωθεῖσθαι
3468 3255 3691 3323 ἀδόκιμον,

2178 3335 2255 3402 ὡς
2301 3339 2642 3411 ἀναιρετικὸν
2685 3340 2786 3411 τῆς
2831 3343 3082 3411 εὐταξίας
3134 3348 3235 3399 καὶ
3289 3346 3505 3419 θορύϐου
3545 3345 3694 3397 αἴτιον.

2178 3430 2288 3483 Καὶ
2339 3430 2399 3484 τὸ
2451 3431 2586 3503 πρὸς
2618 3431 2883 3505 ἀλλήλους
2934 3435 2991 3489 δὲ
3036 3437 3336 3503 ἀνενδότως
3360 3439 3519 3509 ἔχειν,
3560 3435 3635 3490 καὶ
3671 3436 3695 3503 ἡ

2181 3521 2312 3594 περὶ
2338 3521 2528 3577 τούτου
2563 3523 2732 3596 μάχη,
2779 3526 2997 3598 ὁμοίους
3033 3532 3188 3599 ἡμᾶς
3230 3533 3443 3602 ποιήσει
3480 3532 3578 3593 τοῖς
3602 3527 3700 3596 περὶ

2182 3615 2465 3685 πρωτείων
2495 3616 2876 3685 φιλονεικοῦσι.
2906 3620 3106 3693 Διόπερ
3135 3625 3246 3696 χρὴ
3287 3625 3379 3677 καὶ
3417 3621 3636 3683 ἐνταῦθα,
3655 3618 3701 3669 τὸ

2158 3706 2390 3777 ,πρέπον
2412 3710 2445 3780 ἡ
2454 3711 2546 3779 μίν
2573 3713 3058 3783 περιεσκεμμένως
3081 3717 3452 3790 γνωρίζοντας
3477 3713 3559 3770 καὶ
3581 3728 3705 3767 σπουο

2180 3800 2456 3867 δάζοντας,
2486 3804 2802 3877 ἐπιτρέπειν
2846 3807 2925 3878 τῷ
2971 3809 3361 3882 ὑποδεχομένῳ
3396 3810 3483 3863 καὶ
3514 3807 3599 3878 τὴν
3623 3805 3702 3873 τῆς

2182 3891 2559 3957 κατακλίσεως
2591 3895 2764 3962 τάξιν,
2794 3898 2939 3952 καθὰ
2969 3900 3062 3954 καὶ
3093 3902 3125 3954 ὁ
3163 3902 3372 3974 Κύριος
3404 3900 3623 3961 ὑπέθετο,
3646 3893 3706 3965 τῷ

2180 3983 2535 4057 οἰκοδεσπότῃ
2572 3991 2867 4061 προσήκειν
2903 3990 3072 4045 είπὼν
3112 3994 3216 4066 τὴν
3248 3995 3377 4066 περὶ
3404 3992 3588 4047 τούτων
3615 3989 3702 4041 δια-

2180 4075 2372 4141 ταγήν.
2396 4074 2552 4129 Οὕτω
2578 4076 2686 4149 γὰρ
2723 4080 2815 4132 καὶ
2846 4080 3148 4153 ἀνεξόμεθα
3182 4083 3427 4157 ἀλλήλων
3453 4084 3507 4138 ὲν
3536 4079 3703 4150 ἀγάπῃ.

2183 4163 2359 4217 πάντα
2402 4165 2752 4237 εὐσχημόνως
2781 4170 2874 4223 καὶ
2922 4172 3064 4225 κατὰ
3093 4173 3255 4239 τάξιν
3301 4173 3591 4235 ποιοῦντεςσ
3635 4169 3707 4222 καὶ

2182 4256 2243 4309 οὐ
2272 4256 2406 4326 πρὸς
2440 4256 2662 4326 ἔνδειξιν
2687 4260 2795 4314 τῶν
2825 4261 3055 4324 πολλῶν,
3084 4263 3215 4319 οὔτε
3242 4259 3705 4339 δημοκοπικῶςίπ)

510 4351 757 4409 ordinem
802 4350 1062 4406 facientes
1092 4368 1111 4405 :
1136 4361 1192 4405 et
1228 4349 1363 4405 illud
1404 4350 1927 4421 demonstrabimus,
1978 4370 2076 4411 nos

2181 4346 2277 4419 τὴν
2309 4352 2804 4424 ταπεινοφροσύνην
2847 4354 3191 4427 ἐπιτηδεύειν
3227 4357 3318 4412 διὰ
3345 4359 3442 4429 τῆς
3478 4354 3709 4413 ὰνενδὸτου

510 4460 618 4501 non
659 4445 727 4500 ad
781 4442 1084 4499 faciendam
1146 4457 1333 4497 coram
1389 4444 1578 4500 multis
1629 4448 2071 4513 ostentationem,

510 4553 685 4610 neque
727 4535 795 4590 ad
826 4535 1138 4607 popularem
1168 4534 1398 4606 gratiam
1435 4534 1823 4592 demerendam
1856 4538 2078 4593 humili-

509 4641 674 4687 tatem
714 4628 935 4694 sectari,
975 4643 1040 4683 ex
1081 4627 1354 4684 obstinata
1383 4644 1449 4683 ac
1493 4629 1799 4686 vehementi
1839 4640 2073 4689 conten-

509 4725 657 4779 tione
710 4742 725 4779 :
788 4721 922 4792 quin
970 4720 1153 4792 potius
1219 4720 1643 4791 obtemperando
1701 4725 2082 4782 exercebimus

510 4816 895 4870 humilitatem.
941 4812 1209 4867 Altercari
1274 4813 1419 4868 enim
1458 4813 1636 4884 majus
1684 4825 1769 4870 est
1815 4818 2085 4886 superbiae

511 4903 796 4969 indicium,
837 4915 1000 4973 quam
1058 4902 1291 4972 primam
1338 4901 1521 4957 sedem
1575 4904 1717 4960 inter
1763 4909 2090 4965 accumben-

509 4994 636 5048 dum
668 5002 874 5055 tenere,
899 5005 1021 5045 cum
1045 4989 1189 5060 jussi
1212 5004 1331 5044 eam
1363 4991 1755 5061 acceperimus.

576 5136 599 5168 '
639 5134 660 5189 1
695 5133 826 5189 Cor.
861 5148 968 5198 vn,
1004 5131 1091 5187 3i.
1171 5130 1340 5188 'Luc.
1378 5126 1490 5202 xiv,
1525 5133 1613 5189 10.
1692 5135 1738 5167 ⁸⁸
1768 5136 1900 5195 ibid.

580 5271 692 5349 (7‘2)
720 5270 874 5349 Regii
897 5269 1005 5349 duo
1027 5286 1161 5327 mss.
1194 5287 1317 5349 cum
1348 5271 1502 5328 Colb.
1532 5274 1605 5346 μὴ
1640 5277 2079 5349 καταχρώμενοι.

510 5340 793 5420 Alius'ms.
811 5340 1038 5420 '_Re_gius_
1058 5352 1113 5397 et
1153 5341 1421 5420 editiones
1459 5340 1666 5420 veteres
1706 5340 2078 5420 παραχρώμε-

509 5432 613 5478 vat,
637 5422 698 5490 et_
714 5413 789 5466 ita
817 5411 927 5481 legi
941 5412 1155 5490 debere
1184 5411 1444 5468 fatebitur
1474 5416 1565 5485 qui
1597 5411 2077 5490 sequentia'pa'ulo

511 5483 772 5540 attentius
800 5482 1184 5537 considerarit.

583 5553 695 5628 αὖ)
727 5551 932 5628 Vocula
965 5552 1073 5623 γάρ
1106 5551 1259 5609 deest
1289 5553 1347 5628 in
1377 5549 1533 5609 Colb.
1561 5563 1617 5610 et
1639 5556 1695 5628 in
1724 5555 1856 5628 Reg.
1879 5558 2078 5628 primo.

509 5623 562 5680 Is
593 5620 715 5692 ejus
756 5621 861 5692 loci
896 5620 1093 5677 sensus
1131 5630 1257 5692 est:
1289 5620 1407 5692 Non
1450 5635 1579 5678 sunt
1606 5620 2083 5683 referta'horrea?

513 5690 653 5762 Quid
684 5691 840 5747 tum?
874 5692 1007 5761 quid
1055 5690 1260 5748 refert?
1293 5691 1533 5749 Vivimus
1575 5695 1631 5750 in
1680 5696 1845 5755 diem.
1879 5697 2082 5770 Snﬂicit

2183 4441 2278 4493 καὶ
2308 4441 2542 4514 σφοδρᾶς
2569 4444 2878 4515 ἀντιλογίας
2909 4447 3157 4520 δείξομεν
3181 4464 3197 4478 '
3238 4450 3437 4522 μᾶλλον
3464 4450 3517 4504 δὲ
3543 4446 3618 4503 διὰ
3634 4445 3707 4514 τῆς

2183 4532 2491 4598 εὐπειθείας
2533 4534 2595 4588 τὸ
2622 4537 2873 4591 ταπεινὸν
2909 4538 3358 4612 κατορθώσομεν.
3403 4540 3591 4594 Πλείων
3627 4535 3710 4604 γὰρ

2185 4626 2250 4678 ἐκ
2276 4626 2375 4697 τῆς
2415 4626 2724 4697 ἀντιλογίας
2747 4631 2780 4701 ή
2803 4629 2901 4702 τῆς
2935 4631 3321 4702 ὑπερηφανίας
3354 4632 3593 4704 ἔμφασις,
3616 4625 3644 4697 ἦ
3664 4625 3711 4677 ἑκ

2182 4718 2283 4790 τῆς
2320 4720 2746 4790 πρωτοκλισίας,
2776 4722 2904 4777 ὅταν
2923 4722 2991 4776 ὲκ
3016 4725 3445 4797 προστάγματος
3473 4719 3620 4791 αὐτὴν
3638 4734 3713 4773 κα·

2184 4808 2560 4881 ταδεχώμεθα.

2188 5278 2535 5354 άίειζῃισέὶίία
2564 5294 2685 5354 δας.
2714 5277 2932 5354 (Hattlt.
2961 5297 3038 5344 vr,
3068 5283 3184 5354 54).

2254 5349 2366 5420 (14)
2400 5347 2533 5420 ﬁes.
2576 5352 2787 5418 primus
2816 5351 3052 5420 ἀρίστων
3080 5347 3178 5407 καὶ
3219 5354 3333 5409 τῶν
3360 5354 3591 5409 δείπνων.

2402 5418 2628 5474 Veteres
2653 5420 2764 5473 duo
2794 5418 2915 5474 libri
2948 5430 3002 5474 et
3034 5425 3171 5478 editi
3223 5423 3714 5496 συγκατακλίνονται.

2260 5506 2296 5542 ιι
2376 5505 2445 5542 uo
2471 5504 2604 5542 mss.
2635 5490 3198 5542 συγκατακλίνωνται-

2187 5490 2296 5544 Alii
2335 5490 2445 5543 duo
2471 5504 2604 5544 mss.
2635 5490 3198 5557 συγκατακλίνωνται.

2264 5559 2375 5635 (76)
2393 5557 2533 5635 Reg._
2552 5560 2760 5635 primus
2781 5568 2836 5613 et
2857 5560 3011 5615 Colb.
3036 5565 3217 5635 καιρῷ
3240 5567 3323 5629 είς
3340 5565 3500 5635 τήν...
3518 5559 3699 5622 ἑαυτούς

2190 5628 2303 5686 Vox
2341 5628 2572 5700 ἑαυτούς
2603 5629 2803 5699 legitur
2828 5645 3048 5700 quoque
3078 5628 3142 5687 in'
3161 5628 3363 5691 eodiCe
3385 5628 3573 5693 Vossii.

2259 5700 2371 5771 (77)
2405 5698 2559 5770 Regii
2588 5698 2863 5756 secundus
2880 5709 2932 5755 et
2954 5698 3152 5758 tertius
3181 5715 3243 5760 et
3262 5708 3528 5761 editiones
3553 5711 3717 5760 vetere!
