3948 6240
501 314 609 373 9τ9

1801 322 1857 376 S.
1893 322 1978 376 BA
1987 322 2071 378 Sil

2178 324 2405 381 MAG-Nl:
3574 324 3654 384 930

502 431 759 487 indecora
815 439 1198 504 contegantur,
1261 442 1316 491 et
1385 437 1590 493 auxilio
1642 439 1753 494 sint
1804 440 2069 497 adversus

2176 443 2379 513 σμένην
2411 436 2547 493 εἶναι
2574 438 2672 511 τὴν
2718 437 2934 509 χρῆσιν,
2977 436 3074 491 τοῦ
3107 453 3169 489 τε
3212 436 3317 507 (85)
3356 442 3659 509 περιστέλλειν

502 522 643 579 aeris
694 522 1056 578 incommoda.
1090 524 1359 591 Quoniam
1403 537 1585 583 autem
1629 539 1684 584 et
1723 531 1778 584 in
1823 531 1957 601 ipsis
1989 540 2070 588 te-

501 614 773 683 gumentis
811 614 915 668 alia
953 623 1081 671 sunt
1124 617 1356 671 multum
1398 620 1575 684 utilia,
1620 621 1729 675 alia
1768 623 1975 687 minus,
2003 638 2069 677 ea

500 718 621 774 quae
648 704 717 759 ad
747 704 932 777 plures
964 722 1095 762 usus
1135 710 1538 765 accommodari
1575 722 1957 784 possunt,.par
1985 721 2069 769 est

501 795 766 864 praeferri,
803 797 884 852 sic
919 805 979 851 ut
1026 814 1203 868 neque
1257 799 1487 855 lazdatur
1524 804 1863 872 paupertatis
1907 805 2068 870 ratio,

503 900 677 956 neque
715 887 821 940 alia
863 886 931 940 ad
983 890 1427 956 ostentationem,
1461 893 1569 947 alia
1610 894 1676 947 ad
1706 894 2068 950 domesticum

504 994 661 1034 usum
708 985 866 1049 parta
923 978 1245 1045 habeamus,
1298 996 1476 1051 neque
1520 998 1715 1039 rursus
1751 984 1856 1038 alia
1901 985 2070 1040 vesti-

499 1075 683 1124 menta
720 1068 831 1124 sint
861 1068 1078 1135 diurna,
1125 1071 1231 1125 alia
1266 1080 1533 1127 nocturna
1572 1092 1586 1128 :
1619 1074 1716 1129 sed
1757 1076 2072 1146 excogitan-

500 1161 604 1215 dus
650 1168 735 1216 cst
785 1170 951 1231 atque
997 1163 1399 1233 comparandus
1438 1181 1580 1221 unus
1628 1166 1827 1236 aliquis
1877 1167 2071 1237 hujus-

503 1248 647 1304 modi
678 1252 929 1315 vestitus,
960 1253 1056 1323 qui
1090 1253 1163 1307 ad
1194 1255 1379 1309 omnia
1407 1258 1566 1313 nobis
1600 1256 1847 1313 sufﬁcere
1872 1260 2066 1330 possit,

503 1347 615 1392 tum
656 1340 723 1394 ad
758 1340 1017 1396 decorum
1057 1355 1122 1396 ac
1164 1341 1453 1400 honestum
1505 1346 1743 1401 interdiu
1785 1351 2067 1414 amictum,

500 1440 618 1484 tum
667 1431 733 1486 ad
771 1435 1145 1488 necessarium
1189 1444 1353 1490 noctu
1403 1438 1928 1508 operimentum..Ex
1968 1440 2071 1495 hoc

502 1528 681 1576 autem
704 1522 990 1595 contingit,
1021 1533 1083 1580 ut
1109 1527 1252 1580 inter
1280 1541 1381 1581 nos
1411 1534 1466 1582 et
1498 1528 1703 1582 cultum
1727 1544 2070 1585 communem
2088 1552 2100 1565 ι

501 1609 818 1676 habeamus,
849 1612 1285 1699 et'Cbristianus
1331 1618 1489 1686 quasi
1527 1620 1789 1688 peculiari
1830 1620 2068 1691 quodam

503 1703 820 1759 charactere
868 1706 952 1760 vel
998 1722 1065 1761 ex
1112 1708 1232 1778 ipso
1286 1708 1606 1766 indumento
1649 1721 1889 1768 notetur.
1941 1712 2073 1781 Quae

2176 533 2333 605 ήμῶν
2357 533 2425 587 τὰ
2454 532 2760 603 ἀσχήμονα,
2792 530 2887 583 καὶ
2937 528 3033 582 τοῦ
3079 527 3380 600 ἀλεξήματα
3418 526 3532 585 εἰναι
3553 535 3654 605 πρὸς

2174 626 2273 695 τὴν
2301 622 2408 678 τῶν
2434 623 2611 694 ἀέρων
2651 620 2874 692 βλάϐην.
2919 621 3073 673 Ἐπεὶ
3103 619 3281 691 μέντοι
3328 622 3412 675 καὶ
3438 624 3487 675 ὲν
3516 626 3658 688 αὐτοῖς

2174 716 2384 780 τούτοις
2410 715 2481 770 τά
2511 717 2608 787 μὲν
2637 714 2755 768 ἐστι
2794 712 3149 785 πολύχρηστα
3168 713 3299 784 (86),
3323 716 3384 768 τὰ
3406 716 3455 769 δὲ
3486 718 3655 787 ﬁrma,

2175 806 2464 861 ἀκόλουθον
2486 806 2757 878 προτιμᾷν
2777 806 2875 858 ὅσα
2894 805 2987 858 ἐπὶ
3010 804 3259 867 πλείονας
3277 805 3499 860 ἕλκεσθαι
3517 808 3660 879 χρείας

2174 897 2429 959 δύναται,
2464 895 2605 949 ὥστε
2655 895 2819 967 μηδὲν
2845 895 2936 947 τὸν
2994 895 3091 965 τῆς
3127 894 3484 965 ἀκτημοσύνης
3523 913 3660 968 παρα-

2177 988 2510 1042 δλάπτεσθαι
2533 987 2692 1057 λόγον
2712 1003 2727 1018 ·
2769 987 2866 1041 καὶ
2897 985 2972 1058 μὴ
3011 985 3146 1039 ἄλλα
3184 986 3278 1057 μὲν
3310 982 3519 1041 εἶναιτὰ
3557 989 3662 1059 πρὸς

2176 1079 2432 1143 ἐπίδειξιν
2469 1081 2601 1150 ἡμῖν
2644 1077 3154 1151 παρεσκευασμένα,
3186 1076 3315 1131 ἄλλα
3351 1077 3402 1131 δὲ
3443 1080 3557 1149 πρὸς
3589 1080 3669 1150 τὴν

2177 1170 2295 1224 κατ’
2327 1164 2473 1223 οἷκον
2515 1169 2700 1241 χρείαν
2722 1185 2735 1198 ⁸
2790 1169 2886 1225 καὶ
2929 1170 3103 1223 ταῦτα
3152 1168 3307 1221 πάλιν
3340 1168 3484 1240 ἕτερα
3511 1170 3589 1239 μὲν
3612 1170 3663 1223 τὰ

2180 1260 2519 1332 μεθημερινὰ
2558 1261 2692 1330 (87),
2720 1261 2881 1332 ἕτερα
2926 1260 2982 1312 δὲ
3026 1258 3098 1312 τὰ
3134 1262 3192 1312 ἐν
3222 1262 3285 1330 τῇ
3317 1261 3455 1313 νυκτὶ
3487 1260 3663 1331 ἐπιϐλή-

2180 1346 2357 1423 ματα⁴
2400 1351 2535 1404 ἀλλὰ
2578 1353 2809 1405 ἐπινοεῖν
2857 1348 2975 1415 ἐνὸς
3024 1351 3263 1404 τοιούτου
3302 1350 3392 1422 τὴν
3432 1350 3608 1420 κτῆσιν,
3643 1351 3667 1404 ὂ

2177 1441 2313 1512 πρὸς
2334 1442 2510 1494 πάντα
2538 1442 2667 1512 ἡμῖν
2705 1440 2953 1513 ἐξαρκεῖν
2982 1440 3221 1503 δύναται,
3253 1441 3380 1511 πρός
3408 1458 3459 1493 τε
3496 1442 3574 1510 τὴν
3597 1442 3668 1493 εύ-

2179 1531 2423 1600 σχήμονα
2458 1532 2573 1602 μεθ’
2600 1531 2808 1604 ἡμέραν
2841 1531 3132 1604 περιϐολὴν
3161 1532 3256 1586 καὶ
3284 1533 3407 1604 πρδς
3436 1533 3519 1604 τὴν
3540 1533 3667 1600 ἀναγ.

2178 1617 2337 1671 καίαν
2366 1619 2423 1671 ὲν
2456 1621 2523 1691 τῇ
2560 1620 2734 1674 νυκτί.
2784 1621 2877 1673 Ἐκ
2927 1621 2984 1674 δὲ
3025 1619 3215 1674 τούτου
3266 1620 3521 1691 συμϐαίνει
3559 1623 3669 1691 ἡμᾶς

2178 1707 2272 1759 καὶ
2291 1705 2369 1777 τῷ
2397 1708 2632 1778 σχήματι
2660 1710 2935 1762 κοινωνεῖν
2968 1709 3238 1781 ἀλλήλοις,
3264 1709 3354 1763 καὶ
3373 1711 3517 1762 οἰονεί
3539 1727 3669 1778 χαρα-

503 1793 646 1847 enim
690 1794 757 1848 ad
804 1810 971 1851 unum
1004 1804 1059 1851 et
1096 1797 1348 1853 eumdem
1398 1799 1560 1855 linem
1608 1809 1877 1870 spectant,
1914 1818 1979 1859 ea
2021 1814 2071 1860 ut

2177 1797 2355 1868 κτῆρά
2390 1815 2509 1852 τινα
2537 1797 2805 1862 ἰδιάζοντα
2831 1801 2925 1854 καὶ
2948 1803 3012 1854 ἐκ
3044 1801 3137 1855 τοῦ
3175 1800 3454 1872 ἐνδύματος
3476 1800 3542 1871 τῷ
3569 1801 3671 1870 Χρι-

505 1885 796 1949 plurimum
824 1887 1068 1942 eamdem
1101 1888 1245 1944 inter
1277 1905 1335 1945 se
1366 1890 1597 1946 formam
1630 1901 1873 1948 servant.

571 2079 625 2134 3.
667 2080 843 2150 Atque
889 2083 1052 2137 etiam
1088 2085 1153 2138 in
1191 2100 1257 2141 eo
1297 2085 1463 2142 utilis.
1496 2096 1589 2143 est
1627 2090 1920 2159 peculiaris
1955 2091 2071 2147 haec

503 2172 739 2227 amictus
793 2172 969 2239 ratio,
1026 2175 1173 2245 quod
1233 2180 1560 2248 praenuntiet
1600 2197 2069 2255 unumquemque,

501 2280 567 2320 ac
617 2266 742 2321 vita:
800 2270 1103 2323 secundum
1162 2267 1333 2327 Deum
1374 2272 1527 2328 'actav:
1570 2274 1966 2344 professionem
2016 2278 2072 2332 in

501 2363 849 2414 antecessura
892 2359 1140 2416 declaret
1175 2381 1189 2417 :
1228 2378 1351 2433 qua
1388 2379 1479 2420 res
1510 2363 1641 2421 facit
1672 2374 1733 2421 ut
1761 2367 1866 2437 qui.
1884 2367 2075 2424 nobis»

502 2468 627 2506 cum
674 2458 1003 2521 versantur,
1036 2457 1426 2511 convenientes
1468 2471 1534 2510 ac
1588 2470 1859 2527 congruas
1908 2457 2074 2530 368

504 2545 752 2601 actiones
783 2560 814 2599 a
844 2546 1005 2603 nobis
1032 2547 1272 2618 exigant.
1307 2545 1626 2603 lndecorum
1657 2548 1801 2602 enim
1831 2558 1886 2604 et
1912 2549 2073 2603 iulio-

501 2644 717 2692 nestum
771 2651 882 2692 non
920 2653 1077 2709 aeque
1121 2640 1176 2692 in
1227 2639 1542 2694 hominibus
1591 2639 1864 2703 obscuris,
1910 2647 2073 2710 atque

502 2727 558 2780 in
612 2728 682 2783 iis
721 2729 823 2799 qui
855 2743 1055 2800 magna
1101 2729 1446 2799 profitentur,
1498 2739 1742 2801 apparet.
1794 2731 2070 2786 Plebeium

500 2817 645 2870 enim
684 2824 779 2871 aut
822 2816 1115 2873 obscurum
1150 2818 1459 2889 quempiam
1507 2818 1783 2874 hominem
1830 2818 2073 2890 infligen-

502 2914 613 2961 tem
656 2908 881 2979 plagas,
940 2917 1037 2964 aut
1087 2910 1319 2980 publice
1358 2910 1752 2980 accipientem,
1798 2920 1854 2965 et
1905 2925 2071 2967 voces

501 3000 769 3055 obscenas
800 3001 1175 3068 emittentem,.
1191 3009 1246 3055 et
1289 3001 1345 3057 in
1375 3001 1618 3057 tabernis
1646 3010 1978 3067 versantem,
2016 3009 2072 3056 et

505 3090 611 3145 alia
658 3090 714 3145 id
763 3107 938 3163 genus
983 3092 1241 3149 indecore
1297 3104 1668 3164 peragentem,
1706 3107 1869 3148 nemo
1912 3092 2071 3149 facile

505 3182 820 3248 attenderit,
854 3198 978 3238 cum
1015 3181 1157 3238 facta
1202 3183 1296 3237 illa
1338 3183 1594 3239 universo
1620 3182 1743 3238 vita:
1774 3182 1951 3254 ipsius
1982 3184 2069 3238 in-

503 3275 705 3329 stituto
734 3274 1025 3328 convenire
1084 3273 1352 3344 intelligat
1407 3292 1423 3329 :
1471 3272 1567 3329 sed
1619 3273 1712 3343 qui
1765 3271 2069 3344 perfectum

501 3367 626 3421 vitae
654 3380 827 3437 genus
850 3364 1153 3434 profitetur.
1178 3366 1225 3422 si
1246 3365 1383 3437 quid
1402 3365 1486 3421 vel
1512 3364 1796 3419 minimum
1821 3365 2072 3435 neglexe-

502 3457 576 3510 rit
607 3471 795 3513 eorum
829 3472 949 3527 quae
977 3455 1145 3511 officii
1183 3465 1330 3520 sunt,
1356 3456 1501 3512 hunc
1528 3471 1721 3511 omnes
1751 3456 2067 3521 observant,

503 3549 717 3619 ipsique
754 3549 809 3604 id
854 3547 1042 3620 probri
1084 3548 1215 3604 loco
1242 3548 1531 3619 objiciunt,
1574 3562 1639 3602 ac
1682 3546 1893 3603 faciunt
1922 3546 2070 3618 quod

501 3643 706 3696 dictum
753 3648 839 3696 est
869 3660 882 3696 :
916 3639 1167 3697 Conversi
1206 3640 1506 3710 dirumpent
1532 3657 1621 3695 vos
1660 3639 1724 3695 ¹⁸.
1760 3638 1939 3706 Quare
1965 3639 2070 3694 bac

504 3734 1032 3804 cultus-habitusque
1066 3731 1422 3803 professione,
1451 3739 1708 3802 tanquam
1741 3732 2070 3785 documento

504 3820 764 3889 quodam,
805 3835 835 3874 a
863 3821 1009 3876 vitiis
1039 3820 1370 3875 infirmiores
1403 3830 1659 3875 arcentur
1685 3820 1767 3874 vel
1792 3819 1967 3873 inviti.
2002 3819 2072 3874 Ut

502 3910 669 3981 igitur
701 3910 757 3964 in
797 3911 998 3966 vestitu
1031 3910 1322 3981 peculiaris
1342 3909 1562 3980 quidam
1603 3918 1685 3965 est
1718 3920 1946 3965 ornatus
1976 3909 2071 3963 mi-

506 4001 637 4068 litis,
672 4001 814 4057 alius
867 4002 1164 4066 senatoris,
1207 4001 1349 4056 alius
1393 4002 1645 4065 alterius,
1690 4017 1754 4057 ex
1781 4003 1981 4072 quibus
2009 4008 2072 4056 ut

504 4091 800 4159 plurimum
851 4091 1231 4160 conjectantur
1285 4090 1531 4161 ipsorum
1583 4092 1879 4162 dignitates
1926 4110 1939 4144 :
1995 4093 2069 4147 ita

504 4197 722 4252 quoque
764 4181 1136 4238 Christianum
1183 4182 1385 4238 habere
1427 4183 1513 4238 vel
1564 4182 1621 4237 in
1669 4184 1871 4239 vestitu
1905 4199 2070 4255 pecu-

505 4276 641 4330 liare
674 4273 957 4344 quiddam,
988 4290 1099 4344 quo
1131 4275 1365 4330 traditus
1408 4276 1477 4329 ab
1497 4274 1757 4345 Apostolo
1786 4276 2069 4331 modestus

504 4373 733 4422 ornatus
774 4372 1148 4429 conservetur,
1180 4380 1278 4435 par
1304 4373 1388 4420 est
1417 4374 1471 4421 et
1499 4367 1781 4422 decorum.
1814 4366 1918 4433 Qui
1946 4367 2071 4438 qui-

2176 1885 2373 1956 στιανῷ
2418 1887 2746 1941 ἐπικεῖσθαι.
2792 1887 2874 1940 Τὰ
2918 1887 3027 1960 γάρ
3060 1889 3195 1961 πρὸς
3240 1890 3334 1943 ἕνα
3369 1889 3542 1942 σκοπὸν
3579 1905 3674 1942 συν·

2170 1973 2413 2029 τείνοντα
2444 1975 2519 2038 ὣς
2548 1974 2618 2028 τά
2640 1975 2753 2045 (88)
2782 1975 2955 2031 πολλὰ
2990 1979 3164 2032 ταυτά
3185 1980 3331 2031 ἐστιν
3357 1977 3594 2048 ἀλλήλοις.

2241 2088 2296 2141 3.
2328 2089 2610 2160 Χρήσιμον
2634 2090 2692 2143 δὲ
2712 2092 2886 2145 καὶτὸ
2909 2094 2973 2146 ὲκ
2995 2093 3095 2163 τῆς
3122 2093 3349 2164 ἐσθῆτος
3379 2093 3551 2163 ἰδίωμα
3572 2108 3677 2162 προή

2171 2179 2543 2252 κηρυττούσης
2585 2180 2839 2245 ἕκαστον,
2882 2183 2976 2236 κα).
3024 2182 3600 2256 προδιαμαρτυρομένης
3631 2183 3676 2234 τδ

2172 2269 2495 2342 ἐπάγγελμα
2521 2272 2623 2342 τῆς
2663 2273 2807 2327 κατὰ
2851 2272 2984 2328 Θεὸν
3023 2273 3204 2346 ζωῆς·
3260 2275 3395 2328 ὥστε
3441 2271 3677 2328 ἀκῶωυθον

2171 2360 2267 2414 καὶ
2312 2360 2411 2432 τὴν
2462 2360 2660 2432 πρᾶξιν
2710 2361 2862 2434 παρὰ
2913 2361 3020 2416 τῶν
3078 2364 3529 2436 συντυγχανόντων
3575 2364 3676 2431 ἡμῖν

2171 2450 2539 2506 ἀπαιτεῖσθαι.
2575 2453 2649 2505 Οὐ
2677 2451 2786 2524 γὰρ
2815 2452 3016 2523 ὁμοίως
3054 2452 3117 2507 τὸ
3145 2455 3394 2522 ἀπρεπὲς
3428 2453 3511 2507 καὶ
3543 2453 3677 2520 ἄσχη-

2175 2560 2273 2614 μον
2297 2545 2354 2595 ὲν
2373 2545 2485 2607 τοῖς
2511 2544 2734 2615 τυχοῦσι
2755 2547 2850 2600 καὶ
2876 2546 2932 2599 ὲν
2957 2549 3069 2610 τοῖς
3093 2546 3306 2618 μεγάλα
3324 2546 3428 2618 (89)
3450 2546 3685 2615 ὑπισχνου-

2174 2633 2355 2704 μένοις
2392 2634 2749 2703 διαφαίνεται.
2792 2637 3045 2708 Δημότην
3091 2639 3189 2707 μὲν
3238 2639 3364 2710 γὰρ,
3403 2639 3563 2710 ῆτινα
3597 2635 3677 2687 τῶν

2169 2725 2438 2795 τυχόντων
2482 2725 2692 2781 διδόντα
2740 2727 2953 2801 πληγὰς
2989 2729 3022 2801 ἢ
3072 2729 3415 2803 λαμϐάνοντα
3463 2727 3686 2800 δημοσίᾳ,

2169 2818 2264 2870 καὶ
2296 2816 2479 2886 φωνὰς
2523 2819 2792 2889 ἀπρεπεῖς
2856 2819 3118 2888 ἀφιέντα,
3169 2822 3267 2875 καὶ
3315 2824 3371 2875 ἐν
3419 2817 3679 2888 καπηλείοις

2168 2906 2551 2978 διαιτώμενον,
2594 2910 2688 2963 καὶ
2734 2910 2869 2965 ἄλλα
2916 2912 3276 2984 παραπλήσια
3319 2911 3509 2975 τούτοις
3548 2910 3683 2979 arms

2174 2996 2454 3068 μονοῢντα,
2496 3001 2596 3053 οὐκ
2640 3000 2705 3055 ἄν
2743 3018 2828 3064 τις
2869 2987 3066 3074 ῥᾳδίως
3107 3004 3233 3058 οὐδὲ
3279 3002 3679 3076 παρατηρήσειεν,

2173 3089 2439 3145 ἀκόλουθα
2478 3087 2617 3146 εἶναι
2650 3095 2715 3164 τῇ
2758 3094 2856 3167 ὅλῃ
2884 3096 3209 3166 προαιρήσει
3244 3094 3338 3147 τοῦ
3374 3093 3476 3165 βίου
3502 3089 3685 3144 καταδε-

2173 3182 2398 3253 χόμενος
2427 3183 2496 3237 τά
2540 3184 2799 3254 γινόμενα
2819 3201 2832 3216 σ
2878 3186 2971 3238 τὸν
3001 3185 3059 3238 δὲ
3089 3187 3148 3239 ὲν
3186 3186 3544 3255 ὲπαγγέλματι
3563 3183 3684 3248 ἀκρι-

2172 3272 2343 3336 ϐείας,
2368 3273 2473 3327 κᾶν
2496 3274 2556 3327 τὸ
2578 3275 2736 3347 τυχὸν
2764 3275 2966 3347 παρίδῃ
2996 3276 3104 3330 τῶν
3136 3276 3497 3348 καθηκόντων,
3526 3271 3682 3329 πάντες

2171 3360 2511 3432 ὲπιτηροῦσι,
2539 3364 2633 3417 καὶ
2661 3364 2775 3416 ἀντ’
2802 3364 3037 3428 ὀνείδους
3062 3364 3214 3436 αὐτῷ
3253 3365 3561 3437 προφέρουσι
3582 3359 3691 3426 (9οὴ

2172 3452 2451 3517 ποιοῦντες
2479 3453 2541 3507 τὸ
2577 3454 2863 3526 εἰρημένον
2891 3457 2995 3521 ὅτι,
3039 3457 3408 3527 Στραφέντες
3432 3452 3686 3524 ρήξουσιν

2169 3540 2347 3611 ὑμᾶς.
2375 3543 2536 3598 Ὥστε
2578 3546 2740 3599 οἱονεὶ
2771 3546 3114 3616 παιδαγωγία
3152 3549 3243 3613 τίς
3287 3551 3402 3602 ἐστι
3438 3548 3539 3607 τοῖς
3564 3540 3686 3595 ἀσθε-

2170 3634 2463 3705 νεστέροις,
2490 3636 2624 3707 πρὸς
2643 3636 2706 3689 τὸ
2729 3638 2821 3690 καὶ
2840 3637 3071 3703 ἄκοντας
3095 3640 3299 3704 αὐτοὺς
3330 3637 3436 3692 άπὸ
3466 3629 3685 3699 τῶνφαῷ

2170 3723 2277 3777 λων
2301 3724 2603 3797 εἴργεσθαι,
2629 3730 2663 3798 ἡ
2693 3728 2782 3781 διὰ
2807 3728 2902 3782 τοῦ
2948 3731 3229 3801 σχήματος
3268 3726 3555 3797 ἐπαγγελία
3581 3719 3686 3793 (9η-

2184 3816 2270 3880 Ὠς
2301 3812 2393 3871 οὖν
2424 3819 2539 3873 ἐστι
2580 3836 2633 3873 τι
2674 3819 3019 3892 στρατιώτου
3050 3822 3179 3877 [διον
3225 3825 3284 3877 ἐν
3333 3822 3409 3893 τῷ
3453 3818 3684 3886 ὲνδύματι.

2170 3910 2265 3961 καὶ
2289 3908 2416 3963 ἄλλο
2446 3910 2545 3964 τοῦ
2568 3911 2928 3983 συγκλητικοῦ
2950 3955 2964 3979 ,
2996 3914 3091 3968 καὶ
3122 3913 3256 3969 ἄλλο
3288 3913 3444 3969 ἄλλου
3464 3951 3490 3975 ,Α
3521 3909 3598 3976 ἀφ’
3629 3897 3687 3957 ὧν

2170 3998 2447 4064 εἰκάζεται
2475 4003 2673 4068 αὐτῶν,
2699 4004 2774 4069 ὡς
2808 4006 2902 4059 ἐπὶ
2924 4006 2985 4059 τὸ
3017 4007 3293 4071 πλεῖστον,
3328 4006 3395 4060 τά
3430 3999 3683 4069 ἀξιώματα.

2169 4091 2343 4156 οὕτως
2367 4090 2508 4148 εἷναί
2551 4113 2673 4150 τινα
2722 4100 2820 4151 καὶ
2856 4098 3186 4169 Χριστιανοῦ
3237 4099 3471 4169 ἰδιότητα
3496 4092 3577 4148 καὶ
3605 4084 3690 4142 ἁτδ

2168 4185 2268 4254 τῆς
2304 4185 2528 4257 ἐσθῆτος
2557 4190 2831 4261 εὐπρεπὲς
2868 4191 2979 4262 (92)
3012 4192 3106 4245 καὶ
3135 4189 3426 4245 ἀκόλουθον
3461 4183 3687 4247 σώζουσαν

2168 4277 2265 4349 τὴν
2294 4279 2398 4333 ὑπὸ
2423 4280 2517 4334 τοῦ
2552 4281 2870 4335 ’Δποστόλου
2892 4282 3335 4354 παραδεδομένην
3374 4273 3684 4348 κοσμιότῃτν

2173 4368 2301 4422 ποτὲ
2340 4370 2439 4441 μὲν
2467 4370 2557 4426 τὸν
2585 4373 2884 4427 ἐπίσκοπον
2910 4374 3135 4444 κόσμιον
3172 4368 3320 4427 εἶναι
3345 4363 3691 4441 διοριζομένων

503 4458 637 4514 dem
679 4457 840 4513 modo
898 4457 1089 4512 statuit
1134 4457 1451 4528 episcopum
1500 4465 1755 4512 ornatum
1803 4474 1924 4516 esse
1973 4461 2068 4515 de-

2172 4462 2302 4514 ποτὲ
2328 4461 2387 4515 δὲ
2434 4461 2532 4527 τὰς
2579 4466 2841 4534 γυναῖκας
2884 4467 2942 4519 ἐν
2996 4465 3304 4536 καταστολῇ
3345 4459 3542 4531 κοσμίῳ
3579 4450 3688 4507 εἶναι

502 4551 632 4606 bere
673 4550 739 4613 ¹⁹,
784 4553 945 4605 modo
990 4564 1122 4604 vero
1170 4549 1427 4604 mulieres
1470 4548 1524 4603 in
1570 4549 1758 4605 habitu
1811 4549 2066 4621 cultuque

500 4652 697 4700 ornato
725 4657 846 4699 esse
880 4642 1036 4711 jubet
1058 4643 1126 4709 '°,
1149 4644 1235 4697 ita.
1252 4649 1452 4705 tamen,
1496 4649 1555 4696 ut
1587 4649 1815 4697 ornatus
1854 4658 1958 4696 vox
1999 4659 2066 4698 ex

492 4735 721 4808 proprio
741 4732 1143 4790 Christianismi
1161 4733 1439 4804 proposito
1462 4733 1778 4802 accipiatur.
1795 4730 1909 4786 Hoc
1923 4732 2064 4788 idem

497 4837 553 4882 et
588 4827 656 4882 de
685 4825 1068 4883 calceamentis
1098 4825 1243 4891 dico,
1270 4826 1406 4881 adeo
1439 4834 1499 4879 ut
1535 4826 1677 4897 quod
1719 4826 1947 4882 minime
1972 4842 2067 4881 ex-

2169 4550 2613 4625 διατασσομένου,
2647 4554 2747 4609 τοῦ
2772 4556 2996 4627 κοσμίου
3028 4556 3272 4628 δηλονότι
3309 4554 3460 4610 κατὰ.
3483 4551 3563 4604 τὸν
3586 4546 3688 4600 ἴδιον

2169 4642 2263 4697 τοῦ
2288 4645 2714 4720 Χριστιανοσμοῦ
2739 4648 2849 4720 (95)
2893 4650 3093 4704 σκοπὸν
3137 4649 3450 4721 νοουμένου.
3484 4645 3535 4699 ’0
3560 4634 3688 4698 αὐτὰς

2170 4735 2230 4788 δέ
2267 4754 2356 4806 μοι
2384 4738 2542 4808 λόγος
2574 4740 2670 4794 καὶ
2719 4741 2847 4811 περὶ
2882 4740 3245 4812 ὑποδημάτων
3287 4740 3464 4793 ἐστίν·
3495 4735 3618 4789 ὥστε
3641 4727 3691 4780 τὸ

2171 4829 2497 4903 ἀπερίεργον
2528 4834 2622 4888 καὶ
2651 4833 3112 4905 εύποριστότερον,
3138 4836 3235 4888 καὶ
3256 4832 3393 4906 πρὸς
3417 4830 3501 4884 τὸν
3527 4820 3693 4879 σκοπδ*

561 4965 604 4997 ’⁸
644 4964 836 5021 Matth.
868 4981 968 5031 vui,
1001 4966 1057 5022 9.
1134 4967 1176 4999 "
1216 4964 1236 5018 1
1269 4964 1412 5020 Tim.
1450 4982 1533 5029 ιιι,
1569 4967 1626 5020 2.
1700 4967 1746 4999 ²⁶
1786 4965 1816 5018 ι
1842 4965 1981 5022 Tim.
2017 4983 2078 5031 ιι,
2112 4968 2176 5023 9..

571 5104 684 5173 (85)
719 5102 940 5175 Veteres
972 5113 1208 5175 quatuor
1235 5104 1360 5159 libri
1391 5104 1483 5158 τοῦ
1513 5122 1593 5158 τε.
1624 5104 1829 5160 Vocula
1864 5123 1924 5158 τε
1970 5106 2068 5160 ab-

501 5182 620 5245 erat
642 5190 677 5245 ει
705 5174 963 5245 vulgatis.

571 5244 697 5316 (86)_
715 5241 848 5315 Reg.
888 5246 1112 5316 primus
1150 5247 1256 5316 εἰσι
1302 5244 1670 5316 πολύχρηστα.
1706 5241 1861 5316 Haud
1906 5245 2066 5316 longe

498 5313 637 5385 editi
662 5312 970 5385 ὦστεξμηδὲ
991 5316 1105 5369 τόν.
1135 5315 1205 5369 At
1236 5330 1370 5369 mss.
1401 5312 1637 5383 quatuor
1668 5314 1853 5385 μηδέν.

572 5383 684 5455 (87)
715 5381 772 5438 In
795 5381 950 5455 Colb.
974 5401 1073 5454 pro
1110 5381 1447 5455 μεθημερινᾶ
1481 5381 1679 5455 legitur
1701 5381 2061 5455 κὰθηιιερινά.

500 5450 613 5508 Nec
635 5454 706 5526 ita
737 5454 910 5526 multo
928 5450 1060 5526 post
1079 5450 1413 5526 editio'Yen.
1436 5461 1491 5507 et
1514 5450 1651 5526 mss.
1676 5464 1910 5526 quatuor
1922 5450 2062 5526 κτῆ-

505 5538 619 5594 σιν,
642 5524 692 5594 δ.
719 5523 853 5594 Aliae
877 5524 1141 5579 editiones
1175 5523 1413 5594 antiquae
1441 5523 1655 5592 κτῆσιν,
1690 5525 1746 5594 ἦ.

576 5589 686 5659 (88)
718 5591 959 5649 Voculas
991 5594 1067 5658 ὡς
1103 5595 1174 5648 τά
1211 5592 1393 5647 addidi
1430 5609 1498 5647 ex
1535 5589 1670 5647 mss.
1705 5589 1911 5648 multis.
1943 5592 2064 5648 Mox

502 5660 670 5733 fdith
697 5660 831 5718 Ven.
862 5670 917 5719 et
954 5679 1090 5719 mss.
1125 5678 1230 5717 non
1259 5665 1413 5733 pauci
1445 5663 1537 5718 καὶ
1562 5663 1623 5715 τὸ
1644 5666 1707 5733 εκ
1734 5664 1853 5733 τῆς.
1892 5662 2066 5717 Editio

507 5728 683 5790 Paris.
714 5733 919 5805 pariter
950 5748 1014 5789 ac
1045 5733 1208 5789 Basil.
1256 5728 1348 5786 καὶ
1387 5736 1451 5787 ὲκ
1487 5734 1605 5803 τῆς.
1643 5728 1887 5790 Subinde
1913 5732 2065 5806 Regii

2164 5103 2279 5175 duo
2298 5118 2431 5175 mss.
2463 5103 2560 5157 καὶ
2591 5102 3112 5175 διαμαρτυρομέγης-
3544 5161 3590 5175 ,.

2237 5173 2346 5247 (89)
2381 5174 2509 5242 Βεζ-
2532 5160 2847 5247 ,Ριῖίηιῖιεῖτὰ
2869 5160 3104 5244 μεγάλα.
3126 5170 3423 5242 Aliquanto
3449 5170 3561 5238 post
3578 5160 3688 5213 idem

2164 5259 2269 5298 ms.
2294 5245 2351 5295 ὲν
2380 5244 2676 5313 καπηλείῳ.

2235 5313 2347 5381 (90)
2377 5311 2560 5368 Codex
2588 5311 2742 5369 Colb.
2779 5311 3165 5381 προσφέρουσι.

2236 5373 2347 5450 (91)
2373 5383 2504 5452 Reg.
2546 5384 2753 5453 primus
2791 5373 3070 5455 εἴργεσθαι
3100 5384 3164 5454 τῇ
3207 5381 3301 5435 διὰ
3329 5376 3424 5432 τοῦ
3452 5373 3690 5445 σχήματος

2165 5452 2481 5504 ἐπαγγελία.
3677 5500 3687 5504 _

2162 5470 2481 5514 επαγγελια.
3468 5504 3473 5508 .
3528 5513 3532 5514 ν
3618 5508 3628 5514 .
3644 5504 3671 5514 ..

2236 5469 2606 5590 ῗςῖὦεῒξῗιὶίαιιί
2637 5521 2747 5575 duo
2780 5521 2904 5576 libri
2955 5537 3078 5575 cum
3109 5519 3273 5576 Voss.
3316 5504 3571 5589 εὐπρεπῆ.
3606 5500 3689 5559 Am

2165 5591 2274 5648 duo
2308 5600 2531 5662 mss.ret
2563 5593 2797 5662 antiqua:
2823 5591 3093 5647 editiones
3120 5590 3425 5662 εὐπρεπές,
3454 5591 3603 5640 recte.
3629 5640 3668 5662 γε

2238 5661 2347 5732 (93)
2386 5661 2529 5715 Editi
2556 5670 2609 5716 et
2632 5659 2773 5732 Reg.
2798 5662 3070 5717 secundus
3105 5659 3353 5732 ἰδιοντοῦ
3384 5659 3686 5730 Χριστιανοιιο

2166 5732 2269 5788 Alii
2305 5730 2417 5789 tres
2454 5748 2587 5789 mss.
2617 5740 2669 5789 ct
2693 5730 2821 5789 editi
2850 5730 3299 5802 Χριστιανισμοῦ.
