3948 6240
256 373 347 429 981

1345 368 1649 425 REGULIE
1691 366 1942 423 FUSIUS
1979 366 2396 423 TRACTAT/E.

3403 371 3509 429 982

254 488 353 555 τῆς
393 486 581 557 χρείας
613 485 841 557 ἀρκοῦν,
874 483 1033 538 τοῦτο
1075 484 1293 557 αἱρετὸν
1341 478 1481 537 εἶναι
1530 486 1588 538 ὲν
1632 483 1841 552 ἑκάστῳ

1945 482 2209 551 quisitum
2260 490 2374 550 est,
2432 482 2689 553 quodque
2750 482 2976 539 minimo
3044 494 3260 558 sumptu
3328 487 3509 557 parari

269 579 475 650 καιρῷ..

797 771 1129 826 ΕΡΩἸἩΣΙΣ
1162 773 1287 825 Kl".

717 865 848 932 Περὶ
892 862 1001 933 τῆς
1035 861 1217 932 ζώνης
1244 862 1373 934 (94).

856 978 1177 1031 ΑΠΟΚΡῙΣΙ
1188 977 1242 1030 Σ.

322 1072 435 1144 Τὴν
467 1072 525 1125 δὲ
559 1074 655 1143 τῆς
688 1071 864 1141 ζώνης
898 1070 1086 1141 χρείαν
1126 1067 1374 1139 δηλοῦσιν
1410 1066 1710 1135 ἀναγκαίαν
1740 1061 1831 1119 οὗ-

256 1182 359 1217 σαν
389 1165 483 1217 καὶ
519 1166 566 1216 οί
600 1162 959 1234 προλαϐόντες
997 1162 1139 1230 ἆγιοι
1160 1179 1173 1190 ·
1218 1162 1469 1229 Ἰωάννης
1500 1160 1599 1230 μὲν
1631 1160 1832 1231 δερμα-

252 1258 379 1328 τίνῃ
400 1255 545 1329 ζώνῃ
569 1256 945 1328 περισφίγγων
975 1255 1168 1310 ἑαυτοῦ
1193 1255 1288 1325 τὴν
1308 1255 1497 1323 ὀσφὺν,
1520 1253 1615 1306 καὶ
1649 1253 1832 1317 Ἠλίας

254 1351 337 1403 ἔτι
368 1350 654 1421 πρότερον.
686 1350 1000 1420 Γέγραπται
1033 1348 1162 1420 γὰρ,
1206 1347 1395 1417 ὥσπερ
1430 1345 1626 1415 ίδίωμά
1653 1363 1704 1398 τι
1736 1345 1831 1398 τοῦ

253 1441 485 1513 ἀνδρὸς,
512 1442 593 1508 τὸ,
654 1441 824 1509 Ἀνὴρ
879 1440 1105 1505 δασὺς,
1164 1438 1261 1491 καὶ
1314 1436 1459 1505 ζώνη
1514 1437 1831 1506 δερματίνη

251 1535 389 1602 περὶ
420 1533 534 1600 τὴν
562 1534 760 1602 ὀσφὺν
790 1532 973 1585 αὐτοῦ
1007 1531 1140 1601 (95).
1194 1531 1300 1582 Καὶ
1352 1529 1553 1600 Πέτρος
1595 1528 1652 1582 δὲ
1690 1528 1830 1600 ζώνῃ

252 1624 597 1697 κεχρημένος
630 1625 920 1688 δείκνυται,
948 1623 1022 1686 ώς
1048 1622 1202 1693 δῆλον
1237 1623 1299 1673 ἐκ
1337 1620 1444 1674 τῶν
1473 1620 1566 1674 τοῦ
1598 1621 1830 1690 ἀγγέλου

254 1718 520 1789 ῥημάτων
554 1718 689 1789 πρὸς
724 1717 882 1770 αὑτὸν
910 1716 1158 1784 λέγοντος
1179 1732 1193 1745 ο
1229 1715 1446 1779 Ζῶσαι,
1478 1714 1576 1768 καὶ
1608 1715 1832 1783 ὑπόδη-

1938 580 2137 642 potest,
2171 588 2235 628 ac
2264 573 2607 630 necessitatis
2633 589 2800 645 scopo
2831 574 3054 642 sulllcit,
3088 579 3237 633 omni
3266 586 3511 649 tempore

1936 662 2276 733 praeferatur.

2360 776 2878 834 INTERROGATIO
2917 779 3103 836 XXIII.

2577 869 2653 924 De
2708 887 2863 925 zona.
2884 923 2887 926 .

2523 979 2791 1036 RESPON
2801 979 2929 1036 SlO.
2941 1031 2953 1037 .

2004 1071 2391 1128 Necessarium
2443 1090 2567 1129 esse
2617 1089 2767 1129 zonae
2816 1089 2974 1131 usum
3019 1073 3300 1127 declarant
3340 1072 3509 1127 etiam

1938 1164 2151 1231 priores
2188 1164 2384 1217 sancti.
2417 1161 2655 1218 Joannes
2684 1161 2903 1233 quidem
2939 1162 3161 1233 pellicea
3193 1175 3330 1215 zona
3364 1161 3505 1214 lum-

1937 1255 2035 1309 bos
2063 1270 2193 1309 suos
2224 1256 2655 1327 praecingebat”,
2698 1264 2753 1313 et
2785 1264 2912 1312 ante
2936 1256 3115 1327 ipsum
3139 1254 3302 1309 etiam
3334 1252 3502 1308 Elias.

1937 1343 2219 1415 Scriptum
2248 1353 2331 1401 est
2366 1348 2531 1411 enim,
2568 1348 2725 1417 quasi
2757 1348 2995 1404 hominis
3031 1347 3312 1417 proprium
3344 1345 3506 1415 quid-

1934 1434 2056 1488 dam
2088 1434 2283 1491 fuisset
2315 1438 2445 1492 illud
2480 1457 2491 1492 :
2535 1438 2627 1492 Vir
2648 1441 2870 1507 pilosus,
2897 1450 2947 1494 et
2971 1456 3108 1493 zona
3123 1438 3342 1506 pellicea
3359 1436 3505 1490 circa

1935 1544 2082 1583 renes
2107 1531 2288 1598 ejus".
2318 1529 2383 1584 Et
2412 1529 2608 1585 Petrus
2641 1546 2859 1602 quoque
2881 1545 3019 1585 zona
3036 1546 3170 1586 usus
3192 1529 3361 1585 fuisse
3383 1544 3505 1599 per-

1932 1622 2171 1685 hibetur,
2205 1631 2265 1677 ut
2294 1623 2463 1693 liquet
2494 1639 2559 1678 ex
2592 1624 2774 1680 verbis
2813 1624 2988 1694 angeli
3033 1625 3113 1677 sic
3164 1623 3314 1677 illum
3362 1622 3501 1674 allo-

1936 1715 2154 1784 quentis
2186 1733 2198 1767 :
2238 1713 2585 1785 Prtecingere,
2617 1726 2666 1769 et
2698 1715 2906 1785 subliga
2931 1716 3102 1769 soleas
3133 1714 3320 1769 tuas“.
3359 1713 3503 1768 Prte-

250 1824 360 1861 σαι
394 1807 465 1861 τὰ
497 1806 794 1861 σανδάλιὰ
824 1822 962 1862 σου.
1007 1807 1116 1860 Καὶ
1147 1808 1175 1859 6
1206 1806 1474 1878 μακάριος
1522 1805 1732 1870 Παῦλος
1764 1807 1827 1859 ἐκ
1857 1824 1865 1881 Ῑ

1945 1811 2194 1875 lereaque
2237 1807 2453 1861 beatum
2496 1806 2745 1872 Paulum,
2791 1823 2858 1862 ex
2900 1821 2964 1862 eo
3008 1808 3154 1878 quod
3195 1806 3413 1875 Agabus
3446 1806 3501 1858 in

252 1900 357 1969 τῆς
384 1898 480 1952 τοῦ
525 1898 751 1967 Ἀγόιὸου
783 1898 1118 1971 προφητείας
1150 1898 1247 1967 τῆς
1278 1899 1356 1961 εἰς
1394 1898 1555 1950 αὐτὸν
1586 1897 1830 1967 φαίνεται

255 1988 598 2059 κεχρημένος
625 1986 789 2060 ζώνῃ.
825 1989 934 2042 Τὸν
966 1987 1074 2059 γὰρ
1103 1987 1291 2056 ἄνδρα
1322 1984 1393 2043 οὗ
1422 1989 1592 2040 ἐστιν
1615 1987 1653 2053 ἠ
1685 1986 1831 2055 ζώνη

250 2084 409 2149 αῦτη
431 2082 619 2147 οὕτως
642 2080 925 2147 δήσουσι,
944 2082 1106 2151 φησὶν
1125 2122 1139 2144 ,
1158 2081 1228 2134 ἐν
1241 2081 1675 2149 Ἰεροσολύμοις
1695 2079 1828 2149 (96).

252 2175 370 2226 Καὶ
411 2174 441 2226 6
478 2172 597 2226 Ἰὼϐ
642 2173 698 2226 δὲ
746 2172 896 2245 παρὰ
944 2171 1038 2225 τοῦ
1086 2173 1291 2243 Κυρίου
1342 2169 1615 2235 ζώσασθαι
1663 2187 1826 2242 προσ-

250 2270 537 2321 τάσσεται.
590 2265 677 2329 Ὠς
712 2263 821 2338 γὰρ
854 2265 1100 2337 ἀνδρείας
1140 2265 1303 2328 τινὸς,
1342 2266 1436 2317 καὶ
1473 2264 1571 2335 τῆς
1600 2263 1735 2334 πρὸς
1766 2262 1834 2316 τὰ

248 2359 393 2428 ἔργα
425 2358 739 2428 έτοιμασίας
780 2356 1075 2427 σύμϐολον,
1130 2356 1358 2420 Ζῶσαι,
1405 2358 1589 2428 φησὶν,
1631 2355 1832 2424 ὥσπερ

248 2449 409 2517 ἀνὴρ
448 2449 563 2518 τὴν
600 2451 799 2518 ὀσφύν
849 2463 986 2507 σου.
1034 2451 1146 2503 Καὶ
1192 2448 1369 2520 δῆλον,
1417 2450 1497 2502 ὅτι
1538 2450 1671 2501 πᾶσι
1720 2452 1833 2511 τοῖς

254 2541 531 2611 μαθηταῖς
556 2542 648 2595 τοῦ
677 2543 881 2614 Κυρίου
920 2542 1156 2613 συνήθης
1188 2537 1256 2613 ἦν
1289 2544 1322 2613 ἡ
1364 2541 1464 2611 τῆς
1488 2541 1662 2611 ζώνης
1696 2541 1831 2613 Χρῆ⁶

254 2650 341 2696 σις
375 2632 509 2702 (97),
545 2628 625 2697 οἷς
674 2634 1014 2705 ἀπηγόρευτο
1068 2634 1141 2705 μὴ
1196 2633 1340 2704 ἔχειν
1378 2633 1574 2705 χαλκὸν
1610 2636 1690 2697 είς
1733 2634 1832 2698 τὰς

252 2724 455 2788 ζώνας.
491 2726 699 2789 Ἀλλως
741 2744 801 2779 τε
844 2727 937 2781 καὶ
976 2726 1086 2797 (98)
1138 2726 1397 2795 μέλλοντα
1442 2728 1832 2799 αὑτουργήσειν

252 2818 475 2887 ἀνάγκη
530 2816 757 2888 εὐσταλῆ
810 2817 903 2870 κοιλ⁴
940 2818 1327 2887 ἀνεμπόδιστον
1372 2815 1506 2871 εἶναι
1561 2819 1694 2888 πρὸς
1734 2818 1833 2882 τὰς

254 2909 519 2979 κινήσεις.
542 2909 701 2961 Ὥστε
742 2910 835 2962 καὶ
873 2909 1048 2980 ζώνης
1076 2907 1223 2979 αὑτῷ
1272 2911 1449 2981 χρεία,
1494 2910 1558 2962 δι’
1596 2904 1661 2980 ἧς
1709 2928 1833 2981 προ-

256 2999 592 3070 σταλήσεται
626 3000 701 3069 τῷ
731 2998 940 3068 σώματι
972 3001 1000 3051 6
1028 3000 1216 3070 χιτών·
1252 3001 1343 3052 καὶ
1360 2999 1556 3071 μᾶλλόν
1578 3018 1640 3069 γε
1670 3002 1831 3055 αὑτὸν

251 3091 451 3159 θάλψει
484 3094 981 3163 περιπτυσσόμενος
1015 3092 1368 3163 πανταχόθεν,
1398 3092 1492 3144 καὶ
1529 3094 1590 3145 τὸ
1620 3092 1829 3146 ἀκώλυ-

1934 1912 2058 1952 eum
2089 1899 2461 1967 pronuntiavit
2482 1899 2760 1963 vaticinio,
2788 1913 2925 1954 zona
2969 1914 3128 1954 usum
3170 1898 3339 1954 fuisse
3369 1913 3503 1952 con-

1935 1994 2061 2041 stat.
2106 1986 2292 2041 Virum
2328 1990 2493 2053 enim,
2536 1990 2732 2059 inquit,
2771 1989 2921 2053 cuius
2958 1999 3035 2043 est
3080 2007 3215 2043 zona
3245 1988 3376 2053 Itwc,
3428 1990 3503 2043 sic

1935 2076 2231 2146 alligabunt
2254 2079 2307 2131 in
2328 2076 2696 2134 Jerusalem".
2722 2079 2789 2133 Et
2807 2079 2909 2135 Job
2932 2081 3095 2136 etiam
3114 2080 3371 2151 praecingi
3400 2080 3504 2133 Do-

1933 2169 2116 2222 minus
2146 2170 2411 2239 przecipit.
2438 2169 2651 2224 Etenim
2693 2172 2851 2242 quasi
2873 2172 2976 2226 hoc
2999 2172 3213 2243 signum
3234 2172 3305 2227 sit
3333 2174 3511 2227 animi-

1933 2260 2216 2328 cujusdam
2255 2262 2450 2327 virilis,
2496 2272 2549 2318 et
2573 2264 2636 2317 ad
2668 2280 2780 2319 rem
2813 2265 3104 2334 gerendam
3144 2266 3340 2334 parati,
3378 2265 3452 2319 ait
3484 2284 3499 2320 :

1932 2350 2216 2419 Accingere
2252 2360 2502 2422 tanquam
2532 2354 2612 2407 vir
2635 2353 2868 2406 lumbum
2891 2357 3109 2408 tuum".
3144 2354 3383 2426 Itemque
3412 2371 3505 2409 zo-

1933 2458 2017 2496 nze
2071 2459 2228 2498 usum
2271 2445 2527 2501 omnibus
2587 2445 2801 2501 Domini
2846 2446 3129 2517 discipulis
3176 2447 3505 2504 familiarem

1935 2534 2108 2591 fuisse
2132 2551 2199 2591 ex
2224 2551 2288 2591 eo
2319 2536 2662 2608 intelligitur,
2687 2537 2833 2608 quod
2856 2539 3209 2595 interdictum
3237 2539 3503 2610 ipsisfue-

1934 2626 2043 2691 rit,
2083 2642 2151 2681 ne
2179 2642 2254 2682 aes
2291 2627 2558 2685 haberent
2594 2630 2650 2683 in
2681 2630 2904 2685 zonis”.
2933 2629 2997 2685 Et
3039 2630 3242 2699 alioqui
3277 2645 3503 2685 necesse

1932 2727 2016 2772 est
2049 2717 2121 2782 ei,
2160 2718 2253 2788 qui
2285 2734 2381 2789 per
2418 2735 2477 2811 s'e
2510 2719 2627 2790 ipse
2668 2720 2887 2789 aliquod
2919 2720 3090 2791 369
3124 2736 3263 2790 opus
3295 2727 3502 2774 tracta-

1934 2815 2091 2863 turus
2122 2810 2213 2873 sit,
2249 2810 2593 2864 succinctum
2613 2826 2735 2865 esse
2760 2818 2817 2883 let
2842 2810 2909 2865 ad
2934 2818 3116 2865 motus
3144 2811 3398 2873 liberum,
3422 2811 3503 2865 sic

1934 2908 1995 2952 ut
2040 2915 2171 2954 zona
2209 2916 2428 2970 quoque
2475 2902 2523 2956 ei
2563 2903 2634 2957 sit
2665 2918 2825 2973 opus,
2862 2918 2957 2972 per
2999 2918 3161 2972 quam
3207 2904 3392 2958 tunica
3434 2901 3511 2956 ad‘

1933 3006 2133 3060 corpus
2164 2991 2524 3047 contrahatur
2559 3014 2571 3048 :
2604 3003 2658 3049 et
2689 2994 2889 3064 ipsum,
2914 2993 2959 3049 si
2996 2994 3275 3048 undelibet
3304 2992 3370 3046 sit
3393 2992 3504 3046 cir-

1933 3085 2288 3153 eumplicata,
2333 3084 2510 3156 magis
2540 3083 2767 3150 fovebit,
2810 3086 3171 3155 eumdemque
3209 3083 3278 3138 ad
3324 3092 3504 3139 motus

252 3200 347 3235 τον
395 3181 548 3252 αὑτῷ
599 3182 734 3252 πρὸς
771 3182 869 3246 τὰς
919 3185 1160 3255 κινήσεις
1208 3185 1634 3255 παρασκευάσειν.
1683 3185 1865 3238 Ἐπεὶ¹

1945 3174 2247 3243 expeditum
2289 3175 2588 3244 praestabit.
2626 3173 2760 3228 Nam
2793 3185 2847 3230 et
2882 3174 3146 3230 Dominus
3178 3191 3301 3229 cum
3346 3190 3506 3243 para-

254 3276 353 3327 καὶ
391 3277 421 3328 6
467 3276 691 3347 Κύριος,
732 3276 820 3328 ὅτε
872 3278 948 3340 εὶς
994 3278 1091 3347 τὴν
1133 3276 1404 3330 διακονίαν
1442 3276 1549 3328 τῶν
1581 3276 1833 3348 μαθητῶν

254 3368 733 3438 παρεσκευάζετο,
795 3367 972 3421 λαϐὼν
1031 3369 1236 3421 λέντιον
1300 3370 1552 3433 διέζωσεν
1624 3369 1831 3421 ἑαυτόν.

256 3462 394 3530 Περί
424 3477 489 3528 γε
516 3460 616 3530 μὲν
638 3459 730 3512 τοῦ
776 3460 1011 3531 πλήθους
1042 3460 1149 3512 τῶν
1192 3460 1502 3529 ἐνδυμάτων
1548 3459 1697 3513 οὐδὲν
1722 3460 1837 3513 δεό-

260 3554 405 3622 μεθα
448 3553 653 3622 λέγειν,
683 3552 882 3616 ἱκανῶς
921 3555 1051 3624 ἡμῖν
1088 3554 1144 3605 ἐν
1177 3572 1253 3624 τῳ
1286 3556 1413 3625 περὶ
1453 3554 1835 3625 ἁκτημοσύνης

254 3644 401 3713 λόγῳ
430 3642 903 3714 προεξητασμένου
944 3643 1153 3697 τούτου.
1180 3643 1241 3695 Ei
1278 3646 1384 3715 γὰρ
1407 3648 1434 3698 6
1468 3644 1605 3715 ἔχων
1633 3644 1727 3698 δύο
1755 3664 1838 3716 χι-

256 3735 437 3798 τῶνας
475 3734 877 3806 προστάσσεται
923 3736 1239 3805 μεταδοῦναι
1275 3737 1353 3807 τῷ
1389 3736 1463 3808 μὴ
1496 3738 1669 3807 ἔχοντι
1701 3736 1834 3807 (99),

257 3826 503 3896 δηλονότι
528 3828 563 3897 ἡ
587 3826 696 3878 τῶν
722 3828 981 3881 πλειόνων
1028 3830 1221 3881 ἑαυτοῦ
1262 3829 1449 3883 ἕνεκεν
1503 3830 1695 3899 κτῆσις
1734 3831 1838 3882 ἀπ-

263 3919 610 3989 ηγορευμένη
641 3920 806 3973 ἐστίν.
843 3915 937 3982 Οἷς
975 3916 1065 3974 οὖν
1092 3921 1150 3973 τὸ
1178 3921 1320 3991 ἔχειν
1355 3921 1447 3974 δύο
1476 3923 1708 3991 χιτῶνας
1737 3924 1840 3975 ἅπ-

259 4010 608 4081 αγορεύεται,
646 4010 854 4075 τούτοις
892 4013 1017 4082 περὶ
1060 4013 1159 4083 τῆς
1204 4015 1448 4083 χρήσεως
1483 4014 1535 4065 τί
1575 4014 1838 4086 προσήκει

262 4102 575 4171 νομοθετεῖν
593 4118 605 4131 ·

804 4195 1138 4248 ΕΡΩΤΠΣΙΣ
1176 4198 1298 4249 ΚΔν.

266 4285 519 4356 Taken:
556 4283 772 4351 ἱκανῶς
821 4285 965 4356 ἡμῖν
1023 4286 1534 4356 παραδεδομένων,
1588 4290 1841 4343 ἀκόλου·

340 4356 460 4427 θον-
489 4353 567 4427 ﬁt
602 4355 693 4427 εξη
738 4354 951 4427 μαβεῖν
981 4353 1138 4427 ἡμᾶς
1174 4353 1443 4426 περὶτοῦ
1476 4359 1694 4427 τρόπον
1734 4358 1841 4427 τῆς

335 4425 461 4492 μετ’
492 4423 779 4489 ἀλλήλων
806 4423 1103 4495 διαγωγῆς

863 4539 1247 4592 ΑΠΟΚΡΙΣῙΣ.

341 4626 450 4680 Τοῦ
490 4629 811 4681 Ἀποστόλου
860 4628 1141 4697 λέγοντος,
1199 4629 1400 4683 Πάντα
1455 4630 1840 4700 εὐσχημόνως

265 4720 369 4772 καὶ
403 4720 556 4772 κατὰ
594 4719 766 4784 τάξιν
812 4720 1093 4790 γινέσθω,
1132 4724 1347 4792 ἐκείνην
1388 4722 1711 4793 λογιζόμεθα
1751 4725 1840 4775 εἰ).

355 4899 395 4926 ”
441 4896 629 4967 Matth.
670 4912 763 4959 Ill,
799 4897 853 4951 4.
930 4901 974 4929 ²⁹
1016 4896 1079 4952 IV
1118 4896 1251 4967 Reg.
1292 4918 1337 4961 ι,
1375 4900 1426 4954 8.

1531 4902 1576 4932 ’³
1612 4901 1732 4953 Act.
1771 4915 1881 4961 xu,
1919 4901 1971 4955 8.
2048 4902 2095 4932 ’δ
2134 4902 2252 4956 Act:
2289 4918 2409 4966 XXI,
2452 4903 2536 4957 ll.
2614 4904 2658 4935 ’⁵
2697 4902 2799 4957 «Υοδ
2834 4919 3072 4967 xxxvm,
3109 4904 3160 4958 5.

1936 3275 2019 3321 ret
2053 3282 2132 3333 se,
2188 3274 2248 3320 ut
2310 3267 2649 3322 ministraret
2702 3268 3011 3338 discipulis,
3064 3277 3290 3337 accepto
3338 3268 3504 3323 linteo

1935 3357 2105 3412 cinxit
2130 3358 2255 3413 se".
2286 3357 2556 3414 Caeterum
2586 3360 2654 3416 de
2688 3361 3130 3415 indumentorum
3158 3360 3505 3415 multitudine

1935 3450 2071 3504 nihil
2100 3465 2238 3520 opus
2269 3460 2354 3506 est
2380 3452 2587 3520 dicere,
2618 3469 2743 3508 cum
2784 3454 2837 3507 in
2868 3470 2934 3509 eo
2964 3470 3125 3524 quem
3161 3455 3229 3508 de
3270 3469 3506 3525 pauper-

1938 3551 2046 3597 tate
2070 3542 2359 3599 habuimus
2390 3561 2641 3601 sermone
2669 3562 2733 3600 ea
2778 3563 2866 3601 res
2903 3556 3063 3602 antea
3109 3562 3137 3600 a
3164 3546 3323 3603 nobis
3370 3548 3519 3602 satis

1936 3650 2173 3704 expensa
2200 3635 2289 3689 sit.
2323 3637 2534 3691 Etenim
2566 3638 2609 3692 si
2659 3639 2706 3693 is
2739 3640 2830 3707 qui
2875 3638 3013 3693 duas
3050 3639 3269 3693 tunicas
3318 3638 3502 3703 habet,

1938 3739 2047 3777 non
2074 3723 2295 3778 habenti
2316 3725 2539 3793 jubetur
2558 3726 2782 3780 alteram
2822 3727 3025 3788 dare",
3058 3727 3174 3781 sine
3192 3727 3358 3781 dubio
3385 3727 3507 3798 plu-

1937 3832 2024 3872 res
2060 3817 2339 3886 possidere
2377 3819 2462 3873 sui
2489 3818 2661 3888 ipsius
2689 3833 2857 3873 causa
2908 3820 3248 3889 prohibetur.
3298 3818 3507 3886 Quibus

1940 3910 2101 3981 igitur
2148 3909 2287 3966 duas
2337 3911 2554 3966 tunicas
2598 3911 2797 3966 habere
2840 3911 3067 3965 vetitum
3112 3918 3215 3978 est,
3262 3911 3328 3965 iis
3378 3912 3508 3981 quid

1940 4002 2136 4059 attinet
2162 4004 2229 4060 de
2259 4019 2448 4059 earum
2482 4020 2584 4061 usu
2622 4006 2793 4076 legem
2831 4005 3086 4060 sancire?

2311 4198 2833 4255 INTERROGATIO
2873 4198 3063 4253 XXIV.

1944 4290 2043 4345 His
2069 4290 2274 4361 abunde
2294 4291 2441 4346 nobis
2491 4293 2789 4360 explicatis,
2811 4293 2930 4360 jam
2981 4293 3509 4361 consequensfuerit.

2015 4369 2070 4412 ut
2118 4360 2409 4425 discamus,
2455 4379 2559 4432 qua
2594 4364 2798 4418 ratione
2836 4363 3113 4416 debeamus
3150 4360 3288 4416 inter
3311 4360 3403 4417 nos
3436 4364 3510 4417 ri—

2011 4447 2066 4485 ve
2071 4447 2124 4483 re
2132 4472 2144 4484 .

2523 4543 2928 4600 RESPONSlO.

2016 4635 2155 4688 Cum
2190 4634 2489 4703 Apostolus
2521 4636 2668 4690 dicat
2704 4656 2714 4691 :
2755 4635 2949 4691 Omnia
2986 4638 3196 4691 honeste
3237 4647 3285 4690 et
3324 4654 3507 4691 secun—

1950 4726 2074 4778 dum
2099 4725 2340 4780 ordinem
2370 4727 2573 4794 ﬁant”,
2619 4729 2905 4784 honestam
2932 4732 3077 4784 illam
3115 4745 3238 4786 esse
3272 4740 3326 4783 et
3361 4730 3505 4784 ordi~

3238 4904 3283 4935 ²⁰
3323 4904 3508 4958 Matth.

274 4983 339 5029 ι,
378 4967 432 5021 9.
508 4967 551 4997 ⁸⁷
592 4965 746 5021 Joan.
786 4984 919 5030 xm,
956 4971 1007 5023 4.
1086 4970 1130 5000 ²⁸
1170 4965 1299 5024 Luc.
1338 4986 1426 5036 ιιι,
1468 4972 1553 5025 Η.
1632 4974 1675 5003 ’³
1714 4969 1732 5021 l
1766 4968 1865 5024 Cor

1945 4988 2042 5034 εἰν,
2079 4971 2167 5027 40.

349 5119 458 5181 (94)
495 5117 717 5190 Legitur
748 5118 804 5173 in
836 5134 929 5172 ora
970 5119 1121 5190 Re'gii
1153 5122 1311 5190 primi
1345 5137 1511 5177 manu
1551 5123 1720 5177 altera
1744 5124 1838 5176 καὶ

276 5189 810 5261 τεεριρτξοδῃμάτων,
841 5191 1001 5261 deque
1030 5189 1417 5261 calceamentis.

344 5257 457 5332 (95)
484 5257 620 5332 Editi
647 5268 701 5332 et
723 5257 1154 5332 [legsecundus
1177 5260 1351 5332 ζώνην
1366 5262 1690 5332 δερματίνην
1712 5263 1839 5332 περὶ

278 5327 377 5401 τὴν
413 5329 584 5401 όσνρὺν
606 5327 1161 5401 aberam—ubiverbum
1199 5327 1318 5401 εἶχε
1343 5327 1834 5401 supplerioportet.

274 5398 409 5472 Reg.
439 5400 648 5472 primus
671 5408 725 5472 et
746 5400 900 5472 μου),
921 5400 1063 5472 ζώνη
1088 5398 1381 5472 δερματίνη
1408 5398 1553 5472 crept.
1579 5398 1711 5471 Reg.
1738 5411 1843 5456 ter-

276 5469 385 5542 tius
410 5486 467 5525 τι¹
491 5468 584 5520 τοῦ
609 5468 821 5542 ἀνδρὸς,
848 5471 927 5530 τὸ.
951 5467 1063 5542 Ἦν
1082 5471 1139 5523 δὲ
1152 5467 1200 5524 ’δ’
1222 5467 1846 5542 Ἰωάννηςὲνδεδυμένος

277 5538 468 5617 τρίχας
515 5538 783 5617 eaeam:
818 5542 931 5617 rei
973 5540 1150 5613 ζώνην
1198 5538 1521 5613 δερματίνην
1576 5538 1702 5613 περῐ
1748 5542 1848 5611 τὴν

278 5610 457 5682 ὀσφίδν.
482 5609 666 5682 αὐτοῦ·
699 5610 797 5682 καὶ
818 5611 1039 5682 Πέτρος.

353 5677 466 5746 (96)
502 5679 650 5755 ἷξες..
678 5680 889 5755 primus
915 5677 990 5755 έν.
1015 5681 1388 5755 Ἰερουσαλήμ.
1427 5680 1628 5755 Ibidem
1678 5680 1848 5755 codex

293 5746 453 5824 Voss.
506 5746 721 5824 Ἰακώϐ,
752 5752 914 5824 male.
946 5749 1057 5824 Hoc
1087 5746 1204 5824 ipso
1242 5746 1445 5810 in'loco
1480 5752 1611 5823 Reg.
1642 5753 1850 5823 primus

290 5818 439 5888 παρὰ
461 5818 553 5873 τοῦ
585 5819 720 5874 Θεοῦ
755 5819 1048 5884 ζώσασθαι.

2159 5122 2382 5199 Veteres
2406 5124 2514 5199 duo
2538 5124 2660 5177 libri
2689 5124 2931 5199 δηλονότι
2950 5126 3086 5199 πᾶσι
3116 5126 3514 5199 τοίςμαθητ-αῖς

1944 5192 2037 5274 τοῦ
2063 5195 2265 5279 ιξρρίου
2284 5192 2562 5279 ⁸ζώσασθαι
2588 5192 3006 5265 προστάσσεται,
3027 5195 3103 5259 ὡς
3126 5192 3359 5268 συνήθης
3380 5192 3515 5252 οὖσα

1955 5262 2242 5339 τῆςξώθης
2274 5266 2307 5333 ἡ
2335 5263 2545 5333 κρῆσις-
2633 5262 2641 5265 ⁷
3244 5262 3255 5268 ⁷
3316 5262 3328 5267 ⁷

2010 5334 2126 5412 £98)
2153 5333 2333 5388 Codex
2375 5332 2529 5386 Colh.
2560 5332 2752 5425 ζώνας.
2788 5336 2895 5388 Καὶ
2922 5336 3262 5459 ,πρόσταγμα
3293 5336 3350 5423 δέ
3398 5340 3515 5391 ἐστι

1955 5420 2037 5454 του
2062 5405 2263 5459 Κυρίου
2294 5402 2570 5459 λέγοντος·
2625 5404 2880 5458 Εστωσαν
2913 5423 3065 5459 υμων
3099 5425 3154 5459 αι
3212 5424 3376 5459 σωυες
3418 5426 3515 5459 πε-

1944 5403 2263 5475 τοῦγΚυρίου
2294 5402 2880 5475 λέγοντος-Ἔστωσαν
2913 5402 3065 5475 ὑμῶν
3099 5402 3376 5475 αίήόσφύες
3418 5426 3515 5462 πε·-

1950 5471 2327 5558 ριεζωσμέναι,
2352 5474 2399 5523 εί
2420 5474 2514 5525 καὶ
2536 5471 2605 5525 τὰ
2623 5472 2856 5542 μάλιστα
2874 5471 3005 5546 πρός
3030 5493 3081 5528 τι
3109 5471 3320 5547 εἴρηται
3344 5478 3515 5541 ἄλλως

1947 5560 2006 5595 τε
2360 5610 2532 5666 Paris.
2560 5610 2734 5682 ἔχοντί
2760 5630 2832 5677 τι,
2860 5615 2953 5669 sed
2976 5617 3223 5671 voculam
3245 5634 3297 5670 τι
3319 5616 3511 5673 delevi.

1952 5682 2325 5757 ﬁderetenrum
2364 5682 2623 5757 librorum
2656 5683 2897 5740 innixus.
2921 5684 3051 5757 ANec
3088 5688 3161 5741 ita
3196 5688 3365 5741 multo
3394 5697 3516 5757 post

1952 5752 2080 5807 editi
2098 5761 2167 5827 ἐι
2189 5750 2321 5827 Reg.
2352 5753 2626 5808 secundus
2657 5755 3077 5827 ἀπαγορεύεται.
3102 5757 3206 5812 Alii
3241 5773 3370 5814 mss.
3396 5750 3520 5817 non

1954 5823 2112 5892 pauci
2145 5822 2536 5893 ἀπηγόρευται.
