3948 6240
262 320 369 377 985

1392 317 1646 373 EGULE
1687 317 1934 373 FUSIUS
1975 317 2391 372 ΤΒΑΩΤΑΤΛΕ.

3405 319 3511 372 986

265 452 508 501 ιυυντες
557 436 627 499 ἐξ
689 434 1013 503 ἀνθρώπων
1064 433 1270 498 δόξαν,
1329 435 1467 489 οὔτε
1516 437 1614 504 ἀφ’
1653 434 1825 503 ὑμῶν.

1944 449 2091 486 mone
2141 431 2466 486 adulationis
2493 471 2508 496 ,
2546 432 2681 485 sicut
2739 433 2886 485 scitis
2917 448 2934 485 :
2971 448 3129 502 neque
3154 433 3206 485 in
3239 434 3510 486 occasione

263 530 404 582 οὔτε
428 528 528 582 ἀπ’
557 527 784 580 ἄλλων.

338 704 395 758 Ξ.
413 704 468 756 '0
496 703 676 756 τοίνυν
708 700 909 754 τούτων
939 701 1045 754 τῶν
1074 701 1261 754 παθῶν
1278 703 1617 773 καθαρεύων,
1635 703 1753 773 τάχ’
1773 704 1837 757 ἂν

261 797 361 865 τὴν
397 795 617 864 ὁδηγίαν
660 792 892 864 ἀπλανῆ,
943 792 1122 863 ἐαυτῷ
1173 809 1233 844 τε
1278 792 1541 862 ἔμμισθον
1594 794 1689 844 καὶ
1727 794 1838 855 τοῖς

262 886 551 954 ἑπομένοις
586 887 852 955 σωτήριον
895 884 1245 938 ἐκτελέσειεν.
1283 885 1341 936 ὐ
1379 883 1486 954 γὰρ
1519 883 1593 953 μὴ
1641 882 1726 936 διά
1761 901 1837 936 τι-

260 993 359 1039 νας
390 975 555 1045 τιμὰς
585 975 928 1046 ἀνθρωπίνας
963 975 1096 1045 μήτε
1146 974 1206 1026 τὸ
1246 973 1688 1044 ἀπρόσκρουστον
1725 974 1834 1035 τοῖς

261 1067 666 1137 ἁμαρτάνουσιν
699 1067 836 1136 ὑπὲρ
862 1065 954 1117 τοῦ
983 1065 1112 1136 ἡδὺς
1160 1066 1342 1126 αὐτοῖς
1375 1061 1512 1116 εἶναι
1544 1063 1636 1115 καὶ
1667 1079 1831 1132 κεχα-

263 1159 517 1230 ρισμένος
543 1157 896 1228 ἐπιτηδεύων,
944 1156 1109 1220 ὅντως
1153 1159 1209 1208 ἐν
1254 1155 1462 1226 ἀγάπῃ,
1507 1155 1644 1226 μετά
1691 1157 1833 1225 παῤ-

263 1252 459 1321 ρησίας
493 1249 815 1321 πρεσϐεύσει
853 1248 942 1302 τὸν
992 1247 1148 1318 λόγον
1190 1248 1580 1317 ἀκαπηλευτως
1631 1247 1723 1298 καὶ
1759 1249 1835 1298 εί-

259 1340 539 1412 λικρινῶς,
572 1343 644 1412 μὴ
673 1341 990 1411 αἱρούμενος
1034 1341 1092 1393 ἐν
1142 1341 1330 1412 μηδενὶ
1354 1338 1537 1392 δολοῦν
1572 1340 1672 1408 τὴν
1699 1339 1832 1408 ἀλή-

255 1432 446 1486 Θειανο
485 1433 624 1485 ὥστε
655 1433 893 1503 ἁρμόσαι
927 1431 1073 1502 αὐτῷ
1119 1433 1211 1484 καὶ
1256 1432 1325 1485 τά
1370 1430 1495 1501 ἑξῆς
1531 1432 1792 1502 εἰρημένα
1814 1445 1828 1459 ’

270 1527 434 1578 Ἀλλ’
460 1524 825 1592 ἐγενήθημεν
860 1523 1022 1592 ἤπιοι
1059 1526 1130 1576 ἐν
1165 1525 1332 1593 μέσῳ
1357 1521 1540 1592 ὑμῶν,
1582 1524 1682 1589 ὡς,
1724 1522 1832 1575 ἐὰν

253 1616 474 1684 τροφὸς
507 1615 707 1682 θάλπῃ
761 1616 832 1669 τὰ
869 1614 1088 1683 ἑαυτῆς
1125 1615 1338 1677 τέκνα,
1393 1615 1578 1680 οὕτως
1617 1614 1828 1682 ἱμειρό-

250 1723 423 1776 μενοι
453 1706 530 1776 (7)
561 1705 746 1776 ὑμῶν,
774 1707 1139 1775 εὐδοκοῦμεν
1175 1706 1534 1776 μεταδοῦναι
1573 1706 1714 1774 ὑμῖν
1755 1708 1827 1759 οὺ

1941 525 2206 586 avaritiae,
2235 522 2375 576 Deus
2404 524 2550 576 testis
2578 531 2656 574 est
2680 537 2698 574 :
2731 538 2822 575 nec
2859 533 3148 592 quwrentes
3184 523 3247 576 ab
3279 522 3509 576 homini-

1940 613 2034 666 bus
2056 613 2302 682 gloriam,
2327 629 2488 682 neque
2521 630 2553 666 a
2579 612 2741 675 vobis,
2779 629 2940 681 neque
2961 613 3024 665 ab
3051 613 3172 667 aliis
3202 615 3266 668 ⁸⁵.

2005 704 2060 758 2.
2103 704 2205 769 Qui
2255 720 2384 772 ergo
2433 706 2502 759 ab
2539 705 2626 759 his
2667 704 2816 758 vitiis
2867 719 3039 774 purus
3087 714 3203 768 est,
3237 706 3375 761 forte
3406 705 3509 760 du-

1938 805 2084 850 ctum
2115 795 2412 850 errationis
2442 803 2755 864 expertem,
2804 794 3019 862 sibique
3059 794 3422 860 fructuosum,
3454 804 3509 849 et

1938 894 1996 932 se
2027 881 2378 948 sequentibus
2407 881 2698 934 salutarem
2727 889 2982 948 praastat'e
3007 880 3224 948 poterit.
3245 880 3507 949 Quisquis

1936 971 2082 1024 enim
2109 986 2234 1025 vere
2266 971 2320 1024 in
2345 972 2610 1025 charitale
2633 973 2762 1040 agit,
2789 985 2899 1024 non
2928 980 3108 1024 autem
3149 977 3367 1039 propter
3403 971 3508 1024 hu—

1935 1078 2126 1116 manus
2176 1063 2444 1133 quosdam
2488 1064 2753 1129 honores,
2809 1078 2985 1132 neque
3014 1062 3081 1116 ad
3109 1062 3381 1116 vitandam
3414 1064 3509 1117 de-

1936 1154 2300 1223 linquentium
2329 1154 2708 1218 odensionem,
2765 1163 2826 1208 ut
2872 1155 2953 1209 eis
2998 1153 3277 1224 jucundus
3328 1154 3417 1206 fiat
3452 1162 3507 1208 et

1935 1255 2158 1316 gratus,
2195 1247 2242 1300 is
2280 1262 2402 1300 cum
2459 1247 2676 1301 dicendi
2722 1248 2976 1302 libertate
3025 1250 3239 1302 sincere
3289 1257 3340 1302 et
3373 1261 3506 1317 pure

1935 1339 2248 1407 prolaturus
2293 1349 2376 1394 est
2425 1355 2753 1402 sermonem,
2795 1340 2996 1410 quippe
3029 1339 3122 1409 qui
3175 1341 3228 1392 in
3289 1339 3398 1393 ulla
3447 1355 3508 1394 re

1934 1432 2216 1485 veritatem
2275 1432 2582 1486 adulterare
2632 1433 2786 1486 nolit.
2847 1433 3210 1497 Quamobrem
3259 1433 3309 1486 ei
3340 1433 3505 1486 etiam

1935 1523 2266 1577 conveniunt
2301 1539 2421 1591 qua:
2449 1523 2681 1578 subinde
2713 1524 2858 1576 dicta
2909 1535 3035 1578 sunt
3063 1542 3076 1577 :
3108 1521 3211 1576 Sed
3249 1522 3384 1591 facti
3415 1539 3508 1575 su-

1935 1630 2051 1668 mus
2098 1615 2304 1682 parvuli
2335 1616 2389 1667 in
2435 1615 2603 1669 medio
2633 1623 2894 1677 vestrum,
2954 1625 3202 1684 tanquam
3235 1616 3281 1666 si
3322 1613 3507 1666 nutrix

1935 1705 2103 1770 foveat
2135 1706 2275 1774 ﬁlios
2315 1721 2475 1760 suos:
2510 1707 2586 1759 ita
2616 1706 2974 1760 desiderantes
3005 1722 3093 1760 vos
3127 1706 3333 1774 cupide,
3367 1706 3508 1761 vole-

250 1802 445 1869 μόνον
487 1801 553 1852 τὸ
593 1801 961 1869 [εὐαγγέλιον
997 1799 1100 1854 τοῦ
1150 1799 1317 1861 Θεοῦ,
1369 1800 1531 1854 ἀλλὰ
1576 1799 1674 1852 καὶ
1723 1798 1825 1863 τὰς

1936 1797 2112 1852 bamus
2143 1798 2350 1852 tradere
2383 1799 2524 1852 vobis
2565 1816 2670 1853 non
2697 1800 2865 1853 solum
2892 1798 3230 1870 Evangelium
3271 1798 3384 1863 Dei,
3415 1798 3506 1853 sed

252 1893 486 1947 ἑαυτῶν
517 1893 740 1963 ψυχάς.
795 1896 850 1946 'U
884 1895 937 1946 δὲ
973 1895 1047 1964 μὴ
1095 1893 1264 1956 οὕτως
1309 1893 1448 1962 ἔχων
1490 1892 1678 1962 όδηγός
1717 1893 1830 1944 ἐστι

250 1983 476 2052 τυφλὸς,
511 1985 703 2035 ἑαυτόν
748 1999 807 2036 τε
855 1982 1330 2054 κατακρημνίζων,
1365 1981 1457 2034 καὶ
1489 1983 1612 2044 τοὺς
1643 1983 1832 2052 ἑπομέ-

248 2091 374 2136 νους
407 2074 846 2144 συνεπαγόμενος
873 2075 969 2144 (8).
1002 2075 1165 2128 Ὅσον
1217 2075 1315 2143 μὲν
1359 2069 1452 2126 οὖν
1495 2073 1614 2126 ἐστι
1662 2073 1830 2127 κακὸν

249 2166 370 2217 ἀντὶ
414 2165 639 2235 ὁδηγίας
693 2165 898 2235 πλάνης
951 2165 1123 2218 αἴτιον
1172 2164 1250 2234 τῷ
1303 2163 1513 2234 ἀδελφῷ
1554 2162 1827 2231 γενέσθαι,

251 2260 483 2329 συνορᾷν
513 2258 722 2322 ἔξεστιν
765 2261 828 2312 ἐκ
880 2260 986 2312 τῶν
1039 2260 1362 2331 εἰρημένων.
1398 2259 1629 2330 Σημεῖον
1662 2260 1735 2328 (9)
1773 2261 1830 2314 δέ

249 2353 366 2403 ἐστι
390 2351 551 2404 τοῦτο
573 2353 666 2405 τοῦ
697 2355 791 2405 καὶ
823 2352 920 2423 τὴν
943 2353 1162 2423 ἐντολὴν
1201 2353 1300 2422 τῆς
1333 2353 1555 2422 ἀγάπης
1594 2353 1828 2422 ἀκατόρ-

249 2443 422 2497 θωτον
465 2439 639 2496 εἶναι·
681 2445 855 2507 οὐδεὶς
893 2445 1000 2516 γὰρ
1041 2446 1221 2516 πατὴρ
1263 2448 1491 2516 περιορᾷ
1542 2446 1602 2497 τὸ
1637 2445 1829 2498 ἐαυτοῦ

247 2533 436 2585 τέκνον
478 2533 670 2603 μέλλον
707 2534 1066 2588 καταπίπτειν
1105 2537 1185 2598 είς
1226 2535 1466 2605 βόθυνον,
1515 2536 1546 2606 ἢ
1592 2533 1830 2605 ἐμπεσὸν

251 2625 507 2695 ἑναφίησι
531 2625 610 2694 τῷ
645 2624 922 2697 πτώματι.
953 2625 1125 2678 Πόσον
1149 2626 1205 2678 δέ
1227 2626 1526 2695 δεινότερον
1547 2625 1722 2694 ψυχὴν
1752 2627 1832 2688 είς

254 2713 414 2783 βάθος
446 2713 555 2784 (10)
590 2714 776 2768 κακῶν
810 2716 1187 2785 ἐμπίπτουσαν
1225 2715 1550 2786 ἐναφεθῆναι
1580 2718 1644 2786 τῇ
1679 2717 1832 2768 ἀπω-

249 2805 387 2875 λείᾳ,
415 2805 468 2857 τί
493 2806 574 2858 δεῖ
598 2808 691 2859 καὶ
728 2807 935 2875 λέγεινς
975 2807 1302 2870 Ὑπεύθυνος
1329 2804 1420 2860 οὖν
1445 2811 1559 2860 ἐστι
1590 2811 1654 2878 τῇ
1687 2807 1834 2861 ἀδελ·

253 2899 442 2966 φάτητι
467 2900 769 2968 ἀγρυπνεῖν
797 2900 936 2972 ὑπὲρ
965 2901 1072 2953 τῶν
1105 2901 1291 2971 ψυχῶν
1323 2901 1521 2960 αὐτῶν,
1559 2903 1652 2953 καὶ
1677 2919 1830 2972 μερι-

252 2990 390 3059 μνᾷν
422 2988 493 3041 τὰ
533 2989 670 3059 πρὸς
713 2990 984 3060 σωτηρίαν
1018 2990 1268 3050 ἑκάστου.
1303 2990 1378 3053 ὡς
1421 2989 1576 3058 λόγον
1613 2988 1830 3042 ἀποδώ-

250 3098 388 3134 σων·
427 3083 698 3152 μεριμνᾷν
726 3081 836 3152 (Η)
878 3082 934 3135 δέ
974 3083 1064 3134 ἐπὶ
1108 3081 1379 3144 τοσοῦτον,
1413 3081 1489 3144 ὠς
1527 3083 1621 3134 καὶ
1666 3082 1827 3151 μέχρι

249 3174 482 3228 θανάτου
515 3174 614 3244 τὴν
645 3173 786 3243 ὑπὲρ
823 3174 999 3228 αὐτῶν
1044 3175 1277 3246 σπουδὴν
1311 3173 1730 3237 ἐπιδείκνυσθαι,
1764 3175 1824 3225 οὐ

250 3267 412 3337 μόνον
441 3267 583 3320 κατὰ
613 3268 702 3320 τὸν
734 3267 909 3319 κοινὸν
936 3271 1069 3339 πρὸς
1099 3269 1308 3331 πάντας
1346 3267 1444 3338 τῆς
1484 3267 1702 3338 ἀγάπης
1731 3266 1825 3319 τοῦ

249 3360 453 3429 Κυρίου
480 3359 658 3427 λόγον,
681 3361 805 3412 Ἵνα
836 3378 922 3426 τις
953 3361 1067 3426 τὴν
1093 3358 1306 3428 ψυχὴν
1331 3358 1517 3413 αὑτοῦ
1559 3356 1634 3426 θῇ
1672 3359 1825 3425 ὑπὲρ

249 3450 364 3504 τῶν
390 3452 589 3520 φίλων
623 3451 841 3515 αὐτοῦ,
891 3451 1028 3506 ἀ).λά
1072 3452 1213 3506 κατά
1260 3451 1369 3522 (12)
1416 3452 1509 3504 τὸν
1551 3451 1680 3504 ἴδιον
1730 3452 1824 3504 τοῦ

248 3543 494 3605 εἰπόντος
514 3560 527 3572 ·
571 3543 935 3612 Ἱμειρόμενοι
996 3544 1162 3613 ὑμῶν
1225 3543 1593 3613 εὐδοκοῦμεν
1651 3562 1826 3614 μετα-

247 3635 457 3688 δοῦναι
484 3633 628 3702 ὑμῖν
663 3637 735 3688 οὺ
763 3637 956 3703 μόνον
999 3636 1063 3689 τὸ
1103 3635 1470 3706 ΕὺαΠέλιον
1502 3635 1608 3690 τοῦ
1652 3636 1822 3705 Θεοῦ,

245 3727 405 3781 ἀλλὰ
439 3725 541 3780 καὶ
576 3726 684 3792 τὰς
707 3726 1192 3797 ἑαυτῶνοψνυχιίς.

778 3926 1113 3980 sparum}:
1149 3930 1294 3996 κεῖν.

246 4016 382 4084 Περὶ
409 4015 518 4069 τοῦ
548 4015 744 4089 πάντα
778 4018 874 4069 καὶ
912 4018 983 4071 τὰ
1009 4021 1238 4086 κρυπτὰ
1264 4019 1374 4087 τῆς
1401 4019 1648 4089 καρδίας
1679 4022 1824 4076 ἀνα-

659 4087 921 4140 τίθεσθαι
955 4089 1034 4152 τῷ
1065 4090 1411 4157 προεστῶτι.

839 4200 1227 4255 ΑΠΟΚΙῚΣΙΣ.

313 4291 406 4343 Δεῖ
428 4290 488 4341 δέ
518 4290 627 4359 (15)
655 4291 748 4342 καὶ
781 4290 890 4344 τῶν
922 4292 1372 4361 ὑποτεταγμένων
1408 4293 1657 4356 ἕκαστον,
1687 4294 1818 4362 εἴγε

1930 1891 2088 1943 etiam
2122 1892 2328 1944 animas
2360 1901 2571 1945 nostras
2607 1893 2676 1946 ³⁸.
2718 1891 2821 1957 Qui
2854 1906 2982 1946 vero
3010 1907 3118 1946 non
3157 1891 3232 1945 ita
3263 1907 3382 1947 sese
3415 1907 3497 1962 ge-

1930 1983 2023 2045 rit,
2056 1981 2166 2034 dux
2195 1991 2278 2036 est
2299 1997 2500 2045 czecus,
2540 1989 2594 2038 et
2621 1984 2858 2052 seipsum
2898 1983 2993 2036 dat
3038 1983 3404 2052 prazcipitem,
3451 1989 3507 2036 et

1931 2082 2217 2140 sequentes
2251 2073 2412 2128 simul
2445 2075 2632 2127 trahit.
2662 2073 2939 2139 Quantum
2979 2075 3145 2144 igitur
3175 2075 3374 2127 malum
3410 2074 3503 2134 sit.

1931 2160 2088 2215 fratri
2125 2178 2247 2216 esse
2277 2170 2559 2217 auctorem
2591 2162 2808 2217 errandi
2845 2163 2968 2218 loco
3011 2163 3146 2218 recti
3177 2163 3398 2227 ductus,
3435 2177 3505 2216 ex

1929 2254 2093 2310 dictis
2125 2255 2350 2325 intelligi
2377 2263 2577 2325 potest.
2611 2255 2726 2310 Hoc
2753 2264 3016 2326 prurterea
3059 2255 3263 2310 indicio
3300 2265 3384 2309 est
3409 2269 3505 2308 ne-

1930 2362 2035 2415 que
2065 2348 2250 2416 perlici
2283 2348 2592 2402 dilectionis
2618 2348 2934 2402 mandatum
2964 2365 2978 2401 :
3017 2348 3288 2417 siquidem
3321 2346 3504 2401 nullus

1931 2448 2084 2507 pater
2116 2438 2284 2492 filium
2313 2454 2496 2502 suum,
2533 2440 2578 2494 si
2617 2442 2673 2494 in
2727 2439 2938 2494 foveam
2969 2454 3200 2494 casurus
3231 2439 3321 2500 sit,
3343 2438 3502 2491 dese-

1931 2537 2023 2598 rit,
2056 2550 2231 2605 neque
2255 2544 2542 2606 postquam
2587 2537 2774 2608 lapsus
2810 2548 2913 2601 est,
2945 2552 3070 2591 eum
3105 2539 3160 2591 in
3216 2538 3372 2591 ruina
3405 2536 3502 2590 de-

1930 2627 2210 2696 relinquit.
2279 2629 2494 2693 Quanto
2543 2639 2723 2685 autem
2780 2630 2951 2700 magis
3001 2629 3332 2684 horrendum
3391 2629 3500 2689 sit,

1931 2720 2167 2773 animam
2207 2721 2260 2774 in
2289 2723 2561 2776 malorum
2593 2723 2844 2794 abyssum
2876 2723 3152 2792 delapsam
3186 2722 3416 2790 relinqui
3444 2721 3498 2774 in

1929 2811 2129 2874 exitio,
2177 2810 2308 2880 quid
2363 2813 2475 2882 jam
2511 2814 2706 2867 attinet
2737 2814 2961 2868 dicere?
3000 2813 3165 2868 Debet
3200 2813 3365 2882 igitur
3402 2827 3502 2882 pro

1931 2900 2160 2954 fratrum
2201 2902 2490 2958 animabus
2525 2903 2768 2973 vigilare,
2799 2912 2853 2958 et
2899 2911 3155 2972 tanquam
3195 2904 3286 2972 qui
3335 2903 3499 2956 ratio-

1931 3007 2054 3046 nem
2081 2993 2393 3048 redditurus
2444 2995 2538 3062 sit,
2574 3011 2638 3047 ea
2669 3009 2792 3064 quae
2841 2994 2908 3048 ad
2954 2994 3221 3063 cujusque
3267 2993 3499 3047 salutem

1935 3083 2174 3148 faciunt,
2214 3100 2430 3140 curare.
2475 3087 2586 3140 lino
2619 3087 2687 3142 de
2717 3087 2803 3140 his
2840 3087 2915 3141 ita
2952 3086 3224 3142 sollicitus
3249 3101 3372 3140 esse
3410 3085 3500 3139 de-

1854 3142 1896 3198 C
1929 3172 2039 3236 bet,
2066 3181 2125 3228 ut
2148 3175 2310 3228 etiam
2343 3178 2407 3230 ad
2441 3185 2669 3232 mortem
2703 3161 2880 3248 usque
2907 3193 3067 3231 suum
3101 3193 3200 3246 pro
3227 3178 3360 3247 ipsis
3385 3185 3497 3231 stu-

1924 3262 2073 3317 dium
2105 3267 2379 3328 ostendat,
2410 3267 2567 3336 371
2594 3282 2702 3322 non
2727 3269 2886 3322 modo
2932 3270 3004 3323 ob
3039 3283 3103 3322 ea
3135 3284 3255 3335 quae
3282 3269 3348 3322 de
3375 3268 3497 3322 cha-

1925 3357 2086 3410 ritate
2140 3373 2171 3411 a
2225 3357 2452 3414 Domino
2513 3361 2811 3429 generatim
2850 3360 3106 3414 omnibus
3151 3361 3294 3415 dicta
3349 3368 3496 3423 sunt,

1923 3465 2156 3518 nempe,
2226 3449 2292 3503 Ut
2339 3452 2571 3504 animant
2603 3469 2754 3506 suam
2802 3462 2964 3521 ponat
3013 3454 3128 3522 quis
3165 3467 3259 3520 pro
3312 3453 3495 3506 amicis

1921 3541 2033 3594 suis
2065 3541 2107 3571 ³⁷
2134 3581 2148 3606 ,
2200 3542 2294 3596 sed
2329 3544 2492 3596 etiam
2527 3543 2598 3597 ob
2637 3544 2968 3612 peculiarem
3008 3544 3200 3613 agendi
3234 3545 3493 3597 rationem

1923 3628 2088 3694 illius,
2120 3631 2213 3701 qui
2234 3631 2414 3686 dixit:
2451 3631 2821 3688 Desiderantes
2857 3651 2942 3688 vos
2961 3635 3165 3700 cupide,
3198 3633 3492 3688 volebamus

1923 3721 2128 3776 tradere
2164 3723 2304 3777 vobis
2332 3741 2435 3778 non
2464 3725 2635 3778 solum
2673 3725 3015 3794 Evangelium
3055 3725 3176 3792 Dei,
3212 3725 3300 3781 sed
3336 3727 3492 3780 etiam

1921 3813 2128 3869 animus
2161 3825 2374 3870 nostras
2406 3817 2471 3868 ³⁸.

2338 3928 2851 3985 INTERROGATIO
2891 3929 3079 3986 XXVI.

1957 4025 2109 4092 Quod
2165 4024 2342 4078 omnia
2383 4025 2544 4077 etiam
2587 4023 2760 4076 cordis
2800 4039 2995 4076 arcana
3028 4023 3132 4077 sint
3170 4023 3452 4090 [imposito

2547 4093 2854 4162 detegenda.
2933 4149 2936 4153 ,

2502 4205 2907 4261 RESPONSIO.

1989 4297 2377 4369 Unusquisque
2410 4309 2590 4353 autem
2639 4315 2827 4354 eorum
2878 4301 2970 4370 qui
3006 4300 3210 4355 subditi
3245 4310 3408 4363 sunt,
3445 4316 3487 4354 si

219 4380 431 4450 -μέλλοι
474 4379 752 4447 ἀξιόλογον
807 4381 1087 4452 προκοπὴν
1135 4382 1560 4449 ἐπιδείκνυσθαι,
1619 4385 1712 4438 καὶ
1759 4387 1819 4438 ἐν

1936 4393 2080 4448 nodo
2113 4393 2413 4462 profectum
2443 4393 2698 4448 eximium
2747 4394 2876 4449 velit
2929 4393 3137 4458 facere,
3188 4401 3242 4448 et
3275 4395 3328 4448 in
3367 4395 3485 4463 eius

246 4472 356 4537 ἕξει
390 4471 495 4540 τῆς
540 4472 682 4525 κατά
722 4471 790 4526 τὰ
844 4473 1236 4542 προστάγματα
1280 4473 1372 4527 τοῦ
1416 4476 1620 4546 Κυρίου
1662 4477 1820 4546 ήμῶν

1936 4483 2046 4536 vitae
2077 4499 2196 4552 qua:
2223 4500 2290 4537 ex
2321 4483 2531 4538 Domini
2585 4487 2758 4540 nostri
2787 4484 2915 4540 Jesu
2961 4485 3161 4541 Christi
3206 4488 3484 4556 praeceptis

256 4561 431 4633 Ἰησοῦ
485 4563 718 4634 Χριστοῦ
768 4565 909 4634 ζωῆς
949 4564 1220 4631 γενέσθαι,
1273 4567 1439 4636 μηδὲν
1485 4568 1582 4636 μὲν
1636 4568 1815 4638 ψυχῆς

1936 4573 2274 4644 :ransigitur,
2331 4574 2484 4628 firmo
2528 4583 2581 4630 et
2637 4575 2815 4630 stabili
2877 4584 3018 4630 statu
3055 4577 3299 4642 versari,
3331 4576 3482 4632 debe'

245 4656 452 4726 κίνημα
503 4657 821 4725 ἀπόκρυφον
867 4656 1157 4726 φυλάσσειν
1203 4658 1332 4728 παρ’
1370 4657 1568 4728 ἐαυτῷ,
1617 4659 1821 4730 μηδένα

1936 4679 2095 4732 teque
2120 4673 2324 4718 motum
2350 4664 2516 4718 ullum
2551 4665 2744 4719 animte
2770 4668 3045 4721 occultum
3081 4667 3220 4736 apud
3247 4667 3488 4735 seipsum

242 4747 296 4799 δὲ
352 4748 511 4817 λόγον
555 4748 931 4809 ἀῦασανίστως
969 4748 1274 4819 προΐεσθαι,
1319 4749 1433 4801 ἀλλ’
1471 4749 1820 4820 ἀπογυμνοῦν

1936 4768 2170 4818 tervare,
2222 4770 2398 4824 neque
2432 4759 2654 4811 verbum
2706 4759 2874 4812 ullum
2929 4758 3334 4812 inc-misiderate
3371 4772 3489 4827 pro-

240 4839 307 4892 τὰ
335 4839 560 4911 κρυπτά
580 4839 680 4909 τῆς
702 4839 927 4910 καρδίας
948 4841 1060 4902 τοῖς
1087 4839 1542 4910 πεπιστευμένοις
1567 4840 1679 4910 (li)
1711 4841 1819 4894 τῶν

1936 4842 2062 4899 'erre
2083 4886 2099 4910 ,
2135 4845 2231 4899 sed
2266 4845 2418 4899 hisce
2448 4844 2714 4902 fratribus
2735 4886 2750 4912 ,
2795 4848 2888 4917 qui
2925 4847 3156 4901 infirmis
3182 4846 3412 4916 benigne
3435 4857 3487 4900 et

308 4995 354 5026 ³⁵
395 4996 416 5049 l
454 4993 647 5048 Thess.
687 5010 748 5056 ιι,
783 4994 850 5060 5,
887 4993 939 5048 6.
1017 4994 1062 5025 ³⁸
1101 4994 1234 5048 ibid.
1273 4995 1323 5059 7,
1355 4995 1409 5050 8.
1486 4996 1528 5028 ³⁷
1567 4995 1728 5051 Joan.
1766 5013 1825 5052 xv

1936 4998 1982 5053 5.
2057 5001 2101 5030 ³⁸
2143 4999 2160 5053 Ι
2197 4998 2395 5056 Thess.
2430 5017 2488 5066 ιι,
2526 5002 2579 5056 8.

309 5133 384 5205 (7)
420 5131 605 5205 gadet
640 5130 800 5205 Voss.
827 5147 943 5205 una
978 5148 1105 5205 cum
1131 5133 1288 5186 holb.
1319 5133 1686 5205 ὀμειρόμενοι.

311 5199 385 5274 (ς)
424 5199 558 5271 Reg.
587 5203 793 5270 primus
819 5202 1114 5284 ἑπομένους
1141 5199 1602 5274 συναπαγόμενος.
1628 5204 1812 5259 Codex

239 5272 391 5327 Colb.
427 5273 723 5327 ἑπομένους
753 5274 922 5327 αὐτω.

283 5289 391 5327 011).
427 5289 723 5327 επομενους
753 5289 922 5327 αυτω.

307 5291 391 5327 ιιι).
427 5291 723 5340 επομενους
753 5291 922 5342 αυτῳ.

307 5344 383 5409 (9)
401 5412 404 5413 ν
419 5341 697 5396 Editiones
723 5350 932 5396 veteres
955 5349 1010 5396 et
1029 5343 1161 5412 Reg.
1185 5343 1460 5398 secundus
1481 5343 1804 5413 είρημένων.

239 5412 485 5483 Σημείων
519 5414 760 5483 σημεῖον.
809 5415 873 5465 At
919 5414 972 5466 in
1003 5414 1125 5467 aliis
1165 5414 1338 5467 tribus
1385 5412 1662 5483 mss.’vox
1710 5430 1806 5482 ση-

241 5482 603 5549 μεῖονσώιεεις
634 5491 688 5536 et
719 5485 792 5534 ita
831 5483 932 5549 legi
973 5484 1172 5537 debere
1205 5493 1352 5552 puto.
1385 5482 1518 5536 Nam
1551 5498 1668 5536 eam
1710 5500 1806 5535 vo-

237 5566 348 5604 cem
383 5552 679 5624 παρέλκειν
707 5553 1000 5624 obscurum
1035 5569 1142 5606 non
1185 5561 1289 5607 est.
1337 5552 1467 5624 Reg.
1498 5553 1693 5607 tertius
1719 5553 1805 5617 ἕξ-

235 5633 381 5693 ιστιν
403 5624 483 5693 ἐκ-
495 5621 604 5693 τῶν
631 5623 919 5693 ὁρωμένων
931 5639 1017 5693 Δίση
1027 5626 1192 5693 μεῖον.

300 5669 1304 5763 {gsgeaa'vsggiasatiata...
1446 5691 1606 5762 βάθη.

302 5760 414 5831 (ll)
446 5759 667 5817 Veteres
694 5761 805 5818 duo
837 5762 957 5816 libri
987 5759 1040 5819 ei
1066 5759 1196 5818 editi
1223 5759 1531 5816 ἀποδώσωνο
1566 5759 1662 5818 καί
1710 5783 1801 5836 με·

1920 5137 2298 5209 ριμνᾷνηῐὶειε.
2334 5141 2542 5209 primus
2565 5149 2617 5193 et
2647 5139 2798 5193 Colb.
2826 5140 2918 5199 ita,
2946 5151 3002 5193 ut
3028 5140 3318 5194 edidimus.

1985 5208 2095 5276 (l2)
2130 5208 2308 5262 Codex
2337 5208 2503 5264 Colb.
2537 5210 2671 5263 ἀλλά
2703 5210 2794 5262 καὶ
2826 5211 2982 5263 κατὰ.
3023 5212 3220 5265 Ibidem
3253 5212 3392 5265 idem
3418 5211 3484 5264 li-

1914 5274 2410 5348 δοήόμειρόμεναι.

1983 5347 2093 5416 (15)
2135 5347 2392 5402 Voculam
2423 5348 2480 5401 δέ
2505 5349 2685 5403 addidi
2710 5365 2772 5404 ex
2811 5350 3051 5419 antiquis
3087 5350 3272 5405 tribus
3305 5351 3480 5404 libris.

1910 5414 2020 5469 Nec
2048 5414 2120 5470 ita
2158 5421 2326 5470 multo
2371 5420 2508 5471 infra
2553 5419 2661 5471 duo
2713 5437 2845 5475 mss.
2885 5414 3006 5474 cum
3042 5421 3202 5476 Voss.
3249 5421 3390 5474 κατὰ
3421 5421 3485 5474 τὸ

1911 5488 2257 5561 πρόσταγμα.
2306 5486 2558 5561 Subinde
2595 5489 2765 5544 codex
2808 5489 2966 5546 Voss.
3016 5490 3162 5561 ζωῆς
3213 5490 3475 5559 γίνεσθαι.

1913 5556 2045 5625 Reg.
2087 5556 2276 5611 tertius
2305 5557 2650 5626 γενησεσθαι.

1984 5628 2093 5704 (ιιι)
2123 5627 2260 5679 Editi
2300 5638 2352 5682 et
2393 5628 2524 5696 Heg.
2568 5631 2841 5704 secundus
2890 5633 3000 5694 τοῖς
3047 5633 3454 5704 πιστευομένοις

1910 5695 2014 5751 Alii
2048 5705 2158 5752 tres
2187 5713 2321 5752 mss.
2353 5695 2820 5770 πεπιστευμένοις.
