3948 6240
220 345 326 399 989

1317 341 1620 398 REGULE
1661 340 1912 398 FUSIUS
1951 341 2368 400 TRACTATA‘I.

3368 341 3476 402 998‘

219 457 424 531 Κυρίου
458 459 707 523 ειπόντος
733 476 746 489 ·
805 457 946 511 Ἐὰν
975 459 1008 509 ὁ
1040 457 1346 526 ὀφθαλμός
1393 473 1510 512 σου
1548 461 1580 511 ὁ
1604 456 1801 523 δεξιὸς

1919 457 2038 512 re”.
2073 458 2204 524 Quae
2233 459 2381 513 enim
2409 458 2615 513 tali—bus
2650 457 2911 512 tribuitur
2947 457 3280 521 hutnanitas,
3309 458 3458 514 insul

218 549 586 619 σκανδαλίζῇ
626 567 721 613 σε,
757 549 928 614 ἔξελε
949 549 1135 603 αὑτὸν
1153 589 1168 611 ,
1196 549 1294 602 καί
1321 549 1481 615 βάλε
1508 550 1626 604 ἀπὸ
1658 549 1790 603 σοῦ.

232 645 297 696 Ἡ
330 644 439 715 γὰρ
465 642 556 694 ἐπὶ
591 643 700 695 τῶν
730 640 984 694 τοιούτων
1015 639 1396 711 φιλανθρωπία
1436 640 1800 711 παραπλησία

218 735 340 787 ἐστὶ
369 736 435 804 τῇ
461 732 775 803 ἀπαιδεύτῳ
810 732 1134 802 χρηστότητι
1171 731 1265 784 τοῦ
1307 731 1488 792 Ἠλεὶ,
1531 724 1676 804 ᾗπερ
1708 729 1800 782 ἐπὶ

217 825 328 878 τῶν
383 823 516 876 υἱῶν
571 824 720 894 παρά
772 823 832 875 τὸ
875 823 1108 894 ἀρέσκον
1163 822 1240 892 τῷ
1293 821 1412 892 Θεῷ
1459 822 1802 892 χρησάμενος

218 916 523 984 ἐλέγχεται.
552 912 819 985 Προδοσία
846 909 937 966 οὖν
962 915 1077 965 ἐστι
1110 913 1207 983 τῆς
1233 911 1490 982 ἀληθείας
1512 951 1524 970 ,
1557 911 1652 964 καὶ
1689 911 1803 962 ἐπι-

216 1005 389 1076 δουλὴ
427 1004 522 1056 τοῦ
553 1003 762 1066 κοινοῦ,
798 1004 892 1057 καὶ
920 1002 1145 1074 ἐθισμὸς
1186 1003 1321 1074 πρὸς
1349 1001 1670 1072 ἀδιαφορίαν
1703 1019 1803 1054 κα-

216 1099 368 1160 κῶν,
424 1099 459 1169 ἡ
496 1098 633 1168 πρὸς
667 1097 794 1160 τοὺς
841 1096 1312 1168 πονηρευομένους
1354 1095 1799 1166 ἐσχηματισμένη

217 1190 530 1261 χρηστότης
549 1230 563 1254 ,
599 1187 794 1258 μηκέτι
821 1187 918 1258 μὲν
946 1186 1227 1256 γινομένου
1256 1184 1350 1239 τοῦ
1377 1183 1763 1256 γεγραμμένου
1785 1197 1798 1210 ’

215 1281 322 1334 Διὰ
350 1281 408 1333 τί
439 1281 574 1346 οὐχί
603 1279 712 1350 (22)
741 1278 980 1348 μᾶλλον
1002 1275 1373 1343 ἐπενθήσατε
1399 1317 1412 1340 ,
1455 1277 1555 1329 ἵνα
1580 1274 1802 1343 ἐξαρθῇ

214 1375 285 1427 ἐκ
339 1373 539 1442 μέσου
595 1371 762 1442 ὑμῶν
818 1376 852 1426 ὀ
906 1371 974 1424 τὸ
1028 1370 1204 1441 ἔργον
1260 1370 1437 1423 τοῦτο
1491 1369 1802 1435 namque;

217 1465 614 1536 συμϐαίνοντος
643 1465 698 1517 δὲ
730 1465 789 1531 ἐξ
829 1464 1074 1534 ἀνάγκης
1110 1461 1206 1515 τοῦ
1242 1461 1638 1533 ἐπιφερομένου
1663 1501 1678 1524 ,
1719 1461 1802 1513 ὅτι

215 1553 414 1622 Μικρὰ
470 1552 615 1622 ζύμη
674 1553 822 1608 ὅλον
873 1554 940 1607 τὸ
992 1554 1232 1623 φύραμα
1293 1551 1475 1621 ζυμοῖ.
1538 1550 1688 1616 Τοὺς
1735 1549 1804 1603 δὲ

214 1645 672 1715 ἁμαρτάνοντας
694 1687 709 1709 ,
739 1647 902 1715 φησὶν
933 1645 960 1697 6
997 1643 1314 1706 Ἀπόστολος
1334 1682 1348 1706 ,
1371 1641 1628 1695 ἐνώπιον
1654 1641 1804 1695 πάν-

214 1757 336 1791 των
362 1738 576 1807 ἔλεγχε
599 1756 610 1767 ·
654 1737 749 1790 καὶ
775 1737 874 1808 τὴν
904 1737 1083 1790 αἰτίαν
1117 1735 1278 1797 εὐθὺς
1318 1735 1514 1802 ἐπάγει
1539 1774 1554 1798 ,
1589 1732 1761 1803 λέγων
1784 1751 1796 1764 ·

216 1831 344 1885 Ἵνα
368 1831 468 1884 καί
499 1833 553 1883 ol
579 1830 778 1883 λοιποί
809 1830 995 1898 φόϐον
1026 1829 1266 1896 ἔχωσιν.

292 1920 347 1974 2.
377 1920 554 1983 Ὀλως
579 1919 635 1972 δέ
659 1920 687 1971 6
717 1917 790 1990 μὴ
826 1919 1254 1987 καταδεχόμενος
1277 1915 1375 1987 τὴν
1402 1915 1553 1986 παρὰ
1579 1915 1673 1969 τοῦ
1693 1916 1803 1987 (25)

219 2011 569 2082 προεστῶτος
623 2010 920 2082 θεραπείαν
967 2009 1386 2080 προσαγομένην
1436 2007 1582 2078 αύτῷ
1629 2007 1806 2079 ἀσύμ-

215 2105 398 2173 φωνός
429 2107 547 2156 ἐστι
567 2102 679 2174 (24)
703 2103 796 2156 καὶ
822 2102 985 2165 αὐτὸς
1012 2101 1211 2172 ἐαυτῷ.
1237 2102 1300 2154 Εἰ
1325 2101 1436 2171 γὰρ
1467 2101 1804 2170 ὑποταγῆναι

214 2199 278 2250 οὐ
311 2196 702 2265 καταδέχεται,
746 2197 842 2248 καὶ
879 2194 940 2246 τὸ
981 2193 1175 2247 ἐαυτοῦ
1218 2193 1429 2265 θέλημα
1465 2193 1700 2257 ἐκδικεί,
1752 2193 1805 2246 τί

217 2289 317 2343 καὶ
367 2288 488 2340 ἐστὶ
539 2289 656 2356 μετ’
702 2285 902 2351 αὐτοῦ;
947 2285 998 2338 τί
1049 2286 1146 2338 καὶ
1176 2285 1486 2357 προστάτην
1514 2285 1676 2338 αὐτὸν
1707 2284 1805 2353 τῆς

217 2380 421 2434 ἑαυτοῦ
470 2379 615 2447 ζωῆς
665 2379 1030 2449 ἐπιγράφεται
1065 2377 1219 2447 (25);
1255 2374 1705 2445 Καταδεξάμενος
1747 2373 1806 2426 δὲ

216 2474 372 2539 ἅπαξ
419 2473 850 2543 ἐγκαταλεγῆναι
889 2471 968 2542 τῷ
1022 2470 1233 2541 σώματι
1280 2470 1382 2540 τῆς
1426 2467 1802 2538 ἀδελφότητος,

219 2567 319 2618 ἐάν
366 2566 532 2637 κριθῇ
585 2565 777 2628 σκεῦος
826 2563 1076 2633 γενέσθαι
1125 2562 1456 2634 ὑπουργικὸν
1498 2561 1652 2631 (26),
1701 2559 1806 2613 κᾶν

219 2659 366 2730 ὑπὲρ
399 2657 627 2727 δύναμιν
651 2658 711 2710 τὸ
742 2657 1020 2726 ἐπίταγμα
1048 2650 1186 2708 εἶναι
1213 2653 1378 2724 δοκῇ,
1412 2652 1708 2724 ἐπιρρίψας
1745 2650 1807 2702 τὸ

218 2752 400 2820 κρῖμα
425 2747 505 2818 τῷ
537 2747 687 2817 παρά
713 2747 942 2816 δύναμιν
973 2746 1084 2815 (27)
1115 2745 1464 2798 ἐπιτάσσοντι
1489 2783 1502 2808 ,
1537 2741 1599 2794 τὸ
1626 2742 1808 2794 εὐπει-

221 2841 315 2904 θὲς
337 2840 434 2894 καὶ
455 2842 695 2910 ὑπήκοον
720 2838 848 2910 άχρι
874 2837 1104 2892 θανάτου
1133 2834 1520 2889 ἐπιδεικνύσθω
1541 2873 1556 2897 ,
1594 2849 1806 2904 μεμνη-

225 2933 390 3004 μένος
439 2932 534 2986 τοῦ
586 2932 791 3002 Κυρίου
819 2972 835 2998 ,
887 2931 969 2983 ὅτι
1021 2929 1236 2999 ἐγένετο
1295 2927 1580 2993 Ὺπήκοος
1631 2922 1808 2993 μέχρι

219 3023 488 3080 θανάτου
507 3065 521 3087 ,
553 3023 812 3078 θανάτου
851 3023 919 3076 δὲ
955 3022 1240 3090 σταυροῦ.
1272 3020 1344 3072 Τὸ
1379 3019 1435 3072 δὲ
1466 3015 1806 3088 άφηνιάζειν,

219 3116 321 3168 καὶ
343 3113 680 3183 ἀντιλέγειν,
727 3112 933 3166 πολλῶν
973 3111 1158 3166 κακῶν
1207 3109 1477 3172 ἀπόδειξιν
1523 3107 1671 3178 ἔχει,
1717 3105 1807 3159 πί-

1901 563 1975 602 sm
2015 548 2093 601 illi
2133 547 2251 602 Heli
2289 547 2612 617 benignitati
2658 553 2744 601 est
2791 545 3075 608 assimilis,
3108 559 3215 614 qua
3253 559 3383 614 erga
3415 546 3470 597 ll-

1899 642 2005 698 lios
2037 657 2168 697 suos
2195 648 2392 711 praster
2413 638 2508 695 Dei
2530 640 2863 693 voluntatem
2886 652 3042 699 usus,
3065 635 3384 706 coarguitur
3402 635 3472 688 ⁸ο.

1901 732 2203 789 Ostendere
2258 732 2444 802 itaque
2507 730 2822 785 ementitam
2862 743 2991 797 erga
3026 727 3292 796 malignos
3319 725 3470 780 beni-

1901 828 2192 897 gnitatem,
2217 833 2303 880 est
2327 824 2610 878 veritatem
2656 820 2906 893 prodere,
2942 819 3190 873 insidiari
3229 831 3473 871 commuo

1900 919 2081 981 nitati,
2113 925 2167 972 et
2200 916 2269 970 ad
2305 915 2448 968 mala
2492 912 2870 968 indiﬂ‘erenter
2915 909 3180 981 patranda
3223 906 3470 963 assuefa-

1900 1024 2045 1072 cere,
2079 1023 2204 1062 cum
2256 1006 2369 1074 jam
2415 1021 2522 1058 non
2584 1003 2678 1056 ﬁat
2709 1001 2856 1072 quod
2909 1001 3173 1068 scriptum
3201 1004 3287 1052 est
3319 1014 3333 1051 :
3364 993 3474 1071 Cur

1902 1116 2003 1152 non
2035 1098 2203 1166 magis
2239 1097 2436 1150 luctum
2468 1069 2748 1158 habuistis,
2783 1103 2840 1145 ut
2895 1091 3166 1145 tolleretur
3210 1087 3277 1141 de
3304 1069 3471 1140 medio

1901 1199 2151 1253 uestrum,
2187 1189 2276 1259 qui
2309 1188 2406 1241 hoc
2437 1203 2566 1255 opus
2621 1185 2741 1254 fecit
2763 1183 2850 1236 “'1
2901 1180 2997 1237 sed
3035 1178 3358 1235 necessario.
3381 1191 3474 1228 ac-

1900 1283 2034 1338 cidit
2087 1281 2231 1351 quod
2282 1279 2536 1335 subditur
2593 1295 2605 1328 :
2651 1276 2921 1330 Modicum
2968 1273 3280 1342 fermentum
3308 1279 3474 1322 totam

1902 1387 2135 1426 massam
2158 1369 2446 1438 corrumpit
2462 1369 2528 1420 δ’.
2577 1366 2859 1420 Peccantes
2888 1374 3084 1425 autem,
3123 1358 3302 1429 inquit
3328 1357 3473 1426 Apo-

1902 1468 2077 1522 stolus
2101 1466 2167 1528 “,
2222 1481 2403 1518 coram
2460 1461 2702 1516 omnibus
2754 1475 2948 1528 argue;
3006 1454 3302 1521 statimque
3354 1449 3478 1517 ejus

1899 1560 1977 1614 rei
2031 1572 2257 1613 causam
2315 1555 2492 1622 affert,
2535 1555 2620 1608 his
2651 1551 2876 1608 verbis:
2917 1547 2984 1602 Ut
3014 1557 3063 1602 et
3088 1545 3266 1600 cceteri
3318 1541 3446 1595 timo

1902 1666 2012 1705 rem
2057 1647 2307 1701 habeant.

1974 1912 2028 1966 2.
2077 1910 2136 1964 in
2187 1924 2400 1966 summa
2445 1916 2624 1962 autem
2682 1905 2936 1976 quisquis
2996 1901 3261 1956 medelam
3310 1896 3411 1951 sibi
3444 1911 3477 1952 α

1906 2002 2202 2074 praeposito
2236 2000 2536 2055 adhibitam
2572 2005 2813 2062 recusat,
2865 2009 3051 2050 secum
3081 1993 3197 2063 ipse
3246 1998 3472 2060 pugnat.

1905 2095 2117 2150 Etenim
2143 2093 2190 2149 si
2216 2107 2410 2162 parere
2438 2107 2546 2146 non
2576 2089 2712 2154 vult,
2747 2089 2843 2144 sed
2877 2101 3033 2144 suam
3056 2091 3244 2138 tuetur
3280 2081 3478 2134 velum

1905 2197 2094 2252 tatem,
2138 2201 2239 2240 cur
2266 2185 2488 2239 tandem
2530 2193 2655 2237 cum
2685 2197 2751 2237 eo
2797 2179 3019 2234 manet?
3053 2193 3150 2231 cur
3179 2176 3342 2230 etiam
3394 2172 3477 2242 ip-

1907 2297 2026 2338 sum
2066 2277 2298 2336 assumit
2343 2277 2467 2331 vita:
2517 2288 2630 2330 sum
2672 2269 3114 2328 moderatorem?
3159 2265 3260 2321 Ubi
3292 2272 3473 2319 autem

1907 2374 2031 2444 quis
2065 2370 2233 2426 semel
2270 2369 2326 2422 in
2367 2365 2600 2420 fratrum
2645 2379 2878 2433 corpore
2916 2357 3194 2416 numerari
3243 2370 3480 2411 consen—

1907 2468 1999 2529 sit,
2045 2464 2092 2519 si
2117 2462 2397 2532 judicetur
2429 2474 2526 2514 vas
2564 2472 2686 2512 esse
2726 2455 3033 2510 ministerio
3073 2451 3353 2508 idoneum,
3389 2454 3475 2500 ta-

1906 2559 2066 2614 metsi
2128 2554 2446 2611 mandatum
2499 2551 2646 2606 vires
2697 2560 2959 2618 superare
2997 2542 3230 2602 videtur,
3270 2539 3481 2609 judicio

1906 2652 1962 2705 in
2003 2663 2126 2704 eum
2182 2648 2276 2717 qui
2321 2645 2463 2698 ultra
2517 2643 2662 2696 vires
2698 2637 2980 2709 praecepit,
3023 2635 3250 2702 reiecto,
3291 2631 3480 2686 docili—

1907 2751 2074 2796 tatem
2117 2749 2172 2793 et
2230 2734 2594 2792 obedientiam
2635 2731 2703 2786 ad
2744 2731 3025 2784 interitum
3083 2739 3257 2793 usque
3304 2729 3482 2775 osten-

1906 2835 2021 2898 dat,
2060 2845 2270 2886 memor
2318 2825 2560 2891 Domini,
2599 2824 2692 2894 qui
2733 2821 2934 2875 Factus
2988 2827 3066 2874 est
3109 2815 3352 2870 obediem
3391 2828 3482 2864 us-

1907 2943 2004 2998 que
2051 2924 2119 2978 σά
2162 2932 2406 2982 mortem,
2457 2927 2676 2972 mortem
2715 2923 2890 2968 autem
2921 2908 3176 2964 crucis“.
3237 2903 3481 2959 rebellio

1910 2996 2091 3074 autem
2153 3024 2207 3070 et
2271 3012 2636 3068 contradictio
2695 3009 2850 3079 plura
2909 3004 3048 3058 mala
3102 3000 3300 3072 arguit,
3357 2996 3479 3050 ﬁdei

1910 3111 2182 3172 morbum,
2223 3106 2620 3162 dubitationem
2666 3103 2735 3156 de
2789 3113 2905 3169 spe.
2949 3095 3152 3150 fastum
3191 3107 3257 3147 ac
3291 3105 3480 3160 super-

221 3225 400 3271 στεως
453 3181 608 3260 νόσον
637 3246 653 3266 ,
713 3205 926 3267 ἐλπίδος
974 3201 1290 3272 ἐνδοιασμὸν
1320 3242 1335 3264 ,
1385 3200 1548 3268 ὄγκον
1600 3215 1661 3251 τε
1715 3196 1805 3250 καὶ

1919 3204 2052 3256 biam
2119 3213 2366 3254 morum.
2428 3193 2620 3263 Neque
2675 3191 2821 3246 enim
2873 3187 3164 3257 quisquam
3215 3181 3484 3235 detrectat

221 3301 608 3372 ὑπερηφανίαν
643 3299 827 3370 Ιἤθους.
866 3297 1002 3351 Οὔτε
1041 3295 1149 3366 γὰρ
1179 3291 1394 3346 ἀπειθεῖ
1431 3310 1514 3356 τις
1562 3290 1636 3362 μὴ
1671 3289 1806 3361 πρό-

220 3411 385 3462 τερον
425 3394 730 3460 καταγνοὺς
756 3390 852 3443 τοῦ
895 3387 1427 3459 συμϐουλεύσαντος,
1480 3383 1604 3436 οὔτε
1646 3383 1751 3452 μὴν
1780 3382 1808 3433 6

225 3484 505 3542 πιστεύων
550 3488 670 3549 ταῖς
713 3482 1064 3552 ἐπαγγελίαις
1111 3479 1203 3534 τοῦ
1249 3476 1418 3540 Θεοῦ,
1463 3476 1556 3530 καὶ
1587 3473 1808 3543 βεϐαίαν

221 3583 368 3653 ἔχων
396 3582 484 3634 ἐπ’
517 3581 704 3642 αὐταῖς
733 3578 830 3648 τὴν
857 3577 1044 3630 ἐλπίδα
1061 3617 1076 3642 ,
1106 3573 1210 3628 κᾶν
1237 3565 1521 3642 ἐπίποναῇ
1551 3567 1620 3621 τὰ
1642 3583 1809 3637 προσ-

224 3671 547 3741 τεταγμένα
571 3709 588 3729 ,
643 3669 944 3738 ἀποκνήσει
970 3665 1099 3718 ποτὲ
1134 3665 1268 3734 πρὸς
1296 3662 1434 3716 αὑτά
1459 3660 1604 3728 (28)·
1635 3657 1806 3721 εἰδὼς,

227 3767 354 3819 Ὅτι
378 3764 481 3816 οὐκ
510 3761 636 3827 ἄξια
659 3760 727 3814 τὰ
748 3758 1045 3829 παθήματα
1077 3753 1170 3809 τοῦ
1199 3754 1295 3808 νῦν
1319 3750 1511 3822 καιροῦ
1547 3749 1683 3820 πρὸς
1710 3750 1810 3818 τὴν

229 3856 534 3928 μέλλουσαν
576 3852 732 3916 δόξαν
773 3847 1270 3902 ἀποκαλύπτεσθαι.
1302 3845 1412 3898 Καὶ
1442 3844 1470 3894 6
1511 3839 1810 3910 πεπεισμέ-

226 3967 358 4013 νος,
396 3949 480 4001 ὅτι
524 3945 556 3998 ὁ
603 3941 874 3996 ταπεινῶν
921 3939 1112 3995 ἑαυτὸν
1157 3937 1502 4008 ὑψωθήσεται
1529 3977 1543 3993 .
1590 3932 1811 3986 πλείονα

226 4039 546 4112 προθυμίαν
574 4036 941 4090 ἐπιδείκνυται
965 4033 1067 4102 τῆς
1093 4029 1186 4084 τοῦ
1210 4029 1562 4094 ἐπιτάξαντος
1587 4025 1812 4096 προσδο-

229 4135 357 4196 κίας
382 4174 397 4196 ,
421 4130 577 4193 εἰδὼς
618 4131 724 4194 ὅτι,
752 4128 826 4180 Τὸ
855 4125 1164 4198 παραυτίκα
1190 4121 1422 4192 ἐλαφρὸν
1449 4120 1548 4189 τῆς
1581 4117 1811 4186 θλίψεως

229 4226 356 4283 καθ’
402 4220 712 4292 ὑπερϐολὴν
763 4221 842 4282 εἰς
882 4215 1188 4289 ὑπερϐολὴν
1225 4212 1335 4283 (29)
1385 4210 1601 4265 αἰώνιον
1649 4209 1812 4279 βάρος

229 4319 390 4390 εὸξ-ης
423 4311 844 4384 κατεργάζεται.

774 4422 1106 4478 ΕΡΩΤΗΣΙΣ
1148 4421 1277 4476 KG’.

231 4525 374 4596 Περὶ
427 4522 536 4577 τοῦ
580 4518 726 4591 μετὰ
756 4515 1064 4596 exciperst
1113 4513 1152 4582 ἦ
1188 4510 1531 4584 γογγυσμοῦ
1581 4509 1807 4579 ἐργαζο-

1923 4508 1996 4563 De
2043 4524 2102 4562 eo
2132 4507 2220 4576 qui
2274 4519 2392 4556 cum
2450 4501 2615 4553 animi

919 4585 1131 4654 μένου.

734 4741 740 4744 -
833 4699 1224 4754 ΑΠΟΚΡΙΣΙΣ.

306 4801 416 4857 Τοῦ
451 4799 636 4870 μέντοι
669 4793 1034 4866 γογγύσαντος
1065 4791 1098 4863 ἢ
1127 4791 1219 4843 ἐπὶ
1248 4790 1477 4859 ἐπάρσει
1510 4787 1619 4857 (50)
1654 4788 1804 4854 ἐφευ-

1911 3291 2220 3362 imperium,
2260 3288 2352 3360 qui
2383 3302 2493 3340 non
2527 3285 2679 3354 prius
2709 3275 3097 3347 contempserit
3135 3270 3353 3328 consilii
3394 3283 3484 3324 au-

1910 3397 2118 3441 ctorem
2155 3405 2167 3440 :
2211 3397 2386 3452 neque
2418 3379 2509 3450 qui
2539 3376 2715 3431 credit
2752 3373 2843 3426 Dei
2878 3365 3188 3440 promissis,
3219 3375 3484 3433 spemque

1912 3480 2123 3534 ﬁrmam
2167 3477 2220 3530 in
2261 3451 2342 3530 eis
2399 3471 2656 3543 reponit,
2718 3462 2934 3521 etiamsi
2991 3464 3264 3531 praecepta
3312 3451 3483 3506 ardua

1912 3571 2025 3625 sint
2076 3576 2130 3622 et
2177 3541 2479 3628 ditiicilia;
2528 3571 2769 3627 unquam
2818 3555 2873 3608 in
2928 3551 3065 3620 ipsis
3126 3541 3485 3603 observandis

1911 3659 2168 3729 torpebit,
2205 3671 2328 3711 cum
2387 3653 2523 3710 sciat
2573 3665 2683 3704 non
2714 3661 2837 3702 esse
2865 3641 3166 3712 condignas
3200 3635 3487 3708 passiones

1911 3726 2078 3819 huius
2125 3747 2387 3817 temporis
2426 3746 2494 3799 ad
2533 3743 2774 3797 futuram
2827 3751 2949 3807 quae
2993 3731 3329 3788 revelabitur
3369 3726 3486 3796 glo—

1913 3843 2132 3899 riam".
2164 3839 2230 3894 Et
2255 3838 2342 3894 cui
2375 3848 2697 3906 persuasum
2731 3837 2838 3894 est,
2868 3842 2992 3883 eum
3025 3824 3118 3894 qui
3165 3835 3287 3876 sese
3317 3817 3485 3872 humi-

1914 3937 2032 3999 liat,
2067 3934 2362 3990 exaltatum
2398 3930 2464 3984 iri
2485 3928 2552 3993 ⁸³,
2593 3927 2860 3995 majorem
2913 3917 3274 3975 alacritatem,
3324 3923 3486 3978 quam

1915 3997 2036 4099 quae
2083 4041 2112 4078 a
2160 4020 2513 4094 praecipiente
2557 4018 2947 4085 exspectatur,
2997 4004 3158 4076 373
3209 3997 3486 4057 ostendit,

1913 4123 2116 4194 quippe
2156 4118 2250 4188 qui
2287 4114 2422 4168 illud
2461 4127 2573 4166 non
2619 4110 2864 4179 ignoret,
2910 4099 3058 4172 quod
3109 4101 3487 4181 momentauea

1916 4193 2225 4268 aliiictionis
2257 4205 2448 4261 levitas
2467 4202 2606 4257 mira
2632 4213 2798 4269 supra
2822 4193 3043 4249 modum
3074 4197 3337 4244 aeternum
3363 4196 3488 4252 pou-

1917 4305 2021 4359 dus
2052 4301 2239 4373 gloriae
2277 4298 2456 4369 pariat
2474 4295 2541 4347 ⁸⁷.

2331 4400 2846 4464 IN'I'ERROGATIO
2890 4397 3078 4452 XXIX.

2663 4497 2888 4551 elatione
2931 4500 3022 4544 aut
3075 4480 3490 4540 murmuratione

2660 4569 2791 4637 agit.

2487 4675 2892 4736 RESPONSIO.

1997 4782 2140 4837 Sane
2197 4795 2336 4850 opus
2372 4779 2514 4846 ejus,
2570 4775 2664 4844 qui
2697 4767 3057 4826 murmuravit
3118 4767 3210 4814 aut
3235 4750 3488 4810 extulisse

289 4923 335 4952 ”
377 4916 572 4972 Matth.
606 4931 661 4979 ν,
695 4912 790 4968 29.
865 4911 910 4942 ⁶⁰
951 4908 968 4962 Ι
1001 4907 1137 4978 Reg.
1178 4923 1274 4971 Itt,
1313 4907 1423 4979 15.-
1477 4905 1578 4979 “__l
1616 4903 1741 4979 gon.
1780 4920 1807 4953 v

1919 4943 1924 4955 .
2088 4899 2222 4953 ibid.
2261 4901 2316 4951 ti.
2394 4896 2439 4926 ⁵³
2479 4893 2498 4947 ι
2531 4892 2674 4946 Tim.
2714 4908 2767 4953 v,
2799 4890 2890 4943 20.
2966 4884 3013 4917 ιδ
3052 4879 3287 4946 Philipp.
3328 4887 3362 4924 tt
3388 4909 3402 4932 ,
3437 4863 3472 4918 8

235 4992 282 5024 δ’
322 4991 483 5044 Rom.
519 4972 769 5048 vim-£8.
845 4981 890 5013 “
929 4972 1120 5033 Matth:
1157 4994 1326 5042 χχιιι,
1370 4977 1456 5032 12.
1533 4976 1574 5006 ⁸⁷
1620 4973 1660 5026 ll
1693 4975 1820 5028 Cor.
1860 4989 1932 5035 Iv,
1973 4972 2055 5024 l7.
2317 5000 2324 5008 -

311 5104 428 5173 (22)
454 5101 594 5155 Editi
618 5108 672 5154 et
688 5099 799 5173 duo
813 5113 958 5173 mss.
981 5098 1064 5150 ὅτι
1083 5096 1222 5166 οὐχί.
1248 5093 1476 5173 Alii_duo
1497 5093 1584 5146 διὰ
1604 5092 1654 5144 τί
1681 5091 1820 5173 elixi:

312 5161 431 5244 (25)
448 5173 711 5244 Antiqua
737 5169 1008 5244 editiones
1037 5175 1090 5244 et
1114 5161 1254 5244 mss.
1281 5166 1526 5244 qttitiqlte
1554 5162 1705 5232 παρὰ
1725 5161 1821 5242 τρῖ)

236 5231 494 5313 ἀδελφοῦ,
529 5261 562 5295 a
590 5231 787 5309 fratre.
813 5237 996 5313 Codex
1030 5237 1187 5291 Colb.
1224 5231 1374 5313 παρὰ
1406 5231 1501 5288 τοῦ
1539 5231 1820 5313 προεστῶ-

240 5334 354 5380 τος,
381 5303 425 5368 ἀ
459 5303 767 5380 ρτιεροείιο,
796 5310 1016 5366 melius.
1059 5318 1117 5380 ut
1149 5303 1364 5380 opinor,
1401 5317 1453 5359 et
1498 5303 1702 5358 verius.
1748 5303 1821 5359 Ita

245 5377 393 5442 enim
423 5377 691 5437 orationis
723 5381 894 5437 series
928 5379 1205 5448 postulare
1230 5377 1463 5448 videtur.

320 5456 433 5527 ('25)
463 5452 596 5527 Reg.
628 5454 842 5527 primus
867 5445 1088 5527 et'uuus
1118 5447 1288 5502 Coisl.
1311 5445 1639 5527 ’ἀσύμφορός
1679 5446 1815 5508 ἐστι,

246 5520 349 5580 sibi
376 5521 489 5586 ipse
515 5524 740 5577 inutilis.
781 5521 966 5574 Lectio
996 5520 1051 5573 in
1082 5535 1142 5574 se
1174 5534 1282 5571 non
1311 5521 1512 5586 inepta.

317 5585 432 5665 (25)
467 5594 696 5648 Veteres
719 5592 830 5665 duo
859 5591 981 5665 libri
1006 5604 1142 5665 cun]
1182 5587 1343 5643 Voss.
1373 5585 1516 5665 ζωῆς
1543 5585 1816 5665 ὀνομάζει,

246 5655 368 5720 vita:
394 5665 580 5720 ducem
606 5663 859 5732 appellat.
881 5659 1153 5732 Statim_i_n_
1179 5675 1321 5732 mss.
1332 5655 1532 5732 _multis
1558 5655 1655 5732 pro
1675 5655 1821 5720 ἅπαξ

249 5738 518 5806 scriptum
566 5726 844 5806 invenitur
881 5731 1034 5794 ὅλως.
1078 5727 1285 5786 Ibidem
1331 5726 1461 5800 Reg.
1515 5729 1731 5799 primus
1770 5736 1824 5780 et

253 5803 414 5863 Voss.
443 5805 906 5875 ἐγκαταταγῆναι.

1996 5089 2106 5156 (26)
2141 5085 2280 5141 Editi
2313 5097 2365 5140 et
2413 5085 2522 5137 duo
2571 5097 2702 5156 mss.
2731 5079 2906 5156 palo;
2940 5071 3195 5156 γενέσθαι

1925 5142 2039 5219 κόν,
2062 5142 2346 5211 membrum
2369 5166 2547 5223 aptum
2569 5154 2636 5206 ad
2671 5142 3252 5209 itiiuisti'andutit.l{eg.
3287 5142 3489 5204 primus

1925 5240 1978 5284 et
2005 5229 2165 5283 Voss.
2208 5238 2262 5281 et
2290 5226 2443 5281 Colb.
2475 5237 2532 5278 ut
2562 5225 2614 5276 in
2648 5229 2928 5276 contextu.
3115 5283 3118 5284 ν
3153 5280 3162 5284 _
3399 5273 3413 5284 _
3437 5274 3464 5284 η

2632 5273 2793 5370 Voss:
2830 5284 3080 5370 τῷἢύπξρ
3106 5280 3352 5370 δύναμιν.
3388 5273 3484 5325 Ali-

1925 5350 2154 5440 quanto
2173 5350 2294 5437 poust
2317 5350 2500 5440 reode):
2535 5363 2694 5440 Voss.
2730 5350 2893 5440 μέχρι
2913 5350 3149 5440 θανάτρυ
3185 5350 3426 5440 ἐπιδ.ΜΞ

2533 5415 2903 5510 ,πρδςτξιῦἓᾶεν
2913 5429 3030 5481 Mox
3056 5415 3492 5510 ἱύοιιιλιιιδλξόξαί

1926 5482 2397 5576 ἀπλοκαλυξζθῆναι,
2433 5482 2633 5557 Ibidem
2659 5482 2830 5556 codex
2861 5499 3023 5554 Voss.
3060 5505 3112 5549 et
3141 5492 3250 5545 duo
3287 5489 3377 5542 alii
3403 5482 3499 5538 καὶ

1925 5585 1952 5635 ὀ
1983 5576 2379 5638 πεπιστευκὼς,
2411 5576 2512 5627 ὅτι.

2133 5630 2296 5710 illud,
2318 5630 2744 5718 ε’ἰςύπερϐολήν,
2773 5657 2853 5718 ex
2883 5638 3136 5718 _editione
3158 5632 3367 5689 Veneta
3403 5630 3501 5682 ad-

1929 5712 2066 5778 didi.
2098 5712 2156 5775 et
2195 5736 2258 5773 ex
2301 5712 2543 5782 antiquis
2569 5714 2747 5782 tribus
2773 5712 2947 5765 libris.

2004 5791 2114 5862 (δη)
2149 5787 2378 5844 Codices
2409 5780 2518 5841 duo
2550 5799 2673 5838 cum
2711 5781 2870 5838 Voss.
2905 5784 2982 5844 εἰς
3015 5780 3266 5851 ἔπαρσιν.
