3948 6240
211 300 311 354 995

1282 291 1583 348 REGULxE
1621 289 1875 346 FUSIUS
1912 288 2327 345 TRACTATA‘I.

3338 292 3441 349 994

211 410 515 483 φροσύνης,
562 411 597 481 ἢ
644 411 738 464 καὶ
787 409 1054 479 τυφωθεὶς
1096 412 1174 474 εἰς
1212 413 1384 480 κρῖμα
1433 409 1647 481 ἐμπέσῃ
1688 407 1778 460 τοῦ

1899 407 2224 463 )eatitudine
2267 406 2501 472 excidat,
2553 416 2644 461 aut
2684 410 2846 463 etiam
2879 409 3099 466 inﬂatus
3127 410 3333 466 incidat
3386 411 3440 467 in

210 504 451 556 διαϐόλου
484 503 634 571 (59)’
689 500 800 555 ἀλλ’
855 502 1031 555 ἐκεῖνο
1088 501 1397 565 πεπείσθω,
1446 502 1526 553 ὅτι
1579 502 1612 570 ἡ
1668 501 1774 552 τῶν

210 593 467 649 πλειόνων
512 593 796 663 ἐπιμέλεια
841 592 1099 645 πλειόνων
1149 592 1297 646 ἐστὶν
1350 592 1639 662 ὑπηρεσία.
1687 592 1773 656 Ὠς

209 680 297 737 οὖν
323 687 353 738 ό
382 684 595 747 πολλοῖς
621 682 909 754 ὑπηρετῶν
938 683 1497 754 τετραυματισμένοις
1521 681 1653 747 (40),
1680 682 1775 734 κα)⁴

208 775 458 840 ἀποξύων
506 777 603 846 μὲν
633 777 759 839 τοὺς
804 774 1005 847 ἰχῶρας
1036 776 1154 839 ἑνὸς
1187 776 1415 829 ἑκάστου
1444 774 1773 845 τραύματος,

207 867 500 937 προσάγων
529 867 586 920 δὲ
617 866 686 919 τὰ
720 866 1041 936 βοηθήματα
1082 867 1224 920 κατὰ
1267 867 1365 935 τὴν
1403 866 1637 935 ἰδιότητα
1663 865 1773 933 (41)

207 960 302 1028 τῆς
329 958 696 1027 ὑποκειμένης
727 956 1040 1020 κακώσεως,
1069 958 1190 1027 οὐχὶ
1218 957 1503 1028 ὲπάρσεως
1525 957 1776 1028 ἀφορμὴν

209 1049 302 1118 τὴν
329 1048 635 1120 ὑπηρεσίαν
658 1047 927 1119 λαμϐάνει
948 1087 962 1109 ,
989 1047 1124 1100 ἀλλὰ
1154 1047 1351 1117 μᾶλλον
1376 1046 1773 1107 ταπεινώσεως,

205 1140 447 1209 ἀγωνίας
482 1158 540 1194 τε
566 1140 660 1193 καὶ
689 1140 896 1208 ἀγῶνος
920 1156 933 1169 ·
965 1140 1106 1191 οὑτω
1143 1140 1236 1193 καὶ
1267 1140 1376 1208 (42)
1408 1138 1586 1208 πολλῷ
1618 1137 1778 1190 πλέον

205 1235 233 1285 ό
270 1231 341 1284 τὰ
376 1230 724 1301 ἀσθενήματα
778 1229 954 1283 ἰᾶσθαι
1004 1230 1100 1300 τῆς
1155 1229 1511 1297 ἀδελφότητος
1554 1243 1777 1280 πιστευ-

206 1321 356 1385 θεὶς,
394 1320 468 1383 ὼς
514 1321 730 1374 πάντων
772 1320 1081 1390 ὑπηρέτης,
1119 1320 1211 1371 καὶ
1254 1318 1394 1387 ὑπὲρ
1434 1317 1650 1369 πάντων
1694 1315 1779 1366 λό-

217 1429 302 1479 (ον
355 1410 543 1464 δώσων
577 1411 687 1483 (45)
714 1452 728 1474 ,
776 1410 1100 1464 διανοεῖσθαι
1141 1410 1235 1462 καὶ
1273 1409 1511 1478 ἁγωνιᾷν
1557 1406 1778 1475 ὀφείλει.

206 1500 397 1570 Τούτῳ
438 1500 547 1570 γὰρ
576 1500 653 1571 τῷ
684 1499 871 1571 τρόπῳ
903 1498 1371 1572 κατορθωθήσεται
1410 1496 1557 1567 αὑτῷ
1586 1500 1615 1550 ὁ
1653 1514 1779 1549 σκο-

213 1594 307 1655 πὸς
331 1635 345 1656 ,
382 1592 475 1645 τοῦ
524 1591 727 1662 Κυρίου
771 1590 1014 1653 εἰπόντος
1038 1607 1050 1617 °
1102 1591 1174 1644 El
1206 1607 1294 1654 τις
1328 1588 1488 1643 θέλει
1531 1589 1602 1641 ἐν
1640 1588 1783 1657 ὑμῖν

210 1680 361 1736 εἶναι
394 1682 621 1750 πρῶτος
643 1721 657 1745 ,
688 1683 843 1735 ἔστω
869 1682 1149 1735 ἁπάντων
1177 1681 1437 1749 ἔσχατος
1456 1721 1470 1745 ,
1505 1679 1603 1732 καὶ
1636 1680 1783 1733 πάν-

212 1792 329 1827 των
362 1774 662 1838 διάκονος.

752 1864 1083 1917 ΕΡΩΊῊΣΙΣ
1116 1864 1238 1917 ΛΑ’.

280 1953 415 2007 ’Ότι
443 1951 537 2007 δεῖ
567 1952 998 2022 καταδέχεσθαι
1025 1954 1139 2020 τὴν
1166 1953 1325 2020 παρὰ
1350 1951 1455 2007 τοῦ
1488 1951 1784 2022 προεστῶ-

758 2042 857 2090 τος
887 2025 1238 2091 ὑπηρεσίαν.

280 2214 403 2285 Χρὴ
447 2213 629 2285 μέντοι
674 2217 766 2269 κα)⁵
798 2217 893 2287 τὴν
936 2216 1250 2286 σωματικὴν
1290 2215 1593 2287 ὑπηρεσίαν
1638 2216 1786 2286 παρὰ

213 2304 317 2358 τῶν
346 2306 601 2377 προέχειν
628 2307 925 2361 δοκούντων
970 2310 1027 2360 ἰν
1064 2311 1129 2378 τῇ
1163 2307 1477 2378 ἀδελφότητι
1514 2324 1786 2379 προσαγο-

208 2396 385 2466 μένην
408 2398 533 2460 τοὺς
568 2398 796 2464 πολλοὺς
839 2398 1251 2468 καταδέχεσθαι.
1301 2400 1361 2451 Ὁ
1401 2400 1509 2470 γὰρ
1547 2399 1645 2470 τῆς
1687 2415 1787 2451 τα·-

208 2490 643 2561 πεινοφροσύνης
674 2491 827 2560 λόγος
878 2493 972 2544 καὶ
1028 2490 1104 2561 τῷ
1159 2492 1363 2560 μείζονι
1394 2492 1456 2543 τὸ
1498 2493 1789 2562 ὑπηρετεῖν

208 2580 528 2646 ὑποϐάλλει,
582 2583 674 2636 καὶ
720 2582 798 2654 τῷ
847 2582 1085 2635 ἐλάττονι
1138 2583 1197 2634 τὸ
1251 2583 1639 2653 ὑπηρετεῖσθαι
1690 2584 1789 2636 οὑκ

208 2671 539 2740 ἀφαρμόζον
572 2672 828 2726 δείκνυσι.
865 2673 938 2726 Τὸ
973 2674 1080 2745 γὰρ
1113 2673 1417 2745 ὑπόδειγμα
1456 2675 1548 2728 τοῦ
1584 2676 1788 2747 Κυρίου

213 2760 351 2831 πρὸς
390 2761 547 2814 τοῦτο
586 2765 734 2833 ἡμᾶς
772 2764 989 2833 ὁδηγεῖ,
1035 2764 1129 2817 τοῦ
1178 2766 1277 2835 μὲν
1324 2764 1473 2833 νίψαι
1521 2767 1648 2828 τοὺς
1697 2765 1792 2818 πό-

208 2854 307 2918 δας
345 2854 456 2907 τῶν
509 2855 702 2908 ἑαυτοῦ
751 2855 1005 2926 μαθητῶν
1075 2857 1149 2927 μὴ
1198 2854 1631 2922 ἀπαξιώσαντος,
1678 2857 1788 2909 τῶν

209 2945 260 2997 δὲ
301 2945 439 3014 πρὸς
472 2945 631 2999 τοῦτο
665 2948 739 3018 μὴ
772 2947 1154 3019 τολμησάντων
1189 2949 1461 3018 ἐνστῆναι.
1513 2948 1670 3001 Ἀλλὰ
1696 2950 1789 3003 καὶ

207 3036 233 3089 ὁ
264 3034 358 3090 διὰ
408 3034 609 3109 πολλὴν
637 3036 921 3092 εὐλάϐειαν
970 3037 1039 3092 τὰ
1072 3036 1260 3109 πρῶτα
1308 3037 1383 3109 μὴ
1420 3036 1790 3109 καταδεξάμει

208 3146 296 3192 νος
334 3128 548 3198 Πέτρος
600 3130 800 3193 εὐθέως
836 3130 1027 3183 ἑαυτὸν
1072 3130 1209 3201 πρὸς
1236 3131 1333 3199 τὴν
1384 3129 1630 3199 ὑπακοὴν
1668 3148 1793 3199 μετ-

206 3218 399 3281 ἐὸαλε,
430 3219 522 3271 τὸν
551 3220 618 3271 ὲκ
663 3219 762 3288 τῆς
792 3219 902 3285 (44)
927 3218 1207 3279 ἀπειθείας
1231 3217 1473 3269 κίνδυνον
1495 3216 1781 3285 διδαχθείς.

207 3312 323 3365 Οὑκ
352 3311 508 3365 ἐστιν
537 3309 626 3366 οὑν
657 3312 821 3381 φόϐος
849 3313 926 3382 τῷ
958 3312 1203 3382 ὑπηκόῳ,
1250 3311 1323 3381 μὴ
1358 3311 1490 3381 λυθῇ
1519 3311 1667 3379 αὑτῷ
1695 3312 1793 3380 τῆς

206 3403 716 3474 ταπεινοφροσύνης
760 3404 980 3466 σκοπὸς,
1011 3404 1434 3474 ὑπηρετουμένῳ
1471 3404 1601 3455 ποτὲ
1644 3404 1793 3474 παρὰ

205 3495 302 3548 τοῦ
350 3495 625 3564 μείζονος.
674 3495 1028 3559 Διδασκαλίας
1087 3496 1194 3565 γὰρ
1249 3494 1397 3564 αὑτῴ
1442 3495 1648 3558 ἕνεκεν,
1702 3495 1794 3548 καὶ

205 3585 620 3654 ὑποδείγματος
672 3586 926 3658 ἐνεργοῦς
980 3586 1090 3656 (45)
1141 3585 1359 3655 μᾶλλον,
1400 3586 1558 3657 ἢκαὶ
1604 3587 1795 3656 χρείας

205 3676 480 3739 πολλάκις
508 3677 803 3744 ἀναγκαίας
821 3679 853 3747 ή
874 3676 1144 3747 ὑπηρεσία
1172 3678 1530 3749 προσάγεται.
1574 3680 1663 3731 Ἐν
1694 3676 1788 3732 οὖν

205 3770 272 3837 τῇ
314 3768 541 3837 ὑπακοῇ
586 3768 678 3821 καὶ
718 3771 784 3839 τῇ
823 3770 1053 3838 μιμήσει
1094 3769 1156 3822 τὸ
1196 3770 1449 3822 ταπεινὸν
1488 3771 1792 3824 ἐπιδεικνύ-

206 3860 343 3913 σθω.
391 3860 507 3914 Καὶ
545 3861 617 3930 μὴ
669 3860 1189 3931 ἀντιδιατιθέμενος,
1248 3863 1489 3931 σχήματι
1535 3880 1792 3917 ταπεινο-

206 3953 514 4022 φροσύνης,
553 3953 925 4023 ὑπερηφανίας
957 3952 1113 4024 ἔργον
1154 3954 1245 4005 καὶ
1271 3953 1586 4017 ἀλαζονείας
1622 3955 1792 4008 ποιεί-

204 4062 306 4099 τω.
352 4047 423 4099 Ἡ
446 4047 554 4116 γὰρ
577 4045 853 4112 ἀντιλογία
888 4044 948 4096 τὸ
972 4045 1430 4115 αὑτοκρατορικὸν
1471 4046 1561 4098 καὶ
1594 4045 1654 4097 τὸ
1683 4044 1794 4115 (46)

205 4140 594 4191 ἀνυπότακτον
634 4137 893 4189 δείκνυσι.
940 4138 1259 4199 Φυσιώσεως
1306 4133 1397 4189 οὖν
1455 4138 1652 4207 μᾶλλον
1705 4137 1796 4191 καὶ

205 4230 681 4300 καταφρονήσεως
726 4226 995 4291 ἀπόδειξιν
1042 4228 1173 4297 ἔχει,
1215 4228 1329 4281 ἀλλ’
1376 4228 1495 4298 οὑχ).
1542 4229 1795 4282 ταπεινό-

203 4340 376 4394 τητος
404 4322 502 4375 καὶ
532 4321 629 4391 τῆς
659 4322 716 4374 ἐν
752 4324 914 4373 πᾶσιν
939 4321 1203 4389 ὑπακοῆς.
1254 4320 1452 4388 Διόπερ
1502 4321 1796 4388 ἀναγκαῖον

206 4413 505 4467 πείθεσθαι
550 4412 628 4481 τῷ
674 4412 911 4464 εἰπόντι⁸
979 4412 1341 4478 Ἀνεχόμενοι
1400 4410 1687 4477 ἀλλήλων
1727 4413 1797 4465 ἐν
1827 4423 1871 4478 1)

201 4504 448 4574 ἀγάπῃ.

774 4593 1102 4646 ΕΡΩΊἩΣΙΣ
1129 4593 1252 4644 AB’.

204 4687 349 4753 Πῶς
396 4686 496 4740 δεῖ
536 4685 687 4753 πρὸς
723 4684 867 4750 τοὺς
916 4686 1066 4737 κατὰ
1119 4682 1316 4751 σάρκα
1364 4685 1618 4749 οικείους
1670 4683 1795 4738 δια-

878 4754 1127 4807 κεῖσθαι.

813 4867 1207 4919 ΔΠΟΚΡΙΣῘΣ.

277 4966 337 5020 1.
370 4964 495 5033 Χρὴ
528 4961 710 5031 μέντοι
748 4960 871 5021 τοὺς
903 4958 1051 5022 ἅπαξ
1091 4955 1533 5028 Μραδεχθὲντας
1575 4957 1656 5018 εἰς
1696 4956 1794 5027 τὴν

1877 498 2141 567 judicium
2187 498 2390 554 diaboli
2418 500 2461 531 ⁸⁷
2499 519 2511 555 :
2551 500 2649 555 sed
2699 501 2832 554 illud
2891 516 2990 571 pro
3036 509 3190 557 certo
3222 502 3439 565 habeat,

1883 589 2119 659 plurium
2153 604 2340 642 curam
2390 588 2590 643 habere
2620 604 2742 645 esse
2792 591 3041 660 pluribus
3094 593 3318 646 servire.
3371 590 3443 647 Ut

1882 681 2050 751 igitur
2097 680 2189 749 qui
2242 681 2444 736 sauciis
2503 681 2687 737 multis
2746 683 3042 747 ministrat,
3104 683 3445 754 detergitque

1883 770 2221 839 singulorum
2264 769 2549 823 vulnerum
2577 771 2803 834 saniem,
2836 778 2887 823 et
2917 772 3151 825 remedia
3178 788 3273 839 pro
3302 786 3445 840 pra:-

1882 862 2053 915 sentis
2103 860 2229 913 mali
2278 869 2473 914 natura
2505 861 2745 927 adhibet,
2772 877 2837 915 ex
2885 861 2986 914 hoc
3017 862 3316 917 ministerio
3349 878 3445 916 ne-

1883 968 2151 1023 quaquam
2203 954 2551 1007 occasionem
2611 954 2776 1007 sumit
2823 954 3097 1018 elationis,
3143 954 3236 1008 sed
3267 954 3443 1024 potius

1886 1044 2234 1109 humilitatis,
2264 1045 2544 1113 studiique
2591 1060 2653 1097 ac
2702 1045 3087 1099 sollicitudinis
3119 1064 3129 1097 :
3165 1046 3243 1100 sic
3278 1046 3447 1098 multo

1884 1138 2047 1191 etiam
2081 1137 2252 1205 magis
2282 1137 2370 1189 cui
2410 1138 2581 1190 totius
2618 1136 2847 1190 fratrum
2884 1137 3161 1191 societatis
3193 1136 3448 1191 sanandas

1886 1230 2165 1300 provincia
2215 1236 2298 1283 est
2327 1229 2591 1299 delegata,
2621 1229 2667 1284 is
2713 1237 2770 1283 ut
2812 1230 3052 1282 omnium
3093 1229 3357 1292 minister,
3396 1237 3449 1281 et

1887 1321 2150 1388 tanquam
2178 1319 2270 1388 qui
2305 1318 2371 1373 de
2403 1318 2657 1373 omnibus
2695 1318 2958 1371 rationem
2994 1316 3307 1371 redditurus
3353 1316 3445 1377 sit,

1886 1410 2129 1462 animum
2168 1396 2459 1464 attendere
2502 1416 2555 1463 et
2606 1409 2873 1464 sollicitus
2922 1424 3043 1462 esse
3089 1408 3279 1462 debet.
3337 1406 3452 1460 Hoc

1887 1502 2031 1555 enim
2081 1509 2242 1570 pacto
2272 1509 2630 1575 assecuturus
2670 1508 2752 1554 est
2786 1500 3145 1569 propositum,
3190 1515 3313 1553 cum
3346 1498 3450 1552 Dn-

1888 1595 2069 1648 minus
2090 1592 2236 1647 dicat
2268 1612 2281 1647 :
2320 1594 2421 1659 Qui
2452 1594 2557 1647 vult
2591 1611 2700 1648 esse
2731 1596 2867 1646 inter
2894 1611 2977 1647 vos
3010 1596 3233 1662 primus,
3258 1595 3325 1648 sit
3348 1611 3452 1647 om-

1888 1688 2032 1739 nium
2062 1686 2392 1751 novissimus,
2417 1694 2464 1739 et
2494 1688 2726 1739 omnium
2752 1688 2986 1740 minister
3003 1686 3065 1739 ⁵⁸.

2293 1859 2811 1916 INTERROGATIO
2849 1860 3040 1915 XXXI.

2001 1952 2157 2019 Quod
2195 1952 2481 2007 eat/libitum
2521 1971 2552 2005 (ι
2592 1954 2835 2021 pi'trfecto
2877 1955 3226 2007 ministerium
3266 1955 3335 2008 sit

2469 2024 2874 2091 suscipiendum.

2470 2126 2868 2182 RESPONSIO.

1955 2222 2135 2292 Atque
2178 2220 2353 2274 oﬁicia
2400 2221 2562 2276 etiam
2597 2221 2662 2274 ad
2693 2235 2893 2289 corpus
2923 2226 3251 2289 pertinentia
3275 2260 3288 2283 ,
3335 2233 3455 2288 qua

1887 2314 1956 2369 ab
2004 2314 2072 2369 iis
2121 2320 2469 2384 prmstautur,
2517 2312 2609 2383 qui
2657 2312 2800 2365 inter
2849 2311 3045 2365 fratres
3088 2310 3454 2380 principatum

1886 2407 2141 2460 videntur
2170 2414 2389 2472 tenere,
2435 2404 2783 2475 suscipienda
2816 2410 2942 2458 sunt
2973 2403 3044 2457 ab
3080 2402 3453 2456 inferioribus.

1888 2498 2023 2552 Nam
2068 2498 2391 2551 humilitatis
2434 2497 2573 2551 ratio
2602 2504 2655 2550 et
2688 2496 2949 2565 majorem
2974 2535 2988 2559 ,
3022 2502 3083 2548 ut
3112 2496 3417 2549 subserviat
3440 2532 3456 2557 ,

1890 2589 2165 2653 admonet,
2201 2596 2253 2642 et
2283 2587 2479 2641 minori
2508 2587 2747 2642 ostendit
2775 2603 2883 2640 non
2911 2587 2978 2640 ab
3016 2602 3073 2641 re
3105 2587 3207 2641 sibi
3237 2600 3459 2656 operam

1890 2681 2027 2735 dari.
2059 2679 2191 2733 Nam
2222 2678 2433 2733 Domini
2463 2679 2769 2747 exemplum
2804 2676 2869 2729 ad
2916 2677 3018 2730 hoc
3058 2691 3161 2731 uos
3207 2676 3459 2742 deducit,

1890 2773 1982 2843 qui
2014 2772 2179 2842 pedes
2205 2771 2598 2841 discipulorum
2646 2786 2869 2825 suorum
2910 2770 3095 2824 lavare
3137 2770 3463 2839 dedignatus

1892 2879 1999 2917 non
2031 2871 2145 2925 est,
2178 2878 2275 2916 nec
2303 2871 2485 2916 tamen
2516 2862 2620 2931 ipsi
2653 2862 2914 2917 adversus
2943 2862 2994 2916 id
3024 2862 3142 2915 ausi
3174 2868 3299 2916 Sunt
3326 2861 3463 2915 resi-

1893 2962 2057 3009 stere.
2106 2953 2210 3008 Sed
2239 2961 2292 3007 et
2322 2952 2413 3022 qui
2448 2953 2605 3007 initio
2633 2952 2702 3007 ob
2732 2954 2954 3006 multam
2984 2952 3340 3005 reverentiam
3373 2966 3463 3004 re-

1893 3052 2112 3101 cusarat
2156 3043 2351 3099 Petrus
2376 3087 2389 3110 ,
2428 3046 2610 3099 statim
2648 3046 2799 3114 ipse,
2835 3044 3215 3098 inobedientiae
3246 3044 3463 3113 pericu-

1897 3141 2005 3193 lum
2043 3140 2307 3204 eductus,
2349 3137 2608 3192 obedivit.
2657 3136 2773 3189 Non
2804 3136 3083 3203 estigitur
3124 3150 3224 3189 cur
3263 3144 3466 3190 metuat

1896 3230 2184 3292 subditus,
2217 3245 2286 3283 ne
2331 3230 2399 3282 ab
2441 3229 2765 3282 humilitatis
2794 3229 3076 3297 proposito
3105 3228 3354 3292 aberret,
3391 3227 3466 3281 si-

1895 3324 2115 3391 quando
2140 3322 2243 3375 sibi
2273 3321 2581 3375 subserviat
2608 3320 2805 3389 major.
2832 3319 2983 3389 Saepe
3009 3320 3154 3373 enim
3182 3319 3390 3373 confert
3404 3335 3465 3372 ur

1895 3413 2130 3467 omcium
2161 3412 2228 3465 ad
2259 3429 2381 3467 eum
2415 3412 2725 3467 docendum
2750 3452 2763 3476 ,
2796 3421 2849 3467 et
2891 3412 2958 3466 ad
3001 3412 3240 3465 dandum
3278 3412 3465 3466 eilicax

1894 3508 2199 3575 exemplum
2243 3506 2447 3577 magis,
2480 3520 2643 3574 quam
2683 3504 2827 3575 quod
2867 3505 3082 3559 instans
3128 3506 3235 3558 ulla
3275 3519 3466 3557 neces-

1895 3599 2030 3653 sitas
2074 3598 2126 3650 id
2172 3598 2428 3665 postu'et.
2470 3596 2733 3650 Ostendat
2774 3597 2938 3665 igitur
2977 3598 3031 3649 in
3067 3596 3375 3650 obedientia
3413 3605 3467 3649 et

1896 3690 2200 3745 imitatione
2246 3689 2644 3753 humilitatem,
2685 3704 2791 3741 non
2832 3697 3013 3741 autem
3053 3689 3330 3743 reluctans
3374 3704 3468 3741 su-

1896 3784 2096 3853 perbia:
2148 3797 2211 3837 ac
2260 3783 2592 3851 arrogantiae
2655 3797 2793 3852 Opus
2842 3782 3076 3847 etiiciat,
3134 3781 3361 3834 obtentu
3412 3790 3467 3834 et

1896 3877 2245 3931 simulatione
2285 3876 2630 3929 humilitatis.
2658 3874 3036 3929 Contradictio
3076 3874 3219 3928 enim
3263 3873 3460 3927 indicic

1896 3978 1979 4021 est
2011 3967 2146 4020 velle
2175 3982 2334 4029 eum,
2368 3966 2458 4035 qui
2493 3974 2791 4034 repugnat,
2829 3964 2912 4018 sui
2950 3962 3093 4032 juris
3126 3977 3248 4016 esse
3292 3977 3469 4030 neque

1896 4059 2053 4115 alteri
2085 4074 2294 4129 parere.
2339 4057 2509 4128 Magis
2547 4074 2677 4127 ergo
2708 4056 3002 4111 inﬂationis
3032 4063 3086 4109 et
3117 4062 3466 4122 contemptus

1896 4153 2169 4221 specimen
2196 4152 2336 4217 edit,
2367 4166 2471 4204 non
2500 4159 2679 4204 autem
2707 4149 3031 4203 humilitatis
3057 4162 3120 4201 ac
3148 4145 3469 4199 obedientiam

1898 4245 1953 4298 in
1990 4245 2263 4298 omnibus.
2307 4243 2647 4313 Quapropter
2690 4257 2914 4296 necesse
2955 4241 3119 4294 fuerit
3154 4239 3378 4293 obedire
3416 4237 3467 4291 ei

1898 4337 1989 4407 qui
2019 4337 2155 4391 dixit
2182 4354 2194 4389 :
2228 4336 2607 4404 Supportautes
2636 4337 2854 4389 invicem
2884 4335 2939 4386 in
2969 4333 3226 4386 charitate
3255 4333 3323 4386 “.

2201 4578 2361 4648 375
2401 4572 2913 4630 INTERROGATIO
2950 4570 3162 4626 XXX”.

1902 4672 2173 4741 Quomodo
2222 4680 2453 4738 oporteat
2492 4687 2613 4739 erga
2649 4680 2900 4808 gigantas
2939 4665 3223 4719 secundum
3259 4678 3468 4716 carnem

2616 4756 2646 4790 α
2702 4756 2770 4791 ει.

2616 4756 2770 4791 amca.

2484 4850 2887 4905 RESPONSIO.

1972 4950 2023 5004 i.
2062 4947 2134 5002 lis
2173 4944 2392 5015 quidem
2436 4944 2529 5013 qui
2572 4942 2738 4998 semel
2771 4940 2999 4996 admissi
3028 4946 3159 4994 sunt
3188 4939 3327 4992 inter
3359 4935 3472 4989 ira-

273 5081 324 5111 ⁸⁷
376 5078 397 5131 1
432 5075 576 5130 Tim.
611 5091 707 5140 ιιι,
750 5074 805 5132 6.
876 5074 923 5105 ⁸⁸
963 5072 1129 5128 Marc.
1171 5090 1255 5138 Ix,
1292 5073 1379 5127 34.
1454 5074 1501 5104 ⁸*
1539 5071 1737 5142 Ephes.
1774 5088 1848 5137 iv,
1882 5070 1940 5126 2.

274 5198 403 5265 (59)
439 5196 620 5249 Codex
661 5194 813 5250 Colb.
851 5194 1065 5266 ἐμπέσῃ
1098 5194 1191 5266 καὶ
1238 5192 1766 5266 παγίδα-τοῦηδιαόό

200 5262 323 5328 λου,
364 5283 433 5321 ne
460 5266 658 5318 inridat
688 5268 740 5317 in
769 5262 1111 5333 judicium'et
1134 5263 1376 5331 laqueum
1408 5262 1629 5333 diaboli.

278 5338 409 5405 (40)
439 5334 495 5388 in
526 5334 679 5412 voss.
705 5332 933 5412 etCelh.
962 5350 1058 5403 pro
1084 5332 1641 5412 carpatvjtartcpsvoic
1664 5332 1792 5401 legi-

201 5426 293 5461 .ur
326 5403 694 5485 τετρωμένοις
722 5424 739 5485 :_
760 5406 956 5485 quibus
981 5421 1041 5458 ex
1073 5403 1356 5458 codicibus
1382 5418 1483 5457 vox
1512 5403 1649 5467 ἑνός,
1674 5417 1794 5472 qua:

200 5494 334 5531 mox
373 5474 650 5539 sequitur,
678 5474 856 5527 addita
885 5487 987 5527 est.

276 5547 407 5616 (Η)
441 5544 581 5598 Editi
612 5543 749 5597 κατὰ
774 5543 842 5596 τὰ
883 5543 1163 5614 ἰδιώματα.
1203 5539 1355 5612 Regii
1398 5540 1508 5595 duo
1545 5550 1600 5597 et
1630 5540 1791 5598 Voss.

201 5627 266 5671 ut
310 5621 373 5669 in
402 5622 678 5668 cmitextu.

279 5686 412 5753 (42)
451 5683 541 5736 Sic
571 5684 737 5737 codex
766 5681 923 5739 Voss.
960 5691 1013 5737 et
1042 5682 1133 5736 alii
1189 5681 1318 5736 duo.
1355 5679 1559 5736 Vocula
1584 5679 1675 5734 καί
1704 5682 1799 5737 ab-

200 5764 341 5815 erat
371 5770 408 5806 a
465 5753 715 5819 vulgatis.

1970 5188 2078 5257 (45)
2109 5186 2249 5257 Reg.
2274 5186 2493 5257 primus
2509 5184 2663 5257 λόγον
2688 5180 3011 5257 αποδώσων.

1972 5246 2083 5330 (44)
2114 5246 2254 5311 Editi
2276 5246 2386 5308 ’τὸν
2415 5255 2507 5307 ἐπὶ
2537 5246 2655 5324 τῆς.
2688 5251 2910 5305 Veteres
2948 5255 3183 5320 quatuor
3210 5247 3333 5303 libri
3372 5246 3468 5308 ita,

1899 5337 1959 5383 ut
1994 5330 2284 5382 edidimus.

1970 5399 2079 5467 (45)
2119 5397 2395 5468 Editiones
2421 5393 2741 5468 antiqua:__et
2771 5392 3042 5468 duo__mss.
3078 5386 3472 5468 Βεςίῐλνὺποδεί-

1897 5459 2107 5539 γματος
2136 5464 2444 5539 ὲναργοὺς,η
2470 5459 2691 5539 exempli
2727 5459 3180 5539 _manifesti.nno_r_i
3222 5459 3293 5537 ita
3325 5464 3467 5539 apte.

1898 5527 2053 5592 Klius
2083 5527 2214 5605 Reg.
2238 5527 2311 5605 'ct
2332 5533 2486 5587 Colb.
2533 5527 3065 5605 ἐνεργοῦςηεπετηρζί
3089 5527 3333 5605 efﬁcacis,
3367 5528 3471 5605 hoc

1900 5619 1983 5664 est
2009 5596 2229 5673 exempli
2246 5604 2314 5657 ad
2338 5596 2757 5672 persuadendum
2774 5602 2887 5673 _vim_
2901 5600 3184 5651 maximam
3197 5596 3467 5673 habentis.

1973 5665 2226 5748 (46)7Sie_
2254 5665 2468 5748 veteres
2500 5674 2608 5726 duo
2668 5671 2808 5748 libri.
2861 5669 3053 5748 Deerat
3108 5667 3374 5748 articulus
3414 5665 3470 5717 iu

1903 5734 2153 5818 vuiga'tis.
2195 5744 2391 5799 Statim
2431 5741 2567 5814 Reg.
2609 5742 2818 5811 primus
2854 5752 2906 5797 et
2938 5737 3097 5793 Voss.
3149 5734 3470 5797 Φυσιώσεως
