3948 6240
572 266 678 345 995

1874 285 1938 341 S.
1977 284 2126 341 BASl

2259 285 2473 342 mem
2722 274 2727 277 ’
3645 311 3723 364 ιιι

572 416 685 462 tres
705 446 718 470 ,
747 382 1066 477 permittere
1105 421 1213 460 non
1246 405 1406 461 debet
1437 407 1726 477 pracfectus
1747 447 1762 472 ,
1794 416 1855 462 ut
1885 407 1952 462 ad
1984 407 2127 477 quid

2242 407 2577 480 ἀδελφότητα
2616 409 2690 482 μὴ
2718 411 3105 483 ἐπιτρέπεσθαι
3152 415 3300 488 παρὰ
3333 416 3418 472 τοῦ
3458 424 3726 491 προεστῶτος

571 513 735 569 quam
778 497 1172 564 distrahantur,
1206 504 1299 551 aut
1340 514 1435 567 per
1471 502 1706 569 speciem
1744 501 2145 555 visitandorum

572 597 928 660 cognatorum
961 588 1219 644 secedant
1250 604 1279 643 a
1312 588 1574 645 fratribus
1596 632 1611 657 ,
1643 592 1917 663 vitamque
1947 593 2147 663 degant

571 693 603 733 a
627 680 865 736 testibus
894 689 1158 736 remotam
1180 721 1194 745 ,
1228 689 1321 735 aut
1352 683 1503 737 curis
1527 682 1877 748 incumbant,
1902 685 2028 741 suis
2056 700 2146 740 se-

571 771 811 827 cundum
855 786 1077 827 carnem
1125 772 1447 842 prepinquis
1477 775 1892 842 patrocinaturi.
1922 775 2055 830 Nam
2088 779 2145 832 in

570 878 785 920 summa
803 905 817 927 ,
841 878 1023 918 meum
1048 870 1101 918 et
1124 871 1278 917 tuum
1305 864 1357 917 in
1384 862 1643 921 fratribus
1665 864 1770 920 dici
1790 874 1941 922 vetat
1961 866 2145 938 Scrip-

570 963 735 1009 tura:
770 953 907 1009 Erat
945 957 1124 1019 enim,
1165 955 1372 1025 inquit,
1417 958 1651 1011 omnium
1696 957 2016 1013 credentium
2053 978 2144 1016 cor

567 1063 733 1100 unum
761 1057 812 1101 et
834 1048 1013 1100 anima
1045 1063 1151 1100 una
1178 1063 1194 1100 :
1222 1063 1314 1100 nec
1334 1048 1610 1118 quisquam
1636 1065 1818 1103 eorum
1835 1089 1850 1115 ,
1876 1067 1995 1120 qua:
2014 1068 2142 1120 pos-

566 1137 775 1192 sidebat
795 1177 810 1201 ,
843 1138 1045 1209 aliquid
1077 1155 1232 1193 suum
1259 1155 1371 1193 esse
1400 1139 1609 1195 dicebat
1628 1141 1696 1195 σθ.
1734 1140 1924 1213 Itaque
1951 1160 2142 1213 paren-

566 1236 652 1286 tes
673 1230 913 1299 alicujus
937 1231 1020 1285 vel
1041 1230 1241 1286 fratres
1261 1231 1563 1287 secundum
1587 1247 1832 1299 carnem,
1851 1236 1896 1289 si
1921 1237 2139 1305 quidem

567 1321 871 1377 secundum
898 1323 1065 1378 Deum
1092 1323 1289 1376 vivunt
1308 1362 1324 1388 ,
1349 1324 1419 1379 ab
1437 1325 1699 1381 omnibus
1725 1325 1989 1384 fratribus
2018 1337 2142 1384 tan-

564 1430 729 1483 quam
761 1430 1081 1470 communes
1112 1423 1296 1486 patres
1324 1424 1417 1470 aut
1454 1419 1673 1487 cognati
1704 1420 1974 1476 colantur.
2008 1421 2141 1488 Qui-

563 1521 767 1575 cmque
802 1506 941 1560 enim
982 1507 1196 1576 fecerit,
1242 1507 1419 1577 inquit
1477 1506 1778 1575 Dominus,
1819 1511 2140 1569 voluntatem

570 1595 751 1652 Patris
781 1598 885 1652 mei
911 1597 1001 1667 qui
1030 1598 1085 1651 in
1114 1598 1256 1652 caelis
1280 1608 1361 1653 est
1387 1639 1401 1663 ,
1430 1599 1515 1652 llic
1541 1598 1710 1668 frater
1738 1617 1883 1657 meus
1908 1611 1958 1655 et
1986 1621 2140 1658 soror

562 1697 614 1741 et
642 1697 812 1743 mater
837 1697 916 1743 est
943 1689 1011 1742 “.
1048 1687 1156 1744 Sed
1202 1695 1384 1744 tamen
1430 1690 1605 1746 satius
1648 1689 1903 1747 ducimus
1938 1693 2137 1750 borum

2248 500 2381 571 πρὸς
2414 500 2583 571 ’μηδὲν
2623 500 3161 573 ἀπομετεωρίζεσθαι
3201 504 3331 574 (4'7):
3373 505 3492 577 μηδὲ
3517 512 3724 580 προφάσει

2244 590 2460 644 οἰκείων
2503 591 2845 661 ἐπισκέψεως
2897 593 3200 666 ἀναχωρεῖν
3256 594 3357 648 τῶν
3394 597 3620 668 ἀδελφῶν,
3655 608 3727 658 καὶ

2244 682 2557 754 ἀμάρτυρον
2604 680 2747 755 ζωὴν
2793 683 3033 753 διάγειν,
3086 686 3225 755 μήτε
3278 689 3529 759 φροντίδας
3576 709 3727 765 suum.

2246 773 2456 845 ρεῖσθαι
2494 773 2638 844 ἔχειν
2679 775 2737 827 ὲν
2774 778 2839 847 τῇ
2868 778 3186 848 ’προστασία
3215 776 3322 832 τῶν
3355 781 3592 849 συγγενῶν
3623 787 3728 839 κατὰ

2246 865 2445 935 σάρκα.
2495 865 2671 929 Ὀλως
2723 865 2821 936 μὲν
2878 867 2988 937 γὰρ
3032 867 3411 939 ἀποδοκιμάζει
3451 872 3478 923 ό
3523 871 3646 940 λόγος
3685 874 3729 927 τὸ

2244 956 2374 1027 ἐμὸν
2405 956 2498 1009 καὶ
2537 956 2598 1010 τὸ
2634 957 2723 1010 σὸν
2751 959 2807 1010 ὲν
2852 958 3171 1030 ἀδελφότητι
3216 959 3473 1029 λέγεσθαι·
3512 959 3604 1018 Ἦν
3631 965 3727 1036 γὰρ,

2242 1047 2397 1118 φησι,
2453 1046 2697 1101 πάντων
2755 1047 2874 1102 τῶν
2934 1048 3390 1104 πιστευσάντων
3433 1053 3617 1121 καρδία
3656 1059 3727 1109 καὶ

2240 1138 2411 1208 ψυχὴ
2447 1140 2577 1206 μίαν
2610 1139 2707 1192 καὶ
2735 1140 2878 1194 οὐδὲ
2904 1136 2991 1206 εἷς
3017 1140 3211 1195 τιτῶν
3233 1143 3586 1211 ὑπαρχόντων
3612 1146 3729 1212 αὐτῷ

2239 1229 2451 1300 ἔλεγεν
2479 1229 2634 1284 ῑδιον
2658 1228 2831 1286 εἶναι.
2862 1235 2925 1285 0i
2947 1228 3042 1287 οὖν
3068 1233 3210 1287 κατά
3245 1235 3417 1307 σάρκα
3438 1237 3564 1301 τινὸς
3580 1242 3727 1307 γονεῖς,

2238 1321 2272 1391 ἢ
2304 1321 2544 1391 ἀδελφοὶ,
2565 1323 2733 1394 εἰμὲν
2760 1323 2903 1377 κατά
2934 1324 3067 1378 Θεὸν
3099 1324 3285 1393 ζῶσιν,
3321 1326 3421 1380 ὑπὸ
3445 1330 3626 1383 πάντων
3649 1333 3728 1382 τῶν

2240 1414 2298 1465 ὲν
2333 1416 2397 1485 τῇ
2436 1413 2756 1486 ἀδελφότητι
2791 1415 2867 1479 ὡς
2902 1418 3069 1470 κοινοὶ
3104 1419 3340 1490 πατέρες
3363 1418 3394 1491 ἢ
3418 1422 3585 1473 οἰκεῖοι
3616 1422 3731 1491 θερα-

2239 1506 2613 1585 πευξσθωσαν.
2646 1508 2848 1574 Ὅστις
2872 1510 2982 1579 γὰρ
3010 1509 3087 1564 ἂν
3114 1510 3279 1581 ποιῇ,
3321 1513 3474 1584 φησὶν
3500 1514 3525 1565 ό
3558 1512 3728 1583 Κύριος,

2237 1599 2304 1652 τὸ
2331 1599 2561 1670 θέλημα
2589 1600 2694 1654 τοῦ
2735 1602 2963 1670 Πατρός
2984 1620 3102 1671 μου
3134 1604 3239 1659 τοῦ
3268 1604 3336 1658 ἐν
3367 1604 3626 1672 οὐρανοῖς,
3659 1601 3732 1660 οὗ·

2237 1707 2339 1757 τος
2370 1690 2752 1763 ἀδελφόςμΒ)
2765 1710 2886 1763 μου
2911 1693 3010 1748 καὶ
3039 1693 3274 1763 ἀδελφὴ
3300 1695 3397 1749 καὶ
3416 1695 3594 1765 μήτηρ
3616 1696 3726 1748 ἐστὶ.

563 1794 753 1835 curam
782 1780 1016 1835 attinere
1043 1780 1110 1834 ad
1140 1780 1370 1835 fratrum
1394 1779 1739 1851 prafectum.
1781 1782 1937 1847 Quod
1963 1785 2008 1839 si
2036 1785 2127 1839 im-

2238 1785 2347 1838 Καὶ
2373 1783 2576 1839 τούτων
2603 1785 2660 1839 δὲ
2680 1786 2776 1858 τὴν
2807 1786 3122 1857 ἐπιμέλειαν
3146 1763 3731 1860 διαφέρεινδοκιμάζομεν

565 1872 748 1943 plicati
776 1882 907 1927 sunt
936 1872 1046 1925 vita
1072 1871 1389 1937 communi,
1422 1872 1571 1927 nulla
1600 1888 1690 1928 res
1720 1889 1844 1928 cum
1872 1876 1953 1931 eis
1975 1878 2136 1934 nobis

562 1966 871 2020 communis
910 1974 1027 2031 est,
1069 1964 1163 2034 qui
1200 1964 1495 2021 honestum
1519 1965 1888 2037 decorumque
1914 1984 2136 2027 scrvare

563 2065 617 2112 et
659 2057 881 2113 assidue
924 2055 1034 2111 Deo
1079 2057 1357 2112 cohaerere
1408 2056 1727 2123 studemus,
1782 2059 1921 2115 citra
1968 2062 2134 2117 ullam

561 2149 762 2205 mentis
792 2148 1217 2204 aberrationem.
1248 2147 1383 2202 Nam
1415 2157 1778 2219 praeterquam
1812 2153 1961 2222 quod
1993 2154 2133 2210 nihil

562 2243 696 2312 ipsis
738 2241 1017 2299 afferimus
1057 2242 1348 2307 utilitatis,
1395 2242 1721 2299 tumultibus
1767 2245 1930 2299 etiam
1972 2254 2136 2317 atque

558 2335 974 2404 perturbatione
1022 2341 1271 2389 nostram
1321 2333 1566 2402 ipsorum
1611 2334 1778 2388 vitam
1828 2336 2132 2407 replemus,

560 2434 1023 2495 peccatorumque
1050 2424 1375 2479 occasiones
1403 2424 1760 2481 accersimus.
1801 2424 1908 2481 Sed
1938 2442 2008 2482 ne
2035 2443 2132 2484 eos

556 2517 777 2587 quidem
816 2516 911 2587 qui
954 2515 1084 2570 olim
1128 2514 1335 2570 fuerint
1376 2516 1702 2586 propinqui,
1755 2517 2133 2591 acceduntque

558 2609 624 2663 ad
661 2607 964 2664 visitandos
992 2623 1127 2671 nos,
1156 2607 1205 2663 si
1230 2606 1323 2662 Dei
1355 2616 1720 2678 aspernentur
1748 2610 2005 2665 mandata
2025 2653 2039 2677 ,
2069 2626 2133 2667 ac

558 2701 776 2770 pietatis
817 2700 1051 2755 ofﬁcium
1087 2699 1295 2755 ducant
1321 2714 1422 2770 pro
1449 2700 1654 2769 nihilo,
1683 2716 1784 2772 par
1822 2709 1908 2757 est
1952 2704 2128 2759 susci-

556 2811 715 2866 pere,
749 2803 808 2850 ut
832 2794 927 2864 qui
955 2793 1243 2848 Dominum
1271 2807 1380 2848 non
1408 2793 1666 2864 diligant,
1696 2794 1789 2864 qui
1815 2794 1992 2850 dixit:
2026 2794 2132 2863 Qui

556 2904 661 2942 non
701 2887 879 2958 diligit
922 2902 1003 2941 me
1024 2929 1039 2954 ,
1074 2901 1337 2940 sermones
1378 2902 1520 2939 meos
1548 2902 1656 2939 non
1683 2894 1856 2941 servat
1888 2886 1956 2941 θ’.
1997 2886 2131 2953 Qua

553 2988 633 3033 est
677 2989 853 3032 autem
896 2976 1119 3032 societas
1151 2975 1386 3044 justitia:
1432 2986 1484 3031 et
1524 2977 1840 3047 iniquitati?
1885 2986 1979 3031 aut
2011 2994 2128 3048 qua:

551 3085 680 3139 pars
709 3069 856 3139 ﬁdeli
883 3084 1002 3122 cum
1033 3067 1237 3137 inﬁdeli
1261 3067 1306 3098 “
1330 3067 1359 3119 ἶ)

622 3178 678 3233 2.
718 3176 787 3231 Et
815 3176 872 3231 in
901 3177 1095 3248 primis
1121 3192 1347 3247 prorsus
1372 3178 1677 3234 curandum
1702 3189 1788 3237 est
1807 3221 1823 3245 ,
1854 3191 1913 3236 ut
1935 3184 2005 3240 iis
2030 3183 2126 3254 qui

552 3269 736 3325 adhuc
780 3269 839 3324 in
890 3269 1157 3323 virtutum
1201 3270 1467 3325 exercitio
1519 3270 1758 3342 degunt,
1815 3274 2128 3331 adimantur

552 3361 815 3433 peccandi
859 3362 1220 3430 occasiones,
1275 3377 1510 3434 quarum
1564 3364 1680 3421 haec
1718 3373 1804 3422 est
1847 3369 2121 3433 maxima.

552 3454 860 3512 recordatio
903 3461 1168 3511 anteactae
1206 3455 1367 3522 vitae,
1397 3455 1691 3524 nequando
1731 3457 1866 3527 ipsis
1907 3460 2127 3514 contin-

551 3554 645 3614 gat
681 3544 828 3616 quod
854 3544 1062 3601 dictum
1088 3554 1173 3601 est
1200 3564 1214 3599 :
1242 3544 1505 3601 Conversi
1537 3554 1669 3601 sunt
1721 3548 1984 3604 cordibus
2009 3551 2125 3606 suis

552 3641 606 3694 in
635 3639 929 3712 Egyptum
956 3639 1036 3694 “:
1063 3637 1210 3709 quod
1232 3638 1553 3709 plerumque
1576 3655 1679 3695 usu
1700 3642 1879 3707 venit,
1904 3642 2126 3712 quando

550 3746 676 3785 cum
708 3732 777 3785 iis
804 3730 897 3801 qui
925 3728 1228 3785 secundum
1250 3742 1473 3783 carnem
1496 3729 1786 3801 propinqui
1809 3741 1941 3787 sunt
1959 3767 1974 3797 ,
2003 3740 2125 3791 c're-

550 3821 709 3875 hrum
736 3835 800 3874 ac
827 3818 1082 3889 frequens
1104 3818 1440 3889 colloquium
1467 3818 1689 3874 seritur.
1722 3819 1780 3875 In
1803 3822 2119 3879 universum

549 3920 728 3967 autem
770 3912 1009 3981 permitti
1037 3926 1145 3965 non
1173 3911 1369 3975 debet,
1397 3919 1457 3964 ut
1495 3912 1611 3966 sive
1654 3922 1923 3983 cognatus
1947 3955 1963 3980 ,
2007 3917 2122 3972 sive

548 4013 810 4061 externus
839 4005 1056 4075 aliquos
1098 4017 1380 4060 sermones
1423 4004 1622 4059 habeat
1661 4020 1785 4061 cum
1821 4007 2117 4076 fratribus,

549 4096 660 4151 nisi
700 4097 768 4151 de
810 4097 920 4152 illis
949 4095 1002 4151 id
1035 4096 1194 4151 nobis
1228 4109 1550 4164 persuasum
1580 4096 1682 4160 sit,
1714 4097 1864 4170 ipsos
1893 4101 1959 4154 ad
1989 4102 2120 4157 aedi-

550 4186 859 4242 ficationem
892 4193 948 4241 et
994 4185 1302 4241 animarum
1348 4186 1737 4255 perfectionem
1783 4189 1837 4244 in
1877 4192 2119 4247 collocu-

548 4279 753 4333 tionem
783 4277 991 4335 venire.
1032 4276 1241 4343 Quodsi
1280 4294 1419 4350 opus
1458 4288 1544 4337 est
1579 4297 1676 4337 eos
1717 4283 1809 4352 qui
1832 4286 1999 4340 semel
2023 4301 2119 4341 ac-

548 4372 849 4436 cesserint,
876 4372 1115 4441 alloqui,
1141 4370 1441 4443 fungantur
1461 4373 1568 4429 hoc
1595 4390 1819 4431 munere
1846 4376 1883 4430 ii
1916 4379 2116 4448 quibus

547 4461 923 4519 concreditum
950 4470 1035 4518 est
1061 4462 1266 4517 donum
1309 4464 1599 4534 loquendi,
1632 4471 1893 4536 tanquam
1924 4469 1993 4525 iis
2021 4474 2114 4540 qui

547 4555 785 4611 scienter
812 4556 1027 4626 possint
1052 4555 1204 4626 loqui
1235 4564 1291 4611 et
1321 4555 1511 4610 audire
1532 4595 1546 4619 ,
1576 4571 1698 4626 qua:
1729 4557 1797 4612 ad
1829 4559 1951 4615 fidei
1978 4562 2113 4617 tedi-

545 4645 856 4702 ficationem
884 4646 1224 4716 pertineant;
1267 4661 1394 4701 cum
1437 4647 1731 4716 Apostolus
1781 4664 1892 4704 non
1936 4653 2115 4707 omni-

545 4738 651 4793 bus
696 4737 878 4794 inesse
905 4738 1070 4809 376
1099 4738 1355 4808 loquendi
1412 4737 1753 4804 facultatem,
1782 4740 1877 4796 sed
1916 4742 1969 4797 id
2016 4745 2115 4799 do-

545 4845 673 4884 num
724 4830 916 4900 paucis
965 4845 1290 4885 concessum
1342 4829 1516 4885 fuisse
1556 4828 1846 4887 manifeste
1881 4832 2110 4900 doceat,

543 4936 667 4976 cum
701 4921 877 4977 dixit:
908 4923 1017 4977 Alii
1046 4924 1185 4977 enim
1212 4938 1304 4993 per
1332 4920 1591 4992 Spiritum
1623 4921 1785 4976 datur
1816 4941 1986 4980 sermo
2017 4945 2110 4982 sa-

2236 1876 2314 1946 τῷ
2340 1876 2643 1946 προεστῶτι
2678 1877 2779 1948 τῆς
2811 1879 3188 1951 ἀδελφότητος.
3233 1880 3298 1932 Εἰ
3328 1879 3383 1933 δὲ
3416 1878 3727 1951 ἐμπεπλεγμέ-

2238 1983 2318 2020 νοι
2345 1969 2452 2021 εἰσὶ
2477 1967 2555 2040 τῷ
2590 1969 2752 2040 κοινῷ
2786 1969 2905 2040 βίῳ,
2940 1971 3112 2036 οὐδεὶς
3144 1973 3279 2043 ἡμῖν
3317 1971 3484 2035 κοινὸς
3527 1971 3639 2043 πρὸς
3663 1971 3732 2023 aii-

2236 2058 2361 2120 τοὺς
2382 2057 2558 2127 λόγος,
2577 2061 2688 2123 τοῖς
2718 2061 2778 2113 τὸ
2815 2060 2981 2133 εΰσχη
2990 2080 3087 2135 μον
3123 2064 3217 2115 καὶ
3246 2063 3555 2134 εὐπάρεδρον
3577 2062 3638 2131 τῷ
3657 2062 3733 2115 Κυ-

2239 2148 2338 2220 ρίῳ
2395 2151 2818 2221 ἀπερισπάστως
2869 2153 3171 2226 κατορθοῦν
3240 2154 3592 2208 ἐσπουδακόσι.
3624 2150 3733 2224 Πρὸς

2235 2240 2343 2313 γὰρ
2371 2241 2447 2314 τῷ
2480 2242 2710 2306 ἐκείνοις
2747 2245 2913 2314 μηδὲν
2947 2245 3205 2317 παρέχειν
3235 2244 3440 2316 ὄφελος,
3466 2244 3538 2298 ἔτι
3564 2244 3639 2298 καὶ
3661 2241 3731 2312 τὴν

2235 2331 2442 2387 ἑαυτῶν
2480 2332 2622 2405 ζωὴν
2656 2332 2898 2405 θορύϐων
2932 2335 3028 2388 καὶ
3049 2334 3160 2406 (49)
3187 2336 3429 2408 ταραχῆς
3463 2333 3730 2407 πληροῦμεν.

2235 2424 2329 2479 καὶ
2381 2425 2662 2496 ἁμαρτιῶν
2721 2427 2975 2497 ἀφορμὰς
3036 2427 3417 2499 ἐπισπώμεθα.
3478 2426 3617 2480 Ἄ).λά
3647 2425 3733 2478 οὐδὲ

2233 2516 2561 2587 ἐρχομένους
2614 2519 2696 2581 εἰς
2732 2516 3019 2588 ἐπίσκεψιν
3062 2518 3171 2573 τῶν
3221 2518 3335 2592 (50)
3382 2520 3501 2576 ποτὲ
3541 2517 3731 2577 οἰκείων,

2233 2608 2356 2670 τοὺς
2385 2606 2858 2679 καταφρονοῦντας
2894 2608 3000 2663 τῶν
3030 2608 3262 2664 ἐντολῶν
3302 2610 3396 2665 τοῦ
3429 2608 3569 2674 Θεοῦ,
3594 2609 3668 2661 καὶ
3691 2605 3735 2657 τὸ

2232 2697 2392 2768 ἔργον
2421 2699 2521 2771 τῆς
2544 2698 2826 2763 εὐσεϐείας
2862 2699 3297 2766 ἐξουθενοῦντας,
3332 2700 3594 2756 ἀκόλουθον
3611 2713 3734 2767 παρσ-

2230 2787 2500 2860 δέχεσθαι,
2525 2790 2602 2854 ὡς
2622 2791 2721 2843 οὐκ
2747 2791 3074 2860 ἀγαπῶντας
3095 2792 3186 2847 τὸν
3210 2794 3413 2866 Κύριον
3433 2792 3516 2846 τόν
3539 2791 3731 2844 εἰπόντα·

2242 2881 2296 2933 '0
2319 2879 2406 2950 μὴ
2430 2880 2674 2952 ἀγαπῶν
2693 2900 2772 2953 με
2796 2883 2940 2951 τοὺς
2973 2886 3198 2954 λόγους
3224 2904 3347 2955 μου
3384 2888 3453 2940 οὐ
3480 2883 3633 2952 τηρεῖ.
3668 2883 3736 2947 Τίς

2229 2971 2298 3025 δὲ
2333 2973 2560 3043 μετοχὴ
2595 2973 2949 3046 δικαιοσύνῃ
2981 2977 3082 3031 καί
3120 2978 3381 3050 ἀνομίᾳ;
3421 2978 3458 3048 ἣ
3493 2979 3575 3043 τίς
3605 2975 3735 3047 μερὶς

2154 3092 2198 3152 c
2231 3065 2425 3132 πιστῷ
2448 3067 2597 3137 μετὰ
2625 3068 2927 3132 ἁπίστου;

2298 3180 2353 3236 2.
2389 3183 2500 3236 Καὶ
2546 3182 2628 3236 ὅτι
2682 3183 2913 3253 μάλιστα
2940 3184 3024 3237 δεῖ
3053 3185 3219 3239 παντὶ
3258 3187 3446 3258 τρόπῳ
3483 3181 3737 3245 σπουδάζειν

2227 3278 2528 3347 περιαιρεῖν
2549 3275 2658 3329 τῶν
2684 3275 2764 3329 ἔτι
2793 3278 2850 3330 ὲν
2884 3278 3160 3350 γυμνασίᾳ
3204 3279 3320 3332 τῶν
3370 3274 3736 3350 κατορθωμάτων

2224 3366 2325 3429 τὰς
2354 3366 2489 3437 πρὸς
2514 3366 2576 3419 τὸ
2602 3366 2936 3438 ἁμαρτάνειν
2964 3367 3244 3440 ἀφορμὰς,
3275 3363 3354 3424 ὢν
3383 3370 3595 3441 μεγίστη
3629 3365 3738 3419 ἐστὶν

2224 3460 2256 3528 ή
2309 3458 2495 3530 μνήμη
2546 3457 2642 3512 τοῦ
2704 3460 2968 3531 προτέρου
3027 3459 3165 3531 βίου,
3218 3462 3435 3532 μήποτε
3485 3457 3663 3513 πάθωσι
3694 3452 3737 3505 τὸ

2223 3548 2510 3620 εἰρημένον
2532 3549 2636 3615 ὅτι,
2680 3550 3061 3622 Ἐστράφησαν
3082 3554 3205 3615 ταῖς
3234 3551 3483 3623 καρδίαις
3513 3546 3665 3602 αὐτῶν
3681 3544 3739 3605 εἰς

2221 3639 2529 3708 Αἴγυπτον
2579 3640 2715 3713 ὅπερ
2768 3642 2825 3695 ὲν
2876 3643 2943 3713 τῇ
2993 3644 3211 3712 συνεχεῖ
3268 3640 3454 3711 ὁμιλίᾳ
3497 3639 3592 3692 τῶν
3633 3634 3738 3688 κατὰ

2225 3730 2403 3802 σάρκα
2441 3732 2658 3786 οἰκείων
2696 3731 2772 3796 ὡς
2824 3730 2896 3785 τὰ
2936 3732 3109 3786 πολλὰ
3165 3734 3409 3802 γίνεται.
3452 3730 3663 3786 Καθόλου
3697 3723 3739 3776 δὲ

2220 3820 2345 3876 οὔτε
2369 3823 2567 3877 οἰκεῖον
2590 3821 2712 3877 οὔτε
2744 3822 2893 3887 ξένον
2927 3824 3254 3898 ἐπιτρέπειν
3298 3826 3406 3898 χρὴ
3435 3824 3605 3891 λόγους
3626 3818 3738 3876 τινὰ(

2222 3915 2517 3986 προσάγειν
2560 3918 2673 3979 τοῖς
2725 3914 2974 3985 ἀδελφοῖς
3014 3917 3126 3987 (51)
3144 3956 3159 3981 ,
3217 3917 3317 3971 ἐὰν
3361 3916 3437 3989 μὴ
3485 3909 3736 3981 πεισθῶμεν

2219 4007 2349 4076 περὶ
2395 4006 2598 4070 αὐτῶν,
2645 4009 2728 4062 ὅτι
2771 4008 2908 4081 πρὸς
2951 4009 3242 4082 οἰκοδομὴν
3292 4011 3388 4065 καὶ
3435 3999 3739 4078 καταρτισμὸν

2216 4098 2326 4151 τῶν
2366 4098 2550 4170 ψυχῶν
2606 4101 2883 4157 ποιοῦνται
2934 4104 3034 4167 τὰς
3084 4102 3376 4171 διαλέξεις.
3430 4103 3492 4156 Εἰ
3532 4099 3583 4153 δὲ
3619 4092 3737 4168 χρεία

2218 4190 2427 4258 γένοιτο
2449 4191 2608 4261 λόγου
2640 4193 2778 4265 πρὸς
2811 4195 2938 4259 τοὺς
2966 4195 3114 4260 ἅπαξ
3139 4195 3594 4267 συνεμπεσόνταῶ
3623 4182 3738 4257 παρά

2217 4282 2325 4338 τῶν
2357 4286 2802 4356 πεπιστευμένων
2840 4288 2901 4340 τὸ
2927 4287 3019 4341 τοῦ
3053 4288 3215 4357 λόγου
3250 4289 3497 4360 χάρισμα
3529 4276 3733 4354 γινέσθω,

2216 4374 2294 4439 ὡς
2333 4376 2565 4447 ἐχόντων
2626 4377 2855 4448 δύναμιν
2921 4381 3036 4450 μετ’
3104 4382 3426 4453 ἐπιστήμης
3477 4379 3628 4433 εἰπεῖν
3671 4368 3739 4424 καὶ

2222 4467 2449 4522 ἀκοῦσαι
2488 4469 2624 4542 πρὸς
2669 4471 2955 4543 οἰκοδομὴν
3009 4473 3110 4542 τῆς
3155 4474 3431 4537 πίστεως·
3472 4467 3636 4538 σαφῶς
3667 4457 3736 4515 τώ

2234 4559 2557 4613 Ἀποστόλου
2590 4560 2936 4626 διδάσκοντος
2975 4562 3049 4633 μὴ
3093 4565 3231 4618 πᾶσι
3277 4566 3527 4635 παρεῖναι
3559 4559 3642 4629 τὴν
3668 4551 3737 4605 τοῦ

2213 4647 2371 4718 λόγου
2397 4650 2644 4722 δύναμιν,
2669 4651 2782 4706 ἀλλ’
2803 4652 3001 4722 ὀλίγοις
3022 4655 3295 4728 ὑπάρχειν
3317 4654 3380 4710 τὸ
3399 4655 3623 4728 χάρισμα
3634 4644 3737 4718 (59h

2210 4740 2278 4791 δι’
2307 4735 2381 4795 ὧν
2406 4758 2569 4813 φησιν
2584 4759 2598 4773 ·
2641 4736 2716 4814 τῼ
2734 4742 2852 4814 μὲν
2877 4746 2987 4816 γὰρ
3013 4746 3113 4800 διὰ
3136 4747 3248 4801 τοῦ
3273 4748 3603 4817 Πνεύματος
3627 4737 3740 4794 ὄίδο·

2212 4850 2308 4887 ται
2332 4836 2515 4905 λόγος
2553 4838 2798 4906 σοφίας,
2818 4839 2987 4907 mg,
3027 4839 3096 4893 δὲ
3134 4843 3327 4910 λόγος
3360 4839 3644 4912 γνώσεως-ο
3666 4827 3737 4882 καὶ

2213 4926 2447 4996 ἀλλαχοῦ
2470 4944 2485 4957 ο
2523 4928 2648 4981 Ἵνα
2670 4927 2929 4997 δυνατὸς
2957 4926 3002 5002 ᾖ
3033 4933 3414 5001 παρακαιεῖν
3460 4928 3565 5002 (53)
3597 4926 3655 4979 ἐν
3681 4915 3739 4986 τί

623 5080 669 5111 ⁸⁸
707 5081 833 5138 Act.
872 5097 943 5146 Iv,
976 5078 1064 5134 52.
1141 5080 1184 5111 ⁵⁸
1228 5076 1418 5155 Matth.
1451 5091 1529 5131 xu
1553 5116 1567 5141 ,
1603 5075 1697 5132 50.
1777 5077 1820 5110 ⁸³
1856 5076 2016 5134 Joan.
2056 5096 2127 5135 xu

2229 5083 2290 5140 τι.
2371 5085 2419 5116 ⁸⁸
2459 5083 2498 5139 ll
2532 5085 2658 5142 Cor.
2702 5102 2791 5152 vr,
2829 5087 2930 5152 i4,
2969 5087 3058 5143 i5.
3135 5088 3182 5121 “
3222 5088 3394 5144 Num.
3432 5104 3540 5153 xw,
3572 5085 3618 5139 ι.

540 5199 667 5290 γάρ.
710 5196 818 5285 {Nec
864 5195 938 5249 ita
971 5192 1142 5248 multo
1192 5190 1336 5246 infra
1366 5205 1500 5245 mss.
1546 5187 1657 5244 duo
1708 5198 1904 5259 praeter
1940 5189 2102 5247 Voss.

537 5265 882 5412 ἁλῖἰῦὺίιςε.
915 5333 1233 5412 primuset
1271 5329 1433 5412 voss.
1480 5341 1537 5386 et
1587 5328 1743 5412 Golb.
1798 5331 1936 5402 πρός
1964 5348 2104 5412 (τινα

536 5401 710 5480 ὰπὸμζ
745 5401 859 5483 Alii
898 5401 1007 5483 duo
1037 5402 1190 5483 Regii
1229 5403 1435 5483 pariter
1466 5416 1534 5483 ac
1566 5401 1851 5483 editiones
1893 5410 2106 5483 veteres

536 5470 672 5550 πρὸξ
703 5476 869 5550 μηδὲν
897 5477 1069 5547 ἀπρμ.
1100 5470 1392 5544 Aliquanto
1419 5479 1543 5543 post
1565 5470 1700 5539 Reg.
1730 5472 1940 5542 primus
1964 5474 2100 5544 μήτε

627 5549 928 5698 Effigiem:
954 5614 1108 5698 Coll).
1137 5607 1289 5698 ego;
1320 5630 1422 5698 pou
1451 5610 1547 5667 και
1575 5610 1824 5676 ἀδελφάς.

627 5620 697 5673 ιε
747 5620 928 5672 Codex
954 5620 1108 5671 Colb.
1137 5620 1289 5677 οὗτός
1320 5630 1422 5685 μου
1451 5620 1547 5667 καὶ
1575 5620 1824 5676 ἀδελφάς.

627 5620 719 5760 49;
748 5686 889 5742 Ideni
914 5700 1016 5740 ms.
1045 5683 1271 5757 Θορύὸου
1304 5683 1415 5738 καί.
1631 5708 1640 5716 ·

603 5621 714 5832 ἕω)
755 5756 1122 5815 ltursusidem
1149 5755 1259 5823 ille,
1289 5769 1451 5826 quem
1486 5768 1608 5811 mox
1642 5752 1777 5824 dixi,
1810 5753 1843 5807 li

695 5752 714 5830 )
755 5752 1122 5815 ltursusideni
1149 5755 1259 5823 ille,
1289 5769 1451 5826 quem
1486 5768 1608 5811 mox
1642 5752 1777 5824 dixi,
1810 5753 1948 5811 liber
1969 5752 2092 5806 επί-

2211 5197 2401 5262 σκεῲίν
2431 5215 2584 5262 τινας
2610 5199 2737 5253 τῶν.

2280 5266 2394 5337 (51)
2427 5266 2712 5342 Unus__ms.
2744 5271 2809 5342 tu
2826 5273 2940 5342 τοῖς
2968 5269 3240 5342 ἀδελφοῖς·
3268 5269 3428 5326 Πτίυά
3464 5272 3609 5342 101³Εὲ
3630 5273 3732 5342 ³³9⁵⁸

2207 5335 2317 5411 duo
2347 5335 2540 5407 praeter
2579 5337 2738 5411 Voss.
2774 5341 2836 5394 Εἰ
2863 5341 2922 5394 δὲ
2964 5335 3252 5411 καὶχρεία
3293 5343 3535 5411 γένηταιέ
3556 5335 3653 5411 Nec
3677 5335 3733 5385 ita

2207 5408 2379 5462 multo
2413 5418 2535 5483 post
2584 5410 2695 5465 duo
2725 5426 2860 5467 mss.
2894 5425 3022 5465 cum
3073 5407 3233 5467 Voss.
3274 5407 3428 5483 παρᾶ
3466 5408 3568 5462 τῶν
3602 5407 3734 5475 tim:

2208 5479 2630 5555 τιισςιευμένων.Δ
2668 5548 2712 5555 __
2987 5550 3013 5555 _
3055 5551 3088 5555 __
3266 5552 3277 5555 _
3354 5479 3368 5483 ⁷
3489 5550 3501 5555 _
3632 5544 3643 5555 .

2282 5548 2514 5623 (5‘2)lta
2562 5550 2635 5623 in
2668 5548 2827 5623 Yoss.
2852 5558 2928 5623 et
2954 5550 3126 5623 ‘Colb.
3162 5552 3438 5623 scriptum
3486 5548 3732 5605 invenitur.

2207 5618 2472 5692 ὑπάρχειν
2495 5618 2590 5673 τοῦ
2623 5620 2784 5689 λόγου
2816 5621 2879 5674 τὸ
2902 5620 3165 5692 χάρισμα.

2158 5708 2161 5709 ⁷
2275 5686 2388 5760 (55)
2419 5691 2549 5762 Reg.
2583 5686 2793 5761 primus
2826 5699 2881 5746 et
2901 5686 3128 5764 Colb.?)
3155 5694 3256 5746 καὶ
3285 5691 3634 5764 παρακαλεῖν.
