  <div class='ocr_page' id='page_1' title='image "/cluster/home/n/w/nwhite01/storage/ocr_20150623/31/mdp.39015012934363/510.png"; bbox 0 0 3948 6240; ppageno 0'>
   <div class='ocr_carea' id='block_1_1' title="bbox 233 214 1792 319">
    <p class='ocr_par' dir='ltr' id='par_1_1' title="bbox 233 214 1792 319">
     <span class='ocr_line' id='line_1_1' title="bbox 233 214 1792 319; baseline 0.001 -8"><span class='ocrx_word' id='word_1_1' title='bbox 233 249 339 311; x_wconf 85' lang='lat'><strong>997</strong></span> <span class='ocrx_word' id='word_1_2' title='bbox 1297 259 1602 319; x_wconf 66' lang='lat' dir='ltr'><strong>REGULAS</strong></span> <span class='ocrx_word' id='word_1_3' title='bbox 1647 260 1792 317; x_wconf 82' lang='lat' dir='ltr'><strong>FUSl</strong></span> 
     </span>
    </p>
   </div>
   <div class='ocr_carea' id='block_1_2' title="bbox 1930 214 3489 319">
    <p class='ocr_par' dir='ltr' id='par_1_2' title="bbox 1940 258 3489 315">
     <span class='ocr_line' id='line_1_2' title="bbox 1940 258 3489 315; baseline 0 -2"><span class='ocrx_word' id='word_1_4' title='bbox 1940 258 2353 315; x_wconf 68' lang='grc' dir='ltr'><strong>ΤΒΑΟΤΑΤᾹΞ.</strong></span> <span class='ocrx_word' id='word_1_5' title='bbox 3384 258 3489 313; x_wconf 83' lang='lat'><strong>998</strong></span> 
     </span>
    </p>
   </div>
   <div class='ocr_carea' id='block_1_3' title="bbox 231 374 1790 449">
    <p class='ocr_par' dir='ltr' id='par_1_3' title="bbox 231 374 1790 449">
     <span class='ocr_line' id='line_1_3' title="bbox 231 374 1790 449; baseline 0.004 -24"><span class='ocrx_word' id='word_1_6' title='bbox 231 375 589 443; x_wconf 73' lang='grc' dir='ltr'><strong>ὑγιαινούσῃ</strong></span> <span class='ocrx_word' id='word_1_7' title='bbox 625 374 1008 447; x_wconf 67' lang='grc' dir='ltr'><strong>διδασκαλίᾳ,</strong></span> <span class='ocrx_word' id='word_1_8' title='bbox 1057 379 1157 432; x_wconf 76' lang='grc' dir='ltr'>καί</span> <span class='ocrx_word' id='word_1_9' title='bbox 1200 380 1344 446; x_wconf 80' lang='grc' dir='ltr'>τοὺς</span> <span class='ocrx_word' id='word_1_10' title='bbox 1386 381 1790 449; x_wconf 71' lang='grc' dir='ltr'><strong>ἀντιλέγονται</strong></span> 
     </span>
    </p>
   </div>
   <div class='ocr_carea' id='block_1_4' title="bbox 1927 374 3486 449">
    <p class='ocr_par' dir='ltr' id='par_1_4' title="bbox 1927 374 3486 437">
     <span class='ocr_line' id='line_1_4' title="bbox 1927 374 3486 437; baseline 0.001 -6"><span class='ocrx_word' id='word_1_11' title='bbox 1927 380 2171 437; x_wconf 74' lang='lat' dir='ltr'><strong>pientiw:</strong></span> <span class='ocrx_word' id='word_1_12' title='bbox 2214 378 2311 431; x_wconf 77' lang='lat' dir='ltr'><strong>alii</strong></span> <span class='ocrx_word' id='word_1_13' title='bbox 2358 386 2527 431; x_wconf 78' lang='lat' dir='ltr'><strong>autem</strong></span> <span class='ocrx_word' id='word_1_14' title='bbox 2574 394 2744 431; x_wconf 82' lang='lat' dir='ltr'><strong>sermo</strong></span> <span class='ocrx_word' id='word_1_15' title='bbox 2790 379 3022 432; x_wconf 78' lang='lat' dir='ltr'><strong>scientiw</strong></span> <span class='ocrx_word' id='word_1_16' title='bbox 3063 379 3127 434; x_wconf 67' lang='grc' dir='ltr'><strong>δ’.</strong></span> <span class='ocrx_word' id='word_1_17' title='bbox 3174 377 3236 431; x_wconf 80' lang='lat' dir='ltr'><strong>Et</strong></span> <span class='ocrx_word' id='word_1_18' title='bbox 3284 374 3393 430; x_wconf 87' lang='lat' dir='ltr'><strong>alio</strong></span> <span class='ocrx_word' id='word_1_19' title='bbox 3431 379 3486 432; x_wconf 88' lang='lat' dir='ltr'><strong>in</strong></span> 
     </span>
    </p>
   </div>
   <div class='ocr_carea' id='block_1_5' title="bbox 230 463 3489 539">
    <p class='ocr_par' dir='ltr' id='par_1_5' title="bbox 230 463 3489 539">
     <span class='ocr_line' id='line_1_5' title="bbox 230 463 3489 539; baseline 0.002 -23"><span class='ocrx_word' id='word_1_20' title='bbox 230 463 523 533; x_wconf 71' lang='grc' dir='ltr'>ἐλέγχειν.</span> <span class='ocrx_word' id='word_1_21' title='bbox 1918 472 2074 526; x_wconf 86' lang='lat' dir='ltr'><strong>loco:</strong></span> <span class='ocrx_word' id='word_1_22' title='bbox 2123 471 2190 524; x_wconf 83' lang='lat' dir='ltr'><strong>Ut</strong></span> <span class='ocrx_word' id='word_1_23' title='bbox 2232 480 2414 539; x_wconf 82' lang='lat' dir='ltr'><strong>patens</strong></span> <span class='ocrx_word' id='word_1_24' title='bbox 2451 472 2520 523; x_wconf 74' lang='lat' dir='ltr'><strong>sit</strong></span> <span class='ocrx_word' id='word_1_25' title='bbox 2548 470 2820 523; x_wconf 69' lang='lat' dir='ltr'><strong><em>exhortari</em></strong></span> <span class='ocrx_word' id='word_1_26' title='bbox 2848 473 2902 524; x_wconf 82' lang='lat' dir='ltr'><strong>in</strong></span> <span class='ocrx_word' id='word_1_27' title='bbox 2942 472 3183 524; x_wconf 81' lang='lat' dir='ltr'><strong>doctrina</strong></span> <span class='ocrx_word' id='word_1_28' title='bbox 3220 487 3351 525; x_wconf 82' lang='lat' dir='ltr'><strong><em>sana</em></strong></span> <span class='ocrx_word' id='word_1_29' title='bbox 3375 508 3392 535; x_wconf 90' lang='lat'><strong>,</strong></span> <span class='ocrx_word' id='word_1_30' title='bbox 3434 477 3489 525; x_wconf 78' lang='lat' dir='ltr'><strong>et</strong></span> 
     </span>
    </p>
   </div>
   <div class='ocr_carea' id='block_1_6' title="bbox 1916 564 2931 634">
    <p class='ocr_par' dir='ltr' id='par_1_6' title="bbox 1916 564 2931 634">
     <span class='ocr_line' id='line_1_6' title="bbox 1916 564 2931 634; baseline 0.003 -18"><span class='ocrx_word' id='word_1_31' title='bbox 1916 581 2002 618; x_wconf 80' lang='lat' dir='ltr'><strong>eos</strong></span> <span class='ocrx_word' id='word_1_32' title='bbox 2025 605 2039 629; x_wconf 88' lang='lat'><strong>,</strong></span> <span class='ocrx_word' id='word_1_33' title='bbox 2070 566 2157 634; x_wconf 84' lang='lat' dir='ltr'><strong>qui</strong></span> <span class='ocrx_word' id='word_1_34' title='bbox 2187 564 2589 628; x_wconf 86' lang='lat' dir='ltr'><strong>contradicunt,</strong></span> <span class='ocrx_word' id='word_1_35' title='bbox 2622 580 2839 633; x_wconf 86' lang='lat' dir='ltr'><strong><em>arguere</em></strong></span> <span class='ocrx_word' id='word_1_36' title='bbox 2868 565 2931 619; x_wconf 79' lang='lat'><strong>“.</strong></span> 
     </span>
    </p>
   </div>
   <div class='ocr_carea' id='block_1_7' title="bbox 772 718 3096 785">
    <p class='ocr_par' dir='ltr' id='par_1_7' title="bbox 772 718 3096 785">
     <span class='ocr_line' id='line_1_7' title="bbox 772 718 3096 785; baseline -0.003 -3"><span class='ocrx_word' id='word_1_37' title='bbox 772 728 1109 783; x_wconf 78' lang='grc' dir='ltr'><strong>ΕΡΩΤΗΣΙΣ</strong></span> <span class='ocrx_word' id='word_1_38' title='bbox 1141 731 1264 785; x_wconf 65' lang='lat' dir='ltr'><strong>Al&quot;.</strong></span> <span class='ocrx_word' id='word_1_39' title='bbox 2311 718 2822 777; x_wconf 81' lang='lat' dir='ltr'><strong>INTERROGATIO</strong></span> <span class='ocrx_word' id='word_1_40' title='bbox 2860 721 3096 775; x_wconf 76' lang='lat' dir='ltr'><strong>XXXIII.</strong></span> 
     </span>
    </p>
   </div>
   <div class='ocr_carea' id='block_1_8' title="bbox 232 835 1791 913">
    <p class='ocr_par' dir='ltr' id='par_1_8' title="bbox 232 838 1791 913">
     <span class='ocr_line' id='line_1_8' title="bbox 232 838 1791 913; baseline 0.003 -24"><span class='ocrx_word' id='word_1_41' title='bbox 232 838 330 903; x_wconf 81' lang='grc' dir='ltr'>τίς</span> <span class='ocrx_word' id='word_1_42' title='bbox 370 840 404 890; x_wconf 84' lang='grc' dir='ltr'><em>ὀ</em></span> <span class='ocrx_word' id='word_1_43' title='bbox 434 838 652 907; x_wconf 76' lang='grc' dir='ltr'>τρόπος</span> <span class='ocrx_word' id='word_1_44' title='bbox 686 838 801 908; x_wconf 81' lang='grc' dir='ltr'><strong>τῆς</strong></span> <span class='ocrx_word' id='word_1_45' title='bbox 831 840 978 908; x_wconf 84' lang='grc' dir='ltr'>πρὸς</span> <span class='ocrx_word' id='word_1_46' title='bbox 1001 841 1109 906; x_wconf 82' lang='grc' dir='ltr'><strong>τὰς</strong></span> <span class='ocrx_word' id='word_1_47' title='bbox 1138 840 1406 910; x_wconf 72' lang='grc' dir='ltr'>ἀδελφὰς</span> <span class='ocrx_word' id='word_1_48' title='bbox 1448 845 1791 913; x_wconf 77' lang='grc' dir='ltr'><strong>συντυχίας</strong></span> 
     </span>
    </p>
   </div>
   <div class='ocr_carea' id='block_1_9' title="bbox 1778 835 3337 913">
    <p class='ocr_par' dir='ltr' id='par_1_9' title="bbox 1778 835 3337 906">
     <span class='ocr_line' id='line_1_9' title="bbox 1778 835 3337 906; baseline 0.003 -18"><span class='ocrx_word' id='word_1_49' title='bbox 1778 867 1802 905; x_wconf 59' lang='grc' dir='ltr'><strong>ε,</strong></span> <span class='ocrx_word' id='word_1_50' title='bbox 2055 836 2187 901; x_wconf 84' lang='lat' dir='ltr'><strong>Quis</strong></span> <span class='ocrx_word' id='word_1_51' title='bbox 2221 837 2291 889; x_wconf 79' lang='lat' dir='ltr'><strong>sit</strong></span> <span class='ocrx_word' id='word_1_52' title='bbox 2324 835 2510 890; x_wconf 87' lang='lat' dir='ltr'><strong>modus</strong></span> <span class='ocrx_word' id='word_1_53' title='bbox 2542 836 2868 906; x_wconf 78' lang='lat' dir='ltr'><strong>colloquendi</strong></span> <span class='ocrx_word' id='word_1_54' title='bbox 2902 854 3019 889; x_wconf 80' lang='lat' dir='ltr'><strong>cum</strong></span> <span class='ocrx_word' id='word_1_55' title='bbox 3050 838 3337 892; x_wconf 73' lang='lat' dir='ltr'><strong>sororibus.</strong></span> 
     </span>
    </p>
   </div>
   <div class='ocr_carea' id='block_1_10' title="bbox 827 969 2386 1027">
    <p class='ocr_par' dir='ltr' id='par_1_10' title="bbox 827 973 1214 1027">
     <span class='ocr_line' id='line_1_10' title="bbox 827 973 1214 1027; baseline 0.005 -2"><span class='ocrx_word' id='word_1_56' title='bbox 827 973 1214 1027; x_wconf 80' lang='grc' dir='ltr'><strong>ΑΠῡΚΡῘΣΙΣ.</strong></span> 
     </span>
    </p>
   </div>
   <div class='ocr_carea' id='block_1_11' title="bbox 1334 969 2893 1027">
    <p class='ocr_par' dir='ltr' id='par_1_11' title="bbox 2494 969 2893 1025">
     <span class='ocr_line' id='line_1_11' title="bbox 2494 969 2893 1025; baseline 0.005 -2"><span class='ocrx_word' id='word_1_57' title='bbox 2494 969 2893 1025; x_wconf 80' lang='lat' dir='ltr'><strong>RESPONSIO.</strong></span> 
     </span>
    </p>
   </div>
   <div class='ocr_carea' id='block_1_12' title="bbox 297 1059 1856 1143">
    <p class='ocr_par' dir='ltr' id='par_1_12' title="bbox 297 1059 1809 1143">
     <span class='ocr_line' id='line_1_12' title="bbox 297 1059 1809 1143; baseline 0.01 -32"><span class='ocrx_word' id='word_1_58' title='bbox 297 1059 350 1111; x_wconf 72' lang='grc'><strong>1.</strong></span> <span class='ocrx_word' id='word_1_59' title='bbox 383 1061 441 1113; x_wconf 89' lang='grc' dir='ltr'>Ὀ</span> <span class='ocrx_word' id='word_1_60' title='bbox 460 1060 608 1127; x_wconf 76' lang='grc' dir='ltr'>ἅπαξ</span> <span class='ocrx_word' id='word_1_61' title='bbox 634 1064 811 1133; x_wconf 86' lang='grc' dir='ltr'>γάμον</span> <span class='ocrx_word' id='word_1_62' title='bbox 829 1066 1283 1139; x_wconf 81' lang='grc' dir='ltr'>ἀπαρνησάμενος</span> <span class='ocrx_word' id='word_1_63' title='bbox 1302 1072 1697 1143; x_wconf 81' lang='grc' dir='ltr'>ἁπαρνήσεται,</span> <span class='ocrx_word' id='word_1_64' title='bbox 1715 1072 1809 1141; x_wconf 81' lang='grc' dir='ltr'><strong>δη-</strong></span> 
     </span>
    </p>
   </div>
   <div class='ocr_carea' id='block_1_13' title="bbox 1921 1059 3480 1143">
    <p class='ocr_par' dir='ltr' id='par_1_13' title="bbox 1982 1060 3480 1136">
     <span class='ocr_line' id='line_1_13' title="bbox 1982 1060 3480 1136; baseline 0.004 -24"><span class='ocrx_word' id='word_1_65' title='bbox 1982 1061 2031 1113; x_wconf 83' lang='lat' dir='ltr'><strong>l.</strong></span> <span class='ocrx_word' id='word_1_66' title='bbox 2072 1060 2176 1126; x_wconf 86' lang='lat' dir='ltr'><strong>Qui</strong></span> <span class='ocrx_word' id='word_1_67' title='bbox 2224 1064 2389 1118; x_wconf 82' lang='lat' dir='ltr'><strong>semel</strong></span> <span class='ocrx_word' id='word_1_68' title='bbox 2432 1066 2653 1134; x_wconf 79' lang='lat' dir='ltr'><strong>nuptias</strong></span> <span class='ocrx_word' id='word_1_69' title='bbox 2697 1065 3018 1136; x_wconf 75' lang='lat' dir='ltr'><strong>abnegavit,</strong></span> <span class='ocrx_word' id='word_1_70' title='bbox 3051 1065 3341 1134; x_wconf 84' lang='lat' dir='ltr'><strong>abnegabit</strong></span> <span class='ocrx_word' id='word_1_71' title='bbox 3373 1066 3480 1118; x_wconf 81' lang='lat' dir='ltr'><strong>uti-</strong></span> 
     </span>
    </p>
   </div>
   <div class='ocr_carea' id='block_1_14' title="bbox 221 1150 1780 1234">
    <p class='ocr_par' dir='ltr' id='par_1_14' title="bbox 221 1150 1780 1234">
     <span class='ocr_line' id='line_1_14' title="bbox 221 1150 1780 1234; baseline 0.01 -31"><span class='ocrx_word' id='word_1_72' title='bbox 221 1150 423 1218; x_wconf 82' lang='grc' dir='ltr'>λονότι,</span> <span class='ocrx_word' id='word_1_73' title='bbox 470 1154 605 1207; x_wconf 85' lang='grc' dir='ltr'>πολὺ</span> <span class='ocrx_word' id='word_1_74' title='bbox 655 1158 919 1229; x_wconf 83' lang='grc' dir='ltr'>πρότερον</span> <span class='ocrx_word' id='word_1_75' title='bbox 958 1159 1057 1222; x_wconf 84' lang='grc' dir='ltr'>τὰς</span> <span class='ocrx_word' id='word_1_76' title='bbox 1096 1161 1394 1232; x_wconf 82' lang='grc' dir='ltr'><strong>μερίμνας,</strong></span> <span class='ocrx_word' id='word_1_77' title='bbox 1446 1166 1511 1227; x_wconf 85' lang='grc' dir='ltr'>ἆς</span> <span class='ocrx_word' id='word_1_78' title='bbox 1562 1182 1727 1234; x_wconf 83' lang='grc' dir='ltr'>φησιν</span> <span class='ocrx_word' id='word_1_79' title='bbox 1779 1191 1780 1204; x_wconf 62' lang='grc' dir='ltr'><strong>ι</strong></span> 
     </span>
    </p>
   </div>
   <div class='ocr_carea' id='block_1_15' title="bbox 1918 1150 3477 1234">
    <p class='ocr_par' dir='ltr' id='par_1_15' title="bbox 1918 1154 3477 1226">
     <span class='ocr_line' id='line_1_15' title="bbox 1918 1154 3477 1226; baseline 0.004 -22"><span class='ocrx_word' id='word_1_80' title='bbox 1918 1167 2015 1221; x_wconf 83' lang='lat' dir='ltr'><strong>que</strong></span> <span class='ocrx_word' id='word_1_81' title='bbox 2060 1154 2235 1206; x_wconf 92' lang='lat' dir='ltr'><strong>multo</strong></span> <span class='ocrx_word' id='word_1_82' title='bbox 2281 1156 2454 1224; x_wconf 86' lang='lat' dir='ltr'><strong>magis</strong></span> <span class='ocrx_word' id='word_1_83' title='bbox 2483 1172 2576 1209; x_wconf 87' lang='lat' dir='ltr'><strong>eas</strong></span> <span class='ocrx_word' id='word_1_84' title='bbox 2607 1171 2768 1210; x_wconf 91' lang='lat' dir='ltr'><strong>curas</strong></span> <span class='ocrx_word' id='word_1_85' title='bbox 2791 1197 2804 1220; x_wconf 86' lang='lat'><strong>,</strong></span> <span class='ocrx_word' id='word_1_86' title='bbox 2840 1157 3040 1225; x_wconf 85' lang='lat' dir='ltr'>quibus</span> <span class='ocrx_word' id='word_1_87' title='bbox 3072 1157 3149 1209; x_wconf 92' lang='lat' dir='ltr'><strong>ait</strong></span> <span class='ocrx_word' id='word_1_88' title='bbox 3181 1158 3477 1226; x_wconf 79' lang='lat' dir='ltr'><strong>Apostolus</strong></span> 
     </span>
    </p>
   </div>
   <div class='ocr_carea' id='block_1_16' title="bbox 235 1244 1794 1327">
    <p class='ocr_par' dir='ltr' id='par_1_16' title="bbox 235 1244 1794 1327">
     <span class='ocr_line' id='line_1_16' title="bbox 235 1244 1794 1327; baseline 0.008 -31"><span class='ocrx_word' id='word_1_89' title='bbox 235 1244 562 1311; x_wconf 81' lang='grc' dir='ltr'>Ἀπόστολος</span> <span class='ocrx_word' id='word_1_90' title='bbox 588 1252 870 1321; x_wconf 22' lang='grc' dir='ltr'>νμεριμνᾷν</span> <span class='ocrx_word' id='word_1_91' title='bbox 912 1251 1002 1304; x_wconf 84' lang='grc' dir='ltr'><strong>τὸν</strong></span> <span class='ocrx_word' id='word_1_92' title='bbox 1044 1255 1421 1325; x_wconf 81' lang='grc' dir='ltr'><strong>γεγαμηκότα,</strong></span> <span class='ocrx_word' id='word_1_93' title='bbox 1466 1255 1581 1319; x_wconf 84' lang='grc' dir='ltr'><strong>πῶς</strong></span> <span class='ocrx_word' id='word_1_94' title='bbox 1615 1256 1794 1327; x_wconf 74' lang='grc' dir='ltr'>ἀρέσει</span> 
     </span>
    </p>
   </div>
   <div class='ocr_carea' id='block_1_17' title="bbox 1919 1244 3478 1327">
    <p class='ocr_par' dir='ltr' id='par_1_17' title="bbox 1919 1247 3478 1319">
     <span class='ocr_line' id='line_1_17' title="bbox 1919 1247 3478 1319; baseline 0.004 -21"><span class='ocrx_word' id='word_1_95' title='bbox 1919 1247 2100 1300; x_wconf 88' lang='lat' dir='ltr'><strong>:onlici</strong></span> <span class='ocrx_word' id='word_1_96' title='bbox 2132 1249 2411 1310; x_wconf 88' lang='lat' dir='ltr'><strong>maritum,</strong></span> <span class='ocrx_word' id='word_1_97' title='bbox 2430 1250 2701 1319; x_wconf 91' lang='lat' dir='ltr'><strong>quomodo</strong></span> <span class='ocrx_word' id='word_1_98' title='bbox 2720 1251 2925 1303; x_wconf 74' lang='lat' dir='ltr'><strong>scilicet</strong></span> <span class='ocrx_word' id='word_1_99' title='bbox 2946 1251 3247 1319; x_wconf 73' lang='lat' dir='ltr'><strong>placiturus</strong></span> <span class='ocrx_word' id='word_1_100' title='bbox 3273 1250 3343 1303; x_wconf 77' lang='lat' dir='ltr'><strong>sit</strong></span> <span class='ocrx_word' id='word_1_101' title='bbox 3362 1266 3478 1304; x_wconf 68' lang='lat' dir='ltr'><strong>sua)</strong></span> 
     </span>
    </p>
   </div>
   <div class='ocr_carea' id='block_1_18' title="bbox 218 1339 1777 1417">
    <p class='ocr_par' dir='ltr' id='par_1_18' title="bbox 218 1340 1777 1417">
     <span class='ocr_line' id='line_1_18' title="bbox 218 1340 1777 1417; baseline 0.009 -29"><span class='ocrx_word' id='word_1_102' title='bbox 218 1340 288 1411; x_wconf 77' lang='grc' dir='ltr'>τῇ</span> <span class='ocrx_word' id='word_1_103' title='bbox 320 1340 543 1408; x_wconf 76' lang='grc' dir='ltr'>γυναικὶ</span> <span class='ocrx_word' id='word_1_104' title='bbox 578 1341 743 1394; x_wconf 74' lang='grc' dir='ltr'>αὑτοῦ</span> <span class='ocrx_word' id='word_1_105' title='bbox 770 1342 904 1413; x_wconf 70' lang='grc'><strong>(54),</strong></span> <span class='ocrx_word' id='word_1_106' title='bbox 929 1344 1023 1397; x_wconf 75' lang='grc' dir='ltr'><strong>καὶ</strong></span> <span class='ocrx_word' id='word_1_107' title='bbox 1050 1346 1331 1417; x_wconf 83' lang='grc' dir='ltr'>καθαρίσει</span> <span class='ocrx_word' id='word_1_108' title='bbox 1360 1348 1552 1401; x_wconf 79' lang='grc' dir='ltr'>ἑαυτὸν</span> <span class='ocrx_word' id='word_1_109' title='bbox 1595 1349 1777 1402; x_wconf 59' lang='grc' dir='ltr'>παντάη</span> 
     </span>
    </p>
   </div>
   <div class='ocr_carea' id='block_1_19' title="bbox 1917 1339 3476 1417">
    <p class='ocr_par' dir='ltr' id='par_1_19' title="bbox 1917 1339 3476 1412">
     <span class='ocr_line' id='line_1_19' title="bbox 1917 1339 3476 1412; baseline 0.001 -21"><span class='ocrx_word' id='word_1_110' title='bbox 1917 1339 2061 1392; x_wconf 83' lang='lat' dir='ltr'><strong>uxori</strong></span> <span class='ocrx_word' id='word_1_111' title='bbox 2107 1339 2171 1405; x_wconf 74' lang='grc'><strong>⁵⁷,</strong></span> <span class='ocrx_word' id='word_1_112' title='bbox 2210 1341 2540 1409; x_wconf 85' lang='lat' dir='ltr'><strong>omninoque</strong></span> <span class='ocrx_word' id='word_1_113' title='bbox 2564 1342 2632 1395; x_wconf 89' lang='lat' dir='ltr'><strong>ab</strong></span> <span class='ocrx_word' id='word_1_114' title='bbox 2667 1342 2813 1395; x_wconf 88' lang='lat' dir='ltr'><strong>omni</strong></span> <span class='ocrx_word' id='word_1_115' title='bbox 2852 1342 3220 1396; x_wconf 84' lang='lat' dir='ltr'><strong>sollicitudine</strong></span> <span class='ocrx_word' id='word_1_116' title='bbox 3242 1344 3376 1412; x_wconf 60' lang='lat' dir='ltr'><strong>{quae</strong></span> <span class='ocrx_word' id='word_1_117' title='bbox 3411 1341 3476 1394; x_wconf 88' lang='lat' dir='ltr'><strong>ad</strong></span> 
     </span>
    </p>
   </div>
   <div class='ocr_carea' id='block_1_20' title="bbox 220 1426 1779 1508">
    <p class='ocr_par' dir='ltr' id='par_1_20' title="bbox 220 1430 1779 1508">
     <span class='ocr_line' id='line_1_20' title="bbox 220 1430 1779 1508; baseline 0.004 -27"><span class='ocrx_word' id='word_1_118' title='bbox 220 1446 359 1482; x_wconf 78' lang='grc' dir='ltr'>πασι</span> <span class='ocrx_word' id='word_1_119' title='bbox 390 1430 570 1502; x_wconf 86' lang='grc' dir='ltr'>πάσης</span> <span class='ocrx_word' id='word_1_120' title='bbox 604 1432 875 1502; x_wconf 81' lang='grc' dir='ltr'><strong>μερίμνης</strong></span> <span class='ocrx_word' id='word_1_121' title='bbox 912 1435 1012 1503; x_wconf 83' lang='grc' dir='ltr'>τῆς</span> <span class='ocrx_word' id='word_1_122' title='bbox 1054 1437 1189 1505; x_wconf 75' lang='grc' dir='ltr'>πρὺς</span> <span class='ocrx_word' id='word_1_123' title='bbox 1226 1438 1514 1508; x_wconf 81' lang='grc' dir='ltr'>ἀρέσκειαν</span> <span class='ocrx_word' id='word_1_124' title='bbox 1548 1439 1779 1506; x_wconf 58' lang='grc' dir='ltr'>γυναικὰ</span> 
     </span>
    </p>
   </div>
   <div class='ocr_carea' id='block_1_21' title="bbox 1920 1426 3479 1508">
    <p class='ocr_par' dir='ltr' id='par_1_21' title="bbox 1920 1426 3479 1502">
     <span class='ocr_line' id='line_1_21' title="bbox 1920 1426 3479 1502; baseline 0.004 -23"><span class='ocrx_word' id='word_1_125' title='bbox 1920 1426 2198 1481; x_wconf 68' lang='grc' dir='ltr'>,ηευηᾶειη</span> <span class='ocrx_word' id='word_1_126' title='bbox 2243 1445 2273 1482; x_wconf 90' lang='lat' dir='ltr'><strong>a</strong></span> <span class='ocrx_word' id='word_1_127' title='bbox 2316 1430 2545 1484; x_wconf 87' lang='lat' dir='ltr'><strong>muliere</strong></span> <span class='ocrx_word' id='word_1_128' title='bbox 2584 1432 2813 1500; x_wconf 88' lang='lat' dir='ltr'><strong>gratiam</strong></span> <span class='ocrx_word' id='word_1_129' title='bbox 2857 1432 3179 1500; x_wconf 82' lang='lat' dir='ltr'><strong>suscipitur,</strong></span> <span class='ocrx_word' id='word_1_130' title='bbox 3226 1433 3479 1502; x_wconf 82' lang='lat' dir='ltr'><strong>purgabit</strong></span> 
     </span>
    </p>
   </div>
   <div class='ocr_carea' id='block_1_22' title="bbox 216 1520 1775 1596">
    <p class='ocr_par' dir='ltr' id='par_1_22' title="bbox 216 1522 1775 1596">
     <span class='ocr_line' id='line_1_22' title="bbox 216 1522 1775 1596; baseline 0.006 -24"><span class='ocrx_word' id='word_1_131' title='bbox 216 1522 536 1591; x_wconf 71' lang='grc' dir='ltr'>γενομένης,</span> <span class='ocrx_word' id='word_1_132' title='bbox 564 1522 900 1591; x_wconf 79' lang='grc' dir='ltr'>φοϐούμενος</span> <span class='ocrx_word' id='word_1_133' title='bbox 932 1524 989 1577; x_wconf 82' lang='grc' dir='ltr'><strong>τὸ</strong></span> <span class='ocrx_word' id='word_1_134' title='bbox 1016 1528 1189 1596; x_wconf 85' lang='grc' dir='ltr'>κρῖμα</span> <span class='ocrx_word' id='word_1_135' title='bbox 1220 1526 1311 1580; x_wconf 91' lang='grc' dir='ltr'><strong>τοῦ</strong></span> <span class='ocrx_word' id='word_1_136' title='bbox 1335 1529 1578 1592; x_wconf 75' lang='grc' dir='ltr'>εἰπόντος</span> <span class='ocrx_word' id='word_1_137' title='bbox 1600 1530 1705 1593; x_wconf 76' lang='grc' dir='ltr'><strong>¹ὅτι,</strong></span> <span class='ocrx_word' id='word_1_138' title='bbox 1747 1531 1775 1582; x_wconf 74' lang='grc' dir='ltr'>’ί</span> 
     </span>
    </p>
   </div>
   <div class='ocr_carea' id='block_1_23' title="bbox 1916 1520 3475 1596">
    <p class='ocr_par' dir='ltr' id='par_1_23' title="bbox 1916 1520 3475 1591">
     <span class='ocr_line' id='line_1_23' title="bbox 1916 1520 3475 1591; baseline 0 -18"><span class='ocrx_word' id='word_1_139' title='bbox 1916 1521 2262 1589; x_wconf 74' lang='lat' dir='ltr'><strong>semetipsum</strong></span> <span class='ocrx_word' id='word_1_140' title='bbox 2284 1560 2299 1584; x_wconf 93' lang='lat'><strong>,</strong></span> <span class='ocrx_word' id='word_1_141' title='bbox 2324 1523 2529 1575; x_wconf 82' lang='lat' dir='ltr'><strong>veritus</strong></span> <span class='ocrx_word' id='word_1_142' title='bbox 2553 1520 2822 1591; x_wconf 84' lang='lat' dir='ltr'><strong>judicium</strong></span> <span class='ocrx_word' id='word_1_143' title='bbox 2847 1522 2966 1589; x_wconf 83' lang='lat' dir='ltr'><strong>ejus</strong></span> <span class='ocrx_word' id='word_1_144' title='bbox 2983 1560 2997 1584; x_wconf 95' lang='lat'><strong>,</strong></span> <span class='ocrx_word' id='word_1_145' title='bbox 3026 1524 3115 1590; x_wconf 91' lang='lat' dir='ltr'><strong>qui</strong></span> <span class='ocrx_word' id='word_1_146' title='bbox 3140 1522 3307 1575; x_wconf 83' lang='lat' dir='ltr'><strong>dixit:</strong></span> <span class='ocrx_word' id='word_1_147' title='bbox 3333 1521 3475 1574; x_wconf 73' lang='lat' dir='ltr'><strong>Deus</strong></span> 
     </span>
    </p>
   </div>
   <div class='ocr_carea' id='block_1_24' title="bbox 218 1612 1777 1688">
    <p class='ocr_par' dir='ltr' id='par_1_24' title="bbox 218 1612 1777 1688">
     <span class='ocr_line' id='line_1_24' title="bbox 218 1612 1777 1688; baseline 0.005 -24"><span class='ocrx_word' id='word_1_148' title='bbox 218 1612 370 1678; x_wconf 82' lang='grc' dir='ltr'><strong>Θεὸς</strong></span> <span class='ocrx_word' id='word_1_149' title='bbox 401 1612 830 1682; x_wconf 79' lang='grc' dir='ltr'><strong>διεσκόρπισεν</strong></span> <span class='ocrx_word' id='word_1_150' title='bbox 868 1616 1019 1671; x_wconf 84' lang='grc' dir='ltr'><em>ὀστᾶ</em></span> <span class='ocrx_word' id='word_1_151' title='bbox 1067 1618 1600 1688; x_wconf 81' lang='grc' dir='ltr'>ἀνθρωπαρέσκων.</span> <span class='ocrx_word' id='word_1_152' title='bbox 1640 1622 1777 1674; x_wconf 67' lang='grc' dir='ltr'>Ὥστε</span> 
     </span>
    </p>
   </div>
   <div class='ocr_carea' id='block_1_25' title="bbox 1917 1612 3476 1688">
    <p class='ocr_par' dir='ltr' id='par_1_25' title="bbox 1917 1612 3476 1681">
     <span class='ocr_line' id='line_1_25' title="bbox 1917 1612 3476 1681; baseline 0.003 -17"><span class='ocrx_word' id='word_1_153' title='bbox 1917 1612 2176 1680; x_wconf 75' lang='grc' dir='ltr'>ίὶεδίραυὶι</span> <span class='ocrx_word' id='word_1_154' title='bbox 2201 1629 2321 1665; x_wconf 85' lang='lat' dir='ltr'><strong>ossa</strong></span> <span class='ocrx_word' id='word_1_155' title='bbox 2342 1629 2521 1666; x_wconf 86' lang='lat' dir='ltr'><strong>eorum</strong></span> <span class='ocrx_word' id='word_1_156' title='bbox 2542 1615 2630 1681; x_wconf 85' lang='lat' dir='ltr'><strong>qui</strong></span> <span class='ocrx_word' id='word_1_157' title='bbox 2652 1612 2951 1666; x_wconf 80' lang='lat' dir='ltr'><strong>ltomimbus</strong></span> <span class='ocrx_word' id='word_1_158' title='bbox 2975 1615 3183 1681; x_wconf 82' lang='lat' dir='ltr'><strong>placent</strong></span> <span class='ocrx_word' id='word_1_159' title='bbox 3206 1614 3269 1669; x_wconf 77' lang='grc' dir='ltr'><strong>δ’.</strong></span> <span class='ocrx_word' id='word_1_160' title='bbox 3292 1613 3476 1679; x_wconf 80' lang='lat' dir='ltr'><strong><em>Quare</em></strong></span> 
     </span>
    </p>
   </div>
   <div class='ocr_carea' id='block_1_26' title="bbox 224 1702 1783 1785">
    <p class='ocr_par' dir='ltr' id='par_1_26' title="bbox 224 1702 1765 1780">
     <span class='ocr_line' id='line_1_26' title="bbox 224 1702 1765 1780; baseline 0.008 -27"><span class='ocrx_word' id='word_1_161' title='bbox 224 1702 367 1773; x_wconf 80' lang='grc' dir='ltr'>πρὸς</span> <span class='ocrx_word' id='word_1_162' title='bbox 402 1703 695 1775; x_wconf 79' lang='grc' dir='ltr'><strong>ἀρέσκειαν</strong></span> <span class='ocrx_word' id='word_1_163' title='bbox 718 1706 823 1776; x_wconf 84' lang='grc' dir='ltr'><strong>μὲν</strong></span> <span class='ocrx_word' id='word_1_164' title='bbox 861 1706 981 1759; x_wconf 78' lang='grc' dir='ltr'>οὐδὲ</span> <span class='ocrx_word' id='word_1_165' title='bbox 1025 1708 1176 1779; x_wconf 77' lang='grc' dir='ltr'>ἀνδρὶ</span> <span class='ocrx_word' id='word_1_166' title='bbox 1213 1714 1488 1780; x_wconf 79' lang='grc' dir='ltr'>συντυχεῖν</span> <span class='ocrx_word' id='word_1_167' title='bbox 1518 1712 1765 1779; x_wconf 81' lang='grc' dir='ltr'>ἀνέξεται</span> 
     </span>
    </p>
   </div>
   <div class='ocr_carea' id='block_1_27' title="bbox 1911 1702 3470 1785">
    <p class='ocr_par' dir='ltr' id='par_1_27' title="bbox 1911 1703 3470 1773">
     <span class='ocr_line' id='line_1_27' title="bbox 1911 1703 3470 1773; baseline 0.001 -18"><span class='ocrx_word' id='word_1_168' title='bbox 1911 1718 1973 1756; x_wconf 89' lang='lat' dir='ltr'><strong>ne</strong></span> <span class='ocrx_word' id='word_1_169' title='bbox 2003 1718 2124 1756; x_wconf 90' lang='lat' dir='ltr'><strong>cum</strong></span> <span class='ocrx_word' id='word_1_170' title='bbox 2155 1705 2275 1757; x_wconf 78' lang='lat' dir='ltr'><strong>viro</strong></span> <span class='ocrx_word' id='word_1_171' title='bbox 2304 1703 2522 1772; x_wconf 87' lang='lat' dir='ltr'><strong>quidem</strong></span> <span class='ocrx_word' id='word_1_172' title='bbox 2556 1703 2812 1773; x_wconf 81' lang='lat' dir='ltr'><strong>congredi</strong></span> <span class='ocrx_word' id='word_1_173' title='bbox 2846 1705 3089 1757; x_wconf 85' lang='lat' dir='ltr'><strong>animum</strong></span> <span class='ocrx_word' id='word_1_174' title='bbox 3123 1706 3375 1768; x_wconf 81' lang='lat' dir='ltr'><strong>inducet,</strong></span> <span class='ocrx_word' id='word_1_175' title='bbox 3406 1705 3470 1757; x_wconf 89' lang='lat' dir='ltr'><strong>ad</strong></span> 
     </span>
    </p>
   </div>
   <div class='ocr_carea' id='block_1_28' title="bbox 211 1794 1770 1875">
    <p class='ocr_par' dir='ltr' id='par_1_28' title="bbox 211 1795 1770 1875">
     <span class='ocr_line' id='line_1_28' title="bbox 211 1795 1770 1875; baseline 0.008 -30"><span class='ocrx_word' id='word_1_176' title='bbox 211 1795 404 1848; x_wconf 76' lang='grc' dir='ltr'>’ἕνεκεν</span> <span class='ocrx_word' id='word_1_177' title='bbox 434 1795 492 1849; x_wconf 76' lang='grc' dir='ltr'>δέ</span> <span class='ocrx_word' id='word_1_178' title='bbox 528 1797 626 1867; x_wconf 87' lang='grc' dir='ltr'>τῆς</span> <span class='ocrx_word' id='word_1_179' title='bbox 669 1800 789 1851; x_wconf 80' lang='grc' dir='ltr'>κατ’</span> <span class='ocrx_word' id='word_1_180' title='bbox 833 1798 1046 1871; x_wconf 80' lang='grc' dir='ltr'>ἐντολὴν</span> <span class='ocrx_word' id='word_1_181' title='bbox 1091 1799 1226 1853; x_wconf 88' lang='grc' dir='ltr'>Θεοῦ</span> <span class='ocrx_word' id='word_1_182' title='bbox 1271 1803 1627 1875; x_wconf 73' lang='grc' dir='ltr'><strong>ὀφειλομένης</strong></span> <span class='ocrx_word' id='word_1_183' title='bbox 1675 1806 1770 1859; x_wconf 80' lang='grc' dir='ltr'>ἑκά</span> 
     </span>
    </p>
   </div>
   <div class='ocr_carea' id='block_1_29' title="bbox 1910 1794 3469 1875">
    <p class='ocr_par' dir='ltr' id='par_1_29' title="bbox 1910 1794 3469 1871">
     <span class='ocr_line' id='line_1_29' title="bbox 1910 1794 3469 1871; baseline 0.002 -24"><span class='ocrx_word' id='word_1_184' title='bbox 1910 1794 2022 1863; x_wconf 87' lang='lat' dir='ltr'><strong>ejus</strong></span> <span class='ocrx_word' id='word_1_185' title='bbox 2048 1794 2155 1849; x_wconf 88' lang='lat' dir='ltr'><strong>sibi</strong></span> <span class='ocrx_word' id='word_1_186' title='bbox 2185 1794 2583 1849; x_wconf 81' lang='lat' dir='ltr'><strong>conciliandam</strong></span> <span class='ocrx_word' id='word_1_187' title='bbox 2614 1797 2843 1871; x_wconf 70' lang='lat' dir='ltr'><strong>gratiam</strong></span> <span class='ocrx_word' id='word_1_188' title='bbox 2876 1813 2889 1861; x_wconf 92' lang='lat'><strong>;</strong></span> <span class='ocrx_word' id='word_1_189' title='bbox 2922 1797 3015 1849; x_wconf 87' lang='lat' dir='ltr'><strong>sed</strong></span> <span class='ocrx_word' id='word_1_190' title='bbox 3047 1796 3116 1850; x_wconf 91' lang='lat' dir='ltr'><strong>ob</strong></span> <span class='ocrx_word' id='word_1_191' title='bbox 3147 1797 3197 1849; x_wconf 91' lang='lat' dir='ltr'><strong>id</strong></span> <span class='ocrx_word' id='word_1_192' title='bbox 3229 1796 3469 1851; x_wconf 90' lang='lat' dir='ltr'><strong>studium</strong></span> 
     </span>
    </p>
   </div>
   <div class='ocr_carea' id='block_1_30' title="bbox 223 1887 1782 1967">
    <p class='ocr_par' dir='ltr' id='par_1_30' title="bbox 223 1889 1782 1967">
     <span class='ocr_line' id='line_1_30' title="bbox 223 1889 1782 1967; baseline 0.007 -28"><span class='ocrx_word' id='word_1_193' title='bbox 223 1905 337 1959; x_wconf 81' lang='grc' dir='ltr'><strong>στῳ</strong></span> <span class='ocrx_word' id='word_1_194' title='bbox 363 1889 518 1958; x_wconf 81' lang='grc' dir='ltr'>παρὰ</span> <span class='ocrx_word' id='word_1_195' title='bbox 550 1890 644 1942; x_wconf 88' lang='grc' dir='ltr'><strong>τοῦ</strong></span> <span class='ocrx_word' id='word_1_196' title='bbox 675 1890 900 1961; x_wconf 78' lang='grc' dir='ltr'>πλησίον</span> <span class='ocrx_word' id='word_1_197' title='bbox 927 1892 1160 1962; x_wconf 78' lang='grc' dir='ltr'>σπουδῆς</span> <span class='ocrx_word' id='word_1_198' title='bbox 1181 1894 1279 1963; x_wconf 78' lang='grc' dir='ltr'>τῆς</span> <span class='ocrx_word' id='word_1_199' title='bbox 1302 1894 1490 1963; x_wconf 91' lang='grc' dir='ltr'>χρείας</span> <span class='ocrx_word' id='word_1_200' title='bbox 1513 1897 1622 1967; x_wconf 85' lang='grc'><strong>(55)</strong></span> <span class='ocrx_word' id='word_1_201' title='bbox 1640 1898 1782 1950; x_wconf 75' lang='grc' dir='ltr'>ἁπαιι</span> 
     </span>
    </p>
   </div>
   <div class='ocr_carea' id='block_1_31' title="bbox 1915 1887 3474 1967">
    <p class='ocr_par' dir='ltr' id='par_1_31' title="bbox 1915 1887 3474 1958">
     <span class='ocr_line' id='line_1_31' title="bbox 1915 1887 3474 1958; baseline 0.001 -19"><span class='ocrx_word' id='word_1_202' title='bbox 1915 1887 2045 1955; x_wconf 71' lang='lat' dir='ltr'><strong>juod</strong></span> <span class='ocrx_word' id='word_1_203' title='bbox 2090 1888 2287 1956; x_wconf 88' lang='lat' dir='ltr'><strong>cuique</strong></span> <span class='ocrx_word' id='word_1_204' title='bbox 2315 1902 2345 1939; x_wconf 90' lang='lat' dir='ltr'><strong>a</strong></span> <span class='ocrx_word' id='word_1_205' title='bbox 2377 1887 2799 1956; x_wconf 76' lang='lat' dir='ltr'><strong>proximojuxta</strong></span> <span class='ocrx_word' id='word_1_206' title='bbox 2829 1887 2923 1943; x_wconf 83' lang='lat' dir='ltr'><strong>Dei</strong></span> <span class='ocrx_word' id='word_1_207' title='bbox 2950 1897 3275 1958; x_wconf 68' lang='lat' dir='ltr'><strong>praaceptum</strong></span> <span class='ocrx_word' id='word_1_208' title='bbox 3307 1889 3474 1943; x_wconf 79' lang='lat' dir='ltr'><strong>debe-</strong></span> 
     </span>
    </p>
   </div>
   <div class='ocr_carea' id='block_1_32' title="bbox 221 1966 1780 2059">
    <p class='ocr_par' dir='ltr' id='par_1_32' title="bbox 221 1966 1780 2059">
     <span class='ocr_line' id='line_1_32' title="bbox 221 1966 1780 2059; baseline 0.006 -28"><span class='ocrx_word' id='word_1_209' title='bbox 221 1979 429 2052; x_wconf 86' lang='grc' dir='ltr'>τούσης</span> <span class='ocrx_word' id='word_1_210' title='bbox 468 1982 563 2033; x_wconf 76' lang='grc' dir='ltr'>ἐπὶ</span> <span class='ocrx_word' id='word_1_211' title='bbox 598 1983 697 2053; x_wconf 83' lang='grc' dir='ltr'><strong>τὴν</strong></span> <span class='ocrx_word' id='word_1_212' title='bbox 742 1982 1030 2055; x_wconf 72' lang='grc' dir='ltr'>συντυχίαν</span> <span class='ocrx_word' id='word_1_213' title='bbox 1064 1966 1360 2037; x_wconf 76' lang='grc' dir='ltr'>ἐλεύσεται.</span> <span class='ocrx_word' id='word_1_214' title='bbox 1410 1987 1483 2039; x_wconf 85' lang='grc' dir='ltr'><strong>Οὐ</strong></span> <span class='ocrx_word' id='word_1_215' title='bbox 1679 1989 1780 2041; x_wconf 82' lang='grc' dir='ltr'><strong>οὐδὲ</strong></span> 
     </span>
    </p>
   </div>
   <div class='ocr_carea' id='block_1_33' title="bbox 1911 1966 3470 2059">
    <p class='ocr_par' dir='ltr' id='par_1_33' title="bbox 1911 1981 3470 2052">
     <span class='ocr_line' id='line_1_33' title="bbox 1911 1981 3470 2052; baseline 0.003 -20"><span class='ocrx_word' id='word_1_216' title='bbox 1911 1988 2009 2045; x_wconf 78' lang='lat' dir='ltr'><strong>tur,</strong></span> <span class='ocrx_word' id='word_1_217' title='bbox 2060 1981 2384 2036; x_wconf 82' lang='lat' dir='ltr'><strong>necessitate</strong></span> <span class='ocrx_word' id='word_1_218' title='bbox 2434 1981 2714 2050; x_wconf 81' lang='lat' dir='ltr'><strong>exigente,</strong></span> <span class='ocrx_word' id='word_1_219' title='bbox 2766 1996 2888 2035; x_wconf 89' lang='lat' dir='ltr'><strong>cum</strong></span> <span class='ocrx_word' id='word_1_220' title='bbox 2939 1998 3003 2037; x_wconf 90' lang='lat' dir='ltr'><strong>eo</strong></span> <span class='ocrx_word' id='word_1_221' title='bbox 3050 1983 3105 2036; x_wconf 87' lang='lat' dir='ltr'><strong>in</strong></span> <span class='ocrx_word' id='word_1_222' title='bbox 3138 1983 3470 2052; x_wconf 79' lang='lat' dir='ltr'><strong>colloquium</strong></span> 
     </span>
    </p>
   </div>
   <div class='ocr_carea' id='block_1_34' title="bbox 216 2071 1775 2149">
    <p class='ocr_par' dir='ltr' id='par_1_34' title="bbox 216 2071 1775 2149">
     <span class='ocr_line' id='line_1_34' title="bbox 216 2071 1775 2149; baseline 0.006 -25"><span class='ocrx_word' id='word_1_223' title='bbox 216 2074 333 2135; x_wconf 80' lang='grc' dir='ltr'>τοῖς</span> <span class='ocrx_word' id='word_1_224' title='bbox 398 2071 742 2142; x_wconf 81' lang='grc' dir='ltr'>βουλομένοις</span> <span class='ocrx_word' id='word_1_225' title='bbox 789 2075 977 2139; x_wconf 86' lang='grc' dir='ltr'>ἁπλῶς</span> <span class='ocrx_word' id='word_1_226' title='bbox 1029 2076 1276 2145; x_wconf 74' lang='grc' dir='ltr'>ἐφίεσθαι</span> <span class='ocrx_word' id='word_1_227' title='bbox 1328 2077 1432 2149; x_wconf 82' lang='grc' dir='ltr'><strong>χρὴ</strong></span> <span class='ocrx_word' id='word_1_228' title='bbox 1454 2078 1552 2148; x_wconf 78' lang='grc' dir='ltr'><strong>τὴν</strong></span> <span class='ocrx_word' id='word_1_229' title='bbox 1602 2097 1775 2133; x_wconf 84' lang='grc' dir='ltr'>συντυ-</span> 
     </span>
    </p>
   </div>
   <div class='ocr_carea' id='block_1_35' title="bbox 1909 2071 3468 2149">
    <p class='ocr_par' dir='ltr' id='par_1_35' title="bbox 1909 2071 3468 2141">
     <span class='ocr_line' id='line_1_35' title="bbox 1909 2071 3468 2141; baseline 0.003 -16"><span class='ocrx_word' id='word_1_230' title='bbox 1909 2072 2097 2126; x_wconf 81' lang='lat' dir='ltr'><strong>veniet.</strong></span> <span class='ocrx_word' id='word_1_231' title='bbox 2122 2071 2306 2141; x_wconf 87' lang='lat' dir='ltr'><strong>Neque</strong></span> <span class='ocrx_word' id='word_1_232' title='bbox 2334 2088 2463 2127; x_wconf 88' lang='lat' dir='ltr'><strong>vero</strong></span> <span class='ocrx_word' id='word_1_233' title='bbox 2491 2075 2611 2126; x_wconf 85' lang='lat' dir='ltr'><strong>sine</strong></span> <span class='ocrx_word' id='word_1_234' title='bbox 2638 2074 2747 2128; x_wconf 89' lang='lat' dir='ltr'><strong>ullo</strong></span> <span class='ocrx_word' id='word_1_235' title='bbox 2775 2073 2988 2129; x_wconf 85' lang='lat' dir='ltr'><strong>delectu</strong></span> <span class='ocrx_word' id='word_1_236' title='bbox 3018 2075 3245 2130; x_wconf 87' lang='lat' dir='ltr'><strong>cuilibet</strong></span> <span class='ocrx_word' id='word_1_237' title='bbox 3269 2077 3468 2131; x_wconf 84' lang='lat' dir='ltr'><strong>volenti</strong></span> 
     </span>
    </p>
   </div>
   <div class='ocr_carea' id='block_1_36' title="bbox 210 2163 1769 2242">
    <p class='ocr_par' dir='ltr' id='par_1_36' title="bbox 210 2166 1769 2242">
     <span class='ocr_line' id='line_1_36' title="bbox 210 2166 1769 2242; baseline 0.005 -25"><span class='ocrx_word' id='word_1_238' title='bbox 210 2166 354 2235; x_wconf 88' lang='grc' dir='ltr'>χίαν,</span> <span class='ocrx_word' id='word_1_239' title='bbox 383 2167 507 2220; x_wconf 81' lang='grc' dir='ltr'><strong>οὐδὲ</strong></span> <span class='ocrx_word' id='word_1_240' title='bbox 541 2166 730 2237; x_wconf 81' lang='grc' dir='ltr'>καιρὸς</span> <span class='ocrx_word' id='word_1_241' title='bbox 760 2168 898 2239; x_wconf 80' lang='grc' dir='ltr'>πρὸς</span> <span class='ocrx_word' id='word_1_242' title='bbox 930 2167 1154 2239; x_wconf 81' lang='grc' dir='ltr'>ταύτην,</span> <span class='ocrx_word' id='word_1_243' title='bbox 1202 2168 1321 2220; x_wconf 82' lang='grc' dir='ltr'><strong>οὐδὲ</strong></span> <span class='ocrx_word' id='word_1_244' title='bbox 1363 2169 1525 2233; x_wconf 81' lang='grc' dir='ltr'>τόπος</span> <span class='ocrx_word' id='word_1_245' title='bbox 1553 2170 1665 2242; x_wconf 90' lang='grc'><strong>(56)</strong></span> <span class='ocrx_word' id='word_1_246' title='bbox 1691 2175 1769 2225; x_wconf 81' lang='grc' dir='ltr'>πᾶ</span> 
     </span>
    </p>
   </div>
   <div class='ocr_carea' id='block_1_37' title="bbox 1908 2163 3467 2242">
    <p class='ocr_par' dir='ltr' id='par_1_37' title="bbox 1908 2163 3467 2236">
     <span class='ocr_line' id='line_1_37' title="bbox 1908 2163 3467 2236; baseline 0.001 -17"><span class='ocrx_word' id='word_1_247' title='bbox 1908 2163 2245 2219; x_wconf 77' lang='lat' dir='ltr'><strong>concedenda</strong></span> <span class='ocrx_word' id='word_1_248' title='bbox 2286 2171 2369 2219; x_wconf 89' lang='lat' dir='ltr'><strong>est</strong></span> <span class='ocrx_word' id='word_1_249' title='bbox 2415 2165 2671 2233; x_wconf 83' lang='lat' dir='ltr'><strong>loquendi</strong></span> <span class='ocrx_word' id='word_1_250' title='bbox 2721 2173 3001 2235; x_wconf 87' lang='lat' dir='ltr'><strong>potestas:</strong></span> <span class='ocrx_word' id='word_1_251' title='bbox 3047 2183 3223 2236; x_wconf 86' lang='lat' dir='ltr'><strong>neque</strong></span> <span class='ocrx_word' id='word_1_252' title='bbox 3253 2168 3321 2221; x_wconf 87' lang='lat' dir='ltr'><strong>ad</strong></span> <span class='ocrx_word' id='word_1_253' title='bbox 3350 2184 3467 2224; x_wconf 90' lang='lat' dir='ltr'><strong>eam</strong></span> 
     </span>
    </p>
   </div>
   <div class='ocr_carea' id='block_1_38' title="bbox 211 2258 1770 2335">
    <p class='ocr_par' dir='ltr' id='par_1_38' title="bbox 211 2259 1770 2335">
     <span class='ocr_line' id='line_1_38' title="bbox 211 2259 1770 2335; baseline 0.005 -25"><span class='ocrx_word' id='word_1_254' title='bbox 211 2259 544 2329; x_wconf 74' lang='grc' dir='ltr'>ἐπιτήδειος.</span> <span class='ocrx_word' id='word_1_255' title='bbox 592 2259 736 2311; x_wconf 86' lang='grc' dir='ltr'>Ἀλλ’</span> <span class='ocrx_word' id='word_1_256' title='bbox 763 2260 901 2328; x_wconf 79' lang='grc' dir='ltr'>εἴγε</span> <span class='ocrx_word' id='word_1_257' title='bbox 934 2260 1222 2332; x_wconf 81' lang='grc' dir='ltr'>μέλλοιμεν</span> <span class='ocrx_word' id='word_1_258' title='bbox 1265 2262 1403 2316; x_wconf 80' lang='grc' dir='ltr'>κατὰ</span> <span class='ocrx_word' id='word_1_259' title='bbox 1431 2263 1492 2315; x_wconf 85' lang='grc' dir='ltr'><strong>τὸ</strong></span> <span class='ocrx_word' id='word_1_260' title='bbox 1520 2264 1770 2335; x_wconf 83' lang='grc' dir='ltr'>πρόσταγ</span> 
     </span>
    </p>
   </div>
   <div class='ocr_carea' id='block_1_39' title="bbox 1904 2258 3463 2335">
    <p class='ocr_par' dir='ltr' id='par_1_39' title="bbox 1904 2258 3463 2322">
     <span class='ocr_line' id='line_1_39' title="bbox 1904 2258 3463 2322; baseline 0.004 -15"><span class='ocrx_word' id='word_1_261' title='bbox 1904 2270 2010 2309; x_wconf 89' lang='lat' dir='ltr'><strong>rem</strong></span> <span class='ocrx_word' id='word_1_262' title='bbox 2057 2263 2272 2322; x_wconf 91' lang='lat' dir='ltr'><strong>tempus</strong></span> <span class='ocrx_word' id='word_1_263' title='bbox 2316 2272 2509 2321; x_wconf 87' lang='lat' dir='ltr'><strong>omne,</strong></span> <span class='ocrx_word' id='word_1_264' title='bbox 2557 2265 2651 2309; x_wconf 83' lang='lat' dir='ltr'><strong>aut</strong></span> <span class='ocrx_word' id='word_1_265' title='bbox 2693 2258 2872 2312; x_wconf 89' lang='lat' dir='ltr'><strong>omnis</strong></span> <span class='ocrx_word' id='word_1_266' title='bbox 2917 2259 3072 2313; x_wconf 86' lang='lat' dir='ltr'><strong>locus</strong></span> <span class='ocrx_word' id='word_1_267' title='bbox 3103 2259 3332 2313; x_wconf 88' lang='lat' dir='ltr'><strong>idoneus</strong></span> <span class='ocrx_word' id='word_1_268' title='bbox 3360 2270 3463 2315; x_wconf 89' lang='lat' dir='ltr'><strong>est.</strong></span> 
     </span>
    </p>
   </div>
   <div class='ocr_carea' id='block_1_40' title="bbox 212 2345 1771 2423">
    <p class='ocr_par' dir='ltr' id='par_1_40' title="bbox 212 2351 1771 2423">
     <span class='ocr_line' id='line_1_40' title="bbox 212 2351 1771 2423; baseline 0.003 -19"><span class='ocrx_word' id='word_1_269' title='bbox 212 2370 293 2421; x_wconf 88' lang='grc' dir='ltr'><strong>μα</strong></span> <span class='ocrx_word' id='word_1_270' title='bbox 337 2351 434 2405; x_wconf 75' lang='grc' dir='ltr'><strong>τοῦ</strong></span> <span class='ocrx_word' id='word_1_271' title='bbox 488 2352 811 2406; x_wconf 83' lang='grc' dir='ltr'>Ἀποστόλου</span> <span class='ocrx_word' id='word_1_272' title='bbox 862 2353 1199 2423; x_wconf 83' lang='grc' dir='ltr'>ἀπρόσκοποι</span> <span class='ocrx_word' id='word_1_273' title='bbox 1237 2354 1481 2421; x_wconf 78' lang='grc' dir='ltr'>γίνεσθαι</span> <span class='ocrx_word' id='word_1_274' title='bbox 1529 2356 1623 2409; x_wconf 76' lang='grc' dir='ltr'>καὶ</span> <span class='ocrx_word' id='word_1_275' title='bbox 1668 2356 1771 2409; x_wconf 78' lang='grc' dir='ltr'>Ἰου</span> 
     </span>
    </p>
   </div>
   <div class='ocr_carea' id='block_1_41' title="bbox 1907 2345 3466 2423">
    <p class='ocr_par' dir='ltr' id='par_1_41' title="bbox 1907 2345 3466 2423">
     <span class='ocr_line' id='line_1_41' title="bbox 1907 2345 3466 2423; baseline 0.003 -21"><span class='ocrx_word' id='word_1_276' title='bbox 1907 2345 2003 2402; x_wconf 74' lang='lat' dir='ltr'><strong>Sed</strong></span> <span class='ocrx_word' id='word_1_277' title='bbox 2036 2349 2081 2403; x_wconf 88' lang='lat' dir='ltr'><strong>si</strong></span> <span class='ocrx_word' id='word_1_278' title='bbox 2110 2348 2266 2416; x_wconf 81' lang='lat' dir='ltr'><strong><em>juxta</em></strong></span> <span class='ocrx_word' id='word_1_279' title='bbox 2299 2349 2540 2418; x_wconf 79' lang='lat' dir='ltr'><strong>Apostoli</strong></span> <span class='ocrx_word' id='word_1_280' title='bbox 2569 2358 2895 2419; x_wconf 84' lang='lat' dir='ltr'><strong>praeceptum</strong></span> <span class='ocrx_word' id='word_1_281' title='bbox 2928 2353 3184 2406; x_wconf 88' lang='lat' dir='ltr'><strong>nolumus</strong></span> <span class='ocrx_word' id='word_1_282' title='bbox 3211 2353 3466 2423; x_wconf 87' lang='lat' dir='ltr'><strong>cuiquam</strong></span> 
     </span>
    </p>
   </div>
   <div class='ocr_carea' id='block_1_42' title="bbox 214 2440 1773 2517">
    <p class='ocr_par' dir='ltr' id='par_1_42' title="bbox 214 2443 1760 2517">
     <span class='ocr_line' id='line_1_42' title="bbox 214 2443 1760 2517; baseline 0.003 -22"><span class='ocrx_word' id='word_1_283' title='bbox 214 2444 409 2506; x_wconf 80' lang='grc' dir='ltr'>δαίοις,</span> <span class='ocrx_word' id='word_1_284' title='bbox 450 2443 547 2497; x_wconf 69' lang='grc' dir='ltr'><strong>καὶ</strong></span> <span class='ocrx_word' id='word_1_285' title='bbox 585 2444 843 2515; x_wconf 85' lang='grc' dir='ltr'>Ἕλλησι,</span> <span class='ocrx_word' id='word_1_286' title='bbox 882 2445 974 2498; x_wconf 78' lang='grc' dir='ltr'>καὶ</span> <span class='ocrx_word' id='word_1_287' title='bbox 1018 2447 1082 2516; x_wconf 78' lang='grc' dir='ltr'>τῇ</span> <span class='ocrx_word' id='word_1_288' title='bbox 1144 2446 1439 2517; x_wconf 69' lang='grc' dir='ltr'>Ἐκκλησία</span> <span class='ocrx_word' id='word_1_289' title='bbox 1481 2445 1575 2499; x_wconf 84' lang='grc' dir='ltr'><strong>τοῦ</strong></span> <span class='ocrx_word' id='word_1_290' title='bbox 1626 2446 1760 2500; x_wconf 88' lang='grc' dir='ltr'>Θεοῦ</span> 
     </span>
    </p>
   </div>
   <div class='ocr_carea' id='block_1_43' title="bbox 1902 2440 3461 2517">
    <p class='ocr_par' dir='ltr' id='par_1_43' title="bbox 1902 2440 3461 2515">
     <span class='ocr_line' id='line_1_43' title="bbox 1902 2440 3461 2515; baseline 0.006 -22"><span class='ocrx_word' id='word_1_291' title='bbox 1902 2440 2221 2496; x_wconf 81' lang='lat' dir='ltr'><strong>offendiculo</strong></span> <span class='ocrx_word' id='word_1_292' title='bbox 2251 2458 2371 2497; x_wconf 90' lang='lat' dir='ltr'><strong>esse</strong></span> <span class='ocrx_word' id='word_1_293' title='bbox 2413 2444 2479 2507; x_wconf 75' lang='grc'><strong>⁸⁵³,</strong></span> <span class='ocrx_word' id='word_1_294' title='bbox 2508 2458 2684 2513; x_wconf 88' lang='lat' dir='ltr'><strong>neque</strong></span> <span class='ocrx_word' id='word_1_295' title='bbox 2733 2441 2969 2508; x_wconf 64' lang='lat' dir='ltr'><strong>Judaeis,</strong></span> <span class='ocrx_word' id='word_1_296' title='bbox 3011 2460 3186 2515; x_wconf 88' lang='lat' dir='ltr'><strong>neque</strong></span> <span class='ocrx_word' id='word_1_297' title='bbox 3226 2445 3461 2511; x_wconf 84' lang='lat' dir='ltr'><strong>Graecis,</strong></span> 
     </span>
    </p>
   </div>
   <div class='ocr_carea' id='block_1_44' title="bbox 212 2533 1771 2606">
    <p class='ocr_par' dir='ltr' id='par_1_44' title="bbox 212 2534 1771 2606">
     <span class='ocr_line' id='line_1_44' title="bbox 212 2534 1771 2606; baseline 0.003 -19"><span class='ocrx_word' id='word_1_298' title='bbox 212 2537 389 2588; x_wconf 76' lang='grc' dir='ltr'>πάντα</span> <span class='ocrx_word' id='word_1_299' title='bbox 432 2534 489 2587; x_wconf 83' lang='grc' dir='ltr'>δὲ</span> <span class='ocrx_word' id='word_1_300' title='bbox 537 2536 886 2606; x_wconf 80' lang='grc' dir='ltr'>εὐσχημόνως</span> <span class='ocrx_word' id='word_1_301' title='bbox 942 2537 1037 2589; x_wconf 68' lang='grc' dir='ltr'>καὶ</span> <span class='ocrx_word' id='word_1_302' title='bbox 1087 2537 1228 2590; x_wconf 79' lang='grc' dir='ltr'>κατὰ</span> <span class='ocrx_word' id='word_1_303' title='bbox 1281 2538 1453 2602; x_wconf 80' lang='grc' dir='ltr'>τάξιν,</span> <span class='ocrx_word' id='word_1_304' title='bbox 1485 2539 1577 2590; x_wconf 76' lang='grc' dir='ltr'>καὶ</span> <span class='ocrx_word' id='word_1_305' title='bbox 1618 2539 1771 2593; x_wconf 69' lang='grc' dir='ltr'>πάντα</span> 
     </span>
    </p>
   </div>
   <div class='ocr_carea' id='block_1_45' title="bbox 1902 2533 3461 2606">
    <p class='ocr_par' dir='ltr' id='par_1_45' title="bbox 1902 2533 3461 2604">
     <span class='ocr_line' id='line_1_45' title="bbox 1902 2533 3461 2604; baseline 0.004 -17"><span class='ocrx_word' id='word_1_306' title='bbox 1902 2549 2068 2603; x_wconf 89' lang='lat' dir='ltr'><strong>neque</strong></span> <span class='ocrx_word' id='word_1_307' title='bbox 2092 2533 2349 2589; x_wconf 83' lang='lat' dir='ltr'><strong>Ecclesiae</strong></span> <span class='ocrx_word' id='word_1_308' title='bbox 2370 2533 2495 2598; x_wconf 88' lang='lat' dir='ltr'><strong>Dei,</strong></span> <span class='ocrx_word' id='word_1_309' title='bbox 2529 2536 2624 2590; x_wconf 87' lang='lat' dir='ltr'><strong>sed</strong></span> <span class='ocrx_word' id='word_1_310' title='bbox 2654 2537 2835 2590; x_wconf 87' lang='lat' dir='ltr'><strong>omnia</strong></span> <span class='ocrx_word' id='word_1_311' title='bbox 2862 2538 3060 2593; x_wconf 83' lang='lat' dir='ltr'><strong>decore</strong></span> <span class='ocrx_word' id='word_1_312' title='bbox 3085 2553 3147 2591; x_wconf 89' lang='lat' dir='ltr'><strong>ac</strong></span> <span class='ocrx_word' id='word_1_313' title='bbox 3175 2538 3424 2594; x_wconf 84' lang='lat' dir='ltr'><strong>ordinate</strong></span> <span class='ocrx_word' id='word_1_314' title='bbox 3446 2580 3461 2604; x_wconf 93' lang='lat'><strong>,</strong></span> 
     </span>
    </p>
   </div>
   <div class='ocr_carea' id='block_1_46' title="bbox 210 2626 1769 2701">
    <p class='ocr_par' dir='ltr' id='par_1_46' title="bbox 210 2627 1769 2701">
     <span class='ocr_line' id='line_1_46' title="bbox 210 2627 1769 2701; baseline 0.003 -22"><span class='ocrx_word' id='word_1_315' title='bbox 210 2628 345 2697; x_wconf 78' lang='grc' dir='ltr'>πρὸς</span> <span class='ocrx_word' id='word_1_316' title='bbox 385 2627 675 2698; x_wconf 82' lang='grc' dir='ltr'>οἰκοδομὴν</span> <span class='ocrx_word' id='word_1_317' title='bbox 713 2631 909 2696; x_wconf 84' lang='grc' dir='ltr'>ποιεῖν,</span> <span class='ocrx_word' id='word_1_318' title='bbox 956 2629 1169 2699; x_wconf 84' lang='grc' dir='ltr'><strong>ἀνάγκη</strong></span> <span class='ocrx_word' id='word_1_319' title='bbox 1216 2630 1308 2682; x_wconf 75' lang='grc' dir='ltr'>καὶ</span> <span class='ocrx_word' id='word_1_320' title='bbox 1350 2630 1658 2701; x_wconf 80' lang='grc' dir='ltr'>πρόσωπον,</span> <span class='ocrx_word' id='word_1_321' title='bbox 1699 2648 1769 2684; x_wconf 86' lang='grc' dir='ltr'>κα</span> 
     </span>
    </p>
   </div>
   <div class='ocr_carea' id='block_1_47' title="bbox 1906 2626 3465 2701">
    <p class='ocr_par' dir='ltr' id='par_1_47' title="bbox 1906 2626 3465 2697">
     <span class='ocr_line' id='line_1_47' title="bbox 1906 2626 3465 2697; baseline 0.006 -18"><span class='ocrx_word' id='word_1_322' title='bbox 1906 2626 2182 2696; x_wconf 85' lang='lat' dir='ltr'><strong>)mniaque</strong></span> <span class='ocrx_word' id='word_1_323' title='bbox 2213 2627 2280 2680; x_wconf 89' lang='lat' dir='ltr'><strong>ad</strong></span> <span class='ocrx_word' id='word_1_324' title='bbox 2309 2626 2721 2681; x_wconf 66' lang='lat' dir='ltr'><strong>aedificationem</strong></span> <span class='ocrx_word' id='word_1_325' title='bbox 2763 2629 3053 2697; x_wconf 86' lang='lat' dir='ltr'><strong>perlicere,</strong></span> <span class='ocrx_word' id='word_1_326' title='bbox 3087 2646 3311 2687; x_wconf 89' lang='lat' dir='ltr'><strong>necesse</strong></span> <span class='ocrx_word' id='word_1_327' title='bbox 3346 2632 3465 2688; x_wconf 82' lang='lat' dir='ltr'><strong>fue-</strong></span> 
     </span>
    </p>
   </div>
   <div class='ocr_carea' id='block_1_48' title="bbox 208 2720 1767 2795">
    <p class='ocr_par' dir='ltr' id='par_1_48' title="bbox 208 2720 1763 2795">
     <span class='ocr_line' id='line_1_48' title="bbox 208 2720 1763 2795; baseline 0.004 -25"><span class='ocrx_word' id='word_1_328' title='bbox 208 2720 437 2789; x_wconf 79' lang='grc' dir='ltr'>καιρὸν,</span> <span class='ocrx_word' id='word_1_329' title='bbox 501 2720 595 2771; x_wconf 81' lang='grc' dir='ltr'>καὶ</span> <span class='ocrx_word' id='word_1_330' title='bbox 640 2721 863 2791; x_wconf 81' lang='grc' dir='ltr'>χρείαν,</span> <span class='ocrx_word' id='word_1_331' title='bbox 906 2722 1001 2774; x_wconf 68' lang='grc' dir='ltr'><strong>κα)⁸</strong></span> <span class='ocrx_word' id='word_1_332' title='bbox 1041 2721 1204 2775; x_wconf 84' lang='grc' dir='ltr'>τόπον</span> <span class='ocrx_word' id='word_1_333' title='bbox 1258 2725 1375 2775; x_wconf 82' lang='grc' dir='ltr'>κατ’</span> <span class='ocrx_word' id='word_1_334' title='bbox 1410 2723 1642 2795; x_wconf 81' lang='grc' dir='ltr'>ἐκλογὴν</span> <span class='ocrx_word' id='word_1_335' title='bbox 1685 2725 1763 2793; x_wconf 80' lang='grc' dir='ltr'>ἀφ</span> 
     </span>
    </p>
   </div>
   <div class='ocr_carea' id='block_1_49' title="bbox 1906 2720 3465 2795">
    <p class='ocr_par' dir='ltr' id='par_1_49' title="bbox 1906 2720 3465 2788">
     <span class='ocr_line' id='line_1_49' title="bbox 1906 2720 3465 2788; baseline 0.004 -16"><span class='ocrx_word' id='word_1_336' title='bbox 1906 2720 1961 2772; x_wconf 77' lang='lat' dir='ltr'><strong>&#39;it</strong></span> <span class='ocrx_word' id='word_1_337' title='bbox 1988 2729 2042 2773; x_wconf 88' lang='lat' dir='ltr'><strong>et</strong></span> <span class='ocrx_word' id='word_1_338' title='bbox 2068 2733 2339 2787; x_wconf 66' lang='lat' dir='ltr'><strong>personae,</strong></span> <span class='ocrx_word' id='word_1_339' title='bbox 2357 2728 2413 2772; x_wconf 90' lang='lat' dir='ltr'><strong>et</strong></span> <span class='ocrx_word' id='word_1_340' title='bbox 2446 2720 2725 2788; x_wconf 83' lang='lat' dir='ltr'><strong>temporis,</strong></span> <span class='ocrx_word' id='word_1_341' title='bbox 2753 2730 2807 2774; x_wconf 89' lang='lat' dir='ltr'><strong>et</strong></span> <span class='ocrx_word' id='word_1_342' title='bbox 2826 2721 3099 2787; x_wconf 88' lang='lat' dir='ltr'><strong>utilitatis,</strong></span> <span class='ocrx_word' id='word_1_343' title='bbox 3127 2724 3295 2777; x_wconf 85' lang='lat' dir='ltr'><strong>etloci</strong></span> <span class='ocrx_word' id='word_1_344' title='bbox 3317 2725 3465 2779; x_wconf 86' lang='lat' dir='ltr'><strong>dele-</strong></span> 
     </span>
    </p>
   </div>
   <div class='ocr_carea' id='block_1_50' title="bbox 212 2808 1771 2886">
    <p class='ocr_par' dir='ltr' id='par_1_50' title="bbox 212 2808 1771 2882">
     <span class='ocr_line' id='line_1_50' title="bbox 212 2808 1771 2882; baseline 0.004 -20"><span class='ocrx_word' id='word_1_345' title='bbox 212 2811 445 2881; x_wconf 74' lang='grc' dir='ltr'>ωρίσθαι</span> <span class='ocrx_word' id='word_1_346' title='bbox 496 2811 608 2881; x_wconf 83' lang='grc'><strong>(57)</strong></span> <span class='ocrx_word' id='word_1_347' title='bbox 654 2812 985 2882; x_wconf 79' lang='grc' dir='ltr'>πρεπόντως·</span> <span class='ocrx_word' id='word_1_348' title='bbox 1024 2814 1089 2867; x_wconf 83' lang='grc' dir='ltr'>δι’</span> <span class='ocrx_word' id='word_1_349' title='bbox 1125 2808 1198 2868; x_wconf 80' lang='grc' dir='ltr'>ὧν</span> <span class='ocrx_word' id='word_1_350' title='bbox 1231 2816 1484 2869; x_wconf 85' lang='grc' dir='ltr'>ἁπάντων</span> <span class='ocrx_word' id='word_1_351' title='bbox 1536 2818 1771 2875; x_wconf 66' lang='grc' dir='ltr'>ὑπονοίας</span> 
     </span>
    </p>
   </div>
   <div class='ocr_carea' id='block_1_51' title="bbox 1903 2808 3462 2886">
    <p class='ocr_par' dir='ltr' id='par_1_51' title="bbox 1903 2812 3462 2886">
     <span class='ocr_line' id='line_1_51' title="bbox 1903 2812 3462 2886; baseline 0.006 -22"><span class='ocrx_word' id='word_1_352' title='bbox 1903 2822 2034 2865; x_wconf 84' lang='lat' dir='ltr'><strong>:tum</strong></span> <span class='ocrx_word' id='word_1_353' title='bbox 2068 2812 2323 2867; x_wconf 84' lang='lat' dir='ltr'><strong>decenter</strong></span> <span class='ocrx_word' id='word_1_354' title='bbox 2356 2829 2420 2866; x_wconf 90' lang='lat' dir='ltr'><strong>ac</strong></span> <span class='ocrx_word' id='word_1_355' title='bbox 2450 2814 2554 2867; x_wconf 90' lang='lat' dir='ltr'><strong>rite</strong></span> <span class='ocrx_word' id='word_1_356' title='bbox 2584 2814 2771 2869; x_wconf 86' lang='lat' dir='ltr'><strong>haberi</strong></span> <span class='ocrx_word' id='word_1_357' title='bbox 2800 2834 2812 2868; x_wconf 89' lang='lat'><strong>:</strong></span> <span class='ocrx_word' id='word_1_358' title='bbox 2848 2816 3049 2886; x_wconf 86' lang='lat' dir='ltr'><strong>quibus</strong></span> <span class='ocrx_word' id='word_1_359' title='bbox 3093 2818 3349 2873; x_wconf 89' lang='lat' dir='ltr'><strong>omnibus</strong></span> <span class='ocrx_word' id='word_1_360' title='bbox 3377 2822 3462 2873; x_wconf 86' lang='lat' dir='ltr'><strong>vel</strong></span> 
     </span>
    </p>
   </div>
   <div class='ocr_carea' id='block_1_52' title="bbox 210 2903 1769 2980">
    <p class='ocr_par' dir='ltr' id='par_1_52' title="bbox 210 2903 1769 2980">
     <span class='ocr_line' id='line_1_52' title="bbox 210 2903 1769 2980; baseline 0.004 -26"><span class='ocrx_word' id='word_1_361' title='bbox 210 2904 306 2972; x_wconf 81' lang='grc' dir='ltr'>μὲν</span> <span class='ocrx_word' id='word_1_362' title='bbox 338 2904 586 2973; x_wconf 74' lang='grc' dir='ltr'>πονηρᾶς</span> <span class='ocrx_word' id='word_1_363' title='bbox 621 2904 715 2956; x_wconf 72' lang='grc' dir='ltr'>καὶ</span> <span class='ocrx_word' id='word_1_364' title='bbox 742 2903 870 2957; x_wconf 77' lang='grc' dir='ltr'>σκιὰ</span> <span class='ocrx_word' id='word_1_365' title='bbox 900 2905 1049 2957; x_wconf 84' lang='grc' dir='ltr'>πᾶσα</span> <span class='ocrx_word' id='word_1_366' title='bbox 1090 2905 1489 2976; x_wconf 81' lang='grc' dir='ltr'>ὲξελαΟήσεται,</span> <span class='ocrx_word' id='word_1_367' title='bbox 1530 2909 1769 2980; x_wconf 67' lang='grc' dir='ltr'>σεμνότης</span> 
     </span>
    </p>
   </div>
   <div class='ocr_carea' id='block_1_53' title="bbox 1953 2903 3512 2980">
    <p class='ocr_par' dir='ltr' id='par_1_53' title="bbox 1953 2903 3512 2975">
     <span class='ocr_line' id='line_1_53' title="bbox 1953 2903 3512 2975; baseline 0.001 -19"><span class='ocrx_word' id='word_1_368' title='bbox 1953 2903 2081 2957; x_wconf 86' lang='lat' dir='ltr'><strong>nbra</strong></span> <span class='ocrx_word' id='word_1_369' title='bbox 2108 2904 2314 2973; x_wconf 84' lang='lat' dir='ltr'><strong>quaevis</strong></span> <span class='ocrx_word' id='word_1_370' title='bbox 2346 2905 2679 2974; x_wconf 87' lang='lat' dir='ltr'><strong>suspicionis</strong></span> <span class='ocrx_word' id='word_1_371' title='bbox 2706 2920 2884 2974; x_wconf 62' lang='lat' dir='ltr'><strong>praue</strong></span> <span class='ocrx_word' id='word_1_372' title='bbox 2908 2905 3200 2975; x_wconf 78' lang='lat' dir='ltr'><strong>fugabitur.</strong></span> <span class='ocrx_word' id='word_1_373' title='bbox 3227 2905 3286 2961; x_wconf 84' lang='lat' dir='ltr'><strong>In</strong></span> <span class='ocrx_word' id='word_1_374' title='bbox 3313 2910 3462 2962; x_wconf 88' lang='lat' dir='ltr'><strong>oumi</strong></span> <span class='ocrx_word' id='word_1_375' title='bbox 3507 2952 3512 2957; x_wconf 92' lang='lat'><strong>.</strong></span> 
     </span>
    </p>
   </div>
   <div class='ocr_carea' id='block_1_54' title="bbox 205 2995 1764 3070">
    <p class='ocr_par' dir='ltr' id='par_1_54' title="bbox 205 2995 1764 3070">
     <span class='ocr_line' id='line_1_54' title="bbox 205 2995 1764 3070; baseline 0.003 -23"><span class='ocrx_word' id='word_1_376' title='bbox 205 3013 294 3059; x_wconf 87' lang='grc' dir='ltr'><strong>τος</strong></span> <span class='ocrx_word' id='word_1_377' title='bbox 332 2996 391 3047; x_wconf 79' lang='grc' dir='ltr'><strong>δὲ</strong></span> <span class='ocrx_word' id='word_1_378' title='bbox 436 2996 531 3048; x_wconf 77' lang='grc' dir='ltr'>καὶ</span> <span class='ocrx_word' id='word_1_379' title='bbox 592 2995 944 3067; x_wconf 69' lang='grc' dir='ltr'>σωφροσύνης</span> <span class='ocrx_word' id='word_1_380' title='bbox 988 2996 1261 3061; x_wconf 81' lang='grc' dir='ltr'>ἀπόδειξις</span> <span class='ocrx_word' id='word_1_381' title='bbox 1301 3001 1358 3050; x_wconf 87' lang='grc' dir='ltr'>ὲν</span> <span class='ocrx_word' id='word_1_382' title='bbox 1402 2999 1564 3052; x_wconf 74' lang='grc' dir='ltr'>παντὶ</span> <span class='ocrx_word' id='word_1_383' title='bbox 1601 3001 1764 3070; x_wconf 57' lang='grc' dir='ltr'>τρόπιε</span> 
     </span>
    </p>
   </div>
   <div class='ocr_carea' id='block_1_55' title="bbox 1904 2995 3463 3070">
    <p class='ocr_par' dir='ltr' id='par_1_55' title="bbox 1904 2996 3463 3069">
     <span class='ocr_line' id='line_1_55' title="bbox 1904 2996 3463 3069; baseline 0.004 -21"><span class='ocrx_word' id='word_1_384' title='bbox 1904 3004 2069 3050; x_wconf 77' lang='lat' dir='ltr'><strong>lutem</strong></span> <span class='ocrx_word' id='word_1_385' title='bbox 2102 2996 2293 3066; x_wconf 80' lang='lat' dir='ltr'><strong>agendi</strong></span> <span class='ocrx_word' id='word_1_386' title='bbox 2328 2999 2539 3051; x_wconf 86' lang='lat' dir='ltr'><strong>ratione</strong></span> <span class='ocrx_word' id='word_1_387' title='bbox 2568 2998 2853 3067; x_wconf 82' lang='lat' dir='ltr'><strong>apparebit</strong></span> <span class='ocrx_word' id='word_1_388' title='bbox 2882 3002 3165 3069; x_wconf 79' lang='lat' dir='ltr'><strong>gravitatis</strong></span> <span class='ocrx_word' id='word_1_389' title='bbox 3198 3015 3264 3053; x_wconf 89' lang='lat' dir='ltr'><strong>ac</strong></span> <span class='ocrx_word' id='word_1_390' title='bbox 3294 3002 3463 3055; x_wconf 85' lang='lat' dir='ltr'><strong>casti-</strong></span> 
     </span>
    </p>
   </div>
   <div class='ocr_carea' id='block_1_56' title="bbox 203 3083 1762 3162">
    <p class='ocr_par' dir='ltr' id='par_1_56' title="bbox 203 3088 1760 3162">
     <span class='ocr_line' id='line_1_56' title="bbox 203 3088 1760 3162; baseline 0.004 -23"><span class='ocrx_word' id='word_1_391' title='bbox 203 3089 606 3158; x_wconf 73' lang='grc' dir='ltr'>ἐπιφανήσεται</span> <span class='ocrx_word' id='word_1_392' title='bbox 638 3093 751 3153; x_wconf 84' lang='grc' dir='ltr'>τοίς</span> <span class='ocrx_word' id='word_1_393' title='bbox 776 3088 1182 3160; x_wconf 82' lang='grc' dir='ltr'>δοκιμασθεῖσιν</span> <span class='ocrx_word' id='word_1_394' title='bbox 1214 3093 1345 3162; x_wconf 85' lang='grc' dir='ltr'>ὀρᾷν</span> <span class='ocrx_word' id='word_1_395' title='bbox 1371 3090 1630 3162; x_wconf 83' lang='grc' dir='ltr'><strong>ἀλλήλους</strong></span> <span class='ocrx_word' id='word_1_396' title='bbox 1648 3093 1760 3162; x_wconf 86' lang='grc'><strong>(58)</strong></span> 
     </span>
    </p>
   </div>
   <div class='ocr_carea' id='block_1_57' title="bbox 1897 3083 3456 3162">
    <p class='ocr_par' dir='ltr' id='par_1_57' title="bbox 1897 3089 3456 3158">
     <span class='ocr_line' id='line_1_57' title="bbox 1897 3089 3456 3158; baseline 0.004 -18"><span class='ocrx_word' id='word_1_397' title='bbox 1897 3090 2083 3142; x_wconf 71' lang='lat' dir='ltr'><strong>monia:</strong></span> <span class='ocrx_word' id='word_1_398' title='bbox 2109 3090 2383 3158; x_wconf 85' lang='lat' dir='ltr'><strong>specimen</strong></span> <span class='ocrx_word' id='word_1_399' title='bbox 2410 3089 2463 3142; x_wconf 88' lang='lat' dir='ltr'><strong>in</strong></span> <span class='ocrx_word' id='word_1_400' title='bbox 2494 3090 2559 3143; x_wconf 92' lang='lat' dir='ltr'><strong>iis</strong></span> <span class='ocrx_word' id='word_1_401' title='bbox 2580 3132 2594 3156; x_wconf 90' lang='lat'><strong>,</strong></span> <span class='ocrx_word' id='word_1_402' title='bbox 2622 3092 2714 3158; x_wconf 90' lang='lat' dir='ltr'><strong>qui</strong></span> <span class='ocrx_word' id='word_1_403' title='bbox 2739 3090 2963 3146; x_wconf 90' lang='lat' dir='ltr'><strong>admissi</strong></span> <span class='ocrx_word' id='word_1_404' title='bbox 2995 3100 3123 3146; x_wconf 91' lang='lat' dir='ltr'><strong>sunt</strong></span> <span class='ocrx_word' id='word_1_405' title='bbox 3147 3101 3200 3146; x_wconf 89' lang='lat' dir='ltr'><strong>et</strong></span> <span class='ocrx_word' id='word_1_406' title='bbox 3225 3095 3419 3149; x_wconf 88' lang='lat' dir='ltr'><strong>adlecti</strong></span> <span class='ocrx_word' id='word_1_407' title='bbox 3443 3138 3456 3157; x_wconf 83' lang='lat'><strong>,</strong></span> 
     </span>
    </p>
   </div>
   <div class='ocr_carea' id='block_1_58' title="bbox 202 3178 1761 3253">
    <p class='ocr_par' dir='ltr' id='par_1_58' title="bbox 202 3178 1761 3252">
     <span class='ocr_line' id='line_1_58' title="bbox 202 3178 1761 3252; baseline 0.003 -21"><span class='ocrx_word' id='word_1_408' title='bbox 202 3181 297 3231; x_wconf 81' lang='grc' dir='ltr'><strong>καὶ</strong></span> <span class='ocrx_word' id='word_1_409' title='bbox 328 3178 683 3248; x_wconf 78' lang='grc' dir='ltr'>βουλεύεσθαι</span> <span class='ocrx_word' id='word_1_410' title='bbox 722 3181 849 3250; x_wconf 77' lang='grc' dir='ltr'>περὶ</span> <span class='ocrx_word' id='word_1_411' title='bbox 893 3180 1002 3233; x_wconf 86' lang='grc' dir='ltr'><strong>τῶν</strong></span> <span class='ocrx_word' id='word_1_412' title='bbox 1028 3182 1369 3252; x_wconf 83' lang='grc' dir='ltr'>ἀρεσκόντων</span> <span class='ocrx_word' id='word_1_413' title='bbox 1400 3182 1525 3252; x_wconf 81' lang='grc' dir='ltr'><strong>Θεῷ</strong></span> <span class='ocrx_word' id='word_1_414' title='bbox 1556 3183 1700 3236; x_wconf 82' lang='grc' dir='ltr'>κατά</span> <span class='ocrx_word' id='word_1_415' title='bbox 1727 3201 1761 3236; x_wconf 57' lang='grc' dir='ltr'><strong>τη</strong></span> 
     </span>
    </p>
   </div>
   <div class='ocr_carea' id='block_1_59' title="bbox 1900 3178 3459 3253">
    <p class='ocr_par' dir='ltr' id='par_1_59' title="bbox 1900 3181 3459 3253">
     <span class='ocr_line' id='line_1_59' title="bbox 1900 3181 3459 3253; baseline 0.005 -21"><span class='ocrx_word' id='word_1_416' title='bbox 1900 3194 2013 3233; x_wconf 75' lang='lat' dir='ltr'><strong>cum</strong></span> <span class='ocrx_word' id='word_1_417' title='bbox 2062 3181 2273 3234; x_wconf 84' lang='lat' dir='ltr'><strong>scilicet</strong></span> <span class='ocrx_word' id='word_1_418' title='bbox 2315 3181 2522 3236; x_wconf 89' lang='lat' dir='ltr'><strong>mutuis</strong></span> <span class='ocrx_word' id='word_1_419' title='bbox 2570 3182 2823 3236; x_wconf 82' lang='lat' dir='ltr'><strong>fruentur</strong></span> <span class='ocrx_word' id='word_1_420' title='bbox 2862 3184 3277 3253; x_wconf 85' lang='lat' dir='ltr'><strong>conspectibus,</strong></span> <span class='ocrx_word' id='word_1_421' title='bbox 3311 3198 3362 3240; x_wconf 90' lang='lat' dir='ltr'><strong>et</strong></span> <span class='ocrx_word' id='word_1_422' title='bbox 3392 3185 3459 3240; x_wconf 89' lang='lat' dir='ltr'><strong>de</strong></span> 
     </span>
    </p>
   </div>
   <div class='ocr_carea' id='block_1_60' title="bbox 198 3269 1757 3345">
    <p class='ocr_par' dir='ltr' id='par_1_60' title="bbox 198 3272 1757 3345">
     <span class='ocr_line' id='line_1_60' title="bbox 198 3272 1757 3345; baseline 0.003 -22"><span class='ocrx_word' id='word_1_423' title='bbox 198 3272 296 3342; x_wconf 75' lang='grc' dir='ltr'>τὴν</span> <span class='ocrx_word' id='word_1_424' title='bbox 339 3272 661 3345; x_wconf 82' lang='grc' dir='ltr'>σωματικὴν</span> <span class='ocrx_word' id='word_1_425' title='bbox 703 3274 897 3344; x_wconf 84' lang='grc' dir='ltr'>χρείαν</span> <span class='ocrx_word' id='word_1_426' title='bbox 952 3275 1047 3326; x_wconf 78' lang='grc' dir='ltr'>καὶ</span> <span class='ocrx_word' id='word_1_427' title='bbox 1080 3273 1177 3345; x_wconf 79' lang='grc' dir='ltr'><strong>τὴν</strong></span> <span class='ocrx_word' id='word_1_428' title='bbox 1215 3274 1322 3327; x_wconf 86' lang='grc' dir='ltr'><strong>τῶν</strong></span> <span class='ocrx_word' id='word_1_429' title='bbox 1371 3273 1556 3345; x_wconf 73' lang='grc' dir='ltr'>ψυχῶν</span> <span class='ocrx_word' id='word_1_430' title='bbox 1598 3276 1757 3345; x_wconf 81' lang='grc' dir='ltr'>ὲπιμέ</span> 
     </span>
    </p>
   </div>
   <div class='ocr_carea' id='block_1_61' title="bbox 1900 3269 3459 3345">
    <p class='ocr_par' dir='ltr' id='par_1_61' title="bbox 1900 3269 3459 3345">
     <span class='ocr_line' id='line_1_61' title="bbox 1900 3269 3459 3345; baseline 0.008 -24"><span class='ocrx_word' id='word_1_431' title='bbox 1900 3270 2051 3325; x_wconf 72' lang='lat' dir='ltr'><strong>rebus</strong></span> <span class='ocrx_word' id='word_1_432' title='bbox 2080 3269 2191 3325; x_wconf 87' lang='lat' dir='ltr'><strong>Deo</strong></span> <span class='ocrx_word' id='word_1_433' title='bbox 2221 3272 2558 3341; x_wconf 88' lang='lat' dir='ltr'><strong>placentihus</strong></span> <span class='ocrx_word' id='word_1_434' title='bbox 2578 3315 2591 3338; x_wconf 95' lang='lat'><strong>,</strong></span> <span class='ocrx_word' id='word_1_435' title='bbox 2627 3275 2740 3329; x_wconf 82' lang='lat' dir='ltr'><strong>sive</strong></span> <span class='ocrx_word' id='word_1_436' title='bbox 2774 3276 2841 3329; x_wconf 89' lang='lat' dir='ltr'><strong>ad</strong></span> <span class='ocrx_word' id='word_1_437' title='bbox 2873 3278 3121 3345; x_wconf 86' lang='lat' dir='ltr'><strong>corporis</strong></span> <span class='ocrx_word' id='word_1_438' title='bbox 3162 3279 3459 3334; x_wconf 84' lang='lat' dir='ltr'><strong>necessita-</strong></span> 
     </span>
    </p>
   </div>
   <div class='ocr_carea' id='block_1_62' title="bbox 198 3361 1757 3435">
    <p class='ocr_par' dir='ltr' id='par_1_62' title="bbox 198 3361 1757 3435">
     <span class='ocr_line' id='line_1_62' title="bbox 198 3361 1757 3435; baseline 0.004 -21"><span class='ocrx_word' id='word_1_439' title='bbox 198 3361 370 3416; x_wconf 85' lang='grc' dir='ltr'>λειαν.</span> <span class='ocrx_word' id='word_1_440' title='bbox 405 3364 694 3416; x_wconf 84' lang='grc' dir='ltr'>Ἔστωσαν</span> <span class='ocrx_word' id='word_1_441' title='bbox 726 3365 783 3417; x_wconf 85' lang='grc' dir='ltr'><strong>δὲ</strong></span> <span class='ocrx_word' id='word_1_442' title='bbox 819 3365 893 3435; x_wconf 86' lang='grc' dir='ltr'><strong>μὴ</strong></span> <span class='ocrx_word' id='word_1_443' title='bbox 934 3366 1189 3429; x_wconf 82' lang='grc' dir='ltr'>ἐλάττους</span> <span class='ocrx_word' id='word_1_444' title='bbox 1234 3365 1343 3419; x_wconf 85' lang='grc' dir='ltr'><strong>τῶν</strong></span> <span class='ocrx_word' id='word_1_445' title='bbox 1379 3366 1472 3420; x_wconf 88' lang='grc' dir='ltr'>δύο</span> <span class='ocrx_word' id='word_1_446' title='bbox 1502 3367 1559 3433; x_wconf 79' lang='grc' dir='ltr'><strong>ἐξ</strong></span> <span class='ocrx_word' id='word_1_447' title='bbox 1598 3368 1757 3421; x_wconf 86' lang='grc' dir='ltr'>ὲκατέ</span> 
     </span>
    </p>
   </div>
   <div class='ocr_carea' id='block_1_63' title="bbox 1899 3361 3458 3435">
    <p class='ocr_par' dir='ltr' id='par_1_63' title="bbox 1899 3361 3458 3435">
     <span class='ocr_line' id='line_1_63' title="bbox 1899 3361 3458 3435; baseline 0.01 -24"><span class='ocrx_word' id='word_1_448' title='bbox 1899 3367 1993 3415; x_wconf 74' lang='lat' dir='ltr'><strong>Lem</strong></span> <span class='ocrx_word' id='word_1_449' title='bbox 2014 3401 2031 3427; x_wconf 87' lang='lat'><strong>,</strong></span> <span class='ocrx_word' id='word_1_450' title='bbox 2062 3361 2177 3416; x_wconf 87' lang='lat' dir='ltr'><strong>sive</strong></span> <span class='ocrx_word' id='word_1_451' title='bbox 2206 3362 2272 3415; x_wconf 88' lang='lat' dir='ltr'><strong>ad</strong></span> <span class='ocrx_word' id='word_1_452' title='bbox 2306 3364 2609 3418; x_wconf 88' lang='lat' dir='ltr'><strong>animarum</strong></span> <span class='ocrx_word' id='word_1_453' title='bbox 2644 3380 2832 3419; x_wconf 90' lang='lat' dir='ltr'><strong>curam</strong></span> <span class='ocrx_word' id='word_1_454' title='bbox 2866 3368 3205 3435; x_wconf 86' lang='lat' dir='ltr'><strong>pertineant,</strong></span> <span class='ocrx_word' id='word_1_455' title='bbox 3251 3369 3458 3425; x_wconf 84' lang='lat' dir='ltr'><strong>delibe—</strong></span> 
     </span>
    </p>
   </div>
   <div class='ocr_carea' id='block_1_64' title="bbox 197 3450 1756 3531">
    <p class='ocr_par' dir='ltr' id='par_1_64' title="bbox 197 3455 1754 3531">
     <span class='ocr_line' id='line_1_64' title="bbox 197 3455 1754 3531; baseline 0.004 -23"><span class='ocrx_word' id='word_1_456' title='bbox 197 3472 298 3527; x_wconf 82' lang='grc' dir='ltr'><strong>ρου</strong></span> <span class='ocrx_word' id='word_1_457' title='bbox 334 3455 541 3527; x_wconf 81' lang='grc' dir='ltr'>μέρους</span> <span class='ocrx_word' id='word_1_458' title='bbox 575 3456 709 3527; x_wconf 79' lang='grc'><strong>(59)’</strong></span> <span class='ocrx_word' id='word_1_459' title='bbox 738 3457 798 3509; x_wconf 86' lang='grc' dir='ltr'><strong>τὸ</strong></span> <span class='ocrx_word' id='word_1_460' title='bbox 829 3458 937 3529; x_wconf 86' lang='grc' dir='ltr'>γὰρ</span> <span class='ocrx_word' id='word_1_461' title='bbox 965 3457 1025 3511; x_wconf 81' lang='grc' dir='ltr'>ἓν</span> <span class='ocrx_word' id='word_1_462' title='bbox 1062 3460 1351 3530; x_wconf 86' lang='grc' dir='ltr'>πρόσωπον</span> <span class='ocrx_word' id='word_1_463' title='bbox 1385 3460 1754 3531; x_wconf 78' lang='grc' dir='ltr'>εὐεπηρέαστο</span> 
     </span>
    </p>
   </div>
   <div class='ocr_carea' id='block_1_65' title="bbox 1897 3450 3456 3531">
    <p class='ocr_par' dir='ltr' id='par_1_65' title="bbox 1897 3450 3456 3525">
     <span class='ocr_line' id='line_1_65' title="bbox 1897 3450 3456 3525; baseline 0.006 -22"><span class='ocrx_word' id='word_1_464' title='bbox 1897 3451 2105 3505; x_wconf 85' lang='lat' dir='ltr'><strong>rabunt.</strong></span> <span class='ocrx_word' id='word_1_465' title='bbox 2152 3450 2277 3505; x_wconf 86' lang='lat' dir='ltr'><strong>Sint</strong></span> <span class='ocrx_word' id='word_1_466' title='bbox 2322 3464 2501 3510; x_wconf 89' lang='lat' dir='ltr'><strong>autem</strong></span> <span class='ocrx_word' id='word_1_467' title='bbox 2541 3470 2650 3508; x_wconf 86' lang='lat' dir='ltr'><strong>non</strong></span> <span class='ocrx_word' id='word_1_468' title='bbox 2696 3455 2985 3523; x_wconf 87' lang='lat' dir='ltr'><strong>pauciores</strong></span> <span class='ocrx_word' id='word_1_469' title='bbox 3028 3472 3191 3525; x_wconf 90' lang='lat' dir='ltr'><strong>quam</strong></span> <span class='ocrx_word' id='word_1_470' title='bbox 3239 3458 3348 3512; x_wconf 89' lang='lat' dir='ltr'><strong>duo</strong></span> <span class='ocrx_word' id='word_1_471' title='bbox 3389 3474 3456 3513; x_wconf 78' lang='lat' dir='ltr'><strong>ex</strong></span> 
     </span>
    </p>
   </div>
   <div class='ocr_carea' id='block_1_66' title="bbox 195 3542 1754 3624">
    <p class='ocr_par' dir='ltr' id='par_1_66' title="bbox 195 3546 1752 3624">
     <span class='ocr_line' id='line_1_66' title="bbox 195 3546 1752 3624; baseline 0.005 -27"><span class='ocrx_word' id='word_1_472' title='bbox 195 3547 278 3609; x_wconf 78' lang='grc' dir='ltr'><strong>είς</strong></span> <span class='ocrx_word' id='word_1_473' title='bbox 309 3546 569 3615; x_wconf 72' lang='grc' dir='ltr'>ὑποψίαν,</span> <span class='ocrx_word' id='word_1_474' title='bbox 606 3546 694 3599; x_wconf 82' lang='grc' dir='ltr'><strong>ἵνα</strong></span> <span class='ocrx_word' id='word_1_475' title='bbox 722 3548 796 3618; x_wconf 81' lang='grc' dir='ltr'>μὴ</span> <span class='ocrx_word' id='word_1_476' title='bbox 833 3549 996 3601; x_wconf 83' lang='grc' dir='ltr'>πλέον</span> <span class='ocrx_word' id='word_1_477' title='bbox 1016 3566 1069 3602; x_wconf 85' lang='grc' dir='ltr'><strong>τι</strong></span> <span class='ocrx_word' id='word_1_478' title='bbox 1094 3550 1235 3619; x_wconf 81' lang='grc' dir='ltr'>λέγω</span> <span class='ocrx_word' id='word_1_479' title='bbox 1272 3551 1366 3604; x_wconf 77' lang='grc' dir='ltr'><strong>καὶ</strong></span> <span class='ocrx_word' id='word_1_480' title='bbox 1394 3551 1752 3624; x_wconf 83' lang='grc' dir='ltr'>ἀσθενέστερο</span> 
     </span>
    </p>
   </div>
   <div class='ocr_carea' id='block_1_67' title="bbox 1896 3542 3455 3624">
    <p class='ocr_par' dir='ltr' id='par_1_67' title="bbox 1896 3542 3455 3613">
     <span class='ocr_line' id='line_1_67' title="bbox 1896 3542 3455 3613; baseline 0.004 -18"><span class='ocrx_word' id='word_1_481' title='bbox 1896 3552 2117 3612; x_wconf 87' lang='lat' dir='ltr'><strong>utraque</strong></span> <span class='ocrx_word' id='word_1_482' title='bbox 2147 3551 2319 3612; x_wconf 89' lang='lat' dir='ltr'><strong>parte.</strong></span> <span class='ocrx_word' id='word_1_483' title='bbox 2354 3542 2487 3597; x_wconf 82' lang='lat' dir='ltr'><strong>Nam</strong></span> <span class='ocrx_word' id='word_1_484' title='bbox 2515 3560 2753 3613; x_wconf 87' lang='lat' dir='ltr'><strong>persona</strong></span> <span class='ocrx_word' id='word_1_485' title='bbox 2784 3561 2889 3598; x_wconf 90' lang='lat' dir='ltr'><strong>una</strong></span> <span class='ocrx_word' id='word_1_486' title='bbox 2924 3545 3082 3601; x_wconf 79' lang='lat' dir='ltr'><strong>facile</strong></span> <span class='ocrx_word' id='word_1_487' title='bbox 3123 3546 3179 3599; x_wconf 83' lang='lat' dir='ltr'><strong>fit</strong></span> <span class='ocrx_word' id='word_1_488' title='bbox 3218 3547 3455 3601; x_wconf 78' lang='lat' dir='ltr'><strong>obnoxia</strong></span> 
     </span>
    </p>
   </div>
   <div class='ocr_carea' id='block_1_68' title="bbox 197 3634 1756 3716">
    <p class='ocr_par' dir='ltr' id='par_1_68' title="bbox 197 3638 1756 3716">
     <span class='ocr_line' id='line_1_68' title="bbox 197 3638 1756 3716; baseline 0.003 -26"><span class='ocrx_word' id='word_1_489' title='bbox 197 3638 338 3708; x_wconf 82' lang='grc' dir='ltr'>πρὸς</span> <span class='ocrx_word' id='word_1_490' title='bbox 390 3639 491 3707; x_wconf 80' lang='grc' dir='ltr'>τὴν</span> <span class='ocrx_word' id='word_1_491' title='bbox 540 3639 647 3694; x_wconf 87' lang='grc' dir='ltr'><strong>τῶν</strong></span> <span class='ocrx_word' id='word_1_492' title='bbox 692 3640 1003 3711; x_wconf 82' lang='grc' dir='ltr'>λεγομένων</span> <span class='ocrx_word' id='word_1_493' title='bbox 1070 3641 1380 3712; x_wconf 56' lang='grc' dir='ltr'>βεϐαίωσιν,</span> <span class='ocrx_word' id='word_1_494' title='bbox 1445 3645 1630 3714; x_wconf 74' lang='grc' dir='ltr'>σαφῶς</span> <span class='ocrx_word' id='word_1_495' title='bbox 1683 3648 1756 3716; x_wconf 80' lang='grc' dir='ltr'><strong>τῆ</strong></span> 
     </span>
    </p>
   </div>
   <div class='ocr_carea' id='block_1_69' title="bbox 1896 3634 3455 3716">
    <p class='ocr_par' dir='ltr' id='par_1_69' title="bbox 1896 3634 3455 3707">
     <span class='ocr_line' id='line_1_69' title="bbox 1896 3634 3455 3707; baseline 0.004 -20"><span class='ocrx_word' id='word_1_496' title='bbox 1896 3634 2221 3703; x_wconf 74' lang='lat' dir='ltr'><strong>suspicioni,</strong></span> <span class='ocrx_word' id='word_1_497' title='bbox 2252 3643 2308 3687; x_wconf 93' lang='lat' dir='ltr'><strong>ut</strong></span> <span class='ocrx_word' id='word_1_498' title='bbox 2336 3650 2403 3689; x_wconf 90' lang='lat' dir='ltr'><strong>ne</strong></span> <span class='ocrx_word' id='word_1_499' title='bbox 2425 3635 2553 3703; x_wconf 86' lang='lat' dir='ltr'><strong>quid</strong></span> <span class='ocrx_word' id='word_1_500' title='bbox 2580 3637 2814 3703; x_wconf 88' lang='lat' dir='ltr'><strong>amplius</strong></span> <span class='ocrx_word' id='word_1_501' title='bbox 2837 3636 3013 3690; x_wconf 87' lang='lat' dir='ltr'><strong>dicam</strong></span> <span class='ocrx_word' id='word_1_502' title='bbox 3036 3676 3049 3701; x_wconf 91' lang='lat'><strong>,</strong></span> <span class='ocrx_word' id='word_1_503' title='bbox 3073 3645 3127 3691; x_wconf 93' lang='lat' dir='ltr'><strong>et</strong></span> <span class='ocrx_word' id='word_1_504' title='bbox 3155 3638 3220 3691; x_wconf 89' lang='lat' dir='ltr'><strong>ad</strong></span> <span class='ocrx_word' id='word_1_505' title='bbox 3246 3654 3308 3693; x_wconf 90' lang='lat' dir='ltr'><strong>ea</strong></span> <span class='ocrx_word' id='word_1_506' title='bbox 3334 3655 3455 3707; x_wconf 69' lang='lat' dir='ltr'><strong>quae</strong></span> 
     </span>
    </p>
   </div>
   <div class='ocr_carea' id='block_1_70' title="bbox 196 3726 1755 3806">
    <p class='ocr_par' dir='ltr' id='par_1_70' title="bbox 196 3730 1755 3806">
     <span class='ocr_line' id='line_1_70' title="bbox 196 3730 1755 3806; baseline 0.006 -26"><span class='ocrx_word' id='word_1_507' title='bbox 196 3730 426 3800; x_wconf 77' lang='grc' dir='ltr'>Γραφῆς</span> <span class='ocrx_word' id='word_1_508' title='bbox 479 3731 907 3803; x_wconf 79' lang='grc' dir='ltr'>διαγορευούσης</span> <span class='ocrx_word' id='word_1_509' title='bbox 966 3734 1057 3786; x_wconf 76' lang='grc' dir='ltr'><strong>ἐπὶ</strong></span> <span class='ocrx_word' id='word_1_510' title='bbox 1117 3733 1209 3786; x_wconf 86' lang='grc' dir='ltr'><strong>δύο</strong></span> <span class='ocrx_word' id='word_1_511' title='bbox 1267 3736 1359 3787; x_wconf 74' lang='grc' dir='ltr'>καὶ</span> <span class='ocrx_word' id='word_1_512' title='bbox 1416 3736 1581 3806; x_wconf 83' lang='grc' dir='ltr'>τριῶν</span> <span class='ocrx_word' id='word_1_513' title='bbox 1633 3738 1755 3790; x_wconf 81' lang='grc' dir='ltr'>ἵστα</span> 
     </span>
    </p>
   </div>
   <div class='ocr_carea' id='block_1_71' title="bbox 1894 3726 3453 3806">
    <p class='ocr_par' dir='ltr' id='par_1_71' title="bbox 1894 3726 3453 3795">
     <span class='ocr_line' id='line_1_71' title="bbox 1894 3726 3453 3795; baseline 0.002 -15"><span class='ocrx_word' id='word_1_514' title='bbox 1894 3726 2159 3789; x_wconf 78' lang='lat' dir='ltr'><strong>iicuntur,</strong></span> <span class='ocrx_word' id='word_1_515' title='bbox 2194 3726 2567 3781; x_wconf 84' lang='lat' dir='ltr'><strong>confirmanda</strong></span> <span class='ocrx_word' id='word_1_516' title='bbox 2589 3766 2603 3790; x_wconf 88' lang='lat'><strong>,</strong></span> <span class='ocrx_word' id='word_1_517' title='bbox 2636 3729 2816 3782; x_wconf 87' lang='lat' dir='ltr'><strong>minus</strong></span> <span class='ocrx_word' id='word_1_518' title='bbox 2856 3728 3017 3782; x_wconf 88' lang='lat' dir='ltr'><strong>habet</strong></span> <span class='ocrx_word' id='word_1_519' title='bbox 3048 3730 3259 3785; x_wconf 88' lang='lat' dir='ltr'><strong>roboris</strong></span> <span class='ocrx_word' id='word_1_520' title='bbox 3281 3770 3296 3795; x_wconf 87' lang='lat'><strong>,</strong></span> <span class='ocrx_word' id='word_1_521' title='bbox 3328 3746 3453 3784; x_wconf 91' lang='lat' dir='ltr'><strong>cum</strong></span> 
     </span>
    </p>
   </div>
   <div class='ocr_carea' id='block_1_72' title="bbox 199 3819 1758 3897">
    <p class='ocr_par' dir='ltr' id='par_1_72' title="bbox 199 3819 1758 3897">
     <span class='ocr_line' id='line_1_72' title="bbox 199 3819 1758 3897; baseline 0.006 -26"><span class='ocrx_word' id='word_1_522' title='bbox 199 3819 326 3872; x_wconf 81' lang='grc' dir='ltr'>σθαι</span> <span class='ocrx_word' id='word_1_523' title='bbox 348 3820 465 3890; x_wconf 87' lang='grc'><strong>(60)</strong></span> <span class='ocrx_word' id='word_1_524' title='bbox 496 3822 603 3873; x_wconf 81' lang='grc' dir='ltr'>πᾶν</span> <span class='ocrx_word' id='word_1_525' title='bbox 632 3825 783 3892; x_wconf 79' lang='grc' dir='ltr'>ῥῆμα</span> <span class='ocrx_word' id='word_1_526' title='bbox 803 3840 817 3854; x_wconf 79' lang='grc'><em>’</em></span> <span class='ocrx_word' id='word_1_527' title='bbox 862 3826 999 3895; x_wconf 88' lang='grc' dir='ltr'>μήτε</span> <span class='ocrx_word' id='word_1_528' title='bbox 1021 3825 1131 3878; x_wconf 86' lang='grc' dir='ltr'><strong>τῶν</strong></span> <span class='ocrx_word' id='word_1_529' title='bbox 1165 3826 1332 3897; x_wconf 79' lang='grc' dir='ltr'>τριῶν</span> <span class='ocrx_word' id='word_1_530' title='bbox 1359 3827 1597 3892; x_wconf 83' lang='grc' dir='ltr'>πλείους,</span> <span class='ocrx_word' id='word_1_531' title='bbox 1641 3831 1758 3883; x_wconf 72' lang='grc' dir='ltr'>ὥστ</span> 
     </span>
    </p>
   </div>
   <div class='ocr_carea' id='block_1_73' title="bbox 1895 3819 3454 3897">
    <p class='ocr_par' dir='ltr' id='par_1_73' title="bbox 1895 3819 3454 3890">
     <span class='ocr_line' id='line_1_73' title="bbox 1895 3819 3454 3890; baseline 0.003 -17"><span class='ocrx_word' id='word_1_532' title='bbox 1895 3828 2068 3890; x_wconf 74' lang='grc' dir='ltr'>ψει-ιο</span> <span class='ocrx_word' id='word_1_533' title='bbox 2096 3820 2340 3874; x_wconf 84' lang='lat' dir='ltr'><strong>declaret</strong></span> <span class='ocrx_word' id='word_1_534' title='bbox 2382 3819 2663 3890; x_wconf 82' lang='lat' dir='ltr'><strong>Scriptura</strong></span> <span class='ocrx_word' id='word_1_535' title='bbox 2691 3821 2757 3885; x_wconf 67' lang='lat'><strong>7°,</strong></span> <span class='ocrx_word' id='word_1_536' title='bbox 2793 3823 2846 3874; x_wconf 90' lang='lat' dir='ltr'><strong>in</strong></span> <span class='ocrx_word' id='word_1_537' title='bbox 2893 3822 3107 3877; x_wconf 91' lang='lat' dir='ltr'><strong>duobus</strong></span> <span class='ocrx_word' id='word_1_538' title='bbox 3145 3831 3237 3876; x_wconf 89' lang='lat' dir='ltr'><strong>aut</strong></span> <span class='ocrx_word' id='word_1_539' title='bbox 3280 3824 3454 3879; x_wconf 79' lang='lat' dir='ltr'><strong>tribus</strong></span> 
     </span>
    </p>
   </div>
   <div class='ocr_carea' id='block_1_74' title="bbox 200 3910 1759 3991">
    <p class='ocr_par' dir='ltr' id='par_1_74' title="bbox 200 3910 1759 3991">
     <span class='ocr_line' id='line_1_74' title="bbox 200 3910 1759 3991; baseline 0.007 -28"><span class='ocrx_word' id='word_1_540' title='bbox 200 3910 274 3981; x_wconf 72' lang='grc' dir='ltr'>μὴ</span> <span class='ocrx_word' id='word_1_541' title='bbox 309 3911 411 3982; x_wconf 80' lang='grc' dir='ltr'>τὴν</span> <span class='ocrx_word' id='word_1_542' title='bbox 449 3912 681 3983; x_wconf 84' lang='grc' dir='ltr'>σπουδὴν</span> <span class='ocrx_word' id='word_1_543' title='bbox 722 3913 823 3984; x_wconf 86' lang='grc' dir='ltr'><strong>τῆς</strong></span> <span class='ocrx_word' id='word_1_544' title='bbox 857 3915 1141 3985; x_wconf 84' lang='grc' dir='ltr'>φιλεργίας</span> <span class='ocrx_word' id='word_1_545' title='bbox 1177 3919 1275 3986; x_wconf 84' lang='grc' dir='ltr'><strong>τῆς</strong></span> <span class='ocrx_word' id='word_1_546' title='bbox 1308 3919 1394 3971; x_wconf 89' lang='grc' dir='ltr'>διὰ</span> <span class='ocrx_word' id='word_1_547' title='bbox 1427 3919 1523 3989; x_wconf 83' lang='grc' dir='ltr'>τὴν</span> <span class='ocrx_word' id='word_1_548' title='bbox 1563 3923 1759 3991; x_wconf 69' lang='grc' dir='ltr'>ὲντολὴε</span> 
     </span>
    </p>
   </div>
   <div class='ocr_carea' id='block_1_75' title="bbox 1889 3910 3448 3991">
    <p class='ocr_par' dir='ltr' id='par_1_75' title="bbox 1889 3912 3448 3987">
     <span class='ocr_line' id='line_1_75' title="bbox 1889 3912 3448 3987; baseline 0.004 -20"><span class='ocrx_word' id='word_1_549' title='bbox 1889 3921 2029 3968; x_wconf 76' lang='lat' dir='ltr'><strong>stare</strong></span> <span class='ocrx_word' id='word_1_550' title='bbox 2055 3927 2216 3966; x_wconf 83' lang='lat' dir='ltr'><strong>omne</strong></span> <span class='ocrx_word' id='word_1_551' title='bbox 2246 3913 2489 3966; x_wconf 86' lang='lat' dir='ltr'><strong>verbum.</strong></span> <span class='ocrx_word' id='word_1_552' title='bbox 2524 3912 2709 3982; x_wconf 84' lang='lat' dir='ltr'><strong>Neque</strong></span> <span class='ocrx_word' id='word_1_553' title='bbox 2740 3930 2867 3969; x_wconf 87' lang='lat' dir='ltr'><strong>vero</strong></span> <span class='ocrx_word' id='word_1_554' title='bbox 2900 3916 3081 3986; x_wconf 86' lang='lat' dir='ltr'><strong>plures</strong></span> <span class='ocrx_word' id='word_1_555' title='bbox 3107 3932 3266 3987; x_wconf 87' lang='lat' dir='ltr'><strong>quam</strong></span> <span class='ocrx_word' id='word_1_556' title='bbox 3299 3929 3411 3973; x_wconf 88' lang='lat' dir='ltr'><strong>tres</strong></span> <span class='ocrx_word' id='word_1_557' title='bbox 3434 3959 3448 3980; x_wconf 88' lang='lat'><strong>.</strong></span> 
     </span>
    </p>
   </div>
   <div class='ocr_carea' id='block_1_76' title="bbox 195 4003 1754 4085">
    <p class='ocr_par' dir='ltr' id='par_1_76' title="bbox 195 4003 1754 4085">
     <span class='ocr_line' id='line_1_76' title="bbox 195 4003 1754 4085; baseline 0.009 -31"><span class='ocrx_word' id='word_1_558' title='bbox 195 4003 293 4056; x_wconf 85' lang='grc' dir='ltr'><strong>τοῦ</strong></span> <span class='ocrx_word' id='word_1_559' title='bbox 332 4004 543 4073; x_wconf 79' lang='grc' dir='ltr'>Κυρίου</span> <span class='ocrx_word' id='word_1_560' title='bbox 586 4006 745 4075; x_wconf 81' lang='grc' dir='ltr'>ἡμῶν</span> <span class='ocrx_word' id='word_1_561' title='bbox 802 4008 976 4079; x_wconf 84' lang='grc' dir='ltr'>Ἰησοῦ</span> <span class='ocrx_word' id='word_1_562' title='bbox 1012 4009 1248 4079; x_wconf 81' lang='grc' dir='ltr'>Χριστοῦ</span> <span class='ocrx_word' id='word_1_563' title='bbox 1282 4012 1571 4082; x_wconf 79' lang='grc' dir='ltr'>γινομένης</span> <span class='ocrx_word' id='word_1_564' title='bbox 1610 4017 1754 4085; x_wconf 83' lang='grc' dir='ltr'>ὲμπο</span> 
     </span>
    </p>
   </div>
   <div class='ocr_carea' id='block_1_77' title="bbox 1893 4003 3452 4085">
    <p class='ocr_par' dir='ltr' id='par_1_77' title="bbox 1893 4003 3452 4077">
     <span class='ocr_line' id='line_1_77' title="bbox 1893 4003 3452 4077; baseline 0.005 -21"><span class='ocrx_word' id='word_1_565' title='bbox 1893 4018 1949 4057; x_wconf 78' lang='lat' dir='ltr'><strong>ne</strong></span> <span class='ocrx_word' id='word_1_566' title='bbox 1974 4003 2213 4057; x_wconf 88' lang='lat' dir='ltr'><strong>studium</strong></span> <span class='ocrx_word' id='word_1_567' title='bbox 2245 4005 2551 4059; x_wconf 83' lang='lat' dir='ltr'><strong>sedulitatis</strong></span> <span class='ocrx_word' id='word_1_568' title='bbox 2574 4006 2693 4073; x_wconf 87' lang='lat' dir='ltr'><strong>ejus</strong></span> <span class='ocrx_word' id='word_1_569' title='bbox 2714 4021 2831 4074; x_wconf 68' lang='lat' dir='ltr'><strong>qua:</strong></span> <span class='ocrx_word' id='word_1_570' title='bbox 2861 4017 3080 4077; x_wconf 88' lang='lat' dir='ltr'><strong>propter</strong></span> <span class='ocrx_word' id='word_1_571' title='bbox 3112 4006 3325 4063; x_wconf 88' lang='lat' dir='ltr'><strong>Domini</strong></span> <span class='ocrx_word' id='word_1_572' title='bbox 3352 4026 3452 4064; x_wconf 87' lang='lat' dir='ltr'><strong>no-</strong></span> 
     </span>
    </p>
   </div>
   <div class='ocr_carea' id='block_1_78' title="bbox 195 4094 3448 4170">
    <p class='ocr_par' dir='ltr' id='par_1_78' title="bbox 195 4094 3448 4170">
     <span class='ocr_line' id='line_1_78' title="bbox 195 4094 3448 4170; baseline 0.002 -21"><span class='ocrx_word' id='word_1_573' title='bbox 195 4096 462 4159; x_wconf 77' lang='grc' dir='ltr'>δίζεσθαι.</span> <span class='ocrx_word' id='word_1_574' title='bbox 1881 4097 1981 4150; x_wconf 91' lang='lat' dir='ltr'><strong>stri</strong></span> <span class='ocrx_word' id='word_1_575' title='bbox 2008 4094 2139 4151; x_wconf 83' lang='lat' dir='ltr'><strong>Jesu</strong></span> <span class='ocrx_word' id='word_1_576' title='bbox 2170 4096 2374 4152; x_wconf 86' lang='lat' dir='ltr'><strong>Christi</strong></span> <span class='ocrx_word' id='word_1_577' title='bbox 2403 4106 2731 4168; x_wconf 68' lang='lat' dir='ltr'><strong>praeceptum</strong></span> <span class='ocrx_word' id='word_1_578' title='bbox 2760 4099 3071 4161; x_wconf 87' lang='lat' dir='ltr'><strong>adhibetur,</strong></span> <span class='ocrx_word' id='word_1_579' title='bbox 3102 4100 3448 4170; x_wconf 86' lang='lat' dir='ltr'><strong>impediatur.</strong></span> 
     </span>
    </p>
   </div>
   <div class='ocr_carea' id='block_1_79' title="bbox 262 4208 1821 4292">
    <p class='ocr_par' dir='ltr' id='par_1_79' title="bbox 262 4208 1772 4292">
     <span class='ocr_line' id='line_1_79' title="bbox 262 4208 1772 4292; baseline 0.008 -30"><span class='ocrx_word' id='word_1_580' title='bbox 262 4208 320 4264; x_wconf 76' lang='grc'><strong>2.</strong></span> <span class='ocrx_word' id='word_1_581' title='bbox 347 4211 412 4263; x_wconf 81' lang='grc' dir='ltr'>Εἰ</span> <span class='ocrx_word' id='word_1_582' title='bbox 449 4211 505 4264; x_wconf 85' lang='grc' dir='ltr'>δέ</span> <span class='ocrx_word' id='word_1_583' title='bbox 536 4229 685 4275; x_wconf 82' lang='grc' dir='ltr'>τινας</span> <span class='ocrx_word' id='word_1_584' title='bbox 710 4213 823 4283; x_wconf 81' lang='grc'><strong>(61)</strong></span> <span class='ocrx_word' id='word_1_585' title='bbox 851 4213 957 4268; x_wconf 86' lang='grc' dir='ltr'><strong>τῶν</strong></span> <span class='ocrx_word' id='word_1_586' title='bbox 990 4217 1164 4270; x_wconf 80' lang='grc' dir='ltr'>ἄλλων</span> <span class='ocrx_word' id='word_1_587' title='bbox 1197 4218 1304 4271; x_wconf 81' lang='grc' dir='ltr'><strong>τῶν</strong></span> <span class='ocrx_word' id='word_1_588' title='bbox 1353 4220 1412 4271; x_wconf 82' lang='grc' dir='ltr'>ὲν</span> <span class='ocrx_word' id='word_1_589' title='bbox 1449 4223 1514 4292; x_wconf 84' lang='grc' dir='ltr'>τῇ</span> <span class='ocrx_word' id='word_1_590' title='bbox 1552 4221 1772 4290; x_wconf 76' lang='grc' dir='ltr'>ἀδελφόο</span> 
     </span>
    </p>
   </div>
   <div class='ocr_carea' id='block_1_80' title="bbox 1892 4208 3451 4292">
    <p class='ocr_par' dir='ltr' id='par_1_80' title="bbox 1947 4212 3451 4282">
     <span class='ocr_line' id='line_1_80' title="bbox 1947 4212 3451 4282; baseline 0.003 -17"><span class='ocrx_word' id='word_1_591' title='bbox 1947 4212 2000 4265; x_wconf 71' lang='lat'><strong>2.</strong></span> <span class='ocrx_word' id='word_1_592' title='bbox 2042 4212 2196 4278; x_wconf 86' lang='lat' dir='ltr'><strong>Quod</strong></span> <span class='ocrx_word' id='word_1_593' title='bbox 2225 4212 2270 4266; x_wconf 92' lang='lat' dir='ltr'><strong>si</strong></span> <span class='ocrx_word' id='word_1_594' title='bbox 2294 4214 2664 4267; x_wconf 87' lang='lat' dir='ltr'><strong>necessarium</strong></span> <span class='ocrx_word' id='word_1_595' title='bbox 2696 4221 2779 4269; x_wconf 89' lang='lat' dir='ltr'><strong>est</strong></span> <span class='ocrx_word' id='word_1_596' title='bbox 2810 4212 3073 4282; x_wconf 89' lang='lat' dir='ltr'><strong>quosdam</strong></span> <span class='ocrx_word' id='word_1_597' title='bbox 3103 4230 3167 4270; x_wconf 81' lang='lat' dir='ltr'><strong>ex</strong></span> <span class='ocrx_word' id='word_1_598' title='bbox 3194 4216 3314 4270; x_wconf 87' lang='lat' dir='ltr'><strong>aliis</strong></span> <span class='ocrx_word' id='word_1_599' title='bbox 3344 4216 3451 4270; x_wconf 85' lang='lat' dir='ltr'><strong>l‘ra-</strong></span> 
     </span>
    </p>
   </div>
   <div class='ocr_carea' id='block_1_81' title="bbox 190 4302 1749 4390">
    <p class='ocr_par' dir='ltr' id='par_1_81' title="bbox 190 4302 1749 4383">
     <span class='ocr_line' id='line_1_81' title="bbox 190 4302 1749 4383; baseline 0.009 -31"><span class='ocrx_word' id='word_1_600' title='bbox 190 4317 317 4370; x_wconf 80' lang='grc' dir='ltr'>τητι</span> <span class='ocrx_word' id='word_1_601' title='bbox 333 4302 494 4372; x_wconf 87' lang='grc' dir='ltr'>χρεία</span> <span class='ocrx_word' id='word_1_602' title='bbox 524 4304 733 4371; x_wconf 89' lang='grc' dir='ltr'>γένοιτο</span> <span class='ocrx_word' id='word_1_603' title='bbox 766 4308 941 4359; x_wconf 78' lang='grc' dir='ltr'>εἰπεῖν</span> <span class='ocrx_word' id='word_1_604' title='bbox 980 4306 1014 4377; x_wconf 82' lang='grc' dir='ltr'>ἢ</span> <span class='ocrx_word' id='word_1_605' title='bbox 1050 4309 1144 4362; x_wconf 79' lang='grc' dir='ltr'>καὶ</span> <span class='ocrx_word' id='word_1_606' title='bbox 1172 4308 1403 4364; x_wconf 80' lang='grc' dir='ltr'>ἀκοῦσαί</span> <span class='ocrx_word' id='word_1_607' title='bbox 1437 4329 1490 4365; x_wconf 88' lang='grc' dir='ltr'><strong>τι</strong></span> <span class='ocrx_word' id='word_1_608' title='bbox 1535 4313 1641 4383; x_wconf 78' lang='grc' dir='ltr'>ἰδίᾳ</span> <span class='ocrx_word' id='word_1_609' title='bbox 1670 4331 1749 4366; x_wconf 90' lang='grc' dir='ltr'><strong>τιν</strong></span> 
     </span>
    </p>
   </div>
   <div class='ocr_carea' id='block_1_82' title="bbox 1889 4302 3448 4390">
    <p class='ocr_par' dir='ltr' id='par_1_82' title="bbox 1889 4305 3448 4390">
     <span class='ocr_line' id='line_1_82' title="bbox 1889 4305 3448 4390; baseline 0.004 -32"><span class='ocrx_word' id='word_1_610' title='bbox 1889 4305 2053 4359; x_wconf 73' lang='lat' dir='ltr'><strong>tribus</strong></span> <span class='ocrx_word' id='word_1_611' title='bbox 2080 4305 2376 4375; x_wconf 91' lang='lat' dir='ltr'><strong>quidquam</strong></span> <span class='ocrx_word' id='word_1_612' title='bbox 2399 4344 2415 4369; x_wconf 86' lang='lat'><strong>,</strong></span> <span class='ocrx_word' id='word_1_613' title='bbox 2443 4307 2586 4375; x_wconf 89' lang='lat' dir='ltr'><strong>quod</strong></span> <span class='ocrx_word' id='word_1_614' title='bbox 2617 4308 2682 4359; x_wconf 89' lang='lat' dir='ltr'><strong>ad</strong></span> <span class='ocrx_word' id='word_1_615' title='bbox 2711 4309 3019 4377; x_wconf 88' lang='lat' dir='ltr'><strong>quempiam</strong></span> <span class='ocrx_word' id='word_1_616' title='bbox 3048 4310 3296 4390; x_wconf 50' lang='lat' dir='ltr'><strong>privatim</strong></span> <span class='ocrx_word' id='word_1_617' title='bbox 3325 4326 3448 4381; x_wconf 88' lang='lat' dir='ltr'><strong>pcr-</strong></span> 
     </span>
    </p>
   </div>
   <div class='ocr_carea' id='block_1_83' title="bbox 191 4394 1750 4507">
    <p class='ocr_par' dir='ltr' id='par_1_83' title="bbox 191 4394 1750 4476">
     <span class='ocr_line' id='line_1_83' title="bbox 191 4394 1750 4476; baseline 0.008 -30"><span class='ocrx_word' id='word_1_618' title='bbox 191 4394 474 4467; x_wconf 71' lang='grc' dir='ltr'>διαςρέρον,</span> <span class='ocrx_word' id='word_1_619' title='bbox 520 4398 595 4468; x_wconf 83' lang='grc' dir='ltr'>μὴ</span> <span class='ocrx_word' id='word_1_620' title='bbox 630 4400 783 4451; x_wconf 69' lang='grc' dir='ltr'>αὐτοὶ</span> <span class='ocrx_word' id='word_1_621' title='bbox 819 4401 1016 4453; x_wconf 83' lang='grc' dir='ltr'>ἐκεῖνοι</span> <span class='ocrx_word' id='word_1_622' title='bbox 1053 4403 1133 4466; x_wconf 89' lang='grc' dir='ltr'><strong>είς</strong></span> <span class='ocrx_word' id='word_1_623' title='bbox 1174 4403 1387 4474; x_wconf 83' lang='grc' dir='ltr'>ὁμιλίαν</span> <span class='ocrx_word' id='word_1_624' title='bbox 1429 4406 1750 4476; x_wconf 66' lang='grc' dir='ltr'>ὲρχέσθωσαε</span> 
     </span>
    </p>
   </div>
   <div class='ocr_carea' id='block_1_84' title="bbox 1889 4394 3448 4507">
    <p class='ocr_par' dir='ltr' id='par_1_84' title="bbox 1889 4397 3448 4469">
     <span class='ocr_line' id='line_1_84' title="bbox 1889 4397 3448 4469; baseline 0.002 -19"><span class='ocrx_word' id='word_1_625' title='bbox 1889 4398 2047 4451; x_wconf 76' lang='lat' dir='ltr'><strong>liueat</strong></span> <span class='ocrx_word' id='word_1_626' title='bbox 2082 4438 2097 4461; x_wconf 93' lang='lat'><strong>,</strong></span> <span class='ocrx_word' id='word_1_627' title='bbox 2125 4399 2274 4467; x_wconf 91' lang='lat' dir='ltr'><strong>loqui</strong></span> <span class='ocrx_word' id='word_1_628' title='bbox 2319 4406 2412 4452; x_wconf 87' lang='lat' dir='ltr'><strong>aut</strong></span> <span class='ocrx_word' id='word_1_629' title='bbox 2453 4397 2674 4462; x_wconf 89' lang='lat' dir='ltr'><strong>audire,</strong></span> <span class='ocrx_word' id='word_1_630' title='bbox 2708 4413 2815 4451; x_wconf 92' lang='lat' dir='ltr'><strong>non</strong></span> <span class='ocrx_word' id='word_1_631' title='bbox 2861 4399 2914 4452; x_wconf 90' lang='lat' dir='ltr'><strong>hi</strong></span> <span class='ocrx_word' id='word_1_632' title='bbox 2960 4400 3061 4469; x_wconf 89' lang='lat' dir='ltr'><strong>ipsi</strong></span> <span class='ocrx_word' id='word_1_633' title='bbox 3104 4400 3159 4453; x_wconf 89' lang='lat' dir='ltr'><strong>in</strong></span> <span class='ocrx_word' id='word_1_634' title='bbox 3201 4408 3448 4454; x_wconf 90' lang='lat' dir='ltr'><strong>mutuum</strong></span> 
     </span>
    </p>
   </div>
   <div class='ocr_carea' id='block_1_85' title="bbox 192 4485 1751 4567">
    <p class='ocr_par' dir='ltr' id='par_1_85' title="bbox 192 4485 1747 4567">
     <span class='ocr_line' id='line_1_85' title="bbox 192 4485 1747 4567; baseline 0.009 -31"><span class='ocrx_word' id='word_1_635' title='bbox 192 4485 483 4555; x_wconf 79' lang='grc' dir='ltr'>ἀλλήλοις·</span> <span class='ocrx_word' id='word_1_636' title='bbox 520 4490 567 4541; x_wconf 85' lang='grc' dir='ltr'>οἱ</span> <span class='ocrx_word' id='word_1_637' title='bbox 608 4488 665 4542; x_wconf 74' lang='grc' dir='ltr'><strong>δὲ</strong></span> <span class='ocrx_word' id='word_1_638' title='bbox 701 4490 1044 4561; x_wconf 82' lang='grc' dir='ltr'>ἐπιλεγέντες</span> <span class='ocrx_word' id='word_1_639' title='bbox 1091 4494 1452 4567; x_wconf 82' lang='grc' dir='ltr'>πρεσϐύτεροι</span> <span class='ocrx_word' id='word_1_640' title='bbox 1495 4501 1613 4560; x_wconf 83' lang='grc' dir='ltr'>ταῖς</span> <span class='ocrx_word' id='word_1_641' title='bbox 1654 4499 1747 4550; x_wconf 78' lang='grc' dir='ltr'>ἐπι</span> 
     </span>
    </p>
   </div>
   <div class='ocr_carea' id='block_1_86' title="bbox 1887 4485 3446 4567">
    <p class='ocr_par' dir='ltr' id='par_1_86' title="bbox 1887 4490 3446 4559">
     <span class='ocr_line' id='line_1_86' title="bbox 1887 4490 3446 4559; baseline 0.001 -16"><span class='ocrx_word' id='word_1_642' title='bbox 1887 4490 2099 4543; x_wconf 82' lang='lat' dir='ltr'><strong>veniant</strong></span> <span class='ocrx_word' id='word_1_643' title='bbox 2127 4504 2483 4559; x_wconf 76' lang='lat' dir='ltr'><strong>congressum</strong></span> <span class='ocrx_word' id='word_1_644' title='bbox 2515 4498 2567 4544; x_wconf 93' lang='lat' dir='ltr'><strong>et</strong></span> <span class='ocrx_word' id='word_1_645' title='bbox 2598 4490 2927 4559; x_wconf 90' lang='lat' dir='ltr'><strong>colloquium</strong></span> <span class='ocrx_word' id='word_1_646' title='bbox 2957 4509 2968 4543; x_wconf 89' lang='lat'><strong>:</strong></span> <span class='ocrx_word' id='word_1_647' title='bbox 3002 4492 3097 4545; x_wconf 89' lang='lat' dir='ltr'><strong>sed</strong></span> <span class='ocrx_word' id='word_1_648' title='bbox 3137 4508 3259 4545; x_wconf 92' lang='lat' dir='ltr'><strong>cum</strong></span> <span class='ocrx_word' id='word_1_649' title='bbox 3306 4493 3446 4547; x_wconf 87' lang='lat' dir='ltr'><strong>sele-</strong></span> 
     </span>
    </p>
   </div>
   <div class='ocr_carea' id='block_1_87' title="bbox 192 4577 1751 4656">
    <p class='ocr_par' dir='ltr' id='par_1_87' title="bbox 192 4577 1751 4656">
     <span class='ocr_line' id='line_1_87' title="bbox 192 4577 1751 4656; baseline 0.011 -30"><span class='ocrx_word' id='word_1_650' title='bbox 192 4577 470 4643; x_wconf 80' lang='grc' dir='ltr'>λεγείσαις</span> <span class='ocrx_word' id='word_1_651' title='bbox 503 4579 899 4651; x_wconf 85' lang='grc' dir='ltr'>πρεσϐυτέραις</span> <span class='ocrx_word' id='word_1_652' title='bbox 930 4583 998 4637; x_wconf 86' lang='grc' dir='ltr'>τὰ</span> <span class='ocrx_word' id='word_1_653' title='bbox 1040 4588 1170 4656; x_wconf 85' lang='grc' dir='ltr'>παρ’</span> <span class='ocrx_word' id='word_1_654' title='bbox 1210 4587 1388 4640; x_wconf 79' lang='grc' dir='ltr'>αὐτῶν</span> <span class='ocrx_word' id='word_1_655' title='bbox 1428 4589 1751 4642; x_wconf 81' lang='grc' dir='ltr'>διακονείτω</span> 
     </span>
    </p>
   </div>
   <div class='ocr_carea' id='block_1_88' title="bbox 1886 4577 3445 4656">
    <p class='ocr_par' dir='ltr' id='par_1_88' title="bbox 1886 4580 3445 4650">
     <span class='ocr_line' id='line_1_88' title="bbox 1886 4580 3445 4650; baseline 0.001 -17"><span class='ocrx_word' id='word_1_656' title='bbox 1886 4582 1981 4634; x_wconf 78' lang='lat' dir='ltr'><strong>etis</strong></span> <span class='ocrx_word' id='word_1_657' title='bbox 2008 4580 2291 4635; x_wconf 88' lang='lat' dir='ltr'><strong>sororibus</strong></span> <span class='ocrx_word' id='word_1_658' title='bbox 2314 4587 2471 4635; x_wconf 64' lang='lat' dir='ltr'><strong>aetate</strong></span> <span class='ocrx_word' id='word_1_659' title='bbox 2496 4581 2925 4650; x_wconf 83' lang='lat' dir='ltr'><strong>provectioribus</strong></span> <span class='ocrx_word' id='word_1_660' title='bbox 2950 4597 3036 4635; x_wconf 88' lang='lat' dir='ltr'><strong>res</strong></span> <span class='ocrx_word' id='word_1_661' title='bbox 3063 4581 3303 4650; x_wconf 88' lang='lat' dir='ltr'><strong>ipsorum</strong></span> <span class='ocrx_word' id='word_1_662' title='bbox 3334 4590 3445 4634; x_wconf 88' lang='lat' dir='ltr'><strong>tra-</strong></span> 
     </span>
    </p>
   </div>
   <div class='ocr_carea' id='block_1_89' title="bbox 195 4670 1754 4751">
    <p class='ocr_par' dir='ltr' id='par_1_89' title="bbox 195 4670 1754 4751">
     <span class='ocr_line' id='line_1_89' title="bbox 195 4670 1754 4751; baseline 0.01 -33"><span class='ocrx_word' id='word_1_663' title='bbox 195 4682 312 4732; x_wconf 73' lang='lat' dir='ltr'><strong>czv,</strong></span> <span class='ocrx_word' id='word_1_664' title='bbox 354 4670 451 4721; x_wconf 83' lang='grc' dir='ltr'>καὶ</span> <span class='ocrx_word' id='word_1_665' title='bbox 488 4671 630 4725; x_wconf 78' lang='grc' dir='ltr'>οὕτω</span> <span class='ocrx_word' id='word_1_666' title='bbox 662 4672 748 4727; x_wconf 80' lang='grc' dir='ltr'><strong>διὰ</strong></span> <span class='ocrx_word' id='word_1_667' title='bbox 789 4674 890 4745; x_wconf 83' lang='grc' dir='ltr'><strong>τῆς</strong></span> <span class='ocrx_word' id='word_1_668' title='bbox 928 4676 1131 4730; x_wconf 82' lang='grc' dir='ltr'>τούτων</span> <span class='ocrx_word' id='word_1_669' title='bbox 1176 4679 1448 4749; x_wconf 85' lang='grc' dir='ltr'>μεσιτείας</span> <span class='ocrx_word' id='word_1_670' title='bbox 1484 4683 1515 4751; x_wconf 79' lang='grc' dir='ltr'>ἡ</span> <span class='ocrx_word' id='word_1_671' title='bbox 1556 4681 1650 4734; x_wconf 84' lang='grc' dir='ltr'><strong>τοῦ</strong></span> <span class='ocrx_word' id='word_1_672' title='bbox 1682 4680 1754 4734; x_wconf 86' lang='grc' dir='ltr'>λό-</span> 
     </span>
    </p>
   </div>
   <div class='ocr_carea' id='block_1_90' title="bbox 1883 4670 3442 4751">
    <p class='ocr_par' dir='ltr' id='par_1_90' title="bbox 1883 4674 3442 4743">
     <span class='ocr_line' id='line_1_90' title="bbox 1883 4674 3442 4743; baseline -0.003 -14"><span class='ocrx_word' id='word_1_673' title='bbox 1883 4680 2025 4729; x_wconf 87' lang='lat' dir='ltr'><strong>ctent</strong></span> <span class='ocrx_word' id='word_1_674' title='bbox 2063 4674 2249 4729; x_wconf 88' lang='lat' dir='ltr'><strong>selecti</strong></span> <span class='ocrx_word' id='word_1_675' title='bbox 2293 4674 2570 4738; x_wconf 88' lang='lat' dir='ltr'><strong>seniores,</strong></span> <span class='ocrx_word' id='word_1_676' title='bbox 2609 4681 2663 4728; x_wconf 89' lang='lat' dir='ltr'><strong>et</strong></span> <span class='ocrx_word' id='word_1_677' title='bbox 2703 4674 2777 4727; x_wconf 90' lang='lat' dir='ltr'><strong>ita</strong></span> <span class='ocrx_word' id='word_1_678' title='bbox 2814 4688 3003 4727; x_wconf 91' lang='lat' dir='ltr'><strong>eorum</strong></span> <span class='ocrx_word' id='word_1_679' title='bbox 3044 4688 3208 4743; x_wconf 87' lang='lat' dir='ltr'><strong>opera</strong></span> <span class='ocrx_word' id='word_1_680' title='bbox 3241 4688 3442 4738; x_wconf 89' lang='lat' dir='ltr'><strong>sermo,</strong></span> 
     </span>
    </p>
   </div>
   <div class='ocr_carea' id='block_1_91' title="bbox 255 4823 1814 4908">
    <p class='ocr_par' dir='ltr' id='par_1_91' title="bbox 255 4823 1814 4908">
     <span class='ocr_line' id='line_1_91' title="bbox 255 4823 1814 4908; baseline 0.001 -16"><span class='ocrx_word' id='word_1_681' title='bbox 255 4825 301 4907; x_wconf 49' lang='grc' dir='ltr'><strong>ξ’</strong></span> <span class='ocrx_word' id='word_1_682' title='bbox 342 4823 527 4908; x_wconf 51' lang='grc' dir='ltr'>[ϐυτ.</span> <span class='ocrx_word' id='word_1_683' title='bbox 565 4844 675 4894; x_wconf 74' lang='grc' dir='ltr'>ιιι,</span> <span class='ocrx_word' id='word_1_684' title='bbox 712 4831 765 4885; x_wconf 86' lang='grc'><strong>8.</strong></span> <span class='ocrx_word' id='word_1_685' title='bbox 803 4833 886 4908; x_wconf 27' lang='grc' dir='ltr'><strong>*ξθ</strong></span> <span class='ocrx_word' id='word_1_686' title='bbox 926 4831 1036 4888; x_wconf 88' lang='lat' dir='ltr'><strong>Tit.</strong></span> <span class='ocrx_word' id='word_1_687' title='bbox 1094 4851 1145 4902; x_wconf 92' lang='grc' dir='ltr'><strong>ι,</strong></span> <span class='ocrx_word' id='word_1_688' title='bbox 1179 4835 1231 4890; x_wconf 88' lang='lat'><strong>9.</strong></span> <span class='ocrx_word' id='word_1_689' title='bbox 1308 4840 1352 4871; x_wconf 84' lang='lat'><strong>&quot;’</strong></span> <span class='ocrx_word' id='word_1_690' title='bbox 1390 4840 1413 4895; x_wconf 84' lang='grc' dir='ltr'><strong>Ι</strong></span> <span class='ocrx_word' id='word_1_691' title='bbox 1445 4839 1573 4895; x_wconf 91' lang='lat' dir='ltr'><strong>Cor.</strong></span> <span class='ocrx_word' id='word_1_692' title='bbox 1610 4856 1721 4908; x_wconf 87' lang='lat' dir='ltr'><strong>vu,</strong></span> <span class='ocrx_word' id='word_1_693' title='bbox 1757 4841 1814 4895; x_wconf 72' lang='lat' dir='ltr'><strong>3E</strong></span> 
     </span>
    </p>
   </div>
   <div class='ocr_carea' id='block_1_92' title="bbox 1882 4823 3441 4908">
    <p class='ocr_par' dir='ltr' id='par_1_92' title="bbox 1923 4834 3441 4907">
     <span class='ocr_line' id='line_1_92' title="bbox 1923 4834 3441 4907; baseline 0 -16"><span class='ocrx_word' id='word_1_694' title='bbox 1923 4840 1967 4870; x_wconf 82' lang='grc'>⁸⁸</span> <span class='ocrx_word' id='word_1_695' title='bbox 2004 4842 2151 4894; x_wconf 75' lang='lat' dir='ltr'><strong>Psat.</strong></span> <span class='ocrx_word' id='word_1_696' title='bbox 2192 4850 2298 4899; x_wconf 79' lang='lat' dir='ltr'><strong>ut,</strong></span> <span class='ocrx_word' id='word_1_697' title='bbox 2335 4837 2388 4891; x_wconf 83' lang='grc'><strong>6.</strong></span> <span class='ocrx_word' id='word_1_698' title='bbox 2466 4837 2510 4866; x_wconf 74' lang='grc'><strong>⁵⁸</strong></span> <span class='ocrx_word' id='word_1_699' title='bbox 2549 4835 2568 4888; x_wconf 89' lang='lat' dir='ltr'><strong>l</strong></span> <span class='ocrx_word' id='word_1_700' title='bbox 2601 4834 2728 4887; x_wconf 81' lang='lat' dir='ltr'><strong>Cor.</strong></span> <span class='ocrx_word' id='word_1_701' title='bbox 2767 4849 2831 4896; x_wconf 63' lang='grc' dir='ltr'>Χ,</span> <span class='ocrx_word' id='word_1_702' title='bbox 2869 4836 2955 4889; x_wconf 77' lang='lat'><strong>3‘2.</strong></span> <span class='ocrx_word' id='word_1_703' title='bbox 3033 4835 3078 4865; x_wconf 73' lang='lat'><strong>7°</strong></span> <span class='ocrx_word' id='word_1_704' title='bbox 3121 4836 3276 4889; x_wconf 89' lang='lat' dir='ltr'><strong>Deut.</strong></span> <span class='ocrx_word' id='word_1_705' title='bbox 3312 4854 3402 4891; x_wconf 72' lang='grc' dir='ltr'><strong>ιιι</strong></span> <span class='ocrx_word' id='word_1_706' title='bbox 3426 4879 3441 4907; x_wconf 90' lang='grc'><strong>,</strong></span> 
     </span>
    </p>
   </div>
   <div class='ocr_carea' id='block_1_93' title="bbox 193 4894 883 4968">
    <p class='ocr_par' dir='ltr' id='par_1_93' title="bbox 193 4894 883 4968">
     <span class='ocr_line' id='line_1_93' title="bbox 193 4894 883 4968; baseline 0.016 -23"><span class='ocrx_word' id='word_1_707' title='bbox 193 4894 298 4959; x_wconf 75' lang='grc' dir='ltr'><strong>15ς</strong></span> <span class='ocrx_word' id='word_1_708' title='bbox 346 4895 541 4953; x_wconf 73' lang='lat' dir='ltr'><strong>Matth.</strong></span> <span class='ocrx_word' id='word_1_709' title='bbox 576 4915 739 4968; x_wconf 80' lang='lat' dir='ltr'><strong>xvtu,</strong></span> <span class='ocrx_word' id='word_1_710' title='bbox 795 4901 883 4956; x_wconf 82' lang='grc'><strong>16.</strong></span> 
     </span>
    </p>
   </div>
   <div class='ocr_carea' id='block_1_94' title="bbox 227 5056 1786 5187">
    <p class='ocr_par' dir='ltr' id='par_1_94' title="bbox 227 5056 1759 5180">
     <span class='ocr_line' id='line_1_94' title="bbox 227 5056 1759 5180; baseline 0.006 -68"><span class='ocrx_word' id='word_1_711' title='bbox 227 5056 377 5180; x_wconf 39' lang='lat'><strong>125:)</strong></span> <span class='ocrx_word' id='word_1_712' title='bbox 406 5057 521 5113; x_wconf 76' lang='lat' dir='ltr'><strong>Vox</strong></span> <span class='ocrx_word' id='word_1_713' title='bbox 548 5063 711 5116; x_wconf 82' lang='grc' dir='ltr'>αὑτοῦ</span> <span class='ocrx_word' id='word_1_714' title='bbox 740 5064 795 5118; x_wconf 87' lang='lat' dir='ltr'><strong>in</strong></span> <span class='ocrx_word' id='word_1_715' title='bbox 819 5067 1091 5122; x_wconf 86' lang='lat' dir='ltr'><strong>veteribus</strong></span> <span class='ocrx_word' id='word_1_716' title='bbox 1111 5075 1346 5137; x_wconf 87' lang='lat' dir='ltr'><strong>quatuor</strong></span> <span class='ocrx_word' id='word_1_717' title='bbox 1368 5066 1522 5121; x_wconf 77' lang='lat' dir='ltr'><strong>libris</strong></span> <span class='ocrx_word' id='word_1_718' title='bbox 1550 5081 1657 5120; x_wconf 90' lang='lat' dir='ltr'><strong>non</strong></span> <span class='ocrx_word' id='word_1_719' title='bbox 1682 5066 1759 5121; x_wconf 85' lang='lat' dir='ltr'><strong>le-</strong></span> 
     </span>
     <span class='ocr_line' id='line_1_95' title="bbox 227 5143 360 5179; baseline 0.008 -1"><span class='ocrx_word' id='word_1_720' title='bbox 227 5143 242 5178; x_wconf 82' lang='lat' dir='ltr'><strong>l</strong></span> <span class='ocrx_word' id='word_1_721' title='bbox 347 5169 360 5179; x_wconf 93' lang='lat'><strong>.</strong></span> 
     </span>
    </p>
   </div>
   <div class='ocr_carea' id='block_1_95' title="bbox 1879 5056 3438 5187">
    <p class='ocr_par' dir='ltr' id='par_1_95' title="bbox 1879 5063 3438 5187">
     <span class='ocr_line' id='line_1_96' title="bbox 1940 5063 3438 5136; baseline 0.003 -19"><span class='ocrx_word' id='word_1_722' title='bbox 1940 5064 2050 5131; x_wconf 88' lang='grc'><strong>(59)</strong></span> <span class='ocrx_word' id='word_1_723' title='bbox 2083 5063 2223 5118; x_wconf 84' lang='lat' dir='ltr'><strong>Editi</strong></span> <span class='ocrx_word' id='word_1_724' title='bbox 2252 5066 2479 5119; x_wconf 82' lang='grc' dir='ltr'>ἑκάστου</span> <span class='ocrx_word' id='word_1_725' title='bbox 2520 5065 2735 5136; x_wconf 80' lang='grc' dir='ltr'>μέρους.</span> <span class='ocrx_word' id='word_1_726' title='bbox 2770 5066 2994 5122; x_wconf 85' lang='lat' dir='ltr'><strong>Veteres</strong></span> <span class='ocrx_word' id='word_1_727' title='bbox 3034 5067 3142 5121; x_wconf 87' lang='lat' dir='ltr'><strong>duo</strong></span> <span class='ocrx_word' id='word_1_728' title='bbox 3173 5068 3293 5122; x_wconf 85' lang='lat' dir='ltr'><strong>libri</strong></span> <span class='ocrx_word' id='word_1_729' title='bbox 3323 5069 3438 5123; x_wconf 82' lang='grc' dir='ltr'><strong>ἐκα-</strong></span> 
     </span>
     <span class='ocr_line' id='line_1_97' title="bbox 1879 5134 2285 5187; baseline 0.002 -1"><span class='ocrx_word' id='word_1_730' title='bbox 1879 5136 2028 5187; x_wconf 82' lang='grc' dir='ltr'>τέοου</span> <span class='ocrx_word' id='word_1_731' title='bbox 2066 5134 2285 5187; x_wconf 74' lang='grc' dir='ltr'>μέρους.</span> 
     </span>
    </p>
   </div>
   <div class='ocr_carea' id='block_1_96' title="bbox 226 5142 1785 5190">
    <p class='ocr_par' dir='ltr' id='par_1_96' title="bbox 226 5142 360 5180">
     <span class='ocr_line' id='line_1_98' title="bbox 226 5142 360 5180; baseline 0.007 -2"><span class='ocrx_word' id='word_1_732' title='bbox 226 5142 360 5180; x_wconf 75' lang='grc' dir='ltr'>ιιιπ.</span> 
     </span>
    </p>
   </div>
   <div class='ocr_carea' id='block_1_97' title="bbox 725 5142 2284 5190">
    <p class='ocr_par' dir='ltr' id='par_1_97' title="bbox 1872 5142 2284 5190">
     <span class='ocr_line' id='line_1_99' title="bbox 1872 5142 2284 5190; baseline 0.01 -4"><span class='ocrx_word' id='word_1_733' title='bbox 1872 5142 2028 5190; x_wconf 84' lang='grc' dir='ltr'>τέοου</span> <span class='ocrx_word' id='word_1_734' title='bbox 2066 5142 2132 5190; x_wconf 78' lang='grc' dir='ltr'><strong>με</strong></span> <span class='ocrx_word' id='word_1_735' title='bbox 2141 5152 2284 5190; x_wconf 77' lang='grc' dir='ltr'>ρους.</span> 
     </span>
    </p>
   </div>
   <div class='ocr_carea' id='block_1_98' title="bbox 190 5140 1749 5330">
    <p class='ocr_par' dir='ltr' id='par_1_98' title="bbox 190 5140 1749 5330">
     <span class='ocr_line' id='line_1_100' title="bbox 190 5140 1618 5330; baseline 0.004 -78"><span class='ocrx_word' id='word_1_736' title='bbox 190 5140 376 5282; x_wconf 37' lang='lat' dir='ltr'><strong>milia?)</strong></span> <span class='ocrx_word' id='word_1_737' title='bbox 415 5198 549 5268; x_wconf 80' lang='lat' dir='ltr'><strong>Reg.</strong></span> <span class='ocrx_word' id='word_1_738' title='bbox 581 5201 786 5271; x_wconf 84' lang='lat' dir='ltr'><strong>primus</strong></span> <span class='ocrx_word' id='word_1_739' title='bbox 807 5212 860 5259; x_wconf 90' lang='lat' dir='ltr'><strong>et</strong></span> <span class='ocrx_word' id='word_1_740' title='bbox 888 5206 1041 5260; x_wconf 90' lang='lat' dir='ltr'><strong>Colb.</strong></span> <span class='ocrx_word' id='word_1_741' title='bbox 1078 5208 1313 5276; x_wconf 82' lang='grc' dir='ltr'>σπουδῆς</span> <span class='ocrx_word' id='word_1_742' title='bbox 1341 5206 1618 5330; x_wconf 49' lang='grc' dir='ltr'>Ἇχρείας.</span> 
     </span>
     <span class='ocr_line' id='line_1_101' title="bbox 262 5267 1749 5330; baseline 0 0"><span class='ocrx_word' id='word_1_743' title='bbox 262 5267 378 5330; x_wconf 67' lang='grc'><strong>(56)</strong></span> <span class='ocrx_word' id='word_1_744' title='bbox 405 5269 588 5324; x_wconf 78' lang='lat' dir='ltr'><strong>Codex</strong></span> <span class='ocrx_word' id='word_1_745' title='bbox 624 5271 782 5329; x_wconf 85' lang='lat' dir='ltr'><strong>Voss.</strong></span> <span class='ocrx_word' id='word_1_746' title='bbox 822 5276 941 5329; x_wconf 80' lang='grc' dir='ltr'>οὐδὲ</span> <span class='ocrx_word' id='word_1_747' title='bbox 971 5281 1077 5330; x_wconf 76' lang='grc' dir='ltr'>πᾶς</span> <span class='ocrx_word' id='word_1_748' title='bbox 1106 5278 1313 5330; x_wconf 75' lang='grc' dir='ltr'>καιρός.</span> <span class='ocrx_word' id='word_1_749' title='bbox 1416 5292 1485 5330; x_wconf 77' lang='lat' dir='ltr'><strong>ox</strong></span> <span class='ocrx_word' id='word_1_750' title='bbox 1511 5279 1565 5330; x_wconf 88' lang='lat' dir='ltr'><strong>in</strong></span> <span class='ocrx_word' id='word_1_751' title='bbox 1604 5275 1749 5330; x_wconf 83' lang='lat' dir='ltr'><strong>Colb.</strong></span> 
     </span>
    </p>
   </div>
   <div class='ocr_carea' id='block_1_99' title="bbox 1608 5140 3167 5330">
    <p class='ocr_par' dir='ltr' id='par_1_99' title="bbox 1608 5140 3167 5330">
     <span class='ocr_line' id='line_1_102' title="bbox 1872 5140 2657 5217; baseline 0.005 -31"><span class='ocrx_word' id='word_1_752' title='bbox 1872 5140 2028 5204; x_wconf 87' lang='grc' dir='ltr'>τέρου</span> <span class='ocrx_word' id='word_1_753' title='bbox 2066 5140 2285 5204; x_wconf 81' lang='grc' dir='ltr'>μέρους.</span> <span class='ocrx_word' id='word_1_754' title='bbox 2626 5206 2657 5217; x_wconf 49' lang='grc' dir='ltr'>η</span> 
     </span>
     <span class='ocr_line' id='line_1_103' title="bbox 1608 5203 3167 5330; baseline 0 0"><span class='ocrx_word' id='word_1_755' title='bbox 1608 5246 1757 5330; x_wconf 65' lang='lat' dir='ltr'><strong>Colb.</strong></span> <span class='ocrx_word' id='word_1_756' title='bbox 1942 5204 2056 5330; x_wconf 59' lang='lat' dir='ltr'><strong>liii?</strong></span> <span class='ocrx_word' id='word_1_757' title='bbox 2084 5203 2267 5328; x_wconf 69' lang='grc' dir='ltr'><strong>ἓέἰῒῖῗέξ</strong></span> <span class='ocrx_word' id='word_1_758' title='bbox 2287 5205 2451 5330; x_wconf 63' lang='grc' dir='ltr'><strong>ἔὲξῗῑ</strong></span> <span class='ocrx_word' id='word_1_759' title='bbox 2482 5205 3167 5330; x_wconf 60' lang='grc' dir='ltr'><strong>ἓξτιῖιξῖ¹3¹¹ιῗεῗῖἓῗθέῗεὲέαέῖ</strong></span> 
     </span>
    </p>
   </div>
   <div class='ocr_carea' id='block_1_100' title="bbox 262 5267 1821 5349">
    <p class='ocr_par' dir='ltr' id='par_1_100' title="bbox 262 5267 1757 5349">
     <span class='ocr_line' id='line_1_104' title="bbox 262 5267 1757 5349; baseline -0.002 -16"><span class='ocrx_word' id='word_1_760' title='bbox 262 5267 378 5348; x_wconf 58' lang='grc' dir='ltr'><strong>(ξδ)</strong></span> <span class='ocrx_word' id='word_1_761' title='bbox 405 5267 598 5349; x_wconf 60' lang='grc' dir='ltr'><strong>οοᾴθί</strong></span> <span class='ocrx_word' id='word_1_762' title='bbox 624 5271 804 5349; x_wconf 51' lang='grc' dir='ltr'><strong>γοδς.Δ</strong></span> <span class='ocrx_word' id='word_1_763' title='bbox 822 5276 941 5349; x_wconf 70' lang='grc' dir='ltr'>οὐδὲ</span> <span class='ocrx_word' id='word_1_764' title='bbox 971 5281 1077 5341; x_wconf 83' lang='grc' dir='ltr'>πᾶς</span> <span class='ocrx_word' id='word_1_765' title='bbox 1106 5267 1325 5349; x_wconf 35' lang='grc' dir='ltr'>καιρός,</span> <span class='ocrx_word' id='word_1_766' title='bbox 1361 5267 1485 5331; x_wconf 64' lang='grc' dir='ltr'><strong>Μῦὶ</strong></span> <span class='ocrx_word' id='word_1_767' title='bbox 1511 5267 1584 5330; x_wconf 10' lang='lat' dir='ltr'><strong>ini</strong></span> <span class='ocrx_word' id='word_1_768' title='bbox 1604 5275 1757 5331; x_wconf 88' lang='lat' dir='ltr'><strong>Colb.</strong></span> 
     </span>
    </p>
   </div>
   <div class='ocr_carea' id='block_1_101' title="bbox 1879 5267 3438 5349">
    <p class='ocr_par' dir='ltr' id='par_1_101' title="bbox 1898 5267 3438 5349">
     <span class='ocr_line' id='line_1_105' title="bbox 1898 5267 3438 5349; baseline 0.003 -23"><span class='ocrx_word' id='word_1_769' title='bbox 1898 5347 1906 5349; x_wconf 15' lang='grc' dir='ltr'><em>Α</em></span> <span class='ocrx_word' id='word_1_770' title='bbox 1942 5267 2050 5349; x_wconf 68' lang='lat' dir='ltr'><strong>(et)</strong></span> <span class='ocrx_word' id='word_1_771' title='bbox 2084 5273 2261 5328; x_wconf 88' lang='lat' dir='ltr'><strong>Editio</strong></span> <span class='ocrx_word' id='word_1_772' title='bbox 2287 5275 2448 5330; x_wconf 88' lang='lat' dir='ltr'><strong>Basil.</strong></span> <span class='ocrx_word' id='word_1_773' title='bbox 2482 5277 2667 5349; x_wconf 49' lang='lat' dir='ltr'><strong>simul</strong></span> <span class='ocrx_word' id='word_1_774' title='bbox 2672 5286 2724 5349; x_wconf 89' lang='lat' dir='ltr'><strong>et</strong></span> <span class='ocrx_word' id='word_1_775' title='bbox 2748 5277 2921 5332; x_wconf 86' lang='lat' dir='ltr'><strong>Paris.</strong></span> <span class='ocrx_word' id='word_1_776' title='bbox 2950 5267 3015 5332; x_wconf 81' lang='lat' dir='ltr'><strong>Et</strong></span> <span class='ocrx_word' id='word_1_777' title='bbox 3046 5279 3101 5331; x_wconf 85' lang='grc' dir='ltr'>δέ</span> <span class='ocrx_word' id='word_1_778' title='bbox 3126 5296 3287 5341; x_wconf 84' lang='grc' dir='ltr'>τινος.</span> <span class='ocrx_word' id='word_1_779' title='bbox 3314 5278 3438 5332; x_wconf 86' lang='lat' dir='ltr'><strong>Edi-</strong></span> 
     </span>
    </p>
   </div>
   <div class='ocr_carea' id='block_1_102' title="bbox 190 5339 1749 5418">
    <p class='ocr_par' dir='ltr' id='par_1_102' title="bbox 190 5339 1653 5418">
     <span class='ocr_line' id='line_1_106' title="bbox 190 5339 1653 5418; baseline 0.01 -30"><span class='ocrx_word' id='word_1_780' title='bbox 190 5339 456 5418; x_wconf 65' lang='lat' dir='ltr'><strong>scri_p_tum</strong></span> <span class='ocrx_word' id='word_1_781' title='bbox 486 5341 763 5397; x_wconf 84' lang='lat' dir='ltr'><strong>invenitur</strong></span> <span class='ocrx_word' id='word_1_782' title='bbox 780 5339 1115 5418; x_wconf 63' lang='grc' dir='ltr'>ἀπρόσκοποι</span> <span class='ocrx_word' id='word_1_783' title='bbox 1144 5339 1415 5416; x_wconf 62' lang='grc' dir='ltr'>γενέσθαι.</span> <span class='ocrx_word' id='word_1_784' title='bbox 1446 5415 1493 5418; x_wconf 39' lang='grc' dir='ltr'>μ</span> <span class='ocrx_word' id='word_1_785' title='bbox 1622 5414 1653 5418; x_wconf 92' lang='lat'><strong><em>_</em></strong></span> 
     </span>
    </p>
   </div>
   <div class='ocr_carea' id='block_1_103' title="bbox 1877 5339 3436 5418">
    <p class='ocr_par' dir='ltr' id='par_1_103' title="bbox 1877 5339 3436 5418">
     <span class='ocr_line' id='line_1_107' title="bbox 1877 5339 3436 5418; baseline 0.003 -19"><span class='ocrx_word' id='word_1_786' title='bbox 1877 5339 1957 5418; x_wconf 68' lang='lat' dir='ltr'><strong>tio</strong></span> <span class='ocrx_word' id='word_1_787' title='bbox 1979 5339 2111 5418; x_wconf 76' lang='lat' dir='ltr'><strong>Ven.</strong></span> <span class='ocrx_word' id='word_1_788' title='bbox 2138 5356 2199 5418; x_wconf 78' lang='lat' dir='ltr'><strong>et</strong></span> <span class='ocrx_word' id='word_1_789' title='bbox 2214 5360 2343 5400; x_wconf 85' lang='lat' dir='ltr'><strong>mss.</strong></span> <span class='ocrx_word' id='word_1_790' title='bbox 2372 5356 2608 5416; x_wconf 89' lang='lat' dir='ltr'><strong>quatuor</strong></span> <span class='ocrx_word' id='word_1_791' title='bbox 2632 5348 2694 5399; x_wconf 84' lang='grc' dir='ltr'><strong>Εἰ</strong></span> <span class='ocrx_word' id='word_1_792' title='bbox 2723 5349 2779 5401; x_wconf 85' lang='grc' dir='ltr'>δέ</span> <span class='ocrx_word' id='word_1_793' title='bbox 2804 5366 2970 5412; x_wconf 85' lang='grc' dir='ltr'>τινας.</span> <span class='ocrx_word' id='word_1_794' title='bbox 3003 5348 3155 5403; x_wconf 88' lang='lat' dir='ltr'><strong>Haud</strong></span> <span class='ocrx_word' id='word_1_795' title='bbox 3192 5339 3348 5418; x_wconf 80' lang='lat' dir='ltr'><strong>longe</strong></span> <span class='ocrx_word' id='word_1_796' title='bbox 3372 5366 3436 5403; x_wconf 75' lang='lat' dir='ltr'><strong>ex</strong></span> 
     </span>
    </p>
   </div>
   <div class='ocr_carea' id='block_1_104' title="bbox 267 5407 3433 5489">
    <p class='ocr_par' dir='ltr' id='par_1_104' title="bbox 267 5407 3433 5489">
     <span class='ocr_line' id='line_1_108' title="bbox 267 5407 3433 5489; baseline 0.003 -26"><span class='ocrx_word' id='word_1_797' title='bbox 267 5408 381 5485; x_wconf 81' lang='grc'><strong>(57)</strong></span> <span class='ocrx_word' id='word_1_798' title='bbox 414 5407 570 5489; x_wconf 83' lang='lat' dir='ltr'><strong>U_nu_s</strong></span> <span class='ocrx_word' id='word_1_799' title='bbox 617 5407 881 5489; x_wconf 66' lang='lat' dir='ltr'><strong>ms._cun&#39;t</strong></span> <span class='ocrx_word' id='word_1_800' title='bbox 916 5415 1070 5473; x_wconf 87' lang='lat' dir='ltr'><strong>Voss.</strong></span> <span class='ocrx_word' id='word_1_801' title='bbox 1122 5407 1397 5489; x_wconf 69' lang='grc' dir='ltr'>ᾁὶρορίσαι.</span> <span class='ocrx_word' id='word_1_802' title='bbox 1446 5415 1568 5471; x_wconf 84' lang='lat' dir='ltr'><strong>Mox</strong></span> <span class='ocrx_word' id='word_1_803' title='bbox 1621 5414 1753 5487; x_wconf 80' lang='lat' dir='ltr'><strong>Reg.</strong></span> <span class='ocrx_word' id='word_1_804' title='bbox 1866 5412 2045 5471; x_wconf 88' lang='lat' dir='ltr'><strong>Vossii</strong></span> <span class='ocrx_word' id='word_1_805' title='bbox 2081 5415 2271 5489; x_wconf 76' lang='lat' dir='ltr'><strong>codice</strong></span> <span class='ocrx_word' id='word_1_806' title='bbox 2302 5407 2625 5489; x_wconf 63' lang='lat' dir='ltr'><strong>voculamrt</strong></span> <span class='ocrx_word' id='word_1_807' title='bbox 2650 5407 2975 5475; x_wconf 77' lang='lat' dir='ltr'><strong>addidimus.</strong></span> <span class='ocrx_word' id='word_1_808' title='bbox 3003 5420 3194 5473; x_wconf 81' lang='lat' dir='ltr'><strong>Statim</strong></span> <span class='ocrx_word' id='word_1_809' title='bbox 3216 5421 3269 5472; x_wconf 90' lang='lat' dir='ltr'><strong>in</strong></span> <span class='ocrx_word' id='word_1_810' title='bbox 3285 5407 3433 5489; x_wconf 55' lang='lat' dir='ltr'><strong>VReg.</strong></span> 
     </span>
    </p>
   </div>
   <div class='ocr_carea' id='block_1_105' title="bbox 188 5478 1747 5568">
    <p class='ocr_par' dir='ltr' id='par_1_105' title="bbox 188 5478 1730 5568">
     <span class='ocr_line' id='line_1_109' title="bbox 188 5478 1730 5568; baseline 0.009 -38"><span class='ocrx_word' id='word_1_811' title='bbox 188 5478 662 5568; x_wconf 48' lang='lat' dir='ltr'><strong>primnqurfdvqta</strong></span> <span class='ocrx_word' id='word_1_812' title='bbox 693 5486 789 5555; x_wconf 84' lang='grc' dir='ltr'><strong>μὲν</strong></span> <span class='ocrx_word' id='word_1_813' title='bbox 816 5489 1028 5568; x_wconf 62' lang='grc' dir='ltr'>πονηρὰ</span> <span class='ocrx_word' id='word_1_814' title='bbox 1054 5478 1495 5568; x_wconf 38' lang='grc' dir='ltr'>καὶοσιξιαπᾷσα.</span> <span class='ocrx_word' id='word_1_815' title='bbox 1614 5555 1634 5568; x_wconf 38' lang='grc' dir='ltr'><strong>ν</strong></span> 
     </span>
    </p>
   </div>
   <div class='ocr_carea' id='block_1_106' title="bbox 1876 5478 3435 5568">
    <p class='ocr_par' dir='ltr' id='par_1_106' title="bbox 1876 5478 3435 5568">
     <span class='ocr_line' id='line_1_110' title="bbox 1876 5478 3435 5568; baseline 0.003 -29"><span class='ocrx_word' id='word_1_816' title='bbox 1876 5489 2040 5568; x_wconf 71' lang='lat' dir='ltr'><strong>primo</strong></span> <span class='ocrx_word' id='word_1_817' title='bbox 2071 5494 2130 5568; x_wconf 40' lang='grc' dir='ltr'><strong>ὀι</strong></span> <span class='ocrx_word' id='word_1_818' title='bbox 2158 5486 2312 5568; x_wconf 73' lang='lat' dir='ltr'><strong>Colb.</strong></span> <span class='ocrx_word' id='word_1_819' title='bbox 2342 5501 2449 5568; x_wconf 45' lang='lat' dir='ltr'><strong>pro.</strong></span> <span class='ocrx_word' id='word_1_820' title='bbox 2470 5486 2725 5568; x_wconf 49' lang='grc' dir='ltr'>διαφέρον</span> <span class='ocrx_word' id='word_1_821' title='bbox 2755 5489 2950 5568; x_wconf 80' lang='lat' dir='ltr'><strong>legitur</strong></span> <span class='ocrx_word' id='word_1_822' title='bbox 2973 5489 3300 5568; x_wconf 41' lang='grc' dir='ltr'>διαφέροντι..</span> <span class='ocrx_word' id='word_1_823' title='bbox 3326 5478 3435 5568; x_wconf 52' lang='grc' dir='ltr'><strong>Ιδέρ</strong></span> 
     </span>
    </p>
   </div>
   <div class='ocr_carea' id='block_1_107' title="bbox 260 5547 1819 5632">
    <p class='ocr_par' dir='ltr' id='par_1_107' title="bbox 260 5547 1755 5632">
     <span class='ocr_line' id='line_1_111' title="bbox 260 5547 1755 5632; baseline -0.002 -19"><span class='ocrx_word' id='word_1_824' title='bbox 260 5547 373 5629; x_wconf 76' lang='grc'><strong>(58)</strong></span> <span class='ocrx_word' id='word_1_825' title='bbox 411 5550 541 5632; x_wconf 61' lang='grc' dir='ltr'><strong>Τοῖς</strong></span> <span class='ocrx_word' id='word_1_826' title='bbox 576 5547 1023 5632; x_wconf 42' lang='grc' dir='ltr'>δοκίμασᾷεῒόζίν</span> <span class='ocrx_word' id='word_1_827' title='bbox 1064 5555 1211 5626; x_wconf 79' lang='grc' dir='ltr'><strong>ὀρᾷν</strong></span> <span class='ocrx_word' id='word_1_828' title='bbox 1242 5558 1569 5632; x_wconf 74' lang='grc' dir='ltr'><strong>ἀλλήλους.</strong></span> <span class='ocrx_word' id='word_1_829' title='bbox 1604 5555 1669 5610; x_wconf 83' lang='lat' dir='ltr'><strong>In</strong></span> <span class='ocrx_word' id='word_1_830' title='bbox 1692 5558 1755 5610; x_wconf 79' lang='lat' dir='ltr'><strong>iis</strong></span> 
     </span>
    </p>
   </div>
   <div class='ocr_carea' id='block_1_108' title="bbox 1874 5547 3433 5632">
    <p class='ocr_par' dir='ltr' id='par_1_108' title="bbox 1874 5547 3433 5632">
     <span class='ocr_line' id='line_1_112' title="bbox 1874 5547 3433 5632; baseline 0.003 -22"><span class='ocrx_word' id='word_1_831' title='bbox 1874 5547 1938 5610; x_wconf 78' lang='lat' dir='ltr'><strong>ita</strong></span> <span class='ocrx_word' id='word_1_832' title='bbox 1974 5556 2144 5632; x_wconf 80' lang='lat' dir='ltr'><strong>multo</strong></span> <span class='ocrx_word' id='word_1_833' title='bbox 2190 5547 2402 5632; x_wconf 74' lang='lat' dir='ltr'><strong>post_hi</strong></span> <span class='ocrx_word' id='word_1_834' title='bbox 2437 5557 2537 5632; x_wconf 77' lang='lat' dir='ltr'><strong>ipsi</strong></span> <span class='ocrx_word' id='word_1_835' title='bbox 2568 5547 2679 5609; x_wconf 63' lang='lat' dir='ltr'><strong>du&#39;o</strong></span> <span class='ocrx_word' id='word_1_836' title='bbox 2693 5547 2914 5632; x_wconf 76' lang='lat' dir='ltr'><strong>codices</strong></span> <span class='ocrx_word' id='word_1_837' title='bbox 2942 5547 3145 5632; x_wconf 66' lang='lat' dir='ltr'><strong>habent</strong></span> <span class='ocrx_word' id='word_1_838' title='bbox 3168 5560 3433 5632; x_wconf 81' lang='grc' dir='ltr'>ἐρχέσθω-</span> 
     </span>
    </p>
   </div>
   <div class='ocr_carea' id='block_1_109' title="bbox 190 5620 1749 5703">
    <p class='ocr_par' dir='ltr' id='par_1_109' title="bbox 190 5620 1749 5703">
     <span class='ocr_line' id='line_1_113' title="bbox 190 5620 1749 5703; baseline 0.004 -29"><span class='ocrx_word' id='word_1_839' title='bbox 190 5620 525 5703; x_wconf 47' lang='grc' dir='ltr'>φξηρτοίταιὶ</span> <span class='ocrx_word' id='word_1_840' title='bbox 556 5631 606 5703; x_wconf 83' lang='lat' dir='ltr'><strong>et</strong></span> <span class='ocrx_word' id='word_1_841' title='bbox 643 5620 792 5703; x_wconf 59' lang='lat' dir='ltr'><strong>electi</strong></span> <span class='ocrx_word' id='word_1_842' title='bbox 823 5628 1019 5695; x_wconf 78' lang='lat' dir='ltr'><strong>fuerint</strong></span> <span class='ocrx_word' id='word_1_843' title='bbox 1046 5620 1107 5682; x_wconf 68' lang='lat' dir='ltr'><strong>ut</strong></span> <span class='ocrx_word' id='word_1_844' title='bbox 1132 5620 1186 5683; x_wconf 68' lang='lat' dir='ltr'><strong>se</strong></span> <span class='ocrx_word' id='word_1_845' title='bbox 1214 5620 1426 5684; x_wconf 67' lang='lat' dir='ltr'><strong>invicem</strong></span> <span class='ocrx_word' id='word_1_846' title='bbox 1447 5620 1674 5683; x_wconf 68' lang='lat' dir='ltr'><strong>inuisam</strong></span> <span class='ocrx_word' id='word_1_847' title='bbox 1694 5645 1749 5681; x_wconf 89' lang='lat' dir='ltr'><strong><em>ac</em></strong></span> 
     </span>
    </p>
   </div>
   <div class='ocr_carea' id='block_1_110' title="bbox 1873 5620 3432 5703">
    <p class='ocr_par' dir='ltr' id='par_1_110' title="bbox 1873 5620 3432 5703">
     <span class='ocr_line' id='line_1_114' title="bbox 1873 5620 3432 5703; baseline 0.004 -24"><span class='ocrx_word' id='word_1_848' title='bbox 1873 5645 1962 5679; x_wconf 76' lang='grc' dir='ltr'><strong>σαν</strong></span> <span class='ocrx_word' id='word_1_849' title='bbox 1997 5620 2254 5703; x_wconf 63' lang='grc' dir='ltr'>αλλήλων.</span> <span class='ocrx_word' id='word_1_850' title='bbox 2294 5626 2413 5682; x_wconf 79' lang='lat' dir='ltr'><strong>Mox</strong></span> <span class='ocrx_word' id='word_1_851' title='bbox 2452 5620 2586 5698; x_wconf 75' lang='lat' dir='ltr'><strong>Reg.</strong></span> <span class='ocrx_word' id='word_1_852' title='bbox 2624 5628 2834 5697; x_wconf 87' lang='lat' dir='ltr'><strong>primus</strong></span> <span class='ocrx_word' id='word_1_853' title='bbox 2861 5634 2979 5694; x_wconf 80' lang='grc' dir='ltr'>ταῖς</span> <span class='ocrx_word' id='word_1_854' title='bbox 3022 5620 3432 5703; x_wconf 71' lang='grc' dir='ltr'>ἐπιλεγόμέναις</span> 
     </span>
    </p>
   </div>
   <div class='ocr_carea' id='block_1_111' title="bbox 189 5687 1748 5769">
    <p class='ocr_par' dir='ltr' id='par_1_111' title="bbox 189 5687 877 5761">
     <span class='ocr_line' id='line_1_115' title="bbox 189 5687 877 5761; baseline 0.016 -23"><span class='ocrx_word' id='word_1_855' title='bbox 189 5687 498 5761; x_wconf 66' lang='lat' dir='ltr'><strong>deliberant,</strong></span> <span class='ocrx_word' id='word_1_856' title='bbox 526 5702 635 5751; x_wconf 83' lang='lat' dir='ltr'><strong>etc.</strong></span> <span class='ocrx_word' id='word_1_857' title='bbox 669 5687 877 5751; x_wconf 61' lang='lat' dir='ltr'><strong>um&#39;s.</strong></span> 
     </span>
    </p>
   </div>
   <div class='ocr_carea' id='block_1_112' title="bbox 715 5687 2274 5769">
    <p class='ocr_par' dir='ltr' id='par_1_112' title="bbox 715 5687 2274 5769">
     <span class='ocr_line' id='line_1_116' title="bbox 715 5687 2274 5769; baseline 0.003 -23"><span class='ocrx_word' id='word_1_858' title='bbox 715 5687 877 5751; x_wconf 63' lang='grc' dir='ltr'>ΪΔιιίΝ.</span> <span class='ocrx_word' id='word_1_859' title='bbox 1864 5687 2274 5769; x_wconf 77' lang='grc' dir='ltr'>πρεσϐυτέραις.</span> 
     </span>
    </p>
   </div>
  </div>
