3948 6240
308 250 437 305 mm
1375 242 1705 297 Βίεῦυιιε
1745 242 1988 294 resres
2025 242 2441 295 amomum.
3417 252 3552 302 ioca

305 369 496 439 χρείαν
520 368 878 436 ἐπινέμοντας
919 367 986 434 τῇ
1032 360 1372 431 ἀδελφότητι.
1402 360 1653 414 Διάθεσίν
1689 375 1752 427 γε
1777 358 1881 429 μὴν

1991 371 2138 414 cesse
2165 366 2247 413 est
2278 373 2487 415 summe
2519 362 2589 414 ab
2612 374 2796 416 amore
2829 360 3090 432 singulari
3140 371 3192 419 et
3237 378 3266 417 a
3316 374 3549 423 conten-

290 459 567 529 ,ωιαὺτην
596 459 809 520 ἑαυτοῖς
848 455 1142 508 συνειδέναι
1180 453 1473 524 ὀφείλουσι,
1505 454 1599 506 καὶ
1646 452 1882 522 σπουδὴν

1991 450 2132 503 tione
2162 465 2327 519 puros
2351 465 2472 511 esse
2503 458 2665 521 atque
2694 460 3046 525 espurgatos.
3072 452 3323 524 Saueque
3344 457 3547 514 debent

304 551 580 622 τοσαύτην
632 549 1031 603 ἐπιδείκνυσθαι
1073 548 1224 601 αὐτοί
1267 565 1324 600 τε
1371 548 1465 600 καὶ
1507 549 1554 599 oi
1592 546 1690 615 τὴν
1721 544 1883 614 ἀλλην

1991 539 2148 607 hujus
2192 538 2415 594 allectus
2461 540 2564 596 sibi
2608 541 2712 611 ipsi
2745 544 2953 598 conscii
2990 559 3145 607 esse,
3203 561 3267 601 ac
3305 550 3549 604 studium

306 644 575 715 ἐργασίαν
628 642 764 713 πρὸς
814 641 912 711 τὴν
951 640 1059 693 τῶν
1100 638 1342 709 ἀδελφῶν
1387 640 1690 710 ὑπηρεσίαν
1734 638 1885 689 ἐκτε-

305 733 550 793 λοῦντες,
570 731 647 794 ὡς
680 731 781 783 οὐκ
802 729 1130 800 ἀνθρώποις,
1172 728 1286 783 ἀλλ’
1312 728 1460 799 αὐτῷ
1489 728 1568 799 τῷ
1592 728 1778 799 Κυρίῳ
1800 727 1885 791 ἐξ-

309 820 586 892 υπηρετού
597 837 770 889 μενοι,
803 819 881 890 τῷ
915 820 1001 874 διά
1037 819 1235 891 πολλὴν
1258 820 1567 891 ἀγαθότητα
1599 823 1676 883 είς
1698 821 1884 873 ἑαυτὸν

307 914 649 983 λογιζομένῳ
681 912 779 983 τὴν
842 913 921 975 είς
959 914 1086 976 τοὺς
1142 912 1532 983 ἀνακειμένους
1584 912 1694 984 (69)
1736 911 1885 983 αὐτῷ

307 1007 481 1076 τιμήν
532 1022 591 1058 τε
635 1005 729 1058 καὶ
760 1004 1013 1074 σπουδὴν,
1051 1004 1146 1058 καὶ
1172 1004 1445 1075 βασιλείας
1477 1003 1721 1075 οὐρανῶν
1755 1003 1887 1075 κλη-

312 1097 573 1167 ρονομίαν
624 1097 765 1167 ὑπὲρ
810 1090 1014 1148 τούτων
1053 1096 1527 1166 ἐπαγγελλομένῳ.
1555 1096 1730 1149 Δεῦτε
1755 1096 1883 1166 γὰρ,

310 1192 502 1260 φησὶν,
534 1193 586 1242 ol
606 1188 996 1257 εὐλογημένοι
1019 1187 1123 1242 τοῦ
1158 1189 1388 1256 Πατρός
1417 1205 1567 1257 μου,
1600 1191 1888 1255 κληρονο-

302 1283 548 1351 μήσατε
589 1282 702 1349 τὴν
740 1280 1189 1350 ἡτοιμασμένην
1242 1280 1383 1349 ὑμῖν
1411 1280 1740 1344 ,βασιλείαν
1767 1279 1886 1333 ἀπὸ

308 1373 655 1439 καταϐολῆς
720 1376 972 1442 κόσμου.
1025 1374 1145 1426 Ὅτι
1201 1373 1291 1442 ἐφ’
1342 1373 1495 1426 ὅσον
1564 1371 1887 1438 ἐποιήσατε

306 1468 408 1521 ἑνὶ
454 1469 678 1521 τούτων
722 1466 842 1518 τῶν
892 1464 1170 1534 ἀδελφῶν
1204 1484 1323 1533 μου
1364 1464 1480 1518 τῶν
1525 1466 1883 1533 ἐλαχίστων,

305 1561 444 1629 ἐμοὶ
493 1558 833 1623 ἐποιήσατε.
869 1559 978 1611 Καὶ
1020 1559 1083 1609 ἐκ
1108 1558 1199 1611 τοῦ
1234 1557 1477 1611 ἐναντίου
1506 1557 1604 1628 τῆς
1632 1556 1886 1626 ἀμελείας

306 1650 601 1722 γνωρίζειν
628 1650 719 1703 τὸν
770 1649 1029 1713 κίνδυνον,
1075 1648 1448 1721 μεμνημένους
1477 1649 1571 1701 τοῦ
1608 1647 1883 1711 εἰπόντος·

318 1743 380 1794 Ἐ
385 1740 785 1810 πικατὰρατος
821 1740 986 1808 πᾶςό
1013 1740 1201 1795 ποιῶν
1236 1739 1308 1793 τὰ
1332 1739 1475 1810 ἔργα
1504 1740 1725 1809 Κυρίου
1750 1742 1888 1810 ἀμε-

307 1834 457 1897 λῶς.
493 1834 616 1885 Ὅτι
637 1832 696 1883 οὐ
732 1831 889 1902 μόνον
914 1830 1015 1900 τῆς
1050 1830 1324 1901 βασιλείας
1352 1830 1725 1894 ἐκϐάλλονται,
1754 1831 1890 1885 ἀλλά

308 1925 410 1976 καὶ
438 1922 536 1993 τὴν
566 1921 677 1993 (70)
709 1921 803 1974 τοῦ
845 1922 1048 1994 Κυρίου
1071 1920 1315 1993 φρικώδη
1354 1922 1450 1973 καὶ
1480 1920 1715 1992 φοϐερὰν
1746 1920 1891 1974 ὲκεί-

308 2034 410 2085 νην
428 2015 738 2084 ἐκδέχονται
765 2013 904 2067 κατά
924 2013 1031 2067 τῶν
1061 2013 1313 2067 τοιούτων
1342 2013 1642 2083 ἀπόφασιν’
1670 2015 1889 2080 Πορεύ-

305 2112 455 2163 εσθε
498 2108 600 2161 ἀπ’
641 2106 808 2176 ἐμοῦ,
858 2106 914 2159 οἱ
953 2105 1367 2175 κατηραμένοι,
1425 2106 1514 2170 εἰς
1562 2103 1630 2157 τὸ
1666 2103 1785 2169 πῦρ
1822 2101 1888 2155 τὸ

306 2199 575 2264 αἰώνιον,
616 2199 685 2252 τὸ
731 2200 1174 2270 ἡτοιμασμένον
1218 2197 1301 2263 τῷ
1342 2197 1599 2264 διαϐόλῳ
1635 2197 1734 2249 καὶ
1766 2195 1891 2259 τοῖς

307 2291 590 2362 ἀγγέλοις
620 2292 827 2346 αὐτοῦ.
858 2293 923 2345 Εἰ
970 2292 1028 2345 δὲ
1072 2293 1119 2344 οἱ
1170 2291 1268 2362 τὴν
1310 2290 1625 2361 ἐπιμέλειαν
1670 2290 1763 2342 καὶ
1791 2289 1889 2356 τὴν

312 2384 621 2455 ὑπηρεσίαν
673 2384 1039 2454 προσάγοντες
1090 2382 1342 2436 τοσοῦτον
1397 2382 1496 2453 μὲν
1526 2380 1626 2450 τῆς
1656 2378 1891 2447 σπουδῆς

308 2475 372 2529 τὸ
419 2476 609 2548 κέρδος
662 2476 995 2546 εὑρίσκουσι,
1025 2473 1276 2527 τοσοῦτον
1309 2474 1363 2527 δὲ
1404 2474 1503 2545 τῆς
1535 2471 1791 2542 ἀμελείας
1829 2470 1890 2523 τὸ

311 2570 489 2637 κρῖμα
534 2568 877 2638 ἐκδέχονται·
925 2568 1092 2620 πόσου
1128 2565 1334 2634 ἀγῶνος
1371 2566 1530 2637 χρεία
1562 2566 1670 2627 τοῖς
1696 2563 1887 2616 ὑποδε-

311 2660 565 2729 χομένοις
588 2659 684 2731 τὴν
714 2658 1015 2730 ὑπηρεσίαν
1045 2658 1178 2731 πρὸς
1207 2658 1266 2710 τὸ
1287 2658 1471 2720 ἀξίους
1501 2656 1727 2717 ἑαυτοὺς
1754 2655 1890 2707 ἀπο-

310 2751 483 2815 δεῖξαι
531 2752 630 2821 τῆς
671 2752 779 2803 τῶν
820 2749 1064 2820 ἀδελφῶν
1109 2749 1203 2802 τοῦ
1243 2749 1447 2820 Κυρίου
1482 2747 1886 2818 προσηγορίας;

307 2844 401 2896 διὰ
433 2843 536 2910 τῆς
566 2843 660 2896 τοῦ
713 2844 917 2915 Κυρίου
969 2842 1335 2905 διδασκαλίας,
1378 2839 1619 2902 εἰπόντος
1640 2856 1654 2869 ·
1687 2839 1890 2901 Ὅστις

309 2934 425 3004 γὰρ
475 2935 555 2989 ἂν
621 2936 846 3004 ποιήσῃ
880 2933 991 3005 (7|)
1020 2935 1086 2989 τὸ
1121 2933 1351 3002 θέλημα
1383 2931 1490 2985 τοῦ
1520 2931 1749 2999 Πατρός
1769 2947 1888 2999 μου

1986 631 2119 684 adeo
2173 646 2427 701 magnum
2478 633 2791 695 ostendere,
2840 643 2952 689 tam
3003 637 3141 707 ipsi,
3190 654 3351 708 quam
3388 640 3425 694 ii
3455 641 3551 712 qui

1983 722 2091 776 alio
2135 738 2359 778 munere
2410 728 2712 795 iunguntur
2760 726 2828 781 ad
2874 725 3105 783 fratrum
3142 730 3548 801 ministerium,

1984 825 2243 884 tanquam
2297 819 2343 873 si
2387 834 2495 874 non
2548 819 2896 885 hominibus,
2932 821 3028 876 sed
3057 822 3287 881 Domino
3331 828 3433 897 ipsi
3464 827 3554 882 in-

1986 912 2245 975 serviant,
2276 912 2366 981 qui
2394 914 2465 966 ob
2499 914 2723 967 multam
2755 914 3051 971 bonitatem
3109 917 3285 973 delata
3341 920 3409 976 iis
3455 921 3551 990 qui

1987 1018 2046 1056 se
2074 1002 2177 1072 ipsi
2206 1013 2623 1068 consecrarunt,
2651 1006 2909 1062 honorem
2946 1015 3001 1063 et
3032 1010 3295 1077 studium,
3326 1013 3554 1083 perinde

1987 1093 2169 1158 habet,
2193 1096 2351 1164 quasi
2383 1110 2444 1149 ea
2480 1097 2596 1166 ipse
2625 1098 2945 1168 accepisset,
2978 1108 3032 1156 et
3073 1116 3169 1171 pro
3197 1102 3281 1158 bis
3319 1104 3552 1160 haeredi-

1987 1192 2157 1239 tatem
2207 1186 2358 1257 regni
2404 1188 2668 1243 caelorum
2702 1192 3009 1260 pollicetur.
3066 1191 3247 1249 Venite
3272 1197 3437 1262 enim,
3466 1198 3553 1252 in-

1988 1279 2125 1347 quit,
2162 1277 2414 1333 benedicti
2469 1279 2646 1334 Patris
2692 1280 2858 1352 378
2893 1284 3030 1346 mei',
3087 1287 3345 1353 possidete
3392 1305 3557 1360 para-

1989 1378 2100 1422 tum
2154 1370 2299 1425 vobis
2358 1387 2574 1441 regnum
2637 1389 2671 1425 a
2724 1375 3093 1430 constitutione
3148 1378 3351 1432 mundi.
3410 1379 3556 1436 Nam

1987 1471 2242 1529 quatenus
2271 1462 2469 1530 fecistis
2500 1464 2591 1515 uni
2621 1478 2685 1515 ea:
2717 1463 2796 1518 his
2834 1465 3089 1533 fratribus
3127 1469 3254 1523 meis
3288 1471 3553 1534 minimis;

1988 1554 2117 1608 mihi
2146 1555 2345 1619 fecistis
2394 1556 2461 1611 ⁷⁸.
2492 1556 2805 1627 Contraque
2845 1566 3056 1630 Oportet
3086 1561 3337 1631 segnitiei
3382 1570 3439 1618 et
3470 1566 3556 1619 in-

1989 1645 2157 1700 curias
2184 1660 2480 1716 agnoscere
2506 1649 2832 1718 perieulum,
2858 1666 2923 1706 ac
2948 1652 3264 1709 meminisse
3285 1654 3429 1724 ejus,
3460 1658 3555 1727 qui

1989 1738 2166 1793 dixit:
2224 1738 2544 1794 Hatedictus
2593 1742 2762 1795 omnis
2807 1743 2897 1813 qui
2944 1741 3073 1811 facit
3130 1760 3288 1813 opera
3344 1747 3557 1803 Domini

1989 1833 2301 1903 negligenter
2329 1833 2394 1887 ⁷⁷.
2455 1831 2663 1889 Etenim
2704 1849 2813 1888 non
2841 1850 2874 1889 e
2914 1850 3081 1906 regno
3119 1838 3294 1892 solum
3325 1840 3557 1909 ejiciun—

1988 1932 2100 1987 tur,
2131 1923 2225 1979 sed
2253 1921 2463 1976 Domini
2488 1923 2651 1976 etiam
2682 1931 3001 1995 exspectant
3025 1928 3351 1982 sententiam
3383 1929 3552 1993 illam,

1988 2034 2109 2089 qua:
2136 2020 2398 2075 adversus
2428 2018 2735 2075 istiusmodi
2763 2021 3013 2078 homines
3048 2024 3157 2079 lata
3193 2032 3300 2091 est,
3328 2026 3556 2083 horren-

1989 2112 2111 2165 dam
2140 2110 2361 2181 quidem
2394 2118 2448 2166 et
2483 2111 2774 2167 terribilem
2794 2132 2812 2167 :
2842 2112 3105 2171 Discedite
3137 2134 3169 2170 a
3208 2133 3304 2178 me,
3330 2119 3557 2172 maledi-

1989 2204 2079 2264 σιξ,
2112 2206 2164 2255 in
2214 2204 2386 2274 ignem
2441 2212 2713 2267 wternum,
2742 2206 2833 2275 qui
2862 2217 3083 2275 paratus
3133 2218 3209 2264 est
3254 2208 3465 2263 diabolo
3505 2220 3557 2265 et

1989 2295 2188 2364 angelis
2217 2296 2331 2364 ejus
2362 2294 2429 2350 ".
2461 2293 2617 2360 Quod
2644 2295 2689 2349 si
2720 2296 2757 2350 ii
2788 2296 2881 2367 qui
2911 2298 2965 2352 in
2998 2313 3184 2353 curam
3224 2307 3278 2354 et
3307 2301 3557 2358 miniSte-

1991 2387 2131 2439 rium
2161 2384 2484 2439 incumbunt
2522 2385 2734 2439 lucrum
2768 2393 2980 2441 tantum
3015 2402 3082 2443 ex
3131 2403 3233 2445 suo
3264 2390 3446 2445 studio
3469 2405 3556 2449 re-

1993 2470 2193 2539 ferunt,
2229 2481 2283 2527 et
2306 2473 2572 2543 judicium
2602 2480 2714 2528 tam
2756 2490 2918 2546 grave
2946 2492 3013 2531 ex
3063 2478 3389 2550 negligentia
3417 2496 3558 2551 prse-

1994 2567 2281 2630 stolantur,
2304 2574 2506 2637 quanta
2540 2567 2607 2623 iis
2633 2568 2725 2638 qui
2763 2568 3107 2624 ministrandi
3141 2587 3341 2628 munus
3388 2574 3558 2630 susei-

1992 2659 2168 2727 piunt,
2198 2674 2337 2729 opus
2360 2668 2446 2714 est
2474 2659 2860 2725 sollicitudine,
2894 2668 2954 2715 ut
2981 2676 3041 2717 se
3076 2661 3306 2717 reddant
3326 2664 3554 2735 dignos,

1988 2751 2085 2821 qui
2113 2759 2379 2806 vocentur
2412 2750 2626 2807 Domini
2686 2752 2931 2809 fratres?
2986 2753 3041 2808 id
3101 2754 3247 2824 quod
3294 2753 3558 2812 Dominus

1989 2843 2167 2906 docet,
2200 2858 2324 2898 cum
2357 2842 2492 2899 dicit
2522 2862 2533 2896 :
2572 2843 2876 2914 Quicunque
2923 2846 3061 2899 enim
3106 2845 3286 2915 fecerit
3315 2848 3561 2903 volunta-

1991 2946 2093 2989 tem
2124 2934 2302 2988 Patris
2326 2934 2446 2998 mei,
2481 2935 2572 3004 qui
2598 2934 2652 2987 in
2677 2934 2823 2989 cretis
2851 2945 2955 3000 est,
2993 2935 3076 2990 hic
3118 2953 3261 2991 meus
3291 2947 3342 2991 et
3394 2938 3561 3009 frater

311 3028 423 3081 τοῦ
473 3028 543 3081 ἐν
588 3027 894 3096 οὐρανοῖς,
951 3023 1128 3091 οὗτός
1158 3044 1275 3096 μου
1323 3024 1419 3077 καὶ
1480 3022 1744 3091 ἀδελφὸς
1788 3024 1883 3076 καὶ

1991 3037 2039 3079 et
2066 3042 2217 3080 soror
2238 3033 2291 3079 et
2316 3032 2485 3078 mater
2514 3034 2592 3079 est
2622 3027 2689 3077 ⁷⁵.

311 3117 549 3186 ἁδελφὴ
595 3118 693 3171 καὶ
724 3117 923 3187 μήτηρ
942 3118 1133 3172 ἐστίν.

384 3210 440 3264 5.
472 3208 624 3262 Ἐπεὶ
673 3209 701 3262 ὃ
746 3226 809 3277 γε
842 3208 917 3280 μὴ
962 3208 1020 3260 τὸ
1079 3207 1289 3278 θέλημα
1333 3207 1427 3261 τοῦ
1464 3206 1599 3259 Θεοῦ
1644 3206 1756 3278 (72)
1801 3206 1891 3259 διὰ

312 3299 517 3363 παντὸς
572 3297 666 3351 τοῦ
720 3298 835 3368 βίου
883 3297 1083 3350 σκοπὸν
1134 3296 1485 3368 προθέμενος,
1521 3297 1662 3350 ὥστε
1702 3300 1797 3352 καὶ
1831 3301 1889 3352 ἐν

309 3392 476 3462 ὑγεία
502 3392 593 3445 τὸν
626 3391 793 3443 κόπον
844 3389 943 3459 τῆς
995 3388 1214 3459 ἀγάπης
1248 3388 1338 3441 διὰ
1379 3390 1480 3459 τῆς
1518 3390 1751 3461 σπουδῆς
1781 3391 1889 3444 τῶν

311 3484 407 3538 τοῦ
467 3482 665 3555 Κυρίου
707 3482 882 3553 ἔργων
932 3479 1318 3543 ἐνδείκνυσθαι,
1382 3482 1476 3535 καὶ
1510 3483 1566 3535 ὲν
1610 3482 1889 3554 ἀρρωστίᾳ

314 3576 497 3628 πᾶσαν
526 3572 800 3643 ὑπομονὴν
829 3573 923 3625 καὶ
984 3571 1358 3643 μακροθυμίαν
1394 3555 1531 3643 μετά
1572 3575 1744 3645 χαρᾶς
1768 3575 1882 3626 ἐπι·

309 3665 645 3731 δείκνυσθαι,
670 3665 909 3719 κίνδυνον
928 3664 1042 3735 ἔχει
1065 3682 1077 3696 ’
1113 3666 1328 3737 πρῶτον
1368 3665 1466 3737 μὲν
1489 3666 1583 3718 καὶ
1611 3666 1886 3736 μέγιστον,

310 3762 394 3812 ὅτι
426 3758 520 3813 τοῦ
565 3759 768 3829 Κυρίου
796 3759 1251 3830 ἀπηλλοτρίωται,
1278 3759 1487 3829 καὶτῆς
1507 3760 1617 3812 τῶν
1644 3759 1888 3829 ἀδελφῶν

310 3851 479 3904 αὐτοῦ
512 3852 746 3921 μερίδος,
777 3850 864 3904 διὰ
890 3851 952 3903 τὸ
984 3850 1058 3922 μὴ
1083 3851 1332 3904 ποιεῖντὸ
1365 3850 1575 3922 θέλημα
1604 3852 1697 3906 τοῦ
1730 3853 1887 3916 Θεοῦ,

310 3944 504 3996 ἑαυτὸν
528 3942 856 4013 ἀποσχίσας·
889 3942 1138 4015 δεύτερον
1179 3943 1256 4006 δὲ,
1288 3945 1367 3998 ὅτι
1390 3944 1621 4009 ἀναξίως
1644 3944 1889 4016 μετέχειν

309 4034 489 4104 τολμᾷ
530 4024 636 4087 τῖὖν
668 4036 780 4098 τοῖς
814 4034 985 4101 ἀξίοις
1028 4035 1465 4107 ἡτοιμασμένων.
1500 4038 1697 4108 Διόπερ
1726 4039 1890 4106 ἀναγ-

306 4126 468 4177 καῖον
500 4125 594 4177 καὶ
621 4125 679 4176 ὲν
705 4123 877 4194 τούτῳ
903 4125 1210 4196 μεμνῆσθαι
1238 4126 1330 4179 τοῦ
1367 4127 1688 4181 Ἀποστόλου
1710 4130 1889 4182 εἰπόν-

308 4229 435 4276 τος’
474 4213 911 4281 Συνεργοῦντες
965 4213 1034 4267 δὲ
1077 4215 1176 4268 καί
1210 4216 1673 4287 παρακαλοῦμεν
1692 4219 1777 4288 μὴ
1802 4223 1889 4287 είς

312 4304 497 4357 κενὸν
514 4304 627 4369 τὴν
640 4303 815 4374 χάριν
844 4305 951 4360 τοῦ
976 4305 1123 4359 Θεοῦ
1143 4305 1430 4371 δέξασθαι
1446 4308 1618 4376 ὑμᾶς·
1650 4313 1743 4363 καὶ
1762 4313 1888 4374 τοὺς

2056 3205 2112 3259 5.
2154 3203 2415 3275 Quisquis
2482 3203 2630 3258 enim
2693 3201 2788 3261 Dei
2847 3206 3178 3262 voluntatem
3238 3222 3333 3278 per
3389 3214 3559 3263 totam

1984 3311 2144 3351 suam
2173 3296 2339 3350 vitam
2370 3310 2597 3366 scopum
2632 3296 2734 3351 sibi
2766 3312 2875 3351 non
2925 3300 3251 3368 proposuit,
3298 3300 3378 3354 sic
3417 3308 3475 3353 ut
3503 3306 3561 3355 et

1991 3390 2045 3443 in
2080 3388 2314 3444 sanitate
2366 3402 2464 3458 per
2488 3387 2728 3443 studium
2774 3404 2999 3458 operum
3052 3388 3265 3445 Domini
3305 3390 3557 3446 ostendat

1990 3480 2299 3535 dilectionis
2352 3478 2616 3540 laborem,
2646 3485 2701 3532 et
2742 3479 2796 3533 in
2844 3479 3160 3535 inﬁrmitate
3207 3480 3557 3537 tolerantiam

1990 3588 2205 3628 omnem
2239 3580 2402 3641 atque
2427 3570 2701 3625 lenitatem
2748 3585 2871 3624 cum
2914 3569 3113 3639 gaudio
3142 3580 3557 3636 commonstret,

1992 3666 2038 3719 is
2065 3666 2119 3719 in
2154 3663 2401 3733 periculo
2430 3668 2696 3717 versatur.
2745 3660 2988 3716 Primum
3020 3662 3235 3732 quidem
3288 3674 3343 3719 et
3385 3665 3595 3720 mni--

1990 3771 2139 3811 mum
2159 3762 2267 3819 est,
2290 3754 2435 3824 quod
2469 3767 2502 3806 a
2532 3753 2759 3808 Domino
2791 3762 2845 3809 et
2896 3767 2928 3806 a
2965 3751 3191 3807 fratrum
3223 3754 3397 3824 ipsius
3425 3772 3560 3813 con-

1991 3850 2162 3906 sortio
2190 3850 2261 3904 sit
2292 3848 2632 3903 abalienatus
2652 3889 2670 3912 ,
2717 3847 2975 3917 quoniam
3009 3850 3281 3918 separavit
3313 3865 3373 3905 se
3404 3852 3519 3921 ipse
3540 3891 3557 3913 ,

1990 3953 2114 3994 eum
2148 3938 2241 3993 Dei
2290 3938 2627 3992 voluntatem
2671 3950 2779 3990 non
2833 3935 3000 3991 fecit:
3057 3936 3354 3992 secundum
3386 3955 3559 4005 vero,

1990 4030 2134 4100 quod
2165 4027 2329 4083 audet
2358 4028 2577 4098 indigne
2603 4028 2878 4098 particeps
2933 4028 3049 4083 ﬁeri
3102 4044 3293 4084 eorum
3323 4046 3446 4101 qua:
3476 4034 3562 4087 di-

1990 4122 2114 4192 guis
2146 4128 2337 4191 parata
2376 4127 2525 4175 sunt.
2571 4119 2914 4189 Quapropter
2942 4120 3105 4175 etiam
3155 4120 3209 4175 in
3240 4120 3344 4176 hoc
3380 4137 3564 4193 operte

1991 4214 2220 4282 pretium
2254 4222 2339 4267 est
2367 4211 2680 4267 meminisse
2715 4210 2959 4280 Apostoli
2984 4252 3000 4275 ,
3032 4211 3125 4281 qui
3164 4211 3304 4266 dixit
3333 4230 3347 4266 :
3389 4213 3563 4278 Adju-

1991 4316 2168 4359 vantes
2202 4313 2377 4357 autem
2420 4303 2580 4357 etiam
2616 4302 2978 4364 exhortamur,
3006 4319 3070 4356 ne
3096 4302 3151 4356 in
3193 4320 3412 4358 uacuum
3435 4322 3561 4375 gra-

309 4397 393 4458 εἰς
442 4394 603 4447 τόπον
644 4395 887 4464 ἀδελφῶν
928 4396 1023 4449 τοῦ
1050 4398 1255 4469 Κυρίου
1290 4398 1586 4470 κληθέντας
1631 4402 1705 4473 μὴ
1756 4403 1885 4457 καθ-

1992 4401 2121 4453 tiam
2160 4397 2253 4451 Dei
2283 4396 2547 4464 recipiatis
2579 4395 2623 4427 ⁸⁸
2649 4413 2661 4447 :
2692 4403 2747 4449 et
2769 4393 3026 4462 jubemus
3053 4410 3149 4451 eos
3176 4397 3269 4465 qui
3293 4396 3349 4451 in
3377 4398 3558 4452 locum

310 4485 534 4558 υερίσαι
550 4487 646 4558 τὴν
666 4487 917 4558 τοιαύτην
942 4490 1035 4542 τοῦ
1064 4489 1199 4544 Θεοῦ
1230 4491 1410 4562 χάριν,
1434 4494 1567 4564 μηδὲ
1596 4495 1883 4564 προδοῦναι

306 4578 371 4631 τὸ
400 4577 652 4631 τοσοῦτον
682 4579 899 4651 ἀξίωμα
941 4580 1029 4634 διὰ
1072 4583 1171 4652 τῆς
1195 4583 1452 4654 ἀμελείας
1477 4585 1584 4638 τῶν
1622 4586 1715 4638 τοῦ
1748 4587 1883 4639 Θεοῦ

306 4671 654 4740 θελημιὴων,
713 4670 1018 4725 ὑπακοῦσαι
1075 4673 1132 4725 δὲ
1177 4674 1375 4744 μᾶλλον
1423 4675 1499 4744 τῷ
1536 4675 1684 4746 αὐτῷ
1726 4679 1885 4730 Ἀπο-

306 4766 483 4835 στόλῳ
506 4764 745 4833 λέγοντι·
783 4765 1115 4833 Παρακαλῶ
1149 4766 1304 4835 ὑμᾶς
1326 4768 1441 4836 ἐγὼ
1473 4771 1507 4821 ό
1535 4767 1783 4837 δέσμιος
1814 4771 1884 4823 ἐν

305 4859 527 4926 Κυρίῳ,
556 4858 735 4923 ἀξίως
756 4855 1153 4926 περιπατῆσαι
1178 4857 1287 4926 τῆς
1298 4858 1591 4927 κλήσεως,
1620 4856 1695 4930 ἦς
1714 4861 1886 4927 ἐκλή-

305 4954 470 5018 θητε.

1990 4490 2221 4546 fratrum
2281 4488 2496 4545 Domini
2546 4487 2727 4543 vocati
2775 4494 2935 4550 sunt,
2984 4487 3146 4542 talem
3189 4486 3286 4543 Dei
3330 4489 3560 4559 gratiam

1989 4582 2315 4640 contumelia
2344 4596 2457 4637 non
2489 4579 2701 4637 aﬂicere
2721 4622 2736 4644 ,
2791 4595 2968 4651 neque
3008 4578 3325 4649 dignitatem
3353 4586 3559 4633 tantam

1989 4678 2241 4730 amittere
2265 4674 2337 4729 ob
2384 4673 2687 4741 neglectam
2716 4670 2808 4727 Dei
2843 4672 3177 4726 voluntatem
3199 4709 3214 4731 ,
3251 4669 3346 4726 sed
3375 4670 3561 4740 potius

1987 4769 2367 4837 obtemperare
2392 4763 2569 4819 eidem
2602 4762 2882 4831 Apostolo,
2930 4760 3128 4814 dicenti
3159 4775 3173 4810 :
3211 4758 3439 4814 Obsecro
3473 4777 3561 4815 vos

1986 4878 2077 4932 ego
2107 4861 2308 4914 vinctus
2334 4857 2387 4910 in
2416 4854 2663 4918 Domino,
2694 4861 2752 4905 ut
2784 4851 2935 4920 digne
2964 4849 3239 4905 ambuletis
3270 4851 3559 4913 vocatione,

1984 4970 2091 5025 qua
2126 4951 2293 5005 vocati
2318 4949 2445 5003 estis
2468 4947 2513 4979 ⁸⁸
2525 4988 2538 5000 .

379 5064 429 5135 ’ί
451 5063 637 5119 Matth.
669 5081 795 5132 xxv,
833 5066 922 5130 54,
953 5067 1043 5122 40.
1117 5065 1380 5121 "Jerem.
1436 5082 1626 5135 xnrtn,
1669 5070 1755 5124 10.
1832 5072 1878 5101 ⁷⁸

1991 5074 2092 5126 tth.
2131 5088 2258 5133 xxv,
2294 5069 2383 5134 M,
2460 5069 2507 5098 "
2537 5064 2724 5118 Matth.
2763 5079 2861 5125 xu,
2898 5062 2986 5115 ὅθ.
3061 5063 3106 5096 ⁸⁸
3158 5061 3198 5115 ll
3224 5061 3354 5119 Cor.
3393 5038 3467 5133 vi,
3506 5069 3559 5123 i.‘

302 5137 346 5167 ⁸¹
393 5134 594 5205 Ephes.
630 5153 703 5202 iv,
741 5138 793 5191 1.

374 5252 491 5337 (βθι
521 5250 654 5337 βρε.
680 5254 995 5337 primusneif
1016 5254 1141 5337 τοὺς
1168 5253 1247 5337 είς
1270 5254 1433 5337 agn-ev
1458 5254 1867 5337 ἀνακειμένους.

302 5324 509 5378 Ibidem
528 5324 669 5377 idem
688 5339 785 5397 ms.
808 5332 863 5397 et
875 5323 1031 5397 Golb.
1057 5323 1165 5397 acut
1183 5323 1458 5397 βασιλείαν
1476 5323 1720 5397 οὐρανῶν
1749 5328 1878 5397 κλη-

304 5397 579 5478 ρονομείν,
597 5401 711 5478 e_tc._
726 5394 908 5448 Codex
926 5393 1095 5480 ‘Voss.
1122 5395 1201 5456 εἰς
1222 5394 1387 5448 αὐτὸν
1412 5393 1874 5467 ἀνακειμένους.ζ.

304 5466 665 5587 κληρονομεῖν
695 5463 1161 5547 ὲπαχγειλαμένῳ.
1612 5463 1624 5467 “

380 5584 411 5612 κ·
436 5534 492 5601 0)
524 5534 663 5612 bditi
686 5534 823 5586 ἀλλα
854 5535 948 5589 καὶ
974 5551 1069 5587 του
1112 5534 1316 5605 Κυρίου
1347 5535 1468 5606 τήν.
1506 5535 1574 5590 At
1605 5553 1739 5595 mss.
1770 5540 1880 5595 duo

305 5616 364 5655 ut
401 5611 457 5655 in
496 5611 777 5656 contextu.

370 5674 489 5742 (7|)
524 5673 742 5741 Antiqui
762 5674 869 5727 duo
894 5673 1015 5727 libri
1038 5674 1184 5737 ὅστις
1210 5676 1441 5745 ποιήσει.
1469 5676 1586 5733 M01
1607 5680 1718 5735 duo
1743 5696 1876 5735 mss.

637 5765 899 5823 Psrnon.
934 5765 1049 5825 Gn.
1092 5764 1323 5825 ΧΧΧΙ.

1980 5254 2134 5324 οὗτός
2170 5277 2292 5331 μου.
2328 5257 2511 5331 Editio
2544 5251 2909 5331 Paris._:s;.to'3.

2052 5320 2329 5401 (72)'Reg.
2353 5328 2597 5401 _primus_
2642 5334 2698 5379 et
2724 5320 2887 5401 _Vo_ss.
2918 5330 2990 5401 et.
3013 5322 3166 5376 Colb.
3199 5320 3434 5401 ,θέλημα
3463 5320 3559 5401 τοῦ

2052 5345 2163 5401 ('12)
2198 5345 2329 5452 “eg.
2381 5345 2597 5397 primus
2642 5345 2698 5379 et
2738 5345 2887 5377 voss.
2918 5345 2972 5375 cl.
3013 5345 3166 5376 υυιι).
3223 5345 3434 5389 σεικημα
3463 5345 3559 5373 του

1981 5401 2208 5473 Κυρίου.
2258 5398 2275 5451 1
2319 5398 2464 5473 idem
2497 5395 2690 5473 cedere
2717 5392 2880 5473 Colb._
2917 5392 3428 5473 5t§vuavsd;.n\l_ox
3469 5389 3563 5473 διά

1983 5460 2169 5526 aberat
2196 5485 2225 5523 a
2246 5467 2506 5539 vulgatis.
2553 5464 2750 5517 Statim
2781 5464 2952 5539 codex
2984 5460 3234 5539 Yoss._et
3264 5460 3420 5539 Colb.
3467 5460 3563 5539 τὸν

1984 5541 2183 5595 σκοπὴν
2213 5531 2497 5609 τῆςξΑΙίί
2526 5551 2657 5609 loss.
2691 5533 2928 5609 et__edi_ti
2959 5532 3053 5609 τρν
3108 5531 3295 5609 κόττον.
3330 5531 3438 5586 Nec
3483 5533 3558 5609 ita

1984 5614 2156 5665 multo
2187 5600 2308 5664 cost
2339 5600 2715 5680 Regéprimus
2749 5604 2953 5676 Κυρίου
2985 5602 3159 5673 ἔργων
3183 5601 3341 5672 δῆλον
3366 5604 3558 5655 ποιεῖν.

3214 5765 3284 5824 Ἠ
