3948 6240
267 334 406 387 1005

1365 328 1665 384 REGULJE
1706 327 1956 383 FUSIUS
1997 326 2417 386 TRACTATJE.

3385 335 3521 389 1006

339 448 391 500 2.
421 445 597 507 Εὑθὺς
630 440 721 497 οὗν
769 444 963 505 αὑτοὺς
1006 442 1112 495 ἀπὺ
1133 444 1227 512 τῆς
1252 442 1471 513 πρώτης
1501 446 1579 506 εἰς
1617 442 1844 514 ἔπαρσιν

2018 444 2070 498 2.
2113 445 2395 517 Contingit
2419 443 2589 516 igitur
2613 446 2795 500 statim
2831 460 2858 498 a
2891 446 3064 516 prima
3100 445 3207 514 die,
3233 455 3289 501 ut
3323 448 3422 519 ipsi
3454 466 3519 509 ex

269 539 560 611 συμϐαίνει
612 536 965 606 βλάπτεσθαι,
1003 536 1123 605 οὐχὶ
1154 535 1457 599 τυποῦντας
1509 537 1734 598 ἑαυτοὺς
1768 538 1847 599 εἰς

270 631 529 701 μάθησιν,
577 628 692 681 ἀλλ’
736 626 1077 696 ἐθιζομένους
1130 626 1323 696 κριτὰς
1378 628 1470 679 καὶ
1518 626 1848 696 δοκιμαστὰς

265 722 369 789 τῆς
407 719 765 789 ἀδελφότητπ
787 716 1053 785 γίνεσθαι.
1088 717 1279 770 Ὀπὸτε
1306 717 1483 769 τοίνυν
1511 716 1713 784 ἀγαθὸν
1751 720 1848 787 μὲν

266 812 419 863 ονιὲν
451 806 878 878 ὁμολογούμενόν
908 809 1053 858 ἐστιν
1082 808 1138 857 ὲν
1182 808 1245 876 τῇ
1273 806 1531 875 διαιρέσει
1564 805 1668 857 τῶν
1698 807 1848 876 οἰκή-

270 918 431 963 σεων,
465 900 533 952 τὰ
574 899 630 952 δὲ
660 899 954 951 ὑπεναντία
992 897 1245 961 τοσαῦτα,
1289 897 1347 951 τὸ
1388 897 1711 967 χωρίζεσθαι
1754 898 1846 951 ἀπ’

268 994 515 1064 ἀλλήλων
574 990 856 1053 παντελῶς
894 990 1232 1059 ἀσύμφορον.
1284 990 1347 1042 ΕΞ
1393 989 1450 1041 δὲ
1488 990 1848 1060 προειλῆφθαί

266 1107 389 1142 τινα
418 1089 528 1159 (79)
564 1086 825 1157 συμϐαίη,
863 1085 1179 1153 ἐπείγεσθαι
1208 1084 1313 1155 χρὴ
1352 1084 1489 1155 πρὸς
1510 1085 1608 1155 τὴν
1627 1085 1850 1155 διόρθω-

270 1200 377 1243 σιν,
401 1182 495 1232 καὶ
524 1179 758 1249 μάλιστα
788 1178 923 1248 μετὰ
962 1179 1058 1247 τὴν
1089 1179 1283 1248 πεῖραν
1313 1176 1421 1229 τῶν
1443 1176 1741 1247 βλαϐερῶν.
1778 1179 1851 1230 Τὸ

263 1273 321 1325 δὲ
353 1272 632 1343 ἐπιμένειν
661 1274 726 1341 τῇ
770 1270 945 1341 κρίσει
1000 1269 1299 1339 φιλονεικία
1332 1270 1527 1340 σαφής.
1563 1272 1631 1323 Εἰ
1661 1270 1728 1322 δέ
1760 1289 1851 1337 τις

264 1367 438 1419 δοκεῖ
463 1368 807 1435 φιλόνεικος
841 1354 1012 1428 εἶναι,
1044 1364 1206 1433 φησὶν
1233 1367 1261 1417 ὀ
1308 1364 1647 1427 Ἀπόστολος,
1682 1365 1851 1433 ἡμεῖς

264 1458 551 1525 τοιαύτην
574 1456 903 1524 συνήθειαν
942 1459 1050 1511 οὐκ
1088 1457 1322 1527 ἔχομεν,
1350 1457 1491 1510 οὐδὲ
1520 1460 1577 1510 al
1612 1460 1851 1526 Ἐκκλη-

265 1549 399 1599 σίαι
434 1548 540 1600 τοῦ
574 1548 740 1601 Θεοῦ.
789 1548 947 1609 Τίνος
985 1547 1093 1617 γὰρ
1124 1548 1305 1600 ’ἐνεκεν
1334 1548 1595 1617 φήσουσιν
1641 1549 1721 1610 είς
1751 1548 1850 1617 τὴν

268 1642 568 1708 συνάφειαν
593 1638 891 1692 κωλύεσθαι
916 1656 929 1704 ;
962 1639 1194 1710 Πότερον
1212 1638 1407 1709 χρειῶν
1431 1656 1445 1703 ;
1486 1639 1646 1692 Ἀλλὰ
1674 1639 1851 1709 πολλῷ

264 1732 646 1803 εὑπορῶτεραί
696 1734 831 1784 εἰσιν
865 1733 920 1783 ὲν
949 1734 1015 1801 τῇ
1042 1732 1317 1801 κοινωνίᾳ,
1351 1732 1467 1794 ὲνὸς
1490 1732 1704 1802 λύχνου,
1757 1734 1851 1788 καὶ

270 1825 406 1893 μιᾶς
465 1822 669 1885 ἑστίας,
720 1824 813 1875 καὶ
858 1823 1073 1876 πάντων
1104 1824 1212 1876 τῶν
1255 1824 1509 1878 τοιούτων
1544 1828 1655 1889 τοῖς
1688 1828 1852 1879 πᾶσιν

268 1916 580 1986 ἐπαρκέσαι
612 1915 943 1984 δυναμένων.
974 1916 1094 1987 Χρὴ
1124 1918 1253 1987 γὰρ,
1284 1917 1443 1989 εἴπερ
1465 1918 1737 1987 τιὲτερον,
1760 1921 1854 1971 καὶ

265 2009 369 2079 τὴν
386 2011 442 2060 ὲν
470 2008 680 2069 τούτοις
707 2007 989 2079 εὐχέρειαν
1028 2009 1384 2078 μεταδιώκειν
1418 2012 1484 2062 ὲκ
1511 2010 1710 2073 παντὸς
1734 2011 1855 2081 τρόο

269 2118 399 2165 που,
428 2102 523 2153 ἐπὶ
562 2102 623 2153 τὸ
649 2100 867 2154 ἔλαττον
895 2101 994 2165 τὰς
1031 2104 1250 2172 κτήσεις
1268 2103 1374 2157 τῶν
1403 2103 1717 2171 ἀναγκαίων
1743 2103 1851 2174 (80)

268 2192 681 2255 συστέλλοντας.
717 2194 947 2246 Ἔπειτα
998 2193 1091 2246 καὶ
1139 2193 1248 2246 τῶν
1301 2193 1499 2260 ἔξωθεν
1530 2194 1629 2258 τὰς
1666 2196 1855 2265 χρείας

266 2286 673 2352 ἐπεισαγόντων
721 2288 788 2355 τῇ
831 2285 1171 2356 ἀδελφότητι,
1205 2288 1263 2340 ὲν
1313 2287 1413 2355 μὲν
1467 2290 1533 2358 τῇ
1592 2288 1853 2360 διαιρέσει

268 2376 532 2430 πλειόνων
579 2376 759 2447 χρεία,
809 2377 866 2428 ὲν
895 2376 952 2428 δὲ
991 2379 1055 2447 τῇ
1103 2378 1411 2448 συνοικήσει
1450 2377 1557 2429 τῶν
1585 2378 1850 2448 ἡμίσεων.

271 2471 465 2532 Ὅπως
489 2470 545 2521 δὲ
582 2468 840 2522 δύσκολόν
866 2470 1013 2521 ἐστιν
1047 2469 1337 2540 εὑρεθῆναι
1369 2470 1538 2542 ἄνδρα
1564 2470 1638 2542 μὴ
1667 2489 1856 2525 καται-

271 2564 537 2634 σχύνοντα
571 2563 632 2615 τὸ
670 2564 841 2632 ὄνομα
870 2560 964 2614 τοῦ
996 2562 1233 2633 Χριστοῦ
1264 2563 1397 2630 (81),
1435 2564 1551 2616 ἀλλ’
1580 2564 1735 2628 ἀξίαν
1760 2565 1853 2617 τοῦ

268 2653 688 2724 ἐπαγγέλματος
749 2653 846 2723 τὴν
899 2653 1008 2704 τῶν
1059 2651 1257 2717 ἔξωθεν
1308 2654 1596 2723 συντυχίαν
1644 2656 1702 2707 ἐν
1736 2659 1855 2719 ταῖς

268 2747 605 2817 αποδημίαις
634 2744 976 2815 ποιούμενον,
993 2744 1269 2815 γνώριμον
1294 2746 1421 2815 ὑμῖν
1445 2745 1548 2817 πρὸ
1575 2746 1683 2800 τῶν
1707 2748 1856 2818 ἐμῶν

268 2851 468 2918 λόγων.
501 2844 632 2901 Εἶτα
648 2851 694 2900 οἱ
722 2849 1067 2917 ἐπιμένοντες
1097 2851 1163 2919 τῇ
1202 2848 1478 2902 διαστάσει
1520 2850 1631 2914 πῶς
1663 2851 1855 2905 δύναν-

274 2960 360 2995 ται
394 2940 510 3009 (82)
542 2940 668 3004 τοὺς
700 2942 759 2992 ὲν
795 2940 874 3011 τῷ
901 2939 1063 3010 κοινῷ
1120 2940 1220 3011 βίῳ
1269 2941 1593 3012 οἰκοδομεῖν,
1634 2942 1667 3013 ῆ
1719 2944 1856 3015 πρὸς

270 3035 497 3105 εἰρήνην
541 3032 969 3099 συνελαύνοντες,
1027 3034 1078 3086 εί
1117 3050 1244 3086 ποτε
1300 3033 1425 3098 δέοι,
1477 3034 1510 3105 ἢ
1574 3036 1710 3107 πρὸς
1756 3036 1857 3101 τὰς

1949 537 2180 608 quadam
2218 538 2382 591 animi
2413 538 2648 592 elatione
2681 537 2963 603 laadantur,
2997 540 3143 609 quod
3174 556 3281 594 non
3311 544 3521 611 seipsos

1951 631 2182 687 forment
2225 633 2291 685 ad
2345 631 2730 702 disciplinam,
2790 633 2886 687 sed
2918 643 3239 689 assuescant
3291 634 3523 690 fratrum

1944 724 2159 793 judices
2190 723 2304 778 ﬁeri
2343 732 2505 795 atque
2536 736 2812 778 censores.
2851 722 2985 775 Cum
3030 738 3159 793 ergo
3197 725 3406 779 nullum
3433 726 3524 778 bo-

1951 834 2083 872 num
2120 827 2327 873 certum
2380 824 2434 870 et
2477 814 2788 870 confessum
2822 816 3127 885 reperiatur
3152 816 3207 869 in
3237 815 3430 871 divisis
3458 831 3525 871 ac

1949 910 2224 966 distinctis
2278 908 2745 971 habitationibus,
2791 907 2900 961 imo
2944 924 3073 963 vero
3119 923 3241 962 cum
3297 910 3408 963 sint
3439 909 3525 963 in-

1951 986 2234 1059 commoda
2276 1011 2356 1054 tot
2387 1010 2438 1056 et
2481 1008 2653 1063 tanta,
2690 1015 2919 1070 prorsus
2954 1000 3049 1055 abs
3088 1017 3145 1055 re
3191 1000 3353 1055 fuerit
3386 1003 3524 1056 alias

1952 1095 2020 1149 ab
2056 1094 2178 1148 aliis
2211 1092 2473 1162 separari.
2511 1091 2665 1157 Quod
2696 1092 2738 1145 si
2766 1091 2907 1145 forte
2934 1091 3270 1145 domicilium
3304 1093 3525 1163 aliquod

1952 1189 2024 1240 ita
2055 1187 2166 1255 jam
2196 1192 2572 1239 constructum
2617 1183 2708 1247 sit,
2743 1182 2853 1235 cito
2900 1180 3298 1235 emendandum
3332 1190 3416 1237 est
3460 1198 3528 1237 ac

1952 1277 2356 1333 reformandum
2378 1316 2393 1339 ,
2437 1285 2490 1330 et
2522 1275 2753 1328 maxime
2798 1282 2919 1343 post
2949 1272 3401 1328 detrimentorum
3433 1290 3528 1329 ex-

1953 1372 2295 1442 perientiam.
2321 1368 2452 1422 Nam
2496 1368 2550 1421 in
2581 1366 2851 1423 sententia
2878 1380 2975 1421 sua
3007 1380 3377 1434 perseverare,
3407 1383 3530 1421 ma-

1954 1463 2155 1517 nifesta
2188 1460 2466 1516 contentio
2500 1469 2601 1514 est.
2635 1457 2693 1511 Si
2719 1458 2836 1526 quis
2876 1468 3049 1511 autem
3078 1458 3280 1510 videtur
3316 1468 3529 1513 conten-

1955 1556 2120 1607 tiosus
2152 1570 2264 1607 esse
2286 1592 2299 1616 ,
2332 1552 2509 1621 inquit
2556 1549 2871 1619 Apostolus,
2905 1566 2997 1603 nos
3053 1548 3209 1602 talem
3258 1561 3529 1603 consuetu-

1953 1648 2125 1698 dinem
2160 1661 2262 1699 non
2290 1643 2562 1708 habemus,
2588 1659 2747 1711 neque
2798 1640 3049 1696 Ecclesia:
3091 1641 3189 1695 Dei
3232 1642 3295 1695 δ’.
3352 1642 3527 1707 Quam

1954 1740 2096 1795 enim
2125 1752 2346 1792 causam
2392 1735 2592 1789 dicturi
2636 1744 2764 1790 sunt
2804 1734 3192 1803 impedimento
3223 1734 3327 1789 sibi
3356 1750 3480 1790 esse
3508 1778 3524 1797 .

1956 1845 2023 1885 ne
2051 1827 2491 1897 conjungantur?
2542 1823 2679 1877 Num
2712 1824 2782 1878 ob
2812 1840 2898 1878 res
2932 1825 3271 1880 necessarias
3299 1839 3528 1894 compa-

1955 1919 2189 1973 randas?
2221 1918 2289 1971 At
2318 1924 2508 1987 paratu
2556 1923 2685 1970 sunt
2730 1915 2890 1984 longe
2938 1914 3214 1970 faciliores
3261 1915 3316 1970 in
3376 1932 3528 1971 com-

1955 2012 2105 2066 muni
2128 2010 2427 2076 domicilio,
2460 2024 2585 2063 cum
2614 2022 2720 2062 una
2766 2009 3008 2072 lucerna,
3037 2016 3089 2062 et
3140 2024 3283 2063 unus
3337 2008 3528 2077 focus,

1953 2113 2008 2159 et
2040 2104 2223 2158 omnia
2266 2102 2394 2157 talia
2445 2101 2701 2155 omnibus
2754 2100 3001 2155 sulliccre
3034 2101 3267 2171 possint.
3303 2100 3532 2171 Oportet

1954 2198 2122 2261 enim,
2154 2199 2199 2252 si
2231 2197 2361 2267 quid
2389 2194 2558 2258 aliud,
2595 2195 2758 2248 etiam
2812 2196 2863 2248 in
2900 2195 2987 2249 his
3019 2194 3331 2249 facilitatem
3361 2197 3533 2250 omni-

1956 2289 2119 2345 modo
2138 2288 2305 2358 380
2328 2286 2555 2356 requiri,
2597 2286 2676 2341 sic
2714 2293 2775 2338 ut
2807 2299 2993 2339 earum
3044 2300 3167 2355 quae
3219 2286 3533 2341 necessario

1954 2379 2297 2451 possidenda:
2326 2386 2455 2434 sunt
2488 2392 2669 2432 rerum
2700 2377 2857 2447 copia
2888 2376 3263 2429 imminuatur.
3304 2377 3531 2431 Accedit

1954 2472 2141 2536 etiam,
2172 2470 2316 2539 quod
2348 2471 2401 2523 in
2445 2469 2636 2524 divisis
2670 2467 3102 2524 habitationibus
3130 2468 3305 2539 major
3335 2483 3531 2523 nume-

1955 2580 2051 2620 rus
2110 2578 2233 2619 esse
2288 2562 2482 2617 debeat
2526 2576 2714 2615 eorum
2771 2560 2863 2630 qui
2904 2560 3215 2614 necessaria
3265 2557 3532 2615 fratribus

1955 2657 2300 2713 extrinsecus
2332 2654 2562 2709 aﬂ‘crunt
2588 2673 2602 2707 :
2640 2660 2850 2717 contra,
2880 2649 3108 2706 dimidio
3141 2652 3320 2705 minor
3346 2652 3401 2706 in
3424 2666 3535 2705 uno

1955 2760 2010 2805 et
2035 2748 2226 2805 eodem
2258 2745 2633 2801 contubernio.
2669 2744 2844 2810 Quam
2879 2753 3057 2798 autem
3090 2742 3305 2798 diﬂicile
3347 2743 3419 2799 sit
3450 2743 3535 2796 in-

1957 2841 2129 2898 veniri
2162 2841 2337 2895 virum
2359 2880 2373 2906 ,
2421 2839 2511 2907 qui
2562 2836 2766 2892 Christi
2796 2850 2993 2891 nomen
3027 2849 3138 2889 non
3192 2834 3486 2890 dedecoret
3516 2873 3530 2897 ,

1958 2934 2066 2990 sed'
2082 2933 2173 3004 qui
2203 2946 2360 2988 suum
2386 2945 2508 2984 cum
2540 2928 2782 2984 externis
2819 2942 3174 2998 congressum
3206 2927 3260 2981 in
3294 2929 3537 2997 peregri-

1956 3027 2273 3085 nationibus
2302 3024 2499 3081 elliciat
2542 3036 2640 3077 sua
2673 3020 3015 3091 professione
3044 3019 3267 3090 dignum
3291 3060 3305 3083 ,
3356 3020 3533 3083 vobis,

272 3125 438 3187 ἄλλας
490 3123 709 3187 ἐντολὰς
778 3124 1242 3195 παρακαλοῦντες,
1300 3126 1553 3191 ὑπονοίας
1614 3129 1853 3200 πονηρὰς

1965 3138 2051 3177 me
2103 3121 2186 3175 vel
2244 3124 2481 3181 tacente,
2542 3122 2728 3167 notum
2762 3121 2864 3167 est.
2901 3111 2982 3166 Ad
3036 3111 3152 3167 hac
3186 3110 3279 3182 qui
3318 3111 3398 3167 sic
3428 3111 3537 3167 dis-

272 3218 337 3269 ὲκ
366 3214 462 3269 τοῦ
503 3215 577 3286 μὴ
615 3215 856 3286 ἡνῶσθαι
888 3216 1006 3271 καθ’
1038 3218 1247 3270 ἑαυτῶν
1276 3220 1667 3295 ,παρεχόμενοι
1695 3238 1708 3285 ;
1744 3223 1854 3276 Καὶ

272 3309 411 3380 πρὸς
434 3309 645 3372 τούτοις
662 3308 929 3378 ἀκούομεν
953 3309 1045 3363 τοῦ
1080 3311 1401 3365 Ἀποστόλου
1420 3312 1717 3383 γράφοντος
1740 3314 1853 3385 (85)

270 3400 672 3470 ΙΨιλιππησίοις,
701 3401 781 3453 ὃτι
813 3400 1173 3470 Πλιιρὼσατέ
1210 3422 1330 3472 μου
1360 3403 1475 3471 τὴν
1508 3405 1720 3473 χαρὰν,
1750 3407 1856 3460 ἵνα

278 3493 336 3544 τὸ
362 3492 512 3545 αὐτό
572 3491 863 3561 φρονῆτε,
910 3493 1024 3559 τὴν
1068 3494 1262 3561 αὐτὴν
1313 3493 1553 3562 ἀγάπην
1587 3495 1853 3564 ἔχοντες,

272 3586 691 3654 σύμψυχοι,τὸ
716 3586 788 3639 ἒν
818 3587 1202 3654 φρονοῦντες,
1231 3587 1425 3655 μηδὲν
1453 3588 1579 3641 κατ’
1603 3588 1857 3657 ἐριθείαν

278 3682 311 3747 ἢ
332 3681 710 3755 κενοδοξίαν,
733 3681 893 3735 ἀλλὰ
917 3679 991 3747 τῇ
1008 3682 1527 3749 ταπεινορροσύνῃ
1544 3682 1857 3749 ἀλλήλους

274 3772 595 3843 ἡγούμενοι
643 3773 1048 3840 ὑπερέχοντας
1101 3772 1358 3826 ἑαυτῶν·
1388 3775 1474 3842 μὴ
1514 3772 1587 3826 τὰ
1627 3774 1858 3829 ἑαυτῶν

272 3865 655 3930 σκοποῦντες
708 3865 840 3935 (84),
899 3866 1061 3919 ἀλλὰ
1104 3866 1201 3918 καὶ
1238 3866 1311 3918 τὰ
1351 3865 1568 3933 ἑτέρων
1591 3865 1859 3921 ἕκαστοι.

273 3960 554 4013 sentientes

274 4053 621 4114 arbitrantes,
682 4067 784 4103 non
823 4066 938 4120 qua:
968 4066 1065 4103 sua
1106 4058 1226 4102 sunt
1271 4051 1469 4120 singuli
1512 4051 1904 4107 considerantes
1929 4092 1945 4118 ,
1988 4049 2078 4104 sed
2108 4046 2269 4101 etiam
2291 4059 2351 4095 ea
2378 4056 2493 4111 qua:
2520 4039 2732 4092 aliorun

342 4150 399 4203 3.
435 4148 534 4209 Τίς
573 4140 665 4199 οὖν
695 4146 895 4215 μείζων
925 4143 1199 4209 ἀπόδειξις
1224 4146 1725 4218 ταπεινοφροσύνης
1765 4146 1855 4200 τοῦ

274 4242 528 4313 ἀλληλοις
552 4239 893 4308 ὑποταγῆναι
926 4238 1037 4306 (85)
1059 4237 1185 4299 τοὺς
1214 4236 1560 4309 προεστῶτας
1585 4238 1682 4307 τῆς
1708 4238 1859 4291 ἁδελ-

275 4332 542 4400 φὸτητοςς
591 4328 715 4382 Εἴτε
748 4326 855 4396 γὰρ
900 4326 1003 4380 ἴσοι
1033 4326 1172 4379 εἰσὶν
1218 4328 1275 4378 ὲν
1314 4329 1427 4388 τοῖς
1472 4329 1861 4397 πνευματικοῖς

274 4423 604 4495 χαρίσμασι,
633 4420 848 4474 κάλλιόν
880 4422 1027 4473 ἐστιν
1058 4421 1090 4489 ἡ
1126 4418 1451 4491 συνάθλησις
1483 4418 1615 4489 (86).
1649 4421 1859 4491 ’Ὠσπερ

272 4510 367 4568 οὖν
393 4511 677 4575 ὑπέδειξεν
699 4514 830 4582 ἡμῖν
860 4511 1023 4574 αὑτὸς
1048 4512 1079 4563 ὁ
1106 4510 1329 4581 Κύριος,
1352 4510 1458 4565 ἀνὰ
1476 4510 1570 4564 δύο
1605 4510 1699 4564 δύο
1723 4512 1858 4564 ἁπο-

272 4605 523 4671 στείλας·
553 4608 647 4660 καὶ
669 4608 697 4658 ὁ
725 4606 911 4675 ἕτερος
936 4603 1116 4658 αὑτῶν
1147 4605 1431 4675 αἱρήσεται
1468 4603 1687 4667 πάντως
1720 4601 1857 4673 μετὰ

273 4700 452 4769 χαρᾶς
480 4698 846 4768 ὑποτετάχθαι
884 4696 961 4768 τῷ
1006 4698 1196 4769 ἑτέρῳ,
1237 4695 1586 4767 μεμνημένος
1617 4695 1711 4747 τοῦ
1744 4696 1858 4748 Κυ-

273 4791 394 4861 ρίου
424 4789 699 4857 λέγοντος,
736 4792 816 4843 ὅτι
857 4793 919 4844 '0
951 4786 1248 4842 ταπεινῶν
1286 4786 1506 4840 ἑαυτὸν
1543 4784 1859 4853 ύψωθήσευ

274 4881 537 4953 rat._(§7l.
571 4883 635 4935 Εί
666 4883 721 4936 δὲ
775 4883 865 4935 τὸν
916 4883 1015 4952 μὲν
1044 4878 1421 4941 ὲλαττοῦσθαι,
1458 4879 1548 4930 τὸν
1590 4878 1646 4929 δὲ
1692 4878 1861 4944 ὑπερ-

348 5025 396 5053 ⁶²
436 5022 456 5077 1
489 5020 621 5075 Cor.
652 5037 738 5083 ιι,
780 5020 866 5071 16.
943 5021 989 5051 ³³
1028 5020 1265 5090 Philipp.
1301 5036 1368 5085 ιι,
1402 5017 1469 5081 2,
1506 5018 1559 5071 5.
1638 5017 1681 5046 ⁸⁸
1727 5014 1896 5070 Marc.
1935 5028 2020 5075 vr,
2058 5013 2109 5065 7.

350 5166 464 5235 (79)
498 5165 721 5235 Antiqui
762 5165 871 5217 duo
906 5163 1028 5216 libri
1072 5172 1268 5231 praeter
1298 5162 1438 5215 Voss
1495 5157 1859 5231 προειλῆφθαί

277 5256 454 5292 τινας.

350 5256 465 5375 (8ῗῆ
495 5305 677 5360 Codex
714 5302 875 5359 Voss.
906 5306 1001 5357 καὶ
1038 5303 1145 5375 τῶν
1180 5302 1511 5370 ἀναγκαίων.
1552 5298 1757 5353 ibidem
1803 5297 1857 5350 in

275 5373 598 5432 Colbcrtino
632 5376 826 5443 legitur
854 5376 1083 5427 Ἔπειτα
1105 5373 1163 5427 δὲ
1190 5375 1303 5426 καί.

352 5447 466 5515 (Si)
504 5446 635 5513 Reg.
673 5437 883 5513 primus
915 5445 1084 5512 ὄνομα
1112 5443 1205 5496 τοῦ
1233 5445 1458 5513 Κυρίου.
1488 5440 1685 5495 Statim
1724 5437 1853 5493 libri

278 5527 493 5587 veteres
508 5515 799 5587 _yvtbptp_.ov
829 5516 979 5586 ὑμῖν.
1005 5515 1143 5568 Editi
1173 5517 1322 5587 ἡμῖν.

350 5586 467 5654 (82)
495 5579 680 5641 Codex
701 5579 878 5642 'Vossl
904 5579 1420 5639 δύνωνται.”1ι)ὶιιεηι
1462 5581 1594 5635 editi
1628 5587 1683 5654 et
1715 5579 1850 5654 Reg.

280 5650 481 5710 ter-tius
510 5671 619 5711 una
665 5671 801 5711 voce
829 5656 1101 5725 κοινοσίῳ.
1144 5655 1250 5708 Alii
1298 5664 1410 5709 tres
1452 5668 1588 5707 mss.
1638 5650 1855 5705 duabus

282 5726 403 5798 voci
410 5726 705 5798 μηδ-κοινῷ
737 5725 856 5798 βίῳ.

353 5793 468 5869 (85)
510 5796 644 5869 Reg.
672 5790 880 5868 primus
908 5797 1179 5869 ἀκούομεν
1201 5794 1295 5849 τοῦ
1331 5792 1547 5851 Παύλου
1583 5790 1711 5865 γρά.

1956 3213 2132 3284 juncti
2162 3218 2500 3280 permanent,
2532 3221 2640 3276 qua
2685 3205 2895 3259 ratione
2939 3211 3191 3273 possunt,
3224 3218 3319 3258 eos
3346 3203 3439 3273 qui
3479 3204 3534 3257 in

1961 3304 2237 3361 communi
2276 3301 2483 3361 vivunt,
2526 3295 2835 3359 aediﬁcare,
2889 3295 3004 3349 sive
3044 3295 3419 3365 compellenda
3466 3296 3535 3348 ad

1960 3414 2150 3472 pacem
2172 3440 2186 3461 ,
2221 3399 2266 3453 si
2291 3395 2511 3467 quando
2536 3409 2675 3465 Opus
2712 3392 2900 3455 fuerit,
2938 3392 3055 3447 sive
3096 3389 3437 3447 exhortando
3468 3390 3536 3443 ad

1962 3499 2229 3565 praecepta
2280 3490 2421 3543 alia?
2464 3488 2557 3557 qui
2599 3486 2744 3557 quod
2792 3486 2933 3539 inter
2982 3500 3041 3538 se
3090 3483 3369 3553 conjuncti
3424 3498 3538 3537 non

1962 3593 2131 3650 sunt,
2194 3596 2390 3653 pravas
2444 3578 2801 3647 sibimetipsis
2857 3575 3199 3646 suspiciones
3259 3584 3534 3631 moveant.

1965 3681 2339 3746 Prretereaque
2393 3672 2647 3728 aud-imus
2676 3670 3000 3739 Apostolum
3050 3667 3119 3722 ad
3161 3666 3537 3737 Philippenses

1967 3773 2295 3829 scribentem
2330 3786 2343 3822 :
2382 3764 2601 3835 Implete
2624 3762 2875 3833 gaudium
2897 3776 3089 3821 meum,
3115 3769 3170 3812 ut
3196 3760 3333 3814 idem
3356 3759 3537 3824 sapia—

1976 3866 2064 3928 tis,
2096 3858 2330 3916 eamdem
2376 3854 2688 3909 charitatem
2731 3851 2977 3905 habentes
3006 3891 3020 3914 ,
3056 3850 3355 3915 unanimes,
3400 3848 3540 3903 idem

607 3974 624 4010 :
665 3958 794 4011 nihil
832 3974 923 4025 per
982 3960 1383 4023 contentionem,
1412 3976 1574 4028 neque
1604 3976 1695 4028 per
1716 3961 1924 4016 inanem
1963 3958 2215 4031 gloriam,
2262 3948 2350 4004 sed
2377 3950 2431 4002 in
2477 3945 2778 3999 humilitate
2822 3944 3115 4012 superiores
3164 3942 3264 3995 sibi
3324 3942 3540 3995 invicem

2733 4053 2750 4088 ι
2777 4036 2847 4092 8³.

2029 4145 2084 4197 5.
2124 4141 2255 4207 Quae
2285 4136 2451 4207 igitur
2491 4133 2664 4202 major
2693 4138 2777 4186 est
2817 4130 3140 4185 humilitatis
3189 4128 3538 4199 significatio,

1959 4249 2121 4306 quam
2149 4232 2196 4287 si
2228 4230 2456 4284 fratrum
2481 4223 2723 4296 praefecti
2752 4223 2844 4276 alii
2881 4223 3114 4276 aliorum
3136 4220 3367 4290 imperio
3401 4221 3535 4276 sub-

1955 4319 2252 4394 jiciantur?
2282 4316 2339 4371 Si
2365 4316 2511 4371 enim
2539 4329 2698 4385 pares
2720 4319 2849 4367 sunt
2870 4314 2925 4366 in
2949 4311 3329 4381 spiritualibus
3348 4311 3534 4375 donis,

1964 4428 2059 4467 eos
2095 4408 2261 4465 simul
2287 4406 2570 4461 decertare
2595 4403 2769 4459 satius
2796 4411 2897 4457 est.
2925 4400 3400 4467 Quemadmodum
3430 4402 3537 4472 igi-

1966 4512 2056 4558 tur
2079 4500 2321 4557 ostendit
2367 4498 2527 4553 nobis
2574 4495 2842 4551 Dominus
2888 4494 3026 4563 ipse,
3067 4507 3191 4547 cum
3236 4493 3541 4563 discipulos

1968 4598 2125 4651 binos
2152 4603 2204 4649 et
2233 4592 2393 4647 binos
2424 4590 2622 4645 misit“
2650 4610 2661 4643 :
2694 4589 2767 4642 ita
2796 4604 2861 4641 ex
2892 4586 3026 4655 ipsis
3066 4586 3200 4640 alter
3232 4585 3386 4640 alteri
3408 4585 3541 4639 sub-

1968 4688 2112 4745 mitti
2139 4701 2364 4757 prorsus
2395 4699 2518 4738 cum
2547 4682 2745 4753 gaudio
2767 4681 2932 4744 volet,
2961 4678 3103 4732 haud
3132 4679 3417 4733 immemor
3434 4676 3541 4731 Do-

1969 4781 2101 4836 mini
2124 4778 2358 4835 dicentis
2392 4795 2405 4829 :
2440 4775 2545 4841 Qui
2584 4792 2636 4828 se
2661 4772 2928 4838 humiliat,
2950 4770 3362 4823 exaltabitur".
3385 4768 3540 4834 Quod

1970 4876 2017 4929 si
2057 4873 2196 4927 forte
2232 4870 2321 4925 hic
2352 4868 2613 4939 pauciora
2636 4864 2906 4929 habuerit,
2938 4863 3025 4916 ille
3061 4863 3235 4931 plura,
3256 4861 3540 4929 prtestabi-

2187 5012 2231 5041 ⁸⁸
2273 5023 2404 5062 uuc.
2443 5022 2613 5068 XV'II,
2656 5005 2739 5057 Η.

2040 5154 2150 5225 (8i)
2200 5153 2345 5208 Idem
2392 5168 2495 5207 ms.
2542 5151 2615 5220 μὴ
2662 5165 2729 5200 τα
2774 5146 2978 5199 ἑαυτῶν
3010 5145 3236 5207 ἕκαστος
3280 5158 3540 5195 σκοπουν-

2040 5284 2151 5362 (85)
2203 5292 2279 5346 Ita
2320 5294 2375 5347 in
2421 5289 2882 5362 Colbqseriptum
2917 5284 3244 5362 invenitur,
3292 5300 3541 5362 ταπει-νοέ

1971 5353 2470 5435 φροσύνης-τῆς-ὲκ
2502 5360 2595 5435 τοῦ
2629 5353 2876 5435 ᾁλλῆλοις
2909 5355 3330 5435 ὑποτάσσεσθαι.
3366 5353 3539 5407 Habet

1969 5427 2399 5504 quoque'Vos'sii
2431 5433 2600 5504 codex
2619 5427 3051 5504 ὑποτάσσεσθαι.

2038 5493 2149 5575 (88)
2200 5505 2427 5558 Veteres
2479 5502 2588 5555 duo
2619 5500 2745 5553 libri
2791 5514 2915 5551 cum
2964 5494 3123 5548 Voss.
3178 5496 3211 5617 ῃ
3266 5493 3541 5560 συνάσκη-

2038 5593 2052 5604 -
2104 5574 2313 5617 "inlatis
2343 5572 2651 5617 exercitatio
2680 5568 2993 5617 communis.
3031 5566 3135 5617 Alii
3220 5578 3289 5617 uo
3322 5580 3457 5617 mss.
3484 5570 3541 5616 et

1968 5566 2072 5639 σις,
2104 5566 2313 5644 pietatis
2334 5572 2651 5644 exercitatio
2680 5568 2999 5644 communis.
3031 5566 3135 5644 Alii
3178 5566 3457 5644 duomss.
3484 5570 3541 5644 et

1966 5634 2159 5715 editi'h
2190 5642 2535 5715 συναθλησις.
2567 5642 2698 5715 Utro
2721 5640 2848 5710 quis
2879 5638 3039 5693 modo
3067 5637 3228 5705 legat,
3256 5634 3414 5692 nihil.
3442 5640 3540 5688 ant

1969 5711 2159 5785 parum
2187 5714 2253 5785 ad
2280 5728 2504 5785 sensum
2542 5711 2728 5785 refert.

2040 5772 2148 5857 (8‘7)
2188 5783 2316 5839 Post
2357 5784 2581 5838 verbum
2627 5780 2971 5851 ὑψωθήσεται
3001 5777 3075 5831 ita
3115 5777 3170 5831 in
3217 5772 3542 5830 Colhertino
