3948 6240
494 317 636 378 1007
1726 319 1783 376 S.
1826 319 2072 374 BASILII

2113 320 2331 376 ΜᾹΟΝΙ
3567 337 3670 397 ίοοε

491 441 602 496 lius
624 445 710 496 est
741 439 1057 495 debiliorem
1093 454 1124 492 a
1158 438 1372 494 fortiori
1401 439 1632 495 assumi.
1684 442 1862 512 Atque
1906 441 2059 496 etian'

2177 445 2323 514 ἐχειν
2351 444 2658 516 συμϐαίνει,
2707 425 3127 518 ὠφελιμώτερόν
3177 447 3288 500 ἐστι
3337 450 3671 525 προσληφθῑυηι

493 531 767 602 quomodo
791 545 900 584 non
937 529 1227 586 manifeste
1255 532 1496 586 violatur
1525 533 1890 602 apostolicum
1926 549 2074 603 pra:-

492 630 709 693 ceptum
768 637 878 692 quo
925 622 1167 678 dicitur:
1204 621 1330 678 Non
1386 640 1505 695 qua:
1562 639 1663 678 sua
1701 633 1823 679 sunt
1879 625 2076 694 singuli

491 714 906 780 considerantes,
935 716 1025 770 sed
1056 717 1218 770 etiam
1259 733 1322 770 ea
1375 732 1492 786 quis
1533 715 1768 770 aliorum
1793 715 1881 771 3‘?
1913 717 2077 772 Arbi-

493 815 608 862 tror
629 809 774 863 enim
811 808 926 863 fieri
950 823 1056 862 non
1085 823 1270 878 posse,
1318 817 1376 863 ut
1433 809 1537 863 hoc
1589 808 1646 863 in
1693 809 1887 865 divisis
1920 824 2076 864 man-

490 901 739 958 sionibus
760 909 910 957 recte
937 903 1270 971 perficiatur,
1307 917 1432 956 cum
1465 902 1727 972 quaelibet
1757 911 1934 956 turma
1975 917 2076 973 pro

491 989 560 1044 iis
583 990 915 1060 quibuscum
939 998 1214 1058 versatur,
1245 1006 1435 1046 curam
1472 991 1809 1062 singularem
1850 1001 1905 1047 et
1939 1008 2072 1064 pro-

490 1082 666 1152 priam
710 1090 885 1152 gerat,
941 1091 1173 1139 caeteros
1213 1100 1347 1140 vero
1381 1100 1493 1139 non
1540 1092 1696 1140 curet
1740 1103 1754 1138 ι
1793 1084 1960 1154 quod,
2013 1092 2075 1139 ut

489 1175 623 1238 dixi,
669 1174 963 1230 manifeste
1018 1175 1346 1232 adversatur
1385 1177 1636 1247 Apostoli
1678 1184 1972 1247 praecepto.
2007 1176 2074 1231 Et

489 1266 746 1335 quoniam
777 1265 952 1320 sancti
1000 1266 1102 1330 illi,
1138 1283 1374 1336 quorum
1429 1268 1687 1338 frequens
1735 1274 1819 1322 est
1867 1268 2072 1322 mentio

487 1359 542 1413 in
567 1358 742 1423 Actis,
768 1358 1004 1429 idipsum
1048 1359 1373 1430 plerumque
1425 1368 1722 1426 testantur,
1762 1360 1831 1415 de
1868 1360 2070 1430 quibus

485 1450 750 1521 scriptum
770 1458 876 1513 est,
898 1451 1062 1505 modo
1092 1452 1310 1522 quidem
1329 1469 1342 1506 :
1361 1450 1728 1506 Multitudinis
1748 1451 2069 1506 credentium

483 1552 598 1598 erat
625 1559 717 1598 cor
743 1559 906 1597 unum
934 1553 984 1597 et
1015 1544 1195 1598 anima
1222 1560 1328 1598 una
1343 1544 1421 1608 ⁸⁷ς
1455 1544 1616 1599 modo
1663 1560 1797 1599 vero
1830 1563 1842 1598 :
1875 1543 2068 1600 Omnes

483 1636 752 1691 credentes
779 1645 936 1690 erant
972 1637 1029 1690 in
1063 1636 1244 1690 eodem
1290 1637 1428 1699 loco,
1477 1647 1526 1690 et
1568 1635 1830 1690 habebant
1888 1637 2070 1692 omnia

483 1729 784 1783 communia
800 1728 848 1761 ⁸⁸
887 1748 901 1782 :
936 1729 1107 1800 liquet
1139 1729 1345 1782 nullam
1384 1728 1557 1783 fuisse
1588 1729 1731 1784 inter
1755 1728 1855 1784 hos
1877 1743 2066 1784 omnes

484 1819 836 1888 divisionem,
885 1835 987 1876 uec
1026 1835 1358 1891 quemquam
1405 1819 1575 1875 fuisse
1615 1821 1700 1874 sui
1738 1820 1880 1890 juris
1920 1839 1934 1876 :
1969 1819 2063 1876 sed

483 1927 675 1969 omnes
703 1928 814 1967 una
850 1920 904 1967 et
927 1913 1117 1967 eadem
1135 1926 1267 1966 cura
1293 1911 1630 1981 gubernatos
1646 1911 1819 1968 fuisse
1843 1929 1858 1979 ;
1881 1913 2062 1979 idque,

480 2002 698 2060 etiarnsi
728 2004 921 2059 horum
943 2004 1187 2059 omnium
1210 2019 1476 2060 numerus
1506 2013 1652 2060 esset
1681 2006 1925 2076 quinque
1942 2004 2064 2058 mil-

479 2095 663 2150 lium:
703 2097 759 2151 in
805 2095 1008 2167 quibus
1044 2095 1284 2151 fortasse
1329 2111 1441 2150 non
1490 2110 1668 2166 pauca
1713 2101 1897 2160 erant,
1944 2108 2068 2165 quae

484 2187 766 2243 hominum
792 2188 1006 2260 judicio
1036 2188 1354 2244 viderentur
1371 2186 1818 2256 conjunctionem
1843 2201 1906 2241 ac
1934 2201 2067 2241 con-

480 2278 726 2334 cordiam
758 2278 1051 2350 impedire.
1079 2279 1217 2335 Cum
1248 2287 1429 2333 autem
1453 2278 1548 2348 qui
1581 2277 1639 2332 in
1667 2277 1899 2349 singulis
1927 2276 2067 2331 vicis

478 2372 852 2440 reperiuntur,
876 2371 1012 2426 adeo
1036 2371 1146 2427 illis
1175 2386 1410 2427 numero
1438 2368 1728 2426 inferiores
1777 2369 1910 2437 sint,
1943 2385 2066 2441 quas
2099 2371 2103 2377 '

478 2464 622 2517 ratio
647 2463 918 2535 permittit
951 2463 1102 2535 ipsos
1139 2479 1169 2518 a
1209 2479 1268 2519 se
1299 2462 1535 2518 invicem
1576 2469 1864 2532 separatos
1902 2461 2067 2517 esse?

477 2552 701 2610 Utinam
753 2561 936 2610 autem
975 2553 1095 2610 fieri
1139 2561 1350 2625 posset,
1397 2561 1458 2607 ut
1495 2568 1607 2608 non
1654 2552 1816 2608 modo
1866 2555 1963 2624 qui
2007 2553 2062 2608 in

477 2647 670 2701 eodem
700 2661 842 2718 pago
883 2645 1050 2702 simul
1100 2655 1230 2700 sunt
1271 2643 1614 2715 congregati,
1657 2643 1739 2698 sic
1778 2657 2065 2714 permane-

477 2747 622 2798 rent,
645 2737 739 2792 sed
764 2739 925 2809 381
960 2737 1149 2806 plures
1177 2738 1365 2800 etiam,
1411 2736 1507 2808 qui
1541 2735 1777 2791 diversis
1822 2735 1877 2790 in
1923 2737 2064 2791 locis

484 2828 775 2884 constituti
805 2835 934 2884 sunt
954 2827 1189 2883 fratrum
1229 2835 1560 2892 conventus,
1592 2827 1661 2882 ab
1695 2841 1805 2882 una
1836 2835 2058 2883 tantum

477 2933 634 2984 cura,
673 2934 887 2985 eorum,
927 2920 1023 2988 qui
1046 2933 1206 2990 aequo
1229 2918 1282 2972 in
1314 2933 1509 2974 omnes
1541 2917 1728 2972 animo
1754 2919 2061 2989 sapienter-

472 3026 586 3082 que
613 3013 780 3068 rebus
819 3011 1064 3066 omnium
1096 3012 1385 3067 consulere
1425 3019 1676 3082 possent,
1721 3013 1780 3067 in
1831 3013 2060 3084 spiritus

472 3104 842 3162 consensione
861 3112 917 3161 et
946 3104 1099 3175 pacis
1131 3104 1354 3160 vinculo
1377 3113 1702 3176 regerentur
1724 3105 1738 3159 i

858 3243 1381 3302 INTERROGATIO
1435 3243 1677 3303 XXXVI.

669 3335 740 3392 De
767 3338 835 3392 iis
869 3339 960 3408 qui
988 3337 1237 3392 secedunt
1269 3355 1302 3392 a
1321 3338 1556 3408 fratrum
1572 3340 1852 3394 societate.

959 3451 984 3474 ⁴
1062 3447 1466 3505 RESPONSIO.

545 3539 693 3597 Sane
716 3542 813 3613 qui
849 3540 1023 3598 semel
1052 3550 1245 3596 mutuo
1273 3540 1515 3612 professi
1555 3551 1686 3598 sunt
1715 3550 1965 3600 victuros
1991 3559 2053 3600 sc

473 3635 638 3691 simul
660 3635 716 3689 in
741 3633 935 3690 eodem
956 3633 1100 3699 loco,
1131 3633 1200 3691 iis
1239 3649 1587 3706 nequaquam
1617 3634 1828 3690 licitum
1859 3643 1946 3692 est
1973 3635 2064 3690 in-.

473 3727 797 3785 differenter
829 3729 986 3784 abire
1013 3737 1069 3785 et
1113 3729 1410 3798 secedere;
1455 3730 1678 3802 quando
1731 3732 1868 3786 illud
1909 3730 2058 3801 quod

473 3820 596 3889 quis
615 3819 672 3873 in
701 3819 770 3876 iis
801 3835 924 3890 quae
960 3820 1104 3891 cepit
1127 3813 1377 3877 consiliis
1402 3837 1512 3877 non
1541 3832 1876 3892 perseveret,
1914 3823 2056 3878 dua-

473 3911 578 3966 bus
616 3911 684 3966 de
717 3912 902 3967 causis
948 3913 1243 3984 contingit,
1288 3914 1375 3970 vel
1416 3930 1485 3970 ex
1524 3915 1748 3983 damno,
1800 3915 1948 3986 quod
1987 3930 2055 3971 ex

473 4003 748 4055 communi
781 4001 1120 4058 habitatione
1146 4003 1378 4070 oriatur,
1409 4005 1491 4059 vel
1520 4020 1585 4061 ex
1612 4006 1784 4060 animi
1817 4006 2054 4060 instabi-

473 4093 625 4148 litate
653 4094 824 4156 illius,
861 4095 956 4165 qui
991 4096 1324 4151 sententiam
1359 4105 1554 4152 mutet.
1603 4097 1709 4164 Qui
1758 4097 1925 4168 igitur
1964 4113 2054 4152 se-

471 4196 628 4256 parat
653 4201 762 4242 sea
793 4185 1058 4243 fratribus
1093 4189 1162 4243 ob
1193 4189 1607 4255 detrimentum,
1655 4205 1766 4246 non
1807 4192 2052 4247 occultet

469 4279 527 4334 in
555 4279 851 4349 semetipso
881 4294 1132 4346 causam,
1185 4279 1283 4335 sed
1335 4279 1597 4335 damnum
1648 4282 1846 4352 prodat
1888 4282 2049 4351 juxta

469 4371 690 4425 modum
723 4387 756 4425 a
779 4369 1012 4426 Domino
1033 4371 1324 4436 traditum,
1360 4388 1484 4427 cum
1513 4375 1648 4428 dixit
1682 4394 1695 4429 :
1729 4373 1789 4428 Si
1805 4390 2051 4444 peccave-

2181 538 2286 593 ὑπὸ
2312 538 2407 592 τοῦ
2445 541 2792 613 ἰσχυροτέρου
2832 543 2924 595 τὸν
2956 541 3355 614 ἀσθενέστερον.
3398 545 3504 609 Πῶς
3536 548 3580 600 δὲ
3603 551 3670 603 καὶ

2178 630 2300 701 οὐχὶ
2334 631 2542 704 φανερά
2574 634 2827 706 παρακοή
2861 635 2977 687 ἐστι
3019 633 3114 688 τοῦ
3155 635 3485 691 ἀποστολικοῦ
3511 659 3674 712 παραγ-

2177 723 2467 795 γέλματος,
2519 725 2613 778 τοῦ
2653 725 2904 795 λέγοντος
2923 745 2936 758 ·
2991 727 3088 796 Μὴ
3136 727 3208 782 τὰ
3239 728 3449 784 ἑαυτῶν
3483 733 3671 788 ἔκαστοι

2179 815 2290 886 (88)
2324 814 2723 882 σκοποῦντες,
2755 816 2917 871 ἀλλὰ
2945 819 3042 871 καὶ
3083 819 3298 886 ἐτέρων
3318 820 3566 888 Etcum-ct;
3601 832 3676 880 Ao-

2176 909 2399 979 γίζομαι
2429 909 2538 980 γάρ
2571 909 2646 981 μὴ
2681 907 2821 963 εἶναι
2854 911 3078 964 δυνατὸν
3109 914 3169 965 ἐν
3201 916 3265 983 τῇ
3298 913 3530 989 διαιρέσει
3556 918 3676 971 τοῦτο

2176 1000 2609 1073 κατορθωθῆναι,
2645 1002 2875 1056 ἑκάστου
2905 1003 3185 1074 τάγματος
3211 1005 3310 1078 τὴν
3344 1007 3432 1076 μὲν
3462 1008 3579 1080 ὑπὲρ
3597 1009 3678 1062 τῶν

2176 1093 2442 1148 συνόντων
2473 1095 2745 1165 μέριμναν
2778 1095 3223 1167 ίδιοποιουμένου,
3260 1097 3352 1168 τῆς
3388 1098 3439 1152 δὲ
3464 1099 3579 1171 ὑπὲρ
3597 1101 3678 1154 τῶν

2172 1182 2348 1237 ἄλλων
2370 1184 2647 1256 φροντίδος
2679 1184 3110 1258 ἠλλοτριωμένου
3136 1186 3269 1256 (89),
3291 1187 3433 1259 ὅπερ,
3457 1188 3522 1252 ὼς
3547 1185 3678 1255 εἷπον,

2174 1275 2361 1344 σαφῶς
2406 1276 2745 1331 ἐναντιοῦται
2796 1277 2874 1348 τῷ
2927 1279 3269 1350 άποστολικῷ
3304 1280 3676 1350 παραγγέλματι.

2172 1366 2282 1419 Καὶ
2327 1367 2434 1419 τῶν
2463 1369 2522 1421 ὲν
2570 1371 2688 1431 ταῖς
2732 1367 3008 1440 Πράξεσιν
3041 1368 3209 1437 ἁγίων
3244 1369 3486 1433 πολλάκις
3525 1387 3681 1441 μαρτυ-

2177 1457 2473 1530 ρουμένων,
2509 1460 2635 1531 περὶ
2668 1453 2744 1514 ὧν
2793 1463 3105 1533 γέγραπται
3158 1461 3293 1532 (90),
3340 1463 3460 1516 ποτὲ
3499 1464 3580 1532 μὲν
3601 1465 3678 1527 ὅτι,

2177 1548 2285 1604 Τοῦ
2324 1548 2598 1618 πλήθους
2645 1551 2765 1604 τῶν
2797 1552 3260 1606 πιστευσάντων
3296 1548 3372 1622 ἦν
3396 1553 3579 1622 καρδία
3606 1553 3681 1608 καί

2173 1637 2346 1707 ψυχὴ
2376 1639 2518 1708 μία·
2567 1640 2699 1693 ποτὲ
2741 1641 2797 1694 δὲ
2825 1641 2929 1708 ὅτι,
2966 1640 3194 1708 Πάντες
3221 1645 3277 1696 οι
3316 1645 3682 1710 πιστεύσαντες

2167 1724 2333 1798 ἦσαν
2364 1729 2464 1783 ἐπὶ
2492 1728 2560 1783 τὸ
2585 1731 2754 1795 αὐτὸ,
2794 1733 2892 1785 καὶ
2921 1731 3091 1802 εἶχον
3117 1732 3349 1787 ἅπαντα
3372 1732 3552 1787 κοινά·
3583 1733 3682 1805 πρό-

2101 1800 2139 1854 Β
2166 1820 2324 1892 δηλον
2357 1822 2440 1875 ὅτι
2477 1821 2701 1894 οὐδεμία
2733 1800 3013 1888 διάστασις
3046 1820 3114 1895 ἦν
3148 1827 3207 1878 ὲν
3253 1827 3361 1889 τοῖς
3395 1827 3554 1891 πᾶσιν,
3589 1800 3683 1879 οίθτε

2169 1912 2226 1964 ὲν
2260 1911 2479 1984 ἐξουσίᾳ
2524 1912 2720 1966 ἑαυτοῦ
2772 1913 2960 1985 διῆγεν
3013 1915 3265 1979 ἕκαστος,
3305 1914 3432 1968 ἀλλὰ
3468 1915 3556 1968 ὑπὸ
3586 1915 3682 1986 μίαν

2167 2004 2263 2058 καὶ
2297 2005 2398 2076 τὴν
2422 2005 2591 2076 αὐτὴν
2613 2007 2663 2059 οἱ
2694 2006 2896 2071 πάντες
2929 2005 3308 2079 ᾠκονομοῢντο
3331 2009 3563 2079 φροντίδα
3579 2025 3590 2038 ·
3616 2008 3684 2060 καὶ

2166 2094 2338 2150 ταῦτα
2372 2097 2430 2149 ἐν
2460 2096 2604 2160 ὅλοις
2641 2098 3102 2169 πεντακισχιλίοις
3133 2098 3226 2152 τὸν
3278 2099 3510 2170 ἀριθμὸν,
3536 2098 3606 2167 ἐφ’
3626 2092 3682 2150 ὧν

2168 2188 2301 2253 ἴσως
2329 2190 2430 2244 οὐκ
2455 2190 2612 2259 ὀλίγα
2641 2187 2711 2262 ἦν
2737 2191 2806 2246 τὰ
2836 2191 2980 2246 κατὰ
3005 2193 3098 2245 τὸν
3124 2192 3453 2265 ἀνθρώπινον
3479 2192 3684 2262 λογισμὸν

2165 2280 2480 2352 ἐμποδίζειν
2525 2282 2788 2336 δοκοῦντα
2827 2286 2893 2354 τῇ
2940 2284 3228 2356 συνάφεια.
3271 2284 3433 2338 Ὅπου
3462 2284 3512 2337 δὲ
3538 2280 3682 2336 τοσοῦ-

2162 2390 2257 2428 τον
2295 2373 2640 2429 ἐλαττοῦνται
2686 2378 2736 2429 οἱ
2769 2375 2892 2430 καθ’
2939 2377 3175 2448 ἑκάστην
3207 2376 3398 2448 κώμην
3424 2374 3685 2446 εὑρισκόμε-

2164 2483 2266 2532 νοι,
2297 2467 2383 2531 τίς
2414 2469 2700 2542 ἐπιτρέπει
2729 2469 2888 2540 λόγος
2914 2471 3192 2525 διεστάναι
3225 2472 3413 2534 αὐτοὺς
3445 2469 3528 2524 ἀπ’
3561 2467 3684 2536 ἀλλή-

2163 2558 2302 2624 λων;
2334 2558 2460 2612 Εἴθε
2489 2561 2545 2614 δὲ
2575 2556 2644 2631 ἦν
2679 2561 2902 2616 δυνατὸν
2931 2562 3006 2634 μὴ
3047 2563 3208 2634 μόνον
3259 2563 3384 2626 τοὺς
3422 2563 3473 2615 ὲν
3501 2564 3558 2633 τῇ
3582 2561 3684 2629 αὐτῇ

2163 2651 2324 2722 κώμῃ
2353 2651 2448 2705 ἐπὶ
2472 2652 2532 2705 τὸ
2555 2652 2688 2706 αὐτὸ
2709 2655 3082 2727 συνηγμένους
3103 2655 3281 2718 οὓτως
3304 2651 3456 2717 εἶναι,
3484 2652 3597 2708 ἀλλὰ
3615 2653 3686 2706 καὶ

2164 2741 2384 2806 πλείους
2422 2743 2808 2818 ἀδελφότητας,
2855 2749 2912 2801 ὲν
2943 2747 3227 2820 διαφόροις
3269 2746 3586 2808 καθεστώσας
3617 2742 3686 2797 τό·

2163 2849 2305 2898 ποις,
2339 2835 2445 2888 ὑπὸ
2483 2839 2584 2908 μιᾷ
2615 2837 2857 2908 φροντίδι
2885 2838 2996 2908 (91)
3031 2839 3141 2893 τῶν
3177 2840 3486 2911 δυναμένων
3520 2841 3686 2905 ἀπροσ-

2162 2924 2356 2990 κλίτως
2403 2928 2498 2981 καὶ
2531 2929 2712 2998 σοφῶς
2745 2933 3051 3002 οἰκονομεῖν
3081 2931 3153 2985 τὰ
3196 2933 3412 2986 πάντων
3442 2933 3493 2985 ὲν
3520 2931 3576 3000 τῇ
3601 2925 3687 2981 ἑνό-

2160 3033 2284 3088 τητι
2325 3020 2421 3073 τοῦ
2457 3021 2769 3093 πνεύματος
2801 3024 2896 3078 καὶ
2925 3023 3005 3095 τῷ
3040 3024 3329 3097 συνδέσμῳ
3374 3026 3469 3098 τῆς
3510 3024 3688 3097 είρήνης

2089 3145 2133 3206 c
2163 3109 2584 3182 οἰκοδομεῖσθαι.

2695 3251 3032 3306 ΕΡΩΤΗΣΙΣ
3075 3254 3219 3322 A'q'.

2235 3341 2377 3411 Περὶ
2411 3341 2530 3396 τῶν
2572 3342 3047 3413 ἀναχωρούντων
3083 3343 3206 3399 ἀπὸ
3245 3343 3633 3415 ἀδελφότητος.

2750 3455 3140 3511 ΑΠΟΚΡΙΣΙΣ.

2230 3548 2372 3612 Τούς
2403 3565 2467 3617 γε
2504 3549 2612 3620 μὴν
2644 3547 2794 3614 ἅπαξ
2832 3548 3454 3623 καθομολογησαμένους
3491 3547 3692 3618 ἀλλήλοις

2158 3641 2258 3713 τὴν
2286 3641 2378 3694 ἐπὶ
2410 3641 2471 3694 τὸ
2497 3641 2631 3694 αὐτὸ
2650 3640 2795 3713 ζωὴν
2829 3641 3136 3714 ἀδιαφόρως
3165 3645 3468 3714 ἀναχωρεῖν
3496 3643 3578 3710 οὐχ
3602 3633 3686 3692 οἷόν

2157 3749 2215 3786 τε
2235 3750 2248 3763 ·
2277 3734 2412 3788 διότι
2439 3733 2500 3787 τὸ
2529 3734 2603 3806 μὴ
2632 3734 2914 3804 ἐπιμένειν
2932 3737 3046 3799 τοῖς
3076 3735 3421 3808 δεδογμένοις
3440 3735 3524 3790 δύο
3548 3732 3689 3792 αἰτίας

2157 3824 2290 3896 ἔχει,
2321 3824 2354 3897 ἢ
2386 3824 2482 3896 τὴν
2510 3825 2574 3877 ἐκ
2609 3823 2709 3894 τῆς
2749 3827 3114 3896 συνοικήσεως
3144 3826 3373 3898 βλάϐην,
3402 3828 3433 3897 ἦ
3478 3825 3532 3878 τὸ
3557 3826 3687 3878 ἄστα-

2155 3935 2246 3971 τον
2289 3916 2390 3986 τῆς
2441 3915 2666 3988 γνώμης
2701 3916 2794 3970 τοῦ
2840 3917 3318 3989 μεταϐαλλομένου
3368 3917 3494 3988 (9‘2).
3537 3916 3587 3968 '0
3615 3913 3690 3985 μὲν

2153 4005 2247 4066 οὗν
2289 4007 2381 4063 διὰ
2412 4008 2472 4062 τὸ
2520 4008 2851 4079 βλάπτεσθαι
2907 4009 3313 4082 ἀποσπώμενος
3366 4007 3586 4078 ἀδελφῶν
3629 4004 3687 4076 μὴ

2153 4103 2447 4175 κρυπτέτω
2496 4101 2620 4156 καθ’
2662 4103 2852 4156 ἑαυτὸν
2898 4103 2999 4175 τὴν
3051 4105 3257 4172 αἰτίαν,
3309 4105 3422 4159 ἀλλ’
3470 4099 3690 4170 ἐλεγχέτω

2152 4195 2251 4265 τὴν
2282 4192 2506 4263 βλάϐην,
2540 4192 2683 4246 κατὰ
2725 4193 2816 4246 τὸν
2848 4193 3048 4264 τρόπον
3074 4194 3166 4247 τὸν
3200 4196 3355 4266 παρὰ
3394 4192 3480 4247 τοῦ
3525 4187 3690 4255 Κυρίου

2153 4284 2547 4357 παραδοθέντα,
2595 4284 2876 4349 εἰπόντος’
2933 4285 3073 4340 Ἐὰν
3119 4287 3360 4356 ἁμάρτῃ
3395 4289 3426 4340 ό
3472 4281 3689 4349 ἀδελφός

2153 4392 2289 4442 σου,
2312 4377 2524 4447 ὕπαγε,
2549 4377 2801 4446 ἔλεγξον
2821 4379 3009 4433 αὑτὸν
3027 4380 3262 4449 μεταξὺ
3282 4381 3398 4435 σοῦ
3424 4379 3515 4431 καί
3540 4369 3688 4428 αὐτοῦ

467 4463 537 4516 rit
559 4463 729 4533 frater
755 4473 898 4522 tuus,
917 4463 1070 4527 uade,
1103 4466 1306 4533 corripe
1336 4465 1508 4533 ipsum
1531 4467 1669 4520 inter
1699 4477 1747 4520 te
1781 4479 1833 4520 et
1873 4468 2046 4536 ipsum

2157 4469 2361 4534 μόνου,
2402 4469 2498 4522 καὶ
2527 4468 2597 4522 τὰ
2623 4467 2772 4538 ἑξῆς.
2808 4469 2917 4524 Καὶ
2947 4469 3042 4523 ἐὰν
3085 4471 3189 4540 μὲν
3223 4468 3486 4541 διορθωθῇ
3518 4464 3571 4518 τὸ
3596 4464 3688 4514 ἐπι-

467 4554 710 4620 solum,”
737 4563 844 4610 etc.
880 4553 945 4609 Et
972 4555 1193 4626 quidem
1223 4556 1270 4612 si
1305 4556 1357 4610 id
1394 4557 1542 4627 quod
1565 4559 1826 4628 postulat,
1848 4573 2039 4614 emen-

462 4647 658 4713 detur,
689 4654 743 4704 et
774 4645 1230 4704 fratreslucratus
1262 4655 1366 4710 est,
1389 4663 1490 4705 nec
1521 4649 1766 4719 ipsorum
1789 4650 2026 4706 societa-

532 4796 580 4828 ⁸⁸
618 4793 853 4867 Philipp.
889 4812 949 4861 ιι,
983 4795 1038 4851 4.
1115 4795 1162 4827 ⁸⁷
1202 4795 1325 4851 Act.
1362 4810 1438 4860 tv,
1472 4793 1562 4850 52.
1639 4795 1684 4827 ³⁸
1723 4793 1841 4850 Act.
1879 4813 1947 4862 ιι,
1984 4777 2074 4852 AM.

461 4935 660 5018 legitur
685 4933 842 5018 ἱἘέν
871 4935 1028 5018 τρῦτο
1049 4935 1244 5016 ποιῶσι
1274 4934 1915 5018 άμφότεροικάμφότεροι
1940 4954 2039 5018 ut?

461 5002 615 5078 παρὰ
771 5005 961 5076 Κυρίῳ
1015 5005 1108 5058 τοῦ
1141 5002 1403 5078 στεφάνου
1451 5002 1951 5078 τῆς-δόξηςεγτοῖς
1979 5007 2037 5060 δὲ

461 5075 598 5130 πᾶσι
624 5075 689 5148 τυ
696 5093 784 5128 ποι
805 5075 1132 5148 γενήσονται
1148 5077 1264 5148 καὶᾲ
1274 5075 1456 5129 κανὼν
1467 5075 1696 5148 ᾲάγάπης
1712 5075 1820 5128 καὶ
1845 5093 2038 5129 ταπει-

460 5143 831 5217 νοφροσύνηςλ
869 5143 935 5199 Ei
973 5145 1029 5199 δὲ
1074 5146 1188 5209 τόν,
1226 5143 1285 5200 Si
1318 5147 1414 5201 hoc
1449 5146 1629 5217 fecerit
1653 5143 1922 5214 'uterque,
1978 5156 2035 5200 ut

459 5216 745 5271 donabitur
771 5225 989 5286 uterque
1018 5234 1049 5270 a
1081 5217 1306 5272 Domino
1330 5233 1524 5270 corona
1560 5216 1766 5287 gloriae,
1807 5219 1883 5269 ita
1916 5233 2033 5269 om-

461 5289 613 5358 nibus
643 5296 724 5341 est
754 5287 929 5356 forma
957 5289 1238 5358 regumque
1280 5288 1560 5341 charitatis
1597 5297 1645 5340 ct
1686 5287 2032 5341 humilitatis.

461 5357 519 5411 ιιι
548 5357 752 5428 Graecis
779 5358 984 5428 aliquid
1016 5357 1210 5413 deesse
1233 5373 1393 5412 nemo
1421 5375 1530 5413 non
1563 5358 1728 5411 videt.

529 5428 640 5492 (88)
681 5426 906 5484 Veteres
936 5428 1047 5486 duo
1075 5428 1199 5483 libri
1231 5429 1480 5492 ἕκαστος.
1510 5467 1524 5481 .
1552 5468 1566 5481 .
1593 5470 1607 5484 .
1639 5428 1889 5490 ἕκαστος.

529 5429 619 5489 (88
681 5429 906 5484 Veteres
936 5429 1047 5486 duo
1075 5429 1199 5483 libri
1231 5429 1480 5492 ἕκαστος.
1510 5467 1524 5481 .
1552 5468 1566 5481 .
1593 5470 1607 5484 .
1639 5429 1889 5490 ἕκαστος.

525 5429 640 5573 (89)
679 5497 813 5572 Reg.
853 5500 1063 5570 primus
1122 5499 1364 5554 secunda
1415 5515 1582 5555 manu
1642 5498 2029 5569 ἀλλοτριουμὲ-

455 5583 569 5622 νου.

527 5639 642 5709 (90)
682 5636 961 5697 Editiones
993 5651 1203 5695 veteres
1231 5650 1286 5694 et
1320 5639 1430 5694 duo
1460 5636 1596 5709 mss.
1621 5639 1688 5691 δι’
1718 5630 1812 5702 ὧν,
1850 5654 2033 5709 per_ea

453 5703 806 5792 qrugjcripta
844 5723 984 5772 sunt.
1033 5711 1166 5785 Reg.
1209 5712 1420 5782 primus
1459 5720 1511 5766 et
1553 5707 1712 5782 voss.
1761 5703 1888 5780 περὶ
1933 5703 2031 5777 ὧν,

453 5790 682 5839 πεοιιιιε.

2148 4557 2480 4628 ζητούμενον
2505 4561 2634 4630 παρ’
2670 4558 2859 4622 αὐτοῦ,
2902 4559 3030 4625 τούς
3056 4578 3114 4614 τε
3141 4561 3409 4631 ἀδελφοὺς
3450 4555 3686 4627 ἐκέρδηΰεν

2148 4650 2244 4704 καὶ
2267 4651 2369 4722 τὴν
2397 4650 2683 4706 κοινωνίαν
2710 4650 2891 4705 αὐτῶν
2915 4651 3016 4706 οὐκ
3055 4652 3318 4722 ἀτιμάζει
3338 4669 3350 4682 ·
3399 4650 3490 4704 ἐὰν
3518 4647 3569 4699 δὲ.
3590 4645 3687 4696 ἑτι·

2149 4797 2195 4829 θ’
2235 4794 2430 4851 Matth.
2467 4810 2640 4860 xvm,
2678 4795 2764 4850 15.

2217 4933 2330 5004 (91')
2360 4934 2546 5008 decx
2577 4935 2730 5008 Colb.
2761 4935 2889 5008 μίαν
2910 4935 3194 5008 φροντίδα.
3231 4934 3434 4989 Ibidem
3459 4932 3686 5008 editiones

2147 5000 2360 5076 veteres
2391 5005 2556 5076 Basil.
2585 5015 2640 5060 et
2686 5000 2861 5076 Paris.
2894 5000 3321 5076 ἀπροσκόπτως,
3350 5008 3460 5058 sine
3501 5000 3686 5072 offendi-

2145 5077 2285 5131 cula.
2314 5075 2492 5130 Editio
2517 5075 2648 5129 Ven.
2675 5086 2730 5130 ct
2761 5075 2919 5131 Voss.
2941 5075 3066 5130 cum
3094 5087 3338 5144 quatuor
3365 5077 3483 5131 aliis
3518 5076 3687 5144 ἀπίης·

2144 5146 2390 5217 κλῄτωςο
2438 5146 2584 5215 quod
2634 5161 2741 5200 nou
2793 5147 2966 5216 probo
2997 5146 3258 5217 quidem,
3327 5147 3422 5202 sed
3453 5147 3552 5200 tale
3591 5154 3685 5216 esse

2139 5216 2366 5285 judico,
2392 5225 2461 5288 _ut
2505 5233 2573 5271 ex
2623 5232 2689 5272 co
2733 5225 2874 5271 'vera
2917 5216 3194 5288 scriptura
3255 5217 3415 5272 facile
3465 5223 3684 5285 cognosc:

2144 5288 2336 5357 possit.
2384 5286 2665 5357 Suspicari
2705 5288 2852 5341 enim
2887 5286 3204 5359 promptum
3242 5301 3322 5344 est
3344 5331 3358 5352 ,
3394 5303 3490 5358 pro
3518 5290 3686 5359 ἀπροσ-

2132 5359 2346 5428 κλήτως
2377 5359 2676 5429 legendum
2720 5357 3135 5428 ἀπροσκλίτως,
3182 5361 3302 5413 sine
3339 5357 3449 5412 ulla
3479 5357 3682 5429 Vinctum-

2131 5426 2271 5499 tione
2302 5426 2591 5499 voluntatis
2615 5430 2667 5481 in
2711 5426 3044 5497 quamquam.
3084 5429 3154 5483 Ea
3187 5431 3259 5484 dc
3305 5446 3364 5485 rc
3394 5426 3685 5499 judicabmll

2127 5498 2355 5622 crudéti.
2393 5499 2449 5553 In
2484 5498 2589 5554 fine
2620 5500 2829 5570 periodi
2874 5499 3009 5571 Reg.
3035 5502 3272 5572 primus
3309 5498 3472 5555 habet
3512 5499 3685 5549 οἰκονο-

2135 5586 2261 5622 μεισ
2299 5587 2377 5622 αι.

2178 5586 2377 5631 εισιιαι.

2209 5587 2377 5624 cacat.

2134 5587 2316 5750 μῗῖθὲ)
2370 5637 2596 5765 Vcltcrcs
2626 5641 2735 5698 duo
2783 5640 2908 5698 libri
2959 5655 3084 5698 cum
3116 5640 3258 5699 Voss
3329 5635 3683 5714 μεταϐουὶενον

2137 5728 2318 5765 usam».
2349 5726 2433 5765 ma
2459 5727 2508 5765 c.

2135 5726 2318 5783 μενοι»,
2349 5726 2508 5767 male.
