3948 6240
241 333 380 390 101⁸5

1362 333 1669 391 REGULAS
1707 332 1960 388 FUSIUS
1996 332 2427 390 T.1{AGIAT.-E..

3365 335 3497 392 10H

237 450 531 523 ορθοῦμεν,
562 447 694 501 ὅταν
737 451 822 518 ἐφ’
855 450 1058 521 ἑκάστῃ
1107 451 1368 524 ἐνεργείᾳ.
1401 456 1502 524 τήν
1535 471 1593 507 τε
1621 455 1831 507 εὐοδίαν

1954 469 2036 508 ωε
2063 469 2378 520 avocamus,
2409 470 2533 510 cum
2566 456 2619 509 in
2652 457 2891 527 qualibet
2923 455 3135 518 actione
3154 469 3184 509 a
3208 453 3316 511 Deo
3334 471 3501 524 expo-

241 546 342 615 τῆς
382 541 663 613 ἐργασίας
709 543 858 616 παρά
895 543 1027 596 Θεοῦ
1064 543 1326 617 αἰτῶμεν,
1360 549 1454 600 καὶ
1483 547 1581 619 τὴν
1613 549 1832 619 εὐχαρι-

245 637 401 692 στίαν
446 633 526 704 τῷ
559 633 829 690 δεδωκότι
876 636 937 689 τὸ
982 640 1225 709 ἐνεργεῖν
1268 641 1699 712 ἀποπληρῶμεν,
1740 642 1833 695 καὶ

249 727 343 781 τὸν
376 726 578 780 σκοπὸν
601 729 707 798 τῆς
743 729 880 798 πρδς
908 730 1070 783 αὑτὸν
1101 732 1514 803 εὐαρεστήσεως
1531 733 1606 806 (9)
1632 734 1836 804 φυλάσ-

253 836 462 890 σωμεν,
490 818 646 873 καθὰ
675 820 1024 891 προείρηται.
1057 822 1229 888 Ἐπεὶ,
1255 825 1301 875 εἰ
1337 825 1411 896 μὴ
1438 823 1610 879 ταῦτα
1647 824 1834 878 τοῦτον

251 914 364 982 ἔχει
389 911 480 964 τὸν
520 913 750 978 τρόπον,
797 913 913 976 πῶς
949 913 1172 967 δύναται
1208 915 1527 985 συμϐαίνειν
1583 915 1832 988 ἀλλήλοις

249 1006 321 1058 τά
342 1003 449 1056 ὑπὸ
463 1001 565 1057 τοῦ
594 1005 914 1058 Ἀποστόλου
936 1008 1220 1078 εἰρημένα,
1244 1009 1305 1060 τό
1326 1025 1384 1061 τε
1422 1008 1833 1075 Ἀδιαλείπτως

252 1096 699 1166 προσεύχεσθε,
735 1099 830 1150 καὶ
861 1098 942 1164 τὸ,
975 1101 1175 1154 Νύκτα
1207 1100 1304 1153 καί
1326 1099 1552 1170 ἡμέραν
1603 1100 1838 1170 ἐργαζό·

247 1206 425 1259 μενοι
446 1204 463 1251 ;
482 1190 561 1241 Οὐ
587 1190 692 1260 μὴν
718 1190 905 1262 ἐπειδὴ
931 1193 961 1262 ὴ
993 1191 1103 1262 (l0)
1127 1194 1184 1245 ἐν
1211 1193 1378 1246 παντὶ
1403 1191 1581 1263 καιρῷ
1612 1193 1837 1263 εὐχαρι-

256 1282 382 1334 στία
412 1283 514 1336 καὶ
542 1282 694 1353 νόμῳ
725 1283 1150 1354 προστέτακται,
1174 1285 1267 1337 καὶ
1290 1285 1562 1351 ἀναγκαία
1585 1286 1616 1354 ή
1627 1283 1742 1352 μῶν
1769 1286 1835 1354 τῇ

257 1376 372 1446 ζωῇ
404 1375 689 1430 δέδεικται.
715 1378 859 1432 κατὰ
888 1395 946 1430 τε
973 1379 1134 1448 φύσιν
1164 1379 1256 1431 καὶ
1280 1377 1459 1446 λόγον,
1496 1377 1838 1450 παρορᾶσθαι

255 1469 340 1521 δεῖ
371 1468 503 1530 τοῦς
544 1469 1055 1540 διατετυπωμένους
1105 1469 1329 1542 καιροὺς
1373 1469 1480 1523 τῶν
1522 1469 1840 1540 προσευχῶν

259 1561 321 1611 ἐν
383 1560 510 1622 ταῖς
558 1559 936 1632 ἀδελφότησιν,
965 1560 1059 1625 οὓς
1091 1563 1406 1630 ἀναγκαίως
1456 1562 1838 1633 ἐξελεξάμεθα,

259 1649 511 1703 ἑκάστοτε
560 1649 694 1705 ἰδίαν
746 1653 867 1706 τινὰ
903 1653 1210 1724 ὑπόμνησιν
1242 1655 1350 1707 τῶν
1382 1655 1534 1726 παρά
1585 1655 1678 1708 τοῦ
1706 1656 1840 1708 Θεοῦ

258 1739 490 1808 ἀγαθῶν
517 1739 752 1812 ἔχοντος·
778 1743 867 1796 τὸν
899 1743 999 1816 μὲν
1027 1745 1136 1815 (11)
1155 1744 1371 1817 ὄρθρον,
1411 1746 1633 1801 ὥστετά
1652 1747 1844 1820 πρῶτα

260 1827 548 1898 κινήματα
582 1829 685 1900 τῆς
719 1830 916 1904 ψυχῆς,
947 1834 1042 1886 καί
1067 1833 1162 1887 τοῦ
1211 1835 1323 1900 νοῦ,
1347 1835 1674 1906 ἀναθήματα
1705 1832 1843 1890 εἶναι

260 1919 425 1985 Θεοῦ,
461 1922 560 1974 καὶ
587 1923 750 1994 μηδὲν
789 1924 975 1997 ἕτερον
1019 1927 1426 2003 ἀναλαμϐάνειν
1459 1929 1538 1992 εἰς
1569 1929 1842 2001 φροντίδα,

260 2013 396 2084 πρὶν
427 2013 462 2084 ἢ
495 2016 564 2086 τῇ
595 2014 746 2086 παρὰ
775 2016 911 2070 Θεοῦ
941 2019 1124 2090 ἐννοίᾳ
1171 2021 1622 2092 ἐνευφρανθῆναι,
1665 2022 1845 2086 καθὼς

260 2108 574 2179 γέγραπται
606 2109 742 2180 (12)·
777 2110 1125 2179 Ἐμνήσθην
1138 2112 1243 2166 τοῦ
1263 2113 1546 2177 Θεοῦ,καὶ
1573 2113 1844 2182 ηὐφράν-

260 2205 398 2268 θην·
442 2198 580 2270 μηδέ
619 2198 778 2271 σῶμα
806 2201 1028 2273 κινῆσαι
1062 2203 1198 2275 πρὸς
1232 2205 1512 2276 ἐργασίαν,
1545 2206 1846 2277 πρὶνποιῆ-

264 2311 359 2346 σαι
383 2293 447 2346 τὸ
477 2293 787 2364 εἰρημένον,
837 2294 919 2348 ὅτι
970 2295 1126 2363 Πρὸς
1155 2295 1229 2348 σὲ
1266 2297 1694 2368 προσεύξομαι,
1726 2299 1848 2353 Κύ-

254 2403 372 2453 prs“
398 2386 499 2438 καὶ
528 2385 597 2438 τὸ
635 2384 787 2453 πρωὶ
839 2388 1174 2455 εἰσακούσῃ
1211 2387 1322 2455 τῆς
1355 2389 1561 2458 φωνῆς
1611 2408 1751 2459 μου·
1778 2391 1846 2445 τὸ

263 2475 414 2544 πρωὶ
441 2475 911 2543 παραστήσομαι
932 2490 1052 2540 σοι,
1089 2475 1186 2528 καὶ
1214 2476 1516 2546 ἐπόψομαι
1570 2477 1705 2548 (1:5)-
1740 2478 1846 2531 πά-

262 2567 351 2618 λιν
383 2565 440 2619 δὲ
469 2565 612 2620 κατὰ
637 2565 735 2636 τὴν
774 2564 964 2636 τρίτην
991 2564 1140 2637 ὥραν
1178 2567 1258 2629 είς
1283 2567 1381 2638 τὴν
1412 2569 1719 2639 προσευχὴν
1755 2569 1848 2622 ἀν·

267 2657 552 2723 ίστασθαι,
579 2657 674 2711 καὶ
702 2658 1054 2726 ὲπισυνάγειν
1081 2658 1181 2729 τὴν
1211 2659 1570 2730 ἀδελφότητα,
1598 2660 1704 2714 κᾶν
1753 2661 1849 2714 τύ-

265 2765 438 2820 χωσιν
461 2743 610 2803 ἄλλοι
630 2749 767 2819 πρὸς
798 2747 935 2804 ἄλλα
963 2749 1101 2820 ἔργα
1137 2749 1555 2822 μεμερισμένοι·
1589 2751 1684 2804 καὶ
1718 2751 1850 2804 ὑπο-

271 2839 616 2911 μνησθέντας
648 2841 748 2912 τῆς
774 2840 868 2894 τοῦ
912 2842 1228 2912 Πνεύματος
1283 2842 1511 2914 δωρεᾶς,
1554 2843 1654 2914 τῆς
1707 2842 1849 2897 κατά

265 2932 367 3003 τὴν
386 2933 580 3004 τρίτην
609 2930 761 3004 ὥραν
789 2934 904 2997 τοῖς
932 2934 1248 2998 ἀποστόλοις
1275 2933 1582 3006 δεδομένης,
1610 2951 1850 3007 προσκυ-

265 3027 428 3098 νῆσαι
462 3025 674 3090 πάντας
722 3026 1083 3098 ὁμοθυμαδὸν,
1131 3029 1211 3091 είς
1257 3025 1319 3079 τὸ
1350 3026 1536 3094 ἀξίους
1595 3026 1861 3096 γενέσθαι·

266 3123 364 3176 καί
385 3121 587 3184 αὐτοὺς
614 3121 715 3190 τῆς
748 3121 1015 3191 ὑποδοχῆς
1042 3119 1136 3173 τοῦ
1176 3119 1449 3190 ἀγιασμοῦ
1467 3161 1482 3186 ,
1514 3119 1609 3174 καὶ⁵
1635 3120 1850 3173 αἰτοῦν-

267 3231 369 3278 τας
389 3214 490 3285 τὴν
518 3215 650 3285 παρ’
678 3212 842 3266 αὐτοῦ
877 3213 1098 3282 ὁδηγίαν
1126 3214 1220 3267 καὶ
1244 3213 1595 3268 διδασκαλίαν
1625 3212 1760 3284 πρὸς
1795 3211 1855 3266 τὸ

271 3306 592 3376 συμφέρον,
653 3302 796 3357 κατά
840 3303 932 3357 τὸν
980 3303 1236 3357 εἰπόντα⁹
1287 3302 1553 3371 Καρδίαν
1590 3301 1856 3370 καθαρὰν

271 3396 490 3449 κτίσον
519 3396 592 3448 ἐν
625 3394 755 3464 ἐμοὶ
780 3436 796 3460 ,
853 3398 886 3448 ὁ
920 3395 1062 3460 Θεὸς
1089 3436 1102 3457 ,
1144 3393 1242 3448 καὶ
1292 3393 1528 3462 πνεῦμα
1558 3393 1730 3459 εὺθὲς
1762 3393 1855 3464 ἐγ-

270 3488 558 3540 καίνισον
602 3487 672 3539 ἐν
700 3485 822 3551 τοῖς
868 3485 1139 3552 ἑτκάτοις
1183 3503 1302 3555 μου
1323 3501 1336 3515 °
1379 3484 1466 3554 μὴ
1512 3485 1858 3554 ἀπορῤἱψῃς

266 3595 346 3647 με
377 3578 501 3633 ἀπὸ
529 3578 637 3632 τοῦ
663 3578 988 3646 προσώπου
1027 3594 1178 3642 σου,
1216 3577 1312 3631 καὶ
1355 3576 1421 3630 τὸ
1459 3576 1701 3646 Πνεῦμά
1738 3591 1856 3631 σου

1937 546 2145 599 scimus
2173 555 2228 600 et
2262 548 2475 602 felicem
2510 547 2694 616 operis
2718 561 3054 611 successum,
3095 545 3227 600 etei
3267 545 3498 615 qni'vim

1935 633 2131 702 agendi
2163 635 2482 704 impertivit,
2511 636 2862 705 rependimus
2887 635 3114 706 gratias,
3145 649 3399 704 cumque,
3422 636 3500 690 uti

1936 729 2093 775 antea
2128 722 2357 787 dictum,
2390 725 2728 795 propositum
2769 723 2818 777 ei
2850 724 3095 793 placendi
3139 723 3503 778 custodimus.

1936 813 2148 870 Etenim
2179 817 2288 872 nisi
2324 818 2440 873 haec
2468 820 2540 872 ita
2582 833 2640 873 se
2661 817 2918 881 habeant,
2942 818 3035 887 qui
3071 817 3187 871 fieri
3223 824 3422 887 potest,
3445 824 3503 869 ut

1936 905 2246 962 cohaereant
2279 908 2420 961 inter
2454 923 2512 962 se
2546 924 2667 978 qua:
2703 908 2771 961 ab
2801 905 3058 976 Apostolo
3087 906 3231 960 dicta
3271 914 3418 968 sunt,
3449 915 3504 959 et

1936 999 2066 1055 illud
2112 998 2386 1062 videlicet,
2419 998 2542 1053 Sine
2591 998 2976 1052 intermissione
3005 1006 3149 1050 orate
3171 997 3192 1028 "
3219 1015 3230 1050 :
3253 1004 3307 1052 et
3349 996 3503 1063 illud,

1942 1092 2111 1147 Nocte
2138 1101 2186 1145 et
2217 1091 2300 1144 die
2329 1101 2602 1161 operante:
2631 1089 2686 1142 ⁸⁸3
2710 1089 2894 1160 Neque
2916 1105 3064 1152 vero,
3096 1090 3351 1159 quoniam
3379 1104 3514 1162 gra—

1938 1187 2136 1240 tiarum
2183 1184 2331 1238 actio
2381 1183 2498 1253 lege
2547 1181 2712 1236 etiam
2742 1188 3010 1251 praecepta
3061 1189 3145 1235 est
3186 1180 3332 1234 omni
3371 1188 3522 1234 tem--

1937 1291 2090 1346 pore,
2123 1289 2354 1344 eamque
2388 1275 2512 1327 vita:
2545 1280 2750 1327 nostrae
2792 1271 3160 1326 necessariam
3191 1284 3314 1324 esse
3355 1277 3409 1324 et
3442 1284 3507 1322 ex

1941 1377 2135 1423 natura
2166 1377 2221 1421 et
2250 1382 2318 1423 ex
2358 1367 2572 1421 ratione
2623 1370 3117 1419 commonstratum
3165 1369 3270 1425 est,
3304 1359 3509 1415 idcirco

1941 1467 2157 1528 Oportet
2204 1456 2584 1528 precationum
2623 1463 2882 1524 tempora,
2918 1452 2972 1506 in
3002 1451 3229 1506 fratrum
3275 1464 3509 1505 conven-

1941 1551 2090 1606 tibus
2130 1547 2430 1604 constituta
2461 1546 2758 1617 negligere,
2808 1558 2930 1614 quae
2959 1542 3272 1598 necessario
3307 1541 3512 1611 delegi-

1942 1658 2086 1706 mus,
2127 1639 2274 1712 quod
2318 1653 2510 1695 eorum
2541 1637 2825 1708 quodlibet
2860 1643 3081 1705 accepta
3111 1649 3142 1686 a
3170 1632 3280 1688 Deo
3306 1630 3509 1686 benefi—

1944 1737 2028 1791 cia
2063 1734 2330 1806 singulari
2370 1732 2609 1802 quodam
2654 1731 2816 1786 modo
2839 1731 2894 1785 in
2923 1727 3242 1785 memoriam
3273 1734 3507 1782 revocet.

1871 1803 1919 1861 Β
1948 1803 2268 1884 Matutinum
2313 1827 2558 1898 quidem,
2599 1835 2659 1880 ut
2711 1824 2881 1878 animi
2940 1838 3005 1877 ac
3053 1821 3254 1877 mentis
3311 1827 3515 1875 nostra:

1945 1922 2108 1994 primi
2139 1929 2320 1976 motus
2340 1918 2451 1973 Deo
2482 1924 2901 1980 consecrentur,
2940 1925 2995 1969 et
3026 1913 3161 1968 nihil
3190 1911 3338 1967 aliud
3361 1911 3514 1981 prius

1946 2012 2248 2069 curandum
2292 2010 2685 2080 suscipiamus,
2717 2021 2882 2079 quam
2922 2003 3212 2060 exhilarati
3252 2003 3514 2058 fuerimus

1945 2105 2042 2162 Dei
2064 2103 2418 2175 cogitatione,
2453 2103 2600 2156 sicut
2624 2101 2889 2170 scriptum
2917 2104 3002 2152 est
3029 2115 3042 2152 :
3067 2095 3273 2150 Memor
3291 2095 3369 2163 fui
3396 2093 3512 2158 Dei,

1945 2207 1995 2251 et
2029 2195 2320 2250 delectatus
2371 2193 2529 2248 sumo
2565 2211 2578 2246 :
2609 2205 2783 2261 neque
2829 2203 3027 2258 corpus
3064 2195 3190 2242 ante
3232 2187 3514 2241 admovea-

1945 2296 2038 2341 tur
2062 2285 2237 2357 operi,
2277 2297 2440 2354 quam
2479 2279 2825 2336 effecerimus
2864 2276 3010 2347 quod
3040 2276 3244 2330 dictum
3279 2281 3362 2329 est
3392 2292 3403 2326 :
3433 2274 3516 2326 Ad

1951 2389 1997 2434 te
2021 2379 2206 2441 orabo,
2232 2375 2490 2436 Domine;
2513 2388 2667 2426 mane
2686 2370 2934 2424 exaudies
2957 2384 3128 2423 vocem
3146 2383 3334 2422 meam.
3361 2363 3519 2420 Hane

1949 2469 2133 2524 astabo
2176 2467 2292 2533 tibi,
2325 2474 2376 2520 et
2427 2463 2606 2518 videbo
2630 2464 2693 2514 ‘°.
2728 2458 2940 2516 Rursus
2982 2473 3112 2515 vero
3168 2457 3328 2513 tertia
3385 2457 3519 2509 hora

1950 2568 2209 2632 surgatur
2251 2559 2318 2613 ad
2364 2555 2724 2628 precandum,
2779 2553 3084 2622 fratresque
3130 2556 3521 2609 convocentur,

1949 2649 2164 2710 etiamsi
2198 2649 2362 2704 divisi
2407 2647 2502 2701 alii
2543 2645 2666 2700 aliis
2709 2643 2968 2714 operibus
2995 2639 3200 2696 fuerint
3233 2635 3520 2705 occupati;

1949 2751 2004 2796 et
2035 2741 2110 2795 ita
2142 2737 2378 2810 Spiritus
2418 2734 2621 2791 donum
2652 2734 2799 2788 circa
2829 2731 3047 2786 tertiam
3083 2729 3271 2783 horam
3301 2731 3523 2794 aposto-

1950 2833 2022 2888 lis
2066 2831 2326 2887 collatum
2361 2829 2418 2883 in
2465 2825 2786 2882 memoriam
2819 2823 3155 2893 redigentes,
3195 2831 3384 2873 omnes
3416 2830 3526 2869 uno

1951 2924 2254 2995 eodemque
2288 2921 2475 2977 animo
2505 2919 2658 2974 illum
2687 2923 3037 2978 venerentur,
3085 2919 3145 2966 ut
3173 2909 3276 2981 ipsi
3309 2923 3526 2979 quoque

1952 3017 2084 3073 ﬁant
2118 3013 2293 3086 digni,
2321 3011 2526 3084 quibus
2567 3008 2834 3065 sanctitas
2876 3004 3213 3067 conferatur,
3257 3000 3528 3070 simulque

1956 3118 2164 3182 petant,
2197 3115 2259 3163 ut
2302 3107 2413 3162 dux
2464 3105 2536 3160 sit
2572 3101 2806 3164 itineris,
2841 3114 2903 3154 ac
2931 3115 2995 3154 ea
3025 3113 3144 3169 quae
3177 3095 3332 3152 utilia
3376 3101 3526 3157 sunt,

1956 3201 2204 3264 edoceat,
2245 3198 2402 3269 juxta
2447 3209 2595 3260 eum,
2630 3193 2724 3264 qui
2753 3193 2931 3247 dixit:
2966 3189 3071 3246 Cor
3119 3186 3372 3241 mundum
3410 3201 3530 3238 crea

1956 3296 2013 3350 in
2042 3310 2144 3358 me,
2179 3291 2340 3355 Deus,
2366 3299 2416 3344 et
2447 3288 2696 3357 spiritum
2733 3295 2929 3339 rectum
2955 3285 3144 3337 innova
3177 3281 3228 3333 in
3249 3277 3545 3334 uisceribus.

1959 3389 2112 3443 meis.
2151 3383 2234 3439 Ne
2259 3382 2512 3455 projicias
2548 3396 2627 3433 me
2671 3397 2701 3432 α
2726 3378 2862 3448 facie
2893 3387 3004 3438 tua,
3035 3383 3085 3428 et
3116 3372 3372 3441 Spiritum
3403 3385 3530 3423 san-

1960 3487 2102 3532 ctum
2153 3485 2300 3530 tuum
2337 3491 2399 3530 ne
2442 3471 2659 3540 auferas
2692 3487 2722 3522 a
2770 3483 2870 3522 me.
2908 3463 3080 3519 Redde
3126 3462 3251 3516 mihi
3287 3460 3530 3540 lwtitiam

1960 3569 2216 3626 salutaris
2248 3565 2345 3629 tui,
2377 3572 2426 3618 et
2456 3539 2646 3630 spiritu
2674 3557 2956 3627 principali
2983 3555 3240 3622 conﬁrma
3268 3566 3348 3604 me
3372 3539 3440 3602 ¹¹.’
3467 3546 3544 3600 Et.

274 3645 341 3723 τὸ
390 3669 566 3741 ἅγιον
621 3645 714 3739 ui),
752 3669 1096 3736 ἀντανέλῃς
1129 3669 1229 3722 ἀπ’
1268 3668 1433 3738 ἐμοῦο
1494 3645 1720 3734 ἀπόδος
1753 3685 1848 3738 μοι

1963 3661 2094 3716 alibi
2123 3678 2137 3714 :
2165 3657 2400 3728 Spiritus
2435 3664 2554 3708 tuus
2587 3652 2750 3704 bonus
2779 3648 2995 3703 deducet
3029 3662 3107 3699 me
3135 3645 3191 3698 in
3223 3653 3415 3696 terram
3451 3655 3532 3692 re—

272 3763 390 3830 τὴν
412 3762 782 3832 ἀγαλλίασιν
820 3759 925 3812 τοῦ
971 3761 1267 3827 σωτηρίου
1313 3774 1488 3823 σου,
1519 3758 1618 3812 καὶ
1668 3760 1853 3813 πνεύ-

1963 3764 2103 3810 ctam
2129 3753 2194 3804 ".
2233 3748 2434 3818 Sicque
2460 3760 2656 3800 rursus
2699 3741 3082 3797 incumbamus
3114 3735 3393 3807 operibus.

268 3824 412 3922 μάτι
461 3824 798 3923 ἦγεμανικῷ
846 3824 1144 3918 στ’ωιξόνί
1164 3865 1282 3919 με’
1335 3851 1428 3904 καὶ
1492 3848 1762 3919 ἀλλαχοῦ·
1823 3847 1894 3904 Τὸ
1930 3841 2173 3915 Πνεῦμὰ
2205 3856 2319 3896 σου
2368 3837 2435 3892 τὸ
2471 3836 2694 3907 ἀγαθὸν
2738 3832 3023 3902 ὁδηγήσει
3064 3848 3139 3900 με
3186 3829 3254 3881 ἐν
3297 3824 3377 3896 γῇ
3433 3825 3532 3878 εὑ-

276 3949 404 4014 θείᾳ
424 3963 439 3976 ·
473 3944 570 3998 καὶ
596 3942 706 4013 (Μ)
735 3941 876 3994 οὕτω
901 3941 1059 3995 πάλιν
1094 3939 1200 3994 τῶν
1231 3939 1405 4009 ἔργων
1443 3940 1682 4011 ἔχεσθαι.

348 4042 408 4098 4.
432 4040 556 4094 Κᾶν
598 4035 930 4110 πορρωτέρω
962 4034 1017 4088 δέ
1052 4052 1152 4089 που
1186 4034 1274 4088 διὰ
1313 4037 1411 4106 τὴν
1457 4035 1566 4089 τῶν
1609 4035 1784 4107 ἔργων
1817 4036 1850 4106 ἢ

275 4133 386 4185 τῶν
433 4131 617 4184 τόπων
659 4129 820 4198 φύσιν
872 4129 1145 4196 διάγοντες
1185 4125 1584 4196 ἀπολειφθῶσι,
1615 4125 1854 4196 πληροῦν

279 4223 594 4293 ἀναγκαίως
635 4221 940 4292 ὀφείλουσιν
979 4223 1095 4274 ἐκεῖ
1126 4221 1329 4274 ἕκαστα
1371 4218 1439 4272 τὰ
1485 4221 1639 4290 κοινῇ
1668 4218 1852 4282 δόξαν·

276 4336 346 4372 τα
367 4357 381 4378 ,
419 4316 587 4388 μηδὲν
614 4314 1013 4388 διακρινόμενοι
1032 4329 1046 4344 ·
1089 4315 1170 4366 ὅτι
1199 4315 1383 4366 Ὅπου
1415 4311 1492 4367 ἂν
1533 4306 1644 4364 ὦσι
1676 4309 1784 4364 δύο
1814 4309 1852 4378 ἦ

279 4411 439 4479 τρεῖς
469 4407 835 4477 συνηγμένοι
861 4446 875 4468 ,
923 4407 1087 4476 φησὶν
1120 4405 1150 4457 ὁ
1191 4404 1424 4476 Κύριος,
1473 4405 1559 4468 εἰς
1608 4401 1672 4456 τὸ
1711 4401 1858 4471 ἐμὸν

281 4505 501 4573 ὄνομα,
533 4501 661 4554 ἐκεῖ
688 4503 804 4569 ειμι
831 4500 902 4552 ἐν
939 4499 1108 4568 μέσῳ
1137 4496 1354 4551 αὐτῶν.
1399 4497 1488 4548 Ἐν
1525 4494 1582 4548 δὲ
1618 4497 1682 4564 τῇ
1722 4493 1855 4564 ’ἐκτῃ

282 4595 404 4667 ὥρᾳ
435 4593 578 4646 κατά
616 4593 846 4663 μίμησιν
877 4589 983 4644 τῶν
1024 4589 1195 4658 ἁγίων
1239 4589 1543 4655 ἀναγκαίαν
1578 4582 1718 4639 εἷναι
1765 4585 1865 4655 τὴν

286 4683 594 4758 :poaeux'hv
617 4685 934 4756 ἐκρίναμεν,
963 4681 1074 4735 τῶν
1109 4681 1372 4749 λεγόντων
1391 4697 1404 4710 °
1444 4678 1734 4749 Ἑσπέρας
1761 4677 1859 4730 καὶ

283 4779 431 4848 πρωὶ
461 4777 564 4832 καὶ
590 4776 962 4847 μεσημϐρίας
1003 4773 1361 4843 διηγήσομαι
1388 4772 1485 4826 καὶ
1522 4767 1859 4840 ἀπαγγελῶ,

284 4869 384 4924 καὶ
405 4867 829 4924 εισακοὺσεται
851 4865 960 4933 τῆς
981 4865 1187 4934 φωνῆς
1207 4884 1326 4936 μου
1348 4881 1360 4894 ·
1388 4863 1482 4917 καὶ
1508 4863 1648 4916 ὥστε
1676 4859 1872 4931 ῥυσθῆ-

353 5080 377 5108 τ
415 5076 434 5130 l
466 5074 664 5130 Thess.
699 5088 753 5133 ν,
790 5070 879 5124 i7.
1019 5071 1040 5102 ³
1075 5068 1117 5123 ll
1148 5068 1344 5123 Thess.
1383 5083 1462 5125 In.
1501 5067 1554 5121 8.

286 5152 331 5182 ¹³
369 5146 517 5202 Psal.
553 5159 728 5204 exul,
767 5141 854 5197 10.

358 5322 434 5387 (9)
461 5319 646 5374 Codex
679 5319 834 5375 Colb.
868 5320 965 5388 τῆς
1012 5318 1148 5387 πρὸς
1193 5317 1326 5369 Θεὸν
1361 5316 1518 5386 εὐαρ.
1563 5313 1681 5368 Mox
1724 5311 1859 5382 Reg.

290 5393 502 5461 primus
531 5390 644 5461 ἔχει
668 5389 760 5443 τὸν
791 5389 1012 5461 τρόπον.

361 5461 475 5532 (10)
509 5453 743 5532 Additus
764 5453 848 5532 est
873 5456 1140 5532 articulus
1169 5471 1236 5511 ex
1265 5453 1785 5532 multis__codicibus_.

362 5523 476 5599 (il)
507 5531 652 5586 Editi
673 5531 735 5583 τὸ
759 5531 878 5600 μέν.
919 5527 1144 5600 Veteres
1169 5535 1406 5600 quatuor
1436 5524 1560 5580 libri
1583 5524 1675 5600 τὸν
1706 5523 1826 5600 μέν.

369 5593 482 5670 (ιε’)
518 5603 647 5671 Reg.
683 5593 896 5671 primus
925 5607 982 5654 et
1019 5593 1259 5671 Vossfet
1291 5595 1446 5650 Colb.
1483 5593 1632 5671 κατά
1673 5593 1742 5671 ἰδ
1769 5609 1865 5660 γε·-

298 5664 636 5743 meum;
659 5664 955 5743 A'liquanto
976 5677 1098 5738 post
1119 5667 1228 5743 duo
1250 5681 1383 5743 mss.
1407 5665 1536 5733 πρὶν
1561 5664 1866 5743 incrementi.

370 5733 481 5813 (1'5)
512 5742 645 5813 Reg.
685 5733 898 5814 primus
949 5733 1368 5808 παραστήσομαι
1418 5753 1498 5789 σοι
1534 5733 1627 5790 καὶ
1669 5733 1868 5803 ἓ.πάᾲο-

1732 5063 1875 5118 Psal.
1913 5076 2070 5115 ωειιί
2095 5099 2109 5120 ,
2145 5057 2199 5112 4⁸.

933 5141 975 5171 ³³
1013 5139 1201 5195 Matth.
1240 5155 1410 5204 xvm,
1447 5138 1539 5194 20.
1616 5136 1658 5166 "
1696 5135 1840 5190 Psal.
1880 5147 1988 5193 ων,
2029 5131 2112 5184 l8.

2033 4025 2086 4079 4.
2127 4021 2284 4089 Quod
2333 4019 2378 4074 si
2414 4017 2555 4072 forte
2607 4014 2775 4085 aliqui
2812 4020 3037 4084 propter
3063 4027 3290 4082 cperum
3333 4017 3426 4065 aut
3462 4010 3538 4064 lo-

1964 4131 2158 4174 corum
2217 4119 2472 4166 naturam
2511 4108 2728 4176 longius
2765 4104 3061 4168 abfuerint,
3108 4103 3219 4157 illic
3269 4104 3387 4156 sine
3427 4102 3550 4156 ulla,

1961 4205 2304 4264 haesitatione
2338 4203 2554 4272 singula
2594 4215 2714 4270 qua:
2759 4199 3120 4253 communiter
3143 4205 3349 4267 statuta
3385 4204 3534 4260 sunt,

1961 4297 2189 4369 exsequi
2228 4291 2545 4350 necessario
2581 4289 2821 4346 debent:
2857 4305 2980 4342 nam
3021 4286 3101 4356 Si,
3147 4289 3321 4359 inquit
3357 4288 3540 4342 Domi-

1964 4407 2090 4455 nus,
2135 4390 2240 4442 duo
2280 4386 2357 4441 vel
2406 4394 2509 4438 tres
2546 4392 2668 4438 sunt
2713 4382 3011 4452 congregati
3053 4381 3106 4434 in
3157 4381 3364 4435 nomine
3402 4397 3536 4443 mea,

1967 4483 2048 4536 ibi
2078 4497 2194 4535 sum
2223 4479 2279 4532 in
2313 4475 2486 4531 medio
2508 4490 2689 4530 eorum
2727 4473 2793 4527 ¹³.
2825 4471 2989 4526 Sexta
3029 4487 3246 4541 quoque
3283 4473 3414 4525 hora
3446 4488 3541 4526 ne-
3599 4445 3614 4464 ί

1967 4574 2266 4630 cessariam
2315 4585 2438 4626 esse
2473 4567 2865 4638 precationem,
2911 4573 3225 4618 sanctorum
3271 4561 3540 4631 exemplo,

1962 4665 2356 4738 judicavimus,
2393 4661 2487 4731 qui
2521 4660 2713 4714 dicunt
2744 4676 2756 4709 :
2801 4656 3018 4726 Vespere
3053 4664 3101 4710 et
3142 4669 3294 4707 mane
3334 4661 3381 4704 et
3430 4668 3540 4704 me-

1969 4761 2103 4816 ridie
2155 4757 2386 4813 narrabo
2445 4765 2494 4809 et
2547 4752 2876 4808 annuntiabo
2917 4760 3017 4805 :et
3065 4747 3310 4803 exaudiet
3370 4761 3544 4800 uocem

1974 4849 2229 4905 meam“.
2266 4847 2332 4902 Et
2371 4853 2429 4900 ut
2477 4844 2778 4899 liberemur
2805 4841 2873 4895 ad
2909 4841 3134 4894 incursu
3182 4848 3235 4894 et
3273 4837 3560 4893 damonio.

2303 5052 2532 5107 “‘Psal.
2588 5066 2641 5112 ν,
2675 5049 2740 5112 4,
2793 5046 2846 5100 5.
2950 5045 2989 5075 “
3033 5044 3176 5098 Psal.
3212 5059 3278 5106 ι,-,
3316 5042 3416 5108 12,
3456 5043 3538 5097 l3.

1974 5329 2094 5383 μαι,
2121 5320 2170 5364 et
2209 5306 2610 5383 uidebo._Codex
2642 5303 2802 5383 V_oss.
2846 5300 3079 5383 et_Colb.
3104 5299 3197 5354 καὶ
3235 5296 3536 5383 ἐπόψημε,

1968 5363 2240 5436 Etvuideris
2267 5395 2366 5433 me.
2408 5379 2541 5448 Reg.
2572 5375 2764 5448 tertius
2792 5371 3102 5448 xaiertotpev.
3137 5386 3224 5441 με,
3261 5377 3310 5421 et
3343 5363 3537 5418 uidebis

1971 5470 2071 5506 me.
2099 5451 2241 5520 Editi
2273 5443 2698 5520 παραστῆσομαί
2726 5443 3018 5520 σοιπάλιν.

2023 5502 2533 5592 Ῑζιῖί-ξξεινιιὲυιειρ
2560 5502 2672 5592 ⁸καί
2714 5512 2895 5592 addidi
2927 5528 2990 5567 ex
3032 5508 3273 5592 a‘ntliquis
3320 5502 3538 5592 duo-bus

1973 5581 2150 5647 libris:
2204 5589 2399 5642 Statim
2443 5587 2572 5643 editi
2616 5593 2671 5640 et
2713 5585 2822 5639 duo
2860 5599 2993 5638 mss.
3049 5581 3334 5647 matrona;
3369 5588 3539 5628 κατα-

1972 5645 2255 5785 λῗξιφθῶσι.
2294 5658 2447 5730 Regii
2480 5659 2690 5728 primus
2724 5664 2778 5710 et
2805 5655 2996 5710 tertius
3036 5645 3425 5718 ἀπολειφθῶσι,
3452 5658 3539 5698 re-

1974 5748 2004 5787 c
2033 5746 2137 5788 Ius.
