3948 6240
236 280 379 336 1087

1335 273 1638 333 δεουωε
1659 273 1926 365 .FUSIUS
1965 272 2363 332 TRACTAT/E

3366 280 3501 333 10l8

228 393 332 464 τὴν
381 393 621 463 ἰδιότητα
652 392 761 443 τῶν
793 390 974 444 τόπων
1025 391 1118 445 καὶ
1143 390 1243 463 τὴν
1279 392 1698 465 ἐπιτηδειότητα
1726 393 1825 446 τῶν

1939 394 2187 449 locorum
2222 400 2502 459 naturam,
2531 402 2586 450 et
2619 396 3049 467 negotiationum
3088 409 3209 464 quae
3239 395 3293 448 in
3322 394 3503 464 singu-
3530 436 3535 449 ς

238 490 297 540 ἒν
326 488 533 556 ἑκάστῃ
576 484 731 556 χώρᾳ
763 483 1191 555 πραγματειῶν⁸
1239 483 1403 553 κοινῷ
1446 485 1503 537 δὲ
1549 486 1690 555 λόγῳ
1721 488 1820 557 τὴν

236 578 471 649 ἐκλογὴν
512 576 718 631 τούτων
772 575 1230 630 ὑποτυπώσασθαι
1285 577 1545 643 δυνατὸν,
1588 580 1711 632 ὅσαι
1759 581 1820 633 τὸ

226 670 516 742 εἰρηνικὸν
552 671 647 723 καὶ
669 669 729 722 τὸ
758 668 1020 740 ἀθόρυϐον
1048 668 1149 738 τῆς
1178 668 1326 739 ζωῆς
1354 672 1386 741 ἡ
1397 670 1515 741 μῶν
1554 671 1665 742 (25)
1696 688 1820 724 συν-

235 761 500 832 τηροῦσι,
533 762 670 832 μήτε
692 760 894 830 πολλῆς
920 762 1303 833 πραγματείας
1328 764 1408 825 εἰς
1432 761 1525 817 τὸν
1553 766 1819 836 πορισμὸν

234 853 335 923 τῆς
366 852 571 915 οἰκείας
604 852 736 923 ὕλης
766 852 1045 923 δεόμεναι,
1086 855 1223 924 μήτε
1253 853 1451 907 πολλοῦ
1489 855 1584 909 τοῦ
1610 854 1818 924 ἀγῶνος

238 945 375 1015 πρὸς
406 946 503 1015 τήν
528 944 635 996 τῶν
669 940 1123 1015 ἀπεργασθέντων
1167 945 1458 1017 διάπρασιν
1478 987 1491 1007 ,
1532 949 1667 1019 μήτε
1696 949 1818 1000 ὅσαι

237 1036 530 1106 συντυχίας
555 1038 685 1105 ἡμῖν
719 1035 927 1107 ἀνδρῶν
952 1038 985 1107 ἢ
1013 1038 1287 1105 γυναικῶν
1316 1040 1585 1108 ἀπρεπεῖς
1623 1040 1654 1110 ἢ
1686 1039 1817 1109 βλα-

236 1128 405 1197 ϐερὰς
440 1126 793 1198 προξενοῦσιν
818 1145 831 1158 ’
884 1129 997 1183 ἀλλ’
1048 1130 1108 1182 ἐν
1152 1132 1318 1185 παντὶ
1370 1132 1571 1185 σκοπὸν
1619 1134 1817 1186 οἰκεῖον

236 1222 368 1290 ἡμῖν
406 1222 731 1291 προκεῖσθαι
785 1220 1026 1293 νομίζειν
1073 1224 1177 1295 χρὴ
1229 1225 1329 1295 τὴν
1379 1226 1672 1296 λιτότητα,
1726 1228 1817 1279 καὶ

232 1313 332 1383 τὴν
364 1313 642 1366 εὐτέλειαν
668 1353 683 1377 ,
729 1315 1028 1384 φεύγοντας
1064 1316 1124 1368 τὸ
1168 1317 1461 1388 ὑπηρετεῖν
1502 1318 1817 1388 ἐπιθυμίαις

232 1407 541 1479 ἀνθρώπιον
584 1409 833 1480 ἀνοήτοις
864 1411 957 1463 καὶ
989 1408 1308 1480 βλαϐεραῖς,
1336 1410 1423 1463 διὰ
1450 1409 1545 1462 τοῦ
1584 1410 1650 1463 τὰ
1695 1412 1815 1463 ἐπι-

234 1500 545 1571 ζητούμενα
578 1504 708 1572 παρ’
757 1501 935 1555 αὐτῶν
972 1500 1380 1573 ἐξεργάζεσθαι.
1431 1502 1569 1556 Ἀλλ’
1607 1504 1665 1556 ὲν
1717 1504 1817 1573 μὲν

232 1596 299 1664 τῇ
348 1594 657 1666 ὑφαντικῇ,
706 1595 770 1648 τὸ
804 1596 1296 1667 ἐμπολιτευόμενον
1333 1599 1397 1667 τῇ
1437 1595 1694 1667 συνηθείᾳ
1720 1595 1815 1648 τοῦ

236 1687 390 1756 βίου,
424 1688 487 1739 οὐ
529 1688 593 1741 τὸ
634 1688 774 1759 πρὸς
812 1689 987 1759 ἄγραν
1018 1691 1113 1743 καὶ
1150 1689 1353 1758 παγίδα
1397 1688 1505 1742 τῶν
1548 1689 1683 1741 νέων
1712 1690 1816 1742 ὑπὸ

1928 488 1996 541 lis
2028 487 2349 558 regionibus
2388 487 2526 541 ﬁunt
2570 488 3034 543 commoditatem.
3094 488 3153 542 ln
3186 489 3501 541 universum

1928 588 2107 636 tamen
2138 580 2215 633 ita
2260 579 2455 634 harum
2492 581 2743 637 delectus
2780 581 3059 650 designari
3089 588 3287 650 potest,
3334 588 3392 633 ut
3424 595 3502 634 ea:

1925 679 2309 736 exerceantur,
2352 686 2697 741 quaecunque
2724 673 2848 726 vitae
2879 684 3080 728 nostra:
3104 683 3323 728 servant
3348 674 3503 742 quie-

1925 770 2034 817 tem
2074 769 2240 833 atque
2271 762 2754 832 tranquillitatem,
2794 769 2849 818 et
2884 778 3007 833 qua:
3049 778 3224 833 neque
3258 751 3522 831 iudigent’

1926 854 2145 925 negotio
2174 855 2349 910 multo
2380 855 2450 910 ad
2486 870 2639 910 suam
2696 856 2940 926 ipsarum
2989 855 3271 909 materiam
3300 866 3503 922 paran-

1924 947 2071 1009 dam,
2117 961 2296 1015 neque
2340 947 2513 1001 multa
2562 945 2953 1011 sollicitudine,
3004 945 3071 999 ad
3114 960 3178 1000 ea
3205 959 3326 1015 quae
3358 945 3502 997 facta

1925 1045 2054 1093 sunt
2103 1036 2472 1105 divendenda,
2520 1052 2750 1108 quaeque
2802 1052 2981 1108 neque
3030 1037 3270 1091 virorum
3326 1051 3503 1105 neque

1925 1131 2215 1185 mulierum
2249 1129 2415 1200 385
2441 1129 2733 1186 indecoros
2755 1145 3089 1201 congressus
3128 1129 3288 1185 nobis
3317 1131 3504 1182 conci-

1924 1225 2082 1286 liant,
2124 1233 2217 1278 aut
2274 1224 2474 1279 noxios
2512 1243 2525 1277 :
2569 1224 2839 1294 siquidem
2887 1223 3218 1295 peculiarem
3274 1235 3503 1292 scopum

1924 1316 2084 1371 nobis
2130 1316 2186 1370 in
2228 1316 2485 1371 omnibus
2532 1316 2873 1386 prOpositum
2916 1331 3041 1371 esse
3079 1315 3502 1371 existimandum

1923 1419 2028 1471 est,
2058 1408 2465 1478 simplicitatem
2510 1407 2726 1465 scilicet
2772 1416 2935 1478 atque
2968 1408 3270 1474 vilitatem;
3315 1406 3507 1461 nobis-

1924 1516 2033 1572 que
2071 1500 2400 1564 cavendum,
2432 1516 2502 1557 ne
2531 1501 2719 1557 stultis
2766 1516 2831 1555 ac
2863 1501 3048 1556 noxiis
3093 1499 3378 1554 hominum
3415 1514 3505 1552 cu-

1924 1591 2247 1661 piditatibus
2276 1592 2666 1656 inserviamus,
2690 1592 2759 1646 iis
2780 1590 3099 1657 elliciendis,
3130 1605 3251 1661 quae
3284 1590 3416 1660 ipsis
3448 1592 3502 1643 in

1924 1683 2109 1739 studio
2154 1699 2279 1739 esse
2315 1685 2514 1740 solent.
2557 1683 2741 1749 Quare
2790 1684 2846 1738 in
2897 1684 3131 1739 textoria
3173 1683 3415 1753 quidem,
3451 1684 3501 1736 id

235 1778 345 1832 τῶν
370 1780 690 1833 ἀκολάστων
718 1780 931 1835 ἐπινοού
940 1799 1119 1852 μενον,
1148 1782 1515 1852 παραδεκτέον
1534 1783 1666 1852 ἡμῖν
1683 1781 1815 1853 (26).

1933 1776 2073 1847 quod
2109 1776 2165 1830 in
2210 1778 2335 1831 vitae
2367 1776 2769 1832 consuetudine
2799 1784 3075 1839 versatur,
3115 1791 3226 1830 non
3262 1775 3409 1844 quod
3434 1780 3502 1828 ad

247 1871 484 1942 Ὁμοίως
512 1873 570 1926 δὲ
611 1873 705 1925 καὶ
746 1874 842 1927 ἐπὶ
870 1876 1265 1946 σκυτοτομικῆς
1291 1878 1405 1938 τοῖς
1432 1875 1503 1929 τὰ
1545 1876 1822 1943 ἀναγκαῖα

1933 1867 2154 1937 iuvenes
2181 1869 2488 1938 captandos
2517 1884 2582 1924 ac
2606 1869 2820 1939 laqueis
2840 1868 3167 1924 irretiendos
3187 1868 3255 1922 ab
3277 1869 3510 1938 impuris

232 1967 334 2034 τῆς
357 1965 549 2035 χρείας
579 1964 897 2035 ἐπιζητοῦσι
915 1965 1003 2019 διὰ
1021 1966 1122 2037 τῆς
1143 1967 1339 2039 τέχνης
1365 1969 1472 2038 ὑπη
1483 1968 1817 2039 ρετήσωμεν.

233 2054 572 2125 Οἰκοδομικὴ
601 2055 658 2107 δὲ
681 2094 696 2119 ,
730 2057 824 2109 καὶ
848 2057 1168 2128 τεκτονικὴ,
1205 2059 1300 2111 καὶ
1329 2058 1695 2131 χαλκευτικὴ,
1727 2060 1822 2112 καὶ

231 2148 514 2217 γεωργία,
549 2148 715 2202 αὐταὶ
752 2149 852 2219 μὲν
891 2148 1011 2202 καθ’
1043 2149 1242 2214 ἑαυτὰς
1274 2150 1569 2219 ἀναγκαῖαι
1594 2152 1671 2223 τῷ
1698 2152 1819 2223 βίῳ,

232 2240 331 2293 καὶ
374 2239 512 2293 πολὺ
554 2240 617 2293 τὸ
647 2242 916 2312 χρήσιμον
948 2243 1352 2313 παρεχόμεναι,
1397 2245 1491 2297 καὶ
1531 2244 1607 2315 τῷ
1635 2246 1822 2316 οἰκείῳ

232 2331 380 2402 λόγῳ
412 2331 516 2385 οὐκ
562 2331 859 2403 ἀπόϐλητοι
896 2334 1055 2403 ἡμῖν·
1093 2333 1231 2404 πλὴν
1263 2336 1391 2388 ὅταν
1427 2335 1557 2387 ποτὲ
1589 2336 1623 2405 ἧ
1660 2335 1821 2406 θορύ-

232 2423 366 2487 6ους
397 2423 513 2491 (27)
542 2425 677 2494 ἡμῖν
708 2423 1010 2494 ἐμποιῶσιν
1032 2464 1045 2489 ,
1090 2423 1123 2495 ἢ
1153 2425 1214 2477 τὸ
1241 2424 1523 2496 ἡνωμένον
1546 2425 1647 2495 τῆς
1676 2425 1823 2496 ζωῆς

231 2515 345 2567 τῶν
401 2514 653 2584 ἀδελφῶν
702 2515 973 2568 διασπῶσι
999 2554 1014 2580 ,
1069 2515 1188 2567 τότε
1246 2515 1417 2580 αὐτὰς
1460 2515 1520 2580 ἐξ
1574 2516 1822 2587 ἀνάγκης

233 2608 611 2678 ικκλίνωμεν·
649 2608 1023 2680 προτιμῶντες
1050 2607 1148 2672 τὰς
1177 2609 1372 2679 τέχνας
1404 2610 1504 2673 τὰς
1533 2608 1824 2680 διατηρού-

236 2717 340 2763 σας
383 2701 520 2771 ἡμῖν
563 2700 665 2772 τὴν
705 2701 1115 2771 ἀπερίσπαστον
1153 2698 1298 2772 ζωὴν
1346 2702 1442 2755 καὶ
1488 2701 1824 2773 εὐπάρεδρον

234 2791 313 2861 τῷ
344 2787 558 2860 Κυρίῳ,
590 2789 684 2843 καὶ
718 2790 853 2861 μήτε
888 2788 1080 2861 καιροῦ
1112 2789 1454 2860 ψαλμῳδίας,
1490 2792 1625 2862 μήτε
1654 2806 1824 2863 προσ-

236 2882 401 2952 ευχῆς
421 2922 436 2945 ,
468 2883 605 2952 μήτε
635 2881 735 2952 τῆς
768 2880 962 2953 λοιπῆς
1008 2880 1260 2945 εὐταξίας
1313 2881 1655 2951 ἀφελκούσας
1695 2884 1825 2947 τοὺς

234 2978 301 3046 τῇ
332 2974 571 3042 ἀσκήσει
599 2974 697 3044 τῆς
727 2972 1007 3037 εὐσεϐείας
1039 2972 1601 3046 προσκαρτεροῦντας.
1649 2975 1820 3041 Ἐπεὶ,

234 3068 367 3119 ὅταν
398 3082 467 3134 γε
504 3064 674 3136 μηδὲν
699 3065 916 3136 ὑπάρχῃ
950 3064 1079 3135 παρ’
1113 3062 1294 3117 αὐτῶν
1317 3067 1397 3128 είς
1426 3065 1526 3136 τὴν
1551 3082 1822 3138 προηγου-

240 3157 413 3228 μένην
462 3156 610 3228 ζωὴν
661 3154 1180 3219 καταϐλάπτεσθαι,
1228 3155 1439 3208 πολλῶν
1489 3156 1595 3210 εἰσι
1628 3174 1820 3228 προτι-

240 3249 507 3320 μότεραι,
548 3250 646 3302 καὶ
695 3249 929 3318 μάλιστα
974 3250 1007 3320 ἡ
1049 3249 1333 3320 γεωργία,
1364 3249 1591 3304 αὐτόθεν
1624 3249 1823 3320 ἔχουσα

236 3340 348 3394 τῶν
392 3340 711 3409 ἀναγκαίων
762 3340 852 3393 τὸν
895 3340 1205 3412 πορισμὸν,
1260 3342 1353 3395 καὶ
1401 3343 1501 3413 τῆς
1538 3344 1632 3396 ἐπὶ
1686 3344 1821 3398 πολὺ

238 3432 453 3504 πλάνης
478 3474 494 3498 ,
533 3433 629 3488 καὶ
655 3432 768 3487 ἄνω
800 3434 894 3486 καὶ
925 3433 1076 3486 κάτω
1102 3434 1399 3505 διαδρομῆς
1428 3437 1663 3507 ῥυομένη
1696 3436 1823 3500 τοὺς

238 3525 657 3598 γεωργοῦντας,
707 3525 867 3595 μόνον
918 3526 1003 3586 εί,
1042 3523 1165 3579 καθ’
1213 3525 1272 3579 ὃν
1318 3525 1546 3597 εἴπομεν
1587 3527 1822 3598 τρόπον,

243 3623 379 3691 μήτε
425 3618 537 3673 ἀπὸ
588 3619 845 3687 γειτόνων
902 3620 1039 3688 μήτε
1084 3617 1192 3671 ἀπὸ
1247 3617 1511 3672 συνοίκων
1567 3619 1827 3692 θορύϐους

241 3714 373 3783 ἡμῖν
411 3709 613 3780 ἐπάγει
640 3710 736 3764 καὶ
766 3710 1031 3781 ταραχάς.

1926 1960 2259 2030 quibusdam
2286 1962 2657 2033 excogitatum
2687 1968 2795 2026 est,
2832 1976 2864 2015 a
2903 1960 3063 2016 nobis
3094 1960 3297 2016 assumi
3323 1960 3504 2015 debet.

1930 2052 2193 2109 Similiter
2240 2069 2460 2125 quoque
2510 2055 2567 2109 in
2617 2055 2850 2117 sutoria,
2895 2056 2952 2107 in
3000 2053 3070 2108 iis
3115 2052 3292 2108 solum
3340 2051 3509 2106 rebus

1927 2165 2049 2219 quae
2096 2148 2165 2204 ad
2206 2152 2582 2206 necessarium
2620 2150 2749 2205 vita:
2783 2164 2945 2205 usum
2992 2148 3374 2218 requiruntur,
3412 2161 3510 2217 per

1929 2249 2101 2295 artem
2158 2255 2380 2312 Operam
2455 2247 2704 2296 nostram
2769 2254 3059 2310 ponamus.
3127 2238 3507 2293 Architectura

1900 2340 2080 2400 ‘vero,
2129 2346 2185 2390 et
2229 2350 2322 2390 ars
2374 2334 2631 2405 lignaria,
2688 2342 2743 2387 et
2794 2333 3009 2399 aeraria,
3049 2341 3103 2387 et
3151 2330 3507 2399 agricultura,

1927 2428 2059 2497 ipsae
2109 2425 2329 2496 quidem
2378 2442 2476 2497 per
2510 2441 2570 2480 se
2620 2425 2948 2480 necessariae
2994 2431 3123 2478 sunt
3173 2423 3320 2489 vitae,
3375 2422 3510 2476 mul-

1932 2529 2157 2589 tumque
2208 2518 2445 2574 all'erunt
2484 2518 2757 2582 utilitatis,
2795 2533 2898 2572 nec
2941 2516 3166 2587 speciali
3222 2515 3435 2570 ratione
3478 2531 3509 2567 a
3601 2549 3611 2559 ι

1928 2610 2089 2663 nobis
2139 2607 2453 2678 rejiciendae
2497 2617 2666 2665 sunt:
2699 2606 2792 2662 sed
2833 2614 3018 2661 tamen
3064 2605 3509 2675 quandocunque

1929 2708 2023 2755 aut
2048 2700 2212 2755 nobis
2243 2708 2435 2755 creant
2473 2700 2789 2765 tumultum,
2831 2708 2925 2753 aut
2948 2697 3396 2768 conjunctionem
3440 2698 3515 2750 vi-

1929 2803 1998 2849 tae
2030 2792 2265 2848 fratrum
2310 2792 2651 2858 distrahunt,
2703 2792 2825 2846 illas
2879 2799 3011 2844 tunc
3044 2805 3271 2845 necesse
3315 2799 3399 2844 est
3430 2789 3510 2841 vi—

1927 2896 2083 2953 tare;
2116 2903 2239 2942 cum
2262 2902 2357 2943 eas
2381 2891 2896 2960 artesanteponcre
2915 2883 3233 2946 debeamus,
3263 2897 3387 2951 qua:
3415 2898 3511 2935 ne~

1928 2996 2039 3051 que
2067 2979 2236 3035 vitam
2277 2986 2521 3034 nostram
2552 2976 2884 3042 distrahant,
2915 2991 3095 3047 neque
3120 2974 3510 3045 impedimento

1930 3072 2063 3136 sint,
2093 3071 2392 3141 quominus
2421 3069 2645 3125 assidua
2668 3068 2885 3124 Domini
2913 3068 3205 3138 praesentia
3233 3074 3508 3130 servetur,

1929 3172 1985 3220 et
2013 3180 2136 3235 qua:
2157 3178 2339 3234 neque
2369 3178 2401 3217 a
2424 3170 2673 3233 tempore
2704 3170 2799 3216 aut
2832 3160 3172 3233 psalmodize,
3203 3166 3295 3213 aut
3322 3174 3514 3229 preca-

1931 3254 2119 3322 tionis,
2170 3261 2265 3309 aut
2302 3254 2528 3324 reliqua:
2561 3253 2866 3323 disciplinae
2914 3259 3144 3307 avocent
3189 3266 3285 3306 eos
3326 3251 3422 3321 qui
3456 3252 3513 3304 in

1932 3348 2150 3419 pietatis
2188 3347 2454 3402 exercitio
2483 3345 2770 3400 insistunt.
2812 3344 2997 3411 Quare
3037 3342 3307 3414 siquando
3336 3343 3393 3397 in
3430 3344 3512 3397 eis

1931 3441 2067 3496 nihil
2101 3439 2257 3505 insit,
2286 3439 2430 3509 quod
2456 3439 2733 3509 praecipuo
2766 3438 2891 3493 vitae
2914 3445 3118 3492 nostra:
3141 3437 3391 3493 instituto
3412 3452 3512 3489 no-

1931 3543 2089 3599 ceat,
2144 3535 2229 3590 hae
2286 3535 2541 3604 plurimis
2595 3534 2719 3589 aliis
2789 3530 3187 3603 anteponenda:
3240 3540 3402 3595 sunt,
3457 3540 3514 3583 et

1928 3627 2167 3681 maxime
2206 3626 2569 3697 agricultura,
2606 3640 2731 3679 cum
2772 3638 2868 3693 per
2910 3639 2970 3678 se
3000 3630 3281 3692 comparet
3315 3634 3511 3676 neces-

1931 3720 2098 3783 saria,
2137 3719 2436 3790 Iiberetque
2456 3733 2488 3772 a
2516 3717 2760 3787 longiore
2782 3715 3068 3785 vagatione
3097 3712 3386 3783 agricolas,
3418 3710 3514 3764 ini-

244 3804 540 3873 pediatque
594 3804 892 3873 quominus
939 3802 1257 3857 discurrant
1307 3802 1415 3857 huc
1466 3811 1521 3858 et
1572 3805 1734 3874 illuc,
1781 3809 1829 3863 si
1896 3812 2081 3879 modo,
2123 3819 2181 3865 ut
2223 3811 2487 3878 diximus,
2520 3825 2698 3880 neque
2746 3824 2776 3863 a
2840 3808 3057 3875 vicinis,
3092 3821 3270 3877 neque
3313 3820 3343 3858 a
3381 3818 3508 3859 con-

242 3896 633 3953 tubernalibus
667 3897 936 3952 tumultus
954 3896 1134 3952 .nobis
1160 3907 1212 3951 et
1240 3896 1434 3954 turbas
1456 3900 1683 3955 excitet.

802 4003 1137 4057 ΕΡΩΤΗΣΙΣ
1166 4004 1287 4057 ΛΘν.

242 4099 375 4169 Πῶς
402 4100 521 4171 χρὴ
551 4099 850 4153 ποιεῖσθαι
877 4097 995 4171 τῶν
1022 4099 1091 4171 ἐξα
1116 4097 1227 4171 τῆς
1250 4099 1536 4171 ἐργασίας
1564 4100 1679 4170 τὴν
1703 4101 1832 4156 διά.

574 4183 820 4238 πρασιν,
856 4167 955 4222 καὶ
991 4167 1116 4235 πῶς
1146 4168 1478 4239 ἀποδημεῖν

849 4280 1239 4335 ΑΠΟΚΡΙΣΙΣ.

2316 4008 2837 4067 INTERROGATIO
2890 4004 3132 4061 XXXIX.

1933 4104 2207 4174 Quomodo
2250 4120 2409 4174 opera
2442 4107 2548 4160 sint
2579 4102 2865 4185 tenuem-1a,
2897 4098 3334 4168 suscipiendaque
3370 4112 3519 4166 pere-

2593 4184 2846 4244 grmatto.

2520 4284 2789 4341 RESPON
2799 4284 2921 4340 SlO.

316 4377 440 4451 Χρὴ
471 4376 527 4429 δὲ
561 4374 883 4438 σπουδάζειν
935 4374 1030 4426 καὶ
1076 4372 1146 4425 τὰ
1189 4375 1254 4426 ὲκ
1295 4372 1405 4425 τῶν
1455 4373 1726 4443 ἐργασιῶν
1758 4373 1825 4445 μὴ

2010 4381 2188 4452 Atque
2236 4382 2290 4436 in
2342 4396 2433 4437 eo-
2461 4381 2625 4435 etiam
2668 4378 2980 4451 ponendum
3027 4377 3265 4432 studium
3312 4383 3417 4435 est,
3450 4389 3527 4426 ne

248 4471 474 4543 μακράν
526 4486 629 4522 που
681 4466 1047 4531 διατίθεσθαι,
1116 4467 1250 4537 μήτε
1303 4464 1645 4535 δημοσιεύειν
1704 4466 1833 4518 ἑαυ-

242 4567 373 4628 τοὺς
405 4562 519 4634 (28)
547 4562 649 4632 τῆς
682 4559 936 4633 πράσεως
962 4560 1165 4613 ἕνεκεν.
1204 4557 1628 4629 Εὐπρεπεστέρα
1657 4556 1766 4627 γὰρ
1796 4557 1831 4628 η

245 4660 333 4728 ἐφ’
364 4658 488 4719 1ἑνὸς
528 4656 695 4709 τόπου
727 4655 994 4725 διαγωγὴ,
1042 4653 1137 4706 καὶ
1179 4650 1572 4722 ὠφελιμωτέρα
1603 4648 1740 4721 πρός
1769 4665 1831 4701 τε

243 4749 345 4820 τὴν
378 4747 671 4819 οἰκοδομὴν
699 4746 943 4817 ἀλλήλων
989 4746 1083 4799 καὶ
1123 4742 1326 4816 ἀκριϐῆ
1379 4744 1704 4815 συντήρησιν
1735 4741 1830 4795 τοῦ

242 4841 373 4896 καθ’
404 4840 624 4911 ἡμέραν
654 4837 793 4908 βίου,
824 4837 965 4892 ὥστε
1000 4835 1272 4909 αἱρεῖσθαι
1322 4834 1523 4906 μᾶλλον
1555 4835 1650 4888 καὶ
1675 4835 1835 4902 ὑφαι-

250 4936 366 5006 ρεῖν
394 4950 449 4986 τι
478 4933 579 5005 τῆς
611 4930 788 4997 ἀξίας,
822 4930 857 5003 ἢ
887 4930 1029 5001 ὑπὲρ
1065 4929 1176 5002 (29)
1203 4928 1384 4999 ὀλίγου
1415 4927 1637 4999 κέρδους
1663 4928 1834 4999 ὑπερ-

246 5114 500 5182 Serm-ro:
520 5112 650 5171 τῶν,
677 5111 1093 5182 ψιοάᾼιηαηριιηι
1124 5116 1307 5182 eratet
1331 5117 1602 5182 mutuum.
1634 5109 1835 5162 midem

251 5186 306 5238 hi
342 5177 443 5250 ipsi
471 5196 615 5248 quos
649 5177 775 5235 mox
803 5180 915 5233 dixi
948 5181 1077 5250 libri
1114 5177 1269 5250 χώρᾳ
1289 5178 1651 5247 πραγμάτων.

321 5249 437 5321 (~25)
465 5252 646 5307 Codex
669 5251 827 5306 Voss.
856 5258 908 5321 et
931 5249 1089 5304 Coih.
1122 5249 1441 5321 ζωῐίγςῇῆμῖνΣ

322 5316 436 5392 (26)
458 5322 604 5375 Editi
635 5324 729 5375 καὶ
765 5320 966 5388 παγίδα
981 5321 1085 5392 ὑπὸ
1101 5319 1209 5371 τῶν
1223 5316 1361 5392 νέων
1381 5316 1490 5392 τῶν
1519 5332 1833 5392 ακολαστων
1884 5370 1889 5375 ,

248 5396 383 5466 ἡμῖν
406 5390 779 5466 παραδεκτέον
814 5391 1216 5461 ὲπινοούμενον,
1239 5390 1405 5466 inale.
1438 5390 1605 5466 Ιὶειείἱ.
1623 5392 1833 5466 primus

249 5460 306 5520 εἰ
369 5460 571 5519 tertius
614 5475 675 5517 ut
714 5465 767 5517 in
816 5460 1110 5526 contextu;
1157 5470 1211 5513 et
1237 5462 1310 5514 ita
1347 5475 1566 5527 quoque
1595 5460 1646 5512 in
1680 5461 1836 5513 Colb.

253 5534 475 5606 legitur,
513 5535 627 5606 nisi
684 5534 831 5603 quod
875 5548 973 5602 pro
1019 5530 1390 5606 παραδεκτέον
1409 5530 1576 5606 habet
1601 5530 1840 5606 παρᾳδὲτ

252 5602 431 5676 χεῖται.
510 5604 635 5659 Mox
683 5602 840 5676 mss._
879 5604 1125 5657 nonnulli
1160 5602 1838 5676 _67:1;pstﬁ§wtta~_a.__l£iliti

254 5670 697 5747 ᾗπηρετήσομεν.
730 5672 1101 5747 ιὺίεἰειηῄιηεε.
1143 5672 1254 5729 duo
1282 5670 1621 5741 Ὀἰκοδομικίκ
1640 5671 1694 5725 δὲ
1721 5673 1831 5728 καί.

256 5743 399 5802 1³]άὶῖὶ
419 5743 749 5814 Οἰκοδομική
772 5762 830 5798 τε
862 5745 973 5799 καί.

1941 4488 2107 4542 opera
2141 4473 2333 4542 procul
2359 4472 2746 4537 divendamus,
2770 4485 2905 4524 neve
2933 4484 3033 4523 nos
3070 4469 3219 4538 ipsos
3248 4464 3515 4518 vendendi

1938 4581 2106 4619 causa
2162 4565 2356 4620 demus
2406 4566 2461 4620 in
2518 4564 2820 4635 publicum.
2879 4558 3313 4616 Convenientius
3369 4557 3524 4611 enim.

1939 4654 2102 4711 fuerit
2138 4656 2193 4709 in
2243 4672 2351 4710 uno
2396 4657 2697 4725 eodemque
2738 4655 2856 4708 loco
2903 4650 3255 4713 commorari,
3299 4648 3520 4701 utilius-

1938 4763 2064 4818 que,
2102 4754 2215 4800 tum
2268 4748 2334 4801 ad
2374 4756 2618 4801 mutuam
2660 4744 3101 4807 aediﬁcationem,
3135 4750 3247 4796 tum
3292 4741 3357 4794 ad
3393 4755 3518 4810 per-

1941 4838 2140 4893 lectam
2193 4839 2501 4909 quotidiani
2557 4839 2737 4894 victus
2792 4838 3291 4892 conservationem.
3336 4834 3520 4900 Quare

1942 4932 2203 4989 malimus
2250 4932 2466 4988 detrahi
2510 4931 2717 5003 aliquid
2758 4930 2826 4985 de
2871 4929 3069 5000 pretio,
3114 4944 3278 4999 quam
3318 4927 3527 4984 modici.

1943 5180 1955 5193 .
2012 5109 2374 5189 (QD-Antiqui
2409 5113 2517 5165 duo
2540 5109 2664 5164 libri
2720 5109 2752 5181 ἢ
2795 5108 3038 5181 θόρυϐον.
3072 5108 3192 5164 Mox
3224 5123 3365 5162 unus
3410 5122 3523 5161 ms.

1938 5197 2245 5249 εμποιουσι.

2008 5250 2122 5321 (28)
2148 5252 2280 5321 Reg.
2303 5252 2513 5321 primus
2534 5250 2880 5320 δημοσιεύειν
2903 5248 3117 5313 αὐτούς.
3150 5248 3343 5303 Statim
3376 5247 3523 5321 alius

1938 5336 2047 5375 ms.
2102 5319 2199 5375 καὶ
2237 5319 2715 5391 *ἁῴελεστέρακαὶ
2754 5321 3169 5391 ὠφελιμωτέρα,
3212 5319 3447 5374 securius
3468 5326 3519 5372 et

1940 5393 2125 5445 utilius
2150 5403 2226 5446 est
2260 5391 2313 5445 id
2340 5392 2519 5446 eodem
2547 5392 2658 5445 loco
2681 5391 2884 5461 degere.

2011 5463 2124 5533 (‘29)
2157 5463 2287 5532 Reg.
2326 5464 2554 5533 primus
2577 5461 2675 5531 τῆς
2721 5458 2907 5527 ἅξίας·
2947 5460 3103 5533 ῶστεᾼ
3128 5461 3202 5531 μὴ
3234 5458 3517 5533 κινηθῆναι

1938 5530 2087 5603 ἡμᾶς
2110 5530 2357 5603 an?)ij
2372 5532 2564 5596 τόπου,
2584 5534 2616 5603 ἥ
2636 5530 2803 5602 ὑπέρ,
2837 5534 2914 5587 sic
2946 5542 3058 5585 uta
3085 5530 3320 5603 (necnon
3352 5530 3517 5603 dime-

1939 5601 2172 5659 veamur.
2203 5601 2323 5657 Mox
2362 5604 2522 5674 alius!
2555 5601 2658 5658 nis.
2684 5601 2989 5674 ὑπίερορίως
3020 5602 3346 5672 ἀποδημεῖν.
3379 5601 3518 5655 Sub-

1939 5676 2062 5732 inde
2092 5676 2227 5747 Reg.
2253 5675 2461 5746 primus
2494 5672 2742 5747 ἄκαρπον
2772 5672 2929 5745 ἡμῶν
2959 5674 3055 5745 τήν
