3948 6240
466 309 607 365 1019

1777 314 1834 370 S.
1881 312 2122 369 BASILII
2167 314 2386 370 MAGNI

3552 316 3655 373 Ιίιέυ

466 426 604 481 lucri
647 427 823 498 gratia
857 437 1013 484 extra
1046 428 1313 485 terminos
1356 429 1528 485 abire.
1572 429 1726 496 Quod
1758 431 1805 486 si
1843 429 1896 485 id
1923 429 2039 485 ﬁeri

2165 430 2322 502 νρίους
2351 430 2670 501 ἀποδημεῖν.
2724 431 2849 484 Ἐὰν
2881 429 2938 483 δὲ
2975 427 3149 500 [τοῦτο
3191 426 3431 481 ἀδύνατον
3468 432 3494 501 ἡ
3532 435 3661 503 πεῖρα

466 534 576 574 non
644 534 807 589 posse
862 520 1113 577 docuerit
1156 522 1513 592 experientia,
1580 537 1762 592 Opera:
1814 524 2045 594 pretium

465 622 571 677 est,
615 628 684 667 ne
729 615 1097 684 peregrinatio
1133 614 1207 669 sit
1248 615 1408 671 nobis
1448 614 1811 680 infructuosa,
1846 623 1901 670 et
1930 615 2048 668 loca

464 714 518 758 et
553 704 808 761 civitates
838 706 1051 776 piorum
1082 706 1327 761 virorum
1373 706 1623 775 seligere,
1659 717 1822 777 atque
1849 707 2050 761 multos

468 794 688 860 fratres,
722 811 958 865 quorum
990 795 1194 866 singuli
1230 810 1331 851 sua
1368 796 1616 865 ipsorum
1646 811 1815 867 opera
1850 811 2051 865 expor-

468 893 606 950 tent,
653 887 720 941 ad
768 904 865 943 eos
916 888 1010 958 qui
1051 887 1491 958 designabuntur
1535 898 1839 944 conventus
1888 887 2052 944 simul

469 993 842 1047 concurrere;
901 980 1176 1051 simulque
1209 980 1508 1051 proﬁcisci,
1547 990 1600 1036 ut
1642 996 1767 1035 eum
1802 979 2050 1051 psalmis,

468 1072 857 1144 precibusque,
887 1083 942 1130 et
972 1085 1162 1129 mutua
1196 1073 1560 1130 aediﬁcatione
1599 1074 1703 1129 iter
1741 1073 2049 1128 conﬁciant.

469 1163 608 1219 Cum
652 1174 835 1222 autem
885 1164 1235 1235 pervenerint
1263 1164 1332 1220 ad
1359 1165 1565 1230 locum,
1608 1165 1820 1235 eligant
1861 1165 2051 1219 eadem

471 1254 796 1322 diversoria,
845 1265 960 1311 tum
1007 1265 1214 1313 mutue
1260 1258 1525 1314 custodiae
1582 1258 1781 1328 gratia,
1830 1264 1946 1311 tum
1996 1266 2057 1311 ut

472 1348 683 1402 nullum
731 1348 990 1420 precandi
1048 1358 1287 1420 tempus,
1336 1365 1516 1420 neque
1550 1349 1832 1413 diurnum,
1879 1364 2057 1419 neque

470 1434 639 1507 386
688 1446 1041 1504 nocturnum,
1079 1454 1180 1494 nos
1226 1438 1472 1510 eﬁ'ugiat,
1499 1448 1617 1495 tmn
1656 1450 1715 1495 ut
1759 1440 2057 1512 unusquis-

472 1542 582 1596 que
611 1542 681 1583 ex
716 1528 999 1584 hominum
1040 1531 1472 1587 intractabilium
1507 1540 1562 1589 et
1592 1547 1883 1587 avarorum
1917 1547 2054 1589 con-

471 1633 667 1688 gressu
725 1620 907 1676 minus
950 1620 1338 1677 detrimentum
1392 1624 1647 1695 accipiat,
1702 1625 1752 1680 si
1804 1625 1876 1680 sit
1928 1639 2054 1679 eum

473 1710 744 1778 pluribus,
781 1727 945 1782 quam
993 1714 1039 1769 si
1086 1713 1239 1769 solus
1270 1722 1437 1771 esset.
1466 1713 1600 1769 Nam
1625 1716 1710 1771 vel
1736 1715 2052 1785 iniuriosis-

472 1803 597 1859 simi
622 1804 813 1860 nolunt
842 1820 959 1860 sua:
988 1805 1271 1876 injustitiaz
1301 1816 1468 1864 testes
1508 1807 1710 1864 multos
1731 1808 1959 1865 habere.

929 2000 1456 2061 INTERROGATIO
1487 2004 1599 2059 XL.

688 2090 765 2147 De
797 2092 1050 2147 nundinis
1087 2111 1204 2164 qua:
1236 2094 1373 2163 ﬁunt
1403 2096 1457 2148 in
1484 2095 1843 2151 conventibus.

1058 2204 1467 2264 RESPONSIO.

545 2299 1033 2359 Verumenimvero
1094 2319 1162 2358 ne
1201 2319 1296 2360 eas
1343 2306 1563 2376 quidem
1628 2307 2057 2363 nundinationes

475 2404 599 2460 quae
642 2391 699 2446 in
744 2391 900 2459 locis,
936 2393 1026 2448 ubi
1074 2404 1346 2467 martyres
1387 2397 1666 2463 coluntur,
1701 2399 1860 2465 ﬁunt,
1896 2400 2058 2454 nobis

476 2485 773 2541 convenire
828 2487 1073 2542 ostendit
1147 2489 1455 2561 Scriptura.
1528 2491 1648 2547 Non
1705 2493 1851 2547 enim
1916 2494 2059 2551 alius

475 2575 801 2646 cujusquam
828 2577 906 2634 rei
941 2579 1118 2650 gratia
1166 2581 1217 2635 in
1264 2583 1543 2653 martyriis
1582 2592 1676 2638 aut
1723 2585 1857 2640 locis
1905 2584 2059 2655 adja-

478 2666 737 2724 centlbus
784 2668 944 2725 decet
985 2669 1333 2728 Christianos
1378 2675 1629 2745 reperiri,
1662 2692 1827 2746 quam
1859 2677 2056 2733 orandi

478 2773 673 2824 causa,
708 2770 761 2817 et
799 2768 857 2815 ut
899 2772 1215 2818 sanctorum
1265 2767 1658 2830 constantiam,
1686 2769 1781 2838 qui
1816 2784 1917 2839 pro
1944 2770 2058 2840 pie-

477 2859 588 2907 tate
617 2851 687 2906 ad
730 2861 962 2909 mortem
1004 2870 1178 2926 usque
1219 2856 1591 2924 decertarunt,
1631 2860 1686 2914 in
1738 2862 2058 2916 memoriam

478 2951 822 3010 revocantes,
877 2946 944 3000 ad
1001 2947 1235 3003 similem
1285 2950 1686 3005 aemulationem
1739 2953 2057 3020 incitentur,

483 3035 945 3107 meminerintque
992 3054 1253 3111 perquam
1303 3042 1592 3099 horrendae
1648 3044 1742 3099 ira:
1796 3044 2056 3113 Domini,

2146 522 2316 593 δείξῃ,
2345 521 2667 591 ἐκλέγεσθαι
2704 522 2808 575 καὶ⁴
2832 522 3035 584 τόπους
3058 520 3158 573 ικαὶ
3191 518 3365 583 πόλεις
3394 519 3571 591 ἀνδρῶν
3593 524 3661 575 εὖ-

2147 614 2361 679 λαϐῶν,
2401 613 2477 677 ὼς
2524 613 2598 685 μὴ
2645 614 2893 685 ἄκαρπον
2936 616 3073 684 ἡμῖν
3101 612 3203 683 τὴν
3245 610 3524 682 ἀποδημίαν
3555 613 3666 681 γίνε-

2151 707 2297 771 σθαι,
2325 708 2418 761 καὶ
2441 708 2499 761 ὲν
2528 710 2647 771 ταῖς
2678 707 3160 777 ἀποδεδειγμέναις
3185 702 3500 774 πανηγύρεσι
3523 703 3664 757 πλείο-

2150 816 2248 863 νας
2291 799 2427 871 ὁμοῦ
2476 798 2803 871 συνδραμεῖν
2848 797 2958 853 τῶν
3004 797 3268 867 ἀδελφῶν,
3296 796 3507 850 ἕκαστον
3541 795 3597 848 τὰ
3617 798 3668 850 ὲκ

2149 892 2247 964 τῆς
2271 893 2478 957 οίκείας
2506 893 2771 965 ἐργασίας
2818 893 3233 965 ἐπιφερόμενον.
3270 890 3377 944 Καὶ
3413 890 3571 961 κοινὴν
3594 891 3669 960 μὲν

2148 983 2250 1054 τὴν
2298 984 2609 1055 ἀποδημίαν
2665 983 3000 1047 στέλλεσθαι,
3045 983 3124 1047 ὡς
3168 982 3263 1037 καὶ
3307 981 3401 1052 τὴν
3434 980 3535 1034 ὁδὸν
3565 982 3676 1052 μετά

2150 1076 2381 1148 ψαλμῶν
2441 1079 2536 1132 καὶ
2588 1077 2909 1149 προσευχῶν
2957 1077 3053 1131 καὶ
3096 1075 3198 1147 τῆς
3248 1078 3306 1129 ὲν
3346 1073 3566 1145 ἀλλήλοις
3585 1073 3673 1143 (30)

2150 1169 2441 1241 οἰκοδομῆς
2472 1169 2745 1224 ἐκτελεῖνο
2779 1170 2875 1223 καὶ
2899 1169 2993 1224 ἐπὶ
3031 1170 3125 1222 τὸν
3160 1167 3322 1221 τόπον
3355 1165 3459 1236 (31)
3484 1164 3533 1219 δὶ
3555 1181 3675 1233 γενο-

2155 1259 2372 1331 μένους,
2408 1260 2509 1323 τὰς
2542 1260 2715 1325 αὐτὰς
2746 1262 3021 1333 αἱρεῖσθαι
3055 1257 3381 1328 καταγωγὰς
3413 1260 3502 1328 τῆς
3530 1273 3579 1310 τε
3610 1258 3678 1309 ἀ).-

2152 1352 2330 1425 λήλων
2358 1352 2606 1423 φυλακῆς
2639 1352 2846 1418 ἕνεκεν,
2876 1352 2972 1406 καὶ
2996 1352 3089 1406 τοῦ
3121 1351 3325 1423 μηδένα
3354 1349 3527 1421 καιρὸν
3550 1366 3681 1419 προσ-

2155 1447 2341 1518 ευχῆς,
2378 1449 2513 1518 μήτε
2545 1449 2804 1519 ἡμερινὸν
2857 1449 2993 1518 μήτε
3041 1443 3374 1515 νυκτερινὸν,
3411 1443 3545 1513 ἡμᾶς
3592 1440 3680 1493 δια.

2155 1538 2397 1607 φεύγειν,
2416 1538 2510 1591 καὶ⁵
2535 1536 2636 1601 τὰς
2654 1537 2763 1591 τῶν
2788 1536 3271 1591 δυσσυναλλὰκτων
3298 1531 3405 1603 (⁸52)
3430 1532 3515 1586 καὶ
3538 1530 3683 1584 πλεον-

2156 1631 2390 1686 εκτικῶν
2461 1632 2750 1704 συντυχίας
2816 1632 3212 1703 ἀϐλαϐέστερον
3284 1628 3520 1700 διαϐῆναι
3576 1626 3685 1698 μετὰ

2156 1724 2419 1778 πλειόνων
2474 1724 2605 1778 ὄντα
2650 1724 2684 1794 ἢ
2744 1723 2867 1779 καθ’
2918 1724 3132 1781 ἑαυτὸν.
3187 1719 3565 1794 Παραιτοῦνται
3601 1719 3687 1790 γὰρ

2160 1816 2386 1880 πολλοὺς
2426 1814 2573 1887 ἔχειν
2619 1816 2720 1880 τάς
2768 1815 2984 1881 ἀδικίας
3031 1817 3316 1889 μάρτυρας
3347 1815 3439 1868 κα)⁵
3474 1816 3518 1868 oi
3551 1811 3685 1867 Βιαιό-

2158 1928 2326 1965 τατοι.

2705 2004 3043 2059 ΕΡΩἸἮΣΙΣ
3075 2004 3162 2057 Μ’.

2366 2100 2506 2167 Περὶ
2541 2098 2661 2152 τῶν
2686 2097 2757 2151 ἐν
2790 2095 3071 2161 συνόδοις
3106 2093 3520 2165 πραγματειῶν.
3550 2108 3553 2113 ’

2758 2210 3149 2264 ΑΠΟΚΡῘΣΙΣ.

2241 2305 2382 2360 Ἀλλ’
2404 2306 2525 2360 οὐδὲ
2554 2305 2654 2370 τὰς
2698 2308 2755 2359 ὲν
2795 2307 2909 2366 τοῖς
2943 2303 3263 2376 μαρτυρίοις
3298 2299 3571 2371 γινομένας
3598 2298 3696 2366 ἀγο-

2162 2400 2357 2471 ρασίας
2389 2399 2596 2462 οἰκείας
2630 2400 2761 2469 ἡμῖν
2802 2399 2829 2452 ό
2872 2396 3029 2465 λόγος
3068 2394 3364 2449 δείκνυσιν.
3395 2392 3467 2446 Οὐ
3504 2390 3594 2463 γὰρ
3625 2391 3696 2444 ἀλ-

2158 2489 2251 2543 λου
2277 2488 2423 2552 τινδς
2453 2489 2637 2542 ἕνεκεν
2672 2489 2731 2540 ὲν
2772 2490 2885 2549 τοῖς
2930 2485 3252 2559 μαρτυρίοις
3286 2486 3321 2555 ἣ
3362 2486 3419 2537 ὲν
3461 2485 3561 2546 τοῖς
3600 2480 3699 2548 περὶ

2160 2582 2300 2635 αύτά
2329 2581 2518 2645 τόποις
2542 2581 2655 2650 (55)
2693 2579 2975 2650 φαίνεσθαι
3008 2577 3293 2632 ὲπιϐἀλλει
3326 2571 3700 2648 Χριστια“δοίς,ἢ

2162 2674 2471 2746 προσευχῆς
2519 2673 2705 2726 ἕνεκεν
2747 2672 2841 2726 καὶ
2883 2669 2979 2725 τοῦ
3023 2671 3105 2735 είς
3153 2668 3459 2739 ὑπόμνησιν
3495 2663 3700 2722 ἐλθόντας

2159 2766 2260 2837 τῆς
2288 2766 2397 2819 τῶν
2423 2765 2594 2835 ἁγίων
2622 2764 2765 2838 ὑπὲρ
2788 2763 3071 2828 εὐσεϐείας
3101 2762 3263 2834 μέχρι
3306 2759 3531 2816 Θανάτου
3560 2754 3705 2809 ὲνστά-

2162 2875 2300 2923 σεως
2337 2860 2475 2930 πρὸς
2508 2858 2601 2913 τὸν
2634 2858 2796 2931 ζῆλον
2829 2858 2921 2911 τὸν
2971 2857 3157 2927 ὅμοιον
3204 2852 3603 2927 προτραπῆναι·
3632 2864 3706 2918 με·

2165 2951 2477 3023 μνημένους
2540 2954 2642 3023 τῆς
2704 2949 3089 3023 φοϐερωτάτης
3146 2948 3321 3020 ὀργῆς
3377 2945 3470 2999 τοῦ
3518 2941 3705 3014 Κυρίου.

2160 3044 2263 3108 ὅτι,
2313 3043 2516 3114 καίπερ
2564 3040 2795 3095 πάντοτε
2848 3041 2940 3094 καὶ
2994 3038 3266 3110 πανταχοῦ
3312 3036 3487 3110 πραΰς
3519 3037 3603 3097 ὢν,
3636 3031 3709 3084 καὶ

477 3124 573 3194 qui
606 3139 730 3179 eum
760 3136 815 3181 ct
844 3142 1062 3199 semper
1081 3137 1135 3185 et
1168 3130 1373 3200 ubique
1406 3133 1554 3188 mitis
1581 3141 1728 3189 csSct
1755 3143 1808 3189 et
1833 3138 2058 3194 humilis

2165 3132 2417 3198 ταπεινὸς
2456 3134 2523 3203 τῇ
2562 3130 2784 3203 καρδίᾳ,
2827 3130 3012 3195 καθὼς
3050 3130 3391 3200 γέγραπται,
3433 3129 3599 3200 μόνοις
3622 3126 3710 3187 τοῖς

480 3217 675 3283 corde,
713 3219 791 3274 uti
823 3220 1087 3291 scriptum
1115 3232 1199 3278 est
1224 3224 1294 3287 “,
1333 3225 1387 3279 in
1416 3240 1511 3281 eos
1539 3227 1687 3283 solos
1722 3228 1816 3299 qui
1854 3231 2062 3287 circum

482 3311 749 3380 templum
823 3313 1132 3369 vendebant
1196 3315 1559 3388 cmebantque
1627 3318 1898 3392 ﬂagellum
1977 3323 2066 3379 in-

485 3404 660 3457 tendit
714 3405 782 3471 ",
828 3412 1087 3477 tanquam
1135 3407 1182 3464 si
1231 3418 1542 3465 mercatura
1587 3413 1923 3482 precationis
1965 3415 2067 3471 do-

485 3507 635 3547 mum
665 3494 721 3550 in
754 3495 1027 3553 latronum
1052 3499 1368 3569 speluncam
1399 3509 1841 3561 transmutasset.
1878 3504 2066 3577 Neque

486 3600 637 3651 vero,
685 3589 948 3659 quoniam
1004 3591 1098 3645 alii
1150 3592 1263 3662 jam
1315 3609 1434 3648 eam
1478 3609 1602 3664 qua)
1648 3594 1790 3665 apud
1842 3604 2064 3652 sanctos

484 3675 767 3734 obtinebat
819 3681 1273 3737 consuetudinem
1320 3684 1615 3747 violavere,
1676 3684 1767 3755 qui
1798 3702 1923 3740 eum
1964 3702 2065 3757 pro

484 3785 548 3825 se
593 3770 827 3827 invicem
863 3789 1022 3831 orare
1053 3774 1395 3841 debuissent,
1432 3788 1486 3833 et
1520 3794 1627 3833 una
1657 3795 1779 3833 cum
1813 3779 2064 3849 pluribus

486 3859 657 3917 Deum
697 3863 951 3932 adorare,
985 3874 1039 3923 et
1073 3883 1195 3923 cum
1227 3868 1487 3941 lacrymis
1518 3870 1833 3941 implorare,
1861 3872 2066 3942 ipsum-

485 3970 593 4025 que
645 3972 744 4027 pro
776 3961 1017 4028 peccatis
1061 3962 1358 4032 propitium
1409 3963 1659 4029 reddere,
1705 3965 1911 4035 gratias
1968 3980 2066 4036 pro

484 4048 768 4106 beneﬁciis
792 4053 1114 4122 rependere,
1156 4070 1219 4109 ac
1243 4055 1428 4110 verbis
1468 4056 1758 4112 liortativis
1788 4072 1909 4113 sese
1938 4057 2067 4112 aedi-

488 4136 657 4192 ﬁcare
690 4137 860 4209 (quod
899 4142 1081 4197 adhuc
1104 4151 1294 4197 nostra
1319 4145 1485 4199 etiam
1511 4146 1776 4201 memoria
1799 4147 2063 4202 usitatum

487 4234 544 4281 et
576 4227 928 4285 observatum
975 4233 1149 4290 fuisse
1190 4238 1488 4307 novimus),
1543 4252 1643 4307 pro
1681 4238 1767 4293 his
1809 4239 2065 4295 omnibus

487 4318 694 4386 forum,
746 4323 1157 4396 nundinasque,
1213 4341 1277 4382 ac
1329 4343 1621 4385 commune
1666 4329 1969 4400 emporium
2012 4341 2065 4385 et

488 4418 706 4483 tempus
733 4412 867 4469 illud
892 4424 949 4472 et.
979 4417 1158 4473 locum
1195 4419 1456 4484 elﬁciunt,
1482 4422 1744 4476 continuo
1770 4436 1870 4477 nos
1898 4421 2061 4477 etiam

2164 3225 2296 3297 περὶ
2324 3223 2385 3277 τὸ
2415 3223 2558 3297 ἱερὸν
2593 3222 2831 3277 πωλοῦσι
2878 3223 2974 3277 καὶ
3003 3222 3341 3294 ἀγοράζουσι
3378 3220 3475 3291 τὴν
3514 3219 3711 3289 μάστιγα

2164 3316 2543 3371 ὲπανετείνατο
2582 3314 2716 3385 (54),
2754 3315 2830 3378 ὠς
2872 3314 2974 3384 τῆς
3018 3314 3290 3386 ἐμπορίας
3338 3314 3429 3367 τὸν
3471 3306 3603 3366 οἷκον
3637 3309 3725 3376 τῆς.

2165 3412 2472 3482 προσευχῆς
2508 3407 2910 3479 μεταποιούσης
2952 3409 3030 3470 εἰς
3080 3406 3352 3477 σπήλαιον
3401 3402 3616 3477 λῃστῶν.
3654 3399 3712 3451 Οὐ

2167 3501 2295 3571 μὴν,
2352 3499 2538 3571 ἐπειδὴ
2586 3500 2766 3571 ἕτεροι
2824 3497 3185 3571 προλαϐόντες
3241 3496 3607 3570 παρέφθειραν
3637 3493 3714 3561 τὴν

2164 3595 2570 3665 κεκρατηκυῖαν
2620 3593 2714 3645 ἐπὶ
2752 3591 2859 3646 τῶν
2909 3590 3079 3661 ἁγίων
3133 3590 3449 3662 συνήθειαν,
3496 3587 3582 3642 καὶ
3620 3583 3717 3637 ἀντὶ

2162 3684 2257 3738 τοῦ
2297 3684 2696 3757 προσεύχεσθαι
2737 3684 2879 3756 ὑπὲρ
2924 3683 3191 3755 ἀλλήλων,
3243 3684 3344 3736 καὶ
3406 3679 3541 3753 μετά
3578 3675 3721 3731 πλειό-

2164 3794 2270 3831 νων
2314 3779 2641 3847 προσκυνεῖν
2693 3777 2787 3831 καὶ
2841 3774 3193 3848 προσκλαίειν
3245 3773 3331 3846 τῷ
3374 3772 3513 3844 Θεῷ,
3549 3770 3632 3825 καὶ
3660 3765 3722 3831 ἐξ·

2169 3868 2483 3924 ιλάσκεσθαι
2520 3869 2619 3940 μὲν
2661 3868 2824 3924 αὐτὸν
2855 3868 2994 3940 ὑπὲρ
3040 3867 3151 3922 τῶν
3187 3865 3505 3937 ἁμαρτιῶν,
3536 3863 3722 3934 εύχαρι·

2168 3964 2313 4016 στεῖν
2362 3962 2419 4015 δὲ
2472 3961 2614 4034 ὑπὲρ
2653 3961 2762 4015 τῶν
2808 3958 3160 4033 εὐεργεσιῶν,
3212 3959 3523 4029 οἰκοδομεῖν
3562 3955 3612 4008 δὲ
3650 3950 3726 4005 διὰ

2163 4050 2259 4106 τοῦ
2289 4052 2448 4121 λόγου
2480 4052 2580 4122 τῆς
2620 4050 3041 4122 παρακλήσεως,
3088 4050 3225 4120 ὅπερ
3259 4047 3347 4101 ἔτι
3396 4046 3490 4101 καὶ
3524 4045 3609 4098 ἐπὶ
3643 4041 3725 4108 τῆς

2166 4145 2441 4216 ἡμετέρας
2485 4146 2702 4216 μνήμης
2755 4143 3092 4216 τηρούμενον
3133 4140 3427 4211 ἔγνωμεν,
3480 4138 3593 4193 ἀντὶ
3629 4132 3728 4186 τού-

2164 4251 2272 4289 των
2320 4233 2545 4306 ἀγοράν,
2590 4233 2686 4287 καὶ
2741 4233 3071 4305 πανήγυριν,
3120 4232 3218 4286 καὶ
3267 4230 3455 4285 κοινὸν
3499 4226 3727 4297 ἐμπόριον

2165 4326 2254 4379 τόν
2306 4342 2365 4378 τε
2404 4325 2592 4396 καιρὸν
2640 4324 2737 4377 καὶ
2785 4323 2878 4377 τὸν
2930 4327 3093 4377 τόπον
3143 4321 3433 4376 ποιοῦνται
3455 4360 3471 4384 ,
3517 4306 3728 4388 ῆδη’καὶ

2168 4419 2313 4489 ἡμᾶς
2353 4415 2666 4470 ἀκολουθεῖν
2705 4416 2891 4480 αὐτοῖς
2941 4415 3211 4487 προσῆκε,
3248 4415 3349 4467 καὶ
3398 4408 3637 4483 βεϐαιοῦν
3672 4404 3728 4457 τὰ

486 4500 590 4558 hos
625 4504 828 4561 imitari
859 4522 959 4578 par
992 4522 1097 4575 εει,
1129 4512 1357 4583 ejusque
1400 4514 1478 4569 rei
1519 4515 1937 4586 participatione
1966 4517 2058 4572 ab-

2171 4510 2348 4564 ᾰτοπα
2405 4511 2471 4580 τῇ
2535 4509 2791 4580 κοινωνίᾳ
2834 4507 2929 4561 τοῦ
2985 4506 3344 4577 πράγματος’
3402 4502 3539 4557 ἀλλά
3586 4498 3736 4569 μιμεῖ·

484 4595 654 4653 surda
695 4607 750 4654 et
798 4600 981 4671 inepta
1029 4602 1355 4659 conﬁrmare
1398 4622 1413 4657 :
1452 4604 1549 4659 sed
1585 4605 1746 4661 nobis
1789 4620 1885 4661 eos
1925 4621 2083 4663 eon-

489 4699 687 4747 ventus
736 4692 805 4748 ad
846 4693 1174 4749 imitandum
1209 4710 1518 4766 proponere
1552 4696 1836 4761 debemus,
1867 4697 1960 4767 qui
1996 4696 2064 4753 de

489 4779 724 4838 Domino
764 4791 957 4841 nostro
998 4785 1054 4840 in
1099 4784 1410 4857 Evangeliis
1462 4795 1777 4851 narrantur,
1836 4786 2068 4857 Aposto-

489 4874 639 4944 lique
691 4876 980 4943 mandata,
1028 4886 1287 4949 tanquam
1340 4894 1464 4950 quae
1524 4878 1590 4932 ad
1661 4879 1804 4934 hanc
1871 4883 2063 4950 agendi

487 4966 755 5025 rationem
786 4969 1120 5038 conducant,
1152 4970 1433 5041 perﬁcere.
1466 4967 1546 5025 Ita
1581 4979 1764 5025 autem
1804 4972 1997 5028 scribit
2050 4992 2062 5027 :

556 5109 603 5142 “
641 5108 833 5166 Matth.
868 5127 961 5180 ιι,
993 5111 1084 5168 29.
1164 5114 1210 5145 ¹²
1245 5111 1405 5169 Joan.
1441 5129 1478 5176 ιι
1503 5152 1518 5178 ,
1558 5111 1643 5167 l5.

559 5246 672 5323 (30)
695 5245 851 5323 Regii
877 5251 987 5308 duo
1014 5268 1138 5308 cum
1158 5252 1333 5323 γοδςἒ
1340 5253 1441 5321 τῆς
1469 5252 1527 5304 ἐν
1546 5250 1816 5323 ἀλλήλοις.
1840 5249 1983 5323 Editi
2010 5254 2068 5305 ὲν

559 5265 672 5320 (ου)
696 5265 851 5373 negti
877 5265 987 5308 duo
1014 5268 1138 5308 cum
1165 5265 1319 5310 Voss.
1340 5269 1441 5321 της
1469 5265 1527 5304 εν
1546 5265 1816 5323 ἀλληλοις.
1841 5265 1983 5305 nam
2010 5265 2068 5305 εν

488 5318 760 5442 ᾍλὲἓῶαι
812 5324 939 5379 aulo
1000 5336 1125 5380 ante
1187 5325 1244 5380 in
1296 5322 1451 5378 Colb.
1510 5324 1708 5395 legitur
1763 5321 2070 5393 ἀποδημίαν

491 5406 781 5445 ποιεισυαι.

484 5480 485 5489 η
562 5460 675 5527 (51)
703 5458 927 5519 Veteres
943 5463 1053 5520 duo
1079 5465 1201 5520 libri
1228 5462 1451 5519 ἐπὶτῶν
1484 5463 1686 5517 τόπων.

563 5528 673 5595 (52)
700 5528 855 5588 Unus
878 5550 983 5590 ms.
1010 5536 1118 5590 τῶν
1144 5534 1545 5590 δυσαλλάκτων.
1571 5534 1773 5589 Ibidem
1792 5534 1933 5591 alius
1960 5549 2069 5590 ms.

492 5600 587 5652 καὶ
613 5599 966 5660 πλεονεκτῶν.
1000 5654 1009 5663 ,

566 5667 677 5738 (55)
714 5669 870 5748 Regii
915 5675 1024 5748 duo
1072 5691 1217 5748 cum,
1249 5675 1410 5732 Voss.
1461 5676 1520 5729 ὲν
1558 5677 1682 5748 τοῖς
1703 5673 1827 5748 περὶ
1870 5676 2069 5748 αὐτοὺς

493 5736 734 5818 adligatis...
760 5736 940 5818 Codex
987 5747 1144 5803 Colb.
1181 5747 1262 5818 ᾉὲν
1290 5749 1419 5818 ,τοῖς
1458 5745 1587 5818 περὶ
1628 5736 1831 5818 αύτοῦςΔ
1860 5736 2067 5809 τόποιςξ

498 5805 675 5863 Εάὶιίο
695 5806 865 5867 Paris.
883 5821 1085 5883 pariter
1100 5833 1163 5874 ac
1180 5805 1544 5881 Βθςὶ1.ὲντοῖξ
1564 5832 1630 5868 πε
1640 5816 1690 5887 pl
1708 5805 1845 5871 αὑτά
1863 5805 2065 5882 τόποις.

2173 4600 2296 4656 σθαι
2327 4601 2437 4670 (35)
2467 4600 2565 4664 τὰς
2592 4600 2686 4654 ἐπὶ
2730 4598 2824 4653 τοῦ
2860 4599 3066 4672 Κυρίου
3094 4602 3127 4671 ὴ
3138 4598 3253 4671 μῶν
3301 4596 3485 4669 Ἰησοῦ
3524 4588 3730 4664 Χριστοῦ

2166 4695 2224 4747 ὲν
2250 4697 2361 4757 τοῖς
2397 4691 2748 4762 Εὐαγγελίοις
2778 4691 3169 4763 ἱστορουμένας
3199 4689 3479 4754 συνόδους,
3509 4686 3598 4741 καὶ
3624 4683 3737 4751 πληο

2169 4786 2296 4860 ροῦν
2322 4785 2395 4839 τά
2419 4786 2525 4840 ὑπὸ
2550 4786 2642 4839 τοῦ
2690 4784 3015 4839 Ἀποστόλου
3046 4784 3122 4848 ὡς
3157 4780 3519 4836 συντελοῦντα
3544 4776 3617 4847 τῷ
3642 4789 3734 4827 τοι·

2167 4881 2309 4950 ούτῳ
2338 4878 2493 4950 τύπῳ
2540 4877 2963 4949 διατεταγμένα.
3000 4876 3208 4947 Γράφει
3252 4874 3323 4928 δὲ
3353 4873 3561 4937 οὕτως·
3586 4872 3738 4923 Ὅταν

2169 4971 2552 5042 συνέρχησθε
2573 5010 2588 5036 ,
2623 4969 2883 5035 ἕκαστος
2919 4967 3090 5039 ὑμῶν
3122 4967 3376 5038 ψαλμὸν
3414 4965 3561 5035 ἔχει,
3598 4957 3736 5014 διδα-

2175 5252 2468 5322 Aliquanto
2491 5256 2615 5320 post
2636 5264 2779 5305 unus
2810 5244 3253 5322 ηιμ-ὑπόμνησιν
3279 5238 3627 5322 ἐξελθόντες,
3645 5232 3738 5322 Nec

2173 5324 2248 5377 ita
2281 5307 2507 5375 'multo'
2543 5329 2664 5389 post
2694 5319 2943 5385 impressi
2962 5307 3096 5389 libri
3116 5307 3211 5389 καὶ
3252 5313 3511 5366 πάντοτε.
3538 5307 3739 5365 Veteres

2175 5405 2284 5447 tres
2314 5392 2436 5464 libri
2456 5386 2656 5464 praeter
2683 5389 2845 5446 Voss.
2878 5386 3357 5464 καίπερ-πάντοτε.
3519 5454 3536 5464 _

2247 5462 2359 5533 (54)
2393 5448 2532 5515 Εᾶἰιί
2584 5470 2640 5533 et
2672 5464 2805 5532 Reg.
2833 5448 3481 5531 μνίωιιέὲπανετείνετο.
3505 5450 3608 5527 Alii
3643 5448 3738 5505 duo

2178 5532 2747 5606 ωεευέπανετείνατο.
2761 5598 2807 5606 __
2995 5597 3006 5606 _
3281 5594 3292 5606 ι
3455 5591 3481 5603 ,
3602 5592 3613 5606 υ

2254 5604 2367 5671 (55)
2384 5602 2553 5657 Paulo
2582 5604 2739 5658 aliter
2761 5598 2926 5657 Voss.
2956 5597 3054 5672 τῂν
3080 5594 3364 5672 κοινωνίαν
3385 5594 3485 5672 τοῦ
3514 5594 3738 5672 πρᾶγμα·

2182 5636 2983 5745 τοξτσάίλϊῖαῑίῖξτέναῖε-ξ
2996 5636 3375 5745 151.31.33.33.

2177 5734 2273 5819 τοῦ
2308 5734 2651 5819 πρᾲγμξιτος,
2684 5734 2994 5819 μεῖν’.)ιλὸνδέ.¹
3018 5734 3187 5819 Haud;
3210 5737 3363 5819 longe
3389 5750 3557 5819 voces
3584 5734 3743 5801 Ἰησιῦ

2179 5804 2415 5888 Χριστοῦ
2435 5804 2755 5871 addidimus
2790 5830 2853 5870 ex
2886 5809 3128 5883 antiquis
3158 5804 3371 5864 duobus
3403 5804 3580 5860 libris.
