3948 6240
247 276 378 330 1021

1342 279 1647 335 ΗΕΟΕΙ..Ε
1689 278 1942 334 FUSIUS
1982 279 2406 338 TRAC-TATE.

3379 285 3504 341 καί

243 394 365 463 χήν
402 395 549 463 ἕχει,
609 396 999 466 ἀποκάλυψιν
1025 397 1172 466 ἔχει,
1225 397 1516 466 γλῶσσαν
1547 399 1692 467 ἔχει,
1738 399 1825 467 ἐρ-

1938 397 2066 454 Cum
2089 400 2395 465 convenitis,
2427 401 2782 470 unusquisque
2801 411 3026 455 oestrum
3039 402 3300 468 psalmum
3327 402 3502 462 habet,

241 487 494 554 μηνείαν
521 487 675 556 ἔχει’
710 487 906 541 πάντα
939 489 1086 556 πρὸς
1123 490 1447 560 οἰκοδομὴν
1477 491 1750 560 γινέσθω.

777 765 1106 819 ΕΡΩΤΗΣιΣ
1143 752 1258 820 an?

568 853 702 921 Περὶ
731 856 1046 922 αὐθεντίας
1077 859 1174 911 καὶ
1210 860 1502 928 ὑπακοῆς.

834 971 1224 1028 ΑΠΟΚΡΙΣΙΣ.

319 1057 370 1112 l.
416 1058 504 1111 Ἐν
556 1058 747 1124 αὑταῖς
797 1060 975 1130 μέντοι
1015 1064 1135 1125 ταῖς
1180 1065 1699 1137 συγκεχωρημέναις
1734 1066 1824 1119 τέ-

239 1163 401 1217 χναις
432 1147 532 1217 οὐχ
563 1146 792 1210 ἕκαστος
821 1148 890 1217 ἢν
920 1149 1053 1218 ἔχει,
1089 1151 1120 1220 ἢ
1173 1149 1419 1220 βούλεται
1451 1154 1662 1224 μαθεῖν,
1704 1157 1825 1209 ἐπι-

239 1237 544 1307 τρέπεσθαι
569 1237 770 1306 ὀφείλει
794 1239 928 1309 (36),
948 1241 1063 1293 ἀλλ’
1087 1245 1166 1305 εἰς
1191 1245 1258 1313 ἣν
1279 1244 1345 1298 ἂν
1371 1245 1670 1319 δοκιμασθῇ
1703 1249 1825 1302 ἐπι-

237 1328 452 1398 τήδειος
500 1324 656 1382 εἶναι.
689 1328 748 1382 '0
778 1329 888 1401 γὰρ
915 1330 1290 1402 ἀρνησάμενος
1312 1334 1518 1401 ἑαυτὸν,
1542 1337 1633 1389 καὶ
1651 1338 1825 1391 πάντα

236 1420 308 1472 τὰ
341 1417 536 1471 ἑαυτοῦ
571 1417 850 1489 θελήματα
878 1420 1367 1492 ἀποθέμενος,οὑχὶ
1397 1423 1426 1476 ὃ
1455 1424 1697 1478 Βούλεται
1715 1427 1825 1497 (57)

237 1511 407 1574 ποιεῖ,
445 1508 562 1562 ἀλλ’
599 1509 627 1561 ὃ
670 1509 1000 1569 διδάσκεται.
1050 1514 1125 1566 (Jb
1175 1514 1281 1586 μὴν
1329 1515 1450 1569 οὐδὲ
1501 1517 1593 1585 ἀφ’
1632 1517 1825 1570 ἑαυτοῦ

235 1601 563 1670 ἐκλέγεσθαι
601 1602 660 1654 τὸ
703 1605 984 1675 συμφέρον
1017 1610 1290 1678 συγχωρεῖ
1320 1611 1348 1661 ὁ
1383 1609 1539 1678 λόγος
1573 1610 1650 1680 τῷ
1682 1611 1827 1676 ἅπαξ

233 1693 337 1761 τὴν
371 1692 566 1746 ἐαυτοῦ
593 1693 902 1764 οἰκονομίαν
950 1697 1302 1768 ἐπι-«τρέψαντι
1346 1700 1577 1772 ἑτέροις,
1605 1702 1654 1753 οἳ
1690 1702 1826 1773 πρὸς
1857 1739 1900 1798 Β

233 1787 378 1856 ὅπερ
403 1786 473 1840 ἂν
501 1786 890 1856 καταμάθωσιν
923 1790 980 1840 ἐν
1005 1789 1226 1859 ὀνόματι
1252 1791 1460 1862 Κυρίου
1494 1793 1820 1863 ἐπιτήδειον,

234 1882 317 1941 εἰς
350 1881 529 1931 ἐκεῖνο
560 1878 719 1932 αὐτὸν
747 1879 1026 1944 τάξουσινκ·
1062 1883 1184 1934 ἐπεὶ
1216 1882 1244 1935 ὃ
1277 1899 1339 1950 γε
1373 1883 1493 1937 κατ’
1532 1883 1665 1937 ἰδίαν
1705 1885 1826 1938 ἐπι-

234 1969 442 2040 θυμίαν
482 1971 837 2044 ἐκλεγόμενος
867 1973 1026 2044 ἔργον
1064 1976 1396 2046 κατηγορίαν
1422 1976 1619 2030 ἑαυτοῦ
1655 1976 1820 2046 ἐκφέ-

233 2077 342 2128 ρει,
379 2062 600 2133 πρῶτον
638 2064 736 2132 μὲν
767 2064 1194 2136 αὑταρεσκείας,
1248 2064 1472 2125 ἔπειτα.
1523 2066 1604 2119 ὅτι
1659 2065 1693 2137 ἢ
1738 2065 1826 2119 διὰ

226 2154 392 2219 δόξαν
425 2155 720 2226 κοσμικὴν,
751 2156 785 2228 ἢ
816 2156 902 2210 διά
934 2157 1157 2229 κέρδους
1201 2158 1410 2222 ἐλπίδα,
1440 2159 1474 2230 ἢ
1515 2158 1604 2212 διά
1637 2175 1689 2212 τι
1717 2176 1829 2211 τοι-

228 2246 391 2300 οῦτον
432 2247 814 2318 προσπέπονθε
859 2248 936 2319 τῷ
989 2251 1404 2322 ἐπιτηδεύματι,
1452 2251 1486 2324 ἢ
1550 2252 1620 2306 δι’
1664 2251 1823 2306 ὖκνον

230 2339 330 2390 καὶ
369 2337 647 2409 ρᾳθυμίαν
683 2343 923 2411 προτιμᾷ
955 2341 1014 2394 τὸ
1041 2343 1389 2415 κουφότερον.
1425 2343 1499 2396 Τὸ
1536 2343 1592 2397 δὲ
1624 2345 1680 2396 ἐν
1706 2343 1830 2396 τού-

225 2443 342 2489 τοις
358 2420 502 2480 εἶναι
524 2428 793 2495 ἀπόδειξίς
812 2430 925 2482 ἐστι
940 2429 1034 2483 τοῦ
1060 2432 1225 2501 μήπω
1242 2433 1352 2504 (38)
1370 2432 1711 2503 ἀπηλλάχθαι
1728 2434 1827 2505 τῆς

225 2517 338 2568 τῶν
366 2517 562 2571 παθῶν
589 2519 808 2581 κακίας.
839 2519 977 2571 Οὔτε
1004 2519 1061 2572 δὲ
1102 2523 1379 2592 ἠρνήσατο
1409 2523 1598 2576 ἐαυτὸν
1636 2525 1664 2575 ὁ
1693 2524 1830 2587 ἰδίας

224 2609 410 2681 ὁρμὰς
445 2611 688 2662 ἐκτελεῖν
728 2610 917 2676 θέλων,
960 2609 1083 2665 οὔτε
1113 2613 1420 2678 ἀπετάξατο
1457 2617 1569 2678 τοῖς
1607 2614 1701 2668 τοῦ
1739 2617 1829 2669 κό-

226 2717 373 2770 σμου
405 2701 750 2772 πράγμασιν,
781 2703 938 2773 εἴπερ
966 2702 1046 2756 ἐτι
1073 2704 1209 2775 πρὸς
1237 2705 1424 2776 κέρδος
1453 2706 1548 2760 καὶ
1586 2708 1723 2778 πρὸς
1753 2709 1832 2762 δό-

227 2793 325 2858 ξαν
343 2793 614 2864 ἐπτόηται
633 2795 762 2864 (59).
782 2796 915 2848 Οὐδὲ
952 2795 1057 2867 μὴν
1088 2796 1389 2867 ἐνέκρωσεν
1412 2797 1577 2851 αὐτοῦ
1601 2799 1666 2852 τὰ
1695 2800 1828 2872 μέλη

225 2886 297 2938 τὰ
327 2885 429 2936 ἐπὶ
474 2885 577 2954 τῆς
606 2886 708 2955 γῆς
742 2886 771 2938 ὁ
793 2886 884 2939 τὸν
927 2887 986 2940 ἐν
1028 2890 1141 2951 τοῖς
1170 2887 1351 2958 ἔργοις
1385 2889 1554 2942 κόπον
1591 2891 1663 2960 μὴ
1691 2892 1825 2943 ὐπο-

229 2978 413 3048 μένων
435 2994 449 3007 '
486 2978 624 3032 ἀλλά
657 2980 755 3033 καὶ
793 2980 1083 3046 αὐθαδείας
1129 2982 1327 3053 δεῖγμα
1365 2984 1484 3037 καθ’
1511 2984 1704 3036 ἑαυτοῦ
1734 2986 1828 3038 ὲκ-

1925 492 2224 546 doctrinam
2254 493 2430 556 habet,
2462 493 2822 562 apocalypsim
2851 492 3024 554 habet,
3065 494 3296 563 linguam
3326 493 3504 554 habet,

1928 586 2409 652 interpretationem
2468 583 2621 638 habet
2674 601 2692 637 :
2742 585 2922 638 omnia
2974 585 3042 638 ad
3101 585 3502 654 (edi/irationem

1969 689 2058 732 ant
2101 679 2168 736 ".

1926 681 2058 748 ﬁant
2101 681 2168 736 ".

2367 766 2893 824 INTERROGATIO
2928 767 3066 824 XLI.

2269 859 2345 914 De
2395 861 2712 914 auctoritate
2759 869 2806 912 et
2859 858 3176 912 obedientia.

2520 969 2922 1026 RESPONSIO.

1999 1066 2050 1121 1.
2088 1065 2234 1120 Sane
2275 1065 2330 1119 in
2375 1065 2463 1120 his
2500 1065 2634 1134 ipsis
2667 1079 2788 1134 qua:
2811 1078 3089 1118 concessae
3114 1069 3241 1116 sunt
3270 1061 3506 1126 artibus,

1926 1172 2275 1228 nequaquam
2317 1154 2743 1226 permittendum
2781 1162 2866 1209 est
2908 1153 3226 1222 unicuique,
3261 1159 3319 1205 ut
3358 1166 3504 1214 eam,

1929 1264 2094 1319 quam
2123 1248 2309 1307 callet,
2355 1254 2449 1300 aut
2493 1247 2704 1301 discere
2745 1246 2876 1312 vult,
2918 1251 3211 1300 exerceat:
3241 1240 3505 1302 sedeam.

1928 1339 1996 1392 ad
2044 1353 2208 1410 quam
2256 1337 2596 1408 judicabitur
2645 1337 2898 1392 idoneus.
2945 1335 3084 1388 Nam
3135 1333 3228 1404 qui
3273 1348 3332 1388 se
3387 1333 3504 1399 ipse

1929 1429 2237 1500 abnegavit,
2270 1443 2438 1499 seque
2474 1429 2733 1498 spoliavit
2766 1427 3028 1482 omnibus
3064 1426 3180 1480 suis
3211 1421 3505 1478 voluntati-

1929 1524 2052 1588 bus,
2078 1538 2188 1577 uon
2219 1522 2367 1592 quod
2402 1521 2541 1582 vult,
2581 1521 2732 1584 facit,
2764 1520 2856 1574 sed
2891 1518 3032 1588 quod
3063 1517 3227 1587 387
3253 1514 3501 1568 docetur.

1928 1613 2112 1685 Neque
2137 1629 2268 1669 vero
2307 1614 2446 1668 ratio
2486 1613 2617 1668 sinit
2644 1628 2768 1667 eum
2794 1628 2824 1665 a
2863 1613 3157 1680 semetipso
3194 1609 3339 1679 quod
3371 1609 3506 1662 utile

1929 1717 2012 1762 est
2039 1707 2299 1776 deligere,
2330 1706 2422 1776 qui
2454 1705 2621 1758 semel
2657 1704 3014 1774 semetipsum
3050 1703 3172 1757 aliis
3195 1700 3506 1772 gubernan—

1928 1797 2055 1851 dum
2085 1794 2396 1859 tradiderit,
2432 1794 2523 1864 qui
2556 1793 2623 1847 ad
2649 1793 3020 1863 quodcunque
3048 1807 3171 1846 eum
3202 1791 3256 1844 in
3285 1790 3505 1843 nomine

1928 1887 2144 1942 Domini
2192 1888 2446 1941 idoneum
2497 1885 2880 1954 cognoverint,
2921 1883 2988 1938 ad
3041 1884 3095 1937 id
3154 1881 3507 1936 destinabunt

1928 1979 2130 2049 ipsum.
2181 1979 2444 2048 Quisquis
2472 1978 2614 2032 enim
2641 1977 2696 2031 in
2728 1991 2892 2047 opere
2914 1974 3197 2044 deligendo
3221 1971 3504 2042 cupiditati

1929 2085 2041 2124 sua
2083 2070 2428 2139 obsequitur,
2483 2068 2765 2124 insimulat
2813 2082 2873 2122 se
2917 2067 3054 2137 ipse.
3108 2063 3347 2118 Primum
3384 2063 3507 2132 qui-

1927 2161 2075 2225 dem,
2125 2161 2272 2231 quod
2325 2161 2537 2231 placeat
2599 2159 2730 2228 sibi]
2753 2160 2856 2229 ipsi
2903 2179 2916 2212 :
2963 2159 3177 2220 deinde,
3225 2155 3367 2225 quod
3413 2162 3508 2208 aut

1930 2259 2153 2323 propter
2180 2252 2406 2322 gloriam
2451 2250 2805 2312 mundanam,
2840 2258 2934 2304 aut
2969 2257 3188 2320 propter
3232 2263 3382 2316 spem
3424 2247 3506 2298 lu-

1930 2343 2033 2405 eri,
2065 2352 2159 2397 aut
2185 2353 2413 2414 propter
2445 2343 2651 2412 aliquid
2685 2341 3022 2411 hujusmodi,
3051 2340 3118 2394 ad
3155 2339 3296 2393 hanc
3332 2346 3505 2392 artem

1931 2437 2290 2507 propendeat,
2331 2443 2426 2489 aut
2459 2435 2604 2504 quod
2641 2434 2880 2488 laborem
2929 2432 3188 2486 leviorem
3215 2439 3507 2500 anteponat

1931 2529 2000 2582 ob
2028 2528 2310 2597 segnitiem
2353 2535 2517 2596 atque
2560 2526 2888 2583 socordiam.
2923 2524 3057 2580 Cum
3086 2532 3265 2578 autem
3296 2521 3419 2591 quis
3449 2521 3506 2574 in

1930 2620 2017 2675 his
2060 2620 2207 2673 vitiis
2247 2628 2520 2682 versatur,
2564 2625 2948 2688 argumentum
2981 2622 3065 2670 est
3090 2613 3333 2669 nondum
3361 2613 3506 2666 hunc

1933 2728 1963 2767 a
1989 2712 2350 2782 cupiditatum
2377 2710 2716 2781 malignitate
2743 2710 2971 2764 liberum
3002 2722 3142 2764 esse.
3165 2705 3349 2774 Neque
3377 2719 3508 2756 vero

1933 2817 1994 2856 se
2037 2803 2342 2872 abnegavit,
2399 2802 2493 2872 qui
2544 2802 2660 2856 suis
2733 2800 2999 2854 inservire
3033 2799 3148 2852 vult
3195 2795 3505 2860 affectibus,

1934 2907 2110 2962 neque
2141 2892 2351 2946 remisit
2379 2891 2630 2944 nuntium
2661 2889 2849 2943 mundi
2885 2887 3140 2958 negotiis.
3172 2901 3295 2940 cum
3328 2883 3508 2938 adhuc

1936 2983 2072 3037 lucri
2117 2991 2171 3037 et
2217 2981 2406 3053 gloriae
2460 2981 2732 3037 desiderio
2786 2988 3057 3035 teneatur.
3108 2976 3294 3048 Neque
3343 2976 3508 3030 etiam

225 3070 824 3142 φέρει,ἅκρι6εστέραν
842 3071 953 3140 (40)
971 3072 1214 3143 οἰόμενος
1242 3068 1496 3145 εἶναιτὴν
1533 3075 1667 3129 ἰδίαν
1700 3077 1825 3129 ἐαυ-

1938 3074 2284 3130 mortiﬁcavit
2329 3073 2575 3129 membra
2620 3088 2719 3128 sua
2761 3071 3064 3134 terrestria,
3102 3071 3196 3140 qui
3239 3083 3348 3123 non
3378 3085 3507 3123 sus~

225 3163 324 3216 τοῦ
352 3161 542 3234 κρίσιν
556 3164 655 3233 τῆς
681 3163 790 3216 τῶν
815 3163 1075 3218 πλειόνων
1095 3165 1440 3236 δοκιμασίας.
1462 3167 1584 3219 Εἴτε
1600 3163 1692 3221 οὖν
1715 3167 1826 3238 ἔχει

221 3271 311 3316 τις
338 3254 544 3324 τέχνην
582 3251 656 3323 μὴ
692 3254 1146 3324 κατεγνωσμένην
1181 3255 1285 3308 ὑπὸ
1318 3255 1411 3308 τοῦ
1446 3256 1648 3321 κοινοῦ,
1685 3258 1822 3310 ἀπο-

223 3345 415 3416 πηδᾷν
489 3345 663 3415 αὐτῆς
705 3345 805 3398 οὐκ
864 3346 1100 3414 ὀφείλειο
1145 3347 1378 3400 ἀστάτου
1423 3348 1532 3420 γὰρ
1579 3348 1824 3420 γνώμης,

225 3440 326 3491 καὶ
342 3437 725 3509 προαιρέσεως
744 3436 1020 3501 ἀϐεϐαίου,
1039 3438 1335 3503 ἐξουθενεῖν
1350 3439 1460 3511 (41)
1477 3442 1544 3494 τὰ
1562 3443 1821 3512 παρόντα·

223 3531 345 3583 εἴτε
386 3530 464 3601 μὴ
503 3529 637 3601 ἔχει,
673 3529 747 3602 μὴ
778 3531 954 3602 ἐαυτῷ
1000 3530 1354 3602 λαμϐανέτωο
1387 3532 1526 3586 ἀλλά
1567 3533 1628 3586 τὸ
1677 3535 1826 3605 παρὰ

224 3622 346 3676 τῶν
383 3620 651 3692 μειζόνων
685 3621 1014 3694 δοκιμασθέν
1058 3622 1421 3694 ὑπώεχέσθω,
1457 3625 1546 3678 ἵνα
1575 3626 1632 3676 ἐν
1666 3625 1826 3678 παντὶ

222 3714 289 3767 τὸ
316 3711 579 3776 εὐπειθὲς
604 3712 847 3785 διασώζῃ
885 3712 1016 3785 (42).
1063 3715 1150 3778 Ὠς
1187 3715 1244 3768 δὲ
1287 3714 1350 3768 τὸ
1395 3715 1573 3786 ἐαυτῷ
1608 3717 1826 3788 ἐπιτρέ-

229 3823 361 3860 πειν
391 3805 646 3876 ἀπρεπὲς
679 3805 996 3877 ἀπεδείχθη,
1025 3805 1167 3859 οὕτω
1210 3807 1306 3860 καὶ
1346 3808 1408 3860 τὸ
1457 3809 1586 3878 παρ’
1629 3807 1830 3877 ἐτέρων

224 3898 498 3970 ἐγκριθέν
555 3897 630 3968 μὴ
680 3899 1112 3969 καταδέχεσθαι,
1170 3901 1616 3972 κατεγνωσμένον
1661 3903 1826 3954 ἐστίν.

238 3991 413 4044 Ἀλλά
441 3991 540 4044 καὶ
579 3989 674 4043 ἐὰν
708 3990 805 4062 ἔχῃ
852 4007 937 4055 τις
981 3992 1199 4062 τέχνην,
1230 3993 1305 4064 μὴ
1338 3994 1548 4066 ἀρέσκῃ
1576 3993 1630 4046 δὲ
1664 3995 1829 4066 αὐτῆς

225 4085 261 4155 ἢ
289 4082 445 4154 Χρῆσ
451 4099 502 4146 ις
530 4084 598 4153 τῇ
619 4082 962 4154 ἀδελφότητι,
990 4085 1220 4155 ἑτοίμως
1235 4085 1404 4156 αὐτὴν
1425 4086 1828 4157 ἀπορῤιπτέτω,

224 4175 476 4238 δεικνὺς,
513 4173 594 4227 ὅτι
631 4173 766 4245 πρὸς
806 4175 954 4228 οὐδὲν
991 4175 1100 4230 τῶν
1142 4177 1203 4228 ἐν
1226 4176 1304 4247 τῷ
1337 4176 1527 4247 κόσμῳ
1570 4177 1831 4247 ἐμπαθῶς

224 4269 532 4323 διάκειται.
563 4267 710 4320 Διότι
745 4267 805 4320 τὸ
837 4267 936 4338 μὲν
977 4270 1150 4321 ποιεῖν
1180 4269 1248 4322 τὰ
1276 4269 1557 4340 θελήματα
1588 4268 1696 4321 τῶν
1718 4269 1835 4322 δια-

227 4359 399 4412 νοιῶν
430 4357 527 4412 τοῦ
565 4357 641 4429 μὴ
684 4359 899 4428 ἔχοντός
930 4361 1078 4412 ἐστιν
1116 4360 1323 4424 ἐλπίδα,
1373 4360 1513 4413 κατὰ
1545 4360 1636 4413 τὸν
1678 4360 1832 4429 λόγον

226 4452 327 4506 τοῦ
370 4451 730 4506 Ἀποστόλοψ
779 4453 840 4506 τὺ
877 4453 934 4505 δὲ
981 4455 1038 4506 ἐν
1082 4451 1243 4506 παντὶ
1276 4454 1525 4518 εὐπειθὲς
1561 4454 1830 4525 ἀποδοχῆς

225 4546 410 4612 ἀξιον,
470 4543 568 4598 τοῦ
628 4545 792 4598 αὐτοῦ
848 4546 1169 4598 Ἀποστόλου
1229 4545 1574 4610 ἐπαινοῦντός
1641 4565 1828 4612 τινας,

223 4637 311 4688 ὅτι
334 4634 451 4704 (45)
473 4633 698 4698 ἑαυτοὺς
719 4633 922 4688 ἔδωκαν
946 4634 1158 4706 πρῶτον
1186 4635 1265 4707 τῷ
1295 4637 1503 4709 Κυρίῳ,
1526 4637 1713 4692 ἔπειτα
1739 4642 1833 4694 καὶ

226 4729 370 4799 ἡμῖν
404 4725 495 4778 διὰ
522 4725 827 4796 θελήματος
856 4726 1012 4780 Θεοῦ.

1931 3168 2068 3221 tinet
2103 3181 2330 3236 operum
2371 3166 2615 3221 laborem
2652 3182 2664 3218 :
2704 3163 2798 3219 sed
2835 3162 3018 3232 potius
3051 3176 3164 3231 prze
3197 3176 3256 3214 se
3291 3158 3391 3213 fert
3418 3173 3508 3210 ar-

1932 3268 2214 3329 rogantem
2271 3274 2394 3314 esse
2443 3274 2502 3313 se
2549 3265 2604 3311 et
2648 3264 3063 3319 contumacem,
3113 3263 3166 3308 ut
3205 3254 3299 3322 qui
3347 3267 3507 3306 suum

1930 3354 2092 3407 unius
2137 3351 2408 3420 judicium
2457 3350 2658 3404 melius
2707 3364 2832 3404 esse
2865 3348 3032 3402 ducat
3073 3353 3126 3400 et
3156 3345 3508 3414 praestantius

1932 3447 2168 3517 plurium
2209 3443 2497 3498 sententia.
2547 3441 2671 3495 Sive
2712 3440 2876 3510 igitur
2920 3445 3067 3491 tenet
3106 3437 3230 3506 quis
3273 3444 3443 3488 artem
3477 3451 3507 3486 a

1931 3535 2326 3590 communitate
2349 3533 2494 3587 haud
2535 3531 2916 3601 improbatam,
2948 3543 3064 3582 eam
3114 3529 3365 3581 deserere
3397 3541 3506 3578 non

1933 3626 2095 3680 debet
2138 3630 2244 3694 (est
2286 3623 2432 3677 enim
2481 3621 2649 3674 animi
2691 3619 3080 3681 inconstantis,
3111 3627 3162 3671 et
3199 3616 3396 3670 mentis
3431 3616 3510 3668 in-

1932 3729 2118 3784 certze,
2167 3716 2324 3771 nihili
2378 3714 2558 3768 facere
2606 3711 2918 3784 praesentia)
2967 3729 2978 3762 :
3029 3711 3143 3763 sive
3182 3723 3289 3760 non
3323 3707 3506 3768 habet,

1934 3813 2038 3867 sibi
2071 3811 2173 3880 ipsi
2202 3825 2272 3863 ne
2299 3814 2501 3870 sumat,
2537 3805 2632 3859 sed
2661 3803 2805 3874 quod
2837 3818 2864 3854 a
2897 3801 3197 3870 majoribus
3221 3798 3508 3868 probatum

1931 3921 2039 3971 est,
2071 3907 2358 3976 suscipiat,
2405 3912 2465 3958 ut
2512 3903 2566 3956 in
2604 3900 2860 3956 omnibus
2900 3896 3207 3952 obcdientia
3239 3901 3506 3948 servetur.

1934 3997 2400 4067 Quemadmodum
2453 4003 2636 4049 autem
2685 3991 2788 4046 sibi
2833 3991 2938 4060 ipsi
2975 3989 3241 4042 delectum
3287 3983 3509 4054 permit-

1935 4103 2071 4153 tere,
2121 4090 2439 4144 indecorum
2475 4101 2598 4141 esse
2628 4091 2993 4139 monstratum
3019 4086 3104 4133 est
3141 4095 3154 4130 :
3198 4078 3269 4129 ita
3294 4088 3510 4144 quoque

1938 4202 2048 4240 rem
2102 4184 2169 4237 ab
2227 4182 2351 4235 aliis
2403 4179 2756 4250 approbatam
2803 4190 2913 4230 non
2959 4171 3264 4240 suscipere,
3307 4167 3509 4238 probro

1936 4276 2188 4329 vertitur.
2227 4273 2341 4326 lino
2371 4271 2536 4325 etiam
2569 4269 2615 4324 si
2646 4269 2770 4338 quis
2796 4266 2995 4318 habeat
3026 4271 3220 4325 artem,
3253 4273 3361 4314 non
3390 4258 3509 4326 pla-

1937 4373 2057 4420 ceat
2098 4369 2282 4416 autem
2324 4361 2444 4430 ejus
2493 4373 2626 4412 usus
2678 4353 3029 4414 fraternitati,
3071 4349 3290 4420 abjiciat
3335 4348 3508 4416 ipsam

1940 4463 2192 4526 prompto
2221 4452 2428 4517 animo,
2448 4464 2617 4518 seque
2643 4445 2849 4500 nullius
2877 4444 2952 4498 rei
2983 4440 3272 4495 mundanae
3304 4433 3511 4490 studio-

1939 4524 2058 4602 sum
2093 4560 2214 4600 esse
2259 4540 2532 4596 ostendat.
2578 4537 2715 4592 Nam
2757 4534 2938 4588 facere
2973 4532 3190 4602 quidem
3226 4524 3510 4596 cogitatio-

1939 4653 2069 4694 num
2120 4635 2470 4695 voluntates,
2518 4629 2639 4698 ejus
2692 4634 2776 4682 est
2823 4624 2915 4695 qui
2964 4637 3112 4693 spem
3158 4633 3267 4673 non
3313 4615 3507 4676 habet,

1941 4733 2092 4802 juxta
2124 4725 2370 4798 Apostoli
2400 4723 2727 4778 sententiam
2758 4719 2805 4751 ’⁸
2836 4737 2850 4770 ;
2892 4715 2986 4771 scd
3023 4712 3262 4802 exhibita
3305 4709 3509 4802 in‘om-

227 4798 406 4872 uibus
461 4803 795 4882 obiadieutia,
839 4818 1100 4886 quiddam
1152 4825 1236 4872 est
1301 4818 1460 4874 laude
1520 4820 1781 4891 dignum,
1845 4798 1968 4879 cum
2022 4821 2164 4874 idem
2223 4815 2522 4886 Apostolus
2577 4812 2789 4881 aliquos
2840 4805 3044 4868 laudet,
3101 4801 3244 4874 quod
3300 4798 3509 4866 seipsos

226 4909 498 4964 dederint
541 4908 779 4980 primum
815 4906 1067 4972 Domino,
1095 4908 1297 4964 deinde
1338 4911 1501 4964 etiam
1536 4912 1694 4968 nobis
1733 4930 1828 4984 per
1863 4915 2198 4968 voluntatem
2223 4907 2317 4963 Dei
2350 4909 2418 4959 ’⁸.

306 5094 356 5125 ³³
399 5091 418 5146 1
455 5091 586 5150 Cor.
624 5110 714 5148 XIV
769 5093 859 5149 9.6.
934 5095 982 5126 "‘
1018 5094 1039 5147 l
1074 5096 1268 5152 Thess.
1315 5114 1390 5160 Iv,
1425 5098 1510 5152 12.
1587 5103 1632 5132 ³⁸
1672 5101 1716 5154 ll
1750 5101 1825 5157 Co

1938 5119 2011 5156 un
2033 5139 2051 5164 ,
2085 5099 2138 5154 5.

306 5256 427 5330 (36)
449 5254 624 5330 ΕᾱίιίΔ
659 5263 714 5330 et
740 5255 878 5330 Reg.
923 5256 1118 5330 tertius
1151 5259 1272 5328 οὐχὶ
1300 5261 1530 5330 ἕκαστον
1559 5263 1626 5330 ἢν
1667 5263 1827 5324 αὐτὸς

231 5327 494 5401 βοόλεται
524 5324 764 5401 μαθεῖνη
789 5324 1178 5398 ἐπιτρέπεσθαι
1209 5324 1336 5399 χ’ρή.
1364 5329 1496 5401 Heg.
1531 5324 1742 5400 primus
1774 5343 1828 5385 el.

225 5399 393 5452 (λιιι).
427 5397 501 5448 ita
537 5404 594 5449 ut
625 5397 915 5450 edidimus.

306 5467 426 5536 (57)
459 5465 597 5537 δοες.
636 5467 845 5534 primus
880 5468 979 5536 οὐχ
1003 5467 1084 5520 ὅτι
1117 5467 1383 5537 βούλεται.

456 5535 590 5612 ξος.
625 5537 835 5606 primus
859 5535 1166 5612 τοῦμήπω.
1201 5538 1343 5612 Editi
1377 5541 1468 5594 τοῦ
1512 5544 1609 5612 μή.

307 5606 426 5683 (59)
479 5606 783 5683 ldeu_l__ms_.
826 5606 994 5683 εἴπερ
1016 5606 1151 5679 πρὸς
1182 5609 1350 5683 Δδόξαν
1385 5612 1462 5664 ἔτι
1504 5606 1598 5665 καὶ
1637 5612 1826 5683 κέρδος

230 5677 528 5750 ἐπτόηται.
549 5677 682 5750 Οὐδὲ
710 5678 816 5747 μὴν
839 5677 1108 5750 nuptm
1141 5680 1204 5733 τὰ
1224 5681 1432 5735 ἑαυτοῦ.
1458 5684 1659 5738 Ibidem
1685 5677 1823 5738 alius

230 5765 344 5806 Iis.
379 5747 560 5816 ἔργοις
586 5747 761 5800 πόνον.

2007 5261 2120 5321 (40)
2157 5259 2297 5313 Editi
2346 5267 2402 5312 et
2442 5254 2576 5324 Reg.
2610 5252 2806 5309 tertius
2827 5249 3233 5322 ἀκριϐέστερον.
3261 5245 3363 5300 Alii
3401 5247 3508 5302 duo

1935 5347 2071 5387 mss.
2106 5323 2524 5401 ἀκριϐεστέρανζ

2007 5402 2116 5468 (41)
2151 5389 2373 5469 L'egitur
2404 5389 2455 5450 in
2488 5391 2940 5469 Colb.»&6_s6aiou_g
2960 5389 3272 5469 ἐξουδενεῖνἶ

2005 5461 2113 5540 (42)
2144 5461 2296 5525 Unus
2322 5483 2423 5520 ms.
2445 5467 2697 5540 Δεὐπειθὲς
2720 5461 2996 5540 ἀποσώζῃ.
3023 5461 3222 5540 ibidem
3247 5461 3355 5540 duo
3373 5474 3504 5540 mss.

1932 5550 1985 5592 et
2011 5529 2174 5594 Voss.
2203 5541 2263 5592 τὸ
2289 5536 2484 5606 ἐαυτῷ.
2535 5535 2671 5605 Reg.
2709 5534 2904 5589 tertius
2929 5529 2981 5606 et
3010 5529 3234 5606 editi
3268 5531 3504 5606 ἑαυτοῖς.

1935 5610 2148 5665 Rursus
2205 5611 2305 5662 hoc
2345 5601 2462 5676 ipso
2497 5607 2548 5660 in
2599 5601 2975 5676 locoantiqui
3011 5611 3120 5657 tres
3159 5601 3280 5654 libri
3316 5610 3507 5670 praeter

1935 5681 2092 5735 Voss.
2136 5673 2444 5750 ἀπεδείχθη.
2483 5677 2620 5730 Editi
2643 5673 2873 5750 ἐδείχθη.

2004 5751 2112 5820 (iii)
2154 5749 2283 5820 Reg.
2323 5741 2535 5820 'priiuus
2563 5755 2615 5804 et
2648 5741 2804 5804 Voss.
2838 5741 3185 5806 ἐπαινοῦντός
3210 5758 3379 5809 τινας,
3413 5757 3511 5795 και
3580 5812 3584 5816 _
