3948 6240
199 328 334 382 10⁸57

1301 323 1606 379 REGULA‘J
1642 322 1896 379 FUSIUS
1934 323 2359 382 TRACTATE.

3320 321 3454 378 I033

199 443 347 507 θείας
374 444 469 496 καὶ
498 444 786 515 παρακοῆς
828 443 1160 505 διδάσκαλοι,
1194 441 1643 494 ὲκϐαλλέσθωσαν
1678 441 1776 511 τῆς

1899 441 2195 499 'ebellionis
2221 452 2275 498 et
2299 443 2683 498 inoliedientiaa
2715 443 2986 514 magistri,
3016 457 3047 497 ε
3078 440 3308 497 fratrum
3334 458 3458 493 con-

202 535 577 605 ἁδελφότητος.
608 539 905 590 Ἔκϐαλλε
943 534 1051 604 γὰρ
1089 534 1222 603 (88),
1260 534 1414 603 φησὶ,
1456 533 1668 602 λοιμὸν
1708 532 1775 584 ἐκ

202 628 543 695 συνεδρίου,
564 629 661 681 καὶ
691 628 1193 691 συι·εξελεύσεται
1237 624 1396 690 αὐτῷ
1434 625 1632 691 νεῖκος
1652 643 1663 655 ·
1683 626 1777 677 καὶ

204 720 383 773 πάλινο
420 718 699 787 Ἐξάρατε
716 720 822 771 τὸν
840 719 1105 786 πονηρὸν
1123 719 1192 781 ἐξ
1208 717 1373 788 ὑμῶν
1388 717 1604 773 αὐτῶν.
1625 719 1777 770 Ald-ct

197 811 379 880 μικρά
407 810 555 879 ζύμη
586 811 733 864 ὅλον
770 811 834 864 τὸ
860 812 1101 879 φύραμα
1127 808 1315 878 ζυμοῖ.
1518 816 1529 824 “

741 923 1071 976 ΕΡΩΤΗΣΙΣ
1108 922 1245 976 MH'.

204 1018 332 1069 Ὅτι
355 1019 427 1070 οὐ
448 1016 668 1085 δεῖ(89)
689 1016 1162 1084 περιεργάζεσθαι
1181 1015 1289 1081 τὰς
1311 1017 1650 1085 οἰκονομίας
1673 1016 1779 1069 τοῦ

340 1085 735 1155 προεστῶτος,
762 1086 840 1153 τῷ
874 1087 941 1140 δὲ
965 1086 1439 1156 ὶδίῳίπροσέχειν
1463 1087 1636 1156 ἔργῳ.

792 1200 1184 1256 ΑΠΟΚΡῙΣΙΣ.

281 1292 453 1359 ’Υπὲρ
482 1292 540 1343 δὲ
568 1291 663 1344 τοῦ
695 1292 768 1362 μὴ
802 1292 999 1362 ῥᾳδίως
1028 1292 1149 1346 τινά
1180 1292 1290 1363 (90)
1321 1292 1397 1363 τῷ
1420 1293 1645 1361 τοιούτῳ
1678 1292 1780 1344 πά-

200 1382 282 1435 Θει
301 1382 405 1451 τῆς
424 1382 751 1453 διακρίσεως
775 1385 853 1445 είς
884 1382 1086 1454 βλάϐην
1111 1382 1300 1437 ἑαυτοῦ
1324 1384 1419 1436 κα)⁸
1447 1383 1553 1435 τῶν
1581 1382 1782 1454 ἑτέρων

202 1473 575 1543 περιπίπτειν,
607 1476 783 1527 ἐκεῖνο
813 1475 1040 1529 καθόλου
1074 1476 1530 1548 παραφυλακτέον
1552 1477 1609 1528 ὲν
1634 1477 1785 1530 ἀδελ-

202 1565 432 1635 φότητι,
472 1565 534 1617 τὸ
581 1564 681 1636 τὴν
724 1566 897 1637 ἀρχὴν
938 1568 1143 1639 μηδένα
1176 1569 1276 1631 τὰς
1310 1567 1404 1621 τοῦ
1444 1569 1786 1640 προεστῶτος

198 1651 520 1721 οἰκονομίας
544 1654 1024 1724 περιεργάζεσθαι,
1058 1657 1193 1727 μηδὲ
1220 1657 1693 1729 πολυπραγμονεῖν
1721 1658 1788 1711 τὰ

200 1744 461 1812 γινόμενα
494 1743 651 1807 ἐκτὸς
697 1745 805 1798 τῶν
834 1748 1150 1819 ὲγγυτέρων
1176 1748 1271 1801 τοῦ
1323 1750 1664 1821 προεστῶτος
1696 1750 1787 1803 καὶ

201 1828 399 1903 βαθμῷ
426 1835 524 1886 καὶ
553 1836 766 1889 συνέσει
790 1855 803 1869 σ
827 1836 921 1901 οὒς
959 1839 1051 1893 καὶ
1071 1842 1150 1903 εἰς
1173 1840 1271 1912 τὴν
1296 1840 1425 1911 περὶ
1452 1841 1562 1895 τῶν
1590 1841 1786 1895 κοινῶν

202 1923 401 1995 βουλήν
437 1944 497 1979 τε
534 1926 627 1980 καὶ
667 1927 859 1998 σκέψιν
891 1931 1208 1999 ἀναγκαίως
1235 1933 1617 2004 παραλήψεται
1648 1933 1786 1999 (91),

201 2017 531 2087 πειθόμενος
556 2021 623 2091 τῇ
666 2023 985 2088 παραινέσει
1018 2022 1112 2075 τοῦ
1138 2022 1385 2088 εἰπόντος
1406 2041 1419 2052 ·
1454 2026 1616 2078 Μετὰ
1635 2026 1787 2089 ,ϐου-

196 2105 313 2175 ,λῆς
339 2109 545 2162 πάντα
577 2111 753 2165 ποίει.
796 2114 859 2165 Et
886 2114 994 2185 γὰρ
1013 2114 1120 2167 τῶν
1147 2112 1334 2185 ψυχῶν
1368 2118 1401 2185 ἡ
1412 2114 1526 2185 μῶν
1562 2117 1789 2187 ἐπετρέ-

196 2201 381 2270 ψαμεν
412 2203 563 2272 αὐτῷ
591 2202 691 2274 τὴν
721 2206 1054 2276 οἰκονομίαν,
1092 2208 1169 2272 ὡς
1205 2207 1324 2279 Θεῷ
1366 2208 1456 2262 τὸν
1492 2209 1648 2278 λόγον
1689 2208 1790 2261 δώ-

198 2307 377 2359 σοντι,
425 2294 711 2363 ἀλόγιστον
745 2298 1024 2362 παντελῶς
1060 2301 1191 2371 περ).
1240 2300 1350 2353 τῶν
1391 2300 1789 2355 εὐτελεστάτων

196 2384 476 2449 ἀπιστεῖν,
504 2388 601 2440 καὶ
650 2388 894 2459 ὑποψιῶν
925 2391 1141 2444 ἀτόπων
1172 2393 1316 2446 κατὰ
1346 2393 1440 2445 τοῦ
1487 2393 1597 2463 (92)
1638 2393 1790 2446 ἀδελ-

198 2476 299 2543 φοῦ
340 2478 506 2530 αὐτόν
534 2497 593 2532 τε
625 2478 986 2553 πληροῦσθαι,
1023 2483 1257 2547 καὶτοῖς
1302 2484 1481 2547 ἄλλοις
1533 2485 1788 2557 ἀφορμὴν

199 2567 490 2638 παρέχειν.
530 2571 751 2641 Διόπερ,
797 2571 884 2624 ἵνα
920 2573 993 2642 μὴ
1034 2572 1195 2626 τοῦτο
1221 2574 1517 2647 συμϐαίνῃ,
1561 2575 1788 2639 ἕκαστος

200 2662 255 2712 ὲν
361 2661 595 2732 ἐκλήθη,
621 2663 679 2715 ὲν
708 2662 882 2733 τούτῳ
920 2664 1128 2734 μενέτω
1149 2681 1161 2693 °
1188 2665 1282 2718 καὶ
1307 2667 1374 2735 τῇ
1411 2667 1652 2737 φροντίδι
1682 2668 1790 2720 τῶν

201 2751 351 2821 αὐτῷ
380 2750 781 2806 ἐπιϐαλλόντων
816 2754 935 2807 ὃλον
961 2755 1153 2808 ἑαυτὸν
1194 2756 1448 2819 ἀποδοὺς,
1490 2757 1656 2828 μηδὲν
1691 2759 1791 2823 τὰς

200 2843 365 2907 ἄλλας
397 2845 510 2913 (95)
553 2846 870 2917 οἰκονομίας
920 2848 1405 2919 περιεργαζέσθω,
1455 2852 1791 2921 μιμούμενος

199 2936 327 2998 τοὺς
356 2932 552 3003 ἁγίους
584 2937 833 3008 μαθητὰς
858 2938 952 2991 τοῦ
975 2940 1206 3011 Κυρίου,
1237 2941 1323 3011 ἐφ’
1358 2937 1454 3004 ὧν,
1488 2942 1666 2996 καίτοι
1694 2943 1788 2997 τοῦ

200 3029 534 3099 πράγματος
586 3030 677 3082 τοῦ
723 3030 864 3083 κατὰ
898 3030 997 3101 τὴν
1046 3032 1381 3103 Σαμαρεῖτιν
1417 3036 1496 3097 εἰς
1553 3035 1789 3105 ὑποψίαν

201 3121 433 3185 ἀγαγεῖν
473 3116 796 3189 δυναμένου,
831 3120 980 3189 ὅμως
1018 3121 1249 3187 Οὐδεὶς,
1299 3124 1487 3193 φησιν,
1522 3121 1681 3177 εἶπε·
1730 3125 1790 3178 Τί

198 3206 416 3277 ζητεῖς,
444 3208 480 3277 ἧ
510 3209 568 3262 τί
592 3210 803 3276 λαλεῖς
829 3211 956 3279 μετ’
988 3212 1221 3281 αὺτῆς;

193 3300 371 3367 jicere
424 3300 795 3369 Suspicionem
842 3321 854 3355 :

198 3406 323 3444 eam
366 3407 432 3444 ea
449 3391 534 3443 ⁸⁸2

736 3510 1070 3565 ΕΡΩΤΗΣΙΣ
1116 3513 1252 3567 Μεθ’.

233 3601 377 3667 Περὶ
415 3599 536 3654 τῶν
560 3600 1134 3672 ἀμφισϐητουμένων
1160 3606 1231 3658 ὲν
1262 3600 1338 3673 τῇ
1369 3607 1753 3679 ἀδελφότητι.

796 3713 1183 3768 ΑΠΟΚΡΙΣΙΣ.

267 3804 412 3875 Περὶ
447 3803 504 3856 δὲ
542 3803 650 3856 τῶν
684 3806 1212 3876 ἀμφισϐητουμένων
1242 3811 1299 3861 ὲν
1335 3813 1401 3881 τῇ
1440 3811 1784 3884 ἀδελφότητι,

195 3893 331 3946 ὅταν
357 3894 683 3962 ἀσύμφωνοί
714 3912 860 3958 τινες
882 3890 983 3949 ὦσι
1016 3898 1143 3968 περί
1167 3915 1312 3961 τινος
1344 3902 1692 3972 πράγματος,
1727 3905 1789 3957 οὐ

197 3985 306 4056 χρὴ
358 3986 685 4053 φιλονείκως
729 3986 975 4057 ἀλλήλοις
1012 3990 1351 4059 ἀντιτείνειν,
1391 3992 1529 4045 ἀλλά
1566 3996 1795 4063 ταμιεύ-

196 4077 356 4132 εσθαι
385 4080 501 4139 τοῖς
516 4078 903 4150 δυνατωτέροις
922 4080 1018 4152 τὴν
1050 4081 1342 4153 ἐπίκρισιν,
1375 4084 1537 4136 ’Ὥστε
1566 4084 1623 4136 δὲ
1656 4087 1790 4155 μήτε

197 4170 298 4239 τὴν
344 4169 503 4233 τάξιν
550 4171 908 4241 συγχεῖσθαι,
959 4173 1176 4227 πάντων
1218 4176 1641 4246 ἐπερωτώντων,
1693 4178 1787 4229 κα).

200 4264 471 4325 πάντοτε,
505 4264 644 4333 μήτε
691 4265 945 4336 ἀφορμὴν
970 4264 1083 4336 (94)
1128 4268 1579 4338 ὲρεσχελίαςικαὶ
1621 4269 1790 4338 φλυα-

913 3300 1277 3359 Nihilominus
1334 3312 1518 3362 tamen
1534 3346 1551 3374 ,
1582 3335 1595 3347 ν
1612 3309 1792 3379 inquit
1812 3351 1826 3376 ,

1882 540 2046 586 ventu
2087 533 2472 589 amandentur.
2511 533 2657 601 Ejice
2699 535 2856 597 enim,
2891 532 3054 605 396
3076 533 3273 602 inquit,
3304 533 3461 599 pesti-

1884 623 2073 676 lentem
2111 640 2175 678 ex
2234 626 2480 688 concilio,
2523 635 2572 678 et
2606 624 2770 678 exibit
2805 642 2921 677 cum
2955 642 3013 679 eo
3030 625 3268 695 jurgium
3290 625 3357 677 ⁸⁵.
3393 623 3459 677 Et

1886 729 2112 769 rursus:
2142 714 2403 783 Expellite
2437 733 2657 785 pravum
2682 734 2714 769 a
2740 718 2879 770 robis
2907 719 3059 785 ipsis.
3097 715 3238 770 Nam
3264 717 3457 783 paulu-

1889 808 1994 859 !um
2030 809 2270 876 fermenti
2296 818 2457 863 totam
2491 812 2914 880 conspersionem
2949 810 3227 879 fermentat
3251 809 3315 862 “.

2275 921 2798 976 INTERROGATIO
2840 922 3070 977 XLVIII.

1889 1013 2041 1079 Quod
2072 1015 2343 1083 prwpositi
2368 1014 2559 1083 agendi
2589 1015 2728 1068 ratio
2762 1031 2865 1067 non
2896 1024 2975 1067 est
3022 1014 3225 1066 curiose
3256 1011 3461 1083 exami-

1949 1084 2149 1148 nanda,
2182 1084 2272 1138 sed
2300 1082 2636 1154 suu’quisque
2665 1086 2807 1152 operi
2837 1085 3066 1137 intentus
3092 1099 3203 1138 esse
3231 1082 3399 1135 debet.

2475 1197 2878 1254 RESPONSIO.

1961 1294 2226 1346 Czeterum
2262 1308 2329 1347 ne
2359 1293 2482 1362 quis
2516 1291 2673 1346 facile
2718 1293 2772 1345 in
2807 1292 2909 1345 hoc
2950 1289 3367 1359 disceptationis
3400 1302 3465 1341 ac

1890 1386 2261 1439 contentionis
2298 1386 2491 1439 vitium
2540 1384 2772 1451 incidat,
2820 1386 2888 1437 ad
2941 1398 3101 1435 suum
3136 1389 3190 1435 et
3229 1379 3465 1434 aliorum

1892 1476 2303 1542 detrimentum,
2350 1475 2483 1529 illud
2515 1476 2571 1529 in
2608 1473 2927 1529 universum
2970 1472 3111 1525 inter
3141 1472 3341 1525 fratres
3368 1469 3465 1523 ob-

1893 1568 2223 1622 servandum
2266 1574 2371 1632 est,
2401 1574 2461 1621 ut
2498 1566 2656 1620 initio
2689 1567 2873 1620 nullus
2917 1564 3205 1633 investiget
3248 1560 3466 1616 curiose

1894 1659 2136 1728 prmfecti
2173 1658 2369 1728 agendi
2404 1656 2691 1718 rationem,
2716 1670 2894 1726 neque
2920 1669 3131 1715 eorum,
3158 1668 3278 1722 qua:
3306 1652 3465 1716 fiunt,

1896 1759 2127 1820 satagat,
2163 1750 2231 1805 iis
2284 1751 2462 1805 solum
2504 1749 2773 1819 exceptis,
2806 1747 2898 1818 qui
2948 1748 3063 1799 tum
3116 1746 3309 1816 gradu,
3350 1752 3465 1796 tum

1892 1841 2186 1912 prudentia
2220 1842 2325 1912 ipsi
2356 1842 2651 1912 praeposito
2675 1849 2802 1895 sunt
2831 1838 3099 1908 proximi;
3136 1850 3275 1906 quos
3301 1835 3466 1890 etiam

1889 1935 2206 1989 necessario
2229 1934 2296 1989 ad
2324 1933 2615 1989 consilium
2642 1947 2705 1985 ac
2733 1930 3182 1986 deliberationem
3205 1928 3275 1982 de
3302 1926 3466 1982 rebus

1889 2025 2273 2080 communibus
2309 2023 2618 2080 faciendam
2664 2023 2966 2086 adhibebit,
3014 2022 3309 2078 obsecutus
3350 2017 3452 2073 hor

1891 2125 2133 2171 tamento
2183 2117 2354 2181 illius,
2397 2119 2489 2187 qui
2537 2117 2671 2172 dixit
2708 2135 2721 2171 :
2758 2114 2953 2171 Omnia
2991 2115 3076 2182 {ac
3133 2126 3251 2166 cum
3295 2111 3469 2165 comis

1892 2209 1964 2263 lio
1989 2211 2055 2265 ".
2082 2210 2219 2264 Cum
2265 2211 2409 2264 enim
2459 2208 2509 2263 ei
2567 2210 2778 2263 animas
2829 2217 3050 2263 nostras
3086 2202 3469 2276 gubernandas

1890 2303 2357 2365 commiserimns,
2396 2310 2659 2369 tanquam
2693 2299 2801 2355 Deo
2834 2300 2903 2353 de
2934 2298 3021 2352 bis
3054 2298 3321 2351 rationem
3353 2293 3468 2347 red-

1890 2393 2107 2458 dituro;
2153 2393 2251 2447 abs
2294 2407 2352 2446 re
2394 2391 2620 2445 omnino
2655 2389 2820 2445 fuerit
2872 2390 2924 2442 in
2976 2388 3145 2441 rebus
3185 2385 3468 2442 vilissimis

1891 2485 1999 2556 ipsi
2041 2483 2200 2539 fidem
2247 2495 2357 2537 non
2411 2483 2696 2548 adbibere,
2753 2486 2807 2535 et
2859 2479 3117 2534 absurdis
3157 2477 3470 2548 ineptisque

1892 2587 2085 2633 contra
2112 2575 2334 2631 fratrem
2373 2576 2783 2646 suspicionibus
2821 2583 2875 2628 et
2916 2587 3017 2626 nos
3061 2572 3212 2642 ipsos
3246 2569 3467 2639 repleri,

1892 2678 1946 2725 et
1974 2670 2099 2724 aliis
2123 2668 2440 2723 earumdem
2491 2666 2837 2721 occasionem
2885 2663 3148 2734 praebere.
3188 2660 3267 2716 Ne
3302 2661 3468 2730 igitur

1893 2762 1947 2816 id
1972 2762 2275 2829 contingat,
2312 2756 2696 2827 unusquisque
2734 2755 2801 2809 ad
2842 2752 2988 2825 quod
3018 2761 3248 2808 vocatus
3270 2761 3376 2813 est,
3415 2752 3469 2804 in

1891 2871 1956 2910 eo
2000 2860 2317 2924 permaneat
2352 2858 2440 2905 :et
2470 2850 2545 2905 ita
2575 2858 2749 2903 totum
2775 2863 2833 2902 se
2860 2848 2916 2901 in
2938 2861 3118 2900 rerum
3146 2846 3211 2899 ad
3257 2860 3315 2899 se
3346 2860 3469 2913 pcr-

1894 2942 2183 2998 tinentium
2210 2956 2341 2994 cura
2374 2946 2629 3010 occupet,
2664 2947 2721 2993 ut
2765 2938 2821 2991 in
2863 2937 3207 3006 inquirendis
3237 2936 3468 2988 aliormn

1895 3034 2127 3107 negotiis
2156 3033 2309 3088 nullo
2348 3032 2510 3086 modo
2541 3031 2813 3087 sollicitus
2853 3029 2948 3092 sit,
2985 3028 3081 3084 sed
3106 3038 3327 3082 sanctos
3368 3027 3468 3078 Do-

1818 3148 1863 3209 C
1893 3126 2029 3181 mini
2060 3124 2363 3194 discipulos
2394 3124 2659 3186 imitetur,
2705 3123 2848 3176 inter
2878 3137 3042 3191 quos,
3073 3136 3196 3175 cum
3234 3136 3320 3175 res
3350 3124 3468 3188 ipsa

1900 3235 2021 3289 qua:
2055 3218 2122 3273 de
2158 3216 2507 3271 Samaritana
2539 3222 2798 3269 narratur
2820 3254 2834 3278 ,
2871 3213 3143 3284 quandam
3177 3220 3360 3282 posset
3395 3212 3470 3263 in-

1886 3327 2036 3367 nemo
2105 3309 2244 3362 dixit
2293 3323 2312 3361 :
2370 3306 2512 3374 Quid
2578 3307 2819 3374 quaeris,
2890 3314 2981 3357 aut
3054 3304 3177 3373 quid
3245 3302 3467 3372 loqucri:

2305 3508 2825 3567 INTERROGATIO
2866 3506 3050 3563 XLIX.

1891 3605 1967 3660 De
2014 3607 2080 3659 iis
2121 3621 2237 3674 qua:
2267 3605 2321 3657 in
2369 3601 2781 3656 controversiam
2819 3600 3028 3653 veniunt
3074 3596 3207 3651 inter
3246 3600 3464 3665 fratres.

2470 3710 2735 3765 RESPON
2746 3710 2873 3765 SIO.

1963 3803 2038 3859 De
2066 3804 2463 3859 controversiis
2499 3810 2681 3857 autem
2708 3818 2830 3871 qua:
2860 3800 3006 3854 inter
3047 3799 3246 3855 fratres
3276 3800 3467 3854 oriun-

1894 3902 2003 3961 tur,
2033 3894 2167 3948 illud
2190 3894 2542 3949 statuendum
2569 3901 2675 3947 est.
2708 3891 3160 3961 Quotiescunque
3199 3889 3465 3945 dissident

1894 3985 2061 4053 aliqui
2099 3986 2242 4039 inter
2285 4000 2344 4040 se
2376 3985 2443 4039 de
2482 4000 2542 4040 re
2586 3985 2792 4055 aliqua,
2836 3998 2943 4037 non
2990 3993 3203 4053 Oportet
3236 3992 3466 4037 conten-

1893 4076 2030 4131 tiose
2063 4076 2205 4130 inter
2243 4091 2302 4130 se
2341 4077 2651 4141 colluctari,
2683 4076 2777 4131 scd
2812 4076 2877 4129 ad
2908 4075 3123 4144 aliquos
3150 4077 3323 4146 magis
3348 4077 3466 4129 ido-

1896 4184 2025 4224 neos
2051 4168 2319 4237 judicium
2367 4169 2685 4225 transferre.
2725 4168 2907 4234 Quare
2946 4184 3013 4223 ne
3059 4169 3194 4222 ordo
3227 4168 3466 4223 confun»

1895 4259 2078 4321 datur,
2114 4260 2373 4315 omnibus
2427 4260 2917 4330 interrogantibus,
2967 4275 3021 4314 et
3060 4275 3296 4330 semper,
3330 4275 3467 4314 neve

204 4353 326 4423 ρίας
365 4354 713 4423 ἐγγίνεσθαι,
751 4355 848 4408 ἕνα
899 4356 1021 4408 τινὰ
1073 4351 1210 4409 εἶναι
1256 4358 1361 4428 χρὴ
1418 4357 1508 4409 τὸν
1560 4358 1782 4428 δοκιμα-

1899 4354 2166 4423 garriendi
2196 4360 2248 4408 et
2278 4351 2519 4423 nugandi
2550 4353 2709 4406 detur
2740 4352 2978 4415 occasio,
3021 4368 3191 4406 unum
3225 4353 3466 4423 aliquem

204 4445 433 4508 σθέντα,
469 4445 708 4508 δυνατῶς
739 4445 882 4516 ἔχειν
920 4448 952 4518 ἢ
985 4450 1066 4511 εἰς
1108 4448 1292 4520 κοινὴν
1328 4448 1613 4517 ἐπίσκεψιν
1649 4467 1785 4521 προ-

201 4534 410 4589 τιθέναι
434 4533 550 4605 (95)
590 4537 658 4605 τῇ
691 4535 1011 4607 ἀδελφότητι
1042 4536 1109 4590 τὰ
1145 4537 1298 4608 παρά
1327 4554 1470 4590 τισιν
1511 4537 1787 4607 ἀμφιϐαλ-

203 4623 429 4694 λόμενα,
463 4622 601 4693 ἧτῷ
631 4623 911 4694 προέχοντι
945 4623 1314 4677 ἀνατίθεσθαι.
1361 4622 1784 4694 Ἀκολουθοτέρα

204 4716 310 4788 γὰρ
346 4716 447 4768 καὶ
502 4715 1045 4785 ἐπιστημονικωτέρα
1081 4717 1115 4784 ἠ
1158 4713 1445 4784 διάσκεψις
1489 4714 1632 4765 οὕτω
1672 4713 1781 4766 τῶν

1892 4460 2015 4500 esse
2044 4452 2257 4515 oportet
2300 4446 2682 4514 approbatum,
2718 4444 2811 4513 qui
2852 4443 3025 4512 possit
3063 4459 3124 4497 ea
3163 4443 3233 4499 de
3262 4441 3465 4514 quibus

1893 4537 2141 4590 nonnulli
2175 4535 2479 4607 ambigunt,
2503 4544 2597 4589 aut
2640 4534 2919 4589 communi
2950 4533 3180 4587 fratrum
3224 4535 3463 4589 examini

1893 4638 2221 4697 proponere,
2258 4634 2351 4680 aut
2379 4626 2447 4679 ad
2478 4626 2792 4694 praefectum
2827 4620 3055 4677 referre.
3092 4623 3166 4676 Ita
3198 4624 3341 4677 enim
3371 4638 3453 4675 re-

1892 4717 2036 4771 ctius
2058 4725 2111 4772 et
2135 4718 2308 4787 magis
2334 4718 2472 4772 scite
2498 4716 2728 4786 quesita
2752 4714 3149 4785 expendentur.
3176 4712 3384 4768 Etenim
3413 4712 3461 4765 si

274 4834 319 4864 "
397 4829 562 4884 Prov.
599 4844 748 4892 xm,
786 4827 875 4882 10.
952 4828 997 4860 ⁵³
1037 4826 1055 4880 I
1088 4828 1214 4882 Cor.
1252 4840 1305 4891 ν,
1342 4826 1412 4881 15
1438 4867 1453 4891 ,
1491 4826 1544 4881 6.
1620 4826 1663 4858 ⁸⁷
1706 4826 1778 4881 Er

1913 4847 2095 4895 xxx”,
2130 4832 2221 4885 Ἡ.
2298 4828 2343 4862 ⁸⁸
2380 4830 2539 4884 Joan.
2582 4847 2653 4893 iV,
2686 4830 2778 4886 27.

275 4945 386 5015 (88)
423 4943 557 5015 Reg.
588 4940 797 5015 primus
824 4942 1061 4996 Ἔκϐαλε
1093 4942 1223 5015 γάρ.
1258 4939 1454 4997 Statim
1488 4942 1628 4997 idem
1673 4960 1775 4999 ms.

199 5026 253 5068 et
289 5014 451 5067 Voss.
485 5013 607 5063 Ὀτι
640 5010 890 5081 ἐξάρατε.

271 5090 387 5156 (39)
440 5085 498 5136 in
549 5082 793 5150 antiquis
846 5081 1060 5137 duobus
1113 5083 1265 5137 libris
1319 5082 1520 5153 legitur
1572 5083 1654 5135 ὅτι
1697 5083 1779 5136 δεῖ

201 5157 390 5295 Ml(.90)
422 5223 542 5279 Vox
560 5223 707 5295 jmfd
725 5238 792 5295 ex_
808 5219 999 5295 _Vgossi_i
1014 5223 1212 5295 codice
1242 5231 1381 5295 etex
1412 5223 1531 5295 aliis
1563 5222 1776 5295 dnobns

198 5292 388 5351 addita
418 5303 526 5349 est.
554 5293 756 5347 Ibidem
786 5293 947 5363 iidem
970 5293 1047 5345 illi
1075 5307 1207 5347 mss.
1235 5292 1397 5363 πάθει
1417 5292 1516 5362 τῆς
1536 5292 1669 5363 πρὸς
1691 5292 1782 5344 τὸν

196 5368 396 5437 ἕψορσν
418 5365 762 5437 διακρίσεως.
799 5362 954 5437 Illud,
986 5364 1125 5437 πρὸς
1157 5363 1247 5437 τον
1282 5362 1492 5437 ἔφορον,
1536 5362 1697 5437 deest
1721 5372 1774 5437 et

200 5432 253 5489 in
295 5432 463 5491 editis
503 5432 648 5489 etin
691 5433 906 5487 duobus
950 5432 1071 5487 aliis
1124 5432 1439 5495 codicibus;
1476 5448 1574 5486 nec
1616 5433 1772 5486 valde

200 5506 496 5559 admodum
522 5505 714 5559 dubito
736 5504 867 5572 quin
901 5504 980 5558 hae
1006 5518 1170 5557 voces
1198 5505 1392 5556 melius
1417 5504 1617 5564 absint,
1648 5517 1770 5555 cum

203 5593 304 5629 vmt
337 5576 531 5642 ἔφορος
565 5574 723 5628 facile
750 5590 816 5627 ex
843 5575 1108 5628 orationis
1134 5574 1273 5628 serie
1308 5574 1544 5641 suppieri
1578 5572 1769 5640 possit.

273 5644 385 5715 (9i)
430 5642 583 5701 Unus
620 5662 727 5698 ms.
776 5644 1086 5711 ἀναγκαίως
1120 5642 1509 5715 περιλήψεται,
1544 5656 1651 5715 nan
1697 5643 1771 5715 ita

204 5712 374 5772 recte.
408 5715 577 5770 Paulo
606 5725 729 5784 post
760 5715 890 5782 Iteg.
912 5715 1122 5783 primus
1152 5723 1207 5784 et
1240 5712 1399 5767 voss.
1426 5712 1613 5782 Εξγάρ
1645 5712 1771 5781 περ).

200 5787 331 5839 τὼν.
364 5783 621 5843 Subinde
646 5786 755 5839 duo
793 5800 922 5838 mss.
955 5783 1233 5845 παντελῶς
1267 5786 1379 5835 καί.

1953 4948 2065 5017 (92)
2095 4949 2280 5002 Codex
2331 4948 2484 5002 Colb.
2521 4947 2660 5000 κατὰ
2700 4946 2797 5017 του
2832 4943 3459 5017 προεστλῶτοςηξηρταίο
3521 4975 3541 4991 ο

1860 5012 2132 5085 positam.
2172 5018 2275 5071 Alii
2323 5028 2433 5073 tres
2483 5034 2613 5073 mss.
2652 5025 2705 5069 et
2738 5012 2887 5068 editi'
2913 5014 3052 5067 κατά
3079 5012 3172 5065 τοῦ
3205 5013 3456 5081 ἀδελφοῦ.
3548 5020 3549 5025 “

1882 5088 1989 5141 Pro
2030 5105 2164 5143 voce
2195 5089 2378 5151 αὐτόν,
2418 5103 2539 5157 quae
2589 5087 2833 5155 proxime
2873 5085 3154 5157 sequitur,
3209 5086 3461 5155 suspicor

1882 5159 1987 5229 legi
2019 5159 2220 5214 debere
2241 5156 2463 5221 αὐτούς,
2507 5159 2608 5211 hoc
2644 5167 2748 5218 est,
2781 5156 2948 5225 ἡμᾶς.

1954 5251 2062 5320 (95)
2117 5249 2273 5305 Unus
2309 5266 2412 5320 ms.
2453 5248 2589 5319 μηδὲ
2631 5248 2731 5309 τὰς
2778 5246 2959 5308 ἄλλας.
3014 5243 3306 5313 Aliquanto
3339 5253 3460 5313 post

1884 5322 2015 5391 Reg.
2042 5321 2250 5391 primus
2278 5319 2518 5388 ὑποψίαν
2543 5319 2716 5385 ἄγειν.

1951 5413 2059 5483 (94)
2092 5412 2222 5482 Reg.
2248 5413 2455 5483 primus
2485 5412 2576 5462 καὶ
2599 5409 2830 5483 πάντοτε
2858 5407 2953 5477 μὲν
2977 5407 3251 5477 ἀφορμήν.
3274 5404 3458 5461 Codex

1884 5480 2042 5538 Vo‘ss.
2069 5480 2297 5536 πάντοτε
2334 5480 2429 5549 μέν
2460 5497 2517 5532 τε
2552 5483 2692 5548 ἁφορ
2703 5480 2830 5548 μήν.

1950 5569 2061 5636 (95)
2099 5568 2229 5636 Reg.
2276 5569 2484 5636 primus
2516 5575 2567 5619 cl
2598 5566 2753 5619 Coll).
2785 5565 3123 5636 προτεθέντα.
3150 5604 3162 5617 .
3186 5604 3198 5636 .
3222 5604 3234 5616 .
3273 5564 3461 5636 ἀνατις

1879 5631 2133 5763 θέὶῗενον⁸
2168 5631 2289 5706 quae
2309 5638 2498 5691 ultima
2528 5652 2629 5691 vox
2656 5631 2928 5706 reperitur
2951 5650 3167 5707 quoque
3189 5635 3244 5687 in
3274 5631 3459 5696 Vossil

1879 5723 1945 5763 co
1989 5724 2091 5765 tce.
