3948 6240
237 338 360 397 1085

1372 332 1680 389 ΒΕϐυΙιΔΕ
1723 331 1922 389 FUSIU
1937 332 1975 387 S
2014 330 2431 386 ΤΒΛΟΤΑΤΑΞ.

3359 328 3496 382 1946

237 457 439 530 σάμεθα
469 471 549 520 εις
586 454 939 528 παραμυθίαν
968 454 1077 507 τῶν
1117 457 1181 506 ὲκ
1221 453 1323 523 τῆς
1366 452 1613 525 κατάρας
1641 454 1803 524 λυπη-

1923 450 2084 523 longa
2109 450 2448 519 experientia
2482 447 2764 518 multoque
2788 447 3064 516 insumpto
3094 446 3279 501 labore
3312 446 3366 499 in
3404 463 3500 501 ex-

235 548 358 621 ρῶν,
406 546 506 618 τὴν
538 545 756 599 σύνεσιν
804 547 934 615 ἡμῖν
982 545 1074 596 καὶ
1126 542 1430 613 κατάληψιν
1476 544 1576 615 τῆς
1616 541 1812 612 τέχνης

230 640 427 710 ταύτης
471 636 567 692 τοῦ
621 635 757 691 Θεοῦ
805 640 1211 707 χαρισαμένου·
1273 632 1419 687 οὕτω
1470 634 1568 687 καὶ
1626 632 1810 705 ἐπειδὴ

230 730 626 802 ἑκελεύσθημεν
665 732 745 793 εἰς
784 729 883 799 τὴν
914 730 1018 797 γῆν
1050 726 1212 780 πάλιν
1241 725 1681 796 ἀποστραφῆναι,
1718 726 1811 794 ἀφ’

228 820 291 899 ἧς
319 823 661 896 ὲλήφθημεν,
689 823 783 874 καὶ
812 820 1049 892 ὀδυνηρᾷ
1073 820 1234 890 σαρκὶ
1262 818 1699 889 συνεζεύχθημεν
1732 821 1812 882 είς

230 917 433 989 φθοράν
468 914 970 985 καταδεδικασμένῃ
1003 912 1091 966 διὰ
1126 911 1225 983 τὴν
1260 912 1554 983 ἁμαρτίαν,
1590 912 1684 964 καὶ
1724 910 1810 963 διὰ

225 1010 383 1063 τοῦτο
425 1012 538 1073 τοῖς
574 1006 772 1061 πάθεσι
798 1006 1009 1069 τούτοις
1058 1004 1446 1077 ὑποϐληθείσῃ,
1494 1003 1810 1075 παρεσχέθη

225 1104 355 1172 ἡμῖν
385 1102 545 1171 καὶὴ
581 1102 646 1153 ἐκ
678 1101 775 1170 τῆς
814 1098 1067 1170 ἰατρικῆς
1118 1098 1507 1169 προσαγομένη
1553 1101 1662 1159 τοῖς
1708 1096 1809 1149 κά-

230 1209 442 1264 μνουσι,
471 1192 613 1245 κατά
640 1191 701 1244 τὸ
724 1191 889 1243 ποσὸν
921 1188 1074 1259 γοῦν,
1109 1189 1422 1261 ἐπικουρία.

289 1371 346 1425 2.
383 1370 523 1424 Οὔτε
549 1371 656 1442 γάρ
686 1371 1008 1441 αὐτομάτως
1035 1370 1099 1422 ὲκ
1132 1368 1232 1440 τῆς
1257 1369 1359 1439 γῆς
1386 1366 1724 1438 ἐϐλάστησαν
1753 1369 1808 1420 αἱ

226 1464 468 1535 βοτάναι,
518 1467 571 1517 αἱ
606 1464 738 1535 πρὸς
777 1465 1006 1517 ἕκαστον
1044 1464 1152 1516 τῶν
1187 1462 1373 1516 παθῶν
1404 1462 1617 1525 οἰκείως
1660 1460 1811 1531 ἐχου-

224 1573 343 1611 σαι’
397 1557 555 1621 ἀλλὰ,
600 1556 863 1627 δηλονότι,
894 1556 972 1627 τῷ
1020 1555 1319 1625 βουλήματι
1348 1553 1442 1607 τοῦ
1477 1552 1808 1624 δημιουργοῦ

224 1651 358 1719 πρΰς
399 1651 491 1702 τὸν
520 1651 618 1721 τῆς
656 1650 932 1721 ἡμετέρας
977 1648 1246 1717 ὠφελείας
1277 1648 1477 1701 σκοπὸν
1516 1647 1809 1719 ἐξηνέχθη-

222 1755 339 1792 σαν.
380 1740 448 1793 Ἡ
478 1740 577 1809 μὲν
616 1736 707 1793 οὖν
741 1742 799 1792 ἐν
823 1741 945 1803 ταῖς
990 1737 1189 1808 ῥίζαις,
1229 1740 1323 1791 καὶ
1361 1741 1474 1801 τοῖς
1504 1739 1741 1804 ἄνθεσιν,
1775 1737 1807 1809 ἢ

1917 542 2149 599 colenda
2202 550 2373 605 terra,
2421 539 2487 594 ad
2538 536 2791 593 lenienda
2838 539 2958 606 ejus
2992 537 3498 592 exsecrationisin-

1912 631 2203 687 commoda
2248 638 2420 685 artem
2468 629 2814 699 agricultura:
2858 628 3160 691 elfecimus,
3196 627 3305 682 Deo
3336 627 3496 682 nobis

1913 723 2036 795 ejus
2075 722 2217 778 artis
2244 722 2660 792 intelligentiam
2705 727 2871 791 atque
2908 719 3274 790 cognitionem
3301 720 3497 787 imper-

1915 816 2084 869 tiente
2123 832 2137 869 :
2177 814 2259 868 sic
2287 828 2504 885 quoque
2536 812 2627 867 ubi
2678 812 2733 866 in
2775 820 2997 871 terram,
3036 811 3183 865 unde
3216 810 3495 863 fueramus

1916 909 2210 979 assumpti,
2249 908 2430 963 denuo
2462 906 2661 961 reverti
2686 904 2831 972 jussi
2876 918 3088 966 sumus,
3125 910 3179 957 et
3217 903 3283 957 ad
3327 903 3495 956 mole-

1916 1008 2057 1057 stam
2087 1016 2309 1055 carnem
2356 998 2519 1054 morti
2560 996 2630 1051 ob
2669 1004 2951 1067 peceatum
2988 993 3278 1057 addictam,
3311 994 3382 1048 ob
3410 993 3495 1046 id-

1914 1109 2022 1163 que
2070 1093 2155 1148 his
2200 1093 2408 1148 morbis
2439 1091 2763 1161 subjectam,
2791 1089 2966 1159 juncti
3009 1102 3221 1149 sumus,
3252 1086 3494 1139 oblatum

1912 1195 1998 1242 est
2033 1187 2196 1241 nobis
2259 1184 2544 1240 medicinae
2591 1185 2757 1239 etiam
2805 1180 3103 1245 auxilium,
3152 1195 3261 1249 quo
3300 1178 3493 1233 saltem

1912 1278 2316 1349 aliquantulum
2353 1283 2685 1346 aegrotantes
2719 1274 3053 1328 levarentur.

1982 1369 2040 1424 2.
2101 1367 2289 1439 Neque
2331 1368 2476 1423 enim
2530 1365 2757 1420 fortuito
2794 1381 2861 1418 ex
2899 1372 3046 1418 terra
3078 1361 3245 1432 398
3290 1359 3494 1429 genui-

1914 1469 2189 1517 naverunt
2227 1462 2429 1524 herba),
2468 1475 2591 1531 qua:
2619 1458 2686 1512 ad
2721 1457 2966 1528 singulos
3013 1455 3235 1509 morbus
3274 1467 3491 1505 accom—

1913 1555 2147 1609 modata:
2179 1563 2308 1608 sunt
2341 1573 2353 1607 :
2384 1553 2494 1606 imo
2531 1560 2677 1605 certe
2718 1550 2995 1621 producta:
3036 1556 3163 1602 sunt
3194 1563 3259 1601 ex
3298 1544 3492 1600 condi-

1915 1648 2051 1703 toris
2112 1648 2432 1709 voluntate,
2487 1643 2796 1698 commodis
2858 1642 3066 1696 nostris
3126 1640 3490 1695 iuservituraa.

1913 1740 2281 1807 Quamobrem
2312 1754 2376 1793 ea
2401 1737 2621 1808 quidem
2670 1736 2939 1790 naturalis
2968 1735 3072 1796 vis,
3104 1750 3224 1803 quae
3262 1734 3314 1786 in
3345 1734 3493 1786 radi-

221 1828 464 1897 ςύλλοις,
501 1830 535 1900 ἢ
582 1833 837 1900 καρποῖς,
871 1831 902 1901 ἢ
946 1832 1098 1895 ὀποῖς
1141 1830 1384 1901 φύσις,ἢ
1425 1832 1524 1884 ὅσα
1558 1831 1666 1885 ἀπὸ
1710 1848 1803 1902 με-

1914 1833 2076 1886 cibus
2100 1831 2263 1892 inest,
2300 1838 2353 1884 et
2381 1831 2433 1882 in
2459 1828 2708 1895 ﬂoribus,
2749 1837 2843 1881 aut
2872 1827 3041 1890 foliis,
3076 1834 3169 1879 aut
3198 1824 3489 1885 fructibus,

220 1921 451 1984 τάλλων,
493 1921 528 1991 ἢ
558 1923 657 1973 ὅσα
689 1923 755 1974 ὲκ
800 1922 897 1993 τῆς
928 1922 1204 1994 θαλάσσης
1250 1922 1361 1994 (18)
1404 1923 1539 1996 πρὸς
1583 1922 1681 1994 τὴν
1709 1924 1808 1995 τῆς

220 2014 422 2085 σαρκὸς
477 2015 748 2083 ὠφέλειαν
801 2016 1015 2080 οἰκείως
1068 2017 1213 2087 ἔχειν
1274 2016 1597 2089 ἐξεύρηται,
1647 2018 1810 2088 ὅμοιά

218 2108 331 2159 ἐστι
366 2108 472 2177 τῆς
509 2108 616 2160 τῶν
649 2108 981 2178 ἐσθιομένων
1026 2109 1121 2161 καὶ¹
1163 2109 1469 2178 πινομένων
1498 2108 1803 2179 εὑρέσεως·

215 2199 273 2249 τὸ
319 2198 381 2250 δὲ
430 2200 890 2268 περινενοημένον
935 2200 1031 2253 καὶ
1072 2200 1386 2270 περίεργον,
1423 2200 1516 2252 καὶ
1548 2199 1807 2271 ἀσχολίαν

218 2288 421 2358 πολλὴν
462 2289 748 2360 ἐμποιοῦν,
789 2292 884 2344 καὶ
912 2291 1076 2344 οἱονεὶ
1108 2292 1287 2344 πᾶσαν
1320 2289 1477 2360 ἡμῶν
1522 2290 1619 2362 τὴν
1662 2291 1806 2362 ζωὴν

214 2384 294 2443 εἰς
321 2380 426 2451 τὴν
455 2384 556 2452 τῆς
593 2383 795 2452 σαρκὸς
824 2380 1143 2451 ἐπιμέλειαν
1190 2384 1573 2455 περιστρέφον,
1608 2400 1807 2455 παραι-

212 2472 408 2541 τητέον
454 2473 834 2541 Χριστιανοῖς’
885 2474 977 2527 καὶ
1017 2474 1382 2528 σπουδαστέον
1423 2474 1568 2527 οὔτω
1608 2475 1808 2545 κεχρῆ-

215 2566 334 2617 σθαι
362 2566 433 2635 τῇ
460 2564 648 2637 τέχνῃ,
679 2565 863 2619 εἴποτε
889 2567 1017 2631 δέοι,
1043 2566 1118 2630 ὡς
1152 2566 1227 2638 μὴ
1256 2567 1313 2619 ἐν
1335 2568 1472 2637 αὐτῇ
1496 2566 1595 2637 τὴν
1627 2568 1807 2620 πᾶσαν

211 2656 397 2709 αετίαν
429 2654 527 2709 τοῦ
574 2657 837 2723 ὑγιαίνειν
880 2657 911 2727 ἢ
957 2660 1132 2710 νοσεῖν
1166 2657 1430 2721 τίθεσθαι,
1460 2657 1571 2711 ἀλλ’
1617 2658 1693 2720 ὠς
1726 2660 1805 2720 είς

209 2746 370 2812 δόξαν
402 2747 542 2800 Θεοῦ
571 2750 666 2801 καὶ
692 2748 859 2801 τύπον
885 2750 984 2820 τῆς
1005 2749 1115 2802 τῶν
1139 2748 1325 2820 ψυχῶν
1364 2750 1682 2820 ἐπιμελείας
1706 2749 1804 2821 τὴν

211 2840 412 2908 χρῆσιν
440 2836 554 2891 τῶν
580 2838 675 2891 ἀπ’
698 2839 867 2910 αὐτῆς
894 2839 1005 2909 (19)
1044 2841 1513 2911 παραλαμϐάνειν.
1556 2842 1644 2894 Ἐν
1674 2844 1805 2912 ἐρη-

212 2929 310 3001 μίᾳ
341 2930 405 2983 δὲ
430 2930 541 2982 τῶν
569 2930 627 2996 ἐξ
657 2932 906 3003 ἰατρικῆς
948 2931 1311 3003 βοηθημάτων
1339 2934 1413 3003 μὴ
1454 2935 1633 2986 πᾶσαν
1661 2934 1803 3004 ἔχειν

208 3024 305 3093 τὴν
348 3024 551 3076 ἐλπίδα
595 3026 730 3095 πρὸς
771 3026 871 3095 τὴν
907 3024 1015 3077 τῶν
1049 3025 1308 3098 λυπηρῶν
1352 3027 1705 3097 παραμυθίαν
1745 3030 1802 3080 ὲν

206 3119 271 3187 τῇ
307 3117 483 3186 τέχνῃ
519 3116 713 3189 ταύτῃ,
741 3117 855 3170 ἀλλ’
884 3117 1101 3180 εἰδέναι,
1135 3118 1216 3171 ὅτι
1256 3118 1288 3188 ἢ
1320 3119 1422 3170 ούκ
1464 3120 1613 3172 ἐάσει
1653 3121 1800 3189 ἡμᾶς

1911 1930 2005 1976 aut
2058 1922 2262 1989 succis,
2322 1932 2415 1976 aut
2473 1937 2817 1992 quaecunque
2862 1936 2925 1975 ex
2974 1920 3228 1981 metallis,
3288 1926 3379 1971 aut
3425 1934 3489 1971 ex

1910 2015 2050 2069 mari
2079 2015 2146 2069 ad
2188 2015 2437 2085 corporis
2469 2014 2759 2068 utilitatem
2792 2023 3099 2082 opportuna
3143 2011 3493 2079 esse'depre-

1910 2109 2079 2163 liensa
2136 2118 2285 2172 sunt,
2336 2109 2404 2163 ab
2461 2108 2585 2162 aliis
2634 2107 2895 2170 inventis,
2934 2122 3055 2175 qum
3100 2104 3169 2158 ad
3213 2105 3395 2157 cibum
3436 2113 3491 2155 et

1910 2212 2096 2271 potum
2139 2208 2409 2272 spectant,
2461 2200 2596 2254 nihil
2643 2198 2939 2254 differunt:
2978 2199 3071 2253 Sed
3110 2210 3290 2252 tamen
3343 2198 3488 2266 quod

1910 2292 2185 2362 superﬂue
2230 2308 2295 2347 ac
2342 2294 2561 2347 curiose
2592 2292 2957 2361 excogitatum
3006 2299 3109 2352 est,
3155 2298 3208 2343 et
3258 2291 3486 2343 multum

1908 2384 2112 2454 negotii
2160 2384 2415 2452 requirit,
2458 2396 2513 2439 et
2569 2383 2727 2453 quasi
2768 2398 2983 2437 omnem
3032 2390 3275 2437 nostram
3319 2382 3485 2436 vitam

1908 2477 2182 2530 convertit
2254 2476 2323 2530 ad
2380 2491 2601 2531 carnem
2666 2468 3003 2535 curandam,
3062 2474 3343 2528 vitandum
3403 2483 3489 2528 est

1908 2567 2272 2633 Christianis;
2306 2566 2599 2637 dandaque
2626 2566 2787 2621 nobis
2829 2567 3074 2620 studiose
3105 2580 3271 2634 opera
3294 2575 3397 2627 est,
3429 2574 3488 2619 ut

1909 2661 2005 2723 ita,
2061 2661 2336 2730 siquando
2376 2677 2514 2731 opus
2557 2660 2743 2724 fuerit,
2775 2659 2878 2713 hac
2916 2668 3035 2712 arte
3081 2672 3318 2721 utamur,
3346 2667 3404 2711 ut
3436 2661 3484 2713 ei

1910 2768 2017 2806 non
2055 2754 2370 2808 tribuamus
2408 2767 2624 2806 omnem
2656 2750 2813 2805 bona:
2842 2758 2935 2804 aut
2967 2750 3121 2804 mala:
3160 2751 3486 2805 valetudinis

1910 2862 2163 2907 causam,
2185 2847 2279 2901 sed
2317 2854 2377 2901 ut
2414 2846 2481 2899 ad
2520 2843 2905 2899 declarandam
2940 2843 3036 2898 Dei
3067 2845 3295 2913 gloriam
3331 2852 3384 2899 et
3418 2847 3483 2898 ad

1908 2937 2218 2992 habendum
2258 2939 2455 2992 animae
2485 2936 2743 2990 curandae
2773 2935 3070 3004 exemplar,
3100 2950 3261 2988 usum
3293 2950 3485 2989 eorum

1906 3043 2029 3096 quae
2073 3028 2252 3091 oll‘ert,
2305 3029 2683 3081 atlmittamus.
2730 3024 2887 3091 Quod
2932 3027 2978 3079 si
3024 3024 3326 3080 defecerint
3387 3041 3487 3080 nos

1906 3121 2195 3175 medicina:
2228 3120 2507 3190 praesidia,
2547 3135 2892 3190 nequaquam
2942 3118 3152 3173 levandi
3194 3118 3322 3171 mali
3369 3134 3489 3171 om-

206 3216 582 3285 πειρασθῆναι
638 3215 779 3286 ὑπὲρ
819 3215 847 3268 ὃ
881 3215 1162 3286 δυνάμεθα
1213 3214 1327 3286 (‘20)
1377 3216 1719 3284 ὑπενεγκεῖν,
1765 3216 1798 3286 ἢ

1912 3229 2028 3268 nem
2068 3229 2217 3283 spem
2248 3215 2302 3267 in
2342 3214 2444 3267 hac
2474 3222 2591 3268 arte
2624 3228 2958 3283 reponamus
2994 3230 3006 3264 :
3044 3212 3139 3266 sed
3172 3211 3481 3271 sciendum,

203 3305 404 3380 ὥσπερ
438 3308 562 3360 τότε
604 3310 633 3361 ὁ
678 3309 899 3378 Κύριος,
937 3308 1065 3361 ποτὲ
1115 3308 1211 3378 μὲν
1253 3308 1421 3377 πηλὸν
1483 3308 1673 3372 ποιῶν,
1706 3310 1802 3359 ἐπ-

202 3399 392 3469 έχριε,
440 3400 536 3453 καὶ
578 3399 837 3468 νίψασθαι
883 3401 1255 3470 προσέτασσεν
1304 3402 1384 3464 εἰς
1430 3401 1519 3454 τὸν
1557 3400 1799 3471 Σιλωάμ,

202 3492 335 3545 ποτὲ
390 3491 450 3544 δὲ
500 3493 723 3562 ἠρκεῖτο
762 3492 840 3563 τῷ
880 3492 1177 3564 βουλήματι
1225 3494 1373 3564 μόνῳ
1420 3495 1552 3565 (2|),
1601 3494 1796 3562 λέγων,

203 3585 415 3649 Θέλω,
461 3587 889 3653 καθαρίσθητι·
942 3586 1095 3651 τινας
1146 3586 1203 3639 δὲ
1247 3587 1341 3640 καὶ
1390 3586 1632 3640 ὲναθλεῖν
1690 3590 1802 3651 τοῖς

200 3676 493 3738 ἐπιπόνοις
559 3678 773 3747 ἀφῆκε,
839 3677 1243 3749 δοκιμωτέρους
1308 3679 1504 3743 αὐτοὺς
1556 3680 1643 3733 διὰ
1702 3682 1801 3749 τῆς

200 3768 412 3839 πείρας
446 3769 881 3840 παρασκευάζων
900 3787 914 3801 ·
946 3770 1088 3823 οὔτω
1133 3772 1227 3824 καὶ
1265 3772 1349 3840 ἐφ’
1376 3771 1554 3842 ἡμῶν,
1584 3772 1674 3825 ὁτὲ
1700 3772 1800 3842 μὲν

199 3860 462 3932 ἀοράτως
506 3863 570 3915 ὲκ
611 3861 706 3915 τοῦ
746 3862 986 3931 ἀφανοῦς
1031 3864 1432 3934 ἐφαπτόμενος,
1475 3866 1603 3918 ὅταν
1642 3864 1801 3918 τοῦτο

198 3955 494 4026 συμφέρον
533 3957 654 4019 ταῖς
692 3954 891 4027 ψυχαῖς
929 3957 1086 4027 ήμῶν
1130 3957 1446 4030 καταμάθῃ,
1490 3959 1579 4011 ὁτὲ
1610 3957 1665 4011 δὲ
1707 3959 1799 4011 καὶ

197 4047 428 4110 ύλικαῖς
475 4047 776 4119 κεχρῆσθαι
825 4047 1101 4119 βοηθείαις
1140 4048 1233 4100 ἐπὶ
1273 4048 1382 4102 τῶν
1422 4048 1612 4101 παθῶν
1642 4049 1798 4119 ἡμῶν

197 4138 445 4201 εὐδοκεῖ,
496 4142 563 4209 τῇ
612 4138 915 4209 παρατάσει
945 4138 1047 4209 τῆς
1081 4140 1381 4210 θεραπείας
1422 4141 1657 4211 ἔμμονον
1700 4141 1800 4211 τὴν

200 4233 437 4302 μνήμην
466 4229 568 4299 τῆς
594 4231 814 4301 χάριτος
836 4230 1101 4301 ἐμποιῶν,
1130 4232 1161 4303 ἢ
1190 4232 1282 4284 καὶ
1312 4232 1482 4285 τύπον
1518 4232 1639 4286 τινὰ
1663 4233 1799 4301 πρὸς

190 4322 295 4392 τὴν
334 4321 681 4391 ἐπιμέλεια-ι,
719 4322 794 4384 ὡς
828 4318 979 4374 εἷπον
1005 4364 1019 4387 ,
1058 4322 1157 4392 τῆς
1185 4323 1364 4393 ψυχῆς
1404 4324 1794 4397 παρεχόμενος.

205 4414 296 4477 Ὡς
322 4414 448 4483 γὰρ
480 4414 575 4467 ἐπὶ
606 4417 706 4484 τῆς
727 4414 979 4484 σαρκὸςῆ
1008 4431 1069 4467 τε
1103 4415 1196 4467 τοῦ
1231 4415 1513 4485 ἀλλοτρίου
1539 4416 1796 4480 ἀπόθεσις

194 4504 509 4574 ἀναγκαία,
541 4506 634 4557 καὶ
665 4508 696 4577 ἡ
728 4506 1021 4577 πρόσθεσις
1059 4506 1153 4559 τοῦ
1188 4506 1492 4570 ἐνδέοντος·
1531 4506 1674 4559 οὕτω
1704 4508 1797 4560 καὶ

192 4598 291 4649 ἐπὶ
330 4596 444 4666 τῆς
475 4596 652 4667 ψυχῆς
700 4598 856 4668 ἡμῶν
895 4597 1375 4667 ἀποικονομεῖσθαι
1413 4599 1511 4668 μὲν
1550 4600 1610 4651 τὸ
1639 4599 1798 4653 ἀλλό-

189 4705 378 4759 τριον,
419 4688 859 4759 προσλαμϐάνειν
900 4689 957 4742 δὲ
1000 4689 1062 4742 τὸ
1107 4690 1248 4743 κατά
1293 4689 1455 4758 φύσιν
1498 4692 1795 4761 προσῆκον.

191 4778 329 4833 Ὀτι
366 4780 400 4831 ὁ
429 4778 565 4842 θεὸς
599 4780 819 4850 ἐποίησε
846 4779 937 4832 τὸν
958 4780 1242 4851 ἄνθρωπον
1268 4781 1398 4852 εύθῆ
1419 4798 1433 4811 ⁶
1459 4782 1553 4835 καὶ
1583 4782 1797 4837 ἔκτισεν

190 4872 353 4942 ἡμᾶς
392 4871 488 4924 ἐπὶ
533 4871 714 4943 ἔργοις
756 4872 1006 4939 ἀγαθοῖς,
1053 4873 1139 4925 ἵνα
1178 4874 1237 4926 ὲν
1279 4874 1461 4937 αὐτοῖς
1495 4879 1797 4947 περιπατή-

193 4981 416 5034 σωμεν.

1906 3307 2043 3371 fore,
2091 3315 2149 3361 ut
2197 3318 2292 3362 aut
2317 3324 2427 3363 non
2464 3308 2609 3362 sinat
2640 3308 2836 3362 tentari
2865 3320 2965 3359 nos
2994 3305 3136 3359 ultra
3171 3320 3332 3375 quam
3362 3320 3487 3375 pos-

1906 3417 2101 3455 sumus
2138 3401 2202 3469 “,
2232 3411 2325 3454 aut
2352 3400 2811 3471 quemadmodum
2848 3400 2977 3452 olim
3009 3397 3292 3461 Dominus,
3320 3400 3483 3452 modo

1906 3494 2079 3548 lutum
2154 3492 2399 3561 faciens,
2467 3494 2735 3555 illinebat,
2795 3491 3136 3560 jubebatque
3195 3490 3364 3543 lavari
3426 3491 3481 3543 iu

1908 3584 2112 3639 Siloam
2143 3586 2211 3647 ",
2243 3586 2408 3639 modo
2442 3585 2556 3639 sola
2594 3584 2875 3637 voluntate
2918 3590 3210 3637 contentus
3232 3591 3369 3644 erat,
3398 3582 3481 3634 di-

1905 3694 2070 3731 cens:
2119 3676 2267 3739 Volo,
2297 3677 2555 3730 mundare
2591 3677 2636 3707 “
2665 3693 2681 3739 ;
2717 3674 2979 3744 quosdam
3012 3689 3141 3727 vero
3172 3674 3226 3727 in
3259 3673 3484 3727 alﬂicta-

1906 3770 2155 3824 tionibus
2190 3770 2477 3824 decertare
2506 3770 2776 3838 permisit,
2812 3768 3155 3838 probatiores
3196 3768 3351 3836 ipsos
3386 3782 3483 3835 per

1906 3861 2275 3915 tentationem
2315 3860 2596 3925 eﬂiciens;
2640 3860 2711 3914 ita
2763 3875 2910 3913 nunc
2956 3875 3173 3931 quoque
3217 3859 3479 3931 peculiari

1905 3954 2086 4024 aliqua
2132 3956 2344 4009 ratione
2386 3969 2547 4022 agere
2602 3954 2887 4009 nobiscum
2935 3955 3086 4020 velit,
3133 3954 3225 4022 qui
3268 3953 3483 4009 scilicet

1904 4045 2198 4116 aliquando
2254 4046 2600 4100 invisibiliter
2640 4046 2975 4116 latenterque
3028 4047 3329 4109 medeatur,
3353 4059 3479 4099 eum

1904 4138 1957 4191 id
2000 4138 2202 4193 animis
2235 4138 2444 4193 nostris
2494 4138 2752 4208 expedire
2784 4138 3137 4207 judicaverit,
3186 4138 3482 4208 aliquando

1903 4245 2036 4283 vero
2071 4236 2279 4284 statuat
2318 4244 2422 4283 nos
2467 4236 2522 4282 et
2556 4228 2690 4299 ipsis
2723 4228 3004 4298 corporeis
3034 4228 3252 4282 auxiliis
3285 4228 3340 4281 in
3382 4244 3483 4282 no-

1904 4324 2037 4377 stris
2069 4324 2274 4377 morbis
2314 4323 2414 4386 uti,
2454 4322 2639 4392 idque,
2675 4331 2734 4376 ut
2772 4324 2873 4377 hac
2895 4323 3196 4378 curationis
3218 4322 3482 4377 dilatione

1907 4415 2117 4469 firmam
2147 4424 2198 4469 et
2230 4416 2478 4470 stabilem
2521 4416 2712 4470 reddat
2743 4418 2950 4485 accepti
2992 4414 3240 4469 beneﬁcii
3275 4428 3483 4468 memo-

1906 4509 2066 4571 riam,
2102 4507 2413 4571 autetiam,
2465 4507 2924 4577 quemadmodum
2969 4507 3105 4569 dixi,
3150 4514 3207 4559 ut
3260 4505 3479 4575 aliquod

1904 4600 2238 4669 exemplum,
2272 4600 2416 4670 quod
2462 4600 2518 4653 in
2558 4600 2819 4653 curandis
2849 4599 3046 4653 animis
3079 4598 3277 4652 imitari
3303 4600 3481 4667 possi-

1905 4708 2049 4759 mus,
2084 4693 2245 4747 nobis
2276 4700 2565 4762 proponat.
2600 4690 2671 4745 Ut
2712 4690 2857 4745 enim
2892 4691 2944 4743 in
2987 4705 3218 4758 corpore
3254 4703 3480 4743 neceSSe

1906 4791 1991 4838 est
2010 4785 2250 4837 amoveri
2280 4784 2425 4852 quod
2449 4784 2688 4837 alienum
2710 4792 2794 4837 est
2815 4791 2868 4835 et
2883 4783 3239 4843 contrarium,
3259 4786 3313 4834 et
3332 4782 3475 4848 quod

1905 4876 2060 4931 deest
2110 4878 2309 4946 apponi
2364 4895 2376 4931 :
2433 4876 2513 4930 sic
2560 4876 2724 4931 etiam
2777 4876 2832 4928 in
2879 4875 3075 4928 animis
3112 4873 3337 4936 nostris,
3371 4889 3475 4927 non

1906 4969 2005 5023 abs
2062 4984 2121 5022 re
2179 4969 2345 5022 fuerit
2404 4969 2548 5039 quod
2603 4968 2843 5022 alienum
2902 4973 2987 5020 est
3041 4972 3095 5020 et
3141 4966 3476 5019 contrarium

187 5075 514 5124 removere,
581 5068 635 5114 et
684 5060 829 5131 quod
898 5063 1198 5117 secundum
1254 5069 1505 5115 naturam
1554 5071 1635 5115 est
1670 5102 1684 5126 ,
1740 5079 2045 5120 assumere.
2104 5064 2382 5134 Siquidem
2440 5066 2565 5119 fecit
2631 5063 2774 5119 Deus
2823 5062 3095 5118 hominem
3152 5071 3358 5117 rectum
3411 5066 3475 5128 θτ,

189 5167 422 5223 nosque
469 5152 537 5205 ad
578 5153 721 5208 bona
768 5169 933 5223 opera
970 5154 1238 5218 condidit,
1269 5162 1329 5207 ut
1371 5155 1424 5207 in
1459 5154 1541 5209 eis
1586 5155 1950 5213 ambulemus.

176 5280 185 5321 ρ
263 5247 323 5302 ὅ.
364 5248 477 5301 Καὶ
525 5246 712 5312 ὥσπερ
747 5250 863 5302 ἐκεῖ
912 5248 1117 5319 τομῶν,
1146 5250 1239 5303 καὶ
1289 5249 1558 5315 καύσεων,
1588 5249 1683 5303 καὶ
1706 5268 1788 5302 πι-

180 5338 189 5363 δ

265 5388 317 5421 ⁸⁵
362 5386 545 5444 lCor.
586 5390 774 5454 ι,15.
853 5389 898 5421 ⁸⁸
938 5388 1099 5446 Joan.
1139 5407 1227 5455 ix,
1265 5390 1333 5455 6,
1375 5390 1425 5445 7.

264 5532 396 5610 (18)
430 5535 647 5605 Antiqui
679 5536 801 5610 _du_o
842 5536 963 5610 libri
1004 5553 1128 5610 cum
1166 5536 1325 5610 Voss.
1360 5533 1555 5610 éx_r~7;;'
1596 5538 1795 5595 θαλάσ-

192 5602 329 5679 σης.
361 5602 855 5679 [ξςοι-ιιιὶιτιὶουιυε
889 5609 943 5661 in
981 5609 1242 5677 vulgatis.
1275 5608 1395 5665 Mox
1430 5602 1563 5679 Re'g.
1601 5613 1795 5665 tertius

189 5675 291 5746 ἔχε
301 5691 371 5747 ιν⁸
385 5675 732 5747 ,ἐξεύρηνταμ

271 5744 401 5820 (1‘2)
440 5744 816 5820 Bea-vtimus
851 5747 1045 5820 ὶιρῆσιῖι
1074 5748 1177 5820 τὴν.
1202 5749 1297 5820 ἀπ’
1326 5750 1511 5820 αὐτῆς·

280 5761 378 5810 [ιιι
440 5761 483 5797 rt
557 5784 571 5798 .
606 5762 816 5817 primus
851 5763 1045 5816 χρησιν
1074 5761 1172 5815 τὴν
1202 5761 1296 5802 ἀπ’
1326 5761 1511 5820 αυτης.

280 5761 406 5885 βος
434 5761 617 5872 (ﬁge:
646 5815 805 5873 Voss.
844 5817 982 5889 ὑπὲρ
1016 5818 1042 5870 ὃ
1072 5820 1129 5872 ού
1163 5818 1456 5891 δυνάμεθα.
1489 5820 1603 5875 Mox
1632 5821 1748 5877 Col.

1503 5392 1549 5423 “
1591 5390 1781 5445 Matth.
1820 5410 1954 5458 vin,
1991 5394 2047 5447 3.

1985 5250 2037 5304 3.
2075 5255 2140 5307 Et
2174 5252 2638 5323 quemadmodum
2673 5251 2783 5306 illic
2816 5250 2987 5305 secari
3010 5289 3023 5310 ,
3059 5249 3181 5315 uri,
3209 5256 3263 5303 et
3293 5264 3475 5303 amara

2128 5394 2171 5426 ⁸⁷
2218 5394 2394 5449 Eccle.
2433 5410 2543 5457 vn,
2582 5394 2670 5448 '50.

1900 5542 2157 5615 ξπέχρισε
2186 5542 2313 5606 τοὺς
2344 5542 2676 5615 όφθαλμοὺς,
2709 5540 2825 5615 καί,
2854 5538 3009 5615 illini!
3035 5539 3234 5591 oculos.
3276 5532 3475 5587 Ibidem

1907 5609 2053 5682 Reg:
2077 5615 2289 5682 primus
2313 5609 2570 5682 νίψασθαι
2606 5609 2965 5682 προσέταξεν..
3001 5680 3009 5682 _
3237 5675 3248 5682 _
3386 5675 3397 5682 _

1977 5674 2091 5753 (Ξιῇ
2126 5682 2266 5737 Editi
2299 5692 2351 5735 et
2380 5674 2513 5754 Reg.
2544 5674 2822 5739 secundus
2860 5679 3154 5751 βουλήματι
3184 5675 3327 5748 μόνῳ
3373 5674 3476 5729 Alit

1906 5766 2013 5811 tres
2050 5771 2181 5810 ιιιδδ.
2220 5754 2397 5825 μόνον.
