3948 6240
507 250 644 306 1017

1804 263 1863 318 8.
1902 262 1986 318 BA
1996 260 2146 319 SILI]
2187 259 2404 317 MAGNI

3587 261 3702 321 1018

505 367 905 426 medicamenta
935 388 1153 431 sumere
1185 389 1296 430 non
1326 390 1679 444 recusamus,
1711 377 1964 448 corporis
1992 393 2075 432 sa-

2187 376 2336 449 κρῶν
2356 375 2661 447 φαρμάκων
2698 371 3051 444 μεταλήψεως
3083 371 3219 441 ὑπὲρ
3253 371 3350 442 τῆς
3384 369 3472 424 τοῦ
3495 371 3700 443 σώματος

508 457 675 514 nandi
713 474 920 518 causa:
956 464 1030 520 ita
1058 464 1222 522 etiam
1265 466 1387 533 hic,
1421 482 1733 524 sermonem
1762 468 2083 539 obiurgato-

509 548 650 606 rium
678 556 1038 622 quantumvis
1069 568 1392 626 secantem,
1417 568 1472 617 et
1513 563 1855 617 amarulema
1898 574 2085 633 repre-

508 640 837 701 hensionum
878 650 1124 707 remedia
1154 667 1256 723 pro
1285 655 1482 710 animae
1507 654 1718 710 medela
1747 669 1926 724 operae
1955 669 2082 725 pre-

506 734 645 788 tium
672 744 759 791 est
787 739 1075 809 perferre:
1106 744 1254 814 quod
1295 746 1518 816 quidem
1559 748 1629 803 iis
1671 748 1765 818 qui
1805 747 2082 803 emendati

506 839 620 879 non
650 825 872 884 fuerant
903 835 1199 902 exprobrat
1224 838 1578 909 propheticus
1607 852 1788 894 sermo
1807 878 1822 902 ,
1849 838 1935 893 his
1958 853 2087 893 ver-

507 916 593 974 bis
626 937 648 976 ι
678 919 935 993 Nunquid
962 928 1140 982 resina
1173 946 1277 983 non
1307 940 1386 985 est
1415 932 1472 985 in
1504 930 1713 986 Galaad
1737 934 1763 987 ?
1793 940 1885 985 aut
1917 932 2085 985 medi-

506 1024 600 1064 cus
645 1028 751 1067 non
789 1025 868 1069 est
911 1017 1033 1074 ibi?
1065 1020 1248 1087 Quare
1291 1038 1395 1077 non
1425 1024 1663 1079 ascendit
1705 1024 1916 1077 sanatio
1954 1023 2083 1093 ﬁlia:

504 1105 690 1173 populi
731 1109 833 1162 mei
876 1110 968 1164 “'1'
1008 1112 1188 1184 Atque
1232 1114 1339 1169 hoc
1375 1117 1540 1171 etiam
1565 1156 1580 1178 ,
1610 1116 1758 1188 quod
1787 1116 1842 1171 in
1875 1118 2081 1173 morbis

508 1193 852 1264 inveteratis,
886 1218 984 1272 per
1011 1202 1233 1277 longum
1264 1214 1482 1278 tempus
1501 1250 1514 1273 ,
1544 1223 1747 1279 perque
1775 1211 1975 1264 auxilia
2007 1212 2084 1267 si-

504 1289 618 1342 mul
646 1289 888 1347 dolorem
916 1300 1162 1351 creantia
1187 1306 1242 1354 et
1267 1300 1437 1365 varia,
1464 1309 1818 1371 exspectatur
1847 1302 2079 1371 sanitas,

506 1377 713 1437 indicio
730 1390 848 1448 est,
878 1387 1076 1444 animas
1099 1405 1318 1462 quoque
1350 1400 1570 1462 peccata
1596 1408 1692 1463 per
1716 1392 1934 1450 sedulas
1960 1410 2081 1465 pre-

504 1485 633 1541 ces,
665 1485 720 1532 et
747 1477 914 1550 399
942 1481 1263 1539 diuturnam
1291 1485 1671 1555 paenitentiam
1694 1525 1707 1548 ,
1742 1501 1806 1540 ac
1834 1485 2078 1557 discipli-

504 1579 631 1621 nam
666 1573 994 1629 severiorem
1025 1617 1039 1640 ,
1071 1591 1236 1647 quam
1270 1578 1413 1634 ratio
1443 1579 1513 1633 ad
1544 1580 1887 1635 sanationem
1922 1582 2079 1637 nobis

505 1658 865 1718 sutileientem
897 1680 1021 1723 esse
1048 1671 1361 1736 monuerit,
1390 1684 1420 1725 a
1446 1671 1606 1727 nobis
1631 1672 1829 1742 corrigi
1860 1672 2077 1728 debere.

2184 467 2486 539 θεραπείας
2530 462 2864 535 ἀνεχόμεθα·
2910 461 3052 516 οῦτω
3098 462 3191 515 καὶ
3231 461 3457 516 ἐνταῦθα
3493 462 3552 515 τὰ
3585 481 3699 537 τμη-

2183 559 2313 613 τικὰ
2355 556 2450 611 τοῦ
2498 554 2814 624 ὲλεγκτικοῦ
2836 554 3017 622 λόγου,
3071 553 3253 609 καὶτὰ
3287 553 3453 624 πικρὰ
3488 554 3581 607 τῶν
3604 556 3698 609 ἑπι-

2182 652 2462 723 τιμήσεων
2521 649 2787 720 φάρμακα
2841 646 2980 717 ὑπὲρ
3034 644 3134 715 τῆς
3173 644 3314 699 κατὰ
3358 645 3522 716 ψυχὴν
3569 645 3697 717 θερα-

2184 745 2344 808 πείας
2397 741 2788 814 καταδέχεσθαι
2832 741 2958 812 χρή.
3016 741 3193 809 Ὅπερ
3232 741 3346 801 τοῖς
3408 739 3478 809 μὴ
3524 738 3697 791 παιδευ-

2184 837 2357 892 θεῖσιν
2402 838 2431 889 ὁ
2478 836 2817 909 προφητικὸς
2854 833 3010 901 λόγος
3058 831 3400 896 ἐπονειδίζων
3434 830 3535 899 (‘22)
3565 830 3694 901 φησί’

2182 930 2281 1001 Μὴ
2315 930 2533 999 ῥητίνη
2576 931 2689 984 οὐκ
2729 928 2900 981 ἔστιν
2931 927 3002 979 ἐν
3036 923 3284 981 Γαλαὰδ
3303 939 3321 986 ;
3346 921 3384 990 ἦ
3416 920 3588 989 ἰατρὸς
3613 924 3696 975 οὐκ

2181 1023 2355 1078 ἔστιν
2399 1021 2566 1084 exet;
2618 1020 2721 1073 Διὰ
2783 1017 2840 1073 τί
2888 1019 3001 1072 οὐκ
3040 1015 3220 1083 ἀνέϐη
3268 1015 3428 1079 ιασις
3463 1013 3697 1081 θυτατρὲς

2180 1118 2337 1173 λαοῦ
2380 1132 2534 1186 nov;
2576 1115 2688 1167 Kal.
2718 1113 2779 1166 τὸ
2825 1109 3049 1164 ἐπὶτῶν
3076 1109 3302 1180 χρονίων
3344 1106 3401 1160 δὲ
3444 1104 3606 1159 παθῶν
3631 1104 3696 1157 διὰ

2185 1208 2396 1282 μακροῦ
2426 1207 2619 1279 χρόνου
2652 1205 2744 1258 καὶ
2766 1201 2853 1256 διὰ
2877 1199 3235 1274 βοηθημάτων
3254 1195 3504 1266 ἀλγεινῶν
3523 1212 3574 1246 τε
3590 1191 3696 1264 ὁμοῦ

2181 1301 2275 1354 καὶ
2312 1298 2568 1353 ποικίλων
2593 1297 2693 1367 τὴν
2727 1295 2869 1349 ίασιν
2901 1292 3208 1363 ἀναμένειν,
3246 1286 3493 1356 ἔνδειγμά
3511 1287 3606 1338 ἐστι
3623 1282 3695 1337 τοῦ

2180 1395 2276 1447 καὶ
2300 1394 2368 1446 τὰ
2388 1392 2485 1463 τῆς
2511 1390 2688 1461 ψυχῆς
2705 1387 3080 1458 ἁμαρτήματα
3101 1382 3190 1436 διὰ
3210 1379 3489 1451 φιλοπόνου
3509 1377 3696 1446 δεήσεως

2181 1485 2276 1538 καὶ
2337 1479 2688 1551 πολυχρονίου
2733 1474 3021 1548 μετανοίας
3070 1471 3166 1525 καὶ
3211 1467 3432 1536 ἀγωγῆς
3467 1464 3693 1525 ἐπιπόνου,

2178 1578 2246 1648 ἣν
2297 1574 2407 1644 (25)
2457 1573 2524 1627 ἂν
2574 1572 2603 1624 ό
2635 1570 2794 1639 λόγος
2826 1569 2956 1639 ἡμῖν
2986 1565 3236 1636 αὐτάρκη
3268 1561 3405 1632 πρὸς
3444 1556 3694 1648 ἴασιν

2180 1645 2349 1739 ϐάλῃ,
2399 1664 2634 1735 ὀφείλειν
2700 1661 2849 1733 ἡμᾶς
2899 1655 3350 1730 ἐπανορθοῦσθαι.
3409 1649 3478 1704 Οὐ
3528 1645 3692 1705 τοίνυν.

499 1747 625 1804 Non
653 1751 842 1824 igitur,
874 1759 1138 1827 quoniam
1169 1762 1336 1832 aliqui
1367 1769 1484 1817 arte
1514 1763 1727 1818 medica
1761 1739 1871 1818 non
1911 1764 2075 1835 probe

2180 1758 2367 1827 ἐπειδή
2397 1771 2541 1818 τινες
2560 1752 2621 1807 οὑ
2661 1752 2842 1814 καλῶς
2871 1748 3110 1821 χρῶνται
3137 1751 3205 1817 τῇ
3231 1745 3393 1816 τέχνῃ
3414 1744 3475 1811 τῇ
3503 1740 3692 1835 ἰατρικῇ..

504 1849 754 1912 utuntur,
782 1847 904 1917 ejus
927 1851 1087 1907 nobis
1112 1853 1323 1910 utilitas
1347 1854 1529 1910 omnis
1556 1853 1812 1925 fugienda
1839 1863 1943 1911 est.
1968 1854 2079 1911 Ne-

501 1949 609 2003 que
633 1937 778 1991 enim
797 1978 812 2002 ,
842 1942 1100 2008 quoniam
1128 1944 1556 2014 intemperantes
1583 1945 1801 2015 quidam
1829 1946 2080 2016 volupta-

499 2032 617 2081 tum
643 2039 944 2089 sectatores
970 2034 1329 2104 coquinaria,
1361 2043 1456 2089 aut
1483 2036 1710 2105 pistoria
1732 2076 1746 2100 ,
1776 2044 1869 2090 aut
1895 2044 2077 2091 texto-

499 2116 583 2171 ria
605 2119 672 2174 ad
694 2119 929 2178 delicias
947 2126 1344 2196 excogitandas
1374 2126 1690 2191 abutantur,
1719 2143 1843 2183 cum
1877 2129 2078 2184 limites

498 2220 686 2263 rerum
734 2214 1171 2267 necessariarum
1223 2217 1524 2279 excedant,
1573 2217 1837 2270 continuo
1884 2232 2077 2273 omnes

498 2297 663 2353 simul
694 2309 841 2356 artes
872 2303 1025 2372 rejici
1058 2321 1088 2358 a
1121 2307 1283 2361 nobis
1315 2306 1515 2361 debent
1541 2325 1554 2360 :
1607 2315 1804 2360 contra
1851 2308 2039 2377 potius
2059 2348 2073 2374 ,

497 2389 645 2459 quod
679 2391 751 2446 ab
779 2393 890 2449 illis
920 2382 1243 2468 corruptum
1277 2397 1418 2464 fuit,
1450 2398 1503 2451 id
1536 2414 1605 2453 ex
1648 2408 1800 2453 recto
1832 2400 2074 2468 ipsarum

499 2496 601 2537 usu
647 2486 1055 2556 coarguendam
1097 2497 1203 2544 est.
1256 2488 1350 2544 Sic
1393 2491 1559 2545 etiam
1593 2492 1732 2545 etin
1767 2491 2073 2559 medicina,

497 2588 599 2643 par
647 2591 755 2631 non
796 2589 881 2634 est
923 2590 1207 2651 acceptum
1240 2597 1271 2636 a
1305 2584 1415 2637 Deo
1447 2598 1647 2637 munus
1695 2583 1975 2638 criminari
2005 2584 2075 2639 ob

497 2663 701 2718 malum
731 2681 914 2723 usum.
941 2668 1076 2723 Nam
1109 2681 1163 2726 et
1190 2671 1245 2726 in
1277 2670 1616 2726 medicorum
1645 2672 1898 2727 manibus
1928 2673 2074 2727 sani-

497 2757 629 2813 tatis
657 2773 774 2815 suae
801 2775 953 2830 spem
984 2764 1259 2819 collocare
1279 2804 1292 2827 ,
1321 2765 1627 2821 belluinnm
1654 2776 1741 2822 est
1769 2785 1784 2834 ;
1812 2768 1957 2837 quod
1986 2774 2075 2820 ta-

495 2860 623 2902 men
664 2864 770 2905 usu
812 2852 1003 2908 venire
1047 2856 1327 2912 nonnullis
1376 2858 1599 2914 miseris
1642 2860 1928 2925 videmus,
1977 2860 2072 2930 qui

495 2940 663 2995 etiam
707 2958 817 2997 non
861 2955 1123 3002 verentur
1158 2963 1254 3003 eos
1303 2951 1579 3020 appellare
1620 2959 1971 3008 servatores:
2020 2962 2074 3006 et

2180 1850 2440 1923 φευκτέον
2459 1851 2593 1920 ἡμῖν
2638 1847 2819 1899 πᾶσαν
2850 1843 2947 1914 τὴν
2988 1842 3080 1896 ἀπ’
3106 1839 3280 1907 αὑτῆς
3312 1829 3692 1923 ὠφέλειαν.

2177 1921 2308 2016 ⁸ιδιρ,
2341 1940 2530 2011 ἐπειδὴ
2563 1938 2860 2011 μαγειρικῇ
2891 1934 3033 2006 πρὸς
3059 1930 3274 2003 τρυφῆς
3296 1921 3692 2016 ὲπίνοιανθίΑΕΡΪ

2176 2012 2275 2097 τὰς
2324 2029 2518 2103 ἡδονὸις
2550 2029 2838 2084 ἀκόλαστοι
2890 2022 3266 2097 κέχρηνται,ῆ
3298 2022 3363 2090 τῇ
3385 2012 3691 2089 ἀρτοποιίῃῆ

2174 2129 2242 2196 τῇ
2275 2126 2566 2194 ὑφαντικῇ,
2596 2120 3013 2191 ὑπερϐαίνοντες
3033 2117 3124 2171 τὸν
3144 2117 3271 2187 ὅρον
3286 2112 3393 2166 τῶν
3420 2108 3689 2177 ἀναγκαίων,

2177 2218 2277 2289 ἤδη
2302 2217 2449 2288 ἡμᾶς
2477 2215 2658 2278 πάσας
2685 2212 2822 2283 ὁμοῦ
2851 2209 2958 2282 χρὴ
3000 2204 3387 2280 παραιτεῖσθαι
3405 2205 3497 2266 τὰς
3512 2201 3689 2289 τέχνας,-

2174 2288 2236 2362 τὸ
2266 2308 2507 2362 ἐναντίον
2534 2307 2631 2377 μὲν
2652 2300 2769 2368 οὖν,
2803 2305 2867 2356 ἐκ
2894 2302 2996 2372 τῆς
3022 2300 3189 2372 ὀρθῆς
3223 2297 3401 2351 αὐτῶν
3421 2296 3628 2367 χρήσεως
3647 2288 3691 2341 τὸ

2176 2399 2267 2454 ὑπ’
2300 2397 2525 2451 ἐκείνων
2574 2392 3081 2467 παραφθειρόμενον
3135 2389 3453 2458 διελέγχειν.
3496 2378 3690 2435 Οῦτωδὲ

2176 2493 2271 2546 καὶ
2295 2490 2387 2544 ἐπὶ
2401 2490 2499 2560 τῆς
2514 2486 2762 2559 ἰατρικῆς
2785 2484 2883 2557 τὴν
2900 2483 3049 2555 παρὰ
3072 2481 3169 2535 τοῦ
3197 2479 3333 2535 Θεοῦ
3360 2477 3503 2550 χάριν
3528 2470 3691 2542 πονηρᾷ

2175 2581 2483 2638 διαϐάλλειν
2534 2581 2729 2651 χρήσει
2778 2578 2880 2632 οὑκ
2908 2576 3149 2643 εὑλογον.
3185 2573 3261 2626 Τό
3315 2588 3373 2623 τε
3407 2571 3506 2639 γὰρ
3531 2568 3577 2619 ὲν
3601 2562 3689 2623 ταῖς

2176 2676 2333 2748 χερσὶ
2355 2672 2464 2727 τῶν
2483 2675 2563 2725 ίατ
2574 2671 2680 2742 ρῶν
2701 2670 2801 2740 τὴν
2827 2668 3015 2722 ἐλπίδα
3038 2667 3186 2738 ἔχειν
3214 2665 3313 2734 τῆς
3343 2660 3530 2715 ἑαυτῶν
3547 2654 3688 2724 ὑγείας

2176 2766 2447 2839 κτηνῶδες
2464 2783 2477 2796 ·
2506 2767 2643 2836 ὅπερ
2669 2762 2975 2835 πάσχοντάς
3001 2776 3151 2823 τινας
3174 2759 3284 2812 τῶν
3302 2756 3487 2831 ἀθλίων
3504 2750 3686 2822 ὁρῶμενν

2174 2863 2223 2916 οἳ
2251 2861 2342 2915 καὶ
2371 2859 2619 2930 σωτῆρας
2651 2856 2847 2918 αὑτοὺς
2887 2853 3175 2924 ὀνομάζειν
3213 2852 3278 2904 οὑ
3326 2853 3686 2917 παραιτουνται’

2175 2956 2236 3009 τό
2259 2970 2319 3007 τε
2356 2952 2529 3022 πάντη
2551 2950 2649 3013 τὰς
2681 2950 2775 3003 ἀπ’
2798 2948 2968 3018 αὑτῆς
2995 2946 3103 3015 (24)
3135 2941 3400 3014 ὠφελείας
3422 2934 3690 3005 ἀποφεύγειν

496 3034 785 3089 commoda
826 3051 894 3091 ex
931 3052 995 3092 ea
1024 3041 1306 3094 nascentia
1337 3042 1563 3095 omnino
1594 3043 1873 3107 aversari,
1906 3043 2072 3095 animi

2178 3047 2498 3116 φιλόνεικον.
2526 3044 2665 3096 Ἀλλ’
2697 3041 2886 3111 ὥσπερ
2906 3042 2935 3093 ὁ
2974 3037 3228 3101 Ἐζεκίας
3255 3037 3352 3107 τὴν
3371 3031 3585 3101 παλάθην

494 3129 583 3179 est
612 3123 896 3181 obstinati.
932 3127 1037 3184 Sed
1076 3133 1222 3184 sicut
1263 3130 1525 3186 Ezechias
1566 3133 1796 3187 ﬁcorum
1834 3148 2073 3188 massam

2179 3141 2358 3194 σύκων
2406 3139 2528 3210 οὑχὶ
2585 3135 2801 3207 πρῶτον
2867 3134 3037 3187 αἴτιον
3098 3131 3290 3200 ὑγείας
3355 3128 3555 3199 ἡγεῖτο,
3600 3117 3688 3173 οὐδὲ

496 3230 609 3269 non
638 3218 867 3287 putabat
899 3220 1131 3290 primam
1163 3238 1286 3279 esse
1317 3226 1572 3278 sanitatis
1604 3240 1717 3279 sua:
1749 3240 1972 3279 causam
2003 3226 2071 3289 ⁸³,

495 3322 675 3378 neque
714 3311 766 3365 ei
807 3320 1085 3382 acceptam
1129 3315 1401 3370 referebat
1430 3317 1681 3385 corporis
1713 3316 1798 3372 sui
1832 3318 2075 3371 curatio-

499 3416 661 3466 nem,
706 3403 801 3459 sed
842 3404 912 3458 ad
951 3404 1046 3460 Dei
1084 3406 1316 3477 gloriam
1359 3410 1660 3479 gratiarum
1702 3409 1869 3465 etiam
1901 3411 2075 3465 actio-

495 3509 625 3549 nem
657 3495 861 3566 adjecit
888 3497 961 3552 ob
988 3497 1244 3554 conditas
1279 3500 1419 3555 licus
1446 3519 1460 3554 :
1498 3501 1579 3555 sic
1612 3516 1714 3555 nos
1742 3516 1993 3571 quoque,
2025 3503 2072 3557 si

496 3601 532 3641 a
559 3585 669 3642 Deo
690 3587 829 3645 bene
853 3588 1263 3660 prudenterque
1282 3590 1452 3645 vitam
1478 3598 1721 3646 nostram
1754 3593 2073 3648 moderante

495 3678 688 3750 plagas
729 3680 1068 3752 accipimus,
1111 3683 1352 3753 primum
1392 3683 1612 3754 quidem
1658 3684 1726 3738 ab
1768 3683 1891 3754 ipso
1932 3685 2074 3755 peli-

496 3786 655 3836 mus,
690 3778 751 3827 ut
780 3773 984 3830 indicet
1012 3775 1173 3831 nobis
1204 3790 1462 3841 causam,
1495 3790 1598 3830 cur
1626 3778 1698 3830 ita
1729 3777 2069 3846 plectamur:

496 3863 731 3930 deinde,
776 3878 840 3920 ut
882 3867 1182 3922 liberemur
1222 3868 1291 3923 ab
1329 3868 1417 3927 his
1455 3868 1762 3931 molestiis,
1803 3868 2073 3938 deturque

496 3957 660 4013 nobis
702 3959 968 4028 patientia
988 3998 1003 4023 ,
1033 3958 1170 4014 adeo
1200 3968 1261 4015 ut
1290 3975 1398 4015 una
1429 3976 1554 4015 cum
1588 3961 1890 4016 tentatione
1931 3976 2071 4032 prat-

496 4056 607 4104 atet
634 4050 801 4105 etiam
832 4061 1089 4106 eventum
1112 4093 1128 4118 ,
1159 4067 1269 4123 quo
1297 4055 1571 4122 possimus
1602 4053 1829 4109 sufferre
1856 4054 1925 4109 ⁷ο.

566 4140 622 4196 4.
661 4142 936 4197 Collatum
976 4154 1156 4199 autem
1200 4144 1364 4200 nobis
1407 4146 1666 4201 sanitatis
1709 4146 2071 4214 beneﬁcium,

495 4229 612 4286 sive
642 4246 741 4301 per
766 4232 955 4287 vinum
984 4234 1107 4289 oleo
1138 4235 1437 4291 admistum
1468 4237 1537 4304 ",
1573 4244 1631 4292 ut
1662 4237 1717 4292 in
1748 4253 1814 4293 eo
1842 4240 1939 4309 qui
1987 4240 2074 4294 in-

495 4318 631 4375 cidit
670 4321 727 4376 in
770 4322 1044 4389 latrones,
1079 4324 1196 4380 sive
1226 4339 1325 4395 per
1354 4326 1491 4383 licus
1510 4365 1526 4391 ,
1556 4333 1617 4381 ut
1645 4327 1701 4382 in
1735 4326 1969 4384 Ezecbia
2000 4330 2068 4393 τ’,

2171 3233 2346 3304 τούτῳ
2370 3231 2479 3305 (25)
2513 3229 2612 3299 τὴν
2654 3226 2833 3281 αἰτίαν
2862 3226 2961 3294 τῆς
3011 3224 3209 3286 ἰάσεως
3228 3222 3323 3275 τοῦ
3367 3218 3584 3288 σώματος

2174 3301 2387 3393 γίζετο,
2426 3319 2736 3394 προσετίθει
2763 3318 2823 3372 δὲ
2848 3320 2915 3387 τῇ
2944 3314 3073 3388 δόξῃ
3113 3313 3210 3367 τοῦ
3241 3311 3375 3365 Θεοῦ
3404 3310 3490 3362 κα).
3516 3307 3596 3375 τὴν
3620 3301 3690 3355 ἐπὶ

2172 3419 2238 3488 τῇ
2268 3417 2445 3469 κτίσει
2494 3412 2605 3467 τῶν
2633 3410 2814 3465 σύκων
2850 3407 3233 3479 εὐχαριστίαν
3273 3404 3414 3459 οὑτω
3447 3400 3532 3454 καὶ
3549 3396 3687 3502 ἢμιᾷ.

2173 3508 2323 3578 παρὰ
2352 3504 2446 3559 τοῦ
2489 3503 2708 3573 ἁγαθῶς
2746 3503 2841 3556 καὶ
2890 3500 3168 3574 φρονίμως
3216 3493 3691 3585 θίκονθμοῦνῖοςῇῗ

2173 3598 2317 3669 ζωὴν
2357 3596 2517 3669 ήμῶν
2560 3595 2695 3649 Θεοῦ
2731 3593 3009 3665 δεχόμενοι
3038 3592 3136 3654 τὰς
3168 3590 3403 3659 πληγὰς,
3432 3585 3542 3656 παρ’
3565 3579 3687 3669 αὐτῷ

2174 3666 2412 3761 πρῶτον
2440 3688 2540 3759 μὲν
2583 3686 2735 3740 α’ίτοῦ
2745 3703 2842 3756 μεν
2878 3683 2976 3755 τὴν
3001 3681 3206 3752 γνῶσιν
3235 3680 3329 3734 τοῦ
3359 3679 3503 3746 λόγου
3526 3671 3621 3726 καθ’

2172 3757 2369 3849 ἐπάγει
2416 3757 2518 3842 τὰς
2560 3778 2853 3850 μάστιγας,
2884 3775 3074 3828 ἔπειτα
3118 3772 3176 3825 δὲ
3222 3772 3321 3842 τήν
3351 3785 3408 3822 τε
3429 3757 3689 3857 dmi-117%}

2170 3869 2279 3923 τῶν
2307 3868 2581 3940 ὀδυνηρῶν
2609 3867 2702 3921 καὶ
2743 3867 2843 3936 τὴν
2888 3862 3189 3935 ὑπομονὴν,
3221 3861 3357 3932 πρὸς
3403 3857 3458 3911 τὸ
3510 3854 3590 3906 σὺν
3627 3854 3686 3940 τῷ

2174 3937 2487 4032 πειρασμῶν
2517 3956 2819 4031 παρασχεῖν
2858 3958 2952 4010 κα).
2980 3954 3076 4028 τὴν
3113 3953 3357 4014 ἔκϐασιν,
3379 3947 3466 4003 τοῦ
3484 3937 3687 3999 δύνασθαι

2171 4054 2320 4125 ἡμᾶς
2349 4050 2462 4122 (‘26)
2488 4051 2824 4118 ὑπενεγκεῖν.

2243 4144 2298 4199 4.
2326 4143 2579 4197 Δοθεῖσαν
2604 4143 2660 4196 δὲ
2688 4143 2821 4213 ἡμῖν
2860 4142 2962 4212 τῆς
2996 4140 3193 4202 ἰάσεως
3221 4137 3320 4209 τὴν
3349 4133 3512 4205 χάριν,
3553 4127 3582 4200 ἢ
3620 4121 3685 4176 διὰ

2172 4235 2266 4290 τοῦ
2286 4235 2571 4300 οἰνελαίου,
2598 4234 2674 4298 ὡς
2699 4234 2791 4286 ἐπὶ
2816 4232 2911 4286 τοῦ
2940 4229 3275 4302 ἐμπεσόντος
3294 4230 3371 4291 εἰς
3382 4224 3495 4285 τοὺς
3512 4214 3689 4291 λῃστὰς.

2173 4330 2206 4402 ἦ
2245 4327 2335 4383 διὰ
2360 4327 2469 4382 τῶν
2513 4320 2722 4388 σύκων.
2754 4327 2831 4389 ὡς
2860 4324 2953 4378 ἐπὶ
2978 4323 3072 4379 τοῦ
3114 4320 3379 4387 Ἐζεκίου,
3413 4311 3683 4402 εὐχαρίστωξ

495 4426 621 4466 cum
655 4413 957 4482 gratiarum
995 4416 1216 4472 actione
1255 4417 1571 4488 recipimus.
1623 4418 1734 4476 Nec
1771 4421 2068 4492 quidquam

2178 4398 2548 4492 ὑποδεκόμεθα
2579 4420 2713 4490 (Ἦ).
2750 4419 2862 4473 Καὶ
2884 4417 3036 4472 οὐδὲν
3062 4412 3395 4486 διοισόμεθα,
3418 4408 3516 4463 εἴτε
3547 4406 3601 4456 ἐκ

495 4502 717 4562 diﬁ'erre
753 4507 1112 4573 arbitremur,
1157 4509 1275 4566 sive
1303 4508 1465 4567 modo
1495 4510 1761 4569 invisibili
1795 4513 1939 4571 Deus
1969 4531 2073 4572 nos

497 4603 687 4664 curet,
713 4597 831 4654 sive
851 4612 1179 4669 corporeum
1201 4601 1460 4673 quiddam
1485 4603 1742 4660 adhibeat
1767 4623 1780 4659 :
1805 4622 1928 4676 qua:
1955 4623 2076 4663 cor-

497 4690 708 4759 poralia
754 4706 1134 4762 saepenumero
1174 4694 1452 4753 eill'cacius
1492 4711 1604 4752 non
1643 4699 1962 4755 conducunt
2004 4703 2073 4757 ad

497 4792 702 4835 munus
744 4778 962 4836 Domini
1009 4782 1449 4854 intelligendum.
1498 4786 1680 4856 Atque
1724 4788 1888 4844 etiam
1930 4806 2073 4861 saepe

498 4871 877 4943 castigationis
902 4889 1070 4930 causa
1091 4877 1148 4931 in
1170 4877 1394 4933 morbos
1422 4878 1653 4949 collapsi
1675 4920 1690 4943 .
1723 4881 1791 4936 ad
1819 4896 2066 4953 asperam

498 4977 830 5035 gravemque
882 4969 1223 5024 curationem
1282 4968 1664 5040 perferendam
1718 4987 1895 5043 pinnae
1953 4974 2072 5031 loco

2177 4489 2422 4582 ἀφανοῦς
2440 4489 2649 4581 γένοιτο
2681 4513 2811 4582 ἡμῖν
2842 4512 2876 4581 ἡ
2904 4508 3190 4580 ὲπιμέλεια
3219 4505 3314 4561 τοῦ
3341 4501 3486 4565 Θεοῦ,
3507 4497 3596 4551 εἴτε
3615 4489 3684 4544 καὶ

2178 4604 2268 4658 διά
2302 4620 2445 4668 τινος
2489 4602 2598 4656 τῶν
2625 4599 2952 4673 σωματικῶν
2972 4617 2985 4631 ·
3014 4600 3051 4655 ἃ
3078 4597 3338 4659 πολλάκις
3368 4587 3682 4681 ἐνεργέστερον

2179 4697 2327 4768 ἡμᾶς
2373 4695 2496 4763 ἄγει
2523 4696 2602 4758 είς
2636 4691 2983 4763 συναίσθησιν
3002 4691 3101 4760 τῆς
3126 4688 3279 4759 παρὰ
3310 4686 3401 4739 τοῦ
3424 4678 3597 4768 κυρία)
3612 4678 3684 4742 χά-

2182 4765 2347 4856 ῥίτος.
2388 4783 2653 4847 Πολλάκις
2690 4783 2748 4837 δὲ
2791 4784 2887 4837 καὶ
2915 4781 3047 4852 πρὸς
3090 4778 3337 4833 παιδείαν
3364 4765 3682 4861 περιπεῠςόντξς

2177 4880 2297 4940 ταῖς
2323 4876 2516 4939 νόσοις,
2551 4874 2715 4945 μέρος
2764 4872 2868 4944 τῆς
2911 4870 3245 4932 παιδεύσεως
3283 4869 3373 4921 κα).
3396 4867 3485 4934 τὴν
3508 4858 3681 4960 διὰλῖιῦν

2179 4966 2451 5022 ἐπιπόνων
2464 4965 2759 5037 θεραπείαν
2779 4963 3079 5032 ὑποστῆναι
3105 4955 3455 5024 κατεδικάσθη
3462 4968 3563 5023 μεν.
3578 4947 3678 5001 Οὔτε

573 5178 617 5209 ⁸⁸
654 5177 857 5235 Jerem.
891 5195 1025 5246 vm,
1059 5181 1149 5237 22.
1226 5183 1270 5216 "
1305 5182 1374 5239 IV
1407 5175 1540 5258 Reg.
1574 5200 1679 5251 xx,
1720 5187 1768 5241 7.
1837 5188 1884 5220 ⁷⁸
1924 5188 2075 5245 lCor

2192 5232 2206 5255 ,
2244 5190 2331 5244 15.
2407 5191 2449 5221 ⁷⁸
2493 5187 2627 5242 Luc.
2663 5205 2732 5251 x,
2769 5188 2857 5242 54.
2933 5189 2978 5219 τ’
3017 5188 3085 5243 IV
3122 5187 3249 5258 Reg.
3286 5203 3388 5250 xx,
3446 5185 3488 5240 7.

571 5340 701 5419 (22)Δ
713 5341 773 5419 ip
799 5340 979 5399 Vossii
1009 5346 1178 5400 veteri
1202 5346 1345 5400 libro
1376 5360 1477 5417 pro
1505 5345 1850 5411 ὲπονειδίζων
1877 5348 2076 5419 legitur

502 5409 856 5474 ἑνονειδίζων.
1377 5409 1392 5417 ’
1754 5409 1765 5411 ἡ
1931 5409 1960 5419 ν

572 5480 685 5558 (25)
721 5480 1000 5558 Editiopes
1024 5493 1235 5558 veteres
1255 5493 1310 5539 et
1340 5485 1471 5558 Reg.
1502 5486 1780 5558 secundus
1807 5486 2073 5558 καὶίὰγῶ-

498 5565 591 5628 νος
611 5551 870 5628 ἐπιπόνου
888 5554 980 5628 ἢν,
1003 5556 1161 5628 male.
1179 5553 1405 5628 Veteres
1422 5551 1532 5628 {res
1554 5557 1677 5610 libri
1700 5566 1894 5628 praeter
1909 5551 2069 5616 voss.

502 5618 850 5702 gratarum-7:;
881 5618 1260 5702 ἐπιπόνου-ἥν,
1289 5618 1934 5702 recte._Statitn'antiqui
1963 5630 2072 5686 duo

506 5688 633 5746 libri
648 5703 773 5746 eum
800 5689 954 5750 Voss.
981 5688 1254 5769 ὑποσάλῂέ
1288 5694 1430 5752 Editi
1466 5695 1759 5772 ὑποϐάλλῃ.

2389 5349 2465 5431 Ed
2476 5351 2529 5405 ili
2548 5351 2613 5404 τὰ
2624 5368 2648 5431 ξ
2659 5351 2746 5405 ἐπ’
2762 5350 2950 5431 αὐτῇς.
2971 5351 3162 5431 Atduo
3179 5367 3311 5431 mss.
3326 5350 3420 5431 τὰς
3430 5348 3516 5431 ac?
3527 5337 3674 5431 αὺῇξξ

2253 5420 2366 5504 (9,5)
2400 5419 2531 5492 Reg.
2570 5421 2779 5504 primus:
2810 5422 2986 5504 ’ῑοῦτο-
3022 5421 3220 5504 "ﬁdem
3247 5420 3395 5503 C‘l'b'
3426 5419 3674 5504 ξάδξὲῖῗῗ

2178 5477 2512 5563 τραύματοςῖ
2554 5477 2716 5563 neque
2752 5491 2871 5546 huic
2897 5494 3214 5547 curationem
3244 5492 3328 5546 sui
3359 5486 3558 5543 vulneris
3576 5477 3675 5548 rei?

2179 5560 2327 5613 rebat
2356 5560 2642 5630 acceptam.

2389 5628 2533 5710 ᾖδε.
2562 5633 2784 5710 primus
2803 5632 3059 5710 δύνασθαι
3088 5633 3248 5710 ὑμᾶς.

2243 5696 2353 5779 (27)
2389 5696 2532 5757 Ιόθῖη
2563 5696 2700 5760 iussi
2735 5704 3064 5775 εὐχαρίστως
3089 5696 3477 5775 ὑποδεχώμεθα.
