3948 6240
281 375 423 432 1049

1419 387 1730 446 BEGULA‘J
1769 391 2022 450 FUSIUS
2062 396 2480 455 TBACTATIE.

3412 409 3551 462 1050

274 491 373 548 οὖν
398 495 588 568 τομὰς,
615 495 742 550 οὔτε
770 499 1013 563 καύσεις,
1067 501 1189 556 οὕτε
1219 503 1306 557 διὰ
1341 505 1449 578 (28)
1480 507 1588 561 τῶν
1619 509 1855 580 δριμέων

1963 513 2311 570 condemnati
2345 531 2559 572 sumus.
2586 516 2774 587 Itaque
2803 533 2984 590 neque
3025 521 3324 584 sectioues,
3374 537 3548 591 neque

275 589 378 640 καὶ
422 589 695 642 ἐπιπόνων
751 590 1056 660 φαρμάκων
1104 593 1420 666 ἀλγήματα,
1463 597 1588 652 οὔτε
1630 601 1864 665 ἀσιτίας,

273 679 402 732 οὔτε
439 678 650 750 διαίτης
695 681 896 753 ἀκριϐῆ
938 682 1132 756 μέτρα,
1165 685 1290 740 οὔτε
1323 689 1538 761 ἀποχὴν
1578 691 1688 744 τῶν
1717 693 1868 761 φθει-

280 774 488 840 ρόντων
512 775 896 844 παραιτεῖσθαι
922 779 1070 847 ἡμᾶς
1093 780 1122 831 ὁ
1154 780 1310 850 ὀρθὸς
1332 781 1487 850 λόγος
1516 785 1864 856 ὑπαγορεύει·

276 862 591 934 σωζομένου
621 865 806 935 (πάλιν
822 866 983 938 λέγω)
1021 869 1116 923 τοῦ
1157 873 1364 926 σκοποῦ
1392 875 1490 944 τῆς
1519 877 1661 930 κατά
1689 877 1866 950 ψυχὴν

273 953 568 1020 ὠφελείας,
594 955 670 1018 ὡς
715 959 772 1009 ἐν
795 958 1192 1030 ὑποδείγματος
1228 963 1369 1035 λόγῳ
1389 967 1487 1038 τὴν
1515 969 1713 1040 ἑαυτῆς
1742 974 1865 1025 ἑπι-

276 1045 503 1115 μέλειαν
547 1049 966 1122 παιδευομένης.
1009 1053 1266 1119 Κίνδυνος
1297 1058 1353 1111 δὲ
1393 1061 1489 1129 οὑχ
1521 1061 1550 1112 ὁ
1583 1062 1761 1132 τυχὼν
1788 1067 1868 1128 εἰς

273 1139 656 1210 μετεωρισμὸν
710 1143 808 1212 τὴν
836 1142 1073 1197 διάνοιαν
1105 1146 1382 1214 ἐκπεσεῖν,
1427 1152 1502 1215 ὡς
1542 1155 1742 1218 παντὸς
1773 1157 1870 1210 πά-

269 1229 410 1292 θους
451 1229 560 1281 τῶν
610 1229 671 1294 ἐξ
735 1231 984 1303 ἰατρικῆς
1034 1232 1399 1306 βοηθημάτων
1448 1241 1864 1312 προσδεομένου.

268 1318 350 1370 Ού
372 1319 484 1389 γὰρ
516 1319 692 1372 πάντα
736 1321 950 1391 φύσεώς
993 1326 1130 1378 είσιν
1178 1329 1614 1402 ἀρρωστήματα,
1655 1335 1774 1388 οὐδὲ
1803 1339 1867 1391 ἐκ

267 1407 637 1478 πλημμελοῦς
658 1410 1038 1482 διαίτηςήμῖν,
1075 1413 1108 1485 ἡ
1136 1432 1301 1469 τινων
1330 1419 1504 1472 ἄλλων
1538 1426 1866 1493 σωματικῶν

267 1501 460 1571 ἀρχῶν
493 1503 917 1574 προσ-γινόμενα,
950 1507 1085 1578 πρὸς
1131 1509 1276 1581 ἅπερ
1301 1512 1472 1566 ἐνίοτε
1514 1516 1731 1587 ὁρῶμεν
1768 1521 1867 1590 τὴν

273 1591 532 1662 ἰατρικὴν
560 1593 1023 1664 χρησιμεύουσαν.
1043 1597 1313 1664 Πολλάκις
1340 1601 1449 1673 γὰρ
1471 1606 1566 1657 καὶ
1603 1608 1866 1676 μάστιγες

268 1683 686 1754 ἁμαρτημάτων
719 1684 827 1735 εἰσὶ
853 1685 921 1738 τά
958 1687 1389 1760 ἀρρωστήματα,
1420 1696 1500 1758 είς
1530 1696 1866 1772 ἐπιστροφὴν

268 1773 682 1844 προσαγόμενα.
731 1776 839 1828 Ὃν
897 1775 1040 1846 γὰρ,
1108 1782 1306 1851 φησὶν,
1359 1785 1564 1854 ἀγαπᾷ
1624 1788 1863 1860 Κύριος,

265 1863 538 1918 παιδεύει
563 1879 577 1892 ·
609 1865 724 1928 καὶ,
752 1864 856 1919 Διὰ
876 1867 1051 1922 τοῦτο
1079 1870 1149 1922 ἐν
1178 1873 1320 1941 ὑμῖν
1345 1878 1563 1931 πολλοὶ
1589 1880 1867 1948 ἀσθενεῖς

265 1957 367 2009 καί
399 1956 719 2026 ἇρῤωστοι,
749 1957 847 2011 καὶ
885 1960 1206 2030 κοιμῶνται
1242 1967 1457 2022 ἱκανοί.
1491 1971 1561 2022 Ei
1598 1971 1706 2040 γὰρ
1732 1972 1868 2027 ἑαυ-

265 2049 413 2116 τοὺς
442 2050 818 2120 διεκρίνομεν
857 2054 989 2123 (29),
1020 2056 1131 2108 οὐκ
1166 2055 1242 2109 ἂν
1263 2058 1633 2128 ἐκρινόμεθα.
1658 2066 1868 2131 Κρινό-

256 2157 438 2210 μενοι
481 2141 552 2195 δὲ
593 2144 713 2198 ὑπὸ
746 2148 993 2215 Κυρίου,
1037 2147 1456 2218 παιδευόμεθα,
1491 2152 1592 2208 ἵνα
1633 2153 1719 2222 μὴ
1745 2155 1868 2210 σὺν

261 2229 349 2296 τῷ
390 2233 600 2303 κόσμῳ
650 2237 1112 2307 κατακριθῶμεν.
1141 2237 1280 2302 Τοὺς
1309 2234 1402 2293 οὖν
1433 2242 1705 2308 τοιούτους
1733 2247 1868 2316 ἡσυ-

263 2324 558 2393 χάζοντας,
587 2329 682 2380 καὶ
712 2331 1019 2401 ἀφεμένους
1054 2330 1161 2384 τῶν
1199 2333 1458 2403 ἰατρικῶν
1493 2337 1864 2408 ἐπιτηδευμά-

261 2434 400 2480 των,
432 2420 724 2490 ὑπομένειν
749 2422 855 2494 χρὴ
885 2421 953 2475 τὰ
972 2422 1308 2492 ὲπαγόμενα,
1340 2426 1468 2478 ὅταν
1503 2428 1864 2500 γνωρίσωμεν

263 2509 482 2563 ἑαυτῶν
517 2513 588 2564 τὰ
622 2512 1091 2585 πλημμελήματα,
1124 2517 1264 2568 κατά
1302 2516 1395 2569 τὸν
1437 2520 1697 2572 εἰπόντα’
1754 2523 1866 2590 Ὀρ-

263 2599 392 2668 τὴν
441 2602 665 2670 Κυρίου
705 2606 960 2670 ὺποίσω,
1002 2606 1091 2660 ὅτι
1121 2606 1388 2676 ἥμαρτον
1415 2611 1603 2676 αὐτῷ·
1639 2613 1732 2666 καὶ
1765 2615 1862 2684 τὴν

261 2692 558 2764 διόρθωσιν
591 2697 1022 2765 ἐπιδείκνυσθαι,
1054 2700 1142 2754 διά
1161 2701 1254 2754 τοῦ
1273 2707 1446 2757 ποιεῖν
1474 2704 1584 2775 (50)
1617 2708 1860 2777 καρποὺς

263 2784 458 2851 ἀξίους
509 2788 608 2860 τῆς
660 2791 969 2858 μετανοίας,
1005 2793 1100 2845 καὶ
1164 2795 1472 2865 μεμνῆσθαι
1515 2798 1608 2849 τοῦ
1651 2800 1858 2870 Κυρίου

263 2879 520 2944 εἰπόντος
541 2898 557 2911 ο
589 2881 721 2948 Ἴδε,
758 2884 933 2953 ὑγιὴς
971 2884 1221 2954 γέγονας
1253 2902 1264 2914 ’
1288 2888 1503 2956 μηκέτι
1536 2889 1856 2958 ἁμάρτανε,

1972 605 2258 669 ustiones,
2301 622 2483 676 neque
2522 608 2733 662 acrium
2775 611 3243 680 molestorumque
3280 613 3549 665 remedio-

1969 711 2092 750 rum
2140 699 2530 765 acerbitatem,
2577 715 2757 770 neque
2801 702 3045 765 inedias,
3091 718 3269 774 neque
3295 713 3547 759 exactam

1969 787 2145 844 diaetae
2172 797 2229 845 et
2260 790 2442 845 victus
2477 793 2745 846 rationem
2768 830 2784 855 ,
2817 809 2992 862 neque
3024 810 3206 848 rerum
3241 796 3548 850 exitialium

1969 882 2359 938 abstinentiam
2397 899 2427 938 a
2474 885 2634 939 nobis
2677 885 3046 955 repudiandas
3087 903 3208 942 esse
3235 898 3380 942 recta
3405 888 3549 942 ratio

1969 974 2194 1036 suadet,
2242 975 2396 1030 salvo
2433 983 2614 1030 tamen
2651 978 2669 1046 (
2697 992 2892 1032 rursus
2919 977 3086 1049 dico)
3119 981 3396 1048 proposito
3426 981 3548 1033 ani-

1969 1083 2072 1121 ma:
2099 1067 2390 1124 utilitatis.
2425 1069 2631 1139 quippe
2661 1072 2751 1124 cui
2797 1072 2901 1125 hoc
2939 1073 3249 1140 exemplum
3299 1073 3551 1142 proposi—

1969 1166 2084 1211 tum
2112 1159 2202 1222 sit,
2239 1167 2298 1213 ut
2331 1159 2464 1213 illud
2497 1162 2551 1215 in
2578 1164 2663 1215 sui
2698 1163 2871 1233 ipsius
2913 1165 3199 1217 curatione
3229 1165 3431 1216 imitari
3463 1165 3552 1217 di-

1969 1256 2108 1303 seat.
2139 1248 2452 1304 Periculum
2485 1261 2670 1307 autem
2699 1262 2787 1308 est
2816 1270 2926 1310 non
2957 1256 3263 1318 mediocre,
3297 1271 3365 1308 nc
3396 1271 3551 1310 mens

1970 1340 2026 1394 in
2057 1357 2301 1396 errorem
2349 1344 2588 1407 incidat,
2624 1348 2782 1414 quasi
2811 1348 2994 1402 omnis
3027 1349 3252 1403 morbus
3288 1347 3552 1402 subsidiis

1968 1433 2258 1488 medicina:
2291 1435 2582 1506 indigeret.
2634 1435 2752 1491 Non
2803 1438 2948 1491 enim
2996 1445 3208 1491 natura:
3249 1437 3553 1491 tribuenda:

1969 1533 2101 1578 sunt
2143 1526 2500 1595 aegritudines
2544 1542 2772 1590 omnes,
2817 1544 2997 1598 neque
3040 1544 3108 1583 ex
3143 1529 3342 1583 vitioso
3371 1529 3550 1591 victu,

1969 1624 2065 1669 aut
2111 1617 2238 1672 aliis
2285 1619 2618 1687 quibusdam
2661 1620 3050 1690 corporalibus
3077 1620 3362 1690 principiis
3395 1620 3549 1676 nobis

1969 1709 2235 1763 accedunt
2265 1729 2276 1764 :
2311 1711 2515 1780 quibus
2544 1711 2766 1781 quidem
2794 1712 3056 1766 curandis
3082 1712 3269 1766 utilem
3299 1727 3422 1767 esse
3449 1729 3555 1766 me-

1967 1797 2205 1853 dicinam
2239 1817 2638 1865 nonnunquam
2688 1802 2962 1858 videmus.
3011 1804 3165 1874 Same
3195 1805 3341 1858 enim
3375 1804 3551 1858 morbi

1969 1900 2096 1944 sunt
2129 1901 2479 1961 peccatorum
2528 1895 2774 1958 mulctae,
2811 1894 2880 1948 ad
2911 1894 3309 1951 convertendos
3343 1910 3444 1950 nos
3478 1896 3554 1947 ir-

1967 1993 2189 2054 rogataa.
2226 1985 2391 2052 Quem
2423 1988 2591 2054 enim,
2629 1988 2828 2059 inquit,
2861 1990 3036 2058 diligit
3068 1989 3350 2050 Dominus.
3384 1989 3550 2041 casti-

1966 2084 2058 2142 gat
2088 2075 2154 2127 ⁷³.
2190 2073 2356 2130 Item:
2393 2077 2522 2131 Ideo
2559 2079 2695 2133 inter
2727 2096 2815 2133 vos
2844 2080 3005 2133 multi
3037 2081 3238 2148 inﬁrmi
3260 2118 3276 2144 ,
3307 2088 3356 2132 et
3389 2080 3552 2132 imbe-

1968 2166 2112 2220 cilles
2131 2207 2148 2232 ,
2177 2177 2225 2221 et
2247 2167 2517 2223 dormiunt
2544 2171 2717 2226 multi.
2744 2171 2804 2226 Si
2826 2173 2962 2225 enim
2990 2173 3336 2240 nosmetipsos
3358 2170 3553 2240 dijudi-

1967 2274 2242 2322 carcmus,
2274 2277 2378 2313 non
2413 2263 2594 2330 utique
2624 2262 3016 2332 judicaremur.
3068 2263 3206 2316 Dum
3241 2261 3550 2333 judicamur

1966 2356 2163 2414 autem,
2192 2367 2223 2402 a
2259 2349 2479 2405 Domino
2502 2354 2844 2422 corripimur,
2867 2363 2924 2406 ut
2952 2370 3054 2408 non
3089 2371 3208 2408 cum
3231 2354 3328 2407 hoc
3354 2353 3550 2406 mundo

1963 2439 2280 2495 damnamur
2323 2443 2390 2501 ".
2421 2443 2586 2517 5.00
2612 2444 2979 2512 Quamobrem
3034 2448 3127 2516 qui
3175 2455 3303 2501 sunt
3353 2446 3548 2513 hujus-

1964 2535 2148 2604 modi,
2181 2537 2274 2590 ubi
2307 2546 2501 2592 nostra
2545 2540 2791 2609 ipsorum
2837 2539 3039 2594 delicta
3085 2539 3546 2608 c0gnoverimus.

1963 2643 2067 2682 usu
2095 2629 2384 2685 medicinae
2415 2633 2821 2701 praetermisso,
2859 2647 3050 2701 pmnas
3088 2633 3192 2686 sibi
3243 2633 3424 2686 illatas
3450 2631 3548 2685 de-

1961 2719 2091 2774 bent
2121 2721 2342 2776 silentio
2366 2723 2648 2793 perferre,
2673 2724 2833 2792 juxta
2865 2739 3024 2787 eum,
3057 2725 3152 2793 qui
3187 2723 3362 2789 dixit,
3397 2723 3544 2777 Iram

1959 2809 2177 2865 Domini
2201 2813 2446 2882 portabo,
2473 2817 2724 2884 quoniam
2753 2815 2960 2885 peccavi
2985 2817 3032 2868 ei
3062 2817 3107 2848 ⁷⁸
3135 2835 3146 2846 ο
3179 2825 3234 2869 ct
3264 2817 3338 2870 ita
3367 2831 3550 2870 emcn-

1960 2904 2089 2959 dare
2117 2920 2209 2969 se,
2241 2913 2298 2958 ut
2323 2906 2522 2976 dignos
2554 2909 2891 2977 paenitentiae
2924 2908 3139 2963 fructus
3171 2909 3339 2962 edant
3369 2927 3380 2961 :
3416 2911 3545 2961 item

262 2971 472 3041 ἵναμὴ
504 2973 708 3042 χεῖρόν
734 2977 792 3028 τί
815 2992 911 3029 σοι
944 2976 1207 3045 γένηται.
1235 2979 1451 3034 Γίνεται
1485 2982 1598 3052 (51)
1630 2982 1688 3035 δέ
1725 3001 1855 3036 ποτε

1963 2999 2274 3053 meminisse
2325 2999 2566 3065 Domini,
2616 3003 2710 3071 qui
2758 3001 2901 3056 dixit
2939 3023 2950 3057 :
2994 3001 3126 3056 Ecce
3157 3018 3320 3055 sanus
3373 3002 3547 3071 [actus

260 3064 364 3116 καὶ
396 3065 540 3119 κατά
576 3065 854 3136 ὲξαίτησιν
891 3068 982 3121 τοῦ
1035 3071 1296 3141 πονηροῦ,
1332 3071 1521 3144 ὥσπερ
1547 3075 1854 3146 ἀγωνιστὴν

1963 3106 2010 3143 es
2034 3104 2050 3142 :
2073 3091 2190 3158 jam
2219 3090 2330 3143 ηοίὶ
2357 3107 2574 3159 peccare
2593 3132 2607 3157 ,
2636 3110 2698 3147 ne
2725 3094 2956 3148 deterius
2987 3095 3080 3147 tibi
3110 3093 3316 3164 aliquid
3339 3094 3547 3147 contin—

265 3155 471 3224 μέγαν,
526 3159 915 3226 συγκαθιέντος
957 3162 1110 3232 αὑτῴ
1142 3167 1222 3227 είς
1256 3163 1347 3218 τὸν
1390 3166 1578 3234 ἀγῶνα
1617 3167 1713 3221 τοῦ
1762 3187 1854 3237 φι-

1963 3192 2048 3250 gat
2074 3155 2144 3236 i".
2181 3155 2452 3236 Accidunt
2497 3193 2680 3240 autem
2722 3188 2885 3241 ctiam
2928 3187 3228 3257 aliquando
3270 3185 3546 3254 aegritudi-

258 3245 597 3320 ὶανθρώπου
621 3253 916 3316 Δεσπότου,
943 3255 1148 3325 καὶτὴν
1179 3256 1550 3328 μεγαλαυχίαν
1577 3260 1740 3313 αὑτοῦ
1771 3261 1858 3314 διὰ

266 3340 368 3408 τῆς
397 3343 478 3404 εἰς
511 3341 681 3414 ἄκρον
735 3343 1014 3414 ὑπομονῆς
1039 3344 1146 3397 τῶν
1193 3346 1394 3400 δούλων
1437 3349 1631 3402 ἑαυτοῦ
1663 3350 1857 3405 καθαι-

266 3431 529 3502 ροῦντος·
577 3435 716 3506 ὅπερ
756 3436 850 3488 ἐπὶ
897 3436 993 3488 τοῦ
1045 3435 1166 3489 Ἰὼϐ
1199 3437 1492 3508 γενόμενον
1529 3440 1857 3512 μεμαθήκα-

264 3541 392 3593 μεν.
420 3525 492 3578 Ἦ
531 3527 625 3580 κα)⁸
653 3527 734 3590 είς
772 3527 1082 3599 ὑπόδειγμα
1135 3531 1250 3592 τοῖς
1291 3531 1650 3602 ἀφερεπόνοις
1713 3551 1856 3604 παρ-

259 3620 499 3686 ἀγονται
559 3621 666 3674 ὑπὸ
714 3621 809 3674 ’ιοῦ
865 3622 1001 3676 Θεοῦ
1031 3625 1080 3676 οἱ
1112 3623 1404 3694 δυνάμενοι
1430 3626 1590 3697 μέχρι
1623 3627 1855 3682 θανάτου

259 3713 676 3784 ἐγκαρτερῆσαι
729 3718 844 3777 τοῖς
897 3715 1195 3783 ἀλγεινοῖς·
1253 3717 1328 3781 ὡς
1364 3720 1392 3771 ὁ
1439 3719 1719 3791 Λάζαρος,
1771 3721 1849 3786 ὃς,

257 3803 535 3867 τοιούτοις
585 3805 768 3858 ἕλκεσι
838 3809 1218 3878 συνεχόμενος,
1259 3805 1498 3881 οὐδαμοῦ
1544 3812 1853 3885 γέγραπται

259 3893 390 3948 οὔτε
407 3896 638 3967 αἰτήσας
655 3913 708 3948 τι
734 3897 825 3949 τὸν
851 3897 1105 3951 πλούσιον
1124 3900 1262 3966 (52),
1291 3899 1413 3954 οὔτε
1433 3901 1854 3976 δυσαρεστηθεὶς

257 3988 378 4047 τοῖς
430 3983 695 4056 παροῦσι·
733 3985 811 4037 διὸ
850 3985 942 4039 καὶ
980 3985 1139 4057 ἔτυχε
1177 3988 1275 4058 τῆς
1318 3989 1376 4040 ὲν
1421 3989 1498 4060 τῷ
1543 3991 1728 4061 κόλπῳ
1757 3991 1850 4044 τοῦ

274 4076 536 4149 Ἀϐραὰμ
566 4077 945 4143 ἀναπαύσεως,
985 4079 1060 4142 ὡς
1102 4078 1392 4133 ἀπολαϐὼν
1419 4081 1486 4133 τά
1522 4082 1669 4134 κακά
1703 4084 1760 4135 ὲν
1781 4087 1846 4155 τῇ

261 4171 380 4244 ζωῇ
415 4171 604 4227 αὑτοῦ.
640 4171 888 4243 Εὖρομεν
929 4173 986 4226 δὲ
1023 4175 1118 4227 καὶ
1164 4175 1331 4244 ἄλλην
1363 4177 1543 4230 αἰτίαν
1565 4179 1851 4252 ἀρρωστη-

264 4267 458 4336 μάτων
481 4267 592 4328 τοῖς
621 4265 796 4332 ἁγίοις
849 4263 1275 4334 συμϐαίνουσαν,
1319 4267 1394 4330 ὡς
1431 4270 1523 4322 ἐπὶ
1547 4273 1640 4323 τοῦ
1688 4272 1848 4325 Ἀπο-

261 4357 478 4411 στόλου.
512 4357 631 4410 Ἵνα
682 4355 790 4427 γὰρ
826 4358 900 4427 μὴ
927 4357 1052 4428 δόξῃ
1089 4359 1439 4430 ὑπερϐαίνειν
1469 4363 1560 4417 τὸν
1590 4365 1713 4435 ὅρον
1748 4366 1848 4435 τῆς

260 4450 615 4520 ἀνθρωπίνης
631 4449 868 4520 φύσεως,
887 4451 980 4503 καὶ
1000 4452 1073 4521 μή
1096 4469 1180 4516 τις
1193 4453 1352 4507 αὑτὸν
1368 4453 1646 4526 λογίσηται
1662 4458 1772 4527 (55)
1790 4462 1848 4514 ἐν

1963 3288 2060 3327 nes
2088 3313 2103 3337 ,
2133 3274 2443 3342 postulante
2471 3275 2692 3331 diabolo
2712 3321 2726 3339 ,
2757 3293 2881 3332 cum
2910 3280 3123 3333 scilicet
3155 3279 3422 3346 benignus
3451 3275 3548 3327 Do-

1960 3362 2145 3419 minus
2179 3364 2416 3434 aliquem
2445 3367 2596 3420 velut
2625 3369 2862 3438 pugilem
2894 3385 3150 3440 magnum
3183 3385 3306 3423 cum
3339 3368 3459 3438 ipso
3489 3368 3543 3420 in

1959 3462 2238 3509 certamen
2285 3457 2616 3524 committit,
2666 3467 2721 3513 et
2759 3459 3080 3529 jactantiam
3126 3460 3299 3531 ipsius
3330 3474 3540 3514 summa

1956 3559 2240 3600 servorum
2275 3563 2503 3602 suorum
2533 3551 2829 3605 tolerantia
2855 3551 3113 3622 deprimit
3139 3571 3151 3603 :
3180 3551 3326 3622 quod
3355 3551 3409 3602 iu
3438 3549 3540 3603 Job

1958 3634 2162 3690 factum
2196 3636 2371 3693 fuisse
2403 3638 2704 3696 didicimus
2735 3643 2804 3695 ⁷⁷.
2837 3643 2947 3695 Aut
2987 3643 3153 3695 etiam
3199 3643 3268 3697 iis
3301 3641 3392 3710 qui
3426 3654 3543 3692 ma-

1957 3726 2133 3780 lorum
2167 3728 2527 3784 iutolerantes
2557 3739 2725 3795 sunt,
2776 3733 2831 3786 in
2859 3733 3166 3802 exemplum
3198 3747 3228 3786 a
3261 3732 3372 3785 Deo
3416 3745 3544 3800 pro-

1953 3828 2234 3888 ponuntur
2278 3823 2537 3891 quidam,
2582 3825 2678 3894 qui
2719 3824 2950 3880 adversa
2990 3825 3057 3880 ad
3107 3835 3336 3882 mortem
3367 3839 3553 3893 usque

1953 3922 2372 3981 perseveranter
2413 3915 2648 3970 tolerare
2687 3925 3020 3986 potuerunt,
3066 3917 3218 3972 velut
3259 3915 3552 3980 Lazarus,

1952 4007 2044 4076 qui
2075 4021 2199 4060 cum
2230 4017 2307 4061 tot
2330 4015 2384 4063 et
2412 4008 2615 4063 talibus
2639 4009 2918 4064 ulceribus
2946 4009 3302 4064 aﬂlictaretur
3322 4008 3390 4074 ⁷⁸,
3415 4024 3548 4064 nus--

1952 4114 2118 4169 quam
2163 4108 2346 4155 tamen
2391 4102 2653 4157 scribitur
2682 4102 2984 4173 quidquam
3031 4103 3101 4156 ab
3131 4103 3224 4158 illo
3247 4101 3416 4156 divite
3445 4111 3538 4154 aut

1951 4193 2214 4260 petivisse
2233 4236 2248 4256 ,
2279 4201 2375 4248 aut
2404 4210 2686 4250 morosum
2717 4210 2778 4251 se
2807 4195 3130 4266 praestitisse
3159 4203 3214 4250 et
3247 4195 3536 4251 molestum

1952 4285 2022 4338 ob
2049 4293 2370 4354 praesentem
2398 4303 2582 4341 rerum
2614 4295 2838 4342 statum.
2889 4286 3228 4357 Quapropter
3249 4294 3548 4342 assecutus.

1950 4383 2035 4432 est
2058 4379 2302 4448 requiem
2327 4379 2382 4432 in
2409 4380 2532 4435 sinu
2556 4379 2788 4434 Abrahae
2805 4422 2818 4447 ,
2841 4387 3102 4449 tanquam
3127 4379 3216 4449 qui
3242 4380 3535 4449 recepisset

1953 4467 2092 4520 mala
2125 4468 2179 4522 in
2217 4469 2326 4523 vita
2355 4486 2455 4526 sua
2487 4472 2554 4526 '9.
2612 4470 2936 4542 Quanquam
2970 4480 3026 4527 et
3057 4472 3285 4525 aliorum
3327 4470 3543 4524 morbo-.

261 4544 332 4612 τῇ
363 4544 569 4612 φυσικῇ
601 4544 913 4612 κατασκευῇ
943 4541 1085 4612 ἔχειν
1110 4559 1162 4596 τι
1183 4546 1440 4616 περισσὸν
1465 4548 1620 4620 (ὅπερ
1653 4549 1853 4605 ἔπαθον

1963 4573 2074 4611 rum
2105 4574 2326 4615 causam
2357 4563 2410 4615 in
2442 4563 2647 4617 sanctis
2675 4562 2992 4632 contingere
3020 4562 3322 4632 reperinms
3343 4601 3356 4626 ,
3389 4562 3547 4613 velut

262 4636 313 4688 οιί
338 4633 638 4696 Λυκάονες,
681 4633 965 4702 στέμματα
1013 4635 1108 4687 καὶ
1140 4636 1374 4708 ταύρους
1421 4641 1846 4712 προσάγοντες),

260 4730 346 4792 είς
375 4725 721 4796 παράστασιν
769 4727 866 4795 τῆς
916 4726 1263 4800 ἀνθρωπίνης
1300 4730 1534 4799 φύσεως,
1570 4735 1634 4805 τῇ
1665 4735 1848 4807 ὰρῤω-

263 4821 388 4890 orig.
424 4819 590 4889 συνῆν
611 4818 869 4890 διαρκῶς.

1953 4647 2009 4702 in
2041 4649 2322 4720 Apostolo.
2356 4651 2592 4719 Etenim,
2624 4669 2692 4708 ne
2715 4660 2924 4707 natura:
2945 4653 3231 4706 terminum
3260 4650 3545 4704 videretur

1953 4744 2221 4798 excedere
2246 4785 2261 4809 ,
2295 4760 2434 4800 neve
2464 4746 2738 4815 quispiam
2771 4744 3132 4800 arbitraretur
3157 4758 3280 4796 eum
3311 4751 3536 4796 natura-

1957 4834 2082 4887 liter
2132 4836 2337 4905 aliquid
2391 4838 2554 4892 solito
2600 4839 2778 4907 majus
2828 4845 2882 4892 et
2930 4836 3286 4890 excellentius
3335 4834 3544 4888 habere

259 4924 275 4983 (
303 4917 450 4988 quod
479 4916 656 4970 visum
689 4921 774 4968 est
804 4914 1185 4986 Lycaonibus,
1217 4920 1311 4990 qui
1343 4920 1392 4975 ei
1421 4931 1656 4977 coronas
1684 4915 1930 4985 obtulere
1979 4940 2032 4986 et
2080 4939 2270 4987 tauros
2294 4933 2339 4965 ⁸ο
2363 4933 2379 5005 )
2401 4976 2418 5001 ,
2475 4934 2682 4989 idcirco
2737 4934 2803 4988 ad
2852 4931 3236 4988 declarandam
3281 4937 3537 4984 naturam

255 5019 555 5068 humanam
577 5010 783 5081 jugiter
809 5027 934 5066 cum
961 5014 1284 5084 agritudiue
1309 5016 1737 5074 conﬂictabatur.

327 5180 373 5211 ⁷³
413 5178 570 5232 Prov.
613 5194 709 5240 Ill,
751 5178 837 5231 12.
915 5178 960 5209 ⁷⁵
1001 5176 1178 5231 lCor.
1223 5195 1273 5232 xl
1301 5220 1316 5242 ,
1355 5180 1423 5233 50
1451 5178 1540 5234 '52.

256 5266 378 5314 ni,
416 5248 506 5303 20.
582 5249 628 5280 "
668 5249 799 5303 ibid.
836 5247 1036 5314 22,95.
1113 5249 1159 5279 ⁸ο
1197 5251 1317 5303 Act.
1356 5267 1468 5316 xw,
1510 5252 1594 5304 1‘2.

327 5416 437 5485 (28)
475 5414 616 5470 Editi
646 5417 706 5468 οὑ
742 5415 810 5469 τὰ
844 5415 950 5469 διά.
996 5416 1065 5470 Αῑ
1104 5433 1236 5471 mss.
1272 5417 1381 5470 duo
1413 5417 1536 5472 οὔτε
1581 5419 1690 5473 διά.
1721 5421 1837 5473 Ali-

255 5497 463 5553 quanto
495 5494 619 5556 post
656 5487 709 5540 iu
745 5485 924 5541 Vossii
955 5487 1122 5542 veteri
1170 5488 1310 5542 libro
1337 5497 1594 5560 corrupte
1642 5491 1840 5561 legitur

256 5555 378 5608 οὔτε
405 5557 675 5608 ἀποόογὴν
703 5556 813 5608 τῶν
839 5557 930 5608 φθ.

256 5557 378 5609 οὔτε
405 5557 675 5627 ἀποδοχὴν
703 5557 813 5608 τῶν
839 5557 930 5625 φθ.

471 5625 627 5706 guns
653 5642 786 5706 mss.
821 5627 1046 5706 ἑαυτοὺς
1080 5626 1388 5706 ξκρίνομεν.

323 5697 438 5763 (30)
471 5696 696 5752 Veteres
717 5698 827 5750 duo
861 5698 983 5751 libri
1017 5697 1104 5749 διὰ
1131 5696 1192 5750 τὸ
1217 5696 1409 5751 ποιεῖν.

325 5767 437 5840 (ξι)
462 5765 558 5840 Sic
585 5780 720 5840 mss.
744 5768 854 5821 duo
876 5775 1070 5837 praeter
1091 5766 1571 5840 couilmtisianum.
1599 5769 1739 5825 Editi
1763 5771 1842 5840 γί-

263 5836 466 5891 νετθαι.
498 5837 618 5894 Mox
647 5837 778 5909 Reg.
814 5836 1022 5909 primus
1045 5845 1096 5894 et
1127 5836 1288 5893 Voss.
1322 5838 1510 5909 ὥσπερ
1543 5840 1668 5912 γάρ.

1640 5182 1686 5213 ⁷⁵
1727 5182 1888 5237 illich.
1927 5202 2037 5248 vn,
2072 5184 2123 5238 9.

2235 5184 2279 5214 "
2318 5182 2478 5236 Joan.
2521 5199 2572 5249 ν,
2611 5181 2695 5234 H.
2805 5182 2847 5211 "
2889 5177 2994 5235 Job
3030 5195 3066 5233 ll
3094 5220 3108 5240 .
3143 5177 3198 5234 ϐ.
3310 5176 3357 5207 ’⁸
3395 5175 3536 5233 Luc.

2018 5420 2129 5490 (3'2)
2159 5417 2303 5490 Editi
2317 5425 2378 5490 et
2403 5432 2544 5470 unus
2575 5433 2676 5490 ms.
2707 5434 2758 5468 τι
2787 5415 2878 5468 τὸν
2907 5413 3226 5490 ask-nciam}
3259 5412 3526 5490 promimn,

1945 5481 2205 5557 corrupte
2246 5489 2400 5541 Alius
2416 5503 2519 5557 ms.
2546 5485 2818 5548 πλούσιον,
2834 5481 3140 5540 emenda-te.
3159 5482 3342 5537 Codex
3368 5481 3525 5536 Voss.

1946 5556 2186 5614 τοιοῦτον
2208 5558 2298 5611 τὸν
2333 5556 2604 5610 πλούσιον.

2021 5631 2132 5698 (55)
2157 5631 2286 5697 llcg.
2314 5629 2523 5695 primus
2551 5626 2847 5692 λογίσαιτο,
2882 5623 3058 5698 Vossii
3085 5631 3239 5698 vetus
3263 5622 3398 5698 liber
3420 5621 3525 5698 ἕλοι

1947 5691 2160 5769 γίσατο.
2199 5691 2392 5752 δῖθιῖιιι
2429 5707 2540 5752 tres
2577 5691 2715 5769 mss.
2747 5703 2944 5769 praeter
2975 5692 3298 5769 Voser'Jtsp
3327 5691 3527 5769 ἔπαθον

1946 5763 1995 5823 οἱ
2024 5772 2158 5823 Λυκ.
2189 5769 2319 5839 Reg.
2348 5769 2542 5839 tertius
2572 5777 2624 5821 et
2655 5763 2782 5839 editi
2807 5765 2996 5839 ᾤσπερ
3019 5765 3085 5817 οἱ.
3112 5763 3219 5817 Nec
3254 5763 3529 5839 ita_i_uulto

1950 5851 2069 5911 post
2101 5834 2569 5910 ϐοηλστέμματα
2603 5838 2692 5890 καὶ
2721 5834 2978 5908 τράγους,
3011 5851 3230 5890 coronat
3253 5844 3300 5889 et
3324 5834 3524 5886 hircos.
